4072 6430
941 688 2791 866 PROLEGOMENA.

1452 1185 2292 1284 DISSERTATIO

568 1429 714 1514 DE
841 1425 1391 1515 OPERIBUS
1522 1426 1613 1512 S.
1748 1423 2251 1510 DIONYSII
2357 1429 3145 1531 AREOPAGIT/E,

648 1633 753 1711 (D.
779 1629 863 1714 Ls
883 1628 1149 1715 Nouaar,
1182 1634 1538 1716 Apparatus
1566 1628 1645 1696 ad
1665 1628 1833 1695 Bibl.
1864 1646 2035 1695 mox.
2058 1631 2322 1712 Parisiis,
2350 1634 2527 1714 1703,
2560 1635 2793 1715 in-fol.,
2820 1655 2880 1718 p.
2921 1636 3089 1718 169.)

699 1903 942 1970 CAPUT
987 1905 1288 1971 PRIMUM

322 1994 604 2075 Analysis
634 1997 909 2059 omnium
944 1997 1008 2060 S.
1046 1998 1324 2076 Dionysii
1356 1994 1655 2075 Operam.

234 2084 341 2164 §I.
369 2084 551 2147 Liber
567 2086 640 2148 de
660 2086 888 2148 caelesti
906 2085 1279 2148 hierarchia.
1318 2121 1393 2132 -—
1420 2079 1829 2147 Primusliber
1911 2079 3056 2159 ctahant,ditlicultatesenodatetsolvit
3076 2092 3229 2171 (cap.
3258 2089 3568 2169 12),nimi-

153 2173 423 2257 Dionysii
445 2176 835 2256 Areopagitae
861 2175 1103 2239 nomine
1128 2171 1828 2262 inscriptus,titulumDe
1914 2190 2043 2232 rum
2079 2193 2185 2235 cur
2236 2179 2554 2260 episcopus
2588 2181 2819 2242 dicatur
2842 2182 3089 2262 angelus
3116 2179 3354 2243 Domini
3377 2178 3565 2240 omni-

147 2265 393 2327 ccelesti
424 2265 777 2328 hierarchs‘a
803 2268 1063 2347 prastvrt,
1094 2267 1284 2347 isque.
1316 2267 1468 2328 sicut
1492 2273 1549 2327 et
1572 2263 1669 2325 alii
1695 2261 1829 2323 sub-
1916 2264 2193 2347 potentis,
2229 2286 2337 2328 cur
2369 2288 2439 2331 ex
2491 2261 2955 2350 Seraphinorum
3020 2271 3232 2332 ordine
3289 2288 3444 2331 unus
3488 2268 3562 2330 ad

156 2364 485 2436 sequentes
502 2350 1821 2437 Timotheosympresbyteronuncupatur.Ab
1906 2352 2119 2414 Isaiam
2156 2356 2373 2419 missus
2405 2359 2608 2432 fuerit,
2663 2370 3039 2442 quantusque
3071 2361 3150 2423 sit
3196 2360 3559 2439 Angelorum

157 2445 289 2526 ipso
341 2455 545 2508 autem
610 2445 791 2525 hujus
854 2446 992 2507 libri
1029 2447 1276 2508 exordio
1306 2451 1466 2526 (cap.
1502 2446 1561 2524 1)
1616 2451 1825 2505 auctor
1910 2460 2196 2531 numerus
2246 2456 2394 2528 (cap.
2434 2449 2562 2527 t3).
2621 2449 2891 2529 Denique
2922 2458 3070 2531 (cap.
3106 2452 3205 2527 14)
3256 2447 3563 2529 corporeis

159 2554 403 2596 omnem
437 2535 639 2598 lucem
670 2554 702 2597 a
734 2532 858 2597 Deo
891 2538 1063 2598 Patre
1094 2536 1169 2598 ad
1205 2554 1314 2597 nos
1371 2533 1626 2596 derivari
1685 2551 1821 2614 pro-
1908 2529 2292 2612 imaginibus;
2320 2534 2537 2617 quibus
2560 2540 2757 2619 angeli
2780 2543 2838 2601 in
2872 2529 3181 2619 Scriptura
3202 2540 3560 2619 ﬁgurantur,

153 2626 375 2699 fessus,
412 2624 486 2687 ad
515 2643 690 2688 suum
724 2626 799 2687 de
830 2625 1011 2687 rebus
1041 2626 1415 2699 cmlestibus,
1437 2625 1629 2704 iisque
1662 2624 1822 2683 dim-
1910 2620 2254 2699 singillatim
2278 2625 2612 2709 explicatis,
2647 2629 2867 2699 tibrnm
2897 2628 3171 2693 absolvit.

153 2716 423 2788 cillimis,
457 2717 563 2777 sed
610 2734 750 2797 quae
776 2716 1187 2778 materialibus
1209 2725 1267 2777 et
1289 2716 1594 2797 corporeis
1617 2712 1820 2775 adum-
1985 2712 2013 2790 §
2042 2710 2110 2773 ll.
2142 2713 2322 2776 Liber
2343 2718 2414 2777 de
2434 2718 2839 2782 ecclesiastica
2866 2719 3240 2781 hierarchia.
3268 2755 3342 2765 —
3362 2716 3427 2780 In
3462 2718 3561 2779 illo

155 2804 344 2867 bratze
376 2814 573 2881 erant,
597 2814 1015 2885 argumentum
1043 2823 1178 2868 cum
1205 2824 1271 2867 ex
1300 2803 1605 2884 Scriptura
1628 2822 1818 2876 sacra,
1906 2804 2105 2881 priore
2124 2803 2275 2864 libro
2297 2806 2752 2888 alterius,quem
2790 2810 2875 2871 De
2895 2811 3303 2871 ecclesiastica
3324 2808 3560 2869 hieror-

153 2904 282 2956 tum
315 2915 394 2957 ex
423 2894 723 2972 Patribus,
758 2896 1074 2975 implorata
1106 2896 1270 2976 prius
1302 2895 1523 2958 Christi
1582 2892 1820 2955 Domini
1902 2891 2406 2976 chiainscriptum
2432 2897 3035 2962 voluit.fundamenta
3050 2899 3557 2980 quidemjecerat;

153 3003 291 3064 ape,
333 2986 707 3047 tractandum
740 2987 1108 3063 aggreditur.
1145 2985 1516 3065 Quapropter
1558 2988 1716 3065 (cap.
1754 2987 1813 3059 2)
1899 2982 2003 3044 sed
2039 2983 2169 3063 ipse
2201 2984 2316 3046 nisi
2343 2986 2638 3048 Timothei
2664 2989 2945 3069 precibus
2984 2990 3195 3064 victus,
3229 3007 3469 3049 manum
3504 2989 3561 3050 ei

150 3074 277 3149 ille,
304 3076 457 3136 facta
487 3075 687 3155 operis
718 3076 812 3135 sui
840 3075 1282 3148 distributione,
1320 3075 1577 3156 primum
1598 3072 1813 3156 daperit
1896 3089 1962 3133 se
1998 3092 2116 3134 non
2150 3074 2486 3138 admovisse
2519 3078 2890 3143 testiﬁcatur.
2935 3080 3089 3143 Huic
3120 3086 3316 3140 autem
3349 3076 3557 3140 Timo-

150 3182 261 3226 cur
291 3166 606 3246 Scriptura
636 3165 839 3227 divina
866 3166 1116 3245 angelos
1149 3165 1354 3243 ﬁguris
1389 3165 1538 3227 adeo
1572 3164 1809 3242 ignobi-
1898 3163 2058 3236 theo,
2097 3182 2170 3224 ne
2204 3165 2482 3245 mysteria
2515 3176 2716 3229 nostra
2741 3188 2858 3231 non
2881 3168 3129 3232 initiatis
3156 3166 3553 3249 aperiat,cum

149 3254 335 3329 libus,
367 3264 555 3335 atque
586 3254 659 3317 ab
693 3273 901 3317 eorum
934 3264 1145 3317 natura
1174 3264 1288 3317 tam
1317 3254 1553 3335 alienis,
1588 3254 1810 3336 ubique
1835 3312 1869 3339 η
1894 3266 1926 3310 a
1952 3249 2211 3339 librisui
2243 3252 2537 3334 principio
2568 3257 2776 3320 sedulo
2836 3260 3220 3339 praecepisset
3270 3265 3425 3338 (cap.
3464 3263 3545 3336 1),

1834 1903 1873 1951 Α
1901 1899 2051 1991 sitias
2099 1904 2294 1969 ordini
2324 1908 2632 1989 peculiare
2665 1917 2777 1991 est,
2814 1910 3161 1991 promiscue
3196 1909 3561 1973 vocitantur.

1910 1989 2238 2057 Nonnullas
2259 2007 2484 2076 postea,
2514 2019 2648 2081 quae
2675 1989 3195 2082 adargumeutum
3220 2019 3392 2062 suum
3424 2018 3566 2079 spe-

151 3345 328 3406 nobis
357 3354 776 3425 repraesentet.
811 3344 960 3407 Tum
997 3345 1152 3427 (cap.
1195 3346 1253 3427 3)
1290 3365 1529 3409 omnem
1565 3345 1808 3407 univer-

148 3437 260 3497 sim
297 3435 701 3498 hierarchiam
735 3436 942 3498 deﬁnit
966 3436 1315 3514 dividitque
1353 3456 1368 3513 ;
1415 3455 1481 3498 ac
1512 3436 1648 3519 quis
1682 3436 1814 3517 ejus

149 3525 289 3587 ﬁnis
320 3536 379 3589 et
401 3544 649 3607 scapus,
681 3544 935 3607 qumque
993 3525 1116 3587 sint
1172 3527 1304 3607 ejus
1356 3526 1698 3587 functiones
1753 3533 1814 3588 et

149 3614 358 3677 munia
415 3615 728 3678 enucleate
780 3615 1172 3680 demonstrat.
1231 3615 1384 3677 Hinc
1442 3624 1603 3696 (cap.
1640 3616 1705 3694 4)
1736 3615 1809 3677 ad

150 3704 339 3786 ipsius
357 3705 647 3785 angelicae
673 3705 1026 3769 trierarchis:
1040 3705 1492 3787 explicationem
1511 3704 1811 3787 transit,et

149 3796 417 3858 ostendit
440 3795 631 3858 Deum
663 3814 698 3858 a
728 3795 892 3858 nulla
910 3806 1185 3859 creatura
1207 3795 1599 3861 excellentius
1622 3795 1810 3876 parti-

149 3886 334 3965 cipari
367 3904 543 3967 quam
579 3885 651 3947 ab
684 3886 951 3965 angelis;
989 3886 1091 3968 qui
1122 3886 1365 3965 quidem
1398 3886 1536 3963 quia
1568 3885 1714 3948 alios
1746 3884 1808 3947 in

148 3974 471 4038 divinitatis
494 3977 901 4056 cognitionem
927 3977 1251 4051 adducunt,
1281 3976 1421 4039 ideo
1443 3976 1545 4037 illo
1569 3976 1809 4055 angelo-

146 4082 277 4127 rum
302 4066 708 4129 nominesunt
732 4068 1161 4148 donati.Atque
1185 4068 1295 4129 hac
1319 4067 1453 4130 data
1469 4067 1805 4148 occasione,

147 4155 322 4217 docet
356 4174 567 4218 eorum
632 4155 971 4219 ministerio
1032 4175 1150 4219 non
1212 4156 1404 4219 solum
1466 4157 1697 4219 divinas
1749 4158 1806 4217 in

146 4246 349 4307 Veteri
385 4247 772 4308 Testamento
803 4247 1069 4309 visiones
1099 4244 1398 4309 exhibitas
1459 4244 1663 4321 fuisse,
1701 4246 1805 4308 sed

146 4334 370 4397 Christi
401 4336 583 4397 etiam
615 4334 1094 4399 lncarnationem
1117 4336 1177 4397 ln
1196 4335 1621 4399 NowFosdere
1637 4336 1809 4399 nobis

146 4426 589 4488 annuntiatam.
608 4424 865 4507 Exponit
886 4426 1138 4507 insuper
1158 4429 1317 4507 (cap.
1345 4427 1404 4505 5)
1430 4444 1533 4489 cur
1555 4427 1729 4507 angcl
1746 4450 1804 4488 ›-

144 4532 271 4576 rum
308 4534 563 4596 nomen,
622 4516 781 4598 quod
834 4516 1045 4579 ultimo
1097 4517 1429 4579 caelestium
1485 4516 1801 4597 spirituum

147 4604 350 4667 ordini
376 4606 691 4685 speciatim
716 4606 1800 4684 convenit,caeterisindiscriminatim

1898 3337 2165 3401 ostendit
2195 3360 2308 3422 quo
2343 3361 2413 3405 ex
2442 3344 2606 3407 fonte
2633 3337 2966 3409 hierarchia
2991 3337 3397 3409 ecclesiastica
3419 3345 3548 3407 illu-

1897 3427 2219 3490 stratiunes
2250 3448 2386 3493 suas
2415 3434 2668 3516 hauriat,
2704 3436 2763 3497 in
2798 3456 2912 3517 quo
2945 3456 3081 3498 cum
3118 3435 3346 3498 caelesti
3398 3455 3546 3497 con-

1898 3516 2117 3598 veniat,
2150 3518 2237 3579 vel
2274 3520 2343 3581 ab
2373 3540 2444 3583 ea
2474 3516 2961 3605 discrepet,iquze
2985 3526 3061 3587 sit
3093 3526 3224 3604 ejus
3255 3525 3543 3602 deﬁnitio,

1897 3609 2255 3690 principium
2291 3619 2349 3673 et
2376 3612 2536 3694 ﬁnis,
2568 3633 2635 3678 ac
2667 3616 2907 3677 tandem
2940 3636 3049 3678 cur
3100 3616 3199 3677 illa
3261 3615 3548 3697 symbolis

1897 3699 2218 3781 ﬁgurisque
2264 3704 2571 3782 corporeis
2609 3704 2795 3767 velata
2832 3705 3003 3766 nobis
3034 3706 3323 3768 tradatur.
3368 3708 3542 3767 Post-

1894 3790 2019 3853 hsec
2052 3791 2123 3852 ad
2158 3789 2390 3871 singula
2416 3811 2543 3872 qum
2582 3794 2655 3855 ad
2689 3813 2819 3857 eam
2852 3804 3150 3876 spectant,
3187 3795 3431 3876 propius
3452 3814 3544 3857 ac-

1892 3880 2142 3957 cedens,
2163 3880 2238 3942 de
2272 3883 2661 3946 sacramentis
2686 3883 2963 3964 baptismi
2990 3886 3145 3965 (cap.
3172 3886 3231 3953 ‘2)
3249 3896 3304 3945 et
3326 3885 3549 3948 Eucha-

1891 3970 2074 4032 ristiae
2108 3974 2266 4052 (cap.
2302 3971 2385 4047 3),
2420 3975 2498 4034 de
2532 3973 2685 4035 sacri
2712 3977 3003 4054 unguenti
3038 3994 3144 4038 seu
3178 3975 3542 4049 chrismatis,

1894 4068 1982 4117 τοῦ
2016 4062 2201 4139 μύρου,
2238 4064 2695 4125 consecratione
2730 4064 2885 4145 (cap.
2920 4068 3006 4144 4),
3042 4067 3117 4127 de
3166 4066 3547 4127 ordinatione

1893 4168 2197 4212 sacrorum
2229 4151 2516 4213 Ecclesiae
2542 4154 2951 4217 ministrorum
2974 4158 3133 4235 (cap.
3164 4157 3247 4231 5),
3275 4154 3545 4234 episcopi

1892 4239 2143 4316 scilicet,
2164 4242 2490 4322 presbyteri
2519 4250 2576 4304 et
2612 4243 2946 4321 diaconi,ac
2964 4244 3037 4305 de
3056 4244 3312 4306 solemni
3341 4262 3541 4305 mona-

1892 4330 2138 4391 chorum
2172 4330 2540 4411 professione
2568 4340 2718 4414 (cap.
2769 4335 2833 4406 6)
2873 4334 3231 4396 articulatim
3258 4332 3538 4412 disputat.

1891 4416 1998 4485 His
2023 4430 2360 4506 accuratam
2392 4421 2698 4503 subjungit
2741 4425 3264 4498 caeremoniarum,
3326 4422 3542 4502 quibus

1893 4520 2265 4572 mortuorum
2289 4530 2541 4593 corpora
2557 4513 3031 4593 sepeliebantur,
3055 4514 3085 4575 d
3100 4514 3532 4593 escriptionem

1890 4600 2480 4683 expositionemque;
2505 4612 2563 4665 et
2593 4602 2848 4665 subinde
2868 4605 2941 4667 de
2970 4604 3285 4667 infantium
3317 4601 3537 4682 baptis—

146 4692 223 4756 ita
245 4681 1263 4777 tribuatur,utipsitamen’aliorum
1283 4696 1542 4760 vicissim
1561 4681 1863 4759 nominec
1889 4701 2044 4752 male
2089 4681 2357 4755 disserit.
2393 4690 2542 4753 Tum
2577 4691 2835 4775 denique
2866 4692 3275 4767 Timotheum,
3308 4695 3356 4755 Si
3389 4681 3540 4769 quas

146 4801 451 4866 nunquam
485 4786 887 4867 appellentur.
921 4786 1015 4850 Ad
1066 4788 1411 4866 angelorum
1446 4786 1800 4849 divisionem

142 4872 280 4936 inde
313 4880 472 4956 (cap.
510 4877 575 4956 6)
608 4877 1019 4957 progreditur,
1055 4887 1236 4958 atque
1269 4876 1530 4941 ostendit
1579 4896 1681 4940 eos
1738 4878 1801 4939 in

141 4976 263 5028 tres
284 4966 689 5043 hierarchias,
724 4976 785 5029 et
817 4966 1084 5046 singulas
1112 4985 1383 5050 quasque
1432 4968 1799 5030 bierarchias

141 5055 197 5116 in
231 5064 354 5118 tres
385 5058 632 5120 ordines
661 5056 750 5119 sic
781 5055 1059 5119 distribui
1096 5078 1111 5134 ;
1172 5067 1237 5119 ut
1290 5057 1482 5138 prima
1522 5056 1799 5139 Seraphi-

141 5162 359 5207 norum
408 5146 567 5227 (cap.
627 5146 716 5227 7),
791 5146 1302 5221 Cherubinorum,
1361 5145 1792 5228 Thronorum;

138 5234 403 5297 secunda
433 5251 580 5297 vero
609 5233 1101 5298 Dominationum
1154 5244 1311 5317 (cap.
1346 5235 1434 5317 8),
1462 5233 1791 5317 Virtutum,

136 5324 507 5389 Potestatum
526 5345 544 5403 ;
562 5324 739 5388 tertia
756 5324 1018 5408 denique
1049 5324 1500 5407 Principatuum
1531 5337 1683 5410 (cap.
1707 5328 1791 5405 9),

130 5414 650 5496 Archangelorum
673 5423 733 5478 et
750 5418 1118 5496 Angelorum
1145 5417 1387 5479 ordines
1418 5421 1794 5500 complecta-

128 5512 250 5568 tur.
272 5505 513 5569 Deinde
537 5512 690 5588 (cap.
721 5509 819 5585 10)
836 5506 1137 5589 quomodo
1154 5505 1441 5589 quaelibet
1455 5506 1794 5572 hierarchia

130 5606 451 5679 purgetur,
478 5596 923 5673 illustretnr,ac
946 5596 1315 5679 perﬁciatur,
1330 5597 1636 5681 anucleat;
1658 5598 1792 5681 pla-

128 5702 395 5769 numque
424 5685 572 5749 facit
598 5685 758 5769 (cap.
784 5688 807 5756 1
830 5693 881 5766 t)
904 5705 1013 5751 cur
1030 5703 1241 5750 omnes
1263 5687 1476 5769 Angeli
1499 5687 1788 5755 virtutum

128 5774 466 5842 celestium
488 5774 932 5860 nomine,quod
955 5774 1224 5841 secundo
1249 5777 1534 5842 secundae
1563 5778 1789 5847 hierar.

452 5896 722 5961 PATROL.
756 5897 869 5961 Gn.
922 5898 1034 5960 III.

1886 4780 2172 4843 clariores
2204 4781 2411 4843 horum
2448 4783 2861 4864 mysteriorum
2896 4785 3269 4863 cognitiones
3296 4781 3531 4852 habeat,

1885 4872 1975 4934 vel
2006 4870 2227 4933 habere
2254 4872 2463 4952 possit,
2502 4882 2562 4933 ut
2593 4891 2691 4935 eas
2727 4893 2929 4936 secum
2966 4873 3250 4936 benevole
3274 4891 3515 4936 commu

1886 4962 2067 5038 nicet,
2093 4962 2424 5025 obtestatur
2446 4971 2623 5043 atque
2655 4964 2952 5029 obsecrat.

1938 5050 2275 5132 §lIl.Liber
2290 5053 2362 5114 de
2376 5052 3065 5119 divinisnominibus.-
3086 5052 3151 5117 In
3172 5052 3540 5135 tertiolibro,

1883 5162 2063 5225 quem
2095 5152 2304 5206 auctor
2353 5151 2557 5205 noster
2594 5152 2727 5226 post
2785 5145 3007 5207 editum
3067 5144 3538 5226 Hypotyposeon

1879 5237 2362 5317 theologicarum
2380 5235 2653 5299 volumen
2678 5255 2741 5300 se
2760 5238 3193 5319 conscripsisse
3207 5235 3446 5313 asserit,
3467 5236 3543 5298 de

1878 5327 2230 5391 nominibus
2262 5326 2491 5390 divinis
2533 5327 2795 5409 disputat
2826 5329 2981 5411 (cap.
3009 5331 3091 5409 1).
3119 5329 3225 5391 llle
3242 5336 3442 5389 autem
3469 5344 3544 5388 ex

1878 5416 2205 5500 Scripturis
2235 5416 2450 5499 sacris,
2484 5417 2586 5481 ubi
2619 5420 2822 5481 omnia
2855 5418 2981 5483 Dei.
3011 5420 3111 5497 qui
3141 5418 3415 5493 ἀνώνυμος
3474 5427 3541 5481 et

1880 5510 2230 5586 πολυώνυμος
2262 5518 2378 5585 est,
2414 5509 2658 5571 nomina
2686 5510 3067 5587 exhibentur,
3119 5513 3541 5589 argumentum

1876 5618 2054 5664 suum
2084 5606 2479 5663 tractaturum
2512 5616 2578 5661 se
2607 5618 2741 5663 esse
2772 5600 3110 5682 proﬁtetur.
3166 5601 3237 5662 Et
3290 5598 3545 5681 quidem

1874 5690 2135 5773 duplicis
2167 5689 2410 5771 generis
2440 5706 2573 5752 esse
2605 5688 2748 5752 dicit
2776 5691 2931 5773 (cap.
2958 5690 3018 5772 2)
3039 5708 3109 5754 ea
3132 5689 3241 5753 Dei
3270 5687 3539 5751 nomina:

1872 5772 2107 5862 alia,uti
2138 5775 2653 5857 vocant,absoluta
2682 5785 2742 5839 et
2773 5772 3289 5857 essentialia,quse
3316 5782 3545 5840 natura}

3178 5900 3199 5961 l
