4072 6432
500 324 568 397 it

1669 331 1731 399 S.
1777 321 2190 399 DIONYSIUS
2251 319 2744 396 AREOPAGITA

3825 320 3896 396 ω

505 465 720 531 divinae
749 467 1061 550 tribusque
1091 465 1488 532 sanctissimae
1546 466 1855 532 Trinitatis
1886 470 2162 553 personis
2184 481 2220 528 Α
2246 465 2430 544 ditur,
2455 486 2524 530 ac
2547 465 2960 548 negationibus
2985 467 3175 546 magis
3199 484 3375 548 quam
3401 465 3896 531 atlirmationibus

505 557 733 640 absque
763 558 1067 622 divisione
1091 559 1211 621 ulla
1244 559 1604 622 conveniunt
1624 581 1640 636 ;
1661 560 1796 636 alia,
1815 570 1897 623 uti
1921 562 2163 641 loquun-

507 655 623 725 tur,
654 649 930 731 relativa,
965 668 1096 731 quae
1127 649 1450 731 unicuique
1505 669 1776 732 personae
1819 651 2160 731 singillatim

514 738 596 800 ita
649 750 1021 822 competunt,
1075 749 1137 801 ut
1165 741 1337 802 alteri
1367 760 1487 802 non
1520 741 1747 823 possint
1776 741 2044 805 attribui.
2072 742 2159 804 Ad

507 847 578 890 ea
610 848 785 910 porro
809 831 1160 911 explicanda
1190 831 1504 895 Hierothei
1533 832 1842 913 cujusdam
1892 833 2157 913 magistri

511 919 602 980 sui
634 918 788 982 libro
820 919 1046 1002 unitur,
1081 920 1284 1002 ibique
1316 921 1472 1002 (cap.
1499 922 1558 1003 3)
1581 940 1686 983 cur
1711 930 1840 1002 post
1871 924 2156 985 eximium

505 1008 674 1070 illum
706 1011 926 1092 virum,
963 1030 1138 1093 quem
1173 1012 1454 1074 maximis
1485 1012 1760 1075 laudibus
1805 1022 2069 1086 exornat,
2103 1023 2161 1076 et

506 1117 766 1181 quocum
798 1100 1148 1164 dormitioni
1179 1101 1291 1164 Dei
1321 1101 1642 1166 Genitricis
1689 1121 1755 1165 se
1813 1103 2159 1166 interfuisse

507 1187 751 1267 dicit,ad
765 1192 1202 1254 conﬁciendam
1217 1193 1695 1256 lucubrationem
1709 1210 1873 1255 suam
1889 1193 2153 1256 animum

506 1280 832 1361 appulerit,
869 1281 1076 1362 paucis
1109 1281 1209 1344 ille
1240 1282 1528 1346 declarat.
1575 1281 1713 1345 Post
1742 1282 1869 1344 haec
1912 1284 2062 1365 (cap.
2092 1284 2156 1360 4)

507 1369 742 1450 singula
769 1369 873 1432 Dei
894 1372 1138 1435 nomina
1169 1373 1469 1449 edisserit,
1490 1379 1719 1453 atquea
1744 1371 1962 1436 boniet
1985 1373 2152 1436 boni-

504 1461 666 1539 tatis,
700 1461 931 1542 pulchri
953 1470 1010 1524 et
1035 1463 1520 1544 pulchritudinis,
1538 1463 2148 1543 amoris,dilectionis,

507 1550 782 1613 amabilis
796 1551 1118 1634 dilectique
1133 1554 1504 1636 expositione
1517 1554 1767 1618 orditur.
1785 1555 1938 1618 Hinc
1957 1564 2152 1617 autem

506 1648 744 1722 arrepta
771 1642 1109 1718 occasione,
1139 1644 1428 1726 quasdam
1461 1644 1538 1707 de
1567 1652 1781 1708 natura
1835 1653 1894 1707 et
1921 1645 2154 1724 origine

506 1730 649 1793 mali
671 1730 1030 1813 quaestiones
1058 1734 1360 1809 enucleat,
1386 1741 1444 1797 et
1474 1733 1772 1815 quomodo
1803 1735 1862 1796 in
1910 1733 2154 1812 angelos

2243 563 2522 637 cognosci
2553 566 2768 640 potest,
2805 557 3108 638 mysticam
3144 556 3712 636 contemplationem
3754 577 3894 639 per-

2243 649 2441 713 veniat
2472 648 2626 730 (cap.
2661 653 2742 730 ‘2‘,
2777 667 2958 727 super
2999 665 3099 709 res
3130 664 3341 708 omnes
3371 646 3688 708 sensibiles
3720 657 3778 709 et
3808 650 3898 710 in-

2244 739 2480 801 tellectu
2491 741 2616 801 ales
2643 758 2774 802 esse
2789 737 3220 816 assurgendum
3239 740 3394 818 (cap.
3414 737 3506 817 3).
3524 738 3892 800 Manifestum

2243 829 2461 892 deinde
2489 830 2624 893 facit
2654 848 2787 907 quae
2817 837 3019 891 essent
3045 828 3159 891 illa:
3209 829 3579 906 negationes,
3612 846 3716 889 seu
3749 847 3892 908 per-

2241 921 2528 984 fectiones
2559 922 2670 985 Dei
2694 924 3004 998 negatiize,
3035 938 3256 1002 easque
3287 937 3486 981 rerum
3520 937 3654 980 cum
3680 938 3894 1000 corpo-

2241 1029 2478 1075 rearum
2512 1020 2568 1073 et
2589 1011 2993 1092 sensibilium,
3031 1019 3154 1072 tum
3187 1008 3582 1091 spiritualium
3616 1016 3675 1072 et
3709 1009 3892 1072 intel-

2241 1101 2582 1164 lectualium
2617 1101 2771 1184 (cap.
2809 1102 2888 1181 4),
2921 1119 3055 1182 quae
3112 1101 3172 1161 in
3235 1102 3356 1162 Deo
3416 1116 3548 1162 esse
3604 1110 3888 1181 nequeut,

2241 1193 2400 1254 nuda
2433 1202 2494 1255 et
2528 1190 2787 1273 simplici
2819 1191 3202 1253 enarratione
3235 1189 3516 1270 explicat.

2320 1280 3072 1362 §V.Epistolw.—Decem
3096 1299 3331 1361 quoque
3354 1279 3899 1362 epistolaeDionysii

2238 1375 2582 1448 Areopagitae
2597 1391 2803 1434 nomen
2829 1377 3214 1448 praeferentes,
3250 1376 3339 1432 his
3369 1383 3618 1446 quatuor
3640 1376 3893 1432 auctoris

2238 1463 2425 1524 nostri
2455 1462 2621 1525 libris
2643 1461 3326 1525 subnectunlur.Harum
3351 1469 3606 1538 quatuor
3632 1459 3890 1541 priores,

2237 1555 2319 1614 ad
2344 1555 2556 1617 Caium
2576 1555 2900 1635 θεραπεύτην
2919 1553 3088 1628 datae,
3116 1552 3491 1615 brevissimae
3516 1559 3893 1630 sunt,eeeque

2239 1643 2624 1724 epistolarum
2653 1643 2850 1724 potius
2875 1643 3224 1723 fragmenta,
3253 1660 3427 1723 quam
3455 1640 3724 1720 epistola:
3745 1646 3894 1700 inte-

2237 1751 2357 1812 graa
2386 1733 2678 1794 videntur.
2708 1731 2774 1794 In
2797 1750 3005 1794 earum
3038 1733 3227 1812 prima
3258 1729 3752 1808 perfectissimam
3785 1725 3894 1790 Dei

507 1820 724 1882 cadere
763 1823 1044 1904 potuerit,
1093 1823 1430 1886 luculenter
1487 1824 1703 1906 aperit.
1766 1826 2154 1903 Prosequitur
2180 1854 2214 1904 Β
2239 1824 2666 1902 cognitionem,
2686 1841 2866 1903 quwa
2893 1822 3066 1883 nobis
3090 1820 3278 1901 accipi
3299 1820 3503 1901 possit,
3531 1837 3662 1881 eam
3687 1824 3896 1880 auctor

507 1909 729 1973 deinde
759 1913 920 1994 (cap.
954 1913 1016 1993 5)
1042 1913 1379 1976 inchoatam
1406 1917 1718 1976 nominum
1740 1912 1848 1976 Dei
1875 1915 2152 1995 explana-

506 2000 758 2078 tionem,
793 2009 850 2064 et
877 2021 1099 2066 nomen
1131 2003 1482 2086 entis,quod
1509 2003 1633 2066 Deo
1657 2003 1738 2066 ita
1757 2003 2059 2079 tribuitur,
2093 2014 2155 2066 ut

507 2101 859 2154 cancrorum
879 2093 1149 2156 omnium
1168 2096 1360 2178 ipsum
1379 2094 1456 2157 sit
1483 2095 1837 2177 principium
1865 2104 1925 2157 et
1954 2113 2150 2174 causa,

504 2183 576 2244 ad
611 2202 744 2244 eum
776 2191 988 2248 tractat
1013 2185 1257 2248 modum
1291 2188 1446 2267 (cap.
1502 2186 1587 2266 6),
1623 2195 1714 2260 ut,
1748 2187 2054 2267 quomodo
2088 2187 2154 2247 in

503 2275 627 2336 Deo
640 2291 840 2337 rerum
860 2277 1129 2338 omnium
1152 2276 1534 2358 ewemplaria
1546 2275 2154 2358 prmexstiterintﬁbi

507 2382 747 2446 quoque
786 2365 1124 2446 patefaciat.
1183 2367 1453 2450 Explicat
1508 2377 1796 2449 prmterea
1858 2367 2153 2448 quomodo

503 2454 665 2516 Deus
687 2456 799 2517 vita
820 2456 920 2532 sit,
942 2475 978 2519 a
997 2475 1114 2537 quo
1132 2475 1299 2519 suam
1315 2465 1534 2520 cmtcra
1559 2459 1816 2519 viventia
1828 2458 2147 2538 accipiunt:

505 2545 804 2625 quomodo
829 2553 978 2626 (cap.
1006 2547 1062 2619 7)
1091 2546 1165 2607 sit
1188 2546 1481 2628 sapientia
1503 2548 1652 2628 ipsa,
1681 2550 1879 2610 omnis
1901 2549 2147 2622 ment-is,

503 2635 789 2711 rationis,
807 2637 1145 2715 sapientia,
1166 2637 1591 2718 intelligentia
1607 2656 1793 2702 causa
1813 2662 1827 2716 ;
1855 2637 2153 2719 quomodo

504 2723 660 2806 (cap.
695 2726 754 2804 8)
786 2725 987 2787 omnia
1044 2736 1385 2807 cognoscat,
1435 2737 1492 2791 et
1521 2747 1553 2790 a
1588 2729 1877 2791 creaturis
1926 2747 2153 2808 cogno-

503 2823 745 2878 scatur:
777 2813 1081 2897 quomodo
1108 2816 1397 2896 Verbum,
1433 2822 1630 2900 Λόγος,
1663 2819 1740 2881 sit
1782 2819 2022 2899 veritas,
2087 2837 2154 2880 ac

503 2903 646 2966 ﬁdei
679 2915 900 2970 nostrai
941 2906 1438 2973 fundamentum:
1487 2910 1784 2990 quomodo
1811 2930 1882 2972 ex
1927 2910 2156 2972 inﬁnita

501 2993 632 3074 ejus
657 2998 918 3075 potentia
943 2997 1073 3060 aliae
1094 3016 1307 3062 omnes
1330 2998 1708 3075 deriventur;
1730 3007 1908 3081 atque
1935 2998 2152 3081 (cap.9)

501 3084 632 3164 ejus
657 3083 890 3163 justitia
935 3088 1199 3150 omnium
1229 3107 1438 3152 norma
1465 3090 1558 3166 sit,
1591 3089 1752 3152 salus
1795 3100 1854 3153 et
1881 3089 2158 3170 redemp-

501 3174 608 3242 tio.
632 3175 722 3238 Ad
747 3177 872 3239 haec
901 3196 1038 3240 vero
1084 3182 1245 3260 (cap.
1276 3186 1379 3261 40)
1435 3198 1546 3243 cur
1578 3179 1740 3243 Deus
1788 3198 2050 3261 magnus
2100 3186 2159 3243 et

2239 1931 2370 1975 esse
2393 1913 2560 1995 dicit,
2597 1931 2728 1994 quae
2762 1932 2830 1975 ex
2855 1911 3153 1975 attributis
3179 1912 3307 1990 ejus
3331 1910 3618 1989 negativis
3638 1927 3748 1989 per
3777 1927 3891 1971 ex-

2238 2020 2559 2085 cessum,ei
2591 2023 2705 2066 non
2735 2004 3010 2083 privative
3032 2001 3306 2064 habetur.
3330 1999 3390 2063 ln
3415 1999 3679 2061 secunda
3703 2017 3893 2079 expo-

2239 2093 2327 2155 nit
2355 2095 2649 2175 quomodo
2667 2098 2777 2175 qui
2797 2103 3080 2174 estsuper
3112 2093 3423 2164 omm'a,sit
3450 2108 3638 2170 supra
3667 2092 3895 2170 princi-

2233 2187 2408 2266 pium
2454 2186 2793 2248 divinitatis
2822 2192 2876 2247 et
2921 2179 3500 2245 bonitatianlertia
3546 2199 3683 2241 vero
3716 2178 3882 2258 quod

2243 2275 2557 2338 Malachias
2604 2276 2892 2357 prepheta
2940 2274 3014 2334 de
3057 2272 3290 2334 Christo
3340 2271 3884 2352 praenuntiaverat:

2237 2363 2496 2444 Repente
2509 2384 2619 2428 ven
2631 2368 2704 2428 iet
2720 2365 2800 2425 ad
2812 2363 3099 2443 templum
3109 2369 3383 2424 sanctum
3399 2379 3597 2440 suum,
3609 2361 3719 2422 hoc
3744 2359 3889 2422 bre-

2238 2456 2288 2516 vi
2343 2457 2735 2536 explicatione
2760 2457 3210 2534 interpretatur.
3263 2451 3512 2515 Demum
3568 2454 3627 2513 in
3683 2459 3893 2531 quarta

2237 2547 2535 2607 Christum
2590 2546 2774 2608 Deum
2819 2546 2998 2608 fuisse
3025 2555 3082 2607 et
3107 2544 3442 2617 hominem,
3491 2549 3547 2603 et
3579 2542 3892 2620 θεανδρικήν

2239 2637 2645 2718 operationem
2675 2635 3020 2698 exhibuisse
3051 2635 3440 2696 demonstrat.

2318 2725 2529 2798 Quinta
2565 2726 2816 2806 epistola
2869 2727 3080 2788 eodem
3143 2744 3209 2786 ac
3271 2726 3674 2805 praecedentes
3737 2722 3890 2802 ston

2239 2825 2495 2886 exarata,
2534 2817 2614 2878 ad
2654 2815 3024 2879 Dorotheum
3055 2815 3396 2891 λειτσουργόν
3427 2813 3650 2874 directa
3682 2823 3794 2872 est.
3828 2811 3893 2872 in

2241 2924 2310 2967 ea
2341 2915 2538 2967 autem
2595 2925 2728 2986 quae
2773 2907 2849 2968 sit
2899 2905 3103 2983 caligo
3161 2905 3372 2966 divina
3430 2913 3636 2964 auctor
3680 2904 3894 2987 aperit,

2244 2995 2605 3076 planumque
2637 2995 2773 3057 facit
2804 3008 2944 3058 tunc
2976 2994 3162 3057 Deum
3208 3011 3345 3054 vere
3397 2993 3700 3072 cognosci,
3758 3010 3896 3054 cum

2241 3085 2344 3147 ille
2375 3101 2556 3166 super
2575 3103 2815 3148 omnem
2847 3085 3157 3147 scientiam
3218 3090 3276 3145 et
3305 3082 3708 3162 cognitionem
3761 3100 3899 3144 esse

2243 3178 2646 3255 cognoscitur.

498 3267 921 3348 parvus,idem
941 3275 996 3330 et
1016 3268 1444 3344 aliud,similis
1465 3278 1523 3333 et
1542 3270 1862 3333 dissimilis
1883 3269 2141 3333 dicatur:
2168 3279 2208 3330 C
2313 3265 2796 3346 AdSosipatrum
2811 3267 3221 3348 presbyterum
3253 3271 3417 3328 sexta
3433 3263 3610 3325 missa
3642 3270 3754 3340 est,
3795 3262 3901 3324 illa

499 3375 631 3437 quae
650 3363 724 3418 sit
747 3357 879 3437 ejus
911 3360 1100 3441 quies,
1121 3359 1294 3423 sedes
1321 3366 1382 3426 et
1417 3367 1634 3442 motus,
1665 3378 1776 3424 cur
1805 3359 2152 3423 nominetur

2234 3373 2351 3437 que
2381 3355 2646 3418 omnium
2692 3356 2830 3419 licet
2851 3357 3224 3432 brevissima,
3270 3357 3522 3418 formam
3557 3363 3758 3416 tamen
3794 3354 3902 3415 ha-

499 3446 765 3527 aequalis,
801 3450 1202 3527 omnitenens,
1228 3453 1632 3532 παντοκράτωρ,
1666 3451 1968 3531 antiquus
2016 3450 2148 3512 die-
2233 3445 2776 3528 betepistolaeﬂac
2801 3457 3009 3510 auctor
3027 3455 3230 3509 noster
3253 3445 3628 3527 Sosipatrum
3657 3452 3721 3506 ut
3744 3463 3898 3524 ope-

501 3540 989 3618 rum,antiiquus
1001 3547 1056 3603 et
1080 3538 1504 3623 novus;ibique
1526 3546 1828 3622 tempores
1841 3549 1896 3602 et
1907 3540 2152 3602 aeterni-

502 3630 653 3689 tatis
679 3635 946 3691 naturam
964 3631 1282 3712 explanare
1299 3631 1631 3696 contendit.
1650 3631 1863 3693 Postea
1884 3631 2077 3712 (cap.‘l
2095 3631 2116 3691 l
2130 3639 2144 3704 )

500 3717 575 3778 de
609 3736 751 3798 pace
781 3717 913 3797 Dei,
949 3722 1048 3802 qui
1073 3719 1269 3784 omnis
1301 3721 1465 3804 pacis
1495 3730 1705 3784 auctor
1736 3728 1846 3797 est,
1884 3720 2150 3797 disserit,

503 3824 758 3889 eamque
779 3809 851 3870 ab
876 3810 1156 3874 omnibus
1173 3809 2156 3874 desideraridemonstraLDehinc

505 3898 671 3979 (cap.
697 3899 792 3970 12)
810 3899 881 3961 ad
913 3920 983 3962 ea
1002 3901 1328 3982 respondet
1350 3921 1485 3984 quae
1508 3900 1903 3964 Thimotheus
1925 3902 2057 3963 data
2079 3900 2150 3962 ad

507 4005 644 4049 eum
676 3989 928 4070 epistola
964 3999 1338 4071 p0poscerat,
1375 3991 1520 4073 quid
1556 3991 1631 4052 sit
1660 4007 1778 4072 per
1807 4009 1869 4053 se
1898 4007 2159 4071 ease,per

506 4095 570 4140 se
590 4081 736 4160 vita,
749 4083 1428 4162 per,‘:asapieutia.Tum
1451 4080 1706 4143 subinde
1725 4081 1795 4142 ad
1817 4080 2157 4142 divinorum

508 4168 822 4232 nominum
883 4171 1360 4251 explanationem
1423 4188 1721 4247 reversus,
1782 4169 2158 4252 perspicuum

510 4260 662 4322 facit
691 4267 836 4342 (cap.
880 4261 978 4342 13)
1013 4281 1122 4325 cur
1155 4261 1310 4325 Deus
1342 4270 1587 4324 vocetur
1617 4261 1878 4326 Sanctus
1917 4268 2150 4323 sancto-

2235 3555 2363 3599 ram
2399 3555 2565 3599 suam
2616 3557 2732 3601 non
2767 3547 2885 3601 tam
2918 3539 2978 3600 in
3007 3537 3324 3618 arguendis
3356 3535 3654 3599 haereticis
3715 3554 3900 3615 quam

2229 3632 2291 3689 iu
2319 3627 2566 3691 veritate
2589 3628 2945 3691 stabilienda
2972 3636 3171 3710 ponat,
3207 3630 3398 3690 amice
3430 3634 3652 3688 monet.
3681 3667 3697 3685 .

2321 3716 2583 3799 Septima
2612 3719 2713 3781 ille
2740 3719 3062 3800 Polycarpo
3096 3717 3403 3799 episcopo,
3440 3716 3543 3798 qui
3573 3717 3772 3798 ipsum
3827 3714 3904 3777 ab

2239 3808 2658 3890 Apollophane
2691 3808 2977 3890 sophista,
3027 3810 3186 3889 quod
3216 3807 3529 3888 opiniones
3584 3807 3902 3886 gentilium

2241 3897 2626 3975 confutando,
2663 3917 2762 3961 eas
2796 3899 3032 3962 sincere
3064 3918 3180 3960 non
3216 3898 3647 3978 proposuisset,
3707 3898 3905 3977 palam

2243 3987 2507 4052 incusari
2540 3991 2930 4067 nuntiaverat,
2965 3989 3334 4069 respondere
3365 3988 3619 4049 videtur.
3657 3987 3754 4048 Ait
3789 3987 3906 4050 ita-

2243 4097 2360 4160 que
2383 4097 2447 4140 se
2478 4097 2610 4141 cum
2638 4079 2924 4143 adversus
2946 4078 3200 4158 gentiles
3225 4077 3579 4158 disputaret,
3607 4094 3704 4140 res
3728 4083 3913 4158 prout

2241 4167 2788 4245 sehaberent,vere
2805 4168 3360 4251 semperretulisse;
3392 4168 3911 4249 Polycarpumque

2255 4267 2423 4338 rogat
2452 4269 2513 4320 ut
2545 4259 2948 4341 Apollophani
3000 4259 3291 4339 signiﬁcet
3343 4277 3478 4322 eum
3513 4259 3706 4339 ipsum
3741 4276 3909 4338 esse,

506 4367 671 4423 rum,
701 4349 840 4414 Rex
868 4369 1108 4432 regum,
1149 4353 1444 4416 Dominus
1473 4351 1956 4432 dominantium,
2006 4350 2171 4412 Deus
2257 4352 2356 4431 qui
2387 4350 3149 4413 divinisadversusdim‘na
3181 4350 3480 4413 abutitur.
3514 4348 3749 4409 Etenim
3787 4366 3909 4410 non

510 4441 904 4504 deorum.His
925 4443 1006 4504 ita
1033 4442 1581 4525 explicatis,monet
1611 4459 1674 4503 se
1707 4440 1905 4503 divina
1929 4440 2171 4503 nomina
2256 4441 2446 4502 solum
2481 4441 2553 4502 iis
2584 4459 2714 4523 quae
2742 4440 2938 4503 Josuaa
2961 4448 3021 4502 et
3049 4439 3315 4502 Ezechias
3374 4438 3746 4519 temporibus
3801 4457 3908 4500 ac-

509 4547 618 4609 pro
639 4533 762 4591 suis
783 4530 1030 4614 viribus,
1055 4551 1173 4594 non
1200 4550 1304 4612 pro
1331 4549 1538 4594 eorum
1561 4530 1848 4610 dignitate
1871 4529 1955 4592 sic
1975 4530 2169 4612 expli-
2256 4530 2818 4608 ciderant,insolitis
2833 4530 3116 4593 scelerum
3156 4529 3442 4606 motibus,
3477 4529 3583 4592 sed
3612 4528 3670 4589 in
3693 4528 3912 4608 primis

510 4619 835 4702 cuisse,ut,
866 4622 915 4683 si
947 4621 1264 4702 quidrecte
1283 4640 1423 4683 asse
1440 4621 1659 4684 dictum
1683 4621 1948 4702 fuerit,id
1973 4629 2157 4683 totum
2189 4621 2569 4703 Dstupenda,
2604 4639 2778 4702 quam
2813 4619 3134 4701 Heliopoli,
3168 4619 3310 4681 dum
3345 4619 3613 4682 Christus
3673 4618 3913 4681 cruciﬁ-

508 4710 573 4771 in
598 4710 786 4774 Deum
810 4711 1004 4794 ipsum
1035 4712 1532 4794 refundidebeat;
1558 4714 1608 4775 si
1633 4711 1776 4794 quid
1801 4729 1938 4775 vero
1965 4713 2159 4775 minus
2245 4719 2506 4792 geretur,
2541 4711 2644 4773 ille
2673 4728 2875 4772 secum
2907 4709 3158 4790 viderat,
3193 4709 3338 4771 solis
3394 4707 3760 4784 defectione,
3825 4707 3900 4768 de

511 4802 661 4863 recti
692 4810 750 4863 et
773 4801 1046 4884 perfecti,
1078 4802 1223 4865 illud
1262 4801 1560 4865 Timothei
1593 4803 1802 4883 peritia
1845 4801 1984 4864 velit
2027 4819 2160 4864 esse
2249 4801 2520 4882 ejusdem
2556 4799 2775 4864 Christi
2807 4799 3116 4862 divinitate
3146 4799 3338 4863 fuerat
3369 4798 3699 4862 convictus.
3737 4796 3911 4872 Quod

513 4891 1154 4973 correctum.Spondet
1181 4892 1440 4974 denique
1470 4911 1535 4955 se
1565 4894 1637 4956 de
1655 4891 1978 4973 symbolice
2005 4891 2165 4955 theo-

515 4982 678 5065 logia
700 4993 833 5067 post
857 4986 985 5048 hinc
1015 5003 1146 5048 esse
1186 4985 1574 5068 scripturum,
1637 4993 1814 5067 atque
1877 4985 1956 5048 ita
2013 4984 2166 5048 libro

513 5091 624 5136 suo
657 5075 838 5137 ﬁnem
869 5073 1142 5156 imponit.

595 5162 748 5246 διν.
773 5162 960 5228 Liber
979 5164 1055 5228 de
1084 5166 1348 5245 mystica
1383 5165 1702 5247 theologia.
1753 5199 1832 5212 —
1883 5163 2169 5238 Quartum

514 5251 761 5332 librum,
799 5255 888 5318 De
917 5255 1172 5336 mystica
1206 5256 1507 5338 theologia
1561 5255 1730 5320 titulo
1789 5254 2166 5335 inscriptum,

516 5351 728 5408 auctor
756 5353 962 5409 noster
996 5343 1072 5408 ab
1127 5346 1524 5411 sanctissimae
1571 5346 1872 5411 Trinitatis
1925 5345 2170 5408 invoca-

521 5441 683 5498 tione
703 5434 945 5499 inchoat
974 5435 1130 5518 (cap.
1168 5437 1259 5516 1),
1283 5435 1784 5520 Timotheumque
1829 5451 2173 5498 commone-

519 5522 663 5586 facit
695 5529 942 5607 mystica
971 5544 1104 5589 cum
1141 5525 1288 5590 viris
1318 5528 1560 5610 paganis
1592 5546 1712 5591 non
1743 5542 1877 5589 esse
1896 5541 2172 5590 commu-

517 5614 798 5682 nicanda.
825 5617 947 5699 Ipsi
976 5614 1233 5681 subinde
1262 5617 1576 5698 signiﬁcat,
1603 5627 1672 5682 ut
1695 5617 1772 5682 ad
1793 5614 1926 5698 Dei,
1952 5616 2057 5700 qui
2084 5620 2173 5677 in-

520 5705 688 5772 ﬁnite
717 5726 898 5794 supra
926 5724 1035 5774 nos
1055 5707 1269 5792 elatus,
1296 5711 1587 5778 immensa
1627 5708 1880 5790 caligine
1908 5705 2169 5772 abscon-

2251 4891 2365 4974 ipsi
2395 4899 2457 4954 ut
2487 4891 2549 4953 in
2583 4890 2932 4954 memoriam
2956 4899 3217 4972 revocet,
3241 4901 3417 4973 atque
3442 4889 3517 4953 ad
3550 4889 3908 4969 amplexan-

2254 4981 2389 5043 dam
2422 4979 2820 5045 Christianam
2853 4981 3207 5060 religionem
3234 4979 3605 5056 adhortetur,
3631 4978 3914 5041 obsecrat

2253 5078 2314 5135 et
2339 5070 2628 5153 praecipit.

2335 5160 2760 5243 Demophilum
2817 5158 3206 5242 monachum,
3267 5159 3370 5242 qui
3429 5159 3826 5242 pmnitentem
3882 5175 3914 5220 a

2254 5249 2566 5314 sacerdote
2587 5251 2948 5329 absolutum,
2979 5251 3295 5332 ipsumque
3331 5249 3702 5312 sacerdotem
3730 5267 3766 5310 a
3797 5267 3913 5332 quo

2254 5339 2786 5422 fueratabsolutus,
2803 5339 3014 5403 durius
3031 5346 3404 5416 tractaverat,
3433 5337 3683 5421 epistola
3706 5347 3917 5402 octava

2255 5431 2931 5515 corripit.Quamobrem
2955 5430 3338 5495 clementiam
3357 5427 3921 5494 mansuetudinem-

2257 5543 2372 5607 que
2403 5521 2805 5601 commendat,
2831 5540 2902 5586 ac
2934 5521 3107 5585 variis
3136 5520 3374 5604 Moysis,
3409 5519 3674 5602 Davidis,
3735 5521 3915 5584 lose-

2256 5613 2384 5697 phi,
2441 5613 2813 5693 angelorum,
2874 5622 2936 5678 et
2989 5612 3211 5675 Christi
3291 5610 3533 5674 Domini
3617 5610 3917 5694 exemplis

2258 5705 2468 5790 probat
2497 5706 2837 5770 sacerdotes
2867 5703 3228 5768 amonacbis
3259 5721 3380 5768 non
3409 5720 3544 5767 esse
3574 5701 3917 5782 arguendos
