4072 6428
183 312 252 389 l3
1597 323 2190 397 PROLEGOMENA.
3512 319 3580 394 14

181 467 357 539 atque
391 467 537 521 ante
565 457 762 539 ipsum
791 454 895 539 qui
920 458 975 522 id
1010 467 1301 524 attentare
1319 480 1497 525 ausus
1528 463 1724 547 fuerit,
1750 466 1844 527 in-
1866 474 1908 524 Α
1933 465 2066 527 doxi
2085 464 2335 547 pedibus
2359 464 2419 525 in
2452 481 2656 525 eorum
2691 462 3298 545 iverintsententlam,
3327 483 3579 545 eamque

182 557 418 610 ventum
456 568 595 611 esse
627 549 959 615 neminem.
994 550 1263 632 Denique
1298 563 1671 633 peccatorem
1707 574 1841 635 βω·-
1927 556 2168 638 plurimi
2198 556 2379 617 variis
2440 552 2957 616 lucubrationibus
3028 554 3088 616 in
3150 552 3343 616 lucem
3378 556 3577 628 editis,

187 641 473 700 nitentem
506 641 586 700 ab
621 640 750 720 ipso
786 660 903 701 non
938 640 1221 703 debuisse
1271 645 1439 724 rejici
1475 644 1626 708 mira
1655 646 1842 708 sancti
1931 646 2421 727 propugnantium
2456 642 2857 724 susceperint.
2918 640 3133 706 Contra
3164 648 3364 706 tamen
3423 652 3581 708 stant

180 729 354 806 Carpi
388 729 623 792 visione
654 730 1049 792 demonstrat.
1927 735 2107 817 aliqui
2139 755 2241 815 pro
2275 735 2688 812 antiquiorum
2723 732 3033 815 opinione,
3097 752 3276 814 quam
3330 735 3577 815 prolixis

254 821 547 902 Epistolze
577 841 755 885 nonae
783 825 863 885 ad
895 824 1095 887 Titum
1121 826 1470 907 episcopum
1496 837 1639 891 eatea
1670 829 1843 892 initio
1928 832 2103 887 etiam
2137 825 2691 889 Dissertationibus.
2725 826 2784 886 in
2815 823 3027 902 vulgus
3079 843 3195 885 non
3229 824 3307 885 ita
3341 825 3575 906 pridem

174 913 320 989 quid
357 913 569 991 ﬁgurae
602 915 953 994 symbolicae
985 924 1042 977 et
1074 936 1401 998 corporeae,
1440 938 1571 999 quae
1628 924 1749 984 Deo
1782 924 1841 982 in
1928 916 2187 989 emissis,
2224 915 2549 977 defenduni
2588 934 2655 976 ac
2690 923 2955 978 tuentur.

171 1003 490 1082 Scriptura
511 1022 690 1066 sacra
717 1005 1086 1081 tribuuntur,
1111 1005 1472 1086 significent,
1508 1019 1715 1073 auctor
1740 1031 1844 1073 no-
2006 1008 2145 1068 Haec
2168 1007 2364 1087 itaque
2380 1003 2609 1086 questio
2638 1023 2769 1067 cum
2795 1022 2900 1085 pro
2924 1002 3119 1067 officio
3143 1010 3344 1074 nostro
3366 1023 3579 1069 rursus

172 1100 298 1155 ster
327 1092 633 1155 enucleat.
674 1093 905 1157 Deinde
936 1115 1006 1157 ea
1036 1116 1178 1173 quae
1208 1097 1375 1159 Titus
1407 1101 1839 1180 postulaverat,
1925 1097 1995 1159 ad
2031 1115 2282 1159 examen
2314 1095 2647 1157 revocanda
2691 1098 2788 1174 sit,
2848 1094 3005 1155 illam
3036 1094 3117 1155 ita
3171 1095 3579 1178 tractabimus,

170 1182 503 1263 explanare
533 1203 872 1263 aggressus,
914 1186 1175 1248 ostendit
1227 1188 1373 1267 quid
1431 1189 1506 1251 sit
1561 1194 1846 1265 ebrietas,
1934 1186 2648 1266 ut,omnibusutriusque
2674 1184 3199 1266 partisrationibus
3223 1187 3574 1263 aequalance

171 1273 536 1364 discubitum
573 1292 824 1337 somnus
853 1283 909 1337 et
943 1277 1261 1357 evigilati'o
1298 1280 1423 1343 Dei,
1488 1280 1569 1342 Ex
1629 1282 1851 1364 quibus
1936 1276 2303 1356 ponderatis,
2338 1294 2543 1338 earum
2574 1276 2689 1335 vim
2722 1284 2779 1336 et
2807 1274 3008 1349 robur,
3048 1283 3144 1335 ant
3177 1275 3481 1338 levitatem
3516 1287 3578 1339 et

176 1362 351 1423 facile
384 1363 637 1443 colligas
668 1364 751 1425 ibi
804 1365 952 1427 nihil
1007 1365 1170 1428 aliud
1205 1387 1379 1449 quam
1416 1376 1611 1450 priora
1644 1362 1852 1453 capitis
1935 1368 2069 1427 vitia
2098 1367 2255 1428 clare
2272 1371 2331 1429 et
2364 1366 2699 1445 perspicue,
2728 1373 3014 1445 quantum
3048 1383 3155 1444 per
3178 1384 3285 1426 nos
3317 1367 3447 1426 ﬁeri
3471 1386 3573 1446 po-

175 1454 318 1515 noni
356 1454 664 1516 Malacbiae
699 1456 1005 1535 prophetae
1041 1457 1225 1520 verba
1256 1460 1565 1538 explicari.
1933 1456 2098 1537 terit,
2130 1456 2576 1538 patefaciamus.
2613 1455 2717 1517 His
2748 1462 2943 1517 autem
2977 1472 3045 1515 ea
3077 1456 3278 1515 omnia
3325 1455 3575 1534 adjicie-

251 1548 324 1607 In
362 1545 625 1623 epistola
645 1544 903 1618 decima,
938 1547 1017 1609 ad
1046 1547 1347 1613 Joannem
1378 1552 1839 1633 evangelistam,
1932 1565 2061 1607 mus
2092 1566 2222 1627 (iure
2252 1546 2321 1607 ad
2350 1546 2707 1608 eliciendam
2732 1544 3325 1622 conﬁrmaudamque
3354 1546 3575 1608 verita-

174 1638 231 1699 in
263 1638 470 1703 insula
500 1639 785 1702 Pathmos
836 1642 1171 1705 exulantem
1198 1644 1447 1723 directa,
1473 1656 1678 1709 auctor
1709 1666 1844 1711 nos-
1928 1645 2047 1698 tem
2079 1635 3001 1716 etvanasargutiasdepellendas
3022 1639 3207 1712 magis
3226 1635 3571 1700 conducere

177 1738 265 1791 ter
295 1728 567 1791 celerem
605 1729 688 1790 illi
712 1728 788 1791 ab
819 1731 1035 1793 exsilio
1068 1739 1125 1795 in
1158 1736 1359 1797 Asiam
1394 1737 1683 1817 reditum,
1718 1738 1834 1799 ibi-
1863 1806 1896 1817 _
1926 1727 2098 1788 nobis
2130 1726 2509 1788 videbuntur.
2543 1724 2813 1817 Denique
2846 1724 3000 1817 hanc
3034 1724 3429 1805 quaestionem
3463 1745 3570 1807 pro

178 1836 289 1899 que
320 1836 391 1879 se
420 1818 554 1897 ejus
595 1819 911 1897 praesentia
931 1820 1246 1884 fruiturum
1271 1836 1432 1886 certo
1455 1806 1785 1907 praenuntia

1964 1817 2072 1877 irili
2109 1826 2272 1897 parte
2304 1836 2371 1877 ea
2419 1815 2695 1876 methodo
2723 1815 3039 1876 enucleare
3069 1824 3425 1897 satagemus,
3459 1806 3572 1897 qua

248 1912 517 1990 Adjccta
550 1919 641 1971 est
678 1914 733 1971 in
771 1914 1080 1976 nonnullis
1113 1904 1484 1981 editionibus
1517 1920 1835 1981 undecima

1966 1908 2197 1969 incerus
2229 1906 2490 1968 veritatis
2542 1913 2773 1967 amator
2831 1904 2906 1966 de
2958 1904 3051 1965 his
3109 1905 3348 1987 scriptis
3400 1926 3574 1971 suum

176 2010 439 2063 auctorts
462 2001 655 2061 nostri
674 2002 755 2063 ad
776 2004 1260 2085 Apollophanem
1270 2008 1689 2089 philosophum
1715 2012 1837 2090 epi-
1924 1997 2109 2079 possit
2142 1997 2370 2059 facilius
2404 2002 2464 2059 et
2494 1995 2907 2090 cert_ius__ferre
2930 1994 3251 2073 judicium.

178 2091 360 2153 stola:
390 2090 498 2151 sed
522 2108 657 2150 cum
687 2108 755 2153 ea
777 2093 870 2153 vix
896 2092 969 2154 ab
994 2094 1115 2155 ullo
1142 2085 1402 2174 genuina
1433 2085 1564 2160 esse
1584 2085 1832 2163 censea-
2553 2085 2795 2151 CAPUT
2828 2085 2932 2148 “i-

182 2189 292 2255 tur,
328 2179 404 2241 de
436 2178 605 2240 illius
636 2183 906 2257 veritate,
936 2202 1009 2245 ne
1031 2204 1166 2246 cum
1202 2186 1333 2249 aliis
1364 2207 1619 2265 quarum
1648 2190 1839 2269 major
1928 2177 2149 2241 Ull‘um
2183 2180 2430 2269 quidam
2461 2184 2789 2269 εονίριρνεε
2818 2184 2959 2239 ante
2992 2176 3396 2241 θθῖίαείθηθπῑ
3422 2178 3580 2241 δοη⁹

184 2283 267 2335 est
294 2272 652 2344 difﬁcultas,
712 2275 1213 2355 confunderetur,
1251 2280 1313 2342 iu
1343 2282 1460 2344 ﬁne
1488 2282 1667 2363 huius
1696 2268 1833 2345 Dig-
2003 2268 2623 2363 stantinopolitanam
2654 2268 2780 2330 haec
2834 2284 3023 2347 opera
3069 2270 3358 2349 Dionysio
3389 2272 3575 2332 attri-

186 2365 521 2429 sertationis
568 2365 1032 2447 disputabimus.
1568 2359 1585 2363 ⁷

694 2367 1032 2434 putabimus.
1568 2359 1585 2363 ⁷
2003 2359 2241 2421 buert’nt
2276 2359 2302 2419 ξ)

823 2460 1070 2526 CAPUT
1116 2461 1189 2525 II,
2007 2452 2247 2512 Constat
2286 2448 2529 2529 quidem
2578 2450 2779 2511 omnia
2830 2448 3088 2510 auctoris
3144 2448 3326 2509 nostri
3383 2445 3579 2529 Opera

233 2547 585 2631 Exponitur
614 2560 817 2617 status
847 2555 1222 2635 quaestionis,
1287 2562 1339 2617 et
1374 2572 1494 2635 qua
1525 2555 1799 2618 methodo
1927 2547 2061 2620 Ροδί
2082 2538 2483 2635 ΡΡΗίιίίρηὲῐη
2520 2538 3034 2635 (ὶοηεξτιηιίηορριῑ
3066 2556 3220 2599 anno
3253 2538 3371 2635 5_33
3398 2537 3575 2600 habi"

820 2627 1219 2706 tractabitur:
1383 2627 1403 2635 ’
1927 2640 2042 2690 tam
2079 2628 2360 2708 Dionysio
2392 2631 2428 2690 A

1967 2647 2042 2689 tm
2079 2628 2360 2708 Dionysio
2392 2630 2772 2709 Areopagitae
2804 2647 2924 2689 uno
2954 2628 3080 2689 fere
3130 2627 3397 2688 omnium
3427 2647 3575 2688 con-

263 2732 343 2793 οε
376 2733 474 2794 his
520 2728 1039 2796 lucubrationibus
1069 2734 1118 2795 si
1151 2754 1219 2795 ex
1253 2735 1381 2814 ipso
1415 2753 1617 2796 earum
1670 2739 1839 2798 ιθειί-
1926 2738 2104 2779 sensu
2136 2718 2317 2779 fuisse
2348 2717 3580 2814 adiudicata.Utrumautemeademfuerit

186 2823 374 2883 [ῃοηίο
432 2824 668 2886 feratur
698 2824 1019 2904 senienlia,
1090 2806 1321 2886 (genui-[1
1384 2836 1473 2885 est
1528 2826 1659 2887 illas
1721 2846 1840 2889 non
1925 2810 2327 2889 antiquiorum
2362 2809 2590 2888 OpilllO,
2625 2810 2779 2869 inter
2812 2807 3076 2869 eruditos
3100 2808 3425 2868 etiamnum
3460 2806 3579 2867 ἀίε-

180 2911 348 2972 alium
415 2934 601 2995 quam
667 2901 1016 2995 Dionysium
1073 2916 1516 2995 Areopagitam,
1582 2936 1615 2975 ει
1660 2916 1837 2978 Paulo
1926 2911 2220 2981 captatur.
2260 2902 2606 2983 Dionysiani
2642 2902 2800 2963 enim
2835 2902 3171 2995 testimonia
3511 2904 3571 2978 ί,

178 2990 984 3107 ³Ρ⁰ἓ¹⁰¹⁰ίέίί¹βδῖί⁵ίίέξ¹ί¹ῐ¹¹
1017 3004 1198 3106 βάθη]
1218 2990 1840 3107 ἀδέυοίυτηνέἲὶυδίίυθ
1858 3057 1897 3107 c
1924 2991 2259 3107 ἒῖἾῗἾῗῗίίν
2285 2990 3118 3107 ‘3"i‘l‘i’1‘ls.5'?§i'3fi.'2if‘if?
3150 2991 3419 3107 Εῗῗίέῗῖῗξ
3449 2994 3574 3107 15?"

179 3080 375 3171 postea
417 3094 814 3175 discipulum,
852 3094 1133 3156 habuisse
1177 3104 1505 3159 auctorem.
1548 3080 1787 3161 'Vieruir.

1958 3083 2181 3143 ianzeni
2212 3111 2273 3161 ρ,
2299 3101 2332 3144 a
2364 3082 2580 3159 quibus
2614 3082 2741 3143 hzee
2772 3084 2993 3161 scripta
3026 3081 3114 3141 vel
3159 3080 3422 3161 Dionysii
3456 3101 3566 3142 no-

179 3170 481 3246 enimvero
517 3170 655 3266 qua;
687 3185 761 3246 de
793 3185 960 3265 solis,
994 3186 1228 3248 Christo
1250 3187 1567 3263 moriente,
1599 3188 1835 3275 cclipsi,
1924 3176 2082 3275 min}?
2114 3173 2438 3275 Olmie-ff“
2474 3172 2732 3275 indicata
2763 3174 3105 3275 9Plnan_l}"'i
3145 3170 3455 3275 Ρτιθξθτυηι
3508 3172 3573 3233 in

175 3272 242 3333 de
268 3265 549 3355 corpore
571 3275 844 3356 Deiparae
896 3274 1160 3353 Virginis
1194 3285 1328 3354 post
1358 3278 1486 3357 ejus
1522 3265 1835 3341 mone—md
1922 3266 2212 3329 medium.
2245 3266 2489 3357 Addunt
2549 3265 2894 3346 Dionysium
2955 3265 3448 3357 Alexandrinum,
3512 3272 3577 3325 ut

174 3380 232 3424 se
261 3372 320 3426 et
352 3354 429 3425 ab
463 3354 758 3445 apostolis
787 3365 937 3437 viso,
973 3364 1048 3426 de
1079 3364 1325 3428 Joannis
1356 3354 1737 3447 evangelista;
1763 3367 1837 3429 ab
1922 3357 2278 3447 Anastasius
2327 3355 2573 3437 Sinaila,
2616 3366 2853 3447 sanctus
2886 3354 3181 3447 Maximus
3233 3364 3291 3447 et
3341 3356 3574 3417 Nicetas

174 3453 377 3516 exsilio
396 3472 692 3534 regressu
716 3454 1017 3535 dicuntur,
1046 3474 1146 3517 eas
1170 3475 1205 3519 a
1224 3456 1501 3536 Dionysio
1515 3445 1631 3520 illo
1649 3458 1782 3540 scril

1954 3446 2237 3508 Lhoniates
2272 3454 2581 3521 testantur,
2649 3446 2706 3507 in
2742 3446 2955 3508 eadem
3009 3445 3274 3526 Dionysii
3319 3447 3562 3527 scripta,

176 3548 261 3606 tas
292 3562 432 3606 esse
465 3544 731 3606 clamant
762 3552 821 3607 et
853 3544 1265 3609 testificantur.
1321 3546 1439 3608 Sed
1472 3545 1617 3609 illud
1650 3566 1831 3610 voca-
1916 3541 2331 3602 adnotationes
2376 3547 2434 3601 el
2463 3540 2690 3601 sollolia
2721 3540 3005 3619 edidisse,

172 3642 265 3695 tur
296 3636 355 3695 in
392 3638 869 3697 controversiam
908 3654 1049 3696 num
1085 3637 1297 3698 horum
1328 3644 1537 3698 auctor
1580 3638 1830 3719 scripto-
1998 3627 2113 3692 Sed
2146 3629 2515 3691 contendunt
2542 3648 2745 3691 eorum
2777 3629 3103 3690 adversarii
3138 3647 3333 3706 natiue
3365 3628 3572 3708 Orige-

167 3741 295 3786 rnm
335 3725 390 3786 is
421 3743 568 3788 vere
600 3726 672 3790 sit
707 3726 1093 3807 Areopagita,
1129 3746 1305 3807 quem
1352 3745 1418 3788 se
1463 3728 1660 3807 prodit
1696 3729 1826 3792 τνθι
1915 3738 2079 3801 nem,
2115 3739 2311 3798 neque
2345 3720 2761 3800 Athanasium,
2797 3729 2860 3781 ut
2891 3738 3099 3781 omnes
3130 3720 3305 3781 facile
3340 3738 3567 3781 conce—

170 3816 459 3877 ementito
495 3817 645 3877 tanti
675 3816 787 3877 viri
818 3819 1062 3879 nomine
1094 3817 1336 3897 scriptis
1369 3818 1824 3883 snisauctorita-
1914 3810 2202 3892 dun!,Sed
2226 3812 2594 3874 recentiores
2614 3810 2906 3893 quosdam
2933 3811 3175 3890 horum,
3208 3828 3338 3891 quae
3374 3810 3567 3871 citan-

174 3914 289 3967 tem
324 3906 981 3970 volueritattribuere.
1017 3906 1154 3969 Haec
1189 3917 1387 3969 autem
1446 3911 1693 3987 quaestio
1752 3912 1827 3973 ob
1912 3910 2029 3982 ων,
2085 3920 2331 3983 operum
2392 3921 2523 3965 esse
2581 3912 2880 3963 aUCtOI‘eSo
2947 3900 3245 3973 Quantum
3300 3918 3437 3961 νθτο
3498 3900 3573 3961 ad

168 3996 437 4057 auctoris
469 4014 717 4072 nomen,
754 4006 813 4059 et
836 4015 1069 4058 summa
1111 4016 1240 4079 qua:
1272 3998 1330 4058 in
1388 3998 1482 4060 his
1542 4000 1827 4081 operibus
1910 3996 2160 4070 scholia,
2194 4004 2418 4059 certum
2441 3993 2995 4073 viderieaDionysii
3023 3993 3416 4055 Alexandrini
3450 4012 3571 4055 non

166 4092 505 4147 tractantur
538 4096 917 4165 argumenta,
952 4093 1098 4149 tanti
1131 4087 1414 4167 ponderis
1450 4098 1507 4150 et
1540 4094 1827 4155 momenti
1914 4102 2045 4148 esse
2076 4086 2284 4151 fetum.
2320 4086 2620 4149 Eusebius
2652 4085 2874 4147 etenim
2934 4091 3111 4163 atque
3141 4082 3563 4163 Hieronymus,

168 4177 293 4237 visa
325 4185 444 4252 est,
480 4184 547 4237 ut
602 4179 695 4239 vix
742 4177 859 4239 alia
907 4177 1109 4259 fuerit,
1147 4178 1208 4239 in
1268 4198 1383 4258 qua
1442 4182 1830 4245 examinanda
1912 4183 2011 4261 qui
2044 4181 2427 4245 Alexandrini
2447 4180 2990 4261 hujuspatriarchze
3012 4197 3194 4260 Opera
3226 4179 3571 4257 diligentis-

166 4266 366 4327 critici
403 4268 695 4346 majorem
717 4268 1088 4348 diligentiam
1122 4269 1468 4331 adhibuisse
1492 4271 1821 4333 videantur.
1910 4272 2527 4346 simerecensuerunt,
2550 4272 2769 4333 nullam
2788 4271 3030 4331 omnino
3058 4273 3268 4329 horum
3293 4268 3571 4329 scholio-

248 4356 445 4417 Porro
473 4368 677 4419 autem
704 4360 852 4421 duas
876 4359 961 4420 illi
993 4359 1345 4423 scinduntur
1380 4360 1440 4421 in
1458 4368 1675 4441 partes.
1710 4362 1826 4424 Alii
1852 4379 2043 4441 hrum
2078 4362 2350 4423 fecerunt
2386 4362 2776 4423 mentionem.
2812 4359 2962 4432 Quid
3023 4360 3178 4439 quod
3223 4357 3574 4420 Anastasius

165 4447 471 4527 siquidem
499 4454 720 4529 scripta
751 4450 878 4513 hmc
912 4451 1115 4513 omnia
1144 4468 1177 4511 a
1206 4421 1498 4530 Dionysio
1530 4454 1680 4533 ipso,
1714 4473 1824 4515 cu-
1852 4421 1975 4513 Dac
2014 4462 2144 4531 post
2192 4471 2325 4514 eum
2362 4450 2645 4513 Maximus
2680 4453 2839 4512 hunc
2875 4421 3220 4528 Dionisium
3258 4468 3328 4509 ex
3361 4448 3572 4509 rheto-

160 4535 261 4615 jus
293 4537 545 4598 nomine
579 4540 1013 4622 tnscribuntur,
1064 4540 1326 4621 profecta
1357 4558 1489 4602 esse
1547 4552 1818 4619 censent,
1907 4566 2037 4608 rum
2072 4564 2321 4608 numero
2364 4546 2713 4627 episcopum
2738 4546 2957 4607 factum
2991 4545 3172 4605 fuisse
3210 4542 3450 4620 aiunt.3r
3489 4543 3572 4604 At

166 4628 313 4699 Quae
344 4628 593 4709 quidem
647 4630 851 4709 opinio
904 4631 977 4693 ab
1008 4648 1078 4692 eo
1115 4639 1386 4711 tempore
1417 4650 1536 4708 quo
1593 4631 1711 4694 illa;
1760 4635 1821 4696 in
1907 4654 2164 4717 magnus
2206 4634 2747 4716 Dionysiasﬁerba
2778 4644 2915 4698 sunt
2948 4632 3277 4711 Athanasii)
3316 4650 3395 4694 ea;
3424 4632 3567 4694 rhe-

166 4718 379 4795 vulgus
410 4717 792 4803 prodierunt,
814 4740 1009 4799 usque
1038 4722 1108 4784 ad
1134 4721 1432 4783 decimum
1448 4730 1679 4784 sextum
1702 4722 1819 4786 Ec-
1908 4733 2105 4788 torum
2136 4743 2382 4788 numero
2414 4728 2729 4806 episcopus
2784 4724 3008 4805 factus,
3047 4725 3107 4785 in
3141 4722 3414 4796 sclwliis,
3451 4731 3568 4786 etc.

174 4806 366 4894 clesize
387 4808 698 4884 saeculum,
738 4813 943 4891 paucis
982 4812 1390 4889 nequidquam
1437 4812 1822 4876 reclamanti-
1907 4813 2194 4877 Maximus
2240 4835 2380 4878 vero
2414 4818 2517 4881 ἀπὸ
2547 4815 2808 4893 ρητόρων,
2856 4822 2971 4877 etc.
3010 4813 3188 4894 Atqui
3223 4812 3569 4892 Dionysius,

167 4893 305 4991 bus,
340 4897 502 4978 apud
550 4916 757 4961 omnes
788 4899 912 4991 fere
970 4901 1234 4963 invaluit.
1289 4902 1404 4965 Alii
1436 4920 1469 4964 e
1528 4910 1823 4967 contrario
1908 4908 3572 4991 antequaminepiscopumAlexandrinumessetassum-

164 4987 378 5081 eadem
414 5005 601 5081 opera
624 5008 784 5081 _cum
818 4989 1043 5053 liberos
1081 4998 1200 5053 tum
1238 4992 1519 5074 epistolas
1548 4993 1823 5074 Dionysio
1911 4987 2213 5081 ptusfnon
2241 4987 2604 5061 rhetoricam
2642 4996 3051 5079 profitebatur,
3076 5015 3181 5059 seu
3209 4996 3563 5059 catecheses

160 5078 552 5170 Areopagitae
583 5077 762 5159 plane
812 5080 1171 5163 penitusque
1202 5082 1569 5162 abjudicant,
1636 5101 1825 5165 eaque
1908 5077 2065 5170 apnd
2101 5089 2385 5170 populum
2420 5077 2823 5151 Christianum
2864 5088 3148 5150 habebat.
3212 5085 3365 5158 Quid
3427 5105 3570 5165 ergo

161 5166 510 5259 adulterina
540 5177 600 5229 et
623 5176 783 5259 tanto
811 5171 935 5232 viro
964 5173 1272 5253 supposita
1292 5173 1823 5238 essearbitrantur.
1910 5166 2053 5241 inde
2095 5166 2256 5241 aliud
2290 5179 2554 5259 colligas,
2603 5196 2782 5259 quam
2819 5178 2944 5240 haec
2976 5176 3204 5239 scholia
3225 5175 3572 5256 conscripta

160 5254 330 5350 Hanc
362 5275 504 5350 vero
537 5257 889 5337 opinionem
922 5279 1057 5323 cum
1094 5262 1260 5325 Valla
1290 5272 1346 5326 et
1370 5261 1654 5325 Erasmus
1693 5283 1826 5326 am-
1912 5270 2095 5333 fuisse
2138 5254 2457 5347 aquodaui
2487 5254 2751 5350 rhetore,
2784 5268 3027 5330 nomine
3048 5266 3357 5347 Dionysio,
3392 5254 3572 5345 quem

162 5345 384 5446 plexati
416 5346 696 5426 fuissent,
730 5349 1060 5413 acerrimos
1079 5352 1347 5418 omnium
1369 5351 1829 5419 sihiadversan—
1911 5345 2263 5423 Anastasius
2303 5367 2364 5424 et
2407 5360 2697 5423 Maximus
2737 5345 3157 5441 ipatriarcham
3207 5345 3574 5446 Alexandri-

164 5435 317 5497 tinm
341 5435 607 5519 impetus
638 5449 1026 5521 exceperunt.
1053 5443 1167 5505 Sed
1200 5444 1239 5505 ii
1269 5444 1515 5507 demum
1548 5445 1631 5509 ita
1661 5446 1828 5511 fracti
1913 5470 2058 5514 num
2091 5468 2223 5513 esse
2259 5448 2403 5512 falso
2433 5449 2704 5513 arbitrati
2737 5435 2899 5512 sunt.
2929 5446 3140 5526 Neque
3186 5463 3328 5508 vero
3363 5444 3424 5506 in
3457 5444 3572 5507 hoc

162 5535 329 5605 sunt,
365 5536 433 5591 ut
462 5547 617 5611 pene
648 5547 863 5595 omnes
895 5540 1014 5596 tam
1047 5533 1342 5601 Catholici
1379 5556 1558 5620 quam
1589 5540 1829 5605 hetero-
1914 5548 2143 5606 tantum
2170 5541 2388 5605 erravit
2429 5539 2783 5606 Anastasius
2814 5561 2830 5619 ;
2863 5557 2999 5603 nam
3036 5545 3099 5601 ut
3133 5542 3335 5619 cetera
3368 5547 3570 5600 tacea-

241 5691 265 5737 ί
310 5691 536 5756 Homil.
575 5694 638 5779 2,
673 5693 770 5760 De
797 5694 1034 5762 divers.
1081 5695 1113 5748 9
1145 5700 1371 5780 Quasi.
1407 5704 1486 5768 ad
1513 5702 1794 5770 Antioch.
1836 5711 1872 5767 δ
1898 5705 2071 5775 Tom.
2106 5702 2184 5772 Vl
2214 5680 2395 5774 Bibl.
2421 5702 2702 5786 Palmm;
2734 5722 2864 5789 cap.
2902 5704 2999 5768 12.
