4072 6444
501 350 576 415 15

1667 347 1729 412 S.
1773 345 2187 416 DIONYSIUS
2227 344 2716 414 AREOPAGITA
3819 359 3883 433 16‘

496 508 656 565 mus,
686 489 746 553 in
790 487 1001 553 eodem
1059 505 1242 570 Opere
1297 482 1686 568 Augustinum
1747 507 1849 572 pro
1909 487 2424 579 ChristoAOpera
2447 493 2722 576 Dionysio
2768 499 3142 579 Areopagitae
3192 501 3482 565 attribuit.
3561 506 3715 574 Ante
3749 531 3881 577 eum

496 580 845 662 sanguinem
871 598 1045 642 suum
1077 579 1304 643 fudisse
1333 580 1613 642 afﬁrmat:
1646 580 1928 643 Facessat
1958 576 2150 657 inquit

502 673 656 755 (cap.
690 675 769 749 1),
793 671 1202 752 Augustinus,
1229 671 1338 752 qui
1349 688 1457 734 suo
1479 673 1784 752 sanguine
1801 668 2151 749 inscriptis,

495 763 654 827 duas
675 764 746 825 in
776 760 1018 824 Christo
1036 767 1282 824 uatrras
1309 761 1726 841 constgnavit.
1764 757 1948 820 Porro
1977 777 2046 819 ea
2059 775 2158 817 au-

497 862 726 918 ctorum
756 853 856 935 qui
875 852 1163 914 hactenus
1196 851 1357 913 citati
1382 861 1541 932 sunt,
1582 870 1688 933 pro
1721 849 2157 931 DionysiiOpe-

493 944 665 1008 ribus
708 943 1073 1017 testimonia,
1107 941 1248 1005 ﬁdei
1279 951 1417 1005 sunt
1447 941 1598 1004 adeo
1632 940 1928 1014 sublestaa,
1964 941 2146 1002 utdo-

495 1037 716 1099 ctiores
738 1034 1100 1116 scriptorum
1131 1033 1512 1114 AreOpagitae
1537 1033 1882 1096 defensores
1912 1031 2011 1092 illa
2030 1049 2148 1092 non

488 1133 729 1190 tantum
760 1142 996 1204 urgere,
1032 1123 1138 1187 sed
1175 1141 1287 1186 nec
1345 1140 1682 1208 proponere
1726 1140 1956 1204 aequum
2017 1139 2148 1184 esse

493 1214 856 1300 putaverint.

571 1309 698 1371 Nec
744 1307 988 1389 majoris
1031 1302 1317 1387 ponderis
1347 1313 1436 1367 est
1483 1304 1640 1367 aliud
1698 1308 2141 1383 argumentum,

491 1397 640 1460 inde
666 1397 930 1475 ductum,
965 1394 1120 1478 quod
1152 1395 1433 1458 Clemens
1493 1393 1936 1459 Alexandrinus
1994 1400 2052 1453 et
2085 1392 2141 1452 in

490 1488 565 1550 iis
597 1506 728 1570 quae
757 1487 831 1550 de
845 1491 968 1552 Deo
1003 1504 1111 1566 per
1135 1486 1485 1566 negationes
1500 1481 2140 1565 cognoscendotradit,

493 1587 550 1641 et
582 1577 646 1641 in
679 1597 750 1640 eo
784 1577 944 1657 quod
988 1575 1262 1639 homines
1292 1575 1425 1638 vitae
1455 1575 1740 1655 gnosticae
1779 1573 2032 1654 deditos,
2069 1575 2140 1634 iis

492 1666 594 1751 qui
623 1669 946 1730 anchoram
978 1667 1242 1734 navis,ut
1263 1665 1341 1728 ad
1375 1685 1503 1727 eam
1539 1664 1850 1737 accedant,
1869 1665 2132 1741 trahunt,

493 1757 883 1839 comparavit,
909 1756 1254 1838 Dionysium
1279 1764 1547 1817 nostrum
1577 1757 1653 1818 sit
1684 1755 1966 1816 imitatus.
1993 1758 2142 1818 Con-

491 1857 585 1912 tra
615 1849 774 1910 enim
800 1847 1071 1910 nonnulli
1092 1845 1641 1927 Areopagiticorum
1664 1845 1982 1907 adversarii
2006 1863 2142 1906 con-

495 1939 746 2002 tendunt
776 1958 894 2001 non
946 1938 1318 2001 Clementem
1382 1956 1452 2000 ex
1511 1955 1651 1998 vero
1689 1934 1984 2016 Dionysio.
2039 1935 2143 1996 sed

493 2024 1109 2112 pseudo-Dionysium
1145 2048 1180 2090 a
1209 2027 1538 2105 Clemente,
1567 2027 1672 2105 qui
1703 2027 1802 2088 illo
1847 2026 2144 2106 antiquior

493 2131 645 2198 erat,
679 2140 748 2184 ea
779 2139 913 2203 quae
955 2120 1301 2182 referuntur
1351 2137 1492 2180 suos
1523 2116 1846 2179 adduxisse
1878 2116 1938 2177 in
1975 2135 2140 2178 usus.

490 2212 612 2275 Alii
641 2231 782 2274 vero
809 2219 1013 2293 putant
1048 2209 1177 2272 ﬁeri
1209 2208 1380 2270 facile
1443 2208 1711 2290 potuisse
1743 2216 1806 2268 ut
1863 2214 2138 2287 uterque,

493 2303 606 2364 etsi
639 2304 788 2365 alter
811 2303 978 2364 alteri
1001 2300 1249 2362 minime
1282 2307 1477 2370 notus,
1508 2297 1672 2359 illam
1698 2296 1973 2359 anchoras
1989 2297 2148 2358 navis

494 2401 756 2455 attracta:
799 2395 1330 2473 eomparationem,
1394 2408 1523 2469 quas
1556 2388 1802 2450 cuilibet
1832 2385 2001 2448 obvia
2034 2394 2143 2463 cst,

493 2482 857 2546 anhibuerit.
901 2481 971 2544 Et
1002 2500 1067 2543 re
1090 2479 1332 2562 quidem
1366 2477 1496 2558 ipsa
1525 2477 1596 2539 ab
1633 2486 1888 2558 utroque
1919 2476 2021 2538 illa
2048 2475 2142 2538 di-

489 2591 663 2637 verso
695 2573 870 2655 plane
927 2570 1258 2634 instituitur
1312 2568 1511 2644 modo,
1570 2575 1628 2631 et
1671 2567 1855 2629 rebus
1900 2568 2144 2628 omnino

494 2663 746 2726 diversis
772 2658 1463 2732 accommodatur.Quod
1487 2677 1625 2720 vero
1658 2659 1732 2720 de
1759 2659 1881 2721 Deo
1906 2676 2009 2737 per
2036 2678 2144 2718 nc-

495 2753 768 2834 gationes
795 2749 1211 2833 cognoscendo
1247 2749 1522 2823 traditur,
1551 2749 1607 2810 id
1644 2767 1762 2810 non
1785 2747 1981 2808 minus
2011 2747 2144 2808 vul-

495 2863 636 2924 gare
668 2853 757 2906 est
787 2853 846 2905 et
880 2843 1111 2916 tritum,
1153 2859 1222 2901 ac
1266 2839 1519 2920 proinde
1550 2838 1693 2900 illud
1730 2841 1905 2900 etiam
1965 2837 2152 2919 potuit

494 2955 528 2998 a
559 2935 792 2998 duobus
827 2932 1223 3016 scriptoribus
1253 2929 1370 2992 sibi
1399 2929 1652 2994 invicem
1687 2928 2006 3009 incognitis
2040 2947 2147 3008 pa-

493 3027 642 3090 riter
672 3025 1096 3106 aequaliterque
1135 3021 1361 3085 doceri.

570 3116 659 3180 De
689 3115 982 3196 Gregorio
1000 3115 1241 3176 demum
1275 3111 1669 3187 Nazianzeno,
1693 3129 1868 3192 quem
1903 3129 1971 3173 ex
2004 3129 2132 3172 auc~

492 3207 642 3272 toris
695 3193 884 3269 nostri
913 3203 1212 3284 Operibus
1259 3201 1482 3283 alipuid
1510 3203 1836 3264 dellorasse
1868 3201 2138 3262 nonnulli
2163 3193 2203 3243 ο

489 3301 884 3378 arbitrantur,
946 3296 1134 3376 major
1186 3293 1390 3375 procul
1450 3292 1630 3354 dubio
1690 3299 1781 3354 est
1824 3290 2141 3352 difﬁcultas

490 3389 742 3462 Quidam
774 3389 1082 3451 enimvero
1113 3384 1320 3447 eadem
1354 3381 1550 3462 Opera
1580 3380 1842 3461 Dionysii
1874 3383 2140 3462 Aeropa-

492 3483 633 3558 giliﬁ
663 3478 846 3540 fetum
881 3494 1014 3539 esse
1046 3481 1350 3554 negantes,
1386 3472 1646 3535 fatentur
1675 3490 1746 3535 ea
1774 3490 1807 3532 a
1850 3471 2139 3550 Gregorio

492 3571 861 3632 Nazienzeno
894 3567 1046 3628 lecta
1068 3565 1251 3628 fuisse
1267 3571 1324 3626 et
1353 3563 1738 3644 pervolutata,
1775 3580 1843 3623 ac
1865 3563 1992 3642 ipso
2016 3579 2141 3623 esss

494 3661 854 3743 antiquiora.
889 3659 1006 3722 Sed
1041 3657 1116 3720 de
1174 3657 1268 3719 his
1300 3655 1454 3718 infra
1486 3654 1878 3739 opportunior
1910 3654 2146 3718 dabitur

494 3751 830 3816 disserendi
871 3749 1060 3811 locus.

1124 3873 1362 3938 CAPUT
1407 3873 1507 3938 IV.

496 3995 892 4061 Palmarium
950 3995 1524 4075 Areopagiticorum
1576 3984 2026 4073 argumentum,
2073 4009 2151 4056 ea:

574 4089 881 4150 constanti
908 4087 1185 4149 undecim
1235 4083 1597 4146 sweulorum
1655 4082 1980 4146 traditione
2034 4083 2144 4146 de-

571 4184 943 4260 promptum,
975 4179 1360 4257 proponitur.

575 4293 934 4356 Palmarium
968 4294 1164 4374 itaque
1189 4291 1674 4375 principuumque
1703 4290 2143 4371 Areopagitica-

2229 602 2368 646 vero
2394 583 2669 666 Ephraem
2704 588 3037 668 patriarcha
3080 593 3517 657 Antiochenus.

2319 673 2694 772 Circainitiia
2725 679 2923 741 saeculi
2957 682 3194 761 septimi
3224 683 3432 745 eadem
3469 686 3580 750 fuit
3614 690 3880 772 Gregorii

2238 764 2436 844 Magni
2465 767 2762 828 sententia
2784 769 2991 830 homil.
3031 771 3108 832 34
3139 771 3195 832 in
3224 774 3505 854 Evangel.
3545 764 3881 844 Luczeflﬂo-

2245 856 2378 917 dem
2413 855 2634 918 sazculo
2669 865 2726 918 et
2756 861 3162 922 Monothelitae
3194 862 3478 942 haeretici,
3517 868 3881 934 etCatbolici

2231 965 2440 1007 omnes
2461 946 2584 1010 sive
2611 945 2669 1009 in.
2699 948 2935 1027 synodis
2967 953 3352 1015 Laleranensi
3386 968 3445 1016 et
3476 955 3884 1024 Constantino-

2234 1037 2498 1132 politana
2518 1038 2811 1132 generali,
2834 1040 2958 1103 sive
2982 1042 3038 1102 in
3061 1043 3298 1124 scriptis
3321 1045 3445 1106 suis
3465 1047 3672 1111 eadem
3692 1051 3885 1132 Opera

2230 1127 2892 1222 DionysioAreopagitaa
2923 1131 3188 1222 tribuunt
3221 1141 3276 1194 et
3305 1135 3628 1199 vindicant.
3667 1127 3884 1222 Et'qui-

2229 1216 2363 1278 dem
2381 1217 2921 1297 haeretici:Sergius
2953 1221 3121 1301 epist.
3144 1223 3216 1284 ad
3249 1216 3877 1306 Cyrumpatriarcliam

2227 1307 2583 1400 Alexandr.;
2609 1309 2969 1400 Themistius
3007 1317 3178 1391 epist.
3221 1314 3294 1375 ad
3349 1316 3676 1380 Marcellin.
3713 1341 3879 1400 pres-

2228 1396 2372 1478 byt.,
2410 1406 2467 1460 et
2496 1399 2704 1474 Steph.
2739 1399 2890 1462 diac.
2957 1402 3247 1465 Catholici
3281 1423 3417 1467 vero
3454 1427 3467 1466 :
3505 1396 3876 1488 Sophronius

2229 1489 2561 1582 patriarcha
2591 1488 2980 1582 Hierosolym.
3045 1494 3218 1572 epist.
3283 1497 3354 1558 ad
3417 1497 3614 1582 Serg.;
3656 1504 3880 1582 Agatho

2235 1598 2407 1660 papa,
2444 1580 2617 1660 epist.
2654 1581 2724 1641 ad
2759 1583 3063 1644 Constant.
3101 1587 3423 1665 Pogonat.;
3453 1580 3743 1654 Maximus
3772 1595 3880 1654 ab-

2226 1667 2331 1730 bas
2365 1677 2426 1731 et
2451 1677 2691 1762 martyr,
2727 1671 2787 1762 in
2825 1672 3093 1736 scholiis.
3130 1673 3277 1736 Item
3312 1678 3621 1742 Adrianus
3652 1683 3674 1744 Ι
3710 1701 3876 1762 papa,

2225 1762 2398 1851 epist.
2444 1759 2513 1851 ad
2575 1760 2769 1851 Carol,
2830 1764 3026 1843 Magn.
3060 1784 3164 1846 pro
3211 1770 3462 1847 septima
3494 1759 3742 1851 synodo.
3780 1759 3883 1834 His

2172 1902 2205 1951 Β
2230 1849 2689 1951 adjungilpolest
2718 1849 3070 1951 Theqdorus
3089 1856 3395 1951 presbyter
3423 1849 3574 1940 apud
3603 1864 3876 1925 Photium

2229 1942 2287 2003 in
2328 1941 2640 2033 Biblioth...
2677 1943 2811 2005 cod.
2845 1942 2918 2007 ΙΙ.
2970 1945 3246 2018 Quamvis
3294 1950 3454 2012 enim
3507 1951 3880 2033 incomperta

2229 2033 2305 2094 sit
2333 2031 2493 2095 illius
2521 2042 2682 2114 tatas,
2709 2033 3164 2115 antiquissimus
3195 2047 3392 2102 tamen
3422 2059 3554 2103 esse
3583 2031 3868 2108 creditur.

2307 2123 2535 2187 Saaculo
2571 2133 2798 2199 octavo,
2827 2127 3086 2189 Joannes
3118 2131 3520 2192 Damascenus
3552 2131 3631 2193 lib
3693 2135 3712 2196 Ι
3748 2134 3875 2196 0r-

2228 2213 2426 2277 thoxm
2455 2215 2590 2294 ﬁd.,
2639 2234 2768 2294 cap.
2806 2217 2902 2297 15,
2940 2223 2998 2280 et
3030 2217 3134 2281 lib.
3198 2217 3270 2295 Il,
3332 2241 3464 2301 cap.
3502 2222 3538 2282 3
3578 2245 3590 2285 :
3627 2223 3879 2286 Michael

2231 2302 2541 2384 Syngellus
2572 2305 2844 2366 laudatus
2911 2305 3286 2371 aTheodoro
3344 2311 3578 2373 Studita
3637 2313 3740 2375 lib.
3805 2312 3877 2390 II,

2229 2395 2403 2475 epist.
2431 2394 2548 2456 213
2586 2413 2601 2470 ;
2636 2398 2911 2458 Anastas.
2946 2395 3293 2472 Niessenus,
3335 2399 3555 2473 Quasi.
3583 2402 3658 2465 3‘2
3681 2412 3743 2464 et
3779 2403 3877 2466 52.

2309 2484 2538 2546 Saeculo
2573 2485 3051 2566 nono,Nicolaus
3083 2487 3105 2548 Ι
3143 2507 3298 2550 sum.
3337 2492 3545 2570 pontif.
3582 2493 3759 2572 epist.
3799 2495 3868 2554 ad

2228 2575 2505 2638 Michael.
2535 2575 2813 2655 imperat.
2852 2597 2866 2654 ;
2901 2576 3144 2639 Pbotius
3177 2579 3511 2657 patriarcha
3537 2581 3880 2645 Constanti-

2232 2684 2372 2746 nop.
2405 2665 2462 2725 in
2498 2664 2680 2738 Bibl.,
2728 2667 2866 2727 cod.
2902 2667 3008 2729 23!
3053 2689 3067 2746 ;
3105 2667 3423 2730 Hilduinus
3455 2670 3637 2732 abbas
3670 2671 3871 2734 Sancti

2231 2754 2494 2836 Dionysii
2529 2755 2586 2815 in
2620 2757 3370 2838 Areopagit.;liincmarus
3396 2761 3871 2843 archiep.ltem.,

2233 2850 2385 2924 epist
2414 2843 2484 2904 ad
2521 2843 2714 2907 Carol.
2749 2845 2936 2920 Calv.,
2975 2849 3323 2908 Anastasius
3355 2846 3663 2925 Biblioth.,
3701 2851 3875 2932 epist.

2232 2935 2303 2995 ad
2334 2934 2639 2997 eumdem.

2311 3024 2544 3086 Saecula
2569 3024 2826 3105 decimo,
2853 3025 3093 3087 Simeon
3127 3027 3580 3107 Metapbrastcs,
3607 3038 3759 3092 orat.
3801 3033 3880 3094 De

2232 3113 2473 3176 dormit.
2509 3116 2797 3195 Deiparm.
2861 3115 2985 3178 Huc
3016 3136 3253 3197 quoque
3307 3120 3578 3180 advocari
3635 3119 3884 3182 forsitan

2229 3213 2475 3285 possunt
2502 3205 2742 3285 quidam
2787 3204 3028 3268 incertis
3079 3207 3264 3267 aetatis
3309 3208 3686 3286 scriptores:
3724 3210 3880 3273 Elias

2224 3296 2523 3358 Cretensis
2551 3295 2612 3355 in
2642 3303 2790 3358 orat.
2815 3296 2854 3356 2
2882 3296 3071 3359 sancti
3108 3295 3377 3378 Gregorii
3412 3298 3719 3382 Nazianz;
3753 3300 3873 3362 An-

2223 3384 2422 3447 tonius
2447 3384 2615 3446 Melis
2640 3404 2725 3466 sa,
2761 3385 2866 3447 lib.
2906 3387 2947 3462 Ι,
2982 3404 3165 3449 serm.
3220 3387 3317 3462 19,
3357 3395 3415 3449 et
3443 3389 3546 3451 alii
3580 3389 3880 3452 nonnulli.

2275 3503 2277 3505 ί
2306 3472 2534 3536 δωρυιο
2568 3475 2910 3556 undecimo,
2939 3473 3154 3537 Suidas
3183 3476 3245 3538 in
3277 3477 3681 3543 Collectaneis

2310 3564 2537 3629 Saecula
2570 3565 2912 3642 undecimo,
2964 3565 3311 3647 Euthymius
3363 3568 3693 3648 Zigabenus
3753 3590 3885 3633 mo-

2229 3656 2454 3718 nachus
2481 3655 2751 3736 Panopl.,
2770 3656 2859 3717 tit.
2880 3653 2951 3732 ll,
2978 3655 3144 3735 Hugo
3175 3675 3210 3718 a
3233 3655 3447 3721 Sancto
3479 3657 3742 3741 Victore,
3771 3659 3882 3722 Pe-

2232 3754 2355 3808 trus
2378 3745 2747 3808 Lombardus
2779 3745 2839 3806 in
2871 3744 2923 3807 II
2955 3746 3246 3820 Sentent.,
3275 3756 3332 3810 et
3354 3747 3453 3810 alii
3476 3761 3680 3830 postea
3709 3750 3882 3811 theo-

2233 3833 2354 3912 logi
2377 3834 2739 3896 scholastici.

2321 3926 2552 3988 Szeculo
2613 3926 2848 3988 decimo
2904 3925 3107 4000 tertio,
3153 3925 3528 4009 Nicephorus
3585 3926 3881 4008 Callistus,

2229 4015 2335 4077 lib.
2379 4015 2428 4076 Il
2480 4015 2720 4078 Histor.
2756 4017 2991 4099 eodem,
3027 4036 3134 4100 cap
3179 4019 3258 4080 90
3288 4026 3344 4081 et
3374 4016 3450 4081 22
3485 4041 3500 4092 ;
3531 4017 3600 4080 D.
3627 4016 3888 4079 Thomas

2226 4107 2493 4188 Aquinas
2523 4109 2581 4169 in
2611 4106 2662 4171 ll
2694 4108 2992 4184 Sentent,
3028 4109 3164 4174 dist.
3199 4109 3289 4185 10,
3321 4117 3528 4191 quaest.
3573 4115 3627 4183 ι,
3653 4107 3879 4185 an”;

2227 4197 2518 4277 Georgius
2552 4199 3002 4280 Pachymerius,
3028 4199 3387 4282 scriptorum
3419 4197 3682 4279 Dionysii
3704 4215 3880 4278 para-

2232 4289 2522 4370 phrastes.

494 4404 629 4448 rum
661 4386 1026 4447 momentum
1061 4384 1203 4446 inde
1244 4382 1476 4445 ducitur
1507 4381 1664 4463 quod
1721 4399 1874 4442 anno
1933 4381 2051 4444 533
2082 4384 2140 4443 in
2165 4407 2210 4458 ο
2308 4378 2535 4442 Smculo
2565 4378 2799 4441 decimo
2831 4388 3061 4459 quarto,
3101 4379 3412 4443 Teodorus
3458 4377 3820 4442 Prodemus.

497 4475 823 4539 Collatione
842 4473 1639 4554 Constantinopolitanaluec
1663 4470 1926 4533 auctoris
1949 4474 2142 4534 nostri

498 4566 700 4648 Opera
731 4567 805 4627 ab
837 4563 1160 4646 Acepbalis
1190 4582 1296 4624 seu
1321 4562 1657 4625 Severianis
1689 4563 1984 4625 haereticis
2030 4564 2141 4624 ad-

497 4675 705 4720 versus
726 4654 1087 4718 orthodoxos
1106 4653 1370 4734 Dionysii
1390 4654 1760 4734 Areopagitae
1773 4653 2013 4715 nomine
2029 4653 2144 4735 pri-

497 4765 662 4809 mum
696 4744 896 4826 citata,
917 4744 1089 4824 paulo
1123 4742 1341 4824 postab
1366 4741 1507 4822 ipsis
1537 4743 1856 4805 Catlmlicis
1888 4761 2140 4823 provero

497 4835 829 4915 etgenuino
856 4834 1122 4913 ejusdem
1157 4832 1417 4912 Dionysii
1444 4833 1563 4892 fetu
1587 4841 1862 4912 suscepta
1881 4841 2038 4909 sunt,
2072 4851 2142 4896 ac

497 4925 737 4987 tandem
772 4943 806 4986 a
835 4923 1070 4988 caneris
1099 4921 1377 4983 omnibus
1443 4922 1762 5001 cujuslibet
1812 4922 2051 5001 generis
2084 4930 2142 4986 et

495 5013 850 5077 eruditionis
873 5010 1353 5094 scriptoribusad
1370 5024 1630 5073 nostram
1652 5011 1778 5074 fere
1799 5031 1984 5093 usque
1999 5021 2137 5075 teta-

493 5113 613 5166 tem
647 5102 763 5184 ipsi
784 5102 1102 5164 vindicata.
1138 5100 1377 5181 Longos
1407 5108 1604 5162 autem
1641 5100 1849 5162 horum
1883 5103 2140 5184 scripto-

492 5211 624 5257 rum
651 5200 860 5255 texunt
885 5193 1211 5270 catalogus;
1245 5191 1350 5253 sed
1374 5190 1742 5268 singulorum
1778 5192 2136 5271 testimonia,

494 5291 616 5344 tum
637 5282 775 5364 quia
799 5280 1122 5363 prolixiora
1151 5287 1440 5361 sunt,tum
1467 5281 1605 5361 quia
1624 5282 1698 5343 de
1712 5299 1916 5343 eorum
1941 5296 2141 5345 aucto-

492 5371 671 5436 ritate
702 5371 773 5432 lis
805 5369 966 5432 nulla
1005 5377 1299 5445 movetur,
1331 5371 1562 5450 integra
1615 5390 1735 5432 non
1796 5372 2136 5450 citabimus,

491 5462 864 5541 singulorum
897 5477 1120 5523 nomen
1150 5466 1208 5522 et
1237 5460 1464 5541 scripta
1492 5461 1793 5542 appellare
1822 5465 2115 5526 contenti.

2307 4468 2536 4532 Saeculo
2567 4468 2804 4531 decimo
2826 4469 3056 4550 quinto,
3077 4469 3356 4532 Bessario
3380 4467 3697 4549 cardinal.,
3733 4467 3820 4529 lib
3843 4482 3881 4525 .1

2225 4561 2469 4623 Defens.
2539 4559 2811 4639 Platou.,
2873 4559 3000 4640 caq’
3032 4561 3069 4622 3
3098 4580 3113 4636 ;
3146 4558 3460 4639 Dionysius
3493 4557 3871 4620 Carthusian.

2225 4655 2451 4738 praefat,
2487 4656 2545 4716 in
2578 4657 2819 4735 Dionys.
2855 4656 3150 4735 Areopag.

2305 4745 2541 4810 Taeculo
2569 4745 2800 4807 decimo
2833 4753 3019 4826 sexto,
3045 4743 3685 4823 EacultasTheofogim
3703 4740 3876 4806 Pari-

2225 4839 2442 4900 siensis
2472 4837 2532 4898 in
2561 4837 2818 4899 comitiis
2875 4835 3220 4898 Sorbonicis
3275 4836 3600 4899 Lutherum
3636 4842 3692 4895 et
3724 4833 3868 4894 Era-

2225 4947 2444 5004 smum,
2471 4927 2680 4989 eadem
2713 4931 2931 5005 scripta
2961 4945 2994 4988 a
3028 4925 3306 5007 Dionysio
3353 4924 3706 5004 Areopagita
3740 4941 3877 5003 pro—

2225 5019 2376 5083 fecta
2407 5037 2539 5082 esse
2556 5025 2863 5096 negantes,
2901 5016 3219 5078 damnavit'
3252 5016 3507 5077 alterum
3524 5021 3719 5077 anno-l
3738 5011 3874 5086 520,

2223 5109 2472 5171 alterum
2506 5127 2663 5170 anno
2694 5107 2874 5170 159.7.
2895 5105 3201 5168 Posterius
3225 5105 3536 5168 decretum
3581 5103 3799 5184 saepius
3819 5102 3879 5163 in

2222 5197 2474 5274 Erasmi,
2501 5199 2602 5279 qui
2625 5216 2696 5259 eo
2718 5195 3086 5277 percellitur,
3117 5192 3416 5276 Operibus
3449 5192 3730 5256 omnibus
3750 5209 3879 5273 per-

2224 5289 2522 5369 vulgatum
2549 5295 2656 5365 est,
2692 5294 2750 5348 et
2781 5285 3028 5347 cuilibet
3055 5285 3324 5349 obvium.
3364 5283 3540 5347 Prius
3576 5301 3738 5364 vero,
3764 5300 3877 5362 quo

2223 5381 2515 5441 Lutherus
2551 5376 2964 5460 proscribitur,
2994 5377 3281 5439 hactenus
3306 5374 3628 5450 ineditum,
3653 5373 3714 5434 in
3743 5370 3876 5460 Sor-

2219 5468 2393 5532 bonae
2421 5459 2612 5550 libris,
2659 5485 2730 5528 ex
2759 5465 2976 5548 quibus
3005 5467 3153 5529 illud
3212 5464 3726 5546 transcripsimus,
3785 5459 3876 5522 bis

574 5553 715 5614 Post
745 5549 1131 5616 Collationem
1177 5550 1380 5632 itaque
1425 5549 2134 5634 Constantiuopolitanam
2217 5559 2416 5624 verbis
2443 5549 2778 5639 concipitur
2811 5577 2824 5620 :
2858 5558 3193 5621 Addituret
3224 5558 3353 5620 haec
3375 5555 3450 5620 de
3481 5552 3634 5617 libro
3661 5553 3734 5614 de
3758 5551 3872 5614 Ca-

489 5640 650 5705 circa
663 5640 818 5734 serti
845 5641 1046 5703 saeculi
1075 5641 1255 5734 ﬁ_nem
1278 5639 1933 5734 _Leontius__l3yzantius,
1972 5643 2138 5708 lib.lI
2215 5653 2416 5734 punit.
2440 5647 2738 5731 Babylon.
2775 5669 2801 5708 ι
2821 5647 2898 5712 1η
2927 5647 3242 5731 Dionysio,
3267 5647 3377 5730 qui
3401 5646 3644 5725 scripsit
3665 5642 3737 5734 de
3767 5657 3874 5734 coef

491 5739 696 5795 contra
737 5729 972 5796 Nestor.
1009 5739 1066 5793 et
1093 5729 1430 5813 Eutychet.,
1466 5740 1525 5792 et
1555 5731 1663 5796 lib.
1700 5736 1784 5796 De
1831 5741 1978 5800 sect.
2011 5736 2135 5800 haec
2215 5729 2340 5802 testi
2369 5729 2695 5811 hierarchia,
2724 5739 2868 5799 nihil
2894 5739 3068 5810 ferme
3092 5729 3171 5795 est
3200 5737 3384 5796 solida
3409 5731 3730 5792 eruditionis
3761 5747 3781 5790 :
3822 5733 3876 5787 et
