4072 6430
194 320 264 386 2i

1613 312 2021 389 PROLEGOM
2032 312 2207 377 ENA.

3524 307 3603 377 22

277 451 678 529 Baronius,et
698 450 945 515 scientia
970 458 1028 513 et
1050 466 1310 531 purpura
1331 451 1864 527 eminentissimus,
1892 459 1928 507 Α
1953 450 2366 530 "temetipsum
2390 446 2605 510 habeo:
2632 463 2984 526 quanquam
3008 446 3284 510 cusebius
3304 445 3614 529 Pamphili

200 554 414 626 aperte
442 554 626 625 negat
647 544 868 624 scripta
884 540 1143 621 Dionysii
1165 540 1422 606 Eusebio
1436 541 1616 607 fuisse
1643 548 1875 627 penitus

200 639 609 716 incomperta.
644 637 759 694 Cur
777 640 975 695 autem
1010 631 1083 691 de
1113 631 1184 692 iis
1206 630 1498 694 Eusebius
1526 638 1793 714 tacuerit,
1824 638 1876 701 si

197 726 265 787 ab
303 744 380 786 eo
418 724 761 807 quaesieris,
796 720 1119 804 respondet
1148 720 1313 782 illum
1348 723 1487 786 vafri
1540 728 1877 809 versutique

193 814 385 876 animi
420 815 807 895 scriptorem,
845 830 980 874 cum
1013 811 1291 873 Arianam
1326 812 1623 897 haeresim,
1660 817 1753 879 cui
1784 819 1866 879 fa-

196 905 399 986 vebat,
436 906 536 965 bis
580 904 751 965 libris
781 901 1006 964 destrui
1038 901 1286 977 videret,
1322 921 1423 964 eos
1471 906 1675 969 doloso
1711 911 1871 970 trau-

196 996 582 1076 dulentoque
614 995 853 1056 silentio
879 992 1348 1071 praetermisisse.
1380 993 1596 1057 Verum
1623 998 1748 1061 btec
1774 998 1876 1060 do-

197 1086 461 1149 ctissimi
500 1087 611 1147 viri
642 1087 953 1166 responsio
998 1082 1289 1158 Ilaloixio,
1323 1085 1873 1168 Areopagiticorum

196 1176 515 1240 acerrimo
540 1175 869 1257 defensori,
890 1176 970 1238 ita
999 1174 1322 1256 displicuit,
1360 1186 1570 1238 uteam
1604 1199 1722 1240 non
1747 1181 1879 1243 sine

199 1267 449 1329 fastidio
482 1269 579 1328 his
600 1265 799 1327 verbis
823 1266 1097 1346 explodat
1117 1268 1167 1327 5:
1198 1264 1355 1327 Nam
1384 1268 1546 1347 quod
1577 1268 1771 1349 aliqui
1789 1271 1879 1332 di-

198 1366 346 1419 eunt
372 1377 521 1419 eum
551 1358 612 1419 id
633 1357 859 1436 fraude
882 1357 1119 1436 fecisse,
1145 1358 1486 1419 convicium
1504 1368 1675 1437 puto.
1717 1362 1881 1436 Quid

198 1454 367 1513 enim
398 1450 493 1512 ibi
519 1449 895 1512 tumrlarum
914 1467 1022 1526 pro
1053 1456 1281 1511 atoma
1307 1449 1526 1511 Christi.
1539 1451 1874 1531 divinitate,

201 1541 369 1621 quod
390 1559 527 1602 non
546 1540 732 1603 niulto
754 1540 985 1602 clarius
1002 1541 1061 1600 in
1084 1539 1179 1602 Sci
1198 1540 1218 1598 i
1218 1542 1419 1617 pluris
1435 1543 1619 1603 sacris
1642 1550 1879 1605 conten-

204 1638 333 1693 tum
358 1638 472 1694 sit.
642 1648 754 1692 nec
780 1630 1016 1691 beatum
1038 1629 1338 1690 Irenaeum
1363 1630 1517 1694 Filii
1547 1651 1681 1693 cum
1702 1636 1879 1695 l’atre

203 1730 521 1783 a’temam
602 1722 1074 1783 coea'istentinm
1131 1721 1471 1782 clarissime
1536 1725 1875 1801 professum

1962 540 2165 601 decem
2188 539 2605 600 ecclesiasticae
2636 535 2906 598 Historiae
2936 536 3113 617 liyris
3134 540 3414 599 maxime
3438 539 3613 603 nobis

1962 621 2303 698 adjumento
2319 619 2539 698 fuerit.
2560 618 2645 681 Ibi
2667 617 2824 679 enim
2849 634 2968 681 non
2997 617 3247 681 obscure
3270 618 3530 681 declarat
3547 639 3612 683 se

1962 710 2185 771 nullum
2215 710 2492 790 praevium
2537 707 2885 789 magistrum
2913 706 3213 784 habuisse,
3241 716 3417 787 atque
3434 710 3613 773 Euse-

1964 800 2124 861 bium
2154 799 2265 880 ipsi
2300 805 2525 860 tantum
2556 797 2811 860 maximo
2844 798 3026 859 fuisse
3053 798 3419 878 adjumento.
3452 802 3526 864 Et
3546 819 3613 864 re

1964 889 2204 968 quidem
2233 908 2395 957 vera,
2432 896 2673 952 sanctus
2701 888 2804 951 ille
2837 889 3045 950 doctor
3072 889 3466 970 quorumdam
3498 909 3609 953 au-

1962 986 2193 1041 ctorum
2229 978 2502 1041 meminit
2524 996 2779 1059 quorum
2815 979 2976 1041 nulla
3008 986 3201 1042 exstat
3229 979 3385 1060 apud
3417 980 3610 1043 Euse-

1961 1065 2125 1128 bium
2161 1086 2289 1129 com
2303 1086 2353 1127 m
2367 1067 2680 1130 emoratio.

2046 1162 2114 1218 At
2147 1157 2395 1219 validius
2428 1159 2681 1219 forsitan
2706 1158 2883 1220 telum
2918 1159 3059 1221 inde
3091 1165 3296 1222 contra
3324 1161 3613 1238 quosdam

1965 1248 2533 1329 Antiareopagiticos
2592 1248 2988 1330 torquebitur,
3026 1250 3127 1331 qui
3170 1252 3297 1313 haec
3352 1250 3617 1332 Dionysii

1964 1340 2159 1423 Opera
2175 1350 2310 1403 ante
2334 1341 2677 1423 Hieronymi
2704 1350 2937 1405 aetatem
2972 1344 3131 1405 edita
3162 1362 3292 1405 esse
3320 1346 3615 1407 confiten-

1966 1440 2083 1494 tur:
2117 1432 2257 1495 hinc
2288 1433 2512 1514 quippe
2543 1432 2859 1496 conﬁcitur
2886 1432 2988 1494 illa
3018 1432 3402 1515 Hieronymo,
3438 1454 3613 1517 quam

1964 1522 2049 1583 vis
2081 1523 2154 1585 de
2186 1523 2256 1584 iis
2287 1521 2568 1598 tacuerit,
2604 1527 2872 1604 potuisse
2904 1530 3042 1585 nota
3076 1523 3229 1586 ﬁeri.
3266 1522 3487 1587 Verum
3528 1524 3617 1587 illi

1962 1612 2073 1675 hoc
2100 1614 2214 1675 telo
2240 1614 2491 1675 minime
2516 1631 2580 1674 se
2626 1612 2791 1676 feriri
2822 1612 3184 1675 arbitrantur
3215 1633 3233 1689 ;
3278 1622 3479 1695 utpote
3510 1624 3620 1693 qut

1962 1705 2134 1782 paulo
2161 1713 2297 1766 ante
2319 1703 2661 1784 Hieronymi
2686 1711 2921 1783 tempus
2939 1720 3009 1765 ea
3033 1703 3092 1764 in
3108 1702 3300 1765 lucem
3323 1704 3617 1785 prodiisse

205 1813 598 1875 citaverunt.
637 1809 739 1873 llis
760 1818 955 1871 autem
985 1807 1121 1871 addi
1141 1818 1333 1889 potest
1360 1789 1743 1872 honorificam
1766 1833 1882 1874 non
1909 1789 1944 1839 Β
1970 1793 2716 1889 ἓδδθτθηίο-,ΩυίδΡΓοΡ-ίθΐ
2767 1792 2927 1889 imo:
2997 1792 3300 1875 inquiunt:
3352 1794 3620 1876 DionYSii

208 1903 408 1963 solum
442 1900 686 1980 lrenaei,
722 1901 828 1963 sed
879 1900 1054 1961 etiam
1088 1900 1421 1963 Clementis
1464 1901 1879 1979 Alexandrini,

208 1992 595 2073 aliorumque
622 1993 1037 2073 plurimorum,
1061 2010 1207 2072 quos
1220 1990 1459 2052 Arianae
1478 1992 1690 2053 haeresi
1712 1994 1884 2072 plane

210 2083 556 2144 contrarios
584 2099 717 2143 esse
749 2101 856 2142 suo
900 2081 1030 2142 loco
1063 2079 1468 2158 ostendemus,
1507 2082 1661 2162 apud
1689 2082 1879 2146 Euse-

216 2173 381 2234 bium
416 2172 552 2235 ﬁeri
594 2174 990 2235 mentionem.

302 2264 685 2344 Quapropter
728 2262 1097 2323 contendunt
1127 2260 1227 2324 alii
1259 2279 1329 2324 ex
1380 2260 1479 2323 illo
1512 2261 1755 2326 Eusebii
1805 2265 1880 2327 de

222 2354 482 2434 Dionysii
512 2351 815 2433 Operibus
843 2352 1084 2413 silentio
1109 2351 1256 2413 nihil
1280 2357 1424 2414 certi
1448 2352 1646 2433 colligi
1681 2374 1876 2437 posse,

235 2442 711 2523 quandoquidem
748 2442 848 2503 ille
881 2442 1080 2524 plures
1103 2446 1248 2503 alios
1270 2442 1613 2522 scriptores,
1642 2456 1697 2505 et
1722 2446 1876 2505 scri-

235 2538 345 2614 ptis
368 2548 417 2595 et
435 2532 714 2594 doctrina
728 2532 1363 2611 celeberrimos,atque
1387 2533 1445 2593 in
1475 2534 1680 2612 primis
1702 2536 1883 2597 Athe-

229 2642 527 2703 nagoram,
558 2624 663 2704 qui
696 2623 977 2684 eximiam
1011 2624 1116 2684 Ch'.
1137 2623 1365 2684 istianze
1397 2624 1700 2702 religionis
1730 2627 1885 2704 Apo-

227 2714 541 2792 logiam,et
564 2716 646 2776 De
668 2720 1053 2776 mortuorum
1075 2716 1515 2777 resurrectione
1532 2714 1749 2775 librum
1766 2717 1887 2778 edi-

223 2805 404 2879 derat,
436 2805 654 2867 tacitus
683 2804 1090 2885 praetermisit.
1123 2802 1292 2878 Quod
1340 2804 1387 2865 si
1416 2806 1635 2867 dixeris
1667 2807 1885 2886 scripta

219 2894 477 2975 Dionysii
533 2903 592 2955 et
623 2894 885 2956 auctoris
938 2893 1203 2975 nomine,
1240 2903 1299 2957 et
1351 2915 1458 2957 suo
1508 2914 1782 2971 numero,
1816 2916 1884 2957 ac

218 2984 365 3065 ipsis
392 3003 533 3065 quae
552 2992 881 3045 tractantur
898 2988 1262 3061 argumentis
1286 2986 1460 3065 longe
1485 2987 1718 3047 creteris
1751 3005 1883 3047 om-

218 3074 389 3136 nibus
407 3078 633 3156 saz-pius
658 3074 974 3135 transcribi
1005 3073 1307 3151 debuisse,
1338 3077 1631 3155 variisque
1654 3076 1715 3136 in
1742 3078 1884 3138 locis

1968 1884 2167 1961 Opera
2199 1885 2259 1946 in
2279 1882 2627 1966 Hieronymi
2659 1883 2924 1965 notitiam
2948 1902 3065 1946 non
3092 1896 3408 1960 venerunt,
3442 1892 3622 1966 atque

1970 1973 2067 2034 illa
2123 1974 2181 2035 in
2215 1991 2420 2035 eorum
2464 1991 2713 2035 numero
2746 1980 2882 2033 sunt
2926 1972 3229 2035 censenda
3273 1972 3349 2035 de
3402 1972 3622 2055 quibus

1968 2063 2129 2125 hunc
2154 2063 2215 2124 in
2243 2064 2484 2126 modum
2513 2063 2753 2126 disserit
2773 2062 2825 2126 6:
2854 2061 2930 2125 Si
2951 2068 3063 2144 qui
3090 2068 3291 2125 autem
3314 2063 3385 2125 de
3407 2065 3486 2127 iis
3515 2070 3624 2145 qui

1966 2154 2801 2235 usquehortiescriptisunt,a
2832 2171 2922 2213 me
2939 2154 3003 2214 in
3029 2152 3134 2215 hoc
3148 2151 3450 2215 volumine
3469 2172 3625 2233 proe-

1964 2246 2230 2307 termissi
2248 2243 2751 2322 sunt,sibimagis
2771 2260 2951 2322 quam
2973 2242 3129 2304 mihi
3141 2243 3623 2324 imputaredebe-

1962 2335 2132 2396 bunt.
2159 2334 2367 2415 Neque
2390 2336 2553 2397 enim
2571 2333 2836 2396 celantes
2859 2334 3081 2411 scripta
3102 2350 3237 2413 sua,
3268 2333 3341 2395 de
3362 2333 3455 2395 his
3485 2351 3621 2415 qua;

1962 2442 2085 2486 non
2118 2427 2258 2503 legi,
2293 2441 2465 2485 nosse
2480 2425 2679 2504 potui;
2697 2430 2754 2485 et
2788 2423 2950 2504 quod
2966 2422 3109 2485 aliis
3126 2422 3387 2488 forsitan
3409 2425 3487 2485 sit
3509 2441 3622 2486 no-

1968 2521 2114 2595 tum,
2142 2514 2294 2576 mihi
2319 2516 2380 2575 in
2405 2515 2513 2576 hoc
2547 2521 2853 2575 terrarum
2869 2513 3093 2592 angulo
3114 2512 3305 2591 fuerit
3324 2516 3615 2592 ignotum.

1974 2605 2155 2666 Certe
2181 2621 2249 2665 cu
2260 2621 2313 2663 m
2340 2605 2583 2683 scriptis
2595 2603 2724 2664 suis
2741 2601 3235 2676 clnruerint,non
3255 2618 3623 2683 magnopere

1970 2694 2165 2755 nostri
2187 2692 2422 2755 silentii
2451 2692 2770 2772 dispendia
2794 2692 3221 2769 suspirabunt.

1972 2784 2191 2846 Contra
2219 2799 2361 2843 vero
2407 2782 2807 2864 Areopagitici
2843 2799 3015 2843 suum
3050 2780 3109 2842 in
3147 2779 3519 2843 adversarios
3543 2781 3624 2843 ita

1968 2874 2403 2955 retorquebunt
2431 2880 2872 2951 argumentum.
2935 2870 3216 2951 Nunquid
3251 2873 3375 2933 hac
3413 2871 3624 2933 eadem

1970 2964 2211 3045 scripta,
2239 2982 2391 3045 quae,
2431 2963 2579 3044 ipsis
2611 2962 2954 3035 fatentibus,
2984 2962 3177 3023 statim
3205 2970 3383 3039 atque
3410 2962 3627 3024 emissa

1970 3067 2109 3116 sunt
2140 3054 2200 3115 in
2232 3054 2451 3129 lucem,
2488 3052 2765 3114 omnibus
2793 3052 3107 3115 notissima
3134 3071 3266 3113 esse
3288 3060 3619 3133 (ceperunt,

219 3165 445 3245 niultipl
460 3140 607 3227 idari
632 3184 990 3245 responsim
1008 3165 1316 3226 confestim
1341 3140 1600 3245 accipies
1617 3167 1881 3228 Athena-

1974 3145 2081 3245 soli
2112 3142 2482 3245 Hiero‘nyrnq
2510 3142 2807 3222 incognita
2836 3141 3036 3245 fuere?
3066 3140 3184 3204 Sed
3217 3142 3625 3243 nequidquam

216 3275 370 3333 gorze
395 3256 610 3330 libros,
637 3259 866 3317 tamesti
900 3254 1148 3316 forsitan
1182 3257 1510 3330 breviores,
1538 3257 1883 3338 quiaCbri-

218 3348 425 3407 stianis
459 3354 664 3408 tamen
703 3345 1195 3409 describerentur
1239 3354 1298 3409 et
1346 3347 1885 3428 multiplicarentur

218 3456 332 3498 nan
368 3436 574 3497 minus
622 3436 831 3515 dignos
859 3435 1070 3501 videri.
1104 3439 1323 3498 Verum
1359 3446 1667 3518 opponunt
1708 3437 1883 3499 Anti-

213 3525 606 3605 areopagitici
631 3525 899 3606 quaedam
926 3524 1240 3605 inscriptis
1257 3526 1514 3606 Dionysii
1538 3544 1879 3602 occurrere,

218 3617 510 3676 nimirum
561 3614 638 3676 de
668 3621 854 3676 sacris
884 3614 1326 3696 Scripturarum
1375 3615 1567 3689 librts,
1601 3616 1675 3678 de
1716 3616 1879 3690 solis,

221 3705 523 3766 moriente
555 3704 813 3775 Christo,
850 3704 1207 3778 defectione,
1241 3705 1316 3767 de
1348 3704 1793 3767 obdormitione
1812 3706 1880 3767 B.

217 3793 421 3857 Mante
446 3795 737 3874 Virginis,
761 3795 995 3876 aliaque
1016 3795 1170 3856 bene
1200 3795 1407 3869 multa,
1427 3814 1560 3877 quae
1590 3795 1639 3856 si
1674 3797 1731 3857 in
1765 3795 1884 3856 Eu-

216 3886 370 3946 sebii
406 3886 685 3947 notitiam
722 3886 1045 3961 venissent,
1085 3886 1157 3948 ab
1188 3904 1260 3948 eo
1311 3905 1615 3967 nunquam
1651 3896 1890 3968 praster-

221 3976 373 4037 mitti
410 3984 767 4055 potuerunt.

302 4066 469 4128 Idem
498 4067 774 4129 nonnulli
798 4086 867 4129 ex
890 4065 1258 4148 Hieronymi,
1288 4067 1622 4149 praisertim
1655 4066 1713 4127 in
1735 4064 1888 4127 libro

226 4156 316 4217 De
332 4158 741 4237 scriptoribus
763 4158 1445 4231 ecelesz'asticis,silentio
1468 4163 1887 4237 argumentum

1969 3236 2225 3297 clamant
2256 3235 2382 3308 alii,
2426 3233 2485 3295 id
2520 3241 2929 3313 retorquetur.
2988 3233 3223 3294 Certum
3259 3232 3479 3313 quippe
3513 3240 3623 3305 est,

1968 3327 2267 3406 inquiunt,
2325 3323 2549 3403 scripta
2594 3322 2859 3403 Dionysii
2910 3341 3028 3383 non
3063 3321 3136 3383 ab
3195 3323 3472 3384 omnibus
3520 3340 3626 3384 eo-

1968 3416 2102 3477 dem
2141 3415 2316 3476 modo
2348 3415 2680 3494 eodemque
2708 3422 2974 3494 tempore
2998 3412 3179 3474 fuisse
3203 3412 3626 3493 agnita.Atque

1968 3506 2109 3568 inde
2153 3505 2521 3568 concludunt
2551 3501 2941 3582 Hieronymo,
2976 3507 3036 3563 in
3086 3506 3299 3581 angulo
3329 3512 3627 3564 terrarum

1972 3613 2143 3659 suum
2198 3613 2333 3656 cum
2389 3600 2661 3655 exararet
2707 3592 2955 3665 librum,
3030 3592 3411 3654 delitescenti
3478 3591 3627 3652 nihil

1971 3685 2294 3767 quidquam
2356 3683 2432 3746 de
2492 3682 2567 3743 iis
2629 3680 3046 3747 recentissime
3092 3681 3401 3762 publicatis
3448 3680 3631 3746 fuisse

1976 3783 2377 3858 compertum.

2585 3861 2831 3928 CAPUT
2892 3862 3018 3927 VlI.

1982 3955 2068 4018 De
2088 3959 2166 4019 iis
2186 3955 2585 4038 scriptoribus
2608 3957 2716 4037 qui
2736 3962 2869 4036 post
2899 3954 3222 4035 publicata
3248 3953 3449 4034 Opera
3482 3954 3630 4017 Dio-

2015 4049 2205 4128 nysii,
2231 4065 2301 4110 ea
2328 4047 2513 4109 dubia
2539 4055 2645 4107 aut
2669 4045 3025 4107 adulterina
3049 4063 3173 4107 esse
3201 4050 3591 4125 putaverunt.

2060 4138 2233 4201 Aliud
2259 4146 2465 4200 contra
2496 4134 3051 4217 Areopagiticorum
3086 4135 3465 4197 traditionem
3501 4153 3633 4196 mo-

223 4224 497 4308 eliciuni.
540 4246 683 4308 lnde
708 4248 862 4307 enim
894 4224 1258 4309 concludunt
1287 4224 1567 4328 Dionysii
1584 4247 1768 4308 nostri
1803 4247 1893 4308 lu-
1976 4237 2240 4328 Υηθηίυξη
2275 4236 2386 4310 θεῖ»
2421 4225 2714 4328 (ιιξοάλὶεδ
2746 4234 2861 4328 “ff”
2903 4225 3323 4328 διξο,ιεξτ]ίιυε
3354 4224 3633 4286 ἀίυῖωήο

222 4336 617 4396 cubrationes
671 4336 782 4416 ipsi
815 4335 1147 4417 incognitas
1198 4335 1408 4414 fuisse,
1441 4315 1553 4398 nec
1596 4344 1732 4397 ante
1766 4338 1881 4415 ejus

1976 4330 2061 4382 tot
2087 4320 2444 4402 scriptorum
2470 4318 2543 4379 de
2566 4315 2830 4397 Dionysii
2860 4316 3099 4397 scriptis
3123 4316 3365 4377 silentio
3392 4335 3512 4378 non
3544 4334 3637 4379 so-

227 4434 503 4505 tempora
540 4409 884 4504 divulgatas.
924 4409 1105 4500 Quasi
1140 4445 1308 4499 vero,
1336 4409 1881 4509 inquiuntAreopa-

1976 4412 2098 4475 lum
2124 4419 2316 4494 capite
2339 4411 2659 4472 imminuta
2680 4412 2781 4489 sit,
2803 4426 3003 4469 verum
3034 4409 3172 4469 inde
3201 4409 3376 4469 etiam
3407 4428 3636 4471 concu-

223 4497 424 4593 gitici,
458 4515 578 4577 alia
606 4497 730 4576 non
755 4497 1659 4597 fueritvHieronymianbsilentii
1690 4497 1839 4579 ratio
1867 4517 1881 4579 ἲ

1977 4506 2154 4565 tiatur
2185 4501 2338 4584 quod
2374 4518 2441 4562 ex
2471 4509 2741 4580 tempore
2765 4517 2880 4599 quq
2914 4499 3132 4598 scripta
3162 4499 3258 4599 illa
3294 4517 3398 4600 pro
3426 4497 3639 4600 Diqny.

224 4588 309 4667 De
349 4606 424 4667 iis
473 4606 634 4667 enim
690 4616 913 4668 tantum
963 4588 1356 4690 scriptoribus
1400 4626 1547 4688 quos
1598 4606 1892 4670 Eusebius
1977 4594 2159 4693 δίθῐξῖε
2210 4590 2413 4693 ἤειδθῇ
2477 4596 2811 4693 {mlle-"PN:
2853 4588 3083 4693 ίηηνθηξί
3146 4588 3265 4650 Sim
3310 4588 3636 4693 idem‘id‘ﬂ

229 4697 1043 4778 commemoravitdisputare
1064 4678 1601 4761 constituerit-LSed
1631 4697 1688 4758 id
1716 4699 1881 4762 certi:

1977 4684 2307 4764 scriptores
2338 4680 2519 4782 aliqui
2553 4679 2651 4760 qui
2683 4678 2743 4739 id
2772 4678 3087 4783 praefracte
3110 4680 3636 4783 'negaverunt."Et

230 4787 527 4848 rationum
564 4767 955 4849 (irritamentis
999 4787 1073 4849 ab
1105 4788 1251 4870 ipsis
1295 4797 1425 4849 erat
1468 4787 1881 4849 muniendum.

1978 4774 2123 4835 illud
2158 4771 2403 4849 quidem
2419 4770 2688 4872 primum
2716 4767 2955 4872 prpbari
2980 4787 3155 4871 posse
3181 4777 3385 4872 putant
3417 4786 3488 4872 εξ
3514 4767 3638 4851 Hy-

227 4876 427 4939 Aliam
460 4877 683 4958 quippe
708 4886 969 4939 mentem
998 4857 1318 4939 sibifuisse
1340 4878 1496 4940 idem
1522 4878 1653 4959 ipse
1676 4878 1893 4939 Hiero-
1982 4869 2165 4959 llam}:
2203 4862 2303 4959 (illi
2332 4861 2388 4921 ίη
2415 4857 3419 4959 ΟοΗᾷιίοηαῖεθηξιδῃιίηοροιᾷιεξηβ
3450 4858 3638 4959 89Ῡ9“

225 4986 443 5047 nymus
458 4976 665 5047 aperte
681 4976 930 5029 testatur
959 4970 1033 5035 δ’,
1058 4969 1197 5030 dum
1216 4969 1424 5047 ingens
1442 4968 1598 5030 inter
1613 4988 1677 5030 se
1708 4978 1766 5029 et
1796 4987 1898 5030 eos

226 5059 325 5137 qui
374 5057 452 5119 de
483 5058 882 5138 scriptoribus
915 5060 1180 5141 profanis
1212 5059 1508 5139 catalogos
1548 5058 1893 5140 ediderunt,

223 5146 558 5207 discrimen
591 5148 974 5210 intercedere
1020 5149 1113 5209 his
1146 5147 1344 5209 verbis
1397 5149 1737 5229 signiﬁcat:
1792 5147 1898 5209 Illi

221 5236 762 5299 velereshistorias
781 5238 1157 5319 annalesque
1173 5239 1897 5318 replicantes.posuerum

225 5333 404 5406 quasi
417 5327 492 5388 de
510 5328 758 5406 ingenti
765 5336 943 5406 prato
959 5348 1074 5391 non
1101 5347 1350 5391 varvam
1379 5332 1651 5407 eptiscuti
1670 5330 1770 5390 sui
1790 5346 1890 5391 co-

1981 4952 2171 5014 rianis
2197 4952 2465 5030 Operum
2496 4948 3186 5029 Dionysiiauctoritatem
3214 4948 3642 5028 objicientibus

1985 5044 2068 5104 sic
2102 5039 2426 5121 respondet
2458 5057 2471 5101 :
2508 5038 2627 5099 Illa
2661 5041 3010 5101 testimonia
3039 5056 3176 5118 quae
3204 5056 3315 5101 vos
3362 5038 3644 5118 Dionysii

1982 5129 2326 5204 Arropagilw
2373 5144 2483 5185 esse
2517 5128 2720 5198 dicitis,
2755 5128 2893 5185 unde
2942 5128 3168 5201 potestis
3197 5127 3481 5185 ostendere
3517 5142 3644 5184 vera

1981 5241 2125 5303 esse,
2156 5227 2308 5283 sicut
2336 5219 2741 5299 suspicnmini
2773 5219 2799 5279 ?
2843 5221 2899 5281 si
2931 5220 3093 5281 enim
3125 5220 3252 5298 ejus
3283 5224 3483 5291 erant,
3525 5236 3643 5280 non

1978 5315 2321 5397 potuissent
2344 5309 2530 5373 latere
2554 5309 2789 5373 beatum
2810 5308 3145 5391 Cyrillum.
3170 5308 3330 5384 Quid
3351 5308 3643 5371 nutemde

224 5398 451 5477 ronam
487 5398 714 5483 timere.
740 5398 877 5497 Ego
899 5420 1043 5499 quid
1064 5426 1317 5481 acturus
1347 5398 1501 5493 sum,
1529 5421 1631 5499 qui
1656 5418 1891 5481 nullum
1979 5408 2153 5469 ὺοίιίο
2170 5398 2398 5501 citri"?
2411 5398 2819 5501 (ξίοοῗσῖιαηάο
2834 5400 3038 5501 bimus
3052 5398 3643 5501 Attanfgiussimo

222 5508 529 5587 Pravin‘m
544 5486 1891 5591 sequens:1)essimztm,utdiciturdnagistrunt
1977 5501 2138 5561 061·εο
2162 5491 2371 5553 δσέεεθι
2393 5491 2523 5571 εἰπε
2546 5491 2907 5569 Γηῖδεϐ›αητθ
2921 5493 3127 5551 ονηηία
3149 5488 3208 5549 in
3233 5486 3637 5559 Νίσαηοσθη·

302 5700 336 5750 5
362 5696 587 5775 Quaest.
626 5698 665 5761 3
691 5698 762 5762 de
794 5698 981 5784 Oper.
1022 5699 1087 5765 s.
1126 5700 1423 5783 Dionysii.
1469 5700 1520 5753 δ·
1552 5700 1634 5763 De
1665 5701 1873 5782 script.
1911 5698 2125 5764 eccles-
2160 5680 2398 5764 Prolos.
2428 5681 2461 5733 θ
2494 5680 2653 5757 Ibid.
