4072 6432
402 284 480 350 23

1563 281 1622 343 s.
1673 280 2084 344 DIONYSIUS
2133 280 2660 366 AREOPAGITA.

3730 277 3810 342 24

399 417 538 482 cilia
554 417 627 480 de
643 412 1153 479 consubstantiolt
1173 411 1476 474 Trinitate
1489 412 1702 476 eadem
1727 414 2077 481 testimonia
2099 424 2139 478 A
2159 426 2467 481 auctorum
2503 417 2744 484 traditio
2774 435 2888 482 nec
2909 423 3198 499 perpetua
3216 422 3329 493 est,
3357 433 3471 480 nec
3502 422 3812 492 constans;

406 507 756 590 protulisset
789 504 1081 567 adversus
1111 501 1249 564 Arii
1260 503 1523 565 diversae
1542 519 1609 564 su
1621 503 1901 569 bstantz‘te
1921 508 2077 571 blas-

402 599 708 680 phemias.
743 596 814 660 Si
834 600 1039 658 autem
1069 593 1278 656 nullus
1307 609 1384 656 ea:
1413 594 1690 672 antiquis
1716 599 2077 660 recordatus

404 696 514 764 est,
560 705 655 768 ea,
685 687 843 749 unde
879 703 1043 748 nunc
1080 684 1329 762 potestis
1366 684 1678 746 ostendere
1711 688 1863 765 quia
1902 689 2075 751 illius

401 779 546 844 sint.
584 781 810 840 nescio.
855 777 940 838 Ex
988 775 1080 835 his
1110 774 1353 854 Hypatii
1383 775 1597 837 verbis.
1626 776 2074 841 Catholicorum

408 868 660 931 nomine
685 865 958 949 prolatis,
987 865 1103 927 duo
1125 864 1511 945 colliguntur.
1536 868 1800 927 Primum
1830 869 2072 949 quidem

415 960 641 1022 nullam
667 957 820 1039 apud
846 957 1125 1036 antiquos
1147 956 1357 1018 horum
1374 952 1633 1035 Operum
1653 955 1863 1019 factam
1897 979 2074 1022 men—

409 1048 482 1108 ti-:
503 1049 876 1128 nem.Atque
902 1063 970 1107 ex
998 1045 1098 1106 illa
1122 1063 1264 1107 sane
1284 1043 1505 1125 Hipatii
1525 1047 1873 1110 auctoritate
1895 1050 2076 1128 priori

412 1146 788 1216 argumento.
821 1155 890 1198 ex
921 1135 1163 1198 silentio
1187 1134 1591 1212 antiquiorum
1625 1135 1955 1217 petito,non
1979 1159 2077 1220 pa-

409 1246 541 1290 rum
569 1225 1052 1290 acceditroboris
1075 1225 1890 1288 etﬁrmamenti.Secundum
1910 1249 2070 1306 vero,

410 1318 573 1380 viros
604 1324 770 1378 sexto
796 1315 1017 1377 szeculo
1063 1313 1457 1394 peritissimos
1501 1316 1559 1376 in
1594 1335 1664 1378 ea
1704 1315 1889 1380 fuisse
1938 1321 2073 1401 opi-

413 1408 594 1470 nione
627 1408 753 1469 haec
785 1424 973 1486 opera
1002 1405 1337 1466 adulterina
1373 1424 1525 1480 esse,
1563 1415 1620 1468 et
1653 1406 1800 1469 falso
1850 1409 2068 1493 Diony-

411 1497 485 1560 sii
523 1496 901 1577 Areopagitas
932 1495 1178 1557 nomine
1210 1494 1522 1576 inscripta.

491 1585 720 1649 Saeculo
753 1585 1030 1667 sequenti
1059 1585 1236 1647 divus
1270 1583 1580 1662 Maximus,
1603 1587 1935 1650 acerrimus
1967 1609 2074 1650 eo-

412 1677 691 1740 rumdem
723 1675 992 1758 Operum
1023 1674 1327 1756 defensor,
1361 1674 1575 1739 fatetur
1608 1678 1710 1740 illa
1746 1699 1778 1741 a
1823 1679 2073 1759 quibus-

2159 509 2380 590 quippe
2411 510 2656 590 quaa,uti
2691 507 3093 589 probavimus,
3131 526 3238 587 per
3276 508 3478 588 priera
3508 516 3637 588 post
3667 508 3816 572 Dio-

2160 599 2306 680 nysii
2341 607 2572 661 aetatem
2606 598 2847 679 saecula,
2883 598 3038 678 quod
3075 597 3331 677 primum
3365 598 3821 680 principumque

2158 687 2511 768 requiritur,
2545 688 2792 752 omnino
2824 687 3458 766 dcﬁeiat.Secundo,n«
3479 705 3596 766 que
3618 686 3820 748 conci-

2161 777 2238 840 lia
2268 796 2464 858 neque
2512 779 2730 842 summi
2764 777 3100 858 pontiﬁces,
3135 777 3252 838 lata
3309 776 3623 857 aliquando
3655 775 3816 855 lege,

2161 867 2287 929 haec
2321 865 2518 948 Opera
2551 883 2902 946 germanum
2951 865 3214 946 Dionysii
3242 865 3616 946 Areopagitze
3665 884 3820 947 opus

2163 976 2296 1019 esse
2330 959 2731 1032 sanciverunt,
2766 955 2874 1018 sed
2896 955 2997 1018 illa
3019 975 3089 1018 eo
3121 957 3400 1020 duntaxat
3424 956 3819 1036 nomine,quo

2162 1046 2455 1126 inscripta
2487 1053 2674 1118 erant,
2712 1045 2986 1107 laudasse
3010 1043 3430 1125 perhibentur.
3462 1043 3639 1108 Nulla
3669 1063 3822 1125 ergo

2164 1137 2518 1198 temeritatis
2539 1135 2764 1198 notaiis
2783 1137 3079 1197 inurenda
3096 1153 3228 1196 esse
3253 1135 3512 1209 videtur,
3534 1135 3656 1216 qui,
3679 1155 3825 1197 om-

2163 1225 2344 1288 nibus
2364 1232 2678 1304 utriusque
2711 1225 2893 1307 partis
2914 1224 3246 1288 rationibus
3273 1244 3447 1307 aequa
3469 1225 3642 1287 lance
3666 1245 3817 1304 pon-

2161 1318 2406 1391 deratis,
2434 1317 2708 1397 Opinioni
2737 1315 2817 1378 illi
2837 1335 3008 1397 quam
3035 1313 3494 1397 probabiliorem
3516 1315 3821 1396 judicent,

2159 1407 2581 1469 adbwrendum
2614 1426 2744 1470 csse
2777 1406 3144 1470 censuerint.

2243 1499 2440 1559 llorro
2472 1496 2542 1557 ad
2571 1495 2810 1558 decreta
2832 1495 3188 1574 Sorbonica,
3211 1515 3244 1558 a
3273 1494 3584 1576 nobisjam
3610 1496 3818 1570 citata,
3865 1568 3868 1569 ν

2160 1587 2320 1664 quod
2345 1594 2575 1670 spectat
2606 1587 2808 1665 negari
2840 1585 3081 1666 quidem
3115 1605 3232 1647 non
3263 1595 3457 1666 potest
3489 1587 3829 1667 posteriore

2161 1679 2446 1740 adversus
2469 1677 2781 1740 Erasmum
2815 1677 3015 1739 edicto
3045 1676 3212 1738 illum
3236 1677 3506 1757 aliosque
3539 1678 3830 1757 perstrin-

415 1767 549 1829 dam
584 1756 939 1848 Apollinari,
968 1764 1041 1828 ab
1074 1765 1208 1828 aliis
1237 1766 1518 1848 Dionysio
1543 1756 1947 1832 Alexandrino
1981 1777 2074 1832 at-
2102 1756 2140 1807 Β
2163 1767 2246 1848 gi,
2279 1767 2406 1850 qui,
2431 1775 2630 1849 spreta
2660 1768 2953 1828 clarorum
3001 1765 3293 1847 virorum,
3329 1766 3386 1827 id
3412 1756 3507 1828 est
3536 1756 3826 1847 antiquo-

417 1856 623 1921 tribui.

498 1946 729 2010 Saaculo
768 1966 925 2009 nono
957 1946 1308 2010 Theodorus
1364 1948 1700 2031 presbyter,
1734 1957 1886 2012 teste
1919 1951 2077 2013 Pho-

415 2037 496 2099 tio
520 2038 574 2113 7,
603 2036 817 2100 librum
846 2055 961 2118 quo
987 2036 1195 2099 eadem
1230 2039 1428 2118 Opera
1455 2040 1781 2118 genuinum
1806 2039 2051 2121 Dionysi

414 2127 600 2188 fetum
621 2145 754 2188 esse
782 2125 1087 2207 probaret,
1122 2127 1506 2208 conscripsit.
1545 2127 1661 2191 Sed
1685 2147 1810 2201 cur,
1839 2129 2074 2191 amabo’

416 2218 488 2278 ad
525 2235 594 2278 ea
643 2215 920 2296 Dionysio
964 2217 1292 2278 asserenda
1339 2218 1557 2297 stylum
1615 2219 1925 2293 convertit,
1964 2219 2078 2281 nisi

417 2306 557 2388 quia
608 2305 684 2369 de
719 2305 835 2368 illis
867 2306 1023 2368 inter
1053 2305 1325 2370 eruditos
1371 2306 1628 2385 quaestio
1682 2317 1810 2370 erat
1842 2317 1902 2370 et
1935 2329 2079 2371 con-

415 2397 761 2460 troversia?
822 2395 963 2478 quid
997 2415 1134 2458 vero
1177 2396 1351 2477 .quod
1412 2396 1658 2458 Pbotius
1692 2399 1816 2478 ipse
1850 2418 1916 2460 ex
1971 2401 2082 2463 hoc

416 2484 572 2546 libro
607 2494 863 2566 quatuor
887 2493 1112 2547 tantum
1138 2485 1458 2567 descripsit
1479 2488 2080 2569 argumenta,quibus

414 2575 787 2658 potissimum
813 2576 910 2638 illa
941 2594 1122 2658 opera
1145 2577 1438 2657 Dionysio
1470 2578 1774 2659 supposita
1800 2597 1934 2640 esse
1971 2581 2080 2642 de-

415 2665 912 2728 monstrabantur
935 2665 966 2726 ‘I
993 2665 1140 2729 Inde
1169 2671 1325 2728 enim
1352 2667 1593 2747 quidam
1629 2667 1894 2731 inferunt
1928 2670 2080 2731 Pho-

417 2756 566 2816 tium
592 2755 787 2833 ipsum
817 2755 1012 2817 eidem
1041 2755 1792 2836 sententiaasubscripsisse
1826 2756 1892 2818 Et
1917 2768 2081 2821 certe

413 2846 775 2907 Possevinus
789 2845 842 2919 8,
876 2847 986 2908 iste
1009 2844 1568 2925 AreOpagiticorum
1592 2853 1878 2925 assertor,
1908 2845 1982 2906 de
2007 2865 2075 2906 ea

411 2933 607 2996 Photii
633 2936 920 3017 opinione
941 2935 1024 2995 sic
1047 2937 1417 3013 qronuntiat:
1454 2934 1658 3015 Opera
1689 2937 1757 2996 Β.
1795 2934 2078 3017 Dionysii

418 3032 488 3088 ut
511 3025 1040 3107 pseudepigrapha
1071 3027 1362 3088 videntur
1389 3027 1466 3088 ab
1493 3044 1559 3088 eo
1584 3025 1812 3087 notari.

498 3117 772 3198 Denique
807 3117 1028 3177 saeculo
1056 3113 1290 3177 decimo
1324 3115 1536 3192 quinto
1568 3124 1626 3178 et
1656 3114 2074 3196 sequentibus,

411 3206 516 3268 ubi
578 3206 707 3268 haec
745 3205 999 3286 quaestio
1029 3204 1372 3283 diligentius
1399 3205 1615 3285 agitari
1649 3206 1854 3286 coepit,
1891 3205 2089 3268 critici

418 3296 742 3376 doctiores,
769 3294 1147 3376 paucissimis
1170 3302 1394 3358 tantum
1424 3297 1722 3376 exceptis,
1745 3297 2089 3358 omniahtec

413 3384 612 3465 Opera
643 3384 924 3466 Dionysio
957 3385 1116 3448 Areo
1133 3385 1355 3466 pagitee
1386 3387 1562 3469 plane
1593 3387 1949 3469 penitusque
1977 3386 2088 3448 ab-

416 3475 783 3555 judirarunt.

504 3565 610 3629 His
639 3564 923 3628 omnibus
951 3567 1295 3630 reclamant
1349 3567 1774 3650 Areopagitici,
1807 3567 2090 3649 aiuntque

422 3656 619 3738 Opera
647 3655 909 3738 Dionysii
963 3655 1022 3718 in
1057 3657 1386 3720 Collatione
1432 3658 2092 3739 Constantinopolitana

417 3746 603 3808 fuisse
635 3744 892 3826 primum
929 3746 1171 3824 quidem
1215 3747 1531 3829 repudiata
1567 3767 1582 3824 ;
1616 3747 1720 3808 sed
1755 3747 1858 3808 ubi
1884 3745 2089 3807 Patres

2161 1877 2293 1920 rum
2318 1856 2605 1920 Ecclesiaa
2633 1856 2900 1930 Patrum,
2932 1857 3308 1933 auctoritate,
3333 1857 3531 1918 omnia
3555 1857 3828 1938 Dionysii

2163 1947 2351 2010 nostri
2381 1966 2563 2029 opera
2596 1947 2912 2010 temerario
2945 1963 3092 2008 sane
3113 1956 3172 2008 et
3197 1947 3560 2027 imprudenti
3599 1951 3830 2009 novita-

2169 2047 2288 2100 tum
2315 2039 2513 2101 studio
2538 2037 2914 2118 Areopagitae
2939 2037 3110 2118 plane
3136 2043 3493 2118 penitusque
3514 2037 3830 2118 adjudica-

2167 2129 2326 2191 bant.
2391 2129 2467 2191 At
2501 2127 2700 2209 priore
2738 2137 2946 2188 contra
2992 2127 3317 2188 Lutherum
3369 2127 3635 2196 decreto,
3669 2129 3721 2189 is
3753 2147 3829 2190 ea

2168 2219 2539 2301 potissimum
2573 2218 2646 2279 de
2673 2236 2877 2298 causa,
2909 2225 2967 2279 et
3011 2217 3396 2279 meritissimo
3417 2217 3655 2298 quidem
3681 2219 3831 2300 jure

2169 2310 2622 2383 condemnatur,
2648 2307 2829 2390 quod,
2858 2309 3165 2386 impietate
3201 2309 3690 2390 impudentiaque
3722 2309 3827 2372 in-

2170 2398 2493 2479 tolerabili,
2520 2417 2639 2459 non
2668 2398 2858 2459 solum
2885 2407 3235 2478 usurpatum
3258 2397 3331 2458 ab
3355 2408 3596 2460 auctore
3621 2411 3829 2461 nostro

2170 2509 2236 2552 ex
2271 2491 2360 2551 sui
2383 2489 2670 2570 temporis
2703 2489 2941 2567 ingenio
2975 2498 3032 2550 et
3061 2505 3225 2550 more
3257 2488 3563 2550 scribendi
3599 2490 3834 2552 metho-

2167 2580 2446 2656 dum,sed
2477 2579 2746 2640 traditam
2774 2598 3010 2659 quoque
3035 2578 3107 2640 ab
3140 2579 3268 2660 ipso
3307 2579 3654 2641 orthodoxae
3681 2580 3832 2641 ﬁdei

2168 2669 2499 2731 doctrinam
2528 2668 2614 2730 vir
2637 2667 3074 2730 audacissimus
3094 2669 3446 2730 conculcare
3479 2677 3537 2731 et
3560 2687 3833 2747 pessum-

2170 2759 2317 2821 dare
2338 2776 2518 2820 ausus
2537 2759 2631 2819 sit.
2665 2757 2952 2838 Ilaecergo
2965 2759 3252 2820 Sorbonae
3271 2758 3834 2840 decreta,inquiunt

2168 2845 2726 2928 AntiareOpagitici,
2762 2847 2978 2908 nullam
3015 2849 3305 2910 censoria)
3348 2848 3678 2910 severitatis
3710 2868 3828 2910 no—

2164 2957 2290 3000 ram
2322 2937 2682 3018 iisinurunt,
2705 2938 2831 3017 qui,
2852 2938 3014 2998 salvo
3035 2957 3275 3019 semper
3321 2938 3521 3000 debito
3549 2939 3830 3001 Patribus

2167 3028 2397 3090 honore
2451 3035 2508 3088 et
2537 3026 2901 3101 reverentia,
2935 3045 3045 3089 nec
3080 3036 3331 3108 temere,
3367 3027 3469 3088 sed
3504 3028 3732 3089 ratione
3764 3039 3833 3090 et:

2119 3117 2426 3199 ‘judicio,
2452 3135 2561 3180 nec
2585 3119 2704 3178 ullo
2737 3116 3012 3178 novitatis
3034 3117 3254 3198 studio,
3285 3116 3387 3180 sed
3417 3117 3649 3178 sincero
3676 3119 3831 3180 veri—

2177 3205 2308 3268 tatis
2327 3225 2558 3282 amore,
2578 3205 2651 3267 ab
2684 3206 2928 3287 antiqua
2961 3205 3244 3286 plurium,
3267 3207 3372 3269 sed
3408 3225 3525 3267 non
3556 3205 3823 3269 omdium

2175 3296 2460 3379 opinione
2492 3296 2804 3359 recedunt.

2781 3385 3024 3451 CAPUT
3059 3383 3212 3450 Vill.

2175 3479 2562 3559 Argumenta
2592 3495 2668 3540 ea:
2689 3479 2838 3559 ipsis
2866 3479 3137 3539 auctoris
3172 3476 3470 3557 Operz‘bus
3500 3477 3830 3560 desumpta

2255 3568 2685 3650 expenduntur
2717 3588 2733 3649 ;
2768 3585 2839 3631 ac
2858 3567 3136 3650 primum
3167 3573 3532 3650 argumenta
3561 3571 3832 3650 Areopa-

2255 3662 2608 3739 giticorum.

2254 3750 2583 3811 Excussum
2615 3756 2702 3810 est
2731 3749 3023 3811 hactenus
3055 3747 3313 3830 primum
3347 3748 3684 3829 argumenti
3717 3768 3833 3827 ge-

417 3854 546 3898 rem
581 3835 1005 3898 examinarunt
1063 3843 1374 3914 maturius,
1404 3836 1506 3897 illa
1537 3837 1746 3898 eadem
1797 3852 2076 3916 tanquam
2172 3856 2306 3914 nus,
2333 3857 2449 3919 quo
2495 3838 2768 3919 Dionysii
2799 3836 2996 3918 Opera
3025 3837 3134 3920 ipsi
3169 3838 3424 3901 aliorum
3479 3841 3837 3904 auctoritate

417 3943 556 3988 vera
598 3933 656 3987 et
685 3944 971 4004 germana
1006 3927 1150 3989 tanti
1185 3927 1291 3990 viri
1344 3925 1568 4008 scripta
1600 3927 1888 3988 ambabus
1923 3926 2080 3987 ulnis
2164 3928 2249 3984 vel
2272 3937 2636 3997 asseruntur,
2663 3927 2748 3984 vel
2775 3927 3366 3998 abjudicantur;nunc
3394 3926 3465 3987 ad
3487 3929 3834 3997 secundum,

417 4015 736 4097 amplexati
769 4023 928 4080 sunt.
964 4017 1132 4090 Quod
1165 4018 1237 4079 ad
1273 4025 1521 4079 caeteros
1546 4017 1781 4087 attinet,
1820 4017 1855 4076 ii
1892 4024 2081 4089 certe,
2167 4010 2321 4089 quod
2356 4027 2425 4071 ex
2475 4010 2751 4090 ipsismet
2786 4008 2950 4069 illius
2982 4008 3284 4090 Operibus
3329 4011 3569 4093 petitur,
3603 4012 3837 4073 exami-

417 4106 720 4186 inquiunt,
749 4105 1103 4188 paucissimi
1132 4125 1240 4187 per
1278 4115 1360 4168 tot
1389 4107 1748 4169 saculorum
1776 4105 2086 4167 intervalla
2166 4098 2428 4160 nandum
2464 4099 2849 4161 accedamus.
2887 4097 3038 4159 Illud
3071 4106 3268 4161 autem
3303 4101 3620 4178 utriusque
3647 4100 3837 4181 partis

419 4187 786 4273 occurrunt;
817 4214 928 4257 nec
960 4196 1048 4257 illi
1081 4198 1285 4276 procul
1314 4196 1498 4258 dubio
1533 4215 1664 4258 cum
1695 4196 2083 4256 totconcilio-
2168 4189 2427 4251 fautores
2458 4206 2563 4268 pro
2580 4206 2685 4249 sua
2705 4189 2925 4270 quique
2945 4187 3230 4268 opinione
3249 4189 3836 4252 militarearbitran-'

419 4303 556 4347 rum
611 4292 669 4346 et
717 4284 1007 4348 Sorbonze
1038 4285 1326 4362 decretis,
1366 4285 1620 4346 sumtnis
1680 4285 2080 4366 pontiﬁmbus,
2109 4287 2287 4347 Dtur.
2323 4281 2399 4340 Et
2460 4279 2653 4360 primo
2687 4278 2953 4360 quidem,
2989 4279 3038 4339 si
3096 4280 3536 4362 Areopagiticis
3587 4280 3828 4357 credas,

424 4375 694 4438 Patribus
751 4374 1006 4457 aliisque
1063 4375 1494 4457 scriptoribus,
1529 4374 1633 4454 qui
1689 4375 1813 4437 hinc
1869 4380 2090 4456 scripta
2175 4368 2425 4431 materia
2457 4386 2732 4448 operum,
2763 4369 2967 4448 stylus,
3001 4368 3241 4443 locutio,
3275 4388 3342 4431 ac
3377 4370 3638 4450 denique
3667 4373 3833 4432 scri-

421 4465 706 4546 Dionysio
737 4466 1082 4544 adjudicant
1141 4466 1229 4526 vel
1263 4483 1540 4546 numero,
1579 4468 1667 4526 vel
1713 4465 2083 4543 eruditione,
2175 4459 2396 4541 ptionis
2430 4470 2815 4539 tempus,non
2841 4458 3022 4520 alium
3043 4477 3249 4521 eorum
3275 4479 3447 4541 quam
3482 4460 3830 4542 Dionysium

422 4555 512 4618 vel
542 4557 899 4618 auctoritate
930 4555 1347 4637 comparandi,
1385 4555 1570 4616 multo
1605 4561 1804 4617 minus
1835 4565 2088 4637 antepo-
2173 4547 2594 4630 Areopagitam
2657 4557 2961 4630 parentem
3019 4568 3152 4611 esse
3210 4551 3493 4630 produnt.
3547 4550 3834 4614 Materies

426 4649 610 4711 nendi
647 4650 945 4712 videntur.
978 4648 1144 4722 Quod
1178 4649 1227 4712 si
1261 4659 1317 4712 et
1349 4667 1616 4711 summos
1663 4650 1996 4730 pontiﬁces,
2036 4656 2094 4711 et
2180 4657 2440 4716 namque
2463 4655 2566 4700 seu
2593 4647 3006 4730 argumentum
3033 4639 3510 4730 lucubrationum
3538 4642 3696 4704 Deus
3713 4648 3830 4723 est,

426 4740 714 4803 Ecclesiae
767 4739 1304 4820 Patres,aliosque
1361 4755 1572 4801 omnes
1605 4748 1662 4800 et
1719 4739 2000 4800 caecitatis
2036 4747 2094 4800 et

435 4829 659 4891 erroris
715 4846 972 4909 arguere
1027 4828 1271 4911 audeas,
1304 4848 1503 4890 nonne
1555 4837 1791 4910 praestat
1822 4847 1954 4889 cum
2012 4835 2095 4890 tot

430 4919 733 5000 tantisque
756 4919 902 4980 viris
927 4918 988 4980 in
1023 4936 1314 4993 errorem,
1349 4918 1400 4980 si
1432 4921 1509 4980 ita
1544 4918 1703 4998 loqui
1735 4917 1820 4978 fas
1851 4928 1963 4991 est,
1994 4918 2092 4978 in-

430 5007 593 5084 duci,
630 5026 806 5087 quam
841 5009 1240 5089 quorumdam
1265 5009 1889 5083 criticorum,t‘orsitan
1913 5010 2093 5069 auda-

431 5102 688 5174 ciorum,
723 5098 1072 5178 Opinionem
1108 5099 1387 5180 praeferre
1413 5099 1640 5180 judicio
1670 5099 1701 5159 ?

516 5191 744 5253 Instant
779 5197 974 5252 tamen
1005 5190 1275 5252 adversae
1298 5195 1482 5271 partis
1499 5196 1821 5253 sectatores
1844 5207 2084 5250 omnem

432 5279 610 5359 hujus
632 5278 1067 5360 responsionis,
1104 5279 1538 5359 quantumlibet
1557 5280 1841 5362 ponderis
1863 5277 2087 5340 habere

434 5368 727 5444 videatur,
762 5369 879 5430 vim
915 5369 1218 5452 roburque
1261 5369 1485 5452 duplici
1530 5389 1598 5432 ex
1629 5388 1807 5432 causa
1843 5369 2084 5438 omnino

430 5457 629 5538 frangi
686 5469 749 5522 et
778 5457 1104 5538 debilitari,
1142 5461 1340 5524 Primo
1390 5460 1631 5540 quidem
1668 5459 1805 5541 quia
1854 5458 2090 5540 objecta

515 5649 545 5700 7
572 5647 738 5712 Bibl.
773 5647 910 5714 cod.
946 5665 990 5712 ι.
1037 5651 1068 5701 8
1093 5649 1402 5732 Apparet.
1432 5667 1624 5728 sacer,
1656 5646 1839 5711 verbo
1875 5647 2160 5715 Pbotius.

2179 4730 2465 4804 Trinitas,
2499 4728 2718 4810 angeli,
2769 4729 3064 4804 Ecclesia,
3099 4728 3381 4793 Ecclesiae
3413 4729 3695 4806 ministri,
3731 4749 3838 4793 sa-

2180 4827 2652 4899 cramentazqnae
2674 4817 2953 4880 subtilem
2971 4819 3836 4902 philosoPhum,magnumque

2181 4909 2519 4988 theologum
2554 4909 2613 4968 in
2646 4906 3077 4970 sublimissimo
3111 4918 3460 4988 argumento
3494 4917 3831 4972 versantem

2181 5007 2438 5080 arguunt
2469 5007 2524 5058 et
2571 4997 2860 5060 indicant.
2896 4995 3093 5080 Stylus
3136 5008 3332 5059 autem
3366 5006 3424 5059 et
3469 4998 3690 5060 locutio
3721 4998 3837 5060 viri

2177 5090 2339 5154 estin
2363 5087 2544 5150 rebus
2562 5087 2779 5149 divinis
2799 5096 2856 5148 et
2878 5089 3062 5149 sacris
3087 5088 3448 5151 meditandis
3499 5088 3831 5164 exercitati,

2179 5183 2282 5268 qui
2312 5200 2484 5244 voces
2511 5199 2686 5243 novas
2712 5200 2779 5243 ac
2804 5181 3137 5260 singulares
3167 5182 3242 5243 ad
3261 5200 3484 5264 rerum,
3511 5183 3834 5263 czeteroqui

2174 5271 2686 5354 inexplicabilium
2702 5270 3244 5346 ,adumbrationem
3263 5272 3558 5352 ﬁngereet
3579 5291 3711 5334 com
3720 5291 3834 5353 po-

2173 5386 2318 5431 nere
2343 5370 2587 5427 coactus
2611 5370 2722 5425 est.
2757 5359 3025 5442 Tempus
3057 5361 3318 5444 denique
3348 5361 3697 5444 scriptionis
3723 5381 3833 5426 au-

2168 5466 2394 5524 ctorem
2423 5452 2706 5537 apostolis
2725 5451 2872 5535 ipsis
2890 5469 3223 5536 eorumque
3237 5453 3550 5536 discipulis
3568 5471 3833 5534 coaevum
