4072 6428
236 326 320 395 25

1653 322 2060 391 PROLEGOM
2070 325 2215 389 ENA
2232 370 2246 388 .

3571 326 3651 394 26

229 471 459 547 aperte
478 459 876 527 demonstrat.
919 457 1151 525 Etenim
1207 458 1309 525 ille
1351 479 1418 526 se
1466 461 1635 539 solis,
1670 461 1906 527 Christo
1927 462 1971 517 Δ
1993 458 2017 520 1
2039 460 2283 525 .Omnes
2296 466 2432 524 ante
2455 460 2774 531 Baronium
2796 460 3288 545 scriptores,eum
3314 460 3647 529 Gracitum

235 554 539 634 patiente,
578 553 981 617 defectionem
1013 551 1254 633 vidisse,
1308 572 1377 615 ac
1424 561 1627 632 postea
1660 552 1820 615 Pauli
1854 560 1910 613 et

233 642 564 706 Hierothei
586 643 923 726 disciplinae
947 642 1249 722 traditum,
1278 642 1498 705 deinde
1521 662 1654 705 cum
1681 649 1906 721 aposto-

231 732 312 794 lis
346 751 544 796 sacrae
569 732 837 812 Virginis
868 731 1067 795 Mariae
1098 732 1397 809 exsequiis
1429 741 1485 794 et
1515 733 1704 795 funeri
1729 732 1907 793 inter-

229 822 458 904 fuisse,
493 841 563 883 ac
603 822 844 884 tandem
870 823 941 885 ad
968 823 1253 885 Joannem
1283 821 1692 902 apostolumin
1718 820 1912 883 insula

230 914 535 976 Pathmos
557 912 930 974 exsulantem
957 911 1182 973 litteras
1207 911 1449 975 dedisse
1472 913 1913 993 proﬁtetur.At—

234 1001 342 1080 qui
377 1002 514 1064 haec
555 1002 759 1063 omnia
795 1020 989 1082 neque
1020 1000 1303 1083 Dionysio
1335 1002 1664 1076 Corinthio,
1713 1017 1913 1077 neque

230 1091 532 1172 Dionysio
558 1090 993 1165 Alexandrino,
1017 1110 1211 1171 neque
1231 1092 1332 1153 ulli
1350 1091 1452 1153 alii
1471 1092 1774 1172 Dionysio,
1800 1089 1914 1151 nisi

230 1182 626 1262 Areopagitae
648 1182 1031 1246 conveniunt.
1056 1181 1160 1245 Ille
1179 1199 1317 1262 ergo
1339 1183 1500 1243 solus
1528 1178 1906 1261 horumOpe-

235 1290 406 1345 rum,
444 1290 583 1352 qua:
614 1290 835 1333 nonem
886 1274 1017 1351 ejus
1068 1271 1129 1332 in
1177 1272 1602 1354 manuscriptis
1636 1270 1916 1334 omnibus

234 1379 378 1422 cum
414 1359 670 1435 Graecis,
696 1371 820 1422 tum
848 1360 1070 1424 Latinis
1091 1361 1392 1443 praeﬁxum
1422 1380 1664 1442 semper
1686 1361 1915 1423 habue-

233 1458 405 1525 runt,
437 1468 665 1529 parens
689 1457 749 1511 et
780 1458 985 1512 auctor
1006 1451 1302 1513 dicendus
1331 1460 1421 1512 est
1473 1453 1542 1513 Et
1563 1458 1727 1515 certe
1749 1450 1917 1512 nefas

237 1558 378 1602 esse
412 1540 662 1602 videtur
694 1541 873 1601 istum
900 1548 1204 1603 auctorem
1238 1541 1298 1601 in
1334 1541 1642 1603 fmdissimi
1677 1540 1910 1602 menda-

235 1633 339 1712 cii,
366 1629 633 1694 fallaciae
664 1639 722 1693 et
748 1630 1057 1710 sacrilegas
1087 1632 1487 1694 simulationis
1510 1631 1913 1712 suspicionem

1992 548 2209 625 Latini,
2239 551 2297 612 in
2330 570 2401 614 ea
2429 552 2669 614 fuerunt
2700 553 3022 617 sententia.
3078 561 3138 619 2.
3194 560 3415 621 Auctor
3444 567 3649 619 noster

1994 640 2553 704 traditTimotheum
2572 643 2897 724 episcopali
2912 644 3196 725 dignitate
3216 646 3644 727 inauguratum,

1994 739 2171 809 atque
2196 730 2268 792 ab
2294 750 2365 793 eo
2389 730 2586 813 Opera
2609 752 2714 794 sua
2748 734 2869 794 vult
2902 735 3230 798 examinari
3257 744 3313 797 et
3343 738 3642 817 castigari.

1995 820 2052 883 3.
2100 820 2262 899 Idem
2297 823 2423 901 ipse
2459 829 2665 884 auctor
2697 823 2755 883 in
2789 824 3043 903 epistola
3090 824 3160 886 ad
3196 826 3414 909 Titum,
3469 846 3647 907 quem

1997 911 2289 973 Baronius
2310 911 2539 993 aliique
2561 913 2967 993 AreOpagitici
2988 913 3342 994 discipulum
3377 923 3434 977 et
3463 916 3649 978 comi-

1997 1009 2114 1062 tem
2152 1002 2312 1063 Pauli
2367 1001 2551 1064 fuisse
2611 1003 2973 1084 concedunt,
3036 1004 3308 1084 ejusdem
3343 1005 3647 1068 Timothei

2000 1089 2293 1154 meminit.
2352 1097 2409 1152 4.
2464 1091 2528 1154 1η
2571 1093 2848 1155 omnibus
2880 1093 3305 1174 manuscriptis
3336 1095 3647 1158 codicibus

1999 1181 2345 1243 Timotheus
2379 1182 2477 1244 ille
2502 1183 2866 1259 Ephesinnm
2894 1184 3301 1265 episcopatum
3356 1187 3447 1248 cui
3470 1187 3647 1247 disci-

2002 1272 2172 1351 pulus
2205 1272 2373 1335 Pauli
2410 1273 2665 1356 praefuit,
2692 1274 2952 1337 tenuisse
2987 1283 3378 1339 memoratur.
3426 1276 3485 1339 5.
3532 1276 3649 1337 De-

2002 1361 2180 1442 nique
2209 1370 2415 1425 auctor
2439 1372 2660 1436 noster,
2708 1364 2793 1425 uti
2824 1364 3108 1444 diximus,
3141 1384 3204 1425 se
3235 1366 3644 1443 apostolorum

2000 1451 2393 1530 ejusdemque
2433 1452 2683 1532 proinde
2708 1452 3006 1514 Timothei
3037 1454 3414 1533 temporibus
3437 1455 3648 1517 vixisse

1992 1541 2247 1622 jactitat.
2270 1541 2374 1603 His
2394 1551 2586 1603 autem
2613 1542 2943 1604 rationibus
2958 1553 3019 1604 et
3043 1544 3187 1605 illud
3213 1563 3451 1625 quoque
3474 1543 3649 1607 refel-

2001 1630 2164 1711 litur,
2200 1631 2357 1713 quod
2391 1640 2523 1711 post
2554 1632 3014 1713 pseudo-Dextri
3060 1632 3396 1696 Chronicon
3434 1653 3653 1715 propu-

234 1738 483 1801 vocare,
537 1719 776 1800 quando
829 1719 1071 1801 quidem
1123 1721 1341 1801 scripta
1390 1721 1521 1801 ejus
1572 1740 1688 1782 non
1722 1720 2136 1810 solumBgnat
2166 1719 2459 1795 Bivarius,
2496 1722 2653 1783 hunc
2698 1721 3078 1785 Timotheum
3134 1742 3254 1784 non
3304 1723 3483 1785 alium
3517 1742 3648 1785 esse

236 1809 474 1891 ubique
508 1813 885 1872 sanctitatem
918 1810 1171 1889 spirant,
1222 1810 1324 1872 sed
1370 1829 1439 1872 ea
1472 1810 1649 1873 etiam
1685 1829 1818 1871 cum
1852 1809 1915 1871 in

240 1898 687 1960 monasterium
712 1907 772 1962 et
796 1898 1005 1961 urbem
1032 1900 1165 1978 ejus
1190 1900 1431 1962 nomine
1458 1919 1641 1981 prope
1663 1899 1919 1962 Parisios

239 1988 435 2069 dicta,
468 1996 952 2069 asportareutur,
986 1989 1164 2050 variis
1191 1987 1648 2054 inﬁrmitatibus
1681 1990 1740 2052 in
1775 1991 1919 2052 tanti

243 2078 355 2140 viri
388 2079 689 2141 honorem
721 2079 1038 2162 applicata,
1065 2079 1268 2143 multis
1292 2080 1574 2143 divinitus
1610 2081 1919 2143 honestate

241 2178 382 2230 sunt
415 2168 755 2231 miraculis.

327 2257 441 2331 Qui
474 2276 620 2321 vero
653 2276 724 2322 ex
756 2258 1005 2322 adversa
1037 2268 1195 2322 stant
1231 2267 1418 2342 parte,
1455 2259 1515 2322 hi
1544 2261 1918 2342 respondent

252 2348 563 2410 materiam
590 2349 797 2429 operis
815 2348 889 2411 ab
912 2349 1026 2411 alio
1050 2368 1217 2430 aeque
1242 2367 1309 2412 ac
1343 2350 1620 2430 Dionysio
1653 2350 1916 2429 Areopa-

260 2437 371 2516 gita
396 2438 647 2500 tractari
675 2438 963 2519 potuisse,
990 2441 1204 2519 stylum
1231 2446 1431 2503 autem
1460 2450 1519 2501 et
1551 2441 1914 2501 locutionem

264 2527 520 2607 Dionysii
578 2529 958 2609 Areopagitae
1008 2530 1099 2591 his
1155 2530 1215 2591 in
1268 2530 1507 2610 scriptis
1543 2528 1916 2609 deprehendi

258 2619 423 2699 plane
450 2618 819 2699 penitusque
842 2620 1205 2681 inliciantur.
1238 2619 1523 2682 Fateatur
1546 2620 1785 2701 quidem
1806 2638 1915 2680 au-

256 2717 477 2769 ctorem
514 2708 806 2769 nonnulla
834 2708 909 2770 iis
927 2710 1252 2771 inseruisse
1277 2709 1493 2791 quibus
1523 2730 1585 2779 se
1606 2732 1634 2769 δ
1652 2710 1915 2791 postulo—

250 2817 377 2860 rum
405 2798 785 2879 temporibus
809 2799 1049 2881 vixisse,
1078 2808 1136 2861 et
1157 2800 1323 2863 Pauli
1345 2800 1702 2882 discipulum
1728 2799 1914 2861 fuisse

2001 1831 2179 1889 quam
2208 1811 2537 1890 Eugenium
2566 1813 2940 1896 Toletanum,
2989 1814 3086 1878 cui
3137 1823 3380 1896 propter
3426 1815 3646 1895 ingenii

2002 1902 2421 1965 excellentiam
2456 1922 2674 1966 nomen
2709 1903 3007 1966 Timothei
3040 1903 3387 1986 impositum
3423 1916 3534 1970 est.

2083 1990 2199 2054 Sed
2235 1992 2452 2054 horum
2480 1992 2738 2055 vicissim
2761 1993 3312 2073 Areopagiticorum
3348 2004 3650 2058 momenta

2001 2080 2142 2143 inde
2164 2081 2316 2144 haud
2344 2082 2648 2144 difficilius
2673 2091 3042 2159 evertuntur,
3076 2084 3230 2163 quod
3265 2084 3646 2164 Evangelium

2000 2179 2059 2233 et
2104 2172 2519 2255 Apocalypsim
2571 2173 2819 2234 Joannis
2868 2174 3146 2253 apostoli,
3205 2182 3382 2255 atque
3438 2172 3649 2254 Ignatii

2000 2262 2335 2342 epistolam,
2366 2281 2498 2341 quae
2524 2276 2657 2345 post
2678 2263 2977 2326 Timothei
3016 2272 3267 2326 mortem
3300 2264 3462 2326 edita
3484 2274 3642 2341 sunt,

2000 2350 2059 2413 in
2093 2353 2351 2415 auctoris
2380 2353 2561 2414 nostri
2590 2352 2858 2432 scriptis,
2892 2361 2952 2414 ut
2983 2352 3136 2415 inl'ra
3160 2353 3454 2429 dicemus,
3489 2355 3648 2417 clare

2002 2442 2473 2524 nominatimque
2505 2444 2785 2506 citentur.
2822 2443 3142 2506 Enimvero
3176 2445 3302 2505 sola
3334 2443 3652 2522 Ignalianas

2002 2532 2276 2611 epistolae
2307 2532 2505 2612 verba,
2544 2551 2678 2612 quae
2707 2532 2780 2594 ab
2826 2553 2896 2595 eo
2950 2551 3084 2595 vere
3132 2535 3504 2614 transcripta,
3540 2554 3653 2597 nec

2001 2621 2061 2682 in
2095 2630 2319 2683 textum
2368 2623 2499 2703 ejus
2540 2624 2773 2686 intrusa
2803 2641 2939 2686 esse
2983 2622 3557 2701 demonstrabimus,
3593 2625 3651 2687 id

1998 2721 2203 2791 aperte
2236 2712 2538 2775 evincunt.

2079 2801 2265 2863 Addit
2296 2802 2590 2865 Baronius
2616 2802 2780 2883 quod
2811 2796 3162 2866 Timotheus
3193 2804 3293 2866 ille
3324 2806 3653 2868 abauctore

246 2888 500 2950 incautis
535 2888 1014 2969 simplicioribus
1046 2891 1472 2971 persuaderet;
1529 2889 1631 2952 sed
1661 2897 1913 2951 eonten-
1999 2900 2201 2953 nostro
2233 2911 2395 2971 smpe
2428 2895 2575 2968 παὶς,
2608 2911 2783 2975 puer,
2817 2903 3080 2957 vocatur.
3129 2898 3199 2955 At
3246 2893 3648 2971 Timotheum,

246 2978 393 3041 dunt
417 2978 601 3059 plura
630 2979 689 3040 in
724 2978 941 3041 iisdem
975 2977 1274 3060 Operibus
1304 2979 1721 3062 imprudenter
1742 2976 1815 3040 ab
1843 2985 1973 3041 eoC
2003 2981 2164 3045 Pauli
2200 2981 2590 3062 discipulum,
2625 3002 2656 3045 a
2689 2982 2972 3065 Dionysio
3006 2986 3387 3065 Areopagita,
3424 3003 3493 3046 eo
3538 3004 3650 3047 no-

246 3070 506 3150 ailjecta,
561 3069 785 3150 quibus
835 3087 907 3133 ea
963 3070 1139 3149 longe
1198 3080 1327 3152 post
1391 3071 1794 3152 apostolorum
1856 3079 1916 3131 et
2001 3073 2162 3134 mine
2191 3073 2616 3152 compellatum
2650 3093 2780 3135 esse
2805 3074 2953 3136 nulli
2979 3073 3306 3136 verisimile
3329 3075 3649 3137 vibebitur:

246 3160 516 3240 Dionysii
545 3159 925 3239 Areopagitae
953 3169 1187 3222 tentem
1222 3160 1516 3243 prodiisse
1547 3159 1767 3221 invicte
1802 3159 1913 3220 de-
2000 3164 2153 3225 Nam
2169 3165 2505 3244 episcopus,
2526 3163 2719 3245 inquit
2752 3165 3108 3244 Baronius9,
3130 3170 3526 3246 coepiscopum
3550 3182 3654 3228 no-

252 3258 653 3314 monstratur.
686 3248 896 3313 Utrum
930 3258 1125 3313 autem
1159 3250 1245 3333 id,
1277 3260 1342 3313 ut
1365 3255 1711 3331 Opinantur,
1738 3248 1915 3311 certis
1997 3254 2205 3309 minare
2226 3255 2555 3311 consecuisse
2579 3256 2835 3325 fratrem,
2864 3270 2971 3310 non
3000 3255 3191 3327 ﬁlium,
3219 3254 3359 3310 mille
3396 3251 3654 3327 exemplis

248 3340 557 3402 rationum
595 3342 922 3402 momentis
956 3340 1208 3422 probare
1233 3342 1486 3422 possint,
1536 3358 1568 3403 a
1622 3338 1793 3402 nobis
1824 3347 1917 3402 est
1998 3350 2132 3399 esset
2152 3343 2313 3413 facile
2344 3344 2727 3401 demonstra'e.
2753 3344 2942 3424 Hujus
2973 3345 3307 3425 argumenti
3338 3344 3654 3406 difﬁculla.

246 3439 543 3494 accurate
572 3430 1053 3512 ponderandum.
1998 3443 2091 3494 tes
2119 3441 2179 3494 ut
2209 3433 2441 3494 solvant
2468 3434 2569 3495 alii
2613 3435 3042 3516 Areopagitici,
3083 3438 3269 3495 varias
3319 3442 3655 3513 congerunt

888 3525 1132 3592 CAPUT
1176 3528 1273 3592 1X.
1996 3522 2442 3602 responsiones.
2474 3522 2543 3583 Et
2564 3524 2752 3602 primo
2776 3523 3017 3604 quidem
3047 3523 3250 3584 dicunt
3272 3524 3650 3585 Timotheum

241 3620 661 3703 Argumenta
694 3620 1404 3703 Antiareopagilicorum
1452 3620 1918 3703 examinantur;
1998 3612 2085 3673 sic
2116 3612 2340 3703 vocari,
2368 3613 2503 3689 quia
2529 3613 2733 3703 illegad
2758 3632 2934 3703 quem
2970 3613 3213 3703 Paulus,
3250 3612 3440 3674 Nerva
3463 3613 3654 3693 impe-

328 3697 390 3763 ἐι
438 3702 715 3780 primum
752 3697 1025 3782 quidem,
1069 3697 1213 3763 inde
1264 3700 1508 3762 ductum
1566 3700 1719 3780 quod
1776 3697 1919 3760 libri
2002 3710 2193 3772 rante,
2223 3702 2347 3763 haec
2371 3704 2609 3783 scripsit
2640 3702 2698 3763 in
2728 3702 2928 3766 verba:
2956 3702 3143 3764 Nemo
3172 3703 3651 3765 adolescent-iam

336 3781 652 3844 Timotheo
682 3782 1136 3844 inscribuntur.
2004 3799 2168 3844 mam
2186 3794 2609 3844 contemno/.10,
2628 3792 2904 3844 himivsin
2932 3792 3284 3844 Arpnnaoiln
3307 3793 3651 3844 inniorassa

372 3781 652 3845 't'motheo
682 3781 1136 3844 inscribuntur.

334 3880 608 3944 Primum
669 3880 1353 3960 Antiareopagiticorum
1407 3888 1799 3961 momentum,
1849 3897 1918 3940 ex

2004 3799 2168 3853 luam
2186 3792 2904 3873 con.lemttattO,Dionysio
2926 3792 3286 3873 Areopagilu
3302 3793 3507 3873 junior
3520 3810 3654 3855 esse

2002 3880 2267 3943 videtur.
2300 3882 2361 3944 2.
2391 3880 2738 3944 Timotheus
2769 3883 2829 3943 in
2865 3881 3237 3962 philosophia
3272 3891 3332 3943 et
3386 3881 3653 3944 saeculari

245 3970 388 4049 ipsa
421 3969 740 4044 librorum,
778 3970 879 4051 qui
926 3969 1244 4033 Timotheo
1297 3982 1751 4051 nuncupantur,
1792 3972 1919 4030 ins-
2005 3971 2321 4052 disciplina
2354 3973 2520 4050 cujus
2551 3972 2757 4034 rudior
2790 3980 2936 4053 erat,
2971 3981 3147 4054 atque
3181 3972 3355 4033 etiam
3385 3974 3442 4034 in
3469 3971 3659 4035 subli-

249 4059 564 4140 criptione
614 4060 869 4123 ducitur.
921 4064 1154 4123 Auctor
1202 4061 1360 4121 enim
1420 4071 1625 4121 noster
1664 4060 1724 4121 in
1768 4059 1920 4121 llbro
2008 4061 2518 4140 mioretheologia
2549 4061 2890 4141 Dionysium
2921 4063 3178 4125 habebat
3211 4081 3317 4143 pro
3344 4064 3647 4142 magistro,

244 4150 337 4212 De
361 4152 599 4212 divinis
618 4149 975 4213 nominibus
1002 4150 1312 4231 epistolam
1350 4151 1558 4230 lgnatii
1590 4150 1919 4213 Antioche-
2008 4159 2069 4213 et
2100 4152 2266 4213 illum
2302 4152 2520 4215 absens
2555 4171 2658 4232 per
2690 4153 2922 4215 litteras
2968 4153 3336 4215 consulebat.
3390 4152 3447 4217 3.
3507 4152 3653 4216 Cum

212 4252 215 4255 ’
243 4244 310 4302 ni
348 4239 649 4320 episcopi,
683 4246 764 4301 uti
789 4240 944 4301 infra
978 4240 1232 4317 dicetur,
1268 4248 1327 4303 et
1365 4240 1729 4321 laudavit,et
1753 4241 1923 4319 ipsis-
1947 4240 2358 4322 DTimotheus
2392 4244 2534 4303 satis
2564 4252 2723 4304 esset
2749 4252 2956 4304 natura
2990 4242 3231 4304 timidus
3265 4250 3322 4304 et
3353 4242 3655 4321 pusillani-

245 4330 595 4392 simaillius
619 4329 797 4392 verba
830 4331 1053 4392 retulit.
1084 4332 1268 4410 Ergo,
1300 4330 1607 4412 inquiunt,
1643 4332 1741 4392 hic
1772 4331 1925 4392 liber
2010 4331 2144 4404 mis,
2187 4351 2304 4392 non
2368 4341 2591 4393 tantum
2646 4331 2893 4394 doctore
2955 4331 3244 4393 scientias.
3308 4331 3414 4393 sed
3472 4332 3652 4394 etiam

244 4418 598 4495 Timotheo,
654 4424 750 4500 qui
796 4421 935 4481 dum
990 4438 1059 4482 ea
1091 4420 1301 4497 lgnatii
1336 4420 1585 4501 epistola
1618 4419 1757 4482 data
1808 4430 1920 4501 est,
2008 4421 2237 4483 virtutis
2265 4428 2323 4482 et
2354 4421 2705 4483 constantia:
2737 4421 3040 4500 indigebat
3074 4422 3370 4501 magistro.

238 4510 380 4591 jam
417 4518 672 4571 mortem
709 4509 964 4585 obicrat,
1002 4530 1118 4571 non
1152 4532 1162 4590 ι
1197 4511 1347 4570 otuit
1379 4509 1648 4570 inscribi.
2088 4509 2307 4572 Verum
2342 4530 2459 4589 quo
2480 4530 2736 4592 unquam
2762 4512 3035 4590 exemplo
3052 4509 3400 4591 probabitur
3420 4510 3655 4589 episco-

338 4597 587 4663 Hicnou
610 4600 873 4661 minimas
890 4600 1256 4662 difﬁcultatis
1274 4599 1462 4661 nodus
1480 4599 1920 4680 Areopagiticos
2009 4619 2146 4680 pum
2168 4599 2239 4660 ab
2265 4599 2380 4662 alio
2406 4602 2687 4681 episcopo
2712 4601 2843 4661 ideo
2867 4619 3113 4680 puerum
3138 4602 3355 4681 vocari,
3377 4600 3532 4680 quod
3553 4600 3656 4663 ille

252 4689 581 4771 plurimum
618 4689 809 4762 torsit,
846 4699 1021 4771 atque
1043 4699 1109 4751 ut
1141 4690 1212 4752 ab
1248 4709 1319 4751 co
1354 4708 1419 4751 se
1450 4690 1790 4770 expediant,
1814 4710 1916 4751 va-
2005 4690 2062 4749 in
2101 4688 2473 4769 philosophia
2510 4697 2567 4751 et
2596 4689 2869 4750 saeculari
2920 4689 3238 4770 disciplina
3299 4690 3376 4751 sit
3421 4688 3648 4751 ruilior.

258 4779 381 4841 rias
413 4797 481 4840 se
518 4784 758 4843 vertunt
789 4779 849 4840 in
888 4787 1109 4858 partes.
1148 4779 1427 4842 Nonnulli
1450 4779 1612 4840 enim
1632 4799 1766 4840 cum
1798 4778 1915 4841 Ba-
2005 4778 2231 4840 Deinde
2264 4798 2379 4860 quo
2412 4778 2627 4840 itidem
2662 4790 3020 4857 argumento
3054 4778 3440 4860 persuadebis
3461 4777 3654 4840 Timo

260 4868 436 4931 ronio
470 4869 694 4949 opinati
719 4878 859 4930 sunt
883 4870 1043 4930 hunc
1067 4870 1445 4932 Timotheum
1473 4889 1590 4931 non
1624 4889 1760 4931 eum
1786 4888 1918 4933 esse
2006 4869 2206 4930 theum
2241 4869 2299 4929 in
2325 4868 2398 4929 iis
2428 4868 2693 4930 scientiis
2718 4869 2899 4931 fuisse
2928 4869 3204 4950 Dionysio
3229 4869 3656 4943 rudiorem,ac-

254 4958 357 5041 qui
382 4958 1172 5039 Paulidiscipulusfuit,sed
1190 4960 1372 5021 alium
1392 4959 1921 5040 quemdamjunio-
2006 4978 2141 5019 eum
2183 4958 2242 5018 in
2275 4958 2626 5020 sublimiore
2686 4959 2983 5038 theologia
3020 4960 3298 5021 habuisse
3333 4978 3438 5038 pro
3473 4957 3657 5036 magi-

254 5067 413 5126 rem,
447 5050 733 5111 Pudentis
775 5048 1071 5110 senatoris
1105 5049 1321 5129 lilium,
1372 5048 1546 5127 cujus
1599 5068 1819 5111 nomen
1854 5050 1914 5111 in
2004 5058 2126 5109 stro
2155 5047 2373 5110 ?Certe
2411 5048 2733 5128 Dionysius
2769 5049 2934 5112 illum
2962 5058 3120 5111 tanta
3150 5047 3486 5112 eruditione
3509 5066 3652 5127 prai-

253 5137 594 5201 Romanum
614 5138 1265 5218 Martyrologium,etin
1286 5137 1391 5202 SS.
1415 5141 1917 5216 PerpetuaeetFe—
2001 5138 2187 5200 ditum
2220 5139 2545 5216 agnovit,ut
2584 5139 2975 5219 perfectiores
3005 5141 3135 5218 ejus
3166 5137 3536 5218 cognitiones
3565 5155 3657 5200 se-

254 5228 499 5290 licitatis
533 5232 679 5290 Acta
704 5228 1113 5292 referturAlii
1146 5247 1177 5290 e
1200 5228 1502 5290 contrario
1536 5226 1913 5289 Timotheum
2001 5246 2136 5289 cum
2161 5226 2613 5300 communicari,
2653 5238 2713 5290 et
2742 5229 2967 5307 scripta
3004 5248 3109 5289 sua
3135 5228 3204 5290 ab
3239 5247 3308 5288 eo
3341 5225 3651 5288 emendari

252 5319 423 5381 illum
460 5337 669 5381 verum
730 5316 900 5381 Pauli
946 5317 1306 5394 discipulum
1365 5317 1549 5380 fuisse
1601 5331 1914 5403 asserunt,
2008 5318 2259 5379 voluerit
2298 5334 2311 5379 :
2346 5315 2509 5379 Illud
2560 5336 2812 5398 quoque,
2872 5317 3181 5399 inquiebat
3228 5315 3547 5394 Dionysius
3577 5317 3650 5393 Η,

251 5418 309 5473 et
340 5408 590 5473 Baronii
639 5406 993 5490 opinionem
1041 5409 1135 5471 his
1180 5407 1913 5491 impugnantrationibus.
1988 5408 2329 5492 pontiﬁcio:
2386 5416 2503 5471 tua:
2558 5411 2827 5474 scientia
2880 5406 3502 5473 commemorabimuc.
3562 5408 3645 5473 Et

250 5677 285 5741 7
328 5596 480 5760 Eat:
514 5611 742 5697 annum
784 5590 919 5670 109,
953 5592 982 5673 §
1012 5594 1112 5658 56.
1147 5594 1204 5646 20
1234 5592 1257 5657 Ι
1286 5592 1443 5676 Tim,
1481 5610 1543 5658 II.
1578 5591 1628 5636 “
1658 5590 1794 5673 Lib.
1818 5594 1905 5658 De
1935 5595 2065 5658 coal.
2100 5592 2338 5658 hierar.
2373 5612 2507 5674 cap.
2540 5595 2597 5656 7.
2636 5591 2691 5637 ίε
2719 5596 2824 5659 Lib
2889 5596 2977 5658 De
3008 5597 3218 5660 coclea.
3247 5592 3477 5658 hieran
3516 5611 3649 5676 cap.
