4072 6434
430 332 506 404 27

1578 342 1639 410 S.
1685 344 2097 410 DIONYSIUS
2138 345 2657 417 AREOPAGITA.

3734 348 3814 418 28

432 483 573 551 alibi
605 486 665 540 t2
690 508 705 553 τ
735 487 1127 554 communica
1159 489 1350 571 igitur
1375 496 1434 556 et
1464 496 1528 555 tu
1567 490 1720 554 mihi
1752 494 2078 572 perfectio-
2102 500 2137 550 A
2165 504 2421 568 pueros:
2452 487 2664 571 Pueri,
2681 487 2959 569 nunquid
2967 486 3461 569 pulmentarium
3481 485 3814 553 habetis”?

432 596 565 642 rem
601 578 1107 662 illustrationem,
1156 590 1299 659 etc.;
1353 590 1527 665 atque
1576 582 1691 644 alio
1724 583 1783 644 in
1817 583 1971 646 libro
2002 584 2080 648 Β.

430 667 572 730 Erit
601 668 1003 733 humanitatis
1037 677 1156 733 tua:
1181 672 1486 753 corrigere
1514 689 1637 734 non
1666 681 1878 753 sponte
1902 675 2085 755 igno-

429 765 692 833 rantem,
722 760 1068 840 rtlonesque
1126 778 1457 841 suggerere
1509 762 1742 825 discere
1787 764 2082 845 cupienti.

513 848 749 910 Scimus
782 850 1023 930 quidem
1077 849 1418 932 Dionysium
1471 869 1505 913 a
1563 851 1878 915 Timotheo
1913 854 1986 916 de
2020 872 2086 916 re

433 938 685 1018 quadam
717 940 1053 1018 theologica
1081 941 1263 1004 fuisse
1285 941 1605 1023 aliquando
1628 942 2081 1024 interrogatum,

433 1036 502 1115 ut
520 1025 693 1115 hunc
722 1027 783 1088 in
815 1029 1055 1091 modum
1091 1029 1193 1092 ille
1241 1037 1484 1092 testatus
1526 1039 1615 1094 est
1643 1031 1701 1082 14
1731 1054 1742 1091 :
1776 1033 1894 1096 Sed
1937 1039 2083 1115 quia

436 1113 597 1177 alias
617 1134 828 1198 meper
847 1118 1166 1199 epistolam
1189 1121 1603 1201 interrogasti,
1625 1122 1773 1202 quid
1789 1113 2087 1203 appellem

430 1222 545 1282 per
565 1223 631 1269 se
652 1224 799 1283 esse,
823 1226 934 1288 per
954 1227 1018 1271 se
1041 1210 1254 1279 vitam,
1276 1227 1382 1290 per
1412 1229 1476 1274 se
1505 1215 1897 1291 sapientiam,
1920 1221 1978 1275 et
2003 1221 2086 1276 te-

432 1312 568 1356 cum
592 1297 687 1359 ais
707 1298 1012 1361 dubitasse
1032 1301 1332 1379 quomodo
1363 1300 1556 1363 Deum
1582 1301 1921 1384 aliquando
1943 1321 2086 1367 voco

424 1402 537 1466 per
564 1405 627 1449 se
650 1388 865 1467 vitam,
890 1390 1229 1469 aliquando
1261 1408 1404 1453 vero
1436 1391 1776 1472 effectorem
1808 1395 1972 1456 vitm.
2007 1396 2087 1457 At

433 1476 569 1554 quis
601 1477 811 1538 merito
845 1478 986 1540 inde
1017 1478 1255 1559 colligat
1283 1478 1663 1543 Timotheum
1707 1484 1766 1545 in
1813 1483 2082 1564 philoso-

436 1565 630 1646 phicis
666 1566 848 1630 rebus
896 1568 1174 1651 Dionysio
1223 1570 1553 1643 rudiorem,
1584 1590 1720 1634 eum
1754 1572 1814 1634 in
1850 1573 2084 1635 theolo-

2168 578 2412 642 Addunt
2441 580 2812 644 Clementem
2838 579 3305 642 Alexandrinum
3330 598 3539 642 omnes
3574 579 3814 642 univer-

2168 666 2278 727 sim
2306 666 2674 757 Christianos
2697 667 2907 731 eodem
2942 669 3186 730 nomine
3216 686 3622 751 nuncupasse;
3656 687 3810 750 quo-

2168 757 2326 818 niam
2359 757 2679 820 Christiani
2712 757 2787 819 ob
2824 777 3054 819 morum
3100 759 3541 839 simplicitatem
3577 766 3636 821 et
3665 776 3813 818 sua—

2170 844 2404 907 vitatem
2440 848 2550 909 hoc
2578 866 2642 909 se
2672 847 2926 910 invicem
2963 866 3286 928 puerorum
3320 848 3564 910 nomine
3599 848 3818 911 vocita-

2171 933 2333 997 bant.
2370 937 2484 1000 Sed
2518 936 2576 999 id
2613 936 2853 999 omnino
2887 937 3017 1000 leve
3059 946 3147 1000 est
3193 946 3251 1001 et
3302 938 3626 1001 inﬁrmum.
3663 938 3814 1000 Nam

2169 1025 2451 1109 episcopo
2495 1027 2580 1090 l‘as
2633 1047 2749 1089 non
2806 1037 2931 1090 erat
2978 1027 3159 1090 alium
3213 1028 3562 1111 episcopum
3596 1025 3812 1088 eodem

2169 1116 2346 1177 modo
2368 1136 2485 1199 quo
2502 1118 2771 1182 Christus
2791 1117 3116 1197 discipulos
3135 1136 3275 1181 suos
3293 1117 3561 1194 vocabat,
3592 1114 3819 1197 alloqui

2169 1217 2225 1268 et
2253 1208 2579 1288 appellare.
2614 1210 2895 1270 Clemens
2926 1225 3065 1270 vero
3097 1227 3215 1270 non
3256 1208 3481 1271 idcirco
3515 1204 3816 1271 Christia-

2168 1315 2278 1358 nos
2304 1316 2519 1377 pueros
2552 1298 2838 1359 nominat.
2876 1298 3037 1376 quod
3068 1297 3110 1359 ii
3140 1299 3253 1362 hac
3292 1308 3499 1360 mutua
3539 1294 3815 1377 appella-

2170 1387 2332 1450 tione
2362 1405 2494 1452 sese
2526 1388 2783 1450 invicem
2835 1387 3306 1470 alloquerentur,
3361 1388 3469 1451 sed
3522 1386 3664 1469 quia
3712 1384 3816 1447 ille

2167 1476 2321 1538 libro
2377 1496 2486 1539 suo
2546 1478 2879 1557 Poedagcgi
2937 1477 3169 1540 titulum
3244 1478 3564 1541 indiderat.
3626 1476 3814 1539 Porro

2167 1579 2363 1629 autem
2399 1568 2505 1629 etsi
2538 1566 2859 1630 Christiani
2899 1586 3034 1630 sese
3082 1567 3336 1630 invicem
3391 1585 3609 1649 pueros
3640 1582 3817 1628 voca-

434 1655 578 1733 gicis
605 1656 889 1719 habuisse
918 1677 1021 1739 pro
1052 1660 1335 1739 magistro
1358 1660 1389 1720 ?
1431 1659 1755 1739 Numquid,
1792 1663 1927 1744 quia
1959 1663 2079 1726 Au.
2163 1665 2323 1738 rent,
2359 1676 2476 1718 non
2513 1657 2553 1719 ii
2592 1666 2785 1720 tamen
2818 1658 2878 1719 in
2911 1658 3150 1739 scriptis
3199 1659 3323 1719 suis
3378 1659 3637 1739 aliquem
3666 1672 3816 1738 pro-

433 1746 705 1824 gustinus
736 1746 1184 1829 Hieronymum,
1243 1757 1417 1830 atque
1466 1750 1566 1812 alii
1618 1752 1885 1833 episcopi
1933 1753 2084 1815 alios
2110 1828 2138 1833 _
2167 1758 2348 1810 vectae
2375 1748 2569 1811 aetatis
2605 1750 2938 1830 hominem,
2971 1750 3247 1824 scientia,
3281 1748 3593 1829 dignitate,
3631 1750 3817 1810 virtu-

434 1835 753 1915 episcopos
784 1845 857 1900 de
888 1828 1072 1900 rebus
1106 1828 1480 1920 theologicis,
1516 1841 1631 1923 vel,
1657 1828 1714 1903 si
1740 1828 1907 1917 vel-is,
1943 1828 2144 1923 phi—.B
2170 1837 2326 1899 tibus
2355 1838 2684 1918 celebrem,
2719 1848 2778 1899 et
2809 1828 3150 1920 episcopatu
3175 1846 3440 1920 auctum,
3473 1855 3544 1899 eo
3567 1828 3818 1899 nomine

432 1924 790 2009 losophicis,
822 1929 1275 2003 consuluerunt,
1313 1929 1383 1993 iis
1415 1931 1717 2013 rudiorcs,
1753 1951 2085 2014 eorumque
2164 1926 2497 2009 appellasse
2527 1928 2694 1990 ullibi
2725 1928 3021 2007 leguntur.

434 2014 785 2096 discipulos,
821 2025 923 2079 aut
952 2019 1028 2081 ab
1062 2018 1180 2081 illis
1235 2020 1494 2082 ﬁliorum
1548 2021 1792 2084 nomine
1841 2033 2086 2086 vocatos
2804 2024 3047 2091 CAPUT
3096 2027 3168 2091 Χ.

435 2104 621 2208 (ιξίεέὲθ
654 2106 975 2208 άῖςεηάυητ
1027 2111 1351 2208 “Ullam
1381 2119 1544 2172 εθηθ
1579 2112 1776 2174 "unus
1819 2131 2083 2195 unquam
2166 2125 2597 2191 Examinatur
2637 2126 2976 2190 secundum
3025 2135 3489 2208 argumentum,
3533 2145 3610 2191 ea:
3639 2125 3822 2191 libris

433 2194 599 2264 dixit,
636 2195 739 2257 sed
774 2214 882 2260 ncc
915 2201 1231 2261 somniavit
1264 2219 1553 2282 unquam.

520 2284 662 2359 Quis
690 2296 892 2351 autem
926 2289 1039 2352 sibi
1091 2291 1444 2372 persuadeat
1503 2293 1882 2356 Timotheum
1933 2294 2084 2357 adeo

436 2385 653 2438 natura
688 2377 872 2441 fuisse
899 2379 1171 2443 timidum
1197 2392 1255 2443 et
1273 2381 1745 2462 pusillanimem,
1767 2396 1829 2444 ut
1847 2384 1946 2446 ille
1963 2404 2085 2447 ma-

434 2465 616 2543 gistro
648 2468 880 2528 virtutis
906 2477 963 2530 et
985 2472 1333 2532 constantia:
1359 2471 1706 2554 indiguerit,
1739 2493 1912 2554 quem
1942 2477 2085 2537 Pau-

437 2554 531 2616 lus
556 2554 845 2631 laborum,
866 2558 1174 2635 itinerum,
1201 2561 1626 2643 periculorum,
1655 2563 2085 2644 suppliciorum

438 2645 718 2707 comitem
750 2646 981 2722 habuit,
1008 2668 1189 2726 quem
1215 2649 1430 2712 Paulus
1454 2652 1526 2713 ad
1558 2651 1702 2714 alios
1727 2654 2089 2716 conﬁrman-

434 2733 544 2796 dos
567 2735 748 2799 misit:
782 2739 1083 2811 Misimus,
1112 2740 1308 2821 inquit
1334 2741 1588 2820 ipsemet
1614 2742 1855 2825 Psulus,
1888 2745 2087 2807 Timo-

431 2825 633 2887 theum
665 2828 932 2904 fratrem
984 2837 1275 2907 uestrum,
1330 2837 1388 2893 et
1438 2832 1790 2895 ministrum
1848 2833 1964 2896 Dei
2015 2837 2083 2897 in

431 2913 773 3005 Evangelio
805 2916 1056 2995 Christi,
1102 2921 1187 2981 ad
1236 2922 1689 3002 conﬁrmandos
1721 2941 1845 3005 vos,
1880 2933 1940 2986 et
1973 2941 2082 2987 ea:-

435 3004 768 3068 hortandos
810 3025 928 3086 pro
957 3009 1076 3090 ﬁde
1110 3018 1329 3084 castra,
1364 3018 1431 3074 ut
1460 3030 1628 3075 nemo
1660 3004 1924 3075 vestrum
1957 3031 2083 3075 mo—

2248 2216 2304 2270 ct
2348 2210 2746 2289 scriptoribus
2774 2209 2974 2271 sacris
3030 2210 3138 2289 qui
3198 2207 3275 2273 ab
3330 2214 3575 2271 auctore
3602 2214 3820 2272 nostro

2248 2289 2526 2351 citantur
2554 2290 2965 2368 desumptum.

2246 2378 2374 2442 Jam
2407 2397 2544 2441 vero
2577 2380 2626 2440 si
2658 2398 2691 2440 a
2721 2378 3011 2441 librorum
3041 2377 3439 2459 inscriptione
3483 2377 3556 2440 ad
3602 2396 3812 2440 eorum

2168 2467 2484 2531 lectionem
2533 2480 2923 2543 transeamus,
2960 2476 3284 2531 occurrent
3328 2467 3547 2548 passim
3580 2468 3720 2530 libri
3753 2472 3817 2530 et

2169 2561 2494 2641 scrlptures
2515 2560 2589 2622 ab
2612 2568 2859 2622 auctore
2882 2566 3084 2621 nostro
3109 2557 3295 2632 citati,
3320 2558 3422 2639 qui
3447 2577 3581 2620 eum
3616 2562 3816 2621 Areo-

2169 2650 2421 2730 pagitam
2450 2669 2568 2712 non
2588 2668 2719 2712 esse
2735 2648 2877 2711 satis
2902 2657 3107 2730 aperte
3139 2647 3546 2711 demonstrare
3563 2647 3813 2710 videan-

2169 2748 2282 2802 tur.
2314 2739 2420 2803 Ille
2448 2741 2607 2802 enim
2630 2738 2935 2818 eumdem,
2963 2736 3067 2819 qui
3088 2755 3244 2799 nunc
3268 2737 3340 2798 ab
3361 2738 3641 2799 omnibus
3662 2737 3816 2799 reci-

2169 2831 2348 2912 pitur,
2380 2848 2617 2893 saeuum
2650 2829 2863 2891 divinae
2892 2828 3218 2908 Scriptura;
3248 2846 3536 2889 canonem
3573 2827 3819 2895 exhibet

2167 2928 2223 2980 et
2243 2927 2651 2998 repraesentat.
2684 2917 3074 2998 Alquicanon
3092 2915 3189 2976 ille
3211 2914 3645 2996 Scripturarum
3669 2915 3814 2977 Dio-

2169 3010 2317 3089 nysii
2353 3019 2623 3089 tempore
2654 3008 2919 3069 nondum
2956 3015 3084 3068 erat
3114 3005 3410 3086 perfectus
3433 3014 3493 3069 et
3524 3005 3816 3086 obsigna-

434 3103 658 3158 tteatur
687 3100 753 3159 in
787 3098 1293 3163 tribulationibus
1319 3102 1395 3164 l5.
1421 3100 1656 3164 Siccine
1681 3121 1821 3179 ergo
1843 3102 1914 3164 ad
1938 3102 2143 3165 aliosC
2172 3099 2707 3181 tus.Apocalypsim
2732 3115 3008 3177 namque,
3035 3095 3356 3177 Epistulam
3385 3096 3545 3160 Pauli
3592 3096 3664 3158 ad
3688 3095 3816 3158 He-

433 3187 499 3245 in
536 3185 1034 3251 tribulationibus
1066 3191 1519 3270 conﬁrmandos
1548 3200 1600 3254 et
1654 3192 2083 3270 rxhortandos,

439 3272 763 3336 mittendus
778 3285 903 3339 erat
917 3278 1095 3341 homo
1112 3287 1337 3341 natura;
1353 3280 1572 3343 timidae
1590 3289 1645 3341 et
1662 3280 2088 3360 pusillanimis?

514 3362 720 3426 Restat
748 3366 925 3445 igitur
948 3367 1375 3431 utTimotbeus
1398 3369 1621 3430 idcirco
1644 3388 1794 3447 puer
1819 3369 2081 3447 dicatur,

438 3453 595 3533 quod
642 3456 923 3538 Dionysio
966 3466 1135 3521 {etate
1167 3459 1344 3521 fuerit
1370 3460 1598 3538 junior.
1647 3458 1717 3521 Et
1750 3460 1806 3521 id
1842 3461 2084 3541 quidem

431 3542 574 3606 inde
604 3546 945 3610 conﬁrmari
981 3557 1194 3632 potest,
1250 3549 1388 3631 quia
1418 3547 1795 3631 Ambrosius,
1828 3551 1913 3612 uti
1944 3550 2083 3613 olim

431 3632 1336 3719 obsarvabamus,Constantium
1355 3639 1701 3719 episcopum
1724 3640 1826 3701 ﬁlii
1845 3647 2085 3703 nomine

429 3723 892 3804 appellaverit“.
909 3727 1279 3792 Commendo
1300 3730 1345 3790 ti
1354 3729 1411 3790 bi
1419 3777 1432 3801 ,
1440 3728 1557 3807 ﬁli,
1573 3727 2085 3811 Ecclesiam,quoe

430 3821 524 3876 est
551 3815 630 3876 ad
663 3817 883 3880 Forum
920 3818 1209 3881 Cornelii.
1254 3821 1476 3879 Verum
1533 3816 1885 3881 Timotheus
1945 3828 2085 3882 ante

430 3903 1165 3986 Dionysiiconversionem
1193 3927 1311 3969 non
1338 3908 1529 3970 solum
1562 3908 1911 3973 Christiana;
1935 3911 2081 3972 reli-

431 3995 589 4073 εἰοηὶ
622 4014 842 4059 nomen
874 3998 1150 4078 dederat,
1183 3997 1289 4059 sed
1327 3998 1493 4059 Pauli
1520 4017 1760 4079 quoque
1801 4008 1861 4062 et
1907 4000 2086 4063 disci-

434 4085 607 4167 putus
632 4095 1069 4152 eratetcomes.
1106 4087 1334 4150 Deinde
1365 4105 1500 4149 cum
1532 4088 2083 4172 Dionysiusscripta

435 4177 962 4252 suaelucubraret,
978 4177 2076 4264 annum,utdiximus,nonagesimum,

2173 3189 2385 3264 braeos,
2403 3189 2727 3251 secundam
2752 3187 3026 3269 Joannis,
3045 3194 3101 3249 et
3123 3184 3290 3248 ludat
3316 3185 3817 3268 Epistolam,quas

2170 3278 2271 3341 ille
2303 3281 2458 3341 hunc
2488 3278 2674 3340 refert
2724 3279 2781 3338 in
2826 3295 3147 3358 canonem,
3198 3277 3272 3338 ab
3329 3276 3539 3338 eodem
3576 3276 3819 3358 plurimi

2171 3368 2589 3433 excludebant.
2625 3368 2857 3433 Deinde
2885 3369 3145 3429 Joannes
3167 3367 3589 3449 Apocalypsim
3620 3385 3816 3445 suam,

2171 3480 2305 3524 cum
2351 3461 2412 3521 in
2444 3459 2641 3521 insula
2673 3463 2909 3522 Patmos
2939 3457 3259 3539 exsolaret,
3293 3458 3350 3518 id
3381 3466 3470 3519 est
3511 3459 3673 3520 circa
3702 3475 3818 3519 an-

2172 3571 2311 3614 num
2345 3551 2568 3615 Christi
2611 3552 2689 3615 94
2726 3550 2809 3611 vel
2840 3550 2941 3621 95,
2991 3548 3198 3624 edidit,
3258 3546 3636 3627 Evangelium
3673 3565 3818 3609 vero

2169 3651 2301 3723 post
2320 3661 2521 3722 suum,
2543 3650 2604 3703 ut
2623 3640 2827 3721 plures
2846 3638 3237 3719 arbitrantur,
3273 3638 3345 3700 ab
3374 3637 3586 3699 eodem
3606 3636 3820 3700 exsilio

2169 3732 2455 3812 reditum,
2487 3731 2598 3794 hoc
2631 3739 2863 3792 estnon
2893 3737 3032 3791 ante
3056 3747 3275 3790 annum
3299 3728 3401 3809 98,
3436 3727 3657 3808 publici
3680 3726 3823 3790 fecit

2169 3840 2302 3883 esse
2319 3822 2496 3901 juris.
2527 3820 2632 3883 His
2654 3820 2808 3882 adde
2840 3819 3023 3882 libros
3045 3819 3180 3880 illos
3210 3836 3244 3879 a
3277 3818 3555 3900 Dionysio
3598 3836 3719 3879 non
3750 3826 3824 3879 ut

2168 3929 2352 3973 novos
2378 3918 2776 3991 recenterque
2806 3909 3001 3971 editos
3023 3909 3216 3972 citari.
3243 3907 3414 3972 Unde
3445 3908 3824 3971 concludunt

2168 4020 2303 4063 eum
2337 4000 2425 4063 vix
2458 4008 2595 4063 ante
2623 4019 2842 4062 annum
2875 3998 3090 4063 Christi
3137 4001 3527 4062 centesimum
3577 3996 3823 4078 scriptis

2166 4091 2290 4153 suis
2323 4109 2562 4152 manum
2597 4090 2955 4152 admovisse.
2986 4092 3064 4153 At
3090 4098 3211 4150 tum
3243 4088 3560 4170 Dionysius
3590 4087 3690 4150 ille
3708 4105 3822 4150 an-

2167 4200 2307 4243 num
2330 4181 2517 4243 atatis
2547 4199 2669 4243 suae
2700 4178 3161 4260 nonagesimum
3195 4179 3428 4259 agebat,
3458 4178 3677 4261 quippe
3710 4178 3821 4258 qui

430 4264 521 4327 vel
566 4264 812 4329 forsitan
855 4267 1254 4331 centesimum
1328 4266 1539 4329 debuit
1594 4269 1913 4349 attingere,
1972 4269 3223 4353 necDChristopattente,utsoliseclipsim
3249 4268 3821 4345 observaret,annos

428 4356 779 4420 Timotheus
814 4367 956 4421 tunc
986 4356 1367 4437 octogenario
1402 4358 1597 4421 minor
1628 4371 1781 4424 erat.
1838 4362 1952 4426 Fac
1988 4371 2080 4424 ta-
2167 4362 2432 4439 quinque
2482 4379 2658 4442 supra
2701 4360 2905 4441 viginti
2955 4359 3292 4441 explevisse
3336 4358 3637 4421 credatur.
3674 4358 3824 4433 Quis

434 4450 575 4510 men’
602 4467 738 4510 eum
781 4448 1335 4529 septuagenarium,
1381 4447 1471 4510 vel
1527 4448 1702 4511 etiam
1754 4469 2083 4531 sexagena-
2166 4459 2365 4513 autem
2399 4451 2514 4514 sibi
2547 4451 2721 4513 facile
2756 4450 3113 4532 persuadeat
3133 4450 3328 4511 virum
3358 4448 3432 4511 ab
3463 4448 3827 4529 ineunteju—

430 4539 584 4599 rium
621 4537 1032 4601 tantummodo
1056 4538 1273 4614 fuisse,
1305 4538 1575 4620 nunquid
1614 4543 1935 4621 episcopus
1970 4563 2081 4604 no-

434 4627 794 4707 nagenarius
823 4626 1004 4688 alium
1035 4633 1149 4688 tam
1182 4636 1476 4708 provectae
1493 4629 1681 4691 sitatis
1704 4631 2082 4714 episcopum,

430 4717 533 4800 qui
560 4717 685 4798 jam
737 4723 877 4778 ante
927 4734 1064 4777 eum
1118 4715 1514 4780 Christianam
1569 4717 1919 4799 religionem
1951 4739 2085 4783 am-

435 4807 730 4889 plexatus,
764 4814 823 4868 et
855 4803 1080 4869 deinde
1111 4806 1277 4870 Pauli
1302 4806 1556 4888 apostoli
1579 4826 1785 4871 comes
1821 4818 1877 4871 et
1898 4809 2084 4873 disci-

433 4898 612 4978 pulus
646 4897 862 4970 fuerat,
901 4898 1142 4959 nomine
1189 4897 1295 4960 ﬁlii
1355 4899 1691 4979 appellasse
1744 4900 2084 4965 credendus

435 4986 572 5049 est?
606 4986 813 5067 Neque
844 4985 916 5048 ad
950 4985 1007 5047 id
1041 4986 1162 5048 ullo
1188 4986 1362 5049 modo
1385 4986 1523 5049 facit
1556 4990 1853 5052 Ambrosii
1887 5011 2087 5055 exem-

432 5077 621 5157 plum,
659 5075 1149 5157 quandoqnidom
1194 5078 1574 5140 Constantius
1625 5077 1780 5140 inter
1832 5080 2088 5143 clericos

431 5166 916 5231 Mediolanenses
947 5165 1057 5228 sub
1091 5165 1362 5247 ejusdem
1395 5165 1698 5229 Ambrosii
1742 5170 2082 5249 magisterio

2172 4551 2413 4603 ventute
2444 4542 2947 4622 eruditisstmum,
2983 4540 3062 4602 ud
3117 4539 3302 4602 libros
3351 4538 3832 4602 conscribendos

2173 4639 2313 4693 tunc
2347 4631 2614 4694 animum
2642 4631 2968 4713 appulisse,
3023 4649 3156 4693 cum
3204 4635 3336 4711 ipse
3388 4629 3832 4710 nonagenarius

2171 4730 2329 4783 esset
2354 4730 2411 4783 et
2444 4722 2613 4784 senio
2643 4721 2974 4784 confectus.

2251 4811 2370 4873 Sed
2394 4811 2490 4874 his
2513 4811 2844 4874 rationibus
2874 4811 3120 4872 minime
3143 4810 3218 4873 de
3241 4810 3545 4872 sententia
3568 4828 3674 4872 sua
3700 4828 3826 4872 mo-

2169 4910 2383 4963 ventur
2407 4902 2829 4983 Areopagiticl.
2865 4903 2997 4964 Non
3023 4900 3185 4963 enim
3210 4898 3536 4963 difﬁtentur
3561 4899 3662 4962 diu
3691 4900 3830 4984 qui-

2170 4991 2306 5054 dem
2339 4990 2415 5054 de
2444 4992 2733 5054 librorum
2766 4991 3197 5055 canonicorum
3224 5008 3476 5052 numero
3499 4990 3683 5053 fuisse
3705 4990 3827 5051 dis-

2172 5090 2459 5165 putatum,
2495 5084 2599 5145 sed
2622 5084 2824 5164 negari
2846 5099 3221 5164 nequaquam
3250 5099 3427 5162 posse
3458 5082 3628 5143 aiunt
3647 5081 3822 5163 quin,

2170 5173 2325 5235 sicut
2358 5174 2627 5236 nonnulli
2648 5174 2934 5256 quosdam
2961 5170 3146 5233 libros
3178 5190 3246 5233 ex
3273 5188 3444 5233 sacro
3468 5188 3698 5234 canone
3722 5190 3815 5234 re-
3894 5178 3899 5185 '

431 5256 740 5336 educatus,
776 5273 911 5316 cum
945 5255 1015 5317 ad
1050 5273 1185 5316 eum
1235 5254 1476 5337 scripsit
1505 5255 1663 5318 idem
1695 5257 2081 5340 Ambrosius,
2161 5263 2478 5343 jiciebant,
2512 5264 2592 5325 ita
2624 5254 2799 5327 etiam
2834 5263 3077 5345 quidam
3111 5261 3211 5324 alii
3260 5279 3361 5324 eos
3395 5280 3601 5324 omnes
3633 5263 3733 5345 qui
3763 5265 3824 5325 in

430 5345 494 5407 in
525 5346 870 5427 episcopum
900 5363 1115 5407 recens
1145 5354 1483 5426 assumptus
1516 5346 1727 5409 fuerat.

514 5438 746 5499 Instant
776 5434 959 5518 aliqui
988 5433 1289 5499 Christum
1312 5434 1641 5518 discipulos
1667 5454 1809 5499 suos
1837 5455 2085 5503 vocasse

508 5625 560 5669 13
593 5620 721 5689 Lib.
766 5622 866 5686 De
894 5622 1088 5704 divin.
1139 5623 1395 5704 nomin.,
1429 5640 1563 5704 gap.
1629 5621 1725 5688 l3.

431 5707 488 5753 ιθ
513 5706 689 5772 Amb.
727 5706 902 5786 epiSt.
938 5702 997 5782 2,
1034 5722 1200 5768 nova:
1229 5702 1676 5769 edit.'17.loan.
1709 5721 1832 5786 XXI,
1869 5707 1927 5770 5.

2170 5354 2449 5416 eumdem
2470 5371 2762 5417 canonem
2782 5372 2940 5416 nunc
2956 5352 3363 5425 ascribuntur,
3384 5368 3490 5431 pro
3517 5352 3826 5415 canonicis

2170 5442 2479 5506 habendos
2510 5460 2644 5506 esse
2677 5442 3033 5525 putaverint.
3066 5444 3281 5524 Neque
3322 5441 3482 5503 enim
3527 5442 3826 5524 quoddam

1764 5626 1793 5702 Ξ
1825 5632 1900 5715 It,
1947 5626 2004 5672 Ν
2028 5627 2160 5694 Lib.
2221 5630 2304 5695 De
2332 5633 2532 5698 divin.
2564 5631 2829 5715 nomin.,
2863 5650 2998 5715 cap.
3035 5631 3136 5697 ll.
3196 5629 3250 5675 l5
3273 5628 3319 5696 Ι.
3357 5627 3630 5697 Thessal.
3662 5648 3726 5713 ιι,
3766 5635 3831 5703 3.
