4072 6428
244 363 324 429 ‘29

1648 360 2239 427 PROLEGOMENA.

3561 348 3638 418 30

240 499 573 584 aliquando
628 506 865 583 tempus
911 500 1097 566 fuisse
1139 499 1258 565 dici
1292 505 1485 584 potest
1534 518 1649 583 que
1694 518 1904 562 omnes
1929 504 1962 558 Α
1988 500 2140 563 stola
2173 500 2245 564 ab
2276 499 2429 583 ipso,
2458 517 2591 564 cum
2619 498 2691 563 ad
2725 496 3067 579 martyrium
3099 493 3454 584 duceretur,
3475 506 3633 584 anno

238 612 379 656 cum
436 591 752 665 Ecclesiae,
818 601 941 655 tum
992 593 1310 656 Christiani
1370 592 1554 653 libros
1615 592 1902 668 quosdam

238 683 576 764 Scriptura}
607 684 667 744 in
700 702 870 746 sacro
928 702 1155 744 canone
1208 702 1325 743 non
1382 683 1723 744 censuerint
1775 700 1906 743 esse

235 772 683 835 numerandos.
719 772 873 845 Quid
900 791 1040 852 ergo
1066 772 1347 852 prohibet
1369 774 1688 852 quominus
1720 775 1906 833 Areo-

234 863 442 943 pagita
476 860 571 922 his
608 863 937 941 praebuerit
966 880 1300 934 assensum,
1336 862 1434 941 qui
1475 880 1641 922 sacro
1675 878 1905 923 canone

231 971 342 1013 eos
373 969 593 1013 omnes
627 951 839 1032 libros,
868 953 972 1030 qui
997 971 1151 1014 nunc
1177 952 1577 1030 assignantur,
1611 951 1907 1015 contineri

231 1060 349 1123 pro
381 1049 551 1102 certo
580 1040 931 1103 habebant?

318 1130 493 1204 Quod
530 1132 604 1191 ad
638 1130 889 1193 Joannis
913 1131 1296 1210 Evangelium
1323 1131 1603 1213 pertinet,
1628 1131 1677 1192 si
1703 1131 1903 1211 plures

236 1240 269 1282 e
294 1220 680 1283 doctioribus
695 1222 922 1283 criticis
946 1222 1091 1283 illud
1119 1220 1191 1281 ab
1215 1220 1481 1300 apostolo
1506 1222 1906 1300 postreditnm

238 1330 419 1373 suum
448 1311 525 1373 ab
575 1312 785 1373 exsilio
826 1313 1111 1392 scriptum
1159 1311 1505 1390 opinantur,
1545 1330 1660 1372 non
1694 1310 1910 1373 desunt

242 1403 428 1462 etiam
472 1402 575 1484 qui
623 1412 685 1463 et
715 1402 860 1463 illud
896 1411 1067 1463 antea
1099 1410 1407 1464 exaratum
1453 1419 1587 1461 esse
1618 1410 1905 1463 asserant.

1990 590 2229 665 Christi,
2290 579 2348 654 ut
2405 609 2586 673 supra
2636 589 3029 662 ostendimus,
3070 586 3181 648 107
3222 593 3321 647 aut
3354 583 3490 656 108,
3529 579 3637 642 fuit

1991 691 2246 743 exarata.
2284 683 2469 745 Porro
2500 691 2699 743 artem
2730 699 2798 741 ea
2832 696 3025 759 neque
3055 684 3171 737 tum
3198 675 3315 735 cito
3340 676 3398 736 in
3426 688 3635 733 manus

1989 771 2250 852 Dionysii
2282 773 2483 832 venire
2518 772 2725 851 potuit,
2764 788 2959 848 neque
2993 767 3092 828 ille
3124 784 3253 826 eam
3291 772 3351 824 ut
3391 779 3631 852 novam,

1991 869 2049 923 et
2080 882 2113 922 a
2145 851 2345 942 paucis
2365 863 2685 941 cognitam,
2714 860 2816 922 sed
2848 868 2911 921 ut
2935 863 3233 937 receptam
3258 854 3331 915 ab
3355 851 3634 915 omnibus

1990 952 2153 1033 citat,
2189 952 2486 1033 verbaque
2518 952 2646 1031 ejus
2691 948 3053 1011 transcribit.
3106 947 3257 1007 Hine
3308 962 3447 1022 ergo
3480 959 3631 1002 con—

1989 1041 2191 1103 cludas
2236 1061 2483 1105 necesse
2527 1051 2615 1104 est
2662 1039 2924 1120 Dionysii
2977 1037 3191 1098 librum
3262 1037 3345 1095 De
3402 1033 3635 1094 divinis

1988 1134 2333 1194 nominibus
2364 1152 2481 1194 non
2514 1140 2649 1194 ante
2679 1148 2899 1193 annum
2954 1129 3069 1190 110
3118 1125 3399 1189 emissum
3454 1121 3636 1183 fuisse

1994 1224 2049 1283 in
2087 1222 2306 1285 lucem.

2050 1312 2433 1391 Respondent
2455 1313 2691 1394 quidam
2723 1309 3119 1391 Areopagitici
3144 1302 3487 1386 Dionysium
3505 1309 3637 1383 post

1993 1402 2204 1482 Iguatii
2224 1410 2469 1465 mortem
2492 1410 2664 1465 vitam
2693 1421 2858 1463 suam
2878 1395 3635 1479 produxisse;proindeque

240 1492 368 1554 Sed
401 1492 616 1573 quovis
651 1500 920 1572 tempore
952 1492 1235 1572 scriptum
1281 1508 1415 1551 esse
1462 1490 1715 1571 dicatur,
1767 1491 1910 1552 nihil
1996 1494 2279 1571 epistolas
2310 1496 2440 1575 ejus
2470 1495 2542 1556 ah
2576 1496 2674 1555 illo
2708 1497 2972 1575 potuisse
3007 1490 3256 1554 laudari.
3292 1488 3409 1551 Sed
3441 1488 3524 1548 illi
3560 1487 3635 1549 de

242 1590 430 1662 vetat,
470 1581 753 1663 inquiunt
800 1581 1227 1660 Areopagitici,
1282 1582 1601 1660 quominus
1633 1581 1778 1642 illud
1815 1582 1909 1662 ip-
1998 1585 2295 1646 soliditate
2331 1586 2508 1666 hujus
2536 1585 2966 1662 responsionis,
2995 1601 3169 1662 quam
3205 1599 3337 1641 cum
3368 1578 3642 1658 ejusdem

246 1690 415 1741 sum,
454 1680 638 1748 atque
682 1671 860 1733 etiam
916 1671 1187 1749 ejusdem
1231 1670 1475 1731 Joannis
1532 1670 1914 1752 Apocalypsis
2000 1676 2261 1755 Dionysii
2288 1674 2345 1736 in
2372 1675 2595 1738 Gallias
2619 1676 2871 1736 adventu
2894 1672 3215 1735 conciliare
3233 1690 3350 1730 non
3368 1676 3641 1748 possunt,

243 1760 428 1823 citari
464 1761 828 1840 potuerinta
863 1760 1167 1839 Dionysio,
1206 1760 1305 1840 qui
1341 1762 1690 1820 centenario
1725 1761 1914 1839 major

1999 1766 2237 1847 penitus
2288 1765 2646 1845 difﬁdentes,
2699 1764 2769 1825 ad
2812 1764 2985 1825 aliam
3027 1761 3226 1823 statim
3270 1758 3642 1837 confugiunt,

242 1851 362 1911 sub
394 1849 668 1929 Trajani,
706 1849 818 1926 vel,
841 1850 1009 1929 juxta
1039 1848 1214 1921 alios,
1250 1848 1360 1910 sub
1382 1848 1628 1912 Adriani
1662 1850 1911 1932 imperio
1937 1873 1973 1922 Β
1997 1855 2281 1936 aiuntque
2304 1854 2643 1936 Dionysium
2672 1855 2891 1934 scripta
2914 1853 3100 1915 suain
3139 1850 3369 1914 Graecia
3396 1848 3643 1928 quidem

244 1941 427 2001 vitam
464 1959 604 2001 cum
639 1948 833 2001 morte
866 1937 1280 2000 commutavit.

325 2030 670 2092 Fatendum
705 2029 948 2110 quidem
985 2038 1073 2090 est
1104 2027 1256 2109 quod
1303 2028 1351 2090 si
1398 2030 1511 2091 hoc
1541 2028 1912 2111 Dionysiante

243 2121 456 2181 mortis
502 2128 738 2200 tempus
768 2118 951 2181 certis
980 2118 1276 2180 rationum
1332 2119 1655 2181 momentis
1712 2132 1912 2201 posset

246 2211 627 2285 conﬁrmari,
655 2209 852 2269 omnis
873 2208 1078 2287 procul
1103 2207 1283 2270 dubio
1306 2209 1638 2271 solveretur
1660 2210 1910 2290 hujusce

246 2299 620 2360 diﬂicultatis
651 2298 870 2358 nodus.
906 2296 1022 2360 Sed
1048 2297 1422 2359 contendunt
1446 2300 1908 2380 Antiareopagi-

252 2388 715 2468 ticiDionysium
744 2395 876 2466 post
899 2386 1222 2451 Domitiani
1246 2387 1622 2468 imperatoris
1640 2397 1910 2469 tempora

262 2479 427 2539 vitam
472 2496 595 2539 non
647 2477 1024 2557 produxisse.
1077 2476 1245 2550 Quod
1298 2477 1536 2558 quidem
1571 2478 1651 2539 ita
1681 2491 1907 2543 certum

265 2586 390 2630 esse
416 2569 649 2643 volunt,
707 2575 770 2628 ut
819 2586 939 2628 non
984 2567 1175 2628 solum
1234 2568 1629 2629 accuratioris
1688 2571 1908 2632 criterii

256 2666 548 2728 auctores,
586 2655 695 2719 sed
730 2675 941 2718 eorum
976 2663 1153 2720 etiam
1212 2659 1313 2738 qui
1366 2657 1585 2739 scripta
1632 2659 1908 2741 Dionysio

254 2748 633 2827 Areopagita:
680 2747 1006 2823 vindicant,
1042 2766 1160 2809 non
1212 2750 1386 2827 pauci
1449 2749 1585 2809 huic
1646 2752 1909 2829 opinioni

251 2838 744 2919 subscripserint.
782 2837 1078 2900 Cteterum
1103 2858 1236 2899 cum
1270 2846 1506 2907 tempus
1536 2840 1910 2921 Dionysianm

253 2928 466 2989 mortis
498 2947 594 3009 ea,
632 2947 762 3008 quze
794 2947 1031 2990 omnem
1088 2930 1252 2990 tollat
1300 2929 1727 3011 difﬁcultatem,
1783 2932 1908 2992 evi-

1995 1943 2280 2017 edidisse,
2315 1943 2419 2005 sed
2456 1963 2524 2005 ea
2556 1943 2934 2024 postmodum
2968 1941 3040 2004 ab
3073 1942 3201 2023 ipso
3234 1945 3292 2000 in
3345 1938 3530 2001 Gallis
3564 1939 3642 1998 ita

1994 2036 2305 2113 recognita
2324 2041 2498 2114 atque
2530 2039 2870 2113 retractata,
2897 2044 2963 2092 ut
2992 2032 3065 2092 iis
3094 2050 3163 2092 ex
3187 2027 3431 2093 Joannis
3454 2029 3647 2090 Evan-

1994 2123 2151 2202 gelio
2176 2131 2234 2183 et
2258 2122 2609 2204 Apocalypsi
2641 2131 2818 2201 atque
2851 2141 2916 2184 ex
2954 2120 3162 2200 lgnatii
3195 2118 3442 2199 epistola
3477 2116 3647 2198 plura

1998 2213 2341 2273 testimonia
2362 2211 2681 2274 addiderit.
2715 2211 2929 2273 Verum
2964 2211 3023 2272 id
3049 2212 3229 2289 gratis
3258 2208 3500 2269 omnino
3522 2206 3644 2267 ﬁn-

1995 2304 2173 2381 gitur.
2204 2301 2345 2363 Nam
2373 2302 2421 2362 si
2456 2320 2636 2382 opera
2658 2301 2921 2381 Dionysii
2955 2301 3027 2363 ab
3055 2319 3126 2361 eo
3148 2301 3207 2361 in
3240 2297 3451 2361 Galliis
3480 2297 3637 2357 tuis-

1995 2402 2130 2453 sent
2158 2409 2390 2463 recusa,
2427 2391 2526 2452 ille
2561 2391 2762 2470 procul
2799 2389 2979 2451 dubio
3012 2390 3072 2450 in
3109 2387 3306 2468 populi
3347 2385 3439 2447 sui
3484 2384 3637 2445 alio-

1994 2500 2248 2563 rumque
2272 2481 2545 2542 solatium
2574 2489 2841 2543 curasset
2868 2499 2936 2540 ea
2967 2480 3028 2539 in
3063 2478 3324 2539 Latinam
3375 2475 3634 2563 linguam

1992 2562 2233 2632 vertiet
2265 2571 2579 2651 publicari,
2614 2577 2790 2650 atque
2824 2568 3059 2648 plurimi
3095 2565 3444 2629 eorumdem
3472 2562 3637 2644 Ope-

1993 2680 2123 2723 rum
2156 2662 2375 2722 inventi
2409 2661 2666 2723 fuissent
2698 2662 2755 2721 in
2790 2660 2861 2720 iis
2893 2658 3240 2736 regionibus
3272 2663 3330 2716 et
3352 2652 3560 2715 Latina
3582 2660 3641 2713 et

1994 2753 2200 2812 Graeca
2237 2769 2417 2812 manu
2456 2750 2676 2812 exarati
2711 2749 2969 2811 codices.
2997 2746 3159 2811 Nulli
3185 2754 3380 2806 tamen
3412 2742 3496 2804 ibi
3527 2760 3641 2803 un-

1995 2860 2171 2921 quam
2205 2841 2423 2922 reperti
2458 2846 2601 2903 sunt
2627 2861 2639 2902 :
2662 2840 2763 2900 sed
2802 2840 3028 2919 priores
3056 2857 3121 2897 cx
3154 2835 3397 2898 Oriente
3428 2850 3640 2913 aspor-

1995 2930 2121 3010 tati,
2178 2934 2380 2993 Graece
2435 2929 2640 3011 scripti
2685 2936 2894 3004 erant;
2949 2946 3059 2988 nec
3109 2925 3379 2987 Latinam
3434 2940 3639 2983 eorum

249 3018 454 3079 dentia
484 3019 889 3080 demonstrari
936 3028 1217 3100 nequeat,
1256 3038 1326 3081 eo
1360 3027 1524 3081 certe
1556 3030 1906 3097 argumento
1991 3022 2351 3094 versionem,
2375 3039 2441 3082 ea
2478 3039 2608 3101 qua)
2640 3040 2671 3081 a
2700 3019 2931 3082 Joanne
2962 3017 3140 3079 Scoto
3166 3014 3327 3076 edita
3358 3011 3643 3101 est,anti-

250 3128 369 3169 non
402 3109 799 3169 revincentur
830 3127 1039 3169 omnes
1071 3110 1624 3190 AreOpagiticorum
1658 3110 1866 3171 animi.
1994 3108 2268 3189 quierim
2306 3099 2620 3171 habemus.
2660 3108 2893 3170 Deinde
2922 3106 3119 3167 nullus
3155 3120 3417 3184 unquam
3448 3099 3645 3180 Opera

327 3201 717 3278 Quapropter
740 3216 848 3283 nec
879 3198 1033 3279 apud
1070 3217 1172 3259 eos
1204 3201 1335 3280 plus
1362 3198 1582 3260 valebit
1613 3208 1669 3261 et
1698 3201 1812 3262 alia
1835 3201 1973 3293 sLC
1998 3217 2101 3259 sua
2132 3204 2455 3273 recensuit,
2511 3217 2579 3259 ac
2634 3199 2691 3259 in
2747 3216 2952 3258 eorum
3010 3193 3432 3293 recognitione
3462 3190 3645 3292 .plura

246 3288 412 3349 milis
449 3280 915 3366 argumentatio,
955 3288 1093 3349 inde
1127 3290 1305 3368 petita
1339 3291 1494 3369 quod
1531 3295 1589 3349 in
1616 3289 1906 3351 librorum
1935 3280 1972 3293 ν
1997 3289 2217 3368 adjecit
2271 3308 2437 3363 nova,
2493 3289 2634 3370 quin
2690 3288 2763 3349 de
2824 3287 2916 3348 his
2967 3286 3219 3347 lectores
3258 3280 3474 3344 alicubi
3508 3297 3643 3341 mo-

246 3378 801 3457 manuscriptorum
830 3379 1095 3439 omnium
1124 3378 1312 3440 titulis
1333 3389 1539 3440 auctor
1564 3386 1915 3457 nosterepi—
1997 3382 2196 3440 nuerit
2225 3398 2384 3440 suos.
2426 3378 2649 3441 Nullihi
2695 3384 2895 3440 tamen
2950 3375 3104 3455 apud
3159 3380 3461 3435 auctorem
3501 3389 3644 3430 nos-

244 3487 471 3548 scopus
494 3466 1293 3532 Atheniensisinscribatur.
1320 3471 1531 3549 Neque
1562 3470 1718 3530 enim
1753 3470 1913 3531 ullus
1999 3476 2153 3527 trum
2210 3478 2444 3530 eXSIant
2500 3468 2755 3545 hujusce
2807 3463 3240 3527 admonitionis
3281 3459 3523 3538 vestigia
3556 3459 3644 3520 vel

244 3567 416 3621 certa
442 3558 691 3619 omnino
720 3575 788 3620 ac
809 3557 984 3637 plane
1007 3558 1264 3620 evidenti
1288 3558 1638 3638 probatione
1662 3559 1914 3620 demon-
2000 3566 2178 3620 notte.

242 3650 466 3709 stravit
500 3648 771 3728 quandiu
812 3647 1126 3728 Dionysius
1175 3647 1601 3710 Atheniensem
1661 3650 1916 3710 tenuerit
2083 3645 2189 3709 liis
2218 3647 2401 3723 igitur
2429 3644 2924 3726 responsionibus
2947 3642 3019 3704 ab
3050 3641 3183 3703 aliis
3213 3637 3646 3721 Areopagitica;

243 3739 697 3818 episcopatum,
718 3746 948 3813 autquo
966 3746 1233 3817 tempore
1259 3738 1384 3798 sive
1410 3739 1915 3818 spontaneaabdi-
2000 3738 2299 3818 Opinionis
2321 3736 2650 3797 fautoribus
2673 3735 2761 3796 vel
2786 3734 3001 3813 spretis
3022 3732 3114 3793 Vel
3139 3729 3400 3804 omissis,
3428 3728 3645 3818 audac-

244 3816 498 3890 catione
520 3833 647 3888 sive
672 3835 865 3889 morte
891 3846 996 3888 sua
1028 3816 1191 3888 illum
1217 3816 1917 3904 tandemreliquerit.ln-
2000 3816 2089 3889 ter
2120 3828 2414 3889 atlirmant
2461 3828 2633 3888 citata
2688 3823 3002 3901 lgnatiante
3050 3823 3317 3901 epistolae
3350 3818 3527 3880 verba
3569 3816 3645 3879 ab

243 3917 691 3995 certumigitur
714 3917 1145 3997 Areopagiticis
1170 3917 1469 3978 videbitur
1500 3936 1641 3978 num
1679 3918 1912 4000 Dyony-
1998 3918 2195 3998 aliquo
2229 3917 2524 3978 insciente
2571 3925 2631 3977 et
2675 3934 2877 3976 rerum
2912 3914 3114 3993 ignaro
3145 3909 3557 4000 imprudenter
3585 3917 3646 3970 et

242 4011 380 4070 sius
417 4022 555 4088 post
586 4007 1076 4070 editosaJoanne
1104 4008 1490 4088 Apocalypsis
1522 4016 1580 4068 et
1610 3997 1914 4087 Evangelii
1998 3997 2203 4087 inepte
2235 4007 2291 4067 in
2346 4006 2609 4088 Dionysii
2659 4006 2885 4066 intrusa
2932 4013 3175 4064 textum.
3211 3998 3281 4060 Et
3309 3999 3367 4061 id
3403 3997 3643 4080 quidem

241 4100 446 4161 libros
470 4098 828 4160 Atheniensi
864 4097 1235 4177 episc0patui
1258 4098 1531 4157 nuntium
1575 4117 1691 4159 non
1726 4105 1910 4160 remi—
1999 4097 2267 4178 pluribus
2287 4097 2609 4157 momentis
2628 4093 3024 4157 demonstrari
3053 4109 3224 4168 posse
3255 4089 3644 4178 arbitrantur.

242 4189 430 4250 serit.
484 4190 625 4251 Hinc
670 4194 867 4268 itaque
902 4187 1315 4267 probationum
1352 4188 1724 4249 ﬁrmamenta
1758 4189 1912 4268 apud
1997 4177 2443 4266 Primum,quia
2469 4185 2615 4248 nihil
2641 4186 2711 4246 ad
2741 4183 2994 4264 Dionysii
3020 4191 3443 4262 argumentum
3473 4177 3648 4239 facie-

248 4297 365 4340 eos
397 4286 626 4338 tantum
663 4278 774 4337 vim
810 4276 1145 4357 habebunt,
1171 4283 1293 4357 qui,
1323 4277 1433 4337 soli
1458 4277 1694 4338 veritati
1728 4277 1911 4338 litan-
1999 4276 2097 4339 bat
2131 4278 2370 4357 praefata
2400 4276 2606 4355 lgnatii
2660 4274 2999 4337 auctoritas.
3060 4272 3376 4350 Dionysius
3422 4268 3644 4328 etenim

245 4378 373 4437 tes,
410 4366 1612 4446 illasDionysianaahistorizedifficultates,
1632 4366 1916 4448 sepositis
2000 4367 2079 4427 ibi
2112 4367 2321 4446 probat
2342 4386 2549 4428 vocem
2575 4367 2947 4446 Epmqmmnr,
2968 4361 3123 4442 apud
3149 4377 3350 4423 sacros
3371 4367 3648 4448 auctores

246 4458 513 4542 partium
541 4457 776 4536 studiis,
802 4456 1065 4519 enodare
1087 4456 1487 4517 conabuntur.
1713 4447 1716 4448 ⁷
1939 4537 1967 4542 _
2000 4456 2062 4518 in
2097 4456 2312 4516 bonam
2350 4465 2575 4534 partem
2610 4453 2824 4533 accipi.
2861 4450 3265 4542 Atquieadem
3301 4466 3410 4509 vox
3445 4449 3505 4508 in
3538 4447 3648 4507 hac

898 4554 1145 4619 CAPUT
1191 4554 1291 4617 Xl.
1936 4537 1976 4590 θ
2000 4545 2127 4625 ipsa
2163 4546 2365 4625 lgnatii
2400 4543 2651 4626 epistula
2674 4562 2779 4624 pro
2813 4539 3296 4621 concupiscentia
3318 4553 3647 4613 amor-eque

256 4648 533 4711 Tertium
569 4656 1022 4726 argumentum,
1060 4665 1137 4707 ea;
1189 4651 1374 4707 citata
1420 4647 1615 4708 sancti
1661 4647 1911 4726 Ignatz‘i,
2002 4636 2272 4696 terrestri
2308 4643 2643 4729 usurpatur-
2674 4632 2978 4729 _b'evundo.
3031 4631 3172 4729 quia
3224 4627 3648 4729 ltgcrcricops

400 4716 667 4809 episcopi
696 4716 1082 4805 Antiocheut‘,
1118 4729 1481 4788 auctoritate
1508 4716 1786 4807 petituvm.
1897 4716 1909 4726 ’
2002 4734 2060 4785 et
2091 4725 2384 4786 sententia
2416 4722 2622 4802 lgnatii
2653 4725 2916 4801 dempta,
2974 4719 3188 4814 melius
3240 4718 3354 4814 sibi
3386 4716 3649 4814 cohznret

337 4805 752 4882 Gravius-sane
770 4828 975 4881 contra
997 4805 1912 4897 Areopagitaedefensoreserni-
2001 4814 2269 4894 Dionysii
2302 4815 2511 4875 oratio.
2548 4812 2769 4886 Tertio,
2807 4809 3215 4873 testimonium
3261 4807 3403 4867 illud
3441 4805 3651 4897 [gnatii

252 4920 355 4971 tur
375 4918 795 4988 argumentum
820 4929 886 4970 ex
905 4895 1406 4988 epistolalgnatii,
1428 4908 1915 4988 episcopiAntio-
1998 4903 2158 4966 inter
2190 4904 2386 4965 media
2417 4921 2605 4965 sacrae
2646 4902 2970 4981 Scripturae
3001 4897 3340 4988 testimonia
3392 4895 3649 4988 absurde

248 4984 473 5071 cheni,
497 4998 571 5059 ad
606 4984 1150 5078 Romanosfquam
1185 4984 1391 5057 auctor
1437 4984 1653 5058 noster
1692 4996 1751 5057 in
1789 4999 1914 5061 haec
2001 4995 2243 5055 omnino
2278 4994 2623 5055 collocatur.
2660 4994 2835 5055 Certe
2869 4987 3220 5071 prudentior
3251 4984 3570 5078 Dionysius
3595 4992 3652 5044 et

247 5089 439 5149 verba
472 5088 691 5149 citasse
724 5076 1075 5167 perhibet—ur
1123 5090 1177 5137 ιε
1218 5104 1231 5148 :
1286 5088 1474 5165 Γράφει
1522 5085 1574 5142 δὲ
1602 5088 1687 5143 καὶ
1721 5090 1748 5144 ὸ
1775 5091 1907 5152 θεῖος

2000 5094 2134 5165 post
2165 5084 2364 5146 omnia
2411 5084 2622 5143 divinae
2670 5082 2992 5161 Scriptura;
3053 5076 3417 5167 testimonia,
3468 5087 3651 5167 atque

248 5180 539 5256 Ἰγνάτιος
583 5198 611 5236 (
643 5163 838 5254 Ὀέ-μὸς
872 5178 999 5256 ἔρως
1024 5163 1374 5250 ἐστιύρωταιγι,
1405 5163 1431 5231 iu
1461 5174 1686 5239 Scribit
1709 5184 1907 5239 autem

1997 5163 2174 5237 etiam
2208 5184 2336 5255 post
2367 5175 2569 5235 allatas
2594 5192 2628 5233 a
2660 5190 2725 5233 se
2757 5172 2977 5232 ibidem
3026 5166 3338 5231 liierothei
3373 5163 3646 5256 magistri

246 5254 523 5331 tet—divus
559 5267 833 5344 Ignatius
870 5254 949 5329 :Va
978 5271 1169 5329 Amor
1194 5284 1362 5327 meus
1382 5265 1716 5343 cruciﬁxus
1742 5274 1848 5327 est.
1878 5290 1904 5321 »
1995 5266 2087 5327 sui
2113 5254 2497 5327 auctoritates
2527 5264 2579 5323 ei
2610 5264 2802 5323 locum
2828 5260 3119 5321 dedisset.
3151 5257 3416 5337 Denique
3443 5254 3646 5335 perio-

246 5357 361 5419 His
380 5365 582 5417 autem
619 5357 819 5418 verbis
852 5357 1129 5417 laudatur
1176 5355 1397 5435 aliquid
1427 5353 1501 5415 ab
1536 5355 1759 5432 lgnatio
1794 5373 1911 5416 non
1994 5355 2103 5416 dus
2128 5356 2421 5436 quaahanc
2448 5352 2663 5432 [gnatii
2689 5350 3044 5413 sententiam
3071 5345 3640 5436 antecedit,falsita-

248 5448 512 5527 dictum,
573 5447 679 5508 sed
729 5448 1019 5525 scripturn
1064 5465 1080 5519 ;
1134 5446 1289 5525 quod
1324 5442 1561 5523 nullibi,
1598 5444 1711 5505 nisi
1748 5443 1809 5505 in
1843 5462 1914 5507 ea
1997 5454 2112 5507 tem
2142 5434 2406 5505 continet
2432 5442 2895 5525 putidissimam,
2921 5447 3248 5527 etauctore
3274 5444 3388 5527 tam
3415 5434 3649 5527 erudito

248 5555 434 5618 quam
449 5523 707 5599 citamus
721 5523 973 5617 epistola
993 5523 1266 5595 invenire
1287 5545 1399 5597 est.
1427 5532 1616 5611 Atqui
1638 5534 1766 5597 haec
1790 5536 1913 5616 epi-
2000 5551 2245 5616 prorsus
2269 5523 2600 5614 indignam.
2628 5532 2763 5594 Haec
2786 5539 2982 5592 autem
3011 5525 3298 5608 periodus
3332 5525 3423 5586 his
3449 5523 3649 5587 verbis

335 5724 389 5767 ‘3
414 5723 549 5789 Lib.
591 5723 678 5788 De
715 5724 920 5789 divin.
958 5728 1225 5802 nomen,
1258 5741 1387 5805 cap.
1423 5724 1482 5800 4,
1520 5727 1549 5802 g
1599 5724 1697 5789 12.
