4072 6438
419 338 488 408 31

1575 344 1638 409 S.
1685 341 2096 408 DIONYSIUS
2129 341 2637 406 AREOPAGITA.

3717 336 3792 402 32

413 475 750 559 concipitur
781 499 795 538 :
854 476 1056 540 Visum
1083 482 1167 542 est
1199 477 1558 560 quibusdam
1592 479 1822 542 nostris
1850 495 2065 542 sacra-
2087 483 2126 534 Α
2152 473 2298 539 toris
2327 476 2514 539 nostri
2545 474 2850 557 operibus,
2877 475 3000 540 dici
3028 475 3318 540 deberent
3346 480 3563 550 assuta,
3590 475 3782 556 iisque

405 585 548 632 rum
577 568 1050 645 Scripturarum
1085 569 1532 632 tractatoribus
1564 587 1792 633 nomen
1843 569 2063 648 ἔρωτος,

406 661 669 736 amoris,
690 659 968 722 divi-nius
994 675 1148 740 esse,
1169 677 1355 738 quam
1374 678 1588 722 nomen
1609 661 1846 738 ἀγάπης,
1872 660 2064 721 dilec-

409 750 610 811 tionis.
644 749 891 828 At'hoc,
921 748 1219 828 inquiunt,
1265 749 1656 812 falsissimum
1691 757 1809 812 est.
1836 747 1984 812 Nam
2017 748 2066 810 si

414 854 632 901 nomen
656 840 908 910 amoris,
926 838 1146 919 ἔρωτος,
1168 837 1429 900 divinius
1444 849 1600 902 esset
1617 858 1798 921 quam
1824 857 2063 901 nomem

411 928 774 1000 dilectionis,
800 928 1040 1007 ἀγάπης,
1077 929 1398 1010 scriptores
1429 930 1582 991 sacri
1616 948 1686 990 eo
1721 929 1928 1008 procul
1955 929 2064 989 du-

407 1017 508 1079 bio
539 1017 910 1099 frequentius
939 1027 1270 1080 uterentur.
1299 1020 1480 1099 Atqui
1514 1038 1623 1080 vox
1655 1019 1787 1097 ἔρως
1809 1018 1869 1079 in
1897 1017 2057 1080 Novo

406 1105 808 1183 Testamento,
864 1108 964 1169 ubi
1020 1127 1126 1170 vox
1176 1110 1360 1186 ἀγάπη
1397 1109 1531 1189 plus
1560 1127 1735 1188 quam
1769 1109 2054 1186 nonagies

408 1204 690 1274 occurrit,
722 1215 833 1258 nec
864 1197 1050 1259 semel
1084 1197 1323 1277 quidem
1357 1198 1663 1280 reperitur
1701 1215 1716 1274 ;
1760 1197 1820 1258 in
1854 1197 2054 1260 Veteri

408 1295 606 1347 autem
635 1286 982 1351 creberrine
1037 1288 1196 1364 legas
1250 1305 1454 1350 vocem
1512 1289 1757 1368 ἀγάπης,
1793 1287 1884 1349 bis
1915 1305 2054 1349 vero

409 1377 816 1438 tantummodo
863 1395 969 1437 vox
1032 1377 1186 1455 ἔρως,
1250 1377 1309 1437 in
1364 1376 1828 1439 l’roverbiorum
1862 1376 2053 1457 libris,

406 1463 479 1524 ad
512 1482 776 1526 amorem
825 1465 1137 1545 impurum.
1163 1474 1221 1528 et
1253 1466 1568 1546 profanum
1597 1467 2054 1545 significandum

409 1553 728 1616 adhibetur
747 1555 804 1605 ‘9
823 1555 902 1616 ‘40.
937 1554 1108 1619 Unde
1133 1557 1502 1618 concludunt
1528 1563 1586 1619 et
1621 1558 1880 1637 phrasim
1914 1575 2059 1637 prae-

411 1646 608 1720 fatam,
661 1656 842 1727 atque
893 1650 1079 1730 ipsam
1124 1648 1330 1728 iguatii
1385 1651 1780 1731 sententiam,
1815 1649 1875 1712 in
1909 1650 2055 1712 Dio-

318 1775 322 1780 ε
411 1737 559 1816 nysii
589 1737 773 1801 libros
803 1739 984 1803 fuisse
1013 1757 1045 1801 a
1078 1739 1337 1821 quodam
1383 1741 1538 1802 malo
1575 1741 1782 1802 feriato
1815 1740 2057 1804 homine

409 1825 694 1891 intrusas.

492 1917 607 1980 Sed
644 1918 798 1981 hanc
832 1919 1381 2001 Areopagiticorum
1408 1921 1783 2004 opinionem,
1814 1923 2064 2004 ejusque

415 2008 813 2090 ﬁrmamenta,
837 2007 977 2072 inde
1006 2010 1712 2075 convelluntadversarii.
1747 2016 1908 2092 quod
1939 2015 2066 2075 nul-

413 2097 505 2162 lus
537 2117 794 2178 unquam
839 2099 1110 2162 inventus
1143 2100 1220 2162 sit
1262 2101 1449 2163 codex
1486 2119 1663 2164 manu
1696 2112 1969 2166 exaratus
2001 2104 2062 2166 in

413 2208 527 2270 quo
560 2187 658 2250 illa
690 2187 898 2268 [gnatii
930 2191 1105 2252 verba
1129 2190 1190 2252 in
1230 2200 1388 2254 textu
1439 2191 1806 2273 Dionysiano
1851 2197 2058 2257 eadem

414 2297 592 2342 manu
619 2297 686 2341 ac
715 2288 929 2343 castora
961 2281 1160 2342 omnia
1195 2279 1493 2361 descripta
1519 2301 1638 2343 non
1665 2283 1935 2361 reperire
1961 2286 2057 2347 sit.

411 2369 564 2442 Quid
610 2370 822 2452 quod?
878 2369 952 2433 ab
1005 2380 1251 2433 auctore
1304 2371 1528 2452 prologi
1575 2371 1963 2435 Homiliarum
2003 2373 2063 2435 in

413 2460 679 2536 Cantica,
713 2480 889 2541 quem
923 2462 1325 2542 Areopagitici
1355 2461 1674 2541 Origenem
1709 2481 1841 2526 esse
1871 2464 2062 2526 faten-

411 2559 528 2632 tur,
563 2551 687 2612 haec
735 2550 944 2613 eadem
997 2552 1177 2615 verba
1210 2570 1314 2633 pro
1375 2571 1512 2615 vere
1568 2552 1965 2635 Dionysianis,
2001 2562 2064 2616 et

412 2639 623 2703 eodem
657 2647 834 2720 atque
863 2642 936 2703 ab
968 2650 1211 2705 auctore
1245 2652 1447 2705 nostro
1483 2661 1661 2705 sensu
1707 2644 1884 2705 citata
1911 2643 2064 2722 legi-

415 2747 566 2792 mus.
602 2728 759 2792 Nihil
793 2749 932 2810 ergo
964 2731 1251 2811 Origenes
1281 2733 1340 2794 in
1375 2733 1445 2793 iis
1489 2731 1716 2794 invenit
1751 2733 1909 2813 quod
1945 2752 2063 2794 non

413 2828 572 2882 esset
602 2821 830 2883 veritati
861 2830 1416 2906 consonum,-_recto
1467 2821 1678 2883 ordine
1733 2821 2061 2904 digestum,

415 2918 475 2972 et
521 2909 595 2972 ad
655 2929 725 2972 ea
781 2930 916 2992 quae
974 2911 1288 2994 Dionysius
1350 2911 1697 2975 intendebat
1757 2911 2066 2992 probanda

412 3008 617 3082 aptum
649 3001 894 3064 omnino
924 3010 982 3064 et
1010 3002 1401 3066 conveniens.

499 3091 684 3153 Porro
714 3100 912 3154 autem
966 3111 1036 3155 ex
1078 3093 1190 3153 hoc
1220 3090 1500 3172 Origenis
1530 3111 1634 3155 seu
1667 3091 1926 3155 auctoris
1959 3091 2066 3152 ha-

2151 567 2352 644 insita,
2408 575 2471 629 ut
2519 568 2646 630 haec
2677 567 2969 649 objecisse
2998 566 3439 649 Areopagiticos
3467 565 3791 648 aliquando

2152 657 2487 740 pceniteret.

2207 748 2619 829 At,inquinnt,
2644 748 2959 830 Dionysius
2983 769 3099 811 non
3129 755 3360 828 poterat
3385 746 3795 809 testimonium

2152 839 2361 917 lgnatii
2387 838 2519 901 allis
2560 858 2742 900 sacrae
2773 843 3092 920 Scriptura:
3124 837 3488 900 testimoniie
3533 837 3798 898 medium

2145 928 2512 1009 interjicere;
2539 929 2646 991 sed
2681 929 2824 991 illud
2851 949 2981 1004 suo,
3008 929 3068 992 id
3099 937 3188 991 est
3239 927 3475 1008 ultimo,
3509 927 3806 1008 posuisset

2143 1020 2294 1081 loco.
2323 1018 2444 1081 Nec
2479 1021 2722 1099 majoris
2756 1020 3038 1100 ponderis
3069 1027 3161 1081 est
3193 1019 3308 1080 ista
3333 1016 3798 1098 argumentatio.

2142 1108 2287 1181 Quis
2318 1110 2475 1170 enim
2507 1107 2830 1189 scriptores
2856 1108 2945 1170 his
2972 1110 3355 1172 citandorum
3384 1107 3680 1168 librorum
3708 1107 3801 1168 le-

2138 1197 2310 1278 gibus
2342 1199 2420 1259 ita
2453 1199 2640 1261 teneri
2690 1198 2913 1273 credat,
2968 1208 3032 1260 ut
3077 1198 3150 1260 ab
3199 1199 3271 1259 iis
3319 1217 3434 1258 non
3473 1196 3645 1258 liceat
3678 1215 3797 1256 un-

2138 1307 2312 1369 quam
2339 1296 2742 1350 transversum
2779 1307 3037 1367 unguem
3065 1287 3557 1350 discedere‘ﬂimc
3571 1285 3795 1366 quippe

2139 1377 2218 1439 ita
2250 1379 2299 1439 si
2332 1396 2394 1442 se
2415 1379 2912 1459 haberent,quot,
2936 1379 3093 1440 bone
3129 1379 3286 1440 Deus
3315 1378 3327 1440 !
3365 1385 3648 1442 occurent
3672 1385 3798 1437 tes-

2142 1469 2384 1529 timonia
2406 1477 2667 1529 veterum
2698 1468 2758 1529 in
2794 1467 2969 1530 variis
2997 1468 3401 1548 posteriorum
3429 1468 3798 1546 scriptorum

2141 1559 2313 1619 libris
2342 1557 2414 1619 ab
2449 1559 2848 1620 inscientibus
2897 1569 2955 1620 et
2988 1559 3214 1638 ignaris
3250 1557 3666 1637 imprudenter
3698 1556 3800 1615 in-

2144 1655 2326 1728 trusa,
2359 1655 2419 1708 et
2445 1665 2516 1710 ex
2550 1649 2619 1710 iis
2657 1649 2950 1728 deinceps
2999 1649 3290 1710 delenda!
3343 1648 3498 1719 Quot
3544 1663 3802 1725 namque

2141 1738 2464 1818 scriptores
2514 1739 2588 1800 de
2619 1757 2729 1814 ea,
2777 1757 2910 1818 qua:
2951 1757 3110 1800 nunc
3147 1737 3548 1806 desideratur,
3583 1733 3803 1796 citandi

2086 1853 2123 1904 Β
2149 1828 2430 1890 methodo
2462 1848 2536 1891 ne
2567 1829 2978 1907 cogitaverunt
3009 1828 3298 1908 quidem?
3330 1827 3482 1898 Quot
3509 1826 3569 1885 in
3594 1841 3804 1885 eorum

2149 1919 2448 2000 Operibus
2475 1920 2770 2000 permista
2795 1918 3063 1998 reperies
3089 1917 3417 1998 Scripturaa
3441 1914 3807 1994 Patrumque

2147 2018 2549 2098 antiquiorum
2584 2016 2932 2079 testimonia
2951 2015 2982 2076 ‘I

2229 2107 2435 2189 Neque
2455 2116 2581 2168 erat
2602 2126 2746 2169 sane
2766 2109 2920 2189 quod
2942 2105 3315 2170 fastidiosius
3337 2103 3677 2184 objicerent
3697 2120 3797 2184 pe-

2147 2199 2408 2278 riodum,
2463 2216 2595 2278 quae
2639 2198 2774 2259 huic
2811 2197 3020 2276 Ignatii
3052 2194 3370 2259 sententia;
3401 2192 3796 2274 praeponitur,

2145 2288 2462 2350 falsitatem
2493 2290 2801 2350 continere
2834 2287 3300 2368 putidissimam.
3323 2283 3549 2346 Etenim
3583 2301 3652 2344 eo
3677 2301 3801 2362 quo

2149 2377 2510 2439 enuntiatur
2531 2377 2733 2457 modo,
2767 2378 2914 2439 nihil
2946 2378 3007 2439 in
3038 2396 3108 2439 ea
3138 2375 3253 2436 nisi
3284 2372 3656 2435 verissimum
3685 2371 3800 2432 de-

2155 2465 2575 2550 prehenditur.
2608 2466 2747 2529 Hzec
2775 2469 2998 2548 quippe
3029 2464 3332 2546 ipsissima
3354 2470 3511 2535 sunt,
3542 2472 3602 2522 ut
3634 2479 3804 2542 supe-

2147 2558 2273 2618 rius
2308 2559 2530 2618 dictum
2563 2565 2674 2638 est,
2702 2557 2962 2619 auctoris
2993 2556 3175 2617 nostri
3208 2553 3388 2616 verba
3423 2551 3684 2614 :~Visum
3714 2558 3803 2614 est

2148 2647 2508 2729 quibusdam
2533 2650 2759 2708 nostris
2779 2665 3097 2711 sacrarum
3132 2645 3599 2725 Scripturarum
3625 2648 3799 2703 trac—

2149 2739 2444 2801 tatoribus
2470 2755 2689 2798 nomen
2711 2738 2936 2798 amoris
2966 2737 3242 2798 divinius
3285 2752 3408 2795 esse
3444 2749 3630 2811 quam
3659 2749 3787 2793 no-

2149 2844 2289 2888 men
2324 2825 2693 2888 dilectionis.
2730 2826 3105 2901 Quibusdam
3139 2822 3306 2903 dixit,
3336 2841 3455 2883 non
3497 2819 3800 2882 omnibus.

2152 2918 2233 2979 At
2269 2915 2643 2996 quibusdam
2676 2916 2733 2978 id
2767 2916 2849 2977 ita
2877 2916 3061 2977 visum
3093 2913 3278 2974 fuisse
3311 2922 3426 2973 tam
3459 2918 3808 2974 constanter

2154 3005 2421 3086 putabat,
2459 3014 2521 3066 ut
2553 3006 2883 3086 scriptores
2911 3013 2968 3066 et
2999 3005 3240 3084 scripta,
3275 3003 3373 3064 ubi
3415 3001 3473 3061 id
3521 3000 3803 3061 traditum

2155 3105 2266 3167 est,
2306 3095 2410 3156 ille
2442 3095 2729 3157 continuo
2762 3095 3136 3156 indicaverit.
3197 3093 3268 3155 Et
3306 3101 3468 3154 certe
3521 3090 3622 3170 qui
3678 3091 3806 3151 haec

417 3197 550 3243 rum
584 3178 970 3242 Homiliarum
1011 3181 1350 3244 testimonio
1374 3182 1490 3243 ruit
1515 3182 1770 3262 primum
1805 3181 2069 3261 AreOpa-
2094 3189 2133 3239 C
2161 3184 2481 3266 objiciunt,
2516 3194 2573 3248 et
2603 3185 2713 3266 ipsi
2746 3185 3001 3246 fatentur
3050 3184 3196 3245 illud
3231 3201 3449 3244 nomen
3483 3180 3712 3243 amoris
3744 3180 3804 3240 in

417 3269 729 3350 giticorum
763 3281 1170 3334 momentum:
1191 3270 1424 3334 Putavit
1447 3272 1608 3334 enim
1639 3273 1769 3351 ille,
1794 3290 1859 3332 ac
1884 3271 2063 3333 etiam

417 3360 514 3422 alii
547 3368 677 3441 post
709 3356 843 3422 eum
869 3361 1303 3443 Areopagitici,
1339 3380 1560 3426 nomen
1582 3362 1714 3441 ἔρως
1741 3362 1813 3424 ab
1839 3360 2066 3441 lgnatio

413 3449 479 3514 in
511 3449 729 3512 bonam
763 3459 987 3532 partem
1022 3452 1241 3532 accipi.
1298 3453 1500 3514 Potuit
1552 3471 1694 3532 ergo
1749 3458 1810 3517 et
1859 3459 2070 3514 auctor

418 3554 626 3605 noster
655 3543 716 3605 in
749 3543 957 3605 eadem
991 3561 1121 3608 csse
1173 3544 1481 3624 opinione,
1529 3553 1705 3626 atque
1755 3564 1827 3608 eo
1858 3562 2065 3608 sensu.

417 3651 598 3712 quem
634 3650 838 3695 verum
873 3634 1320 3714 genuinumque
1348 3652 1481 3696 esse
1518 3633 1778 3715 putabat,
1808 3637 1960 3695 hanc
1987 3635 2070 3696 ci-

421 3728 548 3784 tare
577 3720 784 3802 lgnatii
815 3724 1196 3785 sententiam.
1232 3726 1332 3804 At,
1370 3723 1631 3805 inquies,
1684 3724 1798 3786 hoc
1855 3723 2069 3786 falsum

420 3819 510 3873 est
541 3813 809 3874 omnino.
847 3813 1056 3876 Falsus
1087 3821 1177 3875 est
1210 3831 1371 3893 ergo,
1429 3813 1722 3894 inquient,
1755 3813 2071 3892 Origenes,

2148 3275 2282 3338 aliis
2314 3294 2489 3355 quant
2525 3274 2599 3335 iis
2629 3274 2730 3352 qui
2755 3275 2827 3335 ab
2859 3283 3102 3335 auctore
3139 3283 3341 3335 nostro
3374 3272 3666 3344 citantur,
3698 3269 3802 3330 in-

2148 3365 2338 3428 veniri
2371 3362 2692 3446 Scripturse
2721 3383 2908 3426 sacrm
2949 3364 3149 3427 libris.

2783 3461 3024 3525 CAPUT
3070 3461 3182 3526 XII

2155 3556 2451 3632 Quartum
2469 3560 2914 3634 argumentum,
2932 3571 3006 3614 ex
3037 3555 3303 3614 aliorum
3325 3548 3606 3634 operibus
3631 3555 3812 3626 atque

2177 3631 2572 3718 opinionibus
2599 3637 2673 3696 ab
2694 3645 2946 3696 auclore
2973 3641 3179 3696 nostro
3207 3634 3410 3694 citatis
3431 3631 3779 3693 deductum.

2237 3729 2449 3806 Neque
2499 3743 2674 3804 porro
2745 3726 2872 3786 sola
2927 3724 3000 3784 ab
3060 3731 3302 3784 auctore
3365 3729 3565 3783 nostro
3622 3719 3814 3781 citata

2161 3816 2371 3896 lgnatii
2410 3815 2750 3896 auctoritas,
2792 3813 2898 3876 sed
2943 3814 3124 3874 etiam
3156 3809 3596 3885 Bartholomtei,
3627 3807 3809 3889 Justi,

419 3899 556 3962 falsi
587 3910 727 3964 sunt
755 3910 815 3964 et
835 3902 956 3966 alii.
987 3900 1168 3964 Porro
1193 3901 1242 3964 si
1265 3902 1324 3962 in
1353 3904 1460 3963 hoc
1490 3921 1592 3965 eos
1627 3921 1863 3964 errasse
1897 3901 2073 3963 dixe-
2162 3919 2219 3969 et
2249 3905 2579 3979 Hierothei,
2608 3909 2991 3985 praeceptoris
3016 3903 3131 3983 sui,
3161 3902 3385 3982 prolata
3408 3900 3480 3964 ab
3506 3900 3602 3961 illo
3639 3897 3812 3960 testi-

417 3990 526 4067 ris,
563 3991 767 4072 quidni
799 4000 857 4054 et
885 4009 1088 4054 errare
1113 3994 1300 4072 potuit
1329 3990 1828 4072 Dionysianorum
1862 3999 2071 4055 auctor
2163 4002 2380 4071 monia,
2416 3996 2610 4074 ipsum
2645 3995 2985 4075 Dionysium
3025 3991 3446 4070 Areopagitam
3499 4006 3620 4050 non
3676 4005 3818 4049 esse

428 4078 874 4160 Operum‘.’lllos
889 4089 1085 4143 tamen
1109 4099 1229 4142 non
1251 4098 1484 4144 errasse
1509 4081 1650 4144 hinc
1674 4101 1790 4144 non
1812 4081 2072 4144 absurde
2157 4087 2330 4168 plane
2351 4085 2762 4147 demonstrare
2793 4079 3364 4162 Antiareopagiticis
3389 4077 3813 4168 videntur.\le-

423 4169 734 4249 conjicias,
769 4171 927 4254 quod
962 4189 1180 4233 nomen
1225 4171 1356 4250 ἔρως
1411 4171 1473 4232 in
1522 4171 1596 4233 iis
1637 4190 1769 4252 quae
1816 4174 2062 4233 citantur

2155 4165 2286 4240 rum
2340 4177 2650 4238 enimvero
2698 4174 2943 4235 ubinam
3000 4173 3264 4252 gentium
3314 4170 3666 4232 exstiterunt
3695 4165 3816 4228 ali-

424 4260 633 4341 lgnatii
655 4261 874 4336 verbis,
898 4279 1001 4342 pro
1025 4279 1230 4324 amore
1253 4261 1543 4341 spirituali
1570 4274 1632 4324 et
1659 4262 1857 4324 divino
1887 4261 2073 4342 possit
2156 4266 2388 4349 quando
2408 4267 2530 4341 illa,
2556 4283 2690 4342 quae
2713 4263 2814 4326 ille
2835 4263 2998 4338 citat,
3033 4271 3327 4324 tantorum
3374 4259 3634 4320 virorum
3666 4255 3820 4337 Ope-

429 4353 726 4430 usurpari.
760 4350 1027 4432 quamvis
1077 4349 1137 4411 in
1189 4350 1715 4432 subsequentibus,
1765 4371 1900 4432 quas
1931 4351 2072 4413 inde
2157 4356 2249 4418 ra?
2278 4356 2422 4429 Quis
2472 4375 2542 4418 ea
2594 4372 2856 4435 unquam
2887 4361 3102 4432 prater
3130 4353 3290 4414 hunc
3321 4357 3628 4411 auctorem
3664 4362 3815 4435 nos—

428 4449 636 4504 auctor
654 4452 859 4504 noster
882 4439 1102 4521 intulit,
1134 4459 1238 4522 pzo
1263 4443 1548 4504 exstincto
1575 4441 2074 4524 concupiscentiae
2095 4455 2314 4524 “trum
2347 4443 2620 4506 laudasse
2653 4434 3031 4524 perhibetur?
3065 4439 3372 4514 Quomodo
3430 4456 3500 4500 ea
3546 4434 3816 4511 Eusebii,

429 4531 565 4611 igne
594 4532 938 4611 accipiatur.

2159 4533 2591 4597 accuratissimi
2614 4532 3169 4614 antiquissimorum
3203 4528 3558 4608 scriptorum
3587 4531 3818 4587 scruta-

511 4621 678 4694 Quod
702 4632 903 4684 autem
930 4619 1360 4700 objicitur,bac
1385 4620 1628 4702 periodo
1645 4621 1912 4703 dempta,
1941 4621 2072 4688 Dio-
2161 4627 2330 4704 toris,
2361 4625 2734 4705 aliorumque
2765 4624 3034 4685 omnium
3069 4620 3441 4699 diligentiam
3474 4617 3813 4705 fugerunt?

431 4713 734 4793 nysianam
768 4709 1104 4772 orationem
1153 4711 1368 4773 melius
1419 4710 1534 4772 sibi
1583 4711 1910 4792 cohaerere,
1948 4713 2076 4773 leve
2159 4713 2436 4794 Nunquid
2471 4704 2652 4774 unius
2667 4712 2944 4793 apostoli,
2974 4710 3305 4772 etduorum
3343 4704 3816 4794 apostoliciorum

432 4802 680 4864 omnino
711 4808 801 4864 est
829 4801 1166 4881 nnlliusque
1201 4801 1510 4864 momenti.
1539 4799 1699 4862 Idem
1716 4802 1936 4883 quippe
1957 4801 2075 4864 dici
2160 4793 2469 4865 hominum
2520 4803 2766 4882 scripta,
2795 4811 2910 4864 tam
2937 4807 3052 4862 cito
3078 4800 3408 4881 perierunt,
3435 4804 3499 4856 ut
3521 4793 3685 4855 nulla
3703 4811 3815 4883 eo:-

437 4890 729 4973 possetde
753 4890 886 4952 aliis
913 4880 1223 4952 auctorum
1252 4889 1444 4964 libris,
1479 4889 1540 4951 in
1563 4880 1781 4970 quibtis
1813 4880 1979 4970 plura
2002 4892 2074 4952 ad
2159 4913 2291 4955 rum
2320 4891 2604 4974 nisiapud
2629 4880 2938 4954 auctorem
2959 4880 3226 4952 nostrum
3253 4885 3473 4949 mentio
3500 4880 3818 4974 habeatur?

433 4980 658 5062 aliquid
693 4979 1064 5060 probandum
1097 4991 1502 5060 congeruntur
1548 4981 1887 5042 testimonia
1917 4981 2076 5042 anti-
2160 4984 2332 5047 Certe
2363 4973 2690 5063 Ilierothri,
2721 4983 2822 5064 qui
2846 4981 3111 5061 Dionysii
3132 4979 3503 5057 Areopagitas
3535 4973 3816 5064 magister

436 5060 740 5154 quiorum.
766 5069 896 5133 Uno
921 5070 1081 5132 enim
1104 5079 1162 5132 et
1192 5071 1381 5133 altero
1411 5070 1668 5141 sublato,
1700 5070 1915 5133 melius
1937 5090 2062 5152 quo-

2167 5083 2230 5136 et
2261 5073 2430 5137 Pauli
2462 5060 2715 5154 apostoli
2739 5060 3084 5150 discipulus
3133 5067 3319 5129 fuisse
3362 5064 3603 5138 dicitur,
3630 5060 3816 5154 cujus

437 5150 554 5242 que
575 5159 884 5241 scriptoris
911 5159 1096 5221 oratio
1118 5159 1238 5223 sibi
1265 5159 1568 5221 conterere
1602 5150 1967 5240 plerumque
1985 5161 2078 5222 vi-
2165 5164 2353 5246 pietas
2384 5171 2440 5226 et
2469 5150 2748 5224 doctrina
2799 5159 3050 5222 summis
3097 5157 3464 5222 extolluntur
3509 5150 3815 5246 laudibus,

439 5238 714 5310 debitum
735 5246 961 5308 Deinde
992 5248 1038 5308 si
1073 5248 1308 5329 quoties
1357 5248 1554 5310 deleta
1602 5238 1799 5329 aliqua
1830 5250 2081 5330 periodo
2165 5238 2335 5328 tanti,
2398 5253 2708 5330 inquiunt,
2771 5250 2881 5311 viri
2951 5266 3138 5329 Opera
3197 5247 3396 5308 omnia
3444 5261 3480 5305 a
3536 5238 3818 5330 Dionysio

440 5337 629 5400 oratio
656 5336 769 5398 sibi
804 5337 1017 5399 melius
1047 5339 1353 5400 cohaerere
1379 5347 1679 5412 censetur,
1712 5329 1891 5401 toties
1923 5358 2051 5402 eam
2165 5343 2371 5406 saltem
2397 5352 2456 5404 et
2484 5329 2801 5404 Timotheo
2837 5337 3153 5420 publicari,
3195 5345 3254 5400 et
3285 5335 3362 5398 de
3395 5349 3600 5396 eorum
3625 5329 3822 5420 mani-

438 5426 578 5489 dem
610 5426 918 5507 periodum
951 5429 1131 5490 textui
1161 5428 1420 5492 auctoris
1452 5426 1676 5489 dixeris
1711 5447 1839 5490 esse
1871 5429 2081 5511 adjec-
2166 5433 2278 5496 bus
2322 5435 2384 5496 in
2414 5419 2888 5496 Christianorum
2924 5429 3192 5491 omnium
3227 5440 3438 5489 manus
3466 5425 3695 5511 venire,
3732 5419 3822 5500 ip-

443 5523 689 5594 tam,tot
715 5515 778 5577 in
812 5517 1098 5582 Ecclesiae
1128 5519 1369 5582 Patrum
1397 5525 1576 5598 atque
1609 5517 1670 5578 in
1703 5517 1910 5600 primis
1941 5510 2080 5585 auc-
2165 5525 2369 5608 sisque
2398 5541 2636 5590 summo
2669 5539 2802 5586 esse
2831 5521 2894 5583 in
2929 5520 3142 5603 pretio,
3190 5537 3260 5582 ac
3309 5516 3373 5579 in
3416 5510 3822 5576 Ecclesiarum

524 5685 600 5766 ‘9,
631 5685 686 5731 3°
713 5689 882 5753 Prov.
917 5707 1016 5767 vn,
1053 5691 1128 5751 18
1158 5693 1216 5749 et
1239 5703 1381 5768 xxx,
1417 5687 1516 5748 16.
