4072 6428
246 324 331 403 33
1659 318 2248 401 PROLEGOMENA.

239 476 515 553 scriniis,
542 484 602 539 et
625 477 1051 558 episcoporum
1075 471 1463 535 bibliothecis
1483 473 1772 534 asservari
1797 470 1906 532 de-
1929 475 1967 527 Α
1991 478 2229 551 runt,ut
2246 470 2475 534 nullum
2506 489 2711 535 eorum
2738 474 3032 539 exstiterit
3054 478 3521 558 vestigium.Sed
3548 483 3639 546 his

236 565 492 628 hebant.
549 567 671 631 Cur
701 584 842 647 ergo
894 566 1074 645 hujus
1136 563 1381 638 summi,
1414 562 1549 642 viri,
1588 562 1685 642 qui
1738 562 1907 640 μὲγάς
1994 577 2201 639 Parum
2254 560 2395 621 moti
2426 579 2635 624 eorum
2684 563 3037 649 adversarii,
3069 578 3322 647 arguunt
3353 570 3427 633 de
3458 571 3639 635 rebus

233 656 395 723 ﬁlio;
429 658 793 738 appellatur,
827 656 1027 733 Opera
1082 655 1257 715 tantis
1314 652 1578 715 tenebris
1631 660 1910 731 tantaque
1995 649 2239 729 quidem
2273 670 2405 732 qua;
2454 653 2523 713 ad
2576 654 2715 715 ﬁdei
2746 654 3075 718 doctrinam
3113 661 3429 738 pertinent,
3461 662 3643 724 fuisse

232 745 550 810 oblivione
606 746 820 810 obruta
875 752 1034 825 sunt,
1069 750 1133 804 ut
1166 744 1397 806 nullum
1447 761 1651 833 eorum
1687 741 1799 803 nisi
1995 758 2236 821 semper
2259 741 2318 833 in
2351 741 2614 833 Ecclesia
2643 743 2714 805 ab
2748 746 3041 809 haireticis
3087 749 3334 827 agitatas
3360 754 3639 833 quaestio-

3562 332 3651 413 341

231 838 507 898 auctoris
541 837 734 899 nostri
768 836 1011 916 scriptis
1060 834 1371 910 vestigium
1405 832 1715 913 supersit?
1760 831 1911 904 Quid

232 927 401 1007 quod
439 936 501 988 et
534 927 667 1007 ipsa
698 924 1013 989 Hierothei
1048 922 1390 985 testimonia
1443 942 1562 983 non
1594 921 1709 983 alio
1738 940 1913 1001 quam

232 1017 518 1078 auctoris
552 1017 746 1078 nostri
783 1015 930 1096 stylo
953 1023 1187 1076 exarata
1215 1012 1525 1074 videntur?
1553 1014 1719 1074 Idem
1753 1012 1913 1073 enim

231 1106 298 1167 in
362 1107 645 1188 utrisque
692 1117 754 1167 et
812 1104 1116 1183 ingenium
1181 1112 1241 1164 et
1284 1103 1526 1174 locutio,
1582 1111 1917 1179 cretcraque

234 1197 448 1258 omnia
504 1196 622 1257 sibi
657 1195 833 1276 plane
864 1194 1081 1256 similia
1123 1192 1459 1271 legentibus
1492 1194 1682 1273 prima
1713 1191 1904 1252 fronte

234 1294 596 1347 occurrunt.
629 1285 711 1348 Ex
744 1284 961 1366 quibus
994 1302 1111 1345 non
1147 1284 1462 1344 temeraria
1495 1299 1735 1362 prorsus
1767 1300 1903 1343 con-

224 1375 479 1455 jectura
536 1376 791 1457 capitur,
825 1374 1010 1437 libros
1065 1372 1375 1435 Hierothei
1429 1390 1754 1453 nunquam,
1790 1371 1906 1432 nisi

234 1465 635 1545 Dionysianis
673 1466 733 1525 in
782 1461 1322 1543 lucubrationibus,
1356 1462 1548 1523 editos
1578 1462 1638 1523 in
1688 1461 1908 1525 lucem.

323 1556 417 1619 Ad
469 1555 599 1616 haec
627 1573 790 1631 vero,
824 1561 1020 1615 auctor
1086 1562 1290 1613 noster
1325 1571 1445 1613 non
1492 1551 1685 1612 solum
1745 1550 1914 1631 plura

235 1645 691 1724 incognitarum
726 1643 1038 1705 hominum
1075 1642 1352 1723 producit
1405 1639 1771 1716 testimonia,
1806 1641 1911 1703 sed

236 1736 439 1797 varias
476 1738 659 1797 etiam
698 1734 1013 1796 doctorum
1040 1732 1353 1794 hominum
1388 1731 1699 1812 opiniones
1718 1731 1802 1792 ita
1827 1749 1914 1792 re-

236 1826 380 1898 fcrt,
413 1833 482 1886 ut
507 1826 582 1885 iis
613 1822 1033 1886 tantummodo
1068 1842 1214 1903 quas
1248 1840 1387 1882 vero
1433 1821 1749 1902 propiores
1780 1838 1912 1882 esse

239 1914 654 1991 existimabat,
690 1932 755 1974 se
805 1914 1119 1974 adhaerere
1153 1920 1421 1974 testetur.
1474 1909 1585 1973 Ubi
1617 1910 1774 1972 enim
1838 1910 1912 1973 de

240 2003 566 2082 Seraphim
595 2002 752 2084 quod
781 2004 853 2064 ad
879 2002 1090 2063 Isaiam
1126 2003 1371 2063 missum
1401 2011 1513 2076 est,
1538 2001 1778 2063 dlSSPl‘ll
1808 2000 1859 2050 εί
1894 2021 1907 2063 :

237 2093 571 2172 Nonnulli,
596 2094 997 2173 inquitJuxtu
1018 2093 1399 2173 assignatam
1422 2092 1495 2153 de
1518 2092 1786 2153 omnium
1818 2093 1914 2153 in-

246 2183 743 2262 telligentiarum
767 2182 1597 2259 communionedeﬁnitionem
1629 2183 1909 2245 aiunt....

245 2272 402 2329 Atius
433 2270 567 2327 item
613 2270 766 2328 haud
804 2271 1090 2327 admodum
1120 2270 1476 2341 incongruam
1508 2270 1649 2326 mihi
1684 2268 1915 2326 tradidit

251 2364 634 2426 solutionem.
680 2362 899 2424 Aiebat
942 2363 1127 2441 enim,
1158 2369 1271 2423 etc.
1307 2360 1466 2421 Etde
1498 2362 1714 2441 hymno
1736 2361 1911 2440 quiin

264 2456 431 2513 missa
448 2451 721 2514 ﬁdelium
738 2449 1094 2513 cantabatur
1113 2450 1190 2512 ‘39:
1217 2452 1391 2513 Hunc
1407 2458 1603 2512 autem
1620 2455 1913 2527 hymnum

264 2543 366 2603 alii
389 2543 591 2605 laudis
609 2542 1062 2610 canticumalii
1093 2542 1415 2621 religionis
1434 2540 1698 2619 symbolo
1713 2541 1914 2617 m,alii

256 2634 677 2713 denique,mea
703 2634 949 2712 quidem
976 2631 1461 2705 sententia,hz‘era
1475 2630 1739 2691 rchieam
1784 2630 1908 2690 Eu-

249 2721 766 2800 clzoristiam,etc.
788 2722 861 2783 Et
885 2721 959 2781 de
982 2720 1447 2798 Seraphinorum
1481 2719 1589 2779 alis
1607 2718 1685 2781 95:
1712 2720 1908 2780 Sanus

246 2810 567 2891 alas,quas
581 2811 851 2891 Eloquia
865 2816 1483 2887 commemorant,non
1506 2812 1788 2871 existimo
1812 2827 1909 2871 sa-

244 2919 416 2963 crum
430 2918 758 2963 numerum
778 2901 1170 2975 denotare,ut
1186 2898 1536 2978 quibusdam
1554 2898 1912 2977 placuit,sed

240 2993 408 3069 ipsas
465 2993 757 3053 virtutes.
799 2989 1090 3069 Denique,
1129 2998 1189 3049 ut
1238 2997 1450 3049 caetera
1483 2996 1805 3062 taceamus,
1839 2988 1913 3051 de

242 3081 549 3143 electione
583 3081 776 3142 sancti
807 3080 1075 3140 Matthiae
1098 3079 1222 3140 haec
1256 3076 1433 3139 habet
1470 3098 1483 3140 :
1523 3080 1673 3140 Cum
1708 3085 1911 3141 autem

240 3171 555 3234 dedivina
580 3170 691 3231 illa
716 3179 882 3232 sorte
904 3187 1036 3249 qua:
1066 3170 1364 3231 divinitus
1387 3185 1569 3247 super
1589 3169 1911 3231 Matthiam

243 3260 621 3337 cecidit,alii
632 3261 707 3322 ab
725 3260 871 3324 aliis
883 3277 1009 3323 meo
1024 3259 1265 3338 quidem
1273 3259 1507 3339 judicio
1520 3276 1639 3321 non
1651 3260 1917 3322 rectedi-

240 3370 422 3414 versa
444 3354 783 3423 senserint,
816 3368 1010 3413 meam
1035 3351 1169 3430 ipse
1184 3351 1553 3411 sententiam
1583 3366 1911 3429 exponam.

242 3444 319 3505 At
333 3460 480 3505 vero
506 3443 642 3523 quis
655 3441 899 3504 inducat
919 3439 1032 3503 sibi
1048 3442 1109 3501 in
1122 3439 1383 3501 animum
1400 3438 1742 3519 apostolicis
1756 3447 1917 3500 tem-

249 3533 511 3614 poribus
561 3532 932 3595 Christianos
963 3531 1243 3608 virosque
1289 3528 1646 3610 apostolicos
1690 3528 1747 3589 in
1795 3537 1912 3590 tam

246 3624 447 3684 varias
493 3624 661 3685 hisce
690 3622 766 3684 de
798 3621 981 3685 rebus
1008 3619 1230 3683 abiisse
1262 3621 1579 3700 Opiniones
1606 3618 1631 3679 Υ
1663 3617 1803 3691 Quis
1839 3619 1915 3680 de

244 3732 320 3775 eo
347 3732 470 3794 quo
495 3712 770 3776 Matthias
801 3712 863 3774 in
896 3710 1219 3793 proditoris
1247 3709 1416 3774 Iuda:
1446 3709 1639 3772 locum
1673 3726 1913 3770 assum-

244 3810 391 3884 ptus
425 3812 520 3865 est
552 3802 756 3877 modo,
790 3803 1106 3883 divinaque
1136 3801 1269 3881 ejus
1298 3806 1459 3861 sorte
1504 3808 1561 3861 et
1596 3797 1908 3875 electione,

244 3902 483 3955 tantum
547 3893 706 3955 inter
768 3911 873 3955 eos
926 3890 1266 3969 dissidium,
1330 3896 1672 3970 tantamque
1729 3888 1913 3951 fuisse

242 3984 617 4047 discordiam
651 3980 1006 4047 crediderit?
1032 3979 1331 4061 Numquid
1354 3979 1756 4061 apostolorum
1781 3978 1910 4041 dis-

245 4074 441 4155 cipuli
469 4073 545 4135 ab
575 4073 722 4155 ipsis
750 4093 870 4135 non
904 4070 1561 4150 didicerantquomodo
1596 4086 1667 4131 ea
1698 4068 1911 4130 electio

240 4166 402 4227 facta
421 4164 603 4226 fuerit
625 4164 655 4224 ‘2
687 4162 803 4228 Fac
834 4174 1034 4226 autem
1069 4163 1143 4224 de
1175 4180 1245 4223 ea
1268 4160 1417 4223 nihil
1441 4158 1514 4221 ab
1538 4166 1624 4221 eis
1661 4174 1913 4239 accepe-

241 4255 395 4330 rint,
438 4263 603 4316 certe
635 4255 673 4314 ii
716 4253 790 4316 ab
814 4254 947 4316 aliis
974 4252 1375 4335 apostolorum
1412 4249 1614 4324 sociis,
1641 4257 1742 4311 aut
1771 4265 1913 4311 suc-

242 4344 624 4427 cessoribus,
661 4346 759 4427 qui
792 4344 988 4407 adhuc
1048 4346 1109 4405 in
1141 4342 1286 4404 vivis
1322 4344 1516 4418 erant,
1554 4347 1783 4421 poterat
1811 4357 1910 4401 eo-

241 4454 384 4498 rum
425 4436 839 4517 unusquisque
869 4434 943 4496 de
969 4452 1041 4496 ea
1072 4432 1369 4495 electione
1416 4431 1498 4492 ita
1526 4430 1752 4495 certior
1778 4427 1906 4491 ﬁeri

245 4534 313 4587 ut
386 4526 592 4587 nullus
665 4534 827 4588 esset
895 4522 1290 4587 dissensionis
1363 4519 1905 4602 disputationisque

248 4614 447 4679 locus.

333 4705 745 4788 Areopagitici
768 4724 799 4769 e
827 4703 1130 4770 contrario
1162 4702 1420 4765 clamant
1448 4698 1521 4762 ab
1539 4698 1669 4780 ipso
1694 4698 1905 4761 Eccle-

253 4797 359 4858 sia:
374 4797 679 4860 nascentis
695 4792 1295 4872 exordio,diabolicis
1312 4790 1540 4852 artibus
1553 4788 1734 4852 fuisse
1755 4788 1914 4851 inter

254 4888 656 4967 Christianos,
682 4894 746 4949 ut
788 4894 1039 4950 testatur
1067 4883 1314 4963 Paulus,
1342 4881 1605 4944 hareses
1637 4890 1699 4941 et
1746 4876 1911 4940 schi-

247 4986 470 5052 smata,
500 4977 798 5040 scissuras
849 4986 908 5038 et
936 4973 1370 5038 dissensiones.
1420 4968 1581 5032 Nihil
1615 4985 1780 5046 ergo,
1815 4967 1916 5028 in-

248 5069 473 5149 quiunt
522 5067 741 5128 mirum
774 5074 867 5129 est
914 5066 964 5127 si
996 5062 1257 5144 Dionysii
1313 5070 1584 5139 tempore
1614 5058 1693 5149 de
1747 5066 1911 5149 sorte

246 5146 389 5235 qua:
403 5158 625 5219 cecidit
639 5175 820 5242 spper
834 5151 1643 5242 Matthiam,sitdisputatum.
1662 5146 1907 5242 Deliis-

244 5246 445 5309 rothei
480 5265 617 5310 vero
659 5238 1035 5327 aliorumque
1066 5244 1236 5307 libris
1266 5239 1596 5327 deperditis
1639 5238 1786 5299 nihil
1819 5244 1909 5299 est

242 5338 416 5415 quod
432 5337 622 5415 magis
634 5326 1390 5416 mireris,quandoquidem
1410 5326 1666 5410 plurima
1676 5334 1907 5408 aposto-

242 5426 450 5489 lorum
471 5428 857 5507 virorumque
880 5422 1345 5506 apostolicorum
1368 5416 1591 5498 scripta
1607 5419 1688 5479 ita
1710 5416 1905 5499 perie-

323 5607 375 5651 εί
412 5608 505 5672 De
532 5609 735 5671 ecetest
792 5604 1291 5686 hierarchqicap.
1331 5599 1645 5686 173.7“.De
1692 5596 2012 5686 ecclesiast.
2050 5594 2375 5686 hierarch,,
2413 5615 2542 5686 cap.

242 5690 460 5755 eccles.
494 5689 837 5766 hierarch.,
871 5705 1004 5768 cap.
1046 5679 1163 5768 Ἶίὲ
1192 5679 1293 5748 Η.
1338 5684 1391 5728 2⁵
1423 5685 1510 5747 De
1538 5680 1841 5745 hieraroh.
1873 5681 2110 5757 eccles.,
2144 5698 2277 5762 cap.
2330 5680 2387 5759 t,
2423 5679 2452 5759 §
2482 5680 2543 5742 4.

1999 848 2107 891 nes
2136 853 2150 907 ;
2182 840 2237 891 at
2270 829 2344 892 de
2374 832 2556 894 rebus
2587 852 2717 915 quae
2771 837 2927 897 inter
2954 838 3256 917 apostolus
3287 829 3520 918 publice
3552 843 3640 904 ri-

2001 929 2185 1000 tuque
2216 921 2466 983 solemni
2493 932 2743 1004 peraclae
2759 934 2918 1001 sunt,
2946 945 3210 1007 quasque
3238 948 3446 991 omnes
3462 930 3535 992 ab
3557 933 3643 993 eis

1998 1029 2329 1092 eorumque
2380 1014 2557 1075 sociis
2590 1022 2863 1094 poterant
2913 1015 3088 1078 facile
3118 1017 3381 1098 edoceri,
3415 1020 3644 1083 nullam

2002 1099 2077 1161 de
2108 1118 2223 1179 qua
2252 1101 2309 1161 in
2336 1104 2573 1183 scriptis
2595 1102 3192 1185 disputaretur,n:isci
3227 1109 3493 1187 potuisse
3514 1110 3640 1173 dis-

2005 1191 2373 1253 sensionem.
2406 1196 2588 1277 Porro
2617 1192 2810 1275 Opera
2853 1194 3184 1270 Hierothei,
3213 1216 3281 1258 ac
3326 1198 3643 1263 Bartholo-s

1999 1280 2160 1356 miei,
2198 1291 2256 1341 et
2309 1283 2486 1359 lusti',
2522 1302 2641 1345 non
2676 1295 2997 1365 potuerunt
3055 1295 3212 1348 tanta
3242 1286 3519 1351 facilitate
3574 1309 3642 1354 ac

1998 1370 2248 1432 aliorum
2299 1370 2741 1435 lucubrationes
2770 1373 3069 1436 oblivione
3123 1386 3411 1458 perpetua
3440 1379 3639 1445 obrui:

1997 1459 2240 1551 Constat
2268 1461 2488 1543 quippe
2512 1480 2603 1538 ea,
2639 1463 2689 1524 si
2745 1462 3021 1544 Dionysio
3053 1466 3389 1543 credamus,
3418 1468 3476 1530 in
3510 1471 3641 1551 ejus

1996 1567 2063 1610 ac
2095 1549 2438 1613 Thimothei
2462 1570 2671 1613 manus
2698 1552 2953 1616 venisse:
2986 1572 3096 1616 nec
3114 1554 3359 1623 dubium
3386 1566 3472 1620 est
3497 1549 3639 1639 quin

1996 1639 2097 1701 illa
2154 1660 2287 1702 cum
2348 1641 2646 1721 plurimis,
2682 1662 2715 1705 a
2771 1644 2986 1725 quibus
3043 1662 3277 1707 summa
3317 1666 3459 1710 cura
3488 1668 3640 1712 con-

1997 1731 2223 1792 servari
2292 1730 2647 1810 debuerunt,
2697 1733 3043 1797 censuerint
3105 1752 3237 1797 esse
3295 1742 3639 1803 communi-

1937 1850 1973 1901 B
1997 1820 2209 1895 cauda,

2598 1913 2844 1977 CAPUT
2890 1913 3038 1977 XllI.

1995 2001 2293 2077 Quintum
2352 2011 2800 2086 argumentum,
2863 2024 2939 2067 ca:
3007 2009 3215 2073 citatis
3272 2006 3345 2071 ab
3399 2015 3643 2074 auctore

2323 2103 2526 2155 nostro
2570 2095 2995 2159 traditionibus
3023 2100 3311 2177 petitum.

2076 2181 2251 2244 Aliud
2282 2191 2485 2244 contra
2518 2182 2777 2263 Dionysii
2810 2184 3072 2265 Operam
3113 2192 3442 2267 γνησιότητπ
3472 2210 3642 2273 argu-

2004 2281 2268 2333 mentum
2309 2273 2697 2353 suppeditant
2728 2275 3074 2338 traditiones
3118 2294 3265 2358 quas
3294 2278 3394 2341 ille
3425 2280 3498 2341 ab
3528 2299 3641 2343 an-

1999 2362 2160 2442 tiquo
2189 2372 2455 2442 tempore
2487 2362 2558 2424 ad
2592 2382 2756 2425 suam
2800 2372 3031 2435 aetatem
3065 2367 3354 2430 deductas
3396 2388 3529 2433 esse
3554 2379 3648 2435 ted

1997 2451 2403 2513 stiﬁcatur.De
2429 2450 2914 2532 baptizaudorum
2951 2457 3109 2517 enim
3143 2457 3453 2520 infantium
3480 2480 3645 2524 more

1997 2540 2122 2601 haec
2142 2541 2600 2602 tradiditauctor
2615 2552 2817 2603 noster
2843 2544 2929 2603 εις
2969 2545 3102 2607 Hoc
3132 2547 3281 2608 dere
3310 2548 3374 2609 id
3404 2567 3644 2629 quoque

1988 2630 2266 2705 dicimus,
2279 2634 2432 2709 quod
2444 2632 3169 2715 deiformespraeceptores
3186 2640 3471 2701 nostriab
3488 2643 3646 2702 anti-

1990 2738 2107 2799 qua
2141 2723 2478 2784 traditione
2500 2722 2670 2784 nobis
2695 2730 3237 2805 transcripserunt.
3278 2730 3413 2805 Πρὸς
3439 2735 3536 2797 τῆς
3558 2732 3642 2809 ἀρ·

1994 2814 2153 2889 χχίας
2188 2815 2445 2887 pallens:
2480 2811 2842 2891 παραδόσεως.
2878 2814 2969 2876 Ad
3003 2815 3061 2876 id
3095 2826 3259 2879 certe
3300 2835 3335 2878 a
3367 2816 3644 2899 Dionysio

1995 2901 2355 2980 Areopagita
2385 2901 2504 2963 dici
2536 2920 2911 2983 nequaquam
2946 2906 3160 2985 potuit.

2078 2989 2251 3050 Enim
2277 3008 2421 3053 vero
2446 2992 2713 3072 quamvis
2738 3010 2867 3053 mos
2888 2992 2988 3054 ille
3017 2994 3092 3055 ab
3113 2998 3393 3077 apostolis
3422 2998 3646 3061 derive-

1999 3087 2116 3159 tur,
2149 3078 2430 3160 Dionysio
2467 3090 2664 3142 tamen
2695 3081 3073 3162 AreOpagitte
3098 3087 3171 3145 ab
3195 3087 3437 3168 antiqua
3467 3086 3647 3149 tradi-

1934 3208 1975 3261 ε
1997 3167 2160 3230 tione
2186 3186 2304 3229 non
2329 3170 2712 3231 transmissus
2736 3178 2845 3233 est.
2877 3171 3038 3243 Quos
3061 3173 3216 3233 enim
3244 3167 3351 3238 ille
3366 3176 3453 3237 vir
3473 3194 3643 3239 sum-

2000 3276 2133 3319 mus
2171 3276 2205 3319 a
2228 3258 2404 3320 Paulo
2439 3259 2575 3320 ﬁdei
2609 3258 2927 3322 Chistiana
2952 3260 3324 3341 dogmatibus
3354 3265 3640 3340 imbutus,

1999 3356 2401 3429 praeceptores
2451 3347 2675 3410 habere
2728 3350 2936 3429 potuit,
2974 3358 3075 3431 qui
3121 3353 3207 3414 illi
3250 3364 3479 3418 morem
3530 3355 3641 3417 ba-

2001 3437 2283 3572 ptizandi?
2311 3437 2568 3500 infantes
2598 3437 2672 3499 ab
2729 3439 2973 3519 antiqua
3004 3441 3321 3507 traditione
3363 3446 3643 3527 praiscri-

2001 3536 2230 3572 nenrtnf

1999 3536 2232 3607 pseriut
2257 3536 2274 3587 ἓ

2075 3614 2285 3708 ῌθῳιθ
2314 3614 2542 3708 dixeris
2569 3634 2773 3680 vocem
2814 3620 3040 3700 ἀρχαίας
3073 3638 3192 3682 non
3231 3640 3337 3703 pro
3372 3624 3638 3708 antiqua,

1997 3706 2100 3768 sed
2136 3707 2325 3787 prima
2350 3706 2667 3769 traditione
2689 3708 3079 3787 signiﬁcanda
3096 3706 3641 3793 usurpatam.Nullo

1997 3796 2219 3877 quippe
2274 3814 2535 3878 unquam
2569 3799 2846 3879 exemplo
2908 3818 3118 3861 vocem
3167 3801 3397 3883 ἀρχαίας
3450 3806 3520 3867 ad
3579 3805 3643 3868 id

1996 3886 2180 3966 quod,
2204 3886 2559 3967 interposito
2578 3889 2840 3965 nemine,
2874 3888 2948 3951 ab
2970 3890 3167 3970 aliquo
3187 3901 3496 3973 acceptum
3524 3902 3637 3971 est,

1994 3976 2445 4056 signiﬁcandum
2473 3975 2643 4038 ullibi
2673 3978 2830 4059 apud
2856 3976 3094 4041 Graecos
3123 3981 3447 4062 scriptores
3474 3984 3643 4046 adhi‘

1998 4062 2182 4127 bitam
2242 4066 2426 4128 fuisse
2475 4066 2840 4147 probabitur.
2903 4068 3043 4141 Quis
3096 4088 3236 4149 ergo
3295 4070 3639 4154 Dionysium

1996 4155 2413 4236 AreOpagitam
2448 4156 2559 4219 hac
2580 4175 2723 4222 voce
2744 4166 2952 4221 contra
2983 4169 3284 4239 receptam
3328 4163 3403 4224 ab
3433 4165 3638 4225 omni-

1998 4244 2109 4309 bus
2140 4246 2301 4307 illius
2319 4246 2811 4325 signiﬁcationem
2843 4266 3013 4309 usum
3046 4268 3201 4326 esse,
3224 4252 3383 4313 nulla
3405 4254 3634 4317 ratione

1996 4337 2170 4400 allata
2200 4336 2333 4398 aliis
2362 4336 2531 4399 facile
2564 4336 2948 4418 persuadebit
2968 4342 2994 4398 ‘t
3438 4394 3443 4397 .

1928 4421 1975 4474 ι)
2072 4425 2329 4507 Sedage,
2354 4434 2411 4487 et
2448 4426 2754 4489 videamus
2792 4435 2986 4490 utrum
3010 4446 3081 4489 ea
3101 4429 3331 4493 veriora
3361 4431 3481 4494 sint
3503 4451 3636 4512 quae

1989 4525 2197 4579 auctor
2244 4524 2447 4581 noster
2470 4516 2547 4579 de
2598 4517 2731 4577 aliis
2782 4517 3161 4596 dogmatibus
3209 4520 3327 4582 sibi
3377 4522 3634 4600 traditis,

1990 4605 2148 4668 haud
2180 4604 2521 4668 dubitanter
2542 4606 2794 4668 afﬁrmat
2812 4605 2871 4659 95
2898 4628 2911 4666 :
2934 4606 3211 4672 Maxime
3239 4628 3407 4691 vero,
3433 4612 3513 4675 ita
3537 4612 3637 4676 ille

1990 4695 2403 4777 loquitur,ista
2430 4698 2688 4759 oracula
2709 4696 2967 4760 dicimus
2981 4715 3116 4777 qna:
3137 4717 3175 4762 α
3203 4704 3396 4765 sacris
3417 4706 3638 4766 nostris

1993 4786 2425 4863 initiatoribus,
2451 4786 2661 4848 divino
2690 4786 2932 4868 Spiritu
2950 4789 3275 4868 a/ﬂatis,in
3302 4792 3638 4874 Scripturis

1992 4877 2188 4939 sacris
2208 4875 2503 4955 librisque
2534 4875 2879 4957 theologicis
2912 4878 3140 4940 tradita
3164 4882 3333 4943 nobis
3352 4891 3515 4965 sunt,
3546 4887 3640 4946 uti

1993 4974 2049 5029 et
2080 4965 2188 5029 illa
2212 4983 2343 5046 qua
2376 4966 2453 5028 ab
2479 4966 2692 5028 iisdem
2721 4968 2874 5029 viris
2902 4971 3128 5031 sanctis
3157 4970 3485 5054 subtiliori,
3514 4991 3639 5037 non

1994 5059 2243 5119 omnino
2262 5056 2473 5118 dissita
2499 5056 2576 5118 ab
2598 5056 2815 5118 ordine
2844 5056 3084 5134 calesti,
3118 5060 3540 5126 insinuatione
3566 5066 3640 5126 de

1992 5164 2133 5209 men
2141 5155 2197 5209 te
2211 5150 2275 5209 in
2290 5147 2881 5221 mentem,mediantc
2892 5148 3078 5211 uerbo
3087 5168 3373 5231 corporeo
3394 5154 3638 5233 quidem

1988 5237 2109 5303 illa,
2140 5235 2298 5294 simul
2344 5240 2523 5293 tamen
2565 5237 2956 5304 immateriato,
2984 5239 3100 5295 sine
3139 5242 3440 5313 scriptione
3481 5244 3639 5301 iusti-

1985 5330 2181 5389 tutores
2216 5323 2390 5382 nostri
2420 5340 2579 5381 saera
2624 5323 2851 5397 quodam
2884 5326 3219 5386 traductione
3253 5339 3385 5387 sunt
3412 5330 3586 5391 edocti
3614 5349 3637 5391 ,-

1985 5424 2193 5499 γριφής
2242 5416 2396 5482 ἐκτὸς
2451 5417 2498 5473 οἱ
2529 5415 2897 5497 καθηγεμόνες
2942 5419 3097 5489 ήπῶν
3154 5419 3487 5497 ὶμυήθησαν.
3549 5422 3637 5487 lbi

2594 5598 2694 5660 t3.
2737 5594 2795 5641 ²³
2822 5595 2981 5663 Ibid.
3030 5618 3158 5683 cap.
3188 5601 3249 5665 4.
3303 5546 3514 5672 uLib.
3553 5604 3638 5672 De

3753 2786 3791 2795 ,—
