4072 6432
425 320 501 390 35

1578 296 1639 374 s.
1690 298 2101 378 DIONYSIUS
2137 299 2649 379 AREOPAGITA.

3736 310 3815 388 36

426 461 608 543 plane
629 463 692 523 et
712 454 977 521 dilucide
996 468 1115 516 non
1139 450 1422 533 scriptam
1448 465 1876 543 commemorat
1896 451 2049 515 tradi
2095 458 2134 509 A
2158 450 2231 514 ad
2288 460 2407 543 tres
2437 451 2650 517 divinae
2687 452 2998 518 Trinitatis
3050 472 3338 535 personas
3388 454 3815 535 signiﬁcandas

428 540 680 624 tionem,
705 565 885 626 quam
919 545 996 607 de
1045 550 1243 605 mente
1273 543 1333 604 in
1370 548 1630 603 mentem
1661 540 1736 602 ad
1768 560 1833 603 se
1864 543 2080 605 tradu-

433 649 587 702 ctam
642 655 773 700 esse
803 642 1036 697 asserit.
1072 632 1293 695 Verum
1354 629 1568 693 amabo
1615 648 1738 709 vos,
1775 641 2083 711 poteratne

433 722 1142 814 DionysiusAreopagita,
1157 721 1316 814 l’auli
1352 719 1914 814 discipulus,ve_rbis
1932 721 2081 814 adeo

437 810 739 899 expressis
767 812 1533 877 afﬁrmareseinstitutores
1553 828 1619 872 ac
1643 810 1957 889 magistros
1985 812 2086 873 ha-

434 908 641 973 buisse
688 912 791 986 qui
825 901 1180 967 bierarchiaa
1230 899 1656 963 ecclesiasticae
1684 901 1956 965 ordinem
2007 901 2080 966 ab

434 998 566 1063 aliis
602 997 732 1059 sine
755 994 1079 1075 scriptione
1112 991 1480 1054 didicerint?

512 1087 721 1168 Neque
750 1103 911 1160 vero,
946 1082 1100 1163 quod
1137 1081 1352 1144 mirum
1390 1091 1500 1158 est,
1528 1081 1610 1144 ibi
1643 1082 2074 1160 tantummodo,

435 1182 543 1245 sed
556 1179 698 1243 alibi
714 1196 834 1241 non
853 1174 1038 1239 semel
1059 1175 1272 1238 eodem
1290 1184 1327 1234 ti
1346 1173 1629 1237 editionis
1640 1185 1990 1255 argumento
2004 1176 2076 1238 ad

2164 542 2381 619 saepius
2423 552 2673 625 usurpat
2712 544 2791 606 28.
2820 545 2920 608 Καὶ
2968 545 3102 620 μὴν,
3138 543 3333 622 inquit
3362 544 3486 621 ille,
3521 547 3602 604 ὅτι
3647 551 3815 625 μονάς

2165 632 2275 689 ἐστι
2308 634 2396 689 καὶ
2426 633 2544 699 Eva;
2590 636 3027 713 τρισυπόσταῖος.
3062 634 3137 697 Ει
3177 634 3318 695 alibi
3348 634 3410 685 29
3446 653 3459 698 2
3519 639 3593 702 ὡς
3624 637 3816 716 τριάδα

2167 719 2222 778 δὲ
2250 720 2333 779 διὰ
2366 724 2467 789 τὴν
2517 725 2957 801 κρισυπόστατον.
2990 723 3105 788 Ubi
3134 742 3272 786 vero
3303 723 3379 787 de
3425 743 3816 802 personarum

2166 810 2497 874 divinarum
2522 813 3092 877 circumincessione
3117 814 3376 895 loquitur
3401 816 3485 879 30:
3518 821 3627 875 τῶν
3656 819 3817 898 ἐναρ-

2166 910 2341 981 χικῶν
2370 906 2739 987 ὑποστάσεων,
2769 905 3164 986 inquit.Atqui
3182 905 3379 967 nullus
3401 907 3817 972 anteAlexan-

2164 989 2394 1054 drinam
2428 993 2742 1073 synodum,
2777 1012 2934 1056 anno
2985 994 3103 1059 362
3151 1002 3438 1069 coactam,
3466 1014 3535 1057 ea
3564 1015 3726 1074 voce,
3763 997 3820 1061 si

2164 1082 2393 1146 Socrati
2416 1083 2564 1145 fides
2592 1083 2878 1146 habeatur
2894 1083 3088 1165 50',ad
3107 1083 3164 1145 id
3192 1082 3649 1163 signiﬁcandum
3675 1106 3818 1150 usus

2164 1182 2272 1233 est:
2300 1172 2591 1235 thernm
2616 1174 2908 1254 episcopi,
2937 1173 3198 1238 Socratis
3217 1175 3394 1237 verba
3417 1185 3578 1257 sunt,
3612 1183 3721 1257 qui
3748 1182 3817 1240 in

435 1287 649 1352 eaquae
661 1268 889 1331 dixerat
903 1263 1316 1352 conﬁrmanda
1336 1271 1550 1343 sponte
1581 1281 1687 1352 sua
1706 1263 1908 1327 utitur.
1933 1263 2077 1325 Nam
2159 1259 2852 1326 Alexand-rinoconcilio
2876 1264 3635 1344 aderant,haucprazterea
3654 1285 3816 1348 quaa-

435 1351 643 1423 ubide
675 1353 1054 1418 sanctissimo
1084 1351 1388 1414 Trinitatis
1421 1351 1698 1432 mysterio
1732 1372 1850 1414 non
1885 1354 2081 1415 minus
2160 1352 2413 1415 stionem
2435 1352 3672 1434 diligenterexaminumnt,desubstautia
3688 1358 3816 1421 sci-

434 1449 740 1512 enucleate
774 1453 832 1508 et
863 1442 1179 1524 perspicue
1209 1460 1277 1503 ac
1302 1442 1400 1504 alii
1426 1450 1557 1522 post
1586 1440 1885 1505 Niraenam
1909 1463 2080 1524 syno-
2166 1442 2301 1504 licet
2313 1449 2367 1504 et
2382 1442 2692 1524 hypaetasi
2701 1491 2712 1502 .
2728 1444 2945 1520 ..Quid
2967 1453 3164 1506 autem
3186 1463 3294 1507 nos
3310 1444 3380 1507 de
3400 1444 3741 1511 substantia
3756 1456 3816 1511 et

433 1538 575 1600 dum
606 1539 836 1606 Patres,
860 1532 1379 1615 dispittat96,liwc,
1403 1533 1619 1610 inquit,
1645 1533 1896 1613 aliaque
1921 1552 2082 1614 quae-
2166 1532 2474 1612 hypostusi
2501 1534 2926 1604 didicerimus,
2956 1534 3109 1596 nihil
3138 1543 3298 1597 vetat
3340 1547 3662 1615 quominus
3686 1537 3818 1600 haec

435 1626 578 1691 libet
598 1625 1278 1707 deiﬁcatlumina,quae
1300 1623 1635 1703 Scripturis
1658 1638 1927 1686 consona
1943 1642 2086 1687 san-
2167 1621 2399 1679 breviter
2451 1638 2794 1695 exponamus.
2827 1624 2935 1692 Qui
2990 1624 3228 1681 Graecam
3258 1624 3400 1680 inter
3454 1625 3664 1684 Graiae:
3685 1628 3820 1699 phi-

437 1712 2088 1796 atinostriprwccptorcsarcananobisinterpretatione
2115 1791 2144 1796 _
2170 1711 2467 1784 losophiam
2511 1710 2870 1779 tradiderunt,
2900 1713 3266 1772 substantiam
3318 1713 3532 1786 quidem
3564 1716 3823 1788 plurimi:

438 1791 851 1881 tradiderunt,
912 1791 1135 1883 uosque
1188 1803 1545 1865 hausimus:
1594 1791 1783 1866 Grece
1846 1805 2085 1887 legitur,
2113 1791 2338 1859 Bmodis
2382 1802 2725 1875 deﬁnierunt,
2776 1804 3124 1876 hyposiaseos
3160 1819 3291 1861 caro
3343 1805 3550 1862 nullam
3588 1822 3825 1878 prorsus

432 1899 623 1979 κρυφίκ
652 1894 964 1976 παράδοσις,
996 1902 1228 1957 δεενεια
1254 1892 1611 1957 traditio.Et
1636 1895 1809 1974 paulo
1831 1895 1985 1957 infra
2002 1893 2084 1971 2⁷,

2172 1894 2534 1957 mentionem
2548 1896 2758 1975 fecere,
2783 1905 2902 1957 etc.
2931 1895 3334 1976 Hieronymus
3352 1914 3487 1959 vero
3507 1896 3581 1960 de
3606 1897 3824 1961 eadem

439 1987 769 2053 Theoloaicw
805 1990 1013 2044 nostra
1064 1983 1372 2041 traditionis
1417 1991 1725 2042 auctores...
1779 1986 2090 2059 assignant-

434 2095 536 2155 que
563 2077 861 2149 Scripturis
887 2077 1064 2133 sacris
1094 2075 1392 2132 insistendo
1422 2075 1678 2133 nonnulla
1717 2075 1871 2133 dicite
1900 2076 2088 2135 unioni

428 2171 715 2254 propria,
745 2169 1126 2247 vicissimque
1152 2166 1565 2230 distinctioni.
1601 2165 1673 2229 lli
1708 2185 1847 2246 ergo
1872 2176 2080 2230 aucto-

432 2279 555 2337 res,
608 2259 723 2336 vel,
769 2266 833 2320 ut
879 2257 1082 2320 Graece
1128 2255 1435 2337 scribitur,
1465 2257 1781 2336 θεολογικῆς
1838 2258 2080 2339 παραδό-

434 2373 573 2415 σεως
629 2350 973 2428 ἱερομύσται,
1043 2347 1238 2409 divina
1308 2346 1638 2421 attributa,
1712 2347 1907 2429 inquit
1955 2347 2077 2422 ille,

434 2440 867 2519 enodaverunt,
901 2436 1251 2518 Scripturis
1274 2437 1475 2500 sacris
1500 2437 1859 2513 insistendo,
1896 2437 2079 2512 vel,ut

438 2531 602 2613 prius
613 2528 1215 2610 dixerat,Scripturis
1231 2546 1495 2591 consona
1513 2528 1806 2590 tradendo
1838 2526 2080 2591 lllorum

433 2640 574 2702 ergo
623 2619 707 2682 ibi
740 2619 961 2701 profert
1004 2618 1367 2694 testimonia,
1401 2618 1501 2700 qui
1547 2626 1679 2700 post
1711 2619 1902 2680 editos
1933 2621 2084 2683 Novi

433 2710 702 2775 Fmdcris
723 2708 1082 2783 libros,acin
1111 2708 1324 2790 primis
1352 2709 1764 2790 Apocalypsim
1800 2718 1858 2771 et
1886 2712 2082 2773 Evan-

430 2802 653 2882 gelium
681 2797 950 2879 Joannis,
980 2817 1113 2880 quae
1145 2798 1365 2860 ibidem
1390 2800 1462 2861 ab
1490 2816 1560 2860 eo
1589 2797 2085 2877 laudaniur,inde

428 2890 819 2956 auctoritates
848 2889 923 2951 ad
958 2888 1429 2967 theologicorum
1461 2888 1537 2949 de
1567 2888 1763 2950 divina
1792 2887 2086 2953 Trinitate

433 2984 775 3060 dogmatum
810 2979 1242 3060 erpositionem
1262 2977 1732 3051 aﬂ‘erebant.Qui
1749 2998 1893 3059 ergo
1915 2989 2085 3042 erant

2167 2001 2334 2056 voce,
2359 1992 2555 2047 utrum
2592 1985 2935 2067 usurpanda
2977 1986 3150 2064 foret,
3184 1986 3541 2047 sententiam
3586 1988 3829 2051 Damasi

2170 2085 2338 2154 papae
2358 2074 2722 2155 sciscitatus,
2756 2074 2838 2138 ait
2866 2076 2944 2133 δίς
2989 2075 3131 2139 Tota
3162 2073 3548 2139 saecularium
3574 2076 3824 2140 littera-

2170 2181 2312 2226 rum
2328 2162 2534 2226 schola
2554 2163 2710 2227 nihil
2725 2164 2898 2227 aliud
2918 2164 3321 2246 hypostasim,
3345 2168 3471 2228 nisi
3487 2167 3685 2229 usiam
3717 2186 3829 2231 no-

2166 2255 2331 2317 vit...
2373 2252 2714 2317 Taceantur
2743 2263 2869 2318 tres
2894 2255 3330 2336 hypostases,si
3352 2256 3571 2336 placet,
3604 2264 3659 2319 et
3692 2276 3822 2321 una

2167 2350 2476 2408 teneatur.
2504 2345 2780 2407 Nondum
2806 2363 2945 2425 ergo
2961 2344 3306 2426 Hieronymi
3329 2353 3596 2427 tempore
3620 2365 3689 2409 ea
3706 2362 3821 2410 vox

2164 2444 2407 2516 recepto
2460 2434 2613 2515 apud
2647 2453 2858 2498 omnes
2887 2441 2947 2496 in
3008 2454 3119 2497 usu
3150 2443 3300 2511 erat,
3340 2453 3452 2497 nec
3483 2435 3823 2500 inconsulto

2168 2542 2404 2587 summo
2438 2525 2742 2605 pontiﬁce,
2774 2542 2845 2587 ea
2873 2533 3114 2588 sanctus
3170 2522 3381 2587 doctor
3411 2525 3494 2587 uti
3524 2542 3593 2589 se
3644 2545 3826 2609 posse

2166 2613 2588 2677 arbitrabatur.

2252 2702 2369 2767 Sed
2404 2704 2725 2784 insurgunt
2750 2704 3175 2787 Areopagitici,
3211 2706 3560 2789 magnisque
3605 2708 3823 2771 animis

2168 2793 2645 2856 adversariorum
2680 2792 2795 2856 tela
2825 2794 3239 2876 retundentes,
3273 2806 3504 2859 certum
3557 2816 3695 2860 esse
3723 2798 3822 2860 di—

2169 2892 2312 2946 cunt
2340 2883 2761 2946 Antenicaenos
2823 2882 3025 2947 Patres
3069 2890 3130 2946 in
3187 2887 3531 2961 asserenda,
3564 2906 3695 2966 quae
3743 2888 3824 2950 de

2168 2974 2560 3035 sanctissimae
2589 2973 2894 3036 Trinitatis
2920 2976 3203 3055 mysterio
3229 2975 3302 3036 ab
3327 2976 3679 3040 orthodoxis
3700 2986 3824 3041 tra-

431 3070 475 3133 ii
493 3071 754 3150 Dionysii
769 3067 1602 3149 Arcopagitaaprteceptores?
1623 3070 1907 3150 Nunquid
1938 3067 2085 3132 Hie-
2106 3078 2150 3133 c
2175 3064 2358 3139 ditur,
2393 3064 2660 3126 doctrina
2692 3074 2807 3125 tam
2852 3073 3207 3127 constantes
3234 3065 3439 3141 fuisse,
3473 3076 3535 3128 ut
3564 3087 3636 3129 eo
3667 3076 3827 3131 tem-

430 3159 717 3226 rotheus?
747 3158 865 3223 Sed
898 3160 948 3219 is
991 3158 1066 3220 ab
1097 3159 1198 3220 illo
1229 3176 1473 3238 semper
1517 3158 1890 3234 nominatim,
1922 3177 2085 3239 prac-

431 3259 662 3329 eceptor
691 3257 898 3313 noster
919 3247 1279 3330 appellatur.
1306 3248 1370 3311 Si
1392 3265 1533 3328 ergo
1553 3247 1719 3310 illum
1741 3248 1834 3311 his
1858 3252 1916 3312 in
1940 3249 2087 3313 locis

430 3340 654 3417 laudat,
688 3348 748 3402 et
777 3339 925 3402 alios
957 3336 1163 3420 procul
1219 3336 1401 3399 dubio
1434 3337 1634 3401 eidem
1666 3338 1956 3420 adjungit.
2007 3341 2088 3403 At

432 3449 612 3512 porro
642 3432 984 3513 quicunque
1007 3436 1229 3491 tantem
1257 3427 1482 3491 fuerint
1505 3431 1886 3511 Areopagitae
1907 3430 2087 3509 magi-

430 3521 560 3603 stri,
592 3538 699 3584 eos
746 3528 910 3583 certe
958 3527 1188 3581 tantum
1230 3517 1375 3579 citat
1416 3517 1518 3600 qui
1573 3525 1708 3600 post
1755 3518 2084 3599 publicatos

430 3610 823 3693 Apocalypsis
873 3617 934 3673 et
962 3607 1266 3688 Evangelii
1312 3607 1563 3673 Joannis
1589 3608 1774 3672 libros
1815 3609 1896 3672 ita
1925 3608 2082 3673 scri-

432 3709 681 3783 pserunt
709 3709 773 3763 ut
804 3717 910 3762 eos
949 3698 1015 3761 in
1048 3699 1316 3761 omnium
1348 3717 1563 3761 manus
1586 3707 1648 3762 et
1676 3700 2079 3776 cegnitionem

429 3792 668 3853 venisse
689 3788 936 3852 omnino
969 3806 1320 3869 persuasum
1342 3787 1656 3852 baberent.
1681 3786 1913 3852 Rursus
1942 3808 2081 3852 vero

431 3886 641 3944 auctor
659 3889 863 3943 noster
882 3878 983 3940 illa
1004 3885 1438 3959 praeceptorum
1465 3896 1706 3941 suorum
1731 3879 2078 3961 Opera,non

435 3980 501 4033 ut
526 3987 743 4033 recens
764 3969 947 4045 edita,
980 3968 1087 4031 sed
1133 3967 1409 4031 omnibus
1452 3968 1803 4051 plerumque
1850 3968 2086 4049 cognita

435 4060 719 4124 laudavit.
753 4056 924 4123 Unde
951 4058 1144 4139 quivis
1178 4057 1350 4121 facile
1373 4058 1662 4138 intelligat
1691 4078 1903 4121 omnes
1931 4060 2083 4123 scri-

432 4151 629 4234 ptoris
650 4149 836 4212 nostri
854 4148 1303 4212 lucubrationes
1323 4157 1383 4212 et
1403 4149 1599 4212 serius
1619 4168 1795 4232 quam
1819 4150 2088 4214 creditur

432 4241 752 4323 prodiisse,
785 4257 899 4303 nec
951 4239 1304 4322 Dionysium
1355 4241 1774 4323 Areopagitam
1825 4244 2089 4322 potuisse

431 4350 645 4396 eorum
683 4349 815 4394 esse
839 4338 1171 4395 auctorem.

1037 4418 1281 4484 CAPUT
1327 4420 1488 4487 XIV.

438 4512 709 4576 Sextum
740 4519 1196 4594 argumentum,
1228 4530 1305 4575 ea;
1336 4515 1415 4575 iis
1445 4530 1584 4594 qua:
1612 4512 1684 4575 de
1709 4513 2094 4577 sanctissimo

525 4603 847 4667 Trinitatis
879 4603 1167 4684 mysterio
1198 4608 1591 4684 personisque
1618 4604 1852 4667 divinis
1882 4612 2098 4667 auctor

517 4700 733 4767 noster,
754 4693 1035 4770 tradidit,
1074 4693 1481 4773 desumptum.

516 4781 674 4845 Illud
705 4789 900 4845 autem
924 4780 1515 4863 probationibusjam
1549 4780 1828 4846 adductis
1856 4782 2091 4848 accedit

435 4876 813 4944 ﬁrmamenti,
838 4878 990 4949 quod
1019 4892 1136 4936 non
1164 4876 1349 4935 solum
1369 4877 2087 4950 Hierotheus.utdiximus,

436 4964 513 5030 de
533 4960 842 5026 Trinitatis
873 4963 1151 5045 mysterio
1183 4962 1513 5026 clarissime
1543 4963 1819 5040 disserat,
1845 4965 1950 5027 sed
1984 4984 2091 5028 no.

435 5062 560 5120 ster
573 5053 752 5117 etiam
769 5052 1087 5135 Dionysius
1100 5060 1524 5136 praeceptorem
1538 5071 1708 5115 suum
1726 5062 2088 5134 praeeuntem

438 5144 525 5209 ita
555 5142 957 5227 subsequatur
984 5151 1048 5205 ut
1086 5153 1339 5222 uterque
1365 5153 1495 5226 post
1524 5152 1714 5207 ortam
1746 5153 1807 5206 et
1834 5142 2085 5207 damna-

437 5243 560 5297 tum
613 5232 971 5297 Arianorum
1005 5233 1281 5297 haeresim
1337 5232 1612 5297 videatur
1651 5231 1981 5316 disputare.
2032 5234 2090 5298 Is

437 5324 600 5388 enim
631 5342 754 5389 non
785 5341 966 5388 secus
994 5341 1064 5388 ac
1096 5323 1460 5389 Hierotheus
1487 5341 1693 5388 vocem
1746 5322 2090 5406 hypastusis

2176 3170 2319 3233 pore
2348 3171 2465 3234 quo
2487 3154 2663 3216 Arius
2688 3154 2960 3216 haeresim
2992 3172 3159 3216 suam
3199 3155 3590 3221 ﬁsseminare
3620 3158 3822 3239 cmpit,

2171 3242 2274 3305 iile
2306 3260 2457 3305 nova
2488 3242 2902 3322 hactenusque
2948 3244 3216 3307 inaudita
3240 3244 3517 3323 dogmata
3544 3265 3828 3328 spargere

2170 3331 2578 3412 insimulatus,
2612 3333 2687 3397 ab
2731 3333 3010 3397 omnibus
3042 3346 3244 3396 contrr
3294 3335 3426 3416 ejus
3455 3336 3827 3418 impietatem

2171 3422 2250 3485 sit
2264 3423 2845 3488 reclamatum.anli
2873 3432 3161 3505 praeterea
3194 3421 3445 3487 dubium
3475 3443 3610 3488 esse
3653 3445 3832 3507 posse

2166 3512 2622 3595 inquiunt,quin
2635 3513 2891 3596 apostoli
2910 3512 3285 3576 adorandum
3314 3514 3464 3577 illud
3476 3515 3826 3596 mysterium

2166 3603 2892 3685 Christianis,pra3sertim
2911 3602 3519 3687 perfectioribus,non
3539 3605 3820 3681 obscure,

2165 3693 2271 3756 sed
2298 3692 2457 3756 clare
2501 3702 2561 3756 et
2590 3694 2909 3776 perspicue
2942 3693 3348 3776 exposuerint,
3374 3712 3599 3777 eosque
3618 3696 3679 3757 in
3709 3696 3827 3759 hac

2167 3790 2285 3845 tam
2310 3784 2577 3847 diiticilis
2601 3783 2864 3866 mysterii
2887 3783 3161 3847 doctrina
3187 3784 3478 3849 adversus
3509 3794 3829 3850 nascentes

2166 3873 2429 3936 haereses
2451 3874 2803 3956 numiendo,
2837 3873 2987 3936 nihil
3020 3873 3166 3954 ipsis
3188 3874 3537 3956 reliquerint
3555 3875 3832 3940 obscuri-

2169 3963 2388 4029 tatibus
2410 3964 2766 4029 involutum.
2802 3962 2956 4038 Quid
2989 3982 3132 4042 ergo
3157 3965 3371 4027 mirum
3401 3965 3453 4027 si
3476 3962 3819 4047 Dionysius,

2168 4052 2334 4117 Pauli
2347 4054 2772 4137 discipulus,et
2789 4053 3182 4136 philosophiae
3200 4053 3826 4133 callentissimus,tra-

2172 4145 2356 4207 ditam
2410 4146 2681 4225 ejusdem
2712 4144 2981 4225 mysterii
3022 4145 3379 4222 doctrinam,
3416 4164 3538 4227 pra)
3589 4147 3828 4211 caeteris

2171 4236 2306 4299 aliis
2354 4234 2769 4318 scriptoribus,
2806 4233 3003 4297 verbis
3062 4237 3406 4317 explicuerit
3466 4236 3830 4302 clarioribus

2109 4370 2156 4423 ο
2174 4329 2482 4423 magisque
2515 4325 2946 4423 philosophicis
2975 4325 3006 4387 ‘3

2257 4421 2443 4483 Porro
2456 4426 2653 4481 autem
2669 4421 2934 4499 quamvis
2948 4435 3089 4479 usus
3106 4416 3285 4497 hujus
3299 4415 3467 4480 verbi
3487 4416 3832 4500 hypostasis

2174 4518 2312 4574 ante
2334 4508 2634 4573 Nicaanam
2659 4507 2957 4588 synodum
2991 4525 3108 4570 non
3141 4515 3298 4571 esset
3339 4507 3421 4571 ita
3450 4507 3731 4590 frequens
3759 4527 3835 4573 ac

2176 4599 2578 4681 promiscuus,
2606 4604 2840 4661 constat
2872 4605 3070 4660 tamen
3102 4615 3234 4660 eam
3266 4616 3468 4660 vocem
3502 4599 3577 4660 ab
3607 4600 3836 4681 aliqui-

2179 4693 2291 4753 bus
2333 4697 2678 4771 usurpatam
2702 4686 2914 4751 fuisse.
2947 4687 3184 4750 Etenim
3216 4686 3536 4769 Dionysius
3568 4688 3832 4753 Alexan-

2173 4780 2386 4844 drinus
2406 4798 2536 4846 eam
2560 4778 2750 4861 ipsam
2776 4776 3102 4858 aliquando
3138 4776 3484 4841 adhibuisse
3506 4777 3724 4858 legitur
3744 4779 3830 4843 δ’.

2173 4870 2516 4935 Alexander
2544 4887 2710 4947 vero,
2739 4866 3116 4932 Alexandriae
3161 4867 3506 4949 episcopus,
3539 4866 3612 4931 ad
3643 4868 3828 4933 alium

2171 4961 2605 5042 Alexandrum,
2656 4957 3202 5039 Constantinopolis
3244 4957 3618 5038 episcopum,
3671 4959 3827 5022 scri-

2174 5051 2326 5114 bens
2345 5051 2430 5127 33,
2455 5049 2809 5131 Propriam,
2832 5047 3046 5129 inquit,
3068 5046 3440 5127 hypostasim
3462 5046 3826 5130 declaravit,

2170 5147 2409 5210 dicens.
2423 5142 2534 5205 «In
2548 5143 2858 5224 principio
2876 5149 3004 5204 erat
3038 5137 3312 5213 Verbum,
3328 5147 3389 5202 et
3425 5139 3674 5204 Verbum
3693 5150 3827 5207 erat

2171 5238 2340 5318 apud
2362 5234 2564 5298 Deum
2580 5229 3110 5315 3‘,netc.Denique
3127 5228 3220 5291 his
3238 5227 3410 5293 Pauli
3424 5228 3621 5293 verbis
3649 5254 3828 5312 χαρα-

2170 5328 2312 5409 κτὴρ
2368 5328 2467 5396 τῆς
2522 5325 2869 5390 ὑποστάσεως
2911 5323 3072 5384 αὑτοῦ
3111 5322 3195 5399 55,
3249 5337 3572 5403 personam
3632 5321 3828 5387 Patris

517 5483 572 5530 ’6
601 5485 731 5549 Lib.
766 5484 857 5576 De
885 5486 1088 5576 diuiti.
1117 5507 1304 5576 nam,
1340 5508 1473 5576 cap.
1500 5486 1615 5576 ln§
1639 5487 1723 5576 ᾖξ’
1752 5482 1807 5530 ³⁷
1830 5487 2017 5576 Ibit_l_._,
2053 5509 2189 5576 cap.
2218 5491 2277 5554 2.
2331 5487 2752 5576 93gDeucqz‘lest.
2788 5485 3124 5576 hiefarchﬁq
3157 5503 3288 5567 cap.
3422 5478 3477 5576 9-9
3511 5486 3593 5576 Qa
3621 5483 3822 5576 divin:

439 5585 633 5654 nam”
667 5586 799 5654 cap.
835 5568 896 5654 t_._
954 5567 1006 5654 if
1032 5569 1217 5644 Ibid.,
1255 5588 1391 5651 cap.
1416 5563 1485 5632 ’2.
1512 5563 2180 5654 _3°‘_Lib.__ni,_ﬂistor'.,
2215 5591 2348 5654 cap.
2383 5574 2444 5654 f7.
2498 5568 2548 5611 ⁸¹
2579 5567 2795 5654 E_pist.,
2829 5569 2930 5644 57,
2964 5567 3036 5654 ad
3062 5563 3300 5654 Damae.
3345 5563 3401 5609 ³³
3432 5563 3498 5629 ln
3528 5564 3733 5654 ﬁesp.
3749 5566 3826 5630 ad

435 5646 687 5737 Prgpos.
739 5646 900 5713 Pauli
959 5650 1277 5737 Samosat.,
1311 5646 1457 5714 tom.
1512 5648 1561 5713 Ι.
1611 5647 1838 5718 Concil.
1881 5649 1936 5698 ³³
1982 5646 2346 5724 Theodorei.
2380 5652 2544 5721 lib.t

435 5743 480 5818 ι,
513 5729 573 5795 3.

2663 5644 2788 5737 ist,
2821 5667 2952 5734 cap.
2997 5648 3060 5714 4.
3120 5644 3176 5691 ³⁴
3205 5649 3374 5713 loan.
3427 5662 3471 5712 Ι.
3528 5644 3585 5691 ³⁵
3626 5644 3817 5719 Hebr.
