4072 6430
245 309 323 388 3‘7
1650 302 2244 388 PROLEGOMENA.
3566 329 3643 402 38

234 461 453 524 mterni
486 459 859 540 designatam
892 478 1025 523 esse
1059 458 1313 551 Basilius
1337 457 1421 539 56,
1454 468 1517 551 et
1567 458 1841 521 laudatus
1871 463 1964 517 aA
2005 547 2021 551 _
2067 456 2334 551 Denique
2357 456 2513 539 quod
2542 461 2707 524 aiunt
2737 472 3042 526 auctorem
3078 475 3343 529 nostrum
3377 470 3636 551 primum

234 551 703 632 TheOphylacto
718 552 1045 631 Gregorius
1060 549 1363 631 Nyssenus
1382 550 1911 614 aiﬁrmant.Czete-
1996 547 2259 610 forsitam
2291 550 2494 630 fuisse,
2531 572 2562 612 a
2589 572 2703 633 quo
2725 554 2935 616 eadem
2967 575 3071 618 vox
3098 576 3279 619 sensu
3313 547 3639 625 memorato

232 661 396 714 rum,
436 642 714 722 quamvis
747 642 1115 703 concedatur
1173 641 1399 701 nullum
1460 649 1598 702 ante
1648 640 1909 720 Dyonisii
1950 696 1953 697 ν

234 740 515 811 tempora
545 732 729 793 fuisse
752 732 933 812 hujus
958 731 1117 792 verbi
1147 750 1348 810 usum,
1378 732 1683 792 fatendum
1716 740 1908 791 tamen

228 833 324 883 est
352 823 517 883 inter
546 822 925 885 Christianos
960 822 1260 883 exstitisse
1291 821 1579 902 aliquem,
1613 840 1644 881 a
1675 839 1790 900 quo
1832 819 1906 879 il-

227 911 334 973 lud
360 912 630 992 primum
664 917 915 991 cmperit
942 911 1236 991 usurpari.
1283 910 1430 983 Quid
1462 930 1601 989 ergo
1628 908 1906 990 prohibet

227 1003 571 1082 quominus
604 1001 947 1082 Dionysius,
1001 1001 1090 1062 vir
1121 1001 1544 1082 philosophica:
1575 1000 1909 1080 disciplinae

229 1092 785 1172 peritissinius,qui
819 1091 1075 1171 hujusce
1126 1090 1391 1171 vocis,ab
1435 1090 1759 1153 Aristotele
1793 1089 1909 1150 ali-

229 1181 375 1243 cubi
403 1182 669 1261 traditae,
708 1181 820 1242 vim
856 1190 1122 1261 noverat,
1156 1181 1258 1243 illa
1290 1182 1501 1243 eodem
1536 1200 1604 1243 ac
1637 1181 1738 1242 ille
1771 1180 1908 1260 phi-

229 1272 639 1352 losophorum
673 1272 979 1352 princeps,
1015 1291 1193 1333 sensu
1229 1282 1287 1332 et
1317 1271 1747 1350 significatione
1783 1270 1908 1350 pri-

229 1380 372 1423 mus
403 1362 567 1425 inter
600 1362 971 1425 Christianos
1002 1380 1143 1423 usus
1174 1381 1307 1424 esse
1342 1360 1624 1423 dicatur?

318 1451 549 1515 Contra
584 1464 781 1514 tamen
816 1465 1029 1530 urgent
1058 1453 1401 1530 instantque
1436 1454 1698 1514 adversae
1729 1451 1910 1531 partis

232 1542 534 1623 fautores,
570 1543 732 1624 quod
764 1546 1034 1623 quamvis
1076 1542 1445 1607 Antenicami
1496 1546 1695 1603 Patres
1733 1542 1907 1605 Chri-

230 1641 393 1694 stum
429 1631 756 1695 Dominum
788 1651 996 1695 verum
1044 1634 1260 1714 Deum,
1322 1631 1515 1694 Patris
1566 1632 1776 1695 aeterni
1810 1631 1911 1695 Fi-

229 1721 409 1803 lium,
439 1723 723 1803 ejusdem
750 1743 886 1785 cum
913 1743 981 1785 eo
1010 1723 1377 1798 substantiae,
1400 1723 1634 1803 ipsique
1656 1732 1907 1785 cozeter-
1938 1754 1971 1802 Β

232 1831 377 1873 num
412 1832 557 1875 esse
590 1821 649 1874 et
679 1812 1047 1875 crediderint
1103 1822 1159 1875 et
1209 1814 1544 1893 docuerint,
1588 1814 1661 1875 ab
1693 1832 1900 1874 eorum

232 1910 440 1965 tamen
480 1904 726 1964 nemine
757 1902 832 1964 de
867 1904 1141 1983 personis
1173 1903 1409 1983 divinis,
1445 1903 1800 1983 illarumque
1820 1911 1906 1963 at-

235 1992 488 2054 tributis
511 2002 570 2054 et
603 1991 891 2067 relativis,
918 1998 982 2055 ut
1005 1993 1350 2075 loquuntur,
1385 2003 1444 2054 et
1491 1991 1908 2055 essentialibus

233 2091 353 2144 tam
387 2082 555 2145 clare
590 2092 651 2144 et
701 2084 1037 2158 enucleate,
1100 2096 1282 2161 atque
1323 2083 1395 2145 ab
1428 2093 1671 2146 auctore
1704 2093 1904 2145 nostro

233 2174 609 2253 disputatum
639 2193 901 2255 unquam
933 2175 1136 2237 fuerit.
1165 2176 1236 2237 Et
1259 2194 1425 2254 sane,
1452 2174 1748 2255 inquiunt,
1801 2194 1908 2237 cur

235 2264 277 2324 ii
311 2263 413 2340 qui
448 2273 585 2343 post
610 2263 953 2345 Dionysium
983 2264 1231 2325 edendis
1266 2263 1785 2327 lucubrationibus
1807 2283 1903 2325 se-

255 2353 451 2414 cundo
469 2361 529 2415 et
545 2357 724 2414 tertio
739 2354 1028 2417 Ecclesia:
1041 2354 1257 2415 saeculo
1273 2372 1515 2432 operam
1532 2354 1644 2415 ded
1655 2373 1907 2434 ere,non

260 2446 490 2507 eosdem
528 2463 604 2507 ac
637 2448 739 2508 ille
770 2448 846 2508 de
879 2448 1078 2508 divina
1107 2447 1397 2509 Trinitate
1447 2466 1757 2509 sermones
1807 2448 1905 2508 ha-

262 2534 661 2599 buerunt?Cur
683 2537 886 2599 nullus
910 2538 1234 2618 aliquando
1272 2539 1427 2599 illius
1449 2546 1548 2599 aut
1571 2551 1902 2620 praecepto-

250 2626 329 2687 ris
362 2627 489 2705 ejus
524 2626 836 2690 Hierothei
872 2628 1210 2709 exemplum
1240 2639 1478 2689 secutus
1510 2636 1642 2690 est?

322 2714 463 2788 Quae
495 2735 640 2779 vero
671 2717 744 2778 ad
776 2718 1149 2797 probandum
1186 2718 1345 2780 vocis
1378 2721 1687 2781 ὺποστέεως
1734 2739 1910 2780 usum

1994 650 2232 719 accepta
2263 640 2361 720 sit,
2396 643 2579 733 gratis
2612 645 2857 705 omnino
2885 646 3146 725 fingitur.
3181 648 3391 711 Noster
3422 658 3642 733 quippe

1993 739 2219 800 auctor,
2244 737 2305 789 ut
2331 731 2575 793 cuilubet
2604 733 2780 796 citata
2804 734 2932 796 loca
2967 739 3336 815 percurrenti
3371 731 3643 819 planissi-

1996 839 2155 910 mum
2191 821 2312 890 fiet,
2344 821 2417 883 de
2451 841 2518 884 ca
2547 825 2631 885 sic
2663 824 2946 906 disputat,
2981 845 3049 888 ac
3099 827 3147 887 si
3190 846 3401 889 sensus
3460 850 3637 910 quem

1994 909 2079 971 illi
2116 910 2339 984 tribuit,
2368 913 2509 974 uulli
2535 914 2779 997 omnin
2804 915 3455 998 incognitus,receptus
3479 909 3639 984 esset

1994 1000 2065 1062 ab
2098 1001 2400 1063 omnibus.

2072 1090 2277 1172 Neque
2307 1094 2377 1154 ad
2429 1113 2536 1155 ren
2567 1095 2703 1156 facit
2735 1096 2970 1158 laudata
3001 1116 3116 1158 uno
3152 1097 3209 1157 in
3244 1098 3373 1183 locp
3406 1100 3640 1163 Aristo-

1992 1182 2126 1243 telis
2158 1184 2501 1244 auctoritas.
2542 1186 2622 1246 Ea
2653 1186 2873 1266 quippe
2903 1188 3057 1266 apud
3093 1186 3315 1267 primos
3346 1182 3641 1254 Ecclesiae

1999 1274 2200 1335 l’atres
2233 1272 2454 1335 nullius
2486 1284 2614 1335 erat
2640 1276 2948 1349 momenti,
2985 1276 3207 1357 quippe
3239 1279 3336 1357 qui
3371 1281 3639 1359 philoso-

1994 1362 2150 1443 phiae
2172 1362 2443 1441 dogmata
2475 1374 2829 1444 respuerent
2858 1375 2914 1427 et
2943 1378 3427 1447 aspernarentur.
3460 1369 3640 1433 Porro

1994 1462 2189 1514 autem
2222 1454 2270 1511 si
2297 1453 2433 1533 quid
2463 1472 2741 1515 successu
2766 1460 3049 1536 temporis
3081 1456 3266 1518 exilla
3293 1458 3640 1535 hauserunt,

1997 1542 2256 1605 Platonis
2282 1546 2475 1624 potius
2502 1563 2677 1624 quam
2714 1546 3050 1609 Aristotelis
3080 1546 3295 1626 placita
3338 1556 3395 1609 et
3426 1549 3641 1612 doctri-

1995 1654 2130 1697 nam
2157 1644 2299 1696 sunt
2328 1636 2669 1715 amplexati.

1984 1823 2236 1888 Sextum
2260 1822 2706 1893 argumentum,
2732 1833 2807 1878 ex
2836 1816 2914 1877 iis
2944 1834 3077 1896 qua:
3105 1824 3317 1879 auctor
3345 1826 3548 1881 noster
3568 1819 3644 1883 de

2072 1906 2380 1972 monachis
2399 1921 2728 1984 eorumque
2750 1906 2905 1968 votis
2926 1922 2994 1969 ac
3011 1908 3254 1970 solenm’
3268 1908 3646 1989 professione

2074 2003 2385 2071 memorat,
2422 1994 2718 2059 elicitum.

2072 2090 2177 2153 llla
2206 2105 2341 2148 vero
2366 2096 2668 2146 auctorem
2703 2095 2969 2147 nostrum
3008 2094 3137 2167 post
3170 2086 3431 2169 Dionysii
3461 2088 3647 2151 Areo-

1990 2180 2199 2263 pagitae
2220 2185 2449 2238 a3tatem
2473 2175 2684 2236 vixisse
2709 2176 3045 2237 lucuienter
3066 2177 3646 2255 demonstrant,quze

1990 2272 2064 2332 ab
2090 2291 2159 2332 eo
2175 2268 2339 2330 hisce
2356 2266 2414 2327 in
2442 2266 2956 2327 lucubrationibus
2977 2266 3050 2327 de
3068 2267 3490 2330 monachorum
3504 2287 3647 2349 pro-

1989 2361 2250 2423 fessione
2286 2367 2343 2418 et
2400 2357 2608 2418 ordine
2659 2357 3019 2437 produntur.
3058 2356 3148 2418 lbi
3179 2359 3339 2420 enim
3373 2358 3476 2420 ille
3524 2378 3647 2422 non

1991 2451 2245 2511 obscure
2266 2447 2438 2507 docet
2459 2447 2615 2507 hunc
2640 2447 3066 2507 monachorum
3091 2446 3363 2508 ordinem
3382 2456 3519 2509 ante
3540 2467 3647 2509 sua

1991 2548 2265 2619 tempora
2297 2537 2479 2597 fuisse
2511 2535 2849 2595 institutum
2889 2555 2905 2610 ;
2939 2535 3235 2615 traditque
3274 2538 3646 2617 apertissime

1991 2648 2194 2691 eorum
2223 2624 2655 2707 professionem
2673 2643 2741 2685 ac
2762 2634 2896 2686 vota
2917 2628 3248 2686 mouastica
3269 2626 3645 2687 solemnibus

1997 2736 2063 2778 ac
2097 2716 2371 2797 publicis,
2412 2733 2526 2775 non
2560 2732 2734 2775 secus
2762 2732 2830 2774 ac
2851 2714 3067 2775 saeculo
3098 2713 3309 2793 quinto
3342 2724 3400 2776 et
3451 2725 3640 2785 sexto,

243 2806 653 2882 adducuntur,
691 2827 760 2869 ea
782 2807 930 2869 nihil
960 2808 1180 2870 habere
1203 2808 1481 2869 videntur
1506 2808 1824 2871 soliditatis
1860 2830 1917 2885 ei
2000 2806 2373 2869 cmremoniis
2401 2804 2584 2865 fuisse
2615 2803 2852 2864 emissa.
2910 2807 2983 2866 At
3040 2813 3435 2887 praterquam
3485 2805 3649 2887 quod

244 2896 638 2960 firmamenti.
668 2897 991 2979 Epistolam
1019 2901 1178 2960 enim
1212 2899 1474 2980 Dionysii
1518 2900 1916 2965 Alexandrini
2005 2898 2266 2977 priorum
2298 2894 2582 2957 Ecclesiae
2602 2893 2959 2955 saeculorum
2982 2901 3338 2974 scriptores,
3390 2905 3569 2973 atque
3604 2895 3649 2957 ii

240 2988 354 3068 ipsi
390 2989 723 3068 supositam
759 2989 1281 3071 adulterinamque
1313 3008 1445 3051 esse
1469 2989 1655 3051 critici
1682 2991 1915 3052 doctio-
1936 3050 1974 3071 η
2005 2988 2181 3049 etiam
2213 2986 2324 3064 ipsi
2347 2985 2449 3063 qui
2474 2984 2548 3046 de
2569 2983 2819 3063 singulis
2847 2982 3314 3046 Christianorum
3338 2984 3650 3046 ordinibus

240 3050 339 3140 res
371 3050 555 3141 facile
585 3088 929 3158 agosscunt.
967 3050 1340 3142 Alterajvero
1363 3079 1610 3141 alterius
1643 3080 1912 3160 Dyouisii
1936 3050 1974 3099 Ο
1999 3078 2333 3141 accuratius
2355 3076 2564 3137 iisdem
2590 3072 2962 3153 temporibus
2981 3074 3648 3150 disseruerunt,nullam

239 3168 497 3248 epistola
531 3188 649 3250 quo
678 3179 952 3251 tempore
981 3170 1203 3251 scripta
1245 3170 1341 3250 sit,
1397 3170 1596 3231 nullus
1655 3170 1911 3232 definire

236 3264 461 3337 potest.
497 3258 801 3321 Baronius
830 3259 1075 3340 quidem
1107 3258 1269 3319 illam
1304 3277 1459 3319 anno
1482 3258 1621 3332 328,
1657 3277 1773 3339 quo
1806 3259 1909 3321 Li-

236 3346 389 3408 cinii
423 3356 682 3408 mortem
718 3350 1047 3429 consignat,
1083 3348 1279 3410 datam
1312 3354 1621 3429 epinatur;
1651 3348 1756 3410 sed
1788 3350 1910 3411 rui-

237 3455 393 3499 noso
419 3436 635 3498 nititur
663 3437 1074 3500 fundamento.
1101 3439 1249 3501 Nam
1283 3437 1547 3501 Licinius
1579 3457 1699 3500 non
1750 3457 1908 3501 anno

237 3528 388 3603 328,
424 3527 535 3589 sed
561 3529 703 3608 3°24,
738 3537 799 3590 ut
830 3528 1219 3591 accuratioris
1258 3528 1489 3590 criterii
1518 3528 1910 3608 scriptoribus

238 3618 507 3694 videtur,
545 3619 723 3680 vitam
757 3619 966 3682 ﬁnivit.
1000 3619 1222 3681 Demus
1264 3628 1462 3680 tamen
1504 3618 1908 3680 Alexandrum

239 3728 320 3772 eo
354 3727 478 3790 quo
512 3709 638 3770 vult
672 3712 962 3772 Baronios
992 3719 1260 3791 tempore
1293 3728 1459 3771 suam
1483 3726 1756 3771 exarasse
1787 3708 1912 3787 epi—

239 3799 465 3863 stolam
507 3820 524 3880 ;
557 3799 698 3881 quid
737 3800 930 3863 inde?
961 3799 1125 3861 Nulli
1155 3818 1298 3861 sane
1324 3799 1539 3861 mirum
1575 3817 1708 3861 esse
1739 3798 1917 3862 debet

242 3909 467 3952 vocem
506 3892 850 3971 hypostasis
880 3889 954 3951 ab
987 3891 1230 3952 homine
1261 3890 1677 3953 Alexandrinae
1708 3889 1918 3970 synodi

1998 3169 2305 3230 monastici
2337 3164 2563 3227 ordinis
2602 3164 3105 3225 monachorumve
3139 3164 3523 3245 professionis
3552 3166 3649 3226 fe-

1994 3277 2134 3321 cere
2155 3257 2717 3332 mentionem,certe
2740 3252 2982 3329 quidam
3008 3253 3397 3316 eruditissimi
3419 3262 3476 3315 et
3490 3255 3648 3316 auti-

1994 3346 2265 3429 quissimi
2294 3363 2499 3407 rerum
2534 3342 2999 3405 monasticarum
3033 3342 3410 3423 indagatores
3440 3362 3648 3407 earum

1994 3438 2285 3516 originem
2310 3435 2382 3497 ad
2410 3433 2648 3513 Paulos,
2673 3432 2966 3495 Antonios
2985 3432 3465 3514 Pachomiosque
3485 3433 3650 3496 refe-

1994 3537 2132 3588 runt
2170 3524 2276 3587 His
2308 3543 2449 3602 ergo
2473 3530 2680 3585 auctor
2710 3529 2912 3583 noster
2943 3522 3238 3603 posterior
3269 3541 3399 3585 esse
3442 3523 3645 3599 debet,

1996 3635 2107 3679 nec
2136 3615 2453 3695 Dionysius
2483 3611 2841 3693 Areopagita
2879 3612 2997 3674 dici
3031 3620 3251 3690 potest.

2079 3703 2480 3785 Areopagitici
2499 3712 2693 3763 tamen
2710 3703 2867 3763 hunc
2893 3720 3010 3763 non
3035 3701 3262 3780 exigua)
3282 3702 3652 3767 difﬁcultatis

2000 3798 2222 3859 nodum
2247 3795 2401 3857 haud
2426 3792 2748 3855 difﬁculter
2778 3811 2843 3855 se
2865 3792 3099 3855 solvere
3122 3792 3510 3877 arbitrantur,
3533 3796 3653 3856 du-

2003 3888 2172 3968 plicis
2194 3885 2621 3948 monachorum
2636 3882 3473 3963 geuerisdistinctione.Aliud
3488 3886 3650 3948 enim

242 3980 641 4059 temporibus
662 3980 812 4043 adeo
834 3980 1255 4056 vicino,fuisse
1277 3989 1618 4060 usurpatam
1646 3998 1662 4056 ;
1697 3979 1803 4041 sed
1836 3980 1913 4042 il-

242 4070 357 4133 lud
392 4090 541 4134 sane
574 4071 925 4153 mirabilius,
961 4071 1117 4153 quod
1152 4071 1351 4132 nullus
1384 4071 1663 4152 scriptor,
1700 4079 1765 4131 ut
1795 4072 1912 4133 Pe-

243 4162 453 4224 tavius
484 4163 749 4224 ostendit
775 4164 862 4238 57,
903 4162 995 4223 liis
1027 4161 1171 4223 tanti
1202 4161 1309 4223 viri
1343 4161 1747 4242 vestigiis,nisi
1786 4164 1914 4241 post
1996 4160 2283 4221 societate
2345 4156 2628 4238 separati,
2690 4155 2751 4214 in
2808 4155 3186 4216 monasteriis
3235 4164 3294 4218 ει
3333 4155 3647 4231 coenobiis,

234 4252 722 4316 Alexandrinam
766 4252 1054 4334 synodum
1081 4252 1478 4314 insistendum
1506 4270 1639 4313 esse
1662 4260 1909 4331 putave-
1995 4252 2085 4312 vel
2145 4249 2205 4311 in
2236 4247 2397 4310 silvis
2458 4255 2517 4308 et
2563 4246 2863 4309 montibus
2895 4246 3071 4306 vitam
3098 4246 3500 4334 monasticam
3543 4246 3654 4308 de-

230 4344 527 4416 rit.Quod
557 4353 719 4406 certe
737 4332 1147 4425 quamparum
1174 4360 1244 4405 ea
1262 4360 1369 4403 vox
1409 4341 1659 4433 ineunte
1712 4360 1905 4433 saecu-
1930 4380 1974 4433 υ
1993 4340 2234 4420 gebant.
2264 4338 2385 4433 H_os
2426 4336 2685 4433 fatentur
2719 4336 3063 4433 longe-post
3093 4332 3360 4433 Dyonisii
3391 4344 3649 4415 aetatem,

2003 3995 2137 4041 esse
2154 3976 2321 4039 aiunt
2342 3993 2529 4055 genus
2561 3972 2994 4036 coenobitarum
3024 3982 3081 4035 et
3112 3975 3516 4051 eremitarum,
3551 3974 3653 4057 qui

1998 4088 2032 4131 a
2067 4068 2236 4148 plebe
2269 4085 2513 4148 prorsus
2540 4065 2778 4140 secreti,
2809 4072 2869 4126 et
2894 4083 2927 4125 a
2954 4073 3312 4127 caeterorum
3338 4065 3651 4127 hominum

232 4436 300 4498 lo
339 4444 582 4513 quarto,
616 4442 793 4515 atque
823 4453 857 4495 a
904 4432 1133 4495 fortiori
1186 4432 1416 4494 saeculis
1463 4431 1899 4519 superioribus,

227 4525 468 4588 usitata
497 4533 675 4600 esset,
710 4532 917 4606 aperte
944 4523 1335 4585 demonstrat.

323 4617 454 4679 Nec
473 4615 610 4697 plus
636 4614 870 4678 roboris
907 4622 965 4677 et
999 4613 1213 4675 virium
1240 4612 1383 4675 illud
1411 4613 1615 4686 habet,
1641 4613 1800 4692 quod
1834 4631 1906 4676 ea

231 4725 353 4769 vox
378 4707 525 4768 etin
566 4705 827 4785 Epistola
846 4704 919 4767 ad
952 4702 1238 4767 Hebraeos
1277 4713 1733 4784 occurrere,eta
1752 4704 1911 4766 Basi-

244 4797 337 4859 lio
372 4794 783 4876 Gregorioque
812 4812 993 4858 sensu
1025 4793 1385 4875 Dionysiano
1418 4793 1708 4875 explicari
1754 4793 1913 4875 obji-

247 4887 439 4950 citur.
469 4884 732 4968 Uterque
762 4886 920 4947 enim
981 4884 1233 4947 Basilius
1290 4892 1349 4947 et
1406 4884 1732 4963 Gregorius
1783 4892 1913 4965 post

246 4976 572 5041 Nicaanum
602 4975 923 5040 concilium
951 4974 1249 5056 scripsere
1281 4995 1297 5056 ;
1331 4974 1505 5057 aiqne
1539 4975 1599 5037 lii
1630 4993 1761 5037 eam
1806 4993 1914 5039 vo-

247 5087 392 5131 cem
423 5072 632 5146 {seusu
692 5065 1060 5149 temporibus
1102 5065 1228 5127 suis
1278 5067 1493 5128 usitato
1544 5065 1919 5147 interpretati

253 5168 424 5223 sunt.
460 5158 678 5222 Nullus
706 5165 906 5220 autem
940 5164 1076 5219 ante
1106 5154 1253 5216 illud
1291 5155 1612 5218 concilium
1644 5156 1915 5218 eamdem

254 5248 435 5314 Pauli
469 5266 679 5312 vocem
702 5248 783 5311 ita
813 5246 1050 5311 censuit
1072 5264 1202 5309 esse
1230 5246 1666 5326 explicandam.
1730 5249 1801 5309 Et
1857 5244 1919 5308 id

254 5339 509 5422 quidem
543 5340 624 5402 ita
643 5347 873 5402 certum
908 5346 1021 5419 est,
1054 5346 1119 5400 ut
1146 5340 1209 5400 in
1242 5337 1440 5399 Latina
1470 5336 1740 5417 ejusdem
1765 5334 1922 5399 Pau-

254 5432 405 5495 lina:
423 5429 701 5510 epistolae
726 5432 1030 5506 versione,
1061 5447 1166 5490 vox
1196 5428 1401 5492 Graeca
1457 5428 1743 5491 δπόστασις
1802 5445 1924 5490 non

254 5539 371 5605 per
404 5521 677 5584 Latinam
740 5520 1111 5603 hypostasis,
1145 5520 1248 5583 sed
1308 5519 1518 5600 ﬁgura
1564 5517 1923 5587 substantia

254 5610 500 5677 reddita
529 5609 786 5695 legatur.

1990 4449 2106 4493 nec
2136 4438 2271 4490 ante
2303 4426 2488 4497 Pauli,
2526 4426 2774 4489 Antonii
2802 4434 2859 4487 et
2888 4422 3195 4487 Pachumii
3246 4436 3518 4504 tempora
3549 4443 3652 4487 or-

1991 4530 2113 4583 tum
2139 4519 2441 4583 habuisse.
2474 4516 2651 4579 Aliud
2677 4534 2815 4578 vero
2859 4513 3227 4576 contendunt
3256 4512 3437 4576 fuisse
3464 4533 3653 4594 genus

1991 4610 2422 4673 monachorum
2480 4608 2581 4687 qui
2617 4624 2751 4687 pars
2784 4604 2981 4685 populi
3033 4603 3352 4685 praecipua,
3413 4614 3473 4666 et
3525 4606 3655 4666 illu-

2000 4701 2181 4763 strior
2204 4700 2403 4779 gregis
2432 4696 2655 4761 Christi
2680 4694 3066 4777 portio,inter
3088 4694 3275 4756 laicos
3298 4694 3379 4755 ita
3400 4713 3652 4775 compu-

1999 4791 2297 4864 tabantur,
2335 4796 2395 4849 ut
2431 4786 2663 4869 primus
2696 4784 2783 4847 eis
2836 4783 2897 4845 in
2929 4786 3130 4864 synaxi
3187 4791 3319 4864 post
3370 4782 3657 4846 Ecclesiae

2000 4883 2308 4946 ministros
2338 4880 2674 4959 assignatus
2706 4886 2865 4940 esset
2897 4878 3088 4939 locus.
3120 4876 3212 4938 Illi
3236 4894 3412 4957 porro
3454 4876 3651 4957 priva-

2001 4974 2107 5037 tim
2140 4974 2201 5034 in
2246 4972 2371 5034 suis
2404 4970 2639 5032 urbium
2669 4967 2920 5044 aedibus,
2955 4968 3045 5028 vel
3072 4966 3251 5028 simul
3284 4966 3346 5029 in
3380 4965 3656 5047 collegiis

2001 5066 2179 5128 vitam
2205 5080 2412 5144 puram
2449 5068 2505 5121 et
2538 5069 2787 5139 castam,
2818 5066 2996 5135 atque
3018 5075 3052 5119 a
3083 5055 3241 5118 curis
3275 5057 3530 5119 tarrenis
3560 5076 3657 5118 ex-

2002 5155 2283 5237 peditam,
2317 5150 2539 5232 unique
2562 5148 2683 5210 Deo
2716 5148 3113 5237 mancipatam
3145 5145 3421 5237 agebant.
3444 5148 3655 5209 Mona-

2003 5234 2151 5309 chos
2177 5251 2374 5305 autem
2408 5241 2554 5302 istos
2609 5235 2976 5319 temporibus
3029 5234 3436 5316 apostolorum
3470 5237 3655 5297 exsti-

2007 5336 2150 5398 tisse
2171 5334 2402 5413 dicunt,
2428 5347 2653 5410 eosque
2677 5345 2811 5391 esse
2837 5336 3134 5401 asserunt,
3161 5326 3235 5389 de
3258 5324 3478 5405 quibus
3499 5326 3670 5390 Philo

2004 5425 2245 5490 Iudaeus
2268 5412 2437 5484 illum
2459 5418 2718 5483 instituit
2733 5414 3205 5497 sermonem,qui
3228 5413 3304 5477 ab
3328 5412 3589 5479 Eusebio
3608 5418 3669 5480 in

2008 5513 2287 5578 Historia
2313 5512 2377 5561 58
2408 5527 2513 5572 sua
2555 5508 2951 5588 transcriptus
2982 5514 3097 5569 est.

2089 5604 2296 5687 Neque
2323 5600 2545 5664 dixeris
2577 5600 2709 5677 hos,
2744 5616 2892 5679 quos
2926 5597 3088 5658 Philo
3130 5615 3249 5659 non
3311 5598 3661 5685 monachos,

346 5773 399 5822 ³⁸
426 5774 620 5861 Epist.
666 5773 772 5853 43,
805 5777 880 5842 ad
911 5776 1166 5858 Gregor.
1201 5773 1374 5861 Nyss.
1419 5775 1472 5823 εἴ
1508 5774 1797 5857 Theolog.
1832 5776 2147 5861 Dogmat.,
2182 5785 2313 5850 cap,
2349 5771 2407 5831 l.
2454 5761 2509 5808 ³⁸
2543 5760 2672 5825 Lib.
2720 5777 2789 5843 ιι,
2823 5777 2956 5844 cap.
2994 5760 3093 5826 l7.
