4072 6430
409 333 500 408 30

1565 331 1625 401 S.
1670 327 2079 402 DIONYSIUS
2119 324 2630 403 AREOPAGITA.

3729 324 3808 404 40

404 473 510 538 sed
534 473 916 554 therapeutas
933 475 1338 545 vocat,revera
1354 468 1678 534 monachos
1698 487 1815 530 non
1842 467 2052 545 fuisse,
2081 477 2117 528 Α
2139 467 2249 533 ubi
2276 472 2483 533 omnia
2513 471 2568 534 is
2598 475 2702 550 qui
2729 461 3368 554 iuitiatur,professus
3389 480 3495 552 est,
3518 471 3808 535 sacerdos

405 564 510 627 sed
532 563 1199 644 Juilaictemequaquam
1235 579 1372 623 vero
1408 558 1766 623 Christianae
1794 559 2066 639 religioni

406 653 699 728 addictos,
729 663 906 732 atque
929 651 1254 714 Eusebium
1310 651 1421 712 hac
1472 650 1531 710 in
1563 668 1652 730 re,
1706 655 1769 710 ut
1799 649 2070 711 eruditus

407 744 542 825 ejus
564 744 861 824 interpres
881 741 1152 805 Valesius
1178 740 1635 812 observat,vano
1661 757 1868 801 errore
1888 739 2070 800 fuisse

407 832 848 916 deceptum.Ab
869 831 1310 914 AreOpagiticis
1335 831 1493 892 enim
1521 831 1731 892 audies
1751 829 1941 891 nullas
1963 847 2067 909 pe-

407 925 689 1005 nitusque
724 923 961 986 frivolas
1002 940 1134 984 esse
1165 919 1386 985 Valesii
1429 920 1713 982 adversus
1761 928 2067 981 auctorem

406 1032 580 1076 suum
617 1013 1021 1094 probationes.
1057 1022 1117 1076 et
1173 1020 1358 1085 certe,
1413 1011 1714 1089 inquiunt,
1751 1008 2065 1082 Eusebius,

405 1105 496 1166 vir
517 1122 769 1166 summae
793 1103 1146 1165 eruditionis
1167 1102 1228 1163 in
1253 1101 1663 1180 dignoscenda
1696 1100 2069 1180 therapeuta-

408 1211 542 1255 rum
577 1194 889 1273 religione,
928 1201 1043 1254 tam
1071 1197 1261 1271 turpis
1291 1190 1770 1253 hallucinationis
1794 1207 1914 1250 non
1937 1188 2069 1250 sine

407 1283 760 1344 temeritatis
777 1289 912 1343 nota
939 1278 1759 1363 potestinsimulari.Addunt
1783 1288 2071 1359 praeterea

407 1369 837 1453 Hieronymum
859 1371 998 1434 huic
1019 1369 1264 1433 Eusebii
1289 1370 1365 1432 de
1388 1369 1726 1434 Christiana
1762 1372 2068 1449 therapeu-

410 1471 600 1525 tarum
663 1463 956 1541 religione
1013 1460 1278 1542 Opinioni
1338 1461 1466 1522 haec
1525 1460 1952 1540 subscripsisse
2005 1459 2067 1518 in

2149 580 2270 620 eum
2303 565 2456 637 signa
2485 566 2661 622 crucis
2691 566 3062 640 consignatum
3093 566 3334 624 tondet...
3386 567 3639 638 omnique
3664 571 3811 624 veste

2115 676 2129 691 -
2152 651 2595 724 detracta,cum
2627 651 2756 714 alia
2809 652 3182 725 induit.Quis
3219 661 3414 716 autem
3449 651 3656 734 primis
3686 650 3805 714 Ec-

2153 739 2350 801 clesia)
2365 739 2736 820 temporibus
2754 744 3111 804 monachum
3136 742 3396 820 aliquem
3417 751 3577 804 veste
3597 749 3656 803 et
3677 750 3804 803 ton-

2155 847 2294 891 sura
2316 827 2389 891 ab
2412 829 2545 891 aliis
2563 830 2915 894 Christianae
2954 831 3261 911 religionis
3308 831 3653 894 hominibus
3675 830 3803 894 dis-

2157 927 2410 1000 cretum,
2445 919 2504 979 in
2535 919 2772 1000 publico
2803 919 3018 996 visum,
3067 928 3170 982 aut
3199 939 3232 982 a
3263 921 3508 1002 paganis
3540 929 3804 1002 captum,

2155 1014 2622 1088 tortumque,aut
2642 1020 2922 1072 necatum
2954 1010 3260 1073 memoriae
3292 1009 3611 1093 aliquando
3632 1029 3806 1073 man-

2153 1097 2346 1159 davit?
2374 1097 2654 1174 Ubinam,
2683 1118 2910 1182 quzeso,
2945 1101 3265 1180 collegium
3298 1100 3562 1184 aliquod,
3595 1100 3656 1162 in
3688 1120 3805 1182 quo

2154 1189 2434 1250 monachi
2465 1189 2640 1250 simul
2672 1191 2846 1253 vitam
2881 1191 3243 1271 degerent,a
3275 1191 3520 1273 paganis
3549 1199 3652 1253 aut
3681 1191 3802 1253 im-

2155 1276 2524 1358 peratoribus
2549 1278 2870 1359 praedatum
2891 1289 2991 1342 aut
3015 1299 3287 1344 eversum
3310 1279 3620 1360 legitur?Si
3654 1279 3803 1361 quid

2153 1367 2246 1430 his
2279 1387 2397 1429 non
2431 1367 2675 1431 omnino
2707 1369 2982 1433 absimile
3015 1371 3074 1432 in
3106 1372 3463 1451 quibusdam
3522 1371 3807 1450 martyris

2152 1457 2580 1538 alicujusActis
2605 1477 2923 1522 occurrere
2941 1460 3184 1535 dixeris,
3211 1468 3496 1541 arguetur
3522 1461 3806 1522 continuo

411 1552 592 1615 verba
611 1551 1129 1625 39:Philo,vidcns
1156 1549 1838 1630 Alexandriaprimam
1861 1547 2070 1611 Eccle-
2155 1546 2253 1608 illa
2313 1565 2428 1608 nec
2485 1549 2747 1625 genuina
2805 1568 2938 1612 esse
2991 1568 3102 1612 nec
3134 1550 3391 1626 sincera,
3428 1549 3698 1631 nihilque
3731 1550 3809 1611 de

402 1644 555 1704 siam
581 1643 778 1705 adhuc
801 1642 1279 1718 Judaizantem,
1309 1642 1488 1721 quasi
1514 1642 1577 1702 in
1605 1640 1849 1702 laudem
1870 1639 2070 1718 gentis
2154 1643 2427 1717 tempore
2459 1656 2577 1717 quo
2615 1646 2832 1719 martyr
2862 1639 2964 1702 ille
2996 1640 3239 1718 obierit,
3265 1639 3339 1702 ab
3369 1658 3575 1702 eorum
3610 1640 3808 1721 scrip-

405 1748 530 1794 sua?
549 1731 775 1793 librum
799 1748 984 1810 super
1001 1747 1208 1792 eorum
1224 1732 1690 1792 conversatione
1711 1730 1984 1807 scripsit.
2090 1800 2126 1810 _
2152 1725 2381 1788 toribus
2413 1735 2573 1789 certo
2607 1727 2875 1792 deﬁniri.

489 1823 568 1882 At
589 1839 735 1883 sane
757 1800 1168 1902 Are-opagitici
1194 1820 1594 1901 therapeutas,
1621 1819 1671 1879 si
1697 1800 2064 1902 ﬁeri-possit,
2090 1800 2129 1851 Β
2232 1814 2435 1877 Tradit
2461 1817 2722 1899 denique
2753 1825 2960 1880 auctor
2989 1826 3195 1880 noster
3227 1837 3445 1882 nomen
3479 1821 3814 1900 therapeu-

411 1911 767 1975 Christiana:
784 1910 1059 1989 religioni
1078 1929 1295 1971 nomen
1319 1908 2070 1971 dedisseinvictisdemon-
2152 1907 2222 1968 lae
2241 1915 2299 1968 et
2327 1908 2602 1968 monachi
2623 1926 2730 1969 suo
2755 1915 3024 1989 tempore
3050 1910 3254 1971 tritum
3280 1918 3338 1971 et
3360 1909 3602 1989 vulgare
3625 1909 3815 1973 fuisse

410 2010 600 2063 strent
627 2000 1020 2080 argumentis,
1057 2019 1164 2080 per
1196 2018 1305 2062 nos
1339 2000 1501 2062 licet.
1535 1999 1652 2060 Sed
1713 1999 1858 2060 illos
1888 2004 2066 2060 vitam
2148 2008 2380 2076 atquea
2408 1997 2875 2078 praeceptoribus
2897 1998 3021 2061 suis
3043 1997 3195 2060 illud
3215 1999 3588 2080 Christianis,
3625 2001 3810 2063 ritum

412 2092 832 2172 monasticam,
861 2090 1060 2169 qualis
1090 2090 1162 2151 ab
1199 2097 1443 2151 auctore
1505 2099 1706 2150 nostro
1765 2087 2064 2150 describi-
2154 2087 2547 2149 monasticum
2609 2087 2966 2149 solemniter
3022 2088 3469 2171 proﬁtentibus,
3502 2089 3805 2152 inditum:

409 2195 528 2259 tur,
562 2182 876 2264 aliquando
910 2181 1176 2263 duxisse,
1215 2181 1378 2243 nullo
1403 2199 1686 2262 unquam,
1717 2189 1782 2241 ut
1805 2187 2062 2260 putatur,
2149 2175 2312 2238 Hinc
2342 2179 2537 2239 sancti
2561 2185 2956 2257 praceptores
2987 2179 3677 2261 nostri,inquit,divin~is
3709 2197 3812 2242 eos

411 2272 787 2354 antiquitatis
843 2273 1212 2333 monimento
1245 2271 1598 2352 probabunt.
1635 2271 1811 2333 Missa
1841 2276 2063 2332 etenim
2150 2265 2656 2347 appellationibus
2673 2274 3172 2346 suntprosecuti:
3198 2269 3308 2330 alii
3334 2269 3805 2348 quidemthcra-

412 2363 672 2445 primum
708 2381 778 2423 ea
821 2362 1070 2424 iacimus
1105 2381 1238 2443 quae
1268 2362 1524 2441 scriptor
1556 2370 1756 2422 noster
1811 2361 1888 2422 de
1937 2359 2066 2422 Mo-
2147 2365 2376 2437 peulas,
2421 2356 2534 2418 alii
2589 2374 2727 2420 vero
2761 2359 3090 2420 monachos
3126 2357 3593 2437 apellavcrunt:
3630 2363 3804 2436 οἱμὲν

407 2453 618 2516 nachis
651 2452 776 2514 suis
798 2451 1071 2533 tradidit,
1095 2469 1197 2513 eos
1231 2470 1349 2513 non
1383 2453 1441 2513 in
1467 2451 1737 2530 urbibus,
1765 2449 1868 2513 sed
1900 2458 2059 2512 extra

2148 2445 2496 2526 θεραπευτάς,
2557 2450 2604 2503 οἱ
2657 2446 2711 2502 δὲ
2777 2449 3046 2528 μοναχούς
3106 2449 3478 2524 ὀνομάζοντες.
3516 2448 3805 2524 Quinam,

400 2541 585 2605 urbes
618 2559 988 2622 progressos,
1018 2541 1078 2602 in
1111 2542 1302 2604 hortis
1326 2542 1652 2621 agellisque
1700 2541 1960 2621 degisse,
1996 2559 2064 2603 ac
2149 2534 2422 2610 obsecro,
2453 2553 2588 2597 esse
2633 2544 2905 2617 poterant
2937 2537 2996 2597 hi
3055 2536 3323 2618 Dionysii
3377 2548 3803 2619 praeceptores,

404 2633 656 2714 proinde
677 2631 1051 2706 Antonianis,
1089 2631 1244 2712 quod
1279 2631 1378 2694 alii
1403 2641 1640 2712 negant,
1673 2631 1857 2693 fuisse
1892 2631 2060 2692 simi.
2147 2625 2248 2708 qui
2273 2644 2344 2688 ea
2368 2625 2610 2686 nomina
2629 2627 3187 2706 appellationesquc
3210 2627 3458 2690 divinas
3480 2628 3597 2689 illis
3621 2629 3814 2710 impo-

405 2723 516 2785 les.
551 2721 703 2784 illud
738 2729 938 2784 autem
971 2721 1346 2800 potissimum
1382 2721 1709 2804 quaerimus
1739 2739 1848 2783 cur
1881 2722 2065 2784 Ense-
2147 2722 2352 2778 suere?
2380 2717 2510 2778 Non
2541 2715 2710 2778 Philo
2756 2715 3024 2796 quidem.
3064 2714 3122 2778 Is
3154 2718 3338 2790 enim,
3405 2716 3641 2780 Judaeus
3671 2738 3810 2780 cum

405 2810 541 2874 bius
571 2813 672 2894 qui
704 2819 865 2874 tanto
897 2812 1032 2873 nisu
1064 2813 1454 2892 therapeutas
1483 2811 1867 2873 Philonianos
1898 2812 2065 2874 Chri-
2147 2814 2332 2887 esset,
2363 2824 2397 2866 a
2455 2804 2733 2886 Dionysio
2760 2805 3144 2894 iAreopagita
3201 2814 3482 2888 tanquam
3542 2826 3696 2870 unus
3728 2828 3802 2870 ex

403 2893 615 2964 stianis
643 2900 1134 2965 annumerandos
1166 2918 1300 2964 esse
1333 2901 1586 2982 probare
1637 2913 1888 2964 conatus
1949 2910 2060 2982 est,
2147 2896 2373 2957 sanctis
2394 2893 2867 2976 praeceptoribus
2891 2896 3011 2956 suis
3036 2895 3262 2957 laudari
3286 2915 3405 2957 non
3426 2897 3807 2978 potuiLQui-

405 3000 652 3054 eosdem
674 2990 886 3054 nullibi
910 2990 1125 3053 dixerit
1147 2991 1473 3053 monachos
1499 2989 1809 3066 fuisse,vel
1833 3008 2066 3053 succes-
2148 3003 2283 3045 nam
2318 3004 2460 3066 ergo
2491 2984 2565 3047 ab
2624 3002 2694 3048 eo
2729 2997 3140 3066 praeceptores
3169 2986 3601 3067 appellantur?
3651 2986 3805 3051 Num

403 3100 572 3144 sores
595 3080 1028 3162 habuisse,qui
1053 3079 1339 3158 vestibus,
1371 3090 1635 3153 tonsura,
1669 3083 1815 3143 votis
1836 3082 2061 3143 solem-
2149 3076 2506 3138 llierotheus
2536 3075 2628 3137 vel
2660 3076 2782 3149 alii,
2816 3093 3068 3153 quorum
3119 3094 3338 3138 nomen
3388 3078 3627 3159 excidit,
3661 3096 3803 3141 eva-

405 3170 604 3246 nibus,
641 3189 708 3233 ac
737 3171 970 3234 vivendi
1000 3170 1236 3234 ratione
1260 3172 1332 3232 ab
1384 3171 1666 3235 omnibus
1711 3171 2061 3234 Christianis
2078 3218 2124 3273 α
2149 3167 2406 3273 nuitqpe
2430 3164 2867 3227 memoria?Sed
2893 3165 3097 3273 hipuis
3111 3167 3804 3273 tem‘poribusncelebres

403 3260 1079 3342 secreti,perfectiorem
1104 3264 1240 3324 vita
1265 3261 1611 3325 monasticae
1635 3280 1903 3324 normam
1928 3280 2059 3343 pro.
2078 3253 2124 3273 “
2148 3272 2282 3317 esse
2311 3253 2673 3330 debuerunt,
2709 3262 2766 3315 et
2796 3254 3077 3316 omnibus
3109 3255 3285 3316 facile
3315 3257 3460 3318 noti.
3497 3257 3616 3319 Cur
3657 3275 3802 3332 ergo

403 3353 876 3418 ﬁtebantur.Cnr
900 3352 1526 3435 llieronymus,tantus
1547 3356 1892 3417 monasticae
1915 3373 2058 3438 pro-
2144 3343 2247 3438 isti
2281 3343 2396 3406 Soli
2427 3362 2562 3406 cum
2595 3343 2890 3438 discipulo
2947 3362 3070 3438 suc:
3106 3343 3386 3438 Dionysio
3445 3345 3802 3438 Areopagita

399 3442 679 3506 fessionis
704 3443 1079 3524 praedicator,
1102 3433 1342 3507 eosdem
1361 3445 1741 3526 tberapeutas
1762 3445 1824 3507 in
1852 3433 2058 3506 mona-
2146 3435 2364 3526 ptimO,
2397 3434 2667 3526 secundo
2699 3434 3001 3526 tertioque
3027 3433 3308 3498 Ecclesia
3337 3436 3558 3526 saeculo
3591 3456 3802 3501 mona-

399 3534 646 3596 chorum
672 3552 992 3598 numerum
1018 3553 1142 3596 non
1167 3524 1636 3618 refert,illosque
1655 3554 1789 3600 cum
1823 3536 2058 3598 caeteris
2143 3524 2391 3586 Chorum
2416 3524 2679 3600 "Oﬁlina.
2702 3525 3000 3600 Ordinem.
3028 3534 3270 3618 εῑὲιιιφ,
3294 3525 3800 3607 Ρνοῖθεεὶοηηθῐη,

400 3623 676 3686 omnibus
707 3624 1228 3706 primzeEcclesize
1259 3614 1610 3689 Christianis
1641 3624 1968 3706 permiscet
2001 3632 2059 3686 et

2148 3622 2301 3691 vota,
2327 3621 2661 3696 tonsuram,
2689 3622 2907 3677 vestem
2931 3626 2990 3677 et
3010 3614 3263 3695 collegia
3285 3624 3802 3681 memoraverunt?

401 3704 745 3777 confundit?
763 3714 943 3779 Nulla
971 3716 1175 3796 procul
1193 3715 1376 3778 dubio
1403 3717 1519 3779 alia
1547 3704 1701 3778 ratio
1724 3714 1924 3777 aﬁ'erri
1949 3733 2058 3794 po-
2144 3706 2316 3796 Certe
2338 3723 2472 3767 cum
2495 3704 2593 3767 alii
2621 3705 2944 3786 scriptores
2976 3723 3082 3788 per
3115 3714 3231 3769 tam
3265 3705 3442 3787 longa
3472 3707 3648 3769 trium
3681 3726 3799 3770 sae-

401 3804 745 3885 terit,quam
771 3823 883 3868 nec
910 3795 1292 3887 therapeutas
1324 3806 1494 3869 initio
1521 3806 1821 3869 nascentis
1845 3803 2056 3867 Eccle-
2141 3795 2410 3887 culorum
2436 3796 2632 3887 spatia
2655 3796 3151 3859 horumomnium
3177 3815 3551 3879 nequaquam
3575 3798 3800 3861 memi-

401 3894 531 3975 sise,
583 3913 696 3957 nec
729 3894 883 3957 ullos
917 3886 1284 3959 Christianos
1318 3895 1580 3976 Dionysii
1612 3903 1882 3975 tempore
1913 3895 2059 3957 tales
2143 3886 2452 3976 nerint,id
2487 3905 2630 3949 sane
2655 3895 3004 3968 argumento
3034 3905 3152 3949 non
3184 3887 3484 3950 levissimo
3517 3896 3608 3950 est
3637 3895 3798 3950 tem-

401 3985 728 4048 monachos
748 3984 954 4064 fuisse,
988 3986 1197 4068 quales
1219 3987 1292 4049 ab
1325 3975 1573 4048 auctore
1597 3993 1802 4048 nostro
1831 4003 2059 4047 memo-
2143 3995 2287 4068 pore
2317 3975 2579 4059 Dionysii
2600 3977 2794 4039 nullos
2823 3977 3118 4040 exstitisse
3142 3977 3555 4059 hujuscemodi
3579 3996 3801 4042 mona-

399 4084 631 4138 rantur.
1012 4067 1019 4068 ί
2139 4067 2287 4130 chos
2317 4074 2376 4128 et
2407 4068 2812 4149 therapeutas.

481 4164 675 4245 Atque
704 4165 848 4229 illud
879 4166 1120 4248 quidem
1145 4185 1214 4229 eo
1240 4184 1448 4229 rursus
1473 4163 1814 4228 conﬁrmari
1839 4171 2053 4247 potest,
2743 4164 3015 4230 CAPUT.
3065 4166 3196 4232 XVI

403 4257 558 4337 quod
595 4256 988 4319 monasticam
1020 4257 1360 4320 institutum
1393 4275 1512 4318 non
1544 4254 1817 4317 ferebant
1858 4257 2050 4336 prima
2133 4257 2531 4330 Argumentum
2595 4257 2874 4329 septimum
2907 4300 2920 4324 ,
2984 4274 3048 4313 ea:
3097 4259 3421 4316 caremoniis
3489 4256 3803 4329 ritibusque

401 4345 770 4410 smvientium
818 4348 1106 4412 adversus
1161 4345 1526 4409 Christianos
1559 4346 2049 4427 persecutionum

2203 4339 2398 4406 sacris,
2430 4355 2560 4409 quos
2591 4345 2776 4394 auctor
2806 4347 2986 4395 noster
3014 4341 3294 4409 recensuit,
3321 4340 3718 4412 depromptum.

403 4435 846 4516 tempora.Quis
871 4438 1027 4500 enim
1079 4435 1192 4498 sibi
1217 4435 1570 4517 persuadeat
1602 4444 1880 4516 tyrannos
1911 4437 2050 4498 ido-
2073 4505 2114 4517 _
2215 4429 2466 4492 Maxima
2487 4430 2980 4492 caeremoniarum
3010 4430 3360 4510 multitudo,
3385 4430 3801 4510 solemnisque

402 4505 1126 4608 loru'mque'cultores,qui
1151 4505 1386 4587 summa
1415 4505 1772 4589 crudelitate
1803 4528 1858 4589 in
1884 4526 2052 4590 Chri-
2072 4505 2119 4559 θ
2137 4537 2340 4582 earum
2374 4527 2688 4601 apparatus
2721 4530 2776 4584 et
2811 4540 3045 4603 pompa,
3095 4521 3311 4604 quibus
3340 4505 3555 4585 auctor
3583 4505 3797 4583 noster

405 4617 632 4680 stianos
663 4637 872 4680 omnes
900 4617 1347 4699 grassabantur,
1373 4635 1474 4679 eos
1514 4616 1760 4699 impune
1818 4617 2048 4691 tulisse,
2136 4615 2514 4673 sacramenta
2538 4610 2931 4692 baptismatis,
2965 4612 3411 4674 chrismationis
3454 4619 3514 4674 et
3545 4610 3790 4674 Eucha-

402 4712 501 4793 qui
540 4711 603 4773 in
634 4712 900 4793 collegiis
929 4709 1333 4775 communiter
1361 4711 1686 4792 degentes,
1717 4719 1964 4775 tonsura
1994 4721 2054 4775 et

401 4816 563 4870 veste
587 4809 1049 4890 perfectiorique
1090 4809 1323 4871 vivendi
1352 4827 1574 4889 genere
1608 4811 1838 4873 caeteris
1871 4808 2050 4873 Chri-

399 4899 606 4965 stianis
635 4901 991 4965 illustriores
1022 4910 1212 4964 erant.
1245 4901 1577 4978 Sacerdos,
1611 4903 1799 4984 inquit
1838 4908 2050 4967 auctor

399 4995 758 5072 noster,stat
787 4995 869 5058 ad
897 4994 1178 5058 altare...
1211 4995 1269 5058 Is
1285 5000 1486 5059 autem
1503 4998 1610 5078 qui
1630 5004 2042 5073 consecratur,

399 5094 521 5152 stat
537 5096 670 5169 post
684 5089 1070 5152 sacerdotem.
1083 5136 1098 5152 .
1112 5108 1323 5170 .snpra
1347 5090 1520 5153 illam
1537 5092 1853 5172 mysticam
1865 5093 2007 5153 inve
2021 5123 2048 5136 -

397 5182 661 5240 cntionem
708 5185 1065 5256 prosequenti.
1126 5181 1245 5249 Qua
1294 5184 1472 5258 ﬁnita,
1501 5185 1746 5243 sacerdos
1795 5182 2050 5241 accedens

397 5273 560 5339 rogat
597 5267 774 5340 ipsum
798 5271 1061 5340 primum,
1091 5285 1164 5325 an
1191 5270 1440 5326 omnibus
1493 5267 1647 5327 rebus
1703 5267 1938 5325 dividuis
1964 5284 2053 5323 re-

397 5352 631 5424 nuntiet,
655 5367 763 5410 non
790 5352 962 5410 solum
991 5353 1154 5422 vitiis,
1185 5353 1277 5410 sed
1328 5355 1496 5413 etiam
1544 5353 2049 5428 imaginationibus.

397 5435 602 5496 Deinde
635 5439 856 5512 exponit
906 5439 994 5497 illi
1025 5441 1193 5499 vitam
1242 5442 1710 5516 perfcpliuimam,
1750 5446 2055 5500 contestans

399 5521 560 5582 illam
586 5522 768 5584 debere
813 5525 1040 5586 mediam
1083 5527 1298 5589 vivendi
1332 5528 1588 5586 rationem
1613 5543 1893 5604 superare.
1926 5527 2057 5599 Qua

482 5690 537 5736 3°
566 5691 654 5758 De
694 5695 906 5778 script.
940 5695 1152 5762 ccclcs.

2133 4701 2322 4764 ristim
2341 4701 2555 4763 conﬁci
2575 4710 2631 4763 et
2653 4701 3341 4783 ailministrari,missam
3368 4702 3795 4783 liturgiamque

2135 4790 2524 4872 celebrari,et
2546 4801 2917 4855 mortuorum
2943 4810 3194 4874 corpora
3217 4792 3467 4873 sepeliri
3488 4789 3790 4869 perhibet,

2135 4900 2272 4945 eum
2311 4880 2587 4964 Dionysio
2619 4883 2974 4963 Areopagita
3010 4883 3404 4964 posteriorem
3431 4900 3564 4944 esse
3582 4898 3793 4943 rursus

2133 4972 2392 5052 produnt
2415 4979 2473 5034 et
2501 4971 2942 5036 demonstrant.
2971 4973 3076 5035 Ille
3100 4976 3403 5035 enimvero
3426 4973 3536 5035 hos
3570 4987 3792 5034 omnes

2133 5063 2288 5125 ritus
2318 5080 2428 5124 nec
2456 5061 2670 5124 minori
2697 5081 3096 5138 numero,nec
3125 5062 3342 5125 minori
3373 5062 3784 5137 solemnitate,

2133 5170 2312 5230 quam
2370 5169 2510 5215 cum
2543 5150 2814 5216 Ecclesia
2844 5171 2990 5234 pace
3017 5152 3422 5233 placidissima
3449 5151 3783 5228 fruebatur,

2135 5260 2267 5320 suo,
2303 5243 2417 5306 hoc
2448 5250 2559 5320 est,
2589 5251 2650 5305 ut
2680 5243 2810 5324 ipse
2830 5245 3015 5322 ﬁngit,
3050 5242 3441 5306 acerbissimo
3475 5258 3628 5325 pene
3684 5239 3786 5302 in-

2135 5333 2516 5396 credibilium
2541 5332 2922 5396 vexationum
2954 5342 3229 5418 tempore
3249 5351 3286 5398 ι
3305 5331 3657 5398 Christianis
3677 5329 3754 5393 ad
3767 5364 3787 5381 ο

2136 5422 2336 5488 biberi
2363 5423 2560 5488 solere
2592 5424 2907 5504 signiﬁcat.
3636 5485 3638 5487 .

2217 5512 2348 5580 Non
2380 5513 2714 5579 ditﬁtentur
2761 5512 3007 5598 quidem
3062 5512 3468 5598 Ληορηίϋοί
3524 5511 3786 5596 plurium
