4072 6456
132 343 206 416 45
1562 352 1804 421 PROLE

1896 354 2155 425 IMENA.
3461 367 3540 435 46

135 489 354 551 manda
420 492 688 571 proferri
742 510 919 574 posse
976 490 1369 567 credidimus,
1432 491 1797 555 voluerimus
1819 500 1856 549 A
1881 490 2195 572 dignatus.
2232 494 2353 557 Ilac
2377 490 2697 558 Hitduinns
2731 497 3069 561 narratione
3088 506 3370 565 testatum
3403 502 3541 566 facit

137 598 260 641 esse
296 584 784 658 praetermissum
800 633 814 647 .

212 669 330 731 Sed
370 672 654 750 praelium
678 672 1011 735 instaurant
1032 671 1459 754 Areopagitici,
1479 671 1809 753 ultimoque

141 761 365 838 impetu
403 762 468 822 in
489 762 877 825 adversarios
907 761 1087 843 facto,
1109 775 1325 841 urgent
1359 780 1462 824 eos
1487 762 1809 826 audacissi-

138 867 257 909 mos
293 869 464 922 esse,
505 860 565 913 et
598 871 843 933 prorsus
870 851 1248 933 temerarios,
1278 858 1380 933 qui
1412 852 1658 931 fraudis,
1694 853 1805 914 fal—

134 942 859 1024 sitatis,putidissimique
884 944 1177 1007 mendacii
1206 953 1509 1005 auctorem
1536 953 1805 1006 nostrum

128 1048 292 1091 reum
349 1041 562 1113 agant,
600 1034 775 1113 cujus
808 1035 1029 1114 scripta
1061 1052 1284 1095 meram
1329 1033 1550 1115 ubique
1580 1035 1807 1115 spirant

130 1120 420 1199 pietatem
435 1123 837 1204 ,gravitatem,
869 1122 1350 1186 sanctimoniam.
1378 1121 1451 1184 Et
1472 1134 1634 1185 certe
1674 1125 1806 1204 quis

126 1211 315 1272 virum
338 1212 519 1275 illum
542 1213 787 1274 doctum
824 1214 1125 1290 tantisque
1153 1213 1377 1292 ingenii
1402 1213 1638 1275 dotibus
1661 1233 1807 1294 prato

127 1302 342 1375 ditum,
381 1321 457 1364 eo
485 1303 777 1365 caecitatis
810 1313 865 1365 et
897 1302 1288 1384 impudentia)
1323 1304 1638 1366 devenisse
1667 1323 1804 1366 cre-

128 1392 220 1453 dat
235 1392 496 1467 ut,falso
526 1394 799 1476 Dionysii
821 1395 1201 1475 Areopagitae
1217 1403 1520 1475 assumpto
1539 1394 1802 1476 nomine,

130 1491 206 1541 tot
239 1485 559 1565 tantisque
605 1483 788 1547 rebus
819 1503 954 1546 cum
986 1483 1256 1563 ejusdem
1314 1482 1576 1565 Dionysii
1610 1492 1804 1564 aetate,

133 1572 398 1653 ingenio,
438 1573 713 1636 moribus
743 1574 1011 1655 styloque
1038 1572 1438 1655 pugnantibus
1453 1574 1673 1655 scripta
1703 1593 1809 1636 sua

130 1664 576 1744 consperserit.

205 1758 275 1815 At
303 1753 442 1815 haec
478 1753 712 1829 omnia,
737 1752 997 1816 clamant
1026 1753 1581 1834 Antiareopagitici,
1616 1754 1805 1817 victo-

1893 581 2101 673 decem
2136 593 2194 646 et
2245 605 2451 648 novem
2489 585 2775 649 miracula
2807 606 2877 649 eo
2922 587 3018 649 die
3048 608 3164 669 quo
3195 590 3540 673 Dionysiani

1892 671 2028 734 libri
2063 683 2122 735 tn
2163 695 2336 737 suum
2371 676 2799 739 monasterium
2831 680 3116 758 asportati
3152 674 3319 756 sunt,
3355 671 3538 744 fuisse

1892 763 2133 842 quidem
2154 774 2615 846 patrata;verum
2642 784 2711 829 ea
2732 784 2852 828 non
2876 769 3225 831 earumdem
3248 769 3537 834 librorum

1892 853 2102 915 virtute
2131 865 2229 915 aut
2253 855 2674 937 applicatione,
2701 857 2804 918 sed
2837 857 3209 921 orationibus
3230 868 3287 922 et
3312 864 3539 924 meritis

1890 944 2370 1007 excellentissimi
2390 945 2480 1007 sui
2506 946 2777 1027 martyris
2799 965 2832 1007 a
2863 947 3096 1010 Christo
3112 950 3365 1012 Domino
3379 952 3540 1013 edita

1890 1050 2024 1097 esse
2076 1045 2492 1099 asseveranter
2538 1036 2815 1098 afﬁrmat.
2851 1036 3124 1110 Quamvis
3184 1051 3382 1103 autem
3414 1042 3541 1104 haec

1892 1122 2179 1188 librorum
2230 1126 2722 1209 Dionysianorum
2759 1136 2916 1189 tactu
2964 1128 3374 1211 contigissent,
3419 1151 3541 1194 non

1890 1213 2035 1276 inde
2073 1228 2268 1277 tamen
2316 1216 2644 1295 genuinum
2677 1215 2941 1297 Dionysii
2990 1219 3363 1299 Areopagitae
3392 1239 3540 1301 opus

1892 1324 2022 1367 esse
2045 1317 2205 1368 certo
2230 1306 2511 1369 concludi
2535 1313 2755 1385 potest.
2788 1305 2975 1369 Nemo
3003 1309 3161 1369 enim
3195 1311 3386 1372 nescit
3412 1311 3537 1373 daa-

1894 1397 2090 1457 monia
2121 1400 2195 1458 ab
2229 1398 2318 1457 his
2359 1396 2460 1478 qui
2493 1415 2603 1459 nec
2637 1397 2854 1458 Christi
2880 1396 3181 1477 discipuli,
3216 1417 3328 1461 nec
3360 1398 3539 1462 Chri-

1893 1488 2061 1543 stiani
2087 1496 2270 1556 erant,
2293 1486 2551 1557 rjusdem
2576 1486 2781 1543 Christi
2812 1488 3045 1543 nomine
3063 1487 3239 1558 ejecta
3272 1489 3448 1548 fuisse
3468 1490 3538 1557 ‘7,

1889 1585 2067 1659 atque
2117 1595 2186 1638 ex
2222 1595 2359 1640 vera
2406 1586 2630 1639 tantum
2661 1576 3016 1657 ardentique
3070 1578 3541 1642 Christianorum

1891 1669 2008 1731 fide
2038 1670 2150 1730 alia
2182 1668 2466 1731 miracula
2498 1686 2532 1728 a
2566 1668 2688 1730 Deo
2744 1685 2901 1746 saepe
2933 1667 3149 1748 saepius
3205 1668 3540 1750 impetrata.

2492 1753 2740 1821 CAPUT
2781 1755 2952 1821 XIX.

134 1861 257 1903 rum
322 1843 653 1905 hominum
688 1842 822 1904 vani
855 1844 1129 1922 cassique
1161 1852 1300 1905 sunt
1352 1846 1633 1924 impetus.
1665 1843 1809 1917 Quis
1834 1870 1868 1919 Β
1896 1849 2027 1924 Quo
2048 1857 2316 1929 tempore
2334 1847 2463 1910 hozc
2484 1849 2715 1927 scripta
2736 1848 3065 1910 secundum
3083 1848 3546 1930 Antiareopagi-

137 1933 289 1994 enim
327 1935 567 1996 nesciat
590 1932 1012 2014 hujuscemodi
1036 1934 1429 2015 scriptoribus
1450 1934 1632 1997 moris
1665 1953 1797 1997 esse

138 2024 352 2103 scripta
409 2044 550 2105 sua,
586 2043 718 2105 quae
772 2023 844 2086 ab
881 2024 1025 2105 ipsis
1058 2024 1252 2086 fallaci
1299 2023 1406 2085 viri
1437 2025 1799 2087 sanctissimi

138 2114 375 2176 nomine
410 2114 854 2190 inscribuntur,
880 2134 949 2177 ea
972 2113 1213 2195 pietate,
1238 2117 1543 2193 gravitate,
1570 2124 1626 2177 et
1656 2134 1799 2177 san-

136 2205 419 2266 ctimonia
477 2223 801 2281 exornare,
837 2224 953 2286 qua
984 2204 1057 2266 ab
1103 2204 1320 2266 iisdem
1353 2205 1517 2281 viris,
1550 2224 1801 2287 quorum

2046 1941 2302 2002 ticorum
2318 1942 2677 2001 sententiam
2696 1938 2759 1999 in
2783 1939 2975 2000 lucem
2992 1938 3371 2018 prodierint.

1968 2032 2080 2105 Qui
2114 2027 2453 2093 rationibus
2486 2028 2777 2091 hactenus
2828 2046 2863 2089 a
2895 2028 3068 2089 nobis
3120 2027 3313 2090 allatis
3344 2029 3546 2093 omnia

1889 2130 2154 2202 auctoris
2188 2119 2373 2182 nostri
2411 2117 2605 2198 Opera
2637 2117 3032 2199 Dionysianos
3082 2118 3235 2181 fetus
3267 2138 3401 2181 esse
3431 2139 3544 2183 ne-

1890 2221 2049 2293 gant.
2085 2230 2202 2292 quo
2235 2219 2506 2288 tempore
2531 2226 2600 2270 ea
2631 2207 2690 2269 in
2716 2209 2909 2271 lucem
2929 2208 3548 2290 prodierint,diligen-

136 2313 351 2355 nomen
415 2301 839 2371 mentiuntur,
905 2294 1251 2358 exornanda
1310 2295 1439 2357 fore
1496 2295 1804 2358 existima-
1892 2312 1983 2365 ter
2026 2301 2361 2381 inqnirunt.
2398 2301 2644 2362 Constat
2685 2305 2882 2361 autem
2945 2298 3044 2360 illa
3070 2307 3210 2362 ante
3258 2298 3544 2363 Collatia-

141 2383 298 2449 hant.
345 2384 469 2447 Nec
504 2393 710 2449 minus
742 2387 802 2447 in
840 2404 1047 2449 eorum
1084 2404 1254 2447 more
1298 2387 1579 2463 positum,
1616 2395 1678 2447 ut
1704 2386 1802 2447 alii
1892 2410 2028 2455 nem
2101 2387 2847 2469 Constantinopolitanam,
2909 2406 3093 2466 anno,
3143 2397 3205 2451 ut
3260 2387 3541 2468 diximus,

153 2476 336 2554 plura,
365 2476 466 2537 alii
522 2477 839 2557 pauciora,
877 2494 1008 2559 qua:
1070 2477 1340 2540 ementiti
1397 2476 1656 2538 auctoris
1714 2475 1807 2537 sui
1893 2478 2007 2547 533
2033 2479 2315 2558 habitam,
2353 2477 2574 2558 publici
2632 2478 2787 2540 facta
2820 2477 3001 2540 fuisse
3056 2478 3233 2557 juris.
3270 2478 3547 2551 Quandiu

152 2564 381 2644 ingenio
428 2576 488 2629 et
522 2566 899 2647 temporibus
947 2566 1365 2641 adversentur,
1400 2565 1641 2646 scriptis
1685 2566 1808 2627 suis
1892 2589 2029 2634 vero
2057 2590 2184 2633 eam
2214 2567 3042 2650 praecesserint,magnainter
3066 2571 3391 2648 scriptores
3413 2569 3546 2633 illos

146 2656 496 2720 insererent.
532 2656 636 2719 Sic
685 2674 929 2737 nempe,
964 2658 1087 2719 Deo
1111 2656 1196 2719 ita
1225 2656 1484 2731 volente,
1522 2674 1805 2718 nonnun-
1892 2666 2295 2724 controversia
2325 2667 2438 2720 est.
2478 2656 2772 2738 Opinatur
2801 2657 3027 2719 etenim
3062 2658 3320 2721 Dallaoos
3349 2659 3413 2710 48
3438 2678 3545 2721 au.

146 2764 310 2826 quam
342 2745 637 2810 obcaecati
671 2756 833 2827 sunt,
861 2755 924 2808 ut
947 2746 1131 2822 illius,
1162 2764 1343 2823 quem
1377 2745 1808 2826 ﬁngont,inge-
1890 2762 2113 2815 ctorem
2138 2759 2405 2812 nostrum
2421 2749 2672 2810 omnino
2692 2747 3007 2809 viderivel
3023 2749 3548 2829 quintoprceeipiti

144 2836 300 2897 nium
362 2837 802 2918 scribendique
837 2836 1078 2897 modum
1132 2854 1252 2897 non
1302 2835 1582 2910 assecuti,
1612 2835 1704 2897 vel
1735 2854 1805 2898 ea
1890 2842 2133 2915 saec-mo,
2164 2839 2259 2903 vel
2288 2845 2471 2902 etiam
2505 2844 2673 2901 sexto
2715 2838 2972 2916 via‘isse,
3010 2854 3115 2899 nec
3144 2847 3284 2901 ante
3312 2856 3545 2901 annum

142 2944 263 3005 qua:
290 2926 457 2989 illius
478 2935 658 2989 aetate
680 2927 811 2989 ﬁeri
826 2924 1217 3003 deberent,ex
1245 2925 1336 2986 sui
1353 2930 1641 3007 temporis
1663 2944 1805 2988 con-
1890 2933 2141 2997 Domini
2157 2932 2404 2993 circiter
2422 2928 2538 2990 520
2553 2928 2719 3005 fetus
2738 2945 2879 2989 suos
2899 2928 3182 2991 edidisse.
3200 2926 3366 3001 Quod
3399 2929 3538 3010 qui-

139 3017 567 3079 suetudinibus
602 3036 672 3078 ac
702 3016 1020 3096 disciplina
1070 3016 1409 3096 metientes,
1444 3014 1536 3076 vel
1564 3014 1678 3095 ipsi
1731 3016 1805 3076 iis
1891 3022 2027 3085 dem
2062 3042 2129 3082 ex
2161 3040 2230 3081 eo
2266 3018 2502 3099 probari
2541 3036 2719 3100 posse
2753 3025 2917 3098 putat
2952 3016 3089 3098 quia
3119 3017 3181 3079 in
3215 3027 3541 3081 memorata

141 3126 257 3206 quae
283 3127 396 3169 sua
426 3105 999 3206 tetateagebantur,
1037 3104 1453 3206 auctoritatem
1480 3104 1804 3206 conciliare
1821 3155 1864 3206 ο
1891 3111 2209 3175 collatione
2235 3109 2539 3190 Hypatius,
2570 3108 2876 3206 catholicae
2909 3107 3540 3206 totiusﬂEcclesiaino-

140 3197 426 3279 volentes,
465 3196 743 3279 quaedam
774 3195 1018 3277 scriptis
1049 3196 1171 3257 suis
1200 3202 1301 3258 aut
1348 3194 1676 3275 prudentes
1705 3194 1864 3258 aut“
1893 3202 2078 3277 utine,
2111 3201 2451 3263 Severianis
2481 3198 2859 3279 responderit
2909 3198 3019 3259 hos
3061 3194 3247 3259 libros
3296 3196 3537 3279 Cyrillo,

138 3287 350 3349 incauti
376 3286 976 3369 adjicerent,quibus
1001 3304 1206 3349 eorum
1229 3286 1468 3349 fraudes
1488 3293 1548 3348 et
1566 3286 1808 3348 menda-
1890 3292 2214 3354 Athanasio
2240 3289 2490 3369 aliisque
2515 3287 2782 3349 Patribus
2802 3288 3036 3368 penitus
3065 3287 3245 3349 fuisse
3266 3286 3540 3367 incogni-

136 3378 217 3439 cia
248 3377 324 3441 ab
360 3377 807 3441 oculatioribus
838 3377 1075 3440 tandem
1109 3384 1337 3438 retecta
1371 3383 1532 3439 sunt.
1893 3392 1984 3445 tos
2012 3400 2027 3456 ;
2052 3382 2153 3443 sed
2192 3382 2317 3441 leve
2349 3379 2590 3440 omnino
2619 3386 2708 3439 est
2741 3376 2893 3439 istud
2929 3376 3295 3458 probationis
3318 3394 3536 3457 genus.

209 3466 369 3540 Quid
409 3486 584 3545 vero,
614 3469 839 3529 instant
859 3466 1419 3547 AreOpagitici,3nec
1446 3463 1571 3527 Deo
1598 3466 1805 3546 moriS,
1891 3470 2039 3533 Nam
2063 3470 2311 3535 Collatio
2336 3469 2434 3529 illa
2460 3468 2778 3529 concilium
2804 3468 3241 3529 meumenicum
3268 3466 3532 3545 nonfuit,

136 3576 236 3620 nec
273 3567 526 3620 :eternze
582 3556 743 3619 illius
796 3556 1184 3636 providentize
1233 3567 1326 3617 est
1355 3574 1539 3636 opera
1566 3573 1716 3616 vana
1748 3564 1811 3616 et
1896 3580 2007 3622 nec
2040 3560 2359 3640 quidquam
2397 3558 2557 3619 hisce
2583 3556 2655 3617 de
2685 3556 2920 3635 scriptis
2946 3556 3080 3635 lege
3110 3555 3226 3616 lata
3260 3555 3530 3618 sancivit.

133 3647 646 3710 ﬁctismendaciis
673 3647 849 3727 plena
874 3646 1026 3707 veris
1053 3647 1448 3709 cohonestare
1476 3645 1811 3718 miraculis?
1896 3650 2181 3731 Hypatius
2212 3649 2413 3723 itaque
2443 3646 2617 3707 totius
2641 3644 2927 3707 Ecclesia:
2957 3645 3197 3706 nemine
3218 3663 3335 3706 non
3364 3644 3535 3707 locu-

130 3737 457 3802 Hilduinus
479 3738 1183 3817 tamen,testisoculatus,
1206 3738 1462 3800 afﬁrmat
1484 3738 1609 3798 haec
1625 3737 1812 3799 Areo-
1899 3747 1993 3803 tus
2024 3749 2113 3802 est
2148 3760 2161 3800 :
2208 3739 2313 3800 sed
2349 3746 2409 3799 ut
2440 3738 2499 3797 in
2533 3735 2947 3815 hujuscemodi
2999 3734 3540 3799 concertationibus

136 3832 347 3909 pagitae
401 3827 630 3910 Opera,
668 3849 802 3892 cum
839 3829 1015 3891 variis
1060 3827 1507 3892 inﬁrmitatibus
1570 3827 1630 3888 in
1669 3825 1811 3888 tanti
1897 3826 2940 3904 ﬁeriamat,Severiauiseorumdem
2966 3826 3321 3906 scriptorum
3341 3834 3543 3890 aucto-

136 3921 243 3982 viri
273 3920 579 3983 honorem
644 3920 1112 4001 applicarentur,
1148 3918 1348 3980 multis
1379 3916 1663 3980 divinitus
1693 3918 1809 3979 bo-
1893 3923 2124 3985 ritatem
2160 3919 2582 4000 objicientibus
2607 3937 2675 3979 ex
2707 3928 2981 3997 tempore
3010 3914 3341 3996 respondit,
3370 3935 3440 3979 ea
3459 3916 3537 3982 de

132 4018 369 4073 nestata
405 4011 594 4073 fuisse
629 4010 959 4073 miraculis.
1895 4011 2110 4094 quibus
2128 4012 2271 4071 nihil
2298 4011 2586 4071 hactenus
2604 4005 2974 4087 audierat,ah
2993 4005 3253 4086 antiquis
3266 4003 3537 4070 Patribus

210 4099 339 4163 Sed
376 4100 617 4163 caeteris
676 4099 958 4163 omnibus
990 4098 1222 4161 firmius
1254 4116 1373 4163 non
1407 4106 1496 4160 est
1527 4096 1804 4160 ultimum
1892 4122 2011 4164 non
2033 4101 2215 4163 fuisse
2233 4098 2787 4177 cognitaPrmterea
2804 4094 3107 4159 Severiani
3130 4096 3229 4157 illa
3254 4095 3533 4176 citaruut,

128 4191 283 4253 illud
345 4190 913 4271 Areopagiticorum
952 4189 1322 4272 praesidium,
1368 4188 1593 4270 quippe
1650 4187 1805 4267 quod
1892 4212 2009 4255 non
2029 4200 2091 4253 ut
2122 4210 2268 4252 nova
2300 4199 2357 4250 et
2387 4207 2598 4250 recens
2629 4185 2921 4259 edita,sed
2948 4184 3356 4263 utgenuiuum
3391 4186 3537 4248 Dio-

125 4281 285 4362 ipsis
322 4279 604 4342 Hilduini
637 4280 857 4343 verbis’
875 4279 1206 4361 expugnari
1259 4280 1553 4343 videatur.
1589 4277 1671 4340 De
1716 4277 1809 4339 his
1891 4278 2439 4365 nysiiAreOpagitae
2461 4296 2630 4356 opus,
2655 4277 2776 4355 jam
2800 4274 2873 4336 ab
2899 4275 3025 4355 ejus
3046 4281 3215 4337 astate
3238 4273 3539 4365 invulgus

123 4371 291 4433 enim
314 4371 720 4434 miraculissic
744 4370 1590 4436 illescribit40:Authenticos
1621 4386 1801 4454 nam-
1828 4449 1857 4454 Δ
1892 4363 2203 4435 emissum.
2262 4370 2546 4449 Hypatius
2597 4384 2739 4428 vero
2789 4366 3108 4445 caeterique
3138 4363 3435 4433 catholici.
3470 4383 3539 4427 re

123 4480 247 4541 que
269 4461 511 4524 eosdem
532 4460 743 4534 libros,
774 4449 1799 4543 Graecalinguaconscriptos,vquo-
1828 4449 2177 4526 Dmaturius
2219 4477 2498 4539 expensa,
2550 4456 2609 4519 id
2656 4474 2859 4517 verum
2915 4473 3045 4516 esse
3094 4454 3246 4515 ultro
3279 4454 3538 4516 confessi

122 4551 278 4607 niam
310 4566 622 4609 tecononzus
648 4552 909 4608 Ecclesia:
931 4548 1805 4623 Constantinopolitanwelcaeteri
1885 4560 2045 4617 sunt,
2081 4554 2156 4614 At
2189 4568 2384 4629 neque
2438 4545 2749 4611 Severiani
2784 4544 2931 4605 illud
2991 4553 3147 4605 tanta
3178 4544 3538 4607 conﬁdentia

124 4644 283 4700 missi
329 4640 609 4699 Michaelis
638 4642 902 4715 legatione
938 4642 1158 4715 publica
1205 4641 1275 4696 ad
1314 4649 1543 4699 vestram
1573 4639 1801 4712 ριονίανη
1883 4648 2349 4715 asseverassent,
2380 4655 2575 4717 neque
2591 4634 2883 4698 Catholici
2903 4633 3360 4695 eorumtandem
3384 4632 3533 4696 sub-

130 4734 451 4806 compendio
494 4734 678 4806 functi
723 4742 853 4794 sunt
885 4754 903 4799 ;
937 4736 999 4791 in
1053 4735 1175 4808 ipsa
1224 4734 1413 4806 vigilia
1446 4731 1799 4791 solemnitatis

1896 4733 2269 4814 scripsissent
2298 4728 2631 4806 sententiae,
2665 4726 2715 4787 si
2749 4726 2839 4786 hae
2869 4724 3313 4787 lucubrationes
3342 4742 3377 4786 a
3407 4731 3534 4786 tre-

134 4824 315 4880 sancti
375 4824 633 4896 Dionysii
683 4841 791 4898 pro
850 4840 1070 4882 munere
1133 4840 1336 4897 magno
1388 4822 1794 4895 susceperimus.
1883 4824 2078 4887 decim
2111 4832 2334 4883 tantum
2360 4816 2624 4892 annis,ut
2655 4814 2958 4878 contendit
2984 4815 3260 4895 Dallaeus,
3284 4814 3536 4894 prodiis-

134 4912 289 4978 Quod
335 4913 540 4972 donum
570 4914 835 4973 devotioni
882 4924 1101 4983 nostrae,
1135 4932 1196 4971 ac
1245 4915 1295 4971 si
1321 4913 1522 4969 rwlitua
1573 4912 1801 4968 allatum
1886 4922 2016 4978 sem
2046 4914 2107 4973 in
2143 4913 2363 4973 lucem-

125 5022 159 5059 a
192 5004 331 5071 Deo,
364 5005 562 5063 divina
610 5011 689 5064 est
713 5008 897 5079 gratia
931 5010 1211 5078 prosecuta
1251 5024 1265 5068 ;
1317 5010 1376 5062 ut
1406 5004 1464 5060 in
1498 5002 1676 5060 eadem
1704 5018 1802 5057 no-
1970 5005 2345 5083 Quapropter
2376 4999 2476 5060 alii
2507 5015 2607 5059 eas
2639 4996 2813 5075 longe
2848 4995 2942 5058 his
2974 4993 3343 5075 temporibus
3374 4994 3534 5058 anti-

122 5102 209 5151 cte
239 5096 422 5154 dacem
453 5102 506 5154 et
544 5112 735 5155 novem
782 5096 1224 5155 nominatissimat
1269 5096 1499 5153 virtutes
1530 5094 1589 5149 in
1632 5109 1809 5165 (egro-
1892 5094 2134 5177 quiores
2156 5109 2286 5152 esse
2304 5089 2620 5151 afﬁrmant,
2655 5087 2852 5177 Atque
2875 5094 2936 5177 ut
2958 5084 3015 5146 id
3040 5083 3534 5177 probootpston-

120 5194 305 5245 torum
334 5188 613 5246 sanatione
657 5203 941 5246 variarum
993 5186 1379 5260 inﬁmitatum
1408 5200 1479 5243 ea:
1518 5184 1812 5243 notissimis
1896 5173 2045 5247 dunt
2064 5181 2254 5265 primo
2276 5179 2628 5259 ahEphrzem
2651 5175 2988 5265 patriarcha
3011 5173 3385 5265 Antiocheno
3404 5174 3536 5237 illas

121 5285 178 5337 et
227 5276 511 5336 vicinitati
542 5285 743 5335 nostra:
775 5276 1020 5350 personis
1056 5276 1344 5348 contiguis,
1391 5273 1461 5329 ad
1517 5272 1724 5331 tandem
1759 5280 1804 5331 et

1896 5263 2180 5353 Dionysio
2205 5267 2582 5349 AreOpagitaa
2604 5264 2697 5327 his
2719 5264 2914 5326 verbis
2936 5263 3115 5326 tribui
3132 5263 3215 5327 49:
3237 5263 3537 5338 Quoniam

120 5368 393 5451 gloriam
405 5371 691 5432 suinomi
696 5371 795 5430 nis
804 5366 1187 5431 orationibus
1198 5373 1256 5430 et
1270 5366 1423 5428 meri
1429 5368 1504 5428 tis
1515 5363 1809 5428 excellen-
1892 5374 1948 5429 et
1964 5361 2224 5457 simplex
2241 5357 2416 5457 Jc‘s‘us
2430 5355 2902 5457 componebatur
2912 5354 3247 5457 secundum
3257 5360 3537 5457 sanctum

127 5441 369 5524 tissimi
386 5461 492 5523 sui
511 5462 828 5539 martyris
847 5457 1128 5521 Christus
1141 5458 1438 5522 Dominus
1459 5458 1537 5518 sit
1554 5455 1807 5537 ορατινὶ
1898 5441 2257 5533 Dionysium
2283 5447 2734 5529 Areopagitam.
2750 5444 2973 5513 Ἐπειδὴ
3003 5446 3091 5502 καὶ
3118 5441 3309 5509 ἁπλοῦς
3330 5441 3535 5513 Ἰησοῦς

203 5621 261 5668 ⁴ϐ
288 5624 482 5705 Epist.
515 5622 595 5686 ad
628 5618 910 5712 Carolum
944 5619 1384 5763 Calvum.$)P.at.
1423 5619 1561 5682 Lat.
1594 5627 1636 5680 t.
1674 5614 1823 5699 CVI,
1855 5617 1950 5684 col
1986 5616 2111 5698 33).
2158 5613 2208 5656 4⁷
2241 5614 2424 5677 Marc.
2459 5610 2521 5689 9,
2558 5608 2655 5673 37.
2686 5604 2742 5651 ‘8
2778 5604 2861 5671 De
2891 5605 2991 5671 lib.
3031 5623 3275 5689 suppos.
3312 5605 3542 5691 Dionys

203 5726 263 5763 ο.
301 5706 402 5763 392.
436 5702 495 5747 49
523 5703 706 5763 Anud
741 5703 1017 5763 Photium
1050 5720 1109 5763 in
1142 5702 1214 5763 Bt
1259 5699 1461 5763 ltoth..
1495 5698 1629 5763 cod.
1664 5699 1806 5761 229.

131 5724 263 5789 cap.
301 5698 402 5773 39.
436 5702 495 5747 ‘9
523 5703 706 5783 Apud
741 5702 1017 5765 Photium
1050 5702 1109 5764 in
1142 5698 1461 5782 Biblioth.,
1495 5698 1629 5764 cod.
1664 5699 1806 5761 229.
