4072 6432
497 350 570 418 47
1665 340 1724 406 S.
1775 335 2184 408 DIONYSIUS
2225 332 2738 405 AREOPAGITA.
3817 335 3906 404 48

505 494 745 556 συνετέθν
803 487 940 547 χειτᾶ
973 487 1060 542 τὸν
1089 484 1143 541 ἓν
1188 497 1304 547 τοῖς
1364 482 1536 560 ἁγίοις
1583 481 1986 559 Ἀρεωπκγέτην
2027 491 2150 535 Διο-

2263 489 2299 533 η
2333 470 2505 534 libris
2534 470 2654 552 ipsi
2679 471 2954 554 ascriptis
2976 471 3156 534 etiam
3201 489 3364 533 uonc
3393 471 3598 550 legere
3629 479 3740 533 est.
3775 469 3908 534 Sed

511 577 902 660 v6mov.Atqui
916 575 1044 657 Eph
1055 593 1194 636 rtem
1222 571 1555 654 patriarcha
1571 570 1983 660 Antiochenus
2003 588 2167 630 crea-
2253 560 2492 660 quidam
2511 560 3186 660 blljusbisleriographi,
3203 579 3380 643 quem
3396 561 3906 660 fabulosissimum

2252 673 2385 717 esse
2413 654 2645 730 dicunt,
2680 655 3092 717 auctoritatem
3121 657 3355 717 elevare
3386 656 3582 716 conati
3619 675 3632 718 :
3678 653 3904 734 Verba,

2251 745 2543 817 inquiunt,
2588 760 2652 802 ea:
2707 746 2906 803 nosiris
2942 745 3287 817 Dionysianis
3329 745 3590 818 descripta
3640 743 3916 817 Nicepho-

2249 851 2344 892 rus
2397 835 2614 893 videtur
2640 837 2752 908 ipse
2791 837 2974 910 potius
3010 837 3074 893 de
3111 851 3206 894 suo
3243 835 3523 910 adjeeisse,
3553 835 3626 892 ad
3659 835 3913 892 Juvena-

2251 927 2326 991 lis
2341 932 2764 991 narrationem
2784 927 3292 1008 conﬁrmandam,
3321 944 3508 1006 qnam
3529 945 3600 990 ea
3615 925 3918 989 Juvenuli

2253 1018 2570 1080 tribuisse.
2607 1014 2716 1080 His
2740 1027 2937 1080 autem
2964 1017 3012 1078 si
3045 1016 3293 1098 ebjlcias
3313 1015 3714 1098 Nicephorum
3747 1016 3918 1077 clare

2251 1115 2312 1170 et
2337 1114 2661 1190 perspicue
2683 1109 2984 1171 afﬁrmare
3015 1108 3315 1189 ipsissima
3344 1106 3645 1170 iuvenalis
3675 1106 3856 1168 verba
3876 1125 3917 1168 a

2252 1215 2318 1259 se
2348 1197 2535 1260 fuisse
2560 1197 2882 1279 descripta,
2905 1206 3204 1279 reponunt
3225 1197 3407 1260 illico:
3428 1197 3752 1260 Historicis
3765 1199 3917 1260 scri-

2243 1287 2522 1368 ptoribus
2541 1289 2805 1351 solemne
2824 1288 3362 1368 esse,hom3nes,de
3373 1288 3592 1369 quibus
3606 1286 3909 1365 scribunt,

520 1405 720 1459 tamen
778 1378 1030 1459 certum,
1066 1385 1298 1448 elicitur
1329 1401 1396 1444 ex
1456 1381 1701 1444 scholiis
1749 1400 1882 1462 qua:
1906 1381 2167 1444 Joannes
2249 1396 2324 1441 ea
2341 1378 2606 1442 dicentes
2631 1380 2945 1445 inducere.
2978 1397 3097 1442 non.
3126 1396 3256 1458 qua:
3280 1396 3412 1441 vere
3441 1396 3511 1441 ac
3540 1387 3701 1442 certe
3732 1379 3916 1441 dixe—

519 1480 1069 1564 Scytliopelitanus,
1097 1483 1247 1537 teste
1270 1471 1586 1564 Anastasio
1609 1470 2166 1564 Bibliot_liecar_io,in
2255 1469 2708 1564 mnt,_s_edguce
2738 1468 2874 1530 illos
2898 1469 3020 1564 ipsi
3043 1469 3250 1564 dicere
3271 1469 3545 1548 potuisse
3575 1477 3812 1564 putent.

526 1558 794 1650 Dionysii
820 1571 1016 1649 Opera
1037 1562 1392 1644 composuit.
1423 1561 1568 1626 Nam
1595 1572 1802 1623 contra
1826 1561 2175 1623 huncJoan-
2262 1647 2295 1650 Α
2338 1558 2460 1621 Sed
2481 1560 2619 1622 huic
2642 1559 3022 1650 responsioni
3050 1559 3219 1640 plura
3247 1577 3586 1650 repugnare
3605 1559 3919 1624 videnlur.

522 1647 701 1743 nem,
743 1660 847 1742 qui
877 1647 1146 1719 icoucilii
1207 1651 1715 1716 Chalcedonensis
1764 1651 2175 1713 defensionem
2261 1647 2528 1710 Primum
2593 1649 2754 1712 enim
2790 1649 2867 1711 de
2904 1667 3272 1731 quocunque
3325 1649 3443 1711 alio
3474 1649 3789 1731 scriptore,
3823 1652 3930 1730 qui

523 1738 894 1832 susceperat,
917 1745 1159 1828 scripsit
1187 1743 1440 1808 Basilius
1462 1743 1634 1818 Cilix,
1665 1743 1794 1821 qui,
1819 1753 1883 1803 ut
1917 1743 1995 1804 ait
2019 1742 2178 1802 Plio-
2206 1778 2242 1828 Β
2265 1738 2520 1832 alierum
2577 1739 2756 1832 verba
2806 1757 3240 1832 contionesque
3299 1738 3670 1832 transcribit,
3715 1741 3929 1832 eadem

523 1847 644 1908 tius
666 1828 750 1923 5i,
785 1839 1109 1922 presbyter
1159 1836 1281 1912 fuit
1313 1833 1592 1923 Ecclestce
1623 1834 2028 1903 Antiochenm,
2066 1850 2181 1911 quo
2264 1829 2445 1923 etiam
2466 1830 2592 1923 dici
2626 1838 2900 1910 possent.
2937 1828 3105 1923 Quod
3141 1847 3293 1923 sane
3310 1829 3728 1923 quam-falsum
3762 1829 3840 1892 sit
3870 1838 3931 1892 et

531 1918 797 2016 tempore
814 1934 1095 1996 thronum
1117 1924 1448 2016 ibitencbat
1478 1922 1855 2016 Flaviomus,
1879 1925 2178 2016 lienioni-
2262 1918 2614 2016 absurdum,
2635 1938 2812 2016 nemo
2838 1939 2956 1981 non
2977 1919 3158 2016 videt.
3188 1918 3420 2016 Deinde
3438 1919 3925 2016 Nicepheroiion

523 2009 882 2107 queclavum
903 2014 1599 2099 imperiimoderabatur
1618 2013 2064 2093 Anostasius,id
2089 2019 2178 2072 est
2264 2012 2560 2107 _moris_est
2592 2009 2869 2107 homines
2891 2028 2959 2072 ea
2978 2009 3254 2107 dicentes
3286 2009 3594 2107 inducere,
3616 2030 3761 2107 quae
3785 2010 3921 2072 illos

523 2099 683 2180 circa
713 2130 934 2175 annum
957 2109 1102 2171 500.
1125 2109 1706 2172 Verumtamencum
1733 2102 1892 2165 idem
1922 2103 2169 2164 Anasta-
2261 2101 2390 2180 ipse
2423 2099 2628 2161 dicere
2690 2100 2956 2180 potuisse
2993 2099 3257 2182 putabat,
3291 2100 3395 2161 sed
3431 2118 3562 2182 quae
3591 2100 3630 2161 ii
3677 2117 3818 2164 vere
3848 2119 3917 2162 ac

525 2209 650 2270 sius
668 2205 918 2286 primam
938 2193 2176 2278 scriptorumDionysiimentionemasum-
2258 2200 2424 2286 certe
2468 2190 2768 2254 dixerunt.
2826 2188 3136 2286 Postrem_o
3166 2190 3418 2286 Michael
3463 2189 3669 2272 Glycas
3712 2191 3922 2254 scribit

527 2297 640 2359 mis
669 2279 1067 2378 pontificibus
1118 2285 1402 2378 Gregorio
1433 2283 1676 2378 magno,
1703 2281 1975 2378 Martiae,
2009 2286 2169 2378 Agat
2258 2279 2325 2378 in
2351 2281 3057 2378 Annalibtissepulcrum
3078 2279 3181 2342 Dci
3201 2279 3727 2378 Cenitricfslliariae
3746 2299 3907 2359 cum,

526 2370 712 2452 thene
737 2384 862 2446 fieri
889 2386 1158 2459 testetur,
1181 2375 1286 2437 ille
1309 2374 1516 2455 procul
1537 2373 1718 2434 dubie
1743 2373 1830 2435 vel
1853 2391 2058 2435 errore
2077 2374 2170 2434 vel
2255 2370 2608 2434 adveniente
2637 2372 2886 2446 Thema,
2914 2380 3184 2452 apertum
3219 2371 3446 2448 fuisset,
3470 2371 3528 2434 in
3560 2372 3662 2435 illo
3699 2383 3916 2455 praeter

523 2475 828 2542 memoriae
857 2473 1022 2552 lapsu
1051 2468 1232 2530 falsus
1261 2472 1375 2546 est;
1410 2481 1523 2525 nec
1553 2462 1697 2552 tanti
1730 2463 1980 2544 proinde
2016 2484 2167 2541 pcn-
2253 2461 2631 2552 sepulcrales
2649 2462 2908 2524 exuvias
2939 2460 3271 2552 nihilaliud
3292 2467 3828 2552 repertum.Atque
3853 2465 3913 2528 id

523 2569 684 2631 deris
707 2572 896 2646 potest
918 2550 1053 2622 esse
1075 2557 1206 2637 ejus
1235 2554 1573 2617 auctoritas.
1610 2551 1776 2614 Idem
1811 2573 2050 2634 quoque
2075 2555 2167 2614 di-
2255 2551 2495 2629 quidem
2513 2553 2736 2646 Craace
2755 2550 3112 2646 _Nieepliori
3142 2551 3464 2646 narrationi
3497 2554 3739 2615 omnino
3764 2573 3915 2616 con-

523 2641 783 2720 cendum
801 2653 877 2715 de
899 2652 1210 2714 Anastasio
1234 2645 1744 2724 Sinai‘ta,quiante
1763 2643 2170 2725 saeculiquinti
2255 2643 2433 2723 gruit,
2469 2641 2572 2702 ubi
2604 2661 2717 2703 vox
2747 2641 2952 2705 Graeca
3004 2659 3124 2704 non
3164 2641 3532 2724 sepulcrum,
3569 2644 3672 2705 sed
3704 2647 3922 2726 sepul-

2255 2735 2448 2794 crales
2473 2732 2710 2793 exuvias
2743 2731 3058 2811 signiﬁcat.
3765 2757 3770 2762 κ

514 685 610 738 tus
639 681 730 736 est
757 659 893 735 cum
925 665 1294 730 Justinianus
1325 680 1482 723 anno
1515 663 1632 720 5‘26
1665 659 1736 720 ad
1784 660 2016 740 ἑπιρρήί
2050 679 2166 734 gu-

512 762 837 830 bernacula
866 757 1143 837 accessit,
1177 764 1239 816 et
1294 755 1549 832 ipsemet
1581 750 1836 831 Ephrem
1870 759 2006 810 ante
2053 769 2164 809 an-

514 873 656 918 num
689 852 809 914 545
843 851 964 912 fato
995 847 1232 909 functus
1263 851 1372 906 est.
1413 841 1676 922 Dionysii
1708 841 1883 902 etiam
1924 840 2166 900 nomine

514 964 634 1009 non
667 941 854 1006 semel
887 940 1142 1002 citantur
1172 933 1247 997 ab
1276 933 1514 996 Andrea
1550 930 1899 994 Caesariensi
1928 931 2160 1010 episce-

515 1054 613 1117 po,
652 1033 754 1114 qui
780 1032 942 1093 circa
985 1044 1205 1090 annum
1229 1025 1357 1117 i500
1389 1023 1574 1117 libros
1601 1039 1740 1117 suos
1759 1020 1952 1117 edidit
1980 1022 2042 1072 ἕο
2101 1020 2164 1081 In

513 1111 588 1188 iis
619 1111 841 1206 quippe
873 1118 1096 1182 nullius
1126 1114 1444 1206 scriptoris
1472 1113 1642 1174 beate
1694 1111 1912 1191 Cyrillo
1947 1129 2163 1172 recen-

517 1202 706 1290 tioris,
727 1202 844 1274 ille
876 1207 1117 1291 protulit
1147 1202 1576 1266 testimonium.

599 1303 774 1368 Aliud
806 1299 1075 1382 ejusdem
1108 1291 1473 1374 antiquitatis
1503 1299 1938 1382 argumentum,
1969 1291 2166 1352 minus

527 2749 708 2810 ﬁnem
741 2741 1087 2823 Dionysium
1122 2737 1444 2800 Rethorem
1491 2735 1607 2796 alia
1632 2734 1908 2797 similiter
1940 2735 2165 2796 scholia

522 2836 584 2899 in
612 2833 851 2899 easdem
887 2821 1146 2910 Dionysii
1177 2825 1553 2907 Areopagitae
1581 2823 2032 2886 lucubrationes
2069 2845 2170 2904 pu-
2338 2821 2489 2894 Quid
2551 2822 2708 2902 quod
2757 2822 3153 2901 Hieronymus
3214 2841 3335 2885 non
3385 2823 3582 2886 minus
3639 2824 3925 2889 distincte

522 2925 777 2989 blicasse
811 2931 1060 2988 testatus
1090 2928 1206 2983 est.
1240 2916 1554 2990 Caeterum,
1588 2915 1969 2995 quantumvis
2002 2923 2172 2974 uter-
2256 2930 2432 2993 quam
2461 2920 2667 2973 auctor
2698 2919 2901 2973 noster
2932 2929 3147 2974 novem
3172 2913 3525 2992 angelorum
3551 2914 3799 2978 ordines
3820 2934 3929 2995 po-

523 3012 998 3098 queAnastasius
1013 3027 1297 3092 peccasse
1315 3007 2017 3080 dicatur,certumtamen
2044 3022 2176 3065 esse
2259 2997 2681 3098 suit§6?[_1_nd_e
2712 3018 2852 3079 ergo
2884 2999 3038 3062 hanc
3071 2999 3162 3098 de“
3178 3001 3408 3098 angelis
3443 3001 3772 3066 doctrinam
3805 3003 3924 3065 nisi

523 3091 702 3170 debet
717 3123 822 3168 eos
839 3122 948 3166 nec
963 3091 1204 3164 ﬁnxisse
1222 3116 1331 3161 nec
1347 3096 1648 3157 divinasse
1664 3094 1890 3156 scholia
1904 3095 2179 3172 liujnsce-
2200 3106 2239 3155 c
2265 3111 2337 3154 ex
2371 3091 2501 3172 ejus
2526 3091 2694 3154 libris
2709 3101 3017 3154 mutuatus
3043 3092 3162 3155 est?
3182 3091 3403 3156 Verum
3429 3095 3556 3157 haec
3580 3095 3930 3176 conjectura

498 3195 688 3268 ,medi
742 3195 921 3257 fuisse
955 3187 1280 3272 aliquando
1331 3185 1404 3248 ab
1439 3185 1532 3248 his
1578 3184 1970 3264 scriptoribus
2001 3183 2174 3246 edita.
2265 3199 2384 3244 non
2412 3182 2658 3272 omnino
2687 3180 2825 3244 felix
2849 3201 2984 3245 esse
2999 3182 3253 3246 videtur.
3288 3183 3430 3257 Quis
3453 3186 3610 3247 enim
3636 3185 3928 3268 Hierony-

525 3286 638 3360 Qui
659 3295 856 3349 autem
879 3281 1104 3346 scholia
1129 3279 1190 3340 in
1224 3284 1529 3340 auctorem
1558 3274 1878 3352 quemdam
1910 3275 2180 3336 conscri-

524 3377 693 3451 bunt,
731 3393 866 3437 eum
884 3391 990 3454 pro
1011 3368 1196 3432 veteri
1222 3375 1279 3428 et
1303 3365 1502 3445 magni
1525 3363 1784 3426 neminis
1814 3365 1935 3426 viro
1957 3363 2181 3425 habere

524 3465 743 3528 solent.
798 3463 908 3526 Diu
944 3478 1084 3539 ergo
1135 3467 1272 3520 ante
1319 3454 1600 3517 saeculum
1635 3455 1901 3535 quintum
1955 3454 2180 3533 Diony-

525 3557 674 3618 siani
708 3553 843 3616 libri
875 3548 1201 3634 pervulgati
1236 3547 1496 3609 fuerunt.

2265 3291 2431 3334 mum
2464 3289 2537 3334 ex
2553 3271 2764 3335 eodem
2791 3289 2862 3336 ac
2884 3273 3145 3354 scriptor
3164 3281 3390 3357 noster,
3414 3293 3718 3338 sacrarum
3751 3275 3928 3339 Scri-

2265 3369 2570 3442 pturarum
2596 3363 2759 3424 fonte
2788 3361 2951 3425 illam
2974 3363 3217 3427 haurire
3239 3365 3509 3446 potuisse
3524 3365 3929 3429 inﬁciabitur‘?

2265 3453 2414 3527 Quis
2464 3455 2640 3516 etiam
2672 3461 2981 3516 auctorem
3041 3463 3343 3532 nostrum,
3377 3465 3581 3538 utpote
3615 3457 3928 3520 recentio-

2264 3561 2418 3625 rem,
2453 3561 2524 3606 ex
2569 3544 2936 3625 Hieronymo
2992 3563 3099 3607 sua
3144 3544 3560 3628 desumpsisse
3607 3546 3733 3628 pari
3785 3548 3929 3628 jure

605 3645 755 3706 Illud
780 3632 918 3704 vero
946 3641 1036 3702 his
1055 3637 1286 3701 accedit
1310 3634 1546 3697 roboris
1561 3633 1993 3697 etﬁrmamenti
2022 3633 2181 3714 quod
2265 3632 2565 3696 afﬁrmare
2593 3652 2712 3694 non
2745 3634 2962 3714 poterit
2992 3633 3018 3696 ‘l

527 3733 810 3796 Suidasﬁ9
831 3740 890 3794 et
915 3729 1315 3809 Pachymercs
1335 3727 1400 3777 53
1427 3725 1692 3805 tradunt,
1717 3722 1950 3802 aliquos
1975 3732 2181 3784 επεν-ι
2351 3723 2816 3786 Prebabiliorem
2852 3723 3101 3787 forsitan
3132 3724 3209 3787 de
3254 3724 3927 3808 Pseude-Dionysiano-

527 3840 640 3885 nos
649 3820 1057 3904 philosophos,
1065 3814 1697 3898 prasertiml’roelum
1711 3812 2186 3894 ,contemplutio-
2268 3831 2401 3875 rum
2418 3816 2673 3896 Operum
2688 3813 3041 3904 antiquitate
3056 3815 3462 3896 conjecturam
3480 3815 3623 3879 inde
3641 3819 3927 3900 accipies,

529 3903 1000 3988 nibnsbienysii
1021 3909 1370 3987 frequenter
1402 3922 1578 3966 usum
1601 3905 1806 3980 fuisse.
1834 3910 2019 3982 atque
2039 3904 2185 3965 adeo
2269 3904 2424 3984 quod
2485 3903 2756 3966 nonnulli
2803 3923 2874 3966 ea
2920 3904 3254 3986 Apollinari
3311 3917 3367 3968 et
3426 3907 3699 3989 Didyme,
3734 3909 3930 3990 quarti

533 4003 711 4064 etiam
737 4001 916 4060 meris
943 3998 1087 4076 ipsis
1110 3995 1509 4058 dictionibus.
1545 3993 1605 4055 Si
1637 4001 1816 4054 certe:
1839 3993 2017 4071 igitur
2045 3993 2184 4054 ﬁdei
2274 3993 2912 4075 saeculiscripteribus,
2935 3995 3387 4074 assignaverint;
3421 4016 3488 4060 ac
3521 3999 3774 4080 proinde
3807 4001 3935 4063 haec

534 4090 794 4153 sinthzec
827 4085 1501 4162 testimonia,futcndum
1529 4091 1617 4145 est
1649 4083 2189 4163 contemplationes
2274 4085 2484 4148 eadem
2518 4103 2704 4165 opera
2724 4083 2845 4146 illis
2867 4084 3239 4166 temporibus
3258 4087 3382 4166 jam
3410 4087 3473 4149 in
3496 4086 3708 4168 vulgus
3723 4108 3933 4169 sparsa

539 4181 817 4258 Dionysii
856 4179 1066 4241 Proclo
1099 4177 1222 4249 illo,
1255 4175 1358 4255 qui
1393 4173 1506 4234 sub
1562 4175 1758 4236 Leone
1789 4175 2019 4235 Thrace
2064 4193 2188 4235 me-
2273 4173 2456 4237 fuisse
2486 4173 2810 4237 habuerint
2855 4190 3234 4255 persuasum.
3271 4175 3388 4240 Sed
3420 4195 3554 4239 cum
3587 4178 3736 4241 nihil
3772 4180 3931 4261 quod

536 4271 700 4332 dium
734 4270 973 4331 circiter
993 4266 1278 4328 sacculum
1306 4262 1577 4344 quintum
1602 4261 1771 4323 libris
1802 4264 2192 4326 conﬁciendis
2275 4263 2638 4344 Apollinaris
2659 4273 2716 4324 et
2737 4263 2973 4346 Didymi
3001 4265 3309 4329 erroribus
3337 4274 3512 4348 atque
3545 4267 3838 4331 doctrinae
3859 4269 3937 4332 sit

536 4377 776 4442 operam
812 4359 1002 4439 dedit,
1035 4374 1169 4419 esse
1214 4354 1606 4436 antiquiores.
1638 4352 2034 4448 Quamobrem
2071 4373 2186 4416 non
2211 4372 2604 4448 Dconsonum
2635 4355 2696 4415 in
2747 4354 2960 4417 iisdem
2993 4355 3238 4437 scriptis
3287 4366 3582 4429 occurrat,
3621 4366 3739 4421 tota
3771 4369 3938 4422 certe

527 4450 669 4530 jure
695 4447 1254 4530 prorsusimmerito
1272 4445 1866 4507 Merinusﬁiﬁaltem
1882 4443 2186 4507 librorum
2211 4443 2245 4448 ⁷
2273 4451 2473 4507 errant
2503 4445 2616 4520 via,
2640 4445 2745 4525 qui
2767 4444 2838 4508 ea
2867 4444 3268 4525 scriptoribus
3299 4445 3415 4508 illis
3452 4447 3822 4528 adjudicant.
3877 4449 3940 4513 Si

525 4535 1497 4616 'istorumscriptz'o,inquit,initio
1519 4534 1723 4614 quinti
1742 4533 2030 4606 smenli,et
2046 4543 2188 4596 ante
2271 4553 2412 4614 ergo
2451 4535 2511 4597 in
2541 4536 2656 4597 hoc
2682 4543 2800 4597 tam
2830 4533 3180 4597 immaniter
3209 4553 3244 4598 a
3277 4553 3416 4599 vero
3468 4537 3933 4615 aberraverunt,

531 4628 776 4691 concilii
798 4627 1304 4690 Chalcedonensis
1327 4623 1784 4686 celebrationem
1809 4625 2185 4703 designanda
2271 4625 2478 4705 quidni
2535 4633 2595 4688 et
2624 4625 2784 4687 circa
2848 4632 3084 4708 tempus
3117 4643 3233 4707 quo
3286 4627 3496 4690 eadem
3530 4629 3753 4710 scripta
3786 4647 3940 4711 pro-

534 4725 646 4799 est,
678 4736 790 4780 nec
816 4717 951 4778 ulla
980 4717 1222 4779 ratione
1248 4713 1558 4794 probabili
1585 4713 1664 4775 ad
1697 4713 1958 4793 inferius
1988 4731 2185 4776 meum
2269 4715 2456 4778 diisse
2490 4715 2900 4796 opinabantur
2924 4715 2957 4775 ?

535 4809 779 4871 revolvi
806 4813 1029 4889 potest.
1069 4804 1370 4893 Lauricius
1391 4821 1530 4893 vero
1565 4811 1829 4884 tempore
1861 4805 2066 4884 primm
2089 4824 2188 4886 sy-
2356 4806 2740 4870 Hanctamen
2763 4803 3524 4887 temportsassignationem
3546 4827 3744 4872 veram
3771 4829 3938 4893 esse,

536 4898 681 4960 nodi
711 4895 1048 4978 Ephesinae,
1087 4902 1145 4956 et
1172 4891 1457 4954 Erasmus
1501 4892 1815 4972 Augustini
1846 4901 2014 4955 aitate
2041 4911 2187 4958 auc-
2271 4913 2340 4959 ac
2361 4895 2562 4958 omnia
2594 4895 2858 4958 auctoris
2882 4900 3071 4958 nostri
3103 4897 3323 4978 scripta
3349 4899 3669 4979 postremis
3689 4891 3940 4964 Eusebii

537 4996 726 5049 torem
762 4993 1028 5047 nostrum
1065 4983 1283 5045 vixisse
1308 4981 1694 5048 arbitrantur.
2273 4985 2653 5068 temporibus
2678 4985 2918 5064 vulgata
2936 5003 3070 5048 esse
3085 5005 3154 5049 eo
3189 4987 3447 5068 probant
3463 4988 3606 5068 quia
3624 4989 3684 5051 in
3703 4988 3942 5071 Grego~

617 5077 834 5140 Narrat
857 5091 1033 5156 porro
1055 5072 2188 5162 Niceqhorus§5iuvenalem,Hieroso-
2268 5076 2346 5138 rii
2402 5074 2758 5138 Nazianzeni
2793 5075 3318 5140 lucubrationibus
3377 5078 3548 5160 plura
3603 5097 3637 5142 a
3668 5078 3847 5162 Bilio,
3883 5089 3943 5144 et

537 5166 822 5234 limitanai
847 5162 1013 5226 urbis
1043 5163 1416 5244 episcopum,
1446 5161 1775 5226 Pulcheriaz
1803 5163 2082 5243 Augustae
2112 5167 2190 5228 de
2270 5165 2386 5228 alia
2413 5165 2687 5246 quaedam
2729 5183 2766 5227 a
2793 5164 3016 5227 Dalltee
3071 5166 3387 5230 obsitrvata
3420 5161 3839 5250 reperiuntur,
3867 5169 3945 5232 iis

537 5271 788 5336 corpore
847 5252 1098 5334 virginis
1156 5253 1441 5342 Deiparai,
1479 5252 1870 5333 interroganti
1931 5273 2185 5336 respen-
2270 5273 2404 5338 quae
2423 5254 2741 5337 Dionysius
2763 5255 3029 5336 scripsit,
3057 5275 3307 5338 prorsus
3328 5258 3569 5323 similia.
3603 5260 3778 5342 Atqui
3805 5261 3948 5324 Dio-

540 5347 806 5420 dentem,
841 5361 912 5405 ea
951 5343 1152 5406 omnia
1182 5341 1447 5422 Dionysii
1501 5343 1744 5406 nomine
1785 5345 2023 5421 citasse,
2059 5363 2191 5427 qua:
2273 5345 2476 5427 nysius
2536 5345 2641 5408 illa
2689 5343 2982 5426 Gregorio
3037 5365 3156 5409 non
3206 5354 3298 5410 est
3357 5341 3948 5432 mutuatusputpete

617 5523 683 5610 βο
709 5523 1041 5610 Comment.
1078 5521 1142 5582 in
1165 5520 1446 5610 {112201th
1471 5541 1552 5604 xi,
1573 5539 1707 5610 sui,
1733 5540 1868 5586 xcv.
1895 5527 1945 5576 δ’
1978 5523 2266 5590 Biblioth.
2294 5525 2615 5610 cod.ilO7.
2641 5525 2704 5610 5f?-
2724 5525 2790 5588 In
2824 5524 3150 5610 Collecta-n.
3201 5529 3266 5581 55
3316 5529 3584 5592 Pherem.
3647 5531 3711 5591 in
3739 5528 3947 5610 Opem

541 5601 800 5685 Dtenys.
835 5602 888 5646 ⁵⁸
921 5605 1005 5663 De
1023 5604 1216 5666 sacris
1247 5599 1548 5666 Ordinat."
1572 5603 1632 5665 in
1666 5604 1817 5666 hanc
1848 5615 2082 5686 quaest"
2118 5625 2168 5669 cz

539 5701 698 5748 vers.
739 5685 1044 5767 Ruﬁnum.

2281 5608 2341 5673 6.
2371 5606 2399 5688 §
2434 5607 2530 5673 l2.
2557 5609 2622 5660 55
2648 5609 2804 5674 Hist.
2840 5604 2882 5672 l.
2915 5624 3011 5684 xv,
3045 5627 3175 5694 cap.
3223 5611 3319 5674 14.
3350 5611 3416 5664 86
3452 5613 3706 5692 Apolog.
3735 5599 3808 5673 2:
3834 5611 3945 5674 ad-
