4072 6428
107 359 186 425 49

1553 359 1962 428 PROLEGOM
1977 366 2123 430 ENA
2137 414 2150 429 .

3477 375 3556 442 50

107 494 208 574 qui
239 493 321 586 ab
353 494 496 586 aliis
520 495 829 586 omnibus,
860 496 1162 577 inquiunt,
1191 497 1619 560 ecclesiasticis
1645 499 1803 560 scri-
1827 507 1866 555 A
1900 497 2159 561 Verbum
2180 500 3240 586 divinissimum.--..perinconfusam
3261 507 3560 573 fiumen-t-

123 585 390 665 ptoribns
415 585 604 666 plane
627 585 901 649 diversus
931 588 1030 667 sit,
1062 599 1119 649 et
1149 588 1241 648 sui
1273 593 1501 651 tantum
1528 589 1751 650 similis
1777 609 1792 652 :

1895 592 2044 679 tutis
2069 598 2285 652 nostra:
2309 595 2801 672 assumptionem.
2830 593 2900 656 Et
2930 594 2992 657 in
3052 598 3306 676 epistola
3365 600 3426 679 4,
3480 601 3554 662 ad

126 677 314 737 omnia
340 694 602 767 quoque
634 676 847 758 placita
893 695 999 738 sua
1028 677 1100 738 ad
1131 677 1496 738 neotericum
1531 677 1802 740 Platoni-
1893 676 2597 755 Ca‘um:Quotenuseml
2620 683 2772 746 Deus
2796 693 2850 745 et
2877 686 3310 762 homomovam
3333 676 3550 767 quam-

126 775 348 827 starem
407 766 820 827 conformavit
863 767 1170 848 scholam;
1209 786 1278 829 ac
1310 767 1548 829 tandem
1583 768 1807 846 ubique

1921 769 2035 831 tum
2057 771 2363 833 nobiscum
2388 774 2809 836 conversuudo
2831 776 3140 852 οεανδρικὴν
3165 766 3430 857 ἐνέργεὶαν
3448 798 3557 842 ea:-

127 855 342 949 passim
379 873 418 916 ει
450 868 810 949 sanctorum
847 858 1081 919 Patrem
1113 855 1312 949 verbis
1343 866 1402 919 et
1447 857 1806 949 nationibus
1895 856 2132 949 liii/clm
2168 862 2318 932 Quid
2347 864 2604 942 planius,
2631 863 2771 944 quid
2796 864 3118 928 dilucidius
3143 855 3275 949 post
3296 855 3557 949 sparsos

125 945 387 1038 maxime
418 945 764 1038 abhorruit.
798 949 1020 1038 Contra
1044 965 1181 1009 vero
1211 945 1533 1026 Gregorius
1566 949 1810 1025 quoties
1897 947 2145 1010 Nestorii
2188 949 2644 1033 Eutychetisque
2696 973 2931 1016 errores
2984 975 3016 1017 a
3065 945 3274 1038 quovis
3308 945 3555 1022 auctore

122 1037 193 1098 ad
225 1037 619 1098 obscuriora
651 1037 924 1117 quadam
959 1045 1016 1099 et
1047 1038 1235 1114 magis
1267 1039 1680 1119 philosophica
1701 1040 1810 1102 de-
1897 1059 2164 1118 unquam
2195 1042 2480 1122 scriptum
2513 1053 2604 1106 est
2631 1043 2656 1105 ?

125 1127 333 1199 flectit,
374 1127 569 1189 toties
599 1126 675 1188 ab
703 1127 838 1189 aliis
867 1145 976 1189 sua
1004 1127 1251 1202 derivat,
1290 1136 1465 1208 atque
1495 1129 1717 1192 idcirco
1737 1147 1812 1192 ex

1971 1129 2369 1202 Quamobrem
2388 1152 2502 1193 non
2520 1133 2635 1195 levi
2652 1135 2894 1198 omnino
2911 1138 3260 1218 conjectura
3272 1136 3557 1216 colligere

126 1217 525 1297 philosophis
563 1223 623 1279 et
671 1219 952 1298 Dionysio
995 1225 1200 1280 nostro
1236 1218 1335 1280 illa
1364 1219 1641 1282 hausisse
1671 1238 1809 1283 vero
1899 1239 2214 1294 possumus
2243 1224 2595 1302 scriptorem
2631 1234 2900 1286 nostrum
2938 1217 3224 1288 maximas
3254 1245 3388 1288 cum
3424 1235 3551 1287 tur-

123 1307 364 1370 videtur
399 1306 824 1370 simillimum.

199 1398 400 1460 Porro
428 1399 483 1460 si
504 1416 691 1478 roges
719 1416 829 1459 cur
847 1399 1254 1462 venerandum
1277 1398 1538 1480 Dionysii
1563 1418 1806 1474 nomen,

1899 1309 2003 1369 bas
2032 1310 2102 1369 ab
2138 1311 2433 1374 luereticis
2478 1311 2849 1376 Nestorianis
2881 1327 2940 1376 et
2969 1315 3354 1397 Eutychianis
3399 1316 3546 1378 cieri

1897 1398 2147 1473 videret,
2186 1410 2323 1461 tunc
2353 1410 2414 1463 ut
2443 1410 2725 1484 utrosque
2759 1405 3175 1486 confunderet,
3220 1423 3288 1467 ac
3321 1425 3426 1487 pro
3460 1405 3553 1467 vi-

126 1491 400 1552 oratione
421 1507 557 1551 suae
581 1505 862 1568 magnum
890 1489 1122 1569 pondus
1149 1489 1672 1571 adjecturum,ille
1694 1508 1812 1552 non
1905 1488 2070 1551 ribus
2105 1490 2388 1553 Ecclesiae
2412 1493 2723 1555 catholicm
2755 1503 2954 1574 partes
2987 1493 3550 1570 tueretur,animum

131 1580 498 1653 inseruerit,
529 1597 891 1660 responsum
926 1579 1086 1642 illico
1116 1581 1377 1661 accipies
1421 1600 1641 1643 nomen
1672 1579 1817 1642 illud
1901 1579 1971 1640 ad
1999 1580 2384 1641 scribendum
2424 1583 2748 1663 appulisse.
2783 1585 2980 1666 Atque
3011 1593 3074 1646 ut
3101 1584 3159 1645 id
3193 1585 3305 1664 ipsi
3369 1583 3554 1646 cede-

133 1671 414 1752 ejusdem
431 1669 715 1750 Gregorii
735 1679 912 1732 relate
925 1668 1277 1733 Christianis
1297 1671 1574 1749 tanto,uti
1589 1678 1816 1751 postea,

136 1781 245 1825 non
283 1760 485 1822 fuisse
519 1761 580 1822 in
609 1761 866 1824 honore.
899 1761 1064 1822 Tunc
1095 1760 1389 1841 siquidem
1423 1769 1635 1824 auctor
1688 1760 1814 1835 ille,

1901 1681 1988 1731 ret
2023 1671 2278 1750 felicius,
2319 1691 2593 1751 magnum
2628 1674 2837 1754 utique
2864 1683 2920 1736 et
2965 1674 3370 1737 venerandum
3403 1673 3554 1736 Dio-

1903 1762 2047 1841 nysii
2080 1762 2449 1842 Areopagitre
2477 1782 2694 1825 nomen
2724 1763 2959 1845 scriptis
2991 1765 3114 1826 suis
3168 1765 3435 1846 prazlixit.
3472 1763 3555 1826 Ea

142 1874 238 1934 pro
274 1872 424 1916 vero
483 1853 848 1934 AreOpagita
881 1855 1142 1915 nondum
1177 1853 1435 1933 agnitus,
1469 1855 1557 1915 vir
1585 1861 1815 1917 tantum
1842 1888 1876 1936 Β
1901 1871 2040 1928 ergo
2074 1851 2236 1913 illius
2262 1871 2442 1927 opera
2475 1854 2625 1914 intra
2675 1871 2896 1915 annum
2939 1857 3080 1930 43l,
3116 1873 3232 1937 quo
3280 1872 3552 1918 tecumu-

147 1944 548 2024 magnus,qui
574 1944 685 2005 sub
707 1943 906 2006 alieno
931 1944 1172 2004 nomine
1194 1943 1612 2026 delitescebat,
1634 1943 1817 2006 habe-

1906 1942 2038 2003 nica
2098 1943 2354 2024 synodus
2409 1943 2712 2023 Ephesius
2767 1945 3053 2007 adversus
3119 1944 3505 2008 Nestorianos
3537 1988 3554 2015 ,

153 2042 347 2098 batur.
385 2033 554 2108 Quid
585 2053 724 2112 ergo
753 2034 991 2108 mirum,
1018 2033 1069 2095 si
1098 2031 1419 2114 Gregorius
1444 2035 1682 2115 proprio
1706 2053 1819 2096 no-
1904 2042 1960 2094 et
2001 2033 2133 2109 451,
2171 2052 2287 2113 quo
2322 2034 2831 2096 Chalcedonensis
2888 2046 3095 2098 contra
3153 2035 3558 2118 Eutychianos

150 2133 312 2188 mine
337 2145 485 2188 eum
512 2144 633 2186 non
655 2122 1177 2206 appcllavcrit,qui
1201 2124 1500 2188 neminem
1527 2143 1596 2187 ex
1613 2125 1823 2188 Catho-

146 2218 298 2294 licis,
359 2217 471 2278 sed
539 2233 800 2295 paganos
833 2214 1144 2294 duntaxat,
1178 2231 1247 2276 ac
1277 2216 1722 2296 Symmachum,
1759 2225 1824 2278 et

152 2307 424 2388 Aquilam
453 2306 814 2368 nominatim
839 2304 1097 2368 vocavit?
1131 2303 1421 2377 Caeterum
1454 2304 1722 2366 creditur
1741 2304 1819 2365 il-

157 2398 278 2458 lum
298 2398 390 2458 his
417 2395 624 2457 verbis
649 2395 868 2456 citasse
899 2396 996 2455 57:
1035 2393 1553 2470 Quemadmodum
1577 2403 1629 2457 et
1660 2394 1823 2457 alius

167 2491 371 2565 quidam
394 2499 519 2547 ante
553 2508 648 2545 nos
705 2490 1057 2562 pulcherrime
1087 2495 1139 2546 et
1192 2489 1570 2547 sublimissimo
1592 2490 1826 2561 philoso-

157 2575 373 2655 phatus
391 2585 501 2638 est.
528 2574 742 2656 Neque
775 2575 936 2637 enim
972 2576 1068 2637 hic
1119 2575 1462 2638 audiendus
1515 2581 1607 2638 est
1670 2575 1822 2637 Elias

1906 2123 2206 2184 celebrata
2229 2132 2340 2199 est,
2369 2123 2442 2186 ab
2469 2125 2569 2186 illo
2595 2125 2859 2205 profecta
2891 2143 3024 2188 esse
3067 2126 3362 2190 videntur.
3426 2129 3556 2194 Non

1907 2215 2187 2276 continuo
2220 2224 2417 2276 tamen
2451 2217 2508 2276 in
2545 2213 2842 2295 publicam
2877 2217 3070 2278 lucem
3127 2219 3441 2299 producta,
3501 2229 3562 2282 et

1908 2304 1980 2364 ab
2013 2305 2291 2365 omnibus
2325 2313 2587 2385 recepta,
2619 2307 2724 2368 sed
2771 2307 2997 2367 sensim
3055 2307 3188 2370 sine
3250 2327 3430 2372 sensu
3479 2312 3561 2372 ita

1909 2395 2281 2474 prodierunt,
2311 2403 2374 2455 ut
2405 2413 2520 2456 non
2543 2404 2680 2457 ante
2710 2405 3096 2458 memoratam
3128 2399 3404 2479 superius
3426 2401 3563 2464 Col-

1909 2485 2189 2545 lationem
2226 2484 2966 2566 Constantinopolitanam,
2993 2504 3152 2549 anno
3175 2488 3315 2564 533,
3349 2491 3408 2550 in
3433 2510 3557 2551 om-

1909 2576 2066 2635 nium
2107 2574 2378 2635 venerint
2407 2574 2833 2651 cognitionem.
2881 2577 3032 2638 Illud
3096 2597 3271 2658 porro
3330 2586 3388 2640 in
3441 2582 3558 2642 hu-

159 2667 475 2740 Cretensis,
515 2667 620 2745 qui
654 2666 737 2727 ibi
798 2666 1186 2728 Athanasium
1242 2666 1474 2728 laudari
1529 2675 1818 2729 autumat.
1900 2665 2070 2745 justo
2128 2665 2432 2743 opinionis
2488 2665 3002 2729 conﬁrmationem
3061 2669 3276 2731 adduci
3337 2680 3556 2752 potest,

157 2755 293 2816 Nam
327 2756 468 2817 huic
505 2755 774 2834 opinioni
809 2763 864 2815 et
893 2755 1180 2836 temporis
1211 2754 1449 2830 ratio,et
1478 2755 1824 2836 scriptionis

155 2865 335 2926 genus
361 2846 545 2925 plane
575 2846 991 2908 adversantur.
1030 2843 1100 2906 Et
1130 2863 1273 2908 vero
1305 2847 1630 2922 Gregorius
1662 2865 1818 2906 nun-

155 2956 324 3012 quam
359 2937 788 3009 Athanasium,
826 2954 1080 3014 quocum
1144 2935 1455 2998 meliorem
1514 2936 1646 2998 vitae
1704 2954 1827 2998 sua:

157 3037 379 3106 partem
409 3036 812 3106 transegerat,
839 3025 1338 3106 appellassettwa
1371 3033 1476 3082 τῶν
1507 3028 1608 3106 πρὸ
1637 3029 1817 3103 ἡμῶν,

158 3118 458 3197 quendam
523 3118 629 3194 qui
685 3125 829 3177 ante
885 3134 995 3178 nos
1055 3117 1230 3178 vixit.
1297 3117 1423 3180 Hoc
1473 3117 1695 3197 quippe
1731 3116 1823 3178 lo-

159 3207 374 3288 quendi
409 3225 646 3282 genere
697 3205 887 3268 Graeci
951 3206 1280 3284 scriptores
1339 3205 1668 3283 hominem,
1735 3206 1824 3268 vel

157 3298 512 3376 priusquam
548 3295 669 3356 nati
705 3305 929 3369 essent,
966 3295 1055 3356 vel
1091 3295 1268 3374 longe
1321 3303 1640 3375 antequam
1674 3297 1825 3358 scri~

157 3385 1076 3463 berent,mortuumindigitant.
1117 3388 1327 3464 Neque
1359 3385 1535 3446 etiam
1601 3384 1829 3464 Grego-

157 3479 279 3538 rius
340 3477 421 3538 de
486 3476 838 3548 Athanasio,
904 3494 1081 3555 quem
1118 3475 1194 3536 ob
1237 3474 1374 3555 styli
1404 3474 1831 3537 sublimitatem

156 3570 212 3628 in
245 3587 358 3629 sua
391 3565 675 3627 oratione
707 3568 1058 3645 panegyrica
1091 3584 1206 3626 non
1248 3564 1657 3637 commendat,
1713 3584 1830 3626 un—

155 3677 331 3738 quam
359 3657 642 3718 dixisset:
672 3655 1122 3719 Sublimissimo
1143 3654 1604 3734 philosophatus
1623 3661 1730 3716 est.
1761 3660 1834 3718 At

156 3758 496 3827 utrumque
529 3745 678 3806 illud
715 3755 773 3805 et
803 3744 1149 3824 scriptionis
1189 3763 1400 3824 genus,
1436 3752 1495 3805 et
1549 3745 1834 3824 temporis

161 3840 307 3899 ratio
329 3835 631 3915 scriptori
659 3842 857 3896 nostro
871 3835 1096 3915 optime
1111 3833 1670 3898 conveniunt.lllum
1687 3852 1833 3913 ergo

159 3949 192 3991 a
218 3930 525 4010 Gregorio
559 3929 932 3992 Nazianzeno
963 3926 1042 3989 ibi
1075 3927 1381 3990 laudatum
1445 3945 1575 3989 esse
1605 3927 1835 3989 nemini

156 4041 270 4082 non
311 4018 704 4102 probabitur.

236 4111 356 4182 Qui
391 4109 490 4170 his
538 4114 975 4170 convincuntur
997 4106 1290 4169 rationum
1320 4106 1662 4181 momentis,
1700 4108 1833 4187 opi-

156 4201 324 4262 nioni
359 4200 446 4259 illi
481 4208 773 4279 quantum
806 4197 1141 4274 voluerunt,
1181 4195 1580 4269 subscribant,
1616 4195 1690 4258 iis
1725 4216 1838 4258 nec

154 4291 515 4358 invitlimus,
548 4307 660 4349 nec
711 4289 1095 4350 reluctamur.
1129 4286 1460 4360 Quouiinns
1484 4294 1679 4350 tamen
1713 4306 1839 4347 om-

161 4399 302 4441 nem
338 4379 466 4438 illis
499 4377 874 4457 praebeamus
905 4393 1320 4456 assensum,ea
1346 4375 1718 4456 potissimum
1746 4394 1838 4438 ra-

162 4471 247 4531 tio
281 4487 394 4530 nos
427 4475 648 4547 movet,
675 4467 830 4547 quod
853 4474 1268 4547 argumentum
1292 4465 1589 4544 illud,quo
1618 4465 1839 4545 scripta

170 4556 438 4620 auctoris
465 4556 655 4618 nostri
685 4566 816 4637 post
840 4564 1036 4619 natam
1061 4554 1188 4618 Arii
1217 4554 1492 4618 haeresim
1521 4554 1678 4615 edita
1707 4572 1840 4615 esse
1864 4553 1906 4603 ο

174 4646 732 4721 demonstrabatur,
770 4647 928 4709 idem
962 4645 1108 4707 illud
1166 4645 1359 4726 ipsum
1418 4651 1547 4722 post
1605 4654 1844 4705 exortes

179 4737 430 4798 Nestorii
447 4754 693 4798 errores
710 4736 1001 4817 prodiisse
1018 4732 1431 4796 cuilibethand
1449 4729 1692 4792 dillicile
1714 4749 1847 4812 per-

180 4824 551 4889 suadebit.lu
580 4827 654 4887 iis
669 4826 896 4906 quippe
921 4823 1166 4886 haeresis
1181 4830 1392 4885 contra
1410 4820 1846 4883 Incarnationis

175 4915 389 4978 Christi
421 4913 776 4995 mysterium
815 4933 933 4974 non
969 4912 1167 4975 minus
1197 4919 1402 4992 aperte
1434 4927 1609 4990 quam
1638 4928 1847 4972 omnes

171 5015 388 5070 contra
421 5003 557 5084 ejus
588 5002 963 5064 divinitatem
999 5011 1057 5063 et
1087 5020 1264 5064 unam
1301 4999 1474 5061 trium
1509 4997 1846 5059 divinarum

171 5110 573 5174 personarum
591 5099 862 5153 naturam
877 5109 1116 5154 errores
1131 5088 1641 5172 proscribitur.De
1654 5089 1842 5150 incar-

171 5196 320 5246 nato
355 5182 518 5254 enim
539 5180 812 5243 DeiFilio
845 5181 1024 5243 variis
1056 5180 1115 5241 in
1149 5178 1299 5241 locis
1331 5179 1458 5240 haec
1484 5177 1736 5255 legimus
1756 5180 1842 5242 ὅδε

162 5279 263 5334 0.τὶ
298 5275 622 5350 principalis
680 5277 1032 5334 bonitas......
1095 5282 1405 5332 nostrorum
1460 5273 1698 5329 omnium
1725 5289 1847 5329 vere

166 5368 326 5435 facta
352 5364 626 5434 particeps
656 5363 854 5436 absque
903 5365 1144 5435 peccato,
1204 5359 1593 5430 humilitatique
1645 5366 1848 5417 nostra

170 5449 1010 5531 unita.salvopr0prt'etatum
1022 5465 1277 5510 suarum
1289 5451 1847 5526 statu.eoquepr0r-

172 5563 274 5608 sus
302 5546 634 5623 iuconfuso
658 5551 711 5606 et
737 5542 1066 5606 inviolato.
1107 5541 1171 5602 In
1194 5541 1312 5602 alio
1335 5547 1537 5603 autem
1571 5538 1722 5602 libro
1744 5539 1842 5606 59:

1908 2755 2062 2834 quod
2099 2756 2221 2815 haec
2254 2757 2468 2836 scripta
2499 2755 2558 2815 in
2623 2756 2714 2816 his
2767 2759 3156 2819 mcumenicis
3215 2761 3487 2823 conciliis
3528 2781 3562 2824 a

1910 2854 2169 2923 llt’lllln",
2209 2864 2403 2922 neque
2432 2853 2604 2906 etiam
2627 2864 2659 2906 a
2689 2848 2972 2908 iuvenale
2997 2847 3556 2932 Hierosolymitano,

1911 2935 2008 3013 qui
2046 2936 2204 2994 inter
2238 2936 2458 3014 primos
2486 2935 2794 3016 utriusque
2824 2938 3029 3018 synodi
3056 2941 3262 3001 Patres
3287 2940 3558 3013 sedebat,

1909 3026 2084 3084 citata
2114 3026 2507 3104 reperiantur.
2535 3026 2711 3088 Nulla
2728 3035 2926 3088 autem
2962 3029 3142 3108 hujus
3172 3029 3561 3093 sileniiicau-

1909 3134 1972 3174 sa
2003 3115 2116 3175 alia
2150 3125 2340 3194 potest
2370 3116 2593 3187 alligari,
2657 3117 2771 3177 nisi
2817 3118 2972 3199 quod
3031 3119 3406 3198 Dionysianae
3462 3121 3560 3181 lu-

1910 3204 2296 3267 cubrationes
2349 3217 2490 3265 tunc
2522 3225 2552 3266 e
2587 3207 2848 3269 tenebris
2881 3219 3278 3288 emergentes,
3315 3211 3408 3272 vix
3446 3211 3558 3273 ulli

1913 3305 2048 3355 ante
2068 3296 2384 3358 concilium
2408 3295 2897 3358 Chalcedonense
2923 3308 3076 3360 notae
3103 3301 3562 3364 fueruntJ‘orro

1914 3399 2110 3450 autem
2136 3387 2183 3448 si
2210 3405 2438 3467 quaeras
2459 3405 2566 3449 cur
2602 3388 2768 3466 plura
2790 3388 2945 3466 apud
2971 3397 3271 3450 auctorem
3295 3399 3562 3454 nostrum

1916 3487 2253 3551 occurrant,
2290 3495 2422 3537 cum
2459 3477 2552 3539 his
2601 3495 2733 3557 qua:
2788 3479 3112 3556 Gregorius
3165 3477 3566 3544 Nazianzenus

1916 3567 2173 3646 sciipsit,
2218 3565 2390 3645 plane
2419 3566 2662 3637 similia,
2716 3586 2832 3627 non
2887 3567 3146 3629 absurde
3206 3569 3567 3650 responderi

1919 3668 2105 3741 potest
2138 3658 2236 3720 illa
2270 3658 2342 3720 ab
2378 3669 2620 3722 auctore
2653 3668 2875 3732 nostro,
2909 3659 3013 3738 qui
3069 3661 3285 3740 saepius
3345 3669 3403 3724 et
3459 3681 3567 3724 sua

1918 3751 1988 3811 ab
2021 3748 2142 3812 alii.-
2183 3749 2511 3830 accepisse,
2560 3756 2620 3812 et
2646 3749 2901 3812 aliorum
2962 3751 3284 3831 Opiniones
3340 3751 3569 3815 referre

1917 3840 2083 3914 dicit,
2122 3839 2178 3900 in
2213 3857 2356 3900 usus
2387 3858 2546 3920 suos,
2585 3840 2758 3904 tacito
2783 3837 3049 3919 Gregorii
3085 3842 3348 3918 nomine,
3386 3843 3568 3905 fuisse

1919 3948 2114 3990 assum
2127 3938 2322 4008 pta,ac
2337 3930 2482 4011 stylo
2505 3930 2738 3993 reddita
2754 3939 2950 4012 suo,et
2972 3929 3270 3995 inusitatis
3285 3932 3568 4014 loquendi

1922 4021 2138 4083 modis.

2002 4109 2227 4182 Quibus
2257 4119 2458 4171 autem
2493 4110 2584 4172 liae
2616 4113 2978 4190 conjecturae
3011 4131 3120 4174 nec
3173 4112 3316 4174 satis
3357 4114 3567 4188 ﬁrmae,

1923 4215 2032 4260 nec
2051 4200 2294 4259 omnino
2323 4199 2660 4278 probabiles
2693 4201 3070 4278 videbuntur,
3120 4201 3300 4263 iidem
3335 4201 3570 4264 fatean—

1924 4297 2019 4350 tur
2051 4308 2296 4351 necesse
2324 4298 2412 4350 est
2444 4290 2568 4351 lucc
2627 4292 2935 4371 scriptoris
2985 4291 3172 4353 nostri
3202 4293 3400 4369 Opera
3430 4291 3570 4354 Col-

1923 4378 2202 4440 lationem
2221 4379 3149 4460 Constantinopolitanam,atque
3172 4381 3346 4441 etiam
3371 4382 3574 4443 saeculi

1922 4468 2070 4530 sexti
2093 4467 2261 4529 initia
2283 4469 2456 4548 longe
2483 4472 2910 4549 y'rmcucurisse
2932 4472 3218 4551 temporis
3239 4470 3572 4534 intervallo.

2546 4559 2790 4622 CAPUT
2827 4558 2956 4622 XX.

1931 4648 2016 4709 De
2047 4647 2262 4710 horum
2299 4647 2566 4728 Operam
2595 4649 2881 4729 utilitate,
2907 4657 2960 4713 rt
2993 4652 3139 4712 aliis
3169 4651 3427 4730 ejusdem
3458 4668 3574 4713 au-

2197 4740 2380 4801 ctoris
2401 4738 2729 4818 depcrditis
2754 4739 3291 4804 luouln'atimiilms.

2012 4829 2155 4890 Cum
2219 4829 2396 4907 igitur
2428 4837 2601 4889 tanta:
2650 4829 3018 4908 antiquitatis
3072 4829 3193 4893 sint
3223 4829 3323 4890 illa
3354 4829 3576 4910 Opera,

1931 4937 2001 4980 eo
2038 4919 2242 4996 majori
2275 4918 2433 4998 apud
2471 4916 2843 4980 Christianos
2865 4918 3091 4982 debent
3116 4937 3252 4982 esse
3279 4921 3335 4981 in
3360 4920 3578 4998 pretio,

1931 5026 2046 5088 quo
2080 5009 2247 5088 plura
2280 5009 2348 5068 ad
2380 5006 2730 5069 eorumdem
2755 5006 3224 5070 Christianorum
3259 5007 3578 5070 utilitatem

1930 5098 2170 5177 cepiose
2217 5097 2619 5178 suppeditant.
2682 5095 2747 5158 In
2807 5097 2878 5158 iis
2933 5101 3238 5160 enimvero
3293 5097 3584 5159 docemur

1932 5207 2062 5267 qtno
2093 5187 2404 5267 scriptoris
2440 5185 2624 5247 nostri
2658 5195 2716 5248 et
2747 5187 3125 5248 decessurum
3160 5188 3290 5266 ejus
3314 5195 3584 5266 tempore

1930 5275 2109 5338 fuerit
2141 5277 2412 5339 doctrina
2449 5274 2592 5336 lidei
2622 5284 2680 5336 et
2713 5293 2942 5337 morum
2980 5275 3317 5356 disciplina.
3351 5274 3590 5347 Quam-.

1930 5366 2015 5428 vis
2049 5367 2207 5427 enim
2238 5365 2297 5427 in
2329 5385 2399 5428 eo
2435 5365 2614 5428 falsus
2645 5383 2780 5426 esse
2809 5374 3114 5446 arguatur,
3148 5364 3306 5445 quod
3342 5381 3411 5425 ea
3451 5380 3586 5444 quat

1931 5457 2104 5518 docet
2137 5455 2404 5536 Dionysii
2437 5453 2812 5534 Areopagitae
2841 5461 3013 5517 aetate
3045 5455 3302 5532 viguisse
3333 5461 3582 5534 putave-

1929 5547 2029 5627 rit,
2061 5554 2293 5609 constat
2321 5553 2522 5609 tamen
2555 5562 2624 5606 ca
2656 5551 2856 5607 omnia
2910 5543 3199 5608 debuisse
3246 5551 3383 5605 ante
3417 5543 3584 5624 ejus-

255 5717 322 5769 57
355 5713 518 5778 Orat.
554 5715 633 5779 38
667 5714 728 5776 in
761 5713 1037 5794 Tlieoph.
1071 5719 1129 5776 et
1154 5711 1230 5774 42
1274 5712 1335 5772 in
1363 5709 1575 5773 Pasch.
1598 5711 1665 5764 58
1700 5712 1786 5776 De
1816 5716 2028 5783 ecoles.
2076 5718 2406 5782 [iterare/1..
2441 5737 2570 5800 cap.
2607 5721 2667 5780 3.
2700 5715 2764 5768 59
2797 5715 2886 5778 De
2917 5714 3108 5778 divin.
3144 5717 3378 5780 nomin.
