4072 6452
503 381 578 448 55

1662 377 1721 439 8.
1769 373 2178 441 DIONYSIUS
2222 376 2739 442 ABEOPAGITA.

3816 378 3901 443 56

503 522 564 584 in
595 518 802 584 codice
828 515 1175 581 Colbertino
1207 514 1461 596 aliisque
1484 512 1756 598 pluribus
1786 518 2152 596 praepostera
2172 516 2212 566 A
2237 527 2461 593 regem.
2498 509 2585 575 [bi
2611 512 3137 594 interpretationis
3158 532 3192 575 a
3218 510 3469 590 Joanne,
3491 532 3664 597 quem
3691 515 3899 580 Scoti-

502 609 953 695 perturbatione
984 605 1296 671 confundi.

582 699 884 764 Posterior
912 699 1152 760 tandem
1185 694 1374 759 codex
1404 694 1794 759 Colbertinus
1833 711 1867 755 a
1897 690 2153 773 quodam

504 790 800 856 monacho
856 786 1102 850 nomine
1155 788 1447 865 Longino,
1482 804 1640 847 anno
1699 782 1932 862 mundi,
1966 789 2032 841 ut
2066 778 2158 872 ab

505 882 719 946 eodem
772 878 1034 959 Longino
1083 876 1456 950 subnotatur,
1490 875 1672 949 6780,
1706 873 1764 935 id
1801 885 1892 935 est
1943 870 2158 936 Christi

504 991 661 1034 anno
697 969 875 1043 1272,
911 968 1247 1049 descriptus
1276 973 1390 1029 est.

587 1064 676 1126 De
698 1079 808 1124 ms.
828 1057 1435 1137 Sandianysiana.—-
1457 1054 1953 1118 Observabamus
1983 1069 2162 1133 supra

504 1150 794 1237 quasdam
818 1148 1058 1215 Graecos
1086 1145 1347 1219 codices,
1375 1143 1585 1237 Carolo
1601 1145 1779 1208 Calvo
1802 1144 2158 1237 Imperante,

502 1235 568 1308 in
617 1241 819 1306 Sancti
850 1237 1106 1319 Dionysii
1160 1254 1344 1318 prope
1374 1235 1669 1298 Lutetiam
1725 1235 2154 1297 monasterium

501 1336 687 1399 fuisse
707 1335 1073 1412 asportatos;
1094 1325 1200 1387 sed
1225 1324 1542 1405 lugendam
1568 1343 1775 1387 eorum
1806 1344 1942 1386 cum
1969 1333 2153 1387 cmte-

500 1424 587 1487 ris
615 1423 806 1486 ferme
833 1414 1113 1481 omnibus
1142 1414 1457 1477 ditissimae
1479 1413 1751 1495 ejusdem
1776 1413 2155 1476 bibliothecae

501 1508 925 1589 manuscriptis
939 1509 1236 1589 jacturam
1262 1502 1538 1566 fecimus.
1564 1504 1729 1567 Alius
1748 1505 1849 1587 qui
1880 1504 1962 1565 ibi
1989 1522 2147 1565 nunc

2236 619 2450 681 genam
2508 611 2699 671 vocat,
2732 603 2892 666 edite
2937 603 3236 665 meminit.
3293 603 3720 686 Imperatorem
3749 624 3899 669 vero

2237 694 2561 756 certionem
2589 693 2729 757 facit
2753 712 2818 757 se
2840 694 2913 756 ad
2948 713 3081 756 eum
3110 693 3446 757 versionem
3474 701 3713 760 mittere
3732 695 3897 760 Gran-

2243 801 2447 845 corum
2485 784 2720 847 Maximi
2761 793 2820 846 et
2849 785 3093 848 Joannis
3127 784 3593 867 Scythopolitani
3621 787 3894 850 scholia-

2243 892 2401 938 rum:
2428 893 2559 954 qua:
2583 875 2823 957 quidem
2849 876 3150 954 quomodo
3172 894 3206 938 a
3226 893 3293 939 se
3318 875 3571 939 invicem
3596 877 3890 942 distinxe-

2245 966 2347 1047 rit,
2375 966 2472 1028 his
2496 964 2689 1029 verbis
2719 965 3011 1046 signiﬁcat
3043 987 3057 1030 :
3092 965 3367 1046 Ipsorum
3399 973 3593 1031 autem
3624 966 3891 1031 scholia-

2244 1070 2365 1112 rum
2409 1073 2499 1112 seu
2521 1057 2893 1129 paramesen»,
2923 1072 3247 1130 quacunque
3284 1057 3341 1111 in
3368 1056 3508 1114 catae
3555 1059 3642 1115 sui
3675 1059 3895 1130 signum

2245 1146 2500 1228 uiuiﬁcae
2520 1148 2718 1209 crucis
2738 1145 2985 1221 habent,
3011 1163 3050 1209 a
3079 1145 3245 1211 beato
3270 1146 3534 1210 Maxima
3551 1149 3895 1227 confessam

2239 1256 2311 1299 ae
2333 1236 2619 1300 monacho
2643 1238 2892 1300 inventa
2913 1245 3274 1301 narrantur:
3302 1244 3517 1301 caetera
3537 1255 3675 1302 vero
3690 1240 3894 1302 sancti

2239 1326 2496 1391 Joannis
2546 1326 3041 1409 Scythapatitani
3066 1330 3365 1391 antistitis
3398 1345 3526 1391 esse
3563 1327 3887 1409 feruntur.

2311 1508 2391 1565 De
2414 1508 2639 1581 epistola
2657 1507 2941 1566 undecima
2963 1508 3035 1565 ad
3055 1507 3562 1582 ApatIOphanem.——
3592 1507 3739 1567 Illud
3762 1518 3888 1569 tan-

498 1598 928 1677 habetur,illuc
967 1595 1045 1659 ab
1077 1595 1440 1673 imperatore
1491 1594 1768 1657 Manuale
1821 1594 2146 1673 Palmologo
2230 1597 2367 1660 dem
2398 1599 2527 1661 sine
2558 1598 2976 1662 observatione
3005 1598 3203 1681 aliqua
3236 1598 3607 1680 praetermitti
3639 1620 3758 1663 non
3782 1601 3886 1665 de-

501 1691 722 1755 missus
754 1696 864 1752 est.
898 1686 1092 1766 Atque
1117 1685 1177 1745 in
1206 1684 1456 1762 hujusce
1486 1683 1578 1745 rei
1603 1683 1781 1745 fidem
1814 1684 1940 1746 haec
1971 1684 2147 1747 verba
2231 1687 2356 1763 bet,
2390 1689 2550 1772 quod
2614 1708 2808 1772 neque
2838 1691 2896 1751 in
2961 1689 3057 1751 his
3088 1690 3369 1753 omnibus
3401 1689 3729 1773 codicibus,
3762 1694 3891 1755 sive

498 1780 564 1845 in
588 1780 710 1844 ﬁne
728 1777 998 1861 ejusdem
1022 1773 1187 1849 libri,
1214 1773 1317 1836 sed
1348 1791 1524 1836 manu
1550 1774 1872 1836 recentiori
1902 1774 2145 1853 subjec-
2232 1780 2455 1842 Graecis
2483 1778 2612 1843 sive
2661 1780 2910 1853 Latinis,
2948 1798 3144 1859 neque
3197 1781 3257 1842 in
3289 1780 3569 1843 omnibus
3596 1781 3724 1844 fere
3752 1782 3884 1845 edi-

499 1881 557 1934 ta
582 1878 722 1934 sunt
754 1886 769 1932 :
833 1869 940 1927 «Τὸ
968 1868 1137 1945 παρὸν
1167 1863 1366 1941 βιϐλίον
1400 1865 1676 1930 aneos-ila
1708 1867 1850 1948 παρὰ
1880 1865 1970 1922 τοῦ
2001 1868 2137 1941 ὕψη.

2236 1867 2519 1945 tionibus,
2557 1869 2670 1931 nisi
2713 1868 2775 1932 in
2827 1869 3198 1933 Bibliotheca
3227 1878 3431 1933 nostra
3475 1872 3885 1948 Lugdunensi.

504 1962 734 2021 λοτάτον)
794 1956 1086 2037 βασιλέως,
1148 1958 1236 2012 καὶ
1288 1956 1674 2034 αὐτοκράτορος
1726 1946 2001 2031 Ῥωμαίων
2050 1979 2140 2012 zu-

503 2059 595 2132 ροῦ
651 2047 932 2117 ’Μινουηλ
984 2054 1077 2105 τοῦ
1136 2044 1501 2125 Παλαιολόγου
1556 2046 1628 2110 εἷς
1678 2047 1739 2102 τὸ
1798 2049 2151 2125 μονοιςττζριον

503 2149 596 2200 τοῦ
648 2139 823 2199 Ἀνὶου
870 2138 1139 2197 Διονυσίου
1209 2143 1287 2211 τῷ
1335 2135 1388 2191 ἐν
1446 2138 1689 2215 napus-{ip
1737 2142 1836 2205 τῆς
1880 2138 2149 2213 (bluam-ix;

504 2233 539 2299 ἢ
601 2230 892 2294 Periuria“.
925 2228 1031 2285 ἀπὸ
1087 2233 1186 2294 νῆς
1228 2225 1835 2292 Κωνσταντινουπό).εως
1894 2225 1959 2281 δι’
2021 2226 2152 2302 ἐμοῦ

504 2319 758 2391 Mariae-ﬁ).
814 2328 908 2378 τοῦ
994 2316 1315 2396 Χρυσολωρᾶ
1347 2363 1363 2391 ,
1454 2316 1785 2396 πεμφθέντος
1884 2314 2151 2396 πρεπόἐως

502 2412 644 2489 παρὰ
695 2419 788 2470 τοῦ
820 2409 1100 2490 εὶρημένου
1155 2405 1445 2486 βασιλξως,
1477 2406 1583 2462 ’ἔτει
1615 2408 1721 2464 ἀπὸ
1764 2412 2005 2469 missio);
2051 2410 2149 2463 γό-

500 2523 638 2577 σμοο
694 2497 1145 2581 ἑξακισχιλιοστῷ
1202 2495 1712 2577 ἐννεακισχιλιοστῷ
1773 2495 2148 2569 ἑξκαιίδεκάτί).

498 2593 606 2648 ἀπὸ
640 2590 958 2670 capitibus):
992 2586 1047 2644 δὲ
1077 2594 1170 2646 τοῦ
1205 2588 1390 2663 Κυρὶου
1432 2586 1699 2666 χιλιοστῷ
1726 2596 2150 2665 τετρακοσιοστῷ

513 2681 527 2697 ς
639 2681 669 2704 γ
740 2672 779 2708 c,
1174 2678 1184 2694 ι
1321 2677 1331 2691 ο
1492 2678 1505 2695 \
1584 2677 1610 2699 ν
1859 2679 1869 2701 ο
2102 2681 2114 2699 τ

501 2679 700 2759 ογδοῳ,
788 2689 947 2742 Οστις
1000 2680 1278 2758 εἶρημενος
1309 2676 1548 2741 εασιλευς
1579 2676 1710 2744 ηλοε
1770 2700 2024 2757 προτερον
2075 2701 2147 2740 εις

500 2772 560 2828 τὸ
592 2771 851 2841 Παρύσιον
881 2770 984 2849 πρὸ
1013 2771 1149 2826 ἑτῶν
1181 2769 1472 2844 τεσσάρων.
1511 2766 1635 2829 Hic
1664 2766 1812 2829 liber
1841 2767 2142 2830 Constan-

500 2860 727 2933 tinopoli
755 2860 827 2917 ad
846 2857 1229 2914 monasterium
1256 2857 1439 2913 Sancti
1472 2855 1717 2928 Dionysii
1735 2856 2059 2915 Parisiensis
2083 2860 2145 2914 in

497 2950 739 3008 Francia
763 2949 875 3023 sive
903 2947 1082 3006 Gallia
1110 2947 1310 3005 missus
1339 2953 1417 3004 est
1446 2962 1482 3004 a
1510 2945 1790 3004 celsissimo
1829 2948 2065 3020 prinripe
2095 2953 2145 3006 et

2233 1958 2486 2040 epistola
2520 1958 2869 2041 undecima,
2894 1959 3161 2041 Dionysii
3188 1961 3375 2023 nostri
3401 1962 3647 2022 nomine
3666 1962 3886 2025 inscri-

2233 2056 2350 2129 pta,
2383 2048 2591 2112 decem
2626 2048 2764 2112 aliis
2818 2049 3235 2127 superioribus
3266 2049 3664 2116 subnectitur.
3695 2050 3758 2114 In
3813 2071 3888 2116 ea

2232 2148 2442 2201 auctor
2495 2137 2903 2218 Apollophani
2963 2139 3340 2221 philosopho,
3403 2139 3475 2202 ad
3521 2159 3700 2221 quem
3745 2141 3883 2205 data

2235 2239 2349 2309 est,
2382 2227 2459 2292 de
2512 2227 2674 2291 illius
2704 2230 2776 2290 ad
2811 2229 3199 2292 Christianam
3246 2230 3426 2292 fidem
3487 2233 3887 2296 conversione

2235 2319 2558 2399 pturimnm
2591 2321 2937 2399 gratulatur,
2972 2328 3031 2382 et
3060 2321 3134 2381 de
3174 2320 3318 2382 solis
3356 2319 3716 2403 defectione,
3751 2341 3889 2404 quin

2233 2408 2466 2471 Christo
2525 2410 2847 2485 moriente,
2883 2416 3237 2490 contigerat,
3275 2427 3615 2473 sermonem
3674 2430 3889 2477 rursus

2233 2500 2504 2564 instituit.

2313 2590 2451 2655 Haec
2477 2600 2675 2655 autem
2709 2593 2962 2674 epistola
2993 2612 3108 2655 non
3149 2593 3342 2655 solum
3374 2593 3713 2657 certissima
3765 2598 3889 2659 evi-

2231 2681 2431 2743 dentis
2459 2682 2697 2761 praefert
2718 2682 2989 2745 talsitatis
3015 2679 3257 2758 indicia,
3291 2682 3396 2745 sed
3429 2702 3539 2744 nec
3569 2683 3643 2746 ab
3667 2685 3886 2749 eadem

2230 2780 2474 2834 auctare
2504 2790 2573 2833 ac
2620 2770 2830 2835 decem
2865 2772 3237 2853 superiores,
3270 2772 3492 2852 aliique
3539 2772 3886 2856 Dionysiani

2229 2859 2364 2921 libri
2401 2860 2667 2941 profecta
2718 2878 2851 2924 esse
2876 2861 3136 2925 videtur.
3187 2861 3502 2926 Enimvero
3534 2863 3636 2925 illa
3680 2884 3789 2929 nec
3822 2870 3883 2929 in

2227 2949 2674 3032 manuscriptis,
2711 2950 2795 3012 uti
2847 2951 3128 3027 diximus,
3164 2970 3278 3015 nec
3334 2953 3396 3014 in
3429 2953 3697 3016 melioris
3729 2965 3885 3020 natm

497 3042 810 3113 imperatore
868 3041 1221 3096 Romanarum
1267 3036 1481 3093 domino
1536 3037 1787 3096 Manneia
1843 3038 2007 3095 Palas.
2030 3039 2141 3111 tngo
2225 3038 2587 3103 editionibus
2613 3040 2844 3121 vulgata
2859 3051 2967 3105 est.
2988 3042 3218 3123 Deinde
3234 3041 3307 3104 ab
3330 3042 3582 3105 aliarum
3600 3063 3735 3107 cum
3752 3046 3884 3127 epi-

492 3150 605 3212 per
624 3148 721 3194 me
744 3127 1816 3208 ManualemChrysolarum,tegatum
1842 3130 2140 3193 missnma
2226 3129 2539 3205 stolarum,
2574 3137 2693 3193 tum
2725 3131 3206 3194 lucubrationum
3240 3131 3503 3213 Dionysii
3525 3135 3711 3197 nostri
3732 3137 3881 3216 style

494 3222 651 3284 dicto
679 3225 1061 3302 imperatore,
1089 3236 1251 3281 anno
1284 3237 1323 3280 a
1365 3220 1671 3281 creatione
1709 3221 1922 3281 mundi
1951 3222 2202 3304 sexiesc
2228 3237 2470 3300 prorsus
2501 3219 2806 3284 abhorret.
2843 3221 3113 3303 Denique
3145 3222 3277 3283 divo
3308 3222 3589 3298 Maximo,
3615 3222 3879 3306 Operam

495 3311 1277 3390 millesimonangintesima
1299 3310 1527 3372 decima
1548 3310 1831 3385 δηρίομαι)
1857 3311 2145 3375 lncarna-
2228 3308 2486 3381 Dionysii
2517 3308 2961 3382 diligentissimo
2980 3311 3324 3383 indagatori.
3349 3313 3517 3382 plane
3537 3314 3885 3387 penitusque

495 3405 662 3467 tione
714 3419 861 3464 vero
894 3400 1137 3463 Domini
1181 3398 1507 3462 millesima
1551 3400 2143 3480 quadringentesimo
2226 3399 2670 3478 incagnitafuit.
2700 3399 3213 3463 Nullasetenimin
3239 3419 3396 3476 eam,
3420 3403 3643 3465 sicutin
3667 3413 3882 3469 caetera

494 3500 735 3556 octava.
773 3490 896 3565 Qui
911 3489 1111 3553 dictus
1132 3490 1464 3569 imperator
1485 3495 1655 3569 prius
1682 3491 1957 3555 Parisios
1979 3492 2145 3555 venit
2228 3490 2492 3571 Dionysii
2521 3490 2850 3570 Opera,ille
2864 3490 3052 3553 edidit
3071 3492 3700 3565 observationesﬂuid
3717 3497 3878 3570 quod

492 3590 636 3653 ante
665 3585 933 3662 quatuor
972 3596 1192 3642 annos.
2228 3579 2719 3660 etipseMaximus
2732 3579 3075 3661 Dionysium
3091 3599 3225 3642 cum
3242 3580 3383 3643 solis
3396 3582 3663 3662 eclipsim
3679 3581 3886 3646 obser-

574 3670 737 3733 Duos
760 3670 1009 3750 insuper
1036 3667 1279 3731 Latinos
1314 3672 1471 3732 nacti
1495 3689 1700 3732 sumus
1730 3690 1906 3733 manu
1939 3691 2138 3734 exara-
2222 3676 2407 3750 varet,
2443 3686 2665 3731 annum
2697 3670 2890 3732 aetatis
2929 3668 3273 3732 vicesimum
3308 3672 3576 3752 quintum
3606 3673 3881 3751 attigisse

493 3773 586 3825 tos
632 3760 895 3835 codices,
928 3757 1146 3840 quibus
1175 3758 1372 3821 versio
1423 3761 1668 3822 Joannis
1698 3761 2027 3841 Scotigeum
2069 3778 2136 3823 ac
2222 3758 3885 3844 merisconjecturisprobareconatur.Atnullaipsiopus

492 3851 611 3913 divi
666 3849 931 3924 Maximi,
965 3848 1358 3931 ejusdemque
1385 3847 1636 3913 Joannis
1684 3849 2017 3930 Scotigenzu
2051 3855 2135 3930 (t)

493 3949 648 4004 notia
706 3947 766 4002 et
793 3938 1023 4000 scholia
1066 3937 1445 4008 exhibentur,
1486 3940 1720 4002 Primus
1749 3939 2138 4003 Bibliotheca;

492 4028 696 4110 Regia)
755 4035 868 4101 est,
902 4028 1210 4089 secundus
1238 4026 1635 4092 Colbertinm:
1671 4030 1820 4091 alter
1848 4031 1921 4091 ab
1966 4034 2137 4093 annis

493 4119 733 4184 circiter
752 4117 898 4193 660,
931 4118 1229 4179 altervero
1262 4116 1378 4179 400
1394 4117 1749 4200 descriptus.
1790 4122 1849 4182 in
1887 4130 2137 4199 utroque

493 4206 1211 4290 j-racmittunturejusdem
1229 4208 1473 4269 Joannis
1495 4210 1962 4290 Scythopolitani
1989 4211 2139 4288 (2:01

490 4297 785 4361 Anastasii
814 4295 1263 4361 Bibliothecarii
1289 4297 1362 4360 ad
1416 4297 1691 4361 Carolum
1724 4299 1960 4361 Calvum
2009 4301 2136 4379 epi-

492 4389 683 4464 stolae,
716 4387 933 4468 quibus
970 4386 1025 4448 ei
1058 4386 1352 4449 versianis
1406 4393 1727 4469 operisque
1756 4391 1847 4451 sui
1883 4391 2140 4452 reddunt

489 4480 805 4542 rationem.
832 4476 1099 4559 Epistola
1112 4477 1358 4541 Joannis
1371 4478 1458 4540 sic
1476 4479 1857 4544 inscribitur:
1890 4481 2137 4545 Clario-

2219 3848 2723 3928 eratconjectura,
2747 3849 2794 3909 si
2810 3848 2935 3911 haec
2949 3848 3222 3931 epistola,
3251 3848 3355 3911 ubi
3378 3849 3434 3911 id
3450 3851 3656 3932 aperle
3678 3853 3885 3916 decla-

2221 3936 2476 4011 ratur,in
2492 3937 2620 4015 ejus
2635 3955 2847 3998 manus
2861 3938 3053 4019 aliqua
3065 3939 3182 4000 nda
3205 3938 3488 4021 venisset,
3515 3941 3672 4002 Vera
3697 3942 3889 4018 igitur

2221 4023 2457 4086 videtur
2479 4025 2723 4087 omnino
2755 4026 2956 4090 simile
2974 4046 3103 4089 eam
3128 4045 3163 4089 ει
3193 4036 3350 4090 male
3379 4028 3590 4091 feriato
3616 4030 3885 4109 quodam

2222 4114 2518 4194 scriptore
2540 4133 2610 4177 ex
2635 4117 2892 4196 septima
2917 4117 3182 4180 auctoris
3207 4120 3395 4180 nostri
3417 4117 3493 4181 ad
3516 4119 3890 4200 Apollopha-

2222 4220 2360 4265 nem
2378 4204 2648 4284 epistola,
2674 4205 2735 4266 in
2758 4223 2874 4287 qua
2896 4207 2972 4269 de
2995 4214 3321 4270 memorata
3339 4208 3484 4269 salis
3509 4209 3713 4291 eclipsi
3746 4210 3881 4272 dis-

2222 4301 2404 4373 putat,
2436 4302 2563 4374 post
2593 4294 3260 4360 Maximiobitumfuisse
3291 4298 3703 4378 compositam.
3736 4301 3886 4363 Por-

2220 4401 2287 4445 ro
2310 4391 2504 4445 autem
2526 4402 2643 4445 non
2675 4384 2790 4447 alia
2807 4384 3050 4465 quidem
3080 4387 3314 4450 ratione
3335 4386 3442 4448 ille
3473 4388 3885 4452 Pseudoobio-

2223 4472 2424 4553 nysius
2474 4491 2605 4534 eam
2656 4474 2968 4554 scripsisse
3024 4474 3278 4552 videtur,
3315 4476 3428 4538 nisi
3491 4486 3557 4541 ut
3597 4479 3878 4541 eumdem

487 4570 725 4632 sissima
736 4567 1171 4631 catholicarum
1188 4586 1398 4649 regum
1412 4567 1637 4632 Carolo
1660 4569 1927 4634 Joannes
1946 4582 2135 4634 ειτηε-
2160 4582 2202 4633 Ξ)
2225 4561 2693 4644 Apollophanem
2709 4562 3065 4627 Christianae
3079 4565 3459 4646 religioni,ad
3475 4585 3651 4644 quam
3666 4577 3883 4631 auctor

487 4677 621 4722 mus
651 4657 875 4737 saphia:
894 4658 1297 4719 stridentium.
1338 4659 1732 4720 Anastasinna
1756 4679 1928 4724 vero:
1963 4665 2133 4724 Pro:-

488 4751 642 4828 fatia
660 4748 1000 4827 Anastasii,
1017 4747 1363 4827 apostolicae
1378 4748 1538 4811 sedis
1558 4750 2030 4833 bibliotheearir,
2055 4755 2136 4813 ad

486 4836 989 4897 excellentissimum
1018 4850 1201 4908 regem
1237 4844 1284 4894 et
1317 4838 1851 4898 Christianissimum
1882 4843 2134 4900 Ceratum

561 4999 638 5068 (t)
670 4997 811 5070 Lege
839 4997 1172 5070 lamnisque
1198 4997 1649 5074 Scythopotitani.
1684 5002 1841 5059 Enrr.
1880 5002 2054 5061 Pun.

2221 4651 2492 4733 epistola:
2515 4652 2787 4733 septimae
2809 4671 2945 4715 eum
2971 4654 3231 4718 educere
3264 4664 3612 4733 tentaverat,
3650 4676 3879 4721 nomen

2220 4759 2396 4803 suum
2428 4740 2746 4823 aliquando
2777 4741 3019 4806 dedisse
3046 4744 3328 4807 omnibus
3357 4764 3722 4828 quocunque
3745 4755 3879 4812 tan-

2221 4829 2356 4892 dem
2392 4831 2568 4893 modo
2599 4832 3009 4913 persuaderet.

2302 4999 2386 5081 (2)
2429 5001 2584 5081 Lege
2618 5000 2972 5084 Seatigence.
3006 5000 3093 5065 In.
