4072 6436
539 362 616 431 83
1687 359 1749 423 S.
1799 357 2211 422 DIONYSIUS
2253 357 2765 423 AREOPAGITA.
3849 360 3933 425 84

535 500 673 564 Non
698 502 997 579 pugnant,
1031 496 1243 578 inquit,
1277 510 1498 575 secum,
1534 493 1735 557 dicere
1781 493 1967 556 Deum
1996 511 2104 573 per
2128 512 2193 557 se
2215 502 2252 553 Α
2274 497 3791 582 sanctitas,7’ustitia,misericordia,beatitudo,vita
3804 520 3941 564 om-

531 594 889 671 potestatem
912 595 967 650 et
986 604 1098 669 per
1123 606 1184 649 se
1208 587 1494 665 oitam;et
1530 586 1741 646 Dicere
1764 586 1947 647 Deum
1967 592 2192 649 creato-
2271 586 2424 643 nium
2475 587 2783 653 viventium,
2825 603 2935 645 esse
2991 588 3228 645 omnium
3286 590 3645 657 resistentium,
3697 592 3944 648 omnium

534 697 667 742 rem
681 696 794 760 per
812 696 876 742 se
892 675 1160 753 νήιδεωεί
1172 694 1281 766 per
1297 694 1363 739 se
1382 677 1575 757 pacis,
1604 675 1697 737 cet
1716 694 1823 757 per
1842 693 1903 738 se
1920 684 2189 757 potesta-
2272 680 2591 761 perfectio,
2618 679 3030 758 pulchritudo,
3054 698 3356 755 mensura,
3383 683 3567 757 ratio,
3586 683 3944 766 salus,con~

536 771 633 836 lit;
660 769 772 827 haec
801 770 940 825 enim
967 767 1176 826 dicitur
1202 765 1338 823 Deus
1366 782 1436 823 ιω
1463 766 1534 823 θέε
1554 780 1675 838 qum
1709 770 1857 833 εαηε.
1891 774 1939 821 εἰ
1966 769 2194 824 maxime
2274 774 2557 833 servatio.
2583 770 2752 834 Unde
2774 770 2941 832 divus
2958 772 3319 848 Bernartius,
3344 772 3447 835 lib.
3473 792 3529 836 ν.
3556 774 3637 835 De
3668 765 3936 839 constet:

537 879 609 923 ea:
637 864 708 922 iis
756 879 871 939 qua
891 862 1081 936 prima
1144 865 1292 932 sunt,
1326 866 1579 933 tanquam
1610 876 1772 917 causa
1808 862 2049 917 omnium
2077 877 2195 933 quia
2283 862 2446 936 Quid
2459 867 2545 924 est
2567 863 2752 925 Deus?
2771 860 3939 943 Voluntasomnipotens,beneuolontis-

537 960 665 1013 sunt
701 972 722 1012 :
776 954 877 1010 illa
932 958 1108 1010 autem
1145 951 1345 1008 dicitur
1396 956 1657 1022 tanquam
1713 951 1945 1009 existens
2006 968 2198 1025 super-

540 1043 989 1103 substantiatiter
1016 1057 1187 1115 supra
1244 1041 1427 1098 omnia
1460 1057 1580 1113 qua:
1613 1046 1754 1109 sunt,
1785 1047 1832 1095 et
1872 1057 1992 1113 quin
2016 1044 2196 1115 primo

541 1142 707 1200 sunt.
732 1134 968 1199 Dicitur
999 1152 1136 1214 ergo
1159 1133 1321 1196 Deus
1339 1149 1446 1213 per
1470 1149 1534 1193 se
1555 1131 1945 1208 vita,seilicet
1967 1132 2192 1213 impar-

542 1224 806 1306 ticipata,
843 1224 1168 1302 illimitata,
1201 1231 1317 1284 etc.
1354 1225 1588 1285 Anotor
1621 1239 1762 1284 vero
1794 1239 1903 1302 per
1930 1240 1995 1284 se
2025 1226 2191 1304 vita,

542 1313 775 1377 scilicet
810 1312 1196 1395 participatae,
1225 1311 1514 1385 limitatae,
1547 1318 1690 1390 etc.,
1718 1310 1840 1371 sive
1862 1311 2004 1373 doni
2036 1310 2195 1374 illius

540 1424 656 1486 quo
692 1407 958 1466 viventes
987 1403 1147 1476 facit,
1178 1402 1262 1464 ita
1296 1402 1577 1463 nimirum
1611 1409 1676 1462 nt
1702 1419 1810 1482 per
1841 1420 1907 1463 se
1935 1402 2049 1464 vita
2082 1422 2193 1465 na-

542 1501 735 1555 turam
770 1493 906 1556 vitae
938 1491 1260 1573 signiticet,
1288 1491 1349 1553 id
1381 1499 1470 1553 est
1496 1509 1564 1552 ea
1585 1509 1716 1570 quae
1745 1491 1962 1554 cadunt
1994 1493 2051 1556 in
2084 1494 2194 1556 de-

542 1582 875 1647 ﬁnitionem
906 1582 1045 1646 vita:
1078 1583 1187 1663 (5),

1038 1674 1514 1741 OBSERVATIO
1558 1674 1690 1741 VII.

806 1770 964 1846 Quid
1004 1777 1247 1852 signent
1279 1773 1606 1852 composita
1635 1789 1709 1834 ea:
1754 1773 1922 1854 ἀρχή.

2277 954 2431 1015 sima
2448 954 2508 1015 vi
2517 952 2869 1019 rtus.lumen
2885 955 3506 1021 wternumincommu
3518 962 3576 1017 ta
3587 956 3725 1017 bilis
3737 960 3937 1030 ratio,

2278 1051 2505 1105 interna
2523 1042 2851 1105 beatitudo.
2886 1041 3145 1104 Etinfra:
3171 1044 3358 1107 Amat
3378 1051 3446 1107 ut
3461 1044 3944 1124 etiaritas,nooit

2277 1141 2344 1198 ut
2368 1133 2865 1212 veritasjudicot
2896 1133 3618 1214 utaqut'tas,dominulur
3636 1144 3704 1197 ut
3732 1139 3942 1212 maie-

2274 1225 3389 1306 stas,regitutprincipium,operatur
3408 1232 3473 1287 ut
3487 1226 3945 1308 virtus,tuetur

2276 1326 2345 1380 ut
2374 1315 2562 1390 salus,
2597 1312 2824 1377 revelat
2847 1322 2913 1376 ut
2937 1314 3076 1395 tum,
3108 1317 3334 1377 assistit
3362 1322 3427 1377 ut
3465 1317 3682 1395 pietas,
3712 1327 3829 1379 etc.
3867 1316 3941 1378 Et

2278 1401 2818 1487 quamvisplurima
2845 1420 2899 1464 rc
2913 1421 3042 1465 rum
3062 1405 3300 1467 nomina
3323 1405 3411 1468 illi
3442 1424 3559 1466 non
3593 1405 3942 1468 tribuantur

2280 1493 2356 1558 ob
2377 1493 2895 1573 imperfectionem
2921 1513 3094 1574 quam
3127 1494 3451 1577 involvunt,
3485 1505 3683 1557 tamen
3717 1515 3936 1559 omnes

2277 1604 2482 1648 rerum
2537 1584 2771 1666 species
2803 1593 2860 1645 et
2895 1584 3096 1647 omnia
3156 1586 3465 1648 individua
3509 1597 3647 1649 sunt
3678 1587 3736 1647 in
3800 1593 3938 1667 ipso

2281 1674 2967 1755 eminenterlsecundum
3003 1692 3105 1737 sua
3138 1686 3480 1757 pretotqpa,
3508 1686 3562 1738 et
3594 1676 3771 1739 VCIl‘tI
3806 1679 3939 1759 pri-

2280 1784 2462 1827 mreva
2484 1773 2773 1828 etzeterna
2791 1765 3042 1840 semina,
3067 1784 3135 1826 ex
3169 1784 3418 1844 quorum
3451 1766 3506 1825 \i
3536 1766 3937 1846 pullularunt,

618 1866 751 1930 Non
775 1884 911 1931 raro
942 1885 1182 1948 quoque
1204 1865 1267 1931 S.
1302 1864 1616 1947 Dionysius
1639 1867 1826 1928 utitur
1849 1866 2192 1930 nominibus

2284 1864 2443 1927 atque
2458 1856 2603 1913 adeo
2626 1863 2756 1912 sunt
2778 1855 2833 1910 in
2858 1854 2984 1925 ipso
3010 1855 3458 1918 intrinsece,non
3475 1857 3704 1927 quidem
3721 1873 3942 1915 secur—

541 1976 611 2021 ex
642 1975 789 2021 voce
821 1959 966 2038 ἂρχή
1004 1956 1385 2039 compositis,
1412 1956 1677 2019 vocando
1710 1956 1896 2021 Denm
1916 1962 2194 2039 θεαρχίαν,

540 2050 836 2130 τεγρχικὴν
878 2047 1122 2126 ὕπαρξιν,
1157 2054 1301 2123 etc.,
1361 2046 1421 2107 id
1470 2055 1560 2109 est
1609 2047 2194 2128 Dei-principatum,

536 2138 896 2196 substantiam
925 2136 1533 2213 diuino-principalem,
1565 2137 1868 2194 divinitatis
1912 2138 2195 2211 originem,

538 2229 598 2291 in
629 2228 921 2292 creaturis
950 2227 1202 2303 scilicet,
1237 2231 1375 2309 quia
1411 2230 1572 2291 Deus
1599 2236 1687 2290 est
1747 2239 1955 2291 auctor
1986 2229 2199 2292 divini-

536 2319 673 2381 tatis
702 2324 761 2379 in
817 2317 1052 2381 cunctis
1086 2317 1430 2379 hominibus
1484 2326 1541 2380 et
1591 2319 1818 2400 angelis
1849 2323 1947 2401 qui
2004 2319 2192 2382 Deum

538 2409 845 2471 imitantur
873 2415 933 2470 et
961 2408 1015 2469 ei
1070 2407 1300 2470 similes
1332 2408 1501 2470 ﬁunt.
1537 2408 1611 2470 de
1641 2408 1860 2490 quibus
1903 2410 2190 2489 scriptum

536 2505 629 2563 est
659 2520 673 2561 :
708 2498 835 2578 Ego
860 2498 1135 2561 ἀίειςἱεῦἱί
1163 2499 1303 2560 estis
1329 2498 1415 2574 8‘;
1445 2499 1669 2560 etillud
1700 2517 1713 2560 ε
1750 2499 1901 2561 Deus
1933 2499 2195 2562 Deorum

539 2590 607 2653 in
663 2588 819 2651 Sion
872 2587 957 2647 75.
1013 2590 1279 2669 Θεαρχίαν
1349 2587 1550 2667 itaque
1609 2589 1775 2670 dicit,
1834 2589 2002 2670 quasi
2061 2594 2194 2647 θεῶν

539 2680 802 2759 ἄρχοντα,
835 2677 1108 2740 dicamus
1131 2697 1240 2739 nos
1264 2680 1453 2742 Deum
1478 2678 1753 2754 deorum,
1785 2688 1849 2740 ut
1888 2679 2072 2741 David
2111 2680 2196 2740 di-

539 2771 643 2831 cit.
678 2769 823 2849 Cap.
849 2767 1185 2830 3.0ale’stis
1209 2767 1582 2831 hierarchice
1613 2770 1798 2831 Deum
1826 2774 1992 2832 vocat
2020 2769 2195 2827 τελετ-

539 2860 734 2939 αρχίαν
765 2858 855 2917 καὶ
906 2857 1417 2939 αὗτοτελετκρχίαν,
1456 2857 1515 2918 id
1547 2866 1637 2921 est
1693 2861 1992 2938 originem
2051 2878 2196 2940 per-

536 2947 907 3027 fectionis,et
925 2964 1034 3028 per
1057 2964 1117 3010 se
1138 2949 1432 3029 originem
1455 2949 1889 3027 perfectionis;
1921 2949 2060 3010 item
2092 2972 2195 3006 τα-

539 3038 788 3119 ξαρχίαν,
821 3036 883 3099 id
918 3045 1009 3099 est
1032 3038 1335 3116 originem
1357 3039 1787 3100 ordinationis.
1815 3037 1962 3101 Item
1996 3057 2132 3120 cap.
2158 3041 2197 3101 3

544 3129 633 3191 De
653 3128 879 3191 dirinis
900 3127 1269 3202 nominibus,
1303 3127 1412 3208 §2,
1447 3145 1663 3209 corpus
1692 3127 1758 3189 B.
1797 3128 2057 3207 Virginis
2086 3147 2193 3188 vo»

2280 1945 2414 2003 dum
2440 1960 2607 2003 suum
2630 1961 2751 2002 esse
2778 1945 3016 2003 formate
3046 1955 3099 2002 et
3131 1945 3453 2009 essentiale,
3479 1948 3576 2003 Sed
3602 1946 3818 2004 second
3837 1964 3936 2005 um

2281 2055 2413 2099 esse
2428 2036 2962 2101 suumcminenset
2978 2036 3685 2117 superessentiale.Unde
3702 2038 3831 2118 ipse
3849 2049 3940 2101 est

2279 2126 2481 2191 omnia
2515 2136 2571 2188 et
2603 2127 2832 2205 singula
2868 2126 3207 2189 eminenter
3239 2136 3294 2189 et
3320 2128 3935 2209 superessentialiter.

2632 2220 2947 2298 Quomodo
2992 2222 3198 2285 omnia
3243 2230 3565 2300 negentur.

2357 2315 2663 2395 Negantur
2711 2317 2786 2379 de
2814 2316 2944 2396 ipso
3006 2320 3227 2389 omnia,
3262 2319 3401 2398 quia
3445 2320 3572 2398 ipse
3623 2329 3714 2380 est
3746 2339 3932 2401 supra

2280 2427 2516 2470 omnem
2540 2408 2833 2470 rationem
2869 2418 2925 2469 et
2959 2410 3221 2487 speciem
3256 2420 3467 2471 creata)
3493 2412 3675 2472 menti
3705 2430 3935 2475 conce-

2280 2497 2681 2578 ptibilem.Sic
2705 2499 3228 2579 Dionysius,capit.
3258 2499 3364 2561 ult.
3389 2505 3562 2580 Mysi.
3591 2503 3931 2585 theologios,

2280 2587 2423 2650 dicit
2447 2586 2632 2651 Deum
2667 2607 2798 2649 esse
2834 2607 2952 2649 non
2991 2587 3402 2655 substantiam.
3429 2610 3544 2652 non
3579 2591 3776 2673 vitam,
3813 2612 3933 2654 non

2279 2678 2500 2759 lucem,
2527 2696 2645 2739 non
2670 2697 3065 2751 sensum,non
3090 2692 3378 2753 mentem,
3404 2700 3520 2741 non
3544 2681 3932 2760 supieutiam,

2282 2786 2400 2829 non
2456 2768 2800 2841 bonitatem,
2836 2787 2952 2828 non
3013 2767 3318 2849 deitatem,
3354 2770 3459 2830 sed
3514 2772 3799 2851 quiddam
3839 2774 3932 2835 his

2280 2856 2560 2921 omnibus
2588 2858 2951 2920 eminentius
2982 2868 3159 2939 atque
3178 2867 3574 2939 praestantius.
3610 2862 3785 2924 Ratio
3813 2871 3927 2939 est,

2281 2949 2420 3030 quia
2442 2949 2641 3009 omnia
2665 2948 3097 3027 ista,quatenus
3123 2948 3305 3009 menti
3340 2959 3560 3011 creatae
3590 2959 3729 3012 sunt
3754 2971 3932 3013 com-

2280 3037 2710 3118 prehensibilia
2729 3046 2786 3098 et
2812 3036 3221 3111 nominabilia,
3249 3038 3470 3100 habent
3488 3048 3815 3120 conceptus
3830 3043 3932 3104 ob-

2272 3127 2525 3208 jectivos
2555 3128 2834 3189 limitatos
2869 3131 2926 3190 in
2971 3130 3198 3189 ratione
3258 3128 3453 3191 entis:
3508 3129 3808 3209 limitatos,
3844 3134 3934 3194 in-

539 3225 634 3281 cat
660 3220 994 3301 ζωαρχικόν,
1026 3216 1088 3280 id
1119 3225 1207 3282 est
1234 3218 1397 3298 quod
1427 3224 1570 3281 vitce
1594 3219 1975 3300 principium
2008 3218 2193 3281 dedit.
2214 3255 2254 3306 ρ
2279 3237 2482 3299 quam,
2520 3238 2638 3281 non
2698 3237 2765 3280 ex
2804 3225 2969 3299 parte
3019 3219 3106 3280 rei
3151 3237 3285 3300 quae
3312 3220 3668 3301 concipitur,
3701 3221 3805 3283 sed
3863 3242 3930 3285 ex

1019 3321 1509 3388 OBSERVATIO
1552 3323 1709 3387 VIII.

538 3418 918 3498 Dionysium
940 3418 1148 3480 omnia
1170 3418 1245 3478 de
1270 3417 1391 3479 Deo
1424 3417 1732 3497 afﬁrmare
1752 3425 1809 3481 et
1842 3421 2059 3481 i'erum
2083 3437 2194 3481 ne-

654 3499 1159 3580 gare.0uomodo
1191 3504 1396 3562 omnia
1420 3500 1491 3562 de
1524 3499 1646 3562 Deo
1673 3499 2071 3579 affirmentur.

615 3607 957 3671 Notandum
982 3625 1221 3691 quoque
1243 3610 1311 3671 S.
1336 3607 1682 3690 Dionysium
1707 3608 1809 3670 lib.
1842 3608 1933 3671 De
1962 3608 2196 3673 divin-is

531 3699 902 3779 nominibus,
937 3716 1068 3780 cap.
1106 3702 1166 3781 1,
1199 3697 1262 3779 2,
1295 3699 1394 3777 l3,
1432 3707 1490 3761 et
1521 3698 1683 3775 alibi,
1717 3698 2039 3777 aliquando
2066 3699 2195 3781 qui-

534 3789 673 3853 dem
706 3788 908 3851 omnia
940 3788 1014 3853 dc
1041 3791 1165 3852 Deo
1196 3788 1518 3865 afﬁrmare,
1552 3788 1872 3869 aliquando
1906 3807 2042 3851 vero
2071 3808 2196 3851 sur-

530 3898 663 3943 sum
697 3881 900 3942 omnia
925 3878 1331 3960 negare.IIinc
1356 3878 1500 3941 dicit
1523 3881 1711 3942 Deum
1737 3879 1939 3941 omnia
1973 3898 2106 3941 esse
2130 3888 2197 3944 nt

532 3969 724 4034 Deum
777 3969 952 4032 decet
985 3992 1000 4047 ς
1037 3978 1095 4031 et
1125 3969 1277 4032 nihil
1309 3986 1515 4031 eorum
1551 3986 1706 4044 esse,
1740 3981 1804 4030 ut
1839 3987 2021 4049 supra
2051 3968 2195 4032 sub-

533 4059 812 4122 stantiam
845 4072 977 4140 est;
1039 4068 1360 4141 utrumque
1391 4059 1552 4121 enim
1601 4058 1837 4141 proprie
1873 4058 2089 4122 dicitur
2119 4061 2177 4120 in

530 4149 638 4213 Dei
671 4149 1082 4231 amplitudine:
1117 4156 1203 4227 ut,
1231 4149 1388 4212 Deus
1417 4158 1506 4211 est
1541 4151 1681 4230 vita,
1707 4152 1864 4212 Deus
1883 4158 1970 4211 est
2003 4148 2179 4211 bom-

2280 3316 2451 3390 parte
2484 3309 2643 3370 modi
2680 3308 3081 3390 concipiendi.
3107 3306 3275 3372 Unde
3300 3312 3466 3371 utsic
3488 3310 3929 3394 concipiuntur,

2279 3417 2396 3462 non
2430 3399 2747 3461 includunt
2779 3399 3106 3461 iormaliter
3135 3397 3285 3461 alias
3318 3401 3739 3479 perfectiones:
3776 3403 3932 3464 ratio

2281 3493 2438 3550 enim
2490 3487 2867 3569 substantias,
2903 3502 2962 3549 ut
3017 3506 3052 3549 a
3081 3496 3357 3550 creatura
3415 3489 3776 3571 concipitur,
3812 3510 3930 3552 non

2278 3577 2535 3641 includit
2562 3578 2855 3640 rationem
2883 3578 3191 3659 sapientia:
3214 3586 3313 3639 aut
3335 3588 3580 3640 czeteras
3604 3580 3929 3659 perfectio-

2279 3688 2407 3743 nes,
2432 3687 2545 3730 nec
2577 3678 2806 3750 contra,
2831 3668 2937 3730 sed
2970 3687 3221 3750 quaeque
3243 3688 3416 3731 suum
3451 3670 3764 3732 limitatum
3791 3689 3933 3732 con-

2278 3766 2514 3838 ceptum
2566 3757 2748 3820 habet
2804 3757 2961 3821 Deus
2991 3766 3189 3820 autem
3225 3767 3315 3821 est
3346 3759 3492 3821 ratio
3525 3777 3771 3840 prorsus
3801 3759 3928 3822 illi-

2279 3849 2504 3928 mitata,
2561 3847 2722 3910 unde
2785 3848 3116 3910 formaliter
3159 3849 3247 3911 vel
3297 3849 3633 3912 eminenter
3672 3849 3933 3914 includit

2280 3956 2517 3999 omnem
2553 3938 2976 4018 perfectionem
3002 3938 3486 4020 conceptibilem.

2432 4035 2846 4113 l’er/‘ectiones
2886 4034 3203 4115 dupliciter
3233 4037 3502 4098 existunt
3531 4036 3593 4096 in
3628 4034 3781 4098 Deo.

2344 4126 2496 4189 Hinc
2519 4136 2677 4209 patet
2697 4146 2907 4190 omnes
2934 4127 3329 4209 perfectiones
3353 4148 3483 4209 quae
3508 4130 3627 4193 Deo
3648 4129 3927 4192 tribuun-

536 4248 622 4303 tas
654 4260 668 4318 ;
697 4216 786 4321 et;
807 4239 968 4302 Dens
991 4259 1109 4302 non
1139 4216 1389 4316 estvita,
1417 4246 1474 4301 et
1497 4258 1614 4301 non
1639 4216 1728 4301 c'st
1750 4239 2005 4320 bonitas,
2043 4240 2183 4322 quia

2284 4237 2363 4279 .ur
2388 4216 2616 4299 absque
2645 4218 3345 4299 metaphora,dupliciter
3367 4221 3422 4279 in
3449 4218 3578 4297 ipso
3606 4219 3927 4300 contineri,

532 4339 624 4393 est
655 4309 838 4412 ξενίζω
887 4331 1038 4405 ηερε,
1073 4349 1206 4411 qua,
1266 4309 1513 4411 nos'per
1539 4331 1715 4391 vitam
1751 4339 1807 4391 ει
1860 4309 2185 4393 δοηίίεῖθπη
2270 4309 2594 4412 formalitcr
2625 4320 2685 4371 et
2716 4309 3073 4409 eminenter:
3118 4309 3466 4379 formaliter,
3489 4309 3554 4412 si
3579 4319 3926 4412 spectentur

533 4398 1163 4500 iutelliéimusEtbcc
1189 4437 1369 4482 sensu
1389 4398 1498 4501 dep
1546 4423 1607 4500 2,
1632 4420 1735 4499 §ul
1757 4468 1773 4501 ,
1807 4429 1972 4481 vocat
1999 4422 2183 4483 Deum

2284 4398 2601 4461 secundum
2620 4398 2923 4478 proprium
2943 4410 3189 4478 concept
3204 4417 3497 4479 um,quoa
3515 4398 3634 4460 Deo
3651 4409 3713 4461 et
3731 4398 3923 4461 beatis

537 4535 566 4568 α
606 4511 816 4568 πάντων
874 4510 1015 4568 diem
1072 4512 1159 4567 καὶ
1222 4511 1435 4566 πάντων
1491 4510 1783 4588 ἀφαίρεσιν,
1817 4535 1840 4565 n
1918 4512 2185 4573 omnium

2284 4489 2717 4569 :oncipinntur,
2750 4488 2850 4569 qui
2900 4498 2988 4549 est
3040 4488 3376 4550 illimitatus
3433 4507 3654 4567 genere
3714 4491 3924 4564 entis;

532 4600 982 4683 positionem,et
998 4601 1271 4662 omnium
1291 4578 1830 4679 ablationem,quia
1854 4601 2188 4663 eminenter

2284 4579 2634 4653 eminenter,
2671 4580 2721 4640 si
2744 4578 3204 4641 considerantur
3236 4578 3568 4640 secundum
3601 4582 3928 4660 conceptus

532 4668 703 4773 ponit
733 4668 958 4764 omnia,
991 4698 1268 4768 tanquam
1313 4688 1514 4753 omnia
1544 4668 1856 4751 continens
1892 4711 1908 4771 ;
1943 4698 2003 4753 et
2058 4690 2183 4752 for-

2284 4669 2730 4751 propriosquos
2756 4668 3055 4731 babentut
3074 4687 3106 4730 a
3138 4670 3430 4731 creaturis
3448 4670 3671 4750 absque
3697 4671 3927 4732 lumine

535 4757 773 4843 Inaliter
797 4757 1000 4842 omnia
1020 4757 1236 4858 aufert,
1265 4778 1406 4859 quia
1436 4779 1587 4841 ratio
1612 4781 1852 4860 propria
1884 4757 1998 4859 qua
2029 4780 2187 4843 Deus

2284 4760 2475 4840 gloriae
2524 4757 3096 4841 apprcheudantur:
3146 4759 3254 4821 etsi
3289 4760 3448 4822 enim
3482 4779 3581 4821 res
3637 4770 3929 4841 concepta

532 4877 646 4951 est,
672 4868 932 4931 excludit
962 4870 1034 4931 ab
1064 4868 1194 4949 ipsa
1240 4888 1480 4931 omnem
1503 4869 1807 4932 forma'em
1840 4871 2129 4933 rationem
2152 4889 2188 4932 ιι

533 4966 733 5022 creata
747 4967 950 5021 mente
978 4958 1705 5039 comprehensibilem,uti
1729 4961 1957 5022 erudite
1982 4960 2188 5022 obser-

532 5059 628 5112 vat
658 5051 900 5113 Lessius
932 5048 1035 5113 lib.
1067 5064 1086 5111 I
1120 5049 1201 5112 De
1231 5050 1483 5129 perfect.
1515 5051 1737 5130 divin.,
1766 5068 1898 5129 cap,
1933 5051 1992 5124 3,
2017 5051 2188 5131 cujus

532 5138 716 5202 verba
770 5157 905 5201 cum
940 5138 1002 5203 S.
1041 5139 1319 5218 Dionysio
1383 5158 1653 5220 magnam
1687 5141 1878 5201 lucem
1912 5142 2183 5221 afferant,

532 5230 634 5287 hic
665 5229 879 5287 referre
911 5228 1147 5301 placuit:
1185 5228 1405 5296 Omnia,
1440 5231 1647 5302 lnquit,
1682 5229 1745 5285 de
1773 5230 1875 5286 Deo
1907 5231 2189 5305 afﬁrman-

544 5322 825 5400 tur,quia
838 5321 1046 5383 omnia
1070 5321 1292 5383 suntin
1306 5321 1435 5400 ipso
1446 5324 1793 5400 lormutiter
1809 5326 1904 5385 vet
1924 5325 2187 5385 eminen-

537 5416 656 5472 ter.
686 5408 849 5474 Hinc
869 5410 1097 5473 dicitur
1113 5413 1444 5490 sapientia,
1478 5413 1735 5486 bonitas,
1768 5413 2019 5492 veritas,
2049 5410 2184 5488 lux,

620 5569 686 5620 74
715 5569 868 5636 Psal.
901 5588 1103 5637 LXXXI.
1150 5572 1212 5625 75
1242 5574 1399 5638 Psal.
1434 5592 1672 5638 Lxxml.

2271 4852 2344 4912 sit
2378 4849 2616 4930 preprie
2668 4851 2726 4910 iu
2759 4848 2902 4929 Deo,
2940 4869 3057 4911 non
3118 4856 3321 4913 tamen
3369 4869 3503 4912 cum
3556 4870 3625 4911 eo
3662 4850 3840 4913 modo
3871 4860 3928 4914 ct

2271 4941 2624 5003 limitatione
2656 4940 2765 5002 sub
2797 4959 2914 5021 qua
2945 4941 3300 5022 concipitur.

2784 5047 3260 5113 OBSERVATIO
3309 5050 3411 5112 IX.

2271 5144 2679 5220 Perfectiones
2697 5142 2806 5204 Dei
2819 5141 3142 5221 dupliciter
3153 5144 3633 5206 considerantur.
3663 5142 3927 5219 Quomo-

2391 5225 2465 5285 do
2492 5224 2645 5286 Deus
2673 5224 3094 5286 denominetur
3117 5226 3387 5304 sapiens,
3419 5227 3636 5301 iustus,
3675 5235 3792 5287 etc.

2351 5316 2425 5381 Ut
2479 5319 2603 5380 haec
2661 5326 2719 5379 et
2749 5317 2864 5379 alia
2915 5335 3046 5395 quae
3101 5335 3282 5398 supra
3343 5318 3669 5399 attigimus,
3709 5321 3924 5383 melius

2270 5407 2699 5490 intelligantur,
2735 5405 2953 5469 ibidem
2987 5425 3020 5470 e
3079 5409 3278 5471 Lessio
3313 5408 3635 5469 notandum
3669 5419 3786 5490 est,
3821 5409 3919 5471 di-

624 5731 709 5815 (5)
739 5729 892 5799 Vide
919 5733 1075 5798 infra
1099 5753 1156 5801 c.
1190 5736 1226 5799 5
1253 5742 1313 5799 et
1347 5736 1410 5801 11
1457 5735 1546 5801 De
1569 5737 1804 5802 divinis
1833 5737 2188 5802 nominibus
2217 5742 2275 5800 et
2304 5734 2628 5819 Epistulam
2654 5730 2717 5797 S.
2752 5730 3013 5817 Dionysii
3043 5733 3118 5797 ad
3149 5735 3354 5799 Caium
3388 5732 3592 5816 (epist.
3633 5735 3718 5812 1).
