4072 6436
135 343 212 409 8')

1561 342 1966 408 PROLEGOM
1975 343 2126 408 ENA
2137 391 2152 406 .

3482 347 3560 414 86

139 481 302 546 vinas
336 479 766 562 perfectiones
817 479 1144 563 dupliciter
1189 479 1562 543 considerari
1613 497 1812 562 posse.
1839 487 1872 536 Α
1900 480 2004 541 sed
2039 481 2218 544 etiam
2263 497 2442 544 omne
2491 479 2792 562 objectum
2841 482 3238 566 intelligibile,
3274 491 3334 549 et
3361 485 3447 549 sic
3479 487 3554 550 de

143 572 364 644 Primo,
391 581 464 633 ut
485 579 634 633 sunt
663 573 724 634 in
755 569 940 632 rebus
969 571 1184 634 creatis
1214 571 1310 634 vel
1343 577 1518 633 etiam
1547 577 1720 651 prout
1741 573 1812 634 ab

155 661 461 724 intellectu
485 671 698 724 creato
713 662 1182 743 absquelumiue
1209 663 1410 743 gloriae
1433 662 1671 742 concipi
1687 681 1814 740 pos-

149 760 316 826 sunt;
367 753 676 830 srcundo,
738 760 800 813 ut
847 761 986 814 sunt
1030 753 1090 814 in
1126 756 1275 816 Deo.
1307 753 1370 815 Si
1401 755 1601 835 priore
1633 751 1810 813 modo

147 842 650 918 considerantur,
677 844 1126 923 distinguuntur
1154 849 1309 906 inter
1339 863 1404 906 se
1455 843 1806 918 formaliter,

137 936 252 994 imo
279 935 502 996 multae
527 935 710 996 etiam
739 935 1005 1004 realiter.
1037 944 1290 1017 suntque
1313 933 1560 996 diversa:
1579 934 1804 1010 formre,

133 1025 224 1086 vel
257 1025 544 1087 rationes
569 1025 878 1088 formales.
907 1027 980 1088 Et
1003 1027 1272 1106 quamvis
1296 1026 1710 1106 concipiautur
1747 1035 1808 1086 ut

133 1115 482 1184 illimitatze,
527 1117 618 1177 vel
680 1115 932 1179 inﬁnita:
988 1115 1374 1196 perfectionis
1425 1117 1580 1177 intra
1638 1133 1804 1177 suam

129 1206 404 1284 speciem
429 1225 544 1268 seu
564 1207 860 1269 rationem
896 1206 1233 1280 formalem,
1271 1206 1555 1268 tamenin
1579 1207 1806 1268 ratione

131 1297 286 1358 cutis
317 1296 414 1357 vel
453 1297 852 1376 perfectionis
882 1306 1021 1358 sunt
1051 1297 1336 1366 limitatw,
1365 1297 1505 1372 quia
1536 1315 1653 1358 una
1687 1317 1804 1358 non

127 1385 382 1448 includit
415 1387 630 1449 aliam.
685 1387 810 1450 Hoc
855 1388 1032 1450 modo
1085 1387 1200 1448 illae
1251 1387 1656 1466 perfectidnes
1687 1407 1806 1449 non

125 1487 262 1540 sunt
295 1479 360 1538 in
409 1481 544 1542 Deo
593 1479 950 1558 formaliter,
998 1478 1104 1540 sed
1160 1479 1502 1540 eminenter
1551 1487 1806 1560 tantum,

131 1587 354 1649 nempe
381 1577 454 1630 ut
487 1569 552 1630 in
585 1587 768 1630 causa
801 1567 1130 1648 superioris
1161 1568 1416 1644 ordinis,
1449 1577 1506 1631 et
1535 1568 1804 1648 analoga.

1900 569 2160 631 caeteris.

1935 671 2122 734 Nulla
2155 680 2243 736 cst
2285 671 2629 736 similitudo
2661 676 2826 736 inter
2855 677 3257 754 perfectiones
3291 677 3408 742 Dei
3447 689 3508 743 et

2553 762 2876 818 creatura-3.

1973 855 2276 936 Sequitur,
2323 857 2522 933 tertio,
2561 859 2960 938 perfectiones
2992 861 3248 944 divinas,
3299 873 3364 926 ut
3405 876 3545 929 sunt

1891 945 1952 1007 in
1979 946 2124 1028 Deo,
2155 967 2270 1008 non
2305 947 2526 1010 habere
2551 949 2728 1010 ullam
2763 951 3222 1014 similitudinem
3257 973 3394 1016 cum
3415 977 3548 1037 per-

1891 1037 2246 1098 fectionibus
2291 1057 2422 1118 quin
2467 1049 2608 1101 sunt
2658 1040 2746 1102 vel
2782 1059 2916 1103 esse
2968 1051 3216 1122 possunt
3261 1045 3320 1106 in
3363 1047 3548 1109 rebus

1891 1129 2127 1206 creatis,
2146 1139 2207 1190 ut
2233 1129 2406 1190 docet
2433 1130 2748 1212 Dionysius
2767 1151 2897 1212 cap.
2930 1133 2966 1196 9
2995 1135 3078 1196 De
3102 1136 3334 1198 divinis
3357 1141 3550 1200 nomi-

1891 1220 2091 1299 nibus,
2129 1225 2188 1283 et
2221 1237 2352 1294 cap.
2383 1221 2420 1280 5
2444 1221 2716 1300 Mysticw
2741 1221 3078 1304 theologia.
3099 1225 3284 1296 Quam
3312 1227 3386 1288 ob
3411 1247 3548 1290 cau-

1891 1329 2016 1370 sam
2067 1313 2223 1372 Dens
2257 1311 2479 1372 dicitur
2513 1331 2630 1373 non
2677 1331 2811 1374 esse
2862 1315 3218 1390 substantia,
3259 1337 3378 1378 non
3412 1338 3546 1382 esse

1897 1401 2034 1480 vita,
2071 1409 2212 1474 etc.,
2246 1401 2384 1481 quia
2431 1401 2510 1462 ita
2541 1413 2636 1464 est
2670 1422 2852 1482 super
2903 1411 3104 1466 omnia
3159 1407 3446 1484 elevatus,
3485 1419 3548 1470 ut

1894 1509 2026 1552 cum
2065 1491 2225 1552 nulla
2249 1511 2312 1554 re
2333 1501 2532 1552 creata
2553 1493 2640 1554 vel
2675 1491 2926 1554 creabili
2957 1493 3413 1558 similitudinem
3443 1499 3547 1560 lia-

1895 1583 2050 1644 beat.
2085 1581 2233 1653 Quia
2281 1589 2478 1642 tamen
2517 1601 2614 1644 res
2664 1593 2882 1644 creatae
2913 1584 3172 1664 aliquam
3225 1587 3296 1646 ad
3353 1587 3544 1651 Deum

131 1662 188 1722 Si
217 1677 360 1720 vero
397 1657 676 1720 secundo
725 1659 904 1720 modo
948 1658 1386 1738 concipiuntur,
1425 1657 1512 1719 sic
1546 1677 1660 1718 non
1695 1659 1804 1720 lia-

1897 1673 2338 1752 proportionem
2369 1671 2884 1754 habenttanquam
2917 1657 3164 1736 eﬁ'ectus
3193 1677 3544 1739 etimilatio-

133 1751 276 1811 bent-
309 1749 486 1846 ίηίθῐξ
511 1767 582 1810 $8
610 1748 794 1846 tilla“!
828 1747 1276 1846 ἀίεξίηεῐίοηεῐη
1327 1748 1662 1846 ἶρΐιηδιθῐῐι,
1687 1748 1806 1846 ,εεά
1833 1747 1866 1795 Β
1893 1747 2302 1842 nes—quasdam
2337 1762 2497 1823 illius
2529 1762 2634 1842 (ob
2667 1747 2841 1842 quam
2878 1771 3348 1846 proportionem,
3386 1769 3434 1828 si
3468 1771 3548 1831 sit

131 1849 268 1900 sunt
291 1857 416 1900 una
437 1839 895 1920 simplicissima
925 1840 1136 1900 forma.
1163 1858 1192 1900 a
1215 1858 1332 1914 qua
1355 1841 1512 1902 Deus
1539 1838 1806 1900 omnium

127 1929 364 1991 illarum
399 1930 854 2010 perfectionum
883 1929 1434 1991 deuominationem
1459 1929 1808 2010 accipit,sed

133 2021 304 2098 longe
334 2020 526 2082 altior
557 2037 736 2100 quam
775 2039 946 2081 mens
999 2029 1196 2081 crcata
1237 2019 1562 2100 concipere
1595 2020 1805 2097 possit.

139 2109 362 2172 Dicitur
391 2109 564 2171 enim
591 2111 867 2188 sapiens,
897 2129 1012 2172 non
1039 2109 1212 2190 quasi
1235 2107 1523 2190 sapientia
1549 2107 1809 2172 imbutus

133 2211 190 2261 et
213 2201 610 2276 informatus,
647 2203 751 2262 sed
789 2209 849 2261 ut
879 2199 1174 2280 sapientia
1210 2219 1313 2280 pcr
1345 2218 1408 2260 se
1449 2197 1801 2262 subsistens.

141 2291 366 2353 Dicitur
387 2294 626 2370 iusius,
655 2293 1029 2362 misericors,
1050 2299 1321 2370 sanctus,
1343 2309 1460 2350 non
1481 2297 1540 2349 ut
1565 2291 1656 2351 his
1679 2310 1810 2372 per-

149 2380 504 2440 fectionibus
526 2381 808 2462 affectus,
843 2389 1088 2442 ornatus
1113 2387 1172 2442 et
1198 2380 1802 2460 imbutus(quom0do

157 2489 186 2530 a
211 2469 779 2550 nobisconcipiturt,
803 2470 904 2531 sed
930 2471 1262 2550 utjustitia,
1299 2470 1716 2532 misericordia
1749 2479 1804 2532 et

153 2557 416 2620 sanctitas
439 2561 882 2640 substantialis,
945 2579 1050 2640 per
1080 2580 1144 2622 se
1177 2561 1540 2623 subsistens.
1579 2559 1801 2621 Eodem

147 2649 704 2730 naulum-cipieud-ce
726 2671 934 2713 omnes
958 2653 1082 2713 alite
1107 2651 1515 2730 perfectiones
1537 2669 1668 2729 quae
1691 2650 1805 2729 ipsi

143 2739 502 2812 tribuuntur,
531 2743 676 2820 quia
701 2741 760 2802 in
788 2741 892 2802 illo
919 2743 1080 2804 nulla
1105 2751 1190 2804 est
1220 2741 1556 2802 diversitas
1585 2741 1808 2802 forma—

141 2849 260 2890 rum
295 2839 396 2891 aut
429 2833 742 2892 rationum
781 2831 1146 2913 formalium,
1183 2833 1287 2894 sed
1329 2851 1448 2893 una
1478 2831 1808 2912 simplicis—

137 2921 278 2980 sizna
309 2921 512 2982 forma
551 2940 661 3001 per
680 2941 745 2982 se
769 2921 1122 2996 subsistens,
1149 2923 1378 2984 inﬁnite
1404 2941 1588 3000 supra
1611 2922 1810 2982 omnia

1893 1855 1952 1912 in
1985 1871 2220 1914 summo
2250 1852 2436 1931 gradu
2484 1853 2764 1914 dicuntur
2811 1855 2988 1915 etiam
3035 1857 3158 1916 Deo
3206 1857 3456 1940 similes,
3489 1867 3548 1922 et

1895 1942 1998 2004 Dei
2031 1942 2343 2020 imagines,
2376 1951 2438 2002 ut
2469 1951 2628 2023 patet
2651 1943 2712 2003 in
2736 1951 2946 2005 natura
2975 1943 3414 2027 intellectuali),
3447 1967 3548 2010 ne-

1895 2053 2011 2112 que
2043 2051 2151 2094 nos
2175 2033 2361 2102 Deum
2387 2033 2498 2094 nisi
2527 2052 2596 2094 ex
2619 2032 2802 2094 rebus
2821 2035 3038 2095 creatis
3055 2037 3544 2116 peranalogicum

1893 2141 2206 2184 ascensum
2227 2141 2590 2202 cognoscere
2615 2141 2950 2202 possumus,
2976 2123 3111 2186 ideo
3139 2133 3380 2188 nomina
3403 2147 3546 2208 per-

1891 2213 2219 2274 fectionum
2238 2221 2572 2274 creatarum
2600 2213 2669 2274 ad
2699 2213 3550 2292 perfectionesdivinastrans-

1891 2303 2178 2365 ierimus:
2235 2302 2501 2382 alioquin
2553 2302 2628 2363 de
2679 2303 2898 2364 divinis
2951 2304 3116 2365 nullo
3173 2305 3347 2366 modo
3383 2307 3544 2387 loqui

1893 2411 2226 2474 possemus.
2263 2394 2480 2453 Verum
2514 2392 2638 2453 haec
2663 2393 2908 2454 nomina
2933 2393 3108 2470 longe
3137 2394 3332 2456 altiori
3363 2415 3546 2459 sensu

1888 2483 2238 2562 accipienda
2291 2491 2452 2551 sunt,
2513 2501 2648 2543 cum
2713 2481 3018 2543 tribuntur
3067 2482 3250 2544 rebus
3303 2485 3541 2560 divinis,

1892 2592 2064 2653 quam
2100 2591 2232 2632 cum
2267 2571 2480 2632 creatis
2511 2592 2523 2633 :
2557 2571 2618 2631 in
2654 2571 2776 2632 Deo
2813 2571 2972 2632 enim
3021 2572 3362 2649 signiﬁcant
3393 2576 3544 2637 sub—

1893 2662 2168 2723 stantiam
2202 2681 2233 2722 a
2267 2681 2332 2724 se
2363 2662 2737 2741 existentem,
2769 2679 2834 2722 ac
2867 2661 3118 2740 proinde
3138 2663 3386 2724 omnino
3410 2663 3536 2726 illi-

1897 2753 2184 2832 mitatam,
2215 2770 2348 2828 qua)
2372 2769 2476 2830 per
2497 2769 2562 2812 se
2593 2751 2923 2812 formalite.‘
2954 2750 3182 2828 absque
3216 2755 3378 2815 omni
3406 2764 3544 2816 actu

1895 2842 2094 2904 elicite
2139 2849 2372 2922 praestat
2434 2840 2634 2902 omnia
2684 2857 2818 2920 qua:
2879 2841 3285 2920 perfectiones
3331 2853 3548 2907 creatae

1893 2943 2172 3010 praestare
2205 2941 2473 3012 possunt,
2511 2939 2570 2992 et
2613 2931 2792 2992 modo
2841 2931 3071 2993 inﬁnite
3108 2933 3544 2995 excellentiori.

139 3011 382 3089 elevata,
419 3030 564 3091 quae
597 3019 688 3072 est
719 3011 911 3092 ipsius
955 3016 1216 3075 essentia
1269 3023 1470 3104 (quam
1514 3009 1805 3104 Deitatcin

1897 3009 2098 3099 Itaque
2129 3009 2324 3102 neque
2355 3021 2414 3082 fn
2449 3021 2624 3082 modo
2661 3021 2981 3097 existendi,
3028 3041 3223 3104 neque
3263 3027 3322 3082 in
3374 3025 3548 3085 modo

137 3117 344 3162 Vocare
379 3104 748 3192 possumu5)
783 3121 888 3182 per
918 3123 1094 3182 quam
1130 3121 1342 3164 omnes
1375 3101 1492 3162 illa!
1529 3101 1804 3192 (lenomi-
1829 3089 1868 3138 Ο
1895 3089 2202 3192 Ope-randi,
2228 3089 2510 3190 bequein
2541 3111 2718 3172 modo
2745 3089 3238 3174 tribuendisuum
3273 3113 3548 3176 effectum

139 3192 409 3254 nationes
441 3191 532 3253 illi
567 3211 640 3253 ex
677 3200 844 3273 parte
875 3193 960 3254 rei
1003 3201 1370 3272 competunt.
1431 3192 1490 3253 ld
1527 3189 1684 3252 enim
1721 3199 1810 3253 est

137 3283 304 3362 longe
341 3282 678 3362 perfectius
730 3293 788 3342 et
819 3282 1056 3362 dignius
1091 3283 1176 3344 illi
1217 3282 1534 3360 majestati,
1573 3282 1806 3342 inﬁnite

133 3391 308 3454 supra
339 3377 556 3433 omnia
589 3391 720 3453 qua:
755 3382 898 3434 sunt
933 3382 992 3434 et
1021 3393 1153 3455 qum
1185 3391 1302 3435 non
1347 3383 1488 3433 sunt
1537 3374 1628 3452 (ut
1661 3372 1804 3435 Dio-

135 3464 334 3542 nysius
369 3462 670 3542 loquitur)
701 3463 965 3525 elevatze.

439 3555 760 3630 Quomodo
791 3575 851 3618 se
895 3563 1105 3618 mutuo
1146 3555 1492 3624 includunt.

203 3649 366 3712 Hinc
421 3649 707 3730 sequitur
760 3649 976 3732 primo,
1037 3650 1242 3712 omnia
1287 3650 1592 3726 attributa,
1631 3659 1804 3730 prout

134 3739 611 3800 considerantur
633 3741 692 3800 in
726 3759 961 3802 summa
993 3760 1096 3802 sua
1129 3741 1458 3803 elevations
1483 3740 1803 3822 (quomodo

137 3839 264 3890 sunt
296 3829 362 3890 in
403 3829 591 3906 Deo),
652 3847 718 3891 se
777 3837 980 3891 mutuo
1014 3829 1328 3892 includere
1403 3838 1462 3891 et
1513 3831 1570 3890 in
1633 3831 1808 3892 unius

135 3926 440 3996 conceptu
477 3917 811 3980 intrinsece
844 3919 1072 3980 includi
1104 3919 1326 4000 omnia,
1355 3922 1492 4000 quia
1523 3929 1660 3982 sunt
1693 3939 1810 3982 una

129 4007 592 4088 simplicissima
641 4008 856 4079 forma,
914 4010 970 4069 in
1028 4028 1094 4072 se
1151 4010 1346 4070 omnis
1403 4009 1809 4071 distinctionis

127 4116 380 4178 expers,
417 4097 498 4159 de
531 4100 702 4179 cujus
732 4099 962 4162 ratione
998 4107 1088 4162 est
1120 4099 1320 4161 omnia
1349 4099 1448 4160 illa
1483 4099 1810 4161 formalitcr

127 4199 180 4250 et
215 4189 568 4250 secundum
621 4208 920 4250 summam
980 4189 1347 4252 identitatem
1383 4189 1714 4270 includere,
1753 4200 1810 4251 et

128 4279 338 4340 omnia
374 4279 476 4340 illa
504 4298 639 4340 esse
673 4280 1034 4344 formaliter.

451 4375 762 4447 Quomodo
795 4377 914 4436 sint
951 4377 1194 4456 inﬁnite
1225 4377 1496 4438 elevatae.

1891 3201 2204 3263 formalem
2241 3211 2330 3262 est
2378 3203 2494 3264 ulla
2527 3201 2878 3278 similitudo,
2915 3211 3031 3264 etc.

2401 3309 2883 3375 OBSERVATIO
2923 3315 3001 3375 Χ.

1889 3419 2120 3467 Nomina
2163 3417 2474 3464 communia
2510 3428 2612 3476 quo
2655 3428 2814 3464 sensu
2843 3417 3006 3477 prius
3037 3417 3102 3466 de
3136 3419 3266 3474 Deo,
3302 3419 3354 3468 ct
3381 3419 3544 3479 prius

1951 3488 2018 3536 de
2065 3489 2338 3536 creaturis
2384 3487 2665 3536 dicantur.
2725 3489 2960 3535 Nomina
2993 3491 3128 3536 sunt
3164 3489 3319 3538 rebus
3355 3493 3540 3551 poste-

1953 3563 2127 3610 riora.
2153 3561 2400 3609 Nomina.
2438 3557 2506 3608 ab
2535 3559 2752 3607 homine
2789 3560 3034 3610 inventa.

1968 3651 2120 3712 Nota
2139 3651 2200 3712 S.
2230 3648 2542 3722 Thomam,
2582 3655 2748 3728 parte
2779 3665 2818 3728 ι,
2847 3667 2947 3728 qu.
2978 3647 3075 3727 t3,
3106 3655 3214 3709 art.
3253 3649 3312 3729 6,
3341 3647 3542 3712 dicere

1893 3741 2201 3822 praedictas
2228 3737 2954 3818 perfectiones,quantum
2981 3738 3054 3799 ad
3080 3757 3206 3800 rem
3235 3738 3538 3818 signiﬁca-

1895 3843 2006 3893 tam
2039 3849 2144 3912 per
2163 3849 2404 3909 nomen,
2435 3829 2596 3907 prius
2622 3827 2738 3889 dici
2761 3827 2836 3889 de
2863 3827 2984 3889 Deo
3009 3847 3184 3908 quam
3209 3829 3286 3892 de
3309 3839 3541 3892 creatu-

1891 3922 2006 4002 ris;
2043 3921 2179 4002 quia
2215 3939 2246 3980 a
2277 3919 2398 3980 Deo
2433 3917 2780 3996 hujusmodi
2804 3919 3206 3998 perfectiones
3231 3919 3290 3980 in
3315 3926 3542 3984 creatu-

1893 4032 1986 4074 ras
2005 4011 2681 4088 manant-,sedquautum
2699 4007 2768 4069 ad
2791 4009 3234 4088 impositionem
3253 4009 3536 4091 nominis,

1896 4103 2060 4182 prius
2083 4121 2114 4162 a
2135 4099 2308 4160 nobis
2331 4101 2551 4177 imponi
2569 4098 2854 4160 creaturis
2879 4119 3022 4178 quas
3049 4100 3211 4177 prius
3234 4103 3538 4179 cognosci-

1895 4211 2052 4272 mus;
2109 4190 2268 4251 unde
2318 4197 2375 4249 et
2425 4188 2664 4248 modum
2719 4189 3094 4266 signiﬁcandi
3144 4188 3394 4270 habent,
3433 4191 3536 4270 qui

1891 4281 2182 4362 competit
2209 4279 2519 4340 creaturis.
2545 4280 2676 4340 Non
2703 4281 2864 4340 cnim
2885 4279 3101 4359 (inquit
3123 4279 3401 4353 Basilius,
3427 4279 3533 4344 lib.

1889 4392 1950 4448 ιι,
1977 4380 2192 4434 contra
2215 4369 2618 4448 Euamnium)
2669 4375 2896 4430 natura
2935 4387 3138 4430 rerum
3169 4370 3414 4429 nomina
3438 4387 3534 4431 se-

207 4467 532 4550 Sequitur,
568 4469 858 4538 secundo.
895 4455 1294 4548 perfectiones
1337 4471 1590 4546 divinas,
1627 4477 1802 4550 ριοοῃί
1828 4465 1866 4514 [)
1887 4464 2096 4550 quitur,
2122 4461 2220 4515 imo
2238 4463 2356 4531 ροεί
2377 4473 2460 4514 τες
2481 4458 2628 4528 ipsas
2651 4459 2864 4512 intenta
2887 4466 3008 4549 Sun-tt
3037 4455 3280 4550 nomina.
3318 4458 3536 4550 Etenim

132 4569 270 4620 sunt
311 4559 372 4618 in
403 4557 558 4631 Deo,
594 4577 727 4620 esse
757 4559 992 4621 inﬁnite
1037 4561 1290 4622 elevatas
1339 4578 1518 4640 supra
1560 4559 1802 4622 easdem

137 4649 550 4722 perfectiones
583 4657 899 4729 spectatas,
929 4659 1100 4730 prout
1119 4657 1256 4710 sunt
1277 4659 1373 4712 aut
1399 4659 1648 4730 possunt
1671 4668 1804 4710 esse

143 4737 200 4798 in
237 4737 564 4812 creaturis,
599 4749 698 4800 aut
731 4739 908 4799 etiam
947 4749 1120 4818 prout
1145 4759 1177 4800 a
1211 4749 1410 4802 mente
1442 4749 1638 4801 creata
1671 4759 1802 4819 pos-

147 4837 286 4888 sunt
317 4828 576 4908 concipi.
615 4827 784 4890 liatio
820 4841 928 4904 est,
967 4829 1106 4910 quia
1138 4839 1194 4890 ut
1227 4839 1364 4891 sunt
1397 4837 1454 4891 iu
1490 4833 1636 4906 Deo,
1665 4837 1802 4890 sunt

137 4917 392 4979 inﬁnita:
426 4919 821 5000 perfectionis
875 4938 991 4980 non
1047 4921 1240 4981 Solum
1293 4927 1443 4982 intra
1495 4919 1797 4999 propriam

135 5011 550 5088 speciem,sed
573 5007 846 5069 absolute
870 5018 926 5070 et
959 5008 1019 5070 in
1055 5017 1172 5070 toto
1198 5029 1420 5088 genere
1443 5016 1619 5072 eutts.
1648 5007 1798 5069 Tum

135 5101 322 5160 etiam
356 5099 500 5180 quia
531 5100 588 5158 in
623 5101 746 5160 Deo
781 5117 898 5159 non
923 5107 1060 5160 sunt
1085 5101 1270 5160 forma
1290 5101 1492 5177 aliqua
1521 5098 1800 5160 acciden-

137 5189 312 5269 taria,
361 5189 471 5249 sed
529 5189 871 5249 substantia
921 5207 1030 5270 per
1069 5207 1136 5250 se
1184 5191 1536 5269 subsistens,
1588 5198 1708 5251 eta
1739 5207 1803 5248 se

137 5279 374 5340 habens
403 5280 608 5338 omnia
641 5279 897 5352 inﬁnite,
929 5297 1060 5358 quae
1083 5279 1154 5340 ad
1181 5280 1476 5342 rationem
1513 5281 1804 5359 cujusque

129 5369 536 5450 perfectionis
569 5377 865 5449 spectant,
901 5385 961 5428 ν.
993 5389 1078 5446 g.,
1125 5371 1417 5452 sapientia
1447 5369 1644 5430 divina
1685 5387 1804 5430 non

133 5471 212 5520 est
253 5458 542 5538 qualitas,
577 5459 686 5520 sed
719 5459 1053 5520 substantia
1083 5477 1186 5538 per
1217 5479 1281 5520 se
1313 5461 1670 5530 subsistens,
1701 5459 1802 5520 ba—

139 5549 286 5612 bens
315 5567 350 5609 a
371 5567 438 5610 se
456 5567 574 5609 non
597 5549 792 5610 solum
824 5549 1115 5610 inﬁnitum
1143 5549 1346 5612 lumen
1373 5549 1802 5632 intellectuale,

213 5711 278 5762 76
313 5712 474 5774 l’sal.
509 5728 702 5774 cxuv.

1890 4544 1938 4604 si
1973 4545 2086 4605 hoc
2110 4557 2267 4603 esset
2290 4558 2516 4616 verum,
2541 4556 2659 4598 non
2682 4556 2814 4598 csse
2835 4539 3077 4598 nomina
3111 4537 3293 4599 rebus
3327 4545 3534 4618 poste-

1891 4637 2071 4713 riora,
2100 4651 2248 4712 Opus
2271 4640 2452 4708 esset,
2479 4636 2544 4688 ut
2568 4645 2816 4707 quorum
2844 4637 2979 4688 sunt
3011 4627 3232 4689 eaedem
3265 4628 3536 4688 nomina-

1891 4729 2108 4804 tiones,
2165 4739 2278 4783 una
2330 4729 2388 4781 et
2431 4718 2640 4780 eadem
2687 4717 3018 4778 substantia
3065 4727 3222 4779 esset
3263 4739 3276 4780 :
3313 4736 3382 4778 ex
3417 4737 3533 4798 quo

1886 4819 2076 4890 ﬁeret,
2106 4823 2166 4874 ut
2193 4813 2325 4891 quia
2369 4809 2466 4889 qui
2507 4815 2641 4868 sunt
2677 4809 2890 4869 virtute
2925 4808 3193 4887 perfecti,
3223 4808 3386 4886 digni
3419 4826 3532 4867 no—

1889 4906 2048 4966 mine
2081 4903 2187 4965 Dei
2223 4901 2540 4977 habeutur,
2577 4907 2634 4958 et
2671 4897 2752 4958 «iii
2784 4897 3180 4978 appellantur,
3209 4897 3540 4958 essentlto-

1889 4998 2080 5056 mines
2127 4998 2394 5068 ὁμοὺτιοι,
2443 4991 2500 5050 id
2551 4997 2642 5050 est
2693 4989 2964 5069 ejusdem
3027 4987 3376 5048 substantiae
3422 5006 3538 5068 qua

1892 5091 2071 5150 Deus.
2103 5086 2318 5144 Verum
2353 5081 2504 5140 sicut
2537 5079 2648 5138 hoc
2682 5079 2908 5152 dicere,
2957 5077 3269 5140 manifesta
3303 5077 3536 5138 insania

1889 5190 2012 5253 est,
2050 5177 2136 5238 sic
2171 5171 2314 5234 illud
2351 5171 2578 5248 dicere,
2617 5189 2784 5249 rutilus
2839 5171 3143 5231 dementia
3175 5181 3286 5230 εει.
3323 5170 3446 5230 lmo
3478 5177 3538 5230 et

1889 5265 2208 5347 Gregorius
2243 5258 2664 5341 Nysscnuslib.
2693 5277 2818 5338 xm,
2847 5261 3154 5338 disputans
3176 5267 3382 5347 contra
3415 5259 3536 5319 Eu-

1891 5345 2180 5420 nomium:
2207 5347 3199 5427 illiseralor,inquit,ctmisericors
3219 5345 3531 5418 Dominus,

1883 5449 2117 5520 pitiens,
2165 5453 2214 5499 ct
2264 5439 2440 5495 multa?
2485 5437 2856 5494 misericordiae
2883 5435 2956 5492 73.
3014 5437 3164 5505 Quid
3213 5437 3330 5492 haec.
3378 5437 3535 5492 alunt

1890 5531 2254 5620 signiﬁcare?
2271 5530 2666 5604 Naturamne,
2685 5545 2758 5588 an
2781 5524 3232 5608 operationem?
3251 5523 3438 5590 Nemo
3454 5543 3537 5590 sa-
