4072 6462
461 346 538 410 87

1615 345 1677 406 S.
1728 343 2139 408 DIONYSIUS
2175 345 2685 408 AREOPAGITA.

3769 337 3863 405 88

462 493 538 537 ne
569 477 717 537 aliud
745 477 1042 537 declarare
1061 477 1272 536 dixerit
1293 485 1671 549 praeterquam
1692 478 2105 547 operationem.
2130 483 2172 533 Α
2196 478 2363 539 mina
2394 476 2652 552 dixeris,
2699 494 2892 540 unum
2924 484 3009 539 est
3041 477 3199 556 quod
3245 476 3644 558 signiﬁcatur.
3680 476 3764 537 Et
3797 477 3865 535 si

466 568 711 642 Quando
729 568 914 648 igitur
937 568 1254 631 miseratus
1275 577 1368 630 est
1388 567 1703 648 Dominus,
1725 577 1785 628 ut
1803 587 1873 630 ex
1907 586 2114 647 opera-

465 658 630 721 tione
655 658 1062 721 miserationis
1086 677 1305 721 nomen
1329 657 1608 720 duceret?
1628 659 1783 720 Num
1809 658 1956 740 quid
1979 668 2113 719 ante

468 751 639 806 vitam
666 748 1374 819 humanamiEcquistunc
1390 748 1781 806 misericordia
1799 749 2116 821 indigebat?

467 844 543 904 At
570 857 713 901 vero
742 847 874 920 post
909 848 1210 919 peccatum
1246 856 1497 919 prorsus
1529 838 1945 900 misericordia
1968 857 2115 920 opus

468 928 930 1011 fnit,peccatum
953 937 1152 991 autem
1189 936 1321 1009 post
1350 929 1657 990 hominem
1681 928 1947 1004 existitit;
1986 941 2117 1008 post

470 1022 777 1084 hominem
828 1020 1008 1099 igitur
1050 1020 1202 1083 actio
1236 1020 1563 1084 miserendi
1596 1028 1656 1080 et
1689 1019 2118 1082 misericordiae

470 1124 705 1170 nomen.
725 1110 886 1168 Unde
908 1110 1271 1168 manifestum
1289 1109 1536 1168 efﬁcitur
1555 1110 1862 1180 posteriora
1880 1125 2001 1167 esse
2020 1125 2120 1167 no-

477 1201 783 1283 minaipsa
797 1200 1124 1263 aeternitate
1157 1200 1288 1281 Dei,
1306 1209 1366 1262 et
1391 1209 1523 1279 post
1543 1200 1847 1262 hominem
1872 1209 1930 1261 et
1956 1220 2115 1262 men-

475 1300 593 1354 tem
612 1290 1119 1354 hominisinvenla
1136 1308 1288 1354 esse.
1311 1294 1479 1354 Meus
1507 1290 1669 1352 enim
1695 1290 1952 1352 humana
1973 1294 2123 1353 sicut

474 1381 727 1443 aliarum
748 1398 950 1443 rerum
975 1380 1216 1442 nomina
1236 1380 1566 1453 adinvenit,
1586 1380 1672 1443 sic
1687 1381 1863 1442 etiam
1880 1384 2122 1443 nomina

475 1471 585 1535 Dei
606 1489 903 1551 aggressa,
922 1479 979 1534 et
998 1471 1180 1533 veluti
1208 1470 1515 1533 materiam
1542 1479 1709 1533 nacta
1724 1522 1739 1551 ,
1756 1471 1853 1533 illa
1877 1472 2004 1552 ipsa
2024 1473 2117 1535 ef-

475 1562 631 1625 fecta
652 1570 713 1625 et
733 1560 1135 1637 admirabilia,
1157 1567 1361 1643 quaein
1386 1563 1667 1625 universo
1682 1563 2121 1643 contemplatur

475 1652 827 1734 insequens,
845 1660 907 1715 et
926 1651 1001 1714 de
1024 1654 1148 1715 Deo
1171 1651 1511 1733 inquirens,
1539 1652 1784 1713 nomina
1811 1654 2117 1731 imposuit.

480 1774 720 1825 Nomina
759 1774 1070 1824 communia
1112 1784 1216 1835 quo
1250 1762 1423 1821 sensu
1456 1771 1524 1822 de
1563 1774 1694 1831 Deo,
1736 1774 1786 1821 et
1823 1783 1924 1835 quo
1970 1786 2126 1823 sensu

918 1845 985 1895 de
1021 1846 1291 1895 creaturis
1322 1844 1696 1907 intelligenda.

568 1938 657 2001 Ex
700 1935 796 1998 his
826 1953 968 2016 ergo
999 1934 1319 2016 colligitur,
1339 1952 1473 1999 cum
1506 1934 1849 2015 hujusmodi
1883 1936 2130 1999 nomina

493 2025 696 2089 divina
707 2025 783 2088 de
794 2025 1085 2089 creaturis
1097 2044 1249 2104 quas
1264 2025 1428 2105 prius
1440 2027 1874 2105 cognoscimus,
1895 2035 1949 2088 et
1965 2028 2130 2107 prius

484 2116 887 2196 nominamus,
922 2115 1225 2197 dicuntur,
1261 2114 1484 2178 habere
1515 2133 1585 2177 ea
1617 2115 1859 2177 modum
1893 2117 2127 2197 signiti-

485 2206 686 2283 candi,
702 2206 801 2288 qui
821 2211 1102 2288 competit
1134 2206 1451 2283 creaturis,
1468 2206 1619 2269 sicut
1641 2206 1721 2267 ait
1742 2204 1803 2269 S.
1838 2205 2125 2283 Thomas,

486 2304 550 2361 et
573 2296 902 2359 secundum
934 2303 1198 2359 nostram
1226 2295 1723 2358 consuetudinem
1758 2298 2000 2377 proprie
2040 2298 2128 2359 si-

483 2386 1192 2468 gniﬁcareoperationem
1206 2405 1314 2449 seu
1328 2386 1601 2448 effectum
1619 2387 2132 2470 participatum,ut

485 2477 680 2539 bonus
703 2474 1031 2540 bonitatem
1054 2476 1593 2557 creatam,sapiens
1613 2476 1969 2556 sapientiam
1988 2479 2128 2541 item

487 2575 774 2646 creatam,
794 2574 854 2631 et
877 2566 1156 2630 similiter
1176 2567 1237 2630 in
1261 2567 1513 2646 reliquis
1535 2568 1877 2629 nominibus
1902 2569 2128 2648 signiﬁ-

490 2656 763 2722 cantibus
809 2657 1153 2738 hujusmodi
1202 2657 1601 2739 perfectiones
1631 2661 2043 2739 participatas;
2076 2668 2134 2721 et

487 2755 555 2812 ut
580 2747 669 2810 sic
698 2765 821 2810 non
852 2746 1134 2811 dicuntur
1165 2749 1406 2829 proprie
1429 2748 1505 2809 de
1527 2746 1674 2823 Deo,
1698 2749 1840 2829 quia
1864 2751 2021 2813 Deus
2046 2759 2135 2811 est

488 2855 669 2920 supra
703 2837 837 2913 ista,
878 2854 1062 2917 supra
1090 2836 1336 2913 bonum,
1386 2856 1565 2918 supra
1597 2838 1953 2919 sapientem.
1988 2842 2133 2903 Cum

492 2947 636 2991 vero
663 2928 739 2990 de
763 2926 887 2991 Deo
926 2927 1167 3009 proprie
1197 2928 1501 3010 dicuntur,
1536 2929 1854 2991 essentiam
1891 2930 2023 3010 ejus
2055 2931 2136 2991 si-

492 3019 800 3100 gniﬁcare,
842 3028 903 3084 et
939 3019 1270 3082 secundum
1313 3031 1582 3083 naturam
1618 3020 1759 3093 dici,
1789 3028 1847 3081 et
1876 3021 2032 3083 dicta
2063 3020 2138 3081 de

492 3108 783 3173 creaturis
803 3109 999 3188 quoad
1024 3127 1152 3173 rem
1176 3110 1594 3191 significatam,
1621 3129 1740 3172 non
1772 3111 2008 3191 proprie
2031 3111 2137 3172 sed

494 3199 868 3282 perabusum
883 3199 1077 3275 verbi,
1098 3208 1156 3262 et
1176 3216 1283 3281 per
1303 3200 1698 3264 imitationem
1721 3210 1779 3261 et
1796 3200 2134 3263 similitudi-
2157 3197 2196 3247 C

492 3309 633 3353 nem
675 3290 994 3372 quamdam
1038 3290 1404 3370 analogicam
1456 3290 1575 3351 dici
1611 3309 1625 3354 :
1678 3297 1861 3371 atque
1891 3292 1968 3353 ita
2002 3310 2137 3369 quin

492 3388 632 3443 sunt
661 3383 1003 3443 communia
1028 3379 1151 3444 Deo
1200 3388 1262 3443 et
1307 3381 1603 3443 creaturis
1641 3382 1908 3458 nomina,
1941 3382 2135 3462 quoad

493 3488 622 3533 rem
650 3470 1040 3550 significatam
1058 3490 1198 3533 vere
1228 3481 1290 3535 et
1318 3471 1578 3553 proprie,
1611 3471 1668 3533 id
1695 3480 1784 3534 est
1806 3472 2136 3534 essentiali-

498 3573 594 3626 ter
623 3567 681 3624 et
714 3580 821 3643 per
846 3580 912 3624 se
942 3562 1224 3625 dicuntur
1252 3561 1329 3623 de
1357 3560 1516 3639 Deo;
1564 3561 1640 3624 de
1691 3571 1964 3624 creatura
1998 3581 2135 3623 vero

495 3670 617 3715 non
649 3669 782 3715 vere
804 3670 999 3734 neque
1021 3652 1284 3735 proprie,
1301 3653 1439 3733 quia
1461 3672 1581 3715 non
1613 3671 1721 3733 per
1742 3671 1808 3714 se
1833 3654 2136 3715 dicuntur:

496 3744 695 3824 quoad
708 3759 848 3805 vero
869 3742 1316 3823 impositionem
1341 3743 1676 3814 nominum,
1704 3743 1941 3822 proprie
1959 3742 2133 3820 signi-

495 3833 678 3896 ﬁcant
704 3831 767 3895 id
796 3832 868 3895 ad
915 3832 1072 3913 quod
1123 3832 1401 3913 imposita
1447 3841 1605 3913 sunt,
1660 3833 1933 3913 imposita
1980 3833 2138 3894 enim

498 3929 638 3985 sunt
663 3922 831 4006 prius
854 3924 927 3985 ad
962 3922 1383 4000 signiﬁcandas
1409 3922 1804 4003 perfectiones
1827 3923 2140 4003 participa-

501 4022 615 4091 tas,
642 4032 791 4096 quas
823 4034 857 4076 a
884 4014 1008 4077 Deo
1034 4016 1090 4077 in
1112 4014 1403 4077 creaturis
1424 4015 1669 4076 eﬂ‘ectas
1701 4014 2138 4094 cognoscimus,

499 4124 569 4167 ex
593 4102 831 4186 quibus,
866 4106 939 4167 ad
967 4103 1433 4185 cognoscendas,
1460 4113 1766 4185 utcunque
1796 4098 2138 4183 possumus,

500 4193 902 4276 perfectiones
923 4194 1272 4256 essentiales
1301 4194 1406 4258 Dei
1425 4194 1799 4270 deducimur,
1830 4194 1984 4257 sicut
2004 4197 2146 4256 seri-

502 4292 664 4367 ptum
697 4290 789 4348 est
821 4303 834 4347 :
871 4283 1215 4347 Invisibilia
1246 4285 1359 4346 Dei
1384 4302 1496 4365 per
1525 4302 1592 4348 ea
1619 4303 1754 4366 qua:
1785 4284 1954 4363 facta
2004 4293 2147 4349 sunt

499 4376 811 4441 intellecta
841 4377 1303 4456 conspiciuntur
1333 4375 1415 4434 77.
1472 4448 1477 4453 1

2202 566 2391 630 Deum
2425 568 2623 643 dicas,
2659 568 2935 630 eumdem
2966 568 3302 639 ostendisti,
3338 583 3515 647 quem
3555 584 3663 645 per
3689 566 3857 627 reli-

2197 674 2315 737 qua
2344 659 2593 720 nomina
2618 666 2819 720 mente
2852 660 3198 738 concepisti.
3237 656 3315 718 Ex
3350 656 3443 719 his
3484 656 3662 737 igitur
3714 674 3854 717 ma—

2198 746 2482 808 nifeatum
2511 746 2574 807 tit
2603 746 2762 827 quod
2796 746 3005 808 eadem
3042 746 3239 808 divina
3265 745 3505 806 nomina
3533 753 3592 807 et
3620 746 3855 807 etedem

2199 836 2475 898 notiones
2506 845 2724 897 nostra;
2755 835 2829 898 de
2860 835 2981 898 Deo
3013 836 3314 905 dicentur,
3343 834 3691 915 nullamque
3722 834 3853 896 dif-

2198 926 2513 988 ferentiam
2548 925 2636 987 rei
2669 925 2956 1005 subjeclm
2984 925 3057 988 ad
3093 926 3279 988 Deum
3303 926 3488 987 relata
3510 943 3851 1005 repraesen-

2200 1024 2325 1078 tant
2356 1034 2369 1079 :
2408 1026 2465 1078 et
2494 1015 2653 1093 quod
2693 1014 2938 1077 nomina
2971 1015 3081 1078 Dei
3114 1016 3406 1096 triplicem
3443 1016 3667 1077 habent
3698 1034 3855 1077 cau-

2204 1125 2326 1168 sam
2360 1106 2722 1168 efﬁcientem
2765 1106 3038 1183 quidem,
3076 1115 3335 1168 mentem
3388 1106 3578 1187 ipsam
3632 1105 3856 1167 huma-

2204 1214 2367 1273 nam;
2415 1196 2760 1271 materiam,
2818 1195 2922 1257 illa
2979 1198 3137 1258 unde
3195 1195 3583 1275 colliguntur,
3642 1196 3702 1257 id
3764 1204 3863 1257 est

2205 1285 2417 1348 effecta
2445 1303 2461 1362 ;
2494 1286 2675 1348 finem
2709 1289 2899 1350 Deum
2936 1286 3009 1348 ad
3051 1304 3226 1367 quem
3260 1286 3627 1349 referuntur.

2718 1391 3202 1458 OBSERVATIO
3242 1393 3342 1457 X1.

2200 1496 2255 1553 S,
2294 1492 2589 1556 Dionysius
2628 1497 2842 1556 primus
2909 1497 3110 1544 auctar
3163 1493 3433 1556 theologia?
3494 1493 3853 1554 scholasticae,

2269 1569 2555 1627 Principia
2581 1566 2875 1629 theologica
2916 1580 2984 1615 ea:
3018 1570 3205 1629 prima
3230 1568 3452 1628 periodo
3485 1570 3728 1630 Dionysii
3766 1568 3859 1615 (Ie—

2258 1641 2534 1703 prompta.
2600 1643 2765 1688 Omne
2835 1638 3037 1689 donum
3103 1654 3137 1688 α
3202 1642 3310 1688 Deo
3375 1653 3503 1695 esse,
3573 1641 3853 1688 demi-sunt

2272 1725 2397 1770 esse,
2437 1724 2473 1762 a
2514 1714 2688 1761 Patre
2743 1711 3032 1761 luminum.
3089 1713 3330 1771 Spiritus
3379 1714 3602 1761 sanctus
3653 1712 3859 1761 donum

2272 1787 2482 1835 Patris.
2529 1787 2641 1833 Cur
2694 1786 2872 1834 Pater
2913 1783 3183 1833 luminum
3241 1783 3437 1833 dictus.
3489 1789 3709 1833 Putrem
3753 1798 3862 1833 esse

2271 1860 2608 1920 principium
2660 1858 3092 1906 emanationum.
3131 1859 3345 1906 Bonum.
3382 1859 3466 1904 sui
3515 1856 3855 1917 dijfusivum.

2272 1934 2419 1980 Deus
2459 1932 2646 1980 omnia
2693 1931 2833 1979 facit
2864 1929 2928 1980 ob
2959 1929 3277 1979 bonitatem.
3317 1931 3514 1978 Gratia
3548 1943 3659 1978 non
3685 1929 3861 1980 datur

2272 2016 2342 2053 ea:
2383 2004 2612 2052 meritis.
2672 2002 2993 2051 Immediale
3057 2004 3133 2051 est
3187 2015 3221 2051 a
3278 2005 3406 2050 Deo.
3473 2002 3701 2051 Uniendi
3749 2005 3863 2053 vim

2274 2074 2451 2125 habet.
2501 2076 2781 2124 Hominem
2807 2073 2981 2124 elevat
3018 2086 3185 2136 supra
3214 2076 3419 2123 statum
3449 2076 3687 2124 naturae.
3716 2077 3864 2125 Deus

2274 2150 2514 2197 omnium
2535 2149 2879 2209 principium
2908 2148 2957 2196 et
2972 2146 3132 2208 ﬁnis.

2294 2227 2620 2292 Observatu
2672 2246 2909 2309 quoque
2959 2227 3377 2307 dignissimum
3434 2228 3733 2309 quomodo
3793 2231 3860 2293 S.

2212 2318 2527 2399 Dionysius
2572 2319 2803 2399 primus
2854 2318 3223 2379 scholasticae
3276 2318 3587 2397 theologia;
3636 2320 3865 2398 jeccrit

2212 2409 2628 2485 fundamenta,
2659 2408 2873 2489 quibus
2897 2407 3096 2469 caeteri
3118 2407 3402 2487 deinceps
3428 2409 3706 2488 theologi,
3729 2429 3863 2471 eam

2215 2517 2347 2579 quae
2376 2499 2450 2560 de
2479 2499 2600 2560 Deo
2634 2499 2935 2578 rebusque
2971 2497 3188 2558 divinis
3240 2498 3297 2557 in
3334 2498 3553 2559 scholis
3587 2501 3866 2576 traditur,

2216 2590 2546 2651 doctrinam
2566 2607 2804 2650 omnem
2830 2587 3288 2650 inmdiﬁcarunt.
3320 2589 3607 2668 Exemplo
3630 2590 3707 2651 sit
3736 2610 3872 2670 pro-

2217 2680 2439 2744 ximum
2456 2680 2612 2760 quod
2637 2678 2902 2740 occurrit
2924 2678 3135 2759 capitis
3166 2678 3367 2759 primi.
3392 2679 3478 2740 De
3500 2680 3714 2743 εσιΙρδιι
3734 2682 3868 2743 hie-

2218 2772 2470 2833 rarehia
2510 2769 3024 2848 exordium,cujus
3058 2770 3304 2848 primam
3343 2770 3651 2850 periodum
3685 2771 3733 2832 si
3770 2782 3868 2833 at-

2220 2868 2381 2922 tente
2412 2859 2545 2941 quis
2573 2858 2944 2938 expenderit,
2988 2868 3128 2939 quot
3160 2859 3337 2921 verba
3369 2869 3451 2919 tot
3480 2861 3740 2942 oracula,
3771 2870 3869 2924 to-

2220 2951 2527 3032 tidemque
2552 2949 2845 3011 altissima
2867 2949 3237 3011 scholastica}
3268 2950 3553 3012 doctrinm
3577 2951 3875 3032 principia

2222 3038 2557 3102 mirabitur.
2587 3037 2686 3101 Sic
2717 3039 2936 3100 habet:
2982 3065 3000 3095 ι
3041 3047 3191 3097 Πᾶς-τι
3222 3039 3371 3104 δόσις
3418 3042 3614 3121 ἀγαθὴ,
3643 3044 3731 3099 καὶ
3768 3050 3871 3100 πᾶν

2223 3128 2443 3210 δώρημα
2486 3129 2713 3210 τέλειον,
2759 3128 2957 3185 ἄνωθέν
3016 3130 3153 3201 ἐστι,
3212 3128 3538 3188 καταϐαῖνον
3610 3134 3716 3188 ἀπὸ
3778 3142 3872 3191 τοῦ

2222 3223 2427 3299 Ila-.96;
2468 3220 2573 3277 τῶν
2604 3222 2796 3301 φώτων
2826 3220 2910 3280 73.
2945 3218 3115 3277 Ἀλλὰ
3166 3225 3253 3278 καὶ
3297 3228 3442 3278 πᾶσαι
3472 3225 3872 3301 Πλτροχινήτω

2222 3313 2585 3392 φωτόιρανεὶςις
2643 3308 2863 3390 πρόοδος
2921 3312 2993 3376 εἷς
3048 3311 3204 3386 ἡμᾶς
3265 3311 3598 3388 ἆγαϐοξότως
3632 3316 3873 3391 geminat

2222 3402 2380 3458 πάλιν
2412 3404 2483 3467 ὡς
2512 3400 2752 3465 ἐνοποιὸς
2784 3398 2999 3477 δύναμις
3043 3402 3384 3466 avaritiam;
3420 3401 3559 3476 ἡμᾶς
3606 3402 3869 3482 innato",

2222 3495 2307 3548 καὶ
2360 3492 2659 3572 ἐπιστρέφει
2734 3494 2866 3569 πρὸς
2925 3497 3025 3557 τὴν
3119 3502 3210 3550 τοῦ
3284 3503 3593 3570 συνπγωγοῠ
3664 3498 3874 3571 Πατρὲλς

2222 3582 2470 3657 ἐνὸτητα,
2524 3583 2611 3637 καὶ
2669 3583 2915 3639 Θεοποιὶν
2965 3579 3269 3647 ἁπλότητα.
3320 3584 3423 3641 Καὶ
3478 3583 3577 3661 γὰρ
3622 3583 3675 3649 ἐξ
3716 3587 3874 3642 αὒτοῦ

2223 3674 2418 3752 πάνυ,
2465 3672 2554 3728 καὶ
2585 3673 2655 3733 εἰς
2690 3671 2873 3732 aestv.
2935 3695 2961 3727 ι)
3019 3669 3214 3733 Omne
3264 3671 3479 3733 datum
3540 3671 3786 3753 bonum,
3820 3684 3879 3734 et

2224 3779 2396 3823 omne
2427 3761 2653 3823 donum
2674 3762 3018 3840 perfectum
3043 3760 3363 3823 desursum
3386 3766 3490 3833 est,
3514 3762 3881 3826 descendens

2226 3868 2263 3913 α
2297 3853 2485 3913 Patre
2517 3851 2843 3914 luminum.
2873 3853 3033 3926 Quin
3076 3858 3134 3914 et
3180 3853 3376 3914 omnis
3407 3870 3446 3914 a.
3480 3851 3668 3914 Patre
3695 3861 3879 3915 motae

2228 3938 2658 4003 illustrationis
2680 3947 3014 4013 emanatz‘o,
3041 3942 3103 4003 in
3132 3960 3240 4003 nos
3267 3939 3879 4022 beneﬁceea‘undans;

2227 4031 2427 4093 denuo
2462 4050 2573 4093 ceu
2613 4032 2839 4111 uni/ica
2886 4034 3002 4105 vis,
3037 4033 3118 4094 ad
3163 4049 3389 4111 supera
3438 4050 3546 4095 nos
3586 4035 3883 4112 erigenda

2227 4121 2594 4201 simpli/ient,
2634 4132 2689 4184 et
2721 4123 3018 4185 convertit
3060 4122 3140 4185 ad
3184 4122 3612 4202 congregantis
3666 4123 3886 4187 Patris

2227 4211 2487 4268 unitatem
2511 4216 2560 4269 et
2588 4212 2834 4284 deificum
2860 4211 3265 4284 simplicitatem.
3301 4213 3568 4279 Quoniam
3597 4228 3662 4267 es:
3690 4212 3805 4284 ipso
3834 4217 3890 4270 et

2227 4302 2285 4357 in
2316 4303 2495 4377 ipsum
2522 4309 2647 4359 sunt
2675 4304 2875 4359 omnia.
2910 4303 3058 4360 Ecce
3083 4309 3223 4375 quot
3252 4303 3441 4360 brevis
3463 4303 3584 4361 haec
3606 4304 3889 4373 periodus

2232 4392 2679 4456 sublimissimze
2715 4392 3031 4472 theologize
3061 4393 3352 4475 principia
3382 4393 3841 4472 complectatur.

537 4498 733 4549 Omnia
767 4497 866 4547 Det
898 4496 1137 4572 nomina
1161 4495 1292 4572 quid
1325 4509 1497 4572 unum
1531 4499 1581 4545 et
1617 4496 1752 4547 idem
1793 4497 2109 4562 signiﬁcant
2168 4520 2212 4572 ο
2313 4484 2541 4559 Primo,
2574 4483 2795 4546 bonum
2827 4503 3004 4545 omne
3036 4502 3069 4545 a
3098 4482 3219 4545 Deo
3270 4482 3469 4572 datum
3514 4500 3685 4560 esse;
3720 4484 3888 4564 quod

1064 4569 1138 4619 ad
1178 4571 1347 4620 Deum
1383 4570 1579 4620 relata.

587 4668 1035 4732 Observandum
1071 4667 1166 4729 hic
1204 4686 1337 4729 cum
1371 4668 1775 4749 Cyparissiota
1805 4669 2029 4733 Derad.
2063 4686 2146 4746 ιν,

505 4777 637 4840 cap.
671 4758 732 4833 7,
764 4758 919 4839 quod
953 4756 1105 4819 sicut
1135 4757 1335 4819 divina
1365 4757 1608 4819 nomina
1634 4778 1704 4818 ex
1738 4759 1966 4821 effectis
1989 4779 2140 4820 sum-

505 4857 633 4928 pta,
661 4846 1056 4909 differentiam
1084 4845 1498 4927 operationum
1533 4857 1956 4928 repraiscnlant
1977 4848 2060 4910 sic
2077 4848 2148 4910 ad

506 4937 696 5000 Deum
724 4936 932 5019 relata,
966 4936 1234 4999 diversas
1264 4954 1361 4998 res
1387 4944 1828 5016 reprmsentare
1859 4956 1977 4999 non
2009 4958 2146 5018 pos-

509 5029 650 5091 sint.
676 5026 826 5089 Hinc
854 5044 1102 5108 magnus
1126 5025 1380 5088 Basilius
1412 5025 1473 5086 in
1521 5027 1755 5107 epistol.
1811 5029 1881 5089 ad
1931 5028 2150 5091 Eusta—

508 5119 738 5180 chium:
764 5116 1012 5198 Omnes,
1047 5116 1262 5198 inquit,
1299 5118 1592 5193 notiones,
1637 5123 1693 5180 et
1735 5120 1985 5180 nomina
2017 5138 2152 5199 quos

505 5209 703 5273 Deum
728 5208 958 5283 decent,
995 5210 1256 5288 aqualis
1277 5211 1439 5269 inter
1460 5225 1524 5269 se
1540 5206 1785 5270 honoris
1803 5217 1968 5279 sunt,
1998 5225 2153 5288 qua-

511 5308 685 5362 tenus
707 5298 1154 5378 signiﬁcatione
1184 5298 1279 5360 rei
1312 5296 1591 5378 subjecta:
1631 5296 1790 5359 nihil
1834 5300 2152 5378 (li/ferant.

509 5388 641 5451 Non
668 5390 828 5449 enim
861 5389 941 5449 ad
970 5386 1161 5449 aliam
1194 5405 1321 5449 rem
1344 5389 1665 5463 subjectum
1698 5397 1960 5451 mentem
1993 5389 2159 5451 ducit

511 5476 843 5560 appellatio
876 5478 1038 5558 boui,
1064 5487 1115 5540 et
1149 5479 1225 5542 ad
1255 5478 1444 5540 aliam
1471 5477 1809 5557 appellatio
1840 5481 2155 5559 sapientis,

510 5577 565 5631 et
588 5570 878 5651 potentis,
907 5577 963 5632 et
978 5571 1157 5648 justi.
1186 5567 1350 5645 Quin
1376 5569 1606 5650 potius,
1632 5584 2018 5650 quaecumque
2044 5586 2159 5633 no-

593 5725 657 5781 77
683 5729 859 5798 Rom.
890 5746 935 5796 ι.
980 5731 1044 5784 ⁷8
1067 5729 1197 5797 Jac.
1227 5748 1270 5807 1,
1301 5730 1403 5794 Π.

2235 4575 2549 4653 designant
2578 4573 2781 4656 verba,
2808 4581 2956 4631 licith
2977 4574 3118 4639 δόσὶς
3162 4575 3359 4652 ἀγαθή.
3394 4571 3475 4634 Ex
3510 4591 3627 4653 qun
3658 4574 3889 4654 princi-

2236 4665 2332 4746 pio
2361 4667 2423 4728 S.
2457 4663 2720 4727 Thomas
2752 4684 2809 4744 p.
2842 4683 2881 4739 ι,
2914 4683 3014 4746 qu.
3065 4667 3126 4744 4,
3175 4666 3233 4737 5,
3287 4665 3347 4737 6,
3403 4662 3691 4743 plurimas
3721 4663 3892 4725 elicit

2234 4755 2671 4830 conclusiones,
2706 4753 2872 4817 verbi
2923 4753 3131 4834 gratia,
3185 4756 3373 4817 Deum
3419 4771 3551 4816 esse
3580 4771 3887 4814 summum

2235 4845 2713 4926 honum,rerum
2771 4846 3040 4906 omnium
3093 4845 3493 4925 perfectiones
3543 4842 3893 4906 eminenter

2235 4937 2565 5015 continere,
2603 4945 2910 4997 creaturas
2942 4937 3073 5015 ejus
3108 4934 3563 5015 participatione
3609 4952 3676 4996 ac
3706 4933 3889 4995 simi-

2234 5025 2489 5089 litudine
2515 5025 2702 5087 bonas
2733 5044 2888 5098 esse,
2926 5034 3045 5089 etc.

2320 5114 2621 5190 Secundo,
2649 5134 2827 5176 omne
2866 5114 3085 5177 donum
3132 5111 3467 5195 perlectum
3513 5132 3646 5176 esse
3671 5132 3704 5175 a
3734 5112 3887 5195 Deo,

2237 5210 2323 5266 καὶ
2354 5214 2429 5263 πᾶ
2471 5205 2696 5287 δώρημα
2726 5205 2949 5287 τέλειον,
3000 5204 3229 5268 scilicet
3272 5215 3337 5268 ut
3368 5204 3664 5286 principio
3697 5204 3888 5267 effec-

2242 5298 2380 5373 tivo,
2417 5294 2762 5376 exemplari,
2797 5302 2856 5358 et
2886 5295 3048 5357 finali
3083 5317 3097 5359 :
3139 5316 3196 5374 p.
3233 5315 3273 5373 ι,
3318 5315 3418 5375 qu.
3453 5297 3518 5375 6,
3548 5303 3659 5355 art.
3712 5299 3775 5369 Ιι,
3831 5301 3895 5357 et

2240 5388 2378 5455 2-2,
2415 5405 2473 5467 q.
2510 5386 2568 5467 3,
2601 5396 2717 5461 art,
2748 5383 2788 5446 ‘2
2818 5385 2890 5447 ad
2926 5386 2952 5448 1
2988 5406 3004 5462 ;
3041 5405 3099 5467 q.
3135 5384 3237 5456 27,
3264 5397 3380 5448 art.
3414 5386 3475 5462 3,
3509 5384 3570 5446 in
3602 5402 3890 5466 corpore.

2242 5476 2393 5541 Vide
2422 5477 2564 5537 item
2602 5477 2671 5539 D.
2705 5475 2996 5538 Thomam
3030 5493 3091 5556 p.
3124 5493 3168 5552 ι,
3201 5495 3262 5559 q.
3297 5475 3396 5555 38,
3433 5483 3491 5538 et
3516 5480 3643 5555 1-2,
3680 5493 3742 5557 q.
3779 5472 3892 5556 68,

2244 5565 2351 5631 ubi
2381 5565 2639 5647 disputat
2670 5564 2746 5627 de
2777 5565 3011 5630 ratione
3041 5563 3209 5630 doni.
