4072 6450
246 354 355 424 101

1652 350 2060 427 PROLEGOM
2072 347 2242 426 ENA.

3529 358 3642 438 102

240 497 439 559 ritalis
459 505 641 579 atque
662 496 927 578 Operatio
948 496 1506 577 impermistaatque
1529 498 1905 560 immaculata
1925 507 1961 553 Α
1987 496 2326 560 adhibenda
2357 508 2448 561 est
2472 500 2632 580 jugis
2667 501 3061 571 mortiﬁcatio,
3125 512 3185 564 ut
3245 508 3375 587 quis
3434 529 3637 574 exsors

243 591 510 667 puritate
529 587 1013 669 resplendens,et
1034 593 1351 668 conspicax
1377 588 1715 649 divinarum
1740 587 1910 647 intel-

236 677 808 758 ligentiaruut,quaa
836 697 941 752 per
963 677 1275 739 divisionis
1296 698 1364 740 ac
1389 680 1650 740 materim
1693 697 1910 739 caren-

236 769 412 844 tiam,
451 769 733 830 deiformi
762 768 987 829 unitate
1012 768 1080 828 ad
1113 769 1368 830 divinam
1396 779 1453 831 et
1478 770 1787 849 plusquam
1811 787 1908 828 sa-

235 857 509 937 pientem
532 866 794 919 mentem
820 876 889 919 ac
910 857 1512 920 rationem‘divinitus
1536 860 1906 920 etformatur.

232 947 390 1009 Hinc
423 948 656 1028 mystici
690 947 952 1026 theologi
1004 948 1117 1009 hoc
1150 967 1389 1029 quoque
1422 966 1654 1011 sacrum
1694 966 1910 1009 munus

234 1038 791 1119 referunt,utquod
818 1038 1153 1099 divinorum
1181 1039 1446 1101 omnium
1473 1038 1909 1101 divinis'simum

236 1137 353 1209 est,
389 1134 453 1189 in
488 1129 682 1190 salute
712 1147 781 1190 ac
816 1129 1182 1207 perfectione
1244 1134 1651 1209 proximorum
1689 1148 1903 1209 procu-

235 1220 457 1299 randa,
494 1217 697 1280 divino
725 1237 971 1299 prorsus
1002 1228 1061 1280 et
1110 1219 1491 1282 eminentiori
1521 1239 1643 1300 prae
1679 1219 1910 1286 caeteris

238 1310 426 1371 modo
450 1307 893 1389 ipsiusmetDei
912 1318 1332 1389 cooperatores
1347 1311 1626 1391 existant;
1647 1328 1763 1370 non
1779 1328 1910 1370 om-

238 1398 388 1461 nino
419 1398 636 1460 dissita
660 1397 734 1460 ab
765 1398 977 1460 ordine
1010 1399 1237 1461 caelesti
1262 1399 1466 1463 insinu
1513 1407 1668 1461 tione
1690 1399 1751 1459 in
1773 1398 1909 1460 ani-

239 1508 376 1551 mos
414 1489 728 1551 hominum
763 1488 1091 1570 inﬂuendo,
1128 1498 1186 1552 et
1210 1507 1243 1551 a
1272 1490 1579 1569 quibusvis
1606 1489 1765 1551 vitiis
1814 1496 1909 1550 at-

239 1599 361 1662 que
395 1577 961 1661 imperfectionibus
1003 1581 1076 1642 ad
1109 1597 1351 1643 omnem
1380 1581 1659 1643 virtutem
1696 1587 1753 1641 et
1785 1577 1916 1641 vita:

239 1671 633 1751 sanctitatem
665 1669 1055 1735 traducendo.

905 1797 1157 1861 CAPUT
1191 1799 1265 1860 V.

314 1916 591 1983 Quanam
614 1914 1079 1988 prwrequirantur
1096 1915 1165 1969 ad
1193 1916 1473 1987 mysticam
1502 1914 1840 1987 theologiam.

323 2035 422 2097 Ad
451 2036 611 2096 hanc
636 2032 1074 2111 theologiam93
1090 2031 1441 2112 cumprimis
1467 2030 1920 2113 prmrequiritur

242 2134 435 2189 status
464 2123 707 2205 quidam
742 2122 1209 2203 supernaturalis
1254 2122 1368 2202 ipsi
1404 2124 1913 2203 proportionatus,

244 2216 511 2298 quicum
537 2213 618 2276 sit
641 2212 813 2294 quasi
844 2213 1110 2293 quaedam
1146 2214 1331 2275 altera
1388 2213 1657 2274 nativitas
1691 2212 1914 2291 divina,

249 2323 560 2387 nunquam
594 2322 738 2365 sane
769 2303 1156 2384 intellexerit,
1192 2305 1413 2364 nedum
1449 2304 1705 2382 gesserit
1735 2302 1917 2382 quid-

257 2399 408 2478 piam
445 2394 786 2457 secundum
813 2395 1119 2474 mysticam
1156 2395 1538 2472 theoIOgiam,
1575 2394 1667 2454 cui
1695 2413 1766 2454 ne
1794 2394 1920 2473 ipse

268 2489 497 2568 quidem
535 2493 729 2547 status
761 2485 858 2546 hic
894 2485 1181 2546 divinitus
1211 2485 1446 2546 aﬂlatus
1475 2491 1569 2546 sit.
1596 2483 1828 2546 Etenim
1864 2492 1923 2544 et

270 2578 434 2638 nobis
464 2577 757 2656 (humano
782 2575 1069 2651 loquendi
1100 2577 1299 2656 modo)
1326 2575 1641 2639 cxistentia
1666 2575 1921 2654 primum

263 2687 407 2748 opus
429 2675 547 2747 est,
582 2675 644 2726 ut
677 2665 966 2747 deinceps
989 2686 1123 2745 quae
1148 2666 1329 2727 nostri
1365 2666 1473 2726 fori
1506 2674 1663 2745 sunt,
1700 2674 1923 2727 tracte-

257 2776 411 2833 mus,
449 2776 590 2817 cum
625 2756 686 2817 id
719 2756 877 2836 quod
916 2757 1076 2817 nullo
1113 2756 1289 2817 modo
1323 2755 1552 2830 existit,
1589 2775 1926 2836 nequema-

255 2851 485 2909 tionem
520 2864 722 2927 neque
751 2845 1144 2907 substantiam
1175 2848 1421 2907 omnino
1470 2845 1726 2926 habeat;
1764 2845 1923 2923 quod

249 2945 456 2999 autem
497 2955 738 3018 quoquo
773 2942 942 3016 pacto
989 2946 1100 3009 est,
1135 2955 1205 2997 ea
1265 2938 1505 2998 demum
1570 2945 1627 2997 et
1684 2946 1815 3013 agat
1871 2945 1928 2995 et

249 3028 539 3105 patiatur,
580 3045 714 3107 qua:
744 3037 979 3087 naturae
1012 3034 1316 3106 statusque
1355 3036 1491 3087 sunt
1514 3028 1629 3087 sui.
1664 3026 1927 3088 Dicimus

247 3118 460 3197 itaque
480 3115 743 3179 assiduis
758 3116 829 3176 ad
849 3114 1040 3177 Deum
1058 3118 1422 3178 connitendo
1439 3114 1929 3201 aspirationibus,

246 3216 439 3287 atque
473 3205 765 3267 totalibus
795 3206 1229 3267 contrariorum
1277 3205 1841 3267 mortiﬁcationibus
1876 3212 1932 3265 et

1999 588 2098 647 ﬁat
2130 596 2186 648 et
2215 608 2433 667 expers
2466 591 2731 651 omnium
2778 592 3195 655 uniformitatis
3255 599 3632 665 divisionum.

1996 676 2316 756 Propterea
2348 681 2455 741 viri
2487 680 2698 759 sancti,
2731 681 3065 742 divinorum
3102 692 3520 754 communione
3552 695 3642 753 di-

1995 769 2177 845 gnati,
2213 769 2354 829 dum
2379 790 2483 848 pro
2509 788 2785 831 mensura
2808 770 3011 847 gratim
3030 773 3242 835 divinm
3272 778 3378 839 sibi
3414 784 3639 846 collatae

1994 858 2065 918 ad
2100 859 2514 951 deiformilatis
2540 870 2595 921 et
2629 862 2888 941 mystica)
2910 864 3147 924 uninnis
3177 866 3471 946 fastigium
3502 893 3640 951 per-

1995 950 2319 1006 rectissimis
2354 952 2789 1023 perfectivisque
2819 954 3277 1013 deiﬁcationibus
3302 950 3639 1027 evehuntur,

1996 1057 2066 1101 ea
2097 1060 2227 1120 quae
2258 1043 2452 1103 carnis
2482 1052 2619 1103 sunt
2652 1042 2900 1103 minime
2948 1058 3158 1105 curant
3212 1048 3361 1112 citra
3421 1063 3643 1116 natura)

1997 1138 2437 1225 necessitatem,
2474 1132 2679 1213 idque,
2716 1143 2889 1225 prout
2919 1154 3061 1195 usus
3086 1138 3442 1215 fertobiter;
3471 1153 3643 1225 atque

1995 1221 2108 1282 hoc
2142 1222 2317 1282 modo
2351 1226 2527 1283 etiam
2561 1240 2811 1302 corpora
2835 1224 3069 1285 illorum
3103 1246 3207 1305 per
3230 1221 3644 1295 mortiﬁcatio-

1995 1330 2132 1372 nem
2155 1311 2595 1392 quodammodo
2619 1309 3130 1392 spiritualizata,in
3152 1321 3393 1399 mystica
3411 1324 3653 1387 deiﬁca-

1994 1402 2158 1464 tione
2177 1403 2466 1494 templum
2495 1404 2644 1494 fiunt
2666 1403 2927 1494 Spiritus
2949 1406 3559 1494 divino-principalis,
3589 1418 3647 1478 in

1998 1510 2115 1573 quo
2141 1492 2338 1554 simile
2363 1493 2421 1553 in
2446 1493 2624 1554 simili
2654 1492 2932 1556 fundatur
2952 1514 3021 1557 ac
3051 1492 3397 1566 collocatur.

2634 1583 2877 1647 CAPUT
2919 1584 2995 1648 Vi

2030 1672 2141 1738 Qua
2177 1673 2383 1730 ratione
2406 1673 2479 1730 ad
2507 1675 2785 1746 mysticam
2812 1675 3129 1749 theologiam
3158 1682 3501 1739 accedendum
3529 1688 3619 1747 sit.

2083 1754 2422 1818 Obstaculis
2454 1764 2512 1817 et
2539 1756 2987 1837 impedimentis
3021 1779 3126 1840 per
3177 1766 3649 1830 mortiﬁcationis

2005 1847 2352 1907 exercitium
2369 1845 3051 1921 sublatis,adhibendum
3079 1860 3167 1913 est
3186 1854 3359 1915 etiam
3385 1858 3649 1920 studium

1944 1935 1980 1984 Β
2004 1935 2603 2015 orationis,exemplo
2627 1936 2889 2018 Dionysii
2916 1942 3217 2020 mysticam
3242 1946 3594 2023 theologiam
3620 1966 3655 2009 a

2004 2027 2393 2089 sanctissimas
2452 2026 2761 2089 Trinitatis
2822 2030 3196 2093 invocatione
3256 2036 3650 2115 auspicantis.

2004 2118 2258 2197 Oportet
2282 2119 2463 2198 igitur
2487 2138 2593 2179 nos
2615 2118 2867 2199 primum
2896 2123 3262 2186 orationibus
3286 2127 3355 2187 ad
3387 2126 3570 2189 Deum
3603 2130 3649 2205 ί,

2007 2216 2282 2289 tanquam
2312 2210 2381 2270 ad
2411 2210 2670 2290 mysticae
2688 2211 3002 2290 theologia;
3027 2214 3386 2295 principium
3409 2219 3649 2287 adduci,

2004 2316 2074 2359 ac
2092 2298 2307 2360 deinde
2324 2300 2510 2379 magis
2532 2299 2641 2381 ipsi
2669 2300 3409 2381 propinquantes,edoceri
3434 2311 3656 2388 optima

2005 2407 2253 2470 qumque
2278 2408 2548 2464 munera,
2580 2409 2714 2470 quae
2736 2410 2919 2470 penes
2940 2393 3133 2472 ipsum
3164 2405 3301 2457 sunt
3342 2399 3654 2463 collocata.

2008 2478 2150 2540 Nam
2171 2480 2302 2557 ipse
2325 2481 2567 2556 quidem
2597 2499 2857 2560 praesens
2877 2483 3046 2543 adest
3071 2486 3372 2563 omnibus,
3410 2508 3524 2550 non
3554 2510 3659 2551 au-

2011 2578 2129 2630 tem
2159 2571 2243 2630 iiIi
2267 2570 2484 2633 adsunt
2506 2570 2728 2648 omnia;
2756 2572 2859 2632 sed
2886 2590 3020 2633 cum
3046 2593 3179 2635 eum
3207 2577 3426 2638 sanctis
3450 2598 3655 2659 preca-

2011 2659 2294 2733 tionibus,
2330 2669 2388 2722 et
2421 2670 2618 2722 mente
2656 2662 2995 2741 tranquilla,
3031 2674 3089 2725 et
3111 2664 3183 2726 ad
3208 2666 3466 2729 divinam
3490 2671 3659 2730 unio-

2012 2768 2149 2810 nem
2182 2750 2627 2812 accommodata
2658 2752 3074 2832 deprecamur,
3113 2763 3233 2815 tum
3266 2756 3506 2819 demum
3554 2779 3660 2820 nos

2012 2843 2188 2901 etiam
2225 2841 2277 2901 ei
2315 2850 2637 2921 praesentes
2666 2859 2897 2903 sumus.
2934 2844 3063 2921 Ipse
3094 2844 3252 2905 enim
3300 2866 3409 2910 nec
3440 2848 3498 2908 in
3531 2849 3661 2911 loco

2013 2930 2094 2991 ita
2126 2939 2215 2991 est
2247 2940 2307 2991 ut
2330 2949 2579 3012 nsquam
2602 2931 2779 3010 absit,
2809 2931 2897 2994 vel
2922 2950 2991 2994 ex
3023 2933 3153 2994 aliis
3183 2936 3252 2997 ad
3285 2936 3397 2999 alia
3427 2939 3657 3017 migret.

2015 3020 2168 3111 Quin
2201 3025 2319 3081 imo
2353 3021 2574 3095 dicere,
2608 3027 2665 3081 in
2691 3022 3181 3103 omnibusipsum
3212 3029 3527 3107 esse,quod
3550 3029 3663 3089 mi-

2019 3110 2129 3171 nus
2163 3118 2252 3172 est
2282 3110 2410 3189 ejus
2434 3110 2750 3186 inﬁnitate,
2778 3130 2909 3191 qua;
2958 3122 3012 3174 et
3038 3114 3275 3175 excedit
3317 3127 3375 3177 et
3406 3120 3669 3181 continet

2017 3203 2450 3263 universa.Nos
2476 3198 2635 3281 ipsos
2654 3203 2855 3279 itaque
2872 3204 3237 3266 orationibus
3260 3206 3332 3267 ad
3356 3208 3635 3270 sublimia
3651 3244 3668 3257 -

249 3295 993 3360 abolitionibushomines
1008 3294 1312 3376 spiritales
1325 3304 1512 3358 status
1529 3297 1701 3376 hujus
1716 3294 1934 3356 deifor-
1953 3306 1993 3359 C
2017 3307 2133 3349 rem
2155 3292 2481 3350 dtViDOI‘um
2516 3293 3012 3367 benignorumque
3039 3297 3332 3355 radiorum
3351 3304 3668 3359 contuitum

250 3387 377 3449 mis
400 3385 898 3447 immutabilitate
924 3386 1127 3465 potiri.
1156 3386 1288 3448 Non
1315 3386 1473 3448 enim
1499 3386 1570 3446 ab
1600 3385 1763 3446 omni
1787 3385 1935 3445 dun-

252 3486 427 3540 taxat
449 3476 679 3537 malitia
696 3477 843 3556 ipsis
857 3477 1263 3538 recedendum
1283 3476 1497 3543 est,sed
1516 3475 1932 3537 obdurandum

250 3568 552 3647 viriliter,
585 3576 642 3629 et
672 3568 1081 3646 imperterrite
1104 3585 1347 3648 semper
1380 3565 1790 3628 obsistendum
1822 3564 1933 3644 ipsi

259 3658 461 3720 noxiae
494 3656 838 3719 remissioni
875 3677 890 3733 ;
925 3676 1034 3719 nec
1056 3677 1089 3719 a
1111 3676 1281 3719 sacro
1330 3666 1419 3719 est
1443 3675 1704 3737 unquam
1730 3673 1936 3717 amore

254 3746 747 3824 cessandum,ast
770 3747 1150 3810 continenter
1166 3766 1234 3810 ac
1265 3757 1556 3829 perpetuo
1582 3766 1688 3829 pro
1712 3745 1938 3809 viribus

257 3840 316 3900 ei
352 3837 789 3914 insistendum,
813 3839 885 3899 ad
906 3838 1334 3919 perfectionem
1360 3837 1542 3899 divini
1572 3838 1938 3918 principatus

256 3928 760 3990 sublimationem
774 3935 977 3989 sancte
990 3946 1235 4009 semper
1249 3928 1480 4007 negotia
1494 3946 1599 3989 sua
1619 3926 1935 4006 dirigendo

250 4017 475 4099 Neque
502 4017 663 4079 enim
688 4018 748 4067 99
770 4018 856 4079 fas
879 4027 968 4080 est
993 4018 1255 4099 mysticis
1283 4018 1568 4097 theologis
1608 4017 1930 4097 quidquam

2020 3382 2991 3461 comparemus.Quemadmodum
3010 3393 3057 3447 si
3075 3386 3503 3453 lucidissimam
3520 3401 3672 3454 cate-

2021 3492 2158 3535 nam
2178 3493 2209 3535 e
2226 3492 2459 3535 summo
2476 3474 2625 3535 coelo
2650 3486 3090 3553 suspensam,et
3105 3478 3222 3538 huc
3243 3498 3432 3556 usque
3454 3482 3674 3544 demis-

2021 3564 2455 3639 sam,manibus
2479 3564 2727 3625 alternis
2750 3564 2808 3624 in
2833 3566 3135 3627 anteriora
3150 3572 3442 3648 protensis
3474 3575 3671 3633 conti-

2025 3662 2238 3717 nenter
2260 3654 2996 3734 arriperemus,attrahere
3020 3658 3262 3738 quidem
3288 3662 3475 3740 ipsam
3498 3662 3673 3724 vide-

2022 3762 2323 3824 remur,re
2350 3753 2546 3806 autem
2568 3764 2708 3806 vera
2732 3765 2846 3806 non
2873 3747 3032 3808 illam
3067 3747 3182 3828 ipsi
3211 3750 3672 3835 deduceremus,

2024 3844 2085 3896 ut
2107 3854 2238 3917 qua:
2263 3853 2525 3915 superne
2548 3847 2606 3897 et
2650 3835 2884 3897 inferne
2908 3854 3168 3915 praesens
3192 3850 3367 3920 esset,
3395 3841 3500 3903 sed
3520 3843 3666 3922 ipsi-

2023 3935 2143 3987 met
2171 3933 2353 4005 magis
2375 3926 2446 3987 ad
2470 3925 2853 3988 sublimiores
2884 3926 3181 3990 radiorum
3201 3929 3517 3992 illustrium
3548 3931 3666 3993 ful-

2021 4032 2195 4094 gores
2218 4016 2638 4080 eveheremur.
2692 4017 2814 4078 Aut
2865 4016 3014 4077 sicut
3037 4017 3087 4078 si
3140 4019 3335 4079 navim
3391 4020 3668 4101 ingressi,

252 4106 703 4189 aperari,quod
730 4107 944 4169 divinis
968 4107 1464 4185 inSpirationibus
1493 4108 1583 4168 vel
1618 4105 1932 4167 minimum
2018 4106 2302 4167 rudentes
2325 4125 2393 4167 ex
2421 4115 2583 4187 petra
2606 4108 2857 4188 quadam
2885 4108 2955 4168 ad
2984 4126 3090 4169 nos
3137 4127 3324 4189 usque
3367 4108 3674 4189 porreetos

248 4207 585 4279 repugnet,
622 4197 743 4259 imo
776 4216 887 4258 nec
918 4196 1129 4260 iisdem
1175 4197 1527 4270 dsssentire,
1573 4197 1623 4257 si
1668 4196 1931 4257 divinam
2019 4196 2223 4257 auxilii
2254 4215 2432 4257 causa
2466 4205 2835 4271 teneremus,
2872 4214 2991 4257 non
3026 4200 3099 4258 od
3140 4218 3246 4259 nos
3278 4212 3535 4284 petram,
3572 4204 3676 4264 sed

249 4295 554 4370 appetant
585 4288 943 4368 claritatem,
967 4296 1028 4349 et
1050 4287 1120 4348 ad
1148 4288 1299 4350 hanc
1330 4295 1558 4368 sancte,
1592 4295 1654 4347 ut
1688 4304 1791 4366 par
1818 4290 1932 4366 est,
2020 4287 2302 4367 nosipsos
2317 4304 2521 4349 revera
2541 4288 2854 4368 navimque
2869 4286 2939 4349 ad
2962 4298 3184 4368 petram
3204 4292 3676 4358 traduceremus.

252 4379 776 4460 aSpirentJtaque
800 4378 1069 4459 perfecta
1095 4378 1185 4439 sui
1219 4377 1407 4459 ipsius
1438 4377 1816 4439 abdicatione
1844 4376 1938 4427 ‘03
2103 4376 2477 4456 QuaprOpter
2508 4385 2642 4438 ante
2687 4377 2911 4453 omnia,
2952 4378 3280 4457 praesertim
3324 4380 3383 4441 in
3422 4393 3679 4463 mystyca

249 4488 325 4532 ac
346 4469 646 4532 continua
672 4470 733 4529 in
762 4469 945 4530 rebus
968 4467 1250 4531 omnibus
1275 4467 1733 4529 mortiﬁcatione
1784 4486 1935 4546 opus
1960 4465 2345 4560 Dtheologia,
2380 4466 2451 4527 ab
2487 4467 2759 4529 oratione
2790 4468 3218 4548 auspicandum
3282 4480 3369 4531 est
3401 4494 3412 4529 :
3448 4491 3565 4534 non
3619 4483 3681 4535 ut

255 4572 394 4637 est;
428 4558 670 4641 quando
693 4559 937 4638 quidem
964 4567 1238 4621 naturam
1268 4558 1588 4621 humanam
1612 4556 1758 4619 vitio
1794 4575 1935 4636 pro-
1960 4556 1993 4560 ⁷
2023 4556 2237 4627 ubique
2258 4566 2312 4613 et
2350 4571 2637 4629 nusquam
2655 4565 2991 4629 praesentem
3014 4558 3277 4617 virtutem
3300 4564 3678 4631 attrahamus,

254 4652 508 4731 toplasti
539 4649 758 4712 divinis
780 4649 956 4711 bonis
1006 4649 1344 4730 spoliatam,
1388 4650 1506 4711 vita
1558 4647 1939 4728 passionibus
2021 4645 3679 4720 sed,utdiviniscommemorationibusinvocationibus-

262 4741 526 4803 obnoxia
563 4739 825 4821 excepit,
864 4746 923 4801 et
954 4748 1399 4822 consequenter
1441 4740 1619 4801 homo
1652 4757 1685 4800 a
1739 4736 1939 4799 divina
2023 4754 2137 4817 que
2159 4755 2268 4798 nos
2300 4736 2462 4817 ipsos
2494 4737 2579 4799 illi
2615 4737 3095 4820 dedamusatque
3127 4741 3678 4807 uniamus.Etenim

272 4832 478 4911 gratia,
508 4850 644 4912 qua:
667 4831 870 4912 ipsum
899 4830 974 4891 ad
999 4849 1218 4912 supera
1247 4829 1613 4911 subrigebat,
1643 4828 1930 4909 dilapsus,
2022 4829 2281 4918 essentia
2303 4826 2402 4888 illa
2418 4827 2651 4907 {cujus
2675 4827 2879 4892 odoris
2900 4830 3155 4893 suavitas
3179 4841 3441 4895 mentem
3491 4853 3678 4918 supe-

268 4930 325 4984 et
342 4922 418 4984 ad
448 4930 728 4985 extrema
749 4921 1047 4985 contraria
1085 4922 1210 5001 jam
1237 4938 1501 5002 praeceps
1525 4920 1718 4980 datus.
1755 4918 1929 4979 variis
2018 4925 2133 5002 rat,
2158 4916 2231 4977 ab
2261 4917 2450 4997 igneis
2475 4918 2935 4998 purissimisque
2962 4920 3262 4984 mentibus
3280 4923 3351 4985 ad
3373 4929 3461 4985 sui
3490 4916 3681 4989 mani-

261 5012 829 5094 perturbationibus
853 5000 1182 5094 expositam
1206 5000 1418 5074 nactus
1441 5000 1529 5073 est
1560 5009 1925 5070 immutatio-
2016 5000 2404 5070 festationem
2434 5026 2540 5098 per
2570 5007 3041 5072 ferventissimas
3098 5014 3398 5098 orationes
3450 5014 3682 5079 invitari

258 5120 435 5164 nem.
470 5099 645 5164 Unde
660 5119 795 5164 cum
813 5121 933 5164 non
967 5101 1155 5182 possit
1186 5101 1259 5161 ad
1294 5118 1477 5162 unum
1499 5097 1720 5177 colligi,
1756 5111 1937 5179 atque
2025 5106 2205 5173 amat,
2236 5097 2766 5179 divinissimasque
2791 5116 2927 5160 suas
2950 5100 3377 5181 inspirationes
3407 5105 3684 5169 luculen-

260 5192 451 5255 unius
485 5190 752 5273 paciﬁcae
780 5190 1025 5254 unionis
1053 5189 1355 5271 particeps
1386 5189 1644 5251 existere
1677 5186 1779 5267 qui
1836 5204 1939 5249 se-
2031 5188 2276 5250 tissimis
2307 5187 2835 5252 distributionibus
2867 5190 3214 5273 impertitur
3246 5195 3387 5272 illis,
3447 5198 3545 5277 qui
3600 5200 3687 5261 sic

260 5299 406 5345 cum
440 5288 573 5361 ipse
607 5280 891 5359 dissidet,
927 5298 1125 5363 neque
1149 5281 1328 5342 liceat
1358 5295 1592 5340 summe
1642 5277 1943 5340 contraria
2027 5278 2193 5349 illam
2228 5278 2801 5359 supramundialiter
2830 5280 3181 5347 invitarunt.
3214 5283 3318 5347 Est
3369 5289 3527 5347 enim
3590 5290 3687 5353 lux

261 5371 456 5435 simul
493 5371 881 5453 participare,
915 5372 1009 5435 vel
1041 5368 1648 5433 communicationem
1680 5367 1940 5448 aliquam
2026 5387 2167 5432 vera
2187 5369 2243 5445 3,
2264 5386 2395 5449 quae
2413 5388 2654 5431 omnem
2682 5380 2941 5432 mentem
2965 5373 3172 5455 implet
3195 5375 3423 5437 lumine
3448 5378 3686 5443 intelle-

260 5480 412 5526 cum
443 5479 563 5522 uno
596 5461 875 5537 habenti,
910 5461 1127 5523 divisas
1160 5460 1385 5522 habere
1436 5458 1608 5539 vitas,
1667 5457 1718 5518 si
1767 5458 1944 5519 unius
2029 5459 2426 5540 ctili,omnem
2454 5469 2649 5521 autem
2678 5462 3071 5539 ignorantiam
3095 5475 3151 5526 et
3179 5485 3444 5528 errorem
3470 5489 3538 5530 ex
3564 5492 3691 5532 om-

257 5556 377 5619 Dei
412 5553 690 5616 stabilem
728 5556 1003 5636 praeferat
1035 5554 1574 5636 participationem,
1603 5551 1943 5613 necessario
2030 5552 2207 5612 nibus
2233 5552 2449 5611 animis
2472 5551 2532 5611 in
2564 5551 2782 5631 quibus
2806 5564 2916 5629 est,
2954 5554 3137 5634 ejicit,
3169 5558 3391 5639 etipsis
3414 5563 3691 5625 omnibus

348 5718 417 5805 28
663 5715 822 5783 hier.
857 5736 992 5799 cap.
1027 5718 1125 5805 f2..-
1148 5714 1395 5805 99__Ca:l.
1429 5715 1585 5779 hier.
1621 5732 1751 5795 cap.
1787 5714 1857 5805 3._
1910 5713 2269 5805 i90_Eccles.
2303 5713 2469 5778 hier.
2503 5732 2636 5795 cap.
2672 5715 2730 5779 3.
2815 5716 2832 5756 ι
2878 5715 2969 5779 De
2999 5718 3198 5783 divin.
3236 5738 3430 5803 num.,
3464 5741 3595 5805 cap.
3631 5726 3688 5791 3.

260 5799 291 5844 ε
325 5798 502 5863 Eccl.
539 5797 699 5863 hier.
737 5819 878 5883 cap.
917 5796 980 5862 4.
1023 5803 1054 5851 5
1087 5800 1170 5862 De
1193 5798 1391 5863 divin.
1426 5814 1621 5870 ποίη..
1654 5813 1790 5878 cap.
1825 5796 1885 5874 4,
1924 5796 1952 5877 §
1988 5798 2055 5859 4.
