4072 6456
227 343 351 410 125
863 348 962 412 DE
1003 343 1354 413 COELESTI
1400 347 1906 428 HIEBABCHIA,
1954 345 2119 411 CAP.
2154 347 2199 410 ἰ.
2235 380 2310 392 -
2342 346 2706 412 CORDERII
2751 347 3000 414 NOT/E.
3509 340 3621 413 126

221 480 656 564 uerum_prir_naa
685 483 1015 564 .loilnnisv,
1053 484 1164 556 20),
1199 484 1474 564 secundo,
1509 485 1642 558 quia
1700 491 1944 564 xera._et
1978 483 2236 554 opposita
2296 479 2468 564 falsis
2506 482 2784 541 doctrinis
2817 483 3120 564 gentilium
3151 492 3205 543 et
3234 480 3620 564 philosopho-

223 569 382 629 rum.
419 553 642 629 Teriio,
673 557 811 625 quia
845 556 1034 614 verius
1060 553 1131 614 et
1173 556 1481 628 perfectius
1527 553 1638 615 nos
1698 557 2008 625 illuminat,
2040 553 2211 628 quam
2239 555 2424 629 omnis
2456 555 2556 613 lux
2587 553 2890 629 corporea,
2921 566 2982 615 ut
3015 559 3089 614 sit
3117 553 3449 628 metaphora
3469 553 3497 613 ἐ
3537 555 3624 613 sic

227 625 500 682 Christus
529 626 745 685 dicitur
768 643 900 684 vera
934 629 1064 685 vilis
1093 632 1112 683 1
1154 625 1286 695 {sic
1317 629 1677 688 Eucharistia
1711 631 1917 686 dicitur
1955 625 2130 684 verus
2162 628 2326 698 panis
2355 637 2412 682 ω.

299 699 416 773 Qui
464 698 746 773 illuminat
775 716 975 773 omnem
1007 701 1291 758 hominem.
1329 702 1495 770 Quia,
1528 702 1714 772 inquit
1746 701 2007 773 Cyrillus,
2039 700 2308 773 omnibus
2364 707 2491 756 actu
2547 698 2641 758 dat
2674 699 2869 758 lumen
2927 700 3189 759 rationis.
3245 701 3466 773 Verum
3500 699 3625 757 haec

227 771 452 845 melius
485 772 790 845 accipede
827 772 1044 830 lumine
1079 773 1335 845 spiritali.
1367 769 1624 830 Verbum
1649 769 1803 830 enim
1837 774 2018 829 Patris
2060 769 2340 845 illuminat
2395 786 2626 845 omnem
2666 773 2957 829 hominem
2987 772 3292 845 n,,supple
3318 779 3626 845 quantum

223 844 283 922 in
333 843 473 912 ipso
507 843 628 922 est.
667 843 829 922 Unde
861 846 956 922 qui
1002 843 1123 922 non
1151 845 1588 922 il‘l_utninantur_,_
1611 847 1718 903 sibi
1749 844 2256 922 imputent_;_quia
2295 843 2486 922 lumen
2537 844 2690 910 ﬁdei,
2725 854 2779 902 et
2808 845 2998 915 gratiae
3037 844 3245 903 Christi
3279 843 3496 907 oblatae,
3531 858 3626 900 re-

223 914 428 992 cip_ere
464 916 679 973 nolunt
709 932 729 992 _:
764 916 844 992 ita
882 913 1040 974 idem
1073 917 1338 992 Cyrillus,
1365 931 1495 992 cum
1530 913 2008 992 ,Chrysostomtiet
2043 913 2486 986 Theophylacto.

299 985 408 1043 Per
450 1003 621 1057 quem
650 987 723 1044 ad
752 990 1056 1122 ἁρλίςῖωτον
1115 983 1173 1044 id
1233 1000 1338 1053 est,
1393 983 1668 1061 originem
1723 990 1852 1046 lucis
1915 987 2149 1052 Patrem,
2198 983 2466 1044 accessum
2495 988 2819 1045 obtinuimus
2857 990 3020 1060 (unus
3055 989 3208 1045 enim
3233 987 3496 1044 mediator
3525 983 3628 1042 Dei

317 1069 628 1122 hominum.
663 1071 817 1122 homo
849 1070 890 1122 C
929 1071 1088 1122 rislus
1116 1072 1268 1122 Iesus
1291 1070 1340 1122 ο)
1397 1072 1469 1122 ad
1523 1071 2000 1122 sacratissimorum
2030 1087 2060 1122 a
2120 1069 2372 1122 Patribus
2425 1071 2652 1122 traditas
2711 1070 3070 1122 Eloauiorum
3127 1070 3534 1122 illustrationes.
3569 1067 3627 1122 id

227 1076 276 1123 et
317 1069 628 1144 hominum,
663 1067 830 1127 homo
848 1067 1088 1128 Christus
1116 1072 1268 1144 Iesus
1291 1070 1340 1140 ο)
1397 1072 1496 1144 (ιιιΔ
1523 1071 2000 1128 sacratissimorum
2030 1087 2060 1122 α
2097 1069 2372 1144 _Pa_trt'bus
2425 1071 2652 1144 traditas
2711 1070 3070 1144 Etoquiorum
3127 1070 3534 1144 illustrationgs,
3569 1067 3627 1123 id

228 1147 325 1215 est!
350 1156 560 1215 sacras
605 1143 958 1215 Scripturas,
988 1160 1083 1215 pro
1115 1142 1318 1215 uiribus
1348 1141 1704 1214 suspiciamus
1733 1161 1755 1211 ;
1783 1159 1876 1198 nec
1921 1157 2027 1196 non
2056 1140 2120 1194 ob
2179 1142 2307 1215 ipsis
2352 1143 2641 1215 symbolice
2698 1140 2846 1200 nobis
2879 1149 2930 1200 et
2982 1143 3284 1215 anagOgice
3311 1140 3627 1215 pate/setas

226 1213 536 1287 cclcstium
591 1215 838 1287 mentium
888 1211 1249 1287 irier-urchins,
1295 1211 1454 1283 prout
1491 1231 1792 1286 possumus,
1839 1215 2160 1287 intueamur.
2199 1211 2460 1287 Namfut
2507 1213 2959 1287 Chrysostomus,
3008 1211 3206 1271 homil.
3260 1213 3331 1269 26
3374 1212 3429 1265 in
3449 1211 3627 1287 _Joan-

226 1303 344 1339 nem
370 1286 453 1343 ait
493 1288 568 1319 π’
605 1303 616 1342 ;
652 1285 837 1342 Omne
871 1286 1010 1342 illud
1043 1287 1195 1354 quod
1230 1287 1337 1343 sub
1369 1283 1604 1343 sensum
1635 1287 1800 1351 cadit,
1831 1286 2209 1343 substantiam
2261 1285 2593 1357 angelorum
2624 1283 2942 1343 'declarare
2973 1301 3088 1342 non
3131 1294 3332 1357 potest,
3369 1283 3467 1339 sed
3494 1297 3626 1339 cor-

229 1371 342 1429 pus
383 1357 545 1428 quod
594 1359 766 1414 habet
803 1358 1246 1416 crassitudinem
1277 1367 1331 1414 et
1373 1357 1651 1428 triplicem
1689 1357 2291 1416 dimensionemUnde
2327 1356 2392 1429 ﬁt
2416 1358 2641 1423 ut,dum
2673 1358 3065 1428 Scriptura,ad
3112 1356 3340 1426 captum
3361 1364 3628 1412 nostrum

231 1428 556 1502 apiritibus
580 1429 941 1499 incorporeis
996 1445 1301 1502 corporeas
1359 1430 1572 1501 ﬁguras
1601 1432 1837 1502 afﬁngit,
1869 1431 1938 1486 iis
1970 1429 2199 1500 quidem
2241 1428 2337 1499 qui
2399 1429 2555 1502 digni
2588 1440 2743 1498 sunt,
2777 1440 2828 1486 et
2876 1429 2946 1485 ad
2978 1431 3357 1502 anagogicum
3384 1440 3626 1502 sensum

233 1497 697 1573 transcendunt,
734 1497 1072 1559 innotescat.
1102 1497 1338 1573 reliquis
1368 1497 1500 1559 varo
1541 1497 1810 1560 omnibus
1841 1503 1896 1557 in
1949 1497 2159 1556 arcano
2199 1497 2509 1557 etoccult'o
2548 1497 2907 1570 reiintjuatur
2943 1518 2960 1555 :
3013 1497 3312 1572 quod‘illis
3343 1499 3481 1573 visis
3513 1497 3628 1554 alte

237 1572 618 1648 signiﬁcatur
643 1575 817 1648 Atgue
841 1570 1295 1648 principialem'et
1331 1588 1500 1645 supra
1529 1591 1687 1648 quam
1710 1573 2087 1648 principialem
2124 1573 2331 1648 Patris,
2363 1575 2458 1644 qui
2507 1574 2860 1648 principium
2885 1570 3218 1648 Divinitatisi
3250 1577 3351 1640 est,
3379 1570 3632 1648 i_llus_trc_-

239 1592 618 1643 algnlncalur
643 1592 817 1645 Αιᾳαε
841 1592 1220 1647 ρηησῳιαιειη
1248 1592 1295 1627 ει
1331 1592 1500 1645 supra
1563 1592 1687 1630 uam
1710 1592 2087 1648 prmcrptatem
2124 1592 2331 1639 Γαινιε,
2363 1592 2456 1644 ᾳιιι
2507 1592 2829 1644 principium
2885 1592 3201 1629 uwmuaus
3250 1592 3351 1640 est,
3379 1592 3630 1626 utusrra-

239 1645 475 1705 tionem.
511 1645 572 1700 id
615 1654 699 1701 est
730 1646 1081 1715 Scripturam
1114 1646 1265 1713 (vide
1288 1660 1481 1715 supra,
1517 1592 1824 1703 generales
1857 1645 2306 1712 observationes)
2354 1661 2469 1714 quae
2500 1644 2650 1699 nobis
2704 1645 3021 1714 angelorum
3068 1646 3128 1700 in
3181 1643 3434 1715 ﬁguratis
3460 1641 3630 1715 signis

236 1715 594 1790 beatissisz
624 1713 1262 1790 elucidat‘hierarchias,
1286 1713 1471 1790 id'est
1502 1718 1608 1774 sub
1636 1718 1912 1790 symbolis
1961 1725 2014 1773 et
2055 1717 2255 1788 ﬁguris
2293 1713 2601 1790 materiatis
2650 1713 2900 1790 angelos
2963 1713 3253 1790 describit,
3292 1713 3633 1790 immateria-

239 1787 382 1844 libus
422 1794 480 1844 et
519 1788 828 1844 intremulis
874 1790 1066 1846 mentis
1123 1788 1289 1845 oculis
1345 1784 1776 1853 intromitten'tes.
1837 1784 2124 1846 abstracta
2152 1804 2179 1844 a
2233 1788 2466 1844 materia
2526 1784 2818 1844 intellectu
2881 1784 3293 1857 concipientes.
3328 1800 3396 1841 ex
3429 1784 3630 1854 eadem,

238 1860 463 1933 scilicet
498 1860 826 1933 Scriptura,
857 1871 1139 1933 quatenus
1172 1860 1482 1933 symbolice
1518 1868 1622 1927 est,
1657 1872 1709 1916 et
1764 1862 1962 1933 ﬁguris
2003 1860 2307 1933 variegata,
2349 1876 2536 1933 rursus
2583 1860 2654 1933 ad
2694 1859 2992 1933 simplicem
3038 1859 3148 1926 eius
3179 1859 3393 1933 radium
3444 1857 3635 1912 inten-

239 1931 445 1992 damus.
489 1932 550 1989 id
582 1942 671 1989 est
701 1931 1021 2002 simplicem
1046 1932 1168 2003 ejus
1197 1931 1432 1989 Sensum
1464 1932 1786 1998 iitteralem,
1813 1931 1936 1990 sive
1968 1932 2258 1987 veritatem
2291 1931 2399 1988 sub
2431 1931 2634 2003 ﬁguris
2691 1931 2806 1988 illis
2851 1933 3120 1989 latentem
3153 1931 3630 2003 consideremus;

236 2018 550 2076 quanquam
575 2019 748 2075 neque
779 1999 1000 2075 ipsumet
1044 1999 1362 2076 Scriptura,
1396 2019 1505 2076 qua
1535 2014 1695 2075 parte
1724 2004 2036 2076 symbolice
2076 2010 2179 2076 est,
2211 2019 2444 2074 unquam
2478 1999 2702 2059 'intima
2765 2020 2865 2060 sua
2914 2003 3124 2059 unitate
3158 2002 3465 2059 destituitur
3491 2017 3515 2068 ;
3575 1999 3635 2055 id

239 2084 320 2148 est
350 2075 664 2148 nunquam
699 2085 782 2148 est
834 2077 956 2148 sine
990 2075 1191 2132 intimo
1225 2091 1329 2133 suo
1361 2075 1536 2132 sensu
1597 2075 1849 2146 litterali,
1889 2076 1981 2148 qui
2024 2075 2198 2148 omni
2240 2078 2458 2148 sensui,
2519 2076 2690 2132 etiam
2751 2077 2989 2146 ﬁgurato
3023 2083 3076 2131 et
3099 2076 3381 2148 mystico,
3407 2086 3634 2148 semper

239 2147 437 2221 subest
475 2144 620 2204 {sed
653 2147 729 2203 ad
759 2147 1136 2221 sublimantem
1167 2153 1216 2204 et
1250 2148 1590 2221 uniﬁcantem
1645 2144 1841 2221 eorum
1870 2144 1965 2221 qui
2009 2146 2350 2219 providentia
2406 2153 2666 2221 reguntur
2721 2144 3256 2221 contemperationem
3288 2163 3309 2213 ;
3371 2144 3424 2200 id
3457 2153 3543 2221 est
3571 2153 3636 2200 ut

242 2218 514 2275 homines
554 2235 586 2276 ει
620 2220 868 2276 terrenis
917 2228 971 2275 et
1001 2219 1200 2275 divisis
1237 2215 1696 2289 cogitationibus,
1733 2220 1802 2278 ad
1865 2215 2092 2276 celes'tia
2151 2221 2344 2274 animo
2403 2215 2642 2276 collecto
2679 2215 2999 2276 meditan'da
3035 2218 3430 2289 inducantur_:
3487 2215 3628 2289 dum,

248 2292 321 2346 uti
357 2291 530 2356 decet,
568 2290 796 2362 benigne
849 2291 1246 2363 multiplicatur
1280 2286 1442 2363 atque
1469 2299 1688 2348 emanat
1714 2310 1736 2360 ;
1804 2292 1857 2348 id
1910 2301 1993 2348 est
2034 2290 2167 2346 dum
2232 2291 2456 2347 decenti
2493 2291 2660 2363 modo
2692 2291 3005 2361 Scriptura,
3041 2291 3158 2347 Deo
3191 2305 3251 2346 se
3282 2287 3530 2357 benigne
3560 2286 3632 2363 ad

255 2371 477 2432 captum
526 2358 796 2420 nostrum
828 2358 1318 2434 accommodante,
1347 2358 1626 2434 'ﬁguratos
1657 2358 1722 2420 ac
1754 2364 2010 2420 diversos
2049 2376 2273 2434 sensus,
2307 2377 2439 2418 cum
2468 2361 2806 2433 allegoricos
2823 2358 2958 2418 tum
2991 2363 3237 2418 morales
3269 2370 3321 2416 et
3350 2358 3630 2434 anagogi-

267 2431 352 2490 cos
381 2435 661 2503 continet,
694 2435 864 2490 etiam
890 2433 1032 2490 intus
1062 2435 1120 2490 in
1147 2431 1424 2505 semetipsa
1481 2435 1745 2491 stabiliter
1774 2441 1947 2489 manet
1972 2451 1996 2502 ;
2052 2433 2104 2488 id
2138 2442 2240 2497 est,
2278 2448 2505 2504 semper
2551 2431 2929 2490 intrinsecum
2969 2447 3139 2490 suum
3201 2445 3434 2505 sensum
3476 2431 3632 2505 litte-

274 2505 437 2576 tjalem
463 2500 660 2569 habet,
696 2505 956 2562 immobili
982 2505 1256 2562 identitote
1287 2500 1538 2562 unimode
1579 2507 1810 2575 ﬁrmata,
1845 2506 1900 2563 id
1931 2500 2014 2562 eat
2036 2505 2134 2575 qui
2165 2500 2460 2576 nunquam
2495 2506 2747 2562 variatur
2780 2524 2794 2572 ;
2856 2519 3061 2560 sensus
3118 2504 3272 2558 enim
3306 2500 3570 2576 liiteraiis
3602 2516 3634 2576 a

271 2575 471 2645 Spiritu
503 2587 710 2635 sancto
741 2577 1017 2649 primario
1053 2579 1304 2635 intentus
1333 2591 1560 2646 semper
1594 2579 1743 2634 idem
1781 2572 1882 2644 est,
1919 2572 2325 2649 quamtumvis‘
2347 2576 2799 2645 multiplicantur
2820 2591 3023 2649 sensus
3052 2573 3515 2649 accominodaiivi
3544 2572 3635 2628 vel

269 2650 435 2717 tropis
466 2664 498 2706 a
557 2645 766 2721 ﬁguris
823 2649 1141 2706 vestiantur
1175 2663 1189 2705 :
1250 2653 1300 2705 et
1353 2649 1423 2703 ad
1449 2645 1524 2715 se,
1555 2656 1616 2705 ut
1644 2651 1730 2721 fas
1787 2656 1884 2718 est,
1935 2645 2285 2721 attendentes,
2317 2663 2417 2721 pro
2446 2657 2700 2720 cujusque
2731 2647 3046 2720 capacitate,
3104 2645 3509 2721 simpli/icatica
3537 2659 3639 2721 sua

262 2715 470 2793 unione,
503 2720 737 2793 scilicet
765 2721 1148 2793 simpliciisua
1212 2721 1459 2793 veritate,
1496 2715 1666 2793 quam
1692 2715 1981 2793 continet,
2039 2720 2265 2792 subrigit
2287 2715 2633 2793 u'niﬁcatque',
2663 2715 2870 2791 nempe
2917 2715 3227 2793 a_terre_nis
3254 2715 3324 2773 ad
3366 2715 3634 2793 coelestia.

258 2798 354 2868 eis
392 2791 653 2868 digiduis
684 2789 1131 2868 cogitationibus
1163 2791 1233 2868 ad
1273 2792 1446 2868 animi
1479 2789 1878 2868 collectionem
1919 2801 1976 2868 ei
2038 2794 2136 2868 Dei
2169 2789 2634 2863 coniunctionem
2667 2789 3040 2868 traducendo.
3083 2791 3267 2862 Neque
3296 2789 3449 2868 enim_
3467 2792 3638 2868 potest

255 2862 415 2936 aliter
443 2862 547 2919 Dei
578 2863 675 2920 ille
707 2859 913 2936 radius
931 2863 1278 2936 principalis,
1313 2864 1482 2936 idest
1514 2863 1749 2921 intimus
1789 2865 1887 2921 ille
1945 2864 2252 2934 Scripturae
2278 2859 2506 2925 sensus,
2543 2878 2673 2920 cum
2736 2864 2802 2920 de
2836 2862 3052 2936 divinis
3084 2873 3138 2919 et
3172 2859 3335 2936 mere
3366 2859 3642 2936 spiritali-

253 2935 358 3008 bus
389 2936 572 3008 rebus
610 2936 747 3008 agit,
783 2931 946 2992 nobis
973 2931 1293 3000 illucescere,
1325 2935 1436 2993 nisi
1468 2951 1752 2992 sacrorum
1779 2937 2044 2993 varietate
2075 2931 2543 3008 operimentorum
2598 2936 2884 3008 anagogice
2912 2934 3196 2990 obvelotus.
3239 2931 3394 3008 Nam,
3439 2938 3499 3008 ut
3530 2932 3640 2987 hoc

253 3005 379 3063 loco
410 3007 492 3063 ait
530 3003 699 3064 divus
739 3008 1042 3079 Maximus,
1075 3009 1198 3063 sine
1239 3009 1385 3077 typis
1419 3015 1470 3064 et
1504 3009 1781 3078 symbolis
1818 3023 1931 3066 non
1973 3003 2301 3079 possumus,
2344 3007 2488 3079 dum
2512 3007 2571 3064 in
2603 3003 2850 3077 corpore
2885 3021 3104 3074 sumus,
3153 3003 3642 3079 aspicereincor-

251 3092 422 3146 porea
458 3086 516 3134 et
547 3078 804 3150 materiae
826 3080 1100 3149 expertia.
1140 3076 1425 3146 Quoniam
1486 3076 1548 3134 in‘
1605 3080 1716 3136 hoc
1767 3080 1889 3136 vitae
1945 3076 2090 3137 statu
2152 3082 2338 3135 anima
2392 3077 2627 3150 quidem
2668 3076 2908 3149 corpore
2949 3079 3146 3134 vestita
3181 3087 3284 3150 est,
3326 3076 3471 3150 ratio
3505 3089 3639 3150 vero

248 3149 693 3224 imaginatione,
730 3146 1459 3224 mens_'denique_ratione.
1490 3150 1636 3224 Hinc
1668 3151 2020 3224 imaginatio,
2082 3165 2192 3221 qua
2235 3146 2451 3224 utimur
2486 3146 2844 3220 vivimusque
2878 3149 3397 3224 quamplurimum,
3423 3146 3641 3204 intelli-

244 3218 462 3293 gentia
495 3223 765 3294 notiones
797 3221 1029 3278 assidue
1051 3218 1416 3294 sensibilium
1449 3218 2006 3293 imaginibus‘induit
2041 3243 2053 3286 ;
2096 3218 2364 3294 quocirca
2397 3224 2706 3293 cognitioni
2741 3218 2964 3287 nostrae,
2993 3218 3106 3278 non
3144 3227 3258 3278 tam
3280 3218 3642 3294 nuda_,quam

243 3289 450 3350 vestita
491 3293 756 3364 quaedam
795 3292 1226 3351 accommodata
1269 3294 1552 3351 videntur.
1570 3289 1842 3352 'lnduunt
1899 3296 2073 3362 igitur
2115 3289 2410 3364 sapientes
2466 3289 2694 3359 merito,
2749 3295 2896 3351 sicut
2941 3294 3219 3360 diximus,
3267 3289 3642 3364 sensibilibus

242 3365 485 3436 quidem
510 3363 908 3437 ’intelligibilia
931 3385 956 3437 7;
1003 3364 1094 3421 his
1126 3378 1260 3437 vero
1293 3365 1504 3437 divina.
1547 3366 1641 3422 Sic
1681 3367 1853 3424 etiam
1911 3366 2070 3424 Plato
2129 3363 2365 3436 provide
2408 3366 2587 3437 jubet,
2649 3367 2946 3422 hominem
2989 3365 3096 3421 sub
3119 3363 3434 3437 tenebroso
3465 3376 3643 3437 specu

243 3434 562 3498 nutritum.
601 3438 671 3493 ad
707 3434 1041 3494 intuendam
1076 3435 1453 3493 meridianam
1487 3436 1673 3494 lucem
1721 3453 1837 3494 non
1898 3439 2087 3494 subito
2119 3434 2601 3506 compellendum,
2643 3438 2740 3495 sed
2797 3435 3236 3493 monstrandum
3274 3434 3408 3491 huic
3439 3435 3641 3506 solem,

243 3510 441 3578 primo
474 3508 711 3580 quidem
744 3509 816 3566 ad
850 3509 1096 3565 lucerna:
1127 3507 1319 3566 lumen
1356 3510 1412 3563 in
1457 3524 1600 3576 aqua
1639 3525 1651 3564 :
1687 3509 1892 3567 deinde
1928 3510 1984 3580 in
2019 3509 2178 3572 luna,
2212 3508 2319 3580 sub
2357 3517 2524 3565 nocte
2570 3523 2792 3572 serena,
2843 3508 3073 3580 demum
3096 3507 3171 3580 in
3215 3508 3334 3580 ipsa
3369 3505 3519 3580 aeris
3551 3519 3644 3561 se-

241 3577 512 3708 reniltate'
563 3580 816 3638 diurna.
875 3580 1174 3638 Similibus
1241 3593 1472 3650 quoque
1527 3581 1795 3652 gradibus
1843 3579 1986 3639 rude
2049 3580 2165 3638 vult
2222 3579 2523 3650 ingenium
2582 3580 2651 3638 ad
2706 3579 3206 3650 contemplandam
3269 3577 3640 3635 Divinitatem

244 3668 348 3708 uer
399 3665 521 3708 uci.

282 3665 500 3711 θταιιοι
512 3696 521 3705 .

244 3668 634 3796 pegg‘mcliotice
671 3723 828 3781 nobis
858 3730 908 3781 et
932 3723 1218 3795 anagOgt'ce
1240 3721 1554 3796 patefactus.
1591 3728 1638 3779 ὃ
1670 3725 1814 3780 Hinc
1870 3732 2099 3782 sanctut
2150 3723 2399 3780 Thomas
2437 3725 2456 3778 1
2503 3732 2681 3795 parte,
2718 3731 2916 3796 quaest.
2955 3725 3003 3787 1,
3067 3729 3172 3796 art.
3206 3721 3260 3796 9,
3291 3720 3349 3776 in
3382 3732 3641 3789 corpore,

245 3792 580 3855 concludit.
612 3795 670 3852 in
728 3811 888 3853 sacra
921 3792 1201 3862 doctrina,
1240 3792 1375 3851 cum
1409 3809 1471 3850 ea
1505 3798 1728 3852 cunctis
1757 3797 2090 3854 hominibus
2118 3792 2900 3864 communiter’propon‘atur,
2939 3792 3294 3863 metaphoris
3327 3800 3382 3848 et
3437 3804 3645 3864 corpo-

245 3868 486 3926 ralibus
528 3867 1006 3924 similitudinibus
1040 3867 1228 3923 divina
1255 3868 1466 3935 exponi
1530 3870 1777 3924 maxime
1807 3870 2157 3925 conveniens
2210 3883 2354 3924 esse.
2416 3862 2567 3924 Deus
2600 3862 2777 3935 enim,
2819 3868 3025 3938 inquit,
3059 3862 3328 3938 omnibus
3379 3862 3653 3938 providet

247 3938 590 3997 secundum
621 3939 772 4010 quod
798 3940 1069 4009 competit
1097 3953 1290 3995 eorum
1323 3934 1554 3995 naturae.
1589 3939 1681 3996 Est
1710 3946 1899 3996 autem
1958 3940 2214 3996 naturale
2243 3939 2487 4003 homini,
2522 3951 2581 3995 ut
2643 3934 2768 4009 per
2794 3934 3088 3995 sensib'lil
3134 3935 3223 4010 ad_
3263 3934 3644 4010 intelligibilia

250 4012 455 4068 veniat
485 4026 504 4080 ;
538 4007 669 4080 quia
699 4011 890 4068 omnis
915 4007 1109 4068 nostra
1153 4011 1404 4080 cognitio
1434 4025 1465 4065 a
1497 4024 1666 4067 sensu
1702 4011 1926 4069 initium
1961 4012 2151 4068 habet.
2219 4011 2379 4068 Unde
2419 4007 2827 4067 convenienter
2888 4010 2944 4066 in
2998 4024 3169 4080 sacra
3192 4007 3484 4080 Scriptura
3526 4015 3649 4080 tra-

252 4078 493 4140 duntur
519 4078 684 4138 nobis
713 4083 1029 4152 spirituaiia
1053 4081 1161 4153 sub
1193 4078 1536 4152 metaphoris
1567 4083 1971 4152 corporalium.
2009 4084 2077 4140 Et
2132 4084 2240 4138 hoc
2271 4092 2356 4139 est
2395 4082 2548 4152 quod
2603 4083 2752 4139 intra
2787 4083 2955 4153 paulo
2987 4089 3112 4150 post
3145 4079 3282 4153 dicit
3315 4078 3646 4153 Dionysius,

252 4168 373 4212 non
431 4168 602 4224 posse
631 4150 795 4211 aliter
827 4150 1438 4224 divino-principalem
1496 4150 1922 4211 illum—radium
1978 4157 2147 4211 nobis
2201 4150 2556 4221 illucesCere,
2593 4155 2704 4210 nisi
2774 4150 3071 4210 sacrorum
3138 4151 3408 4224 varietate
3459 4150 3651 4220 operi-

243 4222 588 4310 mentorum
621 4226 941 4298 anagogice
980 4222 1331 4283 obvolatum.
1366 4224 1608 4281 Badium
1639 4235 1826 4282 autem
1863 4226 2466 4298 divino-principalem
2504 4235 2665 4283 vocat
2717 4226 2898 4296 ipsam
2953 4238 3144 4282 rerum
3194 4222 3520 4279 divinarum
3554 4235 3653 4277 ve-

239 4307 508 4356 ritatem.

318 4371 519 4428 Porro
561 4368 1113 4426 convenientissima
1142 4367 1310 4425 nobis
1346 4367 1534 4423 divina
1569 4368 2042 4426 similitudinibus
2074 4368 2481 4439 coaporaiibus
2517 4368 2824 4439 designari,
2867 4383 2933 4423 ex
2967 4366 3235 4439 Dionysio
3269 4373 3516 4435 quatuor
3562 4377 3655 4420 ra-

240 4442 504 4500 tionibus
538 4441 742 4510 probat
771 4441 837 4498 D.
872 4441 1122 4498 Thomas
1155 4441 1212 4495 in
1244 4439 1340 4496 lib.
1381 4442 1401 4493 1
1436 4440 1695 4505 Scots-nt,
1720 4442 1848 4496 dist.
1897 4441 1984 4504 34,
2029 4457 2082 4511 (ι
2121 4437 2465 4506 3,‘articulo
2501 4442 2546 4494 1.
2584 4437 2771 4497 Prima
2807 4451 2860 4496 et
2916 4437 3251 4508 principalis
3298 4447 3380 4511 est
3417 4442 3652 4507 propter

242 4514 507 4571 materiae
540 4507 977 4580 sublimitatem,
1006 4527 1134 4581 quae
1167 4511 1346 4568 nostri
1383 4511 1704 4568 intellectus
1736 4507 2109 4582 capacitatem
2140 4512 2381 4567 excedit.
2427 4512 2592 4569 Unde
2624 4527 2738 4568 non
2767 4507 3292 4582 possumusrerum
3326 4507 3647 4563 divinarum

244 4587 550 4643 veritatem
583 4584 905 4642 secundum
939 4580 1174 4640 modum
1216 4598 1384 4656 suum
1415 4580 1828 4656 capere,_atque
1862 4583 1988 4641 ideo
2020 4593 2242 4656 oportet
2267 4583 2393 4639 illas
2426 4585 2595 4640 nobis
2622 4580 3210 4656 secundummodum
3237 4589 3496 4656 nostrum
3524 4594 3651 4656 pro-

247 4659 405 4727 poni.
447 4657 549 4714 Est
578 4664 768 4714 autem
802 4656 970 4713 nobis
1001 4654 1396 4727 connaturale,
1425 4669 1452 4710 a
1493 4652 1862 4727 sensibilibus
1897 4658 1950 4712 in
1996 4652 2473 4727 intelligibilzum,
2514 4667 2567 4712 et
2597 4672 2624 4710 a
2666 4653 3080 4726 posterioribus
3110 4653 3164 4727 in
3213 4652 3466 4722 priorum
3498 4652 3655 4727 noti-

253 4724 385 4785 tiam
421 4727 700 4784 devenire
730 4749 743 4794 ;
772 4739 822 4785 et
865 4729 1080 4783 idcirco
1111 4726 1219 4783 sub
1244 4727 1425 4797 ﬁgura
1451 4724 2231 4799 sensibilium,intelligibilla
2274 4725 2440 4784 nobis
2471 4724 2893 4798 proponuntur,
2918 4735 2976 4783 ut
3008 4739 3078 4782 ex
3110 4724 3199 4782 his
3231 4738 3353 4797 quae
3387 4725 3654 4781 novimus

263 4799 324 4855 ad
351 4801 648 4870 incognita
683 4814 850 4857 mens
882 4809 1072 4856 nostra
1115 4807 1334 4868 surgat.

325 4867 586 4928 Secunda
621 4874 768 4928 ratio
807 4881 910 4934 est,
945 4873 1102 4941 quia,
1129 4867 1262 4926 cum
1295 4871 1349 4926 in
1387 4868 1558 4925 nobis
1597 4870 1667 4926 sit
1723 4869 1937 4939 duplex
1991 4884 2124 4940 pars
2161 4869 2580 4942 cognoscitiva,
2623 4871 2837 4926 scilicet
2889 4867 3233 4942 intellectija
3266 4874 3320 4922 et
3354 4868 3655 4942 sensitivs,

260 4943 506 5011 providit
539 4943 730 4999 divina
764 4937 1094 5013 Sipieritia,
1121 4949 1182 4998 ut
1213 4949 1458 5012 utraque
1499 4956 1656 5009 pars,
1688 4937 1878 5012 quoad
1908 4937 2032 4999 ﬁeri
2093 4937 2333 5011 poterat.
2370 4943 2427 4997 in
2487 4942 2674 4998 divina
2729 4942 3122 5013 reduceretur.
3156 4937 3226 4995 Et
3257 4947 3554 5013 propterea
3592 4939 3662 4996 ﬁ-

256 5010 432 5098 guras
462 5010 856 5098 corporalium
888 5013 1171 5098 adhibuit,
1200 5027 1323 5084 quae
1348 5010 1622 5070 sensitive
1657 5010 1816 5084 parte
1845 5014 1972 5084 capi
2006 5010 2266 5085 possunt,
2304 5013 2435 5085 quia
2480 5013 2600 5085 ipsa
2655 5011 3064 5071 iutellectuaiia
3096 5024 3291 5068 rerum
3337 5010 3658 5069 divinarum

255 5095 545 5144 attingere
575 5101 693 5143 non
727 5095 970 5144 οοιετδῑ.

325 5101 327 5132 ι
959 5129 970 5141 .

325 5101 701 5214 ὢὲξδὲθὲῗὶῐὲ
727 5101 1018 5227 ρθέἱῗΐὲξιίδ
1062 5156 1118 5212 in
1159 5157 1274 5212 Deo
1307 5155 1502 5228 verius
1529 5156 1941 5228 cognoscimus
1974 5156 2109 5228 quid
2144 5171 2259 5212 non
2299 5166 2401 5221 est,
2439 5170 2608 5226 quam
2642 5157 2778 5228 quid
2812 5165 2914 5213 est.
2944 5155 3104 5214 Unde
3139 5156 3196 5228 S.
3233 5154 3538 5228 Dionysius
3563 5167 3660 5228 se-

254 5231 457 5298 quenti
490 5243 641 5300 cap.,
671 5231 698 5299 §
729 5229 762 5285 3
791 5242 848 5293 P,
879 5225 1017 5285 dicit
1048 5228 1388 5299 negationes
1423 5227 1480 5282 in
1514 5225 1722 5300 divinis
1754 5243 1879 5284 esse
1910 5225 2091 5287 veras.
2124 5225 2530 5286 atiirmation’es
2570 5225 2703 5285 vero
2735 5229 3100 5297 incongruas.
3136 5227 3206 5285 Et
3236 5227 3364 5283 ideo
3391 5225 3533 5300 cum
3591 5225 3662 5282 de

255 5301 533 5371 omnibus
563 5298 698 5371 quae
730 5301 798 5357 de
842 5303 960 5357 Deo
991 5298 1385 5371 enuntiamus,
1416 5298 1868 5371 intelligendum
1911 5303 2006 5365 sit,
2040 5300 2135 5357 illa
2169 5315 2282 5356 non
2318 5315 2384 5356 eo
2411 5300 2579 5357 modo
2611 5306 2922 5358 convenire
2944 5301 3264 5371 Deo,prout
3296 5298 3662 5371 iuveniuniur

253 5370 312 5426 in
349 5368 662 5437 creatur—is,
703 5373 806 5429 sed
842 5387 944 5443 per
973 5371 1226 5443 aliquem
1258 5368 1864 5443 modumiimi'tationis
1898 5379 1950 5428 et
1983 5371 2396 5440 similitudinis,
2431 5371 2764 5441 huiusmodi
2827 5368 3138 5428 eminentia
3199 5369 3245 5427 D
3269 5368 3662 5443 'i_express_ius

254 5445 674 5501 ostendebatur
707 5459 810 5514 per
836 5438 900 5502 ea
941 5438 1283 5514 quae'magis
1327 5442 1625 5514 manifesta
1657 5452 1788 5500 sunt
1819 5444 1890 5500 ab
1950 5443 2073 5514 ipso
2106 5438 2402 5499 removeri.
2465 5438 2596 5500 Haec
2653 5452 2837 5499 autem
2898 5451 3030 5500 sunt
3062 5438 3490 5511 corporalia.’et
3532 5438 3660 5514 ideo

253 5512 723 5573 convenit-otius
757 5516 867 5575 fuit
896 5512 1220 5584 speciebus
1247 5513 1650 5586 corporalibus
1690 5515 1880 5572 divina
1923 5512 2263 5586 signiﬁcari,
2303 5524 2362 5571 ut
2392 5515 2483 5572 bis
2539 5515 2890 5572 assuefactus
2921 5514 3166 5572 disceret
3196 5515 3489 5570 humanus
3528 5512 3660 5570 ani-

340 5631 357 5676 ι
403 5616 577 5677 Joan.
614 5630 715 5679 xv.
743 5617 799 5678 1.
835 5629 876 5661 ω
908 5616 1079 5679 toan.
1111 5632 1192 5690 vt,
1228 5613 1327 5677 56.
1361 5624 1390 5656 ιι
1417 5612 1589 5678 Joan.
1621 5613 1666 5676 Ι.
1695 5623 1739 5678 °i
1762 5615 1914 5678 Tim.

1361 5624 1390 5656 ιι
1417 5612 1589 5678 Joan.
1621 5613 1666 5676 Ι.
1695 5623 1739 5678 °i
1762 5615 1914 5678 Tim.
1952 5634 2015 5696 ιι,
2049 5615 2107 5679 5.
2141 5629 2165 5670 ρ
2218 5614 2367 5678 (2ίεὶ.
2396 5615 2546 5677 hier.
2574 5631 2706 5695 cap.
2731 5613 2797 5689 2,
2828 5615 2856 5694 §
2887 5617 2945 5676 3.

1592 5723 1846 5790 νΑΗΙΕ
1890 5724 2332 5804 LECTIONES,

346 5833 444 5888 33"
470 5834 600 5901 Hoc
635 5853 758 5899 non
780 5842 972 5901 exstat
998 5834 1061 5899 in
1091 5832 1260 5899 libris
1293 5831 1564 5916 vulgatis,
1599 5834 1705 5898 sed
1735 5833 1950 5900 citetur
1981 5854 2014 5900 a
2044 5835 2437 5918 Cyparissiota
2465 5841 2526 5900 in
2557 5833 2883 5918 Theologia
2917 5834 3246 5900 materiam.
