4072 6450
253 363 370 429 133
708 363 807 424 DE
856 361 1209 428 COELESTI
1261 361 1764 446 HIERARCHIA,
1815 367 1979 430 CAP.
2031 368 2078 428 Ι.
2129 401 2206 412 -
2255 365 2637 430 PARAPHR.
2676 365 3191 431 PACHYMER/E.
3541 371 3652 436 134

244 520 376 574 μεν,
423 502 625 575 ὁμοίως
659 498 778 578 ἔχει
813 500 901 554 καὶ
944 500 977 567 ἡ
1016 500 1132 556 καθ’
1167 503 1311 577 ἡμᾶς
1352 501 1598 581 ἱεραρχία
1645 504 1776 580 πρὸς
1821 504 1918 568 την

2026 499 2225 560 nostris
2256 499 2536 561 sensibus
2559 500 2636 561 sit
2665 503 3172 566 accommodatus:
3203 506 3439 581 quando
3473 508 3653 570 nimi-

243 588 500 667 οὗρανίαν
562 588 770 654 ἐκείνην
846 591 932 644 καὶ
1003 590 1202 670 ἀφανῃ.
1276 589 1414 647 οὕτω
1471 593 1571 668 γὰρ
1632 590 1916 658 εὒδόκησεν

2026 608 2131 651 ὐῐῐι
2152 592 2544 669 corporaliter
2558 609 2627 652 ea
2644 592 3139 672 qumincorporea
3161 603 3301 656 sunt
3319 596 3648 675 eli‘erimus,

238 673 274 745 ἧ
309 677 640 758 τελετάρχις
701 678 980 756 ἱεροθεσία,
1029 682 1062 747 ἡ
1121 703 1220 746 της
1277 683 1384 737 τῶν
1414 683 1568 758 ἱερῶν
1618 682 1920 758 μυστηρίων

2026 687 2068 739 it
2103 698 2237 739 cum
2273 679 2347 741 de
2382 679 2503 741 Deo
2539 683 2806 743 membra
2857 682 3135 759 humana,
3176 684 3548 769 furoresque,
3583 673 3651 751 ac

237 770 406 843 ἡμῶν
455 767 866 843 διακοσμήσεως
924 769 1072 834 τάξις
1116 791 1172 824 τε
1229 773 1316 827 καὶ
1361 769 1668 848 παράδσεις,
1732 771 1919 838 τελετὴ

2026 787 2247 830 ιοπιηοε
2281 769 2520 846 aliaque
2541 770 2761 832 similia
2779 773 3185 848 enuntiamus;
3211 774 3505 854 siquidem
3527 767 3652 841 haec

149 901 155 904 -
240 859 351 935 γὰρ
415 857 634 936 λέγεται
693 859 728 925 ἠ
788 861 893 913 τῶν
951 862 1254 938 μυστηρίων
1321 859 1645 940 μετάδοσις,
1693 862 1783 919 ἅτε
1829 863 1919 917 τὸν

2026 858 2334 920 νθΙειηιεηιο
2364 871 2527 921 sunt.
2562 861 2809 932 Quando
2843 863 3021 940 igitur
3045 882 3114 924 ea
3136 882 3270 945 quae
3291 883 3531 927 sensum
3558 887 3654 930 su-

235 948 550 1022 μυούμενον
579 947 860 1004 τελειοῦσα
896 964 910 978 ⁸
947 951 1034 1005 καὶ
1071 951 1202 1040 τοὺςς
1253 951 1632 1026 μεμυημένους
1687 951 1917 1012 τελείους

2026 959 2212 1010 terant
2243 968 2350 1030 per
2378 968 2475 1011 res
2491 952 2744 1014 sensiles
2767 971 2832 1012 ex
2845 951 3288 1032 plicamus,tum
3309 963 3510 1017 nostra
3529 957 3655 1020 haec

240 1037 415 1094 καλεῖ
447 1041 476 1095 ὂ
509 1036 868 1119 Ἀπόστολος,
929 1037 1122 1117 λέγων’
1165 1022 1326 1098 ῃΟσοι
1389 1041 1477 1098 οὖν
1511 1041 1729 1120 τέλειοι,
1790 1047 1917 1097 τοῦ-

2026 1022 2340 1101 tierarchia
2364 1040 2576 1102 similis
2599 1050 2688 1102 est
2707 1022 2935 1103 caelesti
2969 1054 3030 1103 et
3063 1022 3346 1108 occultis:
3378 1045 3465 1107 sic
3493 1047 3652 1109 enim

240 1147 306 1183 το
341 1135 648 1208 φρονῶμεν,

2026 1129 2224 1190 ilacuit
2255 1130 2673 1210 mysteriorum
2711 1149 3020 1192 sacrorum
3077 1133 3326 1214 principi
3360 1136 3654 1200 constitu-

247 1215 431 1292 tioni,
467 1235 600 1294 qua:
647 1235 955 1281 sacrorum
1000 1225 1221 1281 rituum
1257 1228 1595 1282 nostrorum
1625 1219 1774 1281 ordo
1805 1227 1863 1280 et
1894 1217 2129 1279 traditio
2163 1228 2253 1280 est
2289 1241 2301 1282 :
2339 1220 2575 1300 siquide
2611 1221 2927 1282 minitiatio
2954 1239 3059 1283 seu
3095 1223 3410 1306 perfectio,
3449 1244 3652 1289 sacro-

249 1323 394 1398 rum
427 1309 846 1398 mysteriorum
878 1310 1345 1398 communicatio
1377 1319 1784 1392 nuncupatur,
1821 1317 1884 1370 ut
1914 1326 2045 1390 qua;
2076 1309 2339 1371 initiatos
2372 1310 2644 1391 perﬁciat
2676 1333 2692 1392 ;
2729 1321 2910 1390 atque
2943 1311 3025 1372 ita
3065 1323 3470 1391 consecratos,
3511 1335 3652 1398 per-

250 1395 452 1457 fectos
478 1405 649 1459 vocat
681 1397 1024 1478 Apostolus,
1052 1398 1260 1461 dicens
1297 1422 1311 1464 :
1347 1399 1712 1478 Quicunque
1739 1417 1885 1479 ergo
1917 1400 2179 1476 perfecti
2203 1402 2554 1469 sumustoo
2582 1403 2959 1463 sentiam-usa
2994 1448 3007 1461 .

338 1484 370 1564 ἓ
419 1495 506 1547 ΙΙΙ.
560 1486 858 1555 Εὖδόκησεν
915 1489 1004 1546 οὖν
1042 1492 1074 1558 ἡ
1124 1489 1439 1570 τελετάρχις
1480 1491 1734 1568 ἱεροθεσία
1763 1537 1781 1565 ,
1827 1490 1920 1545 ⁸ίνα

2083 1492 2110 1566 §
2146 1487 2243 1552 III.
2271 1490 2642 1569 Complacuit
2674 1491 2878 1568 itaque
2908 1492 3318 1572 mysteriorum
3350 1512 3654 1559 sacrorum

251 1578 351 1638 τὰς
403 1574 593 1642 ἀύλους
623 1580 710 1633 καὶ
755 1579 1023 1655 οὐρανίους
1083 1583 1362 1660 ἱεραρχιας
1424 1580 1635 1644 ύλικοϊς
1669 1582 1918 1660 σχήμασι

2026 1580 2263 1659 η’ἱιιοίρί
2293 1581 2730 1661 constitutioni,
2779 1581 3206 1644 immateriales
3263 1586 3658 1668 caelestesque

250 1667 346 1723 καὶ
385 1681 622 1747 μορφαῖς
666 1667 979 1749 παραδώσῃ,
1042 1670 1188 1730 ὅπως
1243 1669 1519 1748 ἁναλόγως
1569 1671 1674 1727 ἀπό
1718 1672 1916 1728 τούτων

2026 1668 2374 1732 tierarchias
2398 1670 2803 1733 materialibus
2821 1671 3024 1750 ﬁguris
3040 1690 3108 1734 ac
3130 1672 3336 1734 formis
3360 1667 3662 1756 exponere

251 1761 366 1812 τῶν
402 1759 555 1835 ἱερῶν
588 1762 874 1815 τυπώσεων
910 1759 996 1816 ἐπὶ
1052 1761 1145 1824 τὰς
1193 1761 1500 1841 ἀτυπώτους
1532 1763 1618 1818 καὶ
1651 1761 1915 1840 ἀσχημα-

2026 1766 2064 1820 ll
2087 1778 2191 1839 pro
2225 1768 2400 1841 captu
2433 1769 2639 1822 nostro
2667 1761 2742 1822 ab
2771 1761 2938 1823 hisce
2954 1765 3137 1824 sacris
3157 1763 3667 1828 eﬂ'ormationibus

252 1847 475 1910 τίστους
521 1847 843 1927 ἆναχθώμεν
900 1850 1208 1928 ἆναγωγάς,
1275 1832 1426 1929 “Ops
1480 1852 1603 1930 γὰρ,
1651 1853 1915 1930 ποιήσεὶς,

2026 1832 2431 1951 ιάἶυιήιειὶυιη
2459 1850 2720 1951 ﬁguraru
2734 1869 2911 1932 mque
2938 1861 3214 1932 expertes
3229 1871 3521 1934 anagogas
3543 1864 3667 1919 trs-

251 1938 390 2014 φησὶ
421 1983 438 2016 ,
491 1939 626 1994 κατά
672 1940 760 1995 τὸν
803 1939 971 1996 τύπον
1029 1943 1118 1996 τὸν
1163 1938 1440 2021 δειχθέντα
1491 1958 1597 1997 σοι’
1657 1941 1769 1998 ἐπεὶ
1841 1944 1916 2016 μὴ

2026 1938 3111 2022 lucamur.Ecce,enim,inquit,facies
3122 1945 3454 2007 secundum
3467 1963 3669 2009 exem-

249 2024 481 2082 δυδατόν
527 2027 639 2084 ἐστι
669 2029 744 2103 τῷ
787 2029 1033 2108 ἡμετέρῳ
1078 2034 1163 2087 νο³ι
1209 2034 1340 2109 πρὸς
1382 2033 1479 2099 τὴν
1524 2030 1682 2088 ἄυλον
1712 2032 1921 2098 ἐκείνην

2026 2029 2151 2091 ,ίαν
2174 2032 2328 2108 quod
2360 2032 2469 2093 tibi.
2499 2038 2906 2093 monstratum
2929 2040 3038 2095 est
3077 2045 3141 2096 °:
3181 2034 3666 2117 quandoquidem

250 2116 608 2191 ἆνυψωθηναι
654 2120 980 2176 κατάστασιν
1023 2121 1261 2197 ἁμέσως,
1318 2125 1394 2196 μη
1453 2120 1538 2178 διά
1595 2145 1753 2178 τινων
1787 2125 1922 2200 μορ-

253 2213 372 2287 φῶν
408 2209 500 2263 καὶ
544 2209 850 2287 σχημάτων
903 2213 1414 2290 χειραγωγουμένῳ,
1463 2215 1553 2268 καὶ
1597 2211 1930 2289 λογιζομένῳ

256 2296 319 2353 ἔκ
366 2297 574 2353 τούτων
623 2299 826 2357 έκεϊνα⁶
873 2303 938 2357 τὰ
969 2300 1067 2376 μὲν
1111 2301 1409 2380 φαινόμενα
1453 2302 1655 2378 κάλλη,
1702 2307 1800 2368 τὴν
1832 2308 1925 2358 τοῦ

261 2395 412 2467 ναοῦ,
453 2387 622 2467 λέγω,
669 2388 937 2458 καλλονὴν
986 2393 1073 2448 καὶ
1128 2391 1476 2470 εὐπρέπειαν,
1505 2393 1928 2466 ἁπεικονίσματα

271 2483 368 2544 τῆς
413 2480 647 2558 ἀφανοῦς
692 2481 974 2560 εὐμορφίας
1022 2481 1232 2561 ἔχοντι·
1270 2483 1360 2542 τὰς
1406 2480 1460 2536 δὲ
1486 2481 1566 2538 διὰ
1609 2488 1713 2539 τῶν
1745 2485 1928 2557 θυμια-

275 2570 454 2644 μάτων
499 2571 744 2643 εὐωδίας,
794 2578 889 2647 τῇς
962 2572 1162 2639 νοητῆς
1207 2569 1492 2636 διαδόσεως
1540 2572 1922 2646 ἐκιτυπώματαο

269 2659 557 2718 διαδίδοται
602 2662 703 2741 γὰρ
765 2666 793 2720 ὁ
863 2667 1139 2745 φωτισμὸς
1206 2668 1411 2745 ἒαετσε,
1487 2668 1560 2730 ὡς
1630 2665 1926 2732 ἑνταῦθαὴ

267 2750 483 2808 s’ouiaia'
529 2753 597 2808 τὰ
639 2751 694 2809 δὲ
725 2760 830 2811 τῶν
883 2762 1063 2833 κηρῶν
1117 2759 1202 2813 καὶ
1246 2759 1340 2812 τοῦ
1382 2755 1560 2813 ελαίου
1615 2762 1787 2836 φῶτα,
1834 2760 1928 2831 τῇς

264 2844 616 2923 φωτοχυσίας
661 2843 869 2912 ἐκείνης
921 2846 1122 2922 εἰκόνα,
1155 2847 1242 2903 καὶ
1287 2846 1383 2914 τῆς
1431 2849 1565 2904 κατὰ
1608 2853 1730 2902 νοῦν
1762 2844 1928 2901 πάλιν

262 2937 609 3012 θεωρητικῆς
655 2934 997 3010 πλησμονῆς·
1048 2937 1107 2992 τὸ
1153 2959 1252 3016 γαρ
1297 2937 1356 2993 ὲκ
1415 2937 1606 3014 μέρους
1656 2936 1798 2992 ἔστιν
1842 2934 1930 2990 ὅτε

263 3025 356 3080 καὶ
404 3025 545 3098 ἡμῖν
575 3027 1091 3102 καταργηθήσεται,
1137 3028 1274 3084 κατὰ
1317 3029 1409 3083 τὸν
1455 3024 1803 3084 Ἀπόστολον·
1839 3025 1932 3090 τὰς

263 3111 564 3180 διεξοδικὰς
623 3114 938 3196 μαθητείας,
1005 3117 1101 3181 τὰς
1170 3115 1252 3172 διὰ
1295 3123 1402 3172 τῶν
1464 3117 1747 3196 ὁρωμένων
1793 3137 1930 3195 πρα-

2013 2120 2140 2180 tieri
2166 2139 2281 2181 non
2319 2120 2503 2200 possit
2526 2129 2588 2181 ut
2609 2138 2779 2182 meus
2806 2131 3008 2184 nostra
3020 2123 3093 2184 ad
3112 2122 3562 2188 immateriatam
3579 2126 3666 2187 is-

2017 2219 2132 2271 tam
2150 2210 2643 2272 constitutionem
2663 2209 3007 2273 immediate
3023 2212 3514 2292 subrigatur,nisi
3538 2215 3665 2277 for-

2011 2300 2122 2360 mis
2143 2299 2494 2379 quihusdam
2529 2319 2599 2362 ac
2620 2300 2831 2379 ﬁguris
2862 2302 3028 2382 quasi
3056 2320 3235 2365 manu
3264 2303 3443 2366 ducta
3464 2305 3666 2379 fuerit,

2013 2397 2071 2452 et
2093 2408 2162 2450 ex
2189 2389 2281 2450 his
2307 2390 2407 2451 illa
2430 2390 2784 2470 conjecerit.
2819 2390 3014 2472 Atque
3037 2401 3394 2472 apparentes
3424 2393 3668 2473 quidem

2016 2479 2764 2560 pulchritudines,templi,
2791 2479 2948 2551 dico,
2989 2490 3361 2544 venustatem
3389 2501 3458 2544 ac
3481 2482 3668 2546 deco-

2013 2569 2596 2648 rem,occultaaillius
2613 2571 2948 2632 venustatis
2962 2571 3251 2649 imagines
3267 2589 3390 2653 pra:
3401 2590 3466 2634 se
3483 2572 3666 2651 ferre;

2013 2676 2220 2718 suaves
2253 2677 2392 2719 vero
2425 2659 2868 2739 thymiamatum
2917 2660 3155 2734 odores,
3190 2661 3491 2742 spiritalis
3540 2681 3674 2724 esse

2013 2748 2352 2810 traditionis
2391 2750 2806 2827 efﬁgiationes:
2850 2749 3100 2812 traditur
3115 2756 3271 2812 enim
3286 2751 3680 2815 illicillustra-

2014 2838 2632 2919 tio,quemadmodum
2651 2838 2749 2900 hic
2763 2839 2968 2901 odoris
2994 2839 3307 2919 fragantia.
3342 2844 3670 2906 Cereorum

2014 2937 2211 2991 autem
2244 2929 2484 3007 oleique
2517 2928 2832 2991 luminaria
2865 2937 3004 2992 sunt
3034 2929 3193 2992 illius
3218 2930 3677 2994 illuminationis

2015 3018 2327 3099 imagines,
2361 3021 2448 3081 uti
2470 3020 2645 3082 etiam
2681 3018 2846 3080 illius
2868 3020 3376 3101 contemplativa,
3409 3040 3542 3097 quas
3573 3041 3674 3084 se-

2019 3110 2280 3171 cundum
2303 3117 2566 3172 mentem
2595 3109 3079 3185 est,saturitatis:
3116 3110 3398 3191 quoniam
3429 3111 3488 3173 id
3523 3112 3679 3194 quod

266 3205 499 3280 γμὰτων
531 3204 617 3261 καὶ
648 3203 826 3283 λόγων
870 3189 1201 3285 πλατυτέρας
1234 3189 1558 3274 ἆποδείξείς.
1587 3208 1671 3273 Τίς
1705 3206 1759 3263 δέ
1791 3207 1935 3262 ἐστιν

2026 3217 2093 3262 ex
2116 3208 2281 3280 parte
2302 3199 2743 3281 est,aliquando
2768 3209 2826 3264 et
2847 3189 3388 3275 nobis,secundum
3418 3189 3678 3282 Aposto-

265 3295 304 3362 ἡ
351 3295 662 3370 θεωρητικὴ
706 3305 800 3354 τοῦ
830 3296 950 3361 νοὸς
979 3294 1270 3372 πλησμονή
1305 3317 1322 3378 ;
1371 3297 1452 3354 ὅτι
1480 3295 1664 3377 δῆλον,
1712 3297 1937 3368 ζητῶνὸ

267 3392 396 3450 νοῦς
472 3386 592 3463 περὶ
642 3385 748 3442 τῶν
806 3388 978 3463 θείων,
1023 3390 1112 3444 καὶ
1167 3391 1378 3467 θεωρῶν
1435 3390 1637 3453 οὗτινος
1697 3389 1941 3444 ὁπωσοῦν

268 3473 640 3554 ἱπίδράξεται,
727 3474 1022 3556 πληροῦται
1093 3478 1148 3533 ἐν
1210 3477 1395 3536 ἐκείνω
1465 3480 1552 3535 καὶ
1608 3478 1935 3558 κορέννυται,

271 3567 336 3626 Τί
382 3566 486 3644 γάρ
517 3565 630 3622 ἰστι
660 3571 769 3622 τῶν
826 3568 1003 3643 θείων,
1037 3566 1166 3647 ὅπερ
1218 3568 1322 3648 οὐχ
1351 3571 1616 3649 ὁπεραὶρει
1655 3571 1747 3626 τὸν
1792 3575 1934 3640 νοῦν,

269 3657 370 3715 καὶ
412 3657 512 3724 τὴν
534 3655 712 3736 ἔφεσιν
743 3657 923 3737 αὑτοῦ,
958 3657 1152 3738 λίχνην
1176 3660 1358 3738 οὖσαν,
1391 3659 1584 3726 *ίστησι
1616 3660 1703 3715 καὶ
1745 3658 1939 3738 κορέν-

273 3768 443 3821 νυσις
490 3746 728 3826 καθάπερ
799 3744 1036 3825 εἶ’ρηται’
1096 3748 1404 3823 Ἐμνήσθην
1475 3757 1568 3807 τοῦ
1630 3755 1783 3824 Θεοῦ,
1853 3749 1939 3805 καὶ

274 3837 602 3916 εὖφράνθην’
658 3836 748 3893 καὶ
810 3835 992 3896 πάλιν.
1067 3833 1326 3912 Ἐδίψησέ
1397 3858 1456 3893 σε
1501 3839 1536 3906 ἡ
1582 3839 1736 3917 ψυχή
1810 3860 1936 3912 μου,

275 3925 584 3992 ποσαπλῶς
628 3923 683 3981 δὲ
739 3927 774 3994 ἡ
808 3924 933 4005 σάρξ
978 3949 1106 4001 μου.
1152 3929 1294 4003 Διψᾷ
1340 3928 1375 3996 ἡ
1423 3929 1601 4008 ψυχὴ,
1643 3931 1730 3984 καὶ
1781 3930 1942 4002 ὶμπι-

274 4018 512 4088 πλᾶται,
558 4017 630 4080 ὡς
681 4015 884 4096 ἔχουσα
927 4016 1202 4086 ἐπιτήδεια
1249 4017 1442 4098 δοχεϊα
1487 4025 1592 4074 τῶν
1647 4021 1798 4076 θείῶν
1849 4017 1943 4074 ἐν-

280 4115 469 4166 νοιῶν·
504 4104 633 4182 διψᾷ
662 4107 695 4174 ἡ
731 4104 880 4184 σὰρξ,
916 4105 1055 4165 ἀλλὰ
1113 4107 1406 4172 ποσαπλῶς
1439 4110 1570 4186 πρὸς
1604 4109 1701 4177 τὴν
1733 4109 1940 4188 ψυχήν·

281 4199 406 4258 οὔδε
438 4197 540 4276 γὰρ
598 4195 714 4274 ἔχει
765 4196 1040 4276 ὑποδοχῇς
1074 4196 1510 4277 ἒπιτηδειότητα,
1570 4198 1690 4266 ξένη
1736 4217 1945 4256 παντα-

280 4311 454 4348 πασιν
527 4285 660 4344 οὖσα
701 4287 833 4364 πρὶς
901 4290 996 4354 τὰς
1069 4289 1210 4354 θείας
1277 4291 1367 4345 καὶ
1410 4290 1609 4356 νοητὰς
1654 4289 1941 4367 ἐμφάσεις·

278 4380 407 4438 ’ὅθεν
437 4380 549 4451 καὶ,
582 4380 656 4444 ὥς
715 4379 1026 4460 ὑστεροῦσα,
1065 4379 1144 4434 ἀεὶ
1187 4378 1576 4455 ἐπιτεταμένην
1625 4379 1725 4447 τὴν
1773 4379 1950 4459 ἔφεσιν

2023 3289 2562 3353 lum.evacuabitur
2589 3307 2640 3352 ο.
2676 3291 2917 3354 Diﬂ‘usai
2949 3308 3129 3371 porro
3181 3289 3516 3372 disciplinas
3542 3301 3682 3355 sunt

2027 3379 2556 3442 fusioresvisarum
2581 3397 2784 3442 rerum
2817 3399 2887 3443 ac
2916 3398 3264 3442 sermonum
3298 3380 3679 3444 demonstra-

2030 3469 2540 3550 tiones,Qumnam
2574 3477 2770 3533 autem
2819 3478 2914 3532 est
2962 3469 3420 3551 contamplativa
3464 3471 3684 3535 mentis

2024 3559 2308 3623 satietas?
2333 3559 2570 3640 quando
2603 3560 2887 3621 nimirum
2916 3577 3014 3622 res
3053 3559 3282 3622 divinas
3312 3578 3484 3622 mens
3509 3561 3678 3623 inve-

2024 3650 2292 3730 stigat,et
2322 3667 2429 3728 per
2460 3650 3025 3732 contemplationem
3060 3649 3369 3731 quidpiam
3400 3668 3685 3732 compre-

2025 3740 2251 3816 hendit,
2290 3740 2566 3822 repletur
2625 3743 2829 3822 utique
2890 3742 2979 3802 ιο
3021 3758 3091 3802 ac
3143 3748 3468 3802 saturatur.
3531 3739 3684 3814 Quid

2023 3831 2184 3893 enim
2207 3838 2517 3894 estrerum
2545 3830 2904 3907 divinarum,
2928 3831 3085 3912 quod
3118 3848 3239 3892 non
3273 3839 3533 3893 mentem
3568 3831 3687 3893 ele-

2023 3930 2326 4001 vet,atque
2375 3923 2650 3984 aﬂ‘ectum
2713 3922 2871 4003 ejus,
2907 3921 3012 4002 qui
3052 3920 3322 4002 quaedam
3353 3920 3540 3985 fames
3572 3927 3684 3997 est,

2026 4011 2196 4074 sistat
2225 4020 2284 4073 et
2313 4012 2613 4076 exsatiet?
2658 4011 3169 4094 quemadmodum
3222 4011 3511 4092 scriptum
3542 4018 3632 4074 est
3665 4031 3681 4075 :

2030 4103 2269 4167 Memor
2297 4103 2392 4181 fui
2424 4102 2617 4166 Dei.et
2648 4101 2982 4164 delectatus
3007 4119 3142 4164 sum
3168 4101 3195 4143 ά
3237 4118 3254 4176 ;
3329 4107 3388 4162 et
3415 4099 3633 4163 iterum
3671 4119 3687 4163 :

2030 4193 2244 4257 Sitivit
2262 4195 2329 4254 in
2353 4199 2410 4254 te
2434 4194 2649 4255 auium
2700 4208 3046 4272 mea,quam
3104 4191 3536 4271 multipliciter
3579 4189 3692 4253 tibi

2033 4280 2518 4346 caromea°.Sitit
2539 4280 2741 4343 anima
2762 4299 2832 4342 ac
2877 4285 3163 4362 repletur,
3202 4289 3411 4361 utpote
3462 4278 3694 4342 habens

2032 4381 2168 4454 apta
2179 4371 2559 4454 receptacula
2581 4371 2918 4433 divinarum
2940 4371 3387 4450 cogitationum:
3406 4368 3532 4431 sitit
3553 4387 3692 4431 caro

281 4472 437 4551 ἔχει,
474 4469 502 4526 ὅ
533 4467 586 4526 δὲ
617 4471 735 4533 νοῦς
781 4466 992 4548 πλήρης
1025 4475 1244 4550 γίνεται,
1281 4469 1484 4535 οὗτινος
1517 4469 1579 4524 ἂν
1600 4470 1688 4526 καὶ
1717 4470 1940 4544 ἅψηται,

2038 4464 2142 4525 sed
2169 4480 2346 4545 quam
2392 4461 2807 4542 multipliciter
2858 4468 3146 4551 respectu
3168 4461 3434 4551 animat;
3499 4477 3695 4541 neque

283 4563 504 4628 Ταύτης
547 4563 635 4616 οὖν
677 4565 778 4625 τῆς
821 4558 1146 4636 πλησμονῆς
1206 4561 1406 4626 εἰκόνες
1466 4561 1595 4618 εὶσὶν
1644 4561 1696 4617 αἱ
1732 4558 1816 4616 διὰ
1845 4567 1952 4616 τῶν

285 4653 471 4731 λόγων
528 4650 845 4730 ἀποδείξεις,
906 4663 1028 4716 τοῖς
1083 4649 1472 4732 ἐπιχειρήμασι
1531 4649 1949 4726 πλατυνόμεναι.

292 4744 408 4810 Τῆς
470 4739 527 4798 δὲ
582 4741 664 4798 ἀεὶ
719 4743 810 4799 καὶ
866 4741 1119 4805 ὡσαύτως
1181 4741 1416 4821 ἱχούσης
1472 4742 1561 4798 καὶ
1619 4740 1954 4820 τεταγμένης

297 4835 428 4910 πρδσ
450 4833 520 4889 τὰ
547 4835 670 4889 θεῖα
699 4829 882 4912 ἕξεως,
919 4830 1004 4910 (οὗ
1061 4831 1161 4912 γὰρ
1215 4830 1400 4897 ἀταξία
1451 4854 1531 4894 τις
1565 4831 1768 4906 ἐκεῖσε,
1833 4829 1954 4887 ἀλλ’

292 4915 605 5002 ἐναρμόνιος
637 4921 765 4998 ἕξις,
799 4924 872 4985 ὡς
906 4922 986 4978 ἀεὶ
1043 4923 1161 5000 περὶ
1221 4923 1349 4979 αὐτὸ
1404 4921 1508 4979 τῶν
1555 4923 1706 4978 θείων
1759 4921 1955 4997 μενόν-

291 5037 428 5095 των,
488 5020 598 5071 τῶν
653 5013 932 5087 ημετέρων
992 5010 1046 5076 ἐς
1105 5010 1347 5080 διηνεκεῖ
1396 5012 1493 5089 ῥοῇ
1549 5010 1954 5094 φαινομένων)

289 5107 498 5165 τούτων
521 5104 609 5161 οὖν
640 5109 748 5161 τῶν
785 5103 1124 5181 τεταγμένων
1181 5100 1339 5168 ἕξεων
1386 5104 1592 5168 εἰκόνας
1644 5104 1737 5166 τὰς
1776 5100 1954 5158 ἐνθάδε

291 5198 502 5279 ἔχομεν
530 5193 730 5269 τάξεις,
763 5194 886 5257 τοῖις
917 5193 1208 5273 ἱερατικούς
1265 5193 1524 5273 βαθμοὺς,
1572 5193 1662 5254 τὰς
1712 5193 1949 5273 στάσεις,

293 5289 393 5352 τὰς
450 5281 728 5364 καθέδρας,
765 5285 858 5350 τὰς
906 5282 1124 5360 στόλὰς,
1181 5283 1267 5340 καὶ
1326 5280 1380 5338 εἴ
1440 5304 1489 5339 τι
1520 5283 1951 5360 τοιουτότροπον,

295 5389 468 5455 α’ἰπερ
511 5376 614 5444 τὴν
643 5374 788 5441 ταξιν
835 5372 1246 5452 ἀπαράλλακτον
1299 5371 1506 5452 ἔχουσι,
1553 5375 1636 5430 καὶ
1668 5370 1819 5436 τέλος
1862 5377 1958 5440 τῆς

295 5468 483 5538 Ἰησοῦ
512 5466 795 5543 μετουσίας
825 5465 924 5534 τὴν
954 5464 1094 5522 θείαν
1157 5461 1486 5540 μετάληψιν,
1533 5467 1600 5535 ἥν
1646 5463 1736 5520 καί
1780 5467 1953 5544 εὐχα-

296 5560 505 5643 ριστίαν
537 5556 709 5638 λέγει,
766 5557 839 5622 ὡς
887 5564 980 5615 τοῦ
1036 5552 1230 5634 Κυρίοὺ
1287 5555 1444 5630 ἡμῶν
1484 5556 1644 5623 ἡνίκα
1673 5552 1951 5635 παρεδίδου

2039 4552 2197 4617 enim
2233 4552 2411 4614 habet
2424 4551 2819 4632 aptitudinem
2840 4549 3344 4627 recipiendi,cum
3365 4549 3695 4611 sitomnino

2037 4656 2322 4707 extranea
2371 4641 2589 4703 divinis
2620 4650 2678 4704 et
2707 4639 3082 4722 Spiritalibus
3133 4638 3643 4702 insinuationibns
3676 4654 3692 4699 :

2037 4741 2403 4815 quapropter
2423 4741 2702 4812 tanquam
2729 4731 3241 4809 egena,intentum
3257 4746 3499 4810 semper
3518 4727 3701 4791 habet

2039 4824 2393 4906 appetitum,
2429 4839 2600 4884 mens
2648 4831 2848 4883 autem
2904 4837 3147 4902 semper
3191 4819 3370 4901 plena
3428 4827 3520 4881 est
3565 4818 3700 4898 ejus

2039 4913 2197 4996 quod
2249 4910 2671 4994 apprehendit.
2747 4909 2938 4990 Hujus
2995 4929 3137 4990 ergo
3195 4907 3483 4972 satietatis
3540 4907 3700 4970 ima-

2039 5006 2208 5086 gines
2238 5011 2396 5077 sunt,
2433 5020 2783 5065 sermonum
2833 4999 3386 5064 demonstrationes
3453 4999 3703 5062 rationi-

2040 5095 2151 5158 bus
2173 5094 2650 5158 dilatataa.Porro
2673 5093 2804 5172 ejus
2815 5109 2949 5173 quae
2963 5107 3204 5172 semper
3221 5097 3280 5151 et
3295 5088 3507 5151 eodem
3524 5095 3699 5151 modo

2038 5204 2104 5248 se
2138 5184 2492 5247 habetrecte
2507 5183 2582 5245 ad
2598 5182 2832 5244 divinas
2875 5199 2974 5245 res
3000 5180 3291 5244 ordinatae
3332 5177 3702 5249 habitudinis

2040 5276 2237 5358 (nulla
2268 5274 2429 5338 enim
2467 5272 2551 5335 ibi
2576 5271 2964 5345 inordinatio,
2988 5270 3094 5334 sed
3137 5269 3382 5332 omnino
3409 5268 3706 5358 concinna

2043 5357 2647 5446 constitutio,quippe
2658 5363 2820 5426 circa
2841 5361 3002 5424 idem
3017 5377 3260 5442 semper
3282 5359 3504 5423 divinis
3518 5357 3704 5421 rebus

2041 5454 2745 5537 manentibus,nobisque
2761 5451 3012 5534 perenni
3033 5452 3195 5514 ﬂuxu
3216 5449 3698 5532 apparentibus),

2035 5545 2955 5628 harum.inquam,ordinatarum
2968 5539 3388 5607 habitudinum
3403 5539 3701 5620 imagines

379 5756 404 5789 ³
465 5746 625 5811 Phil.
659 5763 744 5825 ιιι,
786 5748 878 5808 ιδ.
915 5742 942 5786 δ
974 5742 1164 5808 Exod.
1207 5760 1338 5806 xxv.
1374 5741 1477 5808 40.
1508 5739 1580 5804 °I
1611 5739 1745 5807 Cor.
1779 5758 1886 5812 xu.
1921 5743 2020 5812 10.
2052 5756 2075 5786 °
2101 5741 2460 5806 Psal.t.xxv1.
2499 5738 2556 5817 4,
2594 5758 2619 5786 ε
2653 5736 2810 5800 Psal.
2836 5752 2983 5798 an.
3009 5732 3069 5800 2.
