4072 6458
511 334 625 414 139

1658 342 1719 411 S.
1768 343 1954 413 ΒΙοΝ
1958 336 2109 412 YSII
2170 334 2702 414 AREOPAGITE.

3777 336 3893 418 140

498 482 808 547 vilioribus
836 479 1278 564 materiis,quas
1309 479 1383 546 ad
1415 480 1852 546 absurditatem
1882 490 1941 545 et
1970 498 2146 564 spur-

2236 482 2581 556 ὁμοιότητες.
2639 481 2795 541 Ἀλλ’
2826 484 2861 553 ἡ
2901 483 2963 534 47
3009 487 3105 561 τῇς
3135 482 3386 550 ἀληθείας
3436 487 3512 548 ὡς
3553 490 3741 563 οἶμαι,
3785 490 3893 560 ζή-

498 573 729 652 citiam,
762 590 831 635 ac
852 571 1196 653 passionem
1224 570 1623 653 provocando,
1658 590 1768 653 per
1787 574 1984 636 omnia
2015 572 2143 633 dis-

497 662 729 726 similes
747 660 1557 742 ejuscemodielucidantium
1585 661 1960 744 eloquiorum
1985 661 2145 725 simi-

497 752 786 819 litudines
810 751 1184 815 describunt.
1222 750 1507 815 Veritatis
1538 752 1853 833 tamen,uti
1880 753 2142 826 reor,in-

497 843 735 923 dagatio
817 841 1195 906 demonstrat
1252 842 1716 905 sacratissimam
1769 842 2140 925 eloquiorum

497 932 885 1013 sapientiam,
910 931 973 993 in
1002 931 1332 995 cmlestium
1368 931 1767 995 efﬁctionibus
1796 932 2139 1013 intelligen-

498 1022 742 1099 tiarum,
768 1029 1087 1103 utrumque
1110 1021 1457 1085 luculentur
1487 1020 1844 1103 providisse,
1868 1030 1931 1083 ut
1948 1039 2144 1101 neque

499 1118 745 1177 virtutes
766 1112 985 1174 divinae
1014 1111 1101 1194 (ut
1127 1112 1208 1175 ita
1227 1111 1360 1194 quis
1390 1110 1624 1185 dixerit)
1656 1111 2147 1175 contumeliosius

500 1210 967 1266 extenuarentur
1000 1221 1016 1283 ;
1052 1220 1249 1283 neque
1280 1219 1390 1264 nos
1412 1202 1582 1264 humi
1609 1200 1963 1283 repentibus
1986 1200 2143 1263 ima-

499 1294 703 1373 ginum
732 1291 1057 1354 vilitatibus
1087 1291 1360 1355 tenacius
1411 1291 1816 1371 aﬂigeremur.
1849 1291 2143 1355 Caeterum

499 1400 610 1446 cur
661 1382 874 1445 merito
925 1382 1112 1461 ﬁgura
1163 1380 1514 1444 carentibus
1546 1381 1751 1462 ﬁgurae
1780 1430 1796 1460 ,
1830 1388 1892 1443 et
1921 1380 2149 1459 elﬁgies

499 1471 839 1550 inefﬁgiatis
856 1470 1041 1533 rebus
1069 1469 1349 1535 obductas
1376 1470 1751 1546 fuerint,non
1774 1470 1966 1533 solum
1999 1490 2148 1534 cau-

497 1580 624 1624 sam
646 1560 866 1626 dixerit
879 1560 1013 1642 quis
1033 1578 1168 1623 esse
1186 1567 1454 1623 nostram
1479 1558 1982 1641 imbecillitatem,
2017 1577 2149 1643 quae

499 1651 708 1733 nequit
732 1651 1078 1713 immediate
1115 1649 1491 1733 spiritalibus
1518 1648 1839 1713 intendere
1882 1659 2150 1714 contem-

499 1739 1241 1822 plationibus,indigetque
1256 1739 1610 1822 propriis;ac
1635 1739 2148 1824 connaturalibus,

2229 594 2384 639 τησις
2442 571 2777 630 ἀποδείκνυσι
2850 574 2949 642 τὴν
3007 579 3116 630 τῶν
3187 572 3384 653 λογίων
3435 576 3729 652 ἱερωτάτην
3797 601 3893 637 σο-

2229 667 2375 742 φίαν,
2433 666 2487 719 ὲν
2518 677 2643 724 ταῖς
2697 671 2805 720 τῶν
2858 664 3112 742 οὖρανίων
3169 662 3306 719 νόων
3352 665 3713 743 μορφώσεσιν,
3758 666 3894 724 ἑκα-

2228 751 2381 831 τέρου
2437 751 2635 829 κομιδῇ
2682 754 3078 833 προνοήσασαν,
3113 754 3186 816 ὡς
3247 754 3388 828 μήτε
3435 756 3507 817 εἷς
3569 756 3662 821 τὰς
3718 758 3888 831 Θείας,

2227 843 2301 906 ὡς
2334 841 2395 898 ἂν
2432 844 2563 922 φαίη
2606 862 2713 916 τις,
2763 840 3021 921 ἐξυϐρίσαι
3078 841 3346 922 δυνάμεις,
3402 845 3539 918 μήτε
3598 846 3707 920 μὴν
3737 849 3886 922 ἡμᾶς

2227 933 2301 995 είς
2332 932 2428 997 τάς
2475 930 2850 1012 χαμαιζήλους
2899 932 3152 1008 ἐμπαθῶς
3184 930 3495 1011 ἐμπαγῆναι
3527 940 3633 989 τῶν
3664 936 3889 993 εἰκόνων

2226 1023 2639 1089 ταπεινότητας.
2697 1020 2735 1049 ’¹
2745 1031 2838 1081 Οτι
2895 1021 2994 1097 μὲν
3050 1022 3149 1101 γὰρ
3206 1022 3427 1085 εἰκότως
3488 1021 3887 1101 προϐέϐληνται

2227 1117 2335 1168 τῶν
2395 1111 2687 1171 ἆτυπώτων
2743 1113 2791 1169 οἱ
2860 1112 3035 1187 τόποι,
3110 1112 3198 1168 καὶ
3278 1112 3344 1167 τὰ
3429 1114 3695 1193 σχήματα
3780 1120 3891 1172 τῶν

2229 1198 2653 1282 ἂσχηματίστων
2687 1249 2704 1283 ,
2777 1203 2838 1261 οὗ
2898 1202 3070 1277 μόνην
3131 1201 3301 1258 αἰτίαν
3350 1201 3480 1281 φαίη
3535 1225 3614 1264 τις
3674 1204 3736 1259 ἃν
3793 1207 3892 1262 εἷ-

2228 1313 2314 1347 ναι
2374 1290 2475 1361 τήν
2542 1289 2661 1348 καθ’
2730 1291 2877 1366 ἡμᾶς
2952 1289 3240 1369 ἀναλογίαν
3326 1289 3682 1350 ἀδυνατοῦσαν
3744 1293 3893 1370 ἁμέ-

2231 1403 2340 1446 σως
2397 1381 2482 1438 ἐπὶ
2522 1381 2618 1446 τὰς
2672 1381 2870 1448 νοητὰς
2922 1378 3284 1437 ἀνατείνεσθαι
3343 1383 3583 1462 θεωρίας,
3632 1385 3720 1440 καὶ
3762 1382 3892 1441 δεο-

2232 1470 2402 1544 μένην
2440 1470 2646 1530 οἰκείων
2705 1470 2792 1527 καὶ
2851 1470 3104 1549 συμφυῶν
3161 1470 3478 1549 ἀναγωγῶν
3531 1472 3615 1547 ιθ,
3672 1475 3735 1530 αἳ
3790 1476 3888 1539 τὰς

2230 1561 2452 1639 ὶφικτας
2510 1561 2650 1635 ἡμῖν
2732 1558 3036 1641 μορφώσεις
3121 1560 3459 1637 προτείνουσι¹
3510 1569 3615 1619 τῶν
3703 1565 3891 1643 ἄμορ-

2229 1643 2424 1732 ιρώτων
2454 1650 2544 1706 καί
2571 1650 2845 1729 ὑπερφδῶν
2892 1647 3174 1725 θεαμάτων
3209 1647 3292 1700 49ι
3326 1648 3448 1706 ἁλλ’
3478 1651 3561 1707 ὅτι
3591 1654 3681 1709 καὶ
3729 1656 3891 1711 τοῦτο

2232 1740 2357 1805 τοῖς
2417 1752 2701 1816 μυστικοῖς
2754 1739 2956 1817 λογίοις
3024 1739 3137 1796 ἐστὶ
3198 1737 3669 1817 πρεπωδέστατον,
3722 1744 3785 1799 τὸ
3818 1741 3888 1799 δι’

500 1831 721 1911 quibus
769 1830 1059 1910 erigatur,
1088 1828 1471 1892 adminiculis
1519 1847 1625 1892 seu
1656 1829 1985 1909 anagogiis,
2019 1848 2149 1913 qua!

2237 1831 2549 1909 ἂπορῥήτων
2619 1829 2707 1887 καὶ
2788 1828 2945 1907 ίερῶν
3025 1828 3352 1907 αἰνιγμάτων
3435 1830 3889 1909 ἀποκρύπτεσθαι,

500 1927 864 2001 perceptasa
888 1919 1062 1982 nobis
1090 1918 1317 1997 efﬁgies
1340 1917 1679 1999 inefﬁgiatls
1708 1936 1778 1982 ac
1800 1929 2151 2001 supernatu-

499 2009 727 2072 ralibus
750 2009 1112 2091 spectaculis
1131 2007 1526 2091 praetendant;
1564 2008 1670 2071 sed
1704 2008 1862 2091 quod
1895 2009 2009 2073 hoc
2032 2030 2154 2094 my-

504 2100 669 2162 sticis
694 2099 871 2163 etiam
906 2098 1165 2162 oraculis
1198 2097 1290 2160 vel
1320 2098 1584 2161 maxime
1612 2099 1948 2176 conveniat,
1980 2103 2150 2164 υιιδ

501 2189 907 2253 ineti‘abilibns
939 2198 996 2251 et
1031 2187 1219 2252 sacris
1263 2187 1677 2268 zenigmatibus
1703 2189 2059 2274 recondant,
2093 2200 2152 2255 et

500 2281 870 2342 inaccessam
915 2278 1090 2357 vulgo
1122 2277 1487 2340 constituant
1515 2295 1742 2341 sacram
1769 2278 1932 2342 illam
1964 2289 2024 2344 et
2044 2298 2147 2343 ar-

503 2388 711 2433 canam
727 2369 1345 2449 supermundanarum
1362 2368 1650 2431 mentium
1670 2367 1980 2432 veritatem
1993 2369 2152 2446 ,Οιιί-

505 2460 650 2523 libet
674 2459 834 2523 enim
864 2477 983 2521 non
1005 2465 1097 2521 est
1116 2466 1587 2540 sanctus,neque
1607 2458 1969 2541 omnium,ut
1997 2460 2152 2526 Ora-

506 2551 643 2613 cula
674 2548 1246 2624 testantur,scientia
1274 2559 1368 2610 est
1394 2548 1423 2592 ι
1455 2591 1471 2609 .
1504 2550 1691 2611 Porro
1720 2548 1771 2610 si
1806 2549 1940 2631 quis
1969 2550 2151 2616 abso-

2233 1923 2322 1979 καὶ
2381 1917 2575 1978 ἄϐατον
2655 1931 2776 1984 τοῖς
2860 1915 3087 1984 πολλοῖς
3159 1917 3356 1975 τιθέναι
3415 1932 3517 1988 τὴν
3577 1922 3722 1998 ἱερὰν
3803 1925 3896 1979 καὶ

2230 2011 2452 2092 κρυφῖαν
2512 2014 2620 2066 τῶν
2667 2008 3036 2083 ὑπεριοσμίων
3090 2006 3226 2065 νόων
3257 2007 3535 2081 ἀλήθειαν.
3567 2010 3753 2073 "Ean
3784 2013 3894 2091 γὰρ

2232 2101 2293 2160 οὒ
2342 2107 2447 2165 πᾶς
2507 2099 2669 2179 ἱερὸς,
2728 2096 2847 2156 οὐδὲ
2905 2097 3140 2178 πάντων,
3201 2098 3274 2161 ὣς
3334 2098 3401 2155 τὰ
3442 2098 3600 2178 λόγιᾶ
3629 2123 3819 2182 φησιν,
3855 2104 3892 2172 ἡ

2234 2192 2454 2270 γνῶσις.
2545 2189 2603 2247 Εἰ
2660 2188 2714 2245 δὲ
2796 2188 2892 2247 τὰς
2967 2186 3403 2269 ἆπεμφαινούσας
3487 2191 3895 2270 είγονογραφίας

2230 2279 2521 2341 αἱτιάσοιτό
2572 2301 2677 2351 τις,
2710 2275 2964 2335 αἰδεῖσθαι
3013 2275 3184 2355 λέγων
3237 2276 3536 2336 ανατιθὲναι
3590 2282 3656 2337 τὰ
3714 2280 3893 2347 οὕτως

2232 2373 2430 2452 αἶσχρᾶ
2486 2368 2825 2449 μαρφώματα
2898 2379 3022 2430 ταῖς
3089 2365 3344 2424 θεοειδέσι
3411 2370 3500 2426 καὶ
3558 2369 3895 2448 ἅγιωτέταις

2232 2461 2670 2535 διακοσμήσεσιν
2703 2456 2925 2536 ἀπόχρη
2970 2455 3099 2529 πρὸς
3161 2454 3319 2511 αὐτὸν
3350 2456 3547 2530 εἰπεῖν,
3581 2460 3653 2521 ὡς
3710 2456 3894 2522 διττὸς

2234 2552 2345 2610 ἐστι
2377 2556 2475 2617 τῆς
2537 2549 2681 2626 ἱερᾶς
2723 2545 3067 2626 ἐκφαντορίας
3113 2544 3142 2600 ὃ
3173 2545 3393 2624 τρόπός.

503 2658 611 2701 nas
644 2640 1039 2718 efﬁgiationes
1066 2636 1802 2720 improbarit,pudendom
1832 2656 2134 2725 asserens,
2181 2651 2303 2708 tam
2352 2633 3517 2725 turpia‘deiformibussanctissimisque
3548 2635 3899 2701 adornatio-

504 2729 686 2791 nibus
717 2729 1001 2809 efﬁngere
1029 2728 1376 2811 simulacra,
1405 2729 1553 2794 satis
1601 2728 1681 2793 sit
1709 2726 1795 2791 illi
1826 2722 2196 2813 reposuisse,
2229 2731 2531 2815 duplicem
2568 2742 2702 2790 esse
2735 2741 2922 2788 sacrae
2948 2722 3109 2788 illius
3141 2725 3401 2804 mysticae
3451 2727 3892 2791 manifestatio-

503 2820 599 2880 nis
617 2817 885 2883 modum.

2101 2928 2133 3011 ε
2173 2926 2275 2996 III.

584 3086 781 3155 Unum
805 3088 1072 3174 quidem,
1104 3087 1232 3172 qui,
1265 3095 1331 3152 nt
1367 3105 1476 3171 par
1499 3094 1619 3170 est,
1653 3103 1762 3168 per
1790 3087 2022 3153 similes
2049 3100 2212 3152 sa—c

507 3198 743 3244 orarum
767 3183 1090 3261 ﬁgurarum
1111 3179 1403 3260 imagines
1418 3177 1968 3260 procedit;alterum
1986 3197 2153 3260 vero,

507 3276 606 3351 qui
640 3288 748 3352 per
777 3270 1102 3334 dissimiles
1132 3269 1574 3332 etformationes
1633 3267 1706 3329 ad
1747 3268 2156 3332 omnimodam

506 3360 1061 3424 dissimilitudinem
1085 3370 1143 3422 et
1160 3358 1623 3440 discrepantiam
1641 3358 2159 3439 efﬁngitur.Deni-

507 3468 624 3530 que
648 3450 1048 3513 venerandam
1073 3447 1596 3531 superessentialis
1619 3447 1867 3511 Deitatis
1896 3448 2156 3513 beatitu-

509 3539 1173 3622 dinem,elucidantium
1194 3538 1574 3621 eloquiorum
1601 3538 1865 3620 mysticae
1894 3538 2159 3602 traditio.

507 3648 617 3692 nes
633 3629 953 3712 aliquando
977 3629 1218 3711 quidem
1272 3637 1340 3691 ut
1389 3627 1652 3691 Verbum
1685 3638 1745 3691 et
1775 3636 2065 3702 mentem,
2099 3635 2158 3692 et

508 3717 897 3781 substantiam
920 3717 1652 3800 laudant,convenientem
1683 3720 1810 3781 Deo
1843 3718 2155 3782 rationali-

508 3815 689 3873 tatem
714 3816 892 3891 atque
921 3809 1270 3890 sapientiam
1296 3807 1429 3889 ejus
1455 3806 1862 3884 declarantes;
1898 3825 2011 3871 nec
2035 3826 2157 3871 non

510 3899 910 3964 essentialiter
939 3907 1241 3962 essentem
1267 3897 1764 3972 exsistentiam,et
1782 3915 1984 3960 rerum
2004 3899 2159 3961 exsi-

509 3988 748 4050 stentias
777 4006 1017 4051 causam
1050 4005 1284 4069 veram,
1314 3995 1497 4068 atque
1549 3986 1735 4049 instar
1785 3986 1937 4049 lucis
1965 3988 2155 4068 ipsam

512 4077 888 4156 eﬂin'gunt,et
924 4078 1096 4140 vitam
1127 4076 1391 4159 apellant
1419 4096 1433 4135 :
1497 4074 1837 4155 cuiusmodi
1869 4077 2158 4157 ﬁgmenta

512 4184 714 4242 sacra;
747 4185 881 4229 cum
915 4167 1159 4249 quidem
1192 4165 1380 4245 magis
1400 4183 1665 4245 congrua
1692 4165 1834 4243 sint,
1870 4168 2156 4230 materia-

511 4255 794 4339 libusque
816 4257 1023 4335 ﬁguris
1052 4255 1420 4325 antecellere
1449 4254 1889 4337 quodammodo
1909 4257 2160 4320 videan-

513 4353 633 4424 tur,
667 4356 930 4410 attamen
963 4346 1228 4409 velutsic
1254 4346 1432 4409 etiam
1462 4363 1496 4408 a
1524 4343 1734 4408 divina;
1752 4344 2161 4411 similitudinis

2317 3080 2377 3150 Ὀ
2407 3089 2531 3165 μὶν,
2561 3086 2634 3150 ὡς
2685 3084 2850 3159 εἰκὸς,
2880 3082 2966 3141 διὰ
3005 3085 3115 3142 τῶν
3170 3084 3370 3162 ὁμοίων
3418 3084 3622 3165 προῖὼν
3675 3087 3896 3167 ἱεροτύ-

2235 3206 2355 3243 πων
2396 3178 2636 3240 είκόνων⁹
2691 3179 2719 3235 ὁ
2763 3176 2818 3233 δὲ
2848 3175 2933 3234 διὰ
2984 3178 3387 3255 τῶν,ὰνομοίων
3440 3180 3787 3260 μορφοποιῶν
3812 3203 3896 3246 εις

2237 3275 2301 3333 τὸ
2357 3267 2633 3334 παντελῶς
2687 3264 2754 3319 80
2778 3267 3031 3334 ἀπεοικὸς
3080 3267 3170 3326 καί
3197 3268 3539 3349 ἀπεμφατνον
3568 3268 3895 3347 πλαττόμε-

2240 3385 2350 3428 νος.
2386 3358 2603 3437 Ἀμέλει
2650 3358 2739 3414 καὶ
2795 3357 2896 3424 τὴν
2934 3355 3229 3434 σεϐασμίαν
3257 3359 3355 3425 τῆς
3389 3359 3695 3436 δπερουσίου
3722 3363 3897 3440 Θεαρ-

2238 3452 2368 3535 χίας
2389 3448 2761 3528 μακαριότητα
2784 3451 2889 3503 τών
2939 3449 3337 3526 ἑκφαντορικῶν
3365 3446 3561 3525 λογίων
3606 3449 3660 3505 αἱ
3690 3471 3896 3526 μυστι-

2238 3534 2328 3600 καὶ
2381 3537 2698 3621 παραδόσεις
2768 3536 2898 3595 ποτε
2949 3534 3048 3611 μὶν
3103 3538 3178 3600 ὡς
3228 3536 3400 3616 Λόγον
3468 3540 3559 3594 καὶ
3616 3545 3737 3596 νοῦν
3807 3541 3901 3597 καὶ

2239 3631 2418 3691 οὐσίαν
2445 3631 2699 3706 ὑμνοῦσι,
2741 3625 2844 3695 τὴν
2890 3628 3159 3705 θεοπρεπῆ
3207 3624 3505 3704 λογιότητα
3553 3628 3641 3684 καὶ
3699 3631 3897 3708 σοφίαν

2236 3724 2401 3799 αὐτῇς
2444 3717 2722 3792 δηλοῦσαι,
2782 3716 2872 3773 καί
2926 3713 3092 3778 ὅντως
3144 3717 3302 3772 οὖσαν
3340 3714 3583 3797 ὕπαρξιν,
3643 3719 3731 3775 καὶ
3796 3718 3901 3788 τῆς

2237 3816 2344 3869 τῶν
2372 3808 2538 3867 ὄντων
2565 3806 2837 3886 ὑπάρξεως
2866 3805 3035 3863 αῑτίαν
3064 3803 3348 3880 ἀληθινὴν,
3393 3808 3482 3863 καὶ
3526 3806 3612 3858 50'
3641 3808 3717 3872 ὡς
3774 3814 3900 3888 φῶς

2239 3900 2399 3970 αὐτὴν
2438 3895 2857 3970 ἀναπλάττουσι,
2915 3894 3004 3952 καὶ
3030 3895 3177 3968 ζωὴν
3232 3894 3585 3956 ἀποκαλοῦσι·
3619 3902 3728 3953 τῶν
3766 3919 3901 3955 τοι..

2238 3989 2408 4048 ούτων
2433 3989 2588 4065 ἰεριῖὗν
2646 3983 3082 4061 ἂναπλασμάτων
3140 3984 3473 4063 σεμνοτέρων
3522 3986 3621 4061 μὲν
3692 3984 3897 4064 ὄντων,

2237 4081 2327 4139 καὶ
2372 4083 2479 4136 τῶν
2538 4073 2818 4157 προσόλων
2875 4073 3203 4155 μορφώσεων
3250 4076 3595 4155 δπερκεῐσθαί
3639 4098 3756 4138 πως
3792 4075 3899 4134 δο-

2238 4169 2496 4244 κούντων,
2523 4163 2857 4225 ἀποδεόντων
2899 4162 2954 4221 δὲ
2996 4165 3086 4222 καὶ
3115 4163 3256 4222 οὕτω
3304 4169 3402 4234 τῆς
3432 4169 3729 4247 θεαρχιιιῇς
3756 4170 3900 4247 πρὸς

2240 4257 2493 4328 ἀλήθειαν
2524 4254 2827 4338 ἐμφερείας⁶
2883 4252 2992 4321 ἕςτι
3041 4254 3140 4334 γὰρ
3182 4254 3313 4334 ὑπὲρ
3357 4260 3531 4313 πᾶσαν
3586 4255 3768 4313 οὐσίαν
3801 4260 3899 4316 καὶ

2241 4349 2407 4420 ζωήν.
2469 4344 2678 4409 οὒδενὸς
2728 4344 2828 4421 μὲν
2885 4343 3050 4413 αὐτὴν
3126 4346 3299 4424 φωτὸς
3368 4345 3899 4425 χαρακτηρίζοντος,

511 4437 758 4500 veritate
790 4434 1403 4518 deﬁciunt;siquidem
1426 4434 1661 4498 excedit
1685 4452 1926 4498 omnem
1941 4453 2154 4499 essen-

2242 4438 2440 4501 παντὸς
2471 4435 2526 4493 δὲ
2557 4434 2718 4514 λόγου
2743 4434 2832 4493 καὶ
2889 4440 2981 4492 νοῦ
3034 4434 3134 4502 τῆς
3167 4433 3486 4510 ὁμοιότητος
3519 4438 3682 4503 αὒτῆς
3714 4436 3900 4515 ἀσυγ-

511 4525 652 4588 tiam
685 4532 745 4589 et
772 4528 1176 4607 vitam,neque
1198 4525 1388 4606 ipsam
1411 4524 1532 4587 ulla
1552 4524 1647 4587 lux
1689 4524 1993 4606 exprimit,
2025 4544 2162 4589 om-

512 4615 725 4698 nisque
746 4616 897 4679 ratio
919 4634 987 4678 ac
1004 4616 1120 4678 vita
1149 4615 1223 4677 ab
1256 4614 1388 4696 ejus
1417 4613 1814 4678 similitudine
1844 4616 2161 4697 incompa-

511 4705 789 4768 rabiliter
807 4705 1564 4785 desciscit.Nonnunquam
1597 4722 1738 4766 vero
1767 4703 2163 4767 dissimilibus

513 4794 989 4853 elucidationibus
1012 4795 1083 4852 ab
1113 4793 1318 4853 iisdem
1342 4793 1585 4866 eloquiis
1615 4793 2161 4866 supermundialiter

515 4881 1025 4958 celebratur,dum
1057 4884 1217 4947 illam
1251 4882 1615 4946 invisibilem
1647 4883 1699 4965 ι,
1732 4892 1791 4946 et
1811 4883 2162 4947 inﬁnitamIIII

515 4982 576 5036 et
603 4971 1271 5053 incomprehensibilem
1300 4980 1330 5015 η
1365 4971 1687 5053 appellant,
1722 4982 1785 5037 et
1838 4991 1910 5035 ex
1939 4972 2160 5054 quibus

516 5081 637 5126 non
661 5062 803 5144 quid
835 5062 1061 5146 est,sed
1091 5063 1232 5145 quid
1262 5080 1381 5126 non
1420 5071 1512 5126 est
1533 5063 1925 5144 signiﬁcatur.
1956 5064 2157 5146 Atque

2242 4529 2435 4607 κρίτως
2486 4521 2950 4600 ἀπολειπομένων.
3032 4523 3171 4581 Ποτέ
3229 4524 3287 4580 τὲ
3350 4536 3473 4588 ταῖς
3528 4523 3805 4600 ἀνομοίοις
3842 4526 3896 4570 εί

2241 4615 2611 4696 ἱκφαντορίαις
2672 4614 2775 4671 ὑπὸ
2843 4619 2953 4671 τῶν
3031 4612 3204 4670 αὗτῶν
3261 4612 3457 4692 λογίων
3520 4615 3899 4693 ὑπερκοαμίως

2244 4707 2516 4783 ὑμνεῖται,
2549 4704 2774 4782 ἀόρατον
2823 4701 3012 4783 αὒτάν,
3042 4704 3132 4759 καὶ
3176 4703 3418 4784 ἄπειρον,
3481 4704 3569 4760 καὶ
3599 4704 3903 4784 ἆχώρητον

2244 4794 2678 4868 ἀποκαλούντων,
2728 4792 2816 4849 καὶ
2859 4793 2927 4853 τά
2987 4791 3038 4857 ἒξ
3068 4794 3165 4872 ὡν,
3224 4793 3283 4850 οὐ
3342 4796 3392 4850 τί
3447 4793 3615 4874 ἐστιν,
3649 4793 3790 4851 ἀλλὰ
3850 4797 3906 4853 τί

2242 4886 2339 4942 οὒκ
2367 4884 2499 4962 ἔστί,
2554 4882 2893 4959 σημαίνεται.
2927 4892 3091 4941 Τοῦτο
3151 4883 3276 4962 γὰρ,
3336 4885 3408 4950 ὡς
3453 4888 3632 4960 οἶμαι,
3669 4886 3759 4941 καὶ
3790 4908 3903 4946 κυ-

2241 4973 2491 5055 ριώτερόν
2566 4972 2709 5029 ἐστιν
2758 4969 2845 5027 ἐπ’
2903 4974 3124 5039 αὒτῆςο-
3176 4972 3431 5053 ἐπείπερ,
3481 4976 3557 5038 ὡς
3603 4976 3637 5041 ἡ
3702 4976 3905 5056 κρυφία

2240 5065 2393 5133 καὶὴ
2442 5062 2684 5143 ἱερατικὴ
2756 5059 3048 5141 παράδοσις
3113 5061 3458 5144 ὑφηγήσατο,
3516 5064 3579 5120 τὸ
3638 5063 3741 5139 μὶν
3802 5069 3906 5123 οὐκ

599 5227 629 5271 ιι
658 5226 684 5289 I
711 5226 851 5289 Cor.
883 5239 1008 5303 Vlll,
1052 5226 1107 5287 7.
1140 5225 1203 5290 lI
1231 5226 1385 5293 Tim.
1416 5243 1496 5308 vi,
1533 5222 1633 5290 16.
1662 5231 1707 5262 ³·
1732 5223 1890 5291 Psal.
1924 5239 2118 5303 cxuv,

2238 5266 2256 5289 .
2290 5238 2319 5271 η
2350 5222 2521 5290 Rom.
2559 5239 2648 5304 τι,
2679 5221 2781 5290 38.

1833 5382 2094 5453 VARUE
2136 5383 2574 5456 LECTIONES.

602 5547 662 5599 47
694 5547 824 5632 lege
853 5550 914 5612 in
945 5551 1291 5616 nominandi
1323 5570 1485 5627 casu,
1519 5567 1817 5632 consensu
1865 5550 2299 5632 exemplarium
2329 5550 2386 5632 ii.
2422 5552 2484 5601 48
2528 5548 2638 5612 Ch.
2667 5554 2731 5632 et
2753 5549 2825 5613 D.
2855 5551 3177 5632 ἀναγωγῶν,
3224 5545 3287 5632 ιτς)
3313 5555 3420 5607 τῶν
3452 5550 3697 5609 εἰκόνων.
3726 5542 3913 5632 50D.

523 5629 803 5715 παντελές.
837 5632 922 5683 50'
953 5635 1253 5715 Prmponit
1277 5634 1529 5715 Budaeus
1559 5632 1690 5715 ποτὲ
1718 5630 1797 5712 δέ,
1842 5631 2003 5708 quod
2037 5629 2187 5698 nulli
2239 5630 2477 5696 codices
2497 5638 2607 5699 aut
2639 5629 2739 5693 alii
2770 5633 3131 5713 interpretes
3163 5629 3413 5695 habent.
3472 5631 3531 5684 5|
3570 5632 3639 5694 D.
3680 5638 3740 5690 et
3784 5629 3916 5694 Ch.

524 5710 753 5773 addunt
820 5716 930 5791 καὶ,
966 5710 1241 5790 εἰο,“ποτὶ
1283 5714 1338 5770 δὲ
1373 5715 1460 5772 καὶ
1488 5724 1611 5775 ταῖς
1644 5713 1728 5771 ὰνᾼ
