4072 6430
439 338 549 407 155
1658 343 1720 409 S.
1764 345 2093 412 DIONYSI]

2176 349 2682 417 LREOPAGszE.
2730 436 2733 439 Α
3717 354 3830 422 156

515 475 669 558 §III.
707 474 871 573 Quod
903 475 953 539 si
980 493 1120 541 vero
1144 479 1279 561 quis
1305 477 1872 563 admiseritquidem
1902 482 2077 546 talem

2242 484 2272 567 δ
2310 497 2401 552 lll.
2463 489 2521 547 Εἰ
2548 488 2605 547 δὲ
2639 511 2715 557 τις
2759 487 2981 573 δέχοιτο
3013 490 3110 566 μὲν
3155 492 3255 561 τὴν
3287 492 3536 561 τοιαύτην
3599 490 3685 553 διὰ
3715 501 3825 552 τῶν

439 591 547 654 per
565 590 663 635 res
684 571 935 636 sensiles
966 590 1171 634 rerum
1194 573 1557 654 spiritalium
1590 576 2091 656 comprehensio-

2176 578 2442 647 αἰσθητῶν
2473 579 2694 637 εἰκόνων
2740 571 2856 638 τῶν
2876 589 3083 650 νοητῶν
3134 582 3469 661 κατάληψιν,
3506 585 3825 642 αἰτιάσαιτο

435 682 596 745 nem,
631 662 739 726 sed
792 661 1095 743 improbet
1121 662 1411 726 duntaxat
1432 663 1724 727 absurdae
1755 665 2093 729 istiusmodi

2176 665 2230 724 δέ
2282 667 2445 744 μόνον
2501 671 2597 734 τὰς
2656 672 2885 736 ἀτόπους
2916 674 3343 754 εἰκονογραφίας,
3400 674 3578 753 λέγων
3611 676 3686 739 εἰς
3730 677 3822 733 αἰ-

431 754 755 817 formarum
819 754 1351 845 ﬁctiones,diceus,
1389 755 1734 837 pudendum
1791 775 1924 820 esse
1974 766 2090 821 tam

2176 760 2382 839 σχύνην
2413 760 2557 818 εἶναι
2588 763 2655 819 τὰ
2684 761 2852 830 οὕτως
2896 765 3096 845 αἰσχρά
3117 765 3457 840 εἰκονίσματα
3491 769 3609 830 τοῖς
3653 769 3829 823 θεοει-

435 853 643 927 turpes
663 846 844 908 rebus
866 844 1261 908 deiformibus
1276 847 1494 926 ﬁguras
1515 848 1979 920 accommodari;
2004 847 2092 909 illi

434 935 661 1000 dictum
703 935 963 997 sufﬁciat
1006 935 1311 1017 duplicem
1341 955 1475 999 esse
1507 936 1934 999 manifestandi
1958 956 2094 999 mo-

436 1025 861 1096 dum,alterum
884 1025 1125 1105 quidem
1146 1044 1217 1087 ex
1234 1025 1559 1103 similibus,
1593 1027 1848 1090 alterum
1866 1045 2006 1091 vero
2025 1046 2097 1090 ex

436 1115 826 1178 dissimilibus
877 1115 1084 1178 formis
1132 1115 1419 1180 etﬁctum.
1477 1116 1594 1180 Ubi
1646 1116 1900 1180 observa
1964 1118 2093 1198 pri-

439 1206 775 1287 mum,quid
796 1205 869 1268 de
886 1207 1009 1270 Deo
1038 1207 1302 1288 mystica
1319 1206 1772 1288 Scripturarum
1820 1207 2096 1271 traditio-

439 1296 911 1360 nesenuutieut:
948 1297 1309 1377 quandoque
1329 1297 1572 1377 quidem
1601 1316 1669 1358 ex
1684 1296 2001 1379 similibus,
2035 1306 2099 1360 ut

434 1386 680 1448 verbum
706 1405 776 1451 ac
803 1386 1260 1467 mentem,juxta
1281 1386 1454 1451 illud:
1486 1387 1638 1464 Quis
1659 1394 1832 1452 novit
1853 1406 2099 1451 sensum

439 1477 568 1558 (seu
590 1479 884 1557 mentem)
899 1479 1189 1541 Domini"
1215 1484 1244 1543 ?
1275 1487 1333 1540 et
1365 1479 1706 1559 essentiam,
1735 1479 2095 1560 juxtaillud:

441 1567 571 1650 Ego
604 1587 738 1631 sum
786 1568 895 1650 qui
941 1586 1076 1631 sum
1102 1568 1127 1611 α
1161 1586 1175 1631 :
1238 1568 1431 1648 ipsam
1474 1569 1854 1648 sapientiam,
1888 1577 1948 1631 et
1978 1588 2100 1631 non

438 1657 791 1741 simpliciter
807 1658 1459 1739 ratiocinationem,sed
1481 1658 1669 1737 ipsam
1689 1659 2101 1721 ratiocinatio-

438 1768 577 1812 nem
620 1749 963 1831 praadicant,
992 1767 1133 1811 vere
1171 1748 1557 1811 exsistentem
1588 1749 1932 1827 essentiam,
1956 1769 2102 1813 cau-

2177 847 2315 906 δέσιν
2368 849 2715 910 ἀνατιθέναι·
2781 853 2939 932 ἀρκεῖ
3028 854 3204 911 εἰπεῖν
3290 855 3422 933 πρὸς
3509 856 3690 936 αὑτὸν,
3752 856 3832 918 ὡς

2177 936 2349 1004 διττος
2381 939 2491 998 ἐστι
2522 947 2618 1009 τῆς
2679 941 3023 1023 ἔκφαντορίας
3054 945 3082 1000 ὁ
3138 944 3355 1020 τρόπος⁹
3419 946 3448 1000 ὃ
3480 944 3581 1020 μὲν
3631 947 3693 1002 εκ
3723 950 3834 1001 τῶν

2178 1030 2400 1112 ὁμοίων,
2425 1032 2453 1087 ὑ
2482 1029 2536 1087 δὲ
2566 1029 2649 1088 διὰ
2681 1034 2789 1090 τῶν
2818 1033 3085 1105 ἀνομοίων
3120 1034 3520 1113 ’μορφωμάτων
3581 1034 3835 1091 πλαττό-

2178 1141 2359 1195 μενος.
2433 1122 2539 1182 Καί
2610 1120 2693 1178 ἴδε
2752 1130 2961 1199 πρῶτον
3014 1124 3103 1181 επὶ
3176 1130 3329 1200 Θεοῦ,
3363 1122 3414 1180 τί
3460 1121 3713 1202 λέγουσιν
3764 1124 3835 1181 αἴ

2178 1211 2424 1285 μυστικαὶ
2481 1217 2588 1268 τῶν
2636 1219 2857 1293 Γραφῶν
2913 1212 3259 1294 παραδόσεις*
3314 1213 3445 1271 ποτὶ
3495 1214 3595 1289 μὲν
3625 1213 3686 1271 ἑκ
3719 1220 3834 1271 τῶν

2178 1300 2401 1376 ὁμοίων,
2474 1301 2639 1381 λόγον
2710 1305 2799 1361 καὶ
2847 1310 2967 1361 νοῦν
3012 1305 3150 1362 κατά
3202 1305 3289 1382 τὸ,
3377 1312 3469 1368 τις
3522 1302 3662 1381 ἔγνω
3707 1310 3836 1361 νοῦν

2179 1389 2394 1468 Κυρίους
2429 1392 2518 1449 καὶ
2562 1392 2767 1468 οὖσίαν,
2827 1395 2965 1452 κατὰ
3012 1396 3097 1469 τὸ,
3146 1392 3292 1475 Ἐγώ
3334 1395 3445 1469 εἰμι
3488 1395 3518 1450 ὑ
3564 1393 3661 1452 ὤν’
3724 1394 3835 1461 τὴν

2181 1482 2519 1561 αὑτοσοφίαν,
2553 1483 2642 1540 καὶ
2671 1485 2776 1564 οὑχ
2807 1484 2993 1550 ἁπλῶς
3023 1483 3318 1563 λογιότητα
3350 1482 3471 1542 ἀλλ’
3504 1481 3836 1563 αῦτολογιὸ-

2181 1590 2320 1636 τητα
2361 1572 2641 1648 ὑμνοῦσαι,
2660 1574 2760 1641 τὴν
2781 1570 2949 1638 ὄντως
2971 1572 3195 1654 ὕπαρξιν
3215 1573 3375 1631 οὖσαν
3401 1574 3489 1631 καὶ
3516 1574 3690 1630 αἰτίαν
3724 1575 3836 1641 τῆς

2182 1660 2289 1718 τῶν
2320 1660 2498 1717 ἄλλων
2541 1664 2756 1721 πάντων
2785 1663 3080 1743 ὑπάρξεως,
3114 1666 3204 1721 καὶ
3252 1670 3365 1744 φῶς
3408 1664 3496 1720 καί
3539 1664 3707 1736 ζωὴν,
3756 1664 3838 1724 ὡς

2184 1764 2300 1815 τοῖς
2329 1752 2493 1829 ἱεροῖς
2529 1751 2900 1831 Εὒαγγελίοιςο
2939 1759 3039 1810 τῶν
3072 1754 3327 1811 τοιούτων
3356 1753 3609 1811 ἁπάντων
3634 1751 3843 1825 ὀνομά-

439 1839 1034 1918 εοωίιυοεχίειθηιὶω
1057 1857 1257 1900 rerum
1282 1847 1651 1912 caeterarum,
1691 1848 1751 1901 et
1790 1839 2011 1920 lucem,
2044 1848 2093 1903 el

2186 1863 2293 1897 των
2315 1841 2647 1922 σεμνοτέρων
2678 1841 2846 1900 ὄντων
2874 1844 2962 1899 καὶ
3017 1842 3413 1923 ὑπερκειμένων
3468 1849 3577 1899 τῶν
3605 1842 3837 1920 ὑλικῶν,

437 1929 711 2006 vitam,ut
731 1929 995 1993 iusacris
1034 1928 1372 2008 Evangeliis
1397 1929 1821 2009 habetur;qua3
1848 1930 2093 1993 nomina

2183 1932 2227 1988 εἰ
2258 1933 2345 1988 καὶ
2376 1930 2515 1988 οὕτω
2545 1931 2705 1989 πάλιν
2739 1936 2874 2011 πρὸς
2919 1933 3018 2000 τὴν
3061 1932 3320 2003 ἀληθινὴν
3348 1926 3656 2013 ’ἐμφέρειαν
3687 1933 3844 1989 ἀπο-

439 2018 640 2080 omnia
688 2037 824 2081 cum
881 2018 1227 2081 honestiora
1284 2018 1529 2099 quidem
1562 2029 1725 2093 sunt,
1762 2037 2099 2095 rerumque,

436 2107 883 2191 sublimiorum,
935 2110 1022 2172 vel
1056 2113 1144 2171 sic
1176 2117 1374 2171 tamen
1408 2111 1589 2171 etiam
1621 2127 1657 2171 ο
1685 2128 1826 2172 vera
1865 2111 2089 2173 simili-

441 2197 649 2261 tudine
681 2199 888 2278 procul
919 2197 1158 2275 absunt;
1192 2198 1490 2282 siquidem
1510 2207 1600 2262 est
1616 2217 1799 2281 super
1823 2200 1949 2263 haec
1964 2219 2089 2263 om-

445 2288 566 2370 nia,
599 2307 735 2352 cum
768 2290 973 2368 utique
1004 2289 1115 2351 ista
1142 2287 1274 2352 sine
1329 2290 1784 2370 comparatione
1813 2309 1848 2352 a
1880 2299 2093 2351 natura

443 2378 544 2442 illa
572 2377 742 2441 beata
792 2377 1096 2442 deficiant.
1141 2377 1511 2460 Quandoque
1568 2399 1707 2444 vero
1767 2379 2088 2442 dissimili-

433 2468 545 2532 bus
574 2467 1084 2532 declarationibus
1110 2466 1375 2531 divinum
1406 2469 1557 2531 illud
1593 2469 1824 2533 Numen
1847 2487 1957 2550 per
1988 2487 2090 2533 ne-

435 2557 1343 2638 εοιίοηοηιςδοειοὺιιοιυτβοιη
1374 2558 1801 2639 inaspectabile
1828 2567 2087 2640 vocatur,

434 2659 493 2711 et
523 2647 1135 2729 inﬁnitum,quodque
1168 2648 1301 2728 capi
1335 2667 1455 2710 non
1495 2650 1690 2728 possit
1727 2670 1743 2726 ;
1781 2648 1945 2710 unde
1970 2668 2089 2712 non

435 2737 578 2818 quid
611 2738 837 2814 est,sed
868 2737 1011 2819 quid
1044 2756 1160 2800 non
1209 2745 1300 2800 est
1327 2736 1712 2819 signiﬁcatur.
1752 2738 1830 2800 Ex
1857 2737 2089 2801 duabus

437 2828 636 2909 itaque
658 2828 825 2891 hisce
856 2827 1395 2910 enuntiationibus,
1429 2829 1615 2907 magis
1646 2828 1943 2908 propriam
1975 2828 2088 2890 de-

440 2927 734 2980 monstrat
765 2935 902 2981 esse
923 2917 1251 2999 illam,quaa
1280 2925 1451 2979 estex
1465 2917 1649 2980 rebus
1669 2917 2088 2986 dissimilibus,

434 3007 746 3087 Siquidem
775 3027 916 3071 vere
962 3008 1247 3071 novimus
1308 3006 1499 3070 Deum
1533 3026 1653 3069 non
1700 3026 1834 3069 esse
1864 3007 2091 3088 aliquid

434 3116 635 3161 rerum
671 3096 1225 3179 exsistentium,sed
1255 3096 1599 3176 ignoramus
1623 3098 2095 3177 superessentia-

435 3190 552 3250 lem
584 3188 713 3267 ejus
747 3186 989 3250 termini
1008 3187 1426 3268 carcntiam,et
1452 3185 2087 3265 inintelligibilitatem,

442 3277 591 3358 sive,
626 3285 686 3339 ut
718 3277 795 3338 ita
825 3276 1052 3358 dicam,
1081 3277 1429 3353 amentiam;
1468 3277 1815 3357 amentiam,
1849 3276 2091 3359 inquam

434 3385 556 3429 non
586 3367 917 3430 secundum
954 3366 1171 3429 mentis
1205 3365 1734 3446 privationem,sed
1769 3368 1924 3446 quod
1963 3368 2096 3448 ejus

438 3455 841 3537 cognitionem
878 3475 1050 3520 mens
1081 3456 1247 3518 nulla
1272 3457 1469 3535 capiat
1505 3478 1524 3518 :
1580 3457 2091 3533 quemadmodum

447 3546 625 3610 etiam
658 3547 793 3623 alia,
848 3555 910 3610 ut
968 3545 1343 3609 invisibilitas
1400 3554 1459 3609 et
1486 3545 1749 3609 inﬁnitas
1796 3547 1946 3627 ejus,
1973 3567 2092 3609 non

443 3637 752 3718 privativa,
778 3636 882 3699 sed
919 3636 1189 3716 negative
1207 3635 1597 3715 intelligenda
1623 3639 1937 3701 sunt.Cum
1974 3638 2088 3698 ita-

436 3745 553 3809 que
586 3728 934 3808 negationes
961 3728 1020 3788 iu
1046 3726 1268 3789 divinis
1292 3745 1445 3789 veras
1478 3730 1618 3790 sint.
1658 3727 2091 3790 afﬁrmationes

441 3835 585 3879 vere
610 3817 874 3893 absonaa,
913 3816 1098 3897 magis
1123 3817 1363 3898 propria
1386 3828 1477 3879 est
1496 3817 1552 3877 in
1570 3817 1644 3881 iis
1664 3817 1990 3880 enuntiatio
2022 3835 2091 3879 ac

441 3905 874 3968 demonstratio
904 3925 1012 3987 per
1043 3905 1531 3979 dissimilia.Quaa
1558 3925 1692 3969 cum
1726 3908 1953 3968 itasese
1978 3907 2090 3968 ha-

438 3995 617 4060 beant
647 3997 704 4057 in
737 3994 888 4071 Deo,
950 4014 1329 4078 consequens
1376 4005 1466 4058 est
1520 3997 1861 4077 Scripturas
1893 4015 2092 4058 sacras

433 4086 731 4149 honorare
760 4087 985 4167 potius,
1022 4094 1082 4149 et
1110 4094 1501 4167 nequaquam
1538 4086 1736 4168 aliquo
1790 4086 2094 4149 dedecore

432 4176 672 4239 afﬁcere
700 4174 929 4238 divinas
960 4176 1095 4237 illas
1141 4176 1588 4254 dispositiones,
1630 4194 1739 4255 per
1794 4176 2093 4258 ejusmodi

433 4264 761 4329 formarum
789 4266 1174 4328 dissimilium
1193 4265 1631 4340 efﬁctiones,ut
1657 4265 2091 4348 bovis,aquilaz,

437 4364 798 4437 craterasque
811 4355 1027 4437 quibus
1045 4373 1143 4417 eas
1159 4356 1354 4419 innuit
1374 4355 1950 4437 supermundialiter
1978 4375 2093 4417 ma.

2174 2018 2400 2079 δέουσιν·
2438 2021 2548 2079 ἔστι
2591 2025 2691 2100 γὰρ
2733 2024 2864 2103 ὑπὲρ
2909 2032 3072 2083 ταῦτα
3103 2024 3302 2086 πάντα.
3328 2024 3361 2080 ἃ
3389 2021 3455 2090 δὴ
3498 2022 3843 2101 ἀσυγιιρίτως

2172 2111 2268 2179 τῆς
2317 2113 2582 2192 μακαρίας
2627 2113 3013 2172 ἀπολείπονται
3044 2112 3287 2195 φύσεως.
3341 2113 3476 2171 Ποτὲ
3520 2109 3576 2169 δί
3632 2115 3693 2169 εκ
3722 2116 3839 2169 τῶν

2176 2201 2437 2279 ἆοομοίων
2478 2206 2728 2278 ὑμνεῖται
2787 2205 2849 2261 τὸ
2916 2212 3076 2262 Θεϊον
3123 2204 3257 2263 κατὰ
3304 2203 3599 2284 ἀπόφασιν,
3657 2202 3836 2281 ἀόρα-

2173 2292 2268 2349 τὸν
2352 2292 2671 2374 λεγόμενον,
2755 2296 2847 2350 καὶ
2919 2292 3168 2368 ἄπειρον,
3242 2294 3331 2353 καὶ
3399 2295 3711 2374 ἀχώρητον·
3778 2293 3839 2359 ἕξ

2171 2386 2247 2438 ὧν
2304 2382 2363 2441 οὑ
2395 2385 2446 2441 τί
2489 2384 2656 2455 ἐστιν,
2693 2382 2830 2440 ἀλλά
2860 2384 2910 2442 τί
2961 2388 3059 2444 οὑκ
3117 2384 3229 2441 ’ἐστι
3289 2386 3637 2459 σημαίνεται.
3684 2383 3836 2441 Ἀπὸ

2172 2479 2298 2549 γοῦν
2354 2473 2554 2530 τούτων
2612 2477 2717 2530 τῶν
2747 2472 2835 2531 δύο
2891 2475 3197 2556 ἱκιράνσεων
3248 2473 3575 2552 κυριωτέραν
3632 2474 3735 2542 τὴν
3771 2473 3829 2540 ἑξ

2174 2562 2439 2639 ἀνομοίων
2508 2562 2757 2624 δείκνυσι.
2811 2569 2885 2624 Τὸ
2944 2567 3043 2640 μὲν
3088 2568 3178 2621 οὗν
3224 2567 3320 2624 οὑκ
3352 2564 3496 2623 ε’ίναι
3527 2564 3725 2631 ταύτην
3778 2584 3836 2620 τι

2170 2660 2278 2709 τῶν
2328 2653 2520 2734 ὄντων,
2556 2655 2924 2732 γινώσκομεν*
2959 2653 3257 2733 ἀγνοοῦμεν
3287 2653 3343 2711 δὲ
3386 2655 3486 2721 τὴν
3516 2655 3833 2733 ὑπερούσιον

2172 2746 2336 2812 αὐτῆς
2384 2743 2652 2823 ἀοριστίαν
2710 2745 2798 2801 καὶ
2853 2744 3106 2812 ἀνόητον·
3168 2743 3399 2811 ἀνόητον
3456 2743 3537 2825 δὶ,
3581 2743 3640 2800 οὑ
3692 2743 3836 2799 κατά

2170 2832 2421 2910 στέρησιν
2480 2835 2742 2913 νοήσεως,
2775 2832 2899 2890 ἀλλ’
2958 2832 3038 2891 ὅτι
3090 2834 3277 2901 νόησιν
3326 2833 3525 2902 ταύτης
3568 2833 3663 2891 οὑκ
3695 2831 3832 2909 (ἔστι

2174 2920 2386 2978 λαϐεῖν’
2450 2921 2630 3002 ὥσπερ
2662 2926 2747 2981 καὶ
2807 2921 2999 3004 τᾶλλα,
3057 2924 3119 2980 τὸ
3161 2923 3389 3002 ἀόρατον
3435 2925 3525 2980 καὶ
3580 2921 3831 3003 ἄπειρον,

2175 3013 2235 3070 οὑ
2264 3014 2402 3071 κατά
2444 3014 2717 3091 στέρησιν,
2764 3013 2905 3069 ἀλλὰ
2952 3015 3090 3070 κατά
3137 3012 3427 3095 ἀπόφασιν.
3491 3012 3674 3072 Τοίνυν
3709 3012 3839 3070 ὑπαὶ

2175 3104 2228 3160 αἱ
2268 3103 2366 3179 μέν
2416 3104 2710 3183 ἀποφάσεις
2755 3104 2840 3161 ἰπὶ
2898 3106 3003 3160 τῶν
3053 3104 3230 3179 θείων,
3259 3102 3509 3183 ἀληθεῖς,
3553 3102 3607 3160 αἱ
3635 3100 3691 3159 δὶ
3722 3125 3835 3159 κα·-

2175 3194 2457 3273 ταφάσεις,
2508 3194 2853 3273 ἀνάρμοστοι.
2916 3193 3206 3272 οἰκειοτέρα
3264 3192 3472 3269 μᾶλλόν
3533 3195 3679 3250 ὶστιν
3742 3191 3839 3250 επὶ

2177 3285 2376 3341 τούτων
2487 3282 2570 3343 διὰ
2598 3291 2708 3342 τῶν
2749 3285 3015 3361 ἀνομοίων
3070 3283 3387 3363 ὶδιφαντορία
3442 3286 3533 3341 καὶ
3562 3281 3829 3354 δήλωσις,

2176 3370 2280 3435 Καὶ
2325 3375 2370 3430 εἰ
2401 3373 2564 3431 ταῦτα
2593 3374 2760 3439 οὕτως
2814 3373 2901 3431 ἐπὶ
2948 3380 3105 3434 Θεοῦ.
3167 3372 3529 3451 συναγόμενόν
3561 3371 3674 3429 ἑστι
3738 3374 3836 3429 καὶ

2176 3463 2264 3522 επὶ
2307 3466 2541 3539 τούτοις,
2595 3464 2675 3521 ὅτι
2722 3469 2950 3537 τιμῶσιν
3013 3461 3139 3544 ἄρα,
3171 3462 3265 3520 οὑκ
3296 3463 3531 3544 αἴσχους
3557 3460 3832 3532 πληροῦσι.

2176 3556 2273 3619 τὰς
2331 3556 2473 3619 θείας
2523 3551 2907 3630 διακοσμήσειε
2959 3554 3010 3610 αἱ
3052 3554 3185 3632 ἱεραὶ
3237 3554 3461 3632 Γραφαὶ,
3491 3552 3545 3608 αἱ
3587 3549 3673 3608 διὰ
3720 3557 3834 3609 τῶν

2174 3644 2440 3721 ἀνομοίων
2485 3645 2855 3724 μορφοποιίαι,
2904 3646 2997 3702 τοῦ
3044 3644 3195 3721 βοὸς,
3227 3649 3321 3700 τοῦ
3377 3642 3556 3719 ἀετοῦ,
3594 3643 3829 3699 καὶτῶν

2173 3734 2378 3791 λοιπῶν
2436 3735 2594 3796 αὑτὰς
2657 3733 3052 3814 ὑποδεικνῦσαι,
3127 3735 3203 3798 ὡς
3276 3733 3523 3812 ὑπεράνω
3573 3729 3830 3800 δηλονότι

2174 3826 2331 3892 οὔσας
2374 3834 2481 3884 τῶν
2530 3827 2727 3883 ὑλικῶν
2781 3828 3033 3885 ἁπάντων
3075 3826 3473 3903 ὑπερκοσμίως.
3526 3825 3583 3884 Εἰ
3648 3825 3751 3902 γὰρ
3797 3827 3827 3881 ὑ

2174 3917 2569 3996 Λεοντόμορφος
2655 3917 2971 3995 λεγόμενος,
3041 3917 3129 3973 καὶ
3189 3914 3486 3996 πολύπους,
3566 3916 3656 3972 καὶ
3710 3936 3826 3972 πο·-

2175 4005 2456 4085 λύπτερος,
2513 4008 2599 4064 καὶ
2656 4006 2872 4085 λογικός
2930 4005 3065 4080 ἰστῖ,
3123 4010 3213 4062 καὶ
3246 4003 3430 4078 ἄυλος,
3477 4009 3593 4066 πῶς
3625 4004 3687 4061 οὑ
3714 4002 3826 4071 δη-

2176 4092 2357 4151 λονότι
2401 4094 2772 4175 ὑπερξοσμίως
2805 4091 3063 4163 ἱκϐέϐηκε
3091 4093 3158 4151 τὰ
3200 4093 3354 4150 ὑλικά
3395 4094 3485 4150 καὶ
3525 4089 3653 4173 παρ’
3681 4094 3828 4168 ἡμῖν

2178 4185 2440 4260 νοούμενα
2476 4170 2514 4261 ;’
2547 4170 2678 4263 ”Ορα
2736 4184 2790 4241 δὲ
2821 4190 2937 4249 πῶς
2994 4181 3170 4248 καλῶς
3221 4170 3623 4263 ἀπελογήσατο,
3656 4181 3744 4240 διὰ
3776 4185 3832 4240 τί

2180 4275 2334 4347 ζώων
2365 4276 2588 4351 μνήμην
2622 4274 2740 4356 ἔχει
2795 4276 2863 4332 τὰ
2918 4275 3157 4354 οὑράνια,
3216 4273 3337 4343 ¹ἲςτοι
3397 4273 3632 4336 εἰκόνας.
3670 4264 3832 4329 ’Ὥσ-

2178 4385 2276 4443 περ
2324 4366 2424 4443 γάρ
2476 4368 2504 4422 ὁ
2575 4365 2662 4422 ἰπὶ
2717 4366 2931 4423 πάντων
3008 4366 3136 4428 Θεὸς
3186 4363 3333 4423 οὒδέν
3383 4364 3440 4420 ἂν
3484 4375 3605 4428 τοῖς
3663 4367 3833 4420 πᾶσιν

440 4445 668 4508 teriatis
690 4444 971 4507 omnibus
1002 4444 1171 4507 hisce
1232 4445 1413 4507 rebus
1463 4444 1857 4509 inferioribus
1913 4444 2093 4508 subli-

2177 4454 2295 4534 ἔχει
2354 4456 2634 4537 ὁμογενὲς,
2691 4456 2778 4513 καὶ
2825 4454 2911 4512 διὰ
2994 4458 3152 4512 τοῦτο
3215 4456 3433 4517 εἰκότως
3517 4451 3666 4511 οῦδὲν
3720 4458 3833 4508 τῶν

442 4535 667 4598 miores
700 4537 1011 4599 exsistere.
1040 4534 1105 4599 Si
1136 4534 1299 4597 enim
1335 4535 1386 4596 is
1415 4543 1515 4617 qui
1568 4536 1763 4598 leonis
1813 4534 2089 4612 formam,

2176 4545 2424 4604 ἁπάντων
2474 4534 2590 4604 Ἵὲστὶ
2619 4534 2945 4613 *δηλωτικὸν
2999 4546 3195 4626 αὑτοῦ,
3244 4544 3383 4602 ἀλλά
3439 4542 3623 4601 λοιπὸν
3683 4539 3836 4620 ἄλλῃ

438 4624 779 4714 multosque
804 4625 989 4706 pedes
1031 4634 1212 4706 atque
1242 4624 1369 4688 alas
1391 4623 1614 4688 habere
1638 4625 1880 4698 dicitur,
1909 4623 2088 4688 etiam

2179 4634 2386 4711 μεθόδῳ
2416 4635 2791 4714 θεολογοῦμεν,
2846 4635 3091 4714 λέγοντες
3164 4622 3246 4692 ότι
3293 4639 3390 4695 οὑκ
3446 4632 3587 4690 ἔστιν
3638 4634 3665 4688 ὁ
3698 4634 3836 4697 Θεὸς

435 4713 669 4777 ratione
701 4713 985 4794 praeditus
1016 4722 1194 4796 est,et
1220 4732 1435 4794 expers
1467 4714 1753 4789 materiae,
1794 4715 2093 4795 quomodo

2179 4727 2241 4783 τὸ
2291 4726 2379 4782 καὶ
2449 4727 2535 4802 τὸ,
2592 4713 2753 4804 νὸπερ
2834 4713 2996 4783 καλεῖ
3046 4724 3131 4782 διὰ
3185 4727 3293 4783 τῶν
3345 4724 3638 4789 ἀνομοίων·
3685 4719 3834 4779 οὕτω

436 4822 555 4866 non
574 4805 755 4866 etiam
771 4802 1349 4880 supermundialiter
1373 4821 1472 4866 res
1504 4804 1684 4866 hasce
1719 4803 2090 4879 materiatas,

2178 4817 2267 4872 καὶ
2292 4816 2379 4873 ἐπί
2437 4823 2545 4873 τῶν
2602 4802 2854 4895 οὑραήνίων
2912 4814 3184 4892 δυνάμεων
3232 4816 3414 4881 καλῶς
3476 4817 3522 4870 οἱ
3579 4811 3832 4889 θεολόγοι

437 4912 635 4986 quaaa
668 4893 839 4986 nobis
864 4892 1597 4986 intelliguptupexcedat?
1620 4892 1885 4986 Observa
1914 4912 2090 4986 quam

2177 4903 2462 4986 ἐποίησαν,
2510 4908 2776 4986 τεχνικῶς
2806 4903 2972 4963 οὐδενὶ
3019 4912 3125 4963 τῶν
3171 4910 3342 4964 αὐτῶν
3400 4903 3561 4966 «ora;
3610 4900 3832 4974 ὁμοιώ-

441 4983 691 5062 pulchre
722 4982 1013 5043 rationem
1048 4981 1305 5058 dederit,
1331 5001 1440 5044 cur
1482 4984 1825 5044 animalium
1871 4983 2093 5045 mentio

2179 5015 2392 5066 σαντες,
2445 4976 2699 5052 enim
2742 5001 2847 5052 τῶν
2891 4997 3149 5064 αἰσθητῆν
3203 4996 3339 5073 ἅπερ
3416 4990 3576 5050 καλεῖ
3629 4989 3831 5065 ἄτιμα,

438 5073 538 5134 ﬁat
566 5073 626 5133 in
657 5071 1165 5143 cmlestibus,sive
1197 5071 1528 5151 imaginum
1556 5071 2093 5145 eorum.Quemad-

2179 5085 2280 5151 τὴν
2336 5083 2543 5142 τελείαν
2594 5083 2848 5150 λαϐόντες
2896 5085 3205 5167 ἐμφέρειαν,
3262 5092 3421 5141 τοῦτο
3478 5083 3608 5161 πρὸς
3659 5081 3833 5156 τιμὴν

440 5162 683 5226 modum
701 5160 859 5222 enim
885 5159 1044 5223 Deus
1062 5161 1326 5225 existens
1341 5162 1399 5223 in
1416 5161 1867 5242 omnibus,nihil
1886 5162 1945 5223 in
1964 5180 2097 5223 om-

440 5251 620 5313 nibus
643 5252 822 5313 habet
848 5250 1116 5330 ejusdem
1152 5269 1358 5313 secum
1385 5251 1650 5332 generis,
1673 5252 1931 5332 ideoque
1950 5249 2095 5312 nihil

437 5358 643 5403 rerum
675 5340 965 5414 omnium,
1002 5348 1095 5402 est
1125 5339 1310 5422 ipsius
1336 5340 1763 5403 declarativum
1802 5361 1819 5414 ;
1872 5340 2096 5403 idcirco

440 5430 617 5494 etiam
631 5430 746 5493 alia
758 5430 1039 5493 methodo
1053 5429 1256 5494 deDeo
1272 5428 2097 5509 loquimur,diceutes,Deum

441 5540 560 5583 non
592 5539 723 5583 esse
737 5521 848 5583 hoc
877 5520 1285 5603 etillud,quod
1303 5538 1418 5603 per
1434 5520 1765 5584 dissimilia
1791 5528 1956 5583 vocat
1990 5521 2099 5585 :sic

530 5699 551 5730 ε
578 5682 746 5747 Rom.
782 5702 859 5767 XI,
894 5684 992 5745 34.
1056 5681 1081 5723 (³
1117 5681 1299 5745 Exod.
1337 5698 1419 5759 ιιι,
1461 5681 1560 5745 14.

2180 5176 2352 5233 αὑτῶν
2392 5176 2775 5250 πεποιηκότες,
2829 5174 2923 5233 ἵνα
2986 5172 3381 5252 πλασματώδης
3413 5174 3502 5230 καὶ
3555 5174 3651 5231 οὑκ
3680 5169 3831 5237 ἀλη-

2180 5265 2277 5332 θὴς
2317 5263 2543 5343 γένηται
2591 5267 2796 5325 τούτων
2850 5265 2881 5335 ᾗ
2932 5266 3185 5344 μίμησις,
3262 5265 3531 5326 Ἐντεῦθεν
3580 5260 3832 5342 βούλεται

2178 5351 2347 5420 δεῖξαι
2392 5355 2529 5412 κατὰ
2557 5357 2617 5412 τὸ
2649 5355 2840 5432 βίαιον,
2875 5355 2958 5415 ὅτι
3008 5358 3096 5416 καὶ
3150 5354 3358 5433 μᾶλλον
3405 5355 3513 5412 τῶν
3544 5354 3744 5428 ὁμοίων
3776 5354 3833 5408 αἱ

2179 5443 2423 5521 ἀνόμοιοι
2481 5445 2949 5526 εὐαρμοστότεραι.
3004 5448 3092 5514 Εἰς
3148 5448 3251 5523 μὲν
3307 5445 3410 5525 γὰρ
3465 5444 3562 5510 τὰς
3618 5464 3827 5518 τιμιω-

2181 5533 2334 5607 τέρας
2380 5536 2467 5593 καῖ
2512 5537 2719 5613 ὁμοίας,
2765 5537 2904 5603 εἰκός
2965 5536 3078 5595 ἔστι
3131 5538 3217 5595 καὶ
3257 5533 3702 5602 ἀποπλαντιθῆναί
3737 5557 3822 5589 τι-
