  <div class='ocr_page' id='page_1' title='image "/cluster/home/n/w/nwhite01/storage/ocr_20150623/3/coo.31924054872829/086.png"; bbox 0 0 4072 6444; ppageno 0'>
   <div class='ocr_carea' id='block_1_1' title="bbox 324 389 1991 474">
    <p class='ocr_par' dir='ltr' id='par_1_1' title="bbox 324 389 1991 474">
     <span class='ocr_line' id='line_1_1' title="bbox 324 389 1991 474; baseline 0.002 -16"><span class='ocrx_word' id='word_1_1' title='bbox 324 389 441 458; x_wconf 84' lang='grc'><strong>157</strong></span> <span class='ocrx_word' id='word_1_2' title='bbox 787 396 887 460; x_wconf 88' lang='lat' dir='ltr'><strong>DE</strong></span> <span class='ocrx_word' id='word_1_3' title='bbox 930 395 1283 460; x_wconf 83' lang='lat' dir='ltr'><strong>COELESTI</strong></span> <span class='ocrx_word' id='word_1_4' title='bbox 1327 391 1828 474; x_wconf 69' lang='lat' dir='ltr'><strong>HIERARCIIIA,</strong></span> <span class='ocrx_word' id='word_1_5' title='bbox 1876 398 1991 462; x_wconf 83' lang='lat' dir='ltr'><strong>CA]</strong></span> 
     </span>
    </p>
   </div>
   <div class='ocr_carea' id='block_1_2' title="bbox 2083 389 3731 474">
    <p class='ocr_par' dir='ltr' id='par_1_2' title="bbox 2090 394 3731 463">
     <span class='ocr_line' id='line_1_2' title="bbox 2090 394 3731 463; baseline 0 -2"><span class='ocrx_word' id='word_1_6' title='bbox 2090 399 2174 461; x_wconf 89' lang='grc' dir='ltr'><strong>Π.</strong></span> <span class='ocrx_word' id='word_1_7' title='bbox 2217 432 2285 445; x_wconf 92' lang='grc'><strong>--</strong></span> <span class='ocrx_word' id='word_1_8' title='bbox 2334 398 2722 463; x_wconf 70' lang='grc' dir='ltr'><strong>ΡΑΗΛΡΙΙΡι.</strong></span> <span class='ocrx_word' id='word_1_9' title='bbox 2771 396 3282 463; x_wconf 72' lang='grc' dir='ltr'><strong>ΡΛΟΗΥΜΕΒᾸΞ.</strong></span> <span class='ocrx_word' id='word_1_10' title='bbox 3621 394 3731 462; x_wconf 87' lang='grc'>158</span> 
     </span>
    </p>
   </div>
   <div class='ocr_carea' id='block_1_3' title="bbox 320 529 1991 611">
    <p class='ocr_par' dir='ltr' id='par_1_3' title="bbox 320 529 1991 611">
     <span class='ocr_line' id='line_1_3' title="bbox 320 529 1991 611; baseline 0.003 -24"><span class='ocrx_word' id='word_1_11' title='bbox 320 554 444 606; x_wconf 87' lang='grc' dir='ltr'>νας,</span> <span class='ocrx_word' id='word_1_12' title='bbox 493 529 630 590; x_wconf 81' lang='grc' dir='ltr'>ὅπου</span> <span class='ocrx_word' id='word_1_13' title='bbox 674 551 733 611; x_wconf 84' lang='grc' dir='ltr'><strong>γε</strong></span> <span class='ocrx_word' id='word_1_14' title='bbox 765 533 854 589; x_wconf 78' lang='grc' dir='ltr'><strong>καὶ</strong></span> <span class='ocrx_word' id='word_1_15' title='bbox 885 531 962 596; x_wconf 82' lang='grc' dir='ltr'><strong>οἷς</strong></span> <span class='ocrx_word' id='word_1_16' title='bbox 1001 532 1094 596; x_wconf 77' lang='grc' dir='ltr'>τὰς</span> <span class='ocrx_word' id='word_1_17' title='bbox 1149 532 1429 610; x_wconf 75' lang='grc' dir='ltr'><strong>ἀνομοίους</strong></span> <span class='ocrx_word' id='word_1_18' title='bbox 1487 534 1629 598; x_wconf 76' lang='grc' dir='ltr'>τινὲς</span> <span class='ocrx_word' id='word_1_19' title='bbox 1688 532 1991 611; x_wconf 79' lang='grc' dir='ltr'>ἒξώλισθον,</span> 
     </span>
    </p>
   </div>
   <div class='ocr_carea' id='block_1_4' title="bbox 2083 529 3729 611">
    <p class='ocr_par' dir='ltr' id='par_1_4' title="bbox 2083 535 3729 600">
     <span class='ocr_line' id='line_1_4' title="bbox 2083 535 3729 600; baseline -0.001 0"><span class='ocrx_word' id='word_1_20' title='bbox 2083 536 2262 600; x_wconf 87' lang='lat' dir='ltr'><strong>etiam</strong></span> <span class='ocrx_word' id='word_1_21' title='bbox 2284 537 2342 597; x_wconf 90' lang='lat' dir='ltr'><strong>in</strong></span> <span class='ocrx_word' id='word_1_22' title='bbox 2366 535 2713 599; x_wconf 73' lang='lat' dir='ltr'><strong>omlestibus</strong></span> <span class='ocrx_word' id='word_1_23' title='bbox 2744 535 3064 598; x_wconf 73' lang='lat' dir='ltr'><strong>virtutibus</strong></span> <span class='ocrx_word' id='word_1_24' title='bbox 3091 539 3338 600; x_wconf 88' lang='lat' dir='ltr'><strong>omnino</strong></span> <span class='ocrx_word' id='word_1_25' title='bbox 3372 545 3539 600; x_wconf 86' lang='lat' dir='ltr'><strong>recte</strong></span> <span class='ocrx_word' id='word_1_26' title='bbox 3561 535 3729 598; x_wconf 88' lang='lat' dir='ltr'><strong>theo-</strong></span> 
     </span>
    </p>
   </div>
   <div class='ocr_carea' id='block_1_5' title="bbox 312 621 1991 708">
    <p class='ocr_par' dir='ltr' id='par_1_5' title="bbox 312 621 1991 706">
     <span class='ocr_line' id='line_1_5' title="bbox 312 621 1991 706; baseline -0.001 -24"><span class='ocrx_word' id='word_1_27' title='bbox 312 625 502 690; x_wconf 70' lang='grc' dir='ltr'>καθὼς</span> <span class='ocrx_word' id='word_1_28' title='bbox 567 621 826 701; x_wconf 74' lang='grc' dir='ltr'>ὶλέγομεν</span> <span class='ocrx_word' id='word_1_29' title='bbox 885 621 1203 702; x_wconf 73' lang='grc' dir='ltr'>ἔμπροσθεν,</span> <span class='ocrx_word' id='word_1_30' title='bbox 1261 624 1624 694; x_wconf 77' lang='grc' dir='ltr'>Οὶηθήσονται</span> <span class='ocrx_word' id='word_1_31' title='bbox 1676 627 1804 705; x_wconf 72' lang='grc' dir='ltr'>γὰρ,</span> <span class='ocrx_word' id='word_1_32' title='bbox 1855 649 1991 706; x_wconf 82' lang='grc' dir='ltr'>χρυ-</span> 
     </span>
    </p>
   </div>
   <div class='ocr_carea' id='block_1_6' title="bbox 2083 621 3724 708">
    <p class='ocr_par' dir='ltr' id='par_1_6' title="bbox 2083 625 3724 708">
     <span class='ocr_line' id='line_1_6' title="bbox 2083 625 3724 708; baseline 0 -21"><span class='ocrx_word' id='word_1_33' title='bbox 2083 625 2202 706; x_wconf 85' lang='lat' dir='ltr'><strong>logi</strong></span> <span class='ocrx_word' id='word_1_34' title='bbox 2234 627 2527 700; x_wconf 81' lang='lat' dir='ltr'><strong>fecerunt,</strong></span> <span class='ocrx_word' id='word_1_35' title='bbox 2562 627 2701 688; x_wconf 92' lang='lat' dir='ltr'><strong>dum</strong></span> <span class='ocrx_word' id='word_1_36' title='bbox 2737 627 2970 691; x_wconf 80' lang='lat' dir='ltr'><strong>erudite</strong></span> <span class='ocrx_word' id='word_1_37' title='bbox 3011 629 3162 691; x_wconf 88' lang='lat' dir='ltr'><strong>nulli</strong></span> <span class='ocrx_word' id='word_1_38' title='bbox 3195 628 3422 690; x_wconf 84' lang='lat' dir='ltr'><strong>ordinis</strong></span> <span class='ocrx_word' id='word_1_39' title='bbox 3454 627 3724 708; x_wconf 86' lang='lat' dir='ltr'><strong>ejusdem</strong></span> 
     </span>
    </p>
   </div>
   <div class='ocr_carea' id='block_1_7' title="bbox 311 710 1991 799">
    <p class='ocr_par' dir='ltr' id='par_1_7' title="bbox 311 710 1991 796">
     <span class='ocr_line' id='line_1_7' title="bbox 311 710 1991 796; baseline 0.001 -25"><span class='ocrx_word' id='word_1_40' title='bbox 311 715 559 780; x_wconf 80' lang='grc' dir='ltr'>σοειδετς</span> <span class='ocrx_word' id='word_1_41' title='bbox 613 715 704 773; x_wconf 76' lang='grc' dir='ltr'><strong>καὶ</strong></span> <span class='ocrx_word' id='word_1_42' title='bbox 764 710 1074 777; x_wconf 78' lang='grc' dir='ltr'>στίλϐοντας</span> <span class='ocrx_word' id='word_1_43' title='bbox 1135 712 1326 792; x_wconf 75' lang='grc' dir='ltr'>ἄνδρας</span> <span class='ocrx_word' id='word_1_44' title='bbox 1386 730 1554 796; x_wconf 76' lang='grc' dir='ltr'>εῖναι,</span> <span class='ocrx_word' id='word_1_45' title='bbox 1600 718 1687 773; x_wconf 78' lang='grc' dir='ltr'><strong>καὶ</strong></span> <span class='ocrx_word' id='word_1_46' title='bbox 1746 717 1991 792; x_wconf 82' lang='grc' dir='ltr'>λαμπρὰν</span> 
     </span>
    </p>
   </div>
   <div class='ocr_carea' id='block_1_8' title="bbox 2083 710 3727 799">
    <p class='ocr_par' dir='ltr' id='par_1_8' title="bbox 2083 717 3727 799">
     <span class='ocr_line' id='line_1_8' title="bbox 2083 717 3727 799; baseline -0.001 -20"><span class='ocrx_word' id='word_1_47' title='bbox 2083 717 2210 780; x_wconf 90' lang='lat' dir='ltr'><strong>illas</strong></span> <span class='ocrx_word' id='word_1_48' title='bbox 2239 717 2693 792; x_wconf 83' lang='lat' dir='ltr'><strong>assimilarunt;</strong></span> <span class='ocrx_word' id='word_1_49' title='bbox 2728 717 2833 780; x_wconf 92' lang='lat' dir='ltr'><strong>sed</strong></span> <span class='ocrx_word' id='word_1_50' title='bbox 2868 737 2938 780; x_wconf 78' lang='lat' dir='ltr'><strong>ex</strong></span> <span class='ocrx_word' id='word_1_51' title='bbox 2969 717 3316 799; x_wconf 85' lang='lat' dir='ltr'><strong>sensilibus,</strong></span> <span class='ocrx_word' id='word_1_52' title='bbox 3371 738 3506 798; x_wconf 69' lang='lat' dir='ltr'><strong>quae</strong></span> <span class='ocrx_word' id='word_1_53' title='bbox 3558 725 3727 781; x_wconf 85' lang='lat' dir='ltr'><strong>vocat</strong></span> 
     </span>
    </p>
   </div>
   <div class='ocr_carea' id='block_1_9' title="bbox 308 802 1991 890">
    <p class='ocr_par' dir='ltr' id='par_1_9' title="bbox 308 802 1991 886">
     <span class='ocr_line' id='line_1_9' title="bbox 308 802 1991 886; baseline 0.002 -25"><span class='ocrx_word' id='word_1_54' title='bbox 308 815 618 885; x_wconf 77' lang='grc' dir='ltr'><strong>φοροῦντας</strong></span> <span class='ocrx_word' id='word_1_55' title='bbox 676 803 901 881; x_wconf 71' lang='grc' dir='ltr'>ἐσθῆτα,</span> <span class='ocrx_word' id='word_1_56' title='bbox 947 805 1036 863; x_wconf 80' lang='grc' dir='ltr'>καὶ</span> <span class='ocrx_word' id='word_1_57' title='bbox 1099 802 1360 884; x_wconf 83' lang='grc' dir='ltr'><strong>πυρώδεις</strong></span> <span class='ocrx_word' id='word_1_58' title='bbox 1423 805 1551 886; x_wconf 86' lang='grc' dir='ltr'>δίχα</span> <span class='ocrx_word' id='word_1_59' title='bbox 1622 806 1860 872; x_wconf 88' lang='grc' dir='ltr'>καύσεως</span> <span class='ocrx_word' id='word_1_60' title='bbox 1904 809 1991 864; x_wconf 78' lang='grc' dir='ltr'>καὶ</span> 
     </span>
    </p>
   </div>
   <div class='ocr_carea' id='block_1_10' title="bbox 2083 802 3728 890">
    <p class='ocr_par' dir='ltr' id='par_1_10' title="bbox 2083 808 3728 890">
     <span class='ocr_line' id='line_1_10' title="bbox 2083 808 3728 890; baseline 0.001 -21"><span class='ocrx_word' id='word_1_61' title='bbox 2083 808 2233 888; x_wconf 81' lang='lat' dir='ltr'><strong>vilia,</strong></span> <span class='ocrx_word' id='word_1_62' title='bbox 2263 809 2588 890; x_wconf 78' lang='lat' dir='ltr'><strong>perfectam</strong></span> <span class='ocrx_word' id='word_1_63' title='bbox 2622 819 2868 872; x_wconf 83' lang='lat' dir='ltr'><strong>sumunt</strong></span> <span class='ocrx_word' id='word_1_64' title='bbox 2916 809 3400 884; x_wconf 78' lang='lat' dir='ltr'><strong>similitudinem,</strong></span> <span class='ocrx_word' id='word_1_65' title='bbox 3425 809 3486 873; x_wconf 91' lang='lat' dir='ltr'><strong>id</strong></span> <span class='ocrx_word' id='word_1_66' title='bbox 3518 809 3590 873; x_wconf 87' lang='lat' dir='ltr'><strong>ad</strong></span> <span class='ocrx_word' id='word_1_67' title='bbox 3623 827 3728 873; x_wconf 87' lang='lat' dir='ltr'><strong>ea-</strong></span> 
     </span>
    </p>
   </div>
   <div class='ocr_carea' id='block_1_11' title="bbox 309 890 1991 980">
    <p class='ocr_par' dir='ltr' id='par_1_11' title="bbox 309 890 1991 978">
     <span class='ocr_line' id='line_1_11' title="bbox 309 890 1991 978; baseline 0.003 -26"><span class='ocrx_word' id='word_1_68' title='bbox 309 893 577 962; x_wconf 78' lang='grc' dir='ltr'>ἀὸλαϐὦς</span> <span class='ocrx_word' id='word_1_69' title='bbox 637 895 810 958; x_wconf 72' lang='grc' dir='ltr'>εἶναι,</span> <span class='ocrx_word' id='word_1_70' title='bbox 859 895 912 952; x_wconf 73' lang='grc' dir='ltr'>αἱ</span> <span class='ocrx_word' id='word_1_71' title='bbox 969 895 1070 974; x_wconf 74' lang='grc' dir='ltr'><strong>γὰρ</strong></span> <span class='ocrx_word' id='word_1_72' title='bbox 1128 890 1416 973; x_wconf 63' lang='grc' dir='ltr'>λεγόμεναι</span> <span class='ocrx_word' id='word_1_73' title='bbox 1468 898 1632 975; x_wconf 82' lang='grc' dir='ltr'>πυρὸς</span> <span class='ocrx_word' id='word_1_74' title='bbox 1682 896 1879 978; x_wconf 81' lang='grc' dir='ltr'>φλόγες</span> <span class='ocrx_word' id='word_1_75' title='bbox 1931 901 1991 958; x_wconf 77' lang='grc' dir='ltr'>οὐ</span> 
     </span>
    </p>
   </div>
   <div class='ocr_carea' id='block_1_12' title="bbox 2083 890 3724 980">
    <p class='ocr_par' dir='ltr' id='par_1_12' title="bbox 2083 899 3724 980">
     <span class='ocr_line' id='line_1_12' title="bbox 2083 899 3724 980; baseline -0.001 -19"><span class='ocrx_word' id='word_1_76' title='bbox 2083 915 2208 961; x_wconf 89' lang='lat' dir='ltr'><strong>rum</strong></span> <span class='ocrx_word' id='word_1_77' title='bbox 2243 901 2532 961; x_wconf 86' lang='lat' dir='ltr'><strong>honorem</strong></span> <span class='ocrx_word' id='word_1_78' title='bbox 2594 899 2886 980; x_wconf 84' lang='lat' dir='ltr'><strong>fecerunt,</strong></span> <span class='ocrx_word' id='word_1_79' title='bbox 2920 907 2982 961; x_wconf 90' lang='lat' dir='ltr'><strong>ut</strong></span> <span class='ocrx_word' id='word_1_80' title='bbox 3039 899 3266 974; x_wconf 85' lang='lat' dir='ltr'><strong>ﬁctitia,</strong></span> <span class='ocrx_word' id='word_1_81' title='bbox 3301 908 3361 961; x_wconf 92' lang='lat' dir='ltr'><strong>et</strong></span> <span class='ocrx_word' id='word_1_82' title='bbox 3394 918 3510 960; x_wconf 88' lang='lat' dir='ltr'><strong>non</strong></span> <span class='ocrx_word' id='word_1_83' title='bbox 3557 915 3724 974; x_wconf 83' lang='lat' dir='ltr'><strong>vera,</strong></span> 
     </span>
    </p>
   </div>
   <div class='ocr_carea' id='block_1_13' title="bbox 309 983 1991 1068">
    <p class='ocr_par' dir='ltr' id='par_1_13' title="bbox 309 983 1988 1068">
     <span class='ocr_line' id='line_1_13' title="bbox 309 983 1988 1068; baseline 0.002 -27"><span class='ocrx_word' id='word_1_84' title='bbox 309 987 630 1064; x_wconf 77' lang='grc' dir='ltr'>καυστικαὶ,</span> <span class='ocrx_word' id='word_1_85' title='bbox 694 983 834 1044; x_wconf 80' lang='grc' dir='ltr'><strong>ἀλλά</strong></span> <span class='ocrx_word' id='word_1_86' title='bbox 886 985 1108 1058; x_wconf 66' lang='grc' dir='ltr'>ζωτικαί</span> <span class='ocrx_word' id='word_1_87' title='bbox 1159 987 1286 1067; x_wconf 84' lang='grc' dir='ltr'>εἰσι,</span> <span class='ocrx_word' id='word_1_88' title='bbox 1343 989 1429 1044; x_wconf 77' lang='grc' dir='ltr'>καὶ</span> <span class='ocrx_word' id='word_1_89' title='bbox 1485 986 1656 1045; x_wconf 68' lang='grc' dir='ltr'>τᾶλλα</span> <span class='ocrx_word' id='word_1_90' title='bbox 1687 987 1786 1045; x_wconf 81' lang='grc' dir='ltr'><strong>ὅσα</strong></span> <span class='ocrx_word' id='word_1_91' title='bbox 1830 991 1988 1068; x_wconf 83' lang='grc' dir='ltr'>φασὶν</span> 
     </span>
    </p>
   </div>
   <div class='ocr_carea' id='block_1_14' title="bbox 2083 983 3723 1068">
    <p class='ocr_par' dir='ltr' id='par_1_14' title="bbox 2083 987 3723 1068">
     <span class='ocr_line' id='line_1_14' title="bbox 2083 987 3723 1068; baseline -0.001 -18"><span class='ocrx_word' id='word_1_92' title='bbox 2083 998 2232 1051; x_wconf 84' lang='lat' dir='ltr'><strong>esset</strong></span> <span class='ocrx_word' id='word_1_93' title='bbox 2262 989 2607 1050; x_wconf 87' lang='lat' dir='ltr'><strong>earumdem</strong></span> <span class='ocrx_word' id='word_1_94' title='bbox 2637 990 2907 1052; x_wconf 89' lang='lat' dir='ltr'><strong>imitatio.</strong></span> <span class='ocrx_word' id='word_1_95' title='bbox 2943 988 3098 1052; x_wconf 88' lang='lat' dir='ltr'><strong>Hinc</strong></span> <span class='ocrx_word' id='word_1_96' title='bbox 3120 987 3512 1068; x_wconf 84' lang='lat' dir='ltr'><strong>vultprobare</strong></span> <span class='ocrx_word' id='word_1_97' title='bbox 3533 1007 3568 1050; x_wconf 92' lang='lat' dir='ltr'><strong>a</strong></span> <span class='ocrx_word' id='word_1_98' title='bbox 3604 988 3723 1050; x_wconf 82' lang='lat' dir='ltr'><strong>for-</strong></span> 
     </span>
    </p>
   </div>
   <div class='ocr_carea' id='block_1_15' title="bbox 308 1065 1991 1160">
    <p class='ocr_par' dir='ltr' id='par_1_15' title="bbox 308 1065 1985 1157">
     <span class='ocr_line' id='line_1_15' title="bbox 308 1065 1985 1157; baseline 0.003 -28"><span class='ocrx_word' id='word_1_99' title='bbox 308 1075 362 1130; x_wconf 72' lang='grc' dir='ltr'>αἱ</span> <span class='ocrx_word' id='word_1_100' title='bbox 407 1075 642 1154; x_wconf 82' lang='grc' dir='ltr'>Γραγαί,</span> <span class='ocrx_word' id='word_1_101' title='bbox 693 1065 878 1153; x_wconf 60' lang='grc' dir='ltr'>’Ὅπερ</span> <span class='ocrx_word' id='word_1_102' title='bbox 940 1073 1033 1132; x_wconf 74' lang='grc' dir='ltr'>’ίνα</span> <span class='ocrx_word' id='word_1_103' title='bbox 1065 1075 1144 1150; x_wconf 75' lang='grc' dir='ltr'>μὴ</span> <span class='ocrx_word' id='word_1_104' title='bbox 1175 1065 1399 1134; x_wconf 71' lang='grc' dir='ltr'>πάθοιεν</span> <span class='ocrx_word' id='word_1_105' title='bbox 1427 1078 1474 1133; x_wconf 78' lang='grc' dir='ltr'><strong>οἱ</strong></span> <span class='ocrx_word' id='word_1_106' title='bbox 1505 1075 1674 1152; x_wconf 77' lang='grc' dir='ltr'>μηδὲν</span> <span class='ocrx_word' id='word_1_107' title='bbox 1705 1079 1811 1134; x_wconf 81' lang='grc' dir='ltr'>τῶν</span> <span class='ocrx_word' id='word_1_108' title='bbox 1844 1065 1985 1157; x_wconf 42' lang='grc' dir='ltr'>’φαι-</span> 
     </span>
    </p>
   </div>
   <div class='ocr_carea' id='block_1_16' title="bbox 2083 1065 3723 1160">
    <p class='ocr_par' dir='ltr' id='par_1_16' title="bbox 2083 1065 3723 1160">
     <span class='ocr_line' id='line_1_16' title="bbox 2083 1065 3723 1160; baseline 0.002 -24"><span class='ocrx_word' id='word_1_109' title='bbox 2083 1077 2203 1140; x_wconf 75' lang='lat' dir='ltr'><strong>;iori</strong></span> <span class='ocrx_word' id='word_1_110' title='bbox 2228 1077 2541 1140; x_wconf 86' lang='lat' dir='ltr'><strong>dissimilia</strong></span> <span class='ocrx_word' id='word_1_111' title='bbox 2560 1079 2861 1142; x_wconf 87' lang='lat' dir='ltr'><strong>similibus</strong></span> <span class='ocrx_word' id='word_1_112' title='bbox 2884 1099 3016 1142; x_wconf 88' lang='lat' dir='ltr'><strong>esse</strong></span> <span class='ocrx_word' id='word_1_113' title='bbox 3040 1065 3275 1160; x_wconf 76' lang='lat' dir='ltr'><strong>aptiora</strong></span> <span class='ocrx_word' id='word_1_114' title='bbox 3310 1098 3324 1143; x_wconf 87' lang='lat'><strong>:</strong></span> <span class='ocrx_word' id='word_1_115' title='bbox 3353 1079 3414 1140; x_wconf 91' lang='lat' dir='ltr'><strong>in</strong></span> <span class='ocrx_word' id='word_1_116' title='bbox 3460 1077 3723 1140; x_wconf 87' lang='lat' dir='ltr'><strong>nobilio-</strong></span> 
     </span>
    </p>
   </div>
   <div class='ocr_carea' id='block_1_17' title="bbox 319 1162 1991 1248">
    <p class='ocr_par' dir='ltr' id='par_1_17' title="bbox 319 1162 1981 1248">
     <span class='ocr_line' id='line_1_17' title="bbox 319 1162 1981 1248; baseline 0.003 -28"><span class='ocrx_word' id='word_1_117' title='bbox 319 1166 578 1240; x_wconf 80' lang='grc' dir='ltr'>νομένων</span> <span class='ocrx_word' id='word_1_118' title='bbox 609 1162 945 1244; x_wconf 73' lang='grc' dir='ltr'><strong>ὑψηλότερον</strong></span> <span class='ocrx_word' id='word_1_119' title='bbox 977 1167 1342 1245; x_wconf 75' lang='grc' dir='ltr'><strong>φαντασθῆναι</strong></span> <span class='ocrx_word' id='word_1_120' title='bbox 1373 1165 1676 1248; x_wconf 80' lang='grc' dir='ltr'>δυνάμενοι,</span> <span class='ocrx_word' id='word_1_121' title='bbox 1719 1170 1754 1236; x_wconf 77' lang='grc' dir='ltr'><strong>ἡ</strong></span> <span class='ocrx_word' id='word_1_122' title='bbox 1797 1168 1981 1244; x_wconf 78' lang='grc' dir='ltr'>ὑψηλῆ</span> 
     </span>
    </p>
   </div>
   <div class='ocr_carea' id='block_1_18' title="bbox 2083 1162 3728 1248">
    <p class='ocr_par' dir='ltr' id='par_1_18' title="bbox 2083 1168 3728 1248">
     <span class='ocr_line' id='line_1_18' title="bbox 2083 1168 3728 1248; baseline 0.002 -20"><span class='ocrx_word' id='word_1_123' title='bbox 2083 1168 2229 1230; x_wconf 63' lang='grc' dir='ltr'>λίθος</span> <span class='ocrx_word' id='word_1_124' title='bbox 2259 1170 2414 1230; x_wconf 90' lang='lat' dir='ltr'><strong>enim</strong></span> <span class='ocrx_word' id='word_1_125' title='bbox 2447 1187 2515 1232; x_wconf 92' lang='lat' dir='ltr'><strong>ac</strong></span> <span class='ocrx_word' id='word_1_126' title='bbox 2542 1169 3124 1248; x_wconf 89' lang='lat' dir='ltr'><strong>similibus,proclive</strong></span> <span class='ocrx_word' id='word_1_127' title='bbox 3153 1179 3245 1232; x_wconf 86' lang='lat' dir='ltr'><strong>est</strong></span> <span class='ocrx_word' id='word_1_128' title='bbox 3274 1169 3596 1232; x_wconf 90' lang='lat' dir='ltr'><strong>nonnullos</strong></span> <span class='ocrx_word' id='word_1_129' title='bbox 3617 1169 3728 1232; x_wconf 88' lang='lat' dir='ltr'><strong>de-</strong></span> 
     </span>
    </p>
   </div>
   <div class='ocr_carea' id='block_1_19' title="bbox 312 1253 1991 1340">
    <p class='ocr_par' dir='ltr' id='par_1_19' title="bbox 312 1253 1980 1338">
     <span class='ocr_line' id='line_1_19' title="bbox 312 1253 1980 1338; baseline 0.004 -28"><span class='ocrx_word' id='word_1_130' title='bbox 312 1255 481 1334; x_wconf 81' lang='grc' dir='ltr'>σοφία</span> <span class='ocrx_word' id='word_1_131' title='bbox 513 1261 624 1313; x_wconf 79' lang='grc' dir='ltr'><strong>τῶν</strong></span> <span class='ocrx_word' id='word_1_132' title='bbox 671 1253 943 1333; x_wconf 87' lang='grc' dir='ltr'>θεολόγων</span> <span class='ocrx_word' id='word_1_133' title='bbox 984 1257 1058 1319; x_wconf 77' lang='grc' dir='ltr'>εἷς</span> <span class='ocrx_word' id='word_1_134' title='bbox 1117 1255 1398 1332; x_wconf 76' lang='grc' dir='ltr'>ἀνομοίους</span> <span class='ocrx_word' id='word_1_135' title='bbox 1457 1258 1544 1314; x_wconf 78' lang='grc' dir='ltr'>καὶ</span> <span class='ocrx_word' id='word_1_136' title='bbox 1606 1258 1980 1338; x_wconf 75' lang='grc' dir='ltr'><strong>ἀπεμφαινού-⁵</strong></span> 
     </span>
    </p>
   </div>
   <div class='ocr_carea' id='block_1_20' title="bbox 2083 1253 3726 1340">
    <p class='ocr_par' dir='ltr' id='par_1_20' title="bbox 2083 1258 3726 1340">
     <span class='ocr_line' id='line_1_20' title="bbox 2083 1258 3726 1340; baseline 0 -21"><span class='ocrx_word' id='word_1_137' title='bbox 2083 1258 2179 1338; x_wconf 87' lang='lat' dir='ltr'><strong>:ipi</strong></span> <span class='ocrx_word' id='word_1_138' title='bbox 2215 1277 2350 1320; x_wconf 91' lang='lat' dir='ltr'><strong>cum</strong></span> <span class='ocrx_word' id='word_1_139' title='bbox 2377 1260 2551 1321; x_wconf 86' lang='lat' dir='ltr'><strong>etiam</strong></span> <span class='ocrx_word' id='word_1_140' title='bbox 2578 1259 2638 1320; x_wconf 92' lang='lat' dir='ltr'><strong>in</strong></span> <span class='ocrx_word' id='word_1_141' title='bbox 2674 1259 3072 1322; x_wconf 90' lang='lat' dir='ltr'><strong>dissimilibus</strong></span> <span class='ocrx_word' id='word_1_142' title='bbox 3097 1260 3279 1340; x_wconf 84' lang='lat' dir='ltr'><strong>aliqui</strong></span> <span class='ocrx_word' id='word_1_143' title='bbox 3313 1258 3595 1331; x_wconf 88' lang='lat' dir='ltr'><strong>errarint,</strong></span> <span class='ocrx_word' id='word_1_144' title='bbox 3643 1259 3726 1322; x_wconf 90' lang='lat' dir='ltr'><strong>uti</strong></span> 
     </span>
    </p>
   </div>
   <div class='ocr_carea' id='block_1_21' title="bbox 315 1344 1991 1429">
    <p class='ocr_par' dir='ltr' id='par_1_21' title="bbox 315 1344 1977 1426">
     <span class='ocr_line' id='line_1_21' title="bbox 315 1344 1977 1426; baseline 0.002 -25"><span class='ocrx_word' id='word_1_145' title='bbox 315 1365 421 1410; x_wconf 91' lang='grc' dir='ltr'><strong>σας</strong></span> <span class='ocrx_word' id='word_1_146' title='bbox 469 1344 686 1410; x_wconf 78' lang='grc' dir='ltr'>εἰκόνας</span> <span class='ocrx_word' id='word_1_147' title='bbox 730 1344 1048 1422; x_wconf 78' lang='grc' dir='ltr'>κατάγεται,</span> <span class='ocrx_word' id='word_1_148' title='bbox 1097 1345 1176 1422; x_wconf 78' lang='grc' dir='ltr'><strong>μὴ</strong></span> <span class='ocrx_word' id='word_1_149' title='bbox 1209 1351 1566 1426; x_wconf 76' lang='grc' dir='ltr'>συγχωροῦσα</span> <span class='ocrx_word' id='word_1_150' title='bbox 1609 1346 1706 1423; x_wconf 79' lang='grc' dir='ltr'>μὲν</span> <span class='ocrx_word' id='word_1_151' title='bbox 1727 1349 1824 1416; x_wconf 83' lang='grc' dir='ltr'><strong>τὴν</strong></span> <span class='ocrx_word' id='word_1_152' title='bbox 1855 1346 1977 1405; x_wconf 82' lang='grc' dir='ltr'>διά-</span> 
     </span>
    </p>
   </div>
   <div class='ocr_carea' id='block_1_22' title="bbox 2083 1344 3728 1429">
    <p class='ocr_par' dir='ltr' id='par_1_22' title="bbox 2083 1347 3728 1429">
     <span class='ocr_line' id='line_1_22' title="bbox 2083 1347 3728 1429; baseline 0 -21"><span class='ocrx_word' id='word_1_153' title='bbox 2083 1366 2253 1429; x_wconf 76' lang='lat' dir='ltr'><strong>supra</strong></span> <span class='ocrx_word' id='word_1_154' title='bbox 2280 1347 2559 1411; x_wconf 82' lang='lat' dir='ltr'><strong>diximus.</strong></span> <span class='ocrx_word' id='word_1_155' title='bbox 2615 1349 3056 1414; x_wconf 84' lang='lat' dir='ltr'><strong>Existimabunt</strong></span> <span class='ocrx_word' id='word_1_156' title='bbox 3098 1351 3283 1425; x_wconf 92' lang='lat' dir='ltr'><strong>enim,</strong></span> <span class='ocrx_word' id='word_1_157' title='bbox 3319 1367 3452 1411; x_wconf 88' lang='lat' dir='ltr'><strong>esse</strong></span> <span class='ocrx_word' id='word_1_158' title='bbox 3483 1355 3728 1412; x_wconf 88' lang='lat' dir='ltr'><strong>naturas</strong></span> 
     </span>
    </p>
   </div>
   <div class='ocr_carea' id='block_1_23' title="bbox 315 1433 1991 1521">
    <p class='ocr_par' dir='ltr' id='par_1_23' title="bbox 315 1434 1985 1516">
     <span class='ocr_line' id='line_1_23' title="bbox 315 1434 1985 1516; baseline 0.003 -25"><span class='ocrx_word' id='word_1_159' title='bbox 315 1457 475 1493; x_wconf 89' lang='grc' dir='ltr'>νοιαν</span> <span class='ocrx_word' id='word_1_160' title='bbox 520 1437 679 1511; x_wconf 76' lang='grc' dir='ltr'>ἡμῶν</span> <span class='ocrx_word' id='word_1_161' title='bbox 745 1434 1107 1493; x_wconf 83' lang='grc' dir='ltr'>ἀναπαύεσθαι</span> <span class='ocrx_word' id='word_1_162' title='bbox 1172 1436 1246 1499; x_wconf 78' lang='grc' dir='ltr'><strong>είς</strong></span> <span class='ocrx_word' id='word_1_163' title='bbox 1310 1438 1535 1516; x_wconf 81' lang='grc' dir='ltr'>αἰσχρὰς</span> <span class='ocrx_word' id='word_1_164' title='bbox 1590 1437 1678 1495; x_wconf 81' lang='grc' dir='ltr'>καὶ</span> <span class='ocrx_word' id='word_1_165' title='bbox 1721 1439 1985 1516; x_wconf 78' lang='grc' dir='ltr'><strong>ἀπρεπεῖς</strong></span> 
     </span>
    </p>
   </div>
   <div class='ocr_carea' id='block_1_24' title="bbox 2083 1433 3726 1521">
    <p class='ocr_par' dir='ltr' id='par_1_24' title="bbox 2083 1434 3726 1521">
     <span class='ocr_line' id='line_1_24' title="bbox 2083 1434 3726 1521; baseline 0.002 -26"><span class='ocrx_word' id='word_1_166' title='bbox 2083 1434 2204 1498; x_wconf 75' lang='lat' dir='ltr'><strong>illas</strong></span> <span class='ocrx_word' id='word_1_167' title='bbox 2218 1437 2422 1515; x_wconf 91' lang='lat' dir='ltr'><strong>specie</strong></span> <span class='ocrx_word' id='word_1_168' title='bbox 2445 1437 2699 1518; x_wconf 91' lang='lat' dir='ltr'><strong>quadam</strong></span> <span class='ocrx_word' id='word_1_169' title='bbox 2723 1458 2904 1500; x_wconf 86' lang='lat' dir='ltr'><strong>aurea</strong></span> <span class='ocrx_word' id='word_1_170' title='bbox 2917 1439 3076 1500; x_wconf 88' lang='lat' dir='ltr'><strong>viros</strong></span> <span class='ocrx_word' id='word_1_171' title='bbox 3091 1438 3378 1521; x_wconf 89' lang='lat' dir='ltr'><strong>quosdam</strong></span> <span class='ocrx_word' id='word_1_172' title='bbox 3407 1436 3726 1510; x_wconf 78' lang='lat' dir='ltr'><strong>micantes,</strong></span> 
     </span>
    </p>
   </div>
   <div class='ocr_carea' id='block_1_25' title="bbox 315 1522 1991 1610">
    <p class='ocr_par' dir='ltr' id='par_1_25' title="bbox 315 1522 1987 1608">
     <span class='ocr_line' id='line_1_25' title="bbox 315 1522 1987 1608; baseline 0.004 -27"><span class='ocrx_word' id='word_1_173' title='bbox 315 1525 688 1602; x_wconf 65' lang='grc' dir='ltr'>ἀναπλέσεις,</span> <span class='ocrx_word' id='word_1_174' title='bbox 752 1522 1081 1605; x_wconf 84' lang='grc' dir='ltr'>διεγείρουσα</span> <span class='ocrx_word' id='word_1_175' title='bbox 1124 1524 1180 1582; x_wconf 79' lang='grc' dir='ltr'><strong>δὲ</strong></span> <span class='ocrx_word' id='word_1_176' title='bbox 1239 1526 1301 1582; x_wconf 76' lang='grc' dir='ltr'><strong>τὸ</strong></span> <span class='ocrx_word' id='word_1_177' title='bbox 1353 1525 1617 1605; x_wconf 79' lang='grc' dir='ltr'>ἀνωφερὲς</span> <span class='ocrx_word' id='word_1_178' title='bbox 1669 1531 1772 1596; x_wconf 72' lang='grc' dir='ltr'><strong>τῆς</strong></span> <span class='ocrx_word' id='word_1_179' title='bbox 1801 1533 1987 1608; x_wconf 73' lang='grc' dir='ltr'>ψυχῆς</span> 
     </span>
    </p>
   </div>
   <div class='ocr_carea' id='block_1_26' title="bbox 2083 1522 3723 1610">
    <p class='ocr_par' dir='ltr' id='par_1_26' title="bbox 2083 1526 3723 1610">
     <span class='ocr_line' id='line_1_26' title="bbox 2083 1526 3723 1610; baseline -0.002 -20"><span class='ocrx_word' id='word_1_180' title='bbox 2083 1535 2134 1590; x_wconf 75' lang='lat' dir='ltr'><strong>et</strong></span> <span class='ocrx_word' id='word_1_181' title='bbox 2164 1535 2374 1589; x_wconf 89' lang='lat' dir='ltr'><strong>vestitu</strong></span> <span class='ocrx_word' id='word_1_182' title='bbox 2407 1527 2726 1608; x_wconf 86' lang='lat' dir='ltr'><strong>Splendido</strong></span> <span class='ocrx_word' id='word_1_183' title='bbox 2758 1529 3023 1610; x_wconf 90' lang='lat' dir='ltr'><strong>indutos,</strong></span> <span class='ocrx_word' id='word_1_184' title='bbox 3057 1539 3231 1606; x_wconf 90' lang='lat' dir='ltr'><strong>atque</strong></span> <span class='ocrx_word' id='word_1_185' title='bbox 3266 1529 3506 1607; x_wconf 81' lang='lat' dir='ltr'><strong>igneum</strong></span> <span class='ocrx_word' id='word_1_186' title='bbox 3580 1526 3723 1608; x_wconf 89' lang='lat' dir='ltr'><strong>quid</strong></span> 
     </span>
    </p>
   </div>
   <div class='ocr_carea' id='block_1_27' title="bbox 315 1613 1991 1696">
    <p class='ocr_par' dir='ltr' id='par_1_27' title="bbox 315 1613 1991 1696">
     <span class='ocr_line' id='line_1_27' title="bbox 315 1613 1991 1696; baseline 0.009 -27"><span class='ocrx_word' id='word_1_187' title='bbox 315 1623 391 1693; x_wconf 75' lang='grc' dir='ltr'><strong>τῇ</strong></span> <span class='ocrx_word' id='word_1_188' title='bbox 426 1615 728 1696; x_wconf 72' lang='grc' dir='ltr'>δυσμορφίᾳ</span> <span class='ocrx_word' id='word_1_189' title='bbox 756 1621 864 1672; x_wconf 81' lang='grc' dir='ltr'>τῶν</span> <span class='ocrx_word' id='word_1_190' title='bbox 909 1614 1193 1696; x_wconf 80' lang='grc' dir='ltr'>πλάσεων,</span> <span class='ocrx_word' id='word_1_191' title='bbox 1227 1615 1303 1680; x_wconf 70' lang='grc' dir='ltr'><strong>ὥς</strong></span> <span class='ocrx_word' id='word_1_192' title='bbox 1356 1613 1520 1686; x_wconf 73' lang='grc' dir='ltr'>δήλου</span> <span class='ocrx_word' id='word_1_193' title='bbox 1578 1616 1784 1686; x_wconf 69' lang='grc' dir='ltr'>δηλαδὴ</span> <span class='ocrx_word' id='word_1_194' title='bbox 1837 1618 1991 1684; x_wconf 73' lang='grc' dir='ltr'><strong>ὅντος</strong></span> 
     </span>
    </p>
   </div>
   <div class='ocr_carea' id='block_1_28' title="bbox 2083 1613 3723 1696">
    <p class='ocr_par' dir='ltr' id='par_1_28' title="bbox 2083 1617 3723 1692">
     <span class='ocr_line' id='line_1_28' title="bbox 2083 1617 3723 1692; baseline -0.001 -14"><span class='ocrx_word' id='word_1_195' title='bbox 2083 1617 2396 1692; x_wconf 71' lang='lat' dir='ltr'><strong>vibrantes,</strong></span> <span class='ocrx_word' id='word_1_196' title='bbox 2429 1636 2546 1678; x_wconf 89' lang='lat' dir='ltr'><strong>non</strong></span> <span class='ocrx_word' id='word_1_197' title='bbox 2580 1618 2890 1681; x_wconf 86' lang='lat' dir='ltr'><strong>adurendo</strong></span> <span class='ocrx_word' id='word_1_198' title='bbox 2925 1637 3037 1682; x_wconf 87' lang='lat' dir='ltr'><strong>nec</strong></span> <span class='ocrx_word' id='word_1_199' title='bbox 3063 1619 3360 1681; x_wconf 76' lang='lat' dir='ltr'><strong>laedendo:</strong></span> <span class='ocrx_word' id='word_1_200' title='bbox 3400 1635 3533 1678; x_wconf 88' lang='lat' dir='ltr'><strong>nam</strong></span> <span class='ocrx_word' id='word_1_201' title='bbox 3558 1617 3723 1678; x_wconf 83' lang='lat' dir='ltr'><strong>ﬂam-</strong></span> 
     </span>
    </p>
   </div>
   <div class='ocr_carea' id='block_1_29' title="bbox 318 1703 1991 1804">
    <p class='ocr_par' dir='ltr' id='par_1_29' title="bbox 318 1703 1991 1783">
     <span class='ocr_line' id='line_1_29' title="bbox 318 1703 1991 1783; baseline 0.003 -22"><span class='ocrx_word' id='word_1_202' title='bbox 318 1707 414 1763; x_wconf 80' lang='grc' dir='ltr'>καὶ</span> <span class='ocrx_word' id='word_1_203' title='bbox 465 1719 589 1770; x_wconf 77' lang='grc' dir='ltr'>τοῖς</span> <span class='ocrx_word' id='word_1_204' title='bbox 640 1705 774 1783; x_wconf 77' lang='grc' dir='ltr'>ἄγαν</span> <span class='ocrx_word' id='word_1_205' title='bbox 831 1704 1040 1770; x_wconf 76' lang='grc' dir='ltr'>ύλικοῖς</span> <span class='ocrx_word' id='word_1_206' title='bbox 1097 1706 1200 1774; x_wconf 75' lang='grc' dir='ltr'><strong>τὴν</strong></span> <span class='ocrx_word' id='word_1_207' title='bbox 1231 1703 1494 1782; x_wconf 81' lang='grc' dir='ltr'>διάνοιαν,</span> <span class='ocrx_word' id='word_1_208' title='bbox 1553 1705 1636 1764; x_wconf 82' lang='grc' dir='ltr'><strong>ὅτι</strong></span> <span class='ocrx_word' id='word_1_209' title='bbox 1668 1708 1764 1765; x_wconf 78' lang='grc' dir='ltr'>οὒκ</span> <span class='ocrx_word' id='word_1_210' title='bbox 1797 1709 1894 1766; x_wconf 82' lang='grc' dir='ltr'>εἶσὶ</span> <span class='ocrx_word' id='word_1_211' title='bbox 1925 1710 1991 1768; x_wconf 84' lang='grc' dir='ltr'><strong>τὰ</strong></span> 
     </span>
    </p>
   </div>
   <div class='ocr_carea' id='block_1_30' title="bbox 2083 1703 3726 1804">
    <p class='ocr_par' dir='ltr' id='par_1_30' title="bbox 2083 1705 3726 1787">
     <span class='ocr_line' id='line_1_30' title="bbox 2083 1705 3726 1787; baseline -0.001 -20"><span class='ocrx_word' id='word_1_212' title='bbox 2083 1725 2190 1768; x_wconf 67' lang='lat' dir='ltr'><strong>mre</strong></span> <span class='ocrx_word' id='word_1_213' title='bbox 2219 1707 2392 1768; x_wconf 89' lang='lat' dir='ltr'><strong>istius</strong></span> <span class='ocrx_word' id='word_1_214' title='bbox 2423 1706 2578 1787; x_wconf 83' lang='lat' dir='ltr'><strong>ignis</strong></span> <span class='ocrx_word' id='word_1_215' title='bbox 2611 1726 2728 1768; x_wconf 93' lang='lat' dir='ltr'><strong>non</strong></span> <span class='ocrx_word' id='word_1_216' title='bbox 2763 1707 2986 1769; x_wconf 85' lang='lat' dir='ltr'><strong>habent</strong></span> <span class='ocrx_word' id='word_1_217' title='bbox 3013 1709 3127 1769; x_wconf 88' lang='lat' dir='ltr'><strong>vim</strong></span> <span class='ocrx_word' id='word_1_218' title='bbox 3162 1707 3402 1783; x_wconf 86' lang='lat' dir='ltr'><strong>urendi,</strong></span> <span class='ocrx_word' id='word_1_219' title='bbox 3437 1705 3542 1768; x_wconf 89' lang='lat' dir='ltr'><strong>sed</strong></span> <span class='ocrx_word' id='word_1_220' title='bbox 3574 1706 3726 1767; x_wconf 86' lang='lat' dir='ltr'><strong>vivi-</strong></span> 
     </span>
    </p>
   </div>
   <div class='ocr_carea' id='block_1_31' title="bbox 316 1793 1991 1879">
    <p class='ocr_par' dir='ltr' id='par_1_31' title="bbox 316 1793 1990 1874">
     <span class='ocr_line' id='line_1_31' title="bbox 316 1793 1990 1874; baseline 0.004 -23"><span class='ocrx_word' id='word_1_221' title='bbox 316 1799 446 1853; x_wconf 80' lang='grc' dir='ltr'>θεῖα</span> <span class='ocrx_word' id='word_1_222' title='bbox 478 1803 723 1871; x_wconf 85' lang='grc' dir='ltr'>τοιαῦτα,</span> <span class='ocrx_word' id='word_1_223' title='bbox 775 1793 1040 1874; x_wconf 79' lang='grc' dir='ltr'>’Δκριϐὦς</span> <span class='ocrx_word' id='word_1_224' title='bbox 1098 1795 1188 1854; x_wconf 84' lang='grc' dir='ltr'><strong>οὗν</strong></span> <span class='ocrx_word' id='word_1_225' title='bbox 1248 1794 1444 1861; x_wconf 69' lang='grc' dir='ltr'>εἰδότες</span> <span class='ocrx_word' id='word_1_226' title='bbox 1475 1793 1558 1854; x_wconf 80' lang='grc' dir='ltr'><strong>ὅτι</strong></span> <span class='ocrx_word' id='word_1_227' title='bbox 1592 1799 1687 1856; x_wconf 76' lang='grc' dir='ltr'>οὒκ</span> <span class='ocrx_word' id='word_1_228' title='bbox 1724 1799 1825 1857; x_wconf 82' lang='grc' dir='ltr'>εἶσὶ</span> <span class='ocrx_word' id='word_1_229' title='bbox 1873 1821 1990 1856; x_wconf 91' lang='grc' dir='ltr'>τοι-</span> 
     </span>
    </p>
   </div>
   <div class='ocr_carea' id='block_1_32' title="bbox 2083 1793 3720 1879">
    <p class='ocr_par' dir='ltr' id='par_1_32' title="bbox 2083 1794 3720 1879">
     <span class='ocr_line' id='line_1_32' title="bbox 2083 1794 3720 1879; baseline -0.001 -21"><span class='ocrx_word' id='word_1_230' title='bbox 2083 1796 2292 1859; x_wconf 82' lang='lat' dir='ltr'><strong>ﬁcandi</strong></span> <span class='ocrx_word' id='word_1_231' title='bbox 2326 1817 2342 1878; x_wconf 82' lang='lat'><strong>;</strong></span> <span class='ocrx_word' id='word_1_232' title='bbox 2368 1805 2426 1859; x_wconf 91' lang='lat' dir='ltr'><strong>et</strong></span> <span class='ocrx_word' id='word_1_233' title='bbox 2458 1815 2830 1879; x_wconf 74' lang='lat' dir='ltr'><strong>quaecunque</strong></span> <span class='ocrx_word' id='word_1_234' title='bbox 2852 1799 2969 1860; x_wconf 89' lang='lat' dir='ltr'><strong>alia</strong></span> <span class='ocrx_word' id='word_1_235' title='bbox 2991 1799 3085 1858; x_wconf 61' lang='grc' dir='ltr'><strong>νε</strong></span> <span class='ocrx_word' id='word_1_236' title='bbox 3104 1799 3428 1879; x_wconf 61' lang='lat' dir='ltr'><strong>Scriptura;</strong></span> <span class='ocrx_word' id='word_1_237' title='bbox 3459 1794 3720 1858; x_wconf 88' lang='lat' dir='ltr'><strong>tradunt.</strong></span> 
     </span>
    </p>
   </div>
   <div class='ocr_carea' id='block_1_33' title="bbox 319 1885 1991 1971">
    <p class='ocr_par' dir='ltr' id='par_1_33' title="bbox 319 1886 1991 1971">
     <span class='ocr_line' id='line_1_33' title="bbox 319 1886 1991 1971; baseline 0.003 -26"><span class='ocrx_word' id='word_1_238' title='bbox 319 1899 485 1964; x_wconf 85' lang='grc' dir='ltr'>αῦτα,</span> <span class='ocrx_word' id='word_1_239' title='bbox 519 1889 833 1966; x_wconf 75' lang='grc' dir='ltr'>ζητήσομεν</span> <span class='ocrx_word' id='word_1_240' title='bbox 860 1888 960 1956; x_wconf 82' lang='grc' dir='ltr'>τὴν</span> <span class='ocrx_word' id='word_1_241' title='bbox 1003 1886 1281 1963; x_wconf 78' lang='grc' dir='ltr'>ἀλήθειαν,</span> <span class='ocrx_word' id='word_1_242' title='bbox 1320 1889 1420 1957; x_wconf 80' lang='grc' dir='ltr'>τὴν</span> <span class='ocrx_word' id='word_1_243' title='bbox 1452 1887 1534 1947; x_wconf 80' lang='grc' dir='ltr'><strong>ὅτι</strong></span> <span class='ocrx_word' id='word_1_244' title='bbox 1579 1887 1712 1949; x_wconf 74' lang='grc' dir='ltr'>ἀλλο</span> <span class='ocrx_word' id='word_1_245' title='bbox 1754 1914 1806 1948; x_wconf 89' lang='grc' dir='ltr'><strong>τι</strong></span> <span class='ocrx_word' id='word_1_246' title='bbox 1850 1892 1991 1971; x_wconf 82' lang='grc' dir='ltr'>παρὰ</span> 
     </span>
    </p>
   </div>
   <div class='ocr_carea' id='block_1_34' title="bbox 2083 1885 3729 1971">
    <p class='ocr_par' dir='ltr' id='par_1_34' title="bbox 2083 1885 3729 1969">
     <span class='ocr_line' id='line_1_34' title="bbox 2083 1885 3729 1969; baseline -0.001 -21"><span class='ocrx_word' id='word_1_247' title='bbox 2083 1887 2244 1961; x_wconf 83' lang='lat' dir='ltr'><strong>Quod</strong></span> <span class='ocrx_word' id='word_1_248' title='bbox 2280 1906 2355 1949; x_wconf 91' lang='lat' dir='ltr'><strong>ne</strong></span> <span class='ocrx_word' id='word_1_249' title='bbox 2405 1886 2479 1950; x_wconf 88' lang='lat' dir='ltr'><strong>iis</strong></span> <span class='ocrx_word' id='word_1_250' title='bbox 2509 1888 2766 1965; x_wconf 83' lang='lat' dir='ltr'><strong>eveniat,</strong></span> <span class='ocrx_word' id='word_1_251' title='bbox 2800 1890 2902 1969; x_wconf 91' lang='lat' dir='ltr'><strong>qui</strong></span> <span class='ocrx_word' id='word_1_252' title='bbox 2959 1889 3108 1951; x_wconf 91' lang='lat' dir='ltr'><strong>nihil</strong></span> <span class='ocrx_word' id='word_1_253' title='bbox 3162 1888 3361 1960; x_wconf 88' lang='lat' dir='ltr'><strong>altius,</strong></span> <span class='ocrx_word' id='word_1_254' title='bbox 3418 1905 3594 1968; x_wconf 87' lang='lat' dir='ltr'><strong>quam</strong></span> <span class='ocrx_word' id='word_1_255' title='bbox 3628 1885 3729 1947; x_wconf 87' lang='lat' dir='ltr'><strong>illa</strong></span> 
     </span>
    </p>
   </div>
   <div class='ocr_carea' id='block_1_35' title="bbox 325 1975 1991 2064">
    <p class='ocr_par' dir='ltr' id='par_1_35' title="bbox 325 1976 1991 2064">
     <span class='ocr_line' id='line_1_35' title="bbox 325 1976 1991 2064; baseline 0.002 -28"><span class='ocrx_word' id='word_1_256' title='bbox 325 1979 504 2039; x_wconf 81' lang='grc' dir='ltr'>ταῦτὰ</span> <span class='ocrx_word' id='word_1_257' title='bbox 536 1979 694 2042; x_wconf 79' lang='grc' dir='ltr'>εἰσιν,</span> <span class='ocrx_word' id='word_1_258' title='bbox 751 1976 991 2044; x_wconf 80' lang='grc' dir='ltr'>⁹¹Λλλως</span> <span class='ocrx_word' id='word_1_259' title='bbox 1036 2001 1094 2035; x_wconf 92' lang='grc' dir='ltr'><strong>τε</strong></span> <span class='ocrx_word' id='word_1_260' title='bbox 1137 1981 1226 2037; x_wconf 78' lang='grc' dir='ltr'><strong>καὶ</strong></span> <span class='ocrx_word' id='word_1_261' title='bbox 1255 1988 1414 2038; x_wconf 87' lang='grc' dir='ltr'>τοῦτο</span> <span class='ocrx_word' id='word_1_262' title='bbox 1443 1979 1692 2048; x_wconf 65' lang='grc' dir='ltr'>ἰθνοῆσαι</span> <span class='ocrx_word' id='word_1_263' title='bbox 1728 1987 1866 2064; x_wconf 80' lang='grc' dir='ltr'>χρὴ,</span> <span class='ocrx_word' id='word_1_264' title='bbox 1913 1982 1991 2040; x_wconf 77' lang='grc' dir='ltr'><strong>ὅτι</strong></span> 
     </span>
    </p>
   </div>
   <div class='ocr_carea' id='block_1_36' title="bbox 2083 1975 3725 2064">
    <p class='ocr_par' dir='ltr' id='par_1_36' title="bbox 2083 1975 3725 2060">
     <span class='ocr_line' id='line_1_36' title="bbox 2083 1975 3725 2060; baseline -0.002 -21"><span class='ocrx_word' id='word_1_265' title='bbox 2083 1977 2326 2059; x_wconf 82' lang='lat' dir='ltr'><strong>pulchra</strong></span> <span class='ocrx_word' id='word_1_266' title='bbox 2342 1985 2402 2040; x_wconf 92' lang='lat' dir='ltr'><strong>et</strong></span> <span class='ocrx_word' id='word_1_267' title='bbox 2417 1978 2836 2059; x_wconf 81' lang='lat' dir='ltr'><strong>speciosaquae</strong></span> <span class='ocrx_word' id='word_1_268' title='bbox 2855 1987 3383 2060; x_wconf 85' lang='lat' dir='ltr'><strong>apparent,mente</strong></span> <span class='ocrx_word' id='word_1_269' title='bbox 3409 1975 3725 2057; x_wconf 86' lang='lat' dir='ltr'><strong>complecti</strong></span> 
     </span>
    </p>
   </div>
   <div class='ocr_carea' id='block_1_37' title="bbox 315 2065 1991 2150">
    <p class='ocr_par' dir='ltr' id='par_1_37' title="bbox 315 2067 1990 2148">
     <span class='ocr_line' id='line_1_37' title="bbox 315 2067 1990 2148; baseline 0.001 -21"><span class='ocrx_word' id='word_1_270' title='bbox 315 2067 476 2127; x_wconf 71' lang='grc' dir='ltr'>οὐδὲν</span> <span class='ocrx_word' id='word_1_271' title='bbox 528 2074 638 2126; x_wconf 85' lang='grc' dir='ltr'><strong>τῶν</strong></span> <span class='ocrx_word' id='word_1_272' title='bbox 697 2067 868 2126; x_wconf 78' lang='grc' dir='ltr'>ὄντων</span> <span class='ocrx_word' id='word_1_273' title='bbox 919 2067 1166 2146; x_wconf 82' lang='grc' dir='ltr'>καθόλου,</span> <span class='ocrx_word' id='word_1_274' title='bbox 1214 2075 1313 2139; x_wconf 80' lang='grc' dir='ltr'>τῆς</span> <span class='ocrx_word' id='word_1_275' title='bbox 1365 2078 1458 2128; x_wconf 85' lang='grc' dir='ltr'><strong>τοῦ</strong></span> <span class='ocrx_word' id='word_1_276' title='bbox 1499 2069 1667 2131; x_wconf 79' lang='grc' dir='ltr'>καλοῦ</span> <span class='ocrx_word' id='word_1_277' title='bbox 1709 2074 1990 2148; x_wconf 77' lang='grc' dir='ltr'>μετουσίας</span> 
     </span>
    </p>
   </div>
   <div class='ocr_carea' id='block_1_38' title="bbox 2083 2065 3723 2150">
    <p class='ocr_par' dir='ltr' id='par_1_38' title="bbox 2083 2065 3723 2150">
     <span class='ocr_line' id='line_1_38' title="bbox 2083 2065 3723 2150; baseline -0.002 -21"><span class='ocrx_word' id='word_1_278' title='bbox 2083 2076 2324 2149; x_wconf 88' lang='lat' dir='ltr'><strong>possunt</strong></span> <span class='ocrx_word' id='word_1_279' title='bbox 2355 2087 2371 2144; x_wconf 88' lang='lat'><strong>;</strong></span> <span class='ocrx_word' id='word_1_280' title='bbox 2402 2067 2678 2130; x_wconf 90' lang='lat' dir='ltr'><strong>sublimis</strong></span> <span class='ocrx_word' id='word_1_281' title='bbox 2710 2069 2807 2131; x_wconf 92' lang='lat' dir='ltr'><strong>illa</strong></span> <span class='ocrx_word' id='word_1_282' title='bbox 2869 2071 3282 2150; x_wconf 83' lang='lat' dir='ltr'><strong>theologorum</strong></span> <span class='ocrx_word' id='word_1_283' title='bbox 3316 2067 3611 2149; x_wconf 85' lang='lat' dir='ltr'><strong>sapientia</strong></span> <span class='ocrx_word' id='word_1_284' title='bbox 3649 2065 3723 2126; x_wconf 80' lang='lat' dir='ltr'><strong>ad</strong></span> 
     </span>
    </p>
   </div>
   <div class='ocr_carea' id='block_1_39' title="bbox 313 2155 1991 2241">
    <p class='ocr_par' dir='ltr' id='par_1_39' title="bbox 313 2155 1988 2241">
     <span class='ocr_line' id='line_1_39' title="bbox 313 2155 1988 2241; baseline 0.001 -25"><span class='ocrx_word' id='word_1_285' title='bbox 313 2158 634 2239; x_wconf 72' lang='grc' dir='ltr'>ἐστέρηται,</span> <span class='ocrx_word' id='word_1_286' title='bbox 669 2159 785 2217; x_wconf 62' lang='grc' dir='ltr'>Επεὶ</span> <span class='ocrx_word' id='word_1_287' title='bbox 819 2155 960 2217; x_wconf 83' lang='grc' dir='ltr'>καλά</span> <span class='ocrx_word' id='word_1_288' title='bbox 1003 2157 1120 2218; x_wconf 91' lang='grc' dir='ltr'>λίαν</span> <span class='ocrx_word' id='word_1_289' title='bbox 1178 2160 1324 2240; x_wconf 87' lang='grc' dir='ltr'><strong>παρά</strong></span> <span class='ocrx_word' id='word_1_290' title='bbox 1369 2165 1470 2230; x_wconf 78' lang='grc' dir='ltr'>τῆς</span> <span class='ocrx_word' id='word_1_291' title='bbox 1517 2165 1732 2241; x_wconf 83' lang='grc' dir='ltr'>Γραφῆς</span> <span class='ocrx_word' id='word_1_292' title='bbox 1776 2183 1988 2241; x_wconf 84' lang='grc' dir='ltr'>μεμαρ-</span> 
     </span>
    </p>
   </div>
   <div class='ocr_carea' id='block_1_40' title="bbox 2083 2155 3728 2241">
    <p class='ocr_par' dir='ltr' id='par_1_40' title="bbox 2083 2156 3728 2237">
     <span class='ocr_line' id='line_1_40' title="bbox 2083 2156 3728 2237; baseline -0.001 -20"><span class='ocrx_word' id='word_1_293' title='bbox 2083 2156 2595 2219; x_wconf 86' lang='lat' dir='ltr'><strong>dissimilitudines</strong></span> <span class='ocrx_word' id='word_1_294' title='bbox 2613 2166 2667 2220; x_wconf 91' lang='lat' dir='ltr'><strong>et</strong></span> <span class='ocrx_word' id='word_1_295' title='bbox 2687 2157 2947 2221; x_wconf 86' lang='lat' dir='ltr'><strong>absonas</strong></span> <span class='ocrx_word' id='word_1_296' title='bbox 2971 2159 3263 2237; x_wconf 75' lang='lat' dir='ltr'><strong>imagines</strong></span> <span class='ocrx_word' id='word_1_297' title='bbox 3286 2177 3350 2220; x_wconf 89' lang='lat' dir='ltr'><strong>se</strong></span> <span class='ocrx_word' id='word_1_298' title='bbox 3373 2157 3728 2237; x_wconf 85' lang='lat' dir='ltr'><strong>dejicit,non</strong></span> 
     </span>
    </p>
   </div>
   <div class='ocr_carea' id='block_1_41' title="bbox 313 2245 3730 2329">
    <p class='ocr_par' dir='ltr' id='par_1_41' title="bbox 313 2245 3730 2329">
     <span class='ocr_line' id='line_1_41' title="bbox 313 2245 3730 2329; baseline 0 -23"><span class='ocrx_word' id='word_1_299' title='bbox 313 2252 606 2326; x_wconf 84' lang='grc' dir='ltr'>τύρηνται.</span> <span class='ocrx_word' id='word_1_300' title='bbox 2073 2247 2425 2329; x_wconf 90' lang='lat' dir='ltr'><strong>permittens</strong></span> <span class='ocrx_word' id='word_1_301' title='bbox 2455 2247 2876 2328; x_wconf 79' lang='lat' dir='ltr'><strong>cogitationem</strong></span> <span class='ocrx_word' id='word_1_302' title='bbox 2933 2259 3197 2312; x_wconf 86' lang='lat' dir='ltr'><strong>nostram</strong></span> <span class='ocrx_word' id='word_1_303' title='bbox 3260 2247 3379 2310; x_wconf 89' lang='lat' dir='ltr'><strong>illis</strong></span> <span class='ocrx_word' id='word_1_304' title='bbox 3427 2245 3730 2309; x_wconf 85' lang='lat' dir='ltr'><strong>indecoris</strong></span> 
     </span>
    </p>
   </div>
   <div class='ocr_carea' id='block_1_42' title="bbox 319 2339 3728 2423">
    <p class='ocr_par' dir='ltr' id='par_1_42' title="bbox 319 2339 3728 2423">
     <span class='ocr_line' id='line_1_42' title="bbox 319 2339 3728 2423; baseline -0.001 -21"><span class='ocrx_word' id='word_1_305' title='bbox 319 2339 671 2402; x_wconf 86' lang='lat' dir='ltr'><strong>ﬁctionibus</strong></span> <span class='ocrx_word' id='word_1_306' title='bbox 703 2339 1118 2417; x_wconf 85' lang='lat' dir='ltr'><strong>acquiescere,</strong></span> <span class='ocrx_word' id='word_1_307' title='bbox 1151 2341 1258 2404; x_wconf 86' lang='lat' dir='ltr'><strong>sed</strong></span> <span class='ocrx_word' id='word_1_308' title='bbox 1285 2359 1422 2404; x_wconf 91' lang='lat' dir='ltr'><strong>eam</strong></span> <span class='ocrx_word' id='word_1_309' title='bbox 1452 2342 1670 2404; x_wconf 69' lang='lat' dir='ltr'><strong>animae</strong></span> <span class='ocrx_word' id='word_1_310' title='bbox 1703 2349 1930 2422; x_wconf 86' lang='lat' dir='ltr'><strong>partem</strong></span> <span class='ocrx_word' id='word_1_311' title='bbox 1989 2358 2122 2423; x_wconf 76' lang='lat' dir='ltr'><strong>quae</strong></span> <span class='ocrx_word' id='word_1_312' title='bbox 2179 2340 2252 2400; x_wconf 89' lang='lat' dir='ltr'><strong>ad</strong></span> <span class='ocrx_word' id='word_1_313' title='bbox 2287 2339 2408 2400; x_wconf 86' lang='lat' dir='ltr'><strong>alta</strong></span> <span class='ocrx_word' id='word_1_314' title='bbox 2439 2339 2649 2414; x_wconf 83' lang='lat' dir='ltr'><strong>tendit,</strong></span> <span class='ocrx_word' id='word_1_315' title='bbox 2704 2341 2833 2422; x_wconf 85' lang='lat' dir='ltr'><strong>ipsa</strong></span> <span class='ocrx_word' id='word_1_316' title='bbox 2864 2341 3237 2402; x_wconf 87' lang='lat' dir='ltr'><strong>deformitate</strong></span> <span class='ocrx_word' id='word_1_317' title='bbox 3269 2341 3587 2419; x_wconf 77' lang='lat' dir='ltr'><strong>ﬁgurarum</strong></span> <span class='ocrx_word' id='word_1_318' title='bbox 3623 2355 3728 2398; x_wconf 79' lang='lat' dir='ltr'><strong>ex-</strong></span> 
     </span>
    </p>
   </div>
   <div class='ocr_carea' id='block_1_43' title="bbox 330 2426 3730 2511">
    <p class='ocr_par' dir='ltr' id='par_1_43' title="bbox 330 2426 3730 2511">
     <span class='ocr_line' id='line_1_43' title="bbox 330 2426 3730 2511; baseline -0.001 -19"><span class='ocrx_word' id='word_1_319' title='bbox 330 2431 468 2492; x_wconf 88' lang='lat' dir='ltr'><strong>citat</strong></span> <span class='ocrx_word' id='word_1_320' title='bbox 500 2436 561 2491; x_wconf 93' lang='lat' dir='ltr'><strong>et</strong></span> <span class='ocrx_word' id='word_1_321' title='bbox 593 2429 884 2511; x_wconf 87' lang='lat' dir='ltr'><strong>stimulat,</strong></span> <span class='ocrx_word' id='word_1_322' title='bbox 917 2437 1196 2510; x_wconf 91' lang='lat' dir='ltr'><strong>tanquam</strong></span> <span class='ocrx_word' id='word_1_323' title='bbox 1235 2431 1513 2494; x_wconf 82' lang='lat' dir='ltr'><strong>videlicet</strong></span> <span class='ocrx_word' id='word_1_324' title='bbox 1543 2431 1768 2494; x_wconf 92' lang='lat' dir='ltr'><strong>clarum</strong></span> <span class='ocrx_word' id='word_1_325' title='bbox 1803 2433 1879 2494; x_wconf 93' lang='lat' dir='ltr'><strong>sit</strong></span> <span class='ocrx_word' id='word_1_326' title='bbox 1900 2432 2078 2494; x_wconf 86' lang='lat' dir='ltr'><strong>etiam</strong></span> <span class='ocrx_word' id='word_1_327' title='bbox 2105 2431 2178 2491; x_wconf 92' lang='lat' dir='ltr'><strong>iis</strong></span> <span class='ocrx_word' id='word_1_328' title='bbox 2200 2429 2302 2510; x_wconf 90' lang='lat' dir='ltr'><strong>qui</strong></span> <span class='ocrx_word' id='word_1_329' title='bbox 2335 2437 2476 2491; x_wconf 89' lang='lat' dir='ltr'><strong>sunt</strong></span> <span class='ocrx_word' id='word_1_330' title='bbox 2498 2431 2752 2492; x_wconf 88' lang='lat' dir='ltr'><strong>terrenis</strong></span> <span class='ocrx_word' id='word_1_331' title='bbox 2777 2430 2959 2493; x_wconf 90' lang='lat' dir='ltr'><strong>rebus</strong></span> <span class='ocrx_word' id='word_1_332' title='bbox 2983 2431 3154 2492; x_wconf 84' lang='lat' dir='ltr'><strong>valde</strong></span> <span class='ocrx_word' id='word_1_333' title='bbox 3186 2429 3475 2510; x_wconf 78' lang='lat' dir='ltr'><strong>allixi,res</strong></span> <span class='ocrx_word' id='word_1_334' title='bbox 3499 2426 3730 2488; x_wconf 80' lang='lat' dir='ltr'><strong>divinas</strong></span> 
     </span>
    </p>
   </div>
   <div class='ocr_carea' id='block_1_44' title="bbox 340 2516 3728 2601">
    <p class='ocr_par' dir='ltr' id='par_1_44' title="bbox 340 2516 3728 2601">
     <span class='ocr_line' id='line_1_44' title="bbox 340 2516 3728 2601; baseline -0.001 -20"><span class='ocrx_word' id='word_1_335' title='bbox 340 2539 451 2581; x_wconf 91' lang='lat' dir='ltr'><strong>non</strong></span> <span class='ocrx_word' id='word_1_336' title='bbox 482 2537 620 2581; x_wconf 92' lang='lat' dir='ltr'><strong>esse</strong></span> <span class='ocrx_word' id='word_1_337' title='bbox 653 2519 799 2582; x_wconf 86' lang='lat' dir='ltr'><strong>tales</strong></span> <span class='ocrx_word' id='word_1_338' title='bbox 833 2540 848 2581; x_wconf 88' lang='lat'><strong>:</strong></span> <span class='ocrx_word' id='word_1_339' title='bbox 884 2528 948 2582; x_wconf 91' lang='lat' dir='ltr'><strong>ut</strong></span> <span class='ocrx_word' id='word_1_340' title='bbox 987 2539 1119 2582; x_wconf 91' lang='lat' dir='ltr'><strong>cum</strong></span> <span class='ocrx_word' id='word_1_341' title='bbox 1168 2523 1328 2584; x_wconf 84' lang='lat' dir='ltr'><strong>clare</strong></span> <span class='ocrx_word' id='word_1_342' title='bbox 1387 2523 1844 2601; x_wconf 81' lang='lat' dir='ltr'><strong>cognoverimus</strong></span> <span class='ocrx_word' id='word_1_343' title='bbox 1897 2541 1999 2584; x_wconf 92' lang='lat' dir='ltr'><strong>eas</strong></span> <span class='ocrx_word' id='word_1_344' title='bbox 2032 2539 2153 2583; x_wconf 85' lang='lat' dir='ltr'><strong>non</strong></span> <span class='ocrx_word' id='word_1_345' title='bbox 2207 2538 2342 2582; x_wconf 90' lang='lat' dir='ltr'><strong>esse</strong></span> <span class='ocrx_word' id='word_1_346' title='bbox 2397 2521 2573 2601; x_wconf 89' lang='lat' dir='ltr'><strong>tales,</strong></span> <span class='ocrx_word' id='word_1_347' title='bbox 2633 2520 2940 2583; x_wconf 85' lang='lat' dir='ltr'><strong>veritatem</strong></span> <span class='ocrx_word' id='word_1_348' title='bbox 2993 2521 3390 2601; x_wconf 87' lang='lat' dir='ltr'><strong>inquiramus,</strong></span> <span class='ocrx_word' id='word_1_349' title='bbox 3445 2516 3728 2600; x_wconf 88' lang='lat' dir='ltr'><strong>quoniam</strong></span> 
     </span>
    </p>
   </div>
   <div class='ocr_carea' id='block_1_45' title="bbox 335 2609 3724 2693">
    <p class='ocr_par' dir='ltr' id='par_1_45' title="bbox 335 2609 3724 2693">
     <span class='ocr_line' id='line_1_45' title="bbox 335 2609 3724 2693; baseline -0 -23"><span class='ocrx_word' id='word_1_350' title='bbox 335 2609 473 2687; x_wconf 85' lang='lat' dir='ltr'><strong>quid</strong></span> <span class='ocrx_word' id='word_1_351' title='bbox 508 2609 672 2671; x_wconf 87' lang='lat' dir='ltr'><strong>aliud</strong></span> <span class='ocrx_word' id='word_1_352' title='bbox 705 2609 780 2671; x_wconf 90' lang='lat' dir='ltr'><strong>ab</strong></span> <span class='ocrx_word' id='word_1_353' title='bbox 811 2609 930 2672; x_wconf 84' lang='lat' dir='ltr'><strong>illis</strong></span> <span class='ocrx_word' id='word_1_354' title='bbox 962 2617 1126 2671; x_wconf 91' lang='lat' dir='ltr'><strong>sunt.</strong></span> <span class='ocrx_word' id='word_1_355' title='bbox 1161 2611 1314 2684; x_wconf 85' lang='lat' dir='ltr'><strong>Quin</strong></span> <span class='ocrx_word' id='word_1_356' title='bbox 1349 2620 1407 2674; x_wconf 90' lang='lat' dir='ltr'><strong>et</strong></span> <span class='ocrx_word' id='word_1_357' title='bbox 1437 2613 1552 2674; x_wconf 89' lang='lat' dir='ltr'><strong>hoc</strong></span> <span class='ocrx_word' id='word_1_358' title='bbox 1583 2611 1923 2693; x_wconf 89' lang='lat' dir='ltr'><strong>sciendum,</strong></span> <span class='ocrx_word' id='word_1_359' title='bbox 1959 2610 2107 2673; x_wconf 90' lang='lat' dir='ltr'><strong>nihil</strong></span> <span class='ocrx_word' id='word_1_360' title='bbox 2138 2629 2348 2672; x_wconf 91' lang='lat' dir='ltr'><strong>eorum</strong></span> <span class='ocrx_word' id='word_1_361' title='bbox 2410 2627 2541 2690; x_wconf 61' lang='lat' dir='ltr'><strong>qua;</strong></span> <span class='ocrx_word' id='word_1_362' title='bbox 2573 2617 2710 2673; x_wconf 92' lang='lat' dir='ltr'><strong>sunt</strong></span> <span class='ocrx_word' id='word_1_363' title='bbox 2757 2611 2922 2673; x_wconf 89' lang='lat' dir='ltr'><strong>omni</strong></span> <span class='ocrx_word' id='word_1_364' title='bbox 2952 2629 3196 2692; x_wconf 88' lang='lat' dir='ltr'><strong>prorsus</strong></span> <span class='ocrx_word' id='word_1_365' title='bbox 3221 2610 3364 2673; x_wconf 89' lang='lat' dir='ltr'><strong>boui</strong></span> <span class='ocrx_word' id='word_1_366' title='bbox 3397 2609 3724 2691; x_wconf 85' lang='lat' dir='ltr'><strong>participa-</strong></span> 
     </span>
    </p>
   </div>
   <div class='ocr_carea' id='block_1_46' title="bbox 327 2699 3282 2783">
    <p class='ocr_par' dir='ltr' id='par_1_46' title="bbox 327 2699 3282 2783">
     <span class='ocr_line' id='line_1_46' title="bbox 327 2699 3282 2783; baseline 0.001 -25"><span class='ocrx_word' id='word_1_367' title='bbox 327 2699 498 2762; x_wconf 87' lang='lat' dir='ltr'><strong>tione</strong></span> <span class='ocrx_word' id='word_1_368' title='bbox 531 2705 825 2783; x_wconf 83' lang='lat' dir='ltr'><strong>privatum</strong></span> <span class='ocrx_word' id='word_1_369' title='bbox 860 2718 995 2763; x_wconf 89' lang='lat' dir='ltr'><strong>esse</strong></span> <span class='ocrx_word' id='word_1_370' title='bbox 1030 2721 1045 2782; x_wconf 85' lang='lat'><strong>;</strong></span> <span class='ocrx_word' id='word_1_371' title='bbox 1073 2701 1359 2781; x_wconf 91' lang='lat' dir='ltr'><strong>quoniam</strong></span> <span class='ocrx_word' id='word_1_372' title='bbox 1393 2700 1550 2764; x_wconf 90' lang='lat' dir='ltr'><strong>bona</strong></span> <span class='ocrx_word' id='word_1_373' title='bbox 1579 2702 1775 2783; x_wconf 81' lang='lat' dir='ltr'><strong>valde,</strong></span> <span class='ocrx_word' id='word_1_374' title='bbox 1808 2701 2152 2764; x_wconf 89' lang='lat' dir='ltr'><strong>testimonio</strong></span> <span class='ocrx_word' id='word_1_375' title='bbox 2183 2700 2526 2781; x_wconf 72' lang='lat' dir='ltr'><strong>Scripturae,</strong></span> <span class='ocrx_word' id='word_1_376' title='bbox 2557 2707 2769 2762; x_wconf 89' lang='lat' dir='ltr'><strong>cuncta</strong></span> <span class='ocrx_word' id='word_1_377' title='bbox 2799 2701 3282 2782; x_wconf 88' lang='lat' dir='ltr'><strong>comprobantur.</strong></span> 
     </span>
    </p>
   </div>
   <div class='ocr_carea' id='block_1_47' title="bbox 411 2779 1995 2871">
    <p class='ocr_par' dir='ltr' id='par_1_47' title="bbox 411 2779 1995 2871">
     <span class='ocr_line' id='line_1_47' title="bbox 411 2779 1995 2871; baseline 0 -21"><span class='ocrx_word' id='word_1_378' title='bbox 411 2791 442 2871; x_wconf 83' lang='lat'>§</span> <span class='ocrx_word' id='word_1_379' title='bbox 491 2813 582 2865; x_wconf 77' lang='grc' dir='ltr'>ιν.</span> <span class='ocrx_word' id='word_1_380' title='bbox 649 2779 820 2849; x_wconf 69' lang='grc' dir='ltr'>’Ἐστι</span> <span class='ocrx_word' id='word_1_381' title='bbox 881 2798 1160 2870; x_wconf 78' lang='grc' dir='ltr'>τοιγαροῦν</span> <span class='ocrx_word' id='word_1_382' title='bbox 1223 2792 1282 2850; x_wconf 73' lang='grc' dir='ltr'><strong>ἐκ</strong></span> <span class='ocrx_word' id='word_1_383' title='bbox 1327 2790 1541 2851; x_wconf 75' lang='grc' dir='ltr'>πάντων</span> <span class='ocrx_word' id='word_1_384' title='bbox 1600 2793 1771 2851; x_wconf 69' lang='grc' dir='ltr'>αὐτῶν</span> <span class='ocrx_word' id='word_1_385' title='bbox 1827 2794 1995 2857; x_wconf 81' lang='grc' dir='ltr'>καλάς</span> 
     </span>
    </p>
   </div>
   <div class='ocr_carea' id='block_1_48' title="bbox 321 2881 1993 2961">
    <p class='ocr_par' dir='ltr' id='par_1_48' title="bbox 321 2881 1993 2961">
     <span class='ocr_line' id='line_1_48' title="bbox 321 2881 1993 2961; baseline 0.001 -24"><span class='ocrx_word' id='word_1_386' title='bbox 321 2883 555 2961; x_wconf 79' lang='grc' dir='ltr'>θεωρίας</span> <span class='ocrx_word' id='word_1_387' title='bbox 588 2881 679 2938; x_wconf 77' lang='grc' dir='ltr'>καὶ</span> <span class='ocrx_word' id='word_1_388' title='bbox 735 2881 1112 2959; x_wconf 80' lang='grc' dir='ltr'>προσηκούσας</span> <span class='ocrx_word' id='word_1_389' title='bbox 1153 2895 1274 2947; x_wconf 84' lang='grc' dir='ltr'>τοτς</span> <span class='ocrx_word' id='word_1_390' title='bbox 1321 2896 1543 2950; x_wconf 76' lang='grc' dir='ltr'>νοητοῖς</span> <span class='ocrx_word' id='word_1_391' title='bbox 1586 2882 1888 2958; x_wconf 70' lang='grc' dir='ltr'>ἂπινοῆσαι,</span> <span class='ocrx_word' id='word_1_392' title='bbox 1932 2883 1993 2944; x_wconf 81' lang='grc' dir='ltr'>ἃς</span> 
     </span>
    </p>
   </div>
   <div class='ocr_carea' id='block_1_49' title="bbox 321 2969 1996 3052">
    <p class='ocr_par' dir='ltr' id='par_1_49' title="bbox 321 2969 1996 3052">
     <span class='ocr_line' id='line_1_49' title="bbox 321 2969 1996 3052; baseline 0 -24"><span class='ocrx_word' id='word_1_393' title='bbox 321 2971 395 3039; x_wconf 78' lang='grc' dir='ltr'>δὴ</span> <span class='ocrx_word' id='word_1_394' title='bbox 428 2973 519 3027; x_wconf 81' lang='grc' dir='ltr'><strong>καὶ</strong></span> <span class='ocrx_word' id='word_1_395' title='bbox 571 2969 853 3045; x_wconf 84' lang='grc' dir='ltr'>ἀνομοίους</span> <span class='ocrx_word' id='word_1_396' title='bbox 911 2971 1236 3047; x_wconf 80' lang='grc' dir='ltr'>ὁμοιότητας</span> <span class='ocrx_word' id='word_1_397' title='bbox 1289 2985 1492 3052; x_wconf 72' lang='grc' dir='ltr'>φαῖμεν</span> <span class='ocrx_word' id='word_1_398' title='bbox 1548 2974 1632 3052; x_wconf 85' lang='grc' dir='ltr'><strong>ἃν,</strong></span> <span class='ocrx_word' id='word_1_399' title='bbox 1693 2970 1780 3030; x_wconf 80' lang='grc' dir='ltr'><strong>ὅτι</strong></span> <span class='ocrx_word' id='word_1_400' title='bbox 1833 2971 1996 3049; x_wconf 74' lang='grc' dir='ltr'>ἑτέρῳ</span> 
     </span>
    </p>
   </div>
   <div class='ocr_carea' id='block_1_50' title="bbox 316 3057 1985 3142">
    <p class='ocr_par' dir='ltr' id='par_1_50' title="bbox 316 3057 1985 3142">
     <span class='ocr_line' id='line_1_50' title="bbox 316 3057 1985 3142; baseline 0.001 -24"><span class='ocrx_word' id='word_1_401' title='bbox 316 3061 516 3134; x_wconf 73' lang='grc' dir='ltr'>τρόπῳ</span> <span class='ocrx_word' id='word_1_402' title='bbox 543 3061 611 3118; x_wconf 77' lang='grc' dir='ltr'>τὰ</span> <span class='ocrx_word' id='word_1_403' title='bbox 642 3060 811 3127; x_wconf 83' lang='grc' dir='ltr'>νοητά</span> <span class='ocrx_word' id='word_1_404' title='bbox 841 3057 1084 3142; x_wconf 78' lang='grc' dir='ltr'>ἔχουσιν,</span> <span class='ocrx_word' id='word_1_405' title='bbox 1133 3060 1166 3119; x_wconf 76' lang='grc' dir='ltr'>ἂ</span> <span class='ocrx_word' id='word_1_406' title='bbox 1226 3075 1346 3127; x_wconf 80' lang='grc' dir='ltr'>τοῖς</span> <span class='ocrx_word' id='word_1_407' title='bbox 1399 3065 1677 3132; x_wconf 78' lang='grc' dir='ltr'>αἰσθητοῖς</span> <span class='ocrx_word' id='word_1_408' title='bbox 1711 3063 1985 3142; x_wconf 80' lang='grc' dir='ltr'>ἑτεροτρό-</span> 
     </span>
    </p>
   </div>
   <div class='ocr_carea' id='block_1_51' title="bbox 319 3149 2051 3239">
    <p class='ocr_par' dir='ltr' id='par_1_51' title="bbox 319 3149 2051 3239">
     <span class='ocr_line' id='line_1_51' title="bbox 319 3149 2051 3239; baseline -0.001 -30"><span class='ocrx_word' id='word_1_409' title='bbox 319 3174 447 3216; x_wconf 86' lang='grc' dir='ltr'><strong>πως</strong></span> <span class='ocrx_word' id='word_1_410' title='bbox 504 3149 959 3239; x_wconf 70' lang='grc' dir='ltr'>ἀπονενεμηνται.</span> <span class='ocrx_word' id='word_1_411' title='bbox 1014 3152 1213 3209; x_wconf 79' lang='grc' dir='ltr'>Αύτίκα</span> <span class='ocrx_word' id='word_1_412' title='bbox 1274 3153 1374 3232; x_wconf 77' lang='grc' dir='ltr'><strong>γὰρ</strong></span> <span class='ocrx_word' id='word_1_413' title='bbox 1421 3156 1448 3210; x_wconf 83' lang='grc' dir='ltr'>ὁ</span> <span class='ocrx_word' id='word_1_414' title='bbox 1506 3154 1693 3228; x_wconf 82' lang='grc' dir='ltr'>θυμὸς,</span> <span class='ocrx_word' id='word_1_415' title='bbox 1744 3152 1829 3210; x_wconf 77' lang='grc' dir='ltr'><strong>ἰπὶ</strong></span> <span class='ocrx_word' id='word_1_416' title='bbox 1885 3154 1992 3212; x_wconf 80' lang='grc' dir='ltr'>τῶν</span> <span class='ocrx_word' id='word_1_417' title='bbox 2009 3187 2051 3239; x_wconf 73' lang='lat' dir='ltr'><strong><em>C</em></strong></span> 
     </span>
    </p>
   </div>
   <div class='ocr_carea' id='block_1_52' title="bbox 317 3238 1990 3322">
    <p class='ocr_par' dir='ltr' id='par_1_52' title="bbox 317 3238 1990 3322">
     <span class='ocr_line' id='line_1_52' title="bbox 317 3238 1990 3322; baseline 0.001 -23"><span class='ocrx_word' id='word_1_418' title='bbox 317 3242 482 3300; x_wconf 72' lang='grc' dir='ltr'>κάτω</span> <span class='ocrx_word' id='word_1_419' title='bbox 515 3240 638 3317; x_wconf 77' lang='grc' dir='ltr'>μὲν,</span> <span class='ocrx_word' id='word_1_420' title='bbox 673 3238 725 3306; x_wconf 73' lang='grc' dir='ltr'>ἐξ</span> <span class='ocrx_word' id='word_1_421' title='bbox 781 3239 1049 3306; x_wconf 76' lang='grc' dir='ltr'>ὶμπαθοῦς</span> <span class='ocrx_word' id='word_1_422' title='bbox 1107 3244 1282 3321; x_wconf 77' lang='grc' dir='ltr'>ὁρμῆς</span> <span class='ocrx_word' id='word_1_423' title='bbox 1342 3243 1630 3322; x_wconf 69' lang='grc' dir='ltr'>ἐγγίνεται,</span> <span class='ocrx_word' id='word_1_424' title='bbox 1663 3244 1752 3301; x_wconf 81' lang='grc' dir='ltr'>καὶ</span> <span class='ocrx_word' id='word_1_425' title='bbox 1809 3243 1990 3311; x_wconf 84' lang='grc' dir='ltr'>πάσης</span> 
     </span>
    </p>
   </div>
   <div class='ocr_carea' id='block_1_53' title="bbox 321 3332 1985 3413">
    <p class='ocr_par' dir='ltr' id='par_1_53' title="bbox 321 3332 1985 3413">
     <span class='ocr_line' id='line_1_53' title="bbox 321 3332 1985 3413; baseline 0.001 -22"><span class='ocrx_word' id='word_1_426' title='bbox 321 3334 554 3413; x_wconf 85' lang='grc' dir='ltr'>ἀλογίας</span> <span class='ocrx_word' id='word_1_427' title='bbox 586 3334 726 3391; x_wconf 78' lang='grc' dir='ltr'>ἐστὶν</span> <span class='ocrx_word' id='word_1_428' title='bbox 756 3332 1004 3408; x_wconf 68' lang='grc' dir='ltr'>ἔμπλεως</span> <span class='ocrx_word' id='word_1_429' title='bbox 1059 3338 1096 3407; x_wconf 81' lang='grc' dir='ltr'><strong>ἦ</strong></span> <span class='ocrx_word' id='word_1_430' title='bbox 1155 3336 1378 3406; x_wconf 81' lang='grc' dir='ltr'>τοιαύτη</span> <span class='ocrx_word' id='word_1_431' title='bbox 1417 3344 1509 3396; x_wconf 88' lang='grc' dir='ltr'><strong>τοῦ</strong></span> <span class='ocrx_word' id='word_1_432' title='bbox 1547 3341 1712 3413; x_wconf 84' lang='grc' dir='ltr'>θυμοῦ</span> <span class='ocrx_word' id='word_1_433' title='bbox 1756 3337 1985 3404; x_wconf 67' lang='grc' dir='ltr'>κίνησιςο</span> 
     </span>
    </p>
   </div>
   <div class='ocr_carea' id='block_1_54' title="bbox 317 3425 1983 3506">
    <p class='ocr_par' dir='ltr' id='par_1_54' title="bbox 317 3425 1983 3506">
     <span class='ocr_line' id='line_1_54' title="bbox 317 3425 1983 3506; baseline -0.001 -23"><span class='ocrx_word' id='word_1_434' title='bbox 317 3425 454 3483; x_wconf 83' lang='grc' dir='ltr'>ἀλλ’</span> <span class='ocrx_word' id='word_1_435' title='bbox 483 3426 570 3483; x_wconf 72' lang='grc' dir='ltr'>ἐπὶ</span> <span class='ocrx_word' id='word_1_436' title='bbox 601 3426 708 3481; x_wconf 78' lang='grc' dir='ltr'><strong>τῶν</strong></span> <span class='ocrx_word' id='word_1_437' title='bbox 739 3429 946 3492; x_wconf 83' lang='grc' dir='ltr'>νοητῶν</span> <span class='ocrx_word' id='word_1_438' title='bbox 1004 3425 1366 3504; x_wconf 80' lang='grc' dir='ltr'>ἑτεροτρόπως</span> <span class='ocrx_word' id='word_1_439' title='bbox 1408 3435 1632 3502; x_wconf 79' lang='grc' dir='ltr'>νοοῦμεν</span> <span class='ocrx_word' id='word_1_440' title='bbox 1662 3427 1753 3483; x_wconf 77' lang='grc' dir='ltr'>τὸν</span> <span class='ocrx_word' id='word_1_441' title='bbox 1796 3427 1983 3506; x_wconf 81' lang='grc' dir='ltr'>θυμὸν,</span> 
     </span>
    </p>
   </div>
   <div class='ocr_carea' id='block_1_55' title="bbox 2162 2789 3721 2872">
    <p class='ocr_par' dir='ltr' id='par_1_55' title="bbox 2162 2789 3721 2872">
     <span class='ocr_line' id='line_1_55' title="bbox 2162 2789 3721 2872; baseline -0.001 -19"><span class='ocrx_word' id='word_1_442' title='bbox 2162 2791 2527 2872; x_wconf 87' lang='lat' dir='ltr'><strong>§lV.Liceat</strong></span> <span class='ocrx_word' id='word_1_443' title='bbox 2554 2792 2750 2872; x_wconf 89' lang='lat' dir='ltr'><strong>itaque</strong></span> <span class='ocrx_word' id='word_1_444' title='bbox 2774 2810 2844 2854; x_wconf 83' lang='lat' dir='ltr'><strong>ex</strong></span> <span class='ocrx_word' id='word_1_445' title='bbox 2868 2791 3147 2853; x_wconf 90' lang='lat' dir='ltr'><strong>omnibus</strong></span> <span class='ocrx_word' id='word_1_446' title='bbox 3170 2790 3242 2854; x_wconf 89' lang='lat' dir='ltr'><strong>iis</strong></span> <span class='ocrx_word' id='word_1_447' title='bbox 3266 2789 3543 2872; x_wconf 85' lang='lat' dir='ltr'><strong>pulchras</strong></span> <span class='ocrx_word' id='word_1_448' title='bbox 3573 2807 3721 2853; x_wconf 83' lang='lat' dir='ltr'><strong>con-</strong></span> 
     </span>
    </p>
   </div>
   <div class='ocr_carea' id='block_1_56' title="bbox 2078 2881 3724 2963">
    <p class='ocr_par' dir='ltr' id='par_1_56' title="bbox 2078 2881 3724 2963">
     <span class='ocr_line' id='line_1_56' title="bbox 2078 2881 3724 2963; baseline -0.002 -18"><span class='ocrx_word' id='word_1_449' title='bbox 2078 2883 2517 2963; x_wconf 88' lang='lat' dir='ltr'><strong>templationes,</strong></span> <span class='ocrx_word' id='word_1_450' title='bbox 2553 2900 2622 2942; x_wconf 91' lang='lat' dir='ltr'><strong>ac</strong></span> <span class='ocrx_word' id='word_1_451' title='bbox 2669 2881 2850 2943; x_wconf 91' lang='lat' dir='ltr'><strong>rebus</strong></span> <span class='ocrx_word' id='word_1_452' title='bbox 2901 2881 3270 2962; x_wconf 85' lang='lat' dir='ltr'><strong>spiritalibus</strong></span> <span class='ocrx_word' id='word_1_453' title='bbox 3326 2888 3724 2960; x_wconf 79' lang='lat' dir='ltr'><strong>congruentes</strong></span> 
     </span>
    </p>
   </div>
   <div class='ocr_carea' id='block_1_57' title="bbox 2075 2971 3722 3054">
    <p class='ocr_par' dir='ltr' id='par_1_57' title="bbox 2075 2971 3722 3054">
     <span class='ocr_line' id='line_1_57' title="bbox 2075 2971 3722 3054; baseline -0.003 -18"><span class='ocrx_word' id='word_1_454' title='bbox 2075 2974 2320 3054; x_wconf 88' lang='lat' dir='ltr'><strong>elicere,</strong></span> <span class='ocrx_word' id='word_1_455' title='bbox 2355 2991 2502 3053; x_wconf 90' lang='lat' dir='ltr'><strong>quas</strong></span> <span class='ocrx_word' id='word_1_456' title='bbox 2525 2981 2583 3033; x_wconf 90' lang='lat' dir='ltr'><strong>et</strong></span> <span class='ocrx_word' id='word_1_457' title='bbox 2602 2971 2922 3034; x_wconf 90' lang='lat' dir='ltr'><strong>dissimiles</strong></span> <span class='ocrx_word' id='word_1_458' title='bbox 2945 2971 3376 3035; x_wconf 89' lang='lat' dir='ltr'><strong>similitudines</strong></span> <span class='ocrx_word' id='word_1_459' title='bbox 3409 2989 3722 3051; x_wconf 81' lang='lat' dir='ltr'><strong>possumus</strong></span> 
     </span>
    </p>
   </div>
   <div class='ocr_carea' id='block_1_58' title="bbox 2074 3060 3723 3146">
    <p class='ocr_par' dir='ltr' id='par_1_58' title="bbox 2074 3060 3723 3146">
     <span class='ocr_line' id='line_1_58' title="bbox 2074 3060 3723 3146; baseline -0.002 -22"><span class='ocrx_word' id='word_1_460' title='bbox 2074 3063 2406 3146; x_wconf 88' lang='lat' dir='ltr'><strong>appellare;</strong></span> <span class='ocrx_word' id='word_1_461' title='bbox 2438 3062 2719 3142; x_wconf 77' lang='lat' dir='ltr'><strong>quoniam</strong></span> <span class='ocrx_word' id='word_1_462' title='bbox 2745 3062 2985 3125; x_wconf 87' lang='lat' dir='ltr'><strong>diverso</strong></span> <span class='ocrx_word' id='word_1_463' title='bbox 3017 3061 3192 3125; x_wconf 92' lang='lat' dir='ltr'><strong>modo</strong></span> <span class='ocrx_word' id='word_1_464' title='bbox 3223 3061 3357 3123; x_wconf 87' lang='lat' dir='ltr'><strong>illas</strong></span> <span class='ocrx_word' id='word_1_465' title='bbox 3375 3060 3598 3122; x_wconf 86' lang='lat' dir='ltr'><strong>habent</strong></span> <span class='ocrx_word' id='word_1_466' title='bbox 3625 3079 3723 3123; x_wconf 89' lang='lat' dir='ltr'><strong>res</strong></span> 
     </span>
    </p>
   </div>
   <div class='ocr_carea' id='block_1_59' title="bbox 2075 3149 3728 3233">
    <p class='ocr_par' dir='ltr' id='par_1_59' title="bbox 2075 3149 3728 3233">
     <span class='ocr_line' id='line_1_59' title="bbox 2075 3149 3728 3233; baseline -0.001 -20"><span class='ocrx_word' id='word_1_467' title='bbox 2075 3151 2394 3233; x_wconf 88' lang='lat' dir='ltr'><strong>spiritales,</strong></span> <span class='ocrx_word' id='word_1_468' title='bbox 2424 3169 2556 3232; x_wconf 84' lang='lat' dir='ltr'><strong>quae</strong></span> <span class='ocrx_word' id='word_1_469' title='bbox 2586 3149 2700 3212; x_wconf 88' lang='lat' dir='ltr'><strong>alia</strong></span> <span class='ocrx_word' id='word_1_470' title='bbox 2726 3153 2957 3214; x_wconf 89' lang='lat' dir='ltr'><strong>ratione</strong></span> <span class='ocrx_word' id='word_1_471' title='bbox 2983 3150 3164 3214; x_wconf 88' lang='lat' dir='ltr'><strong>rebus</strong></span> <span class='ocrx_word' id='word_1_472' title='bbox 3195 3150 3523 3213; x_wconf 89' lang='lat' dir='ltr'><strong>sensilibus</strong></span> <span class='ocrx_word' id='word_1_473' title='bbox 3550 3156 3728 3213; x_wconf 89' lang='lat' dir='ltr'><strong>attri-</strong></span> 
     </span>
    </p>
   </div>
   <div class='ocr_carea' id='block_1_60' title="bbox 2076 3239 3730 3321">
    <p class='ocr_par' dir='ltr' id='par_1_60' title="bbox 2076 3239 3730 3321">
     <span class='ocr_line' id='line_1_60' title="bbox 2076 3239 3730 3321; baseline -0.001 -18"><span class='ocrx_word' id='word_1_474' title='bbox 2076 3241 2232 3304; x_wconf 83' lang='lat' dir='ltr'><strong>butae</strong></span> <span class='ocrx_word' id='word_1_475' title='bbox 2267 3241 2504 3306; x_wconf 89' lang='lat' dir='ltr'><strong>sunt.ln</strong></span> <span class='ocrx_word' id='word_1_476' title='bbox 2531 3243 2810 3321; x_wconf 71' lang='lat' dir='ltr'><strong>praesenti</strong></span> <span class='ocrx_word' id='word_1_477' title='bbox 2834 3249 3021 3317; x_wconf 91' lang='lat' dir='ltr'><strong>enim,</strong></span> <span class='ocrx_word' id='word_1_478' title='bbox 3060 3242 3370 3304; x_wconf 88' lang='lat' dir='ltr'><strong>iracundia</strong></span> <span class='ocrx_word' id='word_1_479' title='bbox 3394 3241 3454 3302; x_wconf 91' lang='lat' dir='ltr'><strong>in</strong></span> <span class='ocrx_word' id='word_1_480' title='bbox 3481 3239 3730 3303; x_wconf 86' lang='lat' dir='ltr'><strong>inferio-</strong></span> 
     </span>
    </p>
   </div>
   <div class='ocr_carea' id='block_1_61' title="bbox 2073 3331 3730 3412">
    <p class='ocr_par' dir='ltr' id='par_1_61' title="bbox 2073 3331 3730 3412">
     <span class='ocr_line' id='line_1_61' title="bbox 2073 3331 3730 3412; baseline -0.001 -19"><span class='ocrx_word' id='word_1_481' title='bbox 2073 3332 2240 3393; x_wconf 88' lang='lat' dir='ltr'><strong>ribus</strong></span> <span class='ocrx_word' id='word_1_482' title='bbox 2261 3332 2500 3412; x_wconf 91' lang='lat' dir='ltr'><strong>quidem</strong></span> <span class='ocrx_word' id='word_1_483' title='bbox 2517 3349 2586 3391; x_wconf 83' lang='lat' dir='ltr'><strong>ex</strong></span> <span class='ocrx_word' id='word_1_484' title='bbox 2604 3331 2680 3390; x_wconf 91' lang='lat' dir='ltr'><strong>im</strong></span> <span class='ocrx_word' id='word_1_485' title='bbox 2693 3339 2834 3410; x_wconf 89' lang='lat' dir='ltr'><strong>pelu</strong></span> <span class='ocrx_word' id='word_1_486' title='bbox 2852 3331 3162 3412; x_wconf 91' lang='lat' dir='ltr'><strong>passionis</strong></span> <span class='ocrx_word' id='word_1_487' title='bbox 3189 3331 3452 3404; x_wconf 87' lang='lat' dir='ltr'><strong>exsistit,</strong></span> <span class='ocrx_word' id='word_1_488' title='bbox 3487 3338 3546 3392; x_wconf 93' lang='lat' dir='ltr'><strong>et</strong></span> <span class='ocrx_word' id='word_1_489' title='bbox 3573 3335 3730 3392; x_wconf 55' lang='lat' dir='ltr'><strong>irrav</strong></span> 
     </span>
    </p>
   </div>
   <div class='ocr_carea' id='block_1_62' title="bbox 2073 3421 3726 3500">
    <p class='ocr_par' dir='ltr' id='par_1_62' title="bbox 2073 3421 3726 3500">
     <span class='ocr_line' id='line_1_62' title="bbox 2073 3421 3726 3500; baseline 0 -19"><span class='ocrx_word' id='word_1_490' title='bbox 2073 3423 2401 3483; x_wconf 88' lang='lat' dir='ltr'><strong>tionalitate</strong></span> <span class='ocrx_word' id='word_1_491' title='bbox 2421 3421 2632 3500; x_wconf 89' lang='lat' dir='ltr'><strong>plenus</strong></span> <span class='ocrx_word' id='word_1_492' title='bbox 2663 3429 2753 3482; x_wconf 92' lang='lat' dir='ltr'><strong>est</strong></span> <span class='ocrx_word' id='word_1_493' title='bbox 2792 3421 3090 3497; x_wconf 89' lang='lat' dir='ltr'><strong>ejusmodi</strong></span> <span class='ocrx_word' id='word_1_494' title='bbox 3122 3421 3452 3483; x_wconf 77' lang='lat' dir='ltr'><strong>iracundiae</strong></span> <span class='ocrx_word' id='word_1_495' title='bbox 3481 3428 3678 3483; x_wconf 89' lang='lat' dir='ltr'><strong>motus</strong></span> <span class='ocrx_word' id='word_1_496' title='bbox 3712 3437 3726 3481; x_wconf 90' lang='lat'>:</span> 
     </span>
    </p>
   </div>
   <div class='ocr_carea' id='block_1_63' title="bbox 317 3509 1991 3594">
    <p class='ocr_par' dir='ltr' id='par_1_63' title="bbox 317 3512 1984 3594">
     <span class='ocr_line' id='line_1_63' title="bbox 317 3512 1984 3594; baseline -0.001 -20"><span class='ocrx_word' id='word_1_497' title='bbox 317 3519 428 3585; x_wconf 76' lang='grc' dir='ltr'>τὴν</span> <span class='ocrx_word' id='word_1_498' title='bbox 504 3513 782 3572; x_wconf 77' lang='grc' dir='ltr'>ἀνένδοτον</span> <span class='ocrx_word' id='word_1_499' title='bbox 839 3512 1094 3592; x_wconf 82' lang='grc' dir='ltr'>λέγοντες</span> <span class='ocrx_word' id='word_1_500' title='bbox 1149 3513 1374 3594; x_wconf 85' lang='grc' dir='ltr'>’έλλογον</span> <span class='ocrx_word' id='word_1_501' title='bbox 1433 3516 1663 3591; x_wconf 86' lang='grc' dir='ltr'>κίνησιν,</span> <span class='ocrx_word' id='word_1_502' title='bbox 1737 3517 1826 3572; x_wconf 83' lang='grc' dir='ltr'>καὶ</span> <span class='ocrx_word' id='word_1_503' title='bbox 1885 3519 1984 3583; x_wconf 77' lang='grc' dir='ltr'>τὴν</span> 
     </span>
    </p>
   </div>
   <div class='ocr_carea' id='block_1_64' title="bbox 2083 3509 3727 3594">
    <p class='ocr_par' dir='ltr' id='par_1_64' title="bbox 2083 3509 3727 3590">
     <span class='ocr_line' id='line_1_64' title="bbox 2083 3509 3727 3590; baseline -0.001 -18"><span class='ocrx_word' id='word_1_504' title='bbox 2083 3529 2274 3574; x_wconf 83' lang='lat' dir='ltr'><strong>verum</strong></span> <span class='ocrx_word' id='word_1_505' title='bbox 2298 3512 2358 3571; x_wconf 91' lang='lat' dir='ltr'><strong>in</strong></span> <span class='ocrx_word' id='word_1_506' title='bbox 2385 3509 2566 3573; x_wconf 89' lang='lat' dir='ltr'><strong>rebus</strong></span> <span class='ocrx_word' id='word_1_507' title='bbox 2595 3509 2965 3590; x_wconf 87' lang='lat' dir='ltr'><strong>spiritalibus</strong></span> <span class='ocrx_word' id='word_1_508' title='bbox 3005 3511 3122 3572; x_wconf 89' lang='lat' dir='ltr'><strong>alio</strong></span> <span class='ocrx_word' id='word_1_509' title='bbox 3155 3511 3331 3573; x_wconf 91' lang='lat' dir='ltr'><strong>modo</strong></span> <span class='ocrx_word' id='word_1_510' title='bbox 3356 3509 3727 3572; x_wconf 82' lang='lat' dir='ltr'><strong>iracundiam</strong></span> 
     </span>
    </p>
   </div>
   <div class='ocr_carea' id='block_1_65' title="bbox 319 3599 1991 3687">
    <p class='ocr_par' dir='ltr' id='par_1_65' title="bbox 319 3603 1987 3687">
     <span class='ocr_line' id='line_1_65' title="bbox 319 3603 1987 3687; baseline -0.002 -23"><span class='ocrx_word' id='word_1_511' title='bbox 319 3607 652 3687; x_wconf 75' lang='grc' dir='ltr'>ἀχαύνωτον</span> <span class='ocrx_word' id='word_1_512' title='bbox 681 3604 786 3672; x_wconf 78' lang='grc' dir='ltr'>ἕξιν</span> <span class='ocrx_word' id='word_1_513' title='bbox 819 3606 906 3662; x_wconf 81' lang='grc' dir='ltr'><strong>καὶ</strong></span> <span class='ocrx_word' id='word_1_514' title='bbox 956 3603 1330 3681; x_wconf 78' lang='grc' dir='ltr'>ἀμετάϐλητον</span> <span class='ocrx_word' id='word_1_515' title='bbox 1377 3609 1433 3664; x_wconf 66' lang='grc' dir='ltr'>ἓν</span> <span class='ocrx_word' id='word_1_516' title='bbox 1465 3618 1588 3670; x_wconf 78' lang='grc' dir='ltr'>ταῖς</span> <span class='ocrx_word' id='word_1_517' title='bbox 1626 3608 1699 3670; x_wconf 83' lang='grc' dir='ltr'>εἷς</span> <span class='ocrx_word' id='word_1_518' title='bbox 1730 3607 1790 3662; x_wconf 81' lang='grc' dir='ltr'>τὸ</span> <span class='ocrx_word' id='word_1_519' title='bbox 1822 3604 1987 3663; x_wconf 83' lang='grc' dir='ltr'>καλὸν</span> 
     </span>
    </p>
   </div>
   <div class='ocr_carea' id='block_1_66' title="bbox 2083 3599 3730 3687">
    <p class='ocr_par' dir='ltr' id='par_1_66' title="bbox 2083 3599 3730 3682">
     <span class='ocr_line' id='line_1_66' title="bbox 2083 3599 3730 3682; baseline -0.002 -18"><span class='ocrx_word' id='word_1_520' title='bbox 2083 3600 2724 3680; x_wconf 72' lang='grc' dir='ltr'>ιεεὶρίιῐιυε,(1ἰοεηιοε,</span> <span class='ocrx_word' id='word_1_521' title='bbox 2749 3599 2910 3660; x_wconf 88' lang='lat' dir='ltr'><strong>illam</strong></span> <span class='ocrx_word' id='word_1_522' title='bbox 2943 3617 3215 3662; x_wconf 82' lang='lat' dir='ltr'><strong>severam</strong></span> <span class='ocrx_word' id='word_1_523' title='bbox 3241 3599 3558 3682; x_wconf 87' lang='lat' dir='ltr'><strong>quamdam</strong></span> <span class='ocrx_word' id='word_1_524' title='bbox 3593 3617 3730 3662; x_wconf 88' lang='lat' dir='ltr'><strong>esse</strong></span> 
     </span>
    </p>
   </div>
   <div class='ocr_carea' id='block_1_67' title="bbox 321 3688 1991 3782">
    <p class='ocr_par' dir='ltr' id='par_1_67' title="bbox 321 3699 1988 3782">
     <span class='ocr_line' id='line_1_67' title="bbox 321 3699 1988 3782; baseline -0.002 -23"><span class='ocrx_word' id='word_1_525' title='bbox 321 3701 619 3782; x_wconf 74' lang='grc' dir='ltr'>ἱδρύσεσιν.</span> <span class='ocrx_word' id='word_1_526' title='bbox 699 3699 951 3764; x_wconf 82' lang='grc' dir='ltr'>Ωσαύτως</span> <span class='ocrx_word' id='word_1_527' title='bbox 1008 3699 1128 3780; x_wconf 70' lang='grc' dir='ltr'>ἔχει</span> <span class='ocrx_word' id='word_1_528' title='bbox 1171 3702 1260 3758; x_wconf 77' lang='grc' dir='ltr'><strong>καὶ</strong></span> <span class='ocrx_word' id='word_1_529' title='bbox 1326 3703 1360 3770; x_wconf 75' lang='grc' dir='ltr'><strong>ἡ</strong></span> <span class='ocrx_word' id='word_1_530' title='bbox 1417 3699 1687 3775; x_wconf 75' lang='grc' dir='ltr'>ἐπιθυμία,</span> <span class='ocrx_word' id='word_1_531' title='bbox 1749 3700 1833 3757; x_wconf 80' lang='grc' dir='ltr'><strong>ἐπὶ</strong></span> <span class='ocrx_word' id='word_1_532' title='bbox 1890 3701 1988 3776; x_wconf 78' lang='grc' dir='ltr'>μὲν</span> 
     </span>
    </p>
   </div>
   <div class='ocr_carea' id='block_1_68' title="bbox 2083 3688 3727 3782">
    <p class='ocr_par' dir='ltr' id='par_1_68' title="bbox 2083 3688 3727 3768">
     <span class='ocr_line' id='line_1_68' title="bbox 2083 3688 3727 3768; baseline -0.002 -14"><span class='ocrx_word' id='word_1_533' title='bbox 2083 3691 2395 3754; x_wconf 90' lang='lat' dir='ltr'><strong>motionem</strong></span> <span class='ocrx_word' id='word_1_534' title='bbox 2428 3689 2884 3768; x_wconf 89' lang='lat' dir='ltr'><strong>rationalem,ac</strong></span> <span class='ocrx_word' id='word_1_535' title='bbox 2918 3691 3163 3752; x_wconf 78' lang='lat' dir='ltr'><strong>minime</strong></span> <span class='ocrx_word' id='word_1_536' title='bbox 3195 3689 3438 3752; x_wconf 91' lang='lat' dir='ltr'><strong>mollem</strong></span> <span class='ocrx_word' id='word_1_537' title='bbox 3463 3688 3687 3750; x_wconf 91' lang='lat' dir='ltr'><strong>mulabi</strong></span> <span class='ocrx_word' id='word_1_538' title='bbox 3709 3723 3727 3734; x_wconf 84' lang='lat'><strong>-</strong></span> 
     </span>
    </p>
   </div>
   <div class='ocr_carea' id='block_1_69' title="bbox 324 3777 1991 3868">
    <p class='ocr_par' dir='ltr' id='par_1_69' title="bbox 324 3777 1989 3868">
     <span class='ocr_line' id='line_1_69' title="bbox 324 3777 1989 3868; baseline -0.002 -18"><span class='ocrx_word' id='word_1_539' title='bbox 324 3777 452 3856; x_wconf 72' lang='grc' dir='ltr'>τοῖς</span> <span class='ocrx_word' id='word_1_540' title='bbox 507 3790 756 3868; x_wconf 81' lang='grc' dir='ltr'>ἀλόγοις,</span> <span class='ocrx_word' id='word_1_541' title='bbox 816 3777 1208 3864; x_wconf 68' lang='grc' dir='ltr'>ἀπερίσκεπτὸν</span> <span class='ocrx_word' id='word_1_542' title='bbox 1248 3813 1367 3848; x_wconf 89' lang='grc' dir='ltr'>τινα</span> <span class='ocrx_word' id='word_1_543' title='bbox 1418 3791 1737 3865; x_wconf 71' lang='grc' dir='ltr'>ὶμπάθειαν,</span> <span class='ocrx_word' id='word_1_544' title='bbox 1791 3789 1843 3855; x_wconf 69' lang='grc' dir='ltr'>ἐξ</span> <span class='ocrx_word' id='word_1_545' title='bbox 1886 3796 1989 3866; x_wconf 71' lang='grc' dir='ltr'>εμ-</span> 
     </span>
    </p>
   </div>
   <div class='ocr_carea' id='block_1_70' title="bbox 2083 3777 3732 3868">
    <p class='ocr_par' dir='ltr' id='par_1_70' title="bbox 2083 3777 3732 3868">
     <span class='ocr_line' id='line_1_70' title="bbox 2083 3777 3732 3868; baseline -0.002 -25"><span class='ocrx_word' id='word_1_546' title='bbox 2083 3783 2264 3843; x_wconf 86' lang='lat' dir='ltr'><strong>lemve</strong></span> <span class='ocrx_word' id='word_1_547' title='bbox 2296 3779 2562 3842; x_wconf 88' lang='lat' dir='ltr'><strong>habitum</strong></span> <span class='ocrx_word' id='word_1_548' title='bbox 2597 3777 2657 3840; x_wconf 90' lang='lat' dir='ltr'><strong>in</strong></span> <span class='ocrx_word' id='word_1_549' title='bbox 2701 3777 2853 3868; x_wconf 88' lang='lat' dir='ltr'><strong>boni</strong></span> <span class='ocrx_word' id='word_1_550' title='bbox 2875 3778 3732 3868; x_wconf 85' lang='lat' dir='ltr'><strong>constitutionibus.Similitcr</strong></span> 
     </span>
    </p>
   </div>
   <div class='ocr_carea' id='block_1_71' title="bbox 329 3867 1991 3962">
    <p class='ocr_par' dir='ltr' id='par_1_71' title="bbox 329 3867 1989 3962">
     <span class='ocr_line' id='line_1_71' title="bbox 329 3867 1989 3962; baseline -0.001 -23"><span class='ocrx_word' id='word_1_551' title='bbox 329 3886 505 3962; x_wconf 84' lang='grc' dir='ltr'>φότου</span> <span class='ocrx_word' id='word_1_552' title='bbox 534 3867 802 3950; x_wconf 64' lang='grc' dir='ltr'>κινήσεως</span> <span class='ocrx_word' id='word_1_553' title='bbox 833 3877 1116 3944; x_wconf 83' lang='grc' dir='ltr'>πολλάκις⁶</span> <span class='ocrx_word' id='word_1_554' title='bbox 1165 3879 1256 3938; x_wconf 79' lang='grc' dir='ltr'>ὅτε</span> <span class='ocrx_word' id='word_1_555' title='bbox 1314 3877 1523 3948; x_wconf 83' lang='grc' dir='ltr'>δηλαδη</span> <span class='ocrx_word' id='word_1_556' title='bbox 1577 3879 1682 3936; x_wconf 69' lang='grc' dir='ltr'>ἀπὸ</span> <span class='ocrx_word' id='word_1_557' title='bbox 1727 3901 1989 3956; x_wconf 82' lang='grc' dir='ltr'>συμπτω-</span> 
     </span>
    </p>
   </div>
   <div class='ocr_carea' id='block_1_72' title="bbox 2083 3867 3727 3962">
    <p class='ocr_par' dir='ltr' id='par_1_72' title="bbox 2083 3867 3727 3950">
     <span class='ocr_line' id='line_1_72' title="bbox 2083 3867 3727 3950; baseline -0.003 -16"><span class='ocrx_word' id='word_1_558' title='bbox 2083 3869 2589 3948; x_wconf 89' lang='lat' dir='ltr'><strong>concupiscentia.</strong></span> <span class='ocrx_word' id='word_1_559' title='bbox 2623 3867 3148 3930; x_wconf 90' lang='lat' dir='ltr'><strong>inirrationalibus</strong></span> <span class='ocrx_word' id='word_1_560' title='bbox 3179 3867 3418 3950; x_wconf 89' lang='lat' dir='ltr'><strong>quidem</strong></span> <span class='ocrx_word' id='word_1_561' title='bbox 3453 3869 3727 3931; x_wconf 78' lang='lat' dir='ltr'><strong>inconsi-</strong></span> 
     </span>
    </p>
   </div>
   <div class='ocr_carea' id='block_1_73' title="bbox 332 3959 1991 4050">
    <p class='ocr_par' dir='ltr' id='par_1_73' title="bbox 332 3970 1991 4050">
     <span class='ocr_line' id='line_1_73' title="bbox 332 3970 1991 4050; baseline -0.002 -22"><span class='ocrx_word' id='word_1_562' title='bbox 332 3974 528 4049; x_wconf 72' lang='grc' dir='ltr'>μάτων</span> <span class='ocrx_word' id='word_1_563' title='bbox 580 3975 813 4049; x_wconf 79' lang='grc' dir='ltr'>φυσικῶν</span> <span class='ocrx_word' id='word_1_564' title='bbox 870 3970 970 4038; x_wconf 79' lang='grc' dir='ltr'>τὴν</span> <span class='ocrx_word' id='word_1_565' title='bbox 1035 3972 1244 4037; x_wconf 77' lang='grc' dir='ltr'>κίνησιν</span> <span class='ocrx_word' id='word_1_566' title='bbox 1326 3971 1551 4050; x_wconf 79' lang='grc' dir='ltr'>ἔχομεν,</span> <span class='ocrx_word' id='word_1_567' title='bbox 1610 3971 1646 4035; x_wconf 73' lang='grc' dir='ltr'>ἣ</span> <span class='ocrx_word' id='word_1_568' title='bbox 1718 3972 1991 4037; x_wconf 80' lang='grc' dir='ltr'>συνηθείας</span> 
     </span>
    </p>
   </div>
   <div class='ocr_carea' id='block_1_74' title="bbox 2083 3959 3724 4050">
    <p class='ocr_par' dir='ltr' id='par_1_74' title="bbox 2083 3959 3724 4050">
     <span class='ocr_line' id='line_1_74' title="bbox 2083 3959 3724 4050; baseline -0.002 -27"><span class='ocrx_word' id='word_1_569' title='bbox 2083 3962 2346 4024; x_wconf 89' lang='lat' dir='ltr'><strong>deratam</strong></span> <span class='ocrx_word' id='word_1_570' title='bbox 2379 3960 2696 4040; x_wconf 85' lang='lat' dir='ltr'><strong>quamdam</strong></span> <span class='ocrx_word' id='word_1_571' title='bbox 2732 3961 3069 4037; x_wconf 85' lang='lat' dir='ltr'><strong>passionem</strong></span> <span class='ocrx_word' id='word_1_572' title='bbox 3100 3960 3572 4023; x_wconf 78' lang='lat' dir='ltr'><strong>habetexinsito</strong></span> <span class='ocrx_word' id='word_1_573' title='bbox 3593 3959 3724 4050; x_wconf 91' lang='lat' dir='ltr'><strong>ple-</strong></span> 
     </span>
    </p>
   </div>
   <div class='ocr_carea' id='block_1_75' title="bbox 331 4049 1991 4136">
    <p class='ocr_par' dir='ltr' id='par_1_75' title="bbox 331 4059 1991 4136">
     <span class='ocr_line' id='line_1_75' title="bbox 331 4059 1991 4136; baseline -0.004 -16"><span class='ocrx_word' id='word_1_574' title='bbox 331 4060 626 4125; x_wconf 56' lang='grc' dir='ltr'>πολλάκις</span> <span class='ocrx_word' id='word_1_575' title='bbox 663 4060 750 4116; x_wconf 80' lang='grc' dir='ltr'>ὅτε</span> <span class='ocrx_word' id='word_1_576' title='bbox 794 4059 1040 4127; x_wconf 81' lang='grc' dir='ltr'>δηλονότι</span> <span class='ocrx_word' id='word_1_577' title='bbox 1101 4061 1209 4118; x_wconf 87' lang='grc' dir='ltr'><strong>ἀπό</strong></span> <span class='ocrx_word' id='word_1_578' title='bbox 1240 4084 1400 4118; x_wconf 91' lang='grc' dir='ltr'>τινων</span> <span class='ocrx_word' id='word_1_579' title='bbox 1433 4061 1662 4136; x_wconf 80' lang='grc' dir='ltr'>ἐθισμῶν</span> <span class='ocrx_word' id='word_1_580' title='bbox 1715 4061 1853 4117; x_wconf 82' lang='grc' dir='ltr'><strong>κατά</strong></span> <span class='ocrx_word' id='word_1_581' title='bbox 1895 4059 1991 4129; x_wconf 62' lang='grc' dir='ltr'><strong>τήν</strong></span> 
     </span>
    </p>
   </div>
   <div class='ocr_carea' id='block_1_76' title="bbox 2083 4049 3726 4136">
    <p class='ocr_par' dir='ltr' id='par_1_76' title="bbox 2083 4049 3726 4133">
     <span class='ocr_line' id='line_1_76' title="bbox 2083 4049 3726 4133; baseline -0.002 -19"><span class='ocrx_word' id='word_1_582' title='bbox 2083 4069 2333 4133; x_wconf 89' lang='lat' dir='ltr'><strong>rumque</strong></span> <span class='ocrx_word' id='word_1_583' title='bbox 2351 4059 2510 4111; x_wconf 91' lang='lat' dir='ltr'><strong>motu</strong></span> <span class='ocrx_word' id='word_1_584' title='bbox 2539 4098 2554 4130; x_wconf 96' lang='lat'><strong>,</strong></span> <span class='ocrx_word' id='word_1_585' title='bbox 2578 4050 2813 4130; x_wconf 87' lang='lat' dir='ltr'><strong>quando</strong></span> <span class='ocrx_word' id='word_1_586' title='bbox 2831 4050 3114 4111; x_wconf 88' lang='lat' dir='ltr'><strong>nimirum</strong></span> <span class='ocrx_word' id='word_1_587' title='bbox 3135 4069 3204 4111; x_wconf 83' lang='lat' dir='ltr'><strong>ex</strong></span> <span class='ocrx_word' id='word_1_588' title='bbox 3235 4049 3726 4112; x_wconf 87' lang='lat' dir='ltr'><strong>convulsionibus</strong></span> 
     </span>
    </p>
   </div>
   <div class='ocr_carea' id='block_1_77' title="bbox 335 4139 1991 4229">
    <p class='ocr_par' dir='ltr' id='par_1_77' title="bbox 335 4149 1991 4229">
     <span class='ocr_line' id='line_1_77' title="bbox 335 4149 1991 4229; baseline -0.002 -19"><span class='ocrx_word' id='word_1_589' title='bbox 335 4165 460 4215; x_wconf 86' lang='grc' dir='ltr'>τοϊς</span> <span class='ocrx_word' id='word_1_590' title='bbox 497 4149 822 4214; x_wconf 79' lang='grc' dir='ltr'>ἀλλοιωτοϊς</span> <span class='ocrx_word' id='word_1_591' title='bbox 853 4149 1204 4229; x_wconf 82' lang='grc' dir='ltr'>ἐγγινομένην</span> <span class='ocrx_word' id='word_1_592' title='bbox 1253 4150 1449 4228; x_wconf 81' lang='grc' dir='ltr'>ἄλογον</span> <span class='ocrx_word' id='word_1_593' title='bbox 1487 4151 1862 4228; x_wconf 74' lang='grc' dir='ltr'>ἒπικράτειαν,</span> <span class='ocrx_word' id='word_1_594' title='bbox 1896 4156 1991 4218; x_wconf 77' lang='grc' dir='ltr'>τῆς</span> 
     </span>
    </p>
   </div>
   <div class='ocr_carea' id='block_1_78' title="bbox 2083 4139 3730 4229">
    <p class='ocr_par' dir='ltr' id='par_1_78' title="bbox 2083 4139 3730 4212">
     <span class='ocr_line' id='line_1_78' title="bbox 2083 4139 3730 4212; baseline -0.004 -7"><span class='ocrx_word' id='word_1_595' title='bbox 2083 4140 2450 4205; x_wconf 76' lang='lat' dir='ltr'><strong>naturalibus</strong></span> <span class='ocrx_word' id='word_1_596' title='bbox 2475 4158 2806 4212; x_wconf 86' lang='lat' dir='ltr'><strong>movemur;</strong></span> <span class='ocrx_word' id='word_1_597' title='bbox 2840 4139 2928 4200; x_wconf 91' lang='lat' dir='ltr'><strong>vel</strong></span> <span class='ocrx_word' id='word_1_598' title='bbox 2960 4159 3079 4200; x_wconf 91' lang='lat' dir='ltr'><strong>non</strong></span> <span class='ocrx_word' id='word_1_599' title='bbox 3107 4158 3244 4202; x_wconf 89' lang='lat' dir='ltr'><strong>raro</strong></span> <span class='ocrx_word' id='word_1_600' title='bbox 3277 4141 3455 4202; x_wconf 88' lang='lat' dir='ltr'><strong>etiam</strong></span> <span class='ocrx_word' id='word_1_601' title='bbox 3478 4159 3546 4202; x_wconf 83' lang='lat' dir='ltr'><strong>ex</strong></span> <span class='ocrx_word' id='word_1_602' title='bbox 3573 4159 3730 4201; x_wconf 88' lang='lat' dir='ltr'><strong>con-</strong></span> 
     </span>
    </p>
   </div>
   <div class='ocr_carea' id='block_1_79' title="bbox 323 4228 1991 4317">
    <p class='ocr_par' dir='ltr' id='par_1_79' title="bbox 323 4238 1985 4317">
     <span class='ocr_line' id='line_1_79' title="bbox 323 4238 1985 4317; baseline -0.002 -18"><span class='ocrx_word' id='word_1_603' title='bbox 323 4244 654 4317; x_wconf 81' lang='grc' dir='ltr'>σωματικῆς</span> <span class='ocrx_word' id='word_1_604' title='bbox 687 4239 909 4317; x_wconf 78' lang='grc' dir='ltr'>ὀρέξεως</span> <span class='ocrx_word' id='word_1_605' title='bbox 955 4239 1198 4308; x_wconf 83' lang='grc' dir='ltr'>ὠθούσης</span> <span class='ocrx_word' id='word_1_606' title='bbox 1229 4241 1290 4296; x_wconf 80' lang='grc' dir='ltr'>τὸ</span> <span class='ocrx_word' id='word_1_607' title='bbox 1346 4243 1480 4311; x_wconf 81' lang='grc' dir='ltr'>ζῶον</span> <span class='ocrx_word' id='word_1_608' title='bbox 1511 4238 1599 4295; x_wconf 79' lang='grc' dir='ltr'><strong>ἐπὶ</strong></span> <span class='ocrx_word' id='word_1_609' title='bbox 1633 4242 1692 4296; x_wconf 78' lang='grc' dir='ltr'>τὸ</span> <span class='ocrx_word' id='word_1_610' title='bbox 1725 4239 1985 4296; x_wconf 74' lang='grc' dir='ltr'>κατάἴσ-</span> 
     </span>
    </p>
   </div>
   <div class='ocr_carea' id='block_1_80' title="bbox 2083 4228 3724 4317">
    <p class='ocr_par' dir='ltr' id='par_1_80' title="bbox 2083 4228 3724 4294">
     <span class='ocr_line' id='line_1_80' title="bbox 2083 4228 3724 4294; baseline -0.004 0"><span class='ocrx_word' id='word_1_611' title='bbox 2083 4230 2387 4294; x_wconf 81' lang='lat' dir='ltr'><strong>suetudine</strong></span> <span class='ocrx_word' id='word_1_612' title='bbox 2423 4250 2436 4291; x_wconf 87' lang='lat'><strong><em>:</em></strong></span> <span class='ocrx_word' id='word_1_613' title='bbox 2470 4246 2604 4289; x_wconf 91' lang='lat' dir='ltr'><strong>cum</strong></span> <span class='ocrx_word' id='word_1_614' title='bbox 2650 4228 2925 4291; x_wconf 88' lang='lat' dir='ltr'><strong>videlicet</strong></span> <span class='ocrx_word' id='word_1_615' title='bbox 2965 4246 3038 4290; x_wconf 73' lang='lat' dir='ltr'><strong>ex</strong></span> <span class='ocrx_word' id='word_1_616' title='bbox 3071 4229 3324 4290; x_wconf 88' lang='lat' dir='ltr'><strong>assuetis</strong></span> <span class='ocrx_word' id='word_1_617' title='bbox 3387 4228 3724 4290; x_wconf 88' lang='lat' dir='ltr'><strong>irrationali</strong></span> 
     </span>
    </p>
   </div>
   <div class='ocr_carea' id='block_1_81' title="bbox 319 4316 1991 4410">
    <p class='ocr_par' dir='ltr' id='par_1_81' title="bbox 319 4320 1985 4410">
     <span class='ocr_line' id='line_1_81' title="bbox 319 4320 1985 4410; baseline -0.004 -21"><span class='ocrx_word' id='word_1_618' title='bbox 319 4336 508 4410; x_wconf 82' lang='grc' dir='ltr'>θησιν,</span> <span class='ocrx_word' id='word_1_619' title='bbox 545 4330 635 4385; x_wconf 82' lang='grc' dir='ltr'><strong>καὶ</strong></span> <span class='ocrx_word' id='word_1_620' title='bbox 658 4327 801 4386; x_wconf 70' lang='grc' dir='ltr'>οὕτω</span> <span class='ocrx_word' id='word_1_621' title='bbox 832 4329 970 4385; x_wconf 85' lang='grc' dir='ltr'><strong>κατά</strong></span> <span class='ocrx_word' id='word_1_622' title='bbox 1007 4332 1190 4396; x_wconf 83' lang='grc' dir='ltr'>νόησιν</span> <span class='ocrx_word' id='word_1_623' title='bbox 1217 4329 1574 4406; x_wconf 83' lang='grc' dir='ltr'>ἐπιθυμητόν.</span> <span class='ocrx_word' id='word_1_624' title='bbox 1631 4320 1769 4387; x_wconf 57' lang='grc' dir='ltr'><strong>ιὈτε</strong></span> <span class='ocrx_word' id='word_1_625' title='bbox 1799 4327 1852 4385; x_wconf 80' lang='grc' dir='ltr'><strong>δὲ</strong></span> <span class='ocrx_word' id='word_1_626' title='bbox 1890 4330 1985 4398; x_wconf 74' lang='grc' dir='ltr'><strong>τὴν</strong></span> 
     </span>
    </p>
   </div>
   <div class='ocr_carea' id='block_1_82' title="bbox 2083 4316 3730 4410">
    <p class='ocr_par' dir='ltr' id='par_1_82' title="bbox 2083 4316 3730 4404">
     <span class='ocr_line' id='line_1_82' title="bbox 2083 4316 3730 4404; baseline -0.005 -21"><span class='ocrx_word' id='word_1_627' title='bbox 2083 4323 2351 4404; x_wconf 63' lang='lat' dir='ltr'><strong>potentia:</strong></span> <span class='ocrx_word' id='word_1_628' title='bbox 2381 4317 2560 4379; x_wconf 76' lang='lat' dir='ltr'><strong>rebus</strong></span> <span class='ocrx_word' id='word_1_629' title='bbox 2584 4316 2968 4378; x_wconf 83' lang='lat' dir='ltr'><strong>mutabilibus</strong></span> <span class='ocrx_word' id='word_1_630' title='bbox 3005 4318 3222 4394; x_wconf 88' lang='lat' dir='ltr'><strong>insitis,</strong></span> <span class='ocrx_word' id='word_1_631' title='bbox 3260 4318 3590 4399; x_wconf 88' lang='lat' dir='ltr'><strong>corporalis</strong></span> <span class='ocrx_word' id='word_1_632' title='bbox 3625 4337 3730 4399; x_wconf 80' lang='lat' dir='ltr'><strong>ap-</strong></span> 
     </span>
    </p>
   </div>
   <div class='ocr_carea' id='block_1_83' title="bbox 317 4407 1991 4499">
    <p class='ocr_par' dir='ltr' id='par_1_83' title="bbox 317 4407 1986 4499">
     <span class='ocr_line' id='line_1_83' title="bbox 317 4407 1986 4499; baseline -0.004 -20"><span class='ocrx_word' id='word_1_633' title='bbox 317 4407 609 4494; x_wconf 72' lang='grc' dir='ltr'>ὶπιθυμίαν</span> <span class='ocrx_word' id='word_1_634' title='bbox 637 4433 758 4483; x_wconf 80' lang='grc' dir='ltr'>τοῖς</span> <span class='ocrx_word' id='word_1_635' title='bbox 781 4432 1004 4486; x_wconf 68' lang='grc' dir='ltr'>νοητοῖς</span> <span class='ocrx_word' id='word_1_636' title='bbox 1036 4420 1390 4499; x_wconf 78' lang='grc' dir='ltr'>ἐπιθήσομεν,</span> <span class='ocrx_word' id='word_1_637' title='bbox 1447 4419 1617 4498; x_wconf 82' lang='grc' dir='ltr'>ἔρωτα</span> <span class='ocrx_word' id='word_1_638' title='bbox 1647 4423 1791 4476; x_wconf 80' lang='grc' dir='ltr'>θετον</span> <span class='ocrx_word' id='word_1_639' title='bbox 1824 4421 1986 4487; x_wconf 71' lang='grc' dir='ltr'>αὐτὴν</span> 
     </span>
    </p>
   </div>
   <div class='ocr_carea' id='block_1_84' title="bbox 2083 4407 3734 4499">
    <p class='ocr_par' dir='ltr' id='par_1_84' title="bbox 2083 4407 3734 4499">
     <span class='ocr_line' id='line_1_84' title="bbox 2083 4407 3734 4499; baseline -0.002 -26"><span class='ocrx_word' id='word_1_640' title='bbox 2083 4413 2289 4493; x_wconf 88' lang='lat' dir='ltr'><strong>petitus</strong></span> <span class='ocrx_word' id='word_1_641' title='bbox 2319 4407 2540 4470; x_wconf 82' lang='lat' dir='ltr'><strong>animal</strong></span> <span class='ocrx_word' id='word_1_642' title='bbox 2575 4407 2826 4499; x_wconf 86' lang='lat' dir='ltr'><strong>impellit</strong></span> <span class='ocrx_word' id='word_1_643' title='bbox 2858 4407 2928 4468; x_wconf 87' lang='lat' dir='ltr'><strong>ad</strong></span> <span class='ocrx_word' id='word_1_644' title='bbox 2963 4408 3191 4499; x_wconf 88' lang='lat' dir='ltr'><strong>aliquid</strong></span> <span class='ocrx_word' id='word_1_645' title='bbox 3223 4408 3734 4499; x_wconf 79' lang='lat' dir='ltr'><strong>sensibile,atque</strong></span> 
     </span>
    </p>
   </div>
   <div class='ocr_carea' id='block_1_85' title="bbox 315 4497 1991 4589">
    <p class='ocr_par' dir='ltr' id='par_1_85' title="bbox 315 4497 1987 4589">
     <span class='ocr_line' id='line_1_85' title="bbox 315 4497 1987 4589; baseline -0.002 -22"><span class='ocrx_word' id='word_1_646' title='bbox 315 4510 534 4570; x_wconf 70' lang='grc' dir='ltr'>ἰννοεῖν</span> <span class='ocrx_word' id='word_1_647' title='bbox 596 4509 709 4589; x_wconf 77' lang='grc' dir='ltr'><strong>χρὴ</strong></span> <span class='ocrx_word' id='word_1_648' title='bbox 753 4510 852 4574; x_wconf 75' lang='grc' dir='ltr'>τῆς</span> <span class='ocrx_word' id='word_1_649' title='bbox 883 4509 1015 4589; x_wconf 75' lang='grc' dir='ltr'>ὑπὲρ</span> <span class='ocrx_word' id='word_1_650' title='bbox 1046 4507 1206 4588; x_wconf 84' lang='grc' dir='ltr'>λόγον</span> <span class='ocrx_word' id='word_1_651' title='bbox 1262 4512 1349 4566; x_wconf 76' lang='grc' dir='ltr'><strong>καὶ</strong></span> <span class='ocrx_word' id='word_1_652' title='bbox 1377 4497 1501 4566; x_wconf 80' lang='grc' dir='ltr'>νοῦν</span> <span class='ocrx_word' id='word_1_653' title='bbox 1534 4508 1740 4584; x_wconf 81' lang='grc' dir='ltr'>ἀϋλίας,</span> <span class='ocrx_word' id='word_1_654' title='bbox 1774 4509 1861 4564; x_wconf 78' lang='grc' dir='ltr'><strong>καὶ</strong></span> <span class='ocrx_word' id='word_1_655' title='bbox 1892 4512 1987 4576; x_wconf 76' lang='grc' dir='ltr'>τὴν</span> 
     </span>
    </p>
   </div>
   <div class='ocr_carea' id='block_1_86' title="bbox 2083 4497 3727 4589">
    <p class='ocr_par' dir='ltr' id='par_1_86' title="bbox 2083 4497 3727 4589">
     <span class='ocr_line' id='line_1_86' title="bbox 2083 4497 3727 4589; baseline -0.004 -25"><span class='ocrx_word' id='word_1_656' title='bbox 2083 4503 2220 4564; x_wconf 75' lang='lat' dir='ltr'><strong>adeo</strong></span> <span class='ocrx_word' id='word_1_657' title='bbox 2253 4505 2426 4561; x_wconf 82' lang='lat' dir='ltr'><strong>etiam</strong></span> <span class='ocrx_word' id='word_1_658' title='bbox 2483 4498 2814 4560; x_wconf 78' lang='lat' dir='ltr'><strong>secundum</strong></span> <span class='ocrx_word' id='word_1_659' title='bbox 2863 4498 3321 4577; x_wconf 75' lang='lat' dir='ltr'><strong>intelligentiam</strong></span> <span class='ocrx_word' id='word_1_660' title='bbox 3382 4497 3727 4589; x_wconf 83' lang='lat' dir='ltr'><strong>appetibile.</strong></span> 
     </span>
    </p>
   </div>
   <div class='ocr_carea' id='block_1_87' title="bbox 316 4588 1991 4680">
    <p class='ocr_par' dir='ltr' id='par_1_87' title="bbox 316 4588 1988 4680">
     <span class='ocr_line' id='line_1_87' title="bbox 316 4588 1988 4680; baseline -0.004 -19"><span class='ocrx_word' id='word_1_661' title='bbox 316 4599 603 4660; x_wconf 78' lang='grc' dir='ltr'>ἀνένδοτον</span> <span class='ocrx_word' id='word_1_662' title='bbox 629 4588 827 4680; x_wconf 12' lang='grc' dir='ltr'>νέφεσιν</span> <span class='ocrx_word' id='word_1_663' title='bbox 872 4588 995 4664; x_wconf 87' lang='grc' dir='ltr'><strong>τας</strong></span> <span class='ocrx_word' id='word_1_664' title='bbox 1022 4600 1256 4662; x_wconf 80' lang='grc' dir='ltr'>ἀπαθοῦς</span> <span class='ocrx_word' id='word_1_665' title='bbox 1308 4600 1555 4679; x_wconf 84' lang='grc' dir='ltr'>θεωρίας,</span> <span class='ocrx_word' id='word_1_666' title='bbox 1606 4602 1696 4655; x_wconf 82' lang='grc' dir='ltr'>καὶ</span> <span class='ocrx_word' id='word_1_667' title='bbox 1725 4602 1821 4666; x_wconf 77' lang='grc' dir='ltr'>τῆς</span> <span class='ocrx_word' id='word_1_668' title='bbox 1852 4601 1988 4655; x_wconf 80' lang='grc' dir='ltr'>αἰω-</span> 
     </span>
    </p>
   </div>
   <div class='ocr_carea' id='block_1_88' title="bbox 2083 4588 3732 4680">
    <p class='ocr_par' dir='ltr' id='par_1_88' title="bbox 2083 4588 3732 4668">
     <span class='ocr_line' id='line_1_88' title="bbox 2083 4588 3732 4668; baseline -0.002 -15"><span class='ocrx_word' id='word_1_669' title='bbox 2083 4591 2325 4665; x_wconf 86' lang='lat' dir='ltr'><strong>Quando</strong></span> <span class='ocrx_word' id='word_1_670' title='bbox 2359 4598 2556 4651; x_wconf 89' lang='lat' dir='ltr'><strong>autem</strong></span> <span class='ocrx_word' id='word_1_671' title='bbox 2592 4590 3136 4668; x_wconf 83' lang='lat' dir='ltr'><strong>concupiscentiam</strong></span> <span class='ocrx_word' id='word_1_672' title='bbox 3157 4589 3338 4650; x_wconf 86' lang='lat' dir='ltr'><strong>rebus</strong></span> <span class='ocrx_word' id='word_1_673' title='bbox 3367 4588 3732 4668; x_wconf 82' lang='lat' dir='ltr'><strong>spiritalibus</strong></span> 
     </span>
    </p>
   </div>
   <div class='ocr_carea' id='block_1_89' title="bbox 321 4677 1991 4766">
    <p class='ocr_par' dir='ltr' id='par_1_89' title="bbox 321 4687 1991 4766">
     <span class='ocr_line' id='line_1_89' title="bbox 321 4687 1991 4766; baseline -0.003 -19"><span class='ocrx_word' id='word_1_674' title='bbox 321 4694 438 4752; x_wconf 88' lang='grc' dir='ltr'>νίας</span> <span class='ocrx_word' id='word_1_675' title='bbox 469 4691 641 4753; x_wconf 77' lang='grc' dir='ltr'>ὅντως</span> <span class='ocrx_word' id='word_1_676' title='bbox 677 4691 767 4746; x_wconf 79' lang='grc' dir='ltr'>καὶ</span> <span class='ocrx_word' id='word_1_677' title='bbox 831 4689 1032 4756; x_wconf 73' lang='grc' dir='ltr'>νοητῆς</span> <span class='ocrx_word' id='word_1_678' title='bbox 1109 4692 1391 4752; x_wconf 83' lang='grc' dir='ltr'>κοινωνίας</span> <span class='ocrx_word' id='word_1_679' title='bbox 1449 4691 1579 4766; x_wconf 77' lang='grc' dir='ltr'>πρὸς</span> <span class='ocrx_word' id='word_1_680' title='bbox 1631 4687 1838 4754; x_wconf 77' lang='grc' dir='ltr'>ἐκείνην</span> <span class='ocrx_word' id='word_1_681' title='bbox 1895 4688 1991 4754; x_wconf 79' lang='grc' dir='ltr'>τὴν</span> 
     </span>
    </p>
   </div>
   <div class='ocr_carea' id='block_1_90' title="bbox 2083 4677 3732 4766">
    <p class='ocr_par' dir='ltr' id='par_1_90' title="bbox 2083 4677 3732 4758">
     <span class='ocr_line' id='line_1_90' title="bbox 2083 4677 3732 4758; baseline -0.003 -15"><span class='ocrx_word' id='word_1_682' title='bbox 2083 4677 2739 4754; x_wconf 87' lang='lat' dir='ltr'><strong>attribuimus,divinus</strong></span> <span class='ocrx_word' id='word_1_683' title='bbox 2764 4695 2930 4738; x_wconf 88' lang='lat' dir='ltr'><strong>amor</strong></span> <span class='ocrx_word' id='word_1_684' title='bbox 2945 4678 3295 4756; x_wconf 82' lang='lat' dir='ltr'><strong>cogitandus</strong></span> <span class='ocrx_word' id='word_1_685' title='bbox 3319 4679 3406 4738; x_wconf 91' lang='lat' dir='ltr'><strong>rei</strong></span> <span class='ocrx_word' id='word_1_686' title='bbox 3431 4697 3610 4758; x_wconf 87' lang='lat' dir='ltr'><strong>supra</strong></span> <span class='ocrx_word' id='word_1_687' title='bbox 3633 4697 3732 4740; x_wconf 90' lang='lat' dir='ltr'><strong>ra-</strong></span> 
     </span>
    </p>
   </div>
   <div class='ocr_carea' id='block_1_91' title="bbox 327 4767 1991 4859">
    <p class='ocr_par' dir='ltr' id='par_1_91' title="bbox 327 4777 1991 4859">
     <span class='ocr_line' id='line_1_91' title="bbox 327 4777 1991 4859; baseline -0.002 -23"><span class='ocrx_word' id='word_1_688' title='bbox 327 4781 558 4859; x_wconf 66' lang='grc' dir='ltr'>διαθαράν</span> <span class='ocrx_word' id='word_1_689' title='bbox 609 4777 906 4858; x_wconf 73' lang='grc' dir='ltr'>διαύγειαν,</span> <span class='ocrx_word' id='word_1_690' title='bbox 959 4778 1049 4835; x_wconf 81' lang='grc' dir='ltr'>καὶ</span> <span class='ocrx_word' id='word_1_691' title='bbox 1109 4781 1208 4846; x_wconf 74' lang='grc' dir='ltr'><strong>την</strong></span> <span class='ocrx_word' id='word_1_692' title='bbox 1267 4778 1450 4858; x_wconf 88' lang='grc' dir='ltr'>ἀφανῆ</span> <span class='ocrx_word' id='word_1_693' title='bbox 1508 4782 1596 4833; x_wconf 79' lang='grc' dir='ltr'>καὶ</span> <span class='ocrx_word' id='word_1_694' title='bbox 1623 4777 1764 4834; x_wconf 82' lang='grc' dir='ltr'>θείαν</span> <span class='ocrx_word' id='word_1_695' title='bbox 1800 4777 1991 4854; x_wconf 74' lang='grc' dir='ltr'>εὐπρὲ-</span> 
     </span>
    </p>
   </div>
   <div class='ocr_carea' id='block_1_92' title="bbox 2083 4767 3735 4859">
    <p class='ocr_par' dir='ltr' id='par_1_92' title="bbox 2083 4767 3735 4848">
     <span class='ocr_line' id='line_1_92' title="bbox 2083 4767 3735 4848; baseline -0.004 -16"><span class='ocrx_word' id='word_1_696' title='bbox 2083 4777 2299 4832; x_wconf 86' lang='lat' dir='ltr'><strong>tionem</strong></span> <span class='ocrx_word' id='word_1_697' title='bbox 2333 4790 2398 4829; x_wconf 91' lang='lat' dir='ltr'><strong>ac</strong></span> <span class='ocrx_word' id='word_1_698' title='bbox 2435 4777 2696 4828; x_wconf 88' lang='lat' dir='ltr'><strong>mentem</strong></span> <span class='ocrx_word' id='word_1_699' title='bbox 2727 4768 3353 4848; x_wconf 84' lang='lat' dir='ltr'><strong>immaterialis,atque</strong></span> <span class='ocrx_word' id='word_1_700' title='bbox 3379 4767 3735 4829; x_wconf 82' lang='lat' dir='ltr'><strong>indeﬁciens</strong></span> 
     </span>
    </p>
   </div>
   <div class='ocr_carea' id='block_1_93' title="bbox 329 4856 1991 4948">
    <p class='ocr_par' dir='ltr' id='par_1_93' title="bbox 329 4856 1991 4948">
     <span class='ocr_line' id='line_1_93' title="bbox 329 4856 1991 4948; baseline -0.003 -21"><span class='ocrx_word' id='word_1_701' title='bbox 329 4856 502 4933; x_wconf 80' lang='grc' dir='ltr'>πειαν,</span> <span class='ocrx_word' id='word_1_702' title='bbox 547 4867 717 4926; x_wconf 84' lang='grc' dir='ltr'>Παλιν</span> <span class='ocrx_word' id='word_1_703' title='bbox 748 4869 812 4925; x_wconf 78' lang='grc' dir='ltr'>τὸ</span> <span class='ocrx_word' id='word_1_704' title='bbox 863 4856 1112 4948; x_wconf 75' lang='grc' dir='ltr'>ἀκρατὲς,</span> <span class='ocrx_word' id='word_1_705' title='bbox 1150 4867 1232 4948; x_wconf 82' lang='grc' dir='ltr'><strong>ἐφ’</strong></span> <span class='ocrx_word' id='word_1_706' title='bbox 1278 4856 1434 4944; x_wconf 78' lang='grc' dir='ltr'>ἡμῶν</span> <span class='ocrx_word' id='word_1_707' title='bbox 1493 4867 1613 4947; x_wconf 78' lang='grc' dir='ltr'>μὲν,</span> <span class='ocrx_word' id='word_1_708' title='bbox 1647 4869 1708 4923; x_wconf 81' lang='grc' dir='ltr'>τὸ</span> <span class='ocrx_word' id='word_1_709' title='bbox 1758 4867 1839 4945; x_wconf 77' lang='grc' dir='ltr'><strong>ἐφ’</strong></span> <span class='ocrx_word' id='word_1_710' title='bbox 1863 4866 1991 4946; x_wconf 81' lang='grc' dir='ltr'>ὅπερ</span> 
     </span>
    </p>
   </div>
   <div class='ocr_carea' id='block_1_94' title="bbox 2083 4856 3734 4948">
    <p class='ocr_par' dir='ltr' id='par_1_94' title="bbox 2083 4856 3734 4938">
     <span class='ocr_line' id='line_1_94' title="bbox 2083 4856 3734 4938; baseline -0.003 -15"><span class='ocrx_word' id='word_1_711' title='bbox 2083 4861 2443 4924; x_wconf 84' lang='lat' dir='ltr'><strong>desiderium</strong></span> <span class='ocrx_word' id='word_1_712' title='bbox 2477 4856 2995 4936; x_wconf 87' lang='lat' dir='ltr'><strong>contemplationis</strong></span> <span class='ocrx_word' id='word_1_713' title='bbox 3027 4877 3140 4938; x_wconf 88' lang='lat' dir='ltr'><strong>qua</strong></span> <span class='ocrx_word' id='word_1_714' title='bbox 3192 4858 3488 4938; x_wconf 82' lang='lat' dir='ltr'><strong>passionis</strong></span> <span class='ocrx_word' id='word_1_715' title='bbox 3521 4876 3734 4938; x_wconf 83' lang='lat' dir='ltr'><strong>expers</strong></span> 
     </span>
    </p>
   </div>
   <div class='ocr_carea' id='block_1_95' title="bbox 325 4947 1991 5036">
    <p class='ocr_par' dir='ltr' id='par_1_95' title="bbox 325 4947 1991 5036">
     <span class='ocr_line' id='line_1_95' title="bbox 325 4947 1991 5036; baseline -0.014 -3"><span class='ocrx_word' id='word_1_716' title='bbox 325 4957 393 5027; x_wconf 62' lang='grc' dir='ltr'><strong>δὴ</strong></span> <span class='ocrx_word' id='word_1_717' title='bbox 438 4959 529 5016; x_wconf 63' lang='grc' dir='ltr'><strong>καὶ</strong></span> <span class='ocrx_word' id='word_1_718' title='bbox 575 4959 888 5036; x_wconf 74' lang='grc' dir='ltr'>ὁρμήσομεν</span> <span class='ocrx_word' id='word_1_719' title='bbox 938 4947 1356 5035; x_wconf 14' lang='grc' dir='ltr'>γᾶνεπίστροφον·</span> <span class='ocrx_word' id='word_1_720' title='bbox 1410 4955 1496 5014; x_wconf 80' lang='grc' dir='ltr'><strong>ἐπ’</strong></span> <span class='ocrx_word' id='word_1_721' title='bbox 1551 4956 1765 5012; x_wconf 78' lang='grc' dir='ltr'>ἐκείνων</span> <span class='ocrx_word' id='word_1_722' title='bbox 1825 4954 1904 5029; x_wconf 79' lang='grc' dir='ltr'>δὲ,</span> <span class='ocrx_word' id='word_1_723' title='bbox 1943 4957 1991 5012; x_wconf 79' lang='grc' dir='ltr'>τὲ</span> 
     </span>
    </p>
   </div>
   <div class='ocr_carea' id='block_1_96' title="bbox 2083 4947 3732 5036">
    <p class='ocr_par' dir='ltr' id='par_1_96' title="bbox 2084 4947 3732 5033">
     <span class='ocr_line' id='line_1_96' title="bbox 2084 4947 3732 5033; baseline -0.005 -20"><span class='ocrx_word' id='word_1_724' title='bbox 2084 4951 2186 5033; x_wconf 85' lang='lat' dir='ltr'><strong>sit,</strong></span> <span class='ocrx_word' id='word_1_725' title='bbox 2215 4968 2324 5012; x_wconf 89' lang='lat' dir='ltr'><strong>nec</strong></span> <span class='ocrx_word' id='word_1_726' title='bbox 2357 4969 2471 5010; x_wconf 90' lang='lat' dir='ltr'><strong>non</strong></span> <span class='ocrx_word' id='word_1_727' title='bbox 2507 4957 2742 5008; x_wconf 64' lang='lat' dir='ltr'><strong>mternaa</strong></span> <span class='ocrx_word' id='word_1_728' title='bbox 2786 4947 3031 5008; x_wconf 91' lang='lat' dir='ltr'><strong>omnino</strong></span> <span class='ocrx_word' id='word_1_729' title='bbox 3058 4967 3125 5008; x_wconf 82' lang='lat' dir='ltr'><strong>ac</strong></span> <span class='ocrx_word' id='word_1_730' title='bbox 3151 4949 3432 5029; x_wconf 87' lang='lat' dir='ltr'><strong>spiritalis</strong></span> <span class='ocrx_word' id='word_1_731' title='bbox 3456 4967 3732 5009; x_wconf 84' lang='lat' dir='ltr'><strong>commu-</strong></span> 
     </span>
    </p>
   </div>
   <div class='ocr_carea' id='block_1_97' title="bbox 323 5044 2000 5126">
    <p class='ocr_par' dir='ltr' id='par_1_97' title="bbox 323 5044 2000 5126">
     <span class='ocr_line' id='line_1_97' title="bbox 323 5044 2000 5126; baseline -0.003 -21"><span class='ocrx_word' id='word_1_732' title='bbox 323 5051 608 5122; x_wconf 84' lang='grc' dir='ltr'>σύντονον,</span> <span class='ocrx_word' id='word_1_733' title='bbox 652 5049 833 5104; x_wconf 75' lang='grc' dir='ltr'>καὶτὸ</span> <span class='ocrx_word' id='word_1_734' title='bbox 891 5049 1033 5126; x_wconf 87' lang='grc' dir='ltr'><strong>παρά</strong></span> <span class='ocrx_word' id='word_1_735' title='bbox 1086 5046 1316 5122; x_wconf 73' lang='grc' dir='ltr'>μηδενὸς</span> <span class='ocrx_word' id='word_1_736' title='bbox 1363 5046 1736 5126; x_wconf 77' lang='grc' dir='ltr'>ἐγκόπτεσθαι,</span> <span class='ocrx_word' id='word_1_737' title='bbox 1793 5044 1876 5100; x_wconf 75' lang='grc' dir='ltr'><strong>διὰ</strong></span> <span class='ocrx_word' id='word_1_738' title='bbox 1911 5046 2000 5102; x_wconf 71' lang='grc' dir='ltr'>τὸν</span> 
     </span>
    </p>
   </div>
   <div class='ocr_carea' id='block_1_98' title="bbox 323 5133 2000 5217">
    <p class='ocr_par' dir='ltr' id='par_1_98' title="bbox 323 5133 2000 5217">
     <span class='ocr_line' id='line_1_98' title="bbox 323 5133 2000 5217; baseline -0.004 -21"><span class='ocrx_word' id='word_1_739' title='bbox 323 5139 508 5214; x_wconf 84' lang='grc' dir='ltr'>ἀμιγῆ</span> <span class='ocrx_word' id='word_1_740' title='bbox 543 5139 636 5206; x_wconf 58' lang='grc' dir='ltr'>καί</span> <span class='ocrx_word' id='word_1_741' title='bbox 666 5139 920 5217; x_wconf 78' lang='grc' dir='ltr'>καθαρὸν,</span> <span class='ocrx_word' id='word_1_742' title='bbox 961 5139 1047 5194; x_wconf 84' lang='grc' dir='ltr'><strong>καὶ</strong></span> <span class='ocrx_word' id='word_1_743' title='bbox 1078 5139 1152 5200; x_wconf 82' lang='grc' dir='ltr'><strong>είς</strong></span> <span class='ocrx_word' id='word_1_744' title='bbox 1202 5137 1349 5194; x_wconf 61' lang='grc' dir='ltr'>οῦδὲν</span> <span class='ocrx_word' id='word_1_745' title='bbox 1401 5136 1578 5212; x_wconf 78' lang='grc' dir='ltr'>ἕτερον</span> <span class='ocrx_word' id='word_1_746' title='bbox 1636 5133 2000 5216; x_wconf 77' lang='grc' dir='ltr'>ἐσχολακύτα,</span> 
     </span>
    </p>
   </div>
   <div class='ocr_carea' id='block_1_99' title="bbox 322 5225 2000 5306">
    <p class='ocr_par' dir='ltr' id='par_1_99' title="bbox 322 5225 2000 5306">
     <span class='ocr_line' id='line_1_99' title="bbox 322 5225 2000 5306; baseline -0.004 -20"><span class='ocrx_word' id='word_1_747' title='bbox 322 5231 414 5286; x_wconf 65' lang='grc' dir='ltr'><strong>κατ</strong></span> <span class='ocrx_word' id='word_1_748' title='bbox 451 5225 817 5284; x_wconf 81' lang='grc' dir='ltr'>ἀναλλοίωτον</span> <span class='ocrx_word' id='word_1_749' title='bbox 877 5233 974 5294; x_wconf 81' lang='grc' dir='ltr'><strong>τῆς</strong></span> <span class='ocrx_word' id='word_1_750' title='bbox 1030 5229 1172 5292; x_wconf 88' lang='grc' dir='ltr'>θείας</span> <span class='ocrx_word' id='word_1_751' title='bbox 1223 5226 1489 5294; x_wconf 75' lang='grc' dir='ltr'>καλλονῆς</span> <span class='ocrx_word' id='word_1_752' title='bbox 1545 5226 1742 5306; x_wconf 76' lang='grc' dir='ltr'>ἔρωτα,</span> <span class='ocrx_word' id='word_1_753' title='bbox 1786 5226 1873 5280; x_wconf 82' lang='grc' dir='ltr'>καὶ</span> <span class='ocrx_word' id='word_1_754' title='bbox 1903 5226 2000 5290; x_wconf 72' lang='grc' dir='ltr'><strong>τὴν</strong></span> 
     </span>
    </p>
   </div>
   <div class='ocr_carea' id='block_1_100' title="bbox 327 5314 2000 5396">
    <p class='ocr_par' dir='ltr' id='par_1_100' title="bbox 327 5314 2000 5396">
     <span class='ocr_line' id='line_1_100' title="bbox 327 5314 2000 5396; baseline -0.002 -21"><span class='ocrx_word' id='word_1_755' title='bbox 327 5317 527 5386; x_wconf 78' lang='grc' dir='ltr'>ὁλικὴν</span> <span class='ocrx_word' id='word_1_756' title='bbox 574 5319 752 5394; x_wconf 82' lang='grc' dir='ltr'>ὁρμὴν</span> <span class='ocrx_word' id='word_1_757' title='bbox 791 5318 879 5375; x_wconf 65' lang='lat' dir='ltr'><strong>Eni</strong></span> <span class='ocrx_word' id='word_1_758' title='bbox 909 5320 970 5374; x_wconf 80' lang='grc' dir='ltr'>τὸ</span> <span class='ocrx_word' id='word_1_759' title='bbox 1002 5317 1172 5380; x_wconf 81' lang='grc' dir='ltr'>ὅντως</span> <span class='ocrx_word' id='word_1_760' title='bbox 1223 5317 1502 5396; x_wconf 68' lang='grc' dir='ltr'>ἐράσμιον.</span> <span class='ocrx_word' id='word_1_761' title='bbox 1539 5315 1704 5373; x_wconf 77' lang='grc' dir='ltr'>Πάλιν</span> <span class='ocrx_word' id='word_1_762' title='bbox 1736 5317 1837 5380; x_wconf 72' lang='grc' dir='ltr'>τὴν</span> <span class='ocrx_word' id='word_1_763' title='bbox 1869 5314 2000 5372; x_wconf 85' lang='grc' dir='ltr'>ἀλο-</span> 
     </span>
    </p>
   </div>
   <div class='ocr_carea' id='block_1_101' title="bbox 326 5406 2000 5486">
    <p class='ocr_par' dir='ltr' id='par_1_101' title="bbox 326 5406 2000 5486">
     <span class='ocr_line' id='line_1_101' title="bbox 326 5406 2000 5486; baseline -0.002 -23"><span class='ocrx_word' id='word_1_764' title='bbox 326 5409 480 5486; x_wconf 86' lang='grc' dir='ltr'>γίαν,</span> <span class='ocrx_word' id='word_1_765' title='bbox 555 5409 642 5464; x_wconf 84' lang='grc' dir='ltr'>καὶ</span> <span class='ocrx_word' id='word_1_766' title='bbox 688 5409 1058 5482; x_wconf 87' lang='grc' dir='ltr'>ἀναισθησίαν,</span> <span class='ocrx_word' id='word_1_767' title='bbox 1120 5409 1209 5464; x_wconf 78' lang='grc' dir='ltr'>καὶ</span> <span class='ocrx_word' id='word_1_768' title='bbox 1265 5408 1547 5482; x_wconf 89' lang='grc' dir='ltr'>ἀνοησίαν,</span> <span class='ocrx_word' id='word_1_769' title='bbox 1602 5406 1686 5464; x_wconf 75' lang='grc' dir='ltr'><strong>ἐπὶ</strong></span> <span class='ocrx_word' id='word_1_770' title='bbox 1743 5407 1841 5480; x_wconf 70' lang='grc' dir='ltr'>μὲν</span> <span class='ocrx_word' id='word_1_771' title='bbox 1894 5408 2000 5461; x_wconf 76' lang='grc' dir='ltr'>τῶν</span> 
     </span>
    </p>
   </div>
   <div class='ocr_carea' id='block_1_102' title="bbox 323 5495 1990 5578">
    <p class='ocr_par' dir='ltr' id='par_1_102' title="bbox 323 5495 1990 5578">
     <span class='ocr_line' id='line_1_102' title="bbox 323 5495 1990 5578; baseline -0.004 -24"><span class='ocrx_word' id='word_1_772' title='bbox 323 5498 546 5575; x_wconf 84' lang='grc' dir='ltr'>ἀλόγων</span> <span class='ocrx_word' id='word_1_773' title='bbox 591 5519 650 5554; x_wconf 89' lang='grc' dir='ltr'><strong>τε</strong></span> <span class='ocrx_word' id='word_1_774' title='bbox 713 5500 802 5555; x_wconf 82' lang='grc' dir='ltr'><strong>καὶ</strong></span> <span class='ocrx_word' id='word_1_775' title='bbox 846 5498 1102 5578; x_wconf 80' lang='grc' dir='ltr'>ἀψύχων,</span> <span class='ocrx_word' id='word_1_776' title='bbox 1149 5499 1323 5562; x_wconf 79' lang='grc' dir='ltr'>καθὼς</span> <span class='ocrx_word' id='word_1_777' title='bbox 1383 5497 1468 5553; x_wconf 81' lang='grc' dir='ltr'><strong>ἐπὶ</strong></span> <span class='ocrx_word' id='word_1_778' title='bbox 1543 5504 1634 5554; x_wconf 83' lang='grc' dir='ltr'><strong>τοῦ</strong></span> <span class='ocrx_word' id='word_1_779' title='bbox 1706 5495 1848 5552; x_wconf 86' lang='grc' dir='ltr'>λίθου</span> <span class='ocrx_word' id='word_1_780' title='bbox 1891 5497 1990 5562; x_wconf 78' lang='grc' dir='ltr'>τὴν</span> 
     </span>
    </p>
   </div>
   <div class='ocr_carea' id='block_1_103' title="bbox 325 5585 1986 5666">
    <p class='ocr_par' dir='ltr' id='par_1_103' title="bbox 325 5585 1986 5666">
     <span class='ocr_line' id='line_1_103' title="bbox 325 5585 1986 5666; baseline -0.002 -24"><span class='ocrx_word' id='word_1_781' title='bbox 325 5587 704 5657; x_wconf 83' lang='grc' dir='ltr'>ἀναισθησίαν,</span> <span class='ocrx_word' id='word_1_782' title='bbox 743 5589 881 5644; x_wconf 80' lang='grc' dir='ltr'>κατὰ</span> <span class='ocrx_word' id='word_1_783' title='bbox 906 5589 1157 5666; x_wconf 82' lang='grc' dir='ltr'>στέρησιν</span> <span class='ocrx_word' id='word_1_784' title='bbox 1203 5586 1452 5665; x_wconf 67' lang='grc' dir='ltr'>λὲγομενο</span> <span class='ocrx_word' id='word_1_785' title='bbox 1493 5586 1578 5644; x_wconf 82' lang='grc' dir='ltr'><strong>ἐπὶ</strong></span> <span class='ocrx_word' id='word_1_786' title='bbox 1630 5585 1683 5643; x_wconf 79' lang='grc' dir='ltr'>δὲ</span> <span class='ocrx_word' id='word_1_787' title='bbox 1714 5588 1820 5643; x_wconf 77' lang='grc' dir='ltr'><strong>τῶν</strong></span> <span class='ocrx_word' id='word_1_788' title='bbox 1851 5607 1986 5653; x_wconf 86' lang='grc' dir='ltr'>νοη-</span> 
     </span>
    </p>
   </div>
   <div class='ocr_carea' id='block_1_104' title="bbox 334 5676 1984 5758">
    <p class='ocr_par' dir='ltr' id='par_1_104' title="bbox 334 5676 1984 5758">
     <span class='ocr_line' id='line_1_104' title="bbox 334 5676 1984 5758; baseline -0.002 -26"><span class='ocrx_word' id='word_1_789' title='bbox 334 5683 444 5732; x_wconf 80' lang='grc' dir='ltr'>τῶν</span> <span class='ocrx_word' id='word_1_790' title='bbox 490 5681 577 5734; x_wconf 80' lang='grc' dir='ltr'>καὶ</span> <span class='ocrx_word' id='word_1_791' title='bbox 610 5676 809 5751; x_wconf 74' lang='grc' dir='ltr'>ἁὺλων,</span> <span class='ocrx_word' id='word_1_792' title='bbox 839 5680 974 5734; x_wconf 77' lang='grc' dir='ltr'><strong>κατᾶ</strong></span> <span class='ocrx_word' id='word_1_793' title='bbox 1007 5679 1296 5758; x_wconf 73' lang='grc' dir='ltr'>ἀπόφασιν.</span> <span class='ocrx_word' id='word_1_794' title='bbox 1336 5679 1439 5736; x_wconf 83' lang='grc' dir='ltr'><strong>Καὶ</strong></span> <span class='ocrx_word' id='word_1_795' title='bbox 1473 5677 1556 5733; x_wconf 70' lang='grc' dir='ltr'>διὰ</span> <span class='ocrx_word' id='word_1_796' title='bbox 1589 5677 1684 5751; x_wconf 75' lang='grc' dir='ltr'>μὲν</span> <span class='ocrx_word' id='word_1_797' title='bbox 1731 5678 1790 5732; x_wconf 72' lang='grc' dir='ltr'>τὸ</span> <span class='ocrx_word' id='word_1_798' title='bbox 1821 5677 1984 5754; x_wconf 70' lang='grc' dir='ltr'>ὕπερ-</span> 
     </span>
    </p>
   </div>
   <div class='ocr_carea' id='block_1_105' title="bbox 333 5765 1984 5848">
    <p class='ocr_par' dir='ltr' id='par_1_105' title="bbox 333 5765 1984 5848">
     <span class='ocr_line' id='line_1_105' title="bbox 333 5765 1984 5848; baseline -0.001 -25"><span class='ocrx_word' id='word_1_799' title='bbox 333 5773 488 5848; x_wconf 76' lang='grc' dir='ltr'>εχειν</span> <span class='ocrx_word' id='word_1_800' title='bbox 535 5768 688 5843; x_wconf 74' lang='grc' dir='ltr'>αὐτα,</span> <span class='ocrx_word' id='word_1_801' title='bbox 725 5769 798 5832; x_wconf 77' lang='grc' dir='ltr'>ὡς</span> <span class='ocrx_word' id='word_1_802' title='bbox 849 5770 1200 5844; x_wconf 79' lang='grc' dir='ltr'>ὑπερκείμενα</span> <span class='ocrx_word' id='word_1_803' title='bbox 1258 5767 1349 5823; x_wconf 76' lang='grc' dir='ltr'><strong>τοῦ</strong></span> <span class='ocrx_word' id='word_1_804' title='bbox 1409 5765 1523 5824; x_wconf 76' lang='grc' dir='ltr'>καθ’</span> <span class='ocrx_word' id='word_1_805' title='bbox 1572 5767 1719 5848; x_wconf 73' lang='grc' dir='ltr'>ἡμᾶς</span> <span class='ocrx_word' id='word_1_806' title='bbox 1775 5787 1984 5846; x_wconf 72' lang='grc' dir='ltr'>προφο-</span> 
     </span>
    </p>
   </div>
   <div class='ocr_carea' id='block_1_106' title="bbox 2086 5036 3732 5121">
    <p class='ocr_par' dir='ltr' id='par_1_106' title="bbox 2086 5036 3732 5121">
     <span class='ocr_line' id='line_1_106' title="bbox 2086 5036 3732 5121; baseline -0.004 -19"><span class='ocrx_word' id='word_1_807' title='bbox 2086 5042 2305 5121; x_wconf 88' lang='lat' dir='ltr'><strong>nionis,</strong></span> <span class='ocrx_word' id='word_1_808' title='bbox 2334 5038 2495 5099; x_wconf 88' lang='lat' dir='ltr'><strong>illius</strong></span> <span class='ocrx_word' id='word_1_809' title='bbox 2541 5054 2700 5116; x_wconf 64' lang='lat' dir='ltr'><strong>pura:</strong></span> <span class='ocrx_word' id='word_1_810' title='bbox 2743 5036 3061 5119; x_wconf 76' lang='lat' dir='ltr'><strong>claritatis;</strong></span> <span class='ocrx_word' id='word_1_811' title='bbox 3098 5049 3152 5100; x_wconf 90' lang='lat' dir='ltr'><strong>et</strong></span> <span class='ocrx_word' id='word_1_812' title='bbox 3188 5038 3402 5098; x_wconf 84' lang='lat' dir='ltr'><strong>occulti</strong></span> <span class='ocrx_word' id='word_1_813' title='bbox 3435 5049 3608 5117; x_wconf 86' lang='lat' dir='ltr'><strong>atque</strong></span> <span class='ocrx_word' id='word_1_814' title='bbox 3641 5037 3732 5096; x_wconf 90' lang='lat' dir='ltr'><strong>di-</strong></span> 
     </span>
    </p>
   </div>
   <div class='ocr_carea' id='block_1_107' title="bbox 2091 5125 3724 5207">
    <p class='ocr_par' dir='ltr' id='par_1_107' title="bbox 2091 5125 3724 5207">
     <span class='ocr_line' id='line_1_107' title="bbox 2091 5125 3724 5207; baseline -0.001 -19"><span class='ocrx_word' id='word_1_815' title='bbox 2091 5131 2217 5191; x_wconf 77' lang='lat' dir='ltr'><strong>vini</strong></span> <span class='ocrx_word' id='word_1_816' title='bbox 2251 5131 2507 5190; x_wconf 65' lang='lat' dir='ltr'><strong>decoris.</strong></span> <span class='ocrx_word' id='word_1_817' title='bbox 2545 5127 2830 5205; x_wconf 78' lang='lat' dir='ltr'><strong>Rursum,</strong></span> <span class='ocrx_word' id='word_1_818' title='bbox 2871 5125 3385 5188; x_wconf 87' lang='lat' dir='ltr'><strong>incontinentiain</strong></span> <span class='ocrx_word' id='word_1_819' title='bbox 3412 5126 3582 5187; x_wconf 75' lang='lat' dir='ltr'><strong>nobis</strong></span> <span class='ocrx_word' id='word_1_820' title='bbox 3607 5127 3724 5207; x_wconf 82' lang='lat' dir='ltr'><strong>qni-</strong></span> 
     </span>
    </p>
   </div>
   <div class='ocr_carea' id='block_1_108' title="bbox 2086 5211 3735 5297">
    <p class='ocr_par' dir='ltr' id='par_1_108' title="bbox 2086 5211 3735 5297">
     <span class='ocr_line' id='line_1_108' title="bbox 2086 5211 3735 5297; baseline -0.003 -16"><span class='ocrx_word' id='word_1_821' title='bbox 2086 5222 2220 5282; x_wconf 82' lang='lat' dir='ltr'><strong>dem</strong></span> <span class='ocrx_word' id='word_1_822' title='bbox 2254 5225 2344 5278; x_wconf 89' lang='lat' dir='ltr'><strong>est</strong></span> <span class='ocrx_word' id='word_1_823' title='bbox 2371 5217 2608 5297; x_wconf 80' lang='lat' dir='ltr'><strong>quidam</strong></span> <span class='ocrx_word' id='word_1_824' title='bbox 2644 5211 3052 5295; x_wconf 84' lang='lat' dir='ltr'><strong>impetus,quo</strong></span> <span class='ocrx_word' id='word_1_825' title='bbox 3075 5217 3131 5276; x_wconf 89' lang='lat' dir='ltr'><strong>in</strong></span> <span class='ocrx_word' id='word_1_826' title='bbox 3157 5215 3384 5292; x_wconf 87' lang='lat' dir='ltr'><strong>aliquid</strong></span> <span class='ocrx_word' id='word_1_827' title='bbox 3420 5215 3735 5277; x_wconf 85' lang='lat' dir='ltr'><strong>tumultua-</strong></span> 
     </span>
    </p>
   </div>
   <div class='ocr_carea' id='block_1_109' title="bbox 2083 5303 3737 5385">
    <p class='ocr_par' dir='ltr' id='par_1_109' title="bbox 2083 5303 3737 5385">
     <span class='ocr_line' id='line_1_109' title="bbox 2083 5303 3737 5385; baseline -0.002 -14"><span class='ocrx_word' id='word_1_828' title='bbox 2083 5311 2172 5372; x_wconf 91' lang='lat' dir='ltr'><strong>rio</strong></span> <span class='ocrx_word' id='word_1_829' title='bbox 2198 5311 2374 5368; x_wconf 86' lang='lat' dir='ltr'><strong>modo</strong></span> <span class='ocrx_word' id='word_1_830' title='bbox 2402 5307 2688 5377; x_wconf 66' lang='lat' dir='ltr'><strong>ferimur,</strong></span> <span class='ocrx_word' id='word_1_831' title='bbox 2721 5303 2780 5363; x_wconf 88' lang='lat' dir='ltr'><strong>in</strong></span> <span class='ocrx_word' id='word_1_832' title='bbox 2810 5304 2930 5366; x_wconf 89' lang='lat' dir='ltr'><strong>illis</strong></span> <span class='ocrx_word' id='word_1_833' title='bbox 2952 5322 3090 5367; x_wconf 87' lang='lat' dir='ltr'><strong>vero</strong></span> <span class='ocrx_word' id='word_1_834' title='bbox 3111 5306 3444 5367; x_wconf 86' lang='lat' dir='ltr'><strong>constantia</strong></span> <span class='ocrx_word' id='word_1_835' title='bbox 3467 5315 3579 5385; x_wconf 90' lang='lat' dir='ltr'><strong>est,</strong></span> <span class='ocrx_word' id='word_1_836' title='bbox 3602 5325 3737 5384; x_wconf 59' lang='lat' dir='ltr'><strong>quae</strong></span> 
     </span>
    </p>
   </div>
   <div class='ocr_carea' id='block_1_110' title="bbox 2085 5393 3736 5476">
    <p class='ocr_par' dir='ltr' id='par_1_110' title="bbox 2085 5393 3736 5476">
     <span class='ocr_line' id='line_1_110' title="bbox 2085 5393 3736 5476; baseline -0.003 -14"><span class='ocrx_word' id='word_1_837' title='bbox 2085 5419 2119 5461; x_wconf 87' lang='lat' dir='ltr'><strong>a</strong></span> <span class='ocrx_word' id='word_1_838' title='bbox 2152 5397 2392 5462; x_wconf 87' lang='lat' dir='ltr'><strong>nemine</strong></span> <span class='ocrx_word' id='word_1_839' title='bbox 2425 5393 2667 5472; x_wconf 77' lang='lat' dir='ltr'><strong>infringi</strong></span> <span class='ocrx_word' id='word_1_840' title='bbox 2700 5393 2907 5472; x_wconf 82' lang='lat' dir='ltr'><strong>possit,</strong></span> <span class='ocrx_word' id='word_1_841' title='bbox 2933 5405 3178 5475; x_wconf 88' lang='lat' dir='ltr'><strong>propter</strong></span> <span class='ocrx_word' id='word_1_842' title='bbox 3201 5414 3376 5456; x_wconf 90' lang='lat' dir='ltr'><strong>suum</strong></span> <span class='ocrx_word' id='word_1_843' title='bbox 3401 5394 3736 5476; x_wconf 81' lang='lat' dir='ltr'><strong>simplicem</strong></span> 
     </span>
    </p>
   </div>
   <div class='ocr_carea' id='block_1_111' title="bbox 2083 5483 3736 5568">
    <p class='ocr_par' dir='ltr' id='par_1_111' title="bbox 2083 5483 3736 5568">
     <span class='ocr_line' id='line_1_111' title="bbox 2083 5483 3736 5568; baseline -0.002 -16"><span class='ocrx_word' id='word_1_844' title='bbox 2083 5510 2154 5552; x_wconf 86' lang='lat' dir='ltr'><strong>ac</strong></span> <span class='ocrx_word' id='word_1_845' title='bbox 2181 5497 2478 5568; x_wconf 81' lang='lat' dir='ltr'><strong>purum,et</strong></span> <span class='ocrx_word' id='word_1_846' title='bbox 2503 5485 2564 5545; x_wconf 90' lang='lat' dir='ltr'><strong>in</strong></span> <span class='ocrx_word' id='word_1_847' title='bbox 2590 5483 2750 5544; x_wconf 90' lang='lat' dir='ltr'><strong>nullo</strong></span> <span class='ocrx_word' id='word_1_848' title='bbox 2779 5483 3245 5564; x_wconf 82' lang='lat' dir='ltr'><strong>exorbitantem,</strong></span> <span class='ocrx_word' id='word_1_849' title='bbox 3286 5493 3462 5566; x_wconf 88' lang='lat' dir='ltr'><strong>atque</strong></span> <span class='ocrx_word' id='word_1_850' title='bbox 3515 5490 3736 5548; x_wconf 85' lang='lat' dir='ltr'><strong>immu-</strong></span> 
     </span>
    </p>
   </div>
   <div class='ocr_carea' id='block_1_112' title="bbox 2076 5572 3733 5656">
    <p class='ocr_par' dir='ltr' id='par_1_112' title="bbox 2076 5572 3733 5656">
     <span class='ocr_line' id='line_1_112' title="bbox 2076 5572 3733 5656; baseline -0.003 -14"><span class='ocrx_word' id='word_1_851' title='bbox 2076 5579 2318 5642; x_wconf 83' lang='lat' dir='ltr'><strong>tabilem</strong></span> <span class='ocrx_word' id='word_1_852' title='bbox 2352 5576 2566 5637; x_wconf 71' lang='lat' dir='ltr'><strong>divinae</strong></span> <span class='ocrx_word' id='word_1_853' title='bbox 2594 5572 3074 5653; x_wconf 85' lang='lat' dir='ltr'><strong>pulchritudinis</strong></span> <span class='ocrx_word' id='word_1_854' title='bbox 3097 5575 3548 5656; x_wconf 73' lang='lat' dir='ltr'><strong>amorem,95et</strong></span> <span class='ocrx_word' id='word_1_855' title='bbox 3580 5585 3733 5638; x_wconf 85' lang='lat' dir='ltr'><strong>tota-</strong></span> 
     </span>
    </p>
   </div>
   <div class='ocr_carea' id='block_1_113' title="bbox 2074 5662 3731 5746">
    <p class='ocr_par' dir='ltr' id='par_1_113' title="bbox 2074 5662 3731 5746">
     <span class='ocr_line' id='line_1_113' title="bbox 2074 5662 3731 5746; baseline -0.003 -14"><span class='ocrx_word' id='word_1_856' title='bbox 2074 5669 2188 5731; x_wconf 84' lang='lat' dir='ltr'><strong>lem</strong></span> <span class='ocrx_word' id='word_1_857' title='bbox 2211 5669 2494 5746; x_wconf 88' lang='lat' dir='ltr'><strong>impetum</strong></span> <span class='ocrx_word' id='word_1_858' title='bbox 2515 5667 2572 5725; x_wconf 86' lang='lat' dir='ltr'><strong>in</strong></span> <span class='ocrx_word' id='word_1_859' title='bbox 2594 5663 2648 5724; x_wconf 93' lang='lat' dir='ltr'><strong>id</strong></span> <span class='ocrx_word' id='word_1_860' title='bbox 2668 5662 2821 5742; x_wconf 88' lang='lat' dir='ltr'><strong>quod</strong></span> <span class='ocrx_word' id='word_1_861' title='bbox 2837 5682 2972 5725; x_wconf 67' lang='lat' dir='ltr'><strong>vere</strong></span> <span class='ocrx_word' id='word_1_862' title='bbox 2989 5664 3731 5740; x_wconf 71' lang='lat' dir='ltr'><strong>amabileexsistitDenuo,</strong></span> 
     </span>
    </p>
   </div>
   <div class='ocr_carea' id='block_1_114' title="bbox 2073 5751 3728 5837">
    <p class='ocr_par' dir='ltr' id='par_1_114' title="bbox 2073 5751 3728 5837">
     <span class='ocr_line' id='line_1_114' title="bbox 2073 5751 3728 5837; baseline -0.002 -15"><span class='ocrx_word' id='word_1_863' title='bbox 2073 5756 2610 5827; x_wconf 78' lang='lat' dir='ltr'><strong>irrationali&#39;atein,</strong></span> <span class='ocrx_word' id='word_1_864' title='bbox 2641 5760 2699 5811; x_wconf 89' lang='lat' dir='ltr'><strong>et</strong></span> <span class='ocrx_word' id='word_1_865' title='bbox 2723 5751 3268 5836; x_wconf 79' lang='lat' dir='ltr'><strong>insensibilitatem,</strong></span> <span class='ocrx_word' id='word_1_866' title='bbox 3290 5764 3346 5816; x_wconf 90' lang='lat' dir='ltr'><strong>et</strong></span> <span class='ocrx_word' id='word_1_867' title='bbox 3378 5758 3728 5837; x_wconf 77' lang='lat' dir='ltr'><strong>amentiam,</strong></span> 
     </span>
    </p>
   </div>
  </div>
