4052 6434
389 279 502 348 163
1567 284 1628 345 s.
1673 283 2016 347 DIONYSII
2059 280 2578 350 AREOPAGITAE
3665 286 3774 364 1‘64

381 423 442 480 in
502 419 626 480 Deo
680 416 738 478 id
804 416 924 496 ﬁat,
971 413 1020 480 si
1061 416 1338 477 caelestes
1369 433 1604 495 quoque
1647 415 1891 476 virtutes
1924 432 2027 497 per

2118 417 2362 494 ζήτησιν,
2417 422 2515 477 οἶκ
2579 421 2680 477 ἐων
2735 421 2890 498 ἤμων
2932 425 3024 480 τὸν
3087 426 3206 480 νοῦν
3256 424 3605 503 ἐναπομετναι
3665 445 3781 498 τοῖς

380 509 615 572 ultimas
645 516 701 570 et
731 504 1054 567 dissimiles
1078 503 1508 566 similitudines
1555 504 1975 582 exprimantur
2016 523 2027 568 :

2118 507 2510 587 ἱστορουμένοις
2581 512 2654 576 ὡς
2743 511 2958 592 ἔχουσιν
3017 563 3030 587 ,
3123 513 3248 571 ἀλλ’
3331 516 3558 596 ἔρεθίζον
3630 519 3785 578 ἁπα-

377 619 513 663 uam
545 608 602 660 et
631 599 741 659 hoc
773 597 923 658 forte
949 595 1088 656 dum
1119 614 1228 657 nos
1262 594 1519 675 perculit
1544 603 1788 675 propter
1819 596 2027 658 diﬂ‘or-

2118 599 2379 655 ναίνεσθαι
2434 601 2626 666 ταύτας
2688 604 2774 658 καὶ
2834 605 3139 679 προσεθίίον
3197 605 3295 662 ἆτὸ
3345 594 3543 667 τούτων
3577 608 3642 680 δὴ
3673 613 3780 670 τῶν

378 691 640 751 mitatem
667 686 947 766 ﬁctionis,
975 684 1648 766 quamanifestabautur
1672 703 1739 746 ac
1763 685 2027 748 declara-

2118 689 2447 767 φαινομένων
2469 694 2542 754 εἱς
2575 692 2856 771 ἀναγῶγᾶς
2890 693 3274 756 ἀνατείνεσθαι.

374 779 610 854 bantur,
646 777 821 840 simul
871 777 1050 868 movit
1081 777 1152 837 ad
1186 775 2068 868 ejuscemodiinquisitionem,
2108 797 2226 840 non
2272 778 2524 841 sinendo
2561 790 2820 844 mentem
2857 791 3122 844 nostrum
3155 784 3252 860 iis,
3287 786 3505 868 quibus
3553 790 3788 854 descri-

376 870 693 964 bebantur,
719 870 920 964 ﬁguris
952 866 1282 946 immorari,
1318 866 1426 927 sed
1456 866 1748 964 ercitabat
1779 866 1851 927 ad
1885 867 2415 964 illasrenuendas,
2444 870 2850 954 incitabatque
2879 880 2942 935 ut
2965 874 3038 935 ab
3062 874 3177 955 his,
3213 866 3350 954 quae
3381 883 3780 964 apparebant,

376 959 449 1023 ad
481 977 794 1038 anagogas,
835 956 954 1018 sive
980 975 1198 1017 sensus
1233 975 1267 1016 a
1301 957 1560 1018 terrenis
1594 955 1994 1039 abducentes,
2028 958 2504 1022 intenderemus.

463 1048 602 1111 Haec
653 1049 727 1109 de
780 1045 1129 1108 istiusmodi
1169 1045 1666 1108 similitudinibus
1690 1046 1806 1107 sint
1852 1046 2032 1112 dicta.

381 1138 565 1202 Recte
582 1147 773 1202 autem
804 1137 933 1198 illas
964 1135 1409 1217 angeliformes,
1446 1156 1562 1198 non
1594 1137 1894 1218 angelicas
1925 1159 2034 1220 ap-

376 1239 608 1310 pellavit
636 1261 646 1293 :
674 1252 788 1296 non
821 1238 974 1293 enim
1007 1237 1520 1307 angelorum,sicut
1549 1237 1608 1293 in
1637 1253 1695 1294 se
1726 1239 2036 1304 sunt,ima-

379 1331 542 1402 gines
574 1329 804 1399 depicta:
857 1327 1119 1392 sunt,sed
1150 1325 1566 1386 eﬂ'ormationis
1600 1343 1796 1386 rerum
1834 1329 2035 1387 incor-

375 1433 676 1492 porearum
706 1417 1015 1490 quamdam
1048 1417 1298 1489 speciem
1343 1433 1454 1489 prae
1507 1433 1567 1476 se
1604 1419 1816 1476 ferunt.
1853 1419 2034 1478 Caete-

372 1525 502 1568 rum
527 1509 647 1582 jam
686 1506 1076 1565 deﬁniendum
1110 1515 1162 1564 et
1195 1505 1626 1573 declarandum,
1669 1510 1810 1581 quid
1856 1524 2030 1581 porro

375 1599 681 1671 lpsammct
710 1597 1084 1654 hierarchiam
1133 1613 1261 1654 esse
1292 1597 1645 1656 arbitremur
1674 1616 1692 1662 ;
1722 1599 1930 1670 quidve
1961 1600 2030 1658 ab

374 1704 440 1748 ea
472 1689 612 1747 lucri
673 1688 902 1759 capiant
968 1687 1304 1745 hierarchia
1356 1702 1426 1744 ex
1457 1689 1636 1746 sacris
1679 1691 2030 1748 caeremoniis

372 1775 1026 1853 mysteriisqueﬂtinam
1050 1787 1242 1835 autem
1270 1777 1417 1835 viam
1444 1787 1659 1836 sternet
1692 1779 2027 1846 Christus,si

372 1871 515 1928 mihi
567 1868 651 1926 fas
701 1870 773 1926 sit
823 1867 1030 1933 dicere,
1089 1882 1275 1933 meus,
1315 1869 1830 1940 appr0pinquando
1892 1871 2029 1929 mihi

372 1960 526 2035 quod
547 1972 853 2018 commune
873 1958 1084 2030 est,qui
1102 1959 1388 2017 universae
1408 1959 1778 2017 sacerdotalis
1800 1961 2032 2020 institu-

376 2053 552 2111 tionis
582 2060 664 2109 est
688 2048 982 2120 inspiratio
1007 2049 1464 2122 traditioquelTu
1489 2050 1728 2120 vero,ﬁli
1754 2051 2032 2124 (loquitur

372 2143 445 2201 ad
477 2142 1218 2214 Timotheum),seeundum
1254 2140 1397 2212 legis
1421 2149 1633 2198 nostrae
1660 2142 2030 2201 traditionem

374 2222 619 2302 (Sancta
651 2225 813 2287 enim
847 2225 1119 2306 sanctis),
1172 2225 1449 2302 ipsemet,
1487 2230 1549 2282 ut
1599 2231 1804 2284 sancta
1832 2224 2027 2307 decet,

372 2321 433 2375 et
459 2333 580 2375 non
610 2322 850 2376 terrena
869 2316 1100 2377 ratione
1134 2312 1297 2384 audi,
1323 2311 1381 2373 in
1407 2310 1803 2392 explicatione
1829 2332 2030 2376 rerum

371 2402 711 2466 divinarum
770 2406 1014 2468 divinus
1067 2404 1307 2484 factus;
1339 2408 1516 2483 atqne
1565 2420 1780 2465 arcana
1830 2413 2032 2466 mente

381 2515 512 2575 qua:
535 2504 741 2558 sancta
759 2505 920 2580 sunt,
951 2517 985 2560 a
1008 2495 1272 2578 profanis
1297 2494 1438 2555 viris
1461 2495 1867 2576 abscondens,
1899 2504 2028 2557 tan-

371 2609 548 2667 quam
581 2596 890 2655 uniformia
915 2595 1450 2668 simpliciaqueﬂs
1472 2603 1534 2652 ut
1555 2609 1690 2668 quae
1715 2595 2030 2653 verborum

373 2676 811 2757 compositione
850 2687 1030 2760 atque
1079 2675 1404 2738 involucris
1456 2677 1705 2738 minime
1736 2675 2030 2756 indigent,

367 2765 1150 2844 tuere.0bservaautem,ut
1172 2764 1536 2828 multitudini
1564 2765 2029 2828 uniformitatem

373 2855 754 2935 subjunxerit
792 2878 807 2921 :
838 2876 936 2921 res
967 2858 1128 2920 enim
1165 2865 1390 2919 sanctae
1426 2856 1737 2932 uniﬁcant,
1771 2856 2032 2935 profanae

371 2964 510 3008 vero
542 2944 902 3011 distrahunt.
924 2947 1053 3010 Non
1087 2947 1246 3009 enim
1277 2965 1507 3027 aequum
1539 2954 1649 3021 est,
1665 2947 1843 3026 juxta
1863 2965 2031 3009 sacra

374 3037 694 3114 Evangelia
724 3039 1021 3119 projicere
1069 3037 1266 3118 porcis
1287 3036 1647 3116 spiritalium
1676 3038 2028 3117 margarita-

370 3144 509 3190 rum
561 3128 863 3211 purumab
920 3125 1084 3189 omni
1125 3134 1360 3189 terrena
1396 3125 1812 3188 commistione
1860 3127 2033 3190 illus-

373 3234 634 3299 tremque
666 3225 1274 3300 splendoremFilium
1307 3239 1442 3283 vero
1494 3234 1648 3283 vocat
1713 3226 2035 3296 apostolum

2205 1054 2444 1109 Τοσαῦτα
2489 1051 2587 1125 μὲν
2643 1053 2869 1128 εἰρὴσθω
2921 1055 3039 1133 περὶ
3099 1062 3208 1113 τῶν
3268 1059 3524 1118 τοιοὺτων
3569 1065 3781 1138 ὁμοιωο

2119 1140 2327 1230 μάτων.
2419 1141 2616 1208 Καλῶς
2693 1141 2746 1199 δὲ
2830 1144 3221 1222 ὰγγελοειδεὶς,
3315 1151 3408 1207 οὐκ
3487 1152 3782 1230 ἆγγελικὰς

2117 1229 2272 1288 εἴπεο
2315 1250 2329 1266 ’
2404 1231 2461 1289 οὔ
2523 1233 2623 1310 γὰρ
2702 1234 2874 1290 αὐτῶν
2945 1242 3052 1292 τῶν
3109 1236 3352 1316 ἀγγέλων
3407 1239 3478 1305 ὥς
3540 1229 3669 1298 εἶσιν
3728 1245 3784 1300 αἱ

2116 1320 2314 1386 εἰκόνες
2383 1321 2814 1403 ἀπεγράφησαν,
2879 1323 2998 1382 ἁλλ’
3044 1323 3272 1408 ἔμφασιν
3329 1351 3447 1387 τινα
3495 1330 3782 1398 εἰδοποιίας

2114 1417 2220 1466 τῶν
2291 1412 2592 1470 ἀσωμάτων
2672 1413 3116 1493 ἂπεμφαίνουσιν.
3207 1409 3362 1486 Ἐξῆς
3452 1419 3506 1477 δὲ
3588 1423 3782 1502 πρέπει

2115 1501 2456 1582 ἀφορίσασθαι
2529 1505 2614 1560 καὶ
2673 1504 3048 1586 διασαφῆσαι,
3113 1509 3162 1565 τί
3247 1511 3346 1584 μὲν
3433 1513 3600 1582 αὖτὴν
3636 1501 3639 1502 ν
3679 1517 3780 1584 τὴν

2113 1593 2386 1686 ἱεραρχίαν
2443 1598 2582 1651 εἶναι
2628 1597 2877 1686 Αοῖὸμεθα,
2923 1597 2973 1652 τί
3031 1595 3086 1653 δέ
3144 1597 3268 1678 παρ’
3326 1601 3490 1671 αὖτῆς
3523 1607 3568 1662 οἱ
3600 1606 3781 1686 ιεράρ..

2115 1703 2212 1760 χαι
2242 1680 2570 1762 ὠφελοῦνται
2623 1682 2707 1740 διὰ
2758 1691 2864 1741 τῶν
2920 1689 3071 1764 ἱερῶν
3131 1688 3361 1747 τελετῶν
3418 1695 3508 1750 καί
3565 1680 3778 1771 μυστη-

2113 1771 2260 1850 ρίων,
2298 1770 2422 1830 Εἴθε
2456 1771 2510 1828 δὲ
2541 1773 2954 1854 προοδοποιήσοι
2987 1783 3209 1856 Χριστὸς
3247 1783 3274 1836 ὁ
3337 1781 3489 1864 ὲμος,
3684 1809 3780 1863 μοι

2112 1872 2267 1921 τοῦτο
2318 1865 2469 1938 θέμις
2520 1865 2713 1941 εἰπεῖν,
2769 1865 3174 1942 ἶδίοποιουμένῳ
3205 1870 3264 1925 τὸ
3323 1875 3553 1955 κοινὸν,)
3596 1878 3630 1944 ἦ
3663 1878 3780 1934 πά-

2116 1974 2216 2019 σης
2263 1953 2530 2032 ἱερατικῆς
2587 1957 2962 2018 καταστᾶσεως
3020 1956 3264 2015 ἐπίπνοια
3326 1965 3411 2017 καὶ
3495 1953 3780 2030 διάδοσιςέ

2060 2033 2190 2099 ΒΣὺ
2246 2041 2324 2116 δὲ,
2387 2043 2433 2100 ῶ
2489 2055 2615 2124 παῖ,
2669 2045 2824 2123 (φησὶ
2854 2047 2985 2124 πρὸς
3044 2049 3351 2131 Τιμόθεον,)
3385 2055 3522 2112 κατὰ
3551 2058 3650 2126 τήν
3683 2070 3785 2120 τοῦ

2115 2135 2375 2215 ἡμετέρου
2410 2136 2568 2210 νόμοι)
2623 2137 2904 2218 παράδοσιν
2943 2140 3032 2213 (τὰ
3088 2141 3215 2219 ἅγια
3261 2145 3362 2222 γὰρ
3423 2160 3542 2212 τοῖς
3583 2150 3786 2227 ἀγιοις)

2115 2227 2270 2292 αὐτὸς
2327 2246 2382 2281 τε
2441 2226 2770 2305 ἱεροπρεπῶς
2827 2229 2913 2285 καὶ
2984 2229 3063 2304 μὴ
3115 2232 3412 2309 χθαμαλῶς
3477 2235 3660 2318 ἄκουε,
3720 2226 3782 2294 ἐν

2115 2316 2308 2391 μυήσει
2353 2321 2458 2370 τῶν
2535 2315 2727 2373 ἐνθέων
2783 2339 3063 2396 γινομενος
3136 2320 3336 2397 ἔνθεος,
3398 2327 3486 2382 καὶ
3542 2315 3779 2409 κρυξρίως

2115 2402 2481 2484 περικαλύψας
2513 2407 2577 2461 τὰ
2619 2406 2746 2486 ἅγια
2777 2409 2914 2463 κατὰ
2963 2408 3084 2466 νοῦν
3136 2411 3196 2467 ἐκ
3243 2420 3348 2469 τῶν
3404 2402 3623 2495 ἀνιέρων
3655 2402 3780 2474 ’ἀν-

2115 2497 2269 2578 δρῶν,
2332 2499 2402 2566 ὦς
2455 2501 2659 2571 ἑνοειδῆ
2713 2503 2799 2560 καὶ
2852 2503 2996 2587 ᾁπλᾶ
3039 2507 3125 2561 καὶ
3183 2506 3260 2582 μὴ
3313 2503 3537 2583 δεόμενα
3595 2507 3782 2587 λόγων

2115 2589 2402 2655 συνθέσεως
2464 2590 2812 2672 διαφύλαξον.
2868 2585 3022 2672 ’Ὅρα
3083 2593 3171 2675 δὲ,
3230 2597 3360 2674 πρὸς
3421 2597 3480 2653 τὸ
3539 2585 3782 2666 πληθύος

2115 2681 2176 2736 τὸ
2230 2679 2433 2748 ἑνοειδη
2487 2681 2728 2762 ἐπὴγαγε
2762 2699 2776 2714 ⁸
2859 2684 2926 2741 τὰ
2974 2685 3073 2759 μὲν
3130 2686 3230 2765 γὰρ
3290 2686 3418 2765 ἅγια
3473 2687 3714 2745 ἐνοποιεῖ
3752 2707 3768 2721 ⁸

2110 2771 2178 2827 τὰ
2233 2768 2287 2826 δὲ
2339 2768 2545 2847 βέϐηλοι
2620 2771 3064 2837 διασκεδάννυσιν,
3099 2779 3172 2834 Οὐ
3255 2775 3354 2856 γὰρ
3411 2775 3636 2853 δίκαιον,
3697 2782 3775 2845 ὡς

2111 2862 2177 2917 τὰ
2233 2861 2345 2938 ἱερά
2401 2883 2559 2939 φασιν
2620 2862 2934 2942 Εὐαγγέλια,
2983 2866 3055 2928 εἷς
3093 2865 3307 2944 χοίρους
3353 2865 3637 2945 ἀπορρίψαι
3671 2891 3777 2935 την

2111 2951 2218 3008 τῶν
2271 2953 2481 3018 νοητῶν
2539 2958 2881 3031 μαργαριτῶν
2940 2954 3112 3032 ἀμιγῆ
3171 2960 3268 3022 τῆς
3351 2961 3500 3012 κᾶτω
3559 2959 3778 3037 συγχύ-

2117 3061 2253 3105 σεως
2297 3041 2384 3096 καὶ
2433 3039 2681 3119 λαμπρὰν
2738 3040 3087 3122 φαιδρὸτητα,
3147 3047 3320 3102 Παϊδα
3378 3044 3432 3102 δὲ
3480 3044 3626 3125 λέγει
3682 3049 3778 3103 τὸν

2119 3128 2419 3187 ἀπόστολον
2450 3133 2728 3206 Τιμόθεον,
2789 3130 2818 3198 ἥ
2881 3135 2953 3198 ὡς
3045 3131 3393 3211 προϐεϐηκὼς
3450 3149 3570 3201 τοῖς
3596 3135 3777 3193 ’ἐτεσιν

2122 3223 2272 3284 οὗτος
2306 3265 2323 3295 ,
2366 3220 2400 3287 ἡ
2453 3217 2538 3277 διὰ
2595 3223 2653 3277 τὸ
2685 3220 2974 3298 ἐρωτᾶσθαι
3011 3223 3137 3303 παρ’
3171 3228 3351 3306 αὐτοῦ,
3401 3225 3652 3283 κάκεῖνον
3685 3225 3777 3283 δι·-

372 3305 786 3390 Timotheum,
817 3309 909 3370 vel
939 3307 1096 3390 quod
1137 3306 1310 3368 annis
1363 3314 1523 3368 esset
1554 3310 1912 3390 provectior,
1946 3306 2027 3371 vel

2121 3309 2399 3367 δάσκεσθὰι
2435 3326 2448 3340 ⁸
2485 3310 2614 3390 εἶχε
2645 3312 2744 3391 γὰρ
2805 3312 3042 3395 μεγάλας
3102 3315 3196 3378 τὰς
3247 3315 3564 3395 ὶνοχλήσεις
3627 3320 3779 3389 παρὰ

373 3397 535 3479 quod
563 3399 636 3460 ab
669 3399 879 3461 eodem
913 3405 1155 3476 rogatus
1188 3405 1344 3458 esset
1375 3396 1500 3458 haec
1551 3395 2030 3477 edocerezsiqui-

375 3487 512 3550 dem
545 3489 633 3550 illi
665 3506 904 3568 magnas
939 3487 1140 3549 turbas
1164 3484 1540 3548 lacessebant
1586 3488 1736 3550 Ionii
1760 3487 2032 3569 philoso-

378 3578 503 3660 phi.
527 3577 636 3642 Vel
666 3580 848 3641 etiam
873 3575 1236 3641 innocentiae
1262 3578 1572 3640 studiosos
1598 3597 1819 3661 pueros
1853 3599 2034 3643 voca-

375 3667 703 3745 bant,sicut
725 3668 964 3750 quidam
992 3676 1224 3730 veteres
1255 3667 1505 3730 historia
1532 3668 2037 3754 tradiderunt,ip-

377 3775 510 3820 sum
543 3759 910 3822 innocentiae
929 3757 1114 3821 laude
1135 3755 1438 3820 celebrem
1464 3757 1793 3824 exstitisse.

928 4050 1288 4139 CAPUT
1333 4052 1488 4144 III.

425 4186 590 4268 Quid
614 4188 696 4257 sit
727 4192 1106 4272 hierarchia,
1139 4202 1196 4259 et
1225 4211 1500 4277 quxnam
1525 4191 1654 4274 ejus
1681 4194 1955 4259 utilitas.

2114 3408 2222 3456 τῶν
2264 3401 2318 3456 ἰν
2367 3400 2539 3473 Ἰωνίᾳ
2596 3400 2922 3482 φιλοσόφων.
2987 3393 3073 3460 ’Ἠ
3128 3406 3250 3470 τοὺς
3301 3393 3402 3473 ’τη-ν
3449 3405 3675 3464 ἀκακίαν
3704 3407 3777 3464 ὰ-

2118 3497 2372 3554 σκοῦντας
2403 3489 2598 3554 παῖδας
2621 3491 3048 3567 ἑκάλουν,καθώς
3083 3516 3220 3562 τινες
3255 3497 3472 3554 παλαιοὶ
3501 3497 3772 3577 ἱστοροῦσι

2118 3584 2238 3664 περὶ
2263 3583 2476 3660 τούτου,
2510 3581 2591 3640 ὅτι
2620 3588 2689 3661 τῇ
2717 3581 2914 3642 ἆκακια
2942 3582 3278 3663 ἐσεμνύνετο.

2534 4055 3184 4144 ΚΕΦΑΛΑΙΟΝ
3269 4055 3357 4142 Γ⁷

2282 4188 2342 4250 Τί
2372 4189 2515 4250 ἆστιν
2543 4187 2812 4270 ἱεραρχία⁹
2840 4187 2945 4335 ὅκαὶ
2973 4186 3054 4253 τίς
3083 4188 3116 4255 ἡ
3161 4187 3300 4245 κατὰ
3326 4187 3605 4270 ἱεραρχίαν

2873 4298 3047 4335 νησις.

2873 4298 3047 4346 νησις.

1719 4364 2074 4434 SYNOPSIS
2114 4366 2434 4434 CAPITIS.

373 4469 418 4530 Ι.
451 4471 655 4550 Deﬁnit
679 4466 1317 4550 hierarchiam,_eautquc
1347 4473 1625 4550 tri/ariam
1654 4473 1868 4550 dividit.
1897 4476 1964 4550 Π.
1998 4476 2466 4550 Ezponitquis_sit
2487 4475 2622 4550 ﬁnis
2641 4477 2750 4550 sive
2771 4490 2965 4550 scapus
2990 4472 3392 4550 ἠίθεοι-διιὼνβί
3409 4475 3590 4548 qualis
3611 4475 3674 4550 iu
3704 4491 3778 4534 ea

447 4547 520 4620 sit
541 4546 937 4605 subordinatio:
959 4553 1009 4605 et
1027 4548 1192 4606 simul
1211 4546 1458 4620 ostendit,
1470 4547 1837 4620 perfectionem
1857 4547 1974 4620 ejus
1993 4546 2283 4607 consistere
2293 4551 2348 4606 in
2368 4547 2464 4605 Dei
2487 4546 2816 4617 imitatione;
2839 4546 3054 4619 eiusque
3071 4547 3378 4620 functiones
3393 4546 3778 4620 esse.ezpiare,

444 4617 772 4696 illuminare,
797 4621 1070 4696 perﬁcere.
1105 4620 1175 4676 ill
1189 4663 1200 4675 .
1227 4617 1503 4696 Explicat,
1525 4617 1660 4696 quid
1680 4617 1946 4678 iucumliat
1969 4627 2085 4680 tam
2103 4623 2170 4679 iis
2189 4623 2618 4696 quiearpiantur,
2645 4617 3046 4687 illuminantur,
3067 4617 3621 4692 perﬁciuntur,qu
3653 4619 3776 4678 illis

2003 4763 2123 4846 gr.

445 4690 536 4761 qui
553 4690 1142 4765 expiantﬁlluminaut
1173 4690 1330 4764 atque
1349 4690 1653 4765 perﬁci—unt.

448 4870 554 4935 Est
581 4873 1084 4951 hierarchia,meo
1109 4873 1355 4954 quidem
1373 4873 1625 4956 judicio,
1656 4892 1828 4939 sacer
1853 4875 2023 4957 ordo,
2051 4889 2096 4942 ι)

373 4972 434 5029 et
459 4964 733 5042 scientia,
768 4973 826 5026 et
851 4964 1007 5026 actio
1039 4983 1176 5045 quae
1203 4963 1278 5028 ad
1333 4965 1795 5045 deformitatem,
1828 4985 2023 5049 quan-

373 5062 497 5117 tum
531 5054 618 5118 fas
646 5063 757 5134 est,
787 5053 1040 5128 accedit,
1073 5061 1250 5135 atque
1280 5055 1473 5118 insitis
1501 5055 1616 5118 sibi
1638 5057 1922 5120 divinitus
1943 5058 2020 5120 il-

373 5142 830 5209 lustrationibus
862 5143 1252 5224 proportione
1281 5147 1530 5228 quadam
1563 5148 1636 5210 ad
1660 5149 1769 5212 Dei
1798 5149 2021 5212 subve—

371 5235 538 5298 hitur
567 5233 981 5296 imitationem.
999 5237 1178 5298 Porro
1210 5253 1280 5300 ea
1309 5256 1440 5318 qua:
1462 5237 1652 5300 Deum
1677 5238 2020 5318 decet,pul-

374 5323 675 5400 chritudo,
712 5331 774 5388 ut
804 5322 1086 5406 simplex,
1117 5332 1180 5387 ut
1203 5325 1380 5402 bona,
1417 5333 1479 5387 ut
1501 5326 1666 5404 origo
1694 5324 2022 5406 perfectio-

380 5413 498 5488 nis,
531 5415 679 5474 nulli
705 5413 944 5474 omnino
1000 5425 1086 5477 est
1118 5416 1367 5478 admista
1391 5416 1892 5496 dissimilitudini,
1927 5415 2031 5476 sed

377 5521 485 5584 pro
515 5504 807 5582 cujusque
830 5505 1044 5567 merito
1071 5506 1310 5568 cuilibet
1341 5507 1538 5568 lumen
1564 5523 1738 5566 suum
1764 5504 2032 5585 imperti-

381 5600 498 5665 tur,
532 5601 588 5654 ct
618 5592 677 5654 in
713 5611 1086 5657 sacramento
1130 5596 1525 5677 divinissimo,
1571 5595 1643 5657 ad
1677 5595 2028 5658 immutabi-

381 5681 560 5745 litatis
604 5701 725 5746 suae
756 5686 1017 5766 speciem
1050 5687 1528 5752 transformando
1560 5695 1956 5752 consummat.

2192 4874 2231 4905 ”
2240 4876 2374 4935 Εστῖ
2406 4874 2503 4953 μὲν
2557 4873 2825 4956 ἱεραρχία,
2865 4871 2986 4931 κατ’
3038 4871 3158 4954 iul,
3187 4870 3333 4939 τάξις
3361 4871 3496 4952 ἱερὰ,
3530 4873 3619 4932 καὶ
3642 4873 3778 4932 ιπι-

2105 4967 2314 5043 στημη,
2373 4967 2460 5024 καὶ
2519 4965 2762 5045 ἐνέργεια
2820 4965 2950 5043 πρὸς
3009 4966 3072 5021 τὸ
3133 4960 3363 5028 θεοειδὲς
3419 4963 3493 5029 ὡς
3555 4963 3780 5045 ἐφικτὸν

2106 5055 2528 5136 ἆφομοιουμένη,
2592 5057 2681 5112 καὶ
2734 5055 2867 5132 πρὸς
2913 5055 3007 5120 τὰς
3066 5051 3410 5128 ενδιδομέ-δας
3469 5054 3604 5131 αὐτῇ
3645 5057 3778 5111 θεό-

2105 5151 2192 5206 θεν
2237 5147 2534 5226 ἑλλάμψεις
2589 5145 2869 5226 ἀναλόγως
2922 5146 3008 5205 ἐπὶ
3065 5147 3127 5206 τὸ
3177 5148 3502 5222 θεομίμητον
3562 5146 3773 5228 ἀναγο-

2107 5238 2267 5317 μένη,
2307 5241 2378 5300 TE.
2407 5237 2462 5296 δὲ
2491 5238 2784 5318 θεοπρεπὲς
2844 5236 3066 5314 κάλλος,
3120 5238 3195 5303 ὡς
3239 5235 3466 5314 ἁπλοῦν,
3519 5238 3593 5304 ὡς
3625 5238 3774 5318 ἀγα-

2107 5331 2221 5409 θὸν,
2279 5331 2353 5394 ὡς
2431 5329 2836 5410 τελὶταρχικὸν,
2922 5328 3114 5407 ἀμιγὲς
3173 5327 3272 5403 μὲν
3356 5327 3468 5385 ἔστι
3540 5328 3776 5386 καθδλου

2119 5421 2296 5486 πάσης
2382 5421 2787 5498 ἀνομοιότητος,
2881 5417 3228 5496 μεταδοτιγὸν
3318 5415 3372 5474 δὲ
3445 5417 3566 5474 κᾶτ’
3626 5418 3774 5484 ἀξίαν

2116 5509 2323 5582 ἑκάστῳ
2379 5510 2471 5567 τοῦ
2547 5508 2738 5568 οἰκείου
2832 5510 3030 5589 φωτὸς,
3107 5509 3194 5563 καὶ
3294 5507 3634 5565 τελειωτικὸν
3718 5512 3774 5565 ἓν

2114 5598 2303 5676 τελετῇ
2335 5601 2580 5677 θειοτάτῃ
2611 5600 2746 5656 κατὰ
2776 5599 2877 5666 τὴν
2899 5614 2902 5618 ’
2924 5601 3056 5679 πρὸς
3090 5597 3250 5655 ἑαυτό
3279 5597 3388 5656 τῶν
3436 5596 3772 5676 τελουμένων

2114 5688 2436 5768 ἐναρμονίως
2468 5687 2881 5772 ἀπαράλλακτον
2904 5690 3202 5771 μόρφωσιν,
