4052 6436
237 308 358 393 465

1256 315 1353 395 DE
1397 316 1748 397 COELESTI
1792 316 2297 413 HIERARCHIA,
2346 328 2506 399 CAP.
2560 314 2669 398 Iit.

3529 328 3645 402 166

1874 466 1903 547 §
1944 469 2024 530 ιι.

320 624 539 686 Σκοπὸς
586 621 675 678 οὖν
762 622 1034 702 ἱεραρχίας
1055 621 1229 706 ἐστίν,
1299 629 1333 696 ἡ
1380 629 1510 703 πρὸς
1596 630 1748 705 Θεὸν,

232 716 486 794 ὶφικτὸν,
546 713 883 791 ἀφομοίωσίς
913 734 971 770 τε
1002 715 1091 770 καὶ
1119 713 1330 791 ἓνωσις,
1364 719 1520 775 αὑτόν
1554 717 1754 798 ἔχουσα
1800 723 1910 777 πά·-

231 828 341 872 σης
409 808 559 882 ἱερᾶς
607 803 920 878 ἰπιστῆμιις
965 825 1022 859 τε
1084 807 1171 861 καὶ
1225 805 1488 886 ὶιεργείας
1540 811 1903 888 καθηγεμόνα,

228 896 336 951 καὶ
401 895 535 972 πρὸς
593 893 693 959 τὴν
758 892 916 949 αὐτοῦ
954 896 1233 961 θειοτάτην
1288 897 1605 977 εὐπρέπειαν
1676 900 1904 963 ἀκλινῶς

228 984 335 1060 μὶν
410 986 575 1063 ὁρῶν³
612 983 688 1046 ὡς
741 979 960 1039 δυνατὸν
1020 983 1073 1039 δὲ
1120 984 1580 1066 ἀποτυπούμενος,
1616 992 1727 1046 ’καὶ
1778 991 1900 1055 τοὺς

235 1075 439 1130 ἑαυτοῦ
474 1072 794 1153 θιασώτας,
858 1071 1140 1148 ἀθάλματα
1188 1078 1307 1132 θεῖα
1392 1078 1604 1153 τελιῖιν,
1672 1079 1901 1144 ἔσοπτρα

230 1163 288 1213 71
325 1161 663 1220 διειδὲστατα
696 1151 787 1219 καί
828 1161 1158 1239 ἀκηλίδωτα,
1205 1163 1419 1227 δεκτικά
1448 1174 1548 1236 τῆς
1589 1151 1902 1252 ἀρχιφώτιου

230 1254 325 1310 καὶ
356 1257 661 1333 θεαρχικῆς
708 1253 952 1316 ἀκτῖνος·
988 1254 1078 1309 καὶ
1137 1260 1234 1331 τῇς
1277 1260 1374 1331 μὲν
1433 1257 1770 1335 ἄνδιδομένης
1804 1260 1901 1318 αἴ-

236 1343 384 1422 γλης
418 1343 573 1423 ίερῶς
634 1342 1115 1420 ἀποπληρούμενα,
1184 1347 1383 1414 ταύτην
1429 1347 1483 1404 δὲ
1544 1350 1686 1416 αὖθις
1731 1352 1900 1431 seea-

240 1458 349 1498 νως
399 1435 477 1498 είς
538 1433 604 1490 τά
649 1431 770 1498 ἑξῆς
808 1433 1215 1510 ἀναλάμποντα,
1249 1439 1385 1495 κατά
1414 1440 1537 1502 τοὺς
1580 1443 1904 1522 θεαρχικοῦς

235 1524 501 1599 θεσμοῦς.
536 1522 607 1581 Οὔ
638 1523 739 1599 γὰρ
797 1523 1012 1597 θεμιτόν
1082 1524 1191 1581 ἐστι
1236 1540 1353 1591 τοῖς
1404 1529 1510 1585 τῶν
1570 1538 1721 1604 ιερῶν
1752 1531 1905 1589 τελε-

236 1628 370 1677 ταῖς
406 1613 489 1689 73,
526 1614 561 1681 ἦ
613 1626 731 1677 τοῖς
791 1614 945 1689 ἱερῶς
980 1614 1343 1696 τελουμένοις,
1376 1618 1651 1698 ἑνερθῆσαί
1698 1643 1749 1678 τι
1771 1627 1903 1679 καθ-

239 1702 401 1785 όλου²
450 1704 595 1774 παρά
637 1703 732 1767 τὰς
793 1703 889 1770 τῆς
939 1705 1136 1769 οἰκείας
1184 1705 1531 1788 τελεταρχίας
1584 1711 1721 1789 ίεράς
1782 1709 1903 1769 δια-

236 1792 448 1859 τάξεις·
486 1792 607 1849 ἀλλ’
641 1790 754 1849 οὐδὲ
813 1792 1076 1873 ὑπάρχειν
1133 1795 1348 1875 ἑτέρως,
1398 1799 1441 1853 εἰ
1498 1803 1595 1867 τῆς
1645 1805 1902 1880 θεωτικῇς

239 1886 415 1952 αὐτῆς
462 1883 699 1962 ἀγλαΐας
758 1882 987 1963 ἒφίενται
1017 1929 1033 1959 ,
1087 1888 1175 1942 καὶ
1244 1890 1375 1966 πρὸς
1431 1890 1596 1957 αὐτὴν
1655 1893 1900 1972 ἱεροπρε-

1837 632 1910 694 ὡς
1933 642 1973 691 Α
2079 630 2306 711 Scopus
2354 633 2534 711 igitur
2563 632 2914 694 hierarchiae
2939 640 3051 708 est,
3086 629 3215 707 Dei,
3252 644 3474 717 quanta
3521 631 3651 698 ﬁeri

1997 722 2571 803 potest,assimilatio
2606 722 3119 803 conjunctioque:
3169 743 3345 804 quem
3375 745 3512 788 cum
3545 728 3652 788 ha-

1994 811 2333 874 beatomnis
2358 830 2542 874 sacra}
2568 821 2623 874 et
2646 813 2913 876 scientize
2944 824 3006 877 et
3029 815 3392 895 operationis
3407 816 3645 890 ducem,

1987 902 2060 963 ad
2088 902 2525 963 divinissimum
2559 902 2690 982 ejus
2718 902 3004 965 decorem
3042 905 3651 967 conslanterintuen-

1986 991 2371 1066 do,eumdem
2397 992 2591 1072 quoad
2618 996 2814 1072 potest
2835 1011 2904 1055 ex
2917 993 3269 1074 primit,nec
3283 1013 3401 1055 non
3418 994 3650 1063 divinos

1984 1081 2077 1142 sui
2112 1090 2422 1143 consortes
2449 1099 2619 1142 sacra
2670 1082 2940 1161 quaedam
3007 1083 3250 1163 perﬁcit
3302 1083 3645 1158 simulacra,

1986 1170 2350 1252 speculaqne
2374 1172 2707 1233 clarissima
2756 1180 2813 1231 et
2846 1172 3230 1234 immaculata
3279 1192 3412 1255 qua:
3443 1175 3643 1254 primi-

1987 1263 2115 1323 tisz
2144 1262 2295 1323 lucis
2344 1280 2713 1342 summaeque
2756 1262 2996 1324 deitatis
3027 1263 3271 1325 radium
3306 1264 3603 1345 excipiant
3634 1284 3652 1330 τ

1991 1352 2161 1431 cujus
2186 1352 2379 1412 indito
2399 1352 2725 1432 splendore
2748 1370 2915 1414 sacro
2944 1353 3348 1433 plena,denuo
3367 1354 3645 1416 eumdem

1992 1460 2063 1504 ex
2098 1442 2321 1504 divinis
2347 1440 2606 1519 legibus,
2655 1442 2715 1503 in
2737 1462 2808 1504 ea
2839 1461 2971 1523 quae
3002 1453 3354 1524 sequuntur,
3389 1446 3522 1507 sine
3552 1453 3649 1507 in-

1988 1532 2145 1593 vidia
2194 1532 2639 1595 transfundant.
2701 1530 2913 1613 Neque
2953 1533 3112 1594 enim
3171 1533 3258 1596 fas
3316 1542 3406 1596 est
3462 1537 3651 1597 sacris

1992 1621 2452 1702 professoribus,
2486 1622 2577 1683 vel
2608 1624 2701 1683 29
2749 1622 3017 1703 initiatis,
3053 1622 3379 1705 quidquam
3406 1643 3650 1706 prorsus

1989 1713 2416 1793 operari.quod
2449 1712 2602 1773 sacri
2624 1712 2718 1775 sui
2744 1712 2976 1773 ordinis
2990 1714 3393 1776 sacrosanctis
3423 1715 3651 1778 consti-

1990 1801 2320 1868 tutionibus
2350 1810 2646 1883 repugnet
2684 1825 2698 1875 ;
2730 1803 2847 1863 imo
2875 1820 2987 1864 nec
3038 1802 3252 1864 iisdem
3303 1803 3647 1882 dissentire,

1985 1892 2034 1954 si
2084 1892 2344 1954 divinam
2396 1893 2527 1972 ejus
2573 1900 2858 1973 appetant.
2891 1892 3250 1968 claritatem,
3290 1902 3351 1955 et
3379 1894 3452 1956 ad
3484 1892 3647 1956 illam

238 1975 362 2037 πῶς
408 1973 475 2024 73
538 1974 932 2048 ἀποσκοποῦσι,
1009 1975 1099 2031 καὶ
1154 1975 1549 2036 ἀποτυποῦνται
1597 1983 1733 2039 κατά
1801 1984 1901 2051 τὴν

1992 1992 2220 2064 sancte,
2282 1984 2364 2043 uti
2458 1981 2654 2063 decet,
2720 1982 3035 2063 aspiciant,
3084 2001 3152 2044 ac
3200 2002 3305 2064 pro
3364 1985 3654 2066 cujusque

239 2065 478 2122 ἑκάστου
546 2070 653 2120 τῶν
701 2066 856 2142 ἱερῶν
910 2064 1045 2120 νόων
1086 2064 1408 2145 ἀναλογίαν,
1458 2069 1658 2128 Οὖκοῦν
1728 2074 1756 2130 ὁ
1804 2071 1901 2130 λὶ-

1992 2092 2300 2135 sacrarum
2365 2074 2651 2134 mentium
2730 2073 3056 2154 capacitate
3126 2064 3651 2138 transformentur.

237 2178 352 2233 γων
408 2156 691 2234 ἱεραρχίαν
733 2203 747 2227 ,

834 2154 979 2233 ἱερὰν
1064 2176 1179 2212 τινα
1236 2158 1462 2216 καθόλου
1544 2160 1901 2240 διακόσμησιν

1986 2164 2189 2243 Itaque
2215 2163 2315 2244 qui
2334 2162 2728 2224 hierarchiam
2756 2164 3378 2244 nominat,quamdam
3403 2165 3653 2228 omnino

240 2245 430 2319 δηλοῖ,
493 2245 673 2302 εἰκόνα
741 2246 840 2311 τῆς
896 2248 1191 2324 θεαρχικῆς
1238 2249 1590 2327 ὡρπιότητοςν
1626 2252 1679 2309 ἐν
1721 2254 1898 2319 τάξεσι

1992 2270 2212 2315 sacram
2244 2252 3119 2333 designatdispositionem,Dei
3146 2254 3495 2335 principalis
3521 2256 3649 2336 pul-

243 2337 332 2391 καὶ
360 2335 703 2409 ὶπιστήμαις
760 2336 1127 2414 ίεραρχικαϊς,
1186 2340 1251 2393 τὰ
1294 2345 1395 2406 τῆς
1440 2343 1635 2407 οἰκείας
1688 2342 1897 2421 mea-

253 2430 391 2500 ψεως
440 2426 814 2501 ἱερουργοῦσαν
856 2426 1150 2507 μυστήρια,
1197 2430 1285 2483 καὶ
1342 2431 1475 2509 πρὸς
1542 2435 1642 2501 τὴν
1709 2435 1906 2491 οἰκείαν

263 2515 429 2592 ἀρχὴν
457 2514 532 2577 ώς
583 2515 805 2591 γεμιτὸν
839 2513 1298 2593 ἀφομοιουμένην,
1357 2519 1525 2578 ’Ἔστι
1556 2526 1656 2601 γὰρ
1700 2524 1909 2597 ἑκάστῳ

261 2611 363 2660 τῶν
412 2605 693 2682 ἱεραρχίαν
743 2602 1173 2681 κεκληρωμένων
1216 2610 1251 2677 ἡ
1304 2609 1604 2692 τὲλείωσις,
1657 2615 1721 2670 τὸ
1790 2615 1907 2671 κατ’

251 2696 451 2751 οἰκείαν
522 2692 813 2772 ἀναλογίαν
870 2697 955 2751 ἐπὶ
1015 2699 1075 2754 τὸ
1159 2700 1482 2774 θεομίμητον
1553 2702 1851 2785 ἀναχθῆναι
1886 2752 1903 2777 ,

248 2785 360 2844 Καὶ
389 2785 451 2841 τὸ
494 2783 562 2853 δὴ
590 2785 804 2843 πάντων
854 2785 1139 2866 θειότερον,
1174 2790 1248 2853 ὡς
1280 2791 1344 2846 τὰ
1374 2792 1542 2870 Λόγιά
1585 2783 1741 2872 φησι,
1775 2803 1907 2854 Θεοῦ

248 2876 507 2954 συνεργὸν
536 2875 801 2953 γενέσθαι,
864 2879 950 2933 καὶ
992 2876 1159 2944 δεῖξαι
1216 2880 1317 2947 τὴν
1347 2881 1489 2936 θείαν
1531 2882 1799 2962 ἐνέργειαν
1850 2885 1904 2941 ἂν

248 2965 429 3039 ἑαυτῷ
456 2966 598 3022 κατά
650 2966 710 3022 τὸ
771 2964 988 3025 δυνατὸν
1047 2967 1503 3048 ἀναφαινομένην·
1544 2976 1685 3053 οἷον,
1721 2972 1905 3044 ἐπειδὴ

1988 2341 3027 2421 chritudinisimaginem,ordinibus
3043 2344 3653 2424 scientiisquesacro-

1991 2432 2441 2513 principalibus,
2494 2432 2911 2495 illustrationis
2962 2451 3082 2495 sua)
3140 2434 3422 2513 mysteria
3473 2436 3641 2497 cele-

1994 2523 2474 2602 brantem,atque
2507 2522 3067 2603 proprio,quantum
3099 2522 3185 2583 fas
3210 2532 3320 2602 est,
3350 2524 3647 2605 principio

1994 2612 2388 2674 conformem.
2425 2612 2655 2674 Etenim
2683 2612 3011 2692 cujuslibet
3032 2630 3243 2675 eorum
3269 2614 3369 2695 qui
3398 2632 3641 2677 sacrum

1989 2701 2261 2763 ordinem
2286 2703 2473 2763 sortiti
2492 2702 2723 2779 sunt,in
2745 2703 2859 2764 hoc
2882 2703 2995 2765 sita
3024 2702 3308 2784 perfectio
3330 2712 3446 2777 est,
3481 2711 3546 2766 ut
3571 2705 3645 2766 ad

1989 2792 2388 2873 divinam,pro
2411 2800 2586 2871 captu
2608 2792 2858 2874 quisque
2885 2812 3015 2874 suo,
3045 2812 3286 2875 promov
3299 2802 3471 2856 eatur
3501 2795 3649 2856 imi-

1988 2883 2577 2965 tationem,quodque
2591 2883 2846 2945 divinius
2859 2883 3447 2965 estomnium,ipsius
3464 2884 3643 2946 etiam

1988 2971 2119 3052 Dei,
2155 2972 2487 3050 utEloquia
2510 2973 2857 3053 loquuntur,
2895 2972 3506 3053 cooperatorexistat,
3540 2971 3643 3033 di-

245 3054 397 3146 τάξις
430 3057 711 3136 ίεραρχίας
767 3058 878 3113 εστὶ
934 3057 997 3114 τὸ
1053 3057 1177 3124 τοῦς
1232 3059 1330 3134 μὲν
1378 3063 1734 3143 καθαίρεσθαι,
1781 3065 1905 3130 τοὺς

1992 3062 2311 3146 vinamque
2341 3064 2401 3123 in
2436 3063 2760 3142 semetipso
2792 3062 3166 3126 demonstret
3204 3061 3645 3141 operationem,

246 3144 304 3202 δὲ
334 3146 641 3221 καθαίμειν·
687 3148 775 3203 καὶ
818 3148 940 3211 τοὺς
986 3148 1085 3225 μὲν
1134 3152 1470 3231 φωτίζεσθαι,
1514 3154 1636 3216 τοὺς
1684 3151 1738 3209 δὲ
1785 3177 1906 3234 φω-

1992 3153 2188 3233 quoad
2210 3144 2800 3233 potest,elucentem:
2824 3152 3043 3234 quippe
3070 3168 3204 3213 cum
3231 3151 3292 3213 in
3328 3152 3441 3212 hoc
3463 3150 3539 3212 sit
3561 3169 3651 3212 sa-

254 3237 445 3307 τίζειν’
484 3236 575 3291 καὶ
628 3236 747 3299 τοὺς
809 3237 908 3312 μὲν
951 3237 1220 3297 τελεῖσθαι
1274 3240 1359 3315 74,
1417 3243 1538 3306 τοὺς
1611 3241 1664 3299 δὲ
1692 3243 1905 3301 τελεσι-

1992 3262 2110 3306 crae
2129 3242 2592 3334 gubernationis,
2627 3242 2799 3334 ordo,
2844 3250 2910 3304 ut
2936 3242 3141 3334 aliqui
3155 3249 3512 3334 purgentur,
3546 3240 3651 3334 alii

248 3328 497 3406 ουργϊίν,
527 3325 737 3415 ἑκάστῳ
790 3329 848 3383 τὸ
897 3329 1224 3406 θεομίμητον
1282 3332 1505 3410 ἁρμόσει
1565 3334 1703 3391 κατά
1760 3333 1906 3392 τόνδε

2005 3342 2295 3415 purgent;
2329 3334 2508 3414 aliqui
2536 3332 3083 3403 illuminentur,alii
3104 3331 3475 3413 illuminent;
3511 3332 3650 3412 qui-

254 3420 352 3475 τὸν
384 3416 606 3497 τρόπον.
662 3407 724 3474 Ἠ
754 3418 866 3474 θεία
897 3419 960 3469 75
1016 3407 1373 3503 μακαριότης,
1408 3423 1481 3486 ὡς
1524 3423 1580 3481 ἐν
1622 3424 1906 3503 ἀνθρώποις

2003 3407 2143 3487 deni
2173 3407 2585 3504 perﬁciantur,
2622 3422 2898 3485 nonnulli
2927 3440 3066 3484 vero
3091 3420 3403 3501 perﬁciant
3434 3407 3651 3498 {modo

252 3511 459 3571 εἰπεῖν,
494 3507 697 3587 ἀμιγὴς
722 3507 821 3584 μέν
850 3507 993 3566 ἰστιν
1033 3511 1249 3579 ἀπάσης
1286 3512 1906 3595 ἀνομοιότητὸςβλήρης

2001 3514 2219 3593 cuique
2240 3532 2347 3575 suo
2365 3512 2566 3576 divina
2598 3520 2882 3590 congruet
2907 3511 3189 3574 imitatio.
3215 3510 3425 3571 Divina
3454 3511 3649 3594 siqui-

249 3597 307 3657 δὲ
357 3599 537 3679 φωτὸς
585 3597 784 3672 ἀϊδίου,
828 3597 1006 3657 τελεία
1040 3603 1125 3658 καὶ
1176 3601 1427 3671 ἀνενδεὴς
1457 3603 1673 3671 ἀπάσης
1703 3604 1906 3663 τελειό-

1999 3604 2135 3666 dem
2159 3601 2487 3675 beatitudo,
2536 3610 2600 3663 ut
2627 3620 2792 3663 more
2814 3601 3128 3663 hominum
3158 3602 3385 3681 loquar,
3427 3618 3651 3682 expers

252 3712 447 3764 τητος,
509 3689 826 3767 καθαίρουσα
856 3736 872 3764 ,
931 3693 1019 3747 καὶ
1081 3694 1417 3773 φωτίζουσα,
1476 3695 1563 3750 καὶ
1606 3694 1912 3775 τελεσιουρ-

252 3789 453 3860 γοῦσα·
516 3779 722 3855 μᾶλλον
770 3778 825 3835 δὲ
896 3781 1148 3860 κάθαρσις
1232 3784 1367 3859 ἱερὰ,
1453 3785 1543 3841 καὶ
1612 3786 1909 3863 φωτισμὸς,

251 3873 344 3928 καὶ
376 3870 675 3945 τελείωσις,
735 3870 867 3949 ὑπὲρ
909 3871 1185 3953 κάθαρσιν,
1243 3874 1374 3953 ὑπὲρ
1418 3880 1553 3955 φῶς,
1608 3874 1911 3952 προτέλειος

254 3961 718 4041 αὐτοτελεταρχία
760 3959 845 4035 76,
908 3963 997 4018 καὶ
1057 3962 1235 4031 πάσης
1294 3964 1393 4039 μὲν
1475 3967 1749 4047 ίεραρχίας
1822 3968 1912 4023 αἷ-

250 4054 366 4129 τία,
437 4054 639 4117 παντὸς
699 4051 754 4108 δὲ
816 4053 959 4132 ἱεροῦ
1027 4053 1165 4110 κατά
1245 4056 1309 4111 τὸ
1365 4054 1629 4136 ὑπερέχον
1713 4055 1912 4137 lippu-

251 4148 397 4225 μένη
408 4195 423 4210 ,

1999 3703 2088 3756 est
2118 3692 2312 3754 omnis
2332 3690 2862 3771 dissimilitudinis,
2897 3709 2965 3752 ac
3013 3691 3187 3771 plena
3236 3690 3390 3751 lucis
3422 3692 3651 3771 sempi-

1999 3791 2205 3865 ternae,
2244 3781 2763 3864 perfecta,nullius
2789 3780 2995 3859 indiga
3029 3780 3451 3862 perfectionis,
3482 3799 3651 3844 mun-

1995 3875 2167 3955 dans,
2199 3874 2573 3947 illuminans,
2608 3889 3037 3936 consummans
3072 3892 3088 3943 ;
3153 3870 3422 3951 quinimo
3458 3871 3654 3951 potius

1996 3964 2437 4046 ipsametsacra
2456 3962 2785 4035 mundatio,
2818 3971 2879 4023 et
2899 3960 3351 4043 illuminatio,et
3382 3980 3658 4023 consum-

1998 4055 2200 4130 matio,
2222 4072 2405 4137 supra
2426 4053 2900 4126 mundationem,
2925 4069 3114 4132 supra
3139 4050 3358 4133 lucem,
3395 4070 3656 4132 praeper-

1997 4140 2291 4226 fecta,per
2310 4163 2375 4207 se
2410 4144 2575 4223 origo
2627 4143 3043 4225 perfectionis,
3080 4149 3259 4222 atque
3288 4144 3484 4205 omnis
3514 4145 3657 4220 qui~

1997 4234 2133 4299 dem
2154 4239 2305 4297 sacri
2334 4233 2572 4297 ordinis
2593 4251 2796 4315 causa,
2841 4243 3253 4294 verumtamen
3285 4231 3359 4294 ab
3392 4232 3556 4294 omni
3590 4251 3656 4295 re

1995 4343 2169 4390 sacra
2192 4343 2302 4407 per
2332 4324 2751 4389 excellentiam
2785 4330 3073 4405 excepta.

1875 4459 1905 4541 §
1947 4457 2049 4528 III.

338 4585 457 4665 Χρὴ
517 4594 825 4668 τοιγαροῦν,
880 4589 953 4653 ὡς
1015 4588 1198 4670 οἶμαι,
1262 4586 1382 4653 τοῦς
1438 4585 1537 4663 μὲν
1593 4583 1906 4665 καθαιρομέ·

2082 4583 2329 4663 Oportet
2359 4580 2559 4661 igitur,
2597 4588 2659 4643 ut
2700 4580 2977 4657 arbitror,
3009 4600 3115 4646 eos
3172 4580 3273 4664 qui
3307 4584 3655 4670 purgantur,

261 4700 379 4739 νο·›ς
413 4678 635 4756 ἀμιγεῖς
695 4678 1074 4737 ἀποτελεῖσθαι
1127 4677 1376 4738 καθόλου.
1416 4677 1501 4734 καὶ
1535 4677 1712 4743 πάσης
1744 4675 1912 4744 ἠλευ-

267 4769 521 4843 θερῶσθαι
566 4773 666 4835 τῆς
733 4769 983 4845 ἀνομοίου
1025 4770 1394 4848 συμφύρσεως·
1456 4767 1579 4830 τοὺς
1642 4766 1695 4822 δέ
1740 4788 1915 4846 φωτι-

271 4857 514 4925 ζομένους
546 4857 982 4937 ἀποπληροῦσθαι
1031 4866 1123 4917 τοῦ
1172 4863 1309 4916 θείου
1359 4859 1558 4939 φωτὸς,
1596 4858 1727 4933 πρὸς
1774 4858 1916 4912 θεω-

262 4948 493 5025 ρητικὴν
525 4945 634 5013 ἕξιν
680 4951 769 5004 καὶ
840 4946 1057 5024 δύναμιν
1106 4949 1161 5006 ἐν
1204 4948 1495 5028 πανάγνοις
1557 4948 1677 5009 νοός
1710 4945 1915 5026 ὀφθαλ-

259 5048 395 5112 μοῖς
440 5036 826 5115 ἀναγομένους⁹
889 5040 1010 5103 τοὺς
1060 5037 1113 5095 δὲ
1156 5037 1505 5115 τελουμένους
1560 5037 1648 5116 77,
1714 5036 1774 5093 ἐκ
1822 5040 1915 5092 τοῦ

257 5124 487 5189 ἀτελοῦς
549 5127 1042 5204 μεταταττομὲνους
1078 5176 1094 5203 ,
1169 5128 1441 5207 μετόχους
1511 5126 1745 5204 γίνεσθαι
1814 5123 1913 5191 τῆς

258 5237 372 5272 των
432 5215 860 5276 ἰποπτευθέντων
928 5220 1094 5297 ἱερῶν,
1165 5217 1509 5287 τελειωτικῆς
1580 5216 1912 5292 ὶπιστήμης.

1998 4691 2181 4754 puros
2228 4673 2382 4735 efﬁci
2415 4672 2684 4749 omnino,
2721 4681 2901 4754 atque
2933 4672 3095 4734 omni
3148 4667 3657 4733 dissimilitudinis

1998 4762 2413 4826 commistione
2436 4762 2682 4824 liberari
2722 4784 2736 4844 ;
2770 4782 2874 4825 eos
2921 4781 3061 4825 vero
3086 4762 3188 4843 qui
3239 4760 3659 4823 illuminanlur

1998 4853 2199 4915 divino
2225 4853 2455 4915 lumine
2485 4854 2733 4934 repleri,
2766 4853 2837 4914 ad
2870 4852 3397 4933 contemplativum
3439 4859 3653 4914 statum

2000 4952 2178 5024 atque
2199 4944 2473 5004 virtutem
2498 4942 2848 5005 castissimis
2904 4948 3124 5005 mentis
3165 4941 3357 5004 oculis
3387 4943 3653 5003 eVehen-

1997 5032 2395 5114 dos;denique
2409 5052 2513 5095 eos
2535 5033 2637 5110 qui
2657 5033 3070 5113 perﬁciuntur,
3101 5031 3173 5094 ab
3195 5032 3654 5111 imperfectione

1996 5122 2342 5203 translatos,
2396 5122 2629 5185 illorum
2681 5142 2814 5204 quae
2855 5123 3105 5185 contuiti
3157 5132 3315 5196 sunt,
3346 5139 3655 5184 sacrorum

2000 5212 2341 5294 perfectivae
2366 5213 2637 5275 scientias
2664 5213 2986 5295 participes
3027 5212 3337 5276 exsistere.
3372 5209 3656 5292 Expiato-

1605 5374 1865 5441 VARI/3
1925 5373 2365 5440 LECTIONES.

348 5488 403 5540 τί
438 5490 569 5553 Bud
621 5492 852 5564 ’ἐσοπτρά
881 5514 963 5556 τε.
1027 5491 1085 5543 τί
1108 5492 1215 5555 Ch.
1242 5487 1309 5553 Ι).
1345 5489 1410 5552 Ρ.
1445 5486 1507 5552 8.
1542 5488 1846 5559 τελεστατς,
1882 5486 1977 5548 cui
2008 5485 2261 5569 lectioni
2304 5492 2543 5569 veteres
2594 5486 3402 5569 astipulanturinterpretes.
3435 5484 3500 5569 T5
3540 5478 3651 5569 Cll.

254 5573 447 5657 E59133.
486 5573 548 5623 74
595 5573 713 5657 Δ(Ἧι.
779 5572 848 5636 D.
902 5572 1367 5657 te\etobofizt.__75
1414 5569 1522 5634 Ch.
1585 5570 1757 5632 aliter
1815 5570 1955 5657 Ιοεὶι
2014 5577 2073 5629 et
2124 5567 2459 5657 distinguit,
2522 5566 2740 5657 ἁρμόσει
2772 5569 2856 5629 διὰ
2905 5568 3053 5657 τόνδε
3106 5566 3198 5625 τὸν
3228 5566 3427 5657 τρόπον
3457 5568 3490 5634 ἡ

255 5645 328 5701 76
363 5654 473 5715 Ch.
508 5654 856 5735 ὑπέμφωτος.
892 5656 954 5717 S.
991 5658 1152 5718 etM.
1184 5654 1518 5733 adjungunt
1549 5659 1684 5732 post
1713 5645 2041 5730 προτέλειος,
2080 5645 2334 5711 verbum
2386 5648 2742 5727 αὖτοτὲλειος,
2778 5649 2936 5731 quod
2973 5651 3187 5712 Scotus
3217 5647 3397 5711 etiam
3434 5645 3654 5708 reddit.

259 5735 327 5785 77
362 5731 429 5797 S.
473 5736 543 5800 Ρ.
572 5734 643 5797 D.
678 5736 1108 5814 τελειουμένους.
