4052 6418
483 387 589 461 171

1657 378 1720 446 S.
1769 380 2108 448 DIONYSII
2140 375 2668 446 AREOPAGITIE.

3755 379 3876 452 172

483 530 620 594 cbia
647 545 764 590 non
796 524 988 588 solum
1015 523 1288 604 scientia,
1313 522 1420 586 sed
1453 531 1510 585 et
1540 521 1808 604 operatio
1854 519 2128 602 appella-

2221 518 2300 573 καὶ
2360 516 2620 596 ἐνέργεια,
2670 519 2760 576 ἵνα
2809 520 2942 575 κατὰ
2970 518 3070 586 τὴν
3129 520 3323 586 ἑαυτῆς
3378 519 3482 586 ἕξιν
3531 524 3875 600 ἒνεργήσειεν

485 630 605 697 tur,
639 627 704 680 ut
731 616 1063 679 secundum
1095 613 1362 677 habitum
1415 632 1588 676 suum
1613 621 1898 693 operetur
1920 615 1976 673 in
2003 612 2136 675 aliis

484 708 1010 773 illuminationem.
1044 705 1424 786 Quapropter
1449 703 1628 767 etiam
1662 703 1735 764 ad
1769 702 2134 765 deiformita-

485 809 606 863 tem
637 797 934 861 refertur:
972 814 1107 857 nam
1134 794 1464 858 secundum
1500 793 1715 855 inditas
1737 792 1853 854 sibi
1880 793 2133 855 illustra-

487 893 820 970 tiones,pr0
835 895 1008 967 captu
1032 904 1140 948 suo
1164 884 1239 947 ad
1275 885 1381 947 Dei
1404 883 1796 946 imitationem
1821 883 2138 945 adducitur

491 981 633 1044 dum
650 986 964 1042 extraneos
993 973 1369 1037 divintelucis
1411 973 1732 1054 participes
1757 971 2132 1045 reddit.Quo-

491 1071 653 1132 niam
679 1086 820 1147 ergo
845 1063 1180 1129 bierarcbia
1195 1062 1517 1142 quamdam
1538 1061 1646 1124 Dei
1668 1063 1916 1124 formam
1935 1081 2000 1123 ex
2013 1061 2138 1142 pri-

494 1155 931 1240 mit,quomodo
963 1153 1022 1218 id
1074 1155 1172 1215 liat
1197 1153 1422 1234 pandit.
1458 1151 1564 1213 llla
1589 1169 1720 1230 quae
1749 1155 1932 1213 Deum
1969 1151 2142 1212 decet

491 1239 869 1331 pulchritudo
898 1263 968 1307 ac
991 1252 1291 1323 venustas,
1314 1239 1388 1304 ab
1421 1241 1584 1304 omni
1608 1248 1848 1304 terrena
1870 1240 2138 1303 dissimi-

495 1339 748 1404 litudine
764 1341 992 1399 remota
1009 1332 1353 1404 est;nullam
1376 1331 1538 1394 enim
1569 1350 1706 1393 cum
1732 1331 1913 1393 rebus
1925 1331 2139 1411 genitis

492 1424 1004 1512 participationem
1028 1422 1208 1484 habet
1237 1440 1250 1484 :
1291 1429 1412 1512 tum
1436 1421 1717 1512 quoniam
1745 1421 1993 1512 simplex
2025 1428 2132 1493 est,

491 1511 617 1583 haec
647 1535 787 1580 vero
817 1513 1018 1576 omnia
1043 1511 1374 1594 composita
1398 1529 1466 1573 ex
1487 1511 1920 1587 elementis,vel
1958 1521 2134 1574 mate-

487 1609 578 1671 ria
601 1614 660 1670 et
682 1608 868 1686 figura
889 1609 1165 1666 constant
1193 1620 1208 1678 ;
1245 1610 1366 1663 tum
1393 1600 1528 1682 quia
1548 1599 1702 1662 bona
1743 1615 1854 1676 est,
1889 1601 2008 1663 imo
2041 1603 2138 1684 ip-

487 1717 620 1762 sum
654 1697 877 1760 bonum
907 1711 922 1758 :
955 1693 1176 1754 bonum
1209 1699 1406 1754 autem
1440 1689 1641 1751 omnia
1683 1699 1995 1771 appetunt,
2033 1693 2138 1755 sed

490 1789 718 1852 bonum
745 1803 862 1847 non
883 1780 1284 1863 appetitaliud
1308 1799 1341 1842 a
1363 1798 1426 1842 se
1471 1800 1484 1843 :
1545 1777 1781 1842 Numen
1813 1780 2010 1862 itaque
2043 1783 2138 1844 di-

489 1885 696 1940 vinum
722 1872 1081 1937 indeficiens
1123 1880 1234 1944 est,
1271 1869 1377 1932 sed
1410 1878 1698 1932 creaturae
1727 1877 1867 1932 sunt
1888 1889 2091 1949 egente
2125 1892 2141 1947 ;

493 1975 620 2032 tum
653 1965 855 2044 etiam,
891 1961 1030 2044 quia
1081 1958 1461 2042 pulchritudo
1511 1959 1615 2021 illa
1660 1960 2018 2041 principium
2051 1970 2144 2026 est

496 2053 904 2140 perfectionis,
933 2050 1153 2133 quippe
1183 2049 1416 2140 auctrix
1453 2057 1513 2111 et
1542 2049 1706 2140 origo
1748 2050 1880 2129 ejus
1913 2071 1932 2111 :
1963 2069 2144 2112 omne

493 2139 692 2210 autem
723 2142 1069 2226 mysterium
1103 2139 1384 2223 perfectio
1417 2146 1532 2216 est,
1569 2139 1628 2200 in
1689 2148 1973 2220 quantum
2005 2148 2140 2201 ani-

497 2253 654 2300 mam
687 2231 922 2316 perficit
953 2253 978 2308 ;
1028 2241 1088 2292 at
1117 2236 1404 2292 creaturze
1434 2248 1553 2290 non
1589 2238 1814 2290 tantum
1846 2245 1966 2290 non
1995 2229 2142 2292 dant

494 2324 728 2388 initium
763 2323 894 2384 talis
918 2318 1321 2403 perfectionis,
1356 2320 1462 2381 sed
1497 2317 1611 2380 illa»,
1646 2318 1791 2398 ipsa:
1829 2327 1965 2379 sunt
2010 2339 2142 2400 qum

497 2409 1140 2498 perficiunturJdcirco
1160 2408 1359 2470 divina
1373 2407 1751 2489 pulchritudo
1768 2426 2140 2498 nequaquam

492 2495 570 2566 iis
589 2511 680 2566 est
695 2501 1000 2584 permista;
1027 2503 1312 2577 quoniam
1341 2504 1433 2560 est
1466 2498 1720 2577 ipsamet
1741 2495 2142 2572 uniformitas,

494 2603 554 2658 et
571 2592 903 2674 equalitas,
939 2596 1000 2652 et
1027 2587 1329 2661 identitas,
1365 2584 1637 2664 quinimo
1665 2603 1782 2648 una
1813 2594 1980 2650 estet
2000 2586 2138 2649 uni-

498 2687 634 2762 lica,
667 2689 873 2764 utpote
915 2677 1167 2760 simplex
1211 2687 1269 2739 et
1301 2675 1670 2758 impermista
1699 2682 1876 2758 atque
1906 2675 2138 2738 incom-

496 2773 710 2855 posita.
736 2769 896 2852 quod
922 2786 1068 2832 vero
1099 2767 1376 2830 dilforme
1401 2773 1492 2855 est
1526 2775 1588 2855 et
1623 2764 1935 2847 inaequale,
1967 2773 2142 2846 atque

496 2853 847 2940 alterum,et
878 2865 1216 2942 parvum,et
1247 2853 1623 2930 mutabile,id
1648 2855 1824 2918 etiam
1860 2856 2140 2918 materia—

495 2962 623 3016 tum
654 2959 766 3015 est.
800 2949 969 3024 Quod
998 2948 1198 3030 itaque
1225 2964 1407 3009 unum
1442 2953 1552 3018 est,
1585 2945 2022 3028 impermistum
2057 2953 2148 3008 est

497 3037 864 3102 multitudini
897 3057 913 3118 ;
950 3055 1070 3098 non
1101 3043 1302 3097 tamen
1335 3032 1436 3114 ita,
1472 3042 1534 3095 ut
1557 3052 1674 3096 non
1722 3052 1828 3114 pro
1861 3033 2147 3112 dignitate

496 3131 708 3202 cuique
729 3128 922 3186 lumen
936 3141 1106 3186 suum
1128 3126 1514 3183 communicet
1539 3143 1553 3192 ;
1579 3125 1794 3180 idcirco
1807 3126 1961 3180 enim
1976 3125 2146 3181 etiam

501 3220 719 3285 dicitur
739 3217 898 3280 Deus
918 3214 1424 3299 appropinquans,
1450 3213 1628 3294 utqui
1645 3221 1853 3276 natura
1865 3231 1969 3276 sua
2003 3233 2144 3294 pro-

500 3309 597 3374 cul
624 3308 775 3370 absit
795 3327 829 3371 a
851 3305 1210 3379 nobis.Quin
1234 3312 1293 3366 et
1312 3303 1372 3364 in
1405 3303 1775 3366 divinissimo
1792 3322 1925 3364 cum
1947 3302 2144 3384 bapti-

2165 3171 2207 3223 C

2218 605 2304 664 ἐπ’
2337 606 2522 673 ἄλλοις
2557 611 2647 664 τὸν
2679 610 2977 687 φωτισμὸν,
3017 619 3114 664 Δια
3142 617 3295 666 τοῦτο
3325 613 3412 667 καὶ
3451 612 3574 688 πρὸς
3604 613 3664 667 τὸ
3694 616 3876 669 θεοει-

2219 696 2303 762 δές
2336 698 2707 777 ἀφωμοίωται·
2755 699 2894 754 κατὰ
2925 699 3024 776 γὰρ
3085 700 3177 763 τὰς
3208 698 3536 776 ἐνδιδομένας
3575 701 3879 778 ελλάμψεις

2219 785 2494 864 ἀναλόγως
2554 789 2624 849 εἰς
2686 789 3048 862 θεομιμησίαν
3100 789 3385 870 ⁸ἀνάγεται,
3416 792 3473 846 ἒν
3519 798 3597 864 τῷ
3631 793 3882 870 ἐνεργεῖν

2219 879 2308 934 τὸν
2342 879 2615 957 φωτισμὸν
2646 890 2764 942 τοῖς
2824 876 3030 942 ἔξωθεν.
3099 867 3249 934 Ἐπεὶ
3279 882 3311 945 ἡ
3342 867 3584 960 ἱεραρχία
3640 867 3776 960 πρὸς
3819 883 3884 938 τὸ

2219 966 2447 1030 θεοειδές
2508 967 2880 1045 ἂφωμοίωται,
2946 969 3080 1046 φησί
3136 969 3251 1031 πῶς
3312 977 3466 1026 τοῦτο
3524 975 3744 1048 γίνεται.
3804 975 3884 1028 Τὸ

2223 1063 2348 1132 γοῦν
2406 1057 2697 1132 θεοπρεπὲς
2752 1059 2839 1112 καὶ
2891 1063 3006 1131 Θεῷ
3062 1058 3264 1134 πρέπον
3296 1059 3495 1126 καλλσς
3528 1059 3708 1127 πάσης
3742 1063 3883 1142 ἀφί-

2226 1169 2411 1202 σταται
2442 1148 2645 1224 γηίνης
2677 1146 3087 1222 ἀνομοιότητος⁸
3125 1149 3183 1204 οὐ
3239 1149 3461 1229 μετέχει
3495 1151 3594 1228 γὰρ
3644 1156 3777 1228 πρὸς
3814 1153 3885 1206 τὰ

2224 1237 2278 1293 ἐν
2307 1235 2535 1314 γενέτει,
2587 1236 2668 1292 ὅτι
2729 1235 2905 1292 ἐκεῖνο
2964 1236 3062 1311 μὲν
3111 1236 3336 1312 ἁπλοῦν,
3371 1246 3534 1296 ταῦτα
3582 1238 3636 1296 δὲ
3668 1241 3888 1298 ἃπαντα

2223 1327 2438 1382 σύνθετα
2499 1326 2557 1380 ἐκ
2587 1325 2892 1405 στοιχείων,
2926 1324 2958 1393 ἤ
2991 1325 3042 1392 ἐξ
3073 1325 3227 1397 ὕλης,
3287 1329 3376 1384 καὶ
3433 1327 3607 1394 εἴδους
3658 1332 3887 1408 συγκεί-

2223 1437 2374 1488 μενα,
2408 1415 2495 1471 καὶ
2539 1415 2619 1470 ὁτι
2649 1414 2826 1497 ἐκεῖνο
2870 1415 2967 1490 μὲν
3023 1417 3244 1495 ἀγαθὸν,
3293 1420 3380 1474 καὶ
3432 1419 3750 1497 αὺτάγαθυν,
3784 1426 3887 1478 τοῦ

2221 1504 2276 1562 δὲ
2307 1505 2505 1582 ἀγαθοῦ
2561 1493 2718 1560 πάντ’
2765 1505 2988 1584 ἐφίεται,
3026 1508 3112 1562 καὶ
3166 1509 3225 1563 οὐ
3272 1515 3426 1564 τοῦτο
3479 1493 3680 1586 ἐτέρου·
3714 1493 3887 1566 ἄνελ-

2223 1595 2375 1658 λιπὲς
2407 1594 2532 1673 γοῦν
2562 1597 2621 1650 τὸ
2652 1601 2830 1674 Θεϊον,
2866 1597 2931 1652 τὰ
2982 1593 3036 1650 δὲ
3096 1596 3357 1671 κτίσματι
3415 1596 3590 1654 ἐνδεᾶ⁶
3645 1601 3733 1655 καὶ
3792 1600 3881 1660 ὅτι

2225 1685 2400 1740 ἐκεῖνο
2457 1682 2856 1762 τελεταρχιιιὸν,
2919 1689 3074 1741 οἷονεί
3126 1686 3350 1765 ἔξαρχον
3401 1689 3574 1755 πάσης
3616 1688 3877 1756 τελετῆς.

2224 1773 2416 1839 τελετὴ
2457 1770 2511 1828 δέ
2567 1771 2677 1828 ἐστι
2734 1779 2836 1829 πᾶν
2881 1777 3196 1853 μυστήριον,
3246 1778 3321 1840 ὡς
3379 1774 3717 1834 τελειωτικὸν
3777 1785 3885 1846 τῆς

2170 1891 2206 1940 Β
2229 1868 2436 1942 ψυχῆς
2471 1863 2634 1918 ταῦτα
2665 1861 2715 1918 δὲ
2768 1865 2844 1937 μή
2897 1886 3058 1938 μονον
3092 1867 3187 1922 οὒκ
3217 1865 3496 1946 ἐξάρχουσι
3539 1870 3640 1932 τῆς
3683 1872 3887 1926 τοιαύ-

2229 1977 2332 2019 αης
2381 1951 2628 2028 τελετῆς,
2667 1953 2802 2010 ἀλλᾶ
2860 1956 2948 2010 καὶ
2991 1955 3282 2031 τελούμενα
3340 1959 3462 2018 εἰσι,
3507 1960 3604 2014 Διὰ
3634 1967 3792 2016 τοῦτο
3821 1961 3888 2017 τὸ

2225 2048 2372 2100 θεῖον
2420 2042 2617 2107 κάλλος
2650 2042 2756 2100 ἐστὶ
2799 2042 2896 2118 μὲν
2954 2044 3146 2124 ἀμιγὲς
3199 2047 3328 2122 πρὸς
3387 2054 3578 2104 ταῦτα·
3613 2051 3888 2124 ὁμοιότης

2227 2136 2327 2211 γὰρ
2357 2135 2444 2189 καὶ
2478 2134 2660 2199 ἰσότης
2692 2135 2780 2190 καὶ
2827 2134 3110 2206 ταιότὸτης,
3153 2137 3211 2191 τὸ
3243 2136 3297 2191 ἓν
3358 2139 3446 2193 καὶ
3475 2139 3752 2218 ἑνοποιὸν,
3786 2139 3890 2195 ἅτε

2226 2223 2423 2281 ἁπλοῦν
2471 2224 2557 2279 καὶ
2608 2222 2799 2300 ἂμιγές
2857 2225 2944 2280 καὶ
2999 2224 3279 2282 ἀσύνθετον
3312 2269 3327 2286 .
3384 2227 3635 2300 ἀνόμοιον
3694 2227 3750 2283 δὲ
3794 2231 3890 2285 καὶ

2227 2313 2428 2386 ἄνισον,
2491 2316 2579 2368 καὶ
2633 2314 2904 2393 ἐτερό.ης,
2967 2317 3052 2370 καὶ
3105 2317 3318 2393 μικρὸν,
3355 2317 3442 2372 καὶ
3492 2317 3546 2372 ἐν
3578 2316 3890 2396 μεταϐολῆ,

2228 2407 2287 2459 τὸ
2341 2403 2622 2480 προσυλον.
2688 2406 2758 2461 Τὸ
2811 2411 2936 2480 γοῦν
3005 2403 3056 2458 ἕν
3090 2405 3278 2481 ἀμιγές
3327 2405 3437 2461 ἐστι
3469 2410 3600 2484 πρὸς
3632 2409 3698 2463 τὰ
3729 2407 3887 2478 πλή-

2228 2498 2320 2567 θη,
2364 2493 2422 2549 οὗ
2481 2493 2590 2568 μὴν
2641 2490 2696 2548 δὲ
2729 2492 2914 2562 οὕτως,
2949 2495 3022 2558 ὡς
3075 2495 3151 2568 μὴ
3183 2492 3250 2549 δι’
3300 2496 3609 2574 ἀγαθότητα
3641 2497 3887 2573 μεταδο.

2228 2585 2378 2640 τικὸν
2430 2587 2568 2640 εἶναι
2639 2581 2756 2638 κατ’
2815 2581 2960 2648 ἀξίαν
3018 2584 3225 2658 ἑκάστῳ
3269 2593 3365 2641 τοῦ
3423 2587 3616 2644 οἰκείου
3673 2591 3878 2668 φωτόςο

2225 2672 2310 2728 διὰ
2339 2680 2491 2730 τοῦτο
2542 2673 2643 2751 γὰρ
2699 2670 2910 2750 λέγεται
2963 2674 3050 2728 καὶ
3109 2675 3239 2739 Θεὸς
3290 2672 3568 2754 ἐγγίζωνὸ
3605 2677 3741 2732 κατὰ
3773 2678 3880 2756 φύ-

2227 2784 2307 2818 σιν
2338 2760 2661 2840 ποῤῥωτατω
2689 2762 2842 2836 ἡμῶν
2873 2761 2970 2823 ὤν.
3016 2761 3154 2820 ’Ἐτι
3215 2761 3268 2818 δὲ
3335 2765 3422 2821 καὶ
3453 2763 3795 2822 τελειωτικὸν
3830 2767 3886 2824 ἐν

2225 2851 2418 2928 τελετῇ
2445 2851 2694 2927 θειοτάτῃ
2738 2856 2808 2926 τῇ
2858 2861 2949 2910 τοῦ
3005 2853 3396 2933 βαπτίσματος,
3449 2860 3517 2931 τῇ
3565 2858 3664 2920 τῆς
3714 2859 3886 2933 ἱερω-

2229 2942 2556 3019 σύνης,κατα
2587 2943 2686 3008 τὴν
2729 2945 3004 3021 μόρφωσιν
3053 2949 3156 2998 τῶν
3186 2941 3541 3020 τελουμένων,
3576 2947 3666 3001 καὶ
3697 2947 3885 3022 ἁρμο-

2229 3031 2332 3108 γὴν
2379 3035 2476 3096 τῆς
2534 3031 2718 3109 ψυχῆς
2772 3034 2944 3089 αὖτῶν
3003 3030 3096 3088 ἀπ’
3154 3032 3388 3109 ἐμμόνου
3456 3037 3542 3091 καὶ
3603 3032 3887 3101 διηνεκοῦς

2231 3117 2536 3198 ὰγίότητος.
2575 3121 2628 3177 Εἰ
2660 3120 2760 3198 γὰρ
2811 3119 3170 3199 παραλλάττει
3205 3123 3265 3178 τὸ
3303 3123 3540 3204 μετέχον
3585 3133 3679 3183 τοῦ
3709 3146 3885 3200 μετε-

2231 3208 2492 3289 χομὲνου,
2526 3213 2621 3268 οὐκ
2670 3207 2731 3265 ἂν
2777 3211 3026 3287 ἁρμοσειε
3074 3211 3313 3274 πώποτε.
3368 3205 3532 3272 ιὈθεν
3561 3213 3887 3281 ἆποξεστέον

2230 3300 2340 3357 ἐστὶ
2389 3301 2482 3363 τὰς
2543 3301 2850 3374 σωματικὰς
2897 3301 3304 3379 ἐπαναστάσεις,
3344 3307 3432 3361 καὶ
3479 3306 3573 3369 τὰς
3606 3309 3705 3373 τῆς
3738 3309 3888 3384 γνώ-

499 3397 805 3462 smatis35
825 3404 946 3458 tum
971 3393 1290 3458 sacerdotii
1315 3402 1686 3460 sacramento
1711 3391 2136 3473 perfectionem

2231 3412 2338 3467 μης
2370 3388 2698 3466 ἀνωμαλίας,
2744 3393 2833 3448 καὶ
2875 3393 2947 3455 εἷς
3000 3393 3122 3466 μίαν
3182 3394 3536 3452 καταστατέον
3569 3394 3882 3479 ἁπλότητα,

497 3487 849 3569 tribuit,qua
864 3502 1070 3548 eorum
1099 3482 1198 3564 qui
1220 3481 1533 3546 initiantur
1549 3481 1772 3558 anima,
1791 3481 2136 3545 immanenti

2228 3479 2409 3538 εῗτουν
2460 3481 2539 3536 iob
2553 3502 2712 3561 τητα,
2746 3489 2822 3556 τῷ
2852 3481 3103 3556 μέλλοντι
3148 3483 3567 3562 προσκαλεῖσθαι
3600 3493 3742 3560 Θεῷ.
3779 3489 3888 3544 Καὶ

495 3578 814 3660 stabilique
837 3580 1150 3638 sanctitate
1190 3572 1547 3636 informetur
1572 3577 1749 3655 atque
1796 3581 2136 3638 exornetur.

2225 3571 2380 3628 τοῦτό
2424 3569 2565 3660 ἐστιν
2594 3573 2667 3634 ὼς
2722 3571 2934 3660 ἐφικτὸν
2981 3577 3078 3640 τῆς
3109 3574 3382 3654 ἱεραρχίας
3417 3577 3476 3632 τὸ
3507 3577 3876 3659 θεομίμητον,

499 3669 564 3733 Si
589 3659 828 3732 enimid
854 3665 1010 3747 quod
1041 3662 1296 3744 alicujus
1319 3663 1618 3744 particeps
1641 3660 2136 3742 exsistit,diﬂ‘eral

2227 3662 2308 3718 ὅτι
2352 3661 2440 3718 καὶ
2504 3659 2639 3727 αὕτη
2673 3659 2989 3736 μεταδίδωσι
3047 3669 3140 3720 τοῦ
3195 3664 3388 3724 οἰκείου
3445 3673 3728 3746 φωτισμοῦ
3757 3681 3885 3736 τοϊς

495 3765 764 3822 varietve
795 3755 869 3818 ab
901 3773 971 3816 eo
1005 3753 1164 3835 quod
1191 3753 1834 3834 participat,nnnquam
1860 3751 1948 3812 illi
1991 3748 2141 3814 con-
2227 3751 2510 3815 θιασώταις
2547 3752 2735 3819 static.

494 3849 790 3914 cordabit.
823 3845 1196 3925 Quapropter
1221 3843 1602 3920 insurgentes
1633 3859 1844 3902 omnes
1877 3849 2070 3903 motus
2101 3839 2369 3923 corporis
2399 3838 2702 3920 animique
2729 3839 3158 3922 inaequalitates
3189 3841 3576 3919 abradendaa,
3609 3853 3795 3926 atque
3820 3847 3885 3910 in

488 3939 668 4005 unica
697 3933 1101 4018 simplicitate,
1135 3952 1240 3996 seu
1267 3932 1605 4010 aequalitate
1637 3931 1819 3992 animi
1851 3930 2286 4012 persistendum
2321 3938 2411 3992 est
2441 3928 2496 3992 ei
2527 3929 2628 4007 qui
2683 3930 2754 3992 ad
2792 3933 2894 3994 Dei
2923 3927 3294 3996 consortium
3325 3943 3416 3997 est
3443 3933 3882 4001 admittendus.

489 4028 868 4111 Autquelizec
891 4032 983 4088 est
1001 4023 1107 4086 illa
1143 4023 1247 4087 Dei
1269 4022 1524 4085 imitatio
1557 4022 1627 4084 ad
1661 4039 1838 4103 quam
1863 4021 2198 4085 hierarcbia
2228 4039 2336 4103 pro
2368 4019 2592 4082 viribus
2621 4020 2853 4104 nititur,
2888 4023 3166 4105 quoniam
3201 4032 3261 4086 et
3288 4023 3416 4106 ipsa
3451 4023 3545 4086 sui
3572 4024 3878 4090 studiosos

493 4119 645 4184 lucis
675 4135 797 4180 suae
829 4113 1148 4198 participes
1176 4111 1398 4176 reddit.

570 4241 600 4322 §
625 4237 861 4302 ILHinc
882 4235 1236 4300 hierarchize
1253 4233 1568 4296 utilitatem
1591 4233 1892 4310 finemque
1916 4250 2136 4311 cogno-

2224 4321 2231 4322 ί
2305 4230 2437 4312 ςῙῙ.
2481 4233 2747 4292 Ἐντεῦθεν
2797 4233 2896 4302 τὴν
2953 4239 3050 4302 τῆς
3082 4237 3357 4316 ἱεραρχίας
3407 4238 3684 4315 γνωρίζεις
3717 4237 3874 4319 ὠσθέ-

487 4307 620 4395 εεέε
646 4327 1137 4394 assimilationem
1172 4343 1305 4388 esse
1345 4322 1748 4406 unionemque
1791 4307 1923 4384 cum
1986 4307 2132 4404 Deo,

2221 4321 2368 4380 λειαν
2422 4323 2508 4380 καὶ
2537 4325 2628 4380 τὸν
2681 4325 2905 4397 σκοπὸν,
2941 4323 3022 4382 ὅτι
3054 4325 3378 4405 ἀφομοίωσίς
3408 4307 3534 4382 ἐστι·
3563 4328 3650 4382 καὶ
3680 4307 3876 4394 ἓνοίσις

488 4439 667 4504 quem
699 4427 757 4483 et
786 4417 1048 4482 scientiae
1077 4424 1137 4480 et
1167 4414 1490 4504 functionis
1510 4432 1631 4504 sua}
1660 4414 1874 4504 ducem
1909 4413 2134 4488 habet;

2221 4413 2350 4491 πρὸς
2383 4414 2536 4504 Θεον,
2571 4414 2724 4471 αὒτὸν
2785 4412 2989 4494 ἔχουσα
3035 4415 3377 4495 καθηγεμόνα
3428 4421 3528 4484 τῆς
3563 4414 3877 4495 ἐπιστήμης

488 4502 554 4577 ut
577 4511 860 4575 nimirum
877 4506 1175 4590 particeps
1193 4502 1805 4569 liatilluminationum
1819 4502 1982 4584 ,dum
2007 4520 2136 4564 sco-

2221 4504 2306 4560 καὶ
2337 4507 2433 4572 τῆς
2463 4503 2749 4584 ἐνεργείας*
2784 4505 2877 4560 ’ἱνα
2921 4503 3227 4582 μεταδιδοίη
3260 4503 3508 4573 δηλονότι
3540 4512 3645 4563 τῶν
3695 4529 3880 4586 φωτι-

488 4620 600 4685 pus
634 4599 766 4682 ejus
806 4597 881 4660 ad
925 4595 1364 4660 divinissimum
1400 4592 1704 4662 decorem,
1750 4601 2029 4685 tanquam
2063 4591 2136 4654 ad

2221 4599 2390 4685 σρῶν,
2428 4594 2564 4675 ὁρῶν
2625 4592 2874 4685 δηλονότι
2918 4597 2945 4652 ὁ
2977 4597 3174 4661 σκοπὸς
3224 4597 3296 4660 ὡς
3329 4599 3402 4662 εἰς
3435 4595 3741 4678 ἀρχέτυπον
3773 4600 3881 4668 τὴν

484 4682 905 4776 primigenium
929 4682 1923 4769 exemplar,spect3t,etsecundum
1941 4682 2130 4762 ipsum

486 4773 948 4846 similitudinum
964 4776 1295 4840 divinarum
1313 4774 1631 4838 simulacra
1645 4773 1991 4840 format,nec
2012 4791 2131 4834 non

484 4871 714 4936 divinas
731 4867 1013 4950 exprimit
1035 4866 1344 4946 imagines,
1347 4865 1515 4946 juxta
1530 4862 1847 4942 illudzEgo
1864 4862 2021 4944 dixi,
2041 4862 2133 4924 dii

484 4963 656 5042 estis,
686 4968 747 5023 et
775 4959 897 5041 ﬁlii
927 4955 1181 5021 Eacelu‘
1210 4967 1482 5020 omnes”.
1516 4954 1708 5036 Atque
1751 4953 2129 5015 immaculata

483 5050 726 5135 specula
745 5047 944 5112 reddit
967 5045 1202 5126 eos,qui
1223 5045 1295 5110 ad
1317 5044 1517 5135 divina
1538 5050 1987 5135 convertuntur:
2015 5043 2128 5135 hos

484 5133 1038 5214 autemOiacdmc,id
1055 5144 1142 5199 est
1155 5134 1390 5200 sodales
1406 5135 1776 5211 vocat;0€zao;
1789 5133 1946 5195 enim
1967 5134 2127 5196 idem

482 5225 1134 5315 quodcltorusldcirco
1148 5226 1326 5289 etiam
1345 5223 1509 5301 dixit,
1519 5225 1842 5315 eamDeum
1861 5222 2129 5315 scientia)

481 5311 581 5385 acf
589 5318 891 5384 unctionis
903 5336 1026 5382 suae
1045 5317 1256 5381 ducem
1273 5315 1565 5379 obtinere:
1599 5313 1878 5396 quoniam
1895 5311 1969 5374 ab
1995 5313 2124 5394 ipso

480 5419 668 5476 totum
692 5417 1006 5485 est,etnon
1033 5427 1101 5472 ex
1124 5406 1344 5470 nostris
1379 5404 1630 5469 meritis.
1661 5403 1894 5466 Etenim
1919 5402 2034 5464 hoc
2062 5402 2124 5464 in

479 5501 698 5565 nostris
712 5499 937 5563 artibus
948 5519 1016 5563 ac
1033 5498 1302 5564 scientiis
1317 5514 1690 5578 nequaquam
1706 5497 1899 5558 locum
1917 5493 2119 5558 habet:

554 5741 596 5774 ω
619 5727 780 5794 Psal.
810 5745 1013 5808 um,
1042 5728 1102 5792 6.

2217 4683 2495 4752 θειὸτάτην
2549 4683 2881 4764 εὖπρὲπειαν,
2937 4686 3025 4742 καὶ
3083 4685 3519 4762 ἆποτυπούμενος
3578 4687 3708 4767 πρὸς
3766 4689 3876 4746 αὖ-

2213 4774 2333 4849 τῆν,
2388 4772 2675 4852 ἀγάλματα
2736 4773 2886 4830 θείων
2959 4775 3241 4854 ἐμφάσεων
3289 4775 3725 4856 ἀπεργαζόμενος
3778 4779 3876 4836 καὶ

2212 4864 2642 4944 θείαςῗεὶκονας,
2703 4865 2840 4920 κατὰ
2889 4865 2974 4939 τὸ,
3035 4865 3178 4944 Ἐγὼ
3200 4866 3359 4924 ε’ίπαο
3413 4866 3534 4924 Θεοί
3581 4868 3726 4943 ἔστε,
3782 4878 3876 4934 καί

2211 4954 2311 5009 υἱοὶ
2373 4943 2624 5028 ’Υψίστου
2683 4953 2901 5019 πάντες.
2960 4957 3060 5013 Καὶ
3114 4943 3427 5024 ίᾶκηλίδωτα
3480 4956 3719 5038 ἔσοπτρα
3772 4957 3872 5016 ἔκ-

2211 5041 2381 5099 τελῶν
2428 5043 2550 5108 τοὺς
2595 5045 2715 5123 περὶ
2770 5046 2838 5101 τὰ
2891 5048 3013 5102 θεῖα
3065 5045 3593 5128 ἀναστρεφομένοδςο
3645 5049 3871 5116 τούτους

2211 5133 2312 5212 γὰρ
2374 5131 2519 5210 λέγει
2571 5134 2860 5216 θιασώτας,
2892 5135 3070 5199 θίασος
3115 5137 3217 5215 γὰρ
3247 5139 3274 5194 ὁ
3314 5137 3504 5217 χορός.
3564 5137 3660 5194 Διὰ
3703 5144 3870 5196 τοῦτο

2211 5223 2312 5302 γὰρ
2355 5222 2539 5302 εἶπεν,
2571 5223 2652 5280 ὃτι
2711 5225 2800 5281 καὶ
2846 5230 2943 5292 τῆς
2993 5225 3297 5303 ἐπιστήμης
3331 5229 3419 5284 καὶ
3463 5231 3563 5295 τῆς
3591 5226 3868 5308 ἐνεργείας

2211 5311 2328 5392 ἔχει
2359 5314 2448 5370 τὸν
2480 5315 2611 5370 Θεὸν
2640 5317 3008 5396 καθηγεμόνα,
3042 5315 3122 5375 ὅτι
3174 5319 3237 5375 τὸ
3265 5323 3371 5375 πᾶν
3401 5316 3628 5393 ἐκεῖθεν,
3675 5319 3765 5375 καὶ
3803 5323 3869 5381 οὗ

2205 5406 2304 5470 τῆς
2335 5402 2599 5482 ἡμετέρας
2627 5404 2768 5462 ἔστὶν
2816 5404 2986 5470 ἀξίας.
3032 5404 3155 5465 Ἐπὶ
3214 5405 3313 5482 μὲν
3352 5408 3453 5486 γὰρ
3482 5406 3589 5465 τῶν
3633 5408 3754 5466 καθ’
3785 5409 3866 5478 ἡ-

2206 5499 2310 5570 μᾶς
2341 5500 2549 5573 τεχνῶν
2581 5494 2668 5550 καὶ
2713 5494 3027 5573 ἐπιστημῶν
3084 5501 3178 5558 οὐκ
3224 5497 3334 5554 ἔστι
3365 5500 3546 5554 τοῦτο⁹
3583 5496 3722 5554 ἀλλὰ
3752 5505 3867 5557 τῶν
