4052 6426
393 262 503 335 187
1548 275 1606 339 S.
1679 273 1863 339 ΒΙοΝ
1867 272 2023 339 YSII
2092 272 2600 340 AREOPAGIT/E

1458 409 1995 486 PABAPHRASIS
2026 404 2515 474 PACHYMERE
2558 409 2673 490 (9).

466 545 930 629 §I.Hierarcbia
972 548 1101 632 ipsa
1121 552 1288 615 omni
1318 557 1376 615 et
1402 550 1708 627 universa,
1753 547 1877 613 sive
1907 566 2033 612 cce-

2199 548 2229 629 §
2273 559 2316 610 Ι.
2367 552 2476 616 Τῆς
2560 549 2835 629 ἱεραρχίας
2902 550 3066 618 αὐτῆς
3122 549 3336 618 ἁπάσης
3392 549 3481 610 καὶ
3534 548 3763 609 καθολι-

385 635 597 700 testem
635 637 880 721 dixeris,
932 641 1055 704 sive
1102 650 1391 718 nostram,
1436 649 1605 705 recte
1648 638 1918 719 quidem,
1969 647 2034 701 ut

2129 643 2240 719 τῆς,
2266 637 2363 696 κᾶν
2417 639 2516 706 τὴν
2576 638 2818 718 οὖρανίαν
2872 636 3077 720 εἴποις,
3138 639 3239 698 κᾶν
3292 642 3395 709 τὴν
3426 638 3540 698 καθ’
3592 640 3765 717 ἡμᾶς,

385 728 837 806 existimo,quid
868 730 966 807 sit,
1002 751 1107 813 pro
1142 731 1599 815 philosophandi
1619 728 1859 792 modulo
1891 729 2035 792 deﬁ-

2129 730 2437 808 iptcﬁetmc,
2471 728 2651 796 καλῶς
2710 730 2789 793 ὡς
2838 728 3199 806 ὑπολαμϐάνω
3242 730 3381 788 κατὰ
3437 731 3770 809 μετριασμόν

385 817 648 899 nita,age
677 837 836 881 nunc
874 822 1226 901 angelicam,
1253 842 1505 906 eamque
1550 821 1761 900 solam,
1795 827 1860 882 ut
1901 839 2035 884 sese

2129 818 2432 899 οιλόσοφον,
2494 821 2544 877 τί
2602 819 2740 900 ἔστι,
2785 818 2909 900 φέρε
2983 820 3079 888 τὴν
3124 820 3442 901 ἀγγελικὴν,
3505 819 3631 899 τόγε
3675 827 3769 878 νῦν

386 908 588 983 habet,
622 909 1026 975 bierarchiam
1055 913 1405 994 indagemus
1432 922 1489 976 et
1514 913 1839 992 discamus,
1864 911 2030 990 quod

2129 908 2274 989 ἔχον,
2320 911 2512 990 ἱεραρχ
2517 910 2598 966 ίαν
2632 911 2721 967 καὶ
2767 910 2939 986 μόνην
2969 911 3293 986 ζητήσωμεν
3320 912 3410 967 καὶ
3437 910 3719 991 μάθωμεν,
3743 909 3775 966 ὃ

390 1000 594 1079 utique
616 999 677 1061 in
698 1008 962 1065 auctoris
988 1022 1194 1066 eorum
1218 1004 1323 1067 Dei
1349 1004 1581 1067 Iaudem
1610 1000 1946 1065 cedit.Nam
1978 1002 2028 1063 si

2129 1001 2174 1068 ἰὴ
2203 999 2366 1076 ὕμνος
2426 999 2538 1056 ἐστι
2597 1002 2728 1079 πρὸς
2779 1002 2870 1057 τὸν
2919 1002 3223 1071 ποιήσαντα
3266 1001 3463 1066 ταύτας
3515 1001 3669 1062 Θεόν,
3709 1001 3773 1058 Εἰ

388 1088 570 1152 etiam
603 1107 674 1153 ex
706 1091 1046 1156 hominibus
1067 1095 1324 1175 cognitio
1350 1095 1460 1159 Dei
1487 1092 2029 1170 miriﬁcatur,juxta

2129 1090 2211 1168 τὰρ
2255 1091 2341 1147 καὶ
2396 1089 2456 1147 ἐκ
2520 1096 2627 1145 τῶν
2687 1090 2976 1164 ἀνθρώπων
3031 1094 3424 1167 θαυμαστοῦται
3454 1092 3602 1159 ἡτοῦ
3634 1097 3773 1148 Θεοῦ

386 1178 531 1237 illud
564 1197 582 1234 :
612 1179 880 1238 Mirabilis
905 1184 1058 1254 facta
1080 1192 1160 1243 est
1188 1187 1417 1243 scientia
1443 1192 1543 1243 tua
1563 1204 1635 1244 ea:
1652 1186 1792 1256 mem;
1811 1193 2028 1260 quanto

2129 1186 2331 1258 pubth
2392 1180 2528 1237 κατὰ
2581 1181 2664 1238 τό·
2743 1178 3159 1257 Ἐθαδμαστώθη
3219 1183 3255 1250 ἡ
3320 1180 3514 1260 γνῶσίς
3562 1202 3656 1237 σου
3713 1179 3771 1246 ἐξ

390 1270 737 1353 magis.quaa
764 1291 947 1354 supra
977 1276 1338 1358 principium
1368 1279 1770 1353 est,divinitas
1800 1278 2032 1360 magni-

2129 1270 2269 1345 ὲμοῦ·
2300 1269 2454 1345 πόσῳ
2484 1292 2545 1348 γε
2592 1269 2797 1346 μᾶλλον
2856 1270 3317 1350 μεγαλυνθήσεται
3374 1272 3463 1327 γαὶ
3517 1270 3770 1360 δμνηθή-

390 1361 660 1424 ﬁcabitur
680 1371 739 1426 et
759 1363 1159 1429 celebrabitur
1182 1368 1243 1430 in
1280 1385 1348 1430 eo
1362 1369 1525 1447 quod
1556 1370 1632 1432 de
1654 1358 2035 1449 angelis'oon-

2129 1380 2265 1415 τεται
2298 1360 2334 1427 ⁵η
2363 1360 2687 1441 ὓπερᾶρχιος
2744 1359 2959 1441 θεότης,
2992 1364 3048 1417 εν
3077 1364 3123 1436 ᾧ
3179 1362 3299 1441 περὶ
3356 1366 3462 1417 τῶν
3517 1358 3769 1449 ἀγγέλων

387 1452 750 1532 temptamur
785 1457 812 1515 ?
841 1455 1061 1518 Verum
1095 1475 1216 1519 non
1247 1448 1781 1540 sensibilibus,sed
1814 1477 2030 1540 super-

2129 1452 2434 1529 δειυροῦμενς
2470 1448 2621 1507 Ἀλλ’
2684 1454 2777 1509 οὐκ
2837 1452 3132 1529 αἰσθητοῖς,
3167 1450 3539 1540 ὑπερκοσμίοις
3571 1448 3625 1506 δὲ
3674 1450 3770 1507 καὶ

389 1542 792 1606 mundialibus
827 1555 884 1608 et
905 1547 1357 1612 intellectilibus
1370 1548 1581 1625 oculis,
1616 1538 1677 1611 ut
1698 1568 1807 1630 per
1823 1538 2030 1631 mvsti-

2129 1557 2334 1607 νοητοῖς
2393 1538 2717 1615 ὀφθαλμοῖς·
2779 1541 2927 1604 ὃπως
2985 1539 3070 1597 διὰ
3123 1543 3229 1597 τῶν
3264 1539 3318 1596 ἐν
3347 1542 3482 1604 ταῖς
3523 1543 3768 1620 Γραφαῖς

386 1631 1200 1717 casimaginesinScripturis
1215 1640 1632 1717 expressas,ad
1651 1658 1856 1702 eorum
1886 1630 2035 1701 aim-

2129 1633 2393 1703 μυστικῶν
2456 1630 2839 1706 εἷκονισμάτων
2910 1632 3237 1711 ἀναχθῶμεν
3290 1632 3364 1695 εἷς
3414 1631 3513 1699 τὴν
3563 1631 3771 1688 τούτων

385 1720 715 1803 plicitatem
733 1725 1445 1809 adducamur.Siquidem
1476 1729 1754 1792 audimus
1776 1730 1837 1793 in
1866 1729 2035 1793 Scri-

2129 1718 2427 1787 ἔιπλότητα.
2461 1717 2755 1797 Ἀκούομεν
2813 1721 2915 1800 γὰρ
2981 1720 3035 1777 ἐν
3096 1733 3220 1784 ταῖς
3251 1727 3490 1801 Γραφαϊς
3521 1722 3645 1799 βοῦς
3676 1719 3770 1776 καὶ

386 1813 575 1893 pturis
596 1813 776 1877 boves
797 1824 855 1878 et
877 1808 1381 1899 leones,aliasque
1408 1819 1693 1900 quasdam
1723 1820 1997 1899 composi
2023 1856 2037 1867 -

2129 1808 2363 1889 λέοντας,
2413 1811 2499 1866 καὶ
2548 1810 2728 1889 ἐτέρας
2787 1810 3050 1874 συνθέσεις
3107 1812 3280 1890 τινὰς,
3327 1818 3389 1875 ἇς
3421 1809 3486 1878 δὴ
3557 1817 3636 1887 τῷ
3677 1811 3771 1867 νοΐ

383 1902 601 1994 tiones,
638 1922 785 1985 quas
807 1905 950 1968 dum
998 1916 1199 1970 mente
1243 1899 1673 1990 pervolvimus,
1700 1910 2031 1972 secundum

2129 1899 2595 1978 παραπέμποντες.
2630 1900 2766 1957 κατὰ
2817 1902 2914 1969 τὴν
2972 1902 3167 1958 οἶγείαν
3225 1900 3329 1966 ἕξιν
3376 1901 3619 1976 ἂξιοῦμεν
3668 1900 3775 1956 αὖ·

387 1991 695 2073 proprium
731 1994 996 2058 habitum
1029 1988 1270 2060 easdem
1302 1988 1757 2061 consideramus
1795 2016 1807 2059 :
1859 2008 2037 2078 atque

2129 1990 2210 2050 τὰς
2260 1988 2484 2046 ἕννοεϊν·
2559 1992 2644 2046 καὶ
2705 1990 2873 2056 οὕτως
2926 1992 2987 2047 τὸ
3046 1992 3289 2049 σύνθετον
3348 1996 3416 2059 τῇ
3491 1990 3769 2069 αἰσθήσει,

386 2081 470 2144 ita
502 2082 660 2164 quod
683 2103 863 2147 sensu
890 2088 1285 2168 compositum
1317 2090 1503 2164 e.<t,tit
1534 2098 1733 2151 mente
1756 2077 2028 2169 simplex,

2129 2077 2318 2135 Ξπλοῦν
2352 2086 2423 2155 τῷ
2453 2084 2540 2137 νοῒ
2603 2080 2827 2158 γίνεται*
2881 2082 2971 2137 καὶ
3020 2082 3345 2156 θαυμάζεται
3403 2083 3438 2150 ἡ
3496 2080 3634 2138 αἰτία
3663 2084 3768 2146 τῆς

3646 270 3757 341 188

387 2178 569 2251 atque
589 2173 1327 2259 bierarchiczedisciplinaa
1354 2179 1823 2251 auctor,sci|icet
1847 2181 2031 2262 Deus,

390 2262 718 2343 gratiarum
766 2267 1124 2342 actionibus,
1176 2269 1673 2332 caeremoniarum
1729 2269 2033 2334 Conditori

390 2353 890 2434 competentibus,
924 2357 1217 2421 mirabilis
1241 2359 2031 2439 praedicaturﬂuemadmo-

389 2441 532 2532 dum
564 2444 726 2506 enim
749 2464 852 2509 rex
874 2447 1071 2510 verbis
1098 2450 1307 2528 regiis,
1356 2469 1488 2532 quae
1520 2450 1805 2512 nimirum
1856 2450 2035 2529 regia;

390 2530 662 2612 dignitati
681 2547 1057 2620 competunt,
1095 2530 1619 2617 magniﬁcaturﬁta
1649 2559 1890 2621 quoque
1922 2559 2035 2602 na-

389 2629 537 2685 tura!
563 2622 677 2701 illi,
711 2644 843 2702 qua:
863 2625 1010 2690 ritus
1032 2646 1233 2691 sacros
1262 2629 1537 2705 instituit,
1573 2628 1772 2692 verbis
1800 2629 2036 2692 rituali-

387 2710 501 2775 bus
532 2713 652 2794 ipsi
682 2718 1181 2797 congruentibus,
1215 2720 1422 2799 gratite
1447 2719 1809 2783 referuntur.

466 2799 734 2866 Primum
785 2817 987 2871 autem
1019 2817 1289 2872 omnium
1327 2810 1659 2874 secundum
1718 2810 2033 2873 veritatem

389 2891 754 2975 dicimus,ne
779 2895 914 2977 quis
940 2898 1231 2961 virtutum
1251 2898 1503 2963 audiens
1533 2900 2031 2980 magnitudinem,

388 2998 570 3064 supra
595 2993 902 3047 creaturas
929 3004 1029 3049 eas
1058 2988 1616 3070 reputet.Dicimus,
1651 2989 1914 3071 inquam,
1934 2990 2041 3052 has

389 3090 601 3135 omnes
653 3073 839 3137 Deum
871 3075 1161 3143 bonitate.
1221 3097 1340 3140 non
1400 3080 1778 3151 necessitate,
1824 3079 2039 3141 condi—

389 3160 554 3253 disse
591 3182 605 3226 :
649 3163 946 3246 siquidem
980 3166 1094 3229 hoc
1139 3168 1400 3231 auctoris
1443 3168 1712 3231 omnium
1758 3177 1817 3232 et
1859 3188 2041 3253 super

392 3251 595 3315 omnia
623 3253 733 3317 Dei
767 3254 1045 3319 bonitatis
1060 3262 1363 3340 proprium
1398 3267 1508 3335 est,
1546 3259 1618 3321 ad
1646 3251 2032 3323 suicommu—

391 3346 630 3404 nionem
656 3361 727 3404 ea
752 3363 880 3425 quae
912 3346 1169 3408 existunt
1201 3348 1472 3421 invitare,
1505 3350 1669 3429 juxta
1688 3350 2032 3428 capacitatis

389 3430 682 3511 cujusque
712 3432 1143 3500 deﬁnitionem.
1179 3439 1327 3501 Nam
1364 3458 1433 3501 ea
1460 3438 1691 3501 ratione
1745 3459 1858 3522 qua
1889 3439 2030 3521 quid

390 3521 783 3602 est,divinum
807 3543 1044 3607 quoque
1066 3526 1297 3589 Numen
1320 3529 1729 3611 participat;ut
1762 3521 2023 3610 Sijnani-

390 3619 611 3673 malum
628 3612 1038 3677 sit.entitatem
1057 3617 1241 3679 solam
1259 3617 1556 3693 habet;sin
1592 3619 1813 3681 animal
1856 3619 2035 3680 etiam

390 3700 583 3779 ipsam
607 3703 827 3779 vitam;
878 3706 971 3767 sin
1019 3726 1163 3770 vero
1217 3708 1393 3770 etiam
1430 3710 1727 3790 particeps
1760 3709 2036 3790 rationis,

394 3791 791 3855 ratiocinandi
815 3804 871 3855 et
903 3795 1275 3877 intelligendi
1320 3798 1685 3874 facultatem,
1720 3801 1804 3861 uti
1839 3800 1899 3861 in
1932 3799 2038 3860 de-

398 3899 575 3944 cursu
605 3885 1226 3970 astruit.Qua3cunque
1251 3889 1430 3969 igitur
1453 3888 2036 3968 exsistunt,dtvinam

395 3970 750 4052 participant
771 3975 1201 4054 providentiam
1222 3997 1288 4039 ex
1305 3998 1370 4040 su
1380 3977 1795 4060 peressentiali
1811 3978 2039 4040 Deitate

399 4073 875 4141 promanantem.
912 4068 1002 4127 45
1029 4068 1182 4131 Hinc
1229 4069 1414 4143 enim,
1469 4068 1661 4150 inquit
1714 4067 2041 4148 Gregorius

397 4151 759 4231 Theologus,
794 4154 1017 4218 bonum
1067 4158 1316 4220 diﬂ‘undi
1349 4159 1656 4240 oportebat
1690 4178 1703 4222 ε
1756 4160 2039 4239 quoniam

402 4240 621 4303 malum
650 4263 844 4327 neque
863 4245 1311 4308 subsistentiam
1335 4247 1535 4324 habet,
1562 4265 1756 4328 neque
1780 4249 2043 4310 existen-

399 4329 1058 4413 tiam;quandoquidem
1090 4336 1193 4400 Dei
1227 4356 1343 4399 non
1368 4345 1443 4399 sit
1476 4338 1792 4419 particeps,
1821 4356 2041 4400 secun-

404 4419 543 4482 dum
566 4422 804 4486 habitus
829 4424 1221 4504 privationem
1247 4429 1673 4509 apparens,sed
1703 4446 1811 4489 nec
1840 4446 2041 4489 exem-

403 4510 648 4591 plariter
670 4513 730 4575 in
755 4516 1014 4577 essentia
1036 4517 1333 4579 exsistens
1366 4518 1680 4593 Quomodo
1696 4518 1855 4580 enim
1881 4516 2045 4598 quid-

401 4619 579 4678 quam
605 4611 753 4677 erat,
790 4603 840 4665 si
871 4623 1075 4667 rerum
1110 4607 1434 4669 essentiam
1462 4626 1831 4690 nequaquam
1857 4607 2044 4690 parti-
2071 4653 2114 4705 Β

403 4691 1071 4773 cipabat?Exsistentem
1098 4706 1293 4758 autem
1317 4707 1483 4759 vocat
1501 4698 1593 4760 hic
1609 4699 2046 4760 sanctissimam

403 4780 921 4865 Trinitatem;quw
950 4803 1084 4846 cum
1117 4804 1318 4847 rerum
1365 4797 1697 4851 creatarum
1751 4788 1827 4851 sit
1876 4805 2047 4849 crva-

406 4870 542 4943 trix,
567 4880 626 4934 et
658 4872 1043 4955 principium,
1071 4883 1127 4935 et
1158 4894 1359 4952 causa,
1394 4876 1467 4938 ab
1499 4877 1573 4939 iis
1599 4880 1748 4960 ipsis
1780 4896 1912 4958 quae
1944 4894 2052 4958 per

405 4961 593 5043 ipsam
618 4962 679 5023 in
714 4962 906 5025 lucem
938 4962 1311 5043 prodierunt,
1347 4967 1696 5050 participari
1727 4969 1967 5030 dicitur.

485 5050 630 5126 Quae
659 5054 858 5134 itaque
888 5052 1213 5116 inanimata
1235 5066 1374 5118 sunt
1403 5059 1626 5133 omnia,
1677 5077 1815 5121 cum
1850 5058 2051 5121 solum

406 5143 549 5223 sint,
585 5143 1229 5225 participantdivinum
1265 5145 1499 5210 Numen
1524 5149 1856 5211 secundum
1890 5166 2048 5223 esse,

406 5252 745 5317 quanquam
771 5252 951 5315 supra
991 5234 1139 5296 illud
1173 5255 1308 5300 esse
1351 5238 1428 5301 sit
1459 5239 1691 5301 Numen
1727 5238 1835 5303 Dei
1866 5257 1889 5317 ;
1920 5258 2054 5320 qua)

406 5342 550 5387 vero
572 5324 800 5404 vivunt,
839 5334 1235 5406 praeterquam
1262 5327 1416 5408 quod
1445 5328 1801 5409 participem
1831 5328 2053 5391 entita-

409 5421 556 5491 tem,
589 5412 710 5480 vim
742 5431 979 5495 quoque
1008 5413 1298 5486 viviﬁcam
1348 5435 1418 5480 ac
1476 5416 1739 5480 divinam
1806 5418 2055 5499 partici-

491 5583 523 5613 ⁸
557 5575 715 5640 Psal.
761 5588 1031 5642 cxxxml.
1071 5578 1130 5642 6.

500 5693 578 5777 (9)
615 5693 767 5758 Vide
795 5696 934 5760 Sch.
968 5695 1034 5761 S.
1068 5695 1223 5760 Max.
1251 5701 1293 5755 t.
1333 5695 1401 5776 Il,
1436 5712 1490 5755 c.
1520 5695 1577 5759 4.

2116 2170 2431 2248 ἱεραρχικῆς
2491 2170 2819 2250 ἐπιστήμης,
2875 2168 3039 2248 ἤγουν
3074 2173 3101 2227 6
3144 2173 3299 2245 Θεὸς,
3354 2170 3407 2227 ἐν
3437 2168 3768 2250 τελεταρχι-

2119 2271 2241 2320 χαϊς
2274 2261 2360 2316 καὶ
2409 2258 2805 2339 προσηκούσαις
2869 2260 3259 2340 εὖχαριστίαις.
3327 2259 3421 2326 Ὠς
3465 2282 3566 2340 γαρ
3597 2261 3625 2316 6
3656 2260 3768 2336 βα·-

2116 2347 2292 2411 σιλεὺς
2348 2349 2654 2426 βασιλικοῖς
2708 2348 2913 2428 λόγοις,
2962 2353 3116 2408 οἱονεὶ
3173 2350 3241 2427 τῇ
3299 2349 3543 2429 βασιλείᾳ
3596 2370 3770 2427 προσ.

2117 2439 2332 2516 ἥκουσι,
2366 2439 2737 2520 μεγαλύνεται,
2788 2440 2927 2498 οὕτω
2986 2442 3072 2497 uti
3116 2442 3151 2510 ἡ
3210 2438 3522 2522 τελετέρχις
3581 2438 3761 2517 οὖσία,

2118 2526 2301 2607 λόγοις
2332 2529 2735 2612 τελετερχικοϊς
2781 2532 3208 2612 εὖχαριστεῖται.

2200 2804 2416 2876 Πρῶτον
2446 2797 2741 2858 δ’ἁπέντων
2770 2799 2951 2858 ἐκεῖνο
3011 2798 3265 2878 λέγομεν,
3298 2796 3419 2857 κατ’
3478 2795 3770 2872 ἀλήθειαν,

2117 2886 2211 2944 ’ίνα
2243 2890 2341 2964 μὴ,
2389 2891 2620 2953 ἄκουσας
2650 2914 2732 2954 τις
2765 2892 2826 2947 τὸ
2865 2894 2959 2947 τῶν
2986 2888 3260 2964 δυνάμεων
3291 2886 3607 2966 μεγαλεῖον,
3636 2890 3774 2969 ὑπὲρ

2124 2978 2189 3034 τὰ
2218 2979 2483 3054 κτίσματα
2527 2979 2801 3059 λογίσαιτο
2857 2981 3075 3044 ταύτας.
3142 2979 3383 3058 Λέγομεν
3439 2982 3636 3054 τοίνυν,
3684 2978 3773 3036 ὅτι

2124 3068 2298 3134 πάσας
2332 3071 2491 3135 αὐτὰς
2524 3071 2841 3150 ἀγαθότητι,
2873 3072 2964 3126 καὶ
2993 3072 3052 3127 οὗ
3082 3071 3262 3151 χρείᾳ,
3297 3072 3324 3127 6
3362 3070 3492 3135 Θεὸς
3522 3069 3773 3137 ὒπέστη-

2122 3177 2234 3215 σεν·
2272 3158 2380 3215 Ean
2411 3161 2510 3239 γὰρ
2561 3168 2715 3218 τοῦτο
2760 3166 2857 3226 τῆς
2920 3161 3251 3237 ἀγαθὸτητος
3311 3157 3475 3234 ἴδιον,
3510 3166 3603 3216 τοῦ
3635 3167 3776 3219 Θεοῦ

2119 3252 2216 3319 τῆς
2247 3274 2459 3310 παντων
2505 3254 2674 3318 αἰτίας
2707 3256 2792 3311 καὶ
2823 3253 2955 3331 ὑπὲρ
2987 3254 3186 3329 πάντα,
3217 3255 3281 3310 τὸ
3336 3257 3465 3332 πρὸς
3513 3254 3766 3332 μετοχὴν

2119 3343 2311 3408 ἑαυτῆς
2358 3344 2421 3400 τὰ
2450 3345 2748 3401 ὑποστάντα
2777 3343 2988 3419 καλεῖν,
3026 3345 3162 3401 κατὰ
3218 3345 3309 3400 τὸν
3341 3348 3439 3410 τῆς
3473 3341 3766 3419 ἀναλογίας

2116 3431 2338 3488 ἑκάστου
2382 3431 2672 3507 διορισμόν,
2736 3431 3039 3512 Ἀναλόγως
3080 3434 3179 3512 γὰρ
3237 3434 3409 3496 καθώς
3441 3432 3551 3489 ἔστι
3583 3433 3643 3489 τὸ
3672 3432 3761 3505 ὃν,

2118 3522 2253 3577 κατὰ
2300 3530 2454 3580 τοῦτο
2503 3525 2589 3580 καὶ
2648 3534 2736 3580 τοῦ
2761 3526 2910 3580 Θείου
2957 3523 3204 3603 μετέχει’
3282 3524 3325 3580 εἰ
3378 3522 3477 3597 μὲν
3548 3520 3769 3602 ἄψυχόν

2117 3614 2255 3683 εστι,
2291 3614 2387 3680 τὴν
2419 3614 2680 3681 ὀντὸτητα
2725 3615 2897 3689 μόνην
2941 3612 3082 3694 ἔχει’
3121 3614 3164 3669 εἰ
3209 3612 3263 3669 δὲ
3292 3618 3451 3686 ζῶον,
3478 3614 3566 3669 καὶ
3596 3612 3770 3680 αὒτὴν

2121 3702 2218 3768 τὴν
2249 3701 2415 3772 ζωήν⁹
2474 3706 2518 3760 εἰ
2550 3703 2604 3760 δὲ
2641 3706 2733 3761 καὶ
2778 3703 3018 3781 λογικὸν,
3057 3703 3145 3759 καὶ
3193 3702 3323 3759 αὒτὸ
3346 3704 3407 3758 τὸ
3464 3700 3681 3779 λογικὸν
3707 3724 3771 3758 τι

2124 3798 2210 3847 και
2267 3794 2470 3873 νοερὸν,
2521 3795 2695 3856 καθὼς
2774 3795 3115 3872 παρακατιὼν
3175 3793 3370 3860 τίθησι.
3458 3792 3635 3848 Πάντα
3702 3792 3775 3848 τὰ

2098 3876 2248 3945 ,ὅντα
2302 3883 2471 3939 τοίνυν
2531 3884 2753 3963 μετέχει
2806 3888 2902 3949 τῆς
2988 3885 3129 3946 θείας
3214 3882 3489 3958 προνοίας,
3549 3881 3610 3937 ἐκ
3666 3886 3773 3948 τῆς

2122 3970 2432 4032 ὑπεοοοσίου
2491 3974 2744 4038 θεότητος
2818 3972 3177 4051 ἐκχεομένης,
3238 3970 3346 4033 Ἐκ
3401 3969 3587 4028 τούτου
3643 3972 3779 4051 γὰρ,

2124 4058 2268 4137 λέγει
2313 4064 2400 4118 καὶ
2459 4064 2487 4119 6
2543 4062 2808 4141 Θεολόγος
2865 4062 3183 4140 Γρηγόριος,
3236 4059 3356 4118 ἀλλ’
3411 4060 3514 4116 ἔδει
3544 4063 3803 4141 χεθῆναιΔ

2124 4150 2184 4203 τὸ
2228 4150 2446 4227 ἀγαθόν·
2509 4159 2647 4208 ὥστε
2703 4149 3069 4208 ἀνυπόστατον
3125 4154 3185 4208 τὸ
3228 4152 3393 4207 κακὸν
3451 4151 3542 4206 καὶ
3572 4151 3652 4223 μὴ
3688 4146 3777 4210 ἄν’

2128 4237 2313 4307 ἐπειδὴ
2345 4241 2423 4316 μὴ
2482 4242 2703 4322 μετέχει
2758 4251 2851 4301 τοῦ
2908 4250 3064 4321 Θεοῦ,
3114 4241 3252 4298 κατὰ
3308 4240 3559 4317 στέρησιν
3612 4237 3782 4305 ἕξεως

2135 4331 2477 4409 φαινόμενον,
2524 4329 2643 4388 ἀλλ’
2703 4332 2762 4387 οὗ
2810 4329 2907 4386 κᾶν
2968 4332 3026 4387 τὸ
3084 4330 3473 4409 πρωτοτύπως,
3512 4330 3589 4405 μὴ
3622 4330 3682 4386 ὃν
3724 4330 3784 4386 ἐν

2137 4420 2304 4493 οὐσίᾳ.
2366 4427 2485 4485 Uti);
2532 4423 2630 4500 γὰρ
2674 4420 2735 4476 ἂν
2764 4422 2827 4489 ἦν
2860 4443 2908 4476 τι
2939 4419 3020 4495 ὃν,
3057 4423 3100 4476 εἱ
3153 4421 3229 4497 μὴ
3262 4433 3492 4500 μετεῖχε
3529 4424 3628 4487 τῆς
3659 4419 3775 4476 τῶν

2136 4511 2302 4568 ὄντων
2362 4511 2591 4587 οὐσίας;
2657 4499 2832 4570 ’Ὄντα
2869 4508 2922 4566 δὲ
2984 4509 3200 4567 ἐνταῦθα
3260 4509 3404 4588 λέγει
3460 4513 3560 4577 τὴν
3622 4509 3785 4586 ἁγίαν

2137 4598 2352 4681 Τριάδα,
2387 4601 2503 4667 ἣτις
2534 4609 2637 4659 τῶν
2696 4602 2933 4659 κτιστῶν
2988 4599 3118 4656 οὖσα
3152 4598 3497 4679 δημιουργὸς,
3546 4600 3634 4655 καὶ
3679 4598 3781 4674 ἆρ-

2133 4693 2236 4772 χὴ,
2268 4693 2358 4747 καὶ
2391 4691 2551 4769 αἰτία,
2611 4692 2663 4757 ἐξ
2722 4694 2893 4750 αὗτὼν
2935 4695 3042 4745 τῶν
3088 4688 3214 4770 παρ’
3273 4689 3436 4758 αὐτῆς
3480 4690 3553 4754 εἰς
3595 4686 3780 4747 οὐσίαν

2132 4782 2180 4839 ὲ)
2192 4782 2389 4839 θάττων
2422 4782 2745 4863 μετέχεσθαι
2775 4780 3019 4859 λέγεται.

2216 5053 2291 5110 Τὰ
2320 5050 2420 5126 μὲν
2477 5048 2565 5107 οὖν
2624 5048 2815 5130 ἄψυχα
2868 5051 3065 5130 πάντα,
3122 5048 3239 5105 ἐπεὶ
3280 5047 3445 5123 μόνον
3494 5045 3623 5105 ὄντα
3655 5048 3786 5121 εἶσὶ,

2134 5141 2354 5222 μετέχει
2408 5148 2501 5198 τοῦ
2536 5139 2688 5197 Θείου
2715 5139 2853 5195 κατὰ
2909 5141 2973 5196 τὸ
3034 5139 3179 5196 εἶναι
3209 5138 3297 5194 καὶ
3353 5137 3482 5195 καθό
3525 5138 3652 5213 εἶσι,
3687 5137 3787 5194 κᾶν

2133 5232 2222 5291 καὶ
2250 5231 2382 5308 ὑπὲρ
2414 5230 2475 5286 τὸ
2524 5229 2669 5287 εἶναί
2726 5228 2836 5286 ἐστι
2889 5231 2953 5287 τὸ
3000 5229 3184 5286 Θεῖον·
3219 5228 3285 5284 τὰ
3315 5225 3371 5284 δὲ
3412 5234 3609 5306 ζῶντα,
3647 5228 3782 5305 πρὸς

2134 5328 2213 5397 τῷ
2244 5320 2497 5400 μετέχειν
2540 5321 2633 5377 τοῦ
2678 5318 2847 5395 εἶναι,
2904 5319 3195 5399 μετέχωσι
3252 5319 3339 5375 καὶ
3388 5322 3488 5385 τῆς
3519 5324 3795 5389 ζωοποιοῦ

2136 5416 2225 5476 καὶ
2256 5415 2395 5481 θείας
2449 5411 2743 5489 δυνάμεως,
2805 5413 2848 5469 si
2892 5414 2979 5469 καὶ
3048 5411 3179 5491 ὑπὲρ
3227 5416 3405 5468 πᾶσαν
3468 5411 3614 5485 ζωήν
3646 5409 3790 5471 ἐστι’
