4052 6426
250 296 355 363 189
692 300 791 363 DE
835 301 1183 366 C(ELESTI
1233 300 1730 384 HIERARCIIIA,
1779 307 1943 369 CAP.
1994 308 2094 371 IV.
2158 343 2215 352 —
2269 310 2658 373 PAIiAPHR.
2711 311 3199 375 PACIIYMERE
3534 307 3641 379 190

239 432 304 526 τὰ
345 430 403 526 δε
427 430 650 526 λογικὰ,
678 432 814 510 ἅπερ
873 434 1035 526 ξσμὶν
1089 437 1283 517 ἡμεῖς,
1325 437 1415 495 καὶ
1472 438 1651 517 νοερὰ,
1686 438 1820 519 amp
1853 444 1891 498 oi

1985 449 2149 521 pant,
2186 441 2421 504 tametsi
2483 442 2608 507 hinc
2658 461 2903 526 quoque
2963 461 3143 525 supra
3189 461 3428 507 omnem
3457 445 3638 509 vitam

237 520 481 603 ἄγγελοι,
521 522 814 605 μετέχουσι
842 524 942 593 τῆς
996 526 1306 593 αῦτοτελοῦς
1357 529 1567 609 σοφίας·
1614 536 1768 588 τοῦτο
1800 531 1891 610 γὰρ

1983 520 2196 592 existat
2223 551 2239 611 ;
2287 550 2420 612 quat
2449 552 2588 595 vero
2621 520 2935 596 rationalia
2957 520 3114 609 sunt,
3153 533 3239 595 uti
3272 552 3402 611 nos,
3440 541 3500 598 et
3521 536 3642 616 spi—

235 611 346 670 ὲστι
392 612 555 693 λόγος
604 614 691 671 καὶ
753 614 946 683 νόησις
999 626 1093 676 τοῦ
1153 620 1306 697 Θεοῦ,
1364 618 1462 674 κᾶν
1496 622 1583 677 καὶ
1633 620 1761 699 ὑπὲρ
1806 623 1891 677 τὸν

1980 618 2198 702 ritalia,
2227 611 2383 683 sicut
2415 624 2637 704 angeli,
2668 631 2978 703 compotes
3014 631 3153 685 sunt
3192 623 3376 705 ipsius
3449 611 3643 706 per-se

232 701 401 782 λόγον
432 704 520 760 καὶ
551 709 671 760 νοῦν
724 703 835 762 ἔστι
880 714 1066 770 ταῦτα,
1115 708 1441 786 Πόριζόμεθα
1472 711 1639 766 τοίνυν
1681 709 1741 766 ἐκ
1769 712 1891 767 τού-

1982 709 2264 789 perfectae
2307 701 2940 794 sapientim,siquidem
2975 713 3101 776 haec
3131 701 3278 775 ratio
3334 701 3517 777 estet
3548 716 3642 777 in-

232 814 365 865 των,
400 792 484 850 ὅτι
537 792 604 851 τὰ
633 796 789 871 νοερὰ
820 796 1035 861 πάντως
1065 802 1143 871 τῷ
1174 798 1321 873 Θεοῷ
1350 796 1724 871 πλησιάζουσι·
1760 823 1891 876 μετ-

1991 799 2248 865 tellectio
2280 802 2408 884 Dei,
2436 803 2574 865 licet
2606 792 2781 865 simul
2825 804 2901 866 sit
2931 822 3112 884 supra
3137 806 3427 866 rationem
3461 813 3520 867 et
3540 806 3640 868 in-

232 881 429 963 έχουσι
461 882 562 962 γὰρ
621 887 782 943 αῦτοῦ
850 884 1149 967 πολλαχῶς
1182 889 1439 945 καὶκατὰ
1492 890 1554 945 τὸ
1585 889 1753 964 εἶναι,
1816 886 1903 947 καὶ

230 973 371 1030 κατὰ
402 973 466 1030 τὸ
494 979 617 1055 ζῇν,
670 976 760 1031 καὶ
793 975 928 1032 κατὰ
984 975 1043 1033 τὸ
1099 976 1292 1057 λογικᾶ
1340 978 1508 1057 εἶναι,
1546 980 1633 1038 καὶ
1695 979 1768 1037 ἔτι
1814 971 1902 1038 καιἶ

230 1064 419 1142 νοερὰ,

313 1330 449 1413 δη,
485 1334 550 1392 Δί
576 1344 700 1413 γοῦν
756 1335 904 1414 ἅγιαι
959 1338 1048 1392 καὶ
1091 1337 1319 1415 οὖράνιαι
1368 1337 1775 1415 διακοσμήσεις,
1814 1342 1900 1396 καὶ

227 1424 370 1503 ὑπὲρ
405 1424 476 1482 τὰ
501 1424 679 1501 μύνως
723 1425 851 1482 ὄντα
899 1444 965 1482 τα
1024 1425 1234 1507 ἄψυχα,
1299 1430 1386 1485 καὶ
1417 1429 1541 1509 ὁπέρ
1594 1430 1660 1486 τὰ
1689 1430 1899 1510 ἀλόγως

224 1521 439 1590 ζῶντα,
501 1516 591 1572 καὶ
633 1515 765 1592 ὑπὲρ
819 1515 883 1573 τὰ
915 1513 1031 1573 καθ’
1090 1520 1235 1593 ἡμᾶς
1284 1517 1478 1597 λογικὰ
1529 1520 1650 1587 τοὺς
1692 1521 1898 1599 ἀνθρώ-

224 1622 395 1668 πους⁶
442 1605 513 1661 τὰ
547 1607 647 1682 μὶν
678 1607 778 1685 γὰρ
804 1607 1008 1684 μόνως,
1055 1608 1122 1665 τά
1167 1607 1219 1664 δὲ
1255 1606 1468 1682 διττῶς,
1505 1611 1567 1667 τὰ
1596 1609 1651 1667 δὲ
1678 1618 1899 1691 τριττῶς

220 1698 331 1764 τῆς
399 1696 547 1759 θείας
609 1698 898 1777 μετέχωσι
959 1694 1266 1764 διαδόσεωςο
1331 1703 1383 1756 αἱ
1426 1710 1552 1777 γοῦν
1596 1705 1769 1781 νοεραὶ
1814 1699 1901 1758 καὶ

1989 891 2395 970 telligentiam.
2453 895 2537 957 Ex
2571 894 2662 955 his
2695 895 2896 975 itaque
2942 894 3389 975 przestantiores
3447 897 3644 957 evadi-

1986 999 2140 1056 mus,
2176 983 2456 1061 quoniam
2510 984 2803 1065 spiritalia
2854 984 2975 1047 Deo
3033 1003 3277 1064 prorsus
3311 986 3640 1065 appropin-

1985 1079 2169 1148 quant
2202 1090 2218 1149 ;
2252 1072 2546 1154 siquidem
2577 1074 2773 1155 ipsum
2806 1075 3222 1155 multipliciter
3253 1074 3635 1155 participant,

1992 1168 2111 1221 tum
2146 1162 2301 1243 quod
2336 1162 2455 1223 sint
2478 1170 2601 1224 tum
2622 1164 2780 1245 quod
2806 1164 3023 1245 viVant,
3051 1172 3173 1225 tum
3199 1163 3355 1246 quod
3383 1165 3640 1227 rationa-

1985 1250 2064 1311 lia
2094 1250 2214 1312 siut
2243 1261 2418 1332 atque
2451 1253 2696 1334 insuper
2728 1254 3042 1331 spiritalia.

2065 1339 2427 1420 §ILSanctm
2463 1342 2648 1424 igitur
2681 1343 3523 1426 cmlestesquedispositiones
3545 1363 3642 1406 su—

1986 1439 2198 1511 perant
2218 1450 2286 1493 ea
2314 1451 2446 1511 quae
2467 1435 2654 1497 solum
2682 1442 2818 1495 sunt
2838 1435 3186 1515 inanimata,
3212 1443 3393 1515 atque
3417 1453 3485 1496 ea
3507 1454 3639 1515 qua:

1982 1519 2113 1582 sine
2138 1522 2373 1583 ratione
2401 1523 2601 1585 vivunt
2633 1542 2743 1585 nec
2775 1543 2891 1585 non
2922 1543 2988 1585 ea
3031 1543 3163 1605 quze
3186 1525 3495 1586 nobiscum
3524 1526 3635 1586 ho-

1983 1610 2245 1673 minibus
2271 1612 2504 1674 ratione
2536 1623 2846 1692 reguntur:
2879 1613 2979 1676 illa
3010 1613 3304 1694 siquidem
3339 1614 3635 1693 simplici-

1985 1708 2099 1772 ter,
2125 1699 2238 1763 ista
2281 1700 2621 1782 dupliciter,
2656 1712 2831 1783 atque
2858 1704 2984 1765 haec
3016 1703 3335 1781 tripliciter
3365 1703 3632 1765 divinum

221 1786 476 1864 οὐράνιαι
536 1788 819 1867 τετράχῶς
874 1809 931 1843 τε
982 1788 1072 1844 καὶ
1122 1789 1417 1871 πολλαχῶς
1475 1792 1670 1859 ταύτης
1737 1792 1891 1868 μετέ-

1986 1807 2202 1850 munus
2236 1791 2609 1871 participant;
2644 1793 2746 1853 sed
2768 1792 3067 1870 spiritales
3091 1792 3221 1853 ista;
3241 1792 3633 1873 caelestesque

223 1897 422 1956 χουσι,
456 1874 604 1941 Τέως
631 1897 693 1954 γε
738 1877 839 1953 μὴ,
888 1876 1067 1957 ὥσπερ
1099 1878 1179 1960 ἐφ’
1223 1882 1381 1953 ἡμῶν
1427 1879 1570 1937 ἔστιν
1613 1880 1769 1963 ἱδεϊν,
1818 1882 1891 1939 ὅτι

1984 1888 2209 1941 naturae
2232 1882 2705 1961 quadrupliciter
2734 1901 2802 1943 ac
2834 1882 3251 1962 multipliciter
3282 1883 3410 1962 ejus
3460 1900 3630 1941 coin-

223 1964 291 2023 ἐκ
337 1968 449 2022 τῶν
507 1965 824 2045 κρειττόνων
874 1966 1169 2047 λεγόμεθα,
1214 1972 1302 2027 καὶ
1347 1970 1678 2051 κυριωτέρως
1732 1971 1897 2051 λεγό-

230 2060 376 2134 μεθα
420 2054 633 2135 λογικοί
673 2054 799 2135 παρ’
846 2058 874 2114 ὃ
918 2064 1051 2135 ζῶα,
1106 2060 1141 2127 ἣ
1199 2062 1287 2117 καὶ
1330 2060 1482 2141 ὄντα,
1515 2061 1653 2119 οὕτω
1683 2063 1778 2118 καί
1811 2063 1897 2120 ἐπὶ

227 2169 341 2220 τίειν
388 2148 542 2204 θείων
587 2145 884 2222 δυνάμεων.
933 2151 1019 2206 διαὶ
1063 2148 1193 2207 ὅντα
1235 2152 1335 2230 γάρ
1367 2153 1498 2207 εἰσιν
1547 2153 1775 2234 ἐκεῖναι,
1807 2154 1893 2210 καῖ

230 2245 394 2317 ζῶσι,
449 2239 540 2294 καὶ
572 2236 795 2317 λογικαί
840 2240 995 2318 εἰσιν,
1044 2239 1167 2296 ἀλλ’
1210 2241 1356 2317 ὅμως
1404 2243 1579 2322 νοεραὶ
1624 2242 1891 2321 λέγονται,

226 2325 335 2389 Καὶ
392 2326 578 2405 ὥσπερ
626 2329 772 2403 ἡμᾶς
833 2331 1073 2404 σεμνύνει
1126 2332 1184 2387 τὸ
1234 2333 1370 2389 κατὰ
1414 2331 1575 2411 λόγον
1608 2337 1891 2413 κινεῖσθαι,

233 2418 369 2476 οῦτω
434 2418 713 2483 κάκείναις
770 2419 870 2487 τὴν
919 2422 1273 2497 θεομιμησίαν
1335 2423 1564 2503 παρέχει
1599 2471 1614 2499 ,
1701 2431 1894 2502 νοερῶς

237 2508 595 2584 κινουμέναις,
626 2510 716 2565 καὶ
748 2510 880 2587 πρὸς
925 2512 1023 2579 τὴν
1079 2513 1374 2593 θεαρχικὴν
1426 2515 1652 2591 ὁρώσαις
1686 2514 1890 2589 ὁμοίω-

232 2619 333 2673 σιν,
395 2599 654 2656 κάκεῖθεν
709 2598 1012 2679 ἐφιεμέναις
1085 2609 1321 2681 μορφοῦν
1376 2604 1437 2659 τὸ
1485 2604 1665 2680 νοερὸν
1718 2602 1889 2660 αὐτῶν

225 2687 397 2753 εἶδος·
434 2690 528 2745 καὶ
572 2687 658 2745 διὰ
706 2689 863 2749 τοῦτο
921 2692 1005 2748 καὶ
1037 2690 1284 2756 πλείονας
1318 2694 1536 2757 εἰκότως
1580 2694 1765 2773 ’έχουσι
1796 2694 1889 2757 τὰς

222 2780 359 2857 πρὸς
395 2777 562 2847 αδτὴν
592 2781 894 2856 κοινωνίας,
930 2783 1003 2846 ὡς
1049 2782 1225 2857 οῦσαι,
1273 2784 1346 2845 ὼς
1377 2788 1567 2859 ζῶσαι,
1615 2786 1688 2849 ὡς
1734 2781 1890 2862 λογι-

220 2873 334 2949 καὶ,
371 2870 465 2926 καὶ
497 2868 576 2926 ¹ἐτι
606 2872 680 2934 ὡς
741 2872 916 2951 νοεραὶ
962 2873 1051 2929 καὶ
1109 2886 1409 2953 προσεχεῖς
1470 2874 1747 2953 μένουσαι,
1804 2874 1891 2930 καὶ

218 2961 281 3017 οῦ
310 2957 758 3036 διεσκεδασμέναι
804 2962 941 3019 κατὰ
1006 2965 1108 3030 τὴν
1157 2960 1413 3043 διάφορον
1470 2964 1716 3045 γνώμην,
1761 2962 1890 3041 ὅπερ

215 3050 365 3105 εστὶν
414 3051 471 3105 tv
514 3050 652 3125 ἡμϊν
688 3048 758 3129 (οἱ
787 3052 888 3130 γὰρ
917 3051 973 3108 ἓν
1005 3052 1122 3127 Θεῷ
1166 3052 1338 3128 ὄντες,
1387 3053 1718 3131 συνημμένοι
1765 3056 1887 3130 εἰσὶ,

214 3142 405 3207 καθὼς
467 3143 560 3199 καὶ
641 3144 786 3223 παρὰ
859 3148 964 3203 τῶν
1023 3146 1177 3203 θείων
1243 3153 1465 3228 Γραφῶν
1525 3147 1884 3224 μανθάνομεν

1984 1978 2153 2050 potes
2185 1972 2497 2033 exsistunt.
2536 1971 2779 2034 lnterim
2829 1973 3098 2045 minime,
3132 1972 3630 2053 quemadmodum

1982 2058 2157 2121 nobis
2184 2080 2294 2123 usu
2329 2063 2485 2123 venit
2515 2070 2577 2122 ut
2622 2080 2694 2124 ex
2758 2062 3028 2143 partibus
3082 2061 3476 2123 nobilioribus
3533 2081 3635 2141 ap-

1982 2149 2299 2228 pellemur,
2338 2160 2399 2214 et
2432 2153 2617 2230 magis
2650 2155 2894 2233 proprie
2925 2152 3173 2213 rationis
3218 2161 3521 2233 compotes
3543 2151 3628 2212 di-

1981 2259 2186 2301 camur
2216 2260 2391 2323 quam
2428 2243 2515 2303 vel
2538 2243 2842 2322 animalia,
2866 2243 2956 2303 vel
2978 2242 3253 2315 entia,ita
3277 2242 3447 2302 etiam
3474 2242 3634 2301 circa

1978 2330 2253 2393 ccelestes
2279 2332 2407 2394 illas
2435 2336 2681 2393 virtutes
2708 2333 2898 2411 agitur
2937 2354 2952 2409 ;
2996 2341 3133 2393 sunt
3157 2350 3412 2411 namque
3441 2337 3620 2399 entia.

1978 2430 2036 2482 et
2067 2421 2363 2497 vivunt,et
2393 2422 2623 2485 ratione
2663 2422 2909 2503 pollent,
2933 2429 2991 2484 et
3023 2420 3415 2483 nihilominus
3445 2420 3626 2483 simul

1975 2511 2274 2590 spiritales
2323 2521 2769 2591 nuncupantur.
2806 2513 2880 2574 Et
2919 2512 3072 2574 sicut
3121 2510 3296 2572 nobis
3328 2509 3483 2571 laudi
3516 2519 3628 2580 est,

1976 2601 2305 2663 secundum
2330 2602 2621 2663 rationem
2650 2603 2871 2663 moveri
2901 2622 2918 2676 ;
2952 2602 3031 2662 ita
3053 2621 3295 2679 quoque
3313 2600 3426 2662 illis
3452 2600 3627 2681 spiri-

1976 2691 2177 2753 taliter
2200 2693 2468 2768 motis,et
2498 2691 2569 2754 ad
2607 2691 2864 2754 divinam
2914 2691 3321 2772 spectantibus
3352 2690 3629 2752 similitu-

1976 2779 2472 2863 dinem.indeque
2495 2782 2826 2863 spiritalem
2845 2800 3010 2843 suam
3028 2782 3296 2861 speciem
3319 2782 3629 2843 eil‘ormare

1976 2870 2378 2951 cupientibus,
2416 2873 2673 2934 divinam
2734 2871 2938 2933 tribuit
2991 2871 3386 2934 imitationem
3425 2889 3440 2947 ;
3474 2891 3625 2951 qua-

1974 2971 2223 3042 propter
2251 2965 2427 3024 etiam
2453 2964 2668 3024 merito
2702 2962 2760 3023 in
2788 2962 3054 3043 pluribus
3078 2980 3211 3024 cum
3238 2962 3441 3023 eadem
3463 2979 3626 3023 com-

1975 3051 2281 3113 municant
2313 3062 2597 3133 tanquam
2651 3052 3000 3133 existentes,
3038 3061 3316 3132 tanqnam
3337 3050 3623 3123 viventes,

1976 3150 2258 3219 tanquam
2290 3142 2614 3204 rationales
2637 3149 2817 3223 atque
2850 3141 3099 3223 insuper
3133 3149 3408 3220 tanquam
3442 3139 3623 3219 Spiri~

217 3233 317 3289 ὅτε
360 3232 468 3313 γὰρ
496 3232 636 3289 κατὰ
692 3234 899 3311 κόσμον
946 3235 1138 3312 ἔμελλε
1182 3242 1443 3295 κινεῖσθαι
1495 3240 1523 3295 ὁ
1553 3244 1761 3318 πρῶτος
1785 3238 1891 3295 τῶν

1978 3232 2123 3293 tales
2152 3239 2328 3312 atque
2359 3232 2616 3293 assidua;
2649 3241 2982 3312 manentes,
3013 3239 3071 3293 et
3097 3248 3463 3311 nequaquam
3497 3229 3625 3290 dis-

214 3326 517 3398 μαθητῶν,
566 3321 745 3404 ἔλεγεο
807 3327 1010 3407 Υπάγω
1083 3328 1337 3409 ἁλιεύειν,
1400 3328 1669 3403 δηλονότι,
1715 3320 1890 3409 χωρί-

212 3420 389 3488 ζομαι
423 3412 477 3479 ἐξ
507 3414 679 3490 ὑμῶν·
734 3415 850 3499 ὅτεῌ
881 3415 935 3474 δὲ
994 3417 1272 3476 ἐπίστευον
1328 3420 1376 3475 οἱ
1410 3419 1772 3499 πιστεύοντες,
1804 3419 1891 3475 καὶ

211 3504 366 3559 κατᾶ
429 3504 563 3560 Θεὸν
605 3505 766 3574 ἦσαν,
822 3493 1008 3589 Ἠσαν,
1070 3510 1251 3588 φησὶν,
1306 3509 1392 3567 ἐπὶ
1452 3511 1514 3566 τὸ
1571 3509 1699 3566 αὐτὸ
1761 3530 1889 3564 συν-

210 3591 506 3671 ηγμένοι),
543 3597 631 3650 καὶ
685 3595 768 3652 ἀεὶ
816 3596 1226 3674 ἀνατεινόμεναι
1285 3602 1416 3679 πρὸς
1476 3600 1537 3655 τὸ
1586 3597 1807 3663 ἄναντες
1837 3598 1889 3655 ἐν

216 3683 477 3754 συντονίᾳ
520 3690 615 3741 τοῦ
656 3686 797 3741 θείου
863 3693 949 3744 καί
1009 3687 1255 3751 ἀιλινοῦς
1313 3688 1528 3763 ἔρωτος.
1574 3690 1662 3753 Τίς
1708 3689 1809 3767 γὰρ
1841 3687 1893 3754 ἒξ

210 3774 389 3847 ἡμῶν
445 3770 675 3843 ἐζήτησε
737 3774 987 3856 πώποτε,
1033 3777 1119 3833 καὶ
1180 3776 1356 3857 ἔφεσιν
1406 3776 1560 3857 ἔσχε,
1594 3777 1771 3853 βοείαν
1801 3775 1891 3833 δέ·-

212 3860 413 3928 ξασθαι
445 3863 747 3939 κίνησιν,ἤ
806 3864 949 3923 λίθου
992 3867 1110 3925 τινὰ.
1158 3865 1445 3948 ἰδιότητας
1499 3865 1637 3924 ἀλλὰ
1680 3866 1892 3933 πάντως

210 3954 252 4022 ἡ
314 3950 496 4032 ’ἔφεσις
529 3955 614 4011 ἰπὶ
645 3958 706 4012 τὸ
738 3955 957 4025 ἄναντες
998 3960 1137 4022 ἔστι,
1176 3960 1342 4017 Τοῦτὸ
1370 3960 1482 4013 ἔστι
1527 3958 1614 4014 καὶ
1643 3957 1727 4014 ἐπὶ
1768 3970 1891 4020 ταῖς

212 4044 555 4124 ἀγγελικαῖς
628 4050 715 4105 καὶ
776 4053 942 4115 θείαις
996 4048 1302 4127 δυνάμεσιν,
1347 4052 1429 4108 ἀεὶ
1488 4052 1577 4108 καὶ
1633 4049 1887 4128 ἐφίενται,

215 4138 317 4192 καὶ
361 4134 700 4216 εἰσδέχονται
731 4138 827 4204 τὰς
857 4139 1087 4220 ἀρχικὰς
1125 4142 1212 4198 καὶ
1254 4141 1395 4203 θείας
1440 4139 1766 4216 έλλέμψεις,
1798 4140 1887 4195 καὶ

218 4226 371 4301 πρὸς
408 4226 507 4295 τὴς
560 4225 861 4305 ὶλλάμψεις
902 4231 1207 4311 τάττονται,
1242 4232 1330 4288 καὶ
1363 4233 1460 4295 τὴν
1503 4230 1647 4302 ζωὴν
1676 4230 1887 4286 ἅπασαν

211 4314 431 4372 ἑαυτῶν
473 4318 658 4394 νοερὰν
732 4319 972 4401 ἔχουσιν
1018 4324 1070 4377 αἱ
1126 4322 1227 4400 γὰρ
1290 4321 1459 4378 αὐτῶν
1512 4321 1683 4377 οὖσίαι
1765 4328 1885 4384 νοῦς

216 4412 336 4479 ζῶν
365 4410 502 4465 ἔστι·
554 4408 637 4467 διὰ
695 4418 852 4469 τοῦτο
907 4415 1020 4494 καὶ,
1055 4416 1127 4478 ὡς
1160 4413 1258 4490 μὲν
1289 4417 1612 4494 πρθσεχεῖει
1660 4416 1885 4488 πρώτως

218 4497 278 4555 ἰν
313 4498 573 4573 μετουσίᾳ
600 4501 857 4579 γίνονταιο
891 4505 963 4567 ὡς
1008 4502 1063 4560 δὲ
1118 4503 1323 4567 πολλὰς
1386 4503 1608 4584 ἔχουσαι
1649 4504 1743 4566 τὰς
1788 4507 1886 4569 τῆς

1978 3329 2180 3382 tractae
2214 3339 2320 3401 per
2352 3322 2647 3382 diversam
2681 3321 3042 3381 sententiam
3078 3320 3165 3380 uti
3201 3320 3370 3380 nobis
3412 3318 3627 3380 accidit

1980 3410 2104 3489 (qui
2138 3412 2294 3472 enim
2332 3417 2389 3470 in
2416 3412 2537 3473 Deo
2567 3410 2974 3483 sunt,collecti
3010 3415 3171 3482 sunt,
3208 3409 3357 3469 sicut
3380 3427 3446 3469 ex
3481 3408 3626 3469 divi-

1978 3498 2070 3560 nis
2100 3497 2353 3580 Scriptis
2375 3498 2791 3577 intelligimus;
2827 3498 3063 3578 quando
3098 3498 3258 3560 enim
3285 3497 3626 3577 primusille

1975 3591 2065 3650 44
2097 3588 2133 3645 d
2159 3588 2847 3659 scipulorumsecundum
2874 3590 3154 3645 mundum
3180 3588 3629 3646 commovendus

1977 3688 2102 3741 erat
2122 3677 2359 3739 dicebat
2399 3699 2412 3741 :
2453 3678 2613 3741 Vado
2637 3680 2930 3760 piscari“,
2956 3678 3013 3741 id
3044 3688 3158 3754 est,
3183 3678 3421 3740 discedo
3453 3696 3487 3740 a
3516 3697 3623 3738 vo-

1978 3771 2069 3833 bis
2102 3790 2114 3834 :
2141 3771 2380 3851 quando
2404 3780 2604 3833 autem
2620 3769 3421 3850 credebantﬁdeles,etapud
3437 3768 3622 3832 Deum

1977 3869 2165 3936 erant,
2195 3862 2420 3940 Erant,
2451 3860 2666 3941 inquit,
2697 3863 2759 3922 in
2778 3880 2969 3923 unum
2999 3859 3427 3936 collecti),etad
3452 3872 3625 3923 ante-

1973 3952 2135 4013 riora
2157 3968 2398 4030 semper
2419 3969 2650 4011 summo
2687 3951 2870 4013 divini
2895 3959 2953 4012 et
2979 3949 3378 4013 intleficientis
3403 3953 3628 4011 amoris

1973 4041 2167 4103 studio
2188 4041 2611 4113 intentae.Quis
2633 4041 2792 4102 enim
2819 4060 2852 4103 e
2876 4041 3047 4103 nobis
3070 4041 3341 4117 quaesivit
3359 4058 3623 4118 unquam

1970 4134 2062 4195 vel
2083 4132 2447 4195 desideravit
2488 4131 2770 4193 bovinum
2800 4141 3022 4193 motum
3057 4138 3353 4212 accipere,
3381 4132 3473 4193 vel
3504 4131 3617 4192 ali-

1970 4241 2147 4300 quam
2170 4222 2383 4304 lapidis
2407 4222 2965 4302 proprietatem?sed
2996 4240 3173 4283 omne
3197 4222 3439 4283 omnino
3464 4220 3619 4281 desi-

1970 4314 2204 4376 derium
2232 4312 2303 4373 ad
2329 4314 2647 4393 superiora
2672 4311 2883 4374 tendit.
2913 4311 3037 4374 lloc
3058 4313 3114 4373 in
3140 4311 3425 4391 angelicis
3456 4329 3609 4388 quo—

1973 4422 2089 4485 que
2108 4401 2422 4465 virtutibus
2444 4401 2637 4463 locum
2670 4402 3009 4482 habet,quaa
3031 4420 3269 4481 semper
3310 4400 3488 4461 etiam
3513 4417 3621 4461 su-

1976 4490 3033 4573 perioraappetunt,etprimordiales
3055 4503 3235 4567 atque
3258 4490 3487 4552 divinas
3505 4508 3627 4552 sus-

221 4589 515 4663 μετουσίας
597 4573 830 4669 ιρυσικὰς
902 4592 1351 4663 ἒπιτηὸειότητας
1384 4573 1455 4667 ,η
1474 4591 1772 4673 πολλαχῶς
1833 4592 1888 4648 ἔν

1978 4582 2727 4663 cipiuntillustrationes,et
2744 4582 3072 4641 secundum
3097 4580 3231 4643 illas
3244 4580 3620 4653 ordinantur,

228 4679 489 4752 μετουσίᾳ
513 4682 608 4737 τοῦ
640 4684 793 4739 Θείου
825 4684 1084 4765 γίνονται,
1117 4686 1203 4742 καὶ
1236 4706 1462 4761 πρωτως
1496 4682 1657 4739 πάλιν
1679 4682 1890 4739 πολλα-

238 4772 355 4846 χῶς
383 4767 761 4849 ἰξαγγὲλλουσι
795 4775 890 4843 τὴν
932 4778 1225 4855 θεαρχικὴν
1288 4772 1640 4854 κρυεριότητα,
1687 4771 1774 4830 διὸ
1804 4773 1891 4830 καὶ

234 4855 450 4935 ἄγγελοι
484 4858 758 4939 λέγονται,
793 4862 917 4931 ἤτοι
948 4862 1033 4920 διὰ
1062 4867 1123 4922 τὸ
1171 4866 1268 4933 τὴν
1297 4864 1439 4921 θείαν
1469 4870 1562 4920 τοῦ
1596 4869 1729 4920 Θεοῦ
1759 4884 1890 4942 κρυ-

226 4947 472 5024 φιότητα
501 4950 841 5033 ἐκφαίνεσθαι
898 4952 965 5011 δι’
1011 4954 1206 5028 αὐτῶν,
1263 4955 1344 5010 ὃτι
1388 4954 1486 5034 ὢν,
1535 4951 1615 5010 ὅτι
1642 4960 1772 5032 ζῶν,
1806 4952 1887 5009 ὅτι

224 5044 372 5109 νοῦς,
418 5040 464 5095 εί
492 5043 582 5097 καὶ
609 5042 743 5121 ὑπὲρ
783 5050 948 5101 ταῦτα
1004 5045 1335 5124 ἀσυγκρίτως
1389 5043 1558 5125 ἐστὶν,
1602 5049 1639 5111 ἦ
1686 5045 1773 5100 καὶ
1804 5040 1888 5098 διὰ

220 5129 286 5184 τὸ
334 5125 406 5183 δι’
438 5130 613 5187 αῦτῶν
643 5133 782 5209 ἡμῖν
825 5132 1296 5212 διαπορθμεύεσθαι
1355 5135 1453 5203 τὴν
1505 5136 1647 5192 θείαν
1688 5131 1889 5209 βούλη-

221 5237 338 5275 σιν·
388 5216 531 5275 οὕτω
571 5222 672 5302 γὰρ
702 5225 790 5281 καὶ
834 5226 861 5281 ὁ
894 5224 1059 5301 νόμος
1091 5221 1160 5281 δι’
1191 5223 1439 5303 ἀγγέλων
1487 5223 1726 5294 ὶλαλήθη
1754 5223 1890 5279 κατὰ

218 5308 321 5363 τὸν
355 5307 528 5386 μέγαν
583 5308 937 5394 Ἀπόστολον,
971 5316 1060 5372 καὶ
1116 5315 1239 5380 τοὺς
1297 5312 1533 5381 ἆνδόξους
1564 5316 1667 5391 πρὸ
1696 5313 1886 5389 νόμου,

213 5397 298 5463 ὠς
331 5397 429 5453 τὸν
473 5396 721 5481 Ἀϐραὰμ
773 5405 863 5461 καὶ
905 5404 999 5462 τὸν
1057 5406 1279 5486 Μανωὲ,
1337 5407 1427 5462 καὶ
1480 5404 1606 5469 τσὺς
1638 5403 1885 5465 λοιπούς

213 5487 312 5545 καὶ
344 5490 489 5565 μετὰ
517 5492 705 5574 νόμον,
739 5495 816 5559 ὡς
847 5492 1167 5572 τὸνίωσὴφ,
1198 5497 1295 5554 τὸν
1325 5495 1549 5576 Πέτρον,
1603 5495 1725 5564 τοὺς
1756 5497 1889 5552 καθ·

306 5672 336 5704 ιι
365 5657 543 5725 Joan.
576 5677 702 5741 xxi,
750 5662 808 5730 3.

1952 4690 2343 4758 ‘omnemque
2364 4670 2538 4732 vitam
2564 4688 2728 4731 suam
2755 4670 2979 4731 habent
3015 4670 3339 4750 spiritalem
3372 4690 3384 4732 :
3434 4668 3620 4749 siqui-

1975 4763 2110 4823 dem
2138 4780 2342 4823 eorum
2370 4769 2593 4822 naturae
2617 4770 2756 4823 sunt
2782 4767 2908 4819 viva
2932 4760 3204 4840 quaedam
3247 4777 3418 4820 mens
3451 4777 3467 4833 ;
3528 4758 3623 4820 id-

1974 4852 2133 4914 circo
2158 4857 2648 4930 etiam,tanquam
2675 4850 2931 4912 assiduae
2951 4849 3484 4930 quidem,primam
3521 4849 3626 4909 ha-

1972 4941 2117 5003 bent
2142 4940 2710 5021 participationem:
2770 4940 2829 5000 in
2881 4953 3169 5019 quantum
3222 4957 3361 5001 vero
3410 4939 3627 5001 multas

1976 5030 2197 5093 habent
2217 5029 2516 5091 naturales
2539 5029 3019 5090 communicandi
3045 5029 3379 5103 facultates,
3415 5028 3621 5089 multi—

1976 5119 2214 5201 pliciter
2244 5118 2427 5181 divini
2480 5119 2745 5181 numinis
2792 5126 3102 5181 consortes
3138 5119 3285 5179 ﬁunt
3316 5137 3331 5194 ;
3368 5118 3625 5197 ideoque

1976 5208 2483 5290 iterum,primum
2508 5228 2579 5271 ac
2608 5208 3020 5289 multipliciter
3042 5208 3307 5270 divinum
3336 5207 3481 5268 illud
3520 5225 3621 5267 ar-

1975 5322 2187 5368 canum
2202 5307 2791 5384 enuntiant,propter
2812 5303 2973 5382 quod
3001 5312 3062 5366 et
3085 5301 3283 5382 angeli
3307 5302 3612 5363 dicuntur:

1974 5392 2254 5476 quoniam
2284 5409 2391 5471 per
2412 5392 2549 5454 illos
2572 5393 2837 5454 divinum
2864 5392 3008 5454 illud
3033 5390 3139 5454 Dei
3157 5397 3454 5453 secretum
3488 5409 3617 5453 ma-

1971 5484 2308 5567 nifestatur,
2336 5489 2422 5558 ut,
2449 5482 2608 5567 quod
2626 5483 2721 5561 sit,
2744 5482 2903 5566 quod
2935 5486 3112 5559 vivat,
3130 5482 3293 5566 quod
3327 5496 3497 5545 mens
3518 5481 3616 5559 sit,
