4052 6428
235 351 347 419 193
681 350 780 419 DE
824 346 1176 420 C(ELESTI
1221 345 1723 435 HIERARCHIA,
1767 350 1929 417 CAP.
1979 347 2083 417 IV.
2122 385 2188 398 —
2241 348 2625 415 PARAPIIR.
2674 345 3165 414 PACHYMERAE
3506 350 3615 413 194

226 490 447 556 τᾶξεως’
510 488 649 546 ἄλλα
705 491 792 547 καὶ
846 489 932 548 ἐπ’
986 495 1159 549 α-ὅτῶν
1211 491 1384 566 μόνων
1415 489 1521 548 τῶν
1565 493 1826 570 ὁμοταγῶ·

2019 505 2172 548 erum
2204 486 2383 550 etiam
2416 486 2479 549 in
2509 485 2784 567 ipsismet
2814 484 2959 547 solis
2990 483 3344 567 aequalibus,
3387 486 3619 549 scilicet

227 578 484 649 δηλονότι
537 588 645 638 τῶν
676 586 838 659 τριῶν
898 582 1102 661 μόνων,
1162 582 1300 639 ὥστε
1359 582 1505 639 εἶναι
1564 583 1658 645 τὰς
1714 582 1827 648 τάξι

2020 576 2164 639 ibus
2192 576 2359 652 solis,
2394 576 2475 639 ita
2505 585 2570 638 ut
2600 577 2719 638 sint
2750 574 2993 636 ordines
3054 574 3255 655 primi,
3318 576 3502 638 medii
3551 596 3620 640 ac

227 670 472 748 πρώτας,
534 672 623 728 καὶ
686 670 875 750 μέσας,
937 672 1026 728 καὶ
1080 670 1408 736 τελευταίας·
1473 672 1558 730 ἐπὶ
1626 673 1723 747 μὲν
1789 697 1822 751 γ

2022 667 2263 729 ostremi
2298 687 2314 743 ;
2346 667 2645 743 siquidem
2679 665 2741 727 in
2773 662 3053 726 omnibus
3086 672 3229 739 tres,
3265 674 3323 726 et
3354 674 3496 741 tres,
3562 677 3622 731 et

226 761 431 826 πάσαις
462 773 634 839 τρεῖς,
670 763 757 817 καὶ
788 774 959 840 τρεῖς,
985 762 1073 818 καὶ
1102 775 1247 840 τρεῖς
1281 764 1407 818 εἰσὶν
1434 764 1482 819 αἱ
1511 760 1778 835 δυνάμεις.
1807 762 1826 818 ἑ

2023 775 2098 821 'es
2124 765 2265 819 sunt
2295 758 2568 837 virtutes,
2624 757 2685 818 in
2746 772 3105 836 unoquoque
3161 762 3357 816 autem
3410 757 3623 821 ordine

225 849 285 907 δὲ
346 856 448 926 ιιιᾷ
502 852 701 927 ἑκάστῃ
758 853 1021 929 ὁμοταγεῖ
1080 849 1245 926 τάξει,
1281 856 1332 909 αἱ
1361 859 1529 909 πᾶσαι
1557 866 1702 933 τρεῖς
1736 853 1825 908 εἶσι

2022 847 2208 929 :quali,
2244 865 2453 910 omnes
2484 854 2604 909 tres
2625 858 2802 922 sunt;
2838 852 2901 906 ut
2932 852 3049 905 tam
3074 842 3154 904 ibi
3174 863 3349 925 quam
3375 846 3473 909 hic
3495 850 3622 926 pri-

224 940 371 997 ὥστε
402 941 625 998 κάκεῖσε
657 942 744 997 καὶ
774 943 995 997 ενταῦθα
1030 942 1092 998 τὸ
1152 948 1381 1018 πρῶτον,
1440 945 1528 1000 καὶ
1584 945 1647 999 τὸ
1705 942 1824 1018 μὲσι

2025 956 2166 1018 tum,
2184 945 2243 999 et
2265 936 2553 1015 medium,
2571 945 2630 998 et
2652 945 3023 1017 postremum
3044 933 3445 1012 dignoscatur.
3473 939 3625 1001 Con-

226 1032 423 1088 καὶτὸ
483 1029 798 1088 τελευταῖον
854 1030 1186 1109 γνωρίζεται.
1243 1032 1516 1110 Προσῆκον
1578 1034 1750 1090 τοίνυν
1808 1055 1826 1087 ιι

2024 1025 2247 1089 eniebat
2276 1026 2478 1108 itaque
2498 1026 2561 1088 in
2591 1023 2975 1089 inferioribus
3000 1042 3240 1105 quoque
3271 1023 3624 1091 illustratio-

226 1120 316 1177 ἐπὶ
347 1122 457 1176 τῶν
486 1121 635 1178 κὰτω
698 1118 1042 1196 ὲλλάμψεων,
1102 1123 1164 1177 τὸ
1221 1119 1288 1177 δι’
1342 1121 1545 1196 ἄλλων,
1614 1121 1733 1191 ἤτοι
1790 1143 1826 1177 τι

2024 1115 2178 1192 ibus,
2213 1123 2278 1177 ut
2307 1135 2414 1198 per
2434 1115 2608 1192 alios,
2641 1115 2874 1179 scilicet
2896 1132 3003 1195 per
3024 1113 3272 1176 ordines
3296 1117 3624 1201 angelicas;

225 1210 539 1290 ἆγγελικῶν
612 1208 814 1275 τᾶξεων
885 1212 991 1267 ἀπὸ
1046 1217 1176 1267 Θεοῦ
1232 1212 1363 1289 πρὸς
1423 1213 1546 1275 τοὺς
1590 1211 1825 1290 ἆνθρώπς

2032 1204 2154 1268 Deo
2171 1205 2245 1267 ad
2267 1206 2546 1268 homines
2564 1204 2843 1287 mysteria
2860 1203 3309 1269 derivarentur:
3339 1208 3624 1284 quoniam

226 1297 627 1371 διαϐιϐάζεσθαι
683 1300 750 1356 τὰ
800 1299 1089 1379 μυστήριαο
1152 1300 1231 1356 δτι
1291 1304 1378 1357 καὶ
1438 1301 1613 1359 ἐκεῖσε
1673 1303 1824 1360 οἶθει

2021 1295 2155 1358 tiam
2188 1296 2283 1358 hic
2318 1295 2641 1359 diviniores
2671 1304 2875 1376 mystas
2916 1293 3270 1356 inferiorum
3322 1299 3621 1361 manudu—

227 1410 376 1468 τεροι
409 1390 629 1466 μύσται,
663 1389 768 1446 τῶν
804 1391 1039 1457 ἡττόνων
1070 1393 1403 1471 χειραγωγοί
1461 1394 1592 1449 εἰσιν
1645 1393 1740 1450 hri
1794 1415 1823 1450 τ

2028 1403 2176 1448 :ores
2205 1384 2512 1463 exsistunt,
2574 1385 2649 1448 ad
2704 1384 2963 1448 divinam
3023 1390 3510 1449 communionem
3571 1397 3628 1450 et

224 1480 378 1537 θείαν
410 1482 690 1537 κοινωνίαν
716 1481 805 1536 καί
836 1478 1133 1556 ἕλλαμψιν,

866 1478 1103 1556 λλαμψιν
1118 1529 1133 1543 ,
1980 1474 2466 1538 illustrationem.

312 1567 347 1648 ἓ
377 1570 483 1632 IV.
515 1567 880 1654 Βλέπωᾼδέὅτι
912 1572 998 1626 καὶ
1030 1572 1090 1626 τὸ
1121 1571 1237 1649 περὶ
1271 1573 1367 1640 τῆς
1398 1572 1651 1651 ἒνσᾶρκου
1682 1574 1768 1631 καὶ
1799 1597 1893 1654 φι-

2029 1564 2089 1654 ίὲ
2121 1562 2221 1627 lV.
2250 1565 2442 1627 Video
2464 1573 2661 1628 autem
2690 1564 2866 1627 etiam
2889 1565 3133 1645 angelos
3159 1566 3233 1628 de
3261 1565 3629 1633 incarnatio-

226 1659 552 1734 λανθρώποῦ
581 1665 676 1716 τυῦ
714 1650 888 1727 Ἰησοῦ
933 1660 1237 1735 οἰκονομίας
1298 1650 1614 1745 μυστήριον,
1674 1650 1826 1743 ἆγγεῖ

2026 1653 2074 1716 is
2104 1662 2163 1717 et
2194 1655 2582 1745 humanitatis
2611 1656 2751 1718 Jesu
2784 1657 3070 1737 mysterio
3094 1655 3350 1736 primum
3384 1659 3626 1723 edoctos

225 1750 453 1826 πρῶτον
484 1748 812 1824 ἐμυήθησαν,
876 1747 997 1807 εἶτα
1054 1749 1135 1806 δίά
1193 1753 1394 1808 τούτων
1461 1755 1533 1819 εἷς
1591 1754 1825 1831 ἀνθρώπε

2029 1763 2135 1815 sse,
2171 1742 2392 1807 deinde
2410 1764 2518 1827 per
2532 1746 2641 1807 hos
2661 1745 2734 1807 ad
2759 1746 3033 1807 homines
3056 1745 3415 1824 cognitionis
3439 1752 3629 1829 gratia

229 1836 390 1906 διέϐη
421 1840 456 1907 ἡ
490 1842 589 1905 τῆς
619 1838 866 1916 γνώσεως
926 1839 1107 1919 χάρις’
1168 1843 1306 1898 οὓτω
1363 1844 1463 1921 γὰρ
1522 1845 1610 1900 καὶ
1664 1842 1829 1923 Γαϐρι-

2026 1834 2343 1916 escendit;
2389 1836 2479 1897 sic
2523 1837 2683 1897 enim
2731 1835 2970 1899 Gabriel
3014 1834 3358 1897 Zachariam
3402 1838 3626 1921 docuit,

229 1931 329 1985 τὸν
391 1929 662 2007 Ζαχαρίαν
720 1927 1117 2009 ἓμυσταγώγει,
1178 1930 1258 1987 ὅτι
1319 1934 1595 2013 προφήτης
1654 1933 1801 1992 ἔσται

2032 1925 2336 2005 rophetam
2370 1926 2497 1987 fore
2529 1943 2783 2006 puerum
2814 1925 3008 2000 illum,
3034 1925 3138 2003 qui
3162 1943 3232 1987 ex
3254 1926 3389 2007 ipso
3420 1939 3632 2010 praeter

233 2020 291 2085 ἒξ
326 2020 494 2075 αὒτοῦ
548 2018 676 2097 παρ’
735 2016 920 2076 ἐλπίδα
979 2022 1370 2098 γεννησόμενος
1433 2037 1583 2090 παῖς·
1616 2026 1832 2106 Πρθφῆτ

2029 2037 2151 2098 pem
2186 2018 2279 2079 46
2312 2028 2683 2081 nasceretur.
2719 2019 2837 2081 Sed
2871 2018 3065 2099 qualis
3090 2021 3427 2098 argumenti
3487 2041 3629 2103 pro-

236 2107 292 2166 δὲ
353 2109 517 2171 ποίας
575 2110 925 2185 ὑποοὲσεως;
983 2115 1083 2176 τῆς
1162 2113 1298 2168 κατὰ
1367 2113 1535 2193 σάρκα
1595 2114 1834 2193 ἐπιφανεί

2028 2109 2162 2171 heta
2187 2110 2215 2170 δὲ
2245 2109 2639 2189 apparitionis
2672 2109 2803 2171 Filii
2833 2108 2942 2172 Dei
2977 2109 3307 2172 secundum
3357 2129 3626 2177 carnem.

236 2207 335 2258 τοῦ
394 2202 520 2255 Γὶοῦ
572 2201 667 2255 τοῦ
723 2206 876 2261 Θεοῦ,
940 2198 1219 2278 Ἀνδρικτὶν
1283 2201 1382 2281 γὰρ
1440 2206 1738 2284 θεουργίαν,
1798 2229 1836 2261 τε

2023 2199 2232 2262 'irilem
2262 2200 2420 2262 enim
2455 2198 2563 2263 Dei
2593 2199 3006 2281 operationem
3038 2209 3206 2262 vocat
3233 2200 3452 2263 Christi
3506 2206 3623 2267 Do-

239 2298 338 2347 τοῦ
374 2287 651 2347 Δεσπότου
683 2296 912 2369 Χριστοῦ
961 2288 1357 2364 ἒνανθρώπησιν
1408 2290 1583 2372 λέγει,
1640 2294 1755 2352 καθ’
1808 2296 1839 2361 ἣ

2030 2287 2659 2371 tinilncarnationem,
2691 2289 3024 2352 secundum
3052 2309 3253 2370 quam,
3289 2310 3425 2353 cum
3471 2293 3630 2355 Deus

245 2384 379 2444 Θεὸς
408 2379 510 2456 ὢν,
542 2378 598 2435 ἒν
629 2380 781 2458 σαρκῖ
839 2379 905 2436 τὰ
944 2383 1063 2436 θεῖα
1124 2381 1413 2459 εἰργάζετο.
1478 2387 1587 2452 Τὴν
1643 2382 1695 2440 δὲ
1757 2392 1845 2464 [lati

2037 2388 2148 2442 sset
2181 2380 2240 2441 in
2272 2397 2475 2460 carne,
2514 2380 2715 2442 divina
2745 2386 2951 2459 gessit.
2988 2379 3301 2454 Deiparam
3339 2400 3476 2443 vero
3514 2383 3637 2445 vir-

251 2472 391 2528 θένον
415 2471 692 2539 θεοτὸκον,
755 2468 901 2533 ὅπως
951 2468 1005 2525 ἐν
1056 2469 1191 2547 αῦτῇ
1222 2473 1501 2549 γενήσεται
1561 2475 1623 2530 τὸ
1678 2473 1851 2553 ἄρῤητι

2042 2487 2187 2530 nem
2221 2468 2529 2545 instruxit,
2563 2468 2863 2551 quomodo
2887 2468 2948 2530 in
2979 2469 3108 2550 ipsa
3137 2470 3311 2531 ﬁeret
3336 2465 3642 2535 inetfabile

254 2561 346 2629 τῆτ
412 2557 771 2620 θεοπλαστίας
832 2557 1145 2638 μυστήριον,
1201 2559 1564 2619 Θεοπλαστίιν
1610 2561 1665 2619 δὲ
1725 2564 1854 2642 λέγει

2037 2558 2097 2619 ‘ei
2129 2557 2500 2620 formationis
2535 2559 2905 2640 mysterium.
2940 2562 3132 2622 Porro
3167 2558 3267 2619 Dei
3327 2560 3637 2624 formatio-

244 2648 350 2731 ὅτι,
411 2650 545 2712 Θεὸς
603 2647 701 2727 ὢν,
753 2646 994 2716 ὶπλᾶσθη
1053 2646 1107 2703 ὲν
1160 2656 1228 2726 τῇ
1293 2649 1440 2734 νηδρι
1500 2653 1601 2721 τῆς
1633 2654 1842 2734 πανᾶγν

2040 2667 2128 2709 em
2156 2656 2349 2729 vocat,
2383 2647 2539 2729 quod
2570 2667 2706 2711 cum
2740 2650 2901 2711 Deus
2924 2658 3112 2728 esset,
3148 2648 3440 2713 formatus
3470 2653 3548 2713 sit
3578 2652 3640 2714 in

242 2741 617 2819 Θεομήτορος,
648 2739 780 2795 καθὸ
809 2736 1027 2816 γέγονεν
1052 2738 1348 2818 ἅνθρωπος.
1387 2732 1626 2820 ’Ἕτερος
1680 2741 1735 2799 δέ
1792 2732 1842 2800 τῖε

2038 2746 2160 2799 tero
2188 2738 2538 2800 castissima;
2568 2738 2678 2801 Dei
2729 2738 2954 2813 Matris,
2989 2737 3049 2799 in
3110 2747 3396 2819 quantum
3462 2741 3638 2803 homo

237 2836 324 2888 )ιν
348 2837 461 2887 τῶν
492 2826 740 2907 ἀγγέλων
768 2829 861 2885 τὸν
892 2825 1093 2910 Ἰωσὴφ
1128 2828 1344 2905 ἐδίδαξε,
1378 2839 1493 2896 πῶς
1527 2835 1555 2889 6
1612 2840 1690 2908 τῷ
1750 2839 1837 2889 Aut

2044 2834 2177 2888 .ctus
2204 2836 2318 2888 est.
2353 2827 2526 2890 Alius
2584 2828 2725 2889 item
2756 2828 3003 2908 angelus
3041 2828 3365 2909 Josephum
3418 2831 3644 2908 docuit,

236 2917 653 2999 ἓπηγγελμὲνος
696 2916 759 2975 ἐκ
787 2927 990 2998 καρποῦ
1047 2924 1149 2988 τῆς
1209 2919 1411 2987 κοιλίας
1475 2924 1632 2982 αὺτοῦ
1680 2926 1836 2993 τεΘήσ

2043 2916 2293 2980 uomodo
2324 2921 2396 2993 is,
2430 2916 2537 2995 qui
2569 2917 2774 2981 Davidi
2806 2917 3138 2999 promissus
3163 2926 3289 2980 erat
3332 2920 3407 2981 de
3445 2921 3643 2985 fructu

234 3014 361 3067 σθαι
392 3010 485 3066 ἐπὶ
516 3009 609 3066 τὸν
636 3007 820 3086 Ορκὶνον
858 3007 1040 3082 αὐτοῦ,
1102 3008 1209 3077 ἤδη
1267 3012 1363 3081 τὴν
1423 3015 1684 3093 χρονιοιὶλν
1733 3015 1834 3095 ἀρχ

2042 3007 2218 3068 antris
2249 3007 2382 3088 ejus
2413 3008 2796 3070 collocandus
2856 3008 2920 3071 in
2979 3009 3195 3070 throno
3254 3008 3469 3090 ipsius,
3514 3012 3642 3092 jam

236 3100 383 3166 κατᾶ
439 3104 598 3173 σῶμα
656 3094 896 3178 δέχεται’
959 3098 1048 3154 καὶ
1104 3097 1268 3165 ἄλλος
1322 3102 1444 3166 τοὺς
1516 3094 1836 3181 ποιμένας,Ῑ

2041 3096 2183 3158 rinci
2191 3096 2353 3177 pium
2369 3097 2696 3178 temporale
2708 3097 2976 3161 secundu
2988 3118 3042 3159 m
3058 3116 3276 3179 corpus
3289 3111 3641 3177 assumeret;

235 3198 351 3249 τῶν
382 3188 603 3247 πολλων
631 3188 1073 3269 ἂναχωρητικοὺς
1100 3191 1189 3249 καὶ
1230 3191 1432 3272 ἡσυχίᾳ
1460 3200 1691 3273 ζῶντας,
1726 3197 1835 3265 εὔη-

2043 3186 2145 3247 lius
2176 3185 2355 3250 etiam
2394 3186 2753 3268 pastoribus,
2791 3195 3067 3269 tanquam
3100 3194 3160 3249 in
3214 3186 3540 3253 solitudine
3571 3210 3643 3254 ac

234 3280 489 3362 γελίζετο
548 3280 638 3337 οῦν
688 3282 735 3353 ᾧ
789 3280 878 3336 καὶ
939 3277 1143 3348 πλῆθος
1212 3283 1454 3361 οὐρανίας
1512 3293 1760 3364 στρατιᾶς
1822 3311 1834 3324 σ

2082 3276 2197 3338 iete
2222 3276 2579 3352 viventibus,
2607 3276 3027 3356 evangelizavit
3056 3300 3071 3356 ;
3103 3296 3240 3341 cum
3290 3298 3407 3359 quo
3467 3282 3682 3344 etiam'

234 3370 574 3451 γεννηθέντα
623 3368 942 3448 ἐδοξολόγει.
997 3377 1173 3429 Ταῦτα
1229 3370 1284 3428 δὲ
1341 3374 1515 3433 πὰντα
1574 3398 1834 3436 κατασκευ

2041 3365 2311 3429 iultitudo
2344 3366 2607 3429 caelestis
2647 3368 2953 3431 exercitus
3006 3377 3208 3430 natum
3261 3369 3641 3449 glorificavit.

237 3464 410 3520 στικα
470 3462 570 3516 εἶσι
629 3467 720 3517 τοῦ
774 3457 860 3515 διά
908 3481 1069 3517 τινων
1122 3459 1401 3539 δυνέίμεων
1454 3466 1549 3530 τὰς
1600 3470 1837 3548 θεοφανεί

2052 3473 2136 3548 sec
2169 3464 2366 3517 autem
2401 3456 2603 3548 omnia
2631 3456 2907 3548 probant,
2961 3475 3068 3538 per
3112 3458 3363 3548 virtutes
3420 3459 3648 3541 aliquas

239 3553 515 3634 γίνεσθαι,
542 3552 631 3607 καὶ
662 3552 755 3609 οὐκ
784 3548 1022 3631 ἀμέσως,
1056 3552 1257 3633 γαθὼς,
1287 3554 1461 3617 καθὼς
1495 3545 1835 3624 οἶηθείητις,

2049 3545 2225 3608 Νίηᾶε
2244 3546 2647 3627 apparitiones
2680 3547 2832 3625 ﬁeri,
2865 3555 2925 3610 et
2952 3566 3071 3610 non
3102 3547 3467 3629 immediate,
3492 3551 3649 3614 sicut

1999 3635 2237 3718 quidam
2272 3644 2472 3717 posset
2500 3636 2752 3717 opinari.

330 3730 492 3801 ”Ηδη
521 3728 818 3811 προϐαίνων
849 3731 876 3786 6
902 3730 1057 3811 Αὸγος
1088 3732 1251 3814 μέχρι
1284 3734 1444 3791 αὐτοῦ
1503 3742 1594 3793 τοῦ
1654 3737 1908 3817 Σωτῆρος

2074 3725 2376 3788 Hactenus
2397 3745 2594 3788 sermo
2625 3734 2831 3790 noster
2855 3726 2928 3790 ad
2955 3732 3147 3808 ipsum
3177 3748 3364 3811 usque
3386 3729 3648 3795 Salvato-

240 3824 488 3905 rtpo'etot'
521 3823 611 3879 καὶ
662 3821 817 3886 αῦτὸς
850 3822 971 3901 γὰρ,
1023 3824 1058 3891 ἡ
1113 3824 1421 3904 ὑπερούσιος
1482 3827 1621 3883 αἰτία
1677 3833 1782 3884 τῶν
1816 3852 1840 3885 ο

2046 3836 2122 3879 3m
2154 3835 2527 3900 progressus,
2563 3818 2842 3900 quoniam
2877 3825 2936 3880 et
2962 3818 3219 3899 ipsemet
3249 3840 3646 3904 superessen-

240 3916 446 3995 ρανίων
494 3910 1098 4011 δυνάμεων,.πρὸς-τὸ
1152 3914 1268 3972 καθ’
1313 3916 1460 3990 ἡμᾶς
1518 3916 1840 3991 ἀμεταϐλήτι

2047 3909 2153 3970 alis
2184 3908 2520 3972 caelestium
2554 3909 2832 3971 virtutum
2880 3919 3086 3972 auctor
3112 3910 3426 3991 exsistens,
3480 3924 3647 3996 post-

244 4003 558 4075 ἐληλυθὼς,
638 4003 732 4059 οὒκ
788 3999 1055 4075 ’ἀποπηδᾷ
1104 4005 1203 4071 τῆς
1263 4004 1705 4085 ἀνθρωποπαθοῦς
1764 4012 1844 4067 εὖτ

2046 4017 2178 4060 υειιιι
2212 4005 2484 4061 naturam
2520 4008 2785 4063 nostram
2816 3999 3272 4064 immutabiliter
3298 4006 3646 4087 assumpsit,

244 4096 392 4169 είας,
424 4095 490 4149 τὸ
520 4091 586 4149 δι’
618 4089 863 4171 ἀγγέλων
898 4090 1144 4160 δηλονότι
1175 4095 1241 4151 τὰ
1279 4092 1396 4152 καθ’
1448 4096 1603 4152 αὑτὸν
1662 4095 1844 4177 παραδε

2056 4106 2380 4170 equaquam
2414 4089 2632 4170 refugit
2688 4091 3010 4153 humanam
3063 4090 3531 4171 ordinationem,
3590 4108 3656 4160 ut

243 4184 500 4263 λοῦσθαι,
558 4182 647 4240 καὶ
702 4185 1095 4258 οἱκονομεῖσθαι
1150 4184 1292 4265 παρᾶ
1345 4193 1435 4243 τοῦ
1478 4193 1610 4245 Θεοῦ
1638 4186 1735 4244 καί
1798 4194 1841 4244 Π

2050 4179 2231 4241 :ilicet
2261 4198 2371 4261 per
2400 4181 2668 4261 angelos,
2695 4199 2766 4244 ea
2795 4200 2927 4262 qua:
2955 4183 3031 4243 ad
3092 4182 3287 4263 ipsum
3356 4197 3650 4266 spectant,

247 4277 406 4357 τρὺς³
463 4272 548 4331 διὰ
605 4272 766 4349 μέσον
823 4275 925 4353 γὰρ
982 4277 1151 4333 αῦτῶν
1214 4275 1531 4356 ἀγγέλλεται
1590 4284 1668 4354 τῷ
1718 4277 1847 4336 Ἰωσ

2056 4272 2347 4333 :velentur
2376 4290 2449 4334 ac
2481 4271 2883 4352 disponantur
2904 4291 2937 4332 a
2968 4272 3092 4335 Deo
3116 4292 3187 4335 ac
3216 4276 3428 4337 Patre:
3465 4276 3656 4357 siqui-

247 4369 287 4437 ἡ
324 4366 462 4444 πρὸς
504 4371 781 4443 Α’ίγυπτον
831 4366 1202 4445 ἀναχώρησις,
1262 4371 1351 4424 καὶ
1408 4369 1442 4437 ἡ
1501 4367 1596 4424 ἀπ’
1656 4369 1847 4448 Αἱγύπτ

2058 4380 2141 4425 em
2174 4363 2441 4443 ipsorum
2466 4379 2651 4443 opera
2683 4362 2945 4443 Josepho
2966 4363 3353 4425 annuntiatur
3382 4382 3658 4429 recessus

247 4457 393 4537 πρὸς
442 4454 545 4522 τὴν
602 4452 863 4513 Ἰουδαίαν
913 4455 1059 4523 αὖθις
1117 4458 1435 4537 μεταγωγὴ.
1499 4458 1598 4517 Καὶ
1624 4455 1693 4515 δι’
1752 4460 1847 4539 ἆγγ

2060 4452 2424 4534 ιΑέεγριυηι,
2447 4452 2595 4515 etab
2628 4451 2879 4533 IEgypto
2899 4450 3119 4515 iterum
3148 4453 3209 4514 in
3229 4452 3495 4517 Judaeam
3522 4456 3660 4519 red-

252 4547 370 4605 λων
400 4546 561 4604 αῦτδν
590 4544 802 4625 δρῶμεν
832 4546 934 4603 ὑπὸ
963 4548 1057 4604 τὸν
1102 4547 1266 4622 νόμον
1322 4548 1673 4625 ταττόμενον*
1733 4551 1762 4607 6
1820 4575 1852 4630 γ

2059 4560 2142 4603 us.
2170 4541 2243 4603 Et
2273 4559 2380 4624 per
2409 4542 2655 4623 angelos
2684 4541 2880 4623 ipsum
2915 4540 3194 4605 videmus
3221 4543 3335 4605 sub
3361 4543 3493 4626 lege
3519 4565 3659 4609 con-

254 4644 500 4699 τοιοῦτος
530 4634 695 4712 νόμος
724 4632 796 4692 δι’
847 4634 1093 4716 ἀγγέλων
1152 4635 1329 4719 ἐδόθη,
1390 4640 1459 4721 {up
1506 4636 1567 4695 ὅν
1624 4640 1712 4697 καὶ
1768 4641 1854 4700 αῦι

2059 4634 2278 4696 .itutum
2307 4653 2322 4697 :
2357 4650 2493 4695 nam
2526 4650 2634 4714 per
2663 4632 2910 4713 angelos
2939 4632 3311 4713 ejuscemodi
3370 4634 3465 4698 lex
3522 4637 3659 4700 data

265 4724 551 4806 γενόμενος
575 4770 594 4802 ,
670 4723 739 4782 δι’
815 4724 1059 4805 ἆγγέλων
1114 4725 1362 4797 δηλονότι
1423 4729 1527 4798 τὴν
1584 4732 1863 4806 θεσμοθεσί

2059 4731 2124 4801 st,
2157 4724 2268 4788 sub
2302 4741 2418 4807 qua
2439 4724 2614 4786 etiam
2647 4723 2775 4806 ipse
2796 4722 3027 4805 Iactus,
3057 4741 3166 4805 per
3206 4724 3457 4804 angelos
3515 4745 3659 4809 pro-

275 4814 507 4896 δέχεται.
561 4814 882 4896 Παραλείπω
910 4815 1087 4896 λέγειν
1143 4840 1227 4877 σοι
1280 4821 1355 4885 ὡς
1417 4817 1598 4894 εἰδότι,
1660 4821 1707 4879 ὦ
1779 4830 1875 4898 Γιμε

2063 4822 2169 4877 ecto
2198 4813 2353 4892 legis
2383 4815 2755 4878 sanctionem
2786 4811 3023 4895 accipit.
3085 4811 3308 4878 Omitto
3365 4814 3475 4878 tibi
3526 4825 3663 4880 tan-

271 4909 379 4982 θεε,
409 4908 478 4964 τὰ
498 4911 608 4965 τῶν
640 4910 863 4988 Γραφῶν
892 4908 1183 4988 μυστήρια,
1240 4910 1331 4968 ναὶ
1385 4910 1504 4989 περὶ
1554 4916 1645 4969 τοῦ
1697 4910 1871 4990 ἇγγέλ·

2065 4923 2190 4968 nam
2230 4904 2469 4981 scienti,
2528 4924 2563 4967 ο
2617 4903 2956 4982 Timothee,
3004 4922 3324 4969 recensere
3382 4907 3665 4989 mysteria

264 5003 362 5055 τοῦ
388 4997 482 5055 τὸν
517 4996 799 5065 Δεσπότην
840 4999 1064 5077 Χριστὸν
1125 4997 1182 5057 ἐν
1236 5005 1314 5076 νῷ
1363 5006 1534 5079 καιρῷ
1581 5009 1675 5060 τοῦ
1730 5001 1864 5060 πάθο

2067 5000 2483 5077 cripturarum,
2529 5002 2591 5057 et
2638 4994 2716 5058 de
2771 4995 2983 5076 angelo
3041 4994 3339 5077 passionis
3396 5009 3667 5081 tempore

264 5087 682 5167 Ξνισχῦσαντος·
715 5086 744 5143 ὃ
787 5088 887 5169 γὰρ
918 5087 974 5173 ἐν
1010 5095 1089 5165 τῷ
1127 5088 1437 5170 Εὖαγγελίῳ
1476 5088 1621 5170 λέγει
1675 5091 1705 5148 6
1760 5091 1864 5173 μέγ

2067 5084 2312 5148 hristum
2343 5083 2660 5148 Dominum
2701 5084 3113 5149 confortante:
3173 5085 3338 5169 quod
3388 5088 3552 5152 enim
3602 5088 3667 5150 in

261 5182 508 5253 Λουκᾶς,
533 5177 610 5239 ὣς
649 5178 941 5259 μυστήριον
970 5170 1260 5258 Ἲπαρεδὸθη
1316 5181 1421 5239 ὑπὸ
1476 5187 1571 5239 τοῦ
1630 5170 1861 5240 ἀποστόλ

2066 5174 2333 5255 vangelio
2364 5193 2616 5255 magnus
2646 5174 2837 5238 Lucas
2868 5174 3078 5252 refert,
3112 5183 3394 5258 tanquam
3442 5185 3666 5259 myste-

266 5266 490 5326 Παύλου
515 5268 750 5333 τούτοις.
784 5258 822 5297 ’¹
834 5275 900 5327 Εν
929 5270 1018 5327 καὶ
1046 5273 1109 5328 τὸ
1137 5270 1385 5329 επέκεινα
1426 5271 1651 5349 τούτων,
1714 5271 1796 5331 ὅτι
1846 5298 1866 5332 Α

2063 5268 2171 5330 ium
2204 5266 2300 5329 his
2329 5265 2403 5329 ab
2434 5266 2703 5348 apostolo
2737 5264 2918 5330 Paulo
2951 5265 3232 5329 traditum
3292 5275 3404 5331 est.
3469 5258 3663 5331 Unum

263 5359 432 5444 αὐτὸς
464 5354 752 5437 ’Ἄγγελος
773 5363 873 5429 τῆς
902 5358 1146 5439 μεγάλης
1169 5359 1372 5439 βουλῆς
1415 5359 1627 5442 λέγεται
1684 5364 1829 5444 παρὰ
1855 5387 1863 5402 ι

2068 5373 2200 5423 erro
2216 5356 2366 5421 illud
2389 5356 2568 5420 etiam
2593 5356 2721 5420 haec
2741 5363 3008 5440 superat,
3033 5354 3195 5435 quod
3208 5356 3386 5419 etiam
3409 5356 3668 5439 ipsemet

266 5439 508 5529 Ἠσαῖᾳ,
534 5446 700 5506 mihi:
730 5449 820 5506 καὶ
866 5450 1023 5516 αὐτὸς
1080 5452 1157 5515 εἷς
1214 5439 1604 5534 ἒκφαντορικὴν
1653 5439 1799 5521 τάξιν
1848 5452 1866 5512 ἓ

2072 5448 2218 5527 mgni
2249 5444 2484 5510 consilii
2511 5444 2783 5528 Angelus
2810 5445 2885 5509 ab
2907 5446 3056 5510 Isaia
3078 5445 3421 5510 nominatur
3445 5469 3462 5524 ;
3485 5465 3672 5531 quan-

263 5541 373 5625 tm
430 5538 699 5620 ἡμετέραν
758 5540 1049 5621 σωτηρίαν,
1107 5543 1196 5601 καὶ
1251 5542 1671 5625 ἆγγελοπρεπῶς
1732 5543 1863 5625 λέγει

2068 5537 2341 5621 equidem
2374 5543 2555 5603 etiam
2585 5538 2718 5618 ipse
2749 5544 2994 5619 propter
3022 5547 3288 5600 nostram
3332 5537 3583 5602 salutem
3605 5538 3668 5600 in

268 5620 431 5687 ’Ὅσα
522 5625 728 5697 ἤκουσα
816 5620 958 5712 παρὰ
1044 5630 1139 5689 τοῦ
1211 5620 1441 5713 Πατρὸς,
1496 5620 1674 5692 ’ταῦτα
1764 5620 1868 5692 λέλ.

2068 5620 2288 5692 rdinem
2320 5627 2553 5693 venerit
2585 5646 2795 5692 eorum
2820 5626 2921 5710 qui
2965 5626 3393 5690 manifestandi
3452 5645 3668 5692 munus

266 5720 450 5799 ληκα,
537 5719 623 5777 καὶ
715 5719 802 5777 τό’
877 5718 1218 5807 Ἐφανέρῶσᾶ
1286 5745 1381 5784 σου
1449 5724 1512 5783 τὸ
1576 5721 1744 5801 ὄνομα
1813 5748 1866 5784 το

2069 5720 2266 5798 beunt,
2297 5727 2357 5785 et
2385 5717 2733 5811 angelorum
2768 5734 2935 5783 more
2965 5716 3221 5785 dixerit:
3273 5717 3669 5804 Quaecunque
