4052 6454
184 370 293 441 201

636 374 737 438 DE
780 372 1132 439 COELESTI
1174 372 1679 455 HIERARCHIA,
1766 372 1928 438 CAP.
1963 370 2065 439 VI.
2099 408 2178 419 ——
2207 371 2598 439 PARAPHR.
2641 372 3148 444 PACHYMER/E.

3482 368 3601 442 202

184 529 352 585 πτερχ
388 509 663 588 τάγματι,
697 507 957 588 Χερουϐὶμ
1013 500 1267 584 Ἐϐραίων
1324 516 1477 590 φωνῇ
1535 512 1622 567 καὶ
1684 518 1852 589 Σερα-

1941 528 2055 591 quc
2082 509 2365 590 praeditos
2381 508 2966 591 ordines,cherubim
2992 513 3280 577 Hebraico
3303 512 3599 577 vocabulo

186 600 285 678 ?ty.
343 598 734 674 ὠνομασμένα,
793 610 933 658 κατὰ
997 622 1095 667 την
1179 598 1389 658 πάντων
1475 600 1854 679 ὑπερκειμένην

1947 610 2005 662 et
2034 600 2337 680 seraphim
2368 600 3149 683 appellatosz',immediate
3191 605 3361 684 juxta
3407 607 3601 669 Deum

180 690 459 765 ἱγγύτητα
487 692 606 766 περὶ
639 692 770 747 Θεὸν
804 690 1018 765 ἆμὲσως
1072 690 1327 770 ἱδρύεσθιι
1356 691 1432 771 10,
1495 693 1625 771 φησὶ
1680 714 1854 771 παρα-

1942 700 2080 753 ante
2111 691 2260 752 alios
2294 690 2583 752 eminenti
2644 692 3089 774 propinquitate
3154 694 3379 757 locatos
3439 712 3597 771 esse,

178 777 386 835 διδόναι
420 778 471 822 ίί
523 783 626 847 τὴν
685 787 791 836 τῶν
850 783 1005 860 ἱερῶν
1059 780 1254 861 λογίων
1315 782 1688 863 ὶκφαντορίαν.
1752 784 1853 840 Τὸν

175 869 459 948 τριιδικὸν
490 870 581 927 οὗν
612 877 795 927 τοῦτον
827 869 1138 952 διάκοσμον²
1183 873 1256 936 ὡς
1315 871 1406 928 ἔνι
1466 874 1553 929 καὶ
1608 874 1852 951 ὁμοταγῆ

173 962 267 1015 καὶ
299 959 477 1026 ὅντως
508 961 729 1041 πρώτην
756 962 1057 1041 ἷεραρχίαν,
1094 965 1121 1018 ὁ
1153 961 1362 1027 κλεινὸς
1420 960 1479 1011 12
1538 963 1697 1037 ἡμῶν
1755 962 1855 1042 ἔφη

174 1051 513 1126 καθηγεμὼν
571 1051 638 1118 ἧς
694 1051 790 1107 οὒκ
846 1050 986 1106 ’ἐστιν
1018 1051 1168 1129 ἑτέρὰ
1224 1051 1590 1130 θεοειδεστέρει
1635 1050 1715 1124 ίὸ,
1769 1053 1856 1109 καὶ

174 1153 301 1202 ταῖς
336 1153 718 1219 πρωτουργοῖς
774 1145 873 1207 τῆς
929 1143 1183 1220 Θικρχίας
1247 1141 1578 1218 ἐλλάμψεσιν
1640 1140 1853 1217 ἆμίσως

177 1230 615 1310 προσεχεστέρα,
658 1230 915 1305 Δευτέραν
944 1229 999 1285 δὲ
1032 1231 1176 1287 εἶναί
1216 1254 1371 1312 φησι,
1432 1233 1530 1300 τὴν
1590 1233 1691 1287 ὑπὸ
1751 1234 1856 1287 τῶν

178 1319 467 1396 sinuin,
504 1322 593 1377 xuii
626 1320 977 1398 κυριοτὴτων,
1037 1322 1123 1377 καὶ
1179 1318 1451 1397 δυνάμεων
1503 1320 1855 1400 συμπληρου-

179 1410 380 1485 μένην.
422 1412 525 1468 Καὶ
551 1412 733 1487 τρῖτην
764 1411 849 1467 ἐπ’
882 1410 1127 1490 ἐσχάτω)
1191 1412 1298 1468 τῶν
1358 1411 1613 1491 οὒρσινίιυν
1670 1413 1855 1491 1:919—

181 1507 327 1579 χῶν,
362 1500 469 1567 τὴν
502 1507 608 1556 τῶν
638 1500 883 1580 ἀγγέλων
930 1521 987 1557 τε
1049 1502 1136 1558 καὶ
1192 1501 1550 1582 ἄρχειγγέλων
1608 1503 1695 1559 καὶ
1753 1501 1855 1582 ἂρ·-

184 1596 303 1670 χῶν
326 1588 727 1668 διακόσμησιν,

1939 800 2247 843 sacrorum
2264 782 2483 844 asserit
2500 782 2876 863 eloquiorum
2892 802 2965 845 ex
2979 784 3316 864 planatione
3332 804 3603 867 compro-

1941 871 2085 935 bari.
2124 871 2289 935 Hanc
2332 871 2517 951 igitur
2581 873 2907 935 ternarium
2965 874 3473 951 distributionem,
3538 883 3603 937 ut

1943 981 2119 1024 unam
2137 962 2550 1044 mqualemque
2572 982 2639 1025 ac
2666 964 2921 1045 primam
2941 982 3150 1027 revera
3170 965 3600 1047 hierarcbiam,

1940 1054 2195 1132 inclytus
2221 1064 2558 1133 princeptor
2588 1063 2793 1116 noster
2824 1056 3202 1132 memoravit,
3236 1074 3351 1138 qua
3371 1074 3492 1119 non
3517 1063 3606 1118 est

1943 1144 2131 1204 altera
2164 1142 2549 1219 Deiformior,
2584 1143 3026 1223 primoribusve
3069 1144 3409 1219 Divinitatis
3457 1145 3603 1208 illu-

1942 1232 2335 1296 strationibus
2360 1234 2705 1296 immediate
2728 1236 3157 1315 conjunctione
3186 1236 3604 1317 propinquior.

1942 1322 2279 1385 Secundam
2304 1342 2442 1385 vero
2473 1323 2744 1403 designat
2776 1324 2962 1406 illam,
3000 1344 3134 1406 quae
3186 1324 3601 1408 potestatibus,

1941 1414 2484 1493 dominationibus,
2507 1413 2939 1496 virtutibusque
2962 1415 3318 1496 completur.
3337 1413 3603 1479 Tertiam

1941 1504 2223 1585 denique,
2262 1523 2516 1585 eamque
2548 1504 2882 1566 caelestium
2934 1505 3408 1569 bierarcbiarum
3464 1506 3604 1569 ulti-

1943 1613 2101 1656 mam
2132 1612 2267 1657 esse
2298 1594 2443 1655 dicit
2474 1593 2822 1674 angelorum
2853 1601 2913 1659 et
2941 1594 3449 1676 archangelorum
3504 1603 3602 1660 at-

1940 1702 2057 1765 que
2090 1685 2530 1767 principaluum
2568 1684 3087 1749 distributionem.

1406 1902 1901 1969 ADNOTATION
1910 1907 1995 1969 ES
2040 1904 2409 1972 CORDERII

246 2010 274 2078 §
305 2008 354 2064 Ι.
394 2006 545 2084 Nota
577 2008 761 2084 sancti
792 2006 1369 2084 Dionysiiinsignem
1399 2011 1806 2084 humilitatem,
1841 2014 1998 2079 dum,
2041 2021 2350 2083 antequam
2402 2011 2698 2084 angelicas
2756 2011 2992 2070 ordines
3053 2009 3379 2084 distinctius
3415 2007 3606 2081 eXpli~

183 2094 283 2156 cet,
323 2095 390 2136 se
426 2080 501 2156 iis
533 2080 957 2156 intelligendis,
978 2082 1190 2137 nedum
1222 2081 1602 2152 explicandis,
1636 2085 1916 2154 imparem
1945 2080 2242 2154 proﬁtetur
2266 2104 2278 2151 ;
2304 2080 2549 2156 ideoque
2579 2099 2640 2141 se
2670 2084 2816 2141 nihil
2844 2092 3001 2142 motu
3030 2085 3271 2156 proprio
3289 2080 3599 2146 dicturum.

184 2152 275 2207 sed
318 2167 426 2209 eas
469 2151 747 2209 duntaxat
776 2153 1024 2228 visiones
1055 2151 1652 2228 expositurum,quas
1681 2151 1751 2213 ex
1793 2151 2065 2228 apostolis
2092 2157 2335 2227 aliisque
2388 2151 2693 2227 Scriptura:
2746 2171 2920 2215 sacrae
2988 2151 3366 2228 scriptoribus
3424 2169 3604 2228 appa-

185 2227 371 2301 ruisse
405 2234 732 2301 accf-perat.
767 2224 1066 2301 Quomodo
1095 2235 1286 2281 autem
1319 2224 1766 2301 angelianobis
1802 2224 1859 2301 in
1896 2231 1995 2283 hac
2031 2232 2136 2284 vitii
2180 2224 2377 2284 exacte
2408 2224 2677 2301 cognosci
2710 2234 3019 2300 nequeant,
3084 2224 3214 2283 vida
3272 2241 3396 2298 quin
3451 2224 3600 2284 dicta

187 2301 314 2351 sunt
354 2295 419 2351 in
454 2295 927 2369 adnotationibus
960 2297 1030 2352 ad
1069 2304 1239 2367 caput
1267 2295 1519 2368 primum
1553 2298 1789 2358 Calcatis
1822 2300 2166 2365 hierarchi’a,
2201 2301 2228 2369 §
2257 2301 2310 2364 ‘2,
2346 2301 2443 2357 ubi
2476 2295 2833 2357 ostendimus
2868 2295 3118 2357 mentem
3165 2295 3422 2356 nostram
3478 2312 3600 2356 non

196 2382 349 2437 posse
384 2382 487 2437 per
518 2382 583 2423 se
612 2368 849 2437 angelos
883 2370 1283 2438 contemplari.

265 2439 379 2523 §__ll.
443 2438 588 2495 Nota
633 2450 895 2523 sanctum
954 2441 1295 2511 Dionysium
1351 2441 1612 2500 caelestes
1666 2442 1923 2515 spiritus,
1957 2444 2183 2523 ὀὒσίας,
2222 2443 2306 2512 ;id
2336 2450 2424 2501 est
2451 2443 2801 2501 substantias
2841 2458 2944 2501 seu
2963 2443 3259 2523 Aessentias
3287 2440 3596 2513 appellare,

106 2564 113 2569 .
212 2520 413 2576 scilicet
450 2535 559 2591 per
588 2521 1009 2587 excellentiam,
1049 2530 1107 2579 ut
1139 2523 1236 2594 qui
1267 2525 1420 2581 inter
1450 2533 1680 2581 caeteras
1714 2525 2061 2581 substantias
2094 2520 2401 2593 primatum
2436 2524 2717 2595 obtinent,
2751 2523 2889 2582 alibi
2922 2521 3047 2580 illos
3083 2521 3327 2599 δυνάμεις
3359 2538 3462 2582 seu
3490 2524 3601 2582 vir-

212 2608 361 2669 tutes,
393 2609 451 2659 et
476 2603 747 2680 ἐνεργείαις
779 2617 881 2660 seu
910 2605 1273 2674 operationes
1305 2616 1487 2662 vocat.
1521 2604 1662 2661 Vide
1691 2620 1815 2676 quae
1844 2620 2016 2676 supra
2054 2606 2198 2663 dicta
2237 2604 2465 2663 suntad
2493 2614 2665 2676 caput
2694 2605 2944 2669 tertium,
2980 2605 3007 2674 ς
3044 2602 3090 2667 Ι⁹
3149 2611 3207 2660 et
3264 2603 3410 2661 intra
3468 2618 3594 2675 cap.

97 2740 101 2741 ν
208 2686 280 2737 ii.
314 2682 433 2757 Hos
464 2690 658 2757 autem
688 2683 922 2741 ordines
954 2684 1291 2755 angelorum
1326 2688 1404 2743 ait
1425 2695 1686 2743 sanctum
1718 2684 1985 2753 Paulum,
2024 2700 2195 2757 quem
2226 2700 2396 2743 suum
2427 2696 2830 2757 praeceptorem
2885 2693 3066 2749 vocat,
3104 2684 3469 2757 distribuisse
3538 2687 3598 2742 in

201 2763 305 2811 tres
337 2756 723 2828 hierarchias.
752 2770 991 2826 quarum
1025 2758 1263 2826 singulae
1300 2765 1416 2814 tres
1455 2758 1687 2815 ordinis
1718 2756 2176 2828 complentuntur
2212 2782 2223 2814 :
2266 2760 2447 2828 prima
2487 2756 2703 2815 scilicet
2730 2760 2988 2819 thronos,
3022 2756 3409 2828 cherubimiet
3437 2770 3602 2815 sera-

200 2828 351 2894 phim
385 2847 400 2893 ;
442 2827 1059 2902 secunda_potestates,
1093 2829 1514 2902 dominationes
1533 2841 1586 2887 et
1617 2826 1902 2902 virtutes;
1936 2832 2096 2886 tertia
2130 2826 2388 2901 angelos,
2421 2828 2796 2902 archangelos
2826 2837 2883 2887 et
2912 2829 3289 2899 principatus.
3333 2826 3441 2886 Ubi
3489 2828 3595 2886 ad-

199 2909 345 2953 verte
376 2907 650 2971 sanctum
693 2898 1025 2971 Dionysium
1057 2902 1115 2955 in
1142 2901 1369 2969 duabus
1398 2906 1703 2970 postremis
1736 2901 2077 2958 hierarcbiis
2096 2898 2357 2959 ordinem
2386 2898 2710 2959 invertisse.

259 2971 319 3027 S.
360 2970 699 3042 Gregorius,
737 2972 836 3027 lib.
868 2983 907 3026 Il
936 2971 1159 3036 Mai-aL,
1195 2971 1450 3029 caelestes
1481 2974 1829 3031 hierarchias
1860 2972 2125 3030 nonnihil
2158 2974 2270 3030 alio
2301 2974 2503 3030 ordine
2532 2980 2812 3039 recenset,
2847 2976 2946 3029 51
2992 2971 3236 3037 scilicet,
3300 2971 3357 3028 in
3410 2972 3597 3043 prima

192 3043 511 3115 serapliim.
542 3044 846 3099 cherubim
878 3051 930 3100 et
963 3047 1239 3101 thronos:
1274 3060 1519 3115 quorum
1549 3046 1717 3115 primi
1751 3046 2117 3102 considerant
2150 3046 2248 3103 Dei
2275 3046 2606 3113 bonitatem,
2630 3045 2862 3101 secundi
2895 3045 3207 3106 veritatem.
3237 3044 3387 3102 tertii
3423 3045 3601 3115 aequi-

189 3124 389 3171 tatem.
411 3114 499 3170 Ac
531 3116 591 3171 in
616 3115 817 3184 primis
841 3116 1073 3185 quidem
1103 3115 1257 3172 Deus
1287 3114 1437 3173 amat
1468 3127 1527 3175 ut
1554 3114 1823 3181 Charitas,
1860 3118 1916 3173 in
1948 3119 2217 3173 secundis
2248 3117 2432 3174 noscit
2454 3126 2513 3173 ut
2533 3118 2767 3181 veritas,
2792 3117 2849 3172 in
2874 3117 3056 3173 tertiis
3079 3116 3236 3172 sedet
3258 3123 3321 3173 ut
3339 3114 3595 3186 aequitas.

256 3186 322 3241 In
362 3186 553 3260 uie-lia
589 3189 752 3256 ponit
782 3188 1223 3260 dominationes,
1256 3190 1633 3258 principatus,
1662 3196 1985 3259 potestates.
2017 3203 2263 3260 quorum
2298 3190 2467 3259 primi
2503 3189 2687 3247 oiIicia
2720 3199 2933 3259 regunt
2963 3187 3320 3258 angelorum,
3345 3201 3598 3257 sequen-

183 3267 266 3314 tes
305 3258 602 3331 capitibus
632 3268 887 3328 praesunt
916 3258 1283 3330 populorum,
1317 3260 1413 3316 alii
1448 3258 1769 3317 daemonum
1800 3258 2059 3317 coercent
2092 3258 2444 3330 potestatem.
2506 3261 2645 3317 Item
2704 3262 2760 3317 in
2800 3258 3017 3331 primis
3066 3259 3213 3317 Deus
3268 3260 3596 3317 dominatur

184 3329 580 3405 ut‘majestas,
616 3329 1267 3405 insequentibusregit
1297 3341 1358 3387 ut
1385 3333 1763 3405 principatus,
1792 3333 1848 3388 in
1885 3329 2105 3405 ultimis
2141 3342 2327 3390 tuetur
2358 3341 2419 3405 ut
2450 3334 2628 3388 salus.

249 3402 318 3457 In
358 3413 653 3472 postrema
682 3401 1001 3474 bierarchia
1033 3401 1276 3460 colloCat
1304 3401 1559 3469 virtutes,
1582 3401 1991 3474 archangelos,
2028 3406 2298 3474 airgelos:
2356 3404 2425 3459 ad
2479 3418 2724 3474 quorum
2780 3404 3001 3473 priores
3038 3401 3282 3474 pertinet
3315 3402 3598 3474 dmiracu-

183 3474 381 3547 lorum
412 3473 799 3547 operatiorad
826 3474 1109 3531 secundos
1147 3488 1487 3547 magnorum
1519 3472 1882 3547 negotiorum
1908 3472 2284 3547 denuntiatio,
2318 3476 2387 3529 ad
2416 3472 2612 3532 tertios
2646 3472 2907 3532 humanm
2936 3472 3205 3531 custodiae
3244 3472 3592 3531 sollicitudo.

181 3545 332 3603 Item
363 3546 423 3602 in
460 3547 661 3616 primis
688 3546 842 3602 Deus
874 3554 1143 3615 operatur
1175 3545 1462 3610 ut'virtus,
1492 3548 1549 3604 in
1582 3545 1852 3604 secundis
1881 3546 2092 3603 revelat
2123 3555 2182 3602 ut
2216 3547 2338 3614 lux,
2372 3548 2430 3602 in
2471 3548 2651 3603 tertiis
2689 3549 2916 3603 nuntiat
2945 3557 3006 3603 ut
3040 3547 3351 3615 inspirans.

257 3617 381 3675 Nos
412 3628 608 3690 autem
638 3619 947 3690 assimilari
981 3617 1253 3676 debemus
1285 3620 1576 3688 seraphim
1608 3633 1708 3690 per
1744 3620 2102 3685 charitatem,
2136 3617 2433 3675 cherubim
2466 3633 2565 3689 per
2597 3621 3012 3690 cognitionem,
3046 3617 3271 3674 thronis
3294 3630 3397 3686 per
3418 3616 3596 3690 aqui-

179 3698 370 3762 tatem
405 3703 420 3745 :
455 3689 592 3745 item
623 3688 1132 3755 dominationibus,
1165 3705 1397 3747 carnem
1431 3688 1799 3762 Subjugando
1832 3708 1844 3752 ;
1875 3690 2308 3762 principatibus,
2356 3688 2743 3762 reverentiam
2778 3689 3097 3761 majoribus
3124 3692 3370 3762 nostris
3429 3689 3599 3746 exhi-

180 3761 389 3819 bendo
424 3782 438 3827 ;
482 3762 872 3832 potestatibus,
902 3763 1311 3819 tentationihus
1356 3761 1654 3819 diabolicis
1684 3762 2003 3819 resistendo
2040 3779 2051 3811 :
2086 3765 2217 3818 item
2255 3761 2557 3819 assimilari
2592 3761 2867 3819 debemus
2924 3761 3227 3819 virtutibus
3280 3774 3385 3832 per
3440 3774 3600 3817 com-

180 3834 554 3907 passionem,
593 3833 953 3904 archangelis
986 3847 1086 3904 per
1114 3834 1574 3901 instructionem,
1604 3834 1822 3906 angelis
1856 3848 1954 3905 per
1987 3833 2247 3905 obsequii
2288 3833 2720 3891 exhibitionem.

1301 4026 1824 4095 PARAPHRASIS
1865 4027 2347 4092 PACHYMEB/E
2397 4028 2539 4109 (10')

281 4136 393 4222 51.
450 4150 583 4199 Οτοι
618 4138 718 4215 μὲν
776 4140 875 4196 εἰσι
934 4141 1071 4197 κατὰ
1123 4139 1349 4217 πλῆθος,
1411 4144 1498 4197 καὶ
1557 4145 1663 4198 οἷοι
1724 4140 1854 4196 κατὰ

2022 4138 2120 4217 §l.
2160 4136 2373 4209 Quanti
2405 4135 2647 4216 quidem
2674 4135 2796 4198 sint
2832 4133 3232 4208 multitudine,
3269 4131 3604 4211 qualesque

186 4238 298 4301 τήν
328 4233 605 4299 ποιότητα
636 4233 682 4287 οἱ
712 4236 819 4287 τῶν
850 4229 1100 4309 οὔρανίων
1135 4228 1436 4311 διάκοσμοι⁷
1492 4232 1580 4288 καὶ
1612 4233 1664 4288 αἱ
1720 4233 1854 4288 θεῖαι

1948 4228 2292 4291 conditione
2323 4228 2659 4291 coelestium
2694 4226 3115 4288 distinctiones
3150 4233 3324 4305 atque
3356 4224 3602 4287 ordines

176 4323 397 4403 τέξεις²
430 4324 520 4379 καὶ
552 4320 697 4384 ὅπως
728 4320 1001 4377 τελοῦντπιι
1034 4320 1154 4378 κατ’
1186 4323 1347 4386 αὐτὰς
1404 4321 1469 4380 τὰ
1521 4326 1621 4388 τῆς
1679 4321 1854 4400 ἱερπιρ-

1949 4319 2156 4395 divini,
2193 4328 2257 4382 et
2287 4319 2768 4400 quomodojuxta
2789 4316 2924 4378 illos
2951 4315 3230 4396 mysteria
3250 4315 3598 4375 hierarcbize

177 4416 313 4495 χίας
350 4413 649 4492 μυστήρια,
699 4412 871 4488 μόνην
902 4410 1090 4468 εἰδέναι
1125 4411 1268 4490 λέγω
1320 4413 1417 4480 τὴν
1476 4412 1854 4481 ὑποστήσασειι

1951 4418 2461 4481 consummentur,
2497 4407 2691 4470 solum
2728 4425 2903 4469 nosse
2936 4407 3067 4468 dico
3109 4404 3374 4466 divinum
3432 4403 3600 4495 illum

180 4492 379 4562 έῖιτοίκ
434 4504 626 4570 θεϊκὴν
697 4502 1072 4582 τελετκρχίαν,
1136 4506 1235 4570 τὴν
1292 4502 1471 4568 πάσης
1504 4500 1729 4569 τελετῆς
1762 4501 1849 4556 καὶ

1952 4499 2223 4560 initiandi
2259 4497 2662 4579 principatum
2700 4496 2802 4577 qui
2834 4496 2967 4557 illos
3028 4494 3317 4574 condidit,
3352 4500 3410 4555 et
3439 4492 3605 4553 omni

182 4597 397 4659 ’παντὸς
426 4595 719 4672 μυστηρίου
759 4592 1049 4673 ἄρχουσκνσ
1117 4592 1331 4673 προσέτι
1391 4590 1444 4647 δὲ
1504 4595 1594 4649 καὶ
1655 4591 1849 4653 αὐτοὺς

1941 4588 2258 4651 initiationi
2279 4589 2563 4668 omnique
2586 4586 2868 4667 mysterio
2896 4584 3265 4666 principatur
3289 4603 3307 4660 ;
3330 4582 3603 4662 quinimo

192 4686 413 4748 τοὺτοος
470 4684 753 4765 γινώσκειν
809 4686 904 4748 τὰς
964 4685 1157 4749 οἰκείαις
1233 4682 1505 4760 δυνάμεις,
1586 4684 1673 4739 καὶ
1754 4681 1854 4745 τὰς

1941 4680 2013 4742 ad
2047 4679 2197 4753 haec,
2236 4684 2398 4759 ipsos
2433 4696 2607 4739 nosse
2640 4675 2913 4757 proprias
2943 4674 3202 4737 virtutes
3246 4681 3423 4754 atque
3463 4673 3605 4733 illu-

206 4764 525 4853 ὶλλὰμψεις,
556 4776 644 4831 καὶ
673 4775 772 4841 τὴν
798 4775 940 4853 ἱερὰν
976 4773 1233 4855 εὖταξίαν,
1291 4774 1383 4831 οὖσι
1444 4772 1601 4829 ἄλλον
1659 4770 1843 4831 ἄλλον.

1941 4769 2289 4851 strationes,
2326 4787 2440 4831 nec
2475 4787 2593 4829 non
2628 4785 2863 4829 sacrum
2908 4784 3083 4828 suum
3139 4764 3436 4840 ordinem,
3488 4782 3612 4826 non

206 4864 270 4919 τὰ
307 4864 408 4943 γὰρ
433 4861 831 4939 ὑποϐεϐηκότα,
885 4865 950 4919 τὰ
1007 4864 1114 4921 τῶν
1163 4861 1605 4945 ὑπερϐεϐηκότων
1662 4861 1854 4919 εἰδέναι

1946 4870 2145 4923 tamen
2182 4860 2440 4923 alterum
2475 4858 2723 4920 alterius
2754 4879 2767 4921 :
2804 4875 2939 4919 nam
2972 4855 3289 4917 inferiores
3344 4873 3415 4916 ea
3455 4872 3610 4945 quas

199 4952 378 5014 διόλου
406 4956 503 5013 οὖσι
533 4954 774 5036 ἔχουσιν,
820 4953 942 5011 ἀλλ’
1007 4954 1232 5015 ἕκαστον
1267 4943 1448 5014 Virbth
1505 4956 1712 5015 ἐαυτοῦ¹
1777 4951 1854 5009 διὰ

1947 4951 2330 5032 superiorum
2356 4949 2772 5026 sunt,omnino
2804 4964 2982 5010 nosse
3012 4952 3342 5024 nequeunt,
3364 4943 3470 5008 sed
3486 4943 3613 5036 qui-

196 5058 349 5107 τοῦτο
384 5047 490 5124 γὰρ
516 5035 644 5102 εἶπε
706 5048 799 5112 τὰς
852 5046 1047 5110 οἰκείας
1100 5044 1369 5123 δονᾶμεις⁶
1446 5045 1702 5102 ἀδύνατον
1764 5044 1854 5123 γὰρ

1948 5043 2100 5103 libet
2127 5059 2229 5103 res
2261 5059 2405 5103 suas
2438 5040 2636 5102 novit:
2671 5038 2898 5101 idcirco
2927 5037 3085 5100 enim
3120 5036 3287 5114 dixit,
3335 5035 3611 5117 proprias

197 5140 341 5211 ἡμᾶς
377 5133 573 5195 εἰδέναι
608 5137 673 5195 τὰ
699 5136 943 5216 ἒχείνων,
976 5138 1020 5193 εἱ
1049 5139 1128 5212 μὴ
1159 5136 1409 5215 λέγομεν,
1471 5135 1571 5193 ὅσοι
1634 5130 1701 5190 δι’
1764 5136 1854 5192 αὒ-

1954 5129 2615 5213 virtutestpossibile
2649 5130 2809 5192 enim
2835 5136 2925 5191 est
2955 5146 3025 5191 ea
3051 5144 3181 5203 nos,
3211 5142 3343 5208 quae
3366 5124 3611 5216 illorum

194 5235 299 5286 τῶν
332 5228 486 5307 παρὰ
542 5235 635 5285 τοῦ
705 5229 838 5284 Θεοῦ
897 5213 1350 5309 ἐλλαμφθιίηέιεν.
1415 5226 1633 5287 Πάντως
1694 5220 1750 5280 δὲ
1801 5224 1854 5280 τὲ

1952 5231 2091 5284 sunt
2120 5238 2326 5298 nosse,
2363 5221 2479 5283 nisi
2511 5220 2828 5301 loquamur
2857 5218 2932 5309 de
2962 5217 3037 5309 iis
3068 5233 3201 5298 qua;
3257 5213 3608 5309 permipsos,

195 5321 383 5379 οἰκεῖα
420 5316 655 5397 ἀκριϐῶς
688 5318 887 5375 ἐκεῖνοι
918 5318 1298 5398 γινώσκοντες,
1341 5317 1521 5381 καλῶς
1582 5316 1671 5372 καὶ
1717 5315 1854 5383 ὑπη-

1950 5314 2075 5376 Deo
2105 5312 2436 5392 revelante,
2470 5311 2832 5393 accepimus.
2865 5306 3122 5372 Omnino
3145 5313 3344 5370 autem
3366 5303 3452 5365 illi
3474 5321 3610 5398 cum

189 5392 527 5490 ρετήσοοσιν
547 5406 687 5486 ἡμῖν
721 5409 793 5474 εἰς
821 5392 1204 5478 τὴνντοιαύτην
1262 5392 1659 5489 ρυσταγωγῖαν.
1719 5406 1854 5463 Οὔκ-

1949 5419 2047 5464 res
2077 5401 2349 5484 proprias
2384 5409 2588 5465 exacte
2622 5392 2914 5482 noscunt,
2967 5398 3083 5462 rite
3139 5412 3376 5479 quoque
3437 5392 3611 5457 nobis

298 5515 354 5561 ι’
385 5513 507 5579 Isa.
543 5532 620 5579 v1.
1524 5512 1791 5580 VARIE
1833 5508 2276 5578 LECTIONES.

275 5615 340 5666 1ο
370 5613 488 5677 Ch.
524 5614 597 5676 D.
634 5616 699 5678 P.
732 5611 961 5694 ἱδρῦσθαι
1048 5614 1101 5665 ﬂ
1131 5615 1211 5680 M.
1246 5614 1310 5679 S.
1343 5612 1684 5693 παραδιδόναι
1726 5634 1812 5678 τε,
1899 5608 1960 5662 η
1987 5607 2051 5672 S.
2078 5609 2276 5689 κεινός,
2312 5604 2525 5670 Scotus
2557 5603 2934 5704 astipulatur.
3021 5599 3075 5646 ¹³
3108 5602 3179 5666 D.
3216 5596 3566 5682 διειδεστίρπ.

280 5706 457 5791 (16³⁷⁸)
492 5706 648 5771 Vide
676 5707 905 5771 scholia
935 5708 999 5772 S.
1033 5709 1295 5786 Maximi,
1325 5725 1369 5776 ι.
1405 5710 1483 5788 ΙΙ,
1519 5726 1650 5789 cap.
1681 5708 1720 5768 6

539 5836 789 5900 PA‘I'BOL.
823 5838 933 5902 Gn.
971 5837 1069 5901 Ill.
3247 5820 3285 5881 7
