4052 6438
554 313 672 382 2οἹ

1724 315 1787 379 8.
1837 312 2182 383 DIONYSII
2223 310 2763 381 AREOPAGITE.

3825 307 3954 378 208

2161 465 2191 547 δ
2228 464 2300 528 11.

631 624 831 705 Atque
848 622 975 684 haec
999 621 1243 704 quidem
1274 625 1690 687 estnominum
1709 623 1999 707 ipsorum,
2017 646 2198 708 quan-

2363 632 2509 699 Αὒτη
2539 630 2638 707 μὲν
2693 631 2730 699 ἡ
2787 636 2895 687 τῶν
2941 631 3219 706 ὀνομάτων
3252 630 3424 687 αὐτῶν
3481 629 3556 692 ὡς
3613 625 3734 685 καθ’
3792 629 3948 704 ἡμᾶς

550 721 677 776 tum
710 730 928 795 capere
952 712 1755 796 possumus,interpretatio;
1791 735 1970 798 quam
2002 726 2203 781 autem

551 822 759 867 eorum
793 803 1192 866 hierarchiam
1227 821 1360 866 esse
1390 810 1696 885 putemus,
1730 805 2053 869 dicendum
2082 820 2198 872 est.

549 891 761 959 Omnis
790 892 949 958 enim
983 892 1336 956 hierarcbim
1365 912 1617 977 scopum
1648 914 1716 958 ex
1752 895 1951 959 divina
1981 896 2197 960 deil‘or-

550 985 771 1047 mitatis
800 982 1132 1047 imitatione
1161 992 1505 1048 constanter
1529 985 1899 1068 dependere,
1934 1006 2198 1050 omnem-

550 1092 667 1156 que
704 1074 1077 1138 functionem
1129 1075 1594 1152 hierarchicam,
1649 1077 1712 1139 in
1759 1087 2196 1140 sacrosanctam

550 1164 887 1246 purissimae
906 1165 1312 1228 mundationis
1332 1174 1391 1227 et
1430 1166 1615 1228 divini
1633 1166 1901 1249 luminis,
1918 1168 2199 1248 perfecti-

548 1273 752 1335 vaaque
781 1256 1047 1319 scientia)
1069 1255 1583 1337 participationem
1605 1264 1784 1337 atque
1814 1258 2198 1321 collationem

549 1344 757 1427 dividi,
773 1346 915 1408 satis
930 1364 1237 1428 superque
1245 1344 1368 1427 jam
1393 1365 1428 1408 a
1458 1345 1632 1409 nobis
1651 1346 1876 1410 dictum
1899 1349 2194 1414 existimo:

546 1459 704 1503 nunc
720 1454 909 1505 autem
925 1461 1024 1519 pro
1043 1462 1447 1520 supremorum
1466 1448 1701 1506 istarum
1727 1450 1999 1507 mentium
2020 1451 2200 1522 digni-

547 1539 660 1588 tate
674 1530 864 1589 dicere
884 1532 1422 1604 desidero,quanam
1438 1533 1660 1591 ratione
1673 1549 1832 1592 sacer
1848 1547 2043 1592 earum
2059 1536 2199 1594 ordo

546 1634 581 1678 a
603 1614 930 1699 Scripturis
959 1618 1313 1699 explicetur.
1336 1616 1553 1680 Primis
1579 1620 1711 1680 istis
1746 1618 2044 1699 essentiis,
2070 1640 2201 1702 quae

548 1719 675 1780 post
697 1712 1159 1769 substantiﬁcum
1185 1714 1443 1783 ipsarum
1463 1710 1938 1783 deiprincipatum
1961 1712 2201 1772 colloca.

547 1802 646 1876 tae,
662 1805 721 1857 et
738 1795 905 1876 quasi
922 1796 984 1858 in
1001 1796 1298 1859 vestibulo
1323 1796 1455 1878 ejus
1473 1796 1622 1877 sitae,
1643 1806 1898 1859 creatam
1922 1804 2195 1861 virtutem

548 1903 816 1967 omnem,
836 1895 950 1949 tam
971 1885 1335 1950 invisibilem
1366 1905 1546 1965 quam
1580 1885 1876 1950 visibilem
1898 1894 2201 1951 transcen-

2285 724 2594 805 ὶκφαντιρία
2623 725 2699 771 90·
2734 723 2952 781 λεκτέον
2993 722 3073 800 δὲ,
3133 724 3250 781 τίνα
3305 723 3403 792 τὴν
3461 722 3737 803 ἱεραρχίαν
3765 724 3951 781 αὐτῶν

2284 815 2520 892 οἰόμεθα.
2591 816 2692 873 Τὸν
2751 817 2848 891 μὲν
2904 815 3006 893 γὰρ
3063 814 3277 881 ἁπάσης
3307 810 3358 854 εί
3404 813 3680 892 ἱεραρχὶας
3737 814 3948 869 σκοπὸν

2283 909 2382 972 τῆς
2480 905 2816 982 θεομιμήτου
2901 901 3179 969 θεοειδείας
3261 900 3629 981 ἆξηρτημὲνον
3698 900 3948 981 ἀῤῥεπῶς

2283 995 2450 1069 εἶναι,
2512 995 2602 1052 καί
2648 993 2710 1052 τὸ
2753 992 3071 1072 διαιρεῖσθαι
3132 999 3305 1051 πᾶσαν
3335 990 3650 1071 ἰεραρχικὴν
3679 1013 3947 1070 πραγμα-

2278 1083 2447 1157 τείαν,
2497 1083 2571 1148 εἰς
2630 1084 2875 1162 μετοχήν
2935 1082 3075 1163 ἱερὰν
3147 1082 3236 1140 καὶ
3280 1079 3564 1157 μετάδοσιν
3635 1080 3947 1160 καθάρσεως

2281 1174 2530 1252 ἁμιγοῦς.
2564 1174 2654 1231 καὶ
2698 1174 2838 1230 θείου
2881 1174 3082 1253 φωτὸς,
3114 1174 3204 1230 καὶ
3248 1170 3566 1240 τελεπικῆς
3598 1169 3945 1252 ἐπιστήμης,

2282 1265 2580 1345 ἀρκούντως
2636 1262 2741 1333 ἢδη
2802 1267 2933 1344 πρὸς
2989 1265 3148 1339 ἡμῶν
3205 1265 3441 1343 εἰρῆσθαι
3485 1262 3711 1338 νομίζω·
3760 1268 3855 1320 νῦν
3886 1260 3945 1318 δὲ

2284 1356 2456 1413 εἰπεῖν
2498 1354 2655 1420 ἀξίως
2687 1352 2921 1435 εὔχομαι
2979 1359 3086 1411 τῶν
3143 1353 3452 1433 ὑπερτάτων
3507 1354 3669 1427 νοῶν,
3730 1357 3852 1416 πῶς
3909 1352 3944 1420 ἦ

2281 1446 2402 1503 κατ’
2462 1446 2653 1510 αὐτοὺς
2709 1445 2955 1525 ἱεραρχία
3024 1443 3110 1502 διὰ
3170 1450 3277 1501 τῶν
3347 1442 3540 1522 λογίων
3611 1443 3941 1523 ἐκφαίνεται,

2283 1546 2417 1600 Ταῖς
2445 1538 2682 1615 πρώταις
2734 1536 2959 1616 οὐσίαις,
3012 1534 3072 1591 α’ί
3124 1535 3259 1610 μετὰ
3298 1535 3397 1605 τήν
3430 1534 3722 1593 οὖσιοποδν
3768 1532 3944 1590 αὐτῶν

2283 1626 2537 1707 θεαρχίαν
2567 1625 2859 1706 ἱδρυμέναι,
2911 1627 3000 1682 καὶ
3046 1629 3163 1683 οἷον
3217 1624 3281 1681 ἀν
3333 1625 3604 1703 προθύροίς
3634 1627 3805 1689 αὐτῆς
3847 1644 3941 1681 τε-

2281 1717 2580 1797 ταγμέιαι,
2628 1719 2809 1783 πάσης
2867 1716 2996 1772 εἰσὶν
3055 1714 3278 1793 ἀοράτου
3338 1718 3426 1772 καὶ
3484 1717 3681 1791 ὁρατῆς
3711 1711 3942 1793 ὑπερϐε-

2281 1803 2499 1864 ϐδκυῖαι
2546 1807 2822 1886 γεγονυίας
2882 1803 3186 1883 δυνάμεως,
3242 1807 3315 1872 ὡς
3370 1804 3567 1862 οἰκείαν
3620 1801 3679 1846 22
3736 1804 3944 1872 οἰητέον

2283 1895 2428 1954 εἶναι
2480 1897 2571 1952 καὶ
2620 1896 2760 1953 κατὰ
2817 1901 2921 1953 πᾶν
2966 1893 3186 1971 ὁμοειδῆ
3232 1895 3330 1963 τὴν
3362 1893 3661 1974 ίεραρχίαν,
3692 1890 3941 1973 Καθαράς

549 1965 1022 2052 dunt,propriam
1045 1982 1350 2053 quamdam
1375 1990 1427 2039 et
1447 1982 1796 2039 uniformem
1819 1980 2198 2042 bierarchiam

2284 1988 2383 2064 μὲν
2427 1985 2516 2043 οὖν
2560 1986 2720 2048 αὑτὰς
2758 1984 3016 2065 ἡγητέον,
3049 1986 3146 2061 ob]
3184 1985 3257 2048 ὡς
3305 1965 3551 2063 ἀνιέρων-
3588 1981 3827 2050 κηλίδων
3858 1984 3943 2039 καὶ

548 2084 682 2129 esse
714 2067 1171 2130 existimandum
1206 2069 1511 2130 est.Purae
1527 2066 1824 2148 siquidem
1856 2071 2196 2145 censenda},

548 2176 670 2219 non
694 2158 861 2239 quasi
882 2176 917 2220 a
940 2158 1192 2220 maculis
1217 2158 1551 2239 (duntaxat)
1579 2157 1830 2239 impuris
1852 2159 2203 2222 colluvioni-

548 2247 779 2330 busque
809 2249 929 2310 sint
956 2249 1183 2325 liberae,
1202 2249 1292 2312 vel
1326 2248 1485 2328 quod
1508 2248 1569 2309 in
1593 2266 1692 2310 eas
1718 2248 2048 2312 materialia
2077 2251 2201 2313 visa

547 2357 665 2400 non
689 2338 940 2421 cadant;
967 2339 1073 2401 sed
1105 2340 1261 2420 quod
1294 2339 1540 2401 omnino
1570 2338 1994 2401 imminutione
2010 2343 2196 2418 omni,

547 2429 830 2511 omnique
860 2448 925 2490 re
947 2447 1118 2491 sacra
1146 2429 1261 2492 sibi
1287 2428 1530 2491 subdita
1557 2429 1868 2504 celsiores,
1894 2449 2018 2511 pra:
2038 2451 2200 2493 sum-

545 2537 646 2580 ma
676 2519 1246 2601 puritate,omnibus
1272 2519 1478 2601 etiam,
1497 2519 1587 2581 vel
1614 2519 1873 2582 maxime
1896 2520 2201 2583 deiformi-

545 2608 660 2671 bus
683 2610 1021 2686 virtutibus,
1050 2610 1167 2672 sint
1190 2610 1547 2690 anteposita;
1570 2609 1923 2692 ordinisque
1948 2612 2042 2673 sui
2070 2632 2199 2673 mo-

546 2706 671 2761 tum
736 2704 1043 2783 pr0prium
1104 2701 1575 2782 mquabilemque
1632 2718 1742 2781 per
1795 2719 2059 2763 amorem
2094 2703 2201 2765 Dei

547 2798 901 2853 constanter
949 2799 1213 2871 teneant,
1249 2790 1629 2866 invariatum,
1663 2806 1860 2869 neque
1908 2790 2086 2851 ullam
2140 2790 2198 2850 in

547 2878 814 2942 deterius
824 2879 1769 2960 agnoscantimminutionem,sed
1783 2879 2197 2942 inconcussam

547 2988 788 3051 semper
819 2965 878 3034 et
910 2970 1285 3033 immobilem
1319 2970 1625 3032 deiformis
1667 2988 1790 3031 suae
1818 2970 2196 3050 proprietatis

548 3062 756 3124 sedem
788 3061 1066 3125 habeant.
1096 3060 1632 3141 Contemplatrices
1678 3060 1845 3133 item,
1880 3079 1999 3122 non
2032 3060 2197 3142 quasi

547 3151 974 3233 symbolarum,
992 3171 1127 3233 quae
1143 3151 1231 3213 vel
1250 3170 1430 3212 sensu
1452 3151 1539 3212 vel
1572 3159 1774 3213 mente
1797 3151 2199 3230 percipiantur

549 3249 960 3323 spectatrices,
993 3261 1187 3324 neque
1229 3242 1507 3303 varietate
1543 3240 2066 3318 contemplationis
2096 3260 2196 3301 sa-

2285 2075 2575 2153 μολυσμῶν
2605 2075 3063 2152 ἧλευθερωμὲνας,
3126 2072 3230 2132 οὐδ’
3299 2075 3373 2139 ὼς
3430 2073 3712 2151 προσύλων
3748 2073 3943 2129 ἀνεπι-

2284 2166 2498 2229 δέκτους
2543 2168 2870 2246 φαντασιῶν,
2916 2164 3034 2222 ἀλλ’
3093 2166 3167 2229 ὡς
3229 2187 3408 2230 πασης
3458 2163 3693 2244 ὑφέσεως
3730 2162 3941 2241 ἀμιγῶς

2283 2254 2637 2334 ὑψηλοτέρας,
2713 2256 2800 2312 καὶ
2855 2256 3053 2318 παντὸς
3108 2251 3508 2321 ὑποϐεϐηκότος
3585 2255 3747 2332 ἱεροῦ·
3809 2254 3942 2308 κατὰ

2281 2349 2381 2414 τὴν
2414 2347 2715 2424 ὑπερτάτην
2746 2346 3048 2423 ἁγνότητα,
3099 2344 3296 2408 πάσαις
3348 2356 3469 2406 ταῖς
3522 2340 3941 2405 θεοειδξστάταις

2283 2433 2569 2511 δυνάμεσιν
2599 2434 3035 2513 ὑπεριδρυμένας,
3095 2435 3181 2492 καὶ
3224 2433 3340 2501 τῆς
3404 2433 3601 2493 οἰκείας
3644 2434 3941 2502 αὐτοκινή-

2283 2549 2375 2582 του
2405 2524 2469 2575 Ξῧ
2496 2527 2584 2583 καὶ
2614 2525 3000 2592 ταῦτοκινὴτου
3058 2525 3196 2580 κατὰ
3251 2526 3313 2580 τὸ
3373 2521 3630 2603 φιλοθὲως
3678 2520 3942 2601 ἄτρεπτον

2282 2616 2480 2682 τάξεως
2511 2614 2750 2694 ἂῤῥεπῶς
2781 2613 3174 2695 ἀντεχομένοις,
3206 2615 3297 2672 καὶ
3346 2614 3445 2682 τὴν
3503 2612 3589 2671 ἐπὶ
3644 2613 3713 2669 τὰ
3771 2613 3942 2692 χείρω

2284 2707 2421 2763 κατά
2464 2728 2513 2762 τι
2545 2708 2764 2782 μείωσιν
2812 2704 2919 2764 οὐδ’
2970 2703 3109 2768 ὅλως
3156 2703 3373 2785 εἰδυίας,
3417 2702 3539 2760 ἀλλ’
3581 2700 3826 2761 ἄπτωτον
3856 2702 3940 2759 ἆεί

2283 2797 2370 2854 καὶ
2400 2796 2794 2872 ἀμετακίνητον
2838 2795 3072 2875 ἐχούσας
3132 2796 3233 2863 τὴν
3290 2800 3390 2861 τῆς
3456 2795 3653 2859 οἰκείας
3682 2790 3941 2857 θεοειδοῦς

2282 2886 2550 2953 ἰδιότητος
2584 2885 2957 2964 ἀμιγεστάτην
3015 2885 3244 2965 ἵδρυσιν,
3309 2884 3649 2963 Θεωρητικὰς
3681 2881 3739 2939 δὲ
3768 2883 3937 2961 αὖθις,

2282 2978 2387 3057 οὑχ
2445 2978 2517 3041 ὡς
2576 2977 2842 3043 αἰσθητῶν
2895 2972 3146 3050 σμϐόλων
3204 2979 3398 3053 νοερῶν
3426 2974 3483 3018 94
3508 2974 3769 3052 θεωροὺς,
3824 2971 3933 3033 οὖδὲ

2279 3069 2351 3131 ὼς
2381 3072 2450 3143 τῇ
2505 3065 2749 3138 ποικιλιᾳ
2818 3070 2918 3133 τῆς
2997 3066 3389 3147 ίερογραφικῆς
3459 3066 3678 3144 θεωρίας
3723 3064 3812 3122 ἐπὶ
3878 3066 3942 3121 τὸ

2282 3165 2439 3214 Θεϊον
2499 3155 2856 3234 ἀνοιγομένας,
2918 3154 3036 3213 ἀλλ’
3101 3158 3175 3220 ὡς
3236 3157 3416 3224 πάσης
3474 3153 3636 3215 ἀύλου
3685 3155 3941 3234 γνώσεως

2281 3246 2613 3326 ὑψηλοτέρου
2683 3248 2859 3327 φωτὸς
2929 3245 3439 3326 ἀποπὶηρουμένας,
3507 3246 3599 3304 καὶ
3678 3245 3780 3314 τῆς
3851 3254 3945 3305 τοῦ

550 3350 783 3395 orarum
817 3334 1262 3416 Scripturarum
1297 3333 1368 3395 ad
1394 3334 1584 3395 Deum
1620 3330 1893 3411 elevatm,
1920 3331 2023 3392 sed
2065 3339 2198 3392 tan-

2283 3335 2614 3395 καλλοποιοῦ
2682 3338 2771 3395 καί
2830 3336 3060 3418 ἀρχικοῦ
3091 3336 3320 3401 κάλλους
3350 3335 3662 3415 ὑπεροΰσίου
3703 3336 3797 3393 καὶ
3825 3358 3943 3416 τρι-

550 3442 725 3505 quam
778 3425 945 3486 omni
996 3424 1341 3504 cognitione
1376 3421 1631 3503 simplici
1671 3420 1904 3483 altioris
1956 3419 2200 3483 luminis

549 3513 821 3594 expleta),
879 3522 939 3575 et
981 3514 1485 3596 contemplatione
1517 3512 1677 3604 illius
1712 3510 2194 3592 pulchritudinis,

546 3628 683 3686 qum
714 3618 802 3671 est
831 3609 1097 3672 ell‘ectrix
1132 3618 1189 3671 et
1221 3609 1384 3689 origo
1440 3606 1929 3689 pulchritudinis,
1983 3615 2042 3667 et
2072 3624 2204 3687 qum

546 3717 729 3779 supra
756 3698 1147 3763 substantiam
1183 3707 1377 3781 est,et
1401 3702 1461 3759 in
1500 3697 1689 3759 tribus
1716 3696 2011 3777 splendet,
2047 3715 2200 3776 qua-

548 3797 722 3851 tenus
753 3789 837 3850 l'as
869 3798 982 3865 est,
1037 3790 1316 3853 refertae:
1374 3787 1813 3850 communionis
1863 3805 2000 3848 vero
2056 3786 2197 3849 Jesu

547 3878 826 3941 similiter
847 3880 1168 3959 participes
1194 3880 1383 3955 factm,
1415 3897 1532 3940 non
1565 3874 1734 3958 quasi
1756 3878 1816 3938 in
1840 3876 2198 3956 imaginibus

549 3976 757 4030 sancte
787 3969 1140 4047 informatis,
1176 3988 1311 4050 quae
1355 3969 1537 4030 veluti
1567 3968 1776 4030 formae
1806 3966 1868 4028 in
1898 3966 1988 4028 eis
2016 3966 2194 4029 deiti-

548 4077 679 4118 cam
712 4058 1168 4123 similitudinem
1201 4059 1558 4140 exprimant,
1593 4057 1697 4121 sed
1748 4066 2025 4137 tanquam
2060 4074 2198 4119 vero

548 4148 620 4210 ad
642 4167 775 4209 eum
797 4150 1340 4230 appropinquantes
1390 4149 1452 4210 in
1503 4147 1635 4229 ipsa
1658 4148 1844 4229 prima
1870 4146 2196 4228 participa-

548 4236 712 4300 tione
725 4240 1405 4320 cogitationisluminum
1423 4240 1553 4320 ejus
1567 4238 2062 4314 deiﬁcorummec
2078 4256 2196 4299 non

546 4328 707 4405 quod
738 4327 925 4392 Deum
959 4330 1234 4392 imitandi
1262 4330 1443 4403 ratio,
1475 4328 1570 4390 55
1597 4327 2026 4390 sublimissimo
2051 4327 2197 4409 ipsis

546 4419 727 4482 modo
759 4420 835 4481 sit
866 4420 1117 4503 indulta,
1152 4429 1208 4483 et
1235 4420 1297 4483 in
1340 4420 1645 4502 primaeva,
1681 4426 1972 4500 quantum
2008 4417 2083 4481 iis
2111 4418 2198 4480 tas

548 4517 660 4591 est,
696 4516 957 4591 potentia
988 4508 1205 4573 divinis
1254 4512 1404 4590 ejus,
1440 4510 1837 4591 humanisque
1879 4507 2198 4571 virtutibus

2283 3427 2477 3508 φανοῦς
2533 3427 2777 3509 θεωρίας,
2837 3430 2909 3491 ὡς
2973 3429 3213 3509 θεμιτὸν,
3273 3425 3789 3504 ἀναπιμπλαμένας⁶
3841 3428 3943 3495 τῆς

2283 3517 2338 3573 δὲ
2366 3517 2547 3586 ἰησου
2577 3519 2859 3582 κοινωνίας
2925 3519 3178 3581 ὡσαύτως
3226 3516 3550 3594 ἠξιωμένας,
3583 3517 3681 3575 οὑκ
3711 3515 3768 3573 ὲν
3795 3518 3943 3578 εἰκό-

2284 3611 2364 3667 σὶν
2396 3609 2762 3689 ίεροπλάστοις
2820 3609 3172 3690 μορφωτικῶς
3231 3608 3560 3666 ἀποτυποῦσι
3600 3607 3699 3675 τὴν
3752 3610 3940 3686 θεουρο

2282 3700 2444 3778 γικὴν
2483 3701 2765 3781 ὁμοίωσιν,
2816 3700 2938 3757 ἀλλ’
2993 3702 3066 3763 ὡς
3119 3698 3334 3767 ἀληθῶς
3366 3699 3511 3773 αὑτῷ
3541 3696 3942 3769 πλησιαζούσας

2282 3790 2337 3846 ἐν
2395 3792 2585 3868 πρώτη
2644 3790 2900 3867 μετουσίᾳ
2962 3794 3065 3856 τῆς
3133 3790 3382 3869 γνώσεως
3455 3790 3562 3846 τῶν
3617 3788 3944 3866 θεουργιιιῶν

2280 3882 2439 3938 αὑτοῦ
2466 3881 2682 3961 φώτωνο
2754 3880 2843 3936 καὶ
2914 3878 3025 3956 μὴν
3096 3877 3180 3937 ’ὁτι
3246 3879 3308 3935 τὸ
3377 3878 3709 3954 θεομίμητον
3741 3880 3940 3941 αὑταῖς

2276 3969 2583 4050 ὑπερτάτως
2612 3966 2928 4050 δεδώρηται,
2961 3970 3049 4027 καί
3090 3973 3429 4044 κοινωνοῦσι,
3453 3966 3593 4025 κατὰ
3650 3967 3713 4023 τὸ
3748 3969 3942 4032 αὑταῖς

2281 4059 2523 4141 ἐφικτὸν,
2595 4058 2652 4116 ὲν
2721 4066 3049 4139 πρωτουργῷ
3119 4056 3336 4135 δυνάμει
3406 4070 3530 4122 ταῖς
3600 4058 3944 4136 θεωργικαῖς

2280 4152 2440 4209 αὑτοῦ
2496 4151 2585 4208 καὶ
2633 4148 3026 4232 φιλανθρώποις
3084 4147 3333 4229 ἀρεταῖς.
3409 4146 3815 4224 Τετελεσμένας
3889 4145 3939 4204 δὲ

2280 4239 2557 4322 ὡσαύτως,
2590 4241 2694 4322 οὑχ
2735 4241 2809 4304 ὡς
2859 4239 3128 4306 ποικιλίας
3157 4243 3300 4319 ἱερᾶς
3349 4237 3677 4307 ἂναλυτικὴν
3708 4238 3944 4308 ἐπιστη-

2280 4351 2392 4407 μην
2418 4329 2856 4408 ὶλλαμπομένας,
2889 4328 3012 4389 ἀλλ’
3062 4332 3136 4394 ὡς
3193 4329 3414 4409 πρώτης
3441 4328 3532 4386 καὶ
3559 4327 3940 4409 ὑπερεχούσης

2282 4418 2530 4486 θεῶσεως
2560 4417 3070 4500 αποπληρουμὲνας,
3147 4419 3285 4478 κατὰ
3351 4419 3452 4484 τὴν
3506 4417 3817 4497 ὑπερτάτην
3874 4420 3946 4480 ὡς

2280 4510 2333 4568 ἐν
2394 4508 2645 4591 ἀγγέλοις
2697 4516 2806 4567 τῶν
2857 4513 3144 4589 θεουργιῶν
3195 4508 3526 4586 ἐπιστήμην
3583 4508 3646 4566 οὗ
3705 4507 3819 4588 γὰρ
3880 4504 3942 4563 δι’

548 4601 1017 4665 communicent.
1051 4600 1341 4664 Similiter
1367 4600 1650 4681 perfectae
1680 4610 1839 4675 sunt,
1873 4618 1992 4660 non
2034 4599 2198 4680 quasi

2283 4599 2461 4659 ἄλλων
2494 4601 2659 4681 ἁγίων
2708 4601 2928 4675 οὐσιῶν,
2958 4599 3097 4658 ἄλλά
3148 4600 3279 4680 πρὸς
3332 4600 3499 4667 αὑτῆς
3554 4598 3656 4666 τῆς
3687 4600 3935 4679 θεαρχίας

546 4690 864 4753 varietates
882 4691 1026 4753 istas
1045 4709 1244 4754 sacras
1266 4691 1603 4754 resolvendi
1620 4689 1871 4753 scientia
1894 4688 2015 4753 sint
2035 4689 2200 4751 illus-

550 4787 750 4862 tratae;
777 4781 885 4843 sed
918 4781 1081 4859 quod
1119 4781 1310 4862 prima
1333 4790 1392 4845 et
1418 4780 1798 4863 praecellente
1839 4780 1948 4844 Dei
1975 4780 2201 4842 unione

550 4869 869 4949 satientur,
921 4872 1091 4952 juxta
1143 4890 1485 4953 supremam
1517 4872 1679 4934 illam
1721 4871 1921 4953 (cujus
1950 4888 2202 4952 capaces

551 4968 692 5020 sunt
711 4960 1275 5039 angelildivinorum
1301 4978 1547 5041 operum
1567 4960 1943 5042 disciplinam
1964 4980 1984 5020 :
2004 4960 2197 5041 siqui-

550 5046 686 5109 dem
714 5066 832 5110 non
857 5047 932 5111 ab
953 5049 1089 5112 aliis
1109 5049 1466 5127 quibusdam
1494 5051 1713 5114 sanctis
1734 5048 2066 5133 spiritibus,
2092 5049 2197 5112 sed

549 5136 624 5201 ab
653 5137 910 5221 ipsamet
964 5139 1285 5204 Divinitate
1341 5143 1528 5206 sacris
1582 5141 1919 5215 initiantur,
1952 5141 2093 5204 dum
2122 5141 2199 5204 ad

2284 4691 2721 4771 ἱεραρχούμεναι,
2766 4691 2846 4767 τῷ
2899 4687 2985 4749 ἐπ’
3047 4693 3214 4759 αὑτῆν
3258 4690 3446 4767 ἀμέσῳ
3471 4687 3526 4732 2⁵
3556 4688 3939 4768 ἀνατείνεσθαι,

2286 4788 2353 4859 τῇ
2384 4782 2597 4863 πάντων
2626 4780 2968 4863 ὑπερεχούσῃ
3025 4779 3240 4857 δυνάμει
3303 4781 3395 4838 καὶ
3443 4777 3610 4859 τὰξει,
3662 4778 3756 4837 καὶ
3816 4780 3943 4860 πρὸς

2283 4874 2346 4929 τὸ
2374 4859 2647 4951 ποίναγνον
2674 4859 2764 4929 καὶ
2791 4859 2959 4929 ’κατὰ
3021 4869 3354 4951 παναῤῥεπές
3397 4867 3453 4913 66
3508 4866 3803 4950 ἱδρύονται,
3864 4859 3947 4927 καὶ

2283 4962 2417 5041 πρὸς
2444 4962 2545 5031 τὴν
2600 4959 2760 5023 ἄϋλον
2811 4962 2902 5020 καὶ
2951 4962 3156 5033 νοητήν
3212 4959 3552 5041 εὐπρέπειαν,
3587 4960 3664 5024 ὡς
3694 4960 3931 5036 θεμιτὸν,

2281 5054 2357 5118 εἰς
2425 5049 2648 5130 θεωρίαν
2704 5052 3089 5133 προσάγονται,
3144 5051 3236 5110 καὶ
3292 5052 3414 5116 τοὺς
3485 5051 3594 5109 τῶν
3648 5051 3941 5130 θεουργιιῖιν

2282 5141 2735 5219 ὲπιστημονικούς
2785 5140 3004 5224 λόγους,
3065 5144 3140 5208 ὣς
3197 5147 3405 5220 πρῶται
3461 5141 3553 5199 καὶ
3617 5141 3741 5221 περὶ
3818 5140 3949 5199 Θεὸν

1869 5328 2130 5397 VARUE
2171 5329 2611 5400 LECTIONES.

632 5489 692 5574 99
721 5514 806 5574 γρ.
831 5491 1166 5574 ἐκφαντορία,

551 5568 610 5652 9ςδ
640 5569 703 5633 C.
845 5568 917 5637 Ρ..
948 5568 1270 5652 ἂεικίνήτου.

553 5651 613 5700 96
642 5651 748 5715 Ch.
781 5651 850 5715 D.
884 5653 954 5717 D.
990 5662 1093 5722 πᾶν
1128 5651 1372 5743 ἆρῥεπές-

1255 5498 1304 5542 εί
1323 5499 1390 5562 D.
1414 5498 1479 5560 S.
1506 5498 1574 5559 P.
1607 5495 1717 5558 Ch.
1738 5496 1799 5553 τὸ
1829 5494 1929 5570 μὲν
1959 5492 2083 5574 γὰρ,
2104 5497 2344 5566 ἀπάσης.
2429 5496 2484 5540 93
2505 5498 2576 5561 ὡς
2597 5511 2718 5557 non
2742 5492 2924 5560 habet
2943 5496 3056 5562 Ch.
3079 5495 3145 5561 S.
3179 5497 3248 5562 P.
3278 5494 3374 5559 Sc.
3400 5494 3533 5560 Sar.
3564 5494 3843 5570 ἐοικυῖαν,
3865 5494 3942 5559 Μ.

1370 5578 1429 5629 ει
1451 5578 1481 5645 ἦ
1503 5582 1725 5655 νοερῶν.
1750 5575 1860 5639 Ch.
1887 5574 1956 5637 D.
1985 5575 2051 5640 P.
2072 5576 2173 5640 Sc.
2258 5578 2324 5631 25
2345 5580 2414 5643 ι).
2440 5579 2510 5641 Ρ.
2544 5574 2609 5642 S.
2630 5575 2869 5655 ἀμέσως,
2893 5595 3068 5660 quam
3091 5578 3408 5642 lectionem
3424 5577 3585 5641 Scot.
3613 5576 3947 5660 expressit,
