4052 6428
394 319 514 385 215

1572 317 1635 379 S.
1681 315 2031 380 DIONYSII
2077 315 2620 382 AREOPAGIT/E.

3675 311 3798 376 216

390 453 636 514 slbillter
655 451 1031 512 eﬂormantur
1046 456 1282 522 propter
1299 457 1554 508 uostrem
1572 448 2045 519 imbecillitatem,
2068 499 2073 510 .

2157 450 2270 508 ιλλὰ
2286 451 2373 508 καὶ
2398 452 2658 518 αἰσθητῶς
2677 446 2949 528 λέγονται,
2967 445 3084 506 καθ’
3107 445 3232 506 ὅσον
3258 450 3292 518 ἦ
3341 445 3482 517 ἀκοῆ
3501 447 3684 528 χωρεῖ
3697 496 3712 512 .
3730 457 3804 507 Et

389 565 601 609 verum
623 546 805 608 etiam
828 540 1198 607 sensibiliter
1215 540 1625 615 nominantur,
1643 549 1929 623 quantum
1949 562 2048 604 au-

395 637 553 699 ditus
576 637 752 716 capit.
789 633 852 698 Si
880 634 1015 712 quis
1037 640 1236 694 autem
1263 631 1442 705 dicat,
1475 631 1784 692 nominum
1813 652 2053 714 quoque

393 726 957 806 interpretationem
973 723 1044 784 ad
1060 731 1293 802 captum
1318 721 1556 784 auditus
1573 725 1756 783 nostri
1778 724 2049 801 proferri,

395 826 566 888 atque
583 816 821 885 insuper
836 813 976 886 quid
991 810 1377 870 intellectuale
1395 826 1520 869 esse
1537 828 1606 869 ac
1623 815 1730 871 ὗς)
1747 813 2055 871 sublimius

401 906 726 989 (siquidem
749 913 808 967 et
830 923 1050 966 nomen
1074 900 1672 982 intelligimus,verbi
1693 903 1882 983 gratia
1903 903 2053 967 cale-

392 1001 702 1077 facientes,
723 995 1055 1076 quinetiam
1077 993 1207 1073 ejus
1221 992 1700 1073 explicationem,
1721 993 1863 1072 quid
1881 994 2053 1072 signi-

397 1089 538 1150 ficet
564 1085 1192 1160 calefacientes,recte
1223 1083 1504 1160 scimus):
1533 1091 1590 1144 et
1619 1083 1808 1163 siquis
1839 1083 2059 1144 dixerit

397 1195 621 1240 nomen
651 1175 845 1258 ipsum
873 1173 1059 1252 magis
1091 1171 1465 1236 sensibiliter
1487 1173 1710 1253 efferri,
1736 1192 1912 1253 quam
1942 1192 2053 1234 no-

399 1267 580 1331 minis
612 1265 1165 1345 interpretationem
1193 1284 1208 1344 ;
1245 1262 1500 1342 primum
1529 1262 1772 1344 quidem
1806 1264 1952 1325 sciat
1973 1264 2059 1324 fa-

400 1360 572 1420 cilius
603 1372 825 1419 nomen
851 1354 980 1434 capi
1004 1371 1180 1434 quam
1205 1353 1338 1432 ejus
1358 1353 1849 1434 rationes,quoad
1880 1356 2057 1416 intel-

400 1448 728 1528 ligentiam,
794 1444 962 1506 verbi
1017 1443 1228 1524 gratia,
1286 1443 1518 1505 facilius
1549 1453 1639 1506 est
1673 1445 2058 1524 pronuntiare

399 1555 620 1600 nomen
651 1535 1095 1609 calefacientes,
1137 1552 1312 1611 quam
1348 1534 1561 1596 horum
1599 1535 2054 1616 explicationem

397 1628 653 1704 afferre;
707 1634 888 1708 atque
938 1625 1244 1687 hominem
1301 1624 1617 1687 nominare
1669 1626 1907 1688 facilius
1947 1635 2059 1702 est,

2133 541 2188 599 δὲ
2203 564 2232 599 τ
2247 565 2290 608 ις
2305 541 2453 620 λέγει
2467 590 2482 621 ,
2497 539 2579 597 ὅτι
2593 539 2680 597 καί
2701 541 2737 608 ἧ
2759 540 2864 597 τῶν
2887 539 3164 614 ὀνομάτων
3187 537 3800 618 ἆρμηνείαχωρητικῶς

2135 639 2202 710 τῇ
2235 632 2373 710 ἀκοῇ
2401 635 2558 707 ἡμῶν
2589 627 2828 710 λέγεται,
2887 631 2975 686 καὶ
3027 627 3217 686 λοιπὸν
3277 631 3324 686 τί
3355 627 3465 686 ἐστι
3507 631 3570 686 τὸ
3601 631 3804 697 νοητὸν

2135 725 2225 782 καί
2252 720 2592 799 ὑψηλότερον
2649 721 2766 799 (καὶ
2823 719 2922 798 γὰρ
2979 719 3313 796 γινώσκομεν
3369 721 3431 776 τὸ
3489 719 3680 796 ὄνομα,
3718 718 3807 777 ὅτι

2137 814 2505 892 θερμαίνοντες
2539 811 2729 891 τυχὸν,
2765 808 2903 866 ἀλλὰ
2959 811 3047 867 καί
3100 809 3198 879 τὴν
3246 808 3500 889 ἐξήγησιν
3530 811 3806 889 γινώσκο-

2139 926 2262 984 μεν,
2294 905 2343 959 τί
2381 901 2542 970 δηλοῖ
2571 903 2633 958 τὸ
2684 899 3105 980 τερμαίνοντες)’
3167 901 3257 957 καὶ
3309 901 3361 957 τί
3417 900 3481 956 ἅν
3537 899 3688 957 εἴποι
3720 923 3809 964 τις

2139 995 2200 1051 τὸ
2257 991 2424 1068 ὄνομα
2486 992 2749 1060 αἰσθητῶς
2783 989 3055 1072 λέγεσθαι,
3111 988 3274 1048 πλέον
3331 995 3429 1057 τῆς
3490 989 3808 1069 ἐξηγήσεως

2140 1087 2233 1140 τοῦ
2261 1084 2548 1159 ὀνόματος·
2582 1080 2912 1160 γινωσκέτω,
2943 1086 3154 1155 πρῶτον
3185 1080 3310 1157 μὲν,
3373 1079 3456 1137 ’ὃτι
3515 1079 3804 1148 εὔληπτό-

2137 1173 2291 1254 τερόν
2322 1173 2433 1230 ἐστι
2464 1174 2526 1230 τὸ
2559 1170 2752 1251 ὄνομα,
2773 1168 2899 1249 παρ’
2931 1171 2958 1226 ὅ
2991 1173 3036 1228 οἱ
3069 1171 3220 1250 λόγοι
3279 1171 3405 1228 ὃσον
3437 1172 3511 1235 εἰς
3534 1172 3812 1238 κατανόη-

2139 1282 2244 1321 σιν·
2279 1261 2446 1341 ήγουν
2477 1263 2539 1318 τὸ
2584 1261 2764 1318 εέπεϊν
2824 1260 3224 1338 θερμαίνοντας,
3290 1260 3320 1328 ἢ
3377 1262 3438 1317 τὸ
3501 1263 3673 1318 εἰπεῖν
3704 1261 3812 1330 τὴν

2141 1355 2344 1412 τούτων
2375 1352 2630 1430 ἐξήγησιν
2675 1351 2766 1408 καὶ
2815 1353 2877 1408 τὸ
2927 1353 3100 1408 εἰπεῖν
3132 1350 3426 1431 ἄνθρωπον,
3474 1354 3510 1420 ἢ
3540 1353 3601 1407 τὸ
3632 1353 3815 1408 εἰπεῖν

2139 1447 2232 1502 τὸν
2263 1445 2485 1523 ὁρισμὸν
2533 1442 2714 1501 αὒτοῧ“
2765 1441 2826 1498 τό
2872 1441 2971 1518 μὲν
3015 1442 3116 1521 γὰρ
3164 1443 3322 1522 ἐγγὺς
3353 1443 3451 1509 τῆς
3484 1443 3810 1514 αἰσθήσεως,

2143 1533 2282 1593 τὸδὲ
2313 1534 2475 1611 λόγου
2531 1534 2620 1590 καὶ
2680 1532 2972 1610 ἑρμηνείας
3030 1530 3230 1596 δεῖται,
3291 1533 3350 1591 Τί
3403 1539 3526 1611 γοῦν
3557 1530 3727 1606 ξένον,
3764 1535 3814 1589 εἰ

2146 1627 2237 1684 καί
2268 1625 2493 1681 ἐνταῦθα
2524 1624 2610 1680 καὶ
2644 1622 2736 1679 τοῦ
2788 1622 3052 1697 ὀνόματος
3107 1628 3211 1680 τῶν
3271 1624 3523 1701 οὐρανίων
3569 1623 3814 1692 αἰσθήσει

403 1736 581 1800 quam
618 1717 749 1797 ejus
778 1716 1191 1778 definitionem
1223 1715 1489 1780 tradere:
1517 1716 1663 1778 illud
1691 1723 1848 1778 enim
1883 1735 2064 1780 sensu

2157 1723 2217 1793 τῇ
2245 1717 2382 1792 ἀκοῇ
2410 1717 2827 1793 ὕποπίπτοντος,
2891 1712 3030 1770 ἀλλὰ
3081 1715 3169 1768 καὶ
3227 1713 3324 1781 τῆς
3382 1712 3676 1780 δηλώσεως
3711 1723 3810 1773 τοῦ

405 1809 675 1884 obvium,
725 1807 798 1868 ad
853 1807 966 1868 hoc
1017 1824 1156 1867 vero
1187 1808 1418 1868 ratione
1467 1826 1535 1868 ac
1573 1807 2068 1888 interpretatione

408 1917 558 1980 opus
578 1906 685 1960 est.
720 1896 872 1971 Quid
897 1897 1074 1978 igitur
1106 1915 1345 1973 novum,
1369 1896 1418 1958 si
1447 1898 1628 1960 etiam
1653 1897 1771 1969 hic,
1810 1908 1926 1960 tam
1955 1917 2066 1959 no—

409 1989 571 2052 mine
593 2006 793 2050 rerum
825 1987 1160 2050 caelestium
1187 2006 1366 2068 quam
1389 1987 1651 2048 nominis
1670 1988 1977 2069 explicatio
1996 2007 2068 2049 ne

409 2079 520 2141 sub
554 2097 794 2141 sensum
829 2078 1068 2140 auditus
1092 2079 1368 2152 cadente,
1391 2078 1783 2140 nihilominus
1812 2079 2067 2140 dicimus

407 2189 518 2233 nos
538 2168 725 2249 magis
745 2167 1116 2231 sensibiliter
1139 2169 1556 2230 demonstrare
1578 2167 1799 2248 aliquid
1827 2186 1934 2249 per
1955 2187 2068 2230 no-

410 2279 550 2323 men
583 2279 756 2342 quam
785 2278 894 2340 per
921 2259 1186 2320 nominis
1209 2257 1706 2338 explicationem?
1736 2261 1934 2339 Atque
1959 2259 2071 2320 hoc

411 2350 654 2431 quidem
684 2350 964 2431 primum.
987 2347 1330 2411 Secundum
1355 2365 1522 2422 vero,
1546 2349 1700 2428 quod
1728 2349 1924 2410 denuo
1952 2368 2070 2410 non

412 2449 641 2504 tantum
662 2439 1149 2522 interpretationi
1173 2439 1589 2517 immoramur,
1617 2439 1784 2521 quasi
1807 2440 1955 2501 nihil
1978 2459 2075 2500 su-

412 2531 680 2612 blimius,
706 2532 865 2612 quod
889 2530 1247 2611 cogitemus,
1272 2529 1632 2606 habeamus;
1654 2548 1857 2592 verum
1891 2529 2070 2592 etiam

416 2621 610 2703 ipsam
650 2632 945 2702 praeterea
975 2620 1532 2702 interpretationem
1559 2628 1758 2682 mente
1789 2621 2070 2682 recondi-

419 2730 578 2792 mus,
599 2719 655 2774 et
679 2711 821 2773 dum
846 2709 1128 2772 audimus
1158 2712 1453 2772 nominari
1484 2710 2072 2788 calefacientcs,efli-

417 2803 619 2865 ciendi
641 2809 700 2864 et
721 2801 1102 2864 illuminandi
1123 2800 1490 2882 facultatem,
1508 2820 1684 2882 quam
1713 2807 1916 2864 mente
1938 2820 2076 2863 con-

419 2893 702 2975 cipimus,
750 2893 1242 2972 interpretamur,
1279 2893 1588 2973 ipsamque
1617 2893 1734 2953 vim
1769 2891 2077 2954 efficiendi

423 2992 602 3064 atque
633 2981 1011 3043 illuminandi
1043 2981 1240 3043 denuo
1264 2981 1338 3045 ad
1365 2981 1780 3045 sublimiorem
1815 2991 2079 3044 contem-

2151 1805 2412 1882 ὀνόματος
2443 1803 2847 1870 ὑποπιπτοόσης
2906 1809 2974 1880 τῇ
3036 1805 3197 1882 ἀκοῇ,
3230 1803 3379 1877 ὅμως
3435 1801 3686 1880 λέγομεν,
3726 1801 3810 1859 ὅτι

2151 1895 2609 1974 αἰσθητικωτέρως
2683 1892 2947 1970 δηλοῦμεν
3007 1900 3083 1969 τῷ
3141 1895 3389 1969 ὀνόματι,
3450 1893 3578 1968 παρ’
3638 1893 3666 1948 ὅ
3739 1897 3811 1961 τῆ

2151 1995 2245 2045 τοῦ
2275 1987 2534 2061 ὀνόματος
2567 1984 2818 2063 ἐξηγήσει
2847 2005 2864 2057 ;
2928 1985 3032 2047 Καὶ
3085 1986 3295 2064 πρῶτον
3329 1985 3426 2060 μὲν
3469 1993 3646 2043 τοῦτο’
3683 1981 3813 2040 δεύ-

2151 2099 2303 2151 τερον
2335 2076 2417 2150 δὲ,
2451 2074 2536 2132 ὅτι
2580 2073 2696 2134 οὐδὲ
2746 2074 2908 2131 πάλιν
2956 2076 3114 2132 τόσον
3163 2079 3229 2150 τῇ
3281 2073 3532 2154 ἐξηγήσει
3566 2074 3815 2150 ἐμμένο-

2155 2189 2276 2247 μεν,
2321 2169 2394 2233 ὡς
2428 2168 2506 2242 μὴ
2540 2167 2690 2246 ἔχειν
2735 2178 2884 2224 νοεῖν
2939 2187 2990 2222 τι
3049 2164 3405 2245 ὑψηλότερον,
3439 2163 3576 2222 ἀλλὰ
3605 2167 3696 2221 καὶ
3735 2163 3815 2220 ἔτι

2153 2266 2230 2333 τῷ
2260 2263 2348 2316 νοῒ
2400 2258 2834 2336 παραπέμπομεν
2867 2257 2966 2325 τὴν
3002 2254 3284 2334 ἐξηγήσιν,
3347 2256 3434 2312 καὶ
3490 2255 3816 2334 θερμαίνον-

2153 2370 2247 2414 τας
2280 2349 2587 2422 ἀκούοντες,
2622 2349 2684 2404 τὸ
2719 2345 2998 2426 δραστικὸν
3048 2368 3107 2403 τε
3153 2347 3242 2403 καὶ
3281 2347 3536 2426 φωτεινὸν
3567 2346 3818 2402 ἐννοοῦν-

2154 2461 2241 2502 τες
2274 2437 2624 2516 ἐξηγούμεθα,
2670 2439 2800 2494 αὐτὸ
2867 2435 2922 2493 δὲ
2979 2435 3141 2494 πάλιν
3197 2437 3260 2492 τὸ
3327 2434 3606 2516 δραστικόν
3637 2457 3695 2490 τε
3725 2435 3818 2492 καί

2158 2530 2412 2610 φωτεινὸν
2465 2531 2538 2593 εἰς
2597 2525 2935 2606 ὑψηλοτέραν
3008 2527 3273 2606 ἀνάγομεν
3330 2528 3572 2604 θεωρίαν,
3667 2527 3817 2584 Ὀθεν

2157 2620 2336 2682 καλῶς
2369 2615 2650 2694 ἐλέγομεν,
2714 2614 2793 2673 ὅτι
2852 2616 2930 2691 μὴ
2961 2616 3125 2692 μόνον
3160 2617 3424 2683 αἰσθητῶς
3455 2621 3805 2695 μοροροῦνται,

2158 2707 2297 2764 ἀλλὰ
2324 2708 2414 2764 καὶ
2456 2707 2717 2772 αἰσθητῶς
2749 2703 3020 2784 λέγονται.
3071 2705 3168 2763 Καὶ
3229 2708 3262 2772 ἡ
3325 2706 3423 2780 μὲν
3454 2706 3578 2783 ἁγία
3608 2705 3814 2778 ὀνομα-

2160 2798 2246 2854 σία
2294 2803 2401 2853 τῶν
2459 2797 2712 2876 σεραφίμ,
2767 2799 2840 2859 ὡς
2884 2798 2918 2864 ἡ
2963 2794 3178 2871 γλῶττα
3231 2802 3337 2853 τῶν
3399 2785 3653 2873 Ἐϐραίων
3685 2795 3823 2871 βού-

2160 2887 2336 2968 λεται,
2368 2885 2406 2954 τί
2435 2888 2496 2944 τὸ
2541 2885 2858 2966 ἐμπρηστὰς
2892 2885 3075 2962 δηλοῖ,
3134 2886 3168 2954 ἢ
3230 2887 3290 2942 τὸ
3349 2886 3754 2965 θερμαίνοντας,
3788 2885 3827 2940 ἅ

2162 2978 2225 3046 δὴ
2257 2985 2421 3035 ταῦτα
2451 2977 2514 3034 τὰ
2547 2977 2806 3054 ὀνόματα,
2881 2978 2969 3033 καὶ
3039 2975 3206 3033 ταύτά
3277 2976 3402 3053 εἰσι,
3474 2975 3561 3031 καί
3633 2974 3821 3052 ἕτερα,

425 3073 752 3156 plationem
766 3071 1138 3137 adducimus.
1159 3072 1537 3154 QuaprOpter
1557 3082 1718 3135 recte
1732 3071 2073 3134 dicebamus

2165 3068 2340 3128 Ταῦτὰ
2372 3067 2494 3146 μὲν,
2553 3065 2633 3122 ὅτι
2695 3067 2967 3147 ἀμφότερα
3025 3066 3087 3123 ἐκ
3145 3065 3306 3143 πυρός
3364 3067 3488 3138 εἰσι,
3533 3066 3595 3120 τὸ
3623 3087 3683 3120 τε
3716 3064 3825 3138 ἐμ-

427 3163 586 3245 quod
617 3179 740 3224 non
788 3161 979 3224 solum
1031 3163 1399 3226 sensibiliter
1430 3164 1840 3239 eﬂ‘ormeutur,
1875 3181 2079 3224 verum

428 3252 606 3314 etiam
641 3250 1007 3315 sensibiliter
1039 3254 1383 3316 efferantur.
1419 3253 1504 3314 Ac
1536 3260 1806 3314 sanctum
1841 3254 2080 3335 quidem

427 3362 651 3407 nomen
682 3343 1011 3425 seraphim,
1048 3353 1113 3406 ut
1141 3343 1348 3425 lingua
1389 3343 1505 3405 fert
1547 3342 1958 3419 Hebraeorum,
1992 3346 2082 3406 vel

422 3435 773 3498 incensores
803 3436 1118 3514 signiﬁcat,
1139 3434 1231 3496 vel
1255 3433 1696 3515 calcfacientes,
1723 3453 1855 3516 quae
1877 3442 2084 3515 utique

426 3523 674 3586 nomina
703 3530 765 3586 et
793 3525 1005 3588 eadem
1034 3533 1172 3587 sunt
1201 3531 1258 3586 et
1279 3524 1544 3588 diversa:
1571 3525 1781 3588 eadem
1814 3527 2078 3604 quidem,

425 3614 707 3696 quoniam
740 3622 993 3696 utraque
1041 3613 1115 3676 ab
1168 3614 1306 3692 igne
1351 3614 1690 3696 desumpta,
1724 3614 1956 3677 scilicet
1984 3616 2082 3676 in-

427 3704 710 3782 cendere,
729 3712 788 3766 et
815 3704 983 3784 quasi
1015 3711 1206 3766 totum
1239 3704 1598 3768 comburere
1632 3705 1769 3785 (hoc
1802 3706 1960 3766 enim
1985 3705 2086 3766 de-

424 3795 608 3857 clarat
636 3793 884 3856 verbum
939 3792 1183 3875 ἐμπερῶ,
1231 3793 1291 3856 id
1343 3804 1433 3856 est
1485 3803 1759 3876 penetro,
1805 3795 2082 3874 incendo,

424 3883 597 3963 quasi
617 3892 804 3946 totum
831 3883 1258 3964 pervadcuslet
1283 3883 1638 3946 calefacere.
1661 3883 1918 3946 Rursum
1945 3904 2085 3946 vero

428 3975 667 4036 diversa
683 3981 844 4046 sunt,
871 3976 1154 4054 quoniam
1175 3973 1331 4035 aliud
1357 3981 1468 4055 est,
1493 3981 1674 4036 totum
1700 3973 2081 4050 comburere,

425 4073 485 4126 et
507 4063 666 4126 aliud
686 4071 910 4124 tantum
933 4063 1286 4127 calefacere.
1303 4063 1532 4126 Nomen
1553 4071 1747 4126 autem
1771 4064 2082 4126 cherubim

424 4153 724 4234 signiﬁcat
757 4153 1216 4217 multitudinem
1249 4156 1623 4234 coynilionis
1655 4155 1747 4218 vel
1783 4157 2086 4235 fusionem

423 4245 782 4326 sapientiae;
807 4244 964 4323 quod
993 4244 1275 4306 nimirum
1305 4245 1486 4306 multa
1511 4246 2085 4326 cognoscant,idque

2167 3161 2410 3238 πρήθειν,
2447 3159 2604 3215 οἱονεὶ
2635 3156 2956 3214 ὀλοκαυτοῧν
3017 3155 3191 3237 (τοῦτο
3222 3155 3322 3235 γᾶρ
3375 3153 3556 3230 δηλοῖ,
3591 3155 3699 3212 ἀπὸ
3728 3162 3828 3212 τοῦ

2168 3251 2404 3328 ἐμπερῶ,
2444 3249 2599 3305 οἰονεί
2628 3249 2689 3303 τὸ
2718 3245 2896 3304 διόλου
2943 3245 3344 3326 διερχόμενον),
3391 3246 3477 3303 καὶ
3506 3247 3567 3302 τὸ
3597 3247 3831 3324 θερμαί-

2169 3363 2300 3402 νειν.
2337 3331 2550 3416 ’Ἕτερα
2581 3337 2635 3394 δέ
2665 3337 2826 3395 πάλιν
2857 3338 3006 3418 εἰσὶν,
3043 3337 3123 3393 ὅτι
3155 3335 3286 3394 ἄλλο
3319 3335 3482 3403 δηλοῖ
3509 3338 3570 3392 τὸ
3595 3335 3663 3392 δι’
3694 3334 3828 3392 ὅλου

2170 3433 2360 3506 καίειν,
2390 3431 2478 3487 καὶ
2510 3428 2642 3486 ἄλλο
2672 3429 2732 3485 τὸ
2775 3428 2937 3504 μόνον
2969 3427 3290 3508 θερμαίνειν.
3357 3417 3422 3483 Ἠ
3467 3423 3523 3482 δὲ
3560 3426 3829 3501 ὀνομασία

2167 3530 2272 3580 τῶν
2302 3518 2563 3600 χερουϐὶμ
2595 3517 2794 3587 πλῆθος
2846 3516 3005 3585 δηλοῖ
3033 3517 3310 3596 γνώσεως,
3343 3516 3381 3594 ᾗ
3414 3518 3574 3596 χύσιν
3605 3517 3826 3592 σοφίας,

2168 3609 2397 3670 τοῦτοδὲ
2428 3609 2594 3685 ἐστιν,
2626 3609 2707 3664 ὃτι
2736 3609 2822 3665 καὶ
2845 3606 3020 3664 πολλὰ
3049 3608 3392 3686 γινώσκουσι,
3418 3608 3507 3662 καὶ
3531 3606 3711 3686 σοφῶς
3735 3608 3831 3664 καὶ

2169 3703 2439 3781 ἀραρότως
2469 3706 2637 3757 ταῦτα
2678 3698 3054 3778 γινώσκουσιν,
3103 3699 3197 3756 οὒκ
3240 3695 3593 3759 ἐπιπολαίως’
3631 3697 3720 3753 καὶ
3751 3699 3830 3762 ὣς

2169 3792 2231 3851 ἄν
2263 3814 2344 3856 τις
2376 3790 2526 3848 εἴποι
2558 3787 2937 3848 διαπιστοῦντα
2967 3788 3097 3845 αὐτὰ
3128 3787 3368 3852 ἑαυτοῦς.
3401 3786 3637 3852 Εἰκότως
3667 3785 3763 3844 οὖν
3793 3786 3833 3854 ἦ

2169 3885 2356 3960 πρώτη
2388 3888 2494 3939 τῶν
2549 3878 2960 3955 διαλοσμήσεων
3015 3877 3077 3935 ἐκ
3133 3884 3239 3935 τῶν
3295 3877 3600 3956 ὕπερτάτων
3632 3880 3835 3936 οὗσιῶν

2167 3977 2321 4053 ἱερῶς
2352 3972 2673 4052 ἐνεργεῖται,
2725 3969 2908 4048 (τοῦτο
2969 3969 3070 4048 γὰρ
3129 3967 3240 4025 ἐστι
3299 3970 3360 4025 τὸ
3415 3967 3829 4048 ἰερουργεϊται·)

2167 4063 2312 4130 τάξιν
2357 4063 2458 4142 γὰρ
2511 4061 2698 4141 ἔχουσι
2733 4065 2839 4118 τῶν
2898 4065 3087 4115 πασῶν
3142 4056 3503 4137 ὑψηλοτέραν,
3563 4067 3658 4117 τοῦ
3705 4060 3833 4131 περὶ

2169 4154 2299 4211 Θεὸν
2328 4151 2545 4228 ἆμέσως
2576 4147 2804 4230 ἱδρῦσθαι
2866 4147 2948 4230 (οὔ
3007 4150 3108 4228 γὰρ
3165 4148 3278 4206 ἐστι
3335 4150 3437 4227 πρὸ
3469 4152 3636 4214 αὖτῆς
3671 4149 3832 4226 ἕτερα

2166 4242 2465 4319 τάξις,)καί
2496 4242 2905 4316 άμετακινήτω;
2935 4238 3106 4313 εἶναι,
3138 4240 3386 4296 κάκεῖθεν
3421 4241 3494 4303 εἰς
3527 4238 3692 4304 αὐτὴν
3724 4238 3828 4316 ἆρ-

427 4336 758 4416 sapienter;
785 4344 844 4396 et
865 4342 1229 4414 constanter,
1249 4345 1305 4398 et
1333 4356 1449 4398 non
1474 4336 1664 4398 solum
1691 4337 2073 4418 superliciali-

2166 4332 2484 4414 χικωτὲρως
2541 4333 2617 4396 ὡς
2675 4329 2950 4410 ἐγγυτάτω
2975 4327 3423 4406 μεταϐιϐάζεσθαι
3470 4329 3569 4397 τὴν
3599 4331 3836 4385 τελείω-

427 4431 545 4505 ter,
572 4443 639 4487 ac
665 4424 716 4486 si
738 4427 872 4505 quis
901 4425 1054 4488 dicat
1078 4444 1209 4508 qua:
1233 4428 1582 4488 conﬁrmata
1609 4435 1745 4488 sunt
1768 4417 1829 4488 in
1857 4434 2073 4488 semet-

2170 4447 2276 4488 σιν,
2311 4422 2688 4502 Πρωτουργοὺς
2744 4419 2798 4476 δὲ
2852 4419 2996 4500 λέγει
3059 4421 3390 4500 θεοφανείας,
3452 4419 3531 4476 ὅτι
3591 4420 3662 4482 εἰς
3725 4423 3832 4478 αὒ-

427 4513 599 4596 ipsis.
633 4515 846 4578 Merito
892 4516 1068 4595 igitur
1101 4518 1290 4598 prima
1339 4517 1642 4580 distinctio
1676 4516 1749 4579 ab
1782 4516 2073 4579 excellen-

2168 4515 2290 4578 τοὺς
2360 4512 2602 4592 πρώτους
2676 4511 2986 4591 ἐργάζονται
3068 4509 3436 4598 ἐνεργούμεναι
3507 4509 3557 4564 αἰ
3625 4511 3836 4588 θεοφό-

427 4605 676 4667 tissimis
695 4607 975 4668 essentiis
996 4597 1196 4670 sancte
1220 4609 1621 4682 efficiturlhoc
1640 4609 1796 4669 enim
1822 4608 2073 4669 insinuat

2169 4620 2327 4662 νειαι·
2377 4600 2778 4677 ἐπιδράττονται
2843 4602 2943 4679 γὰρ
3000 4601 3098 4670 τῆς
3159 4600 3300 4664 θείας
3360 4597 3709 4673 ἐλλάμψεως,
3743 4601 3839 4653 καὶ

424 4694 576 4757 illud
602 4696 1057 4777 sanctiﬁcatur),
1085 4699 1363 4778 quoniam
1393 4698 1665 4760 ordinem
1699 4698 1923 4761 habent
1951 4716 2073 4758 om-

2169 4697 2488 4774 σοφίζονται·
2525 4691 2727 4749 ἐκεῖθέν
2760 4691 2901 4748 ἐστιν
2934 4695 3119 4754 αὐτοῖς
3171 4691 3257 4746 καί
3312 4689 3374 4746 τὸ
3433 4687 3832 4763 ἐλλάμπεσθαι,

424 4783 606 4847 nibus
637 4787 1035 4866 superiorem,
1074 4796 1140 4848 ut
1170 4789 1266 4867 qui
1291 4787 1461 4866 juxta
1507 4786 1696 4850 Deum
1737 4787 2085 4850 immediate

427 4875 758 4939 collocatur
794 4877 953 4955 (nam
986 4884 1126 4938 ante
1157 4877 1317 4939 hunc
1372 4877 1572 4940 nullus
1601 4878 1754 4940 alius
1789 4878 1940 4940 ordo
1970 4877 2080 4958 est)

428 4975 490 5029 et
517 4964 904 5028 immobiliter
938 4979 1162 5042 manet,
1213 4965 1372 5028 unde
1418 4970 1595 5029 etiam
1630 4966 1689 5028 in
1722 4966 1918 5046 ipsum
1952 4975 2084 5028 tan-

427 5073 604 5136 quam
627 5055 1085 5138 vicinissimum,
1101 5056 1376 5137 primitus
1396 5057 1648 5120 initiatio
1671 5076 1775 5119 seu
1802 5057 2086 5139 perfectio

428 5150 754 5214 derivatur.
782 5150 1180 5231 Primigeniae
1200 5161 1398 5213 autem
1422 5153 1829 5233 apparitiones
1848 5151 1958 5214 Dei
1981 5169 2087 5212 v0—

427 5247 545 5318 cat,
593 5240 755 5322 quod
799 5239 863 5302 in
907 5241 996 5302 eis
1027 5239 1283 5322 primum
1311 5243 1403 5303 60
1429 5242 1736 5324 operando
1767 5241 1884 5303 vim
1919 5259 2090 5304 suam

430 5339 718 5394 exerant:
781 5331 1300 5412 comprehendunt
1335 5333 1494 5394 enim
1531 5332 1789 5394 divinam
1821 5333 2089 5396 illustra-

428 5421 682 5502 tionem,
720 5429 780 5484 et
819 5421 1068 5484 evadunt
1105 5423 1446 5504 sapientes;
1481 5421 1744 5503 indeque
1775 5424 1920 5504 ipsis
1951 5422 2090 5484 illu-

427 5511 640 5572 stratio
679 5522 769 5574 est
799 5521 976 5594 atque
1005 5513 1292 5594 cognitio.
1315 5513 1471 5574 Hinc
1498 5511 1673 5573 etiam
1707 5532 1809 5575 sex
1840 5513 1966 5574 alas
1990 5513 2093 5575 ha-

428 5597 572 5663 bere
604 5601 1019 5682 perhibentur,
1055 5603 1212 5684 quod
1238 5603 1408 5665 valde
1442 5605 1685 5666 elevatae
1714 5604 1836 5666 sint
1863 5625 1875 5668 :
1910 5621 2091 5665 sena—

428 5687 554 5753 rius
574 5692 734 5758 enim
758 5711 1041 5758 numerus
1059 5695 1366 5777 perfectus
1391 5702 1508 5770 est,
1531 5694 1689 5776 quod
1715 5702 1945 5758 constet
1968 5693 2093 5756 suis

2169 4785 2258 4840 καὶ
2328 4784 2388 4840 τὸ
2555 4781 2567 4803 ’
2833 4779 2851 4810 ¹
3680 4777 3736 4820 ὀ

2446 4802 2750 4862 γινώσκειν.
2860 4784 2990 4840 Οθεν
3049 4781 3278 4838 κάκεῖνα
3347 4777 3444 4853 μέν
3501 4776 3835 4855 ὲξαπτερδγα

2169 4874 2440 4953 λέγονται,
2517 4873 2590 4936 ὡς
2665 4873 2802 4930 κατὰ
2873 4870 3011 4929 πολὺ
3081 4870 3444 4950 ὑπερηρμένα⁹
3493 4865 3548 4934 ’ἐξ
3597 4868 3702 4946 γὰρ
3733 4867 3833 4924 τέ-

2169 4962 2314 5030 λειος
2371 4962 2592 5042 ἀριθμός
2648 4961 2818 5045 ἐστιν,
2877 4960 2959 5019 ὅτι
3025 4959 3298 5040 σύγκειται
3368 4959 3429 5015 ἐκ
3483 4963 3590 5014 τῶν
3648 4961 3830 5036 μερῶν

2171 5055 2352 5130 αὐτοῦ,
2385 5054 2518 5133 ἅπερ
2577 5050 2686 5110 είσὶ
2743 5054 2806 5110 τὸ
2863 5051 3058 5132 ἥμισυ,
3118 5049 3283 5129 ᾕγουν
3341 5050 3408 5106 τὰ
3439 5049 3578 5126 τρία⁶
3613 5048 3676 5104 τὸ
3710 5047 3833 5126 τρί-

2173 5168 2288 5218 τον,
2325 5142 2488 5224 ἤγουν
2547 5144 2613 5201 τὰ
2669 5141 2782 5202 δύο*
2843 5145 2932 5202 καὶ
2985 5144 3048 5200 τὸ
3104 5139 3282 5218 ἕκτον,
3315 5138 3481 5219 ἤγουν
3506 5139 3569 5195 τὸ
3599 5137 3677 5195 ἓν·
3714 5138 3838 5211 τρία

2173 5235 2229 5294 δὲ
2271 5239 2358 5295 καὶ
2387 5235 2476 5293 δύο
2505 5238 2593 5294 καί
2651 5235 2708 5292 ἓν
2767 5235 2929 5294 πάλιν
2973 5233 3047 5301 ἕξ.
3095 5235 3172 5294 Τὰ
3202 5232 3258 5289 δὲ
3289 5229 3551 5313 χερουϐἰμ
3579 5227 3840 5305 πολυόμ-

2174 5350 2341 5408 ματα,
2397 5328 2470 5391 ὡς
2523 5324 2726 5394 πλῆθος
2781 5325 3031 5406 γνώσεως
3078 5325 3308 5404 ἔχοντα.
3341 5323 3417 5381 Τὰ
3454 5327 3580 5400 γοῦν
3608 5327 3840 5378 τοιαῦτα

2173 5419 2408 5496 ὀνόματα
2440 5417 2815 5498 ὀνομάζονται,
2875 5418 3014 5474 κατὰ
3070 5415 3412 5495 ἐκφαντορίαν
3474 5413 3561 5468 καὶ
3591 5408 3836 5480 δήλωσιν

2173 5517 2278 5567 τῶν
2331 5507 2490 5574 ἕξεων
2533 5506 2729 5582 αὐτων,
2787 5506 2815 5562 ὅ
2872 5507 2982 5564 ἐστι
3042 5509 3148 5563 τῶν
3207 5505 3461 5581 ἐμμόνων
3519 5499 3831 5563 διαθέσεων,

2175 5602 2237 5657 Αἰ
2284 5599 2382 5676 γὰρ
2425 5599 2567 5652 θεῖαι
2625 5594 2870 5663 δυνάμεις
2931 5594 3048 5653 καθ’
3102 5594 3205 5661 ἕξιν
3263 5594 3451 5675 ἔχουσι
3483 5595 3544 5650 τὸ
3573 5587 3832 5671 θεοειδὲς,

2173 5690 2276 5759 ἕξις
2308 5686 2363 5744 δὲ
2394 5687 2506 5744 ἐστι
2537 5686 2758 5758 ποιότης
2821 5687 3075 5767 ἕμμονος·
3135 5689 3170 5758 ἡ
3230 5683 3286 5742 δὲ
3343 5684 3565 5754 τοιαύτη
3591 5680 3697 5749 ἕξις
3731 5685 3835 5742 οὒ-
