4052 6432
207 335 325 400 217

619 336 719 398 DE
768 331 1119 399 CCELESTI
1165 331 1675 413 HIERABCHIA,
1714 331 1879 396 CAP.
1937 332 2072 397 VII.
2118 362 2197 374 —
2237 328 2621 393 PARAPHR.
2684 327 3197 390 PACHYMERE.

3486 327 3603 395 218

199 469 447 547 σιωμένη
507 467 618 527 leni
660 469 798 527 κατὰ
827 470 968 527 θείαν
1012 468 1196 549 χάριν,
1242 470 1302 528 οὔ
1333 467 1442 544 μήν
1464 468 1537 533 ὡς
1582 467 1862 544 συμϐεϐη-

1972 465 2236 548 lartibns,
2273 484 2404 548 quae
2432 473 2592 543 sunt,
2638 462 2977 542 dimidium,
3029 483 3246 548 nempe
3277 465 3434 550 tria;
3469 472 3599 532 ter-

196 564 289 626 κὸς
323 563 378 619 ὶὺ
427 560 787 640 ὑποκειμένῳ,
848 558 933 618 διὰ
1016 562 1076 616 τὸ
1106 557 1262 616 ἄυλον
1307 561 1478 618 αὐτῶν
1526 560 1611 616 καὶ
1637 559 1867 636 ἀσώμα-

1972 558 2124 638 ium,
2155 575 2373 637 nempe
2404 556 2522 619 duo
2558 574 2574 632 ;
2610 563 2670 618 et
2698 563 2955 630 sextum,
2992 574 3208 637 nempe
3237 577 3419 621 unum
3450 580 3463 621 :
3491 560 3606 623 tria

195 675 288 709 τον
324 672 343 691 ο
378 651 587 708 ἐκεῖθεν
619 652 720 729 γὰρ
750 648 1087 719 ἀπελήλαται
1131 651 1218 706 καὶ
1260 655 1405 707 πᾶσα
1462 650 1699 714 σύνθεσις
1756 651 1868 707 ὑλι-

1953 656 2176 730 autem,
2216 657 2273 709 et
2303 648 2444 722 duo,
2475 656 2739 709 et'unum
2772 665 3145 727 rursum,sex
3177 657 3337 710 sunt.
3370 649 3606 713 Cheru-
3646 692 3657 730 ί

193 744 293 817 κὴ,
344 743 440 798 καὶ
470 742 533 797 τὸ
694 718 845 807 ’ὕλης
874 718 1035 797 πάλιν
1064 738 1297 818 ἄμορφον
1342 739 1543 796 ἐκεῖθεν
1570 740 1862 818 ἱξώρισταὶ.

1972 740 2075 801 )im
2107 718 2300 800 autem
2336 738 2555 800 multos
2586 738 2811 809 oculos,
2852 718 3128 817 tanquam
3157 739 3594 803 multitudinem

192 832 328 891 Οὔτε
404 838 532 910 γοῦδ
576 830 843 902 δυνάμετα
904 830 1102 909 λέγειν,
1164 829 1244 885 ὅτι
1301 831 1523 908 πρώτως
1586 833 1735 887 οὖσαι
1809 831 1865 887 ἐν

1972 827 2576 908 :ugnitionis,habent.
2614 827 2993 908 Ejuscemodi
3026 828 3223 908 itaque
3257 830 3602 892 nominibus

190 923 354 997 ἑτέρᾳ
409 921 516 977 τινὶ
585 920 907 977 καταστάσει
941 966 957 994 ,
1008 918 1221 998 ὕστερον
1292 917 1683 998 προσελάϐοντο
1769 922 1862 986 τὰς

1972 919 2687 999 ippellantur,secundum
2736 917 3277 980 manifestationem
3311 936 3378 983 ac
3408 920 3612 983 decla-

189 1013 453 1074 τοιαύτας
504 1011 696 1088 ἀρετὰς
733 1058 749 1089 ,
785 1016 956 1088 (τοῦτο
1011 1009 1107 1087 γὰρ
1164 1015 1269 1067 τῶν
1318 1008 1576 1066 συνθέτων

1640 1009 1683 1089 ·)
1746 1011 1862 1067 οὔτε
1946 1009 2169 1070 tionem
2197 1009 2506 1071 habituum
2541 1027 2811 1087 suorum,
2850 1007 2906 1068 id
2938 1016 3026 1069 est
3044 1008 3361 1070 affectuum
3394 1010 3610 1072 imma~

192 1102 515 1181 ἀμόρφωτοι
553 1100 673 1157 ὗλαι
704 1100 878 1171 οὖσαι,
928 1098 1144 1177 ὕστερον
1198 1096 1606 1169 εἰδοποιήθησαν
1654 1100 1708 1156 ἐν
1736 1103 1861 1165 ταῖς

1972 1099 2244 1161 ientium.
2281 1098 2424 1162 Nam
2450 1099 2703 1160 virtutes
2733 1098 2952 1160 divinae
2975 1098 3307 1160 secundum
3340 1099 3609 1161 habitum

192 1193 476 1256 τοιαὺταις
508 1191 727 1270 ἀρεταῖς
764 1207 778 1221 ⁸
847 1188 966 1246 ἀλλ’
1025 1190 1076 1254 ἐξ
1130 1191 1379 1270 ὑπαρχῆς
1410 1190 1547 1247 οὕτω
1602 1191 1713 1263 θείᾳ
1745 1190 1882 1248 ἐκτί-

196 1286 407 1349 σθησαν
466 1283 680 1362 χάριτι.
736 1288 899 1340 Τοῦτο
944 1279 998 1336 δὲ
1056 1278 1219 1347 δῆλον
1249 1280 1381 1337 ἕκτε
1428 1284 1585 1340 αὖτοῦ
1609 1289 1702 1338 τοῦ
1732 1283 1883 1361 ἁγίου

201 1378 511 1446 Διονυσίου,
574 1373 828 1451 λέγοντος
870 1373 1000 1449 πρὸς
1058 1379 1135 1446 τῷ
1188 1371 1329 1430 τέλει
1378 1380 1470 1428 τοῦ
1502 1374 1754 1451 τετάρτου
1785 1395 1883 1429 κε-

196 1464 433 1543 φαλαίου
506 1469 604 1531 τῆς
671 1461 1159 1531 Ἐκκλησιαστικῆς
1230 1464 1508 1542 ἱεραρχίας
1540 1509 1558 1539 ,
1613 1463 1883 1528 οὖσιώδεις

197 1557 347 1612 εἶναι
396 1556 497 1619 τὰς
540 1554 790 1616 τοιαύτας
840 1552 995 1618 ἕξεις.
1052 1555 1139 1609 καὶ
1195 1556 1257 1610 ὲκ
1312 1561 1429 1629 τοῦ,
1476 1555 1568 1609 τὸν
1626 1557 1880 1625 πεσόντα,

196 1644 555 1703 ἀποϐαλόντα
609 1645 704 1707 τὰς
760 1644 949 1721 ἀρετὰς
1000 1646 1338 1723 μεταχθῆναι
1399 1646 1473 1708 εἰς
1536 1643 1776 1718 ἀλλοίαν,
1811 1648 1885 1709 ὡς

1961 1190 2188 1251 habent
2214 1188 2699 1263 deiformitatem,
2737 1188 2976 1251 habitus
2996 1198 3197 1251 autem
3243 1198 3333 1253 est
3362 1192 3616 1271 qualitas

1962 1279 2299 1341 immanens
2345 1300 2358 1343 :
2396 1277 2764 1358 ejuscemodi
2787 1288 2983 1340 autem
3017 1278 3251 1342 habitus
3295 1282 3617 1343 essentiam

1968 1387 2133 1432 suam
2155 1368 2330 1432 habet
2348 1370 2676 1431 secundum
2692 1369 2937 1448 gratiam
2972 1368 3384 1445 divinam,non
3413 1382 3619 1432 autem

1969 1468 2058 1523 est
2079 1461 2506 1523 utaccidensin
2532 1461 3085 1541 subjecto,propter
3109 1480 3316 1523 eorum
3342 1461 3621 1524 immate-

1969 1551 2283 1613 rialitatem
2332 1560 2391 1613 et
2445 1552 2994 1632 incorporeitatem,
3053 1552 3196 1614 inde
3227 1552 3386 1613 enim
3432 1551 3631 1614 omnis

1976 1652 2095 1703 tam
2132 1643 2485 1721 compositio
2519 1642 3049 1723 materialis,quam
3076 1641 3413 1703 informitas
3447 1650 3634 1705 mate-

206 1736 270 1792 av
303 1760 395 1801 τις
430 1736 582 1793 εἴποι
614 1783 630 1809 ,
695 1736 1018 1791 κατάστασιν
1093 1735 1324 1813 φύσεως,
1379 1737 1658 1806 σκοτεινήν
1712 1758 1769 1793 τε
1798 1747 1883 1795 καί

1972 1732 2098 1808 riae,
2136 1732 2385 1795 exsulat.
2422 1732 2823 1804 Quamobrem
2875 1733 3079 1794 dicere
3132 1752 3247 1793 non
3284 1750 3628 1813 possumus,

198 1827 495 1907 φθονερὰν,
558 1827 648 1882 καὶ
722 1824 915 1887 κακίας
989 1823 1200 1903 πλήρη,
1285 1826 1370 1881 καὶ
1434 1827 1673 1883 ἒναντίαν
1751 1828 1887 1883 κατὰ

201 1918 389 1974 πάντα
418 1923 492 1992 τῇ
549 1916 661 1987 θείᾳ
719 1916 807 1971 καὶ
864 1913 1127 1993 ἀγγελικῇ
1186 1913 1440 1988 πολιτείᾳ
1492 1917 1753 1984 ’τοιαύτη
1786 1918 1884 1996 γὰρ

197 2011 231 2076 ἡ
283 2014 398 2063 τῶν
454 2004 703 2085 ἀγγέλων
752 2002 856 2071 ἕξις
901 2002 1187 2075 οὖσιώδης,
1235 2007 1330 2061 οἳα
1401 2008 1488 2063 καὶ
1518 2008 1551 2075 ἡ
1585 2011 1884 2085 τοῦξπυρὸς

201 2096 317 2154 καθ’
387 2095 496 2162 ἕξιν
556 2102 770 2158 καῦσις.
823 2096 895 2152 Τὸ
944 2101 1067 2172 γοῦν
1124 2100 1229 2151 τῶν
1296 2097 1524 2175 σεραφὶμ
1553 2095 1720 2155 δ’νοπα
1763 2096 1884 2166 Ein-

202 2188 468 2265 γούμεθα,
508 2183 590 2241 ὅτι
649 2186 711 2241 τὸ
783 2192 885 2263 πῦρ
945 2185 1277 2251 ἀνεικίνητόν
1342 2185 1479 2261 ἐστι,
1527 2187 1718 2266 θερμόν
1745 2188 1880 2254 ἐστι,

205 2277 290 2343 ὀξύ
344 2277 461 2334 ἔστι
498 2323 518 2351 ,
575 2275 742 2353 (κατὰ
788 2279 949 2334 αὐτοῦ
996 2275 1095 2353 γὰρ
1159 2277 1253 2331 τοῦ
1308 2274 1449 2332 λίθου
1506 2278 1626 2343 τοὺς
1686 2279 1881 2343 τόπους

212 2367 428 2425 εὶσδύνὶι
580 2366 918 2445 ἀναγωγικόν
960 2365 1070 2422 ἐστι
1135 2366 1240 2422 τῶν
1303 2366 1712 2435 ὃποϐεόηκότων
1741 2416 1759 2446 ,
1796 2362 1885 2427 καὶ

223 2458 370 2526 δῆλον
416 2458 482 2515 ἐκ
573 2463 681 2514 τῶν
738 2456 1163 2533 ἀναθυμιάσεων,
1242 2460 1352 2522 πῶς
1440 2465 1507 2537 τῇ
1552 2458 1720 2539 θέρμῃ
1794 2469 1886 2518 τοῦ

228 2549 364 2616 ἡλίου
416 2549 748 2627 ἀνάγονται·
813 2545 1125 2625 δραστήριόν
1186 2547 1300 2604 ἐστι
1345 2550 1476 2624 πρὸς
1514 2550 1607 2617 τὴν
1652 2557 1758 2606 τῶν
1788 2550 1882 2628 ἐγ-

220 2640 469 2717 γιζόντων
518 2639 798 2715 ὁμοίωσιν,
858 2635 1076 2716 πυρώδη
1109 2639 1208 2716 γὰρ
1257 2651 1409 2695 ποιεῖ
1462 2639 1528 2695 τὰ
1583 2640 1880 2719 ἐγγίζοντα,

216 2731 535 2805 ὁλοκαυτοτ,
614 2730 850 2808 καθαίρει
887 2746 900 2760 ⁸
963 2728 1393 2797 ἂπερικάλυπτόν
1461 2728 1605 2787 ἔστιν
1638 2777 1654 2805 ,
1718 2729 1881 2788 ἄσϐε-

214 2844 333 2879 στον
378 2819 508 2900 ἔχει
565 2820 627 2876 τὸ
681 2817 966 2900 φωτοειδὲς
1025 2821 1113 2875 καὶ
1174 2820 1518 2897 φωτιστικὸν,
1567 2822 1655 2877 καὶ
1707 2821 1885 2901 πορῤω

208 2913 266 2967 τὸ
299 2911 506 2974 σκότος
561 2909 797 2971 ἐλαύνει.
832 2909 1036 2973 Ταύτας
1087 2908 1274 2989 ἔχουσι
1322 2911 1417 2972 τὰς
1461 2909 1594 2976 ἔξεις
1627 2913 1887 2991 ὑπερκοσ-

1971 1822 2124 1902 quod
2145 1822 2477 1902 primumin
2511 1825 2707 1903 aliquo
2732 1822 2846 1884 alio
2878 1831 3030 1884 statu
3065 1822 3630 1904 existentes,postea

1968 1912 2210 1973 virtutes
2231 1913 2434 1992 ejusce
2448 1913 2607 1974 modi
2640 1913 2981 1993 acceperint
3003 1914 3134 1990 (hoc
3157 1912 3317 1975 enim
3332 1914 3628 1995 composi-

1970 2010 2161 2063 torum
2195 2004 2332 2083 est);
2368 2021 2560 2082 neque
2592 2004 2747 2082 quod
2782 2004 3067 2064 informes
3101 2012 3300 2065 essent
3334 2004 3626 2082 materiae,

1969 2101 2175 2172 postea
2205 2094 2871 2156 iSliUSl’t‘lOditil‘iUlibUS
2901 2094 3203 2156 adornatae
3232 2094 3351 2156 sint
3385 2095 3515 2167 ;sed
3549 2094 3624 2157 ab

1966 2182 2136 2244 initio
2173 2184 2318 2245 tales
2366 2184 2566 2246 divina
2594 2185 2781 2263 gratia
2813 2197 3028 2247 creatm
3058 2192 3216 2246 sunt.
3267 2185 3435 2259 Quod
3467 2187 3629 2248 clare

1968 2282 2128 2355 patet
2158 2293 2291 2335 cum
2323 2294 2394 2336 ex
2426 2276 2554 2355 ipso
2587 2274 2648 2338 S.
2684 2276 2983 2357 Dionysio,
3032 2275 3271 2339 dicente
3300 2275 3412 2338 sub
3448 2277 3627 2338 tinem

1968 2375 2158 2445 quarti
2190 2366 2401 2446 capitis
2421 2366 2805 2429 Hierarchiw
2830 2366 3627 2441 ecclesiastitmjstiusmodi

1970 2455 2204 2517 habitus
2235 2474 2365 2517 esse
2406 2456 2860 2534 substantiales;
2886 2465 3009 2519 tum
3038 2457 3215 2519 etiam
3249 2474 3325 2518 ex
3356 2476 3427 2519 eo
3459 2457 3620 2538 quod

1968 2546 2019 2607 is
2051 2546 2147 2626 qui
2172 2546 2739 2623 cecidit,virtutibus
2761 2546 3036 2628 abjectis,
3072 2549 3141 2609 ad
3190 2546 3400 2623 alium,
3446 2552 3515 2611 ut
3546 2547 3627 2609 ita

1969 2636 2100 2716 quis
2126 2636 2364 2712 dixerit,
2396 2645 2621 2699 natura;
2670 2646 2884 2700 statum
2917 2638 2991 2699 sit
3021 2638 3363 2713 translatus,
3397 2635 3620 2700 obscu-

1965 2744 2099 2789 rum
2131 2727 2451 2809 scilicet,et
2494 2728 2735 2791 invidiae
2759 2729 3117 2811 malitimque
3149 2731 3416 2810 plenum,
3449 2735 3626 2809 atque

1969 2817 2182 2879 divinm
2204 2820 2563 2898 etangelicaa
2578 2819 2995 2881 vitzeinstituto
3028 2817 3630 2882 contrariumzistius-

1970 2909 2131 2970 modi
2159 2910 2317 2971 enim
2350 2910 2700 2990 angelorum
2760 2910 3002 2973 habitus
3062 2909 3470 2972 substantialis
3514 2916 3626 2981 est,

208 3003 349 3077 μίως
432 3002 500 3057 τὰ
563 3000 796 3080 σεραφίμ
830 3016 850 3038 ’
911 2998 1259 3065 ἀκατάληκτά
1316 3002 1417 3058 εἶσι
1475 3002 1561 3058 καὶ
1601 3003 1883 3081 ὑπερζέον-

1975 3018 2089 3060 non
2109 3018 2284 3062 secus
2315 3008 2490 3082 atque
2522 3001 2677 3081 ignis
2706 3001 3036 3063 secundum
3089 3001 3352 3062 habitum
3393 2999 3628 3061 adustio

204 3112 298 3172 τα,
362 3093 453 3149 καὶ
511 3089 766 3152 ἂνένὸοτα
824 3091 956 3169 πρὸς
1013 3092 1113 3157 τὴν
1159 3091 1279 3164 περὶ
1337 3092 1468 3148 Θεὸν
1539 3091 1894 3171 ἂεικινησίαν,

204 3185 297 3239 καὶ
355 3183 459 3244 τὰς
520 3178 914 3247 ὑποϐεϐηκυίας
984 3179 1156 3245 τάξεις
1227 3180 1509 3262 ἀνάγουσι,
1557 3184 1647 3239 καὶ
1721 3206 1895 3261 πρακ-

202 3275 383 3335 τικῶς
481 3271 881 3350 ἆναζωπυροῠσι
932 3319 948 3346 ,
1043 3272 1132 3327 καὶ
1218 3271 1504 3348 ἂφομιοῦσι
1591 3274 1724 3351 πρός
1796 3275 1896 3342 τὴν

202 3364 405 3441 ὁμοίαν
442 3362 588 3435 ζέσιν
617 3363 707 3417 καὶ
737 3364 829 3419 τὸν
886 3362 1046 3419 πόθον
1105 3362 1195 3417 τὸν
1251 3360 1448 3436 ἔνθεον,
1510 3363 1599 3419 καὶ
1657 3362 1722 3419 δι’
1770 3363 1897 3422 ὅλου

202 3453 578 3533 πρηστηρίως
624 3452 915 3531 καθαρτικά
959 3454 1082 3526 εἶσι,
1142 3452 1229 3507 καὶ
1284 3454 1345 3507 τὸ
1414 3452 1703 3532 φωτοειδές
1765 3453 1894 3533 ὅπερ

202 3544 443 3625 ’ἔχουσιν
504 3541 567 3600 ἐκ
623 3548 778 3618 Θεοῦ,
819 3544 907 3599 καὶ
957 3542 1019 3598 τὸ
1049 3544 1373 3621 φωτιστικὸν
1433 3540 1550 3598 καθ’
1587 3541 1614 3598 ὅ
1646 3544 1710 3601 τὰ
1755 3543 1893 3600 ἄλλα

203 3643 567 3719 φωτιζουσιν,
632 3632 1057 3711 ἀπερικάλυπτον
1115 3633 1204 3687 καὶ
1274 3630 1530 3689 ἄσϐεστον
1600 3631 1825 3713 ἔχουσιν
1873 3652 1887 3665 ⁸

200 3729 330 3786 ἔστι
383 3727 489 3803 γὰρ
540 3726 613 3788 ὡς
663 3723 766 3790 ὕλη
820 3726 847 3780 ὁ
902 3726 1047 3785 θεῖος
1106 3722 1266 3788 πόθος
1331 3722 1544 3797 αὐτοῖς,
1590 3725 1679 3780 καὶ
1719 3724 1896 3792 πάσης

200 3816 571 3880 σκοτοποιίας
622 3814 869 3872 ἒπὲκεινά
912 3815 1041 3870 εἰσιν
1072 3860 1089 3892 ,
1150 3814 1223 3900 ᾡς
1276 3812 1345 3889 τῇ
1390 3815 1503 3885 θειᾳ
1547 3811 1897 3894 λαμπρότητι

201 3906 596 3984 ἇναπτόμενα.

1983 3089 2331 3153 est.Nomen
2363 3092 2561 3174 itaque
2622 3094 2921 3173 seraphim
2969 3091 3526 3174 explicamus,quod
3559 3090 3634 3152 sit

1979 3180 2139 3264 ignis
2168 3199 2407 3264 semper
2451 3182 2713 3264 mobilis,
2748 3182 2996 3257 calidus,
3030 3183 3267 3244 subtilis
3306 3182 3629 3264 (quoniam

1978 3263 2158 3323 etiam
2188 3262 2374 3343 ipsius
2408 3265 2619 3344 lapidis
2651 3262 2827 3345 poros
2861 3272 3184 3345 penetrat),
3217 3262 3635 3344 quiinferiora

1978 3370 2211 3413 sursum
2248 3352 2459 3427 elevat,
2506 3353 2592 3417 uti
2624 3355 3005 3435 perspicuum
3033 3356 3101 3416 tit
3131 3373 3201 3415 ex
3234 3352 3632 3415 exbalationi-

1978 3440 2416 3523 bus,quomodo
2443 3444 2640 3506 calore
2670 3445 2814 3506 solis
2858 3445 3202 3506 attollantur
3240 3463 3255 3505 :
3286 3442 3390 3523 qui
3422 3443 3510 3503 sui
3544 3442 3632 3503 si-

1978 3532 2381 3594 militudinem
2405 3534 3021 3615 appropinquantibus
3043 3534 3635 3613 ingenerat,propin-

1982 3642 2097 3704 qua
2128 3626 2286 3685 enim
2319 3626 2520 3686 omnia
2550 3625 2732 3701 ignita
2766 3624 3235 3706 reddit,penitus
3262 3624 3634 3705 adurit,pur-

1982 3722 2099 3793 gat:
2134 3714 2234 3796 qui
2262 3714 2545 3777 abscondi
2581 3715 3294 3797 nequit,luciformitatem
3330 3720 3387 3775 et
3419 3712 3641 3776 illumi-

1982 3805 2164 3867 nandi
2226 3806 2340 3865 vim
2373 3806 2791 3869 inexstinctam
2853 3805 3105 3886 obtinet,
3140 3811 3200 3868 et
3230 3804 3434 3885 procul
3472 3812 3634 3865 tene-

1980 3894 2116 3955 bras
2148 3896 2449 3974 propellit.
2499 3896 2673 3959 Hisce
2707 3896 3014 3958 habilibus
3072 3895 3639 3977 supermundialiter

1979 3985 2381 4065 prmditisunt
2441 3987 2791 4068 seraphim:
2849 3987 3135 4049 indefessi
3193 3992 3413 4048 suntet
3455 4004 3640 4067 supra

206 4097 405 4161 quam
440 4077 772 4151 ferventes,
804 4083 864 4138 et
890 4073 964 4136 ad
996 4076 1187 4138 Deum
1230 4071 1575 4135 incessabili
1623 4091 1864 4156 semper
1922 4083 2080 4137 motu
2114 4077 2348 4140 cientur
2396 4078 2829 4160 inferioresque
2889 4078 3133 4141 ordines
3192 4076 3520 4158 adducunt,
3555 4095 3624 4139 ac

210 4171 436 4252 reipsa
462 4167 779 4241 suscitant,
812 4176 872 4228 et
902 4164 976 4226 ad
1008 4164 1385 4226 consimilem
1412 4164 1495 4223 6|
1537 4163 1836 4226 fervorem
1868 4165 2263 4247 divinumque
2308 4170 2677 4231 desiderium
2714 4170 2977 4231 excitant
3038 4176 3096 4229 et
3155 4166 3509 4239 informant,
3574 4169 3639 4228 et

197 4260 468 4325 omnino
493 4258 678 4335 ignite
708 4268 981 4338 purgant,
1017 4265 1199 4337 atque
1230 4254 1481 4316 formam
1515 4255 1665 4317 lucis
1698 4275 1873 4335 quam
1907 4275 1975 4318 ex
2007 4257 2128 4318 Deo
2165 4260 2408 4327 habent,
2448 4272 2502 4320 et
2537 4260 2923 4322 illuminandi
2958 4260 3079 4320 vim
3108 4277 3223 4339 qua
3249 4256 3625 4320 caeteraillu-

201 4354 478 4431 minant,
510 4349 931 4410 lnabsconsam
963 4355 1021 4408 et
1050 4347 1473 4407 inexstinctam
1510 4346 1835 4427 possident
1866 4368 1881 4428 ;
1917 4347 2180 4411 divinum
2216 4351 2374 4411 enim
2411 4352 2781 4414 desiderium
2818 4353 2934 4413 illis
2988 4360 3076 4412 est
3135 4350 3261 4411 vice
3318 4355 3579 4411 materia;
3610 4369 3626 4429 ;

200 4455 263 4508 et
298 4441 473 4505 omni
508 4438 1006 4503 obtenebratione
1039 4439 1389 4519 superiores
1420 4447 1580 4509 sunt,
1613 4446 1674 4498 ut
1706 4438 1806 4516 qui
1840 4438 2042 4500 divino
2077 4441 2408 4519 splendore
2443 4452 2582 4502 sunt
2617 4442 2923 4505 succensi.

291 4535 376 4593 Τὰ
423 4532 479 4587 δὲ
529 4527 793 4611 χερουϐίμ
849 4531 976 4585 εἰσιν
1028 4529 1398 4603 ὀνομαζόμενα
1451 4530 1586 4584 κατὰ
1642 4530 1733 4584 τὸν
1774 4528 1873 4584 λό-

2042 4530 2368 4591 Cherubim
2424 4542 2626 4592 autem
2675 4531 2960 4593 nominati
2998 4529 3500 4606 sunt,secundum
3537 4547 3639 4592 ra-

209 4649 308 4705 γον
340 4629 445 4692 τῆς
478 4620 601 4701 παρ’
647 4624 785 4694 ἡμῖν
831 4620 1079 4697 γνώσεως
1117 4638 1128 4652 ·
1164 4621 1197 4687 ἡ
1232 4618 1468 4694 ἡμετέρα
1510 4620 1610 4696 γὰρ
1655 4622 1881 4697 γνῶσις,

218 4718 308 4771 καὶ
360 4714 637 4791 γνωστικὴ
688 4708 779 4789 ἀφ’
865 4711 1059 4776 ἑαυτῆς
1112 4710 1245 4782 ἐστι,
1311 4711 1398 4765 καὶ
1486 4707 1704 4776 δεκτικὴ
1788 4711 1885 4775 τῆς

226 4802 407 4869 ἔξωθεν
467 4803 782 4878 μαθήσεως.
865 4796 1093 4877 ’¹Ωσπερ
1170 4800 1270 4877 γὰρ
1332 4800 1365 4865 ἡ
1446 4798 1683 4876 ἀγνωσία
1737 4797 1884 4869 δίττή

226 4894 446 4968 ἂστιν,ἧ
506 4893 607 4969 μὲν
654 4892 793 4948 κατὰ
850 4890 1141 4969 ἀπόφασιν,
1208 4888 1295 4945 ὅτε
1343 4886 1462 4945 τόδε
1493 4911 1542 4944 τι
1601 4891 1660 4945 οὐ
1715 4890 1884 4967 γινώ-

216 5006 445 5064 σκομεν,
498 4983 840 5061 γινώσκομεν
897 4977 952 5036 δὲ
1010 4977 1089 5035 ὅτι
1157 4981 1217 5036 οὒ
1266 4979 1624 5056 γινώσκομεν,
1684 4978 1749 5045 ἥν
1801 4981 1888 5036 καὶ

215 5075 401 5142 ἁπλῆν
459 5074 680 5152 ἄγνοιαν
710 5071 954 5150 λέγουσιν
1002 5086 1017 5101 ⁸
1052 5072 1086 5138 ἡ
1133 5067 1187 5124 δὲ
1222 5070 1359 5127 κατὰ
1402 5067 1652 5148 διάθεσιν,
1698 5067 1787 5125 ὅτε
1832 5072 1890 5126 οὗ

212 5171 580 5244 γινώσκοντες
624 5161 974 5241 ἀπατώμεθα,
1014 5161 1103 5216 καὶ
1162 5161 1376 5235 οἶομεθα
1420 5159 1697 5237 γινώσκειν
1732 5207 1748 5240 ,
1802 5157 1891 5216 καὶ

210 5257 337 5315 οὒδὲ
395 5257 523 5312 αὐτὸ
582 5260 741 5310 τοῦτο
796 5249 1042 5329 οἴδαμεν,
1089 5249 1170 5306 ὅτι
1226 5249 1285 5306 οὗ
1316 5250 1675 5327 γινώσκομον,
1717 5250 1783 5316 ἣν
1826 5247 1890 5317 δὴ

207 5349 305 5405 καὶ
370 5343 568 5412 διπλῆν
597 5340 853 5400 καλοῦσιν
898 5340 1141 5421 ἄγνοιαν,
1188 5346 1265 5414 τῷ
1323 5360 1379 5395 τε
1440 5340 1518 5415 μὴ
1582 5338 1891 5418 γινώσκειι,

204 5439 305 5496 καὶ
339 5438 422 5509 τῴ
452 5435 530 5511 μὴ
589 5432 874 5512 γινώσκειν
924 5430 1006 5488 ὅτι
1069 5435 1127 5491 οὐ
1183 5429 1435 5508 γινώσκει
1477 5446 1491 5461 ⁸
1529 5430 1667 5486 οὕτω
1724 5431 1812 5487 καὶ
1862 5432 1891 5499 ἦ

203 5526 416 5607 γνῶσίς
462 5523 643 5600 διττὴ,
704 5526 739 5591 ἡ
771 5522 868 5598 μέν
904 5523 985 5578 ὃτι
1043 5520 1314 5600 γινώσκει,
1386 5518 1565 5576 καθ’ξὶ
1611 5522 1700 5577 καὶ
1742 5544 1889 5598 γνω-

205 5606 384 5681 στικὴ
427 5612 644 5692 λέγεται
676 5628 691 5641 '
750 5613 785 5680 ἡ
815 5610 869 5667 δὲ
914 5609 995 5665 ὅτι
1053 5608 1305 5683 μανθάνει
1363 5610 1450 5664 καὶ
1494 5606 1710 5688 δέχεται
1742 5616 1888 5688 γνῶ-

209 5729 329 5788 σιν,
384 5705 471 5761 καὶ
529 5702 782 5784 γινώσκει
837 5699 919 5757 ὅτι
968 5697 1272 5782 ὠφέληται,
1333 5698 1451 5755 καθ’
1488 5697 1515 5754 ὅ
1559 5698 1891 5780 λέγεταικαὶ

1971 4621 2195 4681 tionem
2229 4630 2449 4682 nostra)
2472 4621 3163 4702 cognitionis;siquidem
3204 4620 3411 4681 notitia
3436 4629 3641 4683 nostra

1969 4711 2146 4771 etiam
2197 4712 2537 4791 intelligens
2590 4722 2679 4774 est
2727 4731 2761 4774 a
2812 4732 2897 4785 se,
2938 4721 2995 4774 et
3048 4720 3352 4773 externam
3386 4710 3639 4792 suscipit

1969 4798 2370 4879 disciplinam.
2408 4799 2758 4863 Sicutenim
2808 4800 3101 4879 ignoratio
3148 4799 3369 4880 duplex
3406 4806 3645 4870 est,una

1970 4888 2251 4951 nimirum
2288 4892 2661 4971 negativamt
2683 4894 2919 4973 quando
2937 4891 3157 4972 aliquid
3186 4909 3303 4952 non
3320 4886 3644 4967 cognosci-

1973 4996 2127 5052 mus,
2154 4979 2380 5042 scimus
2410 4990 2605 5044 autcm
2640 5001 2747 5044 nos
2793 4983 2852 5044 id
2893 5002 3009 5043 non
3070 4998 3455 5061 nosse,quam
3500 4979 3646 5040 sim—

1976 5069 2185 5148 plicem
2208 5081 2419 5133 vocant
2448 5072 2996 5152 ignorantiam;alia
3020 5088 3158 5135 vero
3184 5080 3274 5134 est
3296 5068 3636 5154 habitualis,

1973 5158 2209 5239 quando
2242 5161 2587 5240 ignorantes
2619 5163 2975 5243 decipimur,
3012 5170 3070 5225 et
3098 5173 3372 5244 putamus
3412 5178 3521 5221 nos
3544 5159 3643 5220 in-

1978 5249 2247 5328 telligere
2273 5271 2465 5331 neque
2495 5252 2749 5333 itlipsum
2763 5254 3143 5339 agnoscimus
3173 5251 3330 5325 quod
3357 5268 3473 5314 non
3497 5247 3646 5310 scia-

1980 5357 2318 5419 mus;quam
2343 5342 2564 5405 idcirco
2588 5344 2887 5424 duplicem
2904 5343 3295 5424 ignorantiam
3313 5339 3641 5421 appellant,

1976 5447 2110 5490 cum
2153 5430 2309 5509 quod
2347 5432 2599 5510 ignoret,
2635 5446 2758 5495 tum
2792 5434 2948 5516 quod
3007 5434 3265 5514 idipsum
3324 5431 3550 5492 nesciat
3573 5446 3639 5491 se

1975 5515 2272 5596 ignorare:
2306 5529 2390 5585 sic
2436 5523 2613 5585 etiam
2666 5515 2922 5604 cognitio
2971 5524 3338 5604 duplex,una
3393 5518 3641 5602 quidem

1974 5611 2114 5690 quia
2145 5614 2813 5695 cognoscit,aecundum
2842 5616 3003 5696 quod
3031 5631 3395 5693 cognoscens
3428 5611 3642 5692 appel-

1975 5696 2168 5778 latur;
2202 5701 2319 5764 alia
2349 5722 2485 5767 vero
2512 5706 2650 5789 quia
2672 5704 2853 5767 discit
2893 5711 3068 5785 atque
3091 5702 3310 5785 accipit
3336 5701 3628 5777 notitiam,
