4052 6422
337 337 454 406 219

1529 340 1589 403 S.
1644 333 1986 401 DIONYSII
2018 332 2545 397 AREOPAGITE.

3615 327 3734 396 220

331 476 675 559 etagnoscit
704 476 841 559 quid
869 476 1426 558 prosit,secuntlum
1459 476 1614 558 quod
1649 474 1823 539 etiam
1857 485 1994 548 gna-

2083 469 2430 547 γνωριστική,
2494 457 2689 528 ’Ἔστιν
2747 469 2782 538 ὴ
2844 466 3080 547 ἡμετέρα
3125 466 3319 547 γνῶσις
3379 466 3464 559 καὶ
3516 470 3730 549 θεωρηέ

330 587 399 632 ra
418 567 767 631 dicitur.Est
799 570 973 649 insup
1000 585 1046 628 ~r
1088 567 1346 646 cognitio
1373 577 1571 629 nostra
1605 566 1992 648 speculativa,

329 666 391 720 ut
413 675 543 738 quae
586 675 769 738 super
794 675 900 720 ora
919 674 985 719 se
1009 665 1312 719 scrutatur
1345 677 1359 719 :
1391 651 1689 718 est'etiam
1716 674 1996 718 commu-

331 747 607 823 nicativa,
654 756 717 809 ut
776 747 1013 826 quando
1066 745 1333 819 illarum,
1390 745 1608 828 quibus
1659 746 1836 827 plena
1883 756 1996 821 est,

329 837 715 899 scientiarum
768 836 1142 917 disciplinam
1166 836 1224 897 in
1260 835 1433 909 alios,
1478 838 1575 916 qui
1608 855 1678 897 ea
1710 836 1997 914 indigent,

331 926 713 989 transfundit.
766 925 905 989 Haec
951 925 1127 987 etiam
1154 926 1354 986 omnia
1384 924 1606 987 habent
1636 924 1945 987 cherubim
1984 932 1998 978 ε

328 1015 671 1097 intelligunt
700 1036 767 1078 ac
809 1016 1295 1096 contemplantur
1328 1015 1580 1075 divinam
1637 1015 1993 1101 claritatem,

329 1107 675 1187 cognitione
704 1112 1014 1167 moventur
1043 1105 1189 1166 adid
1215 1104 1373 1185 quod
1408 1123 1545 1166 vere
1578 1113 1666 1167 est
1710 1103 1992 1181 amabile,

330 1215 443 1259 nec
464 1215 583 1272 non
604 1194 1058 1258 illustrationem
1079 1194 1383 1275 accipiunt
1405 1213 1437 1256 a
1468 1196 1594 1258 Deo
1618 1213 1725 1277 per
1747 1194 1996 1256 virtutes

327 1285 471 1364 ipsis
491 1285 847 1365 anteriores,
878 1290 937 1346 et
979 1283 1239 1345 divinam
1275 1293 1620 1345 scrutantur
1652 1284 1993 1366 pulchritu-

327 1375 552 1450 dinem,
585 1376 643 1436 in
675 1373 898 1436 virtute
921 1373 1206 1435 nimirum
1250 1372 1624 1454 primigenia,
1660 1374 1991 1437 secundum

2080 559 2230 638 τικὴ,
2292 562 2449 616 οἱονεὶ
2478 558 2790 637 ἐρευνητικὴ
2835 564 2939 616 τῶν
2985 559 3116 636 ὑπὲρ
3173 559 3362 626 αυτὴν.
3414 547 3584 616 ’Ἔστι
3641 560 3731 615 καὶ

2083 650 2394 726 κοινωνικὴ,
2432 649 2483 715 ἐξ
2516 652 2590 703 ῶν
2620 650 2676 706 ἐν
2732 655 2808 722 τῷ
2866 647 3302 724 ἀναπίμπλασθαι
3362 655 3470 705 τῶν
3519 648 3735 725 νοημᾶο

2081 760 2189 795 των
2233 739 2351 819 χέει
2389 741 2514 818 πρὸς
2547 740 2667 804 τοὺς
2689 738 2934 803 ὑποδεεϊς
2967 740 3066 807 τὴν
3114 740 3365 813 μάθησιν,
3400 744 3574 797 Ταῦτα
3602 738 3737 795 πᾶν-

2083 850 2150 886 τα
2183 827 2371 908 ἔχουσι
2429 832 2517 886 καὶ
2561 832 2626 888 τὰ
2683 828 2963 911 χερόυϐίμ·
2997 831 3267 909 γνωστικά
3313 829 3409 884 εἶσι
3467 830 3555 886 καὶ
3610 830 3739 886 θεο-

2084 919 2248 975 πτικᾶ
2278 920 2376 985 τῆς
2412 921 2553 984 θείας
2611 919 3013 999 λαμπρότητος,
3079 920 3290 987 κίνησιν
3345 918 3542 998 ἔχοντα
3597 918 3742 999 γνώ-

2081 1030 2218 1074 σεως
2262 1011 2391 1089 πρὸς
2425 1012 2485 1065 τὸ
2525 1008 2690 1073 ὅντως
2738 1010 3015 1090 ἐράσμιον,
3068 1011 3157 1069 καὶ
3215 1007 3430 1067 δεκτικὰ
3492 1007 3743 1087 φωτοδο-

2080 1099 2196 1164 σίας
2230 1098 2289 1154 ἐκ
2344 1106 2435 1156 τοῦ
2491 1106 2622 1156 Θεοῦ
2674 1098 2759 1157 διὰ
2791 1100 2897 1156 τῶν
2941 1101 3045 1179 πρὸ
3099 1103 3273 1158 αὖτῶν
3324 1096 3619 1179 δυνάμεων,
3652 1099 3744 1156 καὶ

2076 1186 2388 1253 ἒξεταστικὰ
2417 1194 2519 1255 τῆς
2549 1189 2691 1253 θείας
2724 1189 3059 1267 εὖπρεπείας,
3116 1188 3238 1245 ἀλλ’
3297 1189 3351 1245 ἐν
3410 1195 3742 1269 πρωτουργῷ

2079 1275 2321 1353 δυνάμει,
2378 1270 2496 1335 καθ’
2556 1279 2627 1347 ἢν
2674 1277 2917 1346 δηλονότι
2963 1282 3188 1357 πρώτως
3241 1282 3346 1336 τῶν
3412 1277 3598 1336 ἄλλων
3640 1279 3740 1344 τὰς

2079 1367 2371 1449 ἐμφανείας
2430 1369 2667 1449 ἔχουσιν,
2720 1372 2792 1434 ὡς
2844 1371 2930 1426 καὶ
2988 1372 3035 1426 οἱ
3082 1373 3277 1449 θρονοι,
3314 1371 3403 1426 καὶ
3432 1368 3510 1426 ἑτι
3539 1370 3607 1425 τὰ
3640 1389 3736 1425 σεο

326 1482 501 1547 quam
535 1481 654 1544 praa
683 1463 915 1525 caeteris
953 1464 1140 1543 primo
1175 1464 1304 1525 loco
1343 1482 1460 1524 una
1486 1482 1620 1525 cum
1661 1464 1895 1526 tltronis
1927 1482 1994 1525 ac

2084 1460 2271 1538 ραφίμ.
2308 1465 2483 1517 Ταῦτα
2517 1460 2616 1537 γὰρ
2667 1460 2731 1517 τὰ
2779 1460 2896 1537 τρία
2949 1460 3224 1560 τάγματα,
3259 1459 3363 1529 μὲα
3422 1481 3502 1525 τις
3553 1461 3738 1537 ἱεραρ-

327 1553 628 1634 seraphim
661 1553 942 1616 hauriunt
975 1553 1438 1634 apparitionem.
1468 1552 1543 1616 lli
1565 1554 1727 1617 enim
1763 1563 1884 1616 tres
1906 1571 1994 1615 or-

2083 1550 2181 1628 χία
2238 1549 2348 1605 ἕστὶ
2385 1597 2401 1621 ,
2476 1551 2565 1606 καὶ
2616 1550 2955 1628 πρωτουργὸν
3019 1546 3128 1605 ἐπι⁷
3185 1555 3312 1605 πᾶσι
3356 1547 3458 1616 τὴν
3519 1546 3740 1623 δύναμιν

325 1644 631 1707 dinesuna
665 1643 932 1725 quaedam
949 1654 1090 1707 sunt
1122 1643 1547 1719 hierarchia,et
1584 1644 1994 1724 primigeniam

2084 1638 2293 1718 ἔχουσι·
2355 1640 2530 1705 πάσης
2582 1641 2682 1717 γὰρ
2734 1639 2958 1718 ἀοράτου
3017 1640 3105 1695 καὶ
3188 1639 3385 1716 ὁρατῆς
3460 1636 3739 1713 δυνάμεως

2161 1730 2181 1738 ι.
2367 1732 2380 1738 -
2422 1733 2430 1738 .
2551 1732 2562 1738 -
2692 1730 2720 1738 α
3287 1727 3322 1738 1-
3460 1719 3538 1738 ιονΑ
3708 1727 3721 1738 ι

324 1734 385 1795 in
417 1734 695 1796 omnibus
735 1734 1012 1796 virtutem
1049 1738 1420 1795 sortiuntur:
1449 1736 1610 1796 omni
1669 1735 1827 1795 enim
1877 1742 1994 1796 tam

2084 1730 2293 1803 μείζους
2340 1732 2468 1787 εἰσὶν
2515 1732 2568 1786 αἱ
2618 1730 2816 1807 πρῶται
2868 1742 3015 1805 τρεῖς
3047 1738 3200 1787 αὗται
3233 1727 3430 1793 τέξεις,
3460 1727 3634 1785 ’Ἐστι
3669 1727 3737 1785 τὰ

326 1822 615 1886 invisibili
645 1842 823 1900 quam
847 1824 1061 1886 visibili
1094 1824 1307 1885 virtute
1358 1824 1616 1904 majores
1643 1834 1780 1885 sunt
1819 1821 1994 1905 primi

2083 1820 2339 1903 χερουϐἱμ
2398 1825 2483 1880 καὶ
2540 1824 2823 1879 κοινωνικὰ
2895 1822 2949 1877 ἐν
3008 1828 3085 1896 τῷ
3128 1819 3584 1895 ἀναπιμπλάμενα
3641 1820 3743 1889 τῆς

329 1914 846 1978 tresistiordines.
874 1916 1027 1976 Sunt
1066 1914 1380 1977 cherubim
1397 1915 1574 1976 etiam
1599 1916 1994 1977 communica-

2083 1913 2375 1991 σοφοποιοῦ
2410 1911 2739 1987 μεταδόσεως
2772 1912 3008 1990 ἀφθόνως
3057 1909 3392 1987 μεταδιδόναι
3449 1923 3564 1975 τοῖς
3615 1908 3742 1966 δευ-

326 2004 707 2085 tivi,eam.qu
734 2004 999 2084 arepleti
1044 2015 1205 2085 sunt,
1240 2005 1670 2084 sapientiliram
1707 2004 1998 2067 distribu-

325 2094 549 2157 tionem
580 2093 973 2157 inlerioribus
1000 2094 1358 2157 installando
1386 2094 1733 2178 prolusione
1763 2095 1998 2178 sapien-

325 2183 422 2247 tia:
445 2201 587 2249 sum.

406 2274 699 2353 Agedum,
745 2276 923 2339 etiam
950 2284 1290 2338 sanctorum
1321 2285 1381 2340 et
1424 2276 1991 2339 sublimissimorum

325 2372 502 2445 atque
542 2365 939 2440 excelsorum,
997 2366 1349 2428 thronorum
1383 2385 1600 2428 nomen
1642 2367 1990 2429 considere-

328 2456 769 2517 mus.'l‘hronus
786 2455 1061 2517 sublimis
1075 2474 1108 2517 a
1121 2458 1379 2518 terrenis
1395 2457 1600 2531 elatus,
1614 2459 1989 2530 thronussur-

324 2560 453 2603 sum
485 2547 693 2608 ferens.
729 2555 1058 2604 OISBSSOIOS
1090 2562 1223 2603 SUOS
1247 2555 1576 2606 constanter
1605 2564 1671 2605 80
1700 2558 1991 2617 compacta

320 2642 556 2688 sursum
585 2626 726 2688 ferri
758 2626 1269 2689 l’aciens:thronus
1285 2637 1375 2688 est
1398 2647 1580 2708 capax
1612 2628 1776 2690 illius
1801 2646 1989 2708 quem

323 2716 526 2797 fert,et
552 2716 998 2797 receptaculum
1028 2716 1282 2779 sessoris
1312 2718 1424 2778 sui.
1461 2716 1624 2780 Idem
1658 2724 1717 2780 in
1773 2718 1993 2779 sanctis

322 2796 452 2865 istis
498 2796 728 2866 thronis
777 2806 1170 2867 considerare
1225 2807 1317 2866 62
1364 2807 1586 2868 liceat:
1653 2808 1995 2869 eximuntur

324 2895 485 2957 enim
537 2895 612 2958 ab
663 2897 825 2960 omni
882 2896 1047 2957 humi
1084 2898 1448 2978 reptatione,
1482 2908 1540 2961 et
1583 2900 1656 2961 ad
1693 2900 1995 2961 anteriora

321 3003 558 3048 sursum
592 2987 944 3062 ell‘ertmtur,
980 2987 1058 3048 ita
1091 2997 1149 3049 ut
1182 2988 1347 3049 nulla
1373 2989 1508 3050 illos
1541 2997 1739 3051 teneat
1762 2989 1996 3069 abjeota

324 3075 646 3155 propensio
660 3075 749 3137 vel
776 3074 1137 3167 instinctus,
1156 3084 1215 3138 et
1245 3077 1317 3138 ad
1349 3077 1632 3140 inferiora
1663 3078 1992 3154 nutus,Ve-
2013 3140 2052 3167 Γ,

323 3167 766 3226 rumenimvero
800 3174 939 3227 nota
983 3165 1141 3244 quod
1194 3176 1400 3230 noster
1443 3171 1697 3231 thronus
1754 3165 2054 3231 sursum“

323 3253 468 3316 ferri
520 3253 700 3316 faciat
722 3273 1020 3317 sessorem
1067 3275 1287 3331 suum;
1326 3259 1739 3321 sanctissimos
1789 3271 1992 3321 autem

321 3342 573 3406 thronos
603 3342 676 3405 ab
702 3362 769 3404 eo
804 3344 964 3421 quod
996 3363 1237 3407 sursum
1274 3345 1538 3409 ferantur
1580 3348 1864 3410 denomin
1882 3349 1995 3425 ari,

321 3443 380 3493 et
403 3432 823 3497 indelicienter
852 3434 913 3496 in
944 3434 1191 3498 Sublimi
1218 3435 1510 3518 habitare,
1541 3448 1598 3499 et
1621 3440 1790 3520 juxta
1822 3440 1972 3502 Altis

320 3521 536 3583 simum
568 3521 930 3587 inconcusse
953 3523 1266 3607 collocari,
1300 3537 1358 3587 et
1413 3526 1676 3590 divinum
1711 3529 1989 3607 illapsum

320 3611 622 3694 excipere.
648 3613 868 3675 Verum
898 3613 1125 3695 absque
1166 3617 1440 3695 passione
1462 3618 1588 3680 haec
1610 3618 1901 3698 intellige,
1937 3628 1996 3682 et

317 3701 795 3765 imtnaterialiter
815 3702 899 3768 (id
922 3712 1010 3766 est
1031 3703 1199 3766 enim
1231 3709 1877 3789 supermundialiter),
1918 3729 1996 3772 ne

318 3789 631 3872 quisillam
660 3793 963 3855 anteriora
1001 3794 1155 3855 viam
1189 3813 1321 3857 esse
1381 3796 1752 3876 corporalem
1779 3799 1993 3861 existi-

321 3889 466 3955 met,
496 3900 571 3943 ne
595 3880 657 3943 in
698 3881 771 3944 iis
803 3885 959 3944 Deus
982 3886 1398 3948 circumscribi
1422 3886 1712 3949 videatur.
1746 3888 1815 3949 Et
1857 3889 1993 3951 dei-

322 3970 432 4032 feri
452 3979 614 4045 sunt,
648 3989 767 4033 non
793 3972 1163 4056 substantia,
1215 3975 1320 4037 sed
1355 3976 1560 4054 gratia,
1598 3985 1658 4040 et
1686 3979 1994 4041 ministro-

324 4078 456 4122 rum
484 4078 649 4122 more
684 4062 939 4143 prorupti
971 4063 1046 4125 ad
1093 4064 1326 4126 divinas
1376 4066 1816 4146 susceptiones.
1843 4068 1993 4131 Illud

323 4166 464 4213 vero
495 4150 786 4213 deiferum
820 4151 939 4215 dixi
974 4173 1094 4215 non
1138 4155 1501 4231 substantia,
1536 4157 1674 4237 quia
1731 4168 1789 4221 et
1848 4158 1994 4220 bea-

326 4249 417 4302 tus
449 4239 702 4304 Basilius
733 4262 974 4305 carnem
1000 4243 1152 4305 dixit
1201 4262 1336 4307 esse
1368 4245 1693 4317 deiferam;
1730 4247 1832 4308 sed
1859 4267 1996 4310 caro

2082 2002 2253 2081 τέροις
2281 2004 2418 2059 κατᾶ
2448 2004 2546 2071 τὴν
2577 2003 2730 2083 χύσιν
2760 2007 2859 2069 τῆς
2892 2003 3078 2083 σοφίας
3112 2002 3307 2062 αὒτῶν.

2157 2274 2290 2352 Φέρε
2320 2274 2410 2330 καὶ
2442 2274 2537 2341 τὴν
2583 2279 2692 2329 τῶν
2728 2272 2891 2351 ἂγίων
2927 2274 3009 2329 uti
3034 2273 3389 2347 ὑψηλοτάτων
3429 2273 3517 2329 καὶ
3562 2271 3741 2351 ὲπηρ-

2076 2366 2252 2438 μένων
2299 2365 2498 2443 θρόνων
2549 2364 2851 2439 ἐπωνυμίαν
2904 2361 3228 2436 κατίδωμεν.
3267 2354 3326 2420 Ὀ
3355 2363 3538 2442 θρόνος
3586 2363 3743 2439 ὕψη-

2075 2454 2168 2517 λὸς
2219 2461 2322 2510 τῶν
2364 2458 2573 2530 γηΐνων
2631 2455 2954 2532 ἐπηρμένος,
3013 2456 3040 2510 ὁ
3091 2455 3270 2530 θρόνος
3317 2453 3614 2535 ἀνωφερὴς,
3649 2455 3742 2511 καὶ

2076 2551 2245 2600 ποιῶν
2300 2547 2422 2608 τοὺς
2487 2544 2542 2599 ἐν
2593 2546 2738 2618 αὐτῷ
2796 2543 2910 2601 ἅνω
2963 2542 3206 2624 φέρεσθαι
3263 2541 3574 2623 ἱδρυμένιος,
3624 2565 3742 2599 πα·-

2074 2636 2227 2714 γίως⁸
2261 2637 2287 2691 ὁ
2318 2637 2501 2709 θρόνος
2562 2632 2800 2698 δεκτικός
2860 2635 3004 2697 τινός
3058 2633 3116 2690 ὅν
3151 2633 3317 2715 φέρει,
3352 2636 3441 2690 καὶ
3472 2640 3562 2691 τοῦ
3603 2636 3740 2691 καθ-

2076 2724 2279 2792 ημένου
2334 2723 2581 2804 ὑποδοχὴ
2636 2723 2801 2783 ἐστιν.
2868 2723 3050 2787 Οὕτως
3104 2723 3249 2779 ἔστιν
3319 2722 3451 2779 ἰδεῖν
3510 2726 3597 2780 καὶ
3655 2724 3745 2780 ἐπὶ

2075 2822 2180 2871 τῶν
2240 2814 2404 2891 ἁγίων
2449 2816 2668 2871 ⁴ὀυτωνὶ
2741 2814 2963 2891 θρόνων·
3046 2812 3333 2889 ἐξαίρονται
3391 2814 3493 2894 γὰρ
3556 2814 3743 2880 πάσης

2078 2904 2368 2986 χθαμαλῆς
2430 2904 2664 2983 ὑφέσεως
2692 2953 2707 2984 ,
2763 2905 2852 2959 καὶ
2903 2907 3034 2981 πρὸς
3082 2906 3144 2959 τὸ
3177 2901 3397 2966 ἄναντες
3442 2901 3747 2982 ἀναφέρον-

2077 3018 2187 3069 ται,
2224 2997 2296 3058 ὼς
2330 2991 2496 3063 μηδὲν
2543 2995 2739 3058 αὖτοῖρς
2786 2993 2934 3073 ἔχειν
2992 2995 3298 3073 περιπεζίας
3354 2993 3588 3074 ὑφέσεως
3621 2991 3747 3060 ἤτοι

2079 3084 2336 3149 ἐνδοσεως
2367 3086 2454 3141 καὶ
2504 3090 2603 3147 τῆς
2648 3086 2778 3161 πρὸς
2837 3086 2904 3140 τὰ
2956 3085 3103 3141 κάτω
3159 3086 3412 3149 νεύσεως.
3450 3083 3603 3150 Πλὴν
3634 3105 3747 3151 ση-

2082 3176 2328 3247 μείωσαι,
2370 3175 2451 3230 ὃτι
2506 3176 2594 3230 καὶ
2654 3174 2681 3230 ὁ
2734 3173 2951 3230 ἐνταῦθα
3002 3172 3185 3252 θρόνο’ς
3246 3173 3356 3233 ἅνω
3401 3185 3549 3231 ποιεῖ
3579 3172 3745 3253 ιρέρε-⁴

2080 3270 2196 3323 σθαι
2249 3265 2369 3329 τοὺς
2426 3263 2483 3320 ἐν
2538 3265 2699 3338 αὐτῷ·
2755 3266 2801 3320 οἱ
2855 3258 2914 3319 δὲ
2964 3264 3253 3342 ἁγιώτατοι
3310 3268 3510 3343 θρόνοι,
3565 3264 3620 3319 ἐν
3665 3270 3745 3337 τῷ

2081 3354 2191 3411 ἅνω
2265 3354 2561 3434 φέρεσθαι,
2621 3353 2785 3415 οὕτως
2862 3354 3282 3430 ἐπονομάζονται
3318 3401 3334 3434 ,
3392 3355 3481 3410 καὶ
3538 3354 3739 3427 ἀνῳκι-

2082 3444 2266 3520 σμένοι
2301 3445 2424 3500 εἰσὶν
2457 3442 2715 3523 ἀκλινῶς,
2746 3444 2833 3500 καὶ
2893 3445 3009 3523 περὶ
3056 3446 3149 3501 τὸν
3200 3434 3474 3520 εὝψιστον
3526 3444 3735 3500 ἄγατα-

2079 3536 2300 3596 σείστως
2348 3533 2643 3613 ἱόρυμένοι,
2686 3534 2773 3590 καὶ
2824 3532 3056 3590 δεκτιςοὶ
3098 3535 3195 3600 τῆς
3255 3534 3396 3599 θείας
3450 3534 3740 3611 ἐπιφοιτή-

2078 3646 2239 3689 σεως.
2303 3623 2454 3691 Πλὴν
2503 3624 2720 3688 ἀπαθῶς
2776 3625 2882 3680 νόει
2944 3624 3130 3704 ταῧτα,
3186 3625 3275 3680 καὶ
3323 3622 3521 3698 ἆῦλως,
3559 3623 3739 3703 (τοῦτο

2080 3717 2182 3793 γάρ
2237 3717 2353 3770 ἔστι
2396 3716 2457 3770 τὸ
2511 3711 2938 3793 ὑπερκοσμίωβ)
3000 3712 3091 3769 ἴνα
3148 3716 3227 3789 μὴ
3288 3715 3485 3792 νομίσῃ
3538 3736 3617 3778 τις
3676 3715 3740 3771 τὸ

2080 3804 2298 3866 ἄναντες
2350 3802 2469 3860 ὁδον
2529 3804 2672 3860 εἶναι
2704 3804 3042 3878 σωματικὴν,
3087 3803 3182 3860 ’ἕνα
3231 3803 3310 3878 μὴ
3354 3805 3741 3883 περιορίζεσθαι

2078 3891 2204 3970 δόξῃ
2255 3897 2381 3954 Θεὸς
2422 3893 2477 3949 ἐν
2522 3895 2728 3959 αὒτοϊς.
2787 3892 2890 3954 Καὶ
2946 3893 3190 3973 θεοφόροι
3241 3895 3368 3950 εἰσὶν
3398 3894 3458 3950 οὗ
3483 3891 3606 3951 κατ’
3648 3894 3743 3949 οὒ-

2080 3984 2239 4057 σίαν,
2302 3981 2439 4038 ἀλλὰ
2500 3984 2636 4040 κατὰ
2698 3984 2880 4064 χάριν,
2945 3985 3035 4041 καὶ
3100 3986 3493 4060 θεραπευτικῶς
3556 3983 3739 4041 ὕπτιοι

2081 4075 2209 4149 πρὸς
2241 4075 2333 4137 τὰς
2363 4074 2503 4137 θείας
2535 4071 2829 4154 ὕποδοχάς,
2885 4074 2958 4131 0-3
2988 4074 3107 4129 κατ’
3140 4074 3317 4131 οὖσίαν
3361 4072 3415 4129 δὲ
3466 4073 3626 4130 εἶπον
3678 4074 3744 4130 τὸ

2079 4164 2355 4241 θεοφόρον,
2386 4163 2467 4219 ὅτι
2497 4165 2523 4219 ὁ
2555 4163 2819 4241 μακάριος
2854 4162 3142 4228 Βασίλειως
3175 4164 3274 4231 τὴν
3302 4165 3555 4243 θεοφόρον
3608 4163 3740 4221 εἶπε

2082 4255 2270 4332 σάρκα·
2329 4251 2450 4309 ἀλλ’
2486 4255 2517 4320 ἡ
2553 4254 2652 4328 μὲν
2699 4252 2823 4331 σὰρξ
2882 4259 2975 4309 τοῦ
3036 4254 3230 4331 Κυρίου
3273 4252 3390 4309 κατ’
3424 4253 3601 4311 ὠσίαν
3651 4254 3745 4311 καὶ

324 4330 565 4394 Domini
615 4332 946 4395 secundum
981 4332 1404 4415 substantiam,
1447 4344 1506 4397 et
1533 4337 1865 4399 secundum
1892 4339 1994 4420 hy-

2083 4342 2198 4400 καθ’
2256 4342 2545 4399 ὑπόστασιν
2586 4340 2756 4409 ἥνωτο
2797 4347 2938 4417 αὐτῷ
2967 4349 3044 4417 τῷ
3077 4349 3191 4418 Θεῷ
3220 4343 3374 4423 Λόγῳ
3403 4345 3477 4407 ὡς
3510 4342 3747 4422 φέρουσα

326 4420 785 4513 postasin‘unita
815 4421 932 4513 ipsi
959 4430 1088 4483 erat
1118 4421 1315 4485 Verbo
1376 4423 1523 4507 Deo,
1561 4434 1835 4508 tanquam
1869 4448 1994 4510 quas

2084 4435 2174 4491 τὸν
2207 4434 2338 4489 Θεὸν
2371 4434 2544 4513 Λόγον
2572 4432 2691 4490 καθ’
2724 4432 2909 4490 ἕνωσιν
2969 4433 3352 4505 ἆόιάσπαστὸν,
3412 4437 3569 4493 αὑτοῦ
3612 4432 3747 4511 σάρξ

327 4508 558 4602 terebat
583 4509 767 4573 Deum
791 4510 1061 4602 Verbum
1093 4514 1425 4576 secundum
1461 4516 1744 4579 unionem
1769 4508 1994 4599 insepa-

2084 4525 2172 4581 καὶ
2202 4508 2473 4600 λεγόμὲνη
2528 4524 2614 4580 καὶ
2651 4524 2974 4602 ὑπάφχουσα
3023 4523 3212 4594 κυρίως
3268 4525 3355 4579 καὶ
3413 4524 3553 4581 κατὰ
3605 4508 3755 4593 ἄλη-

325 4599 865 4694 rabilem,propri_e
911 4619 981 4662 ac
1031 4620 1171 4665 vere
1202 4603 1392 4686 ipsius
1436 4624 1601 4687 caro,
1661 4617 1721 4669 et
1753 4609 1910 4671 dicta
1941 4622 1994 4673 et

2083 4618 2246 4670 θειαν·
2280 4599 2350 4669 οἱ
2396 4610 2453 4668 δὲ
2506 4615 2679 4693 θρόνοι
2728 4599 2938 4671 οὗγκαθ
2982 4611 3185 4687 οὗσίαν,
3216 4611 3355 4669 ἀλλὰ
3383 4613 3520 4671 κατὰ
3549 4613 3744 4694 χάριν,

325 4691 610 4766 existens;
636 4690 858 4767 throni,
896 4709 1037 4754 vero
1063 4711 1181 4755 non
1203 4695 1532 4757 secundum
1577 4697 1996 4763 substantiam.

327 4780 433 4842 sed
481 4779 813 4844 secundum
865 4783 1138 4859 gratiam,
1190 4794 1253 4848 ut
1284 4785 1512 4850 dictum
1539 4798 1654 4869 est,
1708 4790 2003 4856 habentes

323 4869 513 4934 Deum
537 4870 599 4932 in
629 4870 976 4952 semetipsis
1010 4872 1293 4937 inetl‘abili
1318 4877 1572 4955 ratione,
1617 4878 1831 4942 deiferi
1855 4900 2002 4943 nun-

329 4978 400 5022 cu
413 4968 654 5040 pantur.
794 5015 799 5021 ν

404 5047 525 5139 §Il.
557 5052 695 5114 Haec
724 5049 989 5130 quidem,
1025 5064 1315 5133 quantum
1347 5056 1515 5118 effari
1562 5077 1909 5139 possumus,
1940 5067 1998 5122 et

330 5157 444 5231 pro
468 5138 748 5231 facultate
780 5151 1006 5215 nostra,
1044 5149 1351 5207 nominum
1383 5138 1647 5228 ipsorum
1671 5158 1760 5211 est
1788 5151 1995 5231 expla-

326 5229 488 5291 natio
535 5230 1022 5330 tleclaratioque:
1090 5244 1219 5313 post
1279 5236 1405 5299 haec
1463 5257 1601 5300 vero
1645 5229 1994 5330 dicendum,

331 5337 508 5400 quam
543 5320 938 5383 bierarchiam
1002 5332 1061 5384 et
1094 5327 1513 5406 mystagogiam
1547 5347 1753 5389 eorum
1782 5320 2000 5393 existi;

333 5426 586 5473 memus.
622 5410 774 5473 lllud
796 5430 1072 5495 namque,
1098 5416 1295 5478 omnis
1332 5418 1615 5479 nimirum
1646 5420 2003 5484 hierarchiaa

330 5517 607 5589 scopum,
638 5500 759 5562 sive
788 5520 1051 5566 nosuam
1087 5511 1219 5586 quis
1249 5507 1471 5569 dixerit
1512 5507 1638 5569 sive
1663 5511 1995 5589 caelestem,

332 5607 401 5651 ex
427 5587 613 5652 Deum
641 5590 911 5654 imitante
934 5594 1334 5661 deil‘ormita‘te
1358 5598 1865 5664 indeclinabiliter
1895 5587 1998 5664 de-

334 5677 820 5761 pendere,atque
852 5701 1093 5750 omnem
1138 5684 1573 5751 sacerdotalem
1631 5687 2000 5755 functionem

2082 4707 2155 4767 ὡς
2183 4702 2418 4783 εἴρηται,
2466 4701 2685 4783 ἔχοντες
2716 4702 2771 4759 ἐν
2802 4702 3016 4767 ἑαυτοῖς
3038 4703 3130 4759 τὸν
3162 4703 3290 4760 Θεὸν
3322 4700 3534 4783 ἀρρήτῳ
3565 4702 3744 4782 λόγῳ,

2081 4792 2323 4872 θεοφόροι
2351 4791 2623 4871 λέγονται,

2160 5059 2285 5141 δη,
2320 5060 2462 5128 Αὕτη
2493 5069 2593 5136 μὲν
2621 5062 2655 5129 ὴ
2686 5067 2793 5117 σῶν
2843 5063 3121 5139 ὀνομάτων
3172 5062 3487 5144 ἐκφαντορία
3519 5064 3605 5121 καὶ
3644 5062 3747 5135 δή-

2081 5151 2266 5232 λωσις,
2300 5155 2375 5217 ὡς
2403 5151 2520 5208 καθ’
2553 5151 2696 5226 ἡμᾶς
2730 5154 2922 5226 εἶπεῐν,
2953 5155 3043 5210 καὶ
3072 5153 3171 5220 τὴν
3192 5153 3459 5232 ἡμετέραν
3489 5151 3742 5230 δύναμιν

2081 5242 2298 5300 λεκτέον
2334 5240 2386 5298 δὲ
2419 5244 2553 5317 μετὰ
2592 5250 2778 5315 ταῦτα,
2811 5244 2928 5300 τίνα
2982 5244 3081 5311 τὴν
3137 5244 3410 5325 ἱεραρχίαν
3450 5244 3619 5300 αὐτῶν
3655 5246 3750 5302 καὶ

2084 5335 2178 5400 τὴν
2229 5333 2604 5411 μυσταγωγίαν
2654 5333 2893 5407 οἰόμεθα.
2953 5336 3024 5391 Τὸ
3075 5334 3172 5408 μὲν
3208 5335 3309 5412 γὰρ
3339 5337 3482 5390 εἶναι
3515 5336 3608 5390 τὸν
3637 5338 3742 5401 τῆς

2084 5425 2290 5491 ἑπτέτης
2340 5425 2614 5503 ἱεραρχίας
2669 5426 2892 5495 σκοπὸν,
2943 5422 3040 5479 κᾶν
3097 5424 3194 5492 τὴν
3240 5423 3357 5480 καθ’
3416 5426 3563 5491 ἡυᾶς
3592 5425 3747 5484 εἴποι

2082 5536 2188 5587 τις,
2245 5513 2343 5569 κᾶν
2397 5514 2497 5580 τὴν
2544 5514 2819 5591 οὐρανίαν,
2868 5513 3231 5593 ἐξηρτημένον
3261 5515 3348 5571 καὶ
3377 5514 3611 5593 ἐκκρεμῆ
3642 5520 3749 5583 τῆς

2080 5606 2408 5679 θεομιμήτου
2483 5599 2762 5667 θεοειδείας
2838 5604 3096 5678 ἆκλινῶς,
3158 5606 3246 5661 καὶ
3303 5606 3364 5662 τὸ
3421 5603 3745 5684 διαιρεῖσθαι

2085 5700 2259 5754 πᾶσαν
2319 5692 2686 5773 πραγματείαν
2738 5695 3007 5773 ἱερατικὴν
3071 5697 3151 5761 et;
3209 5693 3299 5753 δύο
3351 5701 3539 5771 ταῦτα,
3577 5698 3652 5762 εἰς
3684 5718 3742 5754 τε
