4052 6424
349 363 466 430 223

1512 363 1570 427 S.
1641 361 1987 428 DIONYSII
2057 361 2566 426 AREOPAGITzE

3623 357 3742 425 224

345 501 525 566 trario
555 499 761 564 habitu
791 508 848 564 et
878 501 1246 582 operatione.
1301 499 1460 564 Dixit
1495 500 1793 584 quomodo
1825 517 1986 583 pura:

2071 497 2287 577 φανείας
2345 503 2497 570 Θεοῦ,
2578 497 2666 554 καὶ
2751 493 2819 553 δι’
2890 497 3154 584 αίσθητῶν
3213 489 3520 570 συμϐόλων,
3567 495 3640 560 ὡς
3702 495 3733 553 6

347 593 489 675 sint;
521 611 679 654 nunc
712 592 1015 674 quomodo
1071 591 1548 674 contemplativa;
1595 592 1712 653 sint
1763 591 1992 674 pandit;

346 683 625 764 quoniam
660 682 837 744 etiam
872 683 986 744 hoc
1013 702 1131 744 non
1161 682 1494 744 secundum
1525 681 1830 744 hominem
1869 699 1883 746 :
1917 683 1999 745 si-

347 773 586 854 quidem
645 773 990 834 hominibus
1045 772 1519 853 contemplantes
1558 772 1862 845 dicuntur,
1896 774 1995 854 qui

347 864 626 944 mysteria
648 871 1011 926 contuentur
1034 863 1311 943 per64ea
1335 880 1466 944 quas
1487 861 1814 941 symbolice
1837 862 1996 926 dicta

345 953 436 1016 vel
466 952 833 1016 sensibiliter
874 953 1133 1033 perfecta
1189 968 1328 1015 sunt
1361 954 1519 1016 circa
1547 952 1760 1017 Deum.
1794 952 1996 1018 Sancti

344 1051 542 1106 autem
575 1044 859 1125 quasdam
893 1045 1298 1124 apparitiones
1330 1042 1436 1106 Dei
1465 1044 1826 1124 habuerunt,
1857 1063 1992 1108 cum

346 1152 455 1214 per
483 1133 725 1196 sensilia
756 1134 1202 1214 symbola,sicut
1231 1133 1527 1196 Abraham
1555 1141 1613 1196 et
1628 1132 1835 1212 Jacob;
1871 1142 1995 1196 tum

347 1240 454 1302 per
483 1223 879 1298 intellectilia,
913 1224 1068 1286 sicut
1097 1224 1340 1302 quidam
1366 1243 1398 1286 e
1422 1224 1750 1306 prophetis,
1781 1223 1886 1304 qui
1909 1223 1997 1286 di-

344 1314 430 1376 xit
458 1335 471 1377 :
497 1313 582 1376 Et
621 1332 753 1377 ecce
791 1317 975 1392 plena
997 1313 1197 1396 gloria
1223 1314 1439 1377 domus
1461 1314 1710 1377 Domini
1747 1327 1790 1391 ο,
1827 1333 1994 1397 quae-

343 1422 477 1465 nam
516 1403 674 1465 enim
707 1403 1212 1484 essetgloriaista,
1236 1413 1438 1468 mente
1473 1403 1994 1487 percipimus.Non

342 1494 427 1555 sic
450 1493 652 1575 utique
683 1494 956 1558 caelestes
986 1499 1231 1558 virtutes
1265 1495 1771 1577 contemplantur,
1797 1515 1993 1578 neque

337 1583 617 1646 varietate
670 1585 1232 1665 scripturisticarum
1295 1587 1866 1667 contemplationum
1919 1589 1990 1649 ad

343 1673 612 1735 divinum
671 1693 895 1736 numen
938 1675 1335 1753 adducuntur;
1381 1676 1487 1738 sed
1519 1677 1994 1759 contemplativa

340 1763 938 1846 dicuntur,tanquam
968 1765 1310 1847 adimpletaa
1342 1767 1570 1828 lumine
1598 1767 1934 1830 sublimiori
1974 1789 1988 1831 :

341 1872 535 1935 neque
551 1863 778 1916 tantum
796 1856 1300 1930 sensibili,verum
1319 1857 1481 1918 omni
1499 1859 1572 1918 im
1585 1857 1871 1919 materiali
1894 1876 1986 1919 co.

343 1945 612 2023 gnitione
645 1945 858 2026 plena),
891 1947 1022 2026 ejus
1051 1947 1206 2028 quod
1243 1966 1382 2008 vere
1408 1967 1475 2008 ac
1507 1947 1746 2029 proprie
1771 1947 1990 2008 bonum

343 2042 454 2110 est,
486 2034 699 2116 divina,
736 2036 1000 2117 inquam,
1049 2038 1559 2118 contemplatione
1601 2037 1994 2099 sanctissima:

344 2123 651 2187 Trinitatis
679 2146 690 2188 :
719 2127 903 2206 ipsius
936 2145 1175 2208 quoque
1203 2130 1343 2190 Jesu
1389 2129 1809 2190 communione
1843 2146 1989 2205 gauo

341 2213 504 2288 dent,
538 2217 1288 2300 participatione,inquam,
1324 2219 1527 2298 gloria:
1556 2238 1623 2281 ac
1653 2218 1994 2300 splendoris

343 2305 562 2368 Christi
595 2309 882 2386 corporis;
916 2309 1216 2389 siquidem
1263 2328 1382 2371 una
1437 2328 1572 2371 cum
1624 2328 1803 2372 carne
1833 2307 1992 2371 Patri

341 2395 586 2477 assidet,
611 2405 672 2458 ut
697 2397 880 2460 Filius
911 2408 968 2460 et
998 2398 1259 2461 Verbum
1295 2401 1598 2480 ejus.Cum
1634 2409 1833 2461 autem
1856 2399 1986 2460 uni-

343 2485 556 2547 versim
592 2486 926 2550 hierarchia
949 2488 1194 2552 definita
1217 2490 1291 2550 sit
1320 2508 1491 2552 sacer
1518 2489 1754 2566 ordo,et
1786 2487 1990 2551 scien-

342 2575 444 2651 tia,
495 2588 556 2639 et
605 2579 893 2657 operatio,
942 2580 1259 2655 accedens,
1315 2589 1600 2661 quantum
1653 2581 1736 2641 fas
1770 2588 1883 2658 est,
1917 2578 1990 2641 ad

341 2666 830 2744 deiformitatem,
866 2689 976 2732 nec
1009 2689 1126 2732 non
1160 2671 1350 2732 insitis
1380 2670 1494 2732 sibi
1531 2670 1814 2732 divinitus
1845 2669 1990 2730 illu-

339 2757 749 2833 strationibus,
789 2761 1174 2839 proportione
1204 2760 1458 2842 quadam
1491 2761 1562 2822 ad
1593 2759 1702 2822 Dei
1731 2759 1993 2823 adducta

337 2847 730 2910 imitationem
779 2849 1092 2911 considera
1125 2851 1226 2912 hic
1254 2850 1415 2912 illam
1464 2851 1813 2914 hierarchiae
1847 2870 1989 2932 par-

339 2944 622 3017 tem,quaa
651 2946 741 2998 est
771 2939 1022 3000 scientia
1046 2939 1167 3002 sive
1206 2941 1654 3022 contemplatio,
1689 2941 1988 3021 quomodo

337 3025 412 3088 ad
445 3027 906 3090 deiformitatem
929 3038 1406 3110 componatur,et
1429 3048 1688 3112 quonam
1718 3030 1890 3092 modo
1914 3031 1986 3092 ad

334 3115 689 3178 imitandum
717 3115 862 3178 Dem
884 3117 1246 3183 adducatur:
1275 3121 1481 3202 utique
1511 3140 1628 3182 non
1665 3121 1722 3182 in
1770 3120 1985 3198 imagi-

2079 585 2340 663 Ἀϐραάμ,
2396 589 2482 644 καὶ
2537 590 2564 644 6
2623 585 2837 644 Ἰακώϐ·
2893 587 2980 643 καὶ
3041 583 3126 642 διὰ
3184 587 3403 664 νοερῶν,
3457 585 3530 650 ὡς
3595 587 3622 642 6
3679 584 3744 644 ὲκ

2080 683 2182 734 τῶν
2226 677 2512 758 προφητῶν
2561 677 2746 756 εἰπὼν,
2805 675 2908 738 Καὶ
2958 673 3069 733 ίδοὺ
3102 671 3314 754 πλήρης
3347 671 3507 742 δόξης
3536 674 3564 731 ό
3594 677 3743 740 οἶκος

2077 766 2275 845 Κυρίου
2307 784 2322 799 '
2383 767 2459 830 τίς
2517 767 2616 845 γὰρ
2673 766 2738 835 ἦν
2779 767 2814 836 ἡ
2871 764 2992 833 δόξα
3046 765 3250 838 ἐκείνη,
3309 765 3737 841 κατανοήσομεν.

2080 864 2198 939 Οὒχ
2264 859 2401 918 οὕτω
2458 861 2630 916 τοίνυν
2673 859 2760 916 καὶ
2816 860 2868 916 αἱ
2926 859 3159 938 οὖράνιαι
3215 856 3463 922 δδνάιιιις
3522 858 3741 938 Θεωροὶ,

2080 946 2196 1007 οὒδὲ
2240 955 2310 1028 τῇ
2362 948 2601 1022 ποικιλίᾳ
2653 949 2757 1006 τῶν
2811 950 3194 1029 ἱερογρασριιιῶν
3247 947 3482 1025 Θεωριῶν
3529 947 3615 1004 ἐπὶ
3671 949 3741 1006 τδ

2079 1043 2222 1096 Θετον
2267 1039 2573 1118 ἀνάγονται·
2632 1038 2770 1096 ἀλλά
2811 1039 3132 1118 Θεωρητικαὶ
3176 1035 3448 1117 λέγονται,
3483 1039 3555 1101 ὡς
3589 1039 3737 1096 ἀπο-

2078 1128 2444 1209 πληρούμεναι
2483 1131 2658 1209 φωτὸς
2700 1128 3053 1210 ὑψηλοτέρου·
3085 1128 3280 1204 καὶμὴ
3331 1129 3494 1204 μόνον
3537 1129 3736 1200 αἰσθή-

2080 1245 2238 1297 σεως,
2273 1221 2410 1279 ἀλλά
2439 1225 2526 1280 καὶ
2566 1223 2746 1290 πάσης
2805 1221 2965 1283 αῢλου
3018 1222 3292 1302 γνώσεως,
3327 1222 3416 1279 καὶ
3450 1220 3736 1295 ἐμπιπλά-

2082 1335 2235 1387 μεναι
2278 1318 2376 1380 τῆς
2419 1315 2510 1370 τοῦ
2565 1312 2736 1376 ὅντως
2793 1314 2882 1370 καὶ
2937 1313 3126 1392 κυρίως
3187 1310 3374 1391 καλοῦ,
3437 1317 3536 1379 της
3588 1311 3739 1378 Θείας

2081 1402 2223 1482 λέγω
2257 1405 2345 1461 καὶ
2414 1402 2688 1482 τριαδικῆς
2740 1403 2982 1482 Θεωρίας⁹
3037 1404 3134 1470 τῆς
3192 1400 3247 1458 δὲ
3301 1402 3479 1469 Ἰησοῦ
3530 1425 3736 1460 κοινω-

2077 1495 2188 1557 νίας
2237 1493 2553 1572 ἡξιωμέναι,
2610 1493 2709 1561 τῆς
2768 1493 3010 1574 μετοχῆς
3059 1491 3200 1571 λέγω
3245 1492 3332 1548 καὶ
3408 1496 3504 1559 τῆς
3551 1489 3734 1572 δόξης,

2076 1585 2164 1640 καὶ
2227 1584 2324 1651 τῆς
2405 1582 2782 1661 λαμπρότητος
2856 1590 2946 1639 τοῦ
3016 1583 3263 1658 σώματος
3318 1581 3409 1638 τοῦ
3479 1589 3732 1659 Χριστοῦ·

2079 1673 2213 1743 μετὰ
2267 1674 2461 1750 σαρκὸς
2518 1674 2617 1751 γὰρ
2670 1679 2746 1746 τῷ
2806 1673 2968 1747 Πατρὶ
3038 1671 3324 1748 συνεδρεόει
3385 1673 3412 1727 6
3469 1673 3588 1735 Υἱὸς
3645 1671 3737 1727 καὶ

2077 1763 2243 1842 Λόγος
2293 1763 2475 1825 αὒτοῦ.
2509 1763 2658 1820 Ἐπεὶ
2716 1761 2770 1818 δὲ
2825 1761 3048 1819 καθόλου
3080 1764 3113 1830 ἡ
3143 1762 3387 1842 ἶεραρχία
3417 1761 3562 1826 τάξις
3611 1761 3730 1839 ἱερά

2077 1855 2299 1932 ὡρίσθη,
2358 1855 2443 1908 καὶ
2501 1855 2793 1928 ἒπισττξμε,
2858 1855 2945 1908 καὶ
3005 1853 3266 1932 ἐνέργεια,
3327 1851 3735 1932 ἀφομοιουμένη

2077 1947 2151 2010 ὡς
2179 1946 2416 2026 ξφικτὸδ,
2447 1948 2575 2024 πρὸς
2629 1948 2690 2001 τὸ
2735 1944 2986 2025 θεοειδὲς,
3043 1947 3130 2002 καὶ
3180 1944 3454 2023 ἀναλόγως
3484 1958 3606 2007 ταῖς
3636 1943 3734 2000 ὲν-

2078 2033 2370 2111 διδομέναις
2427 2035 2756 2110 ἐλλάμψεσιν
2805 2036 2888 2092 ἐπὶ
2921 2037 2979 2091 τὸ
3011 2036 3334 2110 θεομίμητον
3393 2034 3732 2113 ἀναγομένη,

2077 2126 2295 2181 ἐνταῦθα
2353 2127 2548 2202 σκέψαι
2607 2128 2668 2182 τὸ
2720 2125 2880 2206 μέρος
2940 2131 3039 2193 τῆς
3090 2124 3392 2206 ἷεραρχίας,
3447 2125 3546 2192 τὴν
3607 2124 3737 2182 ἔπι-

2076 2214 2316 2290 σττξρην,
2376 2215 2533 2293 ἠγουν
2587 2218 2828 2293 Θεωρίαν,
2893 2219 3005 2280 πῶς
3041 2218 3169 2292 πρὸς
3219 2217 3280 2271 τὸ
3330 2212 3553 2279 θεοειδὲς
3586 2237 3737 2294 αιρω⁶

2076 2306 2330 2384 μοίωται,
2364 2308 2448 2362 καὶ
2497 2313 2610 2370 πῶς
2672 2307 2922 2384 ἀνάγεται
2978 2307 3108 2377 πρός
3151 2307 3210 2362 τὸ
3240 2305 3588 2382 Θεομίμητον
3636 2305 3738 2361 οὒκ

2074 2398 2128 2451 ἓν
2196 2395 2359 2452 εἰκόσι
2432 2398 2556 2473 γοῦν
2615 2399 2765 2475 ἱερῶς
2822 2395 3163 2459 πλασθείσαις
3229 2397 3371 2467 παρᾶ
3427 2395 3531 2452 τῶν
3585 2417 3734 2474 προ-

2075 2492 2258 2563 φητῶν
2329 2485 2660 2542 ἀποτυπούσι
2734 2486 2835 2554 τὴν
2904 2487 3044 2543 Θείαν
3116 2487 3419 2562 ὁμοίωσιν,
3484 2486 3616 2564 πρὸς
3675 2486 3736 2542 τὸ

2074 2573 2300 2640 θεοειδές
2354 2577 2751 2654 ἀφωμιίωνται,
2817 2576 2905 2655 (τὸ
2963 2578 3290 2633 ἀποτυποῠσι
3362 2573 3418 2632 δὲ
3476 2576 3590 2632 ἀντὶ
3641 2583 3736 2634 τοῦ

2074 2679 2198 2731 ταῖς
2231 2667 2648 2740 ἀποτυπούσαις,
2694 2668 2755 2722 τὸ
2804 2667 3083 2741 ἀρσενικὸν
3129 2667 3242 2723 ἀντὶ
3299 2664 3530 2734 Θηλυκοῦ
3587 2665 3732 2723 ἀττιο

2073 2764 2207 2831 κῶς,
2268 2759 2341 2820 ὡς
2384 2755 2445 2812 τό
2501 2754 2709 2820 Κλυτὸς
2767 2747 3171 2836 Ἱπποδάμειαν)
3207 2755 3342 2812 ἀλλά
3372 2763 3486 2820 πῶς
3518 2759 3732 2834 Θεωρη-

2073 2849 2240 2924 τικαὶ,
2293 2849 2367 2911 ὡς
2425 2845 2638 2911 ἀληθῶς
2703 2847 2844 2920 αὒτῷ
2891 2843 3309 2926 πλησιάζουσαι,
3345 2847 3432 2902 καὶ
3472 2843 3598 2926 δίχα
3626 2845 3736 2903 τῶν

2072 2935 2481 3014 ἰεροπλαστιῶνο
2539 2942 2692 2992 τοῦτο
2747 2936 2846 3014 γὰρ
2901 2935 3010 2992 ἔστι
3070 2939 3132 2993 τὸ
3183 2939 3240 2992 ὲν
3298 2937 3483 3014 πρώτῃ
3531 2957 3734 3011 μετου-

2073 3027 2156 3098 σίᾳ
2188 3030 2281 3094 τῆς
2311 3025 2585 3103 γνώσεως,
2644 3027 2800 3081 οἱονεὶ
2860 3024 3074 3100 ἀμέσως
3135 3028 3222 3083 καὶ
3280 3023 3407 3106 δίχα
3437 3023 3738 3101 συμϐάλων

2071 3117 2474 3172 ὑποτυπούντων
2525 3119 2624 3181 τὴν
2671 3116 2948 3190 ὁμοίωσιν.
3010 3117 3070 3173 Τί
3112 3117 3211 3195 γὰρ
3263 3115 3490 3181 ἐκείναις
3522 3118 3548 3172 6
3580 3138 3736 3191 σαμ-

336 3205 511 3268 nibus
543 3225 715 3268 sacro
751 3207 927 3270 modo
961 3209 1138 3290 ﬁctis,
1167 3211 1588 3290 prophetarum
1614 3229 1802 3285 more,
1835 3211 1984 3272 divi-

2071 3215 2279 3284 φεῠρος,
2333 3206 2420 3261 καὶ
2471 3206 2498 3260 6
2544 3204 2800 3283 ἤλεκτρος
2832 3253 2848 3284 ,
2907 3207 2993 3261 καὶ
3025 3211 3129 3261 πᾶν
3184 3207 3228 3262 εἰ
3283 3229 3331 3261 τι
3401 3205 3736 3280 τοιουτότρο-

335 3313 472 3357 nam
507 3297 981 3376 exprimentibus
1011 3299 1492 3382 similitudinem,
1517 3320 1582 3363 ac
1605 3301 1985 3363 deiiormita-

338 3384 600 3447 mitatem
661 3389 1109 3452 conformantur
1184 3389 1412 3468 (erce
1467 3393 1815 3463 ἀποτυποῦσι,
1880 3411 1985 3472 pro

334 3475 755 3560 ἀποτυπούσαις,
821 3480 1214 3542 masculinum
1277 3501 1382 3562 pro
1440 3481 1729 3543 feminino
1764 3483 1983 3563 posuit,

334 3567 668 3630 Atticorum
718 3588 910 3646 more,
943 3572 1098 3633 sicut
1151 3571 1338 3638 ιλυεὸς
1372 3571 1722 3649 Ἱπποδάμεια
1747 3573 1848 3635 sed
1894 3572 1984 3632 di-

336 3664 551 3719 cuntur
583 3661 1082 3741 contemplantes,
1122 3671 1399 3743 tanquam
1446 3663 1560 3742 ipsi
1592 3681 1728 3725 vere
1759 3681 1981 3744 appro-

334 3750 864 3830 pinquantes,sine
894 3751 1082 3813 sacris
1115 3753 1652 3833 etl‘ormationibus,
1687 3755 1799 3816 hoc
1823 3753 1981 3814 enim

335 3846 423 3900 est
441 3839 498 3899 in
519 3839 801 3920 primaria
821 3840 1277 3922 participatione
1303 3844 1856 3924 cognitionis,quasi
1876 3843 1985 3903 im~

333 3929 598 3991 mediate
630 3938 688 3991 et
719 3934 870 3993 citra
903 3932 1169 4011 symbola
1218 3933 1670 3996 similitudinem
1703 3933 1978 4012 efﬁgian-

334 4018 593 4110 tia.Quid
612 4023 774 4110 enim
800 4021 913 4084 illis
936 4023 1199 4085 conferat
1227 4026 1636 4110 sapphirum“
1663 4025 1979 4105 electrum,

335 4118 394 4170 et
418 4108 711 4188 quidlibet
755 4113 993 4190 generis
1025 4115 1320 4194 ejusdem,
1341 4108 1425 4176 ad
1456 4114 1671 4175 divina:
1701 4132 1982 4175 corusca-

334 4199 512 4261 tionis
535 4203 1270 4286 contemplationem,cum
1304 4205 1436 4286 ejus
1467 4204 1815 4266 immediate
1840 4223 1979 4285 par-

333 4290 578 4371 ticipent
625 4293 1069 4371 cognitionem?
1137 4297 1444 4370 Quomodo
1493 4304 1688 4356 autem
1723 4295 1982 4374 cognitio

329 4390 504 4462 atque
553 4385 974 4465 contemplatio
1027 4384 1102 4446 ad
1181 4385 1640 4447 deiformitatem
1696 4384 1985 4447 assimilat

330 4481 842 4550 cognoscentem?
875 4474 1013 4556 quia
1040 4478 1455 4557 contemplans
1483 4475 1835 4552 admiratur,
1869 4476 1980 4537 ad-

329 4561 554 4624 mirans
603 4565 932 4644 desiderat,
986 4564 1341 4626 desiderans
1377 4564 1668 4646 expiatur.
1710 4565 1983 4645 expiatus

326 4667 468 4713 vero
501 4669 605 4732 pro
631 4654 977 4717 conditione
999 4655 1329 4718 caelestium
1358 4662 1746 4719 essentiarum
1769 4675 1984 4736 cogno-

327 4745 439 4802 scit
469 4741 894 4823 expiationem,
931 4751 1012 4817 et,
1047 4744 1204 4806 sicut
1231 4764 1412 4826 supra
1445 4746 1669 4808 dictum
1702 4754 1815 4820 est,
1851 4746 1985 4808 dei-

326 4837 539 4902 formis
570 4841 847 4922 efﬁcitur,
883 4849 943 4905 et
969 4842 1042 4904 ad
1076 4844 1538 4906 deit'ormitatem
1581 4845 1982 4912 assimilatur.

329 4939 640 5013 Quomodo
663 4959 803 5004 vero
831 4943 1007 5005 etiam
1035 4944 1109 5006 ad
1137 4944 1241 5007 Dei
1268 4943 1662 5008 imitationem
1691 4945 1987 5007 adducan-

327 5048 445 5116 tur,
473 5039 805 5106 tradit.Hoc
836 5043 1030 5123 ipsum
1063 5061 1200 5106 vero
1231 5045 1408 5106 etiam
1439 5045 1512 5106 iis
1555 5045 1840 5108 donatum
1867 5053 1978 5131 est,

323 5138 642 5222 ipsumque
672 5140 1049 5224 participant,
1075 5161 1192 5204 non
1217 5143 1279 5205 in
1307 5151 1518 5218 totum,
1553 5143 1660 5205 sed
1691 5151 1978 5224 quantum

327 5237 414 5300 fas
446 5249 538 5302 est
567 5239 777 5304 amicis
828 5243 958 5322 ejus
997 5241 1340 5320 virtutibus,
1373 5243 1467 5304 65
1483 5261 1617 5325 quae
1642 5243 1809 5323 juxta
1840 5261 1978 5325 pro-

327 5337 566 5417 phetam
626 5338 842 5403 calum
902 5341 1214 5423 obtegunt,
1281 5341 1852 5422 contemplantibus,
1903 5341 1977 5404 ad

328 5453 476 5513 quas
510 5455 614 5516 per
639 5440 1172 5522 contemplationes
1204 5438 1671 5521 adducuntur,in
1698 5441 1978 5522 primaeva

327 5535 559 5600 scilicet
593 5539 825 5615 virtute;
863 5559 995 5604 nam
1033 5540 1491 5603 illustrationem
1521 5540 1650 5602 aliae
1693 5560 1799 5622 per
1829 5541 1974 5604 alias

322 5635 854 5718 accipiuntaDeo,
904 5642 1008 5703 sed
1067 5640 1140 5703 ad
1199 5640 1396 5714 ipsum
1450 5639 1875 5719 intentionem,
1918 5650 1977 5704 et

405 5824 431 5852 c
461 5803 673 5871 Ezech.
709 5827 871 5890 xun,
909 5813 973 5874 5.

2071 3318 2170 3352 πον
2215 3296 2344 3373 πρὸς
2392 3295 2613 3373 Θεωρίαν
2662 3301 2762 3362 τῆς
2814 3296 2956 3358 Θείας
3017 3296 3400 3375 μαρμαρυγῆς,
3434 3296 3487 3352 ἐν
3545 3295 3734 3372 ἀμέσῳ

2069 3383 2245 3449 οὔσαις
2279 3387 2530 3460 μετουσίᾳ
2584 3391 2680 3452 τῆς
2727 3386 3002 3463 γνώσεωςς
3069 3389 3183 3452 Πῶς
3241 3385 3294 3442 δὲ
3345 3389 3378 3455 ἡ
3411 3393 3606 3464 γνῶσις
3639 3389 3733 3444 καὶ

2069 3476 2103 3543 ἡ
2137 3476 2334 3552 Θεωρία
2365 3475 2626 3553 ἀφομοιοῖ
2675 3477 2804 3550 πρὸς
2863 3477 2923 3531 τὸ
2981 3474 3208 3541 θεοειδὲς
3240 3477 3330 3532 τὸν
3372 3475 3728 3555 γινώσκοντας

2074 3565 2149 3623 ὅτι
2184 3568 2210 3623 ό
2243 3571 2454 3646 Θεωρῶν
2483 3569 2758 3647 θαυμάζει,
2814 3571 2841 3624 6
2893 3569 3175 3643 Θαυμάζων
3229 3572 3409 3642 ποθεῖ,
3473 3571 3500 3624 6
3550 3571 3730 3625 ποθῶν

2069 3658 2394 3736 καθαίρεται,
2430 3660 2457 3712 ὂ
2511 3659 2891 3735 καθαιρόμενος
2943 3657 3250 3736 (ἀναλόγως
3305 3657 3359 3714 δὲ
3416 3660 3540 3719 ταῖς
3573 3655 3731 3734 οὖρά-

2071 3749 2202 3812 νίαις
2280 3749 2478 3812 οὗσίαις
2550 3761 2664 3804 νοεῖ
2732 3749 2828 3816 τὴν
2894 3749 3170 3828 κάθαρσιν,
3237 3748 3412 3811 καθὼς
3480 3746 3732 3826 ἀνωτέρω

2070 3836 2320 3917 Eli/pm)
2374 3835 2606 3904 Θεοειδὴς
2660 3841 2900 3916 γίνεται,
2944 3839 3031 3894 καὶ
3076 3840 3207 3917 πρὸς
3237 3839 3297 3894 τὸ
3326 3833 3549 3900 Θεοειδὲς
3582 3838 3732 3916 ἀφω-

2067 3929 2313 4002 μοίωται.
2375 3933 2499 3990 Πῶς
2531 3926 2586 3983 δὲ
2635 3929 2721 3984 καὶ
2758 3930 2888 4007 πρὸς
2935 3929 2996 3984 τὸ
3057 3928 3384 4003 θεομίμητον
3443 3926 3726 4004 ἀνάγεται,

2067 4019 2217 4096 φησί.
2286 4017 2590 4096 Δεδώρηται
2658 4015 2712 4072 δὲ
2770 4019 2860 4074 καὶ
2919 4019 3045 4076 αὐτὸ
3091 4019 3330 4092 ταύταις,
3391 4018 3478 4073 καὶ
3523 4038 3728 4073 κοινω-

2065 4116 2241 4164 νοῦσιν
2283 4112 2342 4167 οὗ
2372 4105 2438 4164 δι’
2500 4105 2652 4188 ὅλου,
2712 4105 2831 4164 αλλ’
2888 4106 3011 4164 ὅσον
3047 4107 3260 4188 ἐφικτόν
3311 4107 3421 4163 ἐστι
3476 4119 3599 4170 ταῖς
3634 4129 3731 4186 ιρι-

2067 4196 2396 4277 λανθρώποις
2475 4198 2628 4253 αὐτοῦ
2688 4195 2902 4276 ἀρεταῖς
2967 4211 3088 4264 ταῖς
3137 4196 3526 4260 καλυπτούσαις
3581 4197 3722 4253 κατά

2065 4290 2156 4344 τὸν
2212 4288 2496 4367 προφήτην
2548 4289 2667 4349 τοὺς
2729 4287 2978 4367 οὖρανοὺς
3027 4299 3149 4350 ταῖς
3210 4291 3592 4365 Θεωρητικατς,
3645 4287 3725 4351 εἰς

2065 4379 2126 4443 ἆς
2171 4376 2257 4433 διὰ
2315 4381 2414 4443 τῆς
2464 4377 2683 4454 Θεωρίας
2731 4377 3041 4456 ἀνάγονται,
3077 4375 3130 4431 ἐν
3163 4381 3489 4454 πρωτουργῷ
3519 4373 3728 4444 δηλαδὴ

2066 4465 2308 4542 δυνάμεισ
2360 4466 2456 4532 τὴν
2514 4466 2614 4543 γάρ
2662 4463 2928 4542 ἕλλαμψιν
2974 4464 3128 4544 ἕτερα
3157 4463 3222 4522 δι’
3256 4464 3426 4532 ἄλλης
3463 4463 3726 4540 λαμϐάνει

2007 4542 2127 4614 οἰκ
2180 4563 2277 4612 τοῦ
2336 4563 2488 4628 θεοῦ,
2525 4556 2619 4622 τὴν
2679 4554 2732 4611 δὲ
2793 4558 2922 4635 πρὸς
2969 4558 3126 4614 αὐτὸν
3155 4556 3306 4616 τάσιν
3358 4555 3446 4612 καὶ
3475 4555 3722 4634 θεωρίαν,

2068 4649 2154 4704 καὶ
2197 4645 2397 4726 ἔφεσιν,
2451 4645 2630 4723 ὥσπερ
2679 4645 2725 4701 εί
2790 4647 2927 4714 ἦσαν
3000 4646 3202 4702 ἅπασαι
3265 4649 3496 4723 πρῶται,
3552 4643 3723 4710 οὕτως

2068 4738 2398 4815 ἐργάζονται,
2452 4734 2488 4803 ἣ
2567 4733 2619 4790 ἒν
2691 4742 3043 4814 πρωτουργῷ,
3117 4735 3274 4792 οἱονεὶ
3331 4735 3718 4814 πρωτοτάκτῳ·

2068 4834 2268 4906 πρῶται
2327 4827 2425 4904 γὰρ
2485 4826 2634 4880 αὗται
2708 4825 3039 4905 ετάχθησαν.
3105 4825 3335 4901 Ὀμοίως
3407 4823 3570 4881 πάλιν
3629 4833 3722 4888 καὶ

2070 4919 2168 4984 τὴν
2226 4912 2504 4991 μετάδοσιν
2565 4917 2663 4980 τῆς
2695 4911 3017 4991 ἐλλάμψεως
3048 4917 3180 4994 πρὸς
3232 4914 3327 4980 τὰς
3383 4913 3474 4971 ὑπ’
3531 4913 3720 4994 αὐτὰς,

2066 5007 2155 5063 καὶ
2205 5005 2336 5082 πρὸς
2395 5003 2518 5063 τοὺς
2583 5001 2911 5084 ἀνθρώπους,
2945 5005 3005 5061 οὒ
3049 5003 3184 5078 μετά
3242 5003 3434 5084 φθόνου
3462 5005 3552 5061 καί
3580 5025 3720 5086 τινο,

2065 5101 2335 5154 ποιοῦνται
2369 5089 2791 5170 γλισχρότητος,
2825 5090 2944 5148 ἀλλ’
2975 5092 3212 5174 ἀφθόνως
3268 5093 3356 5151 καὶ
3413 5091 3724 5173 πληρεστά·

2062 5209 2196 5266 τως,
2230 5183 2410 5258 ὥσπερ
2455 5180 2516 5236 ἅν
2576 5180 2714 5248 ἦσαν
2768 5189 2935 5239 πᾶσαι
2966 5185 3031 5241 τὰ
3061 5187 3159 5250 τῆς
3211 5181 3532 5260 ἰλλάμψεως
3563 5190 3728 5263 πρῶ-

2060 5299 2148 5334 ται
2206 5273 2521 5354 δεχόμεναι·
2579 5276 2735 5328 τοῦτο
2791 5273 2892 5351 γὰρ
2939 5274 3027 5330 καὶ
3079 5273 3267 5352 πρῴην
3312 5275 3348 5342 ἡ
3391 5275 3727 5349 Θεομιμησία

2062 5367 2298 5446 ἐλέγετο,
2345 5364 2407 5420 τὸ
2472 5361 2600 5439 πρὸς
2651 5360 2772 5425 τοὺς
2826 5361 3105 5438 δεομένους
3149 5364 3243 5420 καὶ
3283 5362 3458 5429 ἀξίους
3488 5361 3728 5437 μεταδο-

2061 5459 2229 5517 τικόνο
2289 5455 2376 5512 καὶ
2430 5458 2517 5508 νῦν
2561 5458 2716 5508 τοῦτο
2772 5450 3010 5532 λέγεται,
3045 5451 3127 5510 ὅτι
3170 5453 3308 5510 κατὰ
3337 5463 3491 5513 τοῦτο
3523 5475 3728 5511 κοινω-

2061 5550 2202 5609 νοῡςί
2260 5558 2383 5606 ταῖς
2443 5540 2834 5622 φιλανθρώποις
2891 5544 3109 5622 ἀρεταῖς
3171 5547 3262 5600 τοῧ
3294 5552 3454 5607 Θεοῦ.
3494 5534 3728 5623 "ante?

2059 5642 2158 5720 γὰρ
2213 5639 2275 5695 τὸ
2327 5631 2616 5710 Θεοπρεπὲς
2656 5632 2851 5698 καλλος
2900 5633 3252 5714 μεταδοτιιιόν
3281 5636 3390 5695 ἐστι
3420 5637 3540 5695 κατ’
3573 5636 3721 5706 ἀξίαν
