4052 6422
308 304 432 376 225

743 311 842 377 DE
885 311 1237 377 C(ELESTI
1280 302 1781 393 HIERARCHIA,
1829 308 1996 376 CAP.
2041 305 2179 377 VII.
2229 345 2304 356 —
2351 301 2741 375 PARAPHR.
2790 306 3285 375 PACHYMER/E

3586 309 3705 379 226

301 457 401 507 τοῦ
431 446 639 507 οἷκεόου
680 449 881 526 φωτὸς,
944 448 1088 505 οὕτω
1153 449 1240 505 καὶ
1297 450 1447 505 αὗται
1476 449 1606 526 πρὸς
1636 446 1756 510 τοὺς
1790 446 1961 511 ἀξίους

2057 446 2637 524 contemplationem,
2673 452 2733 506 et
2760 443 3042 505 aﬂectum
3095 444 3176 505 ita
3232 446 3517 529 dirigunt,
3552 467 3621 511 ac
3653 450 3704 511 si

301 534 649 613 μεταδιδόασι
683 540 780 600 τῖς
814 538 1136 614 ἐλλάμψεως
1194 538 1430 618 ἀφθόνως
1486 538 1650 613 ταύτῃ
1683 538 1770 592 καὶ
1812 535 1962 603 πλη-

302 628 604 707 ρεστᾶτως.
639 626 804 696 ’¹Ηδη
865 630 993 708 φησὶ
1050 630 1139 684 καὶ
1196 633 1301 693 τῶς
1359 625 1605 705 λέγονται
1643 624 1963 701 τετελεσμέ-

303 741 393 773 ναι
451 719 503 774 αί
558 718 701 774 θεῖαι
733 716 1004 794 δυνάμεις,
1072 709 1222 775 Ἐπεὶ
1274 716 1445 774 τοίνυν
1477 719 1641 791 ἡμεῖς
1672 715 1963 777 τελούμεοα

300 806 392 863 διὰ
423 814 521 876 τῆς
552 806 878 873 ἆναλῦτικῆς
926 808 1255 882 ἐπιστήμης,
1306 808 1402 875 τῆς
1461 806 1828 873 ὲΞαπλωτιιιῆς
1860 804 1962 873 δη-

298 895 487 953 λονότι
541 899 630 954 καὶ
702 896 1033 975 ἓξηγητικῆς
1091 898 1180 952 καὶ
1236 898 1606 975 ἀναγωγικῆς,
1669 901 1766 962 τῆς
1825 899 1966 975 ἱερᾶς

297 986 573 1052 ποικιλίας
640 993 739 1053 τῆς
796 990 902 1042 τῶν
964 985 1302 1061 σὺμὸολικῶν
1376 984 1624 1053 δηλονότι
1684 987 1965 1060 θεαμάτων

300 1078 586 1151 μυήσεως,
656 1078 708 1131 αἱ
770 1079 909 1133 Θεῖαι
970 1074 1215 1150 δυνάμεις
1276 1079 1379 1156 οὺχ
1439 1076 1602 1137 οὕτως
1668 1074 1963 1156 τελοῦνται,

298 1164 429 1221 ἀλλ’
463 1168 536 1232 ὡς
571 1165 1051 1244 ἁποπληρούμεναι
1089 1172 1188 1232 τῆς
1238 1166 1456 1241 πρώτης
1504 1167 1589 1221 καὶ
1621 1166 1680 1221 οὔ
1739 1171 1837 1233 τῆς
1886 1164 1967 1222 διὰ

300 1256 489 1331 μέσων
552 1254 837 1333 συμϐόλων
908 1258 1278 1336 ὑπερεχούση;
1350 1257 1590 1321 Οεώσεως
1663 1258 1801 1313 κατὰ
1870 1258 1967 1325 τὴν

1778 1347 1835 1402 ὅν
1868 1344 1968 1414 δὴ·

300 1348 615 1425 ὑπερτάτην
674 1348 783 1402 των
841 1346 1010 1426 ἔργων
1071 1353 1165 1402 τοῦ
1223 1349 1355 1403 Bac-3
1409 1346 1741 1426 ἐπιστήμην,

297 1438 393 1491 καῖ
451 1444 595 1493 πᾶσα
655 1438 903 1517 ἱεραρχία
962 1437 1306 1515 καθηγεμόνα
1366 1437 1461 1504 τῆς
1522 1435 1825 1512 ἐπιστήμης
1885 1439 1973 1493 καὶ

2048 552 2256 596 omnes
2289 542 2492 596 essent
2536 535 2763 615 primae,
2819 536 2907 597 vel
2954 534 3014 594 in
3077 536 3355 616 primmvo
3407 558 3474 599 ac
3508 540 3699 618 primo

2048 625 2215 703 quasi
2249 626 2568 706 ordinato;
2604 625 2811 705 primm
2844 624 3003 686 enim
3034 625 3177 704 ipsae
3208 627 3495 691 ordinatae
3538 640 3697 692 sunt.

2047 712 2343 777 Similiter
2374 716 2613 788 iterum,
2648 714 2825 776 etiam
2861 733 3075 775 munus
3110 716 3536 780 tranfundendi
3568 720 3704 781 illu-

2048 803 2397 865 strationem
2432 804 2493 866 in
2528 804 2869 874 inferiores,
2921 812 2981 866 et
3032 810 3091 865 in
3143 806 3417 868 homines
3454 809 3703 871 minime

2054 912 2186 954 cum
2236 893 2456 955 invidia
2509 893 3151 975 velaliquatenacitate
3174 896 3419 973 faciunt,
3444 898 3546 959 sed
3571 899 3701 961 sine

2052 983 2237 1045 livore
2266 992 2325 1045 et
2352 984 2847 1057 luculentissime,
2870 1003 2939 1046 ac
2960 984 3010 1045 si
3040 1004 3248 1047 omnes
3273 996 3472 1049 essent
3499 990 3701 1067 prima;

2053 1092 2186 1152 quae
2220 1074 2677 1136 itlustrationem
2712 1075 3051 1155 excipiunt:
3083 1076 3415 1138 istiusmodi
3444 1097 3700 1161 namque

2052 1162 2112 1223 in
2141 1183 2359 1243 egenos
2414 1174 2471 1226 et
2531 1165 2743 1242 dignos
2774 1165 3139 1241 distributio,
3173 1166 3373 1228 divina
3404 1171 3701 1251 quondam

2054 1254 2368 1315 dicebatur
2398 1256 2684 1333 imitatio;
2712 1262 2792 1317 uti
2820 1256 3145 1318 etiamnum
3182 1258 3591 1341 dicitur,quod
3613 1281 3705 1324 se-

2056 1344 2318 1406 cundum
2350 1345 2461 1406 hoc
2492 1345 2698 1407 amicis
2737 1346 2841 1408 Dei
2892 1346 3205 1408 virtutibus
3237 1353 3702 1413 communicent.

2056 1433 2571 1506 Quemadmodum
2603 1437 2758 1498 enim
2786 1455 2855 1497 ea
2880 1455 3007 1515 quae
3037 1436 3221 1498 Deum
3254 1438 3426 1501 decet
3448 1443 3707 1522 pulchri-

294 1532 405 1593 τῆς
440 1526 705 1605 ἐνεργείας
753 1526 894 1606 ἔχει,
932 1532 1094 1583 [Iam
1142 1525 1197 1581 δὲ
1257 1528 1385 1582 εἰσιν
1446 1528 1496 1582 αἱ
1554 1530 1695 1583 θεῖαι
1740 1525 1971 1593 ἐπιστῆ-

2059 1524 2199 1585 tudo
2254 1525 2654 1586 communicat
2707 1529 3035 1587 secundum
3098 1527 3439 1607 dignitatem
3501 1532 3705 1594 lumen

297 1640 432 1696 μαι,
500 1620 586 1674 οιαὶ
648 1621 699 1673 αἱ
755 1617 1063 1697 Οεουργίαι;
1133 1618 1194 1672 τὸ
1251 1617 1535 1694 καθαίρειν,
1592 1618 1652 1672 τὸ
1706 1617 1972 1697 φωτίζειν,

2061 1614 2366 1689 suum;ita
2385 1617 2562 1677 etiam
2587 1618 2678 1677 hac
2727 1616 2857 1676 sine
2907 1616 3125 1677 invidia
3156 1620 3621 1702 plenissimeque
3645 1622 3705 1685 in

295 1710 361 1763 τὸ
424 1705 629 1787 ’τελεῖν²
665 1710 739 1770 ὡς
770 1707 832 1761 ἅν
862 1706 1119 1785 ἀγγά).οις
1153 1704 1206 1761 δὲ
1239 1706 1419 1779 εἶπεν⁹
1464 1704 1648 1773 ἐπειδὴ
1715 1710 1763 1762 αἱ
1801 1708 1972 1763 τοιαῦ-

2058 1720 2161 1764 eos
2191 1703 2291 1784 qui
2325 1715 2635 1766 merentur
2665 1705 3031 1768 distribuunt
3067 1706 3546 1772 illustrationem.
3583 1712 3701 1774 De-

294 1819 389 1853 ται
419 1797 683 1875 θεουργίαι
711 1798 801 1853 καὶ
834 1796 888 1852 ἐν
920 1796 1215 1874 ἀνθρώποις
1245 1796 1504 1875 γίνονται,
1539 1795 1679 1851 ἀλλὰ
1731 1787 1802 1851 διε
1852 1796 1971 1851 ἐτέ-

2061 1812 2221 1853 mum
2255 1794 2740 1875 dicit,quomodo
2759 1795 2975 1857 divinae
3012 1797 3259 1858 virtutes
3282 1800 3561 1878 perfecta:
3591 1823 3704 1864 no-

295 1910 398 1965 ρας
428 1887 738 1961 ἐπιστήμης
798 1888 825 1942 ὁ
880 1888 1152 1964 φῳτισμὸς
1186 1883 1381 1942 δίδοται
1413 1887 1617 1948 τούτοις
1649 1888 1738 1945 καὶ
1791 1888 1825 1954 ἡ
1878 1908 1971 1942 τε-

2060 1883 2383 1947 minentur.
2399 1886 2546 1947 Cum
2564 1885 2759 1966 itaque
2780 1904 2886 1947 nos
2907 1887 3290 1967 perﬁciamur
3309 1908 3413 1969 per
3430 1892 3704 1971 peritiam

297 1977 547 2043 λεῖωσις.
586 1979 747 2033 Αὗται
794 1975 847 2032 δὲ
881 1979 934 2032 αἱ
964 1973 1383 2054 ὺπερϐεϐηκυϊαι
1415 1975 1667 2051 δυνάμεις
1702 1979 1758 2035 οὗ
1790 1974 1856 2031 δι’
1885 1973 1972 2032 ἅλ-

2058 1974 2792 2064 resolvendi,explanandi
2820 1976 3048 2038 scilicet
3072 1986 3130 2038 et
3154 1978 3577 2064 explicandi,et
3599 1987 3708 2047 ad-

296 2066 413 2123 λων
473 2068 640 2145 ἁγίων
694 2071 908 2140 οὐσιῶν,
968 2065 1105 2121 ἀλλὰ
1168 2065 1289 2142 παρ’
1349 2068 1513 2133 αὐτῆς
1572 2071 1668 2133 τῆς
1725 2067 1972 2146 Οεαρχίας

2060 2063 2320 2124 ducendi
2353 2082 2581 2125 sacram
2617 2066 2982 2141 varietatem,
3031 2067 3492 2148 symbolicorum
3530 2073 3707 2136 vide-

300 2157 789 2235 μυσταγωγοῦνται
848 2156 901 2211 ἐν
955 2163 1032 2229 τῷ
1091 2155 1181 2212 ἐπ’
1226 2156 1392 2221 αὕτην
1453 2155 1665 2231 ἂμέσως
1699 2156 1970 2211 ἀνατείνε-

2059 2150 2197 2213 licet
2231 2154 2735 2233 spectaculorum,
2771 2156 3177 2239 institutionis,
3212 2159 3426 2221 divina)
3459 2162 3709 2227 virtutes

302 2252 427 2304 σθαι
461 2248 517 2302 ἐν
552 2253 620 2323 τῇ
650 2244 867 2321 δυνάμει
899 2246 1097 2301 τούτων
1131 2248 1218 2301 καὶ
1267 2246 1433 2310 τάξει’
1491 2244 1605 2301 οὒδέ
1650 2247 1748 2324 γὰρ
1780 2247 1839 2301 ἐκ.
1868 2248 1968 2301 τά-

301 2337 435 2403 iam;
468 2338 634 2413 μόνον
664 2337 852 2416 ἔχουσι
909 2337 967 2392 τὸ
1020 2336 1150 2413 πρὸς
1208 2336 1336 2391 Θεὸν
1400 2337 1782 2405 ἀνατείνεσθαι,
1834 2335 1969 2393 ἀλλὰ

308 2431 393 2483 καὶ
428 2428 486 2483 ἐν
522 2426 819 2502 δυνάμεως.
856 2436 1020 2485 Τοῦτο
1053 2425 1105 2481 δὲ
1133 2426 1272 2481 ἐστιν
1318 2424 1448 2504 ὅπερ
1480 2426 1621 2503 Λέγει
1654 2429 1741 2482 καὶ
1773 2430 1797 2482 ὁ
1832 2435 1968 2483 Θεο-

313 2518 468 2595 1670;
508 2518 823 2598 Γρηγόριος·
869 2519 973 2573 05/.
1028 2515 1152 2573 οἶδα
1207 2516 1320 2571 εἴτε
1372 2517 1433 2572 ἐκ
1463 2517 1557 2591 τῇς
1590 2516 1971 2594 λαμπρότητος

307 2608 531 2687 ἔχουσιν
566 2610 662 2676 τὴν
687 2608 855 2681 τάξιν,
886 2606 998 2662 ε’ἷτε
1023 2606 1082 2662 ἐκ
1112 2612 1208 2672 τῆς
1240 2606 1435 2670 τάξεως
1464 2607 1560 2671 τὴν
1592 2607 1964 2685 λαμπρότητα’

300 2702 394 2754 καὶ
431 2700 537 2777 γὰρ
566 2697 786 2773 δύναμιν
818 2697 1034 2776 ἔχουσιν
1089 2698 1477 2776 {ampla-Lausum,
1511 2698 1598 2751 καὶ
1630 2695 1770 2760 τάξιν
1803 2697 1969 2772 ὑπερ·-

300 2787 612 2855 ϐεετριυταν
643 2790 732 2844 καὶ
761 2788 1062 2853 ἀνωτάτην.
1129 2787 1224 2844 Καί
1282 2785 1364 2841 διὰ
1421 2796 1600 2858 τοῦτο,
1647 2787 1720 2848 ὡς
1756 2786 1850 2843 υηέν
1879 2785 1968 2841 δύο

298 2902 471 2954 ναμιν
506 2878 752 2959 ἔχουσαι,
781 2880 912 2954 πρὸς
942 2879 1003 2932 τὸ
1035 2876 1302 2953 πάναγνον
1335 2877 1424 2931 καὶ
1456 2874 1676 2954 ἀρῥεπὲς
1710 2874 1971 2954 ἐδρχιοὺνο

298 2991 419 3042 ται,
456 2970 635 3025 mlo")
665 2967 1007 3024 διασείονται·
1070 2966 1224 3021 τοῦτο
1287 2967 1386 3044 γάρ
1445 2966 1550 3029 ἐςτι
1611 2968 1667 3022 τὸ
1720 2965 1968 3044 ἀρρεπὲς.

2052 2260 2431 2322 nequaquam
2455 2245 2567 2306 hoc
2588 2247 2761 2307 modo
2781 2245 3111 2322 initiantur,
3130 2248 3233 2309 sed
3251 2251 3415 2329 quasi
3439 2272 3468 2311 a
3490 2254 3700 2335 prima,

2052 2342 2109 2392 et
2128 2352 2497 2414 naquaquam
2516 2336 2727 2396 mediis
2748 2335 2956 2417 signis,
2975 2339 3461 2416 supereminente
3481 2342 3703 2407 deitate

2052 2422 2380 2501 replentur.
2439 2425 2768 2485 secundum
2829 2425 2985 2486 illam
3050 2446 3339 2488 summam
3391 2431 3697 2497 scientiam

2055 2530 2304 2603 operum
2334 2514 2465 2585 Dei,
2495 2533 2671 2595 quem
2706 2522 2763 2576 et
2792 2516 2987 2577 omnis
3021 2516 3357 2579 bierarcbia
3384 2533 3707 2603 praecepto-

2054 2619 2180 2662 rem
2206 2602 2471 2664 scientiae
2487 2616 2665 2683 atque
2690 2605 3057 2685 operationis
3077 2606 3274 2669 habet.
3291 2607 3509 2680 Quales
3528 2602 3704 2691 porro

2055 2700 2193 2753 sunt
2223 2693 2436 2754 divinae
2463 2694 2733 2756 scientia;
2758 2703 2816 2756 et
2845 2695 3223 2776 operationes
3244 2704 3270 2760 ?
3303 2700 3546 2779 expiare
3580 2703 3708 2764 illu-

2056 2781 2305 2855 minare,
2326 2785 2632 2863 perlicere.
2657 2786 3163 2865 quemadmodum
3190 2788 3247 2849 in
3273 2791 3503 2869 angelis
3534 2792 3707 2864 dixit,

2055 2874 2337 2952 quoniam
2364 2879 2539 2935 etiam
2566 2875 2624 2935 in
2650 2876 2996 2939 hominibus
3041 2876 3152 2938 ista
3183 2879 3373 2961 ﬁunt;
3408 2899 3613 2943 verum
3647 2885 3707 2945 in

2055 2963 2150 3023 his
2184 2982 2289 3043 per
2321 2964 2495 3027 aliam
2530 2965 2905 3046 disciplinam
2942 2966 3191 3030 traditur
3217 2969 3577 3033 illuminatio
3613 2983 3706 3034 at-

301 3060 377 3122 ὡς
410 3057 465 3113 δὲ
499 3056 644 3123 τάξιν
689 3056 1038 3133 ὅψηλοτάτην
1096 3058 1228 3135 πρὸς
1284 3056 1382 3125 τήν
1426 3055 1625 3123 νοητὴν
1658 3055 1971 3135 ειῖνπρέπειαν

2057 3072 2172 3155 que
2205 3056 2512 3132 perfectio.
2548 3055 2651 3117 Hae
2695 3075 2832 3119 vero
2877 3056 3123 3118 virtutes
3154 3077 3450 3139 supremae
3476 3081 3596 3123 non
3633 3065 3708 3125 ab

305 3149 394 3203 aui
425 3149 649 3226 θεωρίαν
696 3148 1079 3226 προσάγονται,
1138 3145 1327 3208 Καθὼς
1387 3142 1439 3200 δέ
1505 3144 1614 3202 ἐστι
1671 3146 1883 3221 Θεμιτόν
1916 3169 1972 3202 τε

2058 3144 2190 3205 aliis
2224 3145 2580 3226 quibusdam
2615 3152 2833 3209 sanctis
2864 3148 3317 3230 spiritibus,sed
3346 3150 3420 3213 ab
3455 3152 3712 3233 ipsamet

300 3238 397 3294 καὶ
460 3235 702 3318 δυνατὸν⁷
760 3238 848 3293 καὶ
912 3237 1033 3301 τοὺς
1097 3235 1546 3311 ἐπιστημονικοὺς
1604 3234 1793 3314 λόγους
1867 3243 1972 3293 τῶν

2059 3234 2365 3298 divinitate
2383 3238 2568 3299 sacris
2586 3238 3066 3313 initiantur,dum
3088 3240 3149 3300 in
3171 3241 3711 3319 ipsammetimme-

300 3331 627 3407 θεουργιῷν³
660 3329 733 3391 ὡς
766 3327 971 3406 πρῶται
1005 3326 1094 3381 καὶ
1125 3326 1241 3403 περὶ
1276 3326 1405 3381 Θεὸν
1439 3326 1614 3404 οὖσαι,
1646 3326 1774 3405 παρ’
1806 3326 1971 3395 αὕτῆς

2058 3325 2218 3387 diate
2248 3326 2310 3387 in
2343 3327 2556 3388 virtute
2589 3329 2921 3410 ordineque
2949 3348 3056 3391 suo
3089 3332 3533 3406 extenduntur;
3590 3354 3710 3396 non

305 3423 410 3485 τῆς
445 3416 827 3497 τιλεταρχίας,
861 3415 1107 3484 δηλονότι
1138 3415 1230 3472 “to;
1268 3415 1421 3495 Θεοῦ,
1469 3426 1967 3493 μυσταείωγοῦνται,

2058 3415 2218 3477 enim
2255 3435 2325 3478 ex
2358 3418 2568 3479 ordine
2596 3418 2788 3480 solum
2822 3419 3047 3481 habent
3086 3420 3246 3496 quod
3277 3422 3351 3483 ad
3380 3422 3566 3485 Deum
3602 3443 3709 3486 ex-

308 3506 662 3588 tendantur,
697 3524 899 3569 verum
934 3508 1110 3569 etiam
1143 3523 1219 3568 ex
1252 3506 1488 3568 virtute.
1521 3504 1645 3570 Hoc
1676 3511 1835 3567 enim
1871 3514 1961 3567 est
1994 3507 2149 3588 quod
2185 3507 2363 3569 etiam
2393 3506 2715 3585 Gregorius
2742 3507 3085 3590 Theologus
3117 3510 3198 3571 ait
3228 3528 3242 3573 :
3268 3510 3484 3574 Nescio
3510 3522 3706 3576 utrum

312 3617 391 3661 ex
421 3598 746 3678 splendore
780 3596 1036 3660 babeant
1066 3595 1371 3670 ordinem,
1411 3614 1485 3656 an
1517 3614 1589 3657 ex
1620 3595 1832 3657 ordine
1864 3596 2249 3676 splendorem
2280 3618 2296 3680 ;
2324 3598 2545 3660 etenim
2583 3597 2862 3660 virtutem
2889 3598 3110 3662 habent
3130 3602 3702 3683 supereminentem,

310 3698 374 3751 et
407 3688 684 3752 ordinem
717 3687 1265 3751 eminentissimum
1300 3695 1359 3749 et
1387 3686 1916 3751 subliinissimum.
1952 3689 2028 3751 Et
2058 3687 2308 3761 idcirco,
2341 3699 2634 3767 quatenus
2667 3689 2907 3771 quidem
2943 3690 3215 3754 virtutem
3242 3692 3486 3777 habent,
3523 3696 3581 3757 in
3635 3714 3707 3759 eo

310 3780 484 3859 quod
518 3778 761 3841 omnino
798 3797 1014 3858 purum
1052 3784 1113 3840 et
1144 3778 1568 3840 inconcussum
1605 3784 1694 3840 est
1724 3777 2132 3854 stabiliuntur,
2170 3785 2228 3840 et
2260 3798 2379 3841 non
2410 3789 2885 3860 conquassantur
2916 3799 2933 3857 ;
2991 3781 3101 3843 hoc
3141 3782 3300 3844 enim
3344 3793 3436 3848 est
3483 3786 3706 3867 ἀῤῥιπὲς

310 3889 424 3933 seu
455 3876 763 3943 constans,
798 3877 1096 3948 quatenus
1126 3886 1263 3930 vero
1297 3867 1572 3929 ordinem
1606 3867 1830 3929 habent
1859 3867 2382 3950 sublimissimum,
2415 3870 2488 3932 ad
2522 3869 2933 3932 intellectilem
2981 3870 3261 3933 decorem
3315 3892 3383 3935 ac
3435 3885 3709 3940 contem-

312 3959 647 4044 plationem
680 3960 1075 4023 adducuntur.
1112 3959 1412 4034 Quantum
1443 3958 1537 4019 66
1568 3967 1768 4049 autem
1803 3958 1891 4020 fas
1922 3968 1980 4021 et
2011 3960 2299 4041 possibile
2333 3969 2424 4024 est
2454 3961 2816 4025 scientilicas
2848 3962 3022 4024 etiam
3066 3961 3403 4026 divinorum
3460 3985 3709 4049 operum

314 4055 615 4133 rationes,
650 4059 928 4133 tanquam
960 4052 1170 4133 primae
1198 4057 1263 4113 et
1293 4050 1609 4134 quaajuxta
1640 4048 1831 4113 Deum
1865 4057 2029 4133 sunt,
2062 4050 2136 4113 ab
2162 4052 2421 4134 ipsomet
2457 4051 2735 4115 initiandi
2767 4050 3087 4134 principio,
3122 4052 3181 4115 id
3216 4060 3306 4117 est
3353 4048 3515 4136 Deo,
3564 4077 3711 4122 ero-

315 4142 601 4206 diuntur.

400 4304 431 4386 S
487 4300 588 4368 ῙΠ.
649 4311 815 4363 Τοῦτο
876 4302 1094 4374 δηλοῦσι
1154 4305 1240 4361 καὶ
1311 4303 1357 4362 οἱ
1426 4303 1693 4385 προφῆται
1752 4309 1964 4380 σαῳῶς,

2135 4306 2164 4386 §
2207 4304 2308 4369 IIl.
2344 4304 2467 4370 Hoc
2496 4305 2675 4369 etiam
2712 4304 3346 4388 prOphetmperspicue
3365 4307 3699 4374 declarant.

310 4404 513 4476 Τοῦτο,
546 4408 745 4473 ποτονς
805 4393 887 4452 ὅτι
943 4399 995 4452 αἱ
1044 4396 1142 4470 μὲν
1173 4398 1379 4473 πρῶται
1424 4395 1594 4462 τάξεις
1625 4395 1686 4451 ὲκ
1718 4402 1812 4452 τοὺ
1845 4402 1978 4453 Θεοῦ

308 4488 536 4562 ἀμέσως
568 4484 955 4562 ἔλλᾶμπονται,
990 4488 1040 4541 αἱ
1093 4483 1146 4540 δὲ
1204 4486 1478 4566 ὑφειμέναι
1510 4484 1594 4541 διὰ
1621 4492 1728 4542 τῶν
1756 4484 1977 4565 ὑπερϐε-

308 4576 584 4644 ϐηκυιῶν.
660 4574 983 4642 Ἀποδείξεις
1051 4573 1224 4632 τοίνον
1291 4582 1399 4632 τῶν
1460 4574 1751 4654 εἰρημένων
1807 4578 1980 4643 τίθησι

312 4667 616 4747 γραφικὰς,
676 4662 756 4724 ὅτι
812 4667 953 4729 τινὲς
1009 4666 1107 4742 μὲν
1136 4673 1243 4722 τῶν
1272 4664 1537 4744 θεολόγων
1567 4668 1857 4746 προφητῶν
1885 4667 1983 4730 τὰς

319 4754 713 4824 ὒποϐεϐηκυίας
766 4757 1032 4835 εἰσάγουσι
1092 4755 1393 4831 μυουμένοις
1454 4757 1596 4835 παρὰ
1648 4763 1755 4813 τῶν
1787 4756 1982 4835 προτέηο

324 4869 450 4926 ρωι,
508 4848 600 4903 τὸν
658 4847 1123 4925 ἀνθρωποπρεπὼς
1168 4848 1243 4911 εἰς
1300 4847 1547 4924 οὐρανούς
1602 4843 1981 4922 ἀναλαμϐανό-

316 4960 511 5014 μενον,
545 4936 820 5016 λεγουσῶν
880 4937 932 4994 ἐν
990 4940 1067 5013 τῷ
1137 4936 1450 5014 ἐρωτᾶσθαν
1514 4946 1604 5003 Τις
1654 4936 1794 4993 ἐστιν
1828 4936 1980 5016 οὖρος

313 5030 345 5085 ὁ
377 5025 635 5103 βασιλεὺς
687 5033 789 5095 τῆς
849 5025 1047 5100 δόξης;
1109 5027 1282 5089 καθὼς
1341 5026 1397 5083 ἐν
1454 5032 1530 5089 τῶ
1589 5028 1812 5102 εἰκοστῷ
1865 5048 1986 5106 τρι-

312 5120 400 5192 τῷ
460 5115 666 5194 ψαλμῷ
722 5119 750 5174 ὁ
828 5115 987 5174 Δαυὶδ
1035 5115 1205 5195 ὶέγιι,
1267 5113 1465 5193 Κῦριος
1523 5122 1630 5173 τῶν
1686 5113 1983 5198 δονάμεω-δ,

314 5207 485 5272 αὑτός
550 5207 697 5265 ἐστιν
766 5210 795 5264 ὁ
866 5206 1113 5286 βασιλεὺς
1156 5211 1257 5274 τῆς
1295 5204 1473 5273 δόξης’
1550 5204 1704 5264 ἄλλοι
1774 5204 1984 5287 δραμα-

308 5304 638 5377 τουργοίῑσιν
674 5297 834 5364 αὒτὰς
864 5299 995 5377 πρὸς
1053 5298 1210 5355 αὐτὸν
1264 5294 1613 5373 διαποροόσας
1642 5298 1736 5353 τὸν
1769 5296 1979 5376 Κύριον,

306 5390 407 5446 καὶ
440 5387 782 5469 γλιχομένας
815 5393 1008 5465 μαθεῖν
1063 5388 1125 5445 τὸ
1167 5390 1266 5454 τῆς
1310 5385 1441 5464 ὅπερ
1471 5385 1628 5463 ἡμῶν
1672 5387 1979 5462 οἰκονομίας

306 5480 645 5561 μυστήριον²
678 5480 742 5537 τὸ
772 5478 927 5560 ἔργον
957 5480 1019 5538 τὸ
1040 5483 1314 5560 προσῆκον
1344 5482 1483 5554 Θεῷ·
1517 5475 1672 5537 τοῦτο
1702 5477 1803 5559 γάρ
1833 5476 1977 5536 ἐστιν

396 5662 421 5705 ί
445 5658 612 5739 Psal,
644 5675 821 5724 χχιιι.
852 5659 954 5726 10.

2064 4394 2248 4468 Quale
2276 4396 2389 4458 hoc
2412 4396 2442 4457 ‘?
2494 4396 2649 4477 quod
2685 4396 2967 4457 nimirum
3002 4397 3178 4474 primi
3209 4397 3453 4460 ordines
3486 4419 3553 4461 ex
3586 4400 3709 4464 Deo

2064 4484 2409 4548 immediate
2439 4487 2883 4561 collustrantur,
2901 4486 3219 4547 inferiores
3244 4507 3384 4549 vero
3409 4508 3515 4570 per
3535 4509 3712 4571 supe-

2064 4576 2274 4638 riores.
2316 4574 2795 4657 Scripturisticas
2825 4575 3025 4657 itaque
3074 4576 3365 4639 dictorum
3399 4580 3567 4643 affert
3598 4582 3709 4644 de-

2068 4665 2530 4727 monstrationes
2558 4682 2574 4740 ;
2608 4662 2765 4743 quod
2795 4662 2979 4743 aliqui
3012 4665 3254 4743 quidem
3290 4667 3707 4747 theologorum

2065 4754 2489 4836 prophetarum
2546 4753 2863 4815 inferiores
2923 4755 3365 4819 introducanta
3412 4759 3712 4837 prioribus

2065 4844 2481 4925 edoctas,eum
2502 4843 2601 4925 qui
2630 4844 2887 4925 humana
2902 4845 3103 4923 specie
3134 4845 3204 4906 ad
3240 4848 3424 4909 cmlos
3454 4867 3714 4912 assume-

2065 4924 2617 5000 batur,dicentibus
2645 4943 2781 4985 cum
2814 4924 3283 5005 interrogarent:
3325 4930 3481 5005 Quis
3498 4932 3713 4993 estiste

2068 5032 2185 5079 rea:
2213 5015 2428 5095 gloriae
2450 5013 2470 5055 ί
2486 5021 2513 5078 ’ἲ
2535 5015 2688 5077 sicut
2717 5014 2777 5075 in
2810 5014 3092 5077 vicesimo
3126 5017 3299 5080 tertio
3333 5020 3560 5100 psalmo
3591 5019 3712 5082 Da-

2066 5105 2159 5167 vid
2190 5106 2300 5168 ait:
2330 5107 2625 5168 Dominus
2642 5104 2939 5167 virtutum
2963 5105 3091 5185 ipse
3111 5115 3192 5169 est
3212 5125 3328 5170 rea:
3349 5112 3586 5191 gloria;
3612 5109 3715 5172 alii

2068 5214 2360 5277 personas
2391 5213 2596 5258 earum
2632 5193 2924 5255 inducunt
2967 5195 3127 5257 circa
3168 5197 3362 5278 ipsum
3393 5198 3713 5261 Dominum

2068 5284 2506 5360 dubitantes,ac
2525 5284 2761 5346 discere
2777 5284 3088 5364 cupientes
3106 5289 3452 5367 mysterium
3473 5288 3715 5369 dispen-

2063 5376 2310 5439 sationis
2332 5384 2568 5452 nostroe,
2594 5374 2755 5457 quod
2781 5392 2930 5455 opus
2949 5373 3072 5437 Deo
3098 5379 3399 5461 competit;
3425 5381 3712 5459 quoniam

2063 5476 2264 5532 nostra
2293 5467 2682 5552 dispensatio,
2736 5464 2845 5533 Dei
2898 5467 3165 5547 operatio
3196 5477 3324 5535 est:
3374 5486 3517 5533 vere
3548 5469 3710 5533 enim
