4052 6428
269 335 394 411 9‘29

691 347 790 410 DE
839 347 1189 412 CtJELESTI
1236 333 1738 426 HIERARGHIA,
1788 343 1954 406 CAP.
2007 339 2140 403 VII.
2190 371 2270 383 —
2317 335 2701 403 PARAPHR.
2758 334 3280 403 PACHYMER/E.

3563 337 3681 406 230

264 485 364 550 τὴν
408 483 688 562 ἱεραρχίαν
743 482 1086 560 προεθέμεθα,
1135 484 1406 562 κάθαρσιν,
1483 483 1778 562 φωτισμὸν,
1842 482 1926 536 καὶ

2017 485 2294 545 cahamus
2311 483 2729 563 expiationem,
2744 484 3339 566 illuminationem,el
3359 485 3680 565 perfectio-

264 573 548 629 τελείωσιν
613 561 804 630 .”Εστι
837 570 891 627 ὑὲ
948 576 1231 641 ἡτοιαύτη
1284 575 1525 652 ἱεραρχία
1574 579 1675 628 τῶν
1707 571 1928 642 πρώτών

264 663 527 741 οὖρανίων
572 665 730 737 νοῶν,
799 665 888 719 καὶ
944 663 1121 730 πάσης
1166 662 1396 743 ὑφέσεως
1440 665 1526 718 καὶ
1564 660 1931 736 ὑποϐιϐασμοῦ

262 752 473 830 ἀμιγὴς
517 753 588 820 (οἱ
639 753 733 831 γὰρ
804 753 978 831 θρόνοι
1023 753 1327 832 ἑξοίρονται)
1373 755 1458 808 καὶ
1503 753 1712 831 πρώτου
1755 754 1928 832 φωτὸς

261 841 511 918 πλήρης.
575 843 914 921 Ἐμπρησταὶ
983 844 1083 922 γὰρ
1138 844 1203 898 τὰ
1249 844 1478 922 σεραφὶμ
1522 842 1792 920 λέγονται,
1843 845 1931 898 καὶ

261 930 609 1010 πρωτοδὸτου
652 931 961 1007 ἐπιστήμης
1007 933 1094 988 καὶ
1132 933 1380 1010 γνώσεως
1407 933 1669 1012 μέτοχος,
1712 954 1932 988 τοιαυτα

258 1022 366 1100 γὰρ
409 1023 476 1078 τὰ
521 1020 807 1102 χερουϐίμ.
876 1021 1023 1090 Πλὴν
1055 1024 1150 1080 οὑκ
1190 1022 1328 1088 ἰδίως
1374 1024 1446 1078 ἑνι
1493 1024 1700 1095 ἑκάστῳ
1743 1030 1929 1102 ταῦτα,

259 1111 408 1168 ἀλλὰ
451 1114 626 1169 πάντα
696 1119 826 1169 πᾶσι
891 1114 1027 1169 κατὰ
1082 1113 1180 1180 τὴν
1226 1113 1332 1170 ἀπὸ
1377 1121 1510 1170 Θεοῦ
1580 1115 1710 1191 πρὸς
1773 1113 1933 1175 αὑτὰς

259 1202 453 1282 χάριν,
488 1205 587 1260 Διὰ
619 1211 772 1260 τοῦτο
817 1204 904 1259 καὶ
935 1202 1158 1281 πρώτως
1198 1207 1298 1270 τὴν
1342 1211 1446 1260 τῶν
1468 1205 1664 1282 θρὸνων
1696 1202 1936 1270 ἰδιότητα

260 1292 419 1366 εἶπε,
481 1290 727 1371 δευτέραν
785 1291 840 1348 δὲ
892 1294 990 1360 τὴν
1033 1300 1139 1350 τῶν
1215 1296 1463 1374 σεραφὶμ,
1513 1295 1601 1349 καὶ
1645 1294 1752 1350 εἶθ’
1799 1296 1937 1350 οὓτω

264 1384 363 1450 τὴν
397 1384 510 1439 τῶν
557 1382 738 1458 μέσων
790 1387 963 1442 αὐτῶν
1029 1381 1311 1464 χερουᾶμ,
1371 1385 1550 1461 ὥσπερ
1614 1383 1937 1459 εἰλημμένου

261 1480 358 1530 τοὺ
391 1472 561 1549 μέσου
590 1471 674 1529 διὰ
722 1474 827 1530 τῶν
879 1473 1076 1554 ἄκρων,
1109 1476 1202 1531 καὶ
1225 1482 1352 1550 μιᾶς
1385 1474 1678 1552 γενομένης
1710 1473 1931 1539 τάξεως.

267 1562 371 1618 Διὰ
405 1573 561 1621 τοῦτο
584 1561 797 1640 λέγεται
841 1564 929 1619 καὶ
987 1565 1047 1620 τὸ
1075 1563 1209 1639 ὕψος
1253 1564 1452 1620 τούτων
1496 1564 1672 1630 πάσης
1703 1563 1936 1644 ὑφέσεως

262 1651 490 1731 ἀμιγὲς,
541 1653 630 1710 καὶ
670 1653 731 1708 τὸ
781 1659 892 1732 φῶς
944 1660 1179 1733 πρῶτον,
1239 1655 1325 1710 καὶ
1353 1657 1387 1722 ἦ
1433 1660 1630 1732 γνῶσις
1671 1651 1938 1732 πρωτὸὸο-

261 1762 384 1816 τος,
449 1741 533 1798 ὅτι
583 1742 671 1799 καί
721 1743 786 1799 τὰ
843 1743 957 1822 τρὶα
1014 1743 1260 1821 τάγματα
1318 1745 1390 1805 εἰς
1450 1744 1574 1817 μίαν
1621 1743 1934 1821 συνάγονται

342 1804 384 1816 -.
875 1804 885 1822 .
1095 1804 1128 1821 ,ι
1381 1804 1384 1805 ν
1451 1804 1461 1817 ι
1766 1804 1778 1821 .

260 1831 441 1905 τάξιν,
485 1834 574 1889 καὶ
617 1831 712 1908 μία
759 1855 840 1896 τις
903 1831 1249 1889 ἀποτελεῖται
1304 1835 1474 1912 τρίὰς,
1514 1835 1692 1890 κοινὸν
1741 1835 1828 1889 καὶ
1870 1833 1933 1888 τὸ
1960 1804 1993 1852 Β

260 1922 704 2000 ὑπερῃρημᾶνον,
733 1923 823 1978 καὶ
882 1923 1057 1989 πάσης
1108 1922 1341 2000 ὑφέσεως
1371 1923 1725 2002 ὑψηλότερον,
1757 1923 1934 1979 κοινὸν

262 2015 355 2068 γαί
434 2013 494 2068 τῗ)
553 2016 760 2092 πρῶτον
830 2017 968 2092 φῶς,
1019 2013 1205 2081 κοινὴν
1287 2015 1375 2070 καὶ
1445 2015 1543 2082 τὴν
1602 2012 1937 2092 πρωτὸὃοτον

262 2110 472 2180 γνῶσιν
534 2100 759 2183 ἔχουσα,
829 2104 926 2158 Διὰ
996 2110 1152 2160 τοῦτο
1194 2104 1368 2160 τοίνυν
1418 2105 1582 2170 οὕτως
1631 2104 1748 2184 ἕχει
1794 2117 1940 2159 νοεῖν

265 2193 356 2249 ἇπὶ
389 2199 460 2270 τῇ
521 2215 704 2270 πρωτῃ
764 2191 1118 2268 διακοσμήσει
1163 2194 1244 2250 ὅτι
1291 2197 1356 2252 τὰ
1387 2196 1501 2273 τρία
1552 2195 1800 2272 τάγματα
1864 2196 1938 2256 οἷς

264 2284 396 2358 μίαν
463 2281 609 2348 τάξιν
670 2285 1010 2361 σὺνᾶγονται,
1087 2287 1174 2340 καὶ
1247 2286 1311 2340 τὰ
1367 2283 1508 2348 ἰδίως
1579 2284 1940 2358 ἀπονενεμένα

264 2374 480 2436 τούτοις
527 2373 672 2452 παρᾶ
700 2377 799 2442 τῆς
834 2396 1058 2452 χαριτος
1106 2376 1297 2440 κοινῶς
1327 2375 1414 2431 καὶ
1459 2396 1682 2452 πρώτως
1729 2373 1937 2453 ἔχιοοσι,

269 2463 374 2522 Καὶ
422 2463 560 2529 αὕτη
591 2465 625 2531 ἦ
649 2461 794 2527 τάξις
817 2471 1004 2540 πρώτη
1030 2462 1266 2541 λέγεται,
1325 2466 1498 2528 καθὼς
1544 2465 1629 2520 καὶ
1677 2463 1783 2519 ἀπὸ
1841 2469 1940 2528 τῆς

275 2554 579 2632 ἐπιγραφῆς
669 2561 762 2610 τοῦ
836 2553 1095 2630 παρόντος
1165 2553 1391 2628 ἑϐδόμου
1461 2551 1749 2633 κεφιλαίου
1801 2552 1939 2610 ἔστιν

266 2641 402 2699 ἰδεῖν
432 2662 447 2674 ⁶
507 2641 726 2721 πρώτην
777 2645 880 2721 γὰρ
921 2645 1198 2724 ἱερπρχίαν
1279 2645 1375 2711 τὴν
1445 2651 1550 2700 τῶν
1595 2645 1751 2711 cpia“
1808 2642 1940 2716 ὁμοῦ

263 2733 473 2800 τίθησι.
540 2734 639 2790 Καὶ
701 2734 746 2789 τὶ
785 2732 952 2812 λέγω,
989 2737 1171 2813 φησὶν,
1218 2733 1299 2789 ὅτι
1344 2732 1691 2812 πληρουμένη
1737 2735 1938 2810 καθαρ-

263 2843 437 2902 σεως,
505 2823 831 2901 καθαίρεται,
922 2825 1007 2879 καὶ
1091 2830 1368 2903 φωτισμοῦ
1452 2829 1742 2901 φωτιζεται
1789 2837 1804 2851 ⁹
1852 2815 1941 2877 καὶ

261 2911 1169 2992 τελεσιουργίας,τελεσιουργεῖται
1217 2929 1232 2987 ;
1281 2919 1432 2970 τοῦτο
1491 2915 1591 2990 γὰρ
1642 2914 1728 2968 καὶ
1758 2934 1935 2987 παρα-

2016 592 2150 633 nem
2206 592 2310 634 seu
2373 574 2910 635 consecrationem.
2957 574 3063 636 Est
3110 586 3306 636 autem
3343 574 3676 640 istiusmodi

2014 664 2338 745 primarum
2399 664 2687 725 mentium
2723 663 3056 726 cmlestium
3090 664 3450 736 hierarchia,
3487 666 3680 726 omnis

2013 772 2146 814 cum
2179 751 2418 813 vilitatis
2452 761 2572 814 tum
2635 751 3029 831 subjectionis
3087 771 3307 833 expers
3361 753 3677 836 (siquidem

2015 841 2209 906 throni
2235 842 2518 912 eminent)
2553 851 2610 904 et
2635 843 2841 921 primae
2866 843 3015 904 lucis
3049 843 3248 924 plena,
3273 849 3555 923 quoniam
3591 846 3676 905 in-

2013 950 2293 992 censores
2329 933 2708 1012 appellantur
2739 933 3038 1014 seraphim
3075 955 3089 1014 ;
3122 952 3231 995 nec
3291 952 3409 995 non
3471 935 3678 1014 prima:

2015 1021 2284 1084 scientiae
2323 1023 2805 1103 cognitionisque
2862 1022 3187 1103 particeps.
3223 1031 3288 1084 ut
3333 1041 3404 1084 ex
3434 1023 3680 1084 nomine

2019 1120 2174 1189 patet
2202 1111 2540 1172 cherubini.
2574 1111 2797 1174 Verum
2854 1112 3162 1174 enimvero
3217 1112 3372 1174 haud
3437 1112 3679 1194 praprie

2019 1201 2144 1262 haec
2174 1199 2417 1262 cuilibet
2441 1204 2803 1264 conveniunt
2832 1202 2938 1263 sed
2969 1202 3171 1263 omnia
3193 1201 3444 1282 singulis
3465 1221 3678 1264 secun-

2019 1291 2161 1352 dum
2194 1289 2340 1367 ipsis
2369 1309 2403 1350 a
2426 1290 2548 1352 Deo
2583 1291 2780 1353 datam
2817 1291 3087 1367 gratiam.
3127 1290 3196 1353 Et
3229 1300 3544 1371 propterea
3567 1293 3684 1372 pri-

2020 1398 2182 1442 mum
2215 1382 2565 1442 thronorum
2622 1382 3043 1462 proprietatem
3091 1383 3380 1462 exposuit,
3417 1383 3680 1444 secundo

2020 1470 2151 1531 loco
2181 1470 2664 1550 seraphinorum,
2701 1481 2758 1533 et
2793 1478 2996 1551 postea
3027 1471 3368 1534 medioloco
3407 1472 3684 1534 cherubio

2020 1579 2261 1632 norum,
2309 1560 2388 1621 ita
2433 1570 2495 1621 ut
2540 1561 2774 1622 medius
2820 1560 3258 1641 quodammodo
3287 1561 3361 1623 ab
3394 1561 3681 1625 extremis

2018 1649 2716 1728 conrludatur,unusque
2740 1651 2885 1712 ordo
2919 1651 3040 1712 ﬁat.
3061 1649 3187 1724 Quo
3203 1653 3362 1713 circa
3389 1653 3678 1728 etiamdi-

2021 1740 2176 1801 citur
2191 1739 2526 1803 sublimitas
2549 1758 2757 1802 eorum
2781 1739 2978 1801 omnis
3008 1739 3364 1820 dejectionis
3382 1750 3686 1822 expers,et

2017 1829 2220 1891 lumen
2255 1832 2603 1912 primum,et
2624 1831 2872 1892 scientia
2891 1829 3166 1912 primitus
3194 1831 3366 1908 data;
3399 1832 3681 1911 quoniam

2018 1926 2141 1980 tres
2163 1919 2256 1980 isti
2281 1920 2524 1981 ordines
2556 1919 2616 1981 in
2651 1938 2835 1981 unum
2881 1927 3122 1993 coeunt,
3151 1927 3206 1980 et
3239 1939 3390 1981 unus
3439 1920 3678 2000 quidam

2021 2009 2328 2091 perficitur
2358 2013 2674 2080 ternarius,
2711 2017 2812 2090 qui
2847 2010 2900 2070 in
2949 2011 3253 2071 communi
3277 2011 3539 2090 possidet
3564 2012 3685 2072 ele-

2021 2101 2340 2180 vationem,
2371 2118 2553 2180 supra
2585 2118 2822 2161 omnem
2849 2099 3313 2162 submissionem
3341 2100 3682 2162 sublimita-

2026 2191 2524 2268 tem,primarium
2553 2190 2844 2270 lumen,et
2879 2189 3148 2270 primitus
3172 2189 3364 2250 datam
3385 2191 3681 2269 cognitio-

2027 2297 2186 2339 nem.
2214 2278 2338 2340 Hoc
2387 2279 2481 2339 68
2529 2281 2706 2358 igitur
2740 2280 2916 2340 modo
2974 2279 3048 2340 de
3075 2278 3265 2358 prima
3293 2280 3682 2359 dispositione

2026 2368 2406 2430 sentiendum
2469 2378 2603 2443 est,
2658 2367 2797 2449 quia
2826 2377 2950 2430 tres
2983 2369 3079 2428 isti
3130 2368 3372 2430 ordines
3400 2371 3459 2429 in
3496 2389 3675 2431 unum

2026 2459 2464 2538 coadunantur,
2494 2467 2552 2519 et
2582 2477 2712 2538 quae
2747 2458 2984 2538 proprie
3029 2477 3134 2537 per
3162 2458 3406 2535 gratiam
3455 2458 3685 2520 indulta

2022 2558 2181 2627 sunt,
2219 2549 2276 2608 in
2310 2551 2614 2610 communi
2664 2549 3068 2628 primarioque
3122 2547 3452 2626 possident.
3489 2550 3683 2625 Atque

2026 2639 2120 2700 hic
2148 2639 2294 2700 ordo
2337 2639 2565 2718 primus
2592 2647 3003 2719 nuncupatur,
3030 2639 3113 2698 uti
3138 2657 3210 2700 ex
3241 2639 3418 2718 hujus
3447 2641 3682 2718 septimi

2024 2727 2236 2806 capitis
2291 2727 2680 2808 inscriptione
2739 2729 2941 2789 videre
2990 2727 3173 2789 licet:
3209 2726 3459 2806 primam
3521 2727 3680 2789 enim

2024 2817 2426 2880 hierarchiam
2457 2817 2631 2879 trium
2664 2817 2873 2879 horum
2898 2817 3072 2881 simul
3108 2818 3293 2897 ponit.
3323 2817 3680 2899 Ecquid,in-

2019 2915 2162 2984 quit,
2198 2915 2347 2982 dico.
2381 2917 2531 2988 quod
2562 2919 2884 2987 expiatione
2907 2917 3074 2987 plena
3100 2918 3384 2986 expietur,
3423 2925 3477 2974 et
3515 2915 3682 2973 ilius-

261 3002 573 3076 τεταμένην
638 3004 755 3082 ἔχει
797 3004 896 3069 τὴν
955 3002 1162 3081 πρᾶξιν,
1212 3005 1300 3059 καὶ
1357 3008 1474 3060 οἷον
1531 3001 1749 3067 ἀτελοῦς
1794 3023 1933 3063 τινος

2022 3007 2258 3063 tratione
2291 3007 2454 3077 plena
2502 3010 2876 3073 illumineiur,
2906 3017 3455 3080 consecrationeque
3513 3007 3680 3077 plena

260 3095 539 3161 κινήσεως
601 3090 803 3149 ἔννοιαν
844 3090 1076 3154 δίδωσιν.
1123 3091 1294 3149 Ἀλλὰ
1353 3091 1583 3149 ceveth
1629 3092 1792 3170 λέγω,
1847 3092 1933 3147 καὶ

2021 3095 2380 3166 perﬁciatur?
2407 3097 2528 3154 Hoc
2558 3099 2712 3155 enim
2742 3109 3040 3156 extensum
3071 3098 3239 3155 habet
3261 3099 3682 3170 operationem

261 3183 418 3262 τάχα
465 3183 562 3238 οὑκ
618 3181 941 3262 ἀπεικότως,
1001 3182 1136 3250 αὐτὴ
1186 3185 1247 3238 τὸ
1298 3185 1645 3262 προσεγγίσαι
1699 3185 1783 3238 καὶ
1829 3201 1931 3256 με·

2017 3193 2072 3241 et
2100 3187 2261 3256 quasi
2287 3187 2604 3259 imperfecti
2633 3188 2930 3260 cujusdam
2957 3198 3148 3245 motus
3168 3202 3404 3246 sensum
3437 3189 3675 3260 ingerit,

261 3269 534 3328 ταλαόετν
590 3273 688 3338 τῆς
745 3276 1040 3353 θεαρχικῆς
1087 3271 1414 3348 ἐπιστήμης.
1481 3274 1824 3347 Ἐπιστήμην
1879 3269 1932 3326 δὲ

263 3361 436 3419 καλεῖ
500 3363 564 3420 τᾶ
622 3363 737 3441 τρία
793 3374 980 3438 ταῦτα,
1044 3364 1141 3432 τὴν
1195 3361 1472 3444 κάθαρσιν,
1505 3365 1595 3419 τὸν
1625 3363 1929 3443 φωτισμὸν,

264 3453 369 3520 τὴν
421 3449 721 3508 ’τελείωσιν⁸
777 3451 858 3508 ὅτι
919 3453 1039 3510 καθ’
1092 3453 1220 3533 ἕξιν,
1279 3452 1485 3528 μᾶλλον
1541 3451 1595 3509 δὲ
1654 3455 1742 3508 καὶ
1801 3452 1933 3530 ὑπὲρ

265 3541 379 3608 ἕξιν
413 3541 654 3622 assam;
687 3551 850 3600 ταῦτα
894 3541 1136 3621 πρόσεισι
1185 3549 1264 3617 τῷ
1319 3551 1456 3617 Θεῷ.
1513 3545 1648 3600 Αὐτὸ
1697 3550 1820 3620 γοῦν
1871 3543 1933 3597 τὸ

267 3630 607 3707 μεταλαϐεῖν
663 3633 760 3700 τῆς
819 3634 959 3698 θείας
1021 3635 1328 3709 ἐπιστήμης
1371 3631 1622 3712 κάθαρτίς
1676 3635 1814 3712 ἱστι,
1849 3631 1936 3687 καὶ

266 3724 581 3803 φωτισμὸς,
645 3724 732 3779 καὶ
787 3722 1079 3797 τελείωσις,
1132 3723 1346 3803 ἀγνοίας
1382 3723 1480 3799 μὲν
1509 3723 1934 3802 ἀποκαθαίρουσα

266 3813 327 3869 ἓν
390 3819 460 3890 τῇ
519 3813 712 3892 γνώσει
767 3819 875 3870 τῶν
934 3813 1273 3893 τελειοτὶρων
1332 3815 1583 3889 μυήσεων
1639 3813 1777 3869 κατὰ
1833 3813 1933 3879 τὴν

263 3901 419 3968 τέξιν
451 3901 547 3970 τῆς
593 3903 852 3968 στάσεως·
917 3901 1105 3983 (ἄλλοις
1138 3905 1239 3981 γὰρ
1269 3900 1385 3983 ἔχει
1418 3901 1752 3981 τελειοτέρας
1783 3904 1930 3977 μυὴ-

268 4013 382 4058 σεις
449 3992 516 4050 τὰ
571 3995 822 4074 σεραφὶμ,
881 3994 968 4050 καὶ
1026 3991 1190 4056 ἄλλας
1249 3994 1296 4048 οἱ
1353 3991 1594 4072 ἄγγελοι·
1630 3994 1798 4072 τυχὸν
1829 3991 1932 4069 γὰρ

265 4082 332 4146 ἃς
386 4081 577 4162 ἔχουσι
629 4082 964 4160 τελειοτᾶριας
1015 4085 1105 4140 καὶ
1159 4082 1497 4161 ὑψηλοτέρας
1557 4081 1852 4158 ἐλλάμψεις
1884 4084 1931 4141 οἱ

266 4171 527 4252 ἄγγελοι,
579 4172 774 4236 ταύτας
823 4174 888 4230 τὰ
939 4173 1169 4252 σεραφὶμ
1225 4173 1448 4236 ἑκτικῶς
1507 4172 1731 4253 κατέχει
1789 4174 1932 4253 παρὰ

267 4265 375 4329 τῆς
404 4265 548 4326 θείας
596 4262 875 4344 χάριτος’)
908 4264 1204 4345 φωτίζουσα
1261 4261 1316 4320 δὲ
1372 4262 1427 4318 ἐν
1483 4264 1618 4339 αὑτῇ
1653 4285 1821 4340 ταυτῃ
1864 4266 1931 4340 τῇ

267 4353 498 4432 γνώσει,
557 4351 628 4409 δι’
688 4356 756 4420 ἧς
817 4356 904 4410 καὶ
961 4353 1195 4432 καθαίρει
1229 4353 1326 4420 τὴν
1358 4357 1418 4412 οὑ
1449 4353 1704 4433 πρότερον
1759 4375 1930 4410 κατα-

265 4444 552 4511 νοήσασαν
609 4441 850 4520 δύναμιν,
913 4444 1120 4522 ἐκεῖνα,
1193 4443 1328 4521 ἅπερ
1392 4450 1481 4500 νῦν
1539 4443 1787 4521 γινώσκει
1845 4442 1929 4499 διὰ

2015 3263 2233 3328 Verum
2257 3269 2600 3330 summatim
2632 3270 2792 3351 dico,
2813 3279 2871 3331 et
2903 3269 3053 3330 forte
3101 3288 3220 3330 non
3251 3269 3580 3344 immerito,
3613 3268 3675 3330 id

2013 3368 2209 3448 ipsum
2256 3385 2390 3428 esse
2419 3369 2899 3450 appropinquare
2949 3377 3006 3431 et
3037 3368 3485 3432 communicare
3517 3368 3673 3431 divi-

2017 3474 2107 3516 nm
2134 3455 2420 3518 scientiae.
2459 3458 2781 3520 Scientiam
2813 3468 3013 3520 autem
3033 3466 3200 3519 vocat
3232 3457 3358 3518 haec
3379 3458 3681 3532 tria,scili-

2021 3555 2118 3606 cet
2159 3547 2590 3624 expiationem,
2641 3547 3164 3620 illuminationem,
3199 3548 3626 3627 perfectionem
3659 3568 3675 3626 ;

2019 3635 2300 3714 quoniam
2325 3637 2657 3698 secundum
2677 3638 3066 3718 habitum,vel
3093 3637 3286 3718 potius
3308 3655 3488 3718 supra
3511 3637 3674 3702 habi-

2018 3726 2556 3799 tum,ineffabiliter
2585 3732 2697 3789 ista
2741 3736 2878 3790 sunt
2906 3728 2966 3789 in
3011 3730 3157 3791 Deo.
3191 3727 3451 3808 ipsamet
3477 3729 3678 3810 itaque

2018 3816 2388 3896 participatio
2411 3818 2623 3879 divinae
2665 3818 2955 3899 scientiae,
3002 3817 3261 3899 expiatio
3301 3827 3414 3900 est,
3449 3827 3507 3881 et
3537 3819 3678 3880 iliu-

2018 3905 2261 3967 minatio
2290 3915 2468 3984 atque
2515 3908 2824 3988 perfectio,
2851 3907 3250 3986 ignorantiam
3300 3908 3541 3989 quidem
3567 3927 3678 3970 ex-

2017 3995 2186 4071 pians
2212 3996 2417 4057 notitia
2441 3997 2858 4078 perfectiorum
2875 3997 3312 4060 institutionum
3341 3997 3672 4060 secundum

2016 4086 2289 4147 ordinem
2319 4094 2508 4150 status
2542 4089 2702 4168 (nam
2740 4089 2888 4150 alias
2921 4087 3310 4169 perfectiores
3342 4086 3674 4151 institutio-

2015 4192 2123 4236 nes
2167 4175 2392 4238 habent
2447 4177 2774 4258 seraphim,
2835 4186 2892 4240 et
2948 4178 3093 4239 alias
3116 4177 3351 4258 angeli;
3405 4176 3674 4240 fortassis

2015 4271 2167 4324 enim
2205 4269 2570 4338 perfectiores
2603 4285 2668 4326 ac
2683 4270 3054 4328 sublimiores
3083 4269 3498 4327 illustrationes
3528 4284 3674 4341 quas

2013 4358 2203 4429 angeli
2237 4359 2469 4429 habent,
2497 4360 2727 4418 easdem
2759 4360 3047 4430 seraphim
3080 4361 3272 4418 divina
3297 4359 3476 4432 gratia
3521 4357 3678 4416 habi-

2013 4447 2243 4504 tualiter
2280 4451 2622 4520 continent),
2657 4450 2995 4507 illuminans
3027 4465 3161 4507 vero
3191 4467 3257 4508 ea
3297 4453 3418 4522 ipsa
3457 4452 3676 4515 notitia.

264 4535 372 4600 τῆς
406 4531 741 4614 ὑψηλοτέρας
805 4533 1146 4610 ἐλλάμψεως*
1209 4535 1298 4590 καὶ
1356 4533 1630 4590 τελειοῦσα
1687 4532 1849 4589 πάλιν
1879 4534 1932 4590 ἐν

2017 4551 2128 4609 qua
2161 4541 2371 4610 eXpiat.
2405 4543 2672 4598 virtutem
2706 4541 2886 4606 illam,
2928 4555 3060 4612 quae
3092 4539 3252 4611 prius
3284 4556 3398 4598 non
3433 4555 3680 4612 cognos-

270 4624 421 4698 αὑτῷ
451 4629 531 4697 τῷ
571 4626 708 4704 φωτὶ
766 4627 820 4680 ἑν
870 4631 937 4702 τῇ
995 4622 1112 4680 καθ’
1172 4622 1276 4689 ἕξιν
1334 4625 1526 4701 γνώσει
1579 4625 1684 4678 τῶν
1712 4621 1933 4699 ὑψηλῶν

2018 4629 2180 4686 cebat
2203 4644 2264 4686 ea
2297 4644 2420 4700 quae
2451 4645 2606 4687 nunc
2634 4631 2933 4704 cognoscit
2966 4645 3066 4702 per
3092 4631 3488 4690 sublimiorem
3516 4631 3679 4689 illus-

273 4716 358 4769 καὶ
420 4712 820 4791 λαμπροτάτων
877 4715 1141 4785 νοήσεων,
1205 4713 1278 4768 Σὺ
1333 4710 1387 4768 δὲ
1451 4713 1570 4793 ὅρα,
1623 4711 1702 4769 ὅτι
1757 4714 1812 4769 ἐν
1868 4719 1933 4790 τῇ

2019 4710 2546 4793 ιτειιίοηριηςαιίιυε
2577 4713 2898 4794 perﬁciens
2928 4731 3165 4774 rursum
3201 4713 3412 4776 eodem
3447 4715 3677 4777 lumine
3740 4749 3750 4756 -

281 4803 470 4880 γνώσει
523 4807 610 4860 καὶ
660 4808 964 4886 καθαίρεται
1016 4805 1104 4859 καὶ
1162 4803 1443 4884 φωτίζεται
1500 4803 1536 4869 ἢ
1596 4802 1806 4882 οὑρανία
1843 4801 1933 4861 δύ-

2017 4797 2354 4862 inscientia
2386 4801 2666 4863 habituali
2701 4801 3120 4865 sublimiorum
3155 4811 3212 4864 et
3237 4803 3676 4868 illustrissima-

279 4909 456 4969 ναμις·
506 4897 564 4951 ἓν
617 4893 671 4951 δὲ
729 4902 807 4968 τῷ
855 4900 1140 4974 φωτισμῷ,
1193 4894 1320 4951 ὅταν
1369 4891 1487 4950 καθ’
1538 4894 1642 4959 egw
1669 4898 1930 4976 φωτισθῇ,

267 4987 360 5042 καὶ
395 4981 775 5060 ἆμετάϐλητος
835 4986 923 5042 καὶ
977 4984 1369 5060 ἀμετακίνητος
1429 4985 1484 5040 ἐν
1538 4983 1724 5057 ἒκείνῳ
1752 4985 1930 5062 μείνῃ,

264 5075 393 5132 τότε
426 5072 483 5131 δὲ
513 5073 832 5135 τελειοῦται.
872 5075 970 5132 Διὰ
999 5075 1050 5130 τί
1099 5072 1153 5129 δὲ
1202 5074 1291 5129 καὶ
1335 5075 1390 5130 ὲν
1439 5078 1505 5149 τῇ
1542 5071 1660 5131 καθ’
1691 5072 1796 5140 ἕξιν
1829 5097 1930 5132 κα-

263 5157 452 5235 θάρσει
482 5157 545 5214 οὑ
573 5155 892 5236 τελειοῦται,
941 5156 986 5210 εἰ
1034 5154 1114 5230 μὴ
1159 5153 1214 5210 ἐν
1245 5159 1323 5228 τῷ
1351 5152 1467 5211 καθ’
1495 5151 1599 5220 ἕξιν
1628 5161 1888 5234 φωτισμῷ
1913 5175 1930 5230 ;

263 5244 406 5303 διότι
461 5247 496 5316 ἡ
555 5247 656 5322 μὲν
713 5249 966 5326 κάθαρσις
1018 5246 1110 5311 τὰς
1168 5245 1382 5325 ἀγνοίας
1439 5244 1806 5324 ἀποκαθαίρει,
1843 5250 1931 5304 καὶ

263 5339 333 5395 οὗ
361 5341 468 5401 πᾶς
501 5339 776 5414 καθαρθεὶς
827 5334 930 5405 ἤδη
978 5336 1068 5392 καὶ
1121 5336 1192 5400 εἷς
1251 5336 1313 5390 τὸ
1369 5332 1528 5412 ἄκρον
1563 5334 1818 5414 πὶφθακεο
1854 5342 1930 5410 τῷ

263 5422 324 5481 δὲ
399 5427 706 5505 γαθαρθέντι
754 5430 782 5484 ὁ
848 5427 1129 5507 φωτισμὸς
1188 5426 1637 5505 ἔπεισερχόμενος
1696 5425 1923 5502 τελειοϊ,

261 5514 400 5594 ὅπερ
468 5515 580 5575 ἐστὶ
638 5515 966 5595 τελειότερος
1023 5515 1302 5595 φωτισμὸς
1357 5535 1414 5570 τε
1486 5516 1573 5572 καὶ
1632 5513 1922 5594 ἔλλαμψις,

259 5610 516 5667 Τοιοῦτον
549 5607 652 5687 γάρ
687 5606 800 5665 ἐστι
830 5610 917 5664 καὶ
947 5606 1032 5662 τὸ·
1086 5601 1176 5662 Ἐν
1230 5609 1307 5678 τῷ
1360 5605 1494 5686 φωτί
1531 5627 1629 5663 σου
1687 5606 1926 5686 ὀψόμεθα

261 5701 407 5782 φῶς,
439 5694 695 5767 δηλονότι
728 5697 785 5755 ἐν
814 5704 890 5777 τῷ
919 5697 1182 5781 φωτισμῷ
1208 5695 1308 5764 τὴν
1349 5694 1646 5758 τελείωσιν.

2014 4906 2146 4951 rum
2171 4889 2726 4969 intelligentiarum.
2760 4893 2848 4954 Tu
2873 4910 3008 4953 vero
3035 4894 3352 4956 considera
3375 4898 3676 4976 quomodo

2015 4979 2275 5042 cmlestis
2293 4979 2475 5042 virtus
2497 4982 2840 5060 cognitione
2885 4991 2943 5044 et
2971 4983 3247 5062 expietur
3278 4993 3334 5046 ct
3365 4985 3673 5048 illumine-

2017 5069 2211 5144 tur,in
2242 5069 2683 5132 illuminatione
2710 5079 2932 5148 autem,
2951 5073 3186 5152 quando
3209 5075 3538 5137 secundum
3567 5076 3678 5138 ha-

2017 5156 2203 5219 bitum
2231 5159 2561 5222 illuminata
2582 5159 2787 5236 fuerit,
2807 5161 3320 5244 immutabilisque
3345 5173 3401 5226 et
3428 5164 3680 5228 invaria-

2013 5246 2152 5310 bilis
2183 5248 2243 5310 in
2275 5267 2346 5310 ea
2381 5247 2802 5330 permanserit,
2839 5251 3206 5329 perficiatur.
3233 5251 3448 5335 thuid
3475 5269 3675 5318 autem

2012 5337 2298 5400 babituali
2321 5340 2658 5420 expiatione
2681 5359 2922 5422 quoque
2941 5360 3059 5403 non
3081 5344 3516 5427 perficitur,sed
3551 5355 3679 5410 tan-

2012 5435 2136 5490 tum
2167 5429 2225 5488 in
2254 5429 2540 5493 habituali
2569 5431 3009 5494 illuminatione
3039 5434 3066 5494 ?
3095 5434 3378 5512 quoniam
3414 5435 3669 5517 expiatio

2010 5518 2252 5599 quidem
2287 5529 2496 5599 purgat
2539 5520 2905 5600 ignorantias
2936 5531 2994 5583 et
3026 5540 3144 5583 non
3173 5527 3368 5587 omnis
3401 5526 3671 5607 expiatus

2011 5607 2209 5671 statim
2263 5608 2336 5670 ad
2370 5627 2670 5674 summum
2705 5611 2996 5693 pervenit,
3045 5612 3150 5675 sed
3183 5621 3479 5696 expiatum
3525 5617 3668 5682 illu-

1921 5771 1930 5780 ‘
2012 5698 2259 5763 minatio
2299 5702 2728 5783 superveniens
2785 5703 3044 5788 perﬁcit,
3097 5722 3166 5768 ea
3206 5704 3491 5770 nimirum
3535 5727 3669 5789 quae
