4052 6428
411 338 520 406 231

1583 335 1644 405 S.
1695 336 2040 406 DIONYSII
2082 343 2618 407 AREOPAGIT/E.

3698 340 3816 412 932

415 473 732 556 perfectior
753 484 844 537 est
865 475 1219 537 illuminatio
1241 481 1298 536 et
1323 475 1674 540 illustratio.
1698 475 2039 540 Istiusmodi
2067 476 2232 539 enim
2263 487 2354 541 est
2383 480 2606 542 etillud
2638 501 2654 545 :
2680 480 2754 542 In
2795 487 3024 544 lumine
3045 490 3149 545 tuo
3187 483 3524 548 videbimus
3546 484 3812 559 lumeuk,

410 584 632 646 nempe
661 565 720 627 in
753 566 1188 628 illuminatione
1222 565 1678 646 perfectionem.

490 657 518 735 §
549 654 644 719 IV.
672 655 811 718 Haec
832 655 1052 735 itaque,
1089 657 1419 718 secundum
1453 674 1646 718 meam
1667 657 1907 738 quidem
1938 677 2071 739 spe-
2091 666 2128 715 A

413 747 774 808 culationem
808 765 876 808 ac
909 745 1177 807 notitiam
1226 746 1545 826 loquendo,
1583 754 1673 808 est
1715 766 1784 808 ea
1815 767 1993 824 quam
2019 757 2078 810 et

413 839 722 900 scientiam
746 835 1057 916 appellata
1089 837 1408 917 propositis
1458 837 1616 898 circa
1645 838 1920 901 caelestes
1953 839 2074 900 vir-

413 937 567 991 tutes
615 928 945 990 rationibus
981 928 1302 1007 ;quoniam
1339 927 1619 989 babituali
1668 930 1918 990 scientia
1979 947 2077 991 res

412 1018 902 1101 praeclarissimas
925 1016 1210 1080 edocetur
1252 1017 1349 1078 illa
1383 1019 1575 1096 prima
1604 1018 1933 1081 caelestium
1970 1038 2070 1080 es-

410 1109 738 1172 sentiarum
774 1106 1134 1181 distributio,
1162 1126 1292 1187 quae
1339 1107 1400 1169 in
1418 1109 1510 1168 69
1535 1107 1790 1170 circuitu
1844 1109 1950 1172 Dei
2002 1127 2072 1172 ac

411 1201 573 1263 circa
605 1203 789 1264 Deum
823 1197 1159 1258 immediate
1184 1197 1472 1270 consistit,
1509 1198 1708 1278 Atque
1741 1199 2066 1262 notandum

413 1293 570 1372 quod
607 1289 902 1365 theologia
927 1286 1144 1348 divinis
1179 1287 1499 1350 virtutibus
1529 1291 1746 1350 tribuat
1777 1309 1897 1350 non
1928 1307 2066 1351 rec-

413 1392 554 1454 tam,
584 1381 687 1442 sed
712 1379 772 1441 in
798 1379 1049 1441 circuitu
1073 1384 1416 1451 stationem,
1435 1379 1606 1458 juxta
1637 1379 1777 1441 illud
1806 1401 1819 1443 :
1845 1383 1921 1442 lu
1941 1382 2070 1442 cir-

410 1475 583 1534 cuitu
640 1473 768 1550 ejus
827 1467 1284 1532 tabernaculum
1344 1471 1540 1549 ipsius
1565 1469 1830 1531 |.Motum
1867 1478 2067 1532 autem

409 1563 587 1624 etiam
618 1559 1016 1623 orbicularem
1050 1559 1346 1639 tribuit,et
1375 1569 1698 1640 rectum,et
1728 1560 2064 1642 obliquum,

405 1661 470 1715 ut
499 1655 558 1714 in
590 1652 785 1732 capite
813 1650 1170 1732 quartolibri
1200 1652 1282 1712 De
1311 1650 1542 1714 divinis
1574 1653 1926 1714 nominibus
1951 1661 2070 1712 tra-

407 1744 518 1808 dit:
552 1741 950 1807 orbicularem
981 1741 1495 1822 quidem,quando
1531 1741 1822 1823 principio
1847 1760 2068 1804 caren-

410 1835 570 1897 tibus
598 1833 830 1915 pulchri
861 1833 1123 1913 bonique
1147 1831 1568 1912 Splendoribus
1594 1833 1968 1914 uniuntur,et
1990 1833 2065 1895 ad

408 1925 596 1988 Deum
629 1931 880 2002 vergunt
909 1944 923 1985 :
958 1931 1186 1984 rectum
1215 1922 1686 1999 autem,quando
1720 1923 1792 1984 ad
1825 1922 2065 1985 inferio-

410 2035 544 2079 rum
579 2013 1013 2096 providentiam
1050 2012 1404 2094 procedunt,
1440 2021 1580 2074 tunc
1612 2013 1771 2075 enim
1801 2023 1962 2075 recte
1993 2013 2065 2074 ad

2159 2014 2283 2088 πρὸς
2362 2012 2544 2070 ἐκεῖνα
2619 2014 2979 2093 περαίνονται”

410 2129 478 2169 ea
507 2107 756 2168 tendunt
782 2130 799 2179 ;
823 2103 1130 2185 obliquum
1155 2103 1468 2171 vero,dum
1503 2103 1889 2168 inferioribus
1917 2123 2066 2166 con-

411 2196 1016 2270 sulentes,indivulsaz
1058 2214 1181 2256 suae
1214 2195 1546 2256 immanent
1573 2196 1888 2266 identitati,
1917 2196 2074 2258 circa

409 2308 648 2352 causam
679 2287 1011 2350 identitatis
1036 2285 1350 2366 pulchrum
1376 2293 1434 2346 et
1451 2285 1671 2348 bonum
1697 2286 2072 2348 incessanter

410 2386 936 2460 circumgyrantes.
962 2375 1068 2438 Ille
1095 2375 1256 2438 enim
1292 2375 1635 2454 angelorum
1670 2375 2073 2448 circuitus,est

409 2480 699 2553 perpetua
737 2467 840 2530 Dei
873 2466 1157 2545 cognitio,
1192 2484 1322 2547 quae
1356 2475 1642 2546 perpetuo
1681 2476 1838 2528 motu
1870 2467 2069 2530 circu-

409 2562 613 2625 lariter
645 2562 707 2623 in
740 2557 954 2621 eodem
986 2555 1248 2619 stabilita
1269 2557 1554 2636 est.juxta
1577 2557 1720 2619 illud
1751 2555 1956 2619 Isaias:
1992 2558 2072 2619 Et

406 2654 720 2734 seruphim
744 2649 990 2713 stabant
1017 2649 1084 2710 in
1110 2649 1365 2710 circuitu
1389 2651 1542 2725 ejus;
1571 2655 1631 2709 et
1656 2647 2071 2728 prosequendo

409 2745 530 2807 ait:
567 2742 644 2804 Et
673 2739 907 2803 duabus
956 2737 1074 2800 alis
1127 2739 1411 2800 volabant
1435 2753 1499 2800 ιιι.
1534 2737 1843 2811 Quomodo
1878 2740 2073 2819 itaque

411 2841 569 2896 stant
599 2831 775 2894 simul
799 2838 858 2891 et
882 2834 1193 2889 moventur
1210 2834 1238 2890 ?
1260 2827 1638 2888 manifestum
1677 2828 2070 2909 utique.quod

411 2925 474 2985 in
507 2921 717 2985 eodem
751 2920 989 3001 quidem
1049 2917 1399 2998 consistant,
1456 2927 1802 2981 moveantur
1830 2937 1968 2980 vero
1999 2919 2073 2980 ad

411 3015 575 3077 illam
612 3007 1618 3082 illustrationem.Quemadmodum
1649 3009 1808 3070 enim
1841 3008 2076 3071 univer-

379 3133 392 3156 ι
413 3123 547 3168 sum
571 3106 781 3175 hoc,ut
809 3099 896 3162 sic
910 3099 1349 3178 dicam,eoipso
1375 3099 1517 3160 dum
1542 3099 1923 3162 circulariter
1953 3117 2075 3160 mo-

414 3202 605 3268 vetur',
622 3191 846 3273 pariter
887 3196 1176 3270 perpetuo
1224 3188 1445 3252 mobile
1476 3196 1586 3270 est,
1622 3198 1681 3252 et
1719 3188 2024 3252 immobile
2057 3211 2074 3272 ;

2237 659 2396 738 §IV.
2433 660 2575 729 Αὕτη
2637 662 2732 738 μὲν
2793 664 2880 720 οὖν
2937 665 3100 735 ἔστιν,
3136 667 3207 731 ὡς
3258 665 3379 723 κατ’
3410 666 3546 742 ἐμὴν
3591 666 3816 742 θεωρίαν

2158 753 2246 806 καὶ
2275 753 2470 828 γνῶσιν
2522 754 2720 826 εἰπεῖν,
2757 753 2822 822 ﬁ:
2871 757 2956 812 καὶ
3008 755 3322 830 ἐπιστήμην
3352 757 3520 835 λέγει,
3570 756 3677 812 ἀπὸ
3711 763 3818 811 τῶν

2156 841 2521 918 προκειμένων
2581 841 2781 922 λόγων,
2849 846 2964 922 περὶ
3022 850 3127 900 τῶν
3189 847 3440 924 οὐρανίων
3506 844 3812 916 δυνάμεων·

2156 929 2236 985 ὅτι
2299 938 2366 1007 τῇ
2413 931 2530 988 καθ’
2613 932 2716 997 ἕξιν
2773 933 3046 1010 ἐπιστήμῃ
3079 942 3300 1008 μυοῦται
3359 937 3424 991 τὰ
3477 935 3749 1014 φανότατα

2156 1020 2343 1097 πρώτη
2397 1028 2502 1078 τῶν
2558 1024 2810 1098 οὖραιίων
2869 1023 3057 1078 οὖσιῶν
3107 1023 3483 1100 διακόσμησις,
3539 1027 3575 1093 ἡ
3632 1021 3820 1096 κύκλῳ

2159 1117 2293 1167 Θεοῦ
2318 1113 2402 1166 καὶ
2434 1111 2555 1188 πέρί
2584 1113 2715 1168 Θεὸν
2745 1113 2959 1187 ἆμέσως
2995 1113 3277 1179 ἑστηκυῖα.
3339 1115 3437 1172 Καὶ
3485 1111 3818 1188 τημειωτέον

2156 1198 2237 1255 ὅτι
2295 1204 2355 1258 οὐ
2415 1198 2621 1256 δίδωσιν
2677 1203 2712 1270 ἡ
2763 1200 3008 1280 θεολογία
3042 1206 3166 1265 ταῖς
3217 1203 3380 1268 θείαις
3440 1202 3679 1261 δυνάοεσι
3713 1201 3820 1268 τὴν

2155 1288 2238 1346 ἐπ’
2273 1291 2493 1364 εὐθείας,
2529 1289 2666 1346 ἀλλὰ
2723 1293 2821 1359 τὴν
2878 1291 3056 1348 κύκλω
3091 1293 3295 1366 στάσιν,
3331 1295 3468 1349 κατὰ
3496 1293 3582 1349 τό·
3615 1291 3818 1365 Κύκλῳ

2156 1381 2313 1437 αὑτοῦ
2356 1383 2390 1449 ἡ
2425 1383 2600 1448 σκηνὴ
2660 1383 2839 1445 αὐτοῦ.
2905 1385 3014 1450 Τὴν
3074 1380 3128 1438 δὲ
3183 1382 3392 1450 κίνησιν
3439 1385 3525 1440 καὶ
3556 1382 3818 1450 κυκλικὴν

2153 1468 2352 1545 δίδωσι,
2415 1472 2503 1528 καὶ
2546 1470 2665 1528 κατ’
2717 1474 2950 1548 εὐθεῖαν,
3024 1474 3108 1529 καὶ
3177 1471 3470 1549 ἑλικοειδῆ,
3534 1475 3608 1535 ὡς
3657 1474 3818 1538 αὗτός

2151 1583 2314 1641 φησιν
2374 1561 2430 1618 ἐν
2495 1562 2564 1636 τῷ
2618 1562 2857 1641 τετάρτῳ
2911 1561 3186 1642 κεφαλαίῳ
3235 1569 3332 1619 τοᾶ
3363 1562 3488 1642 Περί
3517 1566 3669 1620 θείων
3699 1565 3820 1620 ὀνο-

2152 1651 2336 1726 μάτων
2413 1649 2640 1728 βιϐλίουο
2694 1651 2954 1719 κυκλικὴν
3009 1653 3130 1733 μὲν,
3201 1653 3290 1708 ὅτε
3355 1666 3479 1719 ταῖς
3553 1653 3815 1734 ἄναρχοις

2151 1741 2390 1798 ἐνοῦνται
2449 1749 2542 1800 τοῦ
2605 1740 2772 1799 κοιλοῦ
2823 1744 2912 1800 καὶ
2973 1742 3173 1821 ἀγαθοῦ
3225 1742 3547 1824 ἑλλάμψεσι,
3605 1747 3692 1801 καὶ
3743 1746 3817 1811 εἷς

2153 1833 2284 1888 Θεὸν
2337 1831 2583 1911 ῥέπουσι·
2628 1835 2726 1901 τὴν
2787 1832 2872 1890 ἐπ’
2905 1832 3103 1896 εὐθείας
3159 1831 3238 1913 δὲ,
3295 1835 3492 1892 ὁπόταν
3549 1847 3818 1913 προΐωσιν

2151 1923 2224 1986 είς
2282 1922 2381 1990 τὴν
2440 1923 2547 1980 τῶν
2577 1923 2870 2004 ὑφειμένων
2937 1923 3216 2002 πρόνοιαν,
3275 1923 3396 1980 τότε
3449 1924 3570 2002 γὰρ,
3622 1923 3818 1986 εὐθέως

3064 2010 3329 2080 ἑλικοειδῆ
3408 2012 3462 2069 δὲ
3539 2012 3666 2070 ὅταν
3727 2016 3818 2072 καὶ

2155 2109 2495 2181 κρονοουντες
2525 2105 2629 2160 τῶν
2663 2101 3089 2180 καταδεεστέρων
3151 2103 3552 2184 ἆνεκφοιτήτως
3583 2103 3820 2179 μένωσιν

2156 2193 2210 2248 ἐν
2260 2195 2571 2266 ταύτότητι,
2618 2195 2737 2273 περὶ
2785 2195 2848 2250 τὸ
2901 2200 3000 2260 τῆς
3060 2193 3390 2261 ταύτότητος
3440 2193 3618 2252 αἴτιον
3650 2197 3818 2252 καλὸν

2155 2284 2244 2339 καὶ
2303 2284 2498 2363 ἀγαθὸν
2555 2283 2941 2352 ἁκαταλὴκτως
2994 2285 3458 2364 περιχορεύοντες.
3521 2287 3692 2342 Τοῦτο
3714 2287 3818 2364 γάρ

2154 2374 2267 2430 ἐστι
2329 2376 2416 2431 καὶ
2463 2377 2525 2430 τὸ
2582 2377 2690 2431 τῶν
2748 2376 2991 2454 ἀγγέλων
3048 2373 3438 2454 περιχάρευμα,
3497 2377 3531 2443 ἡ
3600 2377 3817 2441 αἰώνιος

2153 2467 2272 2542 περὶ
2309 2465 2440 2520 Θεοό
2490 2469 2729 2542 γνῶσις,
2778 2467 2808 2533 η
2867 2466 3005 2522 κατὰ
3057 2463 3248 2520 κύκλον
3306 2465 3627 2534 ἀεικινήτως
3681 2464 3823 2544 ἰδρυ-

2155 2554 2293 2628 μένη
2343 2555 2416 2616 είς
2467 2558 2528 2611 τὸ
2586 2557 2735 2628 αὒτὸ,
2798 2556 2884 2611 καὶ
2942 2561 3098 2611 τοῦτο
3143 2553 3203 2609 ἐκ
3250 2563 3342 2612 τοῦ
3399 2553 3650 2613 Ἠσαϊον
3719 2560 3818 2614 Καὶ

2156 2645 2397 2723 Σεραφὶμ
2476 2645 2805 2715 ἕίστήκεισαν
2878 2644 3056 2720 κύκλῳ
3119 2648 3300 2703 αὖτοῦ·
3375 2647 3463 2701 καὶ
3532 2669 3810 2725 παρακατ-

2159 2735 2252 2788 ιών
2346 2735 2482 2798 Ταῖς
2568 2733 2707 2792 δυσὶν
2807 2735 3113 2815 ἔπέταντο,
3201 2735 3352 2814 φησί.
3441 2741 3562 2798 Πῶς
3641 2737 3810 2794 τοίνυν

2156 2820 2404 2880 ἵστανται
2461 2823 2572 2899 ἅμα
2633 2826 2716 2881 καὶ
2774 2827 3079 2895 κινοῦνταις
3133 2823 3295 2892 δῆλον
3324 2823 3414 2881 οὖν
3449 2825 3530 2882 ὅτι
3559 2826 3816 2884 ἵστανται

2157 2913 2255 2987 μὲν
2290 2915 2406 2992 περί
2436 2916 2495 2970 τὸ
2527 2917 2677 2988 αὐτὸ,
2727 2926 2988 2974 κινοῦνται
3049 2914 3103 2972 δὲ
3168 2917 3297 2995 πρὸς
3345 2917 3554 2985 ἐκείνην
3585 2923 3685 2984 τὴν
3734 2918 3820 2974 ’ἐλ-

2159 3001 2385 3078 λαμψιν·
2436 3001 2530 3066 Ὠς
2584 3005 2683 3082 γὰρ
2731 3007 2792 3060 τὸ
2841 3011 2946 3061 πᾶν
3002 3011 3180 3076 τοῦτο,
3247 3005 3371 3084 φέρε
3404 3008 3597 3081 εἰπεῖν,
3651 3011 3710 3062 ἒν
3741 3015 3820 3080 τῷ

2159 3089 2337 3166 κύκλῳ
2385 3098 2668 3174 κινεῖσθαι,
2725 3097 2811 3150 καὶ
2869 3095 3168 3162 ἀεικίνητόν
3225 3095 3359 3174 ἐστι,
3416 3098 3504 3152 καὶ
3560 3099 3818 3165 ἀκίνητον

2160 3183 2413 3251 ἀκίνητον
2452 3185 2549 3260 μὲν
2581 3185 2718 3241 κατὰ
2745 3187 2807 3240 τὸ
2839 3183 2983 3259 ὅλον,
3025 3189 3086 3244 0-3
3121 3185 3222 3265 γὰρ
3253 3186 3313 3242 ἐκ
3340 3185 3507 3242 τόπου
3539 3188 3610 3251 εἷς
3648 3210 3817 3246 τοπον

410 3271 719 3346 immobile
751 3279 1015 3362 quidem,
1050 3279 1380 3342 secundum
1414 3287 1630 3361 totum,
1666 3299 1783 3342 non
1808 3279 1966 3341 enim
2000 3271 2075 3342 de

2163 3271 2491 3347 μεταϐαίνει,
2525 3274 2827 3342 ἀεικίνητον
2886 3273 2940 3330 δὲ
2999 3277 3134 3332 κατὰ
3187 3275 3252 3331 τὰ
3309 3276 3470 3355 μὲρη’
3529 3275 3668 3333 οὕτω
3698 3300 3820 3339 πως

412 3375 545 3437 loco
577 3379 648 3435 ad
682 3371 875 3434 locum
910 3370 1160 3450 migrat;
1194 3378 1480 3451 perpetuo
1517 3390 1656 3434 vero
1693 3371 1936 3445 mobile,
1971 3390 2072 3433 se-

2159 3363 2268 3421 νόει
2336 3367 2425 3422 καὶ
2489 3366 2589 3434 τὴν
2635 3367 2876 3444 οὗρανίαν
2931 3365 3328 3446 περιχάρευσιν”
3399 3368 3488 3424 καὶ
3561 3369 3661 3446 γὰρ
3730 3371 3822 3426 καὶ

412 3465 672 3529 cundum
733 3471 950 3542 partes.
1000 3462 1080 3524 ita
1115 3461 1420 3524 caelestem
1479 3480 1716 3542 quoque
1755 3461 2070 3524 circuitum

2159 3453 2292 3522 αὕτη
2353 3456 2672 3527 ἀεικινήτως
2729 3454 2961 3536 ἵδρυται,
3025 3457 3180 3513 οἱονεὶ
3241 3457 3406 3534 παγία
3465 3456 3635 3536 μένει,
3697 3460 3821 3530 περὶ

413 3555 711 3636 intelligit,
746 3570 885 3618 nam
920 3560 979 3614 et
1008 3551 1137 3632 ipse
1167 3570 1407 3632 quoque
1440 3560 1727 3631 perpetuo
1763 3558 1927 3613 motu
1959 3558 2074 3612 sta-

2159 3547 2216 3602 τὸ
2259 3547 2384 3603 αὐτὸ
2439 3546 2521 3604 ἀεὶ
2565 3549 2926 3626 στρεφομένη,
2989 3546 3212 3603 κάκεῖσε
3273 3547 3514 3624 νεύουσαι,
3561 3547 3692 3627 ὅπερ
3724 3551 3824 3606 οὐκ

412 3646 581 3710 bilitu
596 3663 722 3727 r,ac
743 3645 792 3706 si
823 3645 978 3707 ﬁxus
1009 3651 1278 3706 maneret
1303 3643 1462 3704 circa
1492 3640 1652 3703 idem
1675 3659 1915 3722 semper
1934 3660 2075 3703 con-

2159 3635 2219 3692 ἂν
2277 3636 2485 3715 γένοιτο
2535 3638 2757 3695 πώποτε
2814 3640 2900 3693 επὶ
2955 3637 3056 3705 τῆς
3115 3636 3199 3694 ἰπ¹
3261 3636 3460 3702 εὐθείας
3523 3641 3820 3709 κινήσεως,

408 3726 852 3816 versus,eoque
884 3751 1166 3813 vergens,
1198 3733 1355 3812 quod
1383 3750 1689 3812 nunquam
1727 3732 1790 3792 ﬁt
1818 3732 1876 3792 in
1908 3739 2073 3792 motu

2159 3726 2342 3784 Τοίνυν
2406 3729 2493 3784 καὶ
2555 3727 2670 3784 ἐπεὶ
2727 3727 3148 3806 τοιουτοτρόπως
3205 3728 3336 3801 πρὸς
3393 3729 3456 3784 τὸ
3513 3735 3673 3786 Θεϊον
3737 3729 3824 3794 ἀεὶ

409 3838 599 3893 recto.
632 3815 783 3890 Cum
809 3825 1012 3906 itaque
1052 3824 1126 3884 ad
1171 3821 1438 3884 divinum
1484 3821 1720 3884 Numen
1753 3822 1866 3884 hoc
1897 3821 2075 3883 modo

2160 3817 2317 3897 νεύει,
2377 3815 2582 3882 πολλὰς
2643 3817 2740 3894 μὲν
2800 3819 2888 3874 καὶ
2947 3817 3210 3895 μακαρίας
3258 3821 3351 3896 δρᾷ
3410 3819 3655 3897 Θεωρίας,
3705 3843 3824 3879 κα·-

415 3934 659 3999 semper
685 3921 909 3994 vergat,
957 3912 1172 3975 multas
1231 3909 1476 3988 quidem
1539 3917 1600 3972 et
1660 3909 1863 3972 beatas
1914 3910 2075 3982 videi

2160 3911 2328 3986 θαρῶς
2359 3910 2496 3966 κατὰ
2525 3909 2621 3977 τὴν
2653 3909 2845 3976 ἑαυτῆς
2889 3907 3015 3986 ἕξιν,
3075 3910 3136 3966 οὗ
3191 3911 3328 3966 κατὰ
3357 3909 3454 3978 τὴν
3483 3913 3624 3967 θείαν
3655 3911 3822 3969 ἀκτι-

416 3996 986 4091 contemplationes,
1021 4007 1200 4088 idque
1235 4022 1384 4085 pure
1429 4003 1759 4067 secundum
1811 4004 2075 4068 habitum

2163 3996 2430 4080 νοϐολίαν,
2460 4001 2635 4063 καθὼς
2667 3998 2808 4079 ἔχει,
2868 4001 2984 4056 επεὶ
3043 4001 3130 4056 καὶ
3164 3998 3646 4078 περικαλύπτονται
3681 4005 3826 4059 κατὰ

419 4087 750 4176 suum,non
776 4097 1106 4162 secundum
1139 4095 1470 4158 divinorum
1496 4094 1804 4158 radiorum
1836 4096 2074 4158 evibra-

2163 4091 2258 4153 τὰς
2288 4089 2395 4148 τῶν
2436 4096 2726 4171 προφητῶν
2753 4087 3051 4168 θεολογίας,
3114 4088 3265 4148 Ἀλλ’
3297 4092 3371 4153 ὡς
3416 4089 3602 4168 βλὶπει
3634 4094 3664 4148 ὁ
3693 4093 3824 4160 τοὺς

419 4193 668 4268 tionem,
706 4188 855 4252 utin
877 4206 942 4250 se
990 4194 1151 4266 sunt,
1197 4185 1680 4267 quandoquidem
1728 4186 1788 4247 hi
1837 4205 2075 4267 quoque

2159 4179 2459 4261 ὀφθαλμοὺς
2489 4180 2738 4259 ὑγιαίνων
2781 4181 2871 4237 τὸν
2922 4180 3076 4248 ἣλιον
3136 4184 3400 4258 καθαρῶς,
3435 4182 3648 4249 πάντως
3681 4187 3826 4242 κατὰ

417 4279 1128 4355 obvelentur,secundum
1142 4275 2074 4358 Scripturasprophetarum.Sed

2159 4273 2255 4340 τὴν
2298 4272 2486 4329 ἑαυτοῦ
2542 4270 2669 4347 ἕξιν,
2733 4269 2942 4335 οὐδενὸς
3005 4269 3252 4348 ἐμποδών
3282 4271 3572 4351 γενομένου
3600 4271 3728 4331 ὅσον
3763 4276 3826 4331 ἐκ

416 4374 573 4438 sicut
602 4372 654 4435 is
705 4369 809 4453 qui
837 4387 1016 4432 sanos
1045 4367 1220 4430 habet
1253 4367 1480 4443 oculos,
1517 4367 1704 4429 solem
1737 4384 1886 4448 pure
1917 4366 2075 4429 videt

2162 4368 2268 4418 τῶν
2299 4361 2587 4441 ὀφθαλμῶν
2616 4363 2796 4434 αὐτοῦ,
2838 4360 2957 4417 ἁλλ’
3014 4361 3066 4418 εἴ
3116 4383 3168 4418 τι
3221 4359 3283 4418 ἄν
3315 4359 3408 4429 εἴη
3440 4363 3502 4420 τὸ
3533 4362 3822 4440 ἐμπόδιον,

416 4463 666 4526 omnino
701 4449 1031 4524 secundum
1063 4477 1240 4522 suum
1273 4456 1566 4533 habitum,
1592 4457 1756 4520 nullo
1791 4465 2075 4538 quantum

2163 4457 2262 4519 τῆς
2294 4459 2389 4508 τοῦ
2422 4451 2570 4520 ἡλίου
2599 4449 2966 4514 ἀκτινοϐολίας
3010 4452 3174 4528 ἔστὶν,
3216 4453 3290 4516 ὡς
3339 4454 3416 4526 μὴ
3458 4453 3612 4532 φύσιν
3642 4454 3822 4535 ἐχού-

417 4563 510 4618 est
554 4571 627 4616 ex
653 4559 817 4634 parte
847 4551 1157 4614 oculorum
1191 4549 1318 4629 ejus
1364 4549 1795 4629 impedimento
1822 4550 2075 4610 interve-

2165 4564 2267 4611 σης
2297 4541 2683 4621 πληρεστάτως
2729 4541 3071 4615 ἰπιπολάζειν
3128 4555 3244 4608 τοῖς
3303 4541 3626 4624 ὀφθαλμοῖς·
3659 4553 3823 4605 τοῦτο

415 4631 811 4720 ηὶειιιεξεοά
862 4641 912 4703 si
970 4641 1128 4723 quod
1189 4639 1563 4702 obstaculum
1596 4639 1692 4718 sit,
1748 4639 1808 4701 id
1863 4639 2075 4702 accidit

2165 4635 2274 4690 νόει
2345 4635 2433 4690 καὶ
2500 4631 2588 4690 ἰπὶ
2659 4639 2764 4690 τῶν
2831 4634 2982 4690 θείων
3053 4631 3351 4708 δυνάμεων,
3417 4634 3512 4691 Καὶ
3543 4634 3687 4692 οὕτω
3720 4637 3823 4712 μὲν

419 4699 731 4799 θιηίεείονιιὶ
751 4699 1055 4796 τεάἰοιιιῖῐη
1073 4730 1454 4811 solis,utquas
1465 4699 1722 4811 nequeat
1745 4729 1919 4812 plene
1934 4750 2075 4792 ocu-

2165 4729 2406 4804 καθαρῶς
2457 4725 2551 4790 τὰς
2601 4725 2822 4803 θεωρίας
2873 4726 2992 4805 ὂρᾷ,
3044 4699 3376 4801 ἐλλάμπεται
3425 4723 3609 4792 δὲτὰς
3641 4699 3823 4792 ἁπλᾶς

417 4827 492 4890 lis
522 4843 586 4887 se
610 4823 975 4886 immittere:
1014 4821 1172 4883 idem
1217 4821 1410 4900 cogita
1451 4821 1626 4884 etiam
1673 4821 1732 4882 in
1765 4820 2082 4884 virtutibus

419 4914 867 4995 divinis.Atque
903 4912 984 4974 ita
1002 4911 1245 4994 quidem
1271 4929 1418 4992 pure
1438 4910 1977 4993 contemplationes
1994 4911 2084 4973 in-

419 5005 984 5087 tuetur,illustratur
1001 5007 1200 5065 autem
1226 5002 1597 5082 simplicibus
1629 5009 1689 5064 et
1716 5001 2083 5066 immediatis

416 5093 954 5169 coruscationibus,
991 5099 1049 5154 et
1079 5110 1456 5174 nequaquam
1487 5091 1891 5154 mediantibus
1922 5112 2079 5174 sym-

417 5186 572 5268 bolis
586 5202 717 5268 qute
741 5184 907 5268 prius
922 5184 1147 5268 vocavit
1167 5201 1296 5268 com
1307 5182 2084 5268 positiones.Sa_tiaturApor-

414 5287 484 5330 ro
515 5263 718 5330 divino
742 5263 906 5344 cibo,
935 5263 1118 5325 multo
1148 5264 1420 5346 simul,et
1449 5281 1597 5340 uno;
1632 5264 1843 5346 multo,
1868 5265 1960 5324 70
1989 5283 2082 5328 se-

418 5357 681 5421 cundum
715 5354 1096 5417 dill‘usiouem
1132 5375 1148 5436 ;
1182 5373 1325 5430 uno,
1362 5354 1502 5435 quia
1531 5352 1782 5417 minime
1811 5355 1970 5418 varia
1995 5361 2084 5418 est

418 5457 479 5512 et
531 5446 750 5510 unitica
801 5445 1122 5509 comestio.
1171 5444 1474 5509 Comestio
1532 5452 1733 5507 autem
1793 5445 2082 5528 cibusque

418 5538 798 5620 angelorum,
863 5543 956 5601 est
991 5536 1318 5601 illustratio
1373 5543 1433 5598 et
1467 5534 1761 5614 eruditio;
1833 5538 1885 5600 si
1915 5537 2079 5602 enim

502 5703 531 5746 ιι
558 5698 719 5766 Psal.
751 5717 940 5783 xxxv,
972 5700 1076 5779 10,
1161 5698 1362 5764 lI’sal.
1391 5714 1542 5769 xvn,
1578 5699 1676 5764 12.

1764 5703 2042 5781 nlIsa.v1,
2081 5711 2145 5771 2.

2163 4818 2253 4874 καὶ
2282 4814 2512 4892 ἆμέσους
2571 4815 2942 4894 μαρμαρυγὰς,
3004 4817 3064 4874 οὗ
3121 4816 3215 4879 τὰς
3257 4813 3342 4873 διὰ
3399 4817 3577 4893 μέσων
3610 4815 3821 4895 συμϐό-

2164 4905 2297 4983 λων,
2355 4907 2420 4970 ἃς
2473 4903 2539 4974 δὴ
2585 4907 2674 4962 καὶ
2706 4904 2970 4970 συνθέσεις
3000 4904 3187 4985 πρῴην
3218 4903 3492 4968 ἐκάλεσεν.
3527 4906 3818 4977 Ἀποπλη-

2165 5005 2348 5077 ροῦται
2406 4994 2462 5053 δὲ
2513 4995 2614 5064 τῆς
2671 4996 2811 5060 θείας
2867 5000 3090 5075 τροφῆς,
3122 4994 3332 5064 πολλῆς
3375 4997 3513 5078 ἅμα,
3543 4999 3634 5056 καὶ
3663 5006 3812 5076 μιᾶς⁶

2163 5085 2373 5155 πολλῆς
2426 5086 2564 5143 κατὰ
2617 5084 2716 5154 τῆν
2773 5085 2954 5166 χύσιν,
3018 5091 3146 5161 μιᾶς
3200 5086 3282 5144 ὃτι
3348 5085 3662 5152 ἀποίκιλτος
3739 5095 3824 5147 καὶ

2167 5178 2411 5241 ὲνοποιὺς
2467 5177 2502 5244 ἡ
2561 5165 2818 5239 ἑστίασις,
2891 5165 3156 5238 Ἐστίασις
3213 5173 3268 5232 δὲ
3325 5178 3413 5233 καὶ
3483 5181 3656 5258 τροφὴ
3713 5183 3823 5237 τῶν

2165 5267 2411 5346 ἀγγέλων
2439 5269 2654 5330 πάντως
2704 5268 2740 5335 ἡ
2797 5263 3065 5343 ἔλλαμψις
3123 5269 3208 5322 καὶ
3267 5268 3300 5336 ἡ
3353 5267 3605 5336 πάθησις³
3643 5271 3687 5325 εἰ
3718 5271 3825 5351 γὰρ

2167 5359 2252 5416 καὶ
2285 5359 2319 5426 ἡ
2351 5357 2581 5434 μάθησις
2629 5356 2800 5438 τροφὴ
2855 5363 2950 5414 τοῦ
3004 5355 3285 5437 τρέφοντος
3317 5356 3528 5438 λέγεται
3558 5361 3696 5418 κατὰ
3726 5361 3822 5418 τόν

2166 5449 2430 5529 Θεολόγον
2456 5449 2543 5505 καὶ
2572 5445 2742 5528 μέγαν
2802 5447 3121 5529 Γρηγόριον,
3163 5445 3351 5524 πολλῷ
3381 5470 3442 5528 γε
3487 5447 3694 5526 μᾶλλον
3730 5451 3822 5508 καὶ

2161 5541 2197 5611 ἡ
2229 5540 2461 5619 μάθησις
2489 5539 2660 5621 τροφὴ
2715 5537 2779 5598 ἅν
2832 5546 2926 5599 τοῦ
2981 5537 3305 5619 τρεφομένου
3335 5539 3571 5621 λέγοιτο,
3604 5541 3729 5606 Πῶς
3763 5539 3818 5599 δὲ
