2026 3228
87 188 146 225 233

312 190 362 224 DE
384 189 560 224 COELESTI
582 189 835 234 HIERARCHIA,
857 190 939 224 CAP.
965 190 1033 225 VII.
1051 210 1087 216 —
1104 191 1300 224 PARAPHR.
1318 191 1564 224 PAGHYMER/E

1730 190 1788 226 234

83 260 99 292 ἡ
117 259 235 290 ἑπτέατις
267 257 421 290 ἆποίκιλτος
451 259 493 286 καὶ
523 258 667 296 ἐνοποιός;
697 258 735 286 ὅτι
766 258 852 297 ἁπλῆ,
870 261 913 288 καὶ

960 260 1043 291 etiam
1063 259 1191 291 eruditio
1207 259 1292 290 cibus
1308 259 1466 290 nutrientis
1488 260 1667 300 appellatur,
1701 261 1791 300 juxta

84 304 131 332 οὐκ
146 303 172 335 ἐξ
191 303 280 331 ἄλλων
304 303 348 331 καὶ
374 302 464 331 ἄλλων
490 303 662 342 συγκειμένη,
690 307 734 332 νῦν
762 304 810 342 μὲν
835 306 918 345 τυχὸν

84 349 232 385 νοετίμων,
251 353 294 377 νῦν
310 347 337 375 δὲ
352 349 382 376 οὗ
396 346 535 388 τοιούτων,
564 348 626 376 ἀλλ’
651 348 702 382 ὅλη
719 349 855 387 νόστιμος,
873 350 918 378 καὶ

84 393 189 431 ἂιγαοὴ,
214 394 259 422 καὶ
274 393 408 433 θεοποιὸς,
435 393 479 421 καὶ
503 393 634 432 ἀγνοοῦσα
652 393 764 422 καθόλου
779 396 823 423 τὸν
840 395 916 434 ἴλιγ-

83 449 145 477 γον,
163 439 252 469 καθὼς
272 439 316 467 καὶ
338 438 431 477 πρώην
448 437 589 476 ἐλέγομεν.
626 440 662 468 Οὐ
691 446 786 479 χεῖρον
816 439 843 468 δὲ
872 441 917 469 καὶ

81 483 131 516 τὴν
156 484 205 511 τοῦ
228 487 272 511 νοῦ
301 482 433 516 κυκλικὴν
464 484 568 516 κίνησιν
596 486 773 522 καταμαθεῖν.
797 485 918 524 Λέγομεν

82 528 183 564 τοίνυν,
203 528 244 556 ὂτι
261 531 313 556 πᾶν
330 529 361 556 τὸ
377 533 433 565 νοῦ,
450 527 468 561 ἢ
484 528 544 560 νοῧς
559 528 588 556 ὄν
604 537 672 566 νοεῖ,
704 529 721 563 ἢ
751 533 810 558 νοῦν
840 529 916 570 ἕχον·

84 573 97 601 ὁ
113 573 166 610 μὲν
182 577 243 605 νοῦς
261 572 299 601 ὥν
312 573 424 612 πρώτως
450 579 519 601 νοεῖ⁸
549 573 580 601 τὸ
608 572 635 601 δὲ
664 578 723 603 νοῦν
739 573 806 614 ἔχοι
828 575 918 603 δευτέ-

82 629 133 656 ρως
152 625 225 649 νοεῖ,
244 617 319 648 Καθὸ
348 622 411 657 γοῦν
437 617 497 650 νοῦς
526 617 563 646 ὥν
579 625 648 658 νοεῖ,
665 621 796 648 κινεῖσθαι
813 620 919 659 λέγοιτο

83 662 126 690 ἄν·
144 664 213 691 καθὸ
241 662 269 691 δὲ
288 663 471 700 ἀνακάμπτων
499 663 543 691 καὶ
573 665 632 702 περὶ
660 665 739 692 αὺτὸν
766 665 916 704 γινόμενος,

83 708 179 736 ἑαυτξιν
203 714 273 748 νοεῖ,
293 708 336 736 καὶ
352 709 398 736 τὸν
412 708 462 744 πρὸ
476 708 557 736 αὐτοῦ
574 707 599 741 ἐξ
615 710 645 737 οὗ
662 709 787 746 συνέστη,
804 710 918 744 κυκλικὴ

81 752 238 781 ἐπινοεῖται
255 753 407 787 ἡκίνησις,
440 748 487 784 Ὠς
516 753 561 781 οὖν
590 753 620 781 ἐκ
649 757 715 784 Θεοῦ
743 754 918 792 βουληθέντος

81 797 259 837 προϐληθεὶς,
291 799 351 835 περὶ
379 798 428 831 τὴν
457 801 503 826 τοῦ
526 802 593 828 Θεοῦ
621 798 709 830 ἔφεσιν
737 800 782 828 γαὶ
798 799 917 838 ἀγάπην,

961 305 1127 344 theologum
1146 314 1344 345 magnumque
1360 304 1546 344 Gregorium,
1566 305 1658 335 multo
1693 306 1788 344 magis

960 352 1048 381 etiam
1064 350 1192 381 eruditio
1208 349 1293 381 cibus
1309 349 1418 380 eruditi
1433 349 1495 380 dici
1508 349 1617 388 possit.
1635 349 1790 386 Quomodo

938 418 942 422 .
958 399 1058 426 autem
1076 394 1137 425 hzec
1153 394 1295 426 comestio
1311 394 1433 425 minime
1444 393 1524 425 varia
1535 398 1564 424 et
1580 394 1705 426 uniﬁca?
1720 396 1791 433 quia

960 439 1084 478 simplex
1100 443 1153 476 est,
1172 444 1201 470 et
1216 449 1275 469 non
1286 449 1321 470 ex
1337 439 1403 470 aliis
1418 442 1507 479 atque
1519 438 1585 470 aliis
1606 440 1785 480 composita,

962 485 1050 515 modo
1066 484 1188 525 quidem
1203 484 1278 515 forte
1293 483 1443 524 dulcibus,
1460 484 1548 515 modo
1563 493 1632 515 vero
1646 494 1705 515 non
1723 485 1789 515 tali-

961 528 1027 566 bus,
1040 530 1092 560 sed
1105 534 1163 560 tota
1178 529 1275 560 dulcis
1284 532 1341 567 est,
1355 533 1384 560 et
1399 529 1488 566 bona,
1503 533 1532 560 et
1546 529 1664 567 deiﬁca,
1678 534 1708 560 et
1721 539 1789 560 om-

961 574 1032 605 nino
1049 575 1186 606 nesciens
1195 573 1383 614 vertiginem,
1393 574 1471 605 sicut
1481 574 1569 605 etiam
1582 579 1652 605 ante
1665 574 1788 605 diceba-

961 629 1026 650 mus
1043 618 1144 660 Neque
1154 628 1222 650 vcro
1235 619 1361 649 minoris
1377 619 1521 650 momenti
1537 623 1592 657 est,
1609 619 1788 651 circularem

961 670 1073 695 motum
1087 673 1283 704 cognoscere.
1294 663 1536 703 Dicimusitaque
1550 664 1648 705 quoad
1664 664 1788 696 intelle-

960 712 1053 750 ctum,
1072 709 1392 750 quidlibetintelligere
1401 709 1446 740 vel
1458 708 1666 740 utintellectus
1674 714 1729 747 est,
1743 710 1788 741 vel

961 754 990 786 in
1008 759 1149 794 quantum
1168 754 1257 785 habet
1273 754 1471 786 intellectum.
1484 754 1540 790 Qui
1552 754 1674 793 quidem
1695 754 1788 786 intel-

961 798 1055 830 lectus
1072 804 1129 835 est,
1146 800 1288 840 primario
1304 798 1506 839 intelligit;qui
1518 807 1587 829 vero
1601 799 1787 831 intellectum

78 843 116 874 ὡς
142 843 206 881 περὶ
238 843 359 882 κέντρον,
383 842 469 870 ἔσται’
501 843 531 871 οὗ
559 844 609 882 γὰρ
637 844 740 872 ἑνοῦται
761 844 795 872 τὰ
812 843 916 883 δεύτερα

962 844 1061 881 habet,
1079 844 1254 875 secundario
1269 843 1419 882 intelligit.
1452 844 1484 875 ln
1515 847 1657 884 quantum
1687 844 1788 885 itaque

82 894 144 919 τοῖς
161 889 216 927 πρὸ
233 888 332 923 αὺτῶν,
348 887 417 915 ἀλλά
435 888 527 928 χορείᾳ
548 890 599 916 τινὶ
622 889 652 916 τὸ
681 889 820 927 γινόμενον
835 889 916 918 ἕοικε⁴

961 889 1098 928 intelligit
1114 889 1325 920 utintellectus
1337 892 1393 926 est,
1412 888 1469 919 dici
1479 892 1580 928 posset
1595 888 1707 919 moveri
1725 901 1732 925 ;
1757 889 1788 920 in

83 932 225 965 κυκλικῶς
242 933 292 972 γὰρ
308 934 361 961 τῶν
393 932 580 973 γεννωμένων,
607 937 661 962 τῶν
688 934 841 973 γεννώντων
857 934 916 963 ἐπι-

961 939 1103 974 quantum
1120 944 1188 965 vero
1200 938 1266 965 actu
1277 934 1388 964 reﬂexo
1400 942 1434 965 se
1444 932 1627 973 recalligens
1638 935 1786 974 semetip-

83 976 245 1017 δρέπεσθαι
273 977 431 1015 ἐφιεμένων·
460 978 539 1014 μόνον
568 977 594 1006 δὲ
623 980 846 1019 περιαθρούντιιιν,
875 981 916 1008 καί

961 987 1026 1009 Sum
1045 979 1193 1018 intelligit,
1211 984 1240 1009 et
1256 978 1285 1009 id
1302 987 1319 1008 τι
1334 987 1392 1019 quo
1405 977 1618 1019 proﬁciscitur,
1633 978 1787 1009 circularis

79 1027 124 1051 τοῦ
155 1022 264 1051 ἐκεῖθεν
299 1022 413 1055 κάλλοῦς
431 1022 691 1061 ἀποπληρουμένων.
723 1025 758 1053 Τὸ
782 1025 825 1053 οὖν
841 1024 868 1053 ἐν
885 1027 916 1063 τῇ

960 1029 1058 1055 motus
1071 1024 1258 1063 intelligitur.
1271 1024 1376 1062 Itaque
1388 1032 1454 1054 cum
1468 1032 1501 1054 ex
1517 1024 1578 1054 Deo
1586 1023 1703 1054 volente
1715 1033 1787 1064 pro-

80 1068 173 1103 νοήσει
193 1068 260 1107 πρὸς
290 1068 321 1096 τὸ
350 1069 401 1107 πρὸ
430 1068 524 1096 ἑαυτοῦ
542 1067 771 1109 ἔπεστραμμὲνον,
789 1068 916 1104 κυκλικῆς

960 1070 1055 1101 fectus
1067 1069 1199 1107 sit,circa
1211 1069 1263 1100 Dei
1275 1068 1457 1099 desiderium
1470 1072 1499 1099 et
1510 1068 1788 1103 dilectionem,tau—

82 1114 217 1148 κινήσεως
235 1112 338 1141 ἔννοιαν
366 1113 478 1151 εἰσάγει,
520 1111 593 1142 Ἐπεὶ
630 1113 674 1142 οὖν
710 1116 852 1155 πανταχοῦ
886 1115 916 1143 τὸ

960 1124 1046 1154 quam
1063 1115 1142 1145 circa
1153 1113 1475 1151 centrum,versabitur
1487 1123 1494 1144 :
1507 1122 1567 1143 non
1580 1113 1659 1144 enim
1673 1114 1786 1144 uniun-

82 1163 172 1194 Θεῖον,
192 1158 226 1185 τὰ
242 1161 388 1197 πανταχοῦ
417 1158 489 1195 αὐτῷ
519 1158 772 1196 συνακολουθοῦντα,
796 1160 839 1187 καὶ
856 1160 916 1188 αὐτὸ

960 1164 1008 1189 ιω·
1023 1159 1155 1190 secunda
1168 1158 1383 1198 prioribus,sed
1392 1159 1469 1198 quod
1477 1158 1585 1189 factum
1599 1162 1654 1198 est,
1668 1158 1786 1189 cuidam

85 1210 152 1232 νοεῖν
169 1201 366 1239 ἆεὶὲθὲὶοντα,
399 1202 441 1231 ἐπὶ
472 1203 557 1239 τούτῳ
586 1203 750 1242 ἀγάλλονται
782 1205 824 1232 καὶ
841 1216 916 1244 περι-

960 1204 1078 1235 choreae
1088 1203 1366 1244 comparatur,dum
1377 1203 1517 1234 nimirum
1525 1212 1558 1234 ea
1571 1212 1636 1243 quae
1645 1204 1789 1243 producta

90 1248 257 1288 χορεύουσιν,
289 1248 380 1286 ὥσπερ
408 1247 442 1285 τῇ
472 1249 565 1283 νοήσει
594 1248 773 1286 κυκλούμενα,
805 1249 916 1287 Λέγεται

960 1253 1039 1289 sunt,
1052 1250 1248 1290 productcres
1264 1258 1334 1279 suos
1349 1248 1507 1289 complecti
1524 1249 1670 1288 cupiunt;
1688 1249 1784 1279 solum

89 1299 146 1332 γοῦν
162 1296 222 1324 νοῦς
240 1292 268 1319 ἐν
284 1293 370 1330 ἑαυτῳ
399 1293 484 1333 εἶναι,
515 1294 558 1321 καὶ
581 1294 645 1332 πρὸς
675 1294 768 1322 ἐαυτὲν
784 1293 916 1322 σπεύδειν

960 1299 1056 1325 autem
1073 1294 1103 1325 in
1118 1294 1245 1325 circuitu
1261 1298 1492 1333 congregantur,
1509 1297 1598 1333 atque
1614 1293 1684 1324 inde
1718 1294 1786 1333 pul-

85 1338 105 1375 ᾦ
127 1338 175 1375 μὲν
205 1338 252 1366 οὖν
282 1339 311 1365 ἒν
341 1338 427 1375 ἑαυτῷ
457 1338 524 1375 ἐστι,
554 1339 646 1367 στάσιν
675 1338 832 1379 ἔχευγατα
846 1338 872 1366 δὲ
887 1340 916 1368 τὸ

960 1339 1129 1371 chritudine
1145 1340 1310 1380 replentur.
1328 1338 1411 1374 Quod
1429 1338 1527 1378 itaque
1543 1338 1736 1378 intelligendo
1750 1339 1786 1369 ad

84 1384 147 1422 πρὸς
166 1383 264 1411 ἑαυτὸν
283 1382 418 1419 σπεύδειν,
449 1384 582 1424 κινεῖται,
613 1385 652 1421 μὴ
680 1384 842 1421 βουλόμενος
858 1383 916 1412 δια-

960 1384 1001 1425 id,
1020 1393 1035 1414 a
1050 1394 1108 1424 quo
1127 1384 1284 1425 processit,
1300 1382 1494 1420 convertitur,
1517 1382 1670 1413 circularis
1690 1387 1788 1413 motus

83 1428 195 1467 χεῖσθαι
226 1424 272 1461 ἐἷς
309 1429 356 1460 τὰς
393 1428 539 1467 προσύλους
575 1430 619 1456 καὶ
654 1428 794 1468 ἀλλοτρίας
839 1431 916 1458 αὐτοῦ

961 1424 1186 1470 intelligentiam
1202 1430 1377 1461 introducit.
1392 1430 1464 1461 Cum
1479 1429 1569 1468 igitur
1582 1429 1717 1460 divinum
1730 1429 1787 1460 Nu-

235 1474 305 1501 κατᾶ
335 1474 385 1511 μὲν
416 1474 460 1501 οὖν
491 1474 522 1502 τὸ
552 1474 755 1513 ταῦτοκίνητον,
786 1481 913 1502 κινεῖται·

960 1485 1026 1506 men
1038 1476 1074 1507 sit
1086 1476 1208 1516 ubique,
1225 1485 1260 1506 ea
1271 1484 1335 1515 quae
1344 1474 1455 1514 ubique
1468 1474 1562 1514 ipsum
1575 1474 1785 1515 insequuntur,

133 1519 139 1526 ο
166 1517 187 1527 ’ἧι
210 1519 234 1535 ,1
422 1518 428 1528 Ι
501 1519 507 1528 9
549 1518 556 1528 Ἰ
593 1519 601 1536 l‘
744 1519 755 1530 ’7
833 1518 850 1531 Ἰ
865 1524 870 1531 1

80 1529 146 1546 κατα
164 1526 192 1545 οε
214 1530 258 1552 .ην
276 1518 366 1546 ο›σίαν
382 1530 474 1546 στασιν
497 1518 547 1546 αλλ
577 1530 606 1547 ο)
624 1519 727 1552 κίνησιν
744 1530 815 1559 εχει.
855 1525 916 1548 [Litt

960 1520 1117 1561 ipsumque
1135 1530 1196 1551 sem
1203 1530 1254 1560 per
1265 1519 1432 1559 intelligere
1440 1519 1623 1559 desiderant,
1632 1519 1661 1549 in
1674 1519 1729 1550 hoc
1739 1529 1786 1549 ex-

79 1564 167 1592 τοῖνυν
192 1564 237 1591 καὶ
266 1563 310 1591 ἐπὶ
345 1567 399 1591 τῶν
427 1564 504 1592 θείων
526 1564 569 1592 καὶ
600 1564 727 1604 οὐρανίων
756 1565 823 1592 νόων
846 1565 916 1604 ὁρμὴ

960 1566 1086 1601 sultant,
1112 1569 1141 1596 et
1156 1566 1281 1596 choreas
1311 1565 1436 1601 ducunt,
1465 1568 1568 1604 utpote
1591 1563 1785 1603 intelligendo

78 1609 123 1637 καί
138 1609 261 1645 κίνησις,
291 1610 310 1642 ἡ
341 1609 407 1648 πρὸς
423 1610 454 1636 τὸ
470 1612 549 1637 Θεϊον
571 1608 671 1649 ἔφεσις,
688 1609 731 1637 καὶ
747 1610 763 1644 ἡ
779 1610 839 1649 περί
854 1610 916 1638 αὐτὸ

960 1610 1220 1651 circumgyrantia.
1233 1610 1347 1641 Dicitur
1364 1610 1465 1649 itaque
1478 1618 1562 1639 mens
1577 1609 1608 1639 in
1623 1610 1784 1649 semetipsa

78 1654 196 1692 ὡςπερὶ
218 1654 331 1693 κέντρον
367 1653 480 1688 κυκλικὴ
515 1654 621 1694 χορεία,
659 1655 696 1685 ὡς
733 1655 750 1688 ἡ
785 1658 832 1683 τοῦ
867 1655 916 1683 κύ·-

960 1664 1038 1693 esse,
1056 1660 1086 1687 et
1097 1656 1132 1687 ad
1146 1666 1178 1686 se
1191 1657 1284 1696 ipsam
1302 1663 1465 1695 properare
1483 1662 1489 1685 :
1508 1658 1595 1694 atque
1611 1663 1647 1684 eo
1663 1654 1784 1692 quidem

79 1699 148 1728 κλου
180 1699 244 1738 περὶ
271 1700 303 1727 τὸ
332 1706 450 1737 σημεῖον
465 1698 525 1733 ἤτοι
546 1699 665 1739 κέντρον,
682 1698 727 1739 ἀφ’
747 1701 777 1727 οὗ
791 1701 915 1733 συνέστη.

960 1701 1037 1741 quod
1055 1702 1084 1731 in
1101 1710 1134 1732 se
1149 1701 1213 1741 ipsa
1239 1704 1295 1738 est,
1313 1704 1421 1730 statum
1438 1698 1528 1729 habet
1544 1709 1551 1739 ;
1583 1698 1614 1729 in
1641 1705 1784 1739 quantum

77 1743 134 1775 Καὶ
171 1744 224 1784 γὰρ
260 1744 305 1772 καὶ
341 1744 411 1772 κατὰ
432 1744 547 1784 φυσικὴν
562 1744 682 1784 ἀνάγκην
714 1744 827 1774 ἕκαστον
862 1745 916 1774 τῶν

960 1754 1027 1776 vero
1044 1745 1079 1776 ad
1096 1745 1287 1785 semetipsum
1318 1748 1468 1785 properat,
1499 1748 1644 1780 movetur,
1677 1744 1782 1775 nolens

76 1789 166 1818 ὄντων
189 1790 240 1823 τὴν
269 1790 330 1829 περὶ
356 1790 402 1818 τὸν
432 1791 497 1818 Θεὸν
526 1790 635 1830 χορεύει
658 1790 778 1830 χορείαν,
805 1789 915 1828 ἐφιέμε-

960 1790 1071 1821 etl'undi
1087 1790 1118 1821 in
1134 1795 1269 1821 terrenas
1284 1793 1313 1820 et
1328 1789 1441 1819 alienas
1457 1797 1474 1819 a
1491 1797 1523 1818 se
1550 1788 1779 1830 intelligentias;

77 1846 126 1864 vov
141 1838 190 1863 τοῦ
226 1835 310 1863 αἰτίου
346 1835 415 1863 κατὰ
447 1836 478 1864 τὸ
511 1835 597 1865 εἶναι.
634 1835 723 1867 Οὕτως
738 1836 783 1863 οὗν
797 1836 857 1875 περὶ
871 1835 916 1863 τὸν

960 1835 1058 1876 itaque
1073 1835 1237 1866 secundum
1255 1834 1284 1865 id
1301 1834 1420 1874 quidem
1433 1832 1511 1873 quod
1529 1842 1562 1863 se
1573 1838 1783 1872 n10vet,move~

76 1880 192 1909 πάντων
206 1878 321 1918 βασιλέα
350 1879 437 1908 πάντα
465 1879 521 1908 ἐστὶ
548 1881 592 1909 καὶ
620 1879 719 1909 ἐκείνου
743 1880 822 1908 ἕνεκα
846 1880 916 1908 πάν-

960 1884 1019 1918 tur,
1039 1880 1203 1911 secundum
1216 1879 1412 1910 substantiam
1424 1883 1522 1908 autem
1534 1880 1707 1914 statum,sed
1722 1889 1782 1910 non

75 1936 126 1961 τι,
158 1926 204 1953 καὶ
238 1925 328 1953 ἐκεῖνο
357 1925 482 1953 ἁπάντων
510 1924 599 1954 καλῶν
629 1924 717 1953 αἴτιον
747 1924 822 1954 Ἐπεὶ
849 1926 916 1953 νεύει

960 1929 1071 1956 motum
1085 1925 1186 1956 habet.
1204 1924 1256 1956 Est
1271 1924 1363 1962 igitur
1379 1922 1467 1954 etiam
1483 1922 1513 1953 in
1525 1922 1634 1953 divinis
1649 1923 1781 1954 cmlesti-

76 1971 149 2010 πρὸς
175 1971 254 2009 θεὸν,
271 1969 376 2004 πολλῆς
397 1970 538 2001 κοινωνίας
553 1971 598 1998 καὶ
625 1970 775 2010 συνεργιίας
791 1970 916 2010 ἠξίωται,

960 1969 1076 2009 busque
1092 1969 1242 2001 mentibus
1253 1969 1383 2009 impetus
1394 1967 1516 2007 quidam
1532 1976 1566 1998 ac
1582 1972 1691 2004 motus,
1708 1968 1781 2000 illud

79 2017 110 2044 ἓν
138 2018 174 2053 τῇ
204 2016 272 2053 πρὸς
303 2015 394 2055 αὒτὸν,
414 2015 449 2046 ὡς
466 2015 584 2055 ἱφικτὸν,
600 2014 775 2054 ἆφομοιώσεν
795 2015 852 2043 imi
866 2016 916 2054 γὰρ

960 2015 994 2045 ad
1013 2015 1147 2046 divinum
1159 2016 1276 2046 Numen
1288 2013 1484 2049 desiderium,
1502 2016 1590 2052 atque
1605 2012 1656 2043 illa
1668 2013 1781 2044 circum

79 2061 108 2089 ἐν
127 2064 189 2097 Θεῷ
220 2059 273 2092 ἕξις
301 2058 355 2088 ἔτιτί
387 2061 433 2088 καὶ
458 2060 589 2100 ἒνέργεια,
612 2059 735 2093 δηλονότι
757 2061 788 2088 τὸ
802 2061 916 2100 καθαρὸν

960 2059 1066 2100 ipsum,
1086 2064 1223 2100 tanquam
1233 2058 1426 2090 circumcirca
1436 2062 1582 2094 centrum,
1599 2057 1784 2096 chorea,non

78 2106 126 2134 καὶ
139 2106 158 2139 ἡ
175 2104 317 2145 κάθαρσις,
334 2105 365 2133 τὺ
394 2106 450 2145 φῶς
479 2105 522 2133 καὶ
552 2106 566 2133 ὁ
596 2106 748 2145 φωτισμὸς,
768 2105 799 2133 τὸ
814 2104 915 2134 τέλειον

960 2114 1046 2136 εοεαε
1060 2114 1094 2136 ac
1107 2105 1208 2136 circuli
1225 2104 1338 2135 circum
1357 2107 1498 2144 punctum
1516 2111 1570 2133 seu
1599 2107 1736 2136 centrum
1766 2113 1784 2135 a

78 2151 126 2179 καὶ
140 2151 174 2178 τὸ
190 2149 359 2178 τελειοποιὸν
375 2148 488 2190 (τούτων
516 2150 566 2189 γὰρ
595 2150 625 2178 τὸ
652 2150 701 2187 μὲν
717 2149 788 2178 ἐστιν
803 2149 866 2186 ἕξις,
883 2151 914 2178 τὸ

960 2160 1015 2191 quo
1045 2150 1191 2181 deductus
1221 2154 1279 2183 est.
1306 2150 1466 2180 Enimvero
1497 2147 1586 2178 etiam
1618 2149 1781 2179 secundum

80 1474 201 1508 νοήσεις.

77 2195 107 2224 Si
121 2194 273 2235 ἒνέργεια),
289 2195 400 2228 ἠξίωται
428 2196 471 2223 καὶ
500 2195 568 2228 αὕτη
597 2195 736 2226 κοινωνίας
756 2196 808 2223 τών
823 2195 914 2223 καλῶν

78 2240 176 2281 ἰξεων,
208 2241 247 2271 ὥς
275 2240 347 2268 εἶναι
378 2241 423 2268 καὶ
451 2240 564 2278 ταύτην,
592 2240 661 2268 κατὰ
676 2240 768 2280 χάριν,
784 2240 912 2280 καθαρὰν,

81 2286 125 2314 καὶ
162 2288 235 2322 φῶς,
271 2285 317 2313 καὶ
352 2284 477 2313 τελείανο
507 2284 617 2319 ἠξίωται
633 2285 678 2313 καὶ
694 2285 858 2324 συνεργείας,
876 2285 913 2317 ὡς

82 2330 219 2369 καθαίρειν
251 2330 295 2358 καὶ
327 2330 439 2369 ταύτην,
469 2331 513 2358 καὶ
542 2330 676 2370 φωτίζειν,
705 2330 748 2358 καὶ
783 2329 912 2358 τελειοῦν·

89 2374 175 2403 πολλὰ
191 2374 219 2402 δὲ
237 2375 376 2415 γινώσκει,
394 2374 454 2403 ἀλλ’
482 2374 688 2414 ὒπερκειμένως,
719 2375 763 2403 καὶ
791 2376 821 2403 οὗ
848 2375 917 2403 κατὰ

91 2418 237 2460 ἄνθρωπον,
261 2421 308 2448 καὶ
328 2420 356 2448 ἐν
371 2431 499 2458 μετουσιᾳ
526 2422 577 2453 τῆς
604 2420 676 2453 θείας
704 2419 859 2457 ἐπιστήμης
872 2421 917 2449 καὶ

88 2466 225 2506 γνώσεως,
243 2465 306 2495 καθ’
322 2465 384 2494 ὅσον
406 2466 473 2503 ἐστὶ,
497 2472 609 2506 γίνεται.
640 2467 687 2494 Διὸ
713 2467 750 2499 ὡς
766 2466 852 2495 πολλὰ
872 2478 917 2507 για

85 2512 245 2545 νωσκούσης
271 2511 366 2551 αὐτῆς,
396 2512 439 2540 καὶ
465 2511 562 2549 ὕμνους
591 2512 609 2545 ἡ
636 2511 758 2551 θεολογία
787 2518 847 2544 τοις
875 2512 918 2540 επὶ

85 2558 136 2594 γῆς
151 2554 342 2593 παραδέδωκε·
373 2557 396 2584 εί
423 2557 462 2593 μὴ
490 2557 541 2596 γὰρ
569 2556 726 2596 ἠπίσταντο,
754 2557 801 2585 οὐκ
819 2556 849 2584 ἂν
864 2555 918 2593 ὕμ-

85 2609 157 2630 νουν·
175 2602 225 2630 καὶ
254 2601 277 2629 εὶ
306 2601 346 2640 μὴ
370 2600 554 2639 ἓνελάμποντο
582 2602 650 2629 κατὰ
665 2602 695 2629 τὸ
708 2601 852 2641 ὑπερέχον,
870 2601 917 2630 οὒκ

80 2645 114 2674 ἂν
128 2647 149 2680 ὴ
162 2646 242 2685 φωνή
260 2646 358 2674 τούτων
374 2646 420 2685 ἧν,
437 2647 568 2680 αἰσθητῶς
584 2646 682 2682 ιίπεϊν,
697 2656 734 2684 (ξιξ
761 2647 837 2686 φωνὴ
852 2645 919 2675 ὺδά-

79 2702 138 2719 των
154 2690 280 2721 πολλῶν.
299 2690 449 2720 Ἀναϐοῶσι
471 2691 532 2730 γὰρ’
555 2691 624 2719 κατὰ
639 2692 684 2719 τὸν
697 2690 920 2725 θεοληπτικώτα-

78 2747 130 2765 τον
165 2735 311 2773 Ἰεζεκιὴλ,
342 2736 521 2775 Εὖλογημενη
550 2737 567 2770 ἡ
597 2735 659 2768 δόξα
690 2736 783 2775 Κυρίο)
814 2736 844 2764 ἐκ
876 2739 923 2766 τοῦ

957 2196 998 2225 7t
1026 2195 1236 2226 necessitatem
1267 2193 1434 2225 naturalem
1465 2201 1515 2223 res
1537 2193 1678 2233 quaelibet
1704 2194 1784 2225 circa

955 2239 1049 2271 Deum
1058 2240 1197 2271 choream
1205 2239 1300 2280 ducit,
1318 2238 1388 2269 dum
1404 2246 1524 2268 causam
1535 2246 1618 2268 suam
1630 2238 1723 2269 ambit
1739 2248 1785 2270 se~

956 2284 1087 2316 cundum
1102 2284 1245 2315 csse.Hoc
1259 2284 1361 2324 utique
1376 2282 1463 2313 modo
1473 2282 1585 2313 circum
1599 2281 1710 2322 Regem
1722 2293 1784 2314 om-

927 2324 948 2350 D
959 2330 1041 2360 nium
1058 2332 1128 2361 sunt
1144 2329 1255 2369 omnia,
1268 2333 1297 2360 et
1312 2327 1538 2368 propteripsum
1550 2332 1619 2358 sunt
1632 2328 1783 2371 universa,

958 2375 1084 2415 ipseque
1092 2377 1196 2405 auctor
1205 2379 1250 2404 est
1264 2373 1398 2405 omnium
1416 2372 1573 2404 bonorum.
1589 2372 1711 2408 Quando
1727 2374 1783 2405 ali-

959 2420 1027 2460 quis
1040 2419 1075 2450 ad
1086 2419 1180 2450 Deum
1192 2419 1297 2458 vergit,
1313 2417 1406 2448 multa
1416 2417 1482 2457 ejus
1493 2418 1703 2449 communione
1715 2428 1784 2450 coo-

961 2463 1172 2505 perationeque
1187 2464 1296 2502 dignus
1320 2463 1458 2499 cﬂicitur,
1482 2471 1534 2502 per
1549 2471 1614 2493 eam
1631 2472 1699 2503 quae
1714 2474 1783 2496 cum

959 2510 1023 2550 ipso
1033 2509 1099 2540 fieri
1114 2513 1210 2549 potest
1224 2508 1482 2539 assimilationem:
1497 2517 1562 2538 cum
1581 2507 1660 2538 cnim
1679 2509 1707 2538 in
1723 2508 1784 2541 Deo

961 2554 1079 2585 habitus
1095 2557 1179 2586 estet
1190 2554 1332 2593 operatio,
1348 2553 1462 2583 scilicet
1475 2552 1585 2592 puritas
1600 2558 1628 2583 et
1639 2553 1782 2595 expiatio,

961 2600 1062 2630 lumen
1078 2603 1107 2631 et
1121 2598 1308 2638 illuminatio,
1327 2598 1468 2637 perfectio
1480 2602 1509 2627 et
1523 2597 1552 2627 id
1573 2597 1649 2637 quod
1666 2599 1784 2638 perﬁcit

963 2649 1098 2686 (quorum
1115 2644 1240 2675 alterum
1252 2644 1374 2684 quidem
1388 2643 1507 2674 habitus
1522 2647 1577 2681 est,
1594 2642 1720 2674 alterum
1732 2653 1783 2676 au-

963 2695 1022 2721 tem
1039 2689 1196 2730 operatio),
1214 2697 1298 2720 mens
1314 2697 1435 2730 quoque
1450 2687 1597 2719 bonorum
1627 2688 1782 2722 babituum

965 2735 1175 2766 communione
1185 2734 1272 2774 digna
1280 2733 1424 2774 redditur,
1444 2733 1580 2773 utetipsa
1592 2743 1645 2774 per
1660 2735 1784 2772 gratiam

78 2781 172 2810 τόπου
210 2782 303 2810 αὐτοῦ’
340 2783 386 2809 καὶ
414 2780 491 2809 ἄλλοι
507 2781 555 2815 τὴν
570 2780 758 2818 πολυύμνητον
780 2781 916 2821 θεολογίαν

967 2789 1051 2821 pura,
1064 2779 1123 2817 lux,
1142 2783 1171 2809 et
1186 2779 1317 2819 perfecta
1332 2779 1370 2809 sit
1387 2778 1480 2817 ;quin
1491 2782 1520 2809 et
1533 2778 1561 2808 in
1576 2782 1690 2818 partem
1704 2780 1786 2812 venit

77 2826 265 2866 ἆνακράζουσι
282 2826 324 2867 τὸ,
342 2822 458 2867 "Apoc,
475 2826 567 2867 ἅγιος,
583 2825 660 2865 ἅγιος
676 2826 776 2866 Κύριος
792 2825 916 2865 Σαϐαὼθ,

960 2824 1192 2866 cooperationis,
1206 2823 1277 2855 dum
1291 2828 1319 2855 et
1334 2824 1398 2864 ipsa
1414 2827 1530 2865 purgat,
1546 2827 1574 2854 et
1588 2823 1785 2866 illuminat,et

78 2870 196 2911 πλήρης
228 2874 303 2900 πᾶσα
330 2872 349 2906 ἡ
378 2873 414 2911 γῆ
437 2873 487 2905 τῆς
508 2870 587 2905 δόξης
602 2870 694 2901 ἀύτοῦ.
710 2871 812 2904 Ταύτας
826 2870 916 2904 δὲτὰς

960 2870 1077 2911 perlicit
1093 2880 1102 2909 ;
1119 2868 1209 2901 multa
1224 2878 1344 2910 quoque
1357 2869 1521 2910 cognoscit,
1540 2869 1593 2901 sed
1614 2869 1785 2903 eminenter

252 2932 382 2964 PATROL.
398 2930 454 2966 Gn.
470 2929 523 2964 III.

1679 2933 1698 2966 8
