4052 6494
482 344 614 416 235

1690 351 1751 419 S.
1800 355 2151 420 DIONYSII
2191 348 2703 423 AREOPAGITIE

3767 350 3882 428 236

486 497 546 552 et
578 507 696 551 non
713 486 1046 551 secundum
1074 487 1408 573 hominem,
1433 497 1515 573 et,
1540 492 1737 574 quoad
1762 493 1889 555 ﬁeri
1921 502 2130 574 potest

2233 491 2445 567 ὑψηλὰς
2475 492 2796 571 ὑμνολογίας
2851 500 2957 551 τῶν
3018 491 3400 576 ὃπερουρανίων
3454 494 3727 571 δυνάμεων
3778 498 3881 571 ἤδη

484 579 708 642 divinae
740 576 1006 641 scientiae
1020 579 1501 662 cognitionisque
1525 582 1823 663 particeps
1849 582 2132 647 ellicitur.

479 667 883 742 Quamobrem
919 669 1076 750 quod
1110 670 1301 734 multa
1331 680 1668 750 cognoscat,
1706 673 1955 753 hymnos
1983 694 2135 755 quo-

479 777 599 841 que
631 758 935 837 theologia
968 760 1283 839 terrigenis
1313 762 1702 824 tradiditznisi
1733 768 1895 824 enim
1929 764 2133 825 credi-

476 849 1118 931 dissent,nequaquam
1151 850 1361 914 laudes
1390 852 1784 934 cecinissent,
1814 860 1872 914 et
1896 855 2010 914 nisi
2043 873 2135 916 se-

479 939 744 1002 cundum
776 940 1147 1020 superiorem
1180 951 1411 1020 partem
1437 941 1715 1004 illustrati
1737 941 2018 1016 fuissent,
2040 963 2137 1006 ne.

477 1047 777 1111 quaquam
808 1047 918 1090 vox
950 1047 1155 1090 eorum
1190 1030 1559 1092 sensibiliter
1592 1032 2138 1113 loquendo,fuisset

477 1121 646 1202 quasi
664 1139 772 1182 vox
802 1137 1089 1199 aquarum
1124 1120 1470 1198 multarum,
1504 1120 1769 1183 clamant
1792 1129 1949 1183 enim
1972 1123 2137 1201 juxta

476 1219 900 1279 divinissimum
960 1218 1335 1287 Ezechielem,
1372 1221 1661 1278 Benedicta
1707 1220 1892 1293 gloria
1924 1220 2145 1279 Domini

475 1312 539 1367 de
571 1312 682 1368 loco
711 1327 808 1368 suo
839 1321 865 1349 ιι
899 1326 912 1367 :
944 1317 1113 1382 atque
1154 1310 1252 1368 alii
1287 1309 1730 1369 celeberrimum
1763 1310 1908 1368 illud
1969 1326 2144 1369 vene-

475 1393 832 1475 rationeque
864 1391 1278 1472 plenissimum
1309 1391 1526 1455 divina;
1587 1393 1784 1455 laudis
1839 1394 2135 1458 canticum

476 1492 872 1562 proclamant;
905 1488 1161 1558 Sanctus,
1192 1499 1431 1564 sanctus,
1462 1498 1679 1549 sanctus
1728 1492 2000 1548 Dominus
2032 1490 2138 1549 Sa—

473 1582 650 1650 baoth,
678 1582 836 1656 plena
860 1584 1131 1640 calomnis
1163 1590 1314 1640 terra
1343 1583 1522 1655 gloria
1574 1584 1713 1640 ιααο.
1768 1583 1879 1639 llas
1948 1595 2136 1641 autem

472 1664 941 1729 sublimissimas
1000 1665 1337 1727 caelestium
1390 1666 1675 1727 virtutum
1727 1664 2139 1744 hymnolugias

466 1755 833 1835 jampridem
849 1754 910 1815 in
923 1761 1177 1818 tractatu
1204 1755 1292 1817 De
1303 1755 1527 1817 divinis
1540 1754 1784 1836 hymnis
1802 1757 1821 1776 '
1837 1756 2137 1817 examina-

2224 583 2319 655 μὲν
2380 582 2435 637 ἐν
2493 586 2567 657 τῷ
2597 586 2712 662 περὶ
2744 584 2894 640 θεῖων
2928 583 3103 660 ὕμνων
3152 585 3504 664 συντέγματι,
3537 589 3607 653 ὡς
3641 586 3885 664 δυνατὸν,

2222 669 2644 751 διηρευνήσαμει
2714 677 2799 731 καὶ
2859 673 3260 756 ἐξηγησόμεθα,
3336 677 3424 733 καὶ
3491 679 3697 755 εἱρηται
3769 680 3888 758 περὶ

2221 763 2421 818 τούτων
2454 762 2659 837 ἐκεῖσε,
2720 766 2793 828 ὠς
2852 765 2991 820 κατὰ
3022 764 3122 832 την
3165 764 3433 845 ἡμετέραν
3480 764 3723 848 δύναμιν,
3758 769 3883 826 iacu-

2224 857 2350 914 νὼς·
2393 851 2484 932 ἀφ’
2514 854 2588 910 ὧν
2626 852 2802 933 λόγων
2848 854 3025 933 ἀρκεῖ,
3085 877 3154 910 κα
3170 856 3229 912 τὰ
3285 857 3347 912 τὸ
3406 858 3598 936 παρὸν,
3630 866 3885 917 τοσοῦτον

2222 942 2416 1017 εἰπεῖν,
2479 940 2559 1001 ὅτι
2590 945 2625 1013 ἡ
2657 944 2845 1021 πρώτη
2897 942 3255 1019 διακόσμησις
3287 945 3657 1027 ἒλλαμφθετσα
3685 951 3885 1017 ταύτην

2221 1030 2287 1099 δὴ
2345 1036 2445 1099 τὴν
2503 1039 2610 1090 τῶν
2662 1032 2841 1109 ὕμνων
2885 1032 3186 1115 θεολογίαν,
3244 1033 3363 1092 καθ’
3421 1035 3544 1093 ὅσον
3598 1037 3883 1120 ἐνεχώρει,

2222 1123 2365 1197 παρὰ
2408 1127 2506 1190 τῆς
2548 1130 2641 1180 τοῦ
2675 1130 2807 1182 Θεοῦ
2867 1124 3225 1202 ἁγαθότητος,
3283 1125 3480 1194 ταύτης
3527 1125 3592 1193 δὴ
3623 1134 3726 1196 τῆς
3759 1133 3887 1187 θεο-

2229 1214 2437 1292 Λογίας,
2471 1214 2544 1276 ὡς
2577 1212 2895 1292 άγαθοειδὴς
2959 1215 3209 1295 ἱερααχία
3282 1217 3370 1272 καὶ
3441 1215 3605 1283 τάξις,
3656 1219 3884 1298 Λέγεται

2227 1302 2327 1381 γὰρ
2355 1303 2621 1382 ἱεραρχία,
2658 1303 2735 1377 μὴ
2768 1304 2929 1379 μόνον
2959 1305 2993 1373 ἡ
3028 1305 3229 1361 τούτων
3262 1305 3392 1381 ἕξις,
3438 1330 3528 1364 και
3575 1308 3882 1390 ἐπιστήμη,

2224 1414 2313 1447 και
2343 1392 2603 1474 ἒνὲργεια,
2640 1392 2774 1449 ἀλλὰ
2807 1398 2896 1449 καὶ
2929 1394 3058 1461 αὒτὴ
3123 1393 3188 1463 δὴ
3216 1397 3250 1464 ἡ
3289 1396 3664 1473 διακόσμησὶς·
3699 1398 3886 1471 ὥσπερ

2226 1482 2544 1560 ἡὶερωσύνη
2576 1485 2663 1540 καὶ
2713 1483 2849 1550 αὕτη
2898 1485 2932 1552 ἡ
2983 1482 3122 1559 ἀξία,
3176 1489 3264 1542 καὶ
3322 1487 3371 1542 οἱ
3425 1487 3751 1567 μετέχοντες
3772 1492 3882 1547 αὒ-

2226 1578 2341 1648 τζς,
2376 1571 2448 1635 ὥς
2480 1595 2680 1653 φαμεν,
2736 1579 2885 1630 Πᾶσα
2939 1575 2973 1643 ἦ
3023 1575 3283 1653 ἱερωσύνη
3334 1578 3395 1633 τὸ
3447 1578 3535 1633 καὶ
3561 1579 3623 1634 τὸ
3653 1580 3882 1659 εὒηργε-

2222 1662 2380 1742 τάθη,
2421 1665 2510 1719 καὶ
2562 1664 2623 1720 τὸ
2674 1664 2760 1721 καὶ
2813 1665 2873 1720 τὸ
2920 1664 3167 1724 πέπονθε.
3203 1666 3383 1724 Τοίνυν
3410 1665 3449 1733 ἦ
3478 1667 3705 1737 τοιαύτη
3734 1668 3881 1743 τάξις

2224 1751 2312 1806 καὶ
2344 1748 2700 1825 διακόσμησις
2731 1753 2803 1817 ὡς
2834 1752 3172 1831 ἀγαθοειδὴς,
3225 1755 3424 1823 ταύτης
3455 1761 3553 1824 τῆς
3602 1756 3879 1836 θεολογίας

472 1845 667 1906 vimus
697 1844 1541 1926 etexplicuimus,ibidemque
1564 1843 1640 1907 de
1664 1844 1739 1906 iis
1754 1845 1894 1907 satis
1919 1864 2130 1927 super-

2226 1853 2342 1904 τοῖς
2386 1838 2507 1916 μετ’
2540 1840 2704 1910 αὐτην
2749 1840 3087 1918 μεταδίδωσι’
3144 1845 3301 1903 τοῦτο
3351 1846 3452 1925 γάρ
3501 1845 3612 1904 ἔστι
3642 1849 3704 1905 τὸ
3734 1849 3878 1926 ἀγα-

476 1952 596 2017 que
626 1953 731 2016 pro
764 1935 1004 1996 modulo
1032 1944 1238 1998 nostro
1270 1935 1495 2001 dictum
1528 1944 1656 1998 est:
1693 1953 1725 1996 e
1755 1933 1971 2015 quibus
2003 1954 2139 1996 ser-

477 2025 759 2086 monibus
784 2024 1047 2086 sufﬁciat
1091 2027 1152 2087 in
1211 2026 1666 2104 praesentiarum
1726 2024 1841 2086 hoc
1891 2023 2135 2100 dixisse,

477 2114 639 2192 quod
675 2115 863 2195 prima
889 2115 1230 2178 distributio
1255 2116 1516 2177 divinum
1542 2116 1655 2177 hoc
1680 2114 1920 2177 laudum
1947 2116 2097 2177 cauti
2123 2149 2136 2161 -

476 2224 635 2281 cum,
670 2206 861 2286 quoad
878 2207 964 2267 fas
978 2215 1246 2287 erat,pcr
1272 2205 1727 2269 illustrationcm
1751 2222 1784 2266 a
1806 2204 2000 2266 divina
2024 2205 2135 2266 bo-

477 2298 658 2357 nitate
681 2297 1007 2378 acceperit,
1032 2295 1105 2358 ab
1125 2295 1795 2379 ea,inquam,theologia
1818 2315 1922 2358 seu
1940 2296 2139 2357 (“Villa

476 2386 913 2467 bonitate,qua3
933 2388 1107 2450 etiam
1131 2388 1482 2449 boniformis
1520 2387 1855 2449 liierarchia
1882 2397 1940 2448 et
1988 2388 2134 2449 ordo

478 2477 969 2539 exsistit.Dicitur
999 2480 1158 2540 enim
1185 2478 1517 2540 hierarchia
1549 2497 1665 2538 non
1705 2484 1931 2539 tantum
1968 2478 2133 2559 ipse-

473 2575 597 2628 met
626 2585 831 2628 eorum
867 2568 1135 2649 habitus,
1169 2576 1227 2630 et
1261 2568 1538 2639 scientia,
1572 2576 1632 2630 et
1666 2566 1961 2648 operatio,
2024 2570 2131 2629 sed

474 2656 932 2738 ctiam-ipsumet
959 2658 1332 2721 distributio:
1362 2659 1518 2720 sicut
1539 2658 1944 2719 sacerdotium
1971 2664 2131 2738 ipsa-

475 2754 599 2808 met
628 2746 911 2826 dignitas,
942 2758 1001 2808 et
1023 2755 1122 2829 qui
1147 2767 1275 2809 eam
1311 2748 1709 2828 participant;
1744 2747 1821 2807 ita
1853 2747 2126 2821 dicimus,

475 2837 880 2899 sacerdotium
907 2838 1021 2900 hoc
1040 2847 1097 2900 et
1116 2838 1258 2900 illud
1273 2836 1638 2903 beneﬁcium
1667 2836 1917 2917 accepit,
1939 2847 1998 2899 et
2022 2839 2133 2899 hoc

477 2935 537 2988 et
566 2927 713 2989 illud
741 2945 982 3008 passum
1007 2935 1115 2989 est.
1152 2927 1355 3008 Itaque
1383 2927 1528 2989 ordo
1551 2926 1889 2989 istiusmodi
1915 2946 1979 2987 ac
2004 2927 2131 2988 dis-

477 3020 747 3099 tributio,
785 3028 1062 3100 tanquam
1121 3019 1497 3093 boniformis,
1556 3018 1918 3098 theologiam
1981 3020 2133 3082 hanc

469 3110 858 3172 inferioribus
881 3109 1227 3172 transmittit
1258 3127 1271 3173 :
1293 3110 1591 3191 siquidem
1608 3110 1735 3171 haec
1754 3119 1843 3170 est
1866 3109 2130 3171 bonifor-

2221 1928 2442 2005 θοειδὲς,
2493 1931 2555 1988 τὸ
2601 1933 2886 1996 κοινωνοὺς
2918 1937 3192 1992 ποιεῖσθαι
3227 1936 3314 1992 καὶ
3363 1936 3599 2016 ἐταίροος
3629 1946 3721 1995 τοῦ
3750 1935 3879 1996 ἰδίου

2225 2019 2407 2084 καλοῦ.
2446 2019 2786 2079 Μεταδέδωοιε
2843 2030 2970 2102 γοῦν
3015 2023 3194 2083 ἐκεῖνο
3246 2026 3624 2104 ὑφηγουμένη,
3689 2030 3765 2094 ὡς
3817 2028 3877 2085 ἂν

2225 2109 2393 2190 εἴπω,
2426 2110 2545 2167 κατ’
2582 2111 2848 2187 ἐπιτομὴν
2906 2115 2992 2169 καὶ
3048 2117 3341 2191 συντόμως
3400 2116 3482 2175 ὅτι
3539 2119 3753 2182 πάντως
3785 2122 3877 2176 θε-

2222 2200 2380 2274 μιτὸν
2437 2200 2523 2256 καὶ
2579 2199 2779 2258 δίκαιόν
2837 2201 2972 2275 ἐστι,
3036 2204 3178 2282 παρὰ
3231 2210 3417 2261 πασῶν
3472 2207 3574 2260 τῶν
3604 2204 3876 2288 θεοδόχων

2221 2288 2514 2365 δυνάμεων,
2577 2293 2663 2348 καὶ
2721 2292 3093 2373 γινώσκεσθαι,
3125 2295 3212 2350 καὶ
3256 2295 3559 2372 ὑμνεῖσθαι,
3598 2294 3743 2364 πλὴν
3802 2300 3874 2360 ὡς

2220 2379 2454 2460 ἐφικτὸν,
2494 2382 2655 2450 αὖτήν
2710 2381 2774 2449 δὴ
2834 2388 2932 2452 τὴν
2990 2381 3280 2460 σεϐασμίαν
3337 2384 3436 2441 καΐ
3496 2385 3873 2467 ὓπερεύφημον

2219 2472 2696 2552 καὶπανεύφημον
2732 2471 2995 2548 Θεότητα,
3058 2476 3131 2536 ὡς
3190 2474 3254 2530 όίν
3313 2472 3366 2530 ἐν
3425 2482 3523 2551 μιᾷ
3549 2479 3761 2547 κινήσει
3794 2479 3876 2536 διὰ

2218 2561 2431 2621 πάντων
2460 2562 2762 2636 δοξάζηται·
2803 2566 2949 2623 οὗτοι
3002 2568 3102 2646 γὰρ
3162 2569 3317 2643 εἰσιν,
3352 2570 3425 2634 ὡς
3460 2575 3577 2644 Θεῷ
3630 2571 3874 2641 πρέπον-

2217 2676 2327 2727 τες,
2355 2656 2401 2711 οἱ
2423 2658 2559 2712 θεῖοι
2592 2657 2745 2712 τόποι
2778 2661 2876 2724 τῆς
2909 2661 3068 2715 αὒτοῦ
3093 2660 3498 2739 καταπαύσεως,
3519 2662 3699 2727 καθὼς
3727 2661 3782 2717 ἐν
3804 2663 3873 2731 τῆ

2215 2747 2327 2821 ἱεθᾷ
2372 2751 2553 2826 Γραφῇ
2584 2744 2819 2825 λέγεται·
2890 2754 3050 2805 Ποῖον
3112 2749 3269 2806 οἶκον
3331 2749 3715 2826 οἰκοδομήσετέ
3746 2776 3870 2834 μοι,

2215 2834 2360 2913 λέγει
2440 2833 2657 2912 Κύριος’
2744 2836 2779 2904 ἢ
2858 2839 2937 2903 τίς
3036 2838 3200 2903 τόπος
3290 2844 3389 2907 τῆς
3484 2842 3874 2910 καταπαύσεώς

2216 2945 2353 3001 μους
2390 2926 2556 2982 Αὖτού
2586 2934 2679 2985 τοῦ
2709 2925 2934 3007 ἔχοντος
2968 2925 3216 2995 δηλονότι
3248 2931 3341 2996 τὰς
3369 2930 3521 3008 ἁγίας
3557 2931 3654 2989 διαέ
3685 2955 3873 3008 μακα-

2215 3018 2327 3095 ρίας
2360 3017 2539 3081 οὐσίας
2569 3018 2786 3094 τόπους,
2824 3016 2987 3075 οἱονεί
3040 3017 3312 3085 δεκτικοὺς
3368 3025 3470 3088 τῆς
3504 3021 3667 3079 αὖτοῦ
3725 3023 3869 3101 λαμ-

2215 3106 2484 3180 πρότητος
2514 3127 2530 3145 ο
2579 3109 2651 3173 ὡς
2716 3109 2816 3187 γὰρ
2871 3110 2899 3164 ὁ
2956 3109 3118 3173 τόπος
3175 3107 3415 3173 δειιτικός
3446 3110 3560 3167 ἔστι
3591 3112 3875 3195 σώματος,

476 3200 674 3280 mitas,
709 3202 797 3260 72
824 3212 887 3261 ut
916 3200 1053 3280 quis
1083 3201 1232 3262 alios
1253 3200 1395 3263 boni
1426 3200 1514 3262 sui
1541 3200 1859 3281 participes
1885 3201 2125 3283 efﬁciat.

2215 3197 2354 3253 οὕτω
2382 3197 2476 3254 καὶ
2507 3197 2658 3254 αὗται
2692 3202 2792 3265 τῆς
2837 3199 2976 3263 θείας
3021 3198 3426 3278 λαμπρότητος.
3474 3206 3595 3264 Πῶς
3643 3201 3725 3280 δὲ,
3775 3210 3876 3272 τῆς

475 3289 897 3371 Transcripsit,
934 3292 1199 3371 inquam,
1235 3290 1381 3353 illud
1411 3291 1790 3371 eXplicando,
1830 3300 1890 3352 ut
1922 3292 2006 3354 sic
2030 3292 2128 3354 di—

2215 3293 2430 3367 Γραφῆς
2462 3288 2780 3369 ἁπανταχοῦ
2838 3286 3101 3368 λεγούσης
3156 3289 3531 3369 ἁπεριόριστον
3591 3293 3654 3349 τὸ
3714 3301 3879 3352 Θεῖον

474 3400 630 3456 cam,
668 3400 775 3462 per
805 3380 1108 3461 epitomen
1140 3388 1198 3443 et
1228 3389 1566 3442 summatim
1604 3400 1620 3458 ;
1668 3381 1823 3461 quod
1882 3383 2126 3445 omnino

474 3490 705 3552 mquam
742 3481 798 3533 et
825 3474 1051 3551 justum
1085 3472 1184 3552 sit,
1217 3471 1293 3534 ab
1327 3471 1607 3534 omnibus
1663 3472 1773 3535 Dei
1806 3470 2125 3552 capacibus

469 3560 781 3622 virtutibus
810 3580 941 3623 cum
976 3561 1139 3641 sciri,
1176 3570 1297 3623 tum
1350 3563 1681 3644 decantari,
1742 3563 1937 3643 quoad
1996 3563 2125 3624 ﬁeri

470 3660 690 3732 potest,
726 3651 914 3732 ipsam
939 3652 1364 3733 venerandam,
1393 3662 1452 3714 ct
1473 3668 1653 3733 supra
1674 3672 1849 3734 quam
1882 3652 2129 3715 laudau-

473 3740 637 3814 (lam,
670 3742 956 3821 omnique
990 3743 1164 3804 laude
1194 3740 1432 3819 dignam
1452 3741 2125 3823 Deitatem,utunomo-

474 3840 533 3890 tu
568 3848 676 3911 per
709 3832 907 3891 omnia
938 3830 1309 3909 gloriﬁretur
1335 3849 1348 3893 :
1374 3831 1670 3912 siquidem
1698 3832 1756 3893 lii
1786 3844 1923 3894 sunt
1945 3832 2124 3894 divini

471 3919 585 3981 loci
614 3920 737 3981 Deo
766 3921 1278 3993 convenientes,in
1304 3920 1521 3999 quibus
1550 3923 2121 4004 requiescit,quem-

469 4019 778 4077 admsdum
811 4023 866 4077 in
900 4036 1061 4079 sacra
1088 4020 1383 4091 Scriptura
1424 4022 1637 4081 dicitur
1671 4039 1685 4079 :
1747 4014 1966 4091 Qualem
2029 4024 2126 4080 do-

470 4127 605 4165 mum
633 4109 972 4181 mtiﬁcabitis
1002 4112 1136 4168 mihi
1159 4113 1188 4169 ἵ
1219 4111 1359 4168 Dicit
1388 4113 1651 4170 Dominus
1682 4131 1700 4176 ,'
1740 4113 1825 4169 vel
1882 4114 1998 4187 quis
2045 4115 2125 4171 lo-

465 4218 558 4256 cus
585 4200 927 4273 requietiom's
955 4219 1085 4258 ηιεω
1113 4200 1194 4260 pf
1229 4203 1303 4260 lta
1339 4203 1614 4261 nimirum
1650 4214 1710 4262 ut
1753 4204 1876 4277 ipse
1936 4209 2123 4278 possi-

467 4282 604 4345 deat
626 4291 862 4347 sanctas
885 4285 1034 4347 istas
1051 4284 1372 4366 heatasque
1390 4297 1635 4349 naturas
1658 4296 1932 4369 tanquam
1960 4289 2125 4352 locos

466 4392 716 4455 capaces
740 4375 1083 4454 splendoris
1105 4377 1197 4438 sui
1227 4397 1239 4438 :
1274 4376 1430 4439 sicut
1452 4378 1608 4439 enim
1643 4378 1810 4441 locus
1831 4398 2013 4460 capax
2036 4390 2126 4443 est

465 4470 755 4546 corporis,
789 4465 874 4527 sic
905 4475 963 4527 et
994 4466 1143 4548 ipsae
1169 4466 1353 4537 divini
1385 4467 1664 4548 splendor
1686 4473 1757 4533 is.
1815 4469 2124 4542 Quomodo

2214 3376 2309 3457 (ὡς
2341 3380 2423 3435 τὸ³
2461 3376 2518 3437 Ὀ
2555 3380 2772 3457 οὐρανὸς
2805 3379 2987 3457 θρόνος
3020 3378 3205 3457 αὐτοῦ,
3278 3382 3313 3450 ἡ
3386 3377 3442 3438 δὲ
3513 3381 3585 3461 γῆ
3655 3385 3874 3443 ὑποπό-

2208 3466 2341 3525 διον·
2403 3470 2495 3526 καί
2542 3467 2727 3545 πάλιν,
2791 3468 3046 3537 ’Ἔστησε
3076 3470 3170 3535 τὰς
3203 3471 3372 3535 νάπας
3430 3477 3598 3552 ζυγῷ,
3629 3475 3728 3532 καί
3775 3478 3877 3544 τὴν

2211 3560 2312 3639 ,(ἧν
2346 3557 2517 3637 δρχκί·
2581 3561 2673 3618 διιί
2733 3562 2902 3636 αὖθις,
2965 3558 3089 3619 Ἐὰν
3146 3565 3391 3638 πορευθῶ
3449 3564 3522 3629 εἰς
3562 3565 3657 3621 τὸν
3701 3567 3873 3645 οὖρα-

2212 3653 2323 3731 tam,
2360 3651 2538 3731 πάρει·
2590 3650 2679 3707 ἐὰν
2727 3647 2948 3708 καταϐῶ
3004 3653 3079 3715 εἷς
3138 3654 3228 3713 τὸν
3289 3651 3447 3733 ᾅδην,
3481 3654 3599 3712 ἐκεῖ
3656 3656 3691 3724 ἡ
3751 3660 3877 3737 χεὶρ

2210 3742 2351 3821 σου),
2389 3756 2552 3800 ποῖον
2582 3740 2745 3799 τόπον
2776 3742 2803 3797 ὃ
2832 3741 3089 3814 Ἰεζεκιῆλ
3120 3739 3381 3811 ἐπενόησε
3411 3750 3487 3819 τῷ
3520 3751 3637 3820 Θεῷ
3668 3767 3684 3823 ς
3731 3754 3873 3804 Θεο-

2210 3832 2427 3911 πρεπῶς
2458 3844 2662 3890 νοεῖται
2693 3834 2869 3889 τοῦτο·
2914 3832 3059 3911 λέγει
3109 3833 3210 3912 γὰρ
3263 3834 3352 3891 καὶ
3408 3833 3462 3892 ἐν
3522 3835 3876 3916 Εὒαγγελίοις

2208 3925 2234 3980 ὁ
2267 3921 2478 4003 Κύριος,
2516 3920 2691 4003 (Ἐγὼ
2723 3924 2806 3980 διαὶ
2837 3924 2866 3978 ὁ
2901 3922 3104 4005 Πατὴρ)
3138 3921 3486 4005 ἐλευσόμεθα,
3544 3926 3632 3983 καὶ
3694 3927 3872 4003 μονὴν

2207 4013 2328 4093 παρ’
2363 4013 2505 4088 αὒτῷ
2537 4013 2900 4089 ποιησόμεθα,
2933 4012 3072 4072 ὥστε
3118 4013 3205 4071 καὶ
3265 4013 3316 4071 αἱ
3376 4016 3563 4083 νοηταὶ
3594 4013 3871 4095 δυνάμεις,

2205 4106 2292 4161 καὶ
2325 4109 2429 4161 τῶν
2461 4104 2626 4182 ἁγίων
2683 4104 2736 4160 αἱ
2794 4105 2991 4185 ψυχαὶ,
3050 4104 3214 4167 τόπος
3257 4103 3473 4170 εἰκότως
3505 4104 3766 4173 κληθεῖεν
3810 4107 3875 4164 ἂν

2206 4196 2293 4251 καὶ
2321 4193 2613 4261 ἀνάπαυσις
2644 4200 2736 4252 τοῦ
2768 4201 2920 4255 Θεοῦ.
2961 4192 3097 4253 Ἀπὸ
3129 4201 3313 4253 κοινοῦ
3360 4196 3393 4264 ἡ
3444 4195 3717 4262 σύνταξις.
3752 4200 3871 4259 Κά-

2208 4298 2358 4343 χεϊνο
2411 4283 2572 4342 πάλιν
2628 4284 2977 4365 ὑφηγουμένη
3032 4286 3067 4355 ἡ
3121 4284 3308 4365 πρώτη
3372 4283 3731 4364 διακόσμησις
3804 4287 3871 4366 τῇ

2209 4372 2327 4451 μετ’
2358 4374 2525 4443 αὒτὴν
2554 4373 2900 4454 ἀγαθοειδῶς,
2961 4379 3022 4433 τὸ
3079 4374 3160 4433 ὅτι
3217 4376 3387 4453 μονάς
3441 4379 3550 4434 ἔστι
3608 4380 3701 4437 καὶ
3747 4380 3870 4446 ἑνὸς

2206 4465 2622 4544 τρισυπόστατος
2694 4467 2728 4535 ἡ
2799 4467 3034 4545 μακαρία
3109 4467 3196 4524 καὶ
3267 4469 3499 4548 παναγία
3549 4471 3714 4549 Τριᾶς
3786 4470 3871 4527 καὶ

464 4563 688 4631 autem,
709 4554 955 4651 dicente
977 4556 1285 4651 Scriptura
1308 4557 1530 4651 ubique
1550 4556 1741 4627 [leum
1771 4578 1907 4624 esse
1933 4559 2123 4623 incir-

2215 4558 2397 4632 μονὰς,
2433 4554 2635 4614 διιεῖσα
2692 4557 2781 4613 καὶ
2840 4555 3214 4633 διαπέμπουσα
3243 4558 3346 4627 τὴν
3376 4560 3542 4626 αὐτῆς
3576 4558 3867 4639 ἀγαθωτᾶ-

466 4647 890 4725 cumscriptum
919 4655 1003 4720 (ut
1032 4665 1164 4709 cum
1197 4648 1531 4725 ait,ccelum
1555 4667 1691 4711 esse
1722 4650 1927 4713 sedem
1963 4651 2118 4732 ejus,

465 4751 674 4801 terram
704 4753 894 4801 autem
926 4746 1269 4804 scabellumq
1302 4764 1320 4817 ;
1357 4757 1409 4805 et
1437 4748 1688 4806 iterum:
1746 4747 1953 4805 Statuit
2009 4750 2125 4807 col-

466 4830 541 4887 les
566 4834 796 4901 statera,
831 4838 882 4890 et
912 4839 1124 4891 terram
1147 4848 1382 4908 pugnat;
1413 4848 1470 4893 et
1526 4851 1750 4908 rursus,
1819 4838 1879 4895 Si
1935 4854 2125 4896 ascen-

464 4921 592 4979 dere
623 4922 685 4979 in
711 4923 918 4990 cretum,
952 4924 1080 4980 ades
1108 4942 1131 4993 ;
1155 4927 1207 4984 si
1243 4926 1557 4984 descendere
1587 4927 1645 4983 in
1692 4928 1991 4999 infernum,
2052 4929 2122 4986 il-

466 5014 554 5071 luc
584 5028 779 5070 manus
807 5020 907 5071 tua
936 5015 998 5085 ι),
1037 5016 1261 5086 qualem
1293 5017 1483 5077 locum
1513 5018 1770 5077 Ezechiel
1804 5018 1916 5077 Deo
1947 5035 2124 5079 exco-

466 5093 719 5174 gitavit?
775 5093 897 5157 Deo
931 5094 1110 5175 digne
1146 5097 1257 5159 hoc
1316 5099 1716 5178 intelligitur:
1766 5098 1911 5162 dicit
1962 5101 2120 5163 enim

465 5186 642 5247 etiam
666 5182 726 5245 in
758 5183 1092 5265 Evangeliis
1114 5186 1427 5252 Dominus.
1448 5190 1594 5271 (Ego
1617 5196 1674 5251 et
1696 5188 1897 5272 Pater)
1925 5194 2125 5254 venie-

463 5280 686 5351 mus,et
706 5276 1084 5339 mansionem
1132 5278 1296 5359 apud
1336 5296 1476 5342 eum
1525 5280 1895 5356 faciemus‘:
1934 5282 2022 5345 ita
2055 5289 2123 5345 ut

465 5365 645 5426 etiam
665 5362 1471 5451 Virtutesspiritualesatque
1499 5369 1715 5432 animai
1746 5379 2114 5454 sanctorum,

547 5539 575 5568 ιι
606 5523 822 5591 Ezech.
855 5544 938 5614 πῃ,
974 5529 1072 5595 12.
1159 5543 1185 5577 ο
1216 5532 1330 5595 Isa.
1357 5549 1435 5613 vr,
1470 5531 1528 5594 3.
1616 5544 1643 5587 P
1670 5532 1803 5597 Act.
1832 5551 1934 5614 vn,
1970 5535 2070 5598 49.

2215 5535 2353 5601 [εεί.
2383 5552 2545 5613 LXVI,
2581 5533 2636 5595 1.

469 5609 486 5648 ί
512 5603 682 5669 Joan.
722 5625 842 5682 xw,
878 5603 977 5674 23.

548 5723 569 5748 ’
602 5725 1018 5792 Desideratur.

2206 4669 2306 4715 την
2336 4646 2588 4726 πρόνοιαν
2648 4646 2742 4704 ἀπ’
2800 4647 2973 4704 αὐτῶν
3030 4653 3137 4706 τῶν
3194 4647 3422 4727 πρώτων
3484 4650 3744 4727 οὖρανὶων
3774 4651 3860 4709 οὗ-

2205 4739 2333 4793 σιῶν
2365 4737 2450 4795 ἐπὶ
2485 4737 2659 4795 πάντα
2718 4737 2785 4795 τὰ
2836 4736 2985 4814 ὅντα,
3022 4736 3188 4819 μέχρι
3217 4748 3310 4799 τοῦ
3339 4737 3699 4823 λεπτοτάτου,
3737 4740 3868 4800 κατὰ

2204 4829 2286 4883 τὸ*
2360 4829 2432 4887 Τὸ
2502 4826 2898 4907 ἀκατέργαστόν
2970 4850 3073 4903 μου
3133 4826 3282 4888 εἶδον
3341 4832 3390 4888 οἱ
3446 4828 3713 4910 ὀφθαλμοί
3750 4839 3863 4890 σοῦ’

2206 4918 2277 4984 ὡς
2308 4914 2486 4987 πάσης
2517 4918 2698 4983 οὗσίας
2729 4919 2877 4999 ἁρχὴ
2935 4918 3289 5000 ὑπεράρχιος,
3348 4919 3436 4977 καὶ
3492 4920 3625 5002 ὑπὲρ
3689 4928 3865 4980 πᾶσαν

2206 5008 2385 5090 ἀρχὴν
2416 5009 2547 5067 οὖσα
2575 5010 2737 5089 αἰτία,
2768 5010 2857 5066 καὶ
2886 5010 3100 5071 πάντων
3151 5015 3259 5067 τῶν
3315 5006 3482 5068 ὄντων
3512 5008 3858 5092 περιδεδραγ-

2207 5100 2345 5176 μὲνη
2374 5097 2723 5178 ὕπερουσὶως,
2755 5097 2811 5156 ἰν
2834 5098 3052 5181 ἇσχὲτῳ
3083 5105 3311 5181 συνοχῇ.
3345 5097 3634 5182 ”Ασχετον
3665 5100 3725 5160 δὲ
3748 5124 3863 5163 συν·-

2206 5190 2349 5271 οχην
2380 5187 2527 5269 λέγει
2584 5189 2684 5259 τὴν
2740 5186 3079 5271 ὶξηρημένην
3128 5190 3306 5259 πάντη
3335 5193 3424 5250 καὶ
3453 5189 3705 5273 ἂσυναφῆ
3736 5194 3866 5274 πρὸς

2205 5282 2271 5340 τὰ
2301 5280 2639 5361 συνεχόμινα
2668 5279 3072 5360 περικράτησιν·
3109 5281 3153 5338 εἰ
3185 5281 3286 5361 γὰρ
3320 5282 3409 5340 καὶ
3439 5282 3656 5341 πάντων
3705 5305 3865 5364 περι-

2205 5368 2554 5450 δεδραγμένον
2613 5369 2723 5429 ἐστὶ
2765 5372 2827 5429 τὸ
2884 5378 3068 5454 Θεϊον,
3127 5372 3218 5431 καὶ
3275 5373 3450 5433 πάντα
3505 5380 3864 5455 περικρατοῦν

2724 5534 2886 5599 rIsa.
2914 5549 3019 5617 XL,
3053 5534 3152 5601 ω.
3240 5549 3261 5581 ι
3284 5532 3444 5599 Psal.
3479 5548 3767 5617 cxxxvm,
3802 5531 3865 5599 8.
