  <div class='ocr_page' id='page_1' title='image "/cluster/home/n/w/nwhite01/storage/ocr_20150623/3/coo.31924054872829/128.png"; bbox 0 0 4052 6428; ppageno 0'>
   <div class='ocr_carea' id='block_1_1' title="bbox 192 389 297 456">
    <p class='ocr_par' dir='ltr' id='par_1_1' title="bbox 192 389 297 456">
     <span class='ocr_line' id='line_1_1' title="bbox 192 389 297 456; baseline -0.029 0"><span class='ocrx_word' id='word_1_1' title='bbox 192 389 297 456; x_wconf 71' lang='grc'><strong>241</strong></span> 
     </span>
    </p>
   </div>
   <div class='ocr_carea' id='block_1_2' title="bbox 725 381 3038 466">
    <p class='ocr_par' dir='ltr' id='par_1_2' title="bbox 725 381 3038 466">
     <span class='ocr_line' id='line_1_2' title="bbox 725 381 3038 466; baseline -0.004 -11"><span class='ocrx_word' id='word_1_2' title='bbox 725 390 824 454; x_wconf 86' lang='lat' dir='ltr'><strong>DE</strong></span> <span class='ocrx_word' id='word_1_3' title='bbox 867 388 1220 455; x_wconf 86' lang='lat' dir='ltr'><strong>COELESTI</strong></span> <span class='ocrx_word' id='word_1_4' title='bbox 1281 385 1786 466; x_wconf 81' lang='lat' dir='ltr'><strong>HIERARGHIA,</strong></span> <span class='ocrx_word' id='word_1_5' title='bbox 1832 385 1999 448; x_wconf 82' lang='lat' dir='ltr'><strong>CAP.</strong></span> <span class='ocrx_word' id='word_1_6' title='bbox 2048 383 2218 449; x_wconf 85' lang='lat' dir='ltr'><strong>VIII.</strong></span> <span class='ocrx_word' id='word_1_7' title='bbox 2267 415 2347 429; x_wconf 92' lang='lat'>—</span> <span class='ocrx_word' id='word_1_8' title='bbox 2386 381 2745 447; x_wconf 80' lang='lat' dir='ltr'><strong>CORDERII</strong></span> <span class='ocrx_word' id='word_1_9' title='bbox 2788 382 3038 448; x_wconf 63' lang='lat' dir='ltr'><strong>NOTAE.</strong></span> 
     </span>
    </p>
   </div>
   <div class='ocr_carea' id='block_1_3' title="bbox 3468 382 3585 449">
    <p class='ocr_par' dir='ltr' id='par_1_3' title="bbox 3468 382 3585 449">
     <span class='ocr_line' id='line_1_3' title="bbox 3468 382 3585 449; baseline 0.009 -1"><span class='ocrx_word' id='word_1_10' title='bbox 3468 382 3585 449; x_wconf 71' lang='lat'><strong>242</strong></span> 
     </span>
    </p>
   </div>
   <div class='ocr_carea' id='block_1_4' title="bbox 188 516 1852 605">
    <p class='ocr_par' dir='ltr' id='par_1_4' title="bbox 188 525 1851 605">
     <span class='ocr_line' id='line_1_4' title="bbox 188 525 1851 605; baseline -0.004 -21"><span class='ocrx_word' id='word_1_11' title='bbox 188 533 292 584; x_wconf 87' lang='grc' dir='ltr'>τῶν</span> <span class='ocrx_word' id='word_1_12' title='bbox 342 525 753 605; x_wconf 68' lang='grc' dir='ltr'>προνοουμένων</span> <span class='ocrx_word' id='word_1_13' title='bbox 813 525 899 581; x_wconf 78' lang='grc' dir='ltr'>ἐπὶ</span> <span class='ocrx_word' id='word_1_14' title='bbox 954 527 1016 581; x_wconf 70' lang='grc' dir='ltr'>τὸ</span> <span class='ocrx_word' id='word_1_15' title='bbox 1072 536 1316 602; x_wconf 78' lang='grc' dir='ltr'>κρεῖττον</span> <span class='ocrx_word' id='word_1_16' title='bbox 1388 528 1702 603; x_wconf 79' lang='grc' dir='ltr'>μεταγωγῇ,</span> <span class='ocrx_word' id='word_1_17' title='bbox 1762 544 1851 579; x_wconf 86' lang='grc' dir='ltr'><strong>και</strong></span> 
     </span>
    </p>
   </div>
   <div class='ocr_carea' id='block_1_5' title="bbox 1942 516 3587 605">
    <p class='ocr_par' dir='ltr' id='par_1_5' title="bbox 1942 516 3587 600">
     <span class='ocr_line' id='line_1_5' title="bbox 1942 516 3587 600; baseline 0.002 -20"><span class='ocrx_word' id='word_1_18' title='bbox 1942 516 2621 600; x_wconf 89' lang='lat' dir='ltr'><strong>puisset,ultricibusque</strong></span> <span class='ocrx_word' id='word_1_19' title='bbox 2634 536 2702 580; x_wconf 88' lang='lat' dir='ltr'><strong>ac</strong></span> <span class='ocrx_word' id='word_1_20' title='bbox 2720 517 3068 581; x_wconf 82' lang='lat' dir='ltr'><strong>crudelibus</strong></span> <span class='ocrx_word' id='word_1_21' title='bbox 3082 517 3426 581; x_wconf 75' lang='lat' dir='ltr'><strong>nationibus</strong></span> <span class='ocrx_word' id='word_1_22' title='bbox 3445 538 3587 583; x_wconf 86' lang='lat' dir='ltr'><strong>cor-</strong></span> 
     </span>
    </p>
   </div>
   <div class='ocr_carea' id='block_1_6' title="bbox 186 612 1852 696">
    <p class='ocr_par' dir='ltr' id='par_1_6' title="bbox 186 612 1852 696">
     <span class='ocr_line' id='line_1_6' title="bbox 186 612 1852 696; baseline -0.003 -22"><span class='ocrx_word' id='word_1_23' title='bbox 186 622 285 684; x_wconf 83' lang='grc' dir='ltr'><strong>τῆς</strong></span> <span class='ocrx_word' id='word_1_24' title='bbox 376 614 757 696; x_wconf 80' lang='grc' dir='ltr'>αἰχμαλωσίας</span> <span class='ocrx_word' id='word_1_25' title='bbox 829 614 972 695; x_wconf 70' lang='grc' dir='ltr'>ἠφίει</span> <span class='ocrx_word' id='word_1_26' title='bbox 1047 617 1136 672; x_wconf 84' lang='grc' dir='ltr'><strong>καὶ</strong></span> <span class='ocrx_word' id='word_1_27' title='bbox 1219 616 1350 696; x_wconf 66' lang='grc' dir='ltr'>προς</span> <span class='ocrx_word' id='word_1_28' title='bbox 1422 615 1521 681; x_wconf 77' lang='grc' dir='ltr'>τὴν</span> <span class='ocrx_word' id='word_1_29' title='bbox 1597 612 1852 692; x_wconf 78' lang='grc' dir='ltr'>προτέραν</span> 
     </span>
    </p>
   </div>
   <div class='ocr_carea' id='block_1_7' title="bbox 185 694 1851 783">
    <p class='ocr_par' dir='ltr' id='par_1_7' title="bbox 185 694 1851 783">
     <span class='ocr_line' id='line_1_7' title="bbox 185 694 1851 783; baseline -0.004 -20"><span class='ocrx_word' id='word_1_30' title='bbox 185 694 833 783; x_wconf 17' lang='grc' dir='ltr'>ὲπιεικῶςίὶπανήγαγεν</span> <span class='ocrx_word' id='word_1_31' title='bbox 857 703 922 755; x_wconf 82' lang='lat'><strong>50</strong></span> <span class='ocrx_word' id='word_1_32' title='bbox 952 706 1253 765; x_wconf 74' lang='grc' dir='ltr'>εὐπάθειαν,</span> <span class='ocrx_word' id='word_1_33' title='bbox 1295 694 1421 780; x_wconf 79' lang='grc' dir='ltr'><strong>Ὀρᾷ</strong></span> <span class='ocrx_word' id='word_1_34' title='bbox 1451 708 1556 759; x_wconf 80' lang='grc' dir='ltr'><strong>τῶν</strong></span> <span class='ocrx_word' id='word_1_35' title='bbox 1587 701 1851 780; x_wconf 85' lang='grc' dir='ltr'>θεολόγων</span> 
     </span>
    </p>
   </div>
   <div class='ocr_carea' id='block_1_8' title="bbox 183 792 1847 877">
    <p class='ocr_par' dir='ltr' id='par_1_8' title="bbox 183 792 1847 877">
     <span class='ocr_line' id='line_1_8' title="bbox 183 792 1847 877; baseline -0.003 -25"><span class='ocrx_word' id='word_1_36' title='bbox 183 800 291 877; x_wconf 76' lang='grc' dir='ltr'>εἷς,</span> <span class='ocrx_word' id='word_1_37' title='bbox 355 798 385 852; x_wconf 81' lang='grc' dir='ltr'>ὁ</span> <span class='ocrx_word' id='word_1_38' title='bbox 447 796 725 875; x_wconf 78' lang='grc' dir='ltr'>Ζαχαρίας</span> <span class='ocrx_word' id='word_1_39' title='bbox 782 794 863 873; x_wconf 69' lang='grc'><strong>51,</strong></span> <span class='ocrx_word' id='word_1_40' title='bbox 909 793 1000 851; x_wconf 80' lang='grc' dir='ltr'>ἕνα</span> <span class='ocrx_word' id='word_1_41' title='bbox 1056 795 1162 851; x_wconf 80' lang='grc' dir='ltr'><strong>τῶν</strong></span> <span class='ocrx_word' id='word_1_42' title='bbox 1220 793 1465 872; x_wconf 85' lang='grc' dir='ltr'>πρώτων,</span> <span class='ocrx_word' id='word_1_43' title='bbox 1531 795 1603 857; x_wconf 88' lang='grc' dir='ltr'>ὡς</span> <span class='ocrx_word' id='word_1_44' title='bbox 1664 792 1847 866; x_wconf 73' lang='grc' dir='ltr'>οἶμαι,</span> 
     </span>
    </p>
   </div>
   <div class='ocr_carea' id='block_1_9' title="bbox 182 881 1851 964">
    <p class='ocr_par' dir='ltr' id='par_1_9' title="bbox 182 881 1851 964">
     <span class='ocr_line' id='line_1_9' title="bbox 182 881 1851 964; baseline -0.005 -19"><span class='ocrx_word' id='word_1_45' title='bbox 182 890 268 945; x_wconf 80' lang='grc' dir='ltr'><strong>καὶ</strong></span> <span class='ocrx_word' id='word_1_46' title='bbox 326 887 451 963; x_wconf 73' lang='grc' dir='ltr'>περὶ</span> <span class='ocrx_word' id='word_1_47' title='bbox 510 886 642 942; x_wconf 74' lang='grc' dir='ltr'>Θεὸν</span> <span class='ocrx_word' id='word_1_48' title='bbox 672 883 919 963; x_wconf 79' lang='grc' dir='ltr'>ἀγγέλων</span> <span class='ocrx_word' id='word_1_49' title='bbox 950 885 1152 961; x_wconf 83' lang='grc' dir='ltr'>(κοινὸν</span> <span class='ocrx_word' id='word_1_50' title='bbox 1207 886 1328 963; x_wconf 80' lang='grc' dir='ltr'>γὰρ,</span> <span class='ocrx_word' id='word_1_51' title='bbox 1395 886 1468 949; x_wconf 88' lang='grc' dir='ltr'><strong>ὡς</strong></span> <span class='ocrx_word' id='word_1_52' title='bbox 1526 882 1681 964; x_wconf 73' lang='grc' dir='ltr'>ἔφην,</span> <span class='ocrx_word' id='word_1_53' title='bbox 1742 881 1851 938; x_wconf 74' lang='grc' dir='ltr'>ἐστὶ</span> 
     </span>
    </p>
   </div>
   <div class='ocr_carea' id='block_1_10' title="bbox 178 973 1852 1054">
    <p class='ocr_par' dir='ltr' id='par_1_10' title="bbox 178 973 1852 1054">
     <span class='ocr_line' id='line_1_10' title="bbox 178 973 1852 1054; baseline -0.003 -21"><span class='ocrx_word' id='word_1_54' title='bbox 178 983 308 1034; x_wconf 75' lang='grc' dir='ltr'>πᾶσι</span> <span class='ocrx_word' id='word_1_55' title='bbox 340 977 404 1032; x_wconf 79' lang='grc' dir='ltr'>τὸ</span> <span class='ocrx_word' id='word_1_56' title='bbox 438 975 537 1043; x_wconf 73' lang='grc' dir='ltr'>τῆς</span> <span class='ocrx_word' id='word_1_57' title='bbox 592 974 891 1054; x_wconf 76' lang='grc' dir='ltr'>ἀγγελικῆς</span> <span class='ocrx_word' id='word_1_58' title='bbox 952 973 1279 1054; x_wconf 77' lang='grc' dir='ltr'>ἐπωνυμίας)</span> <span class='ocrx_word' id='word_1_59' title='bbox 1327 976 1458 1052; x_wconf 76' lang='grc' dir='ltr'>πρὸς</span> <span class='ocrx_word' id='word_1_60' title='bbox 1517 974 1672 1030; x_wconf 72' lang='grc' dir='ltr'>αὐτοῦ</span> <span class='ocrx_word' id='word_1_61' title='bbox 1719 978 1852 1030; x_wconf 81' lang='grc' dir='ltr'>Θεοῦ</span> 
     </span>
    </p>
   </div>
   <div class='ocr_carea' id='block_1_11' title="bbox 179 1062 1849 1143">
    <p class='ocr_par' dir='ltr' id='par_1_11' title="bbox 179 1062 1849 1143">
     <span class='ocr_line' id='line_1_11' title="bbox 179 1062 1849 1143; baseline -0.002 -20"><span class='ocrx_word' id='word_1_62' title='bbox 179 1066 418 1143; x_wconf 79' lang='grc' dir='ltr'>μαθόντα</span> <span class='ocrx_word' id='word_1_63' title='bbox 480 1066 603 1128; x_wconf 84' lang='grc' dir='ltr'>τοὺς</span> <span class='ocrx_word' id='word_1_64' title='bbox 664 1066 783 1141; x_wconf 81' lang='grc' dir='ltr'>περὶ</span> <span class='ocrx_word' id='word_1_65' title='bbox 839 1065 1030 1121; x_wconf 86' lang='grc' dir='ltr'>τούτου</span> <span class='ocrx_word' id='word_1_66' title='bbox 1092 1063 1546 1143; x_wconf 78' lang='grc' dir='ltr'>παρακλητικοὺς,</span> <span class='ocrx_word' id='word_1_67' title='bbox 1582 1065 1655 1126; x_wconf 84' lang='grc' dir='ltr'><strong>ὡς</strong></span> <span class='ocrx_word' id='word_1_68' title='bbox 1688 1062 1849 1141; x_wconf 76' lang='grc' dir='ltr'>εἴρη-</span> 
     </span>
    </p>
   </div>
   <div class='ocr_carea' id='block_1_12' title="bbox 180 1154 1850 1235">
    <p class='ocr_par' dir='ltr' id='par_1_12' title="bbox 180 1154 1850 1235">
     <span class='ocr_line' id='line_1_12' title="bbox 180 1154 1850 1235; baseline -0.003 -21"><span class='ocrx_word' id='word_1_69' title='bbox 180 1180 288 1231; x_wconf 80' lang='grc' dir='ltr'>ται,</span> <span class='ocrx_word' id='word_1_70' title='bbox 327 1156 549 1235; x_wconf 77' lang='grc' dir='ltr'>λόγους·</span> <span class='ocrx_word' id='word_1_71' title='bbox 584 1155 763 1234; x_wconf 80' lang='grc' dir='ltr'>ἕτερον</span> <span class='ocrx_word' id='word_1_72' title='bbox 819 1154 873 1211; x_wconf 82' lang='grc' dir='ltr'><strong>δὲ</strong></span> <span class='ocrx_word' id='word_1_73' title='bbox 934 1161 1039 1211; x_wconf 84' lang='grc' dir='ltr'>τῶν</span> <span class='ocrx_word' id='word_1_74' title='bbox 1090 1154 1386 1233; x_wconf 79' lang='grc' dir='ltr'>ὑφειμένων</span> <span class='ocrx_word' id='word_1_75' title='bbox 1416 1154 1685 1233; x_wconf 83' lang='grc' dir='ltr'>ἀγγέλων,</span> <span class='ocrx_word' id='word_1_76' title='bbox 1720 1155 1850 1233; x_wconf 83' lang='grc' dir='ltr'>πρὸς</span> 
     </span>
    </p>
   </div>
   <div class='ocr_carea' id='block_1_13' title="bbox 180 1244 1854 1323">
    <p class='ocr_par' dir='ltr' id='par_1_13' title="bbox 180 1244 1854 1323">
     <span class='ocr_line' id='line_1_13' title="bbox 180 1244 1854 1323; baseline -0.002 -19"><span class='ocrx_word' id='word_1_77' title='bbox 180 1248 487 1314; x_wconf 68' lang='grc' dir='ltr'>ὑπάντησιν</span> <span class='ocrx_word' id='word_1_78' title='bbox 546 1244 606 1297; x_wconf 65' lang='lat'><strong>59</strong></span> <span class='ocrx_word' id='word_1_79' title='bbox 664 1254 757 1303; x_wconf 82' lang='grc' dir='ltr'>τοῦ</span> <span class='ocrx_word' id='word_1_80' title='bbox 812 1246 1023 1323; x_wconf 82' lang='grc' dir='ltr'><strong>πρώτου</strong></span> <span class='ocrx_word' id='word_1_81' title='bbox 1054 1244 1536 1323; x_wconf 84' lang='grc' dir='ltr'>προπορευὸμενον,</span> <span class='ocrx_word' id='word_1_82' title='bbox 1603 1246 1676 1307; x_wconf 86' lang='grc' dir='ltr'><strong>ὡς</strong></span> <span class='ocrx_word' id='word_1_83' title='bbox 1723 1245 1854 1322; x_wconf 83' lang='grc' dir='ltr'>πρὸς</span> 
     </span>
    </p>
   </div>
   <div class='ocr_carea' id='block_1_14' title="bbox 184 1334 1854 1417">
    <p class='ocr_par' dir='ltr' id='par_1_14' title="bbox 184 1334 1854 1417">
     <span class='ocr_line' id='line_1_14' title="bbox 184 1334 1854 1417; baseline -0.001 -24"><span class='ocrx_word' id='word_1_84' title='bbox 184 1337 515 1413; x_wconf 66' lang='grc' dir='ltr'>ἐλλάμψεως</span> <span class='ocrx_word' id='word_1_85' title='bbox 546 1334 823 1417; x_wconf 78' lang='grc' dir='ltr'>ὑποδοχὴν</span> <span class='ocrx_word' id='word_1_86' title='bbox 869 1338 957 1392; x_wconf 81' lang='grc' dir='ltr'>καὶ</span> <span class='ocrx_word' id='word_1_87' title='bbox 1001 1334 1334 1415; x_wconf 74' lang='grc' dir='ltr'>μετάληψιν,</span> <span class='ocrx_word' id='word_1_88' title='bbox 1380 1335 1503 1391; x_wconf 69' lang='grc' dir='ltr'>εἶτα</span> <span class='ocrx_word' id='word_1_89' title='bbox 1533 1335 1664 1412; x_wconf 82' lang='grc' dir='ltr'>πρὸς</span> <span class='ocrx_word' id='word_1_90' title='bbox 1696 1335 1854 1391; x_wconf 73' lang='grc' dir='ltr'>αὐτοῦ</span> 
     </span>
    </p>
   </div>
   <div class='ocr_carea' id='block_1_15' title="bbox 180 1425 1852 1504">
    <p class='ocr_par' dir='ltr' id='par_1_15' title="bbox 180 1425 1852 1504">
     <span class='ocr_line' id='line_1_15' title="bbox 180 1425 1852 1504; baseline -0.004 -19"><span class='ocrx_word' id='word_1_91' title='bbox 180 1429 281 1494; x_wconf 68' lang='grc' dir='ltr'>τὴν</span> <span class='ocrx_word' id='word_1_92' title='bbox 310 1428 461 1483; x_wconf 76' lang='grc' dir='ltr'>θείαν</span> <span class='ocrx_word' id='word_1_93' title='bbox 492 1426 693 1504; x_wconf 78' lang='grc' dir='ltr'>βουλὴν</span> <span class='ocrx_word' id='word_1_94' title='bbox 753 1428 824 1491; x_wconf 81' lang='grc' dir='ltr'>ὡς</span> <span class='ocrx_word' id='word_1_95' title='bbox 887 1427 1019 1504; x_wconf 83' lang='grc' dir='ltr'>πρὸς</span> <span class='ocrx_word' id='word_1_96' title='bbox 1078 1425 1331 1504; x_wconf 79' lang='grc' dir='ltr'>ἱεράρχου</span> <span class='ocrx_word' id='word_1_97' title='bbox 1390 1425 1706 1504; x_wconf 73' lang='grc' dir='ltr'><strong>μυούμενον,</strong></span> <span class='ocrx_word' id='word_1_98' title='bbox 1766 1425 1852 1479; x_wconf 86' lang='grc' dir='ltr'><strong>καὶ</strong></span> 
     </span>
    </p>
   </div>
   <div class='ocr_carea' id='block_1_16' title="bbox 182 1512 1851 1594">
    <p class='ocr_par' dir='ltr' id='par_1_16' title="bbox 182 1512 1851 1594">
     <span class='ocr_line' id='line_1_16' title="bbox 182 1512 1851 1594; baseline -0.004 -19"><span class='ocrx_word' id='word_1_99' title='bbox 182 1520 241 1575; x_wconf 72' lang='grc' dir='ltr'>τὸ</span> <span class='ocrx_word' id='word_1_100' title='bbox 274 1522 487 1591; x_wconf 77' lang='grc' dir='ltr'><strong>μυῆσαι</strong></span> <span class='ocrx_word' id='word_1_101' title='bbox 550 1518 641 1573; x_wconf 84' lang='grc' dir='ltr'><strong>τὸν</strong></span> <span class='ocrx_word' id='word_1_102' title='bbox 698 1515 949 1593; x_wconf 80' lang='grc' dir='ltr'>θεολόγον</span> <span class='ocrx_word' id='word_1_103' title='bbox 984 1515 1428 1594; x_wconf 61' lang='grc' dir='ltr'>ἐπιτρεπόμενον,</span> <span class='ocrx_word' id='word_1_104' title='bbox 1465 1512 1545 1571; x_wconf 81' lang='grc' dir='ltr'><strong>ὅτι</strong></span> <span class='ocrx_word' id='word_1_105' title='bbox 1576 1514 1851 1592; x_wconf 83' lang='grc' dir='ltr'>κατακάρ-</span> 
     </span>
    </p>
   </div>
   <div class='ocr_carea' id='block_1_17' title="bbox 185 1598 1850 1685">
    <p class='ocr_par' dir='ltr' id='par_1_17' title="bbox 185 1598 1850 1685">
     <span class='ocr_line' id='line_1_17' title="bbox 185 1598 1850 1685; baseline -0.004 -19"><span class='ocrx_word' id='word_1_106' title='bbox 185 1631 305 1672; x_wconf 86' lang='grc' dir='ltr'><strong>πως</strong></span> <span class='ocrx_word' id='word_1_107' title='bbox 368 1609 830 1676; x_wconf 74' lang='grc' dir='ltr'>κατοικηθήσεται</span> <span class='ocrx_word' id='word_1_108' title='bbox 894 1598 1242 1685; x_wconf 68' lang='grc' dir='ltr'>Ἰερουσαλὴμ</span> <span class='ocrx_word' id='word_1_109' title='bbox 1299 1605 1404 1661; x_wconf 78' lang='grc' dir='ltr'>ἀπὸ</span> <span class='ocrx_word' id='word_1_110' title='bbox 1461 1604 1693 1675; x_wconf 75' lang='grc' dir='ltr'>πλήθους</span> <span class='ocrx_word' id='word_1_111' title='bbox 1752 1604 1850 1660; x_wconf 82' lang='grc' dir='ltr'><strong>ἀν-</strong></span> 
     </span>
    </p>
   </div>
   <div class='ocr_carea' id='block_1_18' title="bbox 181 1694 1852 1777">
    <p class='ocr_par' dir='ltr' id='par_1_18' title="bbox 181 1694 1852 1777">
     <span class='ocr_line' id='line_1_18' title="bbox 181 1694 1852 1777; baseline -0.003 -20"><span class='ocrx_word' id='word_1_112' title='bbox 181 1699 441 1777; x_wconf 80' lang='grc' dir='ltr'>θρώπων.</span> <span class='ocrx_word' id='word_1_113' title='bbox 515 1697 747 1777; x_wconf 83' lang='grc' dir='ltr'>’Ἕτερος</span> <span class='ocrx_word' id='word_1_114' title='bbox 805 1695 859 1754; x_wconf 83' lang='grc' dir='ltr'>δέ</span> <span class='ocrx_word' id='word_1_115' title='bbox 930 1702 1035 1754; x_wconf 79' lang='grc' dir='ltr'><strong>τῶν</strong></span> <span class='ocrx_word' id='word_1_116' title='bbox 1089 1698 1353 1773; x_wconf 77' lang='grc' dir='ltr'>θεολόγων</span> <span class='ocrx_word' id='word_1_117' title='bbox 1412 1694 1689 1771; x_wconf 75' lang='grc' dir='ltr'>’[εζεκιὴλ,</span> <span class='ocrx_word' id='word_1_118' title='bbox 1765 1697 1852 1753; x_wconf 86' lang='grc' dir='ltr'><strong>καὶ</strong></span> 
     </span>
    </p>
   </div>
   <div class='ocr_carea' id='block_1_19' title="bbox 183 1789 1849 1869">
    <p class='ocr_par' dir='ltr' id='par_1_19' title="bbox 183 1789 1849 1869">
     <span class='ocr_line' id='line_1_19' title="bbox 183 1789 1849 1869; baseline -0.003 -23"><span class='ocrx_word' id='word_1_119' title='bbox 183 1792 314 1868; x_wconf 71' lang='grc' dir='ltr'>πρὸς</span> <span class='ocrx_word' id='word_1_120' title='bbox 395 1789 561 1857; x_wconf 73' lang='grc' dir='ltr'>αὒτῆς</span> <span class='ocrx_word' id='word_1_121' title='bbox 634 1810 765 1869; x_wconf 74' lang='grc' dir='ltr'>φησι</span> <span class='ocrx_word' id='word_1_122' title='bbox 835 1794 988 1844; x_wconf 82' lang='grc' dir='ltr'>τοῦτο</span> <span class='ocrx_word' id='word_1_123' title='bbox 1059 1791 1323 1855; x_wconf 65' lang='grc' dir='ltr'>πανιὲρως</span> <span class='ocrx_word' id='word_1_124' title='bbox 1397 1789 1849 1861; x_wconf 78' lang='grc' dir='ltr'>νομοθετηθῆναι,</span> 
     </span>
    </p>
   </div>
   <div class='ocr_carea' id='block_1_20' title="bbox 1935 608 3583 691">
    <p class='ocr_par' dir='ltr' id='par_1_20' title="bbox 1935 608 3583 691">
     <span class='ocr_line' id='line_1_20' title="bbox 1935 608 3583 691; baseline 0.002 -22"><span class='ocrx_word' id='word_1_125' title='bbox 1935 608 2253 688; x_wconf 89' lang='lat' dir='ltr'><strong>rigendum</strong></span> <span class='ocrx_word' id='word_1_126' title='bbox 2272 608 2649 684; x_wconf 77' lang='lat' dir='ltr'><strong>tradidisset;</strong></span> <span class='ocrx_word' id='word_1_127' title='bbox 2677 615 2739 671; x_wconf 93' lang='lat' dir='ltr'><strong>ut</strong></span> <span class='ocrx_word' id='word_1_128' title='bbox 2760 628 2906 691; x_wconf 91' lang='lat' dir='ltr'><strong>quos</strong></span> <span class='ocrx_word' id='word_1_129' title='bbox 2930 610 3173 690; x_wconf 84' lang='lat' dir='ltr'><strong>provide</strong></span> <span class='ocrx_word' id='word_1_130' title='bbox 3190 609 3583 689; x_wconf 81' lang='lat' dir='ltr'><strong>gubernabat,</strong></span> 
     </span>
    </p>
   </div>
   <div class='ocr_carea' id='block_1_21' title="bbox 1936 698 3589 778">
    <p class='ocr_par' dir='ltr' id='par_1_21' title="bbox 1936 698 3589 778">
     <span class='ocr_line' id='line_1_21' title="bbox 1936 698 3589 778; baseline 0.003 -19"><span class='ocrx_word' id='word_1_131' title='bbox 1936 699 2100 760; x_wconf 89' lang='lat' dir='ltr'><strong>omni</strong></span> <span class='ocrx_word' id='word_1_132' title='bbox 2134 698 2313 761; x_wconf 92' lang='lat' dir='ltr'><strong>modo</strong></span> <span class='ocrx_word' id='word_1_133' title='bbox 2344 699 2416 760; x_wconf 90' lang='lat' dir='ltr'><strong>ad</strong></span> <span class='ocrx_word' id='word_1_134' title='bbox 2452 699 2763 761; x_wconf 85' lang='lat' dir='ltr'><strong>meliorem</strong></span> <span class='ocrx_word' id='word_1_135' title='bbox 2795 699 3025 778; x_wconf 81' lang='lat' dir='ltr'><strong>frugem</strong></span> <span class='ocrx_word' id='word_1_136' title='bbox 3058 698 3402 775; x_wconf 86' lang='lat' dir='ltr'><strong>adduceret,</strong></span> <span class='ocrx_word' id='word_1_137' title='bbox 3431 721 3462 763; x_wconf 87' lang='lat' dir='ltr'><strong>a</strong></span> <span class='ocrx_word' id='word_1_138' title='bbox 3496 720 3589 764; x_wconf 85' lang='lat' dir='ltr'><strong>ca-</strong></span> 
     </span>
    </p>
   </div>
   <div class='ocr_carea' id='block_1_22' title="bbox 1935 788 3585 872">
    <p class='ocr_par' dir='ltr' id='par_1_22' title="bbox 1935 788 3585 872">
     <span class='ocr_line' id='line_1_22' title="bbox 1935 788 3585 872; baseline 0.002 -21"><span class='ocrx_word' id='word_1_139' title='bbox 1935 789 2206 870; x_wconf 85' lang='lat' dir='ltr'><strong>ptivitate</strong></span> <span class='ocrx_word' id='word_1_140' title='bbox 2222 789 2311 850; x_wconf 79' lang='lat'><strong>75</strong></span> <span class='ocrx_word' id='word_1_141' title='bbox 2336 808 2572 872; x_wconf 92' lang='lat' dir='ltr'><strong>quoque</strong></span> <span class='ocrx_word' id='word_1_142' title='bbox 2592 788 2814 852; x_wconf 92' lang='lat' dir='ltr'><strong>liberos</strong></span> <span class='ocrx_word' id='word_1_143' title='bbox 2844 790 2915 852; x_wconf 91' lang='lat' dir='ltr'><strong>ad</strong></span> <span class='ocrx_word' id='word_1_144' title='bbox 2949 788 3261 872; x_wconf 85' lang='lat' dir='ltr'><strong>pristinam</strong></span> <span class='ocrx_word' id='word_1_145' title='bbox 3289 791 3585 854; x_wconf 77' lang='lat' dir='ltr'><strong>fortunam</strong></span> 
     </span>
    </p>
   </div>
   <div class='ocr_carea' id='block_1_23' title="bbox 1935 876 3585 961">
    <p class='ocr_par' dir='ltr' id='par_1_23' title="bbox 1935 876 3585 961">
     <span class='ocr_line' id='line_1_23' title="bbox 1935 876 3585 961; baseline 0.002 -22"><span class='ocrx_word' id='word_1_146' title='bbox 1935 876 2192 958; x_wconf 85' lang='lat' dir='ltr'><strong>benigne</strong></span> <span class='ocrx_word' id='word_1_147' title='bbox 2225 879 2547 944; x_wconf 78' lang='lat' dir='ltr'><strong>revocavit.</strong></span> <span class='ocrx_word' id='word_1_148' title='bbox 2572 878 2915 959; x_wconf 75' lang='lat' dir='ltr'><strong>&#39;l&#39;heologus</strong></span> <span class='ocrx_word' id='word_1_149' title='bbox 2937 878 3177 961; x_wconf 88' lang='lat' dir='ltr'><strong>quidam</strong></span> <span class='ocrx_word' id='word_1_150' title='bbox 3209 881 3451 944; x_wconf 89' lang='lat' dir='ltr'><strong>nomine</strong></span> <span class='ocrx_word' id='word_1_151' title='bbox 3473 881 3585 943; x_wconf 92' lang='lat' dir='ltr'><strong>Za-</strong></span> 
     </span>
    </p>
   </div>
   <div class='ocr_carea' id='block_1_24' title="bbox 1934 968 3585 1052">
    <p class='ocr_par' dir='ltr' id='par_1_24' title="bbox 1934 968 3585 1052">
     <span class='ocr_line' id='line_1_24' title="bbox 1934 968 3585 1052; baseline 0.001 -22"><span class='ocrx_word' id='word_1_152' title='bbox 1934 968 2167 1031; x_wconf 89' lang='lat' dir='ltr'><strong>charias</strong></span> <span class='ocrx_word' id='word_1_153' title='bbox 2190 969 2313 1031; x_wconf 88' lang='lat' dir='ltr'><strong>visu</strong></span> <span class='ocrx_word' id='word_1_154' title='bbox 2338 970 2627 1052; x_wconf 87' lang='lat' dir='ltr'><strong>percepit,</strong></span> <span class='ocrx_word' id='word_1_155' title='bbox 2648 970 2977 1051; x_wconf 90' lang='lat' dir='ltr'><strong>primorum</strong></span> <span class='ocrx_word' id='word_1_156' title='bbox 3000 968 3348 1051; x_wconf 84' lang='lat' dir='ltr'><strong>quemdam,</strong></span> <span class='ocrx_word' id='word_1_157' title='bbox 3364 978 3427 1031; x_wconf 91' lang='lat' dir='ltr'><strong>ut</strong></span> <span class='ocrx_word' id='word_1_158' title='bbox 3443 971 3585 1051; x_wconf 89' lang='lat' dir='ltr'><strong>opi-</strong></span> 
     </span>
    </p>
   </div>
   <div class='ocr_carea' id='block_1_25' title="bbox 1936 1058 3586 1141">
    <p class='ocr_par' dir='ltr' id='par_1_25' title="bbox 1936 1058 3586 1141">
     <span class='ocr_line' id='line_1_25' title="bbox 1936 1058 3586 1141; baseline 0.002 -22"><span class='ocrx_word' id='word_1_159' title='bbox 1936 1077 2067 1139; x_wconf 86' lang='lat' dir='ltr'><strong>nor,</strong></span> <span class='ocrx_word' id='word_1_160' title='bbox 2090 1077 2160 1121; x_wconf 86' lang='lat' dir='ltr'><strong>ex</strong></span> <span class='ocrx_word' id='word_1_161' title='bbox 2190 1058 2262 1121; x_wconf 91' lang='lat' dir='ltr'><strong>iis</strong></span> <span class='ocrx_word' id='word_1_162' title='bbox 2294 1063 2396 1141; x_wconf 91' lang='lat' dir='ltr'><strong>qui</strong></span> <span class='ocrx_word' id='word_1_163' title='bbox 2431 1059 2552 1123; x_wconf 91' lang='lat' dir='ltr'><strong>Deo</strong></span> <span class='ocrx_word' id='word_1_164' title='bbox 2579 1061 2831 1141; x_wconf 80' lang='lat' dir='ltr'><strong>proximi</strong></span> <span class='ocrx_word' id='word_1_165' title='bbox 2863 1068 3003 1123; x_wconf 88' lang='lat' dir='ltr'><strong>sunt</strong></span> <span class='ocrx_word' id='word_1_166' title='bbox 3029 1059 3376 1140; x_wconf 89' lang='lat' dir='ltr'><strong>angelorum</strong></span> <span class='ocrx_word' id='word_1_167' title='bbox 3402 1064 3586 1135; x_wconf 87' lang='lat' dir='ltr'><strong>(com-</strong></span> 
     </span>
    </p>
   </div>
   <div class='ocr_carea' id='block_1_26' title="bbox 1937 1147 3589 1231">
    <p class='ocr_par' dir='ltr' id='par_1_26' title="bbox 1937 1147 3589 1231">
     <span class='ocr_line' id='line_1_26' title="bbox 1937 1147 3589 1231; baseline 0.001 -21"><span class='ocrx_word' id='word_1_168' title='bbox 1937 1147 2137 1211; x_wconf 88' lang='lat' dir='ltr'><strong>munis</strong></span> <span class='ocrx_word' id='word_1_169' title='bbox 2174 1151 2357 1228; x_wconf 89' lang='lat' dir='ltr'><strong>enim,</strong></span> <span class='ocrx_word' id='word_1_170' title='bbox 2384 1151 2471 1214; x_wconf 91' lang='lat' dir='ltr'><strong>uti</strong></span> <span class='ocrx_word' id='word_1_171' title='bbox 2502 1151 2644 1224; x_wconf 81' lang='lat' dir='ltr'><strong>dixi,</strong></span> <span class='ocrx_word' id='word_1_172' title='bbox 2674 1150 2953 1213; x_wconf 89' lang='lat' dir='ltr'><strong>omnibus</strong></span> <span class='ocrx_word' id='word_1_173' title='bbox 2981 1149 3251 1231; x_wconf 90' lang='lat' dir='ltr'><strong>angelica</strong></span> <span class='ocrx_word' id='word_1_174' title='bbox 3280 1152 3589 1231; x_wconf 86' lang='lat' dir='ltr'><strong>cognomi-</strong></span> 
     </span>
    </p>
   </div>
   <div class='ocr_carea' id='block_1_27' title="bbox 1938 1238 3588 1323">
    <p class='ocr_par' dir='ltr' id='par_1_27' title="bbox 1938 1238 3588 1323">
     <span class='ocr_line' id='line_1_27' title="bbox 1938 1238 3588 1323; baseline 0.003 -24"><span class='ocrx_word' id='word_1_175' title='bbox 1938 1239 2100 1300; x_wconf 86' lang='lat' dir='ltr'><strong>natio</strong></span> <span class='ocrx_word' id='word_1_176' title='bbox 2137 1242 2255 1317; x_wconf 91' lang='lat' dir='ltr'><strong>est)</strong></span> <span class='ocrx_word' id='word_1_177' title='bbox 2283 1238 2357 1302; x_wconf 90' lang='lat' dir='ltr'><strong>ab</strong></span> <span class='ocrx_word' id='word_1_178' title='bbox 2390 1242 2540 1323; x_wconf 86' lang='lat' dir='ltr'><strong>ipso,</strong></span> <span class='ocrx_word' id='word_1_179' title='bbox 2575 1241 2732 1304; x_wconf 86' lang='lat' dir='ltr'><strong>sicut</strong></span> <span class='ocrx_word' id='word_1_180' title='bbox 2763 1241 2985 1303; x_wconf 86' lang='lat' dir='ltr'><strong>dictum</strong></span> <span class='ocrx_word' id='word_1_181' title='bbox 3018 1254 3130 1323; x_wconf 71' lang='grc' dir='ltr'>εει,</span> <span class='ocrx_word' id='word_1_182' title='bbox 3163 1240 3288 1303; x_wconf 92' lang='lat' dir='ltr'><strong>Deo</strong></span> <span class='ocrx_word' id='word_1_183' title='bbox 3318 1241 3430 1303; x_wconf 89' lang='lat' dir='ltr'><strong>hac</strong></span> <span class='ocrx_word' id='word_1_184' title='bbox 3458 1241 3588 1323; x_wconf 85' lang='lat' dir='ltr'><strong>ipsa</strong></span> 
     </span>
    </p>
   </div>
   <div class='ocr_carea' id='block_1_28' title="bbox 1939 1328 3585 1413">
    <p class='ocr_par' dir='ltr' id='par_1_28' title="bbox 1939 1328 3585 1413">
     <span class='ocr_line' id='line_1_28' title="bbox 1939 1328 3585 1413; baseline 0.001 -23"><span class='ocrx_word' id='word_1_185' title='bbox 1939 1328 2014 1391; x_wconf 89' lang='lat' dir='ltr'><strong>de</strong></span> <span class='ocrx_word' id='word_1_186' title='bbox 2046 1348 2113 1391; x_wconf 90' lang='lat' dir='ltr'><strong>re</strong></span> <span class='ocrx_word' id='word_1_187' title='bbox 2144 1330 2325 1392; x_wconf 89' lang='lat' dir='ltr'><strong>verba</strong></span> <span class='ocrx_word' id='word_1_188' title='bbox 2355 1331 2777 1393; x_wconf 89' lang='lat' dir='ltr'><strong>consolationis</strong></span> <span class='ocrx_word' id='word_1_189' title='bbox 2796 1332 3175 1413; x_wconf 86' lang='lat' dir='ltr'><strong>percepisse:</strong></span> <span class='ocrx_word' id='word_1_190' title='bbox 3210 1331 3460 1393; x_wconf 88' lang='lat' dir='ltr'><strong>alterum</strong></span> <span class='ocrx_word' id='word_1_191' title='bbox 3487 1350 3585 1393; x_wconf 83' lang='lat' dir='ltr'><strong>au-</strong></span> 
     </span>
    </p>
   </div>
   <div class='ocr_carea' id='block_1_29' title="bbox 1938 1419 3586 1504">
    <p class='ocr_par' dir='ltr' id='par_1_29' title="bbox 1938 1419 3586 1504">
     <span class='ocr_line' id='line_1_29' title="bbox 1938 1419 3586 1504; baseline 0.002 -22"><span class='ocrx_word' id='word_1_192' title='bbox 1938 1429 2055 1482; x_wconf 91' lang='lat' dir='ltr'><strong>tem</strong></span> <span class='ocrx_word' id='word_1_193' title='bbox 2072 1419 2621 1483; x_wconf 88' lang='lat' dir='ltr'><strong>ordinisinferioris</strong></span> <span class='ocrx_word' id='word_1_194' title='bbox 2640 1422 2943 1503; x_wconf 84' lang='lat' dir='ltr'><strong>angelum,</strong></span> <span class='ocrx_word' id='word_1_195' title='bbox 2960 1422 3190 1485; x_wconf 87' lang='lat' dir='ltr'><strong>obviam</strong></span> <span class='ocrx_word' id='word_1_196' title='bbox 3213 1422 3417 1504; x_wconf 86' lang='lat' dir='ltr'><strong>priori,</strong></span> <span class='ocrx_word' id='word_1_197' title='bbox 3437 1423 3586 1485; x_wconf 87' lang='lat' dir='ltr'><strong>lucis</strong></span> 
     </span>
    </p>
   </div>
   <div class='ocr_carea' id='block_1_30' title="bbox 1936 1511 3583 1594">
    <p class='ocr_par' dir='ltr' id='par_1_30' title="bbox 1936 1511 3583 1594">
     <span class='ocr_line' id='line_1_30' title="bbox 1936 1511 3583 1594; baseline 0.002 -23"><span class='ocrx_word' id='word_1_198' title='bbox 1936 1511 2318 1591; x_wconf 81' lang='lat' dir='ltr'><strong>capiendaeac</strong></span> <span class='ocrx_word' id='word_1_199' title='bbox 2334 1511 2757 1593; x_wconf 65' lang='lat' dir='ltr'><strong>participanda:</strong></span> <span class='ocrx_word' id='word_1_200' title='bbox 2769 1531 2967 1587; x_wconf 88' lang='lat' dir='ltr'><strong>causa,</strong></span> <span class='ocrx_word' id='word_1_201' title='bbox 2977 1512 3583 1594; x_wconf 69' lang='lat' dir='ltr'><strong>prmcedentem,cum</strong></span> 
     </span>
    </p>
   </div>
   <div class='ocr_carea' id='block_1_31' title="bbox 1933 1600 3585 1682">
    <p class='ocr_par' dir='ltr' id='par_1_31' title="bbox 1933 1600 3585 1682">
     <span class='ocr_line' id='line_1_31' title="bbox 1933 1600 3585 1682; baseline 0.001 -20"><span class='ocrx_word' id='word_1_202' title='bbox 1933 1600 2007 1662; x_wconf 86' lang='lat' dir='ltr'><strong>ab</strong></span> <span class='ocrx_word' id='word_1_203' title='bbox 2037 1600 2253 1663; x_wconf 90' lang='lat' dir='ltr'><strong>eodem</strong></span> <span class='ocrx_word' id='word_1_204' title='bbox 2292 1601 2512 1663; x_wconf 87' lang='lat' dir='ltr'><strong>deinde</strong></span> <span class='ocrx_word' id='word_1_205' title='bbox 2544 1602 2809 1663; x_wconf 89' lang='lat' dir='ltr'><strong>divinum</strong></span> <span class='ocrx_word' id='word_1_206' title='bbox 2863 1602 3206 1677; x_wconf 89' lang='lat' dir='ltr'><strong>consilium,</strong></span> <span class='ocrx_word' id='word_1_207' title='bbox 3239 1612 3517 1682; x_wconf 89' lang='lat' dir='ltr'><strong>tanquam</strong></span> <span class='ocrx_word' id='word_1_208' title='bbox 3551 1620 3585 1663; x_wconf 90' lang='lat' dir='ltr'><strong>a</strong></span> 
     </span>
    </p>
   </div>
   <div class='ocr_carea' id='block_1_32' title="bbox 1934 1693 3583 1774">
    <p class='ocr_par' dir='ltr' id='par_1_32' title="bbox 1934 1693 3583 1774">
     <span class='ocr_line' id='line_1_32' title="bbox 1934 1693 3583 1774; baseline -0.001 -21"><span class='ocrx_word' id='word_1_209' title='bbox 1934 1694 2247 1753; x_wconf 85' lang='lat' dir='ltr'><strong>sacerdote</strong></span> <span class='ocrx_word' id='word_1_210' title='bbox 2274 1710 2533 1766; x_wconf 90' lang='lat' dir='ltr'><strong>summo,</strong></span> <span class='ocrx_word' id='word_1_211' title='bbox 2562 1693 2953 1774; x_wconf 89' lang='lat' dir='ltr'><strong>percepisset,</strong></span> <span class='ocrx_word' id='word_1_212' title='bbox 2980 1693 3125 1754; x_wconf 86' lang='lat' dir='ltr'><strong>illud</strong></span> <span class='ocrx_word' id='word_1_213' title='bbox 3154 1693 3348 1773; x_wconf 83' lang='lat' dir='ltr'><strong>ipsum</strong></span> <span class='ocrx_word' id='word_1_214' title='bbox 3373 1711 3448 1755; x_wconf 85' lang='lat' dir='ltr'><strong>ex</strong></span> <span class='ocrx_word' id='word_1_215' title='bbox 3472 1693 3583 1752; x_wconf 86' lang='lat' dir='ltr'><strong>im-</strong></span> 
     </span>
    </p>
   </div>
   <div class='ocr_carea' id='block_1_33' title="bbox 1937 1780 3582 1863">
    <p class='ocr_par' dir='ltr' id='par_1_33' title="bbox 1937 1780 3582 1863">
     <span class='ocr_line' id='line_1_33' title="bbox 1937 1780 3582 1863; baseline 0.002 -22"><span class='ocrx_word' id='word_1_216' title='bbox 1937 1780 2128 1862; x_wconf 86' lang='lat' dir='ltr'><strong>posito</strong></span> <span class='ocrx_word' id='word_1_217' title='bbox 2162 1800 2409 1844; x_wconf 87' lang='lat' dir='ltr'><strong>munere</strong></span> <span class='ocrx_word' id='word_1_218' title='bbox 2442 1783 2781 1863; x_wconf 80' lang='lat' dir='ltr'><strong>theologum</strong></span> <span class='ocrx_word' id='word_1_219' title='bbox 2818 1782 3115 1859; x_wconf 87' lang='lat' dir='ltr'><strong>docuisse,</strong></span> <span class='ocrx_word' id='word_1_220' title='bbox 3150 1783 3278 1844; x_wconf 90' lang='lat' dir='ltr'><strong>fore</strong></span> <span class='ocrx_word' id='word_1_221' title='bbox 3310 1792 3372 1843; x_wconf 92' lang='lat' dir='ltr'><strong>ut</strong></span> <span class='ocrx_word' id='word_1_222' title='bbox 3399 1780 3582 1845; x_wconf 81' lang='lat' dir='ltr'><strong>Jeru—</strong></span> 
     </span>
    </p>
   </div>
   <div class='ocr_carea' id='block_1_34' title="bbox 182 1871 1852 1957">
    <p class='ocr_par' dir='ltr' id='par_1_34' title="bbox 182 1873 1847 1957">
     <span class='ocr_line' id='line_1_34' title="bbox 182 1873 1847 1957; baseline -0.004 -20"><span class='ocrx_word' id='word_1_223' title='bbox 182 1879 378 1946; x_wconf 55' lang='grc' dir='ltr'><strong>τῆςῶ</strong></span> <span class='ocrx_word' id='word_1_224' title='bbox 437 1892 558 1941; x_wconf 68' lang='grc' dir='ltr'>τοῖς</span> <span class='ocrx_word' id='word_1_225' title='bbox 620 1877 881 1957; x_wconf 80' lang='grc' dir='ltr'>Χερουϐὶμ</span> <span class='ocrx_word' id='word_1_226' title='bbox 936 1873 1309 1944; x_wconf 71' lang='grc' dir='ltr'>ἐπιϐεϐηκυὶας</span> <span class='ocrx_word' id='word_1_227' title='bbox 1370 1874 1679 1946; x_wconf 79' lang='grc' dir='ltr'>ὑπερεδόξου</span> <span class='ocrx_word' id='word_1_228' title='bbox 1712 1876 1847 1932; x_wconf 81' lang='grc' dir='ltr'><strong>Θεό-</strong></span> 
     </span>
    </p>
   </div>
   <div class='ocr_carea' id='block_1_35' title="bbox 1942 1871 3584 1957">
    <p class='ocr_par' dir='ltr' id='par_1_35' title="bbox 1942 1871 3584 1952">
     <span class='ocr_line' id='line_1_35' title="bbox 1942 1871 3584 1952; baseline 0.001 -19"><span class='ocrx_word' id='word_1_229' title='bbox 1942 1871 2120 1934; x_wconf 89' lang='lat' dir='ltr'><strong>salem</strong></span> <span class='ocrx_word' id='word_1_230' title='bbox 2158 1872 2440 1952; x_wconf 82' lang='lat' dir='ltr'><strong>frugifero</strong></span> <span class='ocrx_word' id='word_1_231' title='bbox 2461 1892 2494 1935; x_wconf 89' lang='lat' dir='ltr'><strong>a</strong></span> <span class='ocrx_word' id='word_1_232' title='bbox 2515 1892 2723 1952; x_wconf 84' lang='lat' dir='ltr'><strong>magna</strong></span> <span class='ocrx_word' id='word_1_233' title='bbox 2755 1874 3068 1936; x_wconf 81' lang='lat' dir='ltr'><strong>hominum</strong></span> <span class='ocrx_word' id='word_1_234' title='bbox 3094 1872 3476 1935; x_wconf 85' lang='lat' dir='ltr'><strong>multitudine</strong></span> <span class='ocrx_word' id='word_1_235' title='bbox 3498 1874 3584 1934; x_wconf 90' lang='lat' dir='ltr'><strong>in-</strong></span> 
     </span>
    </p>
   </div>
   <div class='ocr_carea' id='block_1_36' title="bbox 183 1964 1857 2048">
    <p class='ocr_par' dir='ltr' id='par_1_36' title="bbox 183 1964 1857 2048">
     <span class='ocr_line' id='line_1_36' title="bbox 183 1964 1857 2048; baseline -0.004 -21"><span class='ocrx_word' id='word_1_236' title='bbox 183 1987 378 2038; x_wconf 78' lang='grc' dir='ltr'>τητος·</span> <span class='ocrx_word' id='word_1_237' title='bbox 416 1972 513 2026; x_wconf 72' lang='grc' dir='ltr'>τὸν</span> <span class='ocrx_word' id='word_1_238' title='bbox 546 1970 646 2047; x_wconf 82' lang='grc' dir='ltr'><strong>γὰρ</strong></span> <span class='ocrx_word' id='word_1_239' title='bbox 682 1967 918 2048; x_wconf 75' lang='grc' dir='ltr'>Ἰσραὴλ,</span> <span class='ocrx_word' id='word_1_240' title='bbox 948 1970 1022 2032; x_wconf 82' lang='grc' dir='ltr'>ὡς</span> <span class='ocrx_word' id='word_1_241' title='bbox 1054 1966 1290 2046; x_wconf 72' lang='grc' dir='ltr'>εἴρηται,</span> <span class='ocrx_word' id='word_1_242' title='bbox 1316 1966 1549 2045; x_wconf 68' lang='grc' dir='ltr'>πατρικὶι</span> <span class='ocrx_word' id='word_1_243' title='bbox 1577 1966 1641 2017; x_wconf 72' lang='grc'><strong>54</strong></span> <span class='ocrx_word' id='word_1_244' title='bbox 1672 1964 1857 2047; x_wconf 76' lang='grc' dir='ltr'>φιλαν-</span> 
     </span>
    </p>
   </div>
   <div class='ocr_carea' id='block_1_37' title="bbox 180 2054 1853 2141">
    <p class='ocr_par' dir='ltr' id='par_1_37' title="bbox 180 2054 1853 2141">
     <span class='ocr_line' id='line_1_37' title="bbox 180 2054 1853 2141; baseline -0.003 -24"><span class='ocrx_word' id='word_1_245' title='bbox 180 2061 394 2141; x_wconf 72' lang='grc' dir='ltr'>θρωπέα</span> <span class='ocrx_word' id='word_1_246' title='bbox 424 2059 513 2117; x_wconf 74' lang='grc' dir='ltr'><strong>διὰ</strong></span> <span class='ocrx_word' id='word_1_247' title='bbox 543 2057 783 2123; x_wconf 74' lang='grc' dir='ltr'>παιδείας</span> <span class='ocrx_word' id='word_1_248' title='bbox 844 2059 927 2116; x_wconf 76' lang='grc' dir='ltr'>ἐπὶ</span> <span class='ocrx_word' id='word_1_249' title='bbox 986 2060 1047 2114; x_wconf 77' lang='grc' dir='ltr'>τὸ</span> <span class='ocrx_word' id='word_1_250' title='bbox 1107 2071 1349 2137; x_wconf 81' lang='grc' dir='ltr'>κρεῖττον</span> <span class='ocrx_word' id='word_1_251' title='bbox 1408 2056 1734 2136; x_wconf 84' lang='grc' dir='ltr'>μετάγουσα,</span> <span class='ocrx_word' id='word_1_252' title='bbox 1769 2054 1853 2112; x_wconf 86' lang='grc' dir='ltr'><strong>δι·-</strong></span> 
     </span>
    </p>
   </div>
   <div class='ocr_carea' id='block_1_38' title="bbox 186 2147 1853 2227">
    <p class='ocr_par' dir='ltr' id='par_1_38' title="bbox 186 2147 1853 2227">
     <span class='ocr_line' id='line_1_38' title="bbox 186 2147 1853 2227; baseline -0.004 -19"><span class='ocrx_word' id='word_1_253' title='bbox 186 2151 458 2227; x_wconf 66' lang='grc' dir='ltr'>ιαιοσύνῃ</span> <span class='ocrx_word' id='word_1_254' title='bbox 544 2152 836 2225; x_wconf 80' lang='grc' dir='ltr'>θεοπρεπεϊ</span> <span class='ocrx_word' id='word_1_255' title='bbox 918 2154 1022 2205; x_wconf 85' lang='grc' dir='ltr'><strong>τῶν</strong></span> <span class='ocrx_word' id='word_1_256' title='bbox 1107 2148 1403 2205; x_wconf 71' lang='grc' dir='ltr'>ὑπευθύνων</span> <span class='ocrx_word' id='word_1_257' title='bbox 1488 2147 1853 2226; x_wconf 78' lang='grc' dir='ltr'>ἀποκρίνεσθαι</span> 
     </span>
    </p>
   </div>
   <div class='ocr_carea' id='block_1_39' title="bbox 182 2237 1852 2315">
    <p class='ocr_par' dir='ltr' id='par_1_39' title="bbox 182 2237 1852 2315">
     <span class='ocr_line' id='line_1_39' title="bbox 182 2237 1852 2315; baseline -0.004 -17"><span class='ocrx_word' id='word_1_258' title='bbox 182 2245 302 2305; x_wconf 68' lang='grc' dir='ltr'>τοὺς</span> <span class='ocrx_word' id='word_1_259' title='bbox 384 2240 695 2301; x_wconf 70' lang='grc' dir='ltr'>ἀνευθύνους</span> <span class='ocrx_word' id='word_1_260' title='bbox 754 2237 1055 2299; x_wconf 78' lang='grc' dir='ltr'>ἐδικαίωσε,</span> <span class='ocrx_word' id='word_1_261' title='bbox 1145 2245 1307 2295; x_wconf 79' lang='grc' dir='ltr'>Τοῦτο</span> <span class='ocrx_word' id='word_1_262' title='bbox 1367 2251 1584 2313; x_wconf 71' lang='grc' dir='ltr'>μυεῖται</span> <span class='ocrx_word' id='word_1_263' title='bbox 1644 2242 1852 2315; x_wconf 81' lang='grc' dir='ltr'>πρῶτος</span> 
     </span>
    </p>
   </div>
   <div class='ocr_carea' id='block_1_40' title="bbox 188 2326 1853 2410">
    <p class='ocr_par' dir='ltr' id='par_1_40' title="bbox 188 2326 1853 2410">
     <span class='ocr_line' id='line_1_40' title="bbox 188 2326 1853 2410; baseline -0.004 -22"><span class='ocrx_word' id='word_1_264' title='bbox 188 2334 319 2408; x_wconf 76' lang='grc' dir='ltr'>μετὰ</span> <span class='ocrx_word' id='word_1_265' title='bbox 354 2332 422 2389; x_wconf 77' lang='grc' dir='ltr'>τὰ</span> <span class='ocrx_word' id='word_1_266' title='bbox 470 2328 764 2410; x_wconf 79' lang='grc' dir='ltr'>Χερουϐὶμ,</span> <span class='ocrx_word' id='word_1_267' title='bbox 826 2332 853 2386; x_wconf 81' lang='grc' dir='ltr'>ὁ</span> <span class='ocrx_word' id='word_1_268' title='bbox 922 2330 1020 2396; x_wconf 73' lang='grc' dir='ltr'>τὴν</span> <span class='ocrx_word' id='word_1_269' title='bbox 1064 2330 1225 2408; x_wconf 65' lang='grc' dir='ltr'>ὀσφῦν</span> <span class='ocrx_word' id='word_1_270' title='bbox 1257 2330 1530 2408; x_wconf 78' lang='grc' dir='ltr'>σαπφείρῳ</span> <span class='ocrx_word' id='word_1_271' title='bbox 1560 2326 1853 2401; x_wconf 82' lang='grc' dir='ltr'>διεζωσμέ-</span> 
     </span>
    </p>
   </div>
   <div class='ocr_carea' id='block_1_41' title="bbox 195 2415 1853 2501">
    <p class='ocr_par' dir='ltr' id='par_1_41' title="bbox 195 2415 1853 2501">
     <span class='ocr_line' id='line_1_41' title="bbox 195 2415 1853 2501; baseline -0.005 -22"><span class='ocrx_word' id='word_1_272' title='bbox 195 2446 299 2501; x_wconf 87' lang='grc' dir='ltr'>νος,</span> <span class='ocrx_word' id='word_1_273' title='bbox 363 2425 422 2484; x_wconf 80' lang='grc' dir='ltr'><strong>ὃς</strong></span> <span class='ocrx_word' id='word_1_274' title='bbox 486 2422 578 2477; x_wconf 78' lang='grc' dir='ltr'>τὸν</span> <span class='ocrx_word' id='word_1_275' title='bbox 626 2419 839 2499; x_wconf 72' lang='grc' dir='ltr'>ποδήρη</span> <span class='ocrx_word' id='word_1_276' title='bbox 888 2421 1025 2477; x_wconf 77' lang='grc' dir='ltr'>κατὰ</span> <span class='ocrx_word' id='word_1_277' title='bbox 1072 2417 1335 2493; x_wconf 76' lang='grc' dir='ltr'>σύμϐολον</span> <span class='ocrx_word' id='word_1_278' title='bbox 1366 2420 1674 2497; x_wconf 80' lang='grc' dir='ltr'>ἱεραρχικὸν</span> <span class='ocrx_word' id='word_1_279' title='bbox 1706 2415 1853 2471; x_wconf 78' lang='grc' dir='ltr'>ἐνδε-</span> 
     </span>
    </p>
   </div>
   <div class='ocr_carea' id='block_1_42' title="bbox 202 2506 1853 2590">
    <p class='ocr_par' dir='ltr' id='par_1_42' title="bbox 202 2506 1853 2590">
     <span class='ocr_line' id='line_1_42' title="bbox 202 2506 1853 2590; baseline -0.004 -21"><span class='ocrx_word' id='word_1_280' title='bbox 202 2513 364 2574; x_wconf 67' lang='grc' dir='ltr'>δῦιει.</span> <span class='ocrx_word' id='word_1_281' title='bbox 398 2513 537 2576; x_wconf 57' lang='lat' dir='ltr'><strong>Tol&quot;;</strong></span> <span class='ocrx_word' id='word_1_282' title='bbox 583 2510 637 2567; x_wconf 74' lang='grc' dir='ltr'>δὲ</span> <span class='ocrx_word' id='word_1_283' title='bbox 668 2511 887 2573; x_wconf 81' lang='grc' dir='ltr'>λοιποὺς</span> <span class='ocrx_word' id='word_1_284' title='bbox 948 2510 1233 2590; x_wconf 80' lang='grc' dir='ltr'><strong>ἀγγέλους,</strong></span> <span class='ocrx_word' id='word_1_285' title='bbox 1281 2510 1336 2566; x_wconf 72' lang='lat' dir='ltr'><strong>o’t&#39;</strong></span> <span class='ocrx_word' id='word_1_286' title='bbox 1366 2510 1485 2573; x_wconf 84' lang='grc' dir='ltr'>τοὺς</span> <span class='ocrx_word' id='word_1_287' title='bbox 1516 2510 1579 2559; x_wconf 79' lang='lat'><strong>55</strong></span> <span class='ocrx_word' id='word_1_288' title='bbox 1610 2506 1853 2571; x_wconf 71' lang='grc' dir='ltr'>πελέκεις</span> 
     </span>
    </p>
   </div>
   <div class='ocr_carea' id='block_1_43' title="bbox 198 2598 1856 2683">
    <p class='ocr_par' dir='ltr' id='par_1_43' title="bbox 198 2598 1856 2683">
     <span class='ocr_line' id='line_1_43' title="bbox 198 2598 1856 2683; baseline -0.005 -23"><span class='ocrx_word' id='word_1_289' title='bbox 198 2606 376 2683; x_wconf 61' lang='grc' dir='ltr'>εἶχον,</span> <span class='ocrx_word' id='word_1_290' title='bbox 439 2604 477 2667; x_wconf 75' lang='grc' dir='ltr'>ἦ</span> <span class='ocrx_word' id='word_1_291' title='bbox 541 2602 653 2658; x_wconf 79' lang='grc' dir='ltr'>θεία</span> <span class='ocrx_word' id='word_1_292' title='bbox 710 2600 994 2682; x_wconf 77' lang='grc' dir='ltr'>ταξιαρχίαι</span> <span class='ocrx_word' id='word_1_293' title='bbox 1025 2600 1229 2658; x_wconf 79' lang='grc' dir='ltr'>κελεύει</span> <span class='ocrx_word' id='word_1_294' title='bbox 1261 2601 1392 2679; x_wconf 74' lang='grc' dir='ltr'>πρὸς</span> <span class='ocrx_word' id='word_1_295' title='bbox 1451 2606 1543 2655; x_wconf 75' lang='grc' dir='ltr'><strong>τοῦ</strong></span> <span class='ocrx_word' id='word_1_296' title='bbox 1600 2598 1856 2678; x_wconf 80' lang='grc' dir='ltr'>προτέρου</span> 
     </span>
    </p>
   </div>
   <div class='ocr_carea' id='block_1_44' title="bbox 192 2690 1863 2769">
    <p class='ocr_par' dir='ltr' id='par_1_44' title="bbox 192 2690 1863 2769">
     <span class='ocr_line' id='line_1_44' title="bbox 192 2690 1863 2769; baseline -0.003 -21"><span class='ocrx_word' id='word_1_297' title='bbox 192 2695 450 2769; x_wconf 60' lang='grc' dir='ltr'>μυεῖσθαι</span> <span class='ocrx_word' id='word_1_298' title='bbox 510 2693 608 2761; x_wconf 64' lang='grc' dir='ltr'>τὴν</span> <span class='ocrx_word' id='word_1_299' title='bbox 668 2693 785 2769; x_wconf 79' lang='grc' dir='ltr'>περὶ</span> <span class='ocrx_word' id='word_1_300' title='bbox 852 2693 1035 2748; x_wconf 64' lang='grc' dir='ltr'>τούτου</span> <span class='ocrx_word' id='word_1_301' title='bbox 1093 2692 1413 2767; x_wconf 75' lang='grc' dir='ltr'>θεοκρισίανο</span> <span class='ocrx_word' id='word_1_302' title='bbox 1469 2697 1547 2764; x_wconf 84' lang='grc' dir='ltr'>τῷ</span> <span class='ocrx_word' id='word_1_303' title='bbox 1604 2690 1700 2765; x_wconf 78' lang='grc' dir='ltr'><strong>μὲν</strong></span> <span class='ocrx_word' id='word_1_304' title='bbox 1763 2690 1863 2767; x_wconf 83' lang='grc' dir='ltr'><strong>γὰρ</strong></span> 
     </span>
    </p>
   </div>
   <div class='ocr_carea' id='block_1_45' title="bbox 191 2778 1865 2865">
    <p class='ocr_par' dir='ltr' id='par_1_45' title="bbox 191 2778 1865 2865">
     <span class='ocr_line' id='line_1_45' title="bbox 191 2778 1865 2865; baseline -0.006 -24"><span class='ocrx_word' id='word_1_305' title='bbox 191 2785 287 2865; x_wconf 65' lang='grc' dir='ltr'><strong>ἔφη</strong></span> <span class='ocrx_word' id='word_1_306' title='bbox 320 2782 511 2860; x_wconf 77' lang='grc' dir='ltr'>μέσην</span> <span class='ocrx_word' id='word_1_307' title='bbox 544 2781 772 2838; x_wconf 69' lang='grc' dir='ltr'>διελθεῖν</span> <span class='ocrx_word' id='word_1_308' title='bbox 805 2782 901 2850; x_wconf 78' lang='grc' dir='ltr'><strong>τὴν</strong></span> <span class='ocrx_word' id='word_1_309' title='bbox 960 2780 1339 2860; x_wconf 76' lang='grc' dir='ltr'>Ἰερουσαλὴμ,</span> <span class='ocrx_word' id='word_1_310' title='bbox 1373 2783 1460 2837; x_wconf 86' lang='grc' dir='ltr'><strong>καὶ</strong></span> <span class='ocrx_word' id='word_1_311' title='bbox 1490 2779 1667 2839; x_wconf 79' lang='grc' dir='ltr'>δοῦναι</span> <span class='ocrx_word' id='word_1_312' title='bbox 1711 2780 1770 2835; x_wconf 81' lang='grc' dir='ltr'>τὸ</span> <span class='ocrx_word' id='word_1_313' title='bbox 1800 2778 1865 2830; x_wconf 72' lang='grc'><strong>56</strong></span> 
     </span>
    </p>
   </div>
   <div class='ocr_carea' id='block_1_46' title="bbox 193 2869 1861 2949">
    <p class='ocr_par' dir='ltr' id='par_1_46' title="bbox 193 2869 1861 2949">
     <span class='ocr_line' id='line_1_46' title="bbox 193 2869 1861 2949; baseline -0.004 -17"><span class='ocrx_word' id='word_1_314' title='bbox 193 2888 432 2949; x_wconf 75' lang='grc' dir='ltr'>σημεῖον</span> <span class='ocrx_word' id='word_1_315' title='bbox 462 2874 537 2937; x_wconf 70' lang='grc' dir='ltr'>εἷς</span> <span class='ocrx_word' id='word_1_316' title='bbox 568 2873 634 2928; x_wconf 72' lang='grc' dir='ltr'>τὰ</span> <span class='ocrx_word' id='word_1_317' title='bbox 695 2872 919 2947; x_wconf 76' lang='grc' dir='ltr'>μέτωπα</span> <span class='ocrx_word' id='word_1_318' title='bbox 964 2878 1069 2928; x_wconf 80' lang='grc' dir='ltr'>τῶν</span> <span class='ocrx_word' id='word_1_319' title='bbox 1132 2870 1421 2926; x_wconf 78' lang='grc' dir='ltr'>ἂνευθύνων</span> <span class='ocrx_word' id='word_1_320' title='bbox 1480 2869 1701 2948; x_wconf 78' lang='grc' dir='ltr'>ἀνδρῶν,</span> <span class='ocrx_word' id='word_1_321' title='bbox 1742 2882 1861 2933; x_wconf 77' lang='grc' dir='ltr'>τοῖς</span> 
     </span>
    </p>
   </div>
   <div class='ocr_carea' id='block_1_47' title="bbox 185 2961 536 3025">
    <p class='ocr_par' dir='ltr' id='par_1_47' title="bbox 185 2961 536 3025">
     <span class='ocr_line' id='line_1_47' title="bbox 185 2961 536 3025; baseline -0.006 -5"><span class='ocrx_word' id='word_1_322' title='bbox 185 2965 376 3025; x_wconf 62' lang='grc' dir='ltr'>ἄλλοις</span> <span class='ocrx_word' id='word_1_323' title='bbox 454 2961 536 3018; x_wconf 79' lang='grc' dir='ltr'><strong>δὲ·</strong></span> 
     </span>
    </p>
   </div>
   <div class='ocr_carea' id='block_1_48' title="bbox 183 3050 1470 3130">
    <p class='ocr_par' dir='ltr' id='par_1_48' title="bbox 183 3050 1470 3130">
     <span class='ocr_line' id='line_1_48' title="bbox 183 3050 1470 3130; baseline -0.004 -20"><span class='ocrx_word' id='word_1_324' title='bbox 183 3057 272 3112; x_wconf 74' lang='grc' dir='ltr'>καὶ</span> <span class='ocrx_word' id='word_1_325' title='bbox 364 3053 625 3129; x_wconf 72' lang='grc' dir='ltr'>κόπτετε,</span> <span class='ocrx_word' id='word_1_326' title='bbox 699 3053 787 3108; x_wconf 82' lang='grc' dir='ltr'>καὶ</span> <span class='ocrx_word' id='word_1_327' title='bbox 868 3051 946 3127; x_wconf 65' lang='grc' dir='ltr'>μή</span> <span class='ocrx_word' id='word_1_328' title='bbox 1029 3050 1261 3130; x_wconf 74' lang='grc' dir='ltr'><strong>φείδεσθε</strong></span> <span class='ocrx_word' id='word_1_329' title='bbox 1353 3054 1470 3115; x_wconf 79' lang='grc' dir='ltr'>τοῖς</span> 
     </span>
    </p>
   </div>
   <div class='ocr_carea' id='block_1_49' title="bbox 181 3139 1861 3224">
    <p class='ocr_par' dir='ltr' id='par_1_49' title="bbox 181 3139 1861 3224">
     <span class='ocr_line' id='line_1_49' title="bbox 181 3139 1861 3224; baseline -0.005 -24"><span class='ocrx_word' id='word_1_330' title='bbox 181 3148 362 3224; x_wconf 70' lang='grc' dir='ltr'>ὗμὼν,</span> <span class='ocrx_word' id='word_1_331' title='bbox 416 3141 589 3200; x_wconf 56' lang='lat' dir='ltr'><strong>ﬁnies</strong></span> <span class='ocrx_word' id='word_1_332' title='bbox 642 3142 844 3206; x_wconf 70' lang='grc' dir='ltr'>πάντας</span> <span class='ocrx_word' id='word_1_333' title='bbox 905 3140 989 3220; x_wconf 67' lang='grc' dir='ltr'><strong>ἔφ’</strong></span> <span class='ocrx_word' id='word_1_334' title='bbox 1054 3142 1143 3204; x_wconf 79' lang='grc' dir='ltr'>οἷς</span> <span class='ocrx_word' id='word_1_335' title='bbox 1202 3139 1313 3197; x_wconf 83' lang='grc' dir='ltr'>ἐστι</span> <span class='ocrx_word' id='word_1_336' title='bbox 1374 3141 1434 3195; x_wconf 79' lang='grc' dir='ltr'>τὸ</span> <span class='ocrx_word' id='word_1_337' title='bbox 1494 3152 1747 3219; x_wconf 79' lang='grc' dir='ltr'>σημεῖον,</span> <span class='ocrx_word' id='word_1_338' title='bbox 1783 3140 1861 3214; x_wconf 77' lang='grc' dir='ltr'>μὴ</span> 
     </span>
    </p>
   </div>
   <div class='ocr_carea' id='block_1_50' title="bbox 618 2958 1858 3039">
    <p class='ocr_par' dir='ltr' id='par_1_50' title="bbox 618 2958 1858 3039">
     <span class='ocr_line' id='line_1_50' title="bbox 618 2958 1858 3039; baseline -0.002 -22"><span class='ocrx_word' id='word_1_339' title='bbox 618 2962 903 3039; x_wconf 76' lang='grc' dir='ltr'>Πορεύεσθε</span> <span class='ocrx_word' id='word_1_340' title='bbox 978 2963 1051 3024; x_wconf 79' lang='grc' dir='ltr'>εἱς</span> <span class='ocrx_word' id='word_1_341' title='bbox 1099 2961 1199 3028; x_wconf 79' lang='grc' dir='ltr'><strong>τὴν</strong></span> <span class='ocrx_word' id='word_1_342' title='bbox 1270 2958 1423 3016; x_wconf 74' lang='grc' dir='ltr'>πόλιν</span> <span class='ocrx_word' id='word_1_343' title='bbox 1467 2961 1635 3016; x_wconf 78' lang='grc' dir='ltr'>ὀπίσω</span> <span class='ocrx_word' id='word_1_344' title='bbox 1682 2961 1858 3039; x_wconf 75' lang='grc' dir='ltr'>αὒτοῦ,</span> 
     </span>
    </p>
   </div>
   <div class='ocr_carea' id='block_1_51' title="bbox 1562 3048 1860 3128">
    <p class='ocr_par' dir='ltr' id='par_1_51' title="bbox 1562 3048 1860 3128">
     <span class='ocr_line' id='line_1_51' title="bbox 1562 3048 1860 3128; baseline 0 -23"><span class='ocrx_word' id='word_1_345' title='bbox 1562 3048 1860 3128; x_wconf 66' lang='grc' dir='ltr'>ὀφθαλμοῖς</span> 
     </span>
    </p>
   </div>
   <div class='ocr_carea' id='block_1_52' title="bbox 1942 1962 3580 2043">
    <p class='ocr_par' dir='ltr' id='par_1_52' title="bbox 1942 1962 3580 2043">
     <span class='ocr_line' id='line_1_52' title="bbox 1942 1962 3580 2043; baseline 0.001 -20"><span class='ocrx_word' id='word_1_346' title='bbox 1942 1962 2259 2025; x_wconf 87' lang='lat' dir='ltr'><strong>coleretur.</strong></span> <span class='ocrx_word' id='word_1_347' title='bbox 2298 1963 2548 2035; x_wconf 88' lang='lat' dir='ltr'><strong>Quidam</strong></span> <span class='ocrx_word' id='word_1_348' title='bbox 2581 1963 2736 2024; x_wconf 90' lang='lat' dir='ltr'><strong>alius</strong></span> <span class='ocrx_word' id='word_1_349' title='bbox 2765 1964 2908 2025; x_wconf 88' lang='lat' dir='ltr'><strong>item</strong></span> <span class='ocrx_word' id='word_1_350' title='bbox 2944 1964 3253 2043; x_wconf 85' lang='lat' dir='ltr'><strong>theologus</strong></span> <span class='ocrx_word' id='word_1_351' title='bbox 3284 1962 3580 2043; x_wconf 86' lang='lat' dir='ltr'><strong>Ezechiel,</strong></span> 
     </span>
    </p>
   </div>
   <div class='ocr_carea' id='block_1_53' title="bbox 1942 2052 3583 2135">
    <p class='ocr_par' dir='ltr' id='par_1_53' title="bbox 1942 2052 3583 2135">
     <span class='ocr_line' id='line_1_53' title="bbox 1942 2052 3583 2135; baseline -0.001 -21"><span class='ocrx_word' id='word_1_352' title='bbox 1942 2052 2055 2114; x_wconf 89' lang='lat' dir='ltr'><strong>boc</strong></span> <span class='ocrx_word' id='word_1_353' title='bbox 2108 2071 2141 2114; x_wconf 90' lang='lat' dir='ltr'><strong>a</strong></span> <span class='ocrx_word' id='word_1_354' title='bbox 2190 2053 2421 2116; x_wconf 91' lang='lat' dir='ltr'><strong>Deitate</strong></span> <span class='ocrx_word' id='word_1_355' title='bbox 2454 2054 2583 2135; x_wconf 81' lang='lat' dir='ltr'><strong>ipsa</strong></span> <span class='ocrx_word' id='word_1_356' title='bbox 2613 2054 3074 2135; x_wconf 86' lang='lat' dir='ltr'><strong>supergloriosa,</strong></span> <span class='ocrx_word' id='word_1_357' title='bbox 3109 2073 3241 2135; x_wconf 88' lang='lat' dir='ltr'><strong>quae</strong></span> <span class='ocrx_word' id='word_1_358' title='bbox 3270 2053 3583 2116; x_wconf 76' lang='lat' dir='ltr'><strong>cherubim</strong></span> 
     </span>
    </p>
   </div>
   <div class='ocr_carea' id='block_1_54' title="bbox 1944 2142 3587 2219">
    <p class='ocr_par' dir='ltr' id='par_1_54' title="bbox 1944 2142 3587 2219">
     <span class='ocr_line' id='line_1_54' title="bbox 1944 2142 3587 2219; baseline 0 -15"><span class='ocrx_word' id='word_1_359' title='bbox 1944 2143 2371 2219; x_wconf 81' lang='lat' dir='ltr'><strong>transcenditx,</strong></span> <span class='ocrx_word' id='word_1_360' title='bbox 2399 2152 2775 2206; x_wconf 90' lang='lat' dir='ltr'><strong>sacrosancte</strong></span> <span class='ocrx_word' id='word_1_361' title='bbox 2804 2145 3098 2206; x_wconf 89' lang='lat' dir='ltr'><strong>sancitum</strong></span> <span class='ocrx_word' id='word_1_362' title='bbox 3126 2143 3365 2207; x_wconf 88' lang='lat' dir='ltr'><strong>asserit:</strong></span> <span class='ocrx_word' id='word_1_363' title='bbox 3395 2142 3587 2205; x_wconf 88' lang='lat' dir='ltr'><strong>Israe-</strong></span> 
     </span>
    </p>
   </div>
   <div class='ocr_carea' id='block_1_55' title="bbox 1942 2234 3585 2318">
    <p class='ocr_par' dir='ltr' id='par_1_55' title="bbox 1942 2234 3585 2318">
     <span class='ocr_line' id='line_1_55' title="bbox 1942 2234 3585 2318; baseline 0.001 -22"><span class='ocrx_word' id='word_1_364' title='bbox 1942 2234 2168 2297; x_wconf 88' lang='lat' dir='ltr'><strong>liticum</strong></span> <span class='ocrx_word' id='word_1_365' title='bbox 2204 2236 2363 2298; x_wconf 89' lang='lat' dir='ltr'><strong>enim</strong></span> <span class='ocrx_word' id='word_1_366' title='bbox 2400 2237 2684 2318; x_wconf 88' lang='lat' dir='ltr'><strong>populum</strong></span> <span class='ocrx_word' id='word_1_367' title='bbox 2720 2256 2878 2318; x_wconf 89' lang='lat' dir='ltr'><strong>cum,</strong></span> <span class='ocrx_word' id='word_1_368' title='bbox 2937 2248 2999 2299; x_wconf 90' lang='lat' dir='ltr'><strong>ut</strong></span> <span class='ocrx_word' id='word_1_369' title='bbox 3048 2237 3273 2299; x_wconf 90' lang='lat' dir='ltr'><strong>dictum</strong></span> <span class='ocrx_word' id='word_1_370' title='bbox 3309 2244 3426 2315; x_wconf 91' lang='lat' dir='ltr'><strong>est,</strong></span> <span class='ocrx_word' id='word_1_371' title='bbox 3456 2236 3585 2297; x_wconf 81' lang='lat' dir='ltr'><strong>cle-</strong></span> 
     </span>
    </p>
   </div>
   <div class='ocr_carea' id='block_1_56' title="bbox 1940 2326 3584 2408">
    <p class='ocr_par' dir='ltr' id='par_1_56' title="bbox 1940 2326 3584 2408">
     <span class='ocr_line' id='line_1_56' title="bbox 1940 2326 3584 2408; baseline 0.001 -23"><span class='ocrx_word' id='word_1_372' title='bbox 1940 2332 2161 2386; x_wconf 87' lang='lat' dir='ltr'><strong>meutia</strong></span> <span class='ocrx_word' id='word_1_373' title='bbox 2194 2336 2436 2407; x_wconf 89' lang='lat' dir='ltr'><strong>paterna</strong></span> <span class='ocrx_word' id='word_1_374' title='bbox 2469 2345 2575 2408; x_wconf 90' lang='lat' dir='ltr'><strong>per</strong></span> <span class='ocrx_word' id='word_1_375' title='bbox 2605 2327 2979 2408; x_wconf 87' lang='lat' dir='ltr'><strong>disciplinam</strong></span> <span class='ocrx_word' id='word_1_376' title='bbox 3012 2328 3084 2388; x_wconf 88' lang='lat' dir='ltr'><strong>ad</strong></span> <span class='ocrx_word' id='word_1_377' title='bbox 3116 2327 3344 2405; x_wconf 80' lang='lat' dir='ltr'><strong>frugem</strong></span> <span class='ocrx_word' id='word_1_378' title='bbox 3380 2326 3584 2388; x_wconf 88' lang='lat' dir='ltr'><strong>tradu-</strong></span> 
     </span>
    </p>
   </div>
   <div class='ocr_carea' id='block_1_57' title="bbox 1939 2416 3587 2498">
    <p class='ocr_par' dir='ltr' id='par_1_57' title="bbox 1939 2416 3587 2498">
     <span class='ocr_line' id='line_1_57' title="bbox 1939 2416 3587 2498; baseline 0 -22"><span class='ocrx_word' id='word_1_379' title='bbox 1939 2417 2471 2487; x_wconf 67' lang='lat' dir='ltr'><strong>ceret‘meliorem,</strong></span> <span class='ocrx_word' id='word_1_380' title='bbox 2488 2418 2765 2498; x_wconf 78' lang='lat' dir='ltr'><strong>aequitate</strong></span> <span class='ocrx_word' id='word_1_381' title='bbox 2796 2420 2917 2481; x_wconf 91' lang='lat' dir='ltr'><strong>Deo</strong></span> <span class='ocrx_word' id='word_1_382' title='bbox 2939 2418 3117 2496; x_wconf 89' lang='lat' dir='ltr'><strong>digna</strong></span> <span class='ocrx_word' id='word_1_383' title='bbox 3138 2436 3273 2479; x_wconf 90' lang='lat' dir='ltr'><strong>reos</strong></span> <span class='ocrx_word' id='word_1_384' title='bbox 3289 2416 3362 2479; x_wconf 91' lang='lat' dir='ltr'><strong>ab</strong></span> <span class='ocrx_word' id='word_1_385' title='bbox 3387 2417 3587 2477; x_wconf 88' lang='lat' dir='ltr'><strong>inson-</strong></span> 
     </span>
    </p>
   </div>
   <div class='ocr_carea' id='block_1_58' title="bbox 1942 2504 3587 2587">
    <p class='ocr_par' dir='ltr' id='par_1_58' title="bbox 1942 2504 3587 2587">
     <span class='ocr_line' id='line_1_58' title="bbox 1942 2504 3587 2587; baseline 0 -21"><span class='ocrx_word' id='word_1_386' title='bbox 1942 2504 2099 2566; x_wconf 89' lang='lat' dir='ltr'><strong>tibus</strong></span> <span class='ocrx_word' id='word_1_387' title='bbox 2132 2506 2538 2569; x_wconf 89' lang='lat' dir='ltr'><strong>secernendos</strong></span> <span class='ocrx_word' id='word_1_388' title='bbox 2569 2507 2964 2571; x_wconf 89' lang='lat' dir='ltr'><strong>censuit.Hoc</strong></span> <span class='ocrx_word' id='word_1_389' title='bbox 2995 2508 3222 2587; x_wconf 90' lang='lat' dir='ltr'><strong>primus</strong></span> <span class='ocrx_word' id='word_1_390' title='bbox 3252 2506 3587 2569; x_wconf 90' lang='lat' dir='ltr'><strong>secundum</strong></span> 
     </span>
    </p>
   </div>
   <div class='ocr_carea' id='block_1_59' title="bbox 1946 2595 3590 2679">
    <p class='ocr_par' dir='ltr' id='par_1_59' title="bbox 1946 2595 3590 2679">
     <span class='ocr_line' id='line_1_59' title="bbox 1946 2595 3590 2679; baseline 0.001 -22"><span class='ocrx_word' id='word_1_391' title='bbox 1946 2595 2255 2658; x_wconf 86' lang='lat' dir='ltr'><strong>cherubim</strong></span> <span class='ocrx_word' id='word_1_392' title='bbox 2291 2598 2538 2660; x_wconf 88' lang='lat' dir='ltr'><strong>docetur</strong></span> <span class='ocrx_word' id='word_1_393' title='bbox 2567 2598 2696 2673; x_wconf 90' lang='lat' dir='ltr'><strong>ille,</strong></span> <span class='ocrx_word' id='word_1_394' title='bbox 2730 2600 2897 2679; x_wconf 89' lang='lat' dir='ltr'><strong>cujus</strong></span> <span class='ocrx_word' id='word_1_395' title='bbox 2928 2617 3105 2661; x_wconf 91' lang='lat' dir='ltr'><strong>renes</strong></span> <span class='ocrx_word' id='word_1_396' title='bbox 3134 2599 3417 2677; x_wconf 84' lang='lat' dir='ltr'><strong>sapphiro</strong></span> <span class='ocrx_word' id='word_1_397' title='bbox 3446 2615 3590 2678; x_wconf 71' lang='lat' dir='ltr'><strong>pra:-</strong></span> 
     </span>
    </p>
   </div>
   <div class='ocr_carea' id='block_1_60' title="bbox 1946 2688 3589 2769">
    <p class='ocr_par' dir='ltr' id='par_1_60' title="bbox 1946 2688 3589 2769">
     <span class='ocr_line' id='line_1_60' title="bbox 1946 2688 3589 2769; baseline -0.001 -21"><span class='ocrx_word' id='word_1_398' title='bbox 1946 2688 2123 2749; x_wconf 88' lang='lat' dir='ltr'><strong>cincti</strong></span> <span class='ocrx_word' id='word_1_399' title='bbox 2157 2695 2348 2763; x_wconf 89' lang='lat' dir='ltr'><strong>erant,</strong></span> <span class='ocrx_word' id='word_1_400' title='bbox 2386 2689 2610 2769; x_wconf 90' lang='lat' dir='ltr'><strong>quique</strong></span> <span class='ocrx_word' id='word_1_401' title='bbox 2668 2690 2836 2750; x_wconf 89' lang='lat' dir='ltr'><strong>talari</strong></span> <span class='ocrx_word' id='word_1_402' title='bbox 2866 2697 3047 2769; x_wconf 88' lang='lat' dir='ltr'><strong>veste,</strong></span> <span class='ocrx_word' id='word_1_403' title='bbox 3086 2688 3460 2765; x_wconf 75' lang='lat' dir='ltr'><strong>pontificatus</strong></span> <span class='ocrx_word' id='word_1_404' title='bbox 3490 2688 3589 2748; x_wconf 92' lang='lat' dir='ltr'><strong>in-</strong></span> 
     </span>
    </p>
   </div>
   <div class='ocr_carea' id='block_1_61' title="bbox 1949 2776 3593 2856">
    <p class='ocr_par' dir='ltr' id='par_1_61' title="bbox 1949 2776 3593 2856">
     <span class='ocr_line' id='line_1_61' title="bbox 1949 2776 3593 2856; baseline -0.001 -18"><span class='ocrx_word' id='word_1_405' title='bbox 1949 2776 2122 2855; x_wconf 85' lang='lat' dir='ltr'><strong>signi,</strong></span> <span class='ocrx_word' id='word_1_406' title='bbox 2158 2777 2577 2840; x_wconf 90' lang='lat' dir='ltr'><strong>amiciebatur.</strong></span> <span class='ocrx_word' id='word_1_407' title='bbox 2612 2778 2868 2842; x_wconf 61' lang='lat' dir='ltr'><strong>Caeteros</strong></span> <span class='ocrx_word' id='word_1_408' title='bbox 2899 2778 3116 2840; x_wconf 80' lang='lat' dir='ltr'><strong>eximie</strong></span> <span class='ocrx_word' id='word_1_409' title='bbox 3147 2778 3390 2856; x_wconf 84' lang='lat' dir='ltr'><strong>angelos</strong></span> <span class='ocrx_word' id='word_1_410' title='bbox 3422 2796 3593 2838; x_wconf 88' lang='lat' dir='ltr'><strong>secu-</strong></span> 
     </span>
    </p>
   </div>
   <div class='ocr_carea' id='block_1_62' title="bbox 1946 2865 3594 2949">
    <p class='ocr_par' dir='ltr' id='par_1_62' title="bbox 1946 2865 3594 2949">
     <span class='ocr_line' id='line_1_62' title="bbox 1946 2865 3594 2949; baseline 0.001 -21"><span class='ocrx_word' id='word_1_411' title='bbox 1946 2865 2115 2929; x_wconf 85' lang='lat' dir='ltr'><strong>ribus</strong></span> <span class='ocrx_word' id='word_1_412' title='bbox 2140 2874 2423 2949; x_wconf 86' lang='lat' dir='ltr'><strong>armatos,</strong></span> <span class='ocrx_word' id='word_1_413' title='bbox 2459 2887 2492 2929; x_wconf 91' lang='lat' dir='ltr'><strong>a</strong></span> <span class='ocrx_word' id='word_1_414' title='bbox 2523 2868 2711 2948; x_wconf 90' lang='lat' dir='ltr'><strong>priori</strong></span> <span class='ocrx_word' id='word_1_415' title='bbox 2744 2868 2842 2930; x_wconf 88' lang='lat' dir='ltr'><strong>illo</strong></span> <span class='ocrx_word' id='word_1_416' title='bbox 2876 2868 3075 2929; x_wconf 84' lang='lat' dir='ltr'><strong>divina</strong></span> <span class='ocrx_word' id='word_1_417' title='bbox 3100 2868 3272 2947; x_wconf 85' lang='lat' dir='ltr'><strong>jubet</strong></span> <span class='ocrx_word' id='word_1_418' title='bbox 3303 2866 3594 2929; x_wconf 88' lang='lat' dir='ltr'><strong>ordinatio</strong></span> 
     </span>
    </p>
   </div>
   <div class='ocr_carea' id='block_1_63' title="bbox 1947 2957 3600 3038">
    <p class='ocr_par' dir='ltr' id='par_1_63' title="bbox 1947 2957 3600 3038">
     <span class='ocr_line' id='line_1_63' title="bbox 1947 2957 3600 3038; baseline -0.001 -19"><span class='ocrx_word' id='word_1_419' title='bbox 1947 2957 2210 3019; x_wconf 88' lang='lat' dir='ltr'><strong>divinum</strong></span> <span class='ocrx_word' id='word_1_420' title='bbox 2244 2958 2356 3019; x_wconf 88' lang='lat' dir='ltr'><strong>hac</strong></span> <span class='ocrx_word' id='word_1_421' title='bbox 2388 2959 2462 3019; x_wconf 91' lang='lat' dir='ltr'><strong>de</strong></span> <span class='ocrx_word' id='word_1_422' title='bbox 2493 2977 2558 3019; x_wconf 92' lang='lat' dir='ltr'><strong>re</strong></span> <span class='ocrx_word' id='word_1_423' title='bbox 2584 2958 2875 3038; x_wconf 85' lang='lat' dir='ltr'><strong>judicium</strong></span> <span class='ocrx_word' id='word_1_424' title='bbox 2908 2958 3151 3020; x_wconf 78' lang='lat' dir='ltr'><strong>edoceri</strong></span> <span class='ocrx_word' id='word_1_425' title='bbox 3180 2980 3192 3021; x_wconf 93' lang='lat'><strong>:</strong></span> <span class='ocrx_word' id='word_1_426' title='bbox 3236 2958 3375 3019; x_wconf 90' lang='lat' dir='ltr'><strong>huic</strong></span> <span class='ocrx_word' id='word_1_427' title='bbox 3404 2958 3600 3034; x_wconf 64' lang='lat' dir='ltr'><strong>siqui-4</strong></span> 
     </span>
    </p>
   </div>
   <div class='ocr_carea' id='block_1_64' title="bbox 1949 3047 3597 3130">
    <p class='ocr_par' dir='ltr' id='par_1_64' title="bbox 1949 3047 3597 3130">
     <span class='ocr_line' id='line_1_64' title="bbox 1949 3047 3597 3130; baseline -0.001 -21"><span class='ocrx_word' id='word_1_428' title='bbox 1949 3048 2085 3109; x_wconf 90' lang='lat' dir='ltr'><strong>dem</strong></span> <span class='ocrx_word' id='word_1_429' title='bbox 2120 3050 2427 3129; x_wconf 70' lang='lat' dir='ltr'><strong>praecepit,</strong></span> <span class='ocrx_word' id='word_1_430' title='bbox 2446 3057 2509 3108; x_wconf 86' lang='lat' dir='ltr'><strong>ut</strong></span> <span class='ocrx_word' id='word_1_431' title='bbox 2530 3068 2637 3130; x_wconf 90' lang='lat' dir='ltr'><strong>per</strong></span> <span class='ocrx_word' id='word_1_432' title='bbox 2660 3049 2913 3111; x_wconf 88' lang='lat' dir='ltr'><strong>mediam</strong></span> <span class='ocrx_word' id='word_1_433' title='bbox 2934 3047 3260 3111; x_wconf 86' lang='lat' dir='ltr'><strong>Jerusalem</strong></span> <span class='ocrx_word' id='word_1_434' title='bbox 3294 3049 3597 3121; x_wconf 85' lang='lat' dir='ltr'><strong>transiret,</strong></span> 
     </span>
    </p>
   </div>
   <div class='ocr_carea' id='block_1_65' title="bbox 1948 3136 3601 3217">
    <p class='ocr_par' dir='ltr' id='par_1_65' title="bbox 1948 3136 3601 3217">
     <span class='ocr_line' id='line_1_65' title="bbox 1948 3136 3601 3217; baseline -0.001 -19"><span class='ocrx_word' id='word_1_435' title='bbox 1948 3145 2124 3217; x_wconf 87' lang='lat' dir='ltr'><strong>atque</strong></span> <span class='ocrx_word' id='word_1_436' title='bbox 2156 3140 2391 3216; x_wconf 85' lang='lat' dir='ltr'><strong>signum</strong></span> <span class='ocrx_word' id='word_1_437' title='bbox 2428 3138 2752 3200; x_wconf 90' lang='lat' dir='ltr'><strong>insontium</strong></span> <span class='ocrx_word' id='word_1_438' title='bbox 2772 3139 3037 3199; x_wconf 81' lang='lat' dir='ltr'><strong>virorum</strong></span> <span class='ocrx_word' id='word_1_439' title='bbox 3063 3136 3357 3199; x_wconf 78' lang='lat' dir='ltr'><strong>frontibus</strong></span> <span class='ocrx_word' id='word_1_440' title='bbox 3388 3138 3601 3213; x_wconf 87' lang='lat' dir='ltr'><strong>impri-</strong></span> 
     </span>
    </p>
   </div>
   <div class='ocr_carea' id='block_1_66' title="bbox 179 3227 1852 3314">
    <p class='ocr_par' dir='ltr' id='par_1_66' title="bbox 179 3229 1852 3314">
     <span class='ocr_line' id='line_1_66' title="bbox 179 3229 1852 3314; baseline -0.015 -16"><span class='ocrx_word' id='word_1_441' title='bbox 179 3236 468 3314; x_wconf 74' lang='grc' dir='ltr'>ἐγγίσητε.</span> <span class='ocrx_word' id='word_1_442' title='bbox 536 3234 595 3291; x_wconf 74' lang='grc' dir='ltr'><strong>Τί</strong></span> <span class='ocrx_word' id='word_1_443' title='bbox 652 3232 712 3289; x_wconf 73' lang='grc' dir='ltr'>ἄν</span> <span class='ocrx_word' id='word_1_444' title='bbox 767 3254 848 3295; x_wconf 90' lang='grc' dir='ltr'><strong>τις</strong></span> <span class='ocrx_word' id='word_1_445' title='bbox 907 3234 1045 3287; x_wconf 72' lang='grc' dir='ltr'>εἷποι</span> <span class='ocrx_word' id='word_1_446' title='bbox 1106 3232 1345 3308; x_wconf 78' lang='grc' dir='ltr'>περὶτοῦ</span> <span class='ocrx_word' id='word_1_447' title='bbox 1377 3230 1644 3308; x_wconf 66' lang='grc' dir='ltr'>φήσαντος</span> <span class='ocrx_word' id='word_1_448' title='bbox 1690 3229 1852 3307; x_wconf 74' lang='grc' dir='ltr'>ἀγγέ-</span> 
     </span>
    </p>
   </div>
   <div class='ocr_carea' id='block_1_67' title="bbox 1942 3227 3603 3314">
    <p class='ocr_par' dir='ltr' id='par_1_67' title="bbox 1951 3227 3603 3308">
     <span class='ocr_line' id='line_1_67' title="bbox 1951 3227 3603 3308; baseline 0.001 -22"><span class='ocrx_word' id='word_1_449' title='bbox 1951 3235 2170 3308; x_wconf 81' lang='lat' dir='ltr'><strong>meret;</strong></span> <span class='ocrx_word' id='word_1_450' title='bbox 2192 3227 2326 3288; x_wconf 84' lang='lat' dir='ltr'><strong>aliis</strong></span> <span class='ocrx_word' id='word_1_451' title='bbox 2346 3236 2545 3289; x_wconf 86' lang='lat' dir='ltr'><strong>autem</strong></span> <span class='ocrx_word' id='word_1_452' title='bbox 2567 3229 2669 3291; x_wconf 89' lang='lat' dir='ltr'><strong>ait:</strong></span> <span class='ocrx_word' id='word_1_453' title='bbox 2696 3228 2961 3291; x_wconf 70' lang='lat' dir='ltr'><strong>Exitein</strong></span> <span class='ocrx_word' id='word_1_454' title='bbox 2977 3230 3283 3291; x_wconf 78' lang='lat' dir='ltr'><strong>civitatem</strong></span> <span class='ocrx_word' id='word_1_455' title='bbox 3302 3238 3603 3308; x_wconf 78' lang='lat' dir='ltr'><strong>posteum,</strong></span> 
     </span>
    </p>
   </div>
   <div class='ocr_carea' id='block_1_68' title="bbox 178 3319 1861 3397">
    <p class='ocr_par' dir='ltr' id='par_1_68' title="bbox 178 3319 1861 3397">
     <span class='ocr_line' id='line_1_68' title="bbox 178 3319 1861 3397; baseline -0.005 -16"><span class='ocrx_word' id='word_1_456' title='bbox 178 3325 272 3381; x_wconf 79' lang='grc' dir='ltr'><strong>λου</strong></span> <span class='ocrx_word' id='word_1_457' title='bbox 336 3331 421 3397; x_wconf 77' lang='grc' dir='ltr'>τῷ</span> <span class='ocrx_word' id='word_1_458' title='bbox 485 3321 709 3391; x_wconf 74' lang='grc' dir='ltr'>Δανιήλ·</span> <span class='ocrx_word' id='word_1_459' title='bbox 775 3319 1022 3388; x_wconf 69' lang='grc' dir='ltr'>Ἐξῆλθεν</span> <span class='ocrx_word' id='word_1_460' title='bbox 1084 3322 1111 3376; x_wconf 85' lang='grc' dir='ltr'>ὁ</span> <span class='ocrx_word' id='word_1_461' title='bbox 1165 3319 1371 3397; x_wconf 83' lang='grc' dir='ltr'>λόγος;</span> <span class='ocrx_word' id='word_1_462' title='bbox 1432 3319 1467 3385; x_wconf 74' lang='grc' dir='ltr'><strong>ἥ</strong></span> <span class='ocrx_word' id='word_1_463' title='bbox 1524 3321 1643 3395; x_wconf 88' lang='grc' dir='ltr'>περὶ</span> <span class='ocrx_word' id='word_1_464' title='bbox 1703 3322 1861 3377; x_wconf 70' lang='grc' dir='ltr'>αὐτοῦ</span> 
     </span>
    </p>
   </div>
   <div class='ocr_carea' id='block_1_69' title="bbox 177 3406 1859 3492">
    <p class='ocr_par' dir='ltr' id='par_1_69' title="bbox 177 3406 1859 3492">
     <span class='ocr_line' id='line_1_69' title="bbox 177 3406 1859 3492; baseline -0.006 -20"><span class='ocrx_word' id='word_1_465' title='bbox 177 3423 271 3472; x_wconf 76' lang='grc' dir='ltr'>τοῦ</span> <span class='ocrx_word' id='word_1_466' title='bbox 304 3415 530 3492; x_wconf 81' lang='grc' dir='ltr'>πρώτου</span> <span class='ocrx_word' id='word_1_467' title='bbox 559 3414 620 3467; x_wconf 67' lang='grc' dir='ltr'>τὸ</span> <span class='ocrx_word' id='word_1_468' title='bbox 652 3419 751 3489; x_wconf 73' lang='grc' dir='ltr'><strong>πῦρ</strong></span> <span class='ocrx_word' id='word_1_469' title='bbox 808 3410 870 3466; x_wconf 71' lang='grc' dir='ltr'>ἐκ</span> <span class='ocrx_word' id='word_1_470' title='bbox 913 3409 1079 3485; x_wconf 76' lang='grc' dir='ltr'>μέσου</span> <span class='ocrx_word' id='word_1_471' title='bbox 1128 3412 1232 3465; x_wconf 79' lang='grc' dir='ltr'>τῶν</span> <span class='ocrx_word' id='word_1_472' title='bbox 1268 3406 1533 3487; x_wconf 58' lang='grc' dir='ltr'>Χερούᾶμ</span> <span class='ocrx_word' id='word_1_473' title='bbox 1569 3408 1859 3479; x_wconf 76' lang='grc' dir='ltr'>ἀνειληφό-</span> 
     </span>
    </p>
   </div>
   <div class='ocr_carea' id='block_1_70' title="bbox 176 3496 1859 3584">
    <p class='ocr_par' dir='ltr' id='par_1_70' title="bbox 176 3496 1859 3584">
     <span class='ocr_line' id='line_1_70' title="bbox 176 3496 1859 3584; baseline 0 -23"><span class='ocrx_word' id='word_1_474' title='bbox 176 3528 265 3571; x_wconf 71' lang='lat' dir='ltr'><strong>to;</strong></span> <span class='ocrx_word' id='word_1_475' title='bbox 295 3525 312 3584; x_wconf 82' lang='grc'>;</span> <span class='ocrx_word' id='word_1_476' title='bbox 350 3503 389 3570; x_wconf 70' lang='grc' dir='ltr'><strong>ἢ</strong></span> <span class='ocrx_word' id='word_1_477' title='bbox 425 3503 489 3559; x_wconf 77' lang='grc' dir='ltr'>τὸ</span> <span class='ocrx_word' id='word_1_478' title='bbox 520 3503 710 3559; x_wconf 71' lang='grc' dir='ltr'>τούτου</span> <span class='ocrx_word' id='word_1_479' title='bbox 776 3501 1158 3579; x_wconf 79' lang='grc' dir='ltr'>περισσότερον</span> <span class='ocrx_word' id='word_1_480' title='bbox 1190 3501 1262 3562; x_wconf 78' lang='grc' dir='ltr'>εἷς</span> <span class='ocrx_word' id='word_1_481' title='bbox 1296 3496 1534 3563; x_wconf 71' lang='grc' dir='ltr'>εὒταξῖπις</span> <span class='ocrx_word' id='word_1_482' title='bbox 1566 3497 1859 3576; x_wconf 73' lang='grc' dir='ltr'>ἀγγελικῆς</span> 
     </span>
    </p>
   </div>
   <div class='ocr_carea' id='block_1_71' title="bbox 176 3587 1861 3669">
    <p class='ocr_par' dir='ltr' id='par_1_71' title="bbox 176 3587 1861 3669">
     <span class='ocr_line' id='line_1_71' title="bbox 176 3587 1861 3669; baseline -0.006 -17"><span class='ocrx_word' id='word_1_483' title='bbox 176 3593 482 3665; x_wconf 69' lang='grc' dir='ltr'>ἀπόδειξιν,</span> <span class='ocrx_word' id='word_1_484' title='bbox 550 3590 632 3648; x_wconf 71' lang='grc' dir='ltr'>ὅτι</span> <span class='ocrx_word' id='word_1_485' title='bbox 690 3592 752 3649; x_wconf 81' lang='grc' dir='ltr'>τὰ</span> <span class='ocrx_word' id='word_1_486' title='bbox 818 3588 1086 3669; x_wconf 78' lang='grc' dir='ltr'>Χερουϐὶμ</span> <span class='ocrx_word' id='word_1_487' title='bbox 1146 3587 1401 3664; x_wconf 66' lang='grc' dir='ltr'>ἐμϐάλλει</span> <span class='ocrx_word' id='word_1_488' title='bbox 1457 3587 1519 3639; x_wconf 68' lang='grc' dir='ltr'><strong>ετ</strong></span> <span class='ocrx_word' id='word_1_489' title='bbox 1563 3590 1624 3644; x_wconf 80' lang='grc' dir='ltr'>τὸ</span> <span class='ocrx_word' id='word_1_490' title='bbox 1656 3591 1757 3666; x_wconf 76' lang='grc' dir='ltr'>πῦρ</span> <span class='ocrx_word' id='word_1_491' title='bbox 1788 3588 1861 3650; x_wconf 88' lang='grc' dir='ltr'><strong>εἰς</strong></span> 
     </span>
    </p>
   </div>
   <div class='ocr_carea' id='block_1_72' title="bbox 173 3676 1865 3763">
    <p class='ocr_par' dir='ltr' id='par_1_72' title="bbox 173 3676 1865 3763">
     <span class='ocr_line' id='line_1_72' title="bbox 173 3676 1865 3763; baseline -0.005 -22"><span class='ocrx_word' id='word_1_492' title='bbox 173 3688 269 3749; x_wconf 70' lang='grc' dir='ltr'><strong>τὰς</strong></span> <span class='ocrx_word' id='word_1_493' title='bbox 307 3697 513 3763; x_wconf 75' lang='grc' dir='ltr'>χεῖρας</span> <span class='ocrx_word' id='word_1_494' title='bbox 544 3688 636 3738; x_wconf 79' lang='grc' dir='ltr'><strong>τοῦ</strong></span> <span class='ocrx_word' id='word_1_495' title='bbox 666 3681 767 3749; x_wconf 75' lang='grc' dir='ltr'>τὴν</span> <span class='ocrx_word' id='word_1_496' title='bbox 803 3679 961 3757; x_wconf 81' lang='grc' dir='ltr'>ἀγιαν</span> <span class='ocrx_word' id='word_1_497' title='bbox 992 3678 1190 3747; x_wconf 76' lang='grc' dir='ltr'>στολὴν</span> <span class='ocrx_word' id='word_1_498' title='bbox 1224 3676 1557 3743; x_wconf 79' lang='grc' dir='ltr'>ἐνδεδυκότος</span> <span class='ocrx_word' id='word_1_499' title='bbox 1586 3696 1602 3757; x_wconf 69' lang='grc' dir='ltr'><strong>ς</strong></span> <span class='ocrx_word' id='word_1_500' title='bbox 1663 3677 1698 3745; x_wconf 65' lang='grc' dir='ltr'>ἢ</span> <span class='ocrx_word' id='word_1_501' title='bbox 1746 3678 1865 3754; x_wconf 85' lang='grc' dir='ltr'>περὶ</span> 
     </span>
    </p>
   </div>
   <div class='ocr_carea' id='block_1_73' title="bbox 172 3766 1863 3849">
    <p class='ocr_par' dir='ltr' id='par_1_73' title="bbox 172 3766 1863 3849">
     <span class='ocr_line' id='line_1_73' title="bbox 172 3766 1863 3849; baseline -0.005 -18"><span class='ocrx_word' id='word_1_502' title='bbox 172 3786 269 3834; x_wconf 77' lang='grc' dir='ltr'><strong>τοῦ</strong></span> <span class='ocrx_word' id='word_1_503' title='bbox 311 3771 654 3839; x_wconf 75' lang='grc' dir='ltr'>κεκληκότος</span> <span class='ocrx_word' id='word_1_504' title='bbox 699 3772 790 3826; x_wconf 75' lang='grc' dir='ltr'>τὸν</span> <span class='ocrx_word' id='word_1_505' title='bbox 832 3769 1102 3826; x_wconf 82' lang='grc' dir='ltr'>θειότατον</span> <span class='ocrx_word' id='word_1_506' title='bbox 1166 3766 1431 3849; x_wconf 77' lang='grc' dir='ltr'>Γαϐριὴλ,</span> <span class='ocrx_word' id='word_1_507' title='bbox 1472 3769 1560 3824; x_wconf 84' lang='grc' dir='ltr'><strong>καὶ</strong></span> <span class='ocrx_word' id='word_1_508' title='bbox 1595 3768 1863 3846; x_wconf 66' lang='grc' dir='ltr'>φήσαντος</span> 
     </span>
    </p>
   </div>
   <div class='ocr_carea' id='block_1_74' title="bbox 172 3856 1868 3938">
    <p class='ocr_par' dir='ltr' id='par_1_74' title="bbox 172 3856 1868 3938">
     <span class='ocr_line' id='line_1_74' title="bbox 172 3856 1868 3938; baseline -0.005 -15"><span class='ocrx_word' id='word_1_509' title='bbox 172 3870 363 3938; x_wconf 71' lang='grc' dir='ltr'>αὒτῳ,</span> <span class='ocrx_word' id='word_1_510' title='bbox 435 3860 718 3919; x_wconf 84' lang='grc' dir='ltr'>Συνὲτισον</span> <span class='ocrx_word' id='word_1_511' title='bbox 792 3858 998 3915; x_wconf 71' lang='grc' dir='ltr'>ἐκεῖνον</span> <span class='ocrx_word' id='word_1_512' title='bbox 1071 3860 1171 3927; x_wconf 76' lang='grc' dir='ltr'>τὴν</span> <span class='ocrx_word' id='word_1_513' title='bbox 1240 3857 1454 3938; x_wconf 55' lang='grc' dir='ltr'>ὅρασιη</span> <span class='ocrx_word' id='word_1_514' title='bbox 1525 3861 1561 3929; x_wconf 74' lang='grc' dir='ltr'>ἥ</span> <span class='ocrx_word' id='word_1_515' title='bbox 1634 3858 1731 3913; x_wconf 80' lang='grc' dir='ltr'>ὃσα</span> <span class='ocrx_word' id='word_1_516' title='bbox 1797 3856 1868 3915; x_wconf 74' lang='grc'><strong>58</strong></span> 
     </span>
    </p>
   </div>
   <div class='ocr_carea' id='block_1_75' title="bbox 176 3947 1865 4029">
    <p class='ocr_par' dir='ltr' id='par_1_75' title="bbox 176 3947 1865 4029">
     <span class='ocr_line' id='line_1_75' title="bbox 176 3947 1865 4029; baseline -0.022 19"><span class='ocrx_word' id='word_1_517' title='bbox 176 3955 327 4011; x_wconf 51' lang='lat' dir='ltr'><strong>an:</strong></span> <span class='ocrx_word' id='word_1_518' title='bbox 390 3953 528 4029; x_wconf 63' lang='grc' dir='ltr'><strong>πρὸς</strong></span> <span class='ocrx_word' id='word_1_519' title='bbox 589 3950 696 4007; x_wconf 58' lang='grc' dir='ltr'><strong>τῶν</strong></span> <span class='ocrx_word' id='word_1_520' title='bbox 754 3952 911 4028; x_wconf 60' lang='grc' dir='ltr'>ἱερῶν</span> <span class='ocrx_word' id='word_1_521' title='bbox 969 3947 1236 4026; x_wconf 72' lang='grc' dir='ltr'>θεολόγων</span> <span class='ocrx_word' id='word_1_522' title='bbox 1294 3947 1505 4025; x_wconf 60' lang='grc' dir='ltr'>εἴρηται</span> <span class='ocrx_word' id='word_1_523' title='bbox 1578 3948 1694 4026; x_wconf 85' lang='grc' dir='ltr'>περὶ</span> <span class='ocrx_word' id='word_1_524' title='bbox 1765 3952 1865 4012; x_wconf 75' lang='grc' dir='ltr'><strong>τῆς</strong></span> 
     </span>
    </p>
   </div>
   <div class='ocr_carea' id='block_1_76' title="bbox 181 4037 1862 4121">
    <p class='ocr_par' dir='ltr' id='par_1_76' title="bbox 181 4037 1862 4121">
     <span class='ocr_line' id='line_1_76' title="bbox 181 4037 1862 4121; baseline -0.002 -26"><span class='ocrx_word' id='word_1_525' title='bbox 181 4053 292 4101; x_wconf 75' lang='grc' dir='ltr'>τῶν</span> <span class='ocrx_word' id='word_1_526' title='bbox 361 4041 621 4121; x_wconf 74' lang='grc' dir='ltr'>οὐρανίων</span> <span class='ocrx_word' id='word_1_527' title='bbox 692 4041 987 4119; x_wconf 74' lang='grc' dir='ltr'>ἱεραρχιῶν</span> <span class='ocrx_word' id='word_1_528' title='bbox 1018 4037 1278 4100; x_wconf 71' lang='grc' dir='ltr'>θεοειδοῧς</span> <span class='ocrx_word' id='word_1_529' title='bbox 1339 4038 1666 4111; x_wconf 69' lang='grc' dir='ltr'>εὖκοσμίαςς</span> <span class='ocrx_word' id='word_1_530' title='bbox 1732 4038 1862 4113; x_wconf 80' lang='grc' dir='ltr'>πρὸς</span> 
     </span>
    </p>
   </div>
   <div class='ocr_carea' id='block_1_77' title="bbox 178 4124 1861 4208">
    <p class='ocr_par' dir='ltr' id='par_1_77' title="bbox 178 4124 1861 4208">
     <span class='ocr_line' id='line_1_77' title="bbox 178 4124 1861 4208; baseline -0.004 -20"><span class='ocrx_word' id='word_1_531' title='bbox 178 4137 247 4203; x_wconf 77' lang='grc' dir='ltr'>ἦν</span> <span class='ocrx_word' id='word_1_532' title='bbox 314 4135 352 4201; x_wconf 78' lang='grc' dir='ltr'><strong>ἡ</strong></span> <span class='ocrx_word' id='word_1_533' title='bbox 414 4131 515 4198; x_wconf 72' lang='grc' dir='ltr'>τῆς</span> <span class='ocrx_word' id='word_1_534' title='bbox 549 4128 676 4208; x_wconf 84' lang='grc' dir='ltr'>παρ’</span> <span class='ocrx_word' id='word_1_535' title='bbox 709 4131 841 4205; x_wconf 65' lang='grc' dir='ltr'>ἡμῖν</span> <span class='ocrx_word' id='word_1_536' title='bbox 871 4128 1146 4208; x_wconf 80' lang='grc' dir='ltr'>ἱεραρχίας</span> <span class='ocrx_word' id='word_1_537' title='bbox 1182 4125 1410 4206; x_wconf 73' lang='grc' dir='ltr'>εὐταξίᾳ,</span> <span class='ocrx_word' id='word_1_538' title='bbox 1445 4127 1579 4182; x_wconf 73' lang='grc' dir='ltr'>κατὰ</span> <span class='ocrx_word' id='word_1_539' title='bbox 1610 4128 1671 4182; x_wconf 82' lang='grc' dir='ltr'>τὸ</span> <span class='ocrx_word' id='word_1_540' title='bbox 1702 4124 1861 4182; x_wconf 83' lang='grc' dir='ltr'>δυνα-</span> 
     </span>
    </p>
   </div>
   <div class='ocr_carea' id='block_1_78' title="bbox 182 4215 1860 4302">
    <p class='ocr_par' dir='ltr' id='par_1_78' title="bbox 182 4215 1860 4302">
     <span class='ocr_line' id='line_1_78' title="bbox 182 4215 1860 4302; baseline -0.003 -27"><span class='ocrx_word' id='word_1_541' title='bbox 182 4226 278 4281; x_wconf 71' lang='grc' dir='ltr'>τὸν</span> <span class='ocrx_word' id='word_1_542' title='bbox 316 4218 751 4302; x_wconf 64' lang='grc' dir='ltr'>ἀφομοιουμὲνη,</span> <span class='ocrx_word' id='word_1_543' title='bbox 822 4217 919 4285; x_wconf 73' lang='grc' dir='ltr'>τὴν</span> <span class='ocrx_word' id='word_1_544' title='bbox 979 4215 1273 4295; x_wconf 79' lang='grc' dir='ltr'>ἀγγελικὴν</span> <span class='ocrx_word' id='word_1_545' title='bbox 1332 4215 1643 4295; x_wconf 77' lang='grc' dir='ltr'>εὐπρέπειαν</span> <span class='ocrx_word' id='word_1_546' title='bbox 1688 4218 1761 4279; x_wconf 82' lang='grc' dir='ltr'><strong>ὡς</strong></span> <span class='ocrx_word' id='word_1_547' title='bbox 1806 4215 1860 4271; x_wconf 83' lang='grc' dir='ltr'><strong>ἐν</strong></span> 
     </span>
    </p>
   </div>
   <div class='ocr_carea' id='block_1_79' title="bbox 184 4304 1858 4388">
    <p class='ocr_par' dir='ltr' id='par_1_79' title="bbox 184 4304 1858 4388">
     <span class='ocr_line' id='line_1_79' title="bbox 184 4304 1858 4388; baseline -0.005 -18"><span class='ocrx_word' id='word_1_548' title='bbox 184 4313 395 4371; x_wconf 64' lang='grc' dir='ltr'>εἰκόσι-ι</span> <span class='ocrx_word' id='word_1_549' title='bbox 456 4308 583 4388; x_wconf 75' lang='grc' dir='ltr'>ἕξει,</span> <span class='ocrx_word' id='word_1_550' title='bbox 654 4307 961 4383; x_wconf 77' lang='grc' dir='ltr'>τυπουμένη</span> <span class='ocrx_word' id='word_1_551' title='bbox 1025 4304 1093 4363; x_wconf 78' lang='grc' dir='ltr'><strong>δι’</strong></span> <span class='ocrx_word' id='word_1_552' title='bbox 1158 4308 1346 4379; x_wconf 71' lang='grc' dir='ltr'>αὖτῆς,</span> <span class='ocrx_word' id='word_1_553' title='bbox 1407 4306 1495 4362; x_wconf 86' lang='grc' dir='ltr'><strong>καὶ</strong></span> <span class='ocrx_word' id='word_1_554' title='bbox 1551 4305 1858 4383; x_wconf 79' lang='grc' dir='ltr'>ἀναγομένη</span> 
     </span>
    </p>
   </div>
   <div class='ocr_carea' id='block_1_80' title="bbox 180 4394 1859 4483">
    <p class='ocr_par' dir='ltr' id='par_1_80' title="bbox 180 4394 1859 4483">
     <span class='ocr_line' id='line_1_80' title="bbox 180 4394 1859 4483; baseline -0.016 -22"><span class='ocrx_word' id='word_1_555' title='bbox 180 4406 323 4483; x_wconf 71' lang='grc' dir='ltr'>πρὸς</span> <span class='ocrx_word' id='word_1_556' title='bbox 398 4401 499 4468; x_wconf 67' lang='grc' dir='ltr'><strong>τὴν</strong></span> <span class='ocrx_word' id='word_1_557' title='bbox 583 4400 898 4476; x_wconf 70' lang='grc' dir='ltr'>ὑπεροῦσιον</span> <span class='ocrx_word' id='word_1_558' title='bbox 982 4395 1195 4464; x_wconf 72' lang='grc' dir='ltr'>ἁπάσης</span> <span class='ocrx_word' id='word_1_559' title='bbox 1279 4397 1548 4476; x_wconf 68' lang='grc' dir='ltr'>ἱερσρχίας</span> <span class='ocrx_word' id='word_1_560' title='bbox 1636 4394 1859 4475; x_wconf 54' lang='lat' dir='ltr'><strong>“amp-</strong></span> 
     </span>
    </p>
   </div>
   <div class='ocr_carea' id='block_1_81' title="bbox 182 4498 344 4577">
    <p class='ocr_par' dir='ltr' id='par_1_81' title="bbox 182 4498 344 4577">
     <span class='ocr_line' id='line_1_81' title="bbox 182 4498 344 4577; baseline 0 -27"><span class='ocrx_word' id='word_1_561' title='bbox 182 4498 318 4577; x_wconf 67' lang='grc' dir='ltr'>χίαν</span> <span class='ocrx_word' id='word_1_562' title='bbox 329 4541 344 4555; x_wconf 89' lang='grc'><strong>.</strong></span> 
     </span>
    </p>
   </div>
   <div class='ocr_carea' id='block_1_82' title="bbox 1947 3318 3610 3398">
    <p class='ocr_par' dir='ltr' id='par_1_82' title="bbox 1947 3318 3610 3398">
     <span class='ocr_line' id='line_1_82' title="bbox 1947 3318 3610 3398; baseline 0.001 -19"><span class='ocrx_word' id='word_1_563' title='bbox 1947 3323 2006 3379; x_wconf 87' lang='lat' dir='ltr'><strong>et</strong></span> <span class='ocrx_word' id='word_1_564' title='bbox 2015 3318 2403 3397; x_wconf 77' lang='lat' dir='ltr'><strong>percutite,et</strong></span> <span class='ocrx_word' id='word_1_565' title='bbox 2416 3320 2601 3381; x_wconf 78' lang='lat' dir='ltr'><strong>nolite</strong></span> <span class='ocrx_word' id='word_1_566' title='bbox 2610 3336 2780 3398; x_wconf 80' lang='lat' dir='ltr'><strong>parce</strong></span> <span class='ocrx_word' id='word_1_567' title='bbox 2790 3337 2850 3379; x_wconf 85' lang='lat' dir='ltr'><strong>re</strong></span> <span class='ocrx_word' id='word_1_568' title='bbox 2867 3319 3057 3380; x_wconf 78' lang='lat' dir='ltr'><strong>oculis</strong></span> <span class='ocrx_word' id='word_1_569' title='bbox 3073 3319 3395 3387; x_wconf 69' lang='lat' dir='ltr'><strong>restrismd</strong></span> <span class='ocrx_word' id='word_1_570' title='bbox 3409 3337 3610 3380; x_wconf 71' lang='lat' dir='ltr'><strong>omnes</strong></span> 
     </span>
    </p>
   </div>
   <div class='ocr_carea' id='block_1_83' title="bbox 1947 3409 3608 3489">
    <p class='ocr_par' dir='ltr' id='par_1_83' title="bbox 1947 3409 3608 3489">
     <span class='ocr_line' id='line_1_83' title="bbox 1947 3409 3608 3489; baseline 0.001 -21"><span class='ocrx_word' id='word_1_571' title='bbox 1947 3413 2154 3469; x_wconf 83' lang='lat' dir='ltr'><strong>autem</strong></span> <span class='ocrx_word' id='word_1_572' title='bbox 2175 3425 2367 3487; x_wconf 78' lang='lat' dir='ltr'><strong>super</strong></span> <span class='ocrx_word' id='word_1_573' title='bbox 2386 3426 2535 3487; x_wconf 80' lang='lat' dir='ltr'><strong>quos</strong></span> <span class='ocrx_word' id='word_1_574' title='bbox 2555 3415 2641 3471; x_wconf 76' lang='lat' dir='ltr'><strong>est</strong></span> <span class='ocrx_word' id='word_1_575' title='bbox 2662 3409 2927 3489; x_wconf 79' lang='lat' dir='ltr'><strong>signum,</strong></span> <span class='ocrx_word' id='word_1_576' title='bbox 2949 3427 3026 3470; x_wconf 77' lang='lat' dir='ltr'><strong>ne</strong></span> <span class='ocrx_word' id='word_1_577' title='bbox 3048 3411 3544 3489; x_wconf 78' lang='lat' dir='ltr'><strong>appropinquetis</strong></span> <span class='ocrx_word' id='word_1_578' title='bbox 3562 3427 3608 3470; x_wconf 63' lang='grc' dir='ltr'><strong>δ’.</strong></span> 
     </span>
    </p>
   </div>
   <div class='ocr_carea' id='block_1_84' title="bbox 1947 3495 3613 3579">
    <p class='ocr_par' dir='ltr' id='par_1_84' title="bbox 1947 3495 3613 3579">
     <span class='ocr_line' id='line_1_84' title="bbox 1947 3495 3613 3579; baseline 0.003 -24"><span class='ocrx_word' id='word_1_579' title='bbox 1947 3495 2104 3569; x_wconf 78' lang='lat' dir='ltr'><strong>Quid</strong></span> <span class='ocrx_word' id='word_1_580' title='bbox 2136 3505 2336 3557; x_wconf 89' lang='lat' dir='ltr'><strong>autem</strong></span> <span class='ocrx_word' id='word_1_581' title='bbox 2370 3496 2445 3558; x_wconf 91' lang='lat' dir='ltr'><strong>de</strong></span> <span class='ocrx_word' id='word_1_582' title='bbox 2475 3497 2580 3559; x_wconf 88' lang='lat' dir='ltr'><strong>illo</strong></span> <span class='ocrx_word' id='word_1_583' title='bbox 2611 3498 2777 3559; x_wconf 86' lang='lat' dir='ltr'><strong>dicat</strong></span> <span class='ocrx_word' id='word_1_584' title='bbox 2805 3505 2936 3579; x_wconf 91' lang='lat' dir='ltr'><strong>quis</strong></span> <span class='ocrx_word' id='word_1_585' title='bbox 2965 3499 3200 3575; x_wconf 84' lang='lat' dir='ltr'><strong>angelo,</strong></span> <span class='ocrx_word' id='word_1_586' title='bbox 3237 3502 3337 3573; x_wconf 90' lang='lat' dir='ltr'><strong>qui</strong></span> <span class='ocrx_word' id='word_1_587' title='bbox 3372 3498 3613 3561; x_wconf 83' lang='lat' dir='ltr'><strong>Danieli</strong></span> 
     </span>
    </p>
   </div>
   <div class='ocr_carea' id='block_1_85' title="bbox 1947 3584 3606 3668">
    <p class='ocr_par' dir='ltr' id='par_1_85' title="bbox 1947 3584 3606 3668">
     <span class='ocr_line' id='line_1_85' title="bbox 1947 3584 3606 3668; baseline 0.003 -22"><span class='ocrx_word' id='word_1_588' title='bbox 1947 3584 2063 3647; x_wconf 90' lang='lat' dir='ltr'><strong>ait:</strong></span> <span class='ocrx_word' id='word_1_589' title='bbox 2100 3585 2400 3665; x_wconf 79' lang='lat' dir='ltr'><strong>Egressus</strong></span> <span class='ocrx_word' id='word_1_590' title='bbox 2444 3594 2530 3649; x_wconf 80' lang='lat' dir='ltr'><strong>est</strong></span> <span class='ocrx_word' id='word_1_591' title='bbox 2560 3606 2759 3650; x_wconf 85' lang='lat' dir='ltr'><strong>sermo</strong></span> <span class='ocrx_word' id='word_1_592' title='bbox 2787 3588 2858 3649; x_wconf 74' lang='grc' dir='ltr'>Ῡι</span> <span class='ocrx_word' id='word_1_593' title='bbox 2886 3597 2985 3649; x_wconf 84' lang='lat' dir='ltr'><strong>aut</strong></span> <span class='ocrx_word' id='word_1_594' title='bbox 3014 3589 3090 3650; x_wconf 92' lang='lat' dir='ltr'><strong>de</strong></span> <span class='ocrx_word' id='word_1_595' title='bbox 3124 3588 3316 3668; x_wconf 87' lang='lat' dir='ltr'><strong>primo</strong></span> <span class='ocrx_word' id='word_1_596' title='bbox 3349 3589 3470 3663; x_wconf 89' lang='lat' dir='ltr'><strong>illo,</strong></span> <span class='ocrx_word' id='word_1_597' title='bbox 3499 3590 3606 3664; x_wconf 87' lang='lat' dir='ltr'><strong>qui</strong></span> 
     </span>
    </p>
   </div>
   <div class='ocr_carea' id='block_1_86' title="bbox 1950 3674 3614 3759">
    <p class='ocr_par' dir='ltr' id='par_1_86' title="bbox 1950 3674 3614 3759">
     <span class='ocr_line' id='line_1_86' title="bbox 1950 3674 3614 3759; baseline 0.001 -21"><span class='ocrx_word' id='word_1_598' title='bbox 1950 3676 2149 3755; x_wconf 84' lang='lat' dir='ltr'><strong>ignem</strong></span> <span class='ocrx_word' id='word_1_599' title='bbox 2188 3674 2265 3738; x_wconf 88' lang='lat' dir='ltr'><strong>de</strong></span> <span class='ocrx_word' id='word_1_600' title='bbox 2301 3677 2494 3739; x_wconf 88' lang='lat' dir='ltr'><strong>medio</strong></span> <span class='ocrx_word' id='word_1_601' title='bbox 2526 3677 2839 3739; x_wconf 83' lang='lat' dir='ltr'><strong>cherubim</strong></span> <span class='ocrx_word' id='word_1_602' title='bbox 2874 3678 3155 3759; x_wconf 86' lang='lat' dir='ltr'><strong>accepit?</strong></span> <span class='ocrx_word' id='word_1_603' title='bbox 3188 3678 3300 3752; x_wconf 86' lang='lat' dir='ltr'><strong>vel,</strong></span> <span class='ocrx_word' id='word_1_604' title='bbox 3327 3678 3486 3757; x_wconf 84' lang='lat' dir='ltr'><strong>quod</strong></span> <span class='ocrx_word' id='word_1_605' title='bbox 3508 3697 3614 3739; x_wconf 89' lang='lat' dir='ltr'><strong>an-</strong></span> 
     </span>
    </p>
   </div>
   <div class='ocr_carea' id='block_1_87' title="bbox 1949 3765 3613 3846">
    <p class='ocr_par' dir='ltr' id='par_1_87' title="bbox 1949 3765 3613 3846">
     <span class='ocr_line' id='line_1_87' title="bbox 1949 3765 3613 3846; baseline 0.003 -19"><span class='ocrx_word' id='word_1_606' title='bbox 1949 3766 2200 3846; x_wconf 88' lang='lat' dir='ltr'><strong>gelicam</strong></span> <span class='ocrx_word' id='word_1_607' title='bbox 2260 3765 2622 3829; x_wconf 87' lang='lat' dir='ltr'><strong>luculentius</strong></span> <span class='ocrx_word' id='word_1_608' title='bbox 2683 3768 2998 3831; x_wconf 83' lang='lat' dir='ltr'><strong>conﬁrmat</strong></span> <span class='ocrx_word' id='word_1_609' title='bbox 3031 3768 3503 3843; x_wconf 88' lang='lat' dir='ltr'><strong>distinctionem,</strong></span> <span class='ocrx_word' id='word_1_610' title='bbox 3540 3769 3613 3833; x_wconf 88' lang='lat' dir='ltr'><strong>de</strong></span> 
     </span>
    </p>
   </div>
   <div class='ocr_carea' id='block_1_88' title="bbox 1951 3855 3611 3938">
    <p class='ocr_par' dir='ltr' id='par_1_88' title="bbox 1951 3855 3611 3938">
     <span class='ocr_line' id='line_1_88' title="bbox 1951 3855 3611 3938; baseline 0.001 -21"><span class='ocrx_word' id='word_1_611' title='bbox 1951 3855 2264 3918; x_wconf 90' lang='lat' dir='ltr'><strong>cherubim</strong></span> <span class='ocrx_word' id='word_1_612' title='bbox 2297 3857 2499 3935; x_wconf 86' lang='lat' dir='ltr'><strong>ignem</strong></span> <span class='ocrx_word' id='word_1_613' title='bbox 2536 3860 2849 3937; x_wconf 89' lang='lat' dir='ltr'><strong>ingerente</strong></span> <span class='ocrx_word' id='word_1_614' title='bbox 2881 3858 2941 3919; x_wconf 92' lang='lat' dir='ltr'><strong>in</strong></span> <span class='ocrx_word' id='word_1_615' title='bbox 2976 3877 3185 3919; x_wconf 90' lang='lat' dir='ltr'><strong>manus</strong></span> <span class='ocrx_word' id='word_1_616' title='bbox 3213 3858 3342 3937; x_wconf 87' lang='lat' dir='ltr'><strong>ejus</strong></span> <span class='ocrx_word' id='word_1_617' title='bbox 3372 3858 3471 3938; x_wconf 91' lang='lat' dir='ltr'><strong>qui</strong></span> <span class='ocrx_word' id='word_1_618' title='bbox 3495 3866 3611 3919; x_wconf 82' lang='lat' dir='ltr'><strong>sto-</strong></span> 
     </span>
    </p>
   </div>
   <div class='ocr_carea' id='block_1_89' title="bbox 1951 3946 3608 4028">
    <p class='ocr_par' dir='ltr' id='par_1_89' title="bbox 1951 3946 3608 4028">
     <span class='ocr_line' id='line_1_89' title="bbox 1951 3946 3608 4028; baseline 0.001 -19"><span class='ocrx_word' id='word_1_619' title='bbox 1951 3946 2068 4009; x_wconf 79' lang='lat' dir='ltr'><strong>iam</strong></span> <span class='ocrx_word' id='word_1_620' title='bbox 2097 3955 2360 4009; x_wconf 86' lang='lat' dir='ltr'><strong>sanctam</strong></span> <span class='ocrx_word' id='word_1_621' title='bbox 2387 3948 2631 4009; x_wconf 89' lang='lat' dir='ltr'><strong>indutus</strong></span> <span class='ocrx_word' id='word_1_622' title='bbox 2656 3954 2820 4010; x_wconf 86' lang='lat' dir='ltr'><strong>erat?</strong></span> <span class='ocrx_word' id='word_1_623' title='bbox 2850 3957 2951 4009; x_wconf 90' lang='lat' dir='ltr'><strong>aut</strong></span> <span class='ocrx_word' id='word_1_624' title='bbox 2978 3950 3050 4011; x_wconf 88' lang='lat' dir='ltr'><strong>de</strong></span> <span class='ocrx_word' id='word_1_625' title='bbox 3081 3948 3184 4010; x_wconf 87' lang='lat' dir='ltr'><strong>illo</strong></span> <span class='ocrx_word' id='word_1_626' title='bbox 3218 3947 3320 4028; x_wconf 90' lang='lat' dir='ltr'><strong>qui</strong></span> <span class='ocrx_word' id='word_1_627' title='bbox 3349 3947 3608 4011; x_wconf 88' lang='lat' dir='ltr'><strong>Gabrieli</strong></span> 
     </span>
    </p>
   </div>
   <div class='ocr_carea' id='block_1_90' title="bbox 1948 4035 3607 4119">
    <p class='ocr_par' dir='ltr' id='par_1_90' title="bbox 1948 4035 3607 4119">
     <span class='ocr_line' id='line_1_90' title="bbox 1948 4035 3607 4119; baseline 0.002 -22"><span class='ocrx_word' id='word_1_628' title='bbox 1948 4035 2344 4119; x_wconf 87' lang='lat' dir='ltr'><strong>divinissimo,</strong></span> <span class='ocrx_word' id='word_1_629' title='bbox 2362 4058 2497 4100; x_wconf 91' lang='lat' dir='ltr'><strong>cum</strong></span> <span class='ocrx_word' id='word_1_630' title='bbox 2521 4057 2657 4101; x_wconf 88' lang='lat' dir='ltr'><strong>eum</strong></span> <span class='ocrx_word' id='word_1_631' title='bbox 2681 4038 3059 4113; x_wconf 87' lang='lat' dir='ltr'><strong>accersisset,</strong></span> <span class='ocrx_word' id='word_1_632' title='bbox 3078 4039 3260 4101; x_wconf 86' lang='lat' dir='ltr'><strong>dixit:</strong></span> <span class='ocrx_word' id='word_1_633' title='bbox 3297 4040 3411 4100; x_wconf 78' lang='lat' dir='ltr'><strong>Fac</strong></span> <span class='ocrx_word' id='word_1_634' title='bbox 3433 4037 3607 4100; x_wconf 75' lang='lat' dir='ltr'><strong>illum</strong></span> 
     </span>
    </p>
   </div>
   <div class='ocr_carea' id='block_1_91' title="bbox 1946 4126 3606 4209">
    <p class='ocr_par' dir='ltr' id='par_1_91' title="bbox 1946 4126 3606 4209">
     <span class='ocr_line' id='line_1_91' title="bbox 1946 4126 3606 4209; baseline 0.001 -20"><span class='ocrx_word' id='word_1_635' title='bbox 1946 4126 2310 4206; x_wconf 69' lang='lat' dir='ltr'><strong>intelligere</strong></span> <span class='ocrx_word' id='word_1_636' title='bbox 2326 4128 2810 4191; x_wconf 54' lang='lat' dir='ltr'><strong>visione-manat</strong></span> <span class='ocrx_word' id='word_1_637' title='bbox 2829 4128 2904 4190; x_wconf 94' lang='lat' dir='ltr'><strong>de</strong></span> <span class='ocrx_word' id='word_1_638' title='bbox 2926 4129 3200 4190; x_wconf 85' lang='lat' dir='ltr'><strong>omnibus</strong></span> <span class='ocrx_word' id='word_1_639' title='bbox 3214 4128 3369 4207; x_wconf 86' lang='lat' dir='ltr'><strong>aliis,</strong></span> <span class='ocrx_word' id='word_1_640' title='bbox 3386 4147 3516 4209; x_wconf 62' lang='lat' dir='ltr'><strong>qua:</strong></span> <span class='ocrx_word' id='word_1_641' title='bbox 3532 4129 3606 4191; x_wconf 91' lang='lat' dir='ltr'><strong>de</strong></span> 
     </span>
    </p>
   </div>
   <div class='ocr_carea' id='block_1_92' title="bbox 1945 4217 3605 4299">
    <p class='ocr_par' dir='ltr' id='par_1_92' title="bbox 1945 4217 3605 4299">
     <span class='ocr_line' id='line_1_92' title="bbox 1945 4217 3605 4299; baseline 0.001 -21"><span class='ocrx_word' id='word_1_642' title='bbox 1945 4217 2281 4280; x_wconf 54' lang='lat' dir='ltr'><strong>caelestium</strong></span> <span class='ocrx_word' id='word_1_643' title='bbox 2313 4219 2525 4281; x_wconf 86' lang='lat' dir='ltr'><strong>ordine</strong></span> <span class='ocrx_word' id='word_1_644' title='bbox 2550 4219 3026 4284; x_wconf 87' lang='lat' dir='ltr'><strong>hicrarchiarum</strong></span> <span class='ocrx_word' id='word_1_645' title='bbox 3062 4238 3304 4299; x_wconf 89' lang='lat' dir='ltr'><strong>prorsus</strong></span> <span class='ocrx_word' id='word_1_646' title='bbox 3327 4218 3605 4280; x_wconf 88' lang='lat' dir='ltr'><strong>deiformi</strong></span> 
     </span>
    </p>
   </div>
   <div class='ocr_carea' id='block_1_93' title="bbox 1942 4306 3604 4388">
    <p class='ocr_par' dir='ltr' id='par_1_93' title="bbox 1942 4306 3604 4388">
     <span class='ocr_line' id='line_1_93' title="bbox 1942 4306 3604 4388; baseline 0.001 -20"><span class='ocrx_word' id='word_1_647' title='bbox 1942 4324 1977 4368; x_wconf 72' lang='grc' dir='ltr'><strong>ο</strong></span> <span class='ocrx_word' id='word_1_648' title='bbox 2009 4306 2195 4369; x_wconf 81' lang='lat' dir='ltr'><strong>sacris</strong></span> <span class='ocrx_word' id='word_1_649' title='bbox 2228 4315 2367 4370; x_wconf 89' lang='lat' dir='ltr'><strong>sunt</strong></span> <span class='ocrx_word' id='word_1_650' title='bbox 2399 4309 2693 4388; x_wconf 89' lang='lat' dir='ltr'><strong>theologis</strong></span> <span class='ocrx_word' id='word_1_651' title='bbox 2754 4319 3222 4371; x_wconf 87' lang='lat' dir='ltr'><strong>commemorata</strong></span> <span class='ocrx_word' id='word_1_652' title='bbox 3246 4316 3272 4370; x_wconf 84' lang='lat'><strong>?</strong></span> <span class='ocrx_word' id='word_1_653' title='bbox 3326 4308 3399 4369; x_wconf 90' lang='lat' dir='ltr'><strong>ad</strong></span> <span class='ocrx_word' id='word_1_654' title='bbox 3434 4309 3604 4387; x_wconf 88' lang='lat' dir='ltr'><strong>cujus</strong></span> 
     </span>
    </p>
   </div>
   <div class='ocr_carea' id='block_1_94' title="bbox 1942 4395 3602 4475">
    <p class='ocr_par' dir='ltr' id='par_1_94' title="bbox 1942 4395 3602 4475">
     <span class='ocr_line' id='line_1_94' title="bbox 1942 4395 3602 4475; baseline 0.001 -18"><span class='ocrx_word' id='word_1_655' title='bbox 1942 4395 2151 4473; x_wconf 88' lang='lat' dir='ltr'><strong>utique</strong></span> <span class='ocrx_word' id='word_1_656' title='bbox 2183 4397 2497 4475; x_wconf 88' lang='lat' dir='ltr'><strong>imaginem</strong></span> <span class='ocrx_word' id='word_1_657' title='bbox 2531 4400 2579 4459; x_wconf 91' lang='lat' dir='ltr'><strong>si</strong></span> <span class='ocrx_word' id='word_1_658' title='bbox 2611 4416 2782 4460; x_wconf 88' lang='lat' dir='ltr'><strong>sacer</strong></span> <span class='ocrx_word' id='word_1_659' title='bbox 2814 4398 2907 4458; x_wconf 88' lang='lat' dir='ltr'><strong>hic</strong></span> <span class='ocrx_word' id='word_1_660' title='bbox 2940 4399 3086 4459; x_wconf 88' lang='lat' dir='ltr'><strong>ordo</strong></span> <span class='ocrx_word' id='word_1_661' title='bbox 3119 4409 3325 4460; x_wconf 89' lang='lat' dir='ltr'><strong>noster</strong></span> <span class='ocrx_word' id='word_1_662' title='bbox 3352 4415 3417 4458; x_wconf 90' lang='lat' dir='ltr'><strong>se</strong></span> <span class='ocrx_word' id='word_1_663' title='bbox 3441 4416 3602 4459; x_wconf 89' lang='lat' dir='ltr'><strong>com-</strong></span> 
     </span>
    </p>
   </div>
   <div class='ocr_carea' id='block_1_95' title="bbox 1944 4486 3595 4569">
    <p class='ocr_par' dir='ltr' id='par_1_95' title="bbox 1944 4486 3595 4569">
     <span class='ocr_line' id='line_1_95' title="bbox 1944 4486 3595 4569; baseline 0.001 -22"><span class='ocrx_word' id='word_1_664' title='bbox 1944 4493 2144 4566; x_wconf 87' lang='lat' dir='ltr'><strong>ponat,</strong></span> <span class='ocrx_word' id='word_1_665' title='bbox 2173 4487 2376 4566; x_wconf 91' lang='lat' dir='ltr'><strong>eique,</strong></span> <span class='ocrx_word' id='word_1_666' title='bbox 2400 4496 2686 4569; x_wconf 87' lang='lat' dir='ltr'><strong>quantum</strong></span> <span class='ocrx_word' id='word_1_667' title='bbox 2723 4486 3349 4568; x_wconf 87' lang='lat' dir='ltr'><strong>potest,assimiletur,</strong></span> <span class='ocrx_word' id='word_1_668' title='bbox 3375 4487 3595 4565; x_wconf 73' lang='lat' dir='ltr'><strong>angeli-</strong></span> 
     </span>
    </p>
   </div>
   <div class='ocr_carea' id='block_1_96' title="bbox 185 4572 3569 4718">
    <p class='ocr_par' dir='ltr' id='par_1_96' title="bbox 185 4572 3569 4718">
     <span class='ocr_line' id='line_1_96' title="bbox 185 4572 3569 4718; baseline -0.002 -72"><span class='ocrx_word' id='word_1_669' title='bbox 185 4572 325 4646; x_wconf 68' lang='lat' dir='ltr'><strong>cum</strong></span> <span class='ocrx_word' id='word_1_670' title='bbox 362 4576 628 4659; x_wconf 86' lang='lat' dir='ltr'><strong>profecto</strong></span> <span class='ocrx_word' id='word_1_671' title='bbox 659 4574 942 4637; x_wconf 90' lang='lat' dir='ltr'><strong>decorem</strong></span> <span class='ocrx_word' id='word_1_672' title='bbox 974 4574 1142 4637; x_wconf 91' lang='lat' dir='ltr'><strong>illum</strong></span> <span class='ocrx_word' id='word_1_673' title='bbox 1176 4573 1332 4636; x_wconf 80' lang='lat' dir='ltr'><strong>velut</strong></span> <span class='ocrx_word' id='word_1_674' title='bbox 1356 4572 1416 4635; x_wconf 90' lang='lat' dir='ltr'><strong>in</strong></span> <span class='ocrx_word' id='word_1_675' title='bbox 1448 4573 1655 4653; x_wconf 86' lang='lat' dir='ltr'><strong>ﬁguris</strong></span> <span class='ocrx_word' id='word_1_676' title='bbox 1710 4574 2028 4718; x_wconf 59' lang='lat' dir='ltr'><strong>exprimet,</strong></span> <span class='ocrx_word' id='word_1_677' title='bbox 2089 4576 2343 4640; x_wconf 87' lang='lat' dir='ltr'><strong>formam</strong></span> <span class='ocrx_word' id='word_1_678' title='bbox 2377 4578 2513 4642; x_wconf 87' lang='lat' dir='ltr'><strong>inde</strong></span> <span class='ocrx_word' id='word_1_679' title='bbox 2543 4579 2784 4659; x_wconf 82' lang='lat' dir='ltr'><strong>capiens</strong></span> <span class='ocrx_word' id='word_1_680' title='bbox 2816 4598 2832 4658; x_wconf 89' lang='lat'><strong>;</strong></span> <span class='ocrx_word' id='word_1_681' title='bbox 2867 4594 2936 4639; x_wconf 82' lang='lat' dir='ltr'><strong>.tc</strong></span> <span class='ocrx_word' id='word_1_682' title='bbox 2968 4595 3075 4660; x_wconf 82' lang='lat' dir='ltr'><strong>per</strong></span> <span class='ocrx_word' id='word_1_683' title='bbox 3105 4596 3243 4641; x_wconf 88' lang='lat' dir='ltr'><strong>eum</strong></span> <span class='ocrx_word' id='word_1_684' title='bbox 3278 4576 3354 4640; x_wconf 84' lang='lat' dir='ltr'><strong>ad</strong></span> <span class='ocrx_word' id='word_1_685' title='bbox 3385 4595 3569 4658; x_wconf 89' lang='lat' dir='ltr'><strong>supe-</strong></span> 
     </span>
     <span class='ocr_line' id='line_1_97' title="bbox 188 4654 1972 4718; baseline 0 0"><span class='ocrx_word' id='word_1_686' title='bbox 188 4657 607 4718; x_wconf 80' lang='lat' dir='ltr'><strong>ressentialem</strong></span> <span class='ocrx_word' id='word_1_687' title='bbox 641 4656 838 4718; x_wconf 90' lang='lat' dir='ltr'><strong>omnis</strong></span> <span class='ocrx_word' id='word_1_688' title='bbox 868 4658 1024 4718; x_wconf 87' lang='lat' dir='ltr'><strong>sacri</strong></span> <span class='ocrx_word' id='word_1_689' title='bbox 1047 4654 1277 4718; x_wconf 86' lang='lat' dir='ltr'><strong>ordinis</strong></span> <span class='ocrx_word' id='word_1_690' title='bbox 1307 4654 1603 4718; x_wconf 72' lang='lat' dir='ltr'><strong>originem</strong></span> <span class='ocrx_word' id='word_1_691' title='bbox 1638 4656 1779 4718; x_wconf 86' lang='lat' dir='ltr'><strong>attol</strong></span> <span class='ocrx_word' id='word_1_692' title='bbox 1809 4661 1972 4718; x_wconf 88' lang='lat' dir='ltr'><strong>etur.</strong></span> 
     </span>
    </p>
   </div>
   <div class='ocr_carea' id='block_1_97' title="bbox 188 4654 1779 4737">
    <p class='ocr_par' dir='ltr' id='par_1_97' title="bbox 188 4654 1779 4737">
     <span class='ocr_line' id='line_1_98' title="bbox 188 4654 1779 4737; baseline -0.006 -10"><span class='ocrx_word' id='word_1_693' title='bbox 188 4654 607 4727; x_wconf 79' lang='lat' dir='ltr'><strong>ressentialem</strong></span> <span class='ocrx_word' id='word_1_694' title='bbox 641 4656 838 4719; x_wconf 90' lang='lat' dir='ltr'><strong>omnis</strong></span> <span class='ocrx_word' id='word_1_695' title='bbox 868 4658 1024 4720; x_wconf 88' lang='lat' dir='ltr'><strong>sacri</strong></span> <span class='ocrx_word' id='word_1_696' title='bbox 1047 4654 1277 4719; x_wconf 85' lang='lat' dir='ltr'><strong>ordinis</strong></span> <span class='ocrx_word' id='word_1_697' title='bbox 1307 4654 1603 4737; x_wconf 87' lang='lat' dir='ltr'><strong>originem</strong></span> <span class='ocrx_word' id='word_1_698' title='bbox 1638 4656 1779 4718; x_wconf 86' lang='lat' dir='ltr'><strong>attol</strong></span> 
     </span>
    </p>
   </div>
   <div class='ocr_carea' id='block_1_98' title="bbox 1809 4661 1972 4721">
    <p class='ocr_par' dir='ltr' id='par_1_98' title="bbox 1809 4661 1972 4721">
     <span class='ocr_line' id='line_1_99' title="bbox 1809 4661 1972 4721; baseline 0 -2"><span class='ocrx_word' id='word_1_699' title='bbox 1809 4661 1972 4721; x_wconf 87' lang='lat' dir='ltr'><strong>etur.</strong></span> 
     </span>
    </p>
   </div>
   <div class='ocr_carea' id='block_1_99' title="bbox 1297 4915 2501 4990">
    <p class='ocr_par' dir='ltr' id='par_1_99' title="bbox 1297 4915 2501 4990">
     <span class='ocr_line' id='line_1_100' title="bbox 1297 4915 2501 4990; baseline 0.006 -12"><span class='ocrx_word' id='word_1_700' title='bbox 1297 4917 1396 4979; x_wconf 82' lang='grc'><strong>76</strong></span> <span class='ocrx_word' id='word_1_701' title='bbox 1456 4915 2052 4986; x_wconf 85' lang='lat' dir='ltr'><strong>ADNOTATIONES</strong></span> <span class='ocrx_word' id='word_1_702' title='bbox 2097 4923 2501 4990; x_wconf 80' lang='lat' dir='ltr'><strong>CORDERII.</strong></span> 
     </span>
    </p>
   </div>
   <div class='ocr_carea' id='block_1_100' title="bbox 257 5077 3593 5161">
    <p class='ocr_par' dir='ltr' id='par_1_100' title="bbox 257 5077 3593 5161">
     <span class='ocr_line' id='line_1_101' title="bbox 257 5077 3593 5161; baseline 0 -18"><span class='ocrx_word' id='word_1_703' title='bbox 257 5089 286 5159; x_wconf 66' lang='grc' dir='ltr'><strong>ε</strong></span> <span class='ocrx_word' id='word_1_704' title='bbox 318 5088 364 5144; x_wconf 88' lang='lat' dir='ltr'><strong>I.</strong></span> <span class='ocrx_word' id='word_1_705' title='bbox 407 5082 695 5161; x_wconf 76' lang='lat' dir='ltr'><strong>Describit</strong></span> <span class='ocrx_word' id='word_1_706' title='bbox 727 5080 971 5161; x_wconf 72' lang='lat' dir='ltr'><strong>mediam</strong></span> <span class='ocrx_word' id='word_1_707' title='bbox 1003 5077 1390 5161; x_wconf 79' lang='lat' dir='ltr'><strong>hierarcbiam</strong></span> <span class='ocrx_word' id='word_1_708' title='bbox 1430 5093 1553 5161; x_wconf 78' lang='lat' dir='ltr'><strong>quae</strong></span> <span class='ocrx_word' id='word_1_709' title='bbox 1586 5081 1843 5161; x_wconf 73' lang='lat' dir='ltr'><strong>continet</strong></span> <span class='ocrx_word' id='word_1_710' title='bbox 1870 5081 2313 5155; x_wconf 73' lang='lat' dir='ltr'><strong>dominationes,</strong></span> <span class='ocrx_word' id='word_1_711' title='bbox 2339 5096 2645 5160; x_wconf 85' lang='lat' dir='ltr'><strong>potestates</strong></span> <span class='ocrx_word' id='word_1_712' title='bbox 2693 5095 2863 5161; x_wconf 86' lang='lat' dir='ltr'><strong>atque</strong></span> <span class='ocrx_word' id='word_1_713' title='bbox 2906 5085 3161 5153; x_wconf 87' lang='lat' dir='ltr'><strong>virtutes,</strong></span> <span class='ocrx_word' id='word_1_714' title='bbox 3200 5095 3253 5144; x_wconf 90' lang='lat' dir='ltr'><strong>et</strong></span> <span class='ocrx_word' id='word_1_715' title='bbox 3292 5086 3593 5160; x_wconf 83' lang='lat' dir='ltr'><strong>mysticam</strong></span> 
     </span>
    </p>
   </div>
   <div class='ocr_carea' id='block_1_101' title="bbox 192 5152 1874 5226">
    <p class='ocr_par' dir='ltr' id='par_1_101' title="bbox 192 5152 1874 5226">
     <span class='ocr_line' id='line_1_102' title="bbox 192 5152 1874 5226; baseline -0.004 -9"><span class='ocrx_word' id='word_1_716' title='bbox 192 5152 483 5226; x_wconf 71' lang='lat' dir='ltr'><strong>cuiusque</strong></span> <span class='ocrx_word' id='word_1_717' title='bbox 511 5153 1046 5226; x_wconf 81' lang='lat' dir='ltr'><strong>interpretationem</strong></span> <span class='ocrx_word' id='word_1_718' title='bbox 1076 5164 1143 5206; x_wconf 78' lang='lat' dir='ltr'><strong>ac</strong></span> <span class='ocrx_word' id='word_1_719' title='bbox 1189 5152 1592 5226; x_wconf 79' lang='lat' dir='ltr'><strong>proprietatem</strong></span> <span class='ocrx_word' id='word_1_720' title='bbox 1612 5155 1874 5226; x_wconf 78' lang='lat' dir='ltr'><strong>exponit.</strong></span> 
     </span>
    </p>
   </div>
   <div class='ocr_carea' id='block_1_102' title="bbox 310 5223 3591 5305">
    <p class='ocr_par' dir='ltr' id='par_1_102' title="bbox 310 5223 3591 5305">
     <span class='ocr_line' id='line_1_103' title="bbox 310 5223 3591 5305; baseline -0.001 -16"><span class='ocrx_word' id='word_1_721' title='bbox 310 5223 707 5289; x_wconf 81' lang='lat' dir='ltr'><strong>ominatiooes</strong></span> <span class='ocrx_word' id='word_1_722' title='bbox 733 5235 918 5285; x_wconf 86' lang='lat' dir='ltr'><strong>autem</strong></span> <span class='ocrx_word' id='word_1_723' title='bbox 953 5223 1243 5291; x_wconf 86' lang='lat' dir='ltr'><strong>dicuntur,</strong></span> <span class='ocrx_word' id='word_1_724' title='bbox 1276 5223 1409 5294; x_wconf 88' lang='lat' dir='ltr'><strong>quia</strong></span> <span class='ocrx_word' id='word_1_725' title='bbox 1441 5224 1658 5281; x_wconf 73' lang='lat' dir='ltr'><strong>caeteris</strong></span> <span class='ocrx_word' id='word_1_726' title='bbox 1690 5226 1912 5297; x_wconf 82' lang='lat' dir='ltr'><strong>angelis</strong></span> <span class='ocrx_word' id='word_1_727' title='bbox 1966 5228 2355 5301; x_wconf 82' lang='lat' dir='ltr'><strong>dominantur.</strong></span> <span class='ocrx_word' id='word_1_728' title='bbox 2391 5241 2444 5291; x_wconf 89' lang='lat' dir='ltr'><strong>et</strong></span> <span class='ocrx_word' id='word_1_729' title='bbox 2475 5232 2544 5291; x_wconf 86' lang='lat' dir='ltr'><strong>ab</strong></span> <span class='ocrx_word' id='word_1_730' title='bbox 2576 5230 2731 5291; x_wconf 86' lang='lat' dir='ltr'><strong>omni</strong></span> <span class='ocrx_word' id='word_1_731' title='bbox 2768 5229 3140 5305; x_wconf 85' lang='lat' dir='ltr'><strong>oppressione</strong></span> <span class='ocrx_word' id='word_1_732' title='bbox 3198 5238 3336 5289; x_wconf 90' lang='lat' dir='ltr'><strong>sunt</strong></span> <span class='ocrx_word' id='word_1_733' title='bbox 3372 5229 3591 5301; x_wconf 66' lang='lat' dir='ltr'><strong>liberas,</strong></span> 
     </span>
    </p>
   </div>
   <div class='ocr_carea' id='block_1_103' title="bbox 267 5376 2190 5461">
    <p class='ocr_par' dir='ltr' id='par_1_103' title="bbox 267 5376 2190 5461">
     <span class='ocr_line' id='line_1_104' title="bbox 267 5376 2190 5461; baseline 0.003 -19"><span class='ocrx_word' id='word_1_734' title='bbox 267 5394 296 5427; x_wconf 78' lang='grc' dir='ltr'><strong><em>ι</em></strong></span> <span class='ocrx_word' id='word_1_735' title='bbox 328 5379 551 5443; x_wconf 85' lang='lat' dir='ltr'><strong>Ezech.</strong></span> <span class='ocrx_word' id='word_1_736' title='bbox 588 5397 647 5444; x_wconf 83' lang='lat' dir='ltr'><strong>x.</strong></span> <span class='ocrx_word' id='word_1_737' title='bbox 680 5392 705 5437; x_wconf 67' lang='grc' dir='ltr'><strong>ν</strong></span> <span class='ocrx_word' id='word_1_738' title='bbox 736 5378 950 5441; x_wconf 88' lang='lat' dir='ltr'><strong>Esecb.</strong></span> <span class='ocrx_word' id='word_1_739' title='bbox 984 5394 1074 5461; x_wconf 80' lang='lat' dir='ltr'><strong>1x,</strong></span> <span class='ocrx_word' id='word_1_740' title='bbox 1100 5376 1160 5440; x_wconf 87' lang='lat'><strong>5.</strong></span> <span class='ocrx_word' id='word_1_741' title='bbox 1194 5385 1216 5417; x_wconf 80' lang='grc'>⁸</span> <span class='ocrx_word' id='word_1_742' title='bbox 1253 5376 1401 5440; x_wconf 89' lang='lat' dir='ltr'><strong>Dan.</strong></span> <span class='ocrx_word' id='word_1_743' title='bbox 1436 5392 1522 5459; x_wconf 80' lang='lat' dir='ltr'><strong>1x,</strong></span> <span class='ocrx_word' id='word_1_744' title='bbox 1556 5376 1656 5441; x_wconf 83' lang='lat'><strong>23.</strong></span> <span class='ocrx_word' id='word_1_745' title='bbox 1688 5391 1713 5425; x_wconf 76' lang='grc' dir='ltr'>ι</span> <span class='ocrx_word' id='word_1_746' title='bbox 1744 5381 1888 5443; x_wconf 86' lang='lat' dir='ltr'><strong>Dan.</strong></span> <span class='ocrx_word' id='word_1_747' title='bbox 1929 5392 2053 5446; x_wconf 82' lang='lat' dir='ltr'><strong>VIII.</strong></span> <span class='ocrx_word' id='word_1_748' title='bbox 2091 5383 2190 5447; x_wconf 82' lang='grc'><strong>16.</strong></span> 
     </span>
    </p>
   </div>
   <div class='ocr_carea' id='block_1_104' title="bbox 1530 5536 2269 5613">
    <p class='ocr_par' dir='ltr' id='par_1_104' title="bbox 1530 5536 2269 5613">
     <span class='ocr_line' id='line_1_105' title="bbox 1530 5536 2269 5613; baseline 0.015 -11"><span class='ocrx_word' id='word_1_749' title='bbox 1530 5536 1785 5604; x_wconf 71' lang='lat' dir='ltr'><strong>VARIlE</strong></span> <span class='ocrx_word' id='word_1_750' title='bbox 1838 5542 2269 5613; x_wconf 84' lang='lat' dir='ltr'><strong>LECTIONES.</strong></span> 
     </span>
    </p>
   </div>
   <div class='ocr_carea' id='block_1_105' title="bbox 262 5672 2987 5762">
    <p class='ocr_par' dir='ltr' id='par_1_105' title="bbox 262 5672 2987 5762">
     <span class='ocr_line' id='line_1_106' title="bbox 262 5672 2987 5762; baseline -0.001 -23"><span class='ocrx_word' id='word_1_751' title='bbox 262 5679 336 5731; x_wconf 66' lang='grc' dir='ltr'>δθ</span> <span class='ocrx_word' id='word_1_752' title='bbox 390 5676 603 5762; x_wconf 25' lang='lat' dir='ltr'><strong>Chal).</strong></span> <span class='ocrx_word' id='word_1_753' title='bbox 746 5676 1034 5762; x_wconf 72' lang='grc' dir='ltr'>ἐπανῆγεν.</span> <span class='ocrx_word' id='word_1_754' title='bbox 1092 5674 1151 5762; x_wconf 56' lang='grc' dir='ltr'><strong>ξεί</strong></span> <span class='ocrx_word' id='word_1_755' title='bbox 1203 5672 1673 5762; x_wconf 49' lang='lat' dir='ltr'><strong>articulummnon</strong></span> <span class='ocrx_word' id='word_1_756' title='bbox 1702 5676 1883 5762; x_wconf 77' lang='lat' dir='ltr'><strong>habet</strong></span> <span class='ocrx_word' id='word_1_757' title='bbox 2019 5698 2103 5751; x_wconf 67' lang='lat' dir='ltr'><strong>et,</strong></span> <span class='ocrx_word' id='word_1_758' title='bbox 2140 5693 2203 5753; x_wconf 82' lang='lat' dir='ltr'><strong>P,</strong></span> <span class='ocrx_word' id='word_1_759' title='bbox 2261 5686 2324 5737; x_wconf 64' lang='lat'><strong>52</strong></span> <span class='ocrx_word' id='word_1_760' title='bbox 2353 5685 2423 5761; x_wconf 58' lang='lat' dir='ltr'><strong>D’</strong></span> <span class='ocrx_word' id='word_1_761' title='bbox 2458 5685 2779 5753; x_wconf 70' lang='grc' dir='ltr'>ἀπάντησιν,</span> <span class='ocrx_word' id='word_1_762' title='bbox 2833 5683 2898 5735; x_wconf 76' lang='lat'><strong>53</strong></span> <span class='ocrx_word' id='word_1_763' title='bbox 2924 5704 2987 5762; x_wconf 89' lang='grc' dir='ltr'><strong>γρ</strong></span> 
     </span>
    </p>
   </div>
   <div class='ocr_carea' id='block_1_106' title="bbox 2998 5680 3576 5757">
    <p class='ocr_par' dir='ltr' id='par_1_106' title="bbox 2998 5680 3576 5757">
     <span class='ocr_line' id='line_1_107' title="bbox 2998 5680 3576 5757; baseline -0.016 -14"><span class='ocrx_word' id='word_1_764' title='bbox 2998 5725 3011 5743; x_wconf 89' lang='grc'><strong>.</strong></span> <span class='ocrx_word' id='word_1_765' title='bbox 3044 5686 3174 5741; x_wconf 78' lang='grc' dir='ltr'>τ’ὒν.</span> <span class='ocrx_word' id='word_1_766' title='bbox 3247 5680 3311 5731; x_wconf 66' lang='grc'>54</span> <span class='ocrx_word' id='word_1_767' title='bbox 3340 5703 3576 5757; x_wconf 78' lang='grc' dir='ltr'>στρατη-</span> 
     </span>
    </p>
   </div>
   <div class='ocr_carea' id='block_1_107' title="bbox 188 5752 3493 5844">
    <p class='ocr_par' dir='ltr' id='par_1_107' title="bbox 188 5752 3493 5844">
     <span class='ocr_line' id='line_1_108' title="bbox 188 5752 3493 5844; baseline 0.002 -26"><span class='ocrx_word' id='word_1_768' title='bbox 188 5764 350 5842; x_wconf 72' lang='grc' dir='ltr'>γική,</span> <span class='ocrx_word' id='word_1_769' title='bbox 391 5762 465 5821; x_wconf 81' lang='grc' dir='ltr'><strong>Μ.</strong></span> <span class='ocrx_word' id='word_1_770' title='bbox 498 5759 601 5823; x_wconf 89' lang='lat' dir='ltr'><strong>Sc.</strong></span> <span class='ocrx_word' id='word_1_771' title='bbox 660 5758 727 5811; x_wconf 70' lang='lat'><strong>55</strong></span> <span class='ocrx_word' id='word_1_772' title='bbox 755 5752 1042 5821; x_wconf 84' lang='lat' dir='ltr'><strong>articulus</strong></span> <span class='ocrx_word' id='word_1_773' title='bbox 1072 5756 1244 5821; x_wconf 85' lang='lat' dir='ltr'><strong>deest</strong></span> <span class='ocrx_word' id='word_1_774' title='bbox 1267 5754 1331 5818; x_wconf 88' lang='lat' dir='ltr'><strong>in</strong></span> <span class='ocrx_word' id='word_1_775' title='bbox 1361 5754 1440 5818; x_wconf 81' lang='grc' dir='ltr'><strong>Μ.</strong></span> <span class='ocrx_word' id='word_1_776' title='bbox 1499 5752 1567 5808; x_wconf 66' lang='lat'><strong><em>56</em></strong></span> <span class='ocrx_word' id='word_1_777' title='bbox 1596 5758 1654 5815; x_wconf 81' lang='grc' dir='ltr'>τό</span> <span class='ocrx_word' id='word_1_778' title='bbox 1687 5776 1805 5821; x_wconf 92' lang='lat' dir='ltr'><strong>non</strong></span> <span class='ocrx_word' id='word_1_779' title='bbox 1838 5760 2061 5833; x_wconf 75' lang='lat' dir='ltr'><strong>habent</strong></span> <span class='ocrx_word' id='word_1_780' title='bbox 2090 5752 2197 5834; x_wconf 66' lang='lat' dir='ltr'><strong>Clj,</strong></span> <span class='ocrx_word' id='word_1_781' title='bbox 2233 5766 2301 5833; x_wconf 89' lang='lat' dir='ltr'><strong>D,</strong></span> <span class='ocrx_word' id='word_1_782' title='bbox 2341 5752 2421 5831; x_wconf 46' lang='lat' dir='ltr'><strong>P.&#39;</strong></span> <span class='ocrx_word' id='word_1_783' title='bbox 2469 5769 2531 5819; x_wconf 75' lang='lat'><strong>57</strong></span> <span class='ocrx_word' id='word_1_784' title='bbox 2584 5764 2854 5842; x_wconf 73' lang='grc' dir='ltr'>ἐκϐάλλει,</span> <span class='ocrx_word' id='word_1_785' title='bbox 2888 5752 2969 5829; x_wconf 73' lang='grc' dir='ltr'><strong>Π.¹</strong></span> <span class='ocrx_word' id='word_1_786' title='bbox 3018 5762 3083 5815; x_wconf 65' lang='grc'>88</span> <span class='ocrx_word' id='word_1_787' title='bbox 3112 5762 3199 5821; x_wconf 81' lang='grc' dir='ltr'><strong>καὶ</strong></span> <span class='ocrx_word' id='word_1_788' title='bbox 3230 5761 3351 5844; x_wconf 70' lang='grc' dir='ltr'>ὅσα,</span> <span class='ocrx_word' id='word_1_789' title='bbox 3381 5752 3493 5825; x_wconf 76' lang='lat' dir='ltr'><strong>Ch.</strong></span> 
     </span>
    </p>
   </div>
  </div>
