4052 6430
230 399 346 464 245

227 558 401 594 αυτων

228 625 682 705 φυλαχθήσηται.
742 632 858 686 Τῶν
921 627 1020 702 μὲν
1094 630 1181 684 οὖν
1221 627 1385 704 ἁγίων
1431 629 1758 705 κυριοτήτων
1793 626 1890 695 τὰ)

231 714 610 784 ἑκὸηλιιὶτικὴν
695 718 982 792 ὀνομασίαν
1080 715 1402 774 ὑπολαϐἇνω
1484 717 1676 785 δηλοῦν
1760 717 1892 773 ἂνα-

226 806 416 883 γωγήν
492 829 610 865 τινα
681 808 770 864 καί
838 807 1107 886 ἀναφορὰν
1149 805 1479 881 ἀδούλωτον,
1554 809 1642 864 καὶ
1715 808 1892 874 πάσης

228 894 530 976 χθαμαλῆς
590 897 978 964 ταπεινότητος
1021 895 1317 975 ἒλευθέραν’
1387 896 1465 953 διὸ
1525 898 1624 975 γὰρ
1680 894 1890 954 ἐλευθε-

228 985 509 1062 ροπρεπὴς
581 985 748 1065 ἐστιν,
827 983 995 1042 οὐδενὶ
1065 984 1247 1064 τρόπῳ
1317 985 1546 1042 καθόλου
1587 987 1676 1042 καὶ
1735 1007 1894 1043 cave-

226 1075 391 1131 λόντα
424 1076 653 1137 εἰπεῖν’,
691 1076 780 1143 Μὴ
808 1076 907 1154 γὰρ
936 1074 1126 1154 εἴπῃς,
1181 1074 1266 1132 ὅτι
1321 1076 1546 1132 καθόλου
1579 1077 1726 1151 εἶπε,
1763 1074 1895 1132 διότι

228 1165 475 1243 μερικῶς
547 1170 728 1228 ποσῶς
759 1164 1153 1222 κατακλίνεται’
1230 1164 1396 1224 οὒδενὶ
1467 1168 1636 1224 τοὶνυν
1716 1167 1895 1243 τρόπῳ

225 1253 614 1312 κατακλίνεταί
685 1278 788 1312 τινι
871 1257 976 1313 τῶν
1062 1257 1384 1333 τυραννικῶν
1471 1258 1892 1333 ἇνομοιοτήτων,

227 1347 433 1414 Τρόποι
511 1345 568 1401 δὲ
642 1347 742 1402 εἶσι
814 1348 912 1413 τῆς
984 1344 1398 1422 δουλοπρεπείας
1461 1350 1549 1405 καὶ
1596 1354 1695 1415 τῆς
1726 1371 1898 1404 κατα-

224 1433 462 1499 κλίσεως
494 1435 530 1504 ﬁ
561 1433 744 1514 φόϐος,
809 1436 843 1504 ἢ
902 1436 1086 1515 αἰδὼς,
1143 1437 1177 1505 ἢ
1236 1435 1514 1511 κολακεία,
1555 1437 1811 1511 ἢένδεια,
1864 1438 1901 1506 ἢ

226 1525 527 1599 ἐμπαθεια,
569 1525 605 1594 ἢ
648 1528 733 1583 καὶ
779 1527 950 1583 πάντα
983 1529 1140 1603 ὁμου,
1199 1527 1235 1596 ἢ
1299 1547 1460 1584 τινα·
1520 1529 1552 1584 ἃ
1609 1526 1674 1595 δὴ
1730 1530 1903 1584 πάντα

227 1618 345 1673 τῶν
413 1615 750 1692 κυριοτιὶτων
814 1616 992 1695 πόῤῥω
1048 1619 1168 1698 εἰσὶ,
1229 1615 1296 1674 δι’
1361 1620 1394 1675 ἃ
1451 1620 1620 1699 τυχὸν
1674 1617 1903 1676 ὑποχλι-

223 1713 378 1766 ﬂere»
412 1720 536 1770 τοῖς
583 1715 846 1787 χείροσιν,
877 1709 912 1776 ἢ
943 1705 1252 1765 διακοπετεν
1309 1709 1407 1777 τῆς
1459 1710 1714 1776 τοιαύτης
1767 1710 1904 1765 ἁνα-

225 1797 449 1876 γωγῆς,
515 1795 697 1858 Ταῦτα
748 1798 850 1876 γὰρ
906 1798 970 1854 τὰ
1023 1798 1192 1877 χείρω
1246 1799 1334 1854 καὶ
1384 1797 1540 1855 ὑλικὰ
1589 1798 1759 1876 λέγει,
1816 1793 1903 1856 καὶ

633 400 732 464 DE
775 396 1122 465 GOELESTI
1169 397 1676 480 HIERARCHIA,
1720 399 1884 464 CAP.
1935 397 2101 464 VIII.
2153 431 2227 443 ——
2271 393 2658 459 PARAPHR.
2707 389 3222 456 PACHYMERjE.

410 583 426 614 ,
502 535 594 592 ἵνα
655 536 720 593 τὰ
763 535 859 603 τῆς
902 535 1100 603 τάξεως
1133 538 1302 593 αὖτῶν
1376 537 1513 592 κατᾶ
1585 538 1644 593 τὸ
1703 534 1897 609 ἰδιάζον

1984 533 2042 594 ἱη
2074 533 2195 595 Deo
2226 531 2570 596 indistincta
2602 539 2741 594 sunt
2771 536 2831 591 et
2860 529 3182 608 superlata:
3210 528 3508 612 siquidem
3533 531 3632 592 di-

3515 389 3632 458 246

1981 623 2180 684 vinum
2208 622 2437 684 Numen
2457 622 2649 701 ipsum
2673 638 2779 701 per
2803 637 2867 680 se
2889 618 3168 698 liberum,
3202 638 3304 700 per
3327 639 3392 681 se
3419 628 3634 700 potens

1977 722 2090 792 est,
2120 712 2522 775 communiter
2551 719 2749 772 autem
2781 708 3062 770 omnibus
3089 709 3288 771 omnia
3323 718 3431 773 est.
3474 710 3632 773 Ilac-

1977 811 2153 864 tenus
2182 812 2384 866 autem
2420 809 2484 861 ut
2537 800 2863 882 plurimum
2919 797 3167 860 cuilibet
3226 818 3430 861 eorum
3493 802 3632 880 quid

1981 892 2289 975 proprium
2313 891 2386 953 ab
2415 896 2673 955 Auctore
2699 889 3081 952 distributum
3110 896 3220 964 est,
3257 897 3318 949 ut
3379 908 3448 951 ea
3505 909 3640 968 quae

1980 991 2119 1044 sunt
2140 981 2366 1044 ordinis
2393 1000 2630 1061 eorum,
2658 980 2988 1042 secundum
3013 978 3438 1060 proprietatem
3468 999 3632 1042 suam

1981 1079 2505 1136 conservarentur.
2558 1069 2788 1133 Nomen
2821 1071 3019 1151 itaque
3050 1069 3208 1151 quod
3241 1077 3471 1132 sanctas
3529 1071 3640 1132 de-

1979 1162 2174 1242 signat
2206 1160 2954 1234 dominationes,existimo
2980 1160 3283 1230 declarare
3305 1160 3642 1222 absolutum

1978 1255 2272 1334 aliquem,
2304 1261 2362 1315 et
2387 1251 2463 1315 ab
2486 1257 2646 1314 omni
2671 1261 2904 1313 terrena
2930 1251 3152 1313 vilitate
3171 1251 3428 1313 liberum
3459 1251 3527 1311 ad
3549 1270 3644 1311 su-

1985 1361 2172 1424 perna
2229 1347 2581 1405 transitum:
2650 1341 2876 1404 idcirco
2938 1344 3098 1403 enim
3137 1341 3292 1402 liber
3333 1350 3446 1416 est,
3484 1340 3644 1420 quod

1986 1434 2149 1496 nullo
2183 1433 2618 1514 prorsusmodo
2643 1432 2966 1511 quidquam
2999 1431 3075 1492 sit
3106 1451 3221 1512 quo
3254 1431 3510 1493 detineri
3545 1430 3643 1492 di-

1987 1523 2336 1588 catur.Cave
2361 1542 2501 1586 vero
2523 1522 2706 1597 dicas,
2736 1540 2872 1584 eum
2899 1540 3159 1602 prorsus
3183 1521 3429 1597 dixisse,
3485 1519 3644 1601 quod

1988 1613 2320 1696 partialiter
2378 1613 2736 1695 quandoque
2793 1612 3150 1674 inclinetur:
3220 1611 3387 1672 nullo
3446 1610 3646 1692 itaque

1992 1706 2168 1768 modo
2205 1705 2508 1786 tyrannica
2538 1702 3030 1764 dissimilitudine
3061 1701 3338 1783 quapiam
3385 1701 3647 1764 inclina-

1989 1795 2485 1859 tur.Modiautem
2503 1792 2802 1855 servitutis
2832 1802 3010 1874 atque
3042 1793 3452 1855 inclinationis
3483 1801 3644 1871 sunt,

225 1887 548 1968 τυραννικὰς
578 1887 997 1968 ἆνομοιότητας,
1041 1887 1157 1944 καθ’
1202 1889 1264 1954 ἃς
1325 1891 1352 1945 ὁ
1410 1896 1498 1944 νὺν
1554 1891 1722 1969 τυχὸν
1751 1891 1897 1967 ὑψη-

1989 1885 2076 1948 vel
2105 1885 2310 1957 timor,
2341 1884 2429 1946 vel
2455 1883 2666 1960 pudor,
2699 1883 2790 1944 vel
2813 1882 3099 1962 adulatio,
3126 1882 3214 1943 vel
3253 1890 3513 1962 egestas,
3557 1882 3649 1944 vel

224 1977 323 2042 λὸς
375 1976 639 2058 χαμηλὸς
671 1977 756 2033 διὰ
799 1979 985 2057 φόόον,
1031 1978 1066 2046 ἢ
1111 1977 1196 2034 δια
1220 2001 1271 2034 τι
1303 1985 1542 2036 τοιοῦτον
1569 2000 1583 2016 ⁸
1634 1982 1722 2036 καὶ
1751 1982 1778 2036 ὁ
1813 1988 1899 2037 νῦν

175 2115 178 2118 .
227 2067 501 2149 χαμηλὸς
576 2069 724 2133 αὖθις
795 2068 1004 2144 ὑψηλὸς
1063 2059 1134 2124 δι’⁵
1200 2069 1516 2143 ἐμπᾶϐειαν·
1563 2083 1895 2148 τυραννεϊται

226 2161 330 2236 γὰρ
404 2161 498 2214 καὶ
544 2161 694 2224 οὗτος
768 2160 910 2236 παρὰ
982 2165 1082 2226 τῆς
1155 2158 1468 2233 ἐμπαθείας.
1547 2168 1776 2218 Τοιαῦτα
1840 2158 1895 2216 δὲ

230 2252 332 2304 εἶσι
404 2249 494 2304 καὶ
569 2250 633 2303 τὰ
704 2245 884 2323 ὑλικα,
960 2251 1034 2312 ὡς
1086 2247 1356 2324 μηδέποτε
1388 2253 1618 2323 μένοντα
1651 2249 1893 2306 ἐπὶταυ-

228 2341 488 2407 τότ-ητος,
540 2337 659 2394 ἁλλ’
731 2337 812 2394 ἀεὶ
886 2336 1308 2412 μεταϐάλλοντα,
1362 2339 1575 2397 Τούτων
1646 2340 1894 2396 ἁπάντων

234 2436 332 2483 τῶν
395 2428 726 2503 τυραννικῶν
790 2427 1211 2507 ἂνομοιοτήτων,
1271 2429 1376 2485 τῶν
1436 2428 1629 2486 ὑλικῶν
1687 2451 1744 2485 τε
1807 2425 1890 2486 καθ

241 2520 472 2598 εἷκαίων,
511 2518 771 2596 ἐλεύθεροί
841 2520 968 2574 εἰσιν
1046 2520 1097 2574 αἱ
1167 2518 1502 2598 κυριότητες,
1555 2521 1627 2585 ὡς
1677 2519 1891 2595 ἀμείλι-

235 2630 373 2679 κτοι,
437 2609 532 2665 καὶ
591 2609 771 2674 πάσης
804 2605 1212 2688 δουλοπρεπείας
1243 2609 1634 2685 ὑπερκείμεναι.
1672 2611 1757 2680 Μή
1805 2631 1893 2684 μοι

227 2702 314 2754 οἷν
346 2697 560 2774 λεγέτω
587 2720 692 2776 τις,
729 2696 806 2753 ὅτι
852 2700 939 2754 καὶ
990 2699 1040 2754 τί
1089 2701 1220 2777 πρὸς
1279 2701 1368 2756 τὸν
1417 2702 1547 2755 eam
1580 2704 1676 2757 οὒκ
1705 2699 1891 2781 ἔχουσι

225 2790 316 2845 τὸν
350 2785 524 2867 φοϐον
557 2790 643 2844 καὶ
695 2788 794 2854 τὴν
847 2786 1219 2859 δουλοποιίανς
1283 2787 1519 2844 ἀκουέτω
1562 2790 1684 2869 γὰρ,
1718 2788 1799 2845 ὅτι
1833 2793 1892 2848 ού

224 2888 474 2936 τοιοῦτον
510 2874 676 2957 φόϐον
719 2879 808 2933 καὶ
861 2879 919 2934 οὗ
972 2879 1220 2945 τοιαύτην
1255 2901 1390 2957 φησι
1452 2877 1892 2957 δουλοπρέπειαν,

222 2965 369 3024 ἀλλὰ
400 2967 504 3033 τὴν
538 2967 669 3045 πρὸς
705 2968 764 3022 τὸ
797 2980 1011 3047 χεῖρον,
1048 2969 1112 3028 τὰ
1143 2969 1366 3036 αἰσθητά
1411 2991 1550 3049 φημι
1585 2971 1670 3024 καὶ
1703 2993 1895 3045 σωμα-

222 3058 383 3116 τικά.
421 3065 602 3114 Ταῦτα
669 3057 770 3135 γὰρ
830 3059 889 3114 ού
947 3067 1285 3138 συγχωροῦσι
1336 3059 1402 3114 τὰ
1444 3057 1608 3122 ὅντως
1641 3058 1765 3116 ὄντα
1809 3061 1898 3117 ἐν·

221 3161 404 3209 νοεῖν,
469 3142 535 3227 ᾮ
609 3147 708 3224 γὰρ
779 3146 1007 3214 ἥττηταί
1077 3170 1180 3223 τις,
1243 3149 1412 3223 τούτῳ
1445 3151 1530 3205 καὶ
1559 3147 1897 3227 δεδούλωται,

220 3238 436 3303 ταύτην
486 3239 578 3292 καὶ
624 3236 919 3311 μειωτικῆν
973 3236 1142 3313 λέγει.
1201 3239 1294 3294 Διὸ
1342 3240 1429 3294 καὶ
1479 3237 1742 3297 ἆνένδοτοί
1774 3241 1902 3296 εἰσιν

219 3327 416 3408 ὑφέσει
450 3327 600 3404 πάσῃ
661 3328 748 3383 καὶ
806 3325 1180 3408 ὑποϐιϐασμῴ,
1243 3329 1330 3384 καὶ
1374 3327 1659 3406 ἐξῄρηνται
1689 3330 1902 3399 ἀπάσης

1985 1975 2206 2056 passio,
2243 1974 2336 2037 vel
2372 1980 2548 2036 etiam
2586 1973 2788 2035 omnia
2847 1973 3052 2050 simul,
3088 1973 3178 2034 vel
3218 1972 3450 2053 aliqua:
3518 1990 3649 2052 quae

1979 2065 2178 2127 omnia
2198 2065 2462 2146 profecto
2483 2065 2661 2141 longe
2683 2064 2946 2126 absunta
2968 2063 3499 2142 dominationibus,
3540 2080 3649 2142 per

1979 2177 2110 2237 quae
2125 2157 2272 2218 forte
2293 2154 2690 2216 deterioribus
2706 2153 3273 2233 subjicerentur,vel
3298 2151 3633 2214 istiusmodi

1978 2247 2050 2308 ad
2085 2264 2344 2326 superna
2377 2242 2668 2306 transitus
2694 2244 3116 2324 impediretur.
3148 2242 3285 2304 Iltcc
3314 2244 3474 2305 enim
3521 2243 3633 2304 de-

1979 2337 2196 2398 teriora
2228 2336 2371 2398 dicit
2405 2342 2462 2396 et
2489 2334 2851 2414 materialia,
2876 2333 3331 2414 tyrannicasque
3363 2333 3630 2413 inarqua-

1981 2427 2174 2510 litates
2207 2425 2534 2487 secundum
2577 2443 2722 2504 quas
2763 2425 2864 2504 qui
2900 2423 3073 2487 modo
3108 2423 3294 2484 elatus
3351 2431 3462 2501 est,
3526 2441 3636 2502 per

1977 2517 2252 2578 timorem
2287 2516 2377 2578 vel
2404 2514 2548 2592 quid
2582 2514 2777 2576 simile
2811 2513 3134 2592 dejicitur;
3191 2513 3290 2590 qui
3320 2513 3495 2572 modo
3518 2512 3630 2574 de-

1971 2607 2167 2688 jectus
2200 2615 2306 2680 est,
2375 2624 2614 2667 rursum
2673 2605 2861 2666 elatus
2917 2605 2984 2665 {it
3039 2621 3146 2682 per
3202 2602 3628 2664 affectionem:

1977 2697 2256 2778 quoniam
2294 2695 2392 2757 hic
2425 2696 2601 2757 etiam
2629 2693 2702 2755 ab
2736 2693 3071 2755 istiusmodi
3097 2693 3412 2754 affectione
3436 2700 3635 2771 tyran—

1977 2788 2113 2848 nice
2143 2787 2534 2864 gubernatur.
2571 2783 2910 2846 Istiusmodi
2945 2783 3120 2844 etiam
3150 2790 3287 2844 sunt
3313 2783 3414 2843 illa
3440 2790 3633 2843 mate-

1977 2877 2241 2951 rialia,ut
2264 2895 2394 2957 quae
2418 2893 2719 2954 nunquam
2750 2874 2807 2934 in
2829 2875 3040 2936 eodem
3069 2882 3221 2934 statu
3257 2879 3629 2953 permanent,

1982 2968 2085 3029 sed
2103 2985 2342 3044 semper
2362 2964 2984 3046 permutantur.Hisce
3013 2963 3292 3025 omnibus
3315 2962 3634 3043 tyrannicis

1986 3056 2394 3119 materialibus
2422 3064 2477 3117 et
2504 3055 2780 3116 inanibus
2806 3053 3537 3135 ina'qualitatibusliberae
3560 3052 3649 3112 78

1986 3145 2815 3224 suntdominationes,utpote
2834 3145 3189 3223 incorrupta:
3206 3144 3489 3224 omnique
3509 3159 3646 3203 ser-

1989 3236 2168 3300 vitute
2187 3236 2551 3316 superiores.
2589 3235 2707 3296 Nec
2739 3234 2872 3315 quis
2905 3234 3052 3295 mihi
3087 3234 3239 3294 dicat
3265 3233 3501 3305 ltic,eos
3526 3251 3644 3293 non

1987 3328 2213 3390 habere
2248 3329 2520 3390 timorem
2556 3344 2625 3386 ac
2657 3325 3003 3386 servitutem
3037 3322 3184 3384 Dei:
3219 3322 3425 3384 audiat
3458 3322 3643 3400 enim,

221 3418 657 3492 ἀνομοιότητος,
709 3419 783 3480 ὡς
837 3423 924 3472 νῦν
978 3419 1077 3493 μὲν
1130 3417 1266 3480 ἴσως
1300 3419 1442 3474 εἶναι
1473 3418 1686 3494 ὑψηλὰς
1718 3419 1897 3494 αὖτὰς,

1991 3427 2055 3479 ut
2082 3437 2200 3478 non
2232 3415 2570 3479 istiusmodi
2597 3415 2904 3489 timorem,
2938 3432 3132 3494 neque
3161 3414 3335 3475 talem
3391 3413 3644 3474 servitu-

221 3517 319 3566 νῦν
397 3505 454 3562 δὲ
531 3504 920 3574 ὑποϐεϐηκοίας
955 3505 1316 3570 παντάπασιν,
1370 3508 1640 3588 Ἐφίενται
1697 3507 1750 3564 δὲ
1807 3509 1902 3577 τῆς

223 3600 407 3662 ὅντως
471 3596 810 3676 κυριότητος,
865 3598 952 3654 καὶ
1003 3597 1102 3664 τῆς
1156 3604 1263 3654 τῶν
1312 3599 1641 3675 κυριοτήτων
1700 3600 1899 3678 ἆρχῆς,

224 3689 402 3766 ἤγουν
466 3693 566 3754 τῆς
625 3687 912 3754 Θεότητος·
981 3688 1071 3744 καί
1123 3686 1449 3766 ἆγαΟοειδῶς
1508 3688 1588 3744 ἀεὶ
1639 3687 1902 3746 διαπλάτ-

222 3801 386 3837 τουσι
422 3778 502 3853 μή
537 3779 698 3850 μόνον
731 3777 944 3853 ἑαυτὰς,
993 3777 1127 3834 ἀλλὰ
1199 3779 1290 3834 καὶ
1357 3778 1453 3842 τὰς
1526 3779 1644 3850 μετ’
1715 3780 1899 3854 αὐτὰς,

222 3872 307 3934 ὡς
376 3867 624 3948 ἐφικτὸν,
673 3868 803 3946 πρὸς
847 3866 946 3934 τήν
978 3867 1259 3948 ἐμφέρειαν
1325 3869 1414 3925 καὶ
1477 3869 1577 3936 τήν
1647 3870 1902 3944 ὁμοίωσιν

222 3958 334 4026 τήν
368 3959 552 4035 κυρίαν
622 3959 711 4014 καὶ
782 3949 1038 4026 ἀληθινήν
1071 3960 1260 4037 αὖτῆς,
1293 3956 1457 4036 ἤγουν
1510 3964 1612 4025 τῆς
1680 3979 1902 4036 κυριαρ-

225 4051 392 4129 χίας,
463 4039 619 4125 "Opa
671 4045 727 4104 δὲ
779 4047 858 4104 ὅτι
911 4047 1004 4103 οὒκ
1055 4047 1284 4128 ἐφίενται
1332 4050 1542 4115 πάντως
1573 4047 1900 4127 ὑψηλοτέρου

223 4141 478 4218 βσϐμδῦ’
533 4139 694 4218 εἶχον
747 4140 848 4218 γὰρ
899 4139 962 4194 ἅν
1002 4137 1101 4205 τήν
1151 4137 1328 4216 ἔφεσιν
1380 4140 1510 4216 πρὸς
1554 4141 1653 4210 τήν
1680 4139 1899 4217 πρώτην

225 4230 623 4303 διακόσμησιν,
657 4231 745 4285 καὶ
775 4228 1036 4303 ἐμπάοεια
1093 4228 1160 4296 ἧν
1219 4227 1272 4282 ἐν
1331 4231 1539 4301 αὐτοῖς,
1586 4230 1674 4284 καὶ
1705 4251 1895 4306 τυραν-

226 4323 370 4388 νικῲ
402 4316 753 4375 ἐδεδούλωντο
782 4318 960 4379 πάθει.
1025 4318 1097 4376 0-3
1149 4328 1304 4376 τοῦτο
1352 4321 1504 4397 γοῦν,
1569 4317 1688 4374 ἀλλ’
1723 4319 1900 4399 ἐφίεν-

226 4433 347 4488 ται,
413 4410 503 4465 καὶ
577 4411 736 4465 οἷονεί
805 4408 1157 4485 ἁγαπητικῶς
1210 4407 1401 4488 ἔχουσι
1433 4409 1529 4475 τῆς
1561 4410 1740 4485 κυρίας
1813 4411 1901 4466 καὶ

227 4497 601 4576 γυριαρχικῆς
658 4498 960 4578 ἐμφερείας,
997 4499 1070 4560 ὡς
1103 4496 1276 4558 ἄλλως
1337 4500 1414 4572 μή
1472 4497 1531 4553 ὒν
1586 4496 1902 4574 κυριότητας

704 4587 714 4604 Ι

1992 3517 2108 3569 tem
2144 3507 2324 3580 dicat,
2352 3505 2455 3566 sed
2485 3523 2616 3566 eam
2635 3513 3083 3584 quzeestrerum
3102 3503 3645 3582 deteriorum,sen-

1986 3597 2278 3677 sibilium,
2312 3596 2584 3671 inquam,
2621 3603 2682 3656 et
2710 3611 3130 3673 corporearum
3161 3613 3173 3653 :
3208 3593 3305 3654 illa
3329 3591 3487 3653 enim
3526 3610 3646 3653 non

1987 3688 2193 3748 sinunt
2240 3703 2309 3746 ea
2337 3704 2470 3762 quae
2502 3702 2638 3745 vera
2671 3691 2808 3744 sunt
2843 3682 3252 3744 considerare.
3289 3684 3437 3745 Nam
3465 3700 3646 3758 aquo

1989 3777 2123 3857 quis
2154 3774 2422 3836 devictus
2454 3781 2562 3853 est,
2599 3773 2728 3852 ejus
2756 3781 2813 3834 et
2843 3791 3046 3834 servus
3078 3773 3264 3834 factus
3315 3779 3428 3852 est,
3485 3771 3642 3833 hanc

1988 3867 2164 3929 etiam
2190 3864 2647 3925 imminuentem
2689 3871 2880 3923 vocat.
2917 3861 3144 3924 Idcirco
3181 3868 3357 3924 etiam
3381 3861 3452 3922 ab
3479 3861 3644 3924 omni

1985 3955 2325 4036 dejectione
2341 3973 2408 4016 ac
2423 3952 2798 4031 subjeclione
2829 3953 3272 4033 libertesunt,et
3304 3953 3648 4018 eximuntur

1983 4047 2057 4110 ab
2095 4046 2255 4108 omni
2287 4044 2714 4126 inaequalitate,
2753 4062 2827 4104 ne
2859 4043 3034 4104 modo
3065 4042 3310 4121 quidem
3346 4043 3500 4104 forte
3531 4062 3642 4103 su-

1985 4137 2204 4200 blimes
2234 4134 2374 4208 sint,
2411 4132 2588 4194 modo
2622 4150 2759 4194 vero
2794 4131 3076 4194 omnibus
3110 4131 3416 4211 subjectis.
3465 4131 3645 4194 Desi-

1984 4229 2196 4289 derant
2226 4230 2428 4287 autem
2464 4241 2666 4284 verum
2711 4221 3104 4296 dominatum,
3171 4231 3230 4283 et
3287 4221 3642 4302 principium

1986 4313 2492 4390 dominationum,
2524 4311 2582 4374 id
2620 4320 2707 4373 est
2737 4311 3136 4387 Divinitatem;
3165 4320 3339 4391 atque
3367 4311 3642 4371 bonil'or-

1991 4407 2319 4483 mitersem
2331 4421 2435 4483 per
2450 4421 2566 4463 non
2583 4401 2933 4482 semetipsas
2952 4409 3113 4461 tantu
3127 4401 3428 4477 ut,'verum
3464 4401 3574 4462 etia
3591 4418 3647 4460 m

1988 4492 2545 4572 inferiores,quoad
2574 4492 2699 4553 fieri
2735 4500 3197 4572 potest,sempcr
3221 4490 3651 4552 transformtmt

1986 4587 2060 4648 ad
2095 4583 2394 4667 propriam
2427 4600 2746 4661 veramque
2781 4581 2910 4652 Dei,
2940 4583 3066 4642 sive
3098 4580 3436 4642 dominatus
3471 4581 3637 4662 prin-

232 4589 399 4651 αὒτὰς
439 4588 606 4659 εἶναι,
679 4587 716 4654 ἤ
778 4587 945 4652 οὕτως
980 4587 1208 4666 ἐχούσας
1242 4588 1371 4664 πρὸς
1401 4588 1491 4643 τὸν
1526 4588 1762 4656 Ποιητῆν
1803 4592 1902 4648 αὒ-

237 4687 367 4756 τὼν,
402 4679 480 4742 ὡς
527 4673 820 4752 λαμϐάνειν
878 4677 1082 4733 ἐκεῖθεν
1141 4676 1242 4743 τήν
1297 4675 1396 4742 τῆς
1455 4676 1771 4753 κυριότητος
1804 4678 1897 4734 σύ-

1988 4684 2120 4755 cipii
2156 4681 2589 4740 similitudinem
2617 4689 2670 4736 et
2691 4680 3182 4737 assimilationem.
3212 4678 3462 4737 Observa
3492 4694 3644 4746 vero,

243 4786 447 4828 στασιν.
480 4763 924 4845 Ἐπιστρέφονται
979 4763 1034 4822 δὲ
1092 4766 1224 4843 πρὸς
1285 4763 1430 4822 οὗδὲν
1491 4773 1598 4823 τῶν
1654 4769 1770 4835 εἴ.κῆ
1802 4766 1896 4823 δο-

1989 4764 2716 4845 quomodononappetant
2760 4762 3002 4822 omnino
3051 4761 3300 4839 gradum
3322 4760 3636 4821 sublimio-

242 4855 499 4927 κούντων,
555 4859 721 4934 ἤγουν
767 4859 868 4912 τῶν
915 4862 1242 4932 σωματικῶν
1299 4857 1389 4912 καὶ
1447 4855 1522 4930 μή
1592 4861 1897 4935 προσηκόν-

1993 4873 2163 4918 rem:
2199 4851 2568 4914 ambiverant
2599 4849 2757 4909 enim
2793 4849 3006 4929 aliqum
3040 4851 3290 4931 primam
3351 4849 3642 4910 distribu-

232 4968 342 5001 των
375 4945 517 5002 ἀλλὰ
554 4948 684 5026 πρὸς
716 4947 778 5002 τὸ
838 4947 1025 5023 κυρίως
1085 4947 1170 5025 ὃν,
1231 4947 1322 5002 τὸν
1383 4947 1536 5020 Θεὸν,
1572 4949 1658 5004 καὶ
1703 4949 1897 5026 γίνεται

1992 4947 2242 5014 tionem,
2280 4950 2338 5002 et
2369 4938 2600 5001 ali'ectio
2631 4947 2756 5000 erat
2795 4938 2855 5000 in
2912 4941 3022 5021 eis,
3086 4947 3264 5022 atque
3326 4939 3649 5020 tyrannica)

229 5040 288 5092 ἓν
324 5036 584 5110 μετουσίᾳ
642 5041 744 5102 τῆς
805 5036 1157 5117 κυριαρχικῆς
1189 5033 1466 5096 θεοειδείας
1501 5037 1637 5092 κατὰ
1693 5040 1754 5094 τὸ
1813 5036 1897 5100 δυ-

1995 5031 2256 5116 passioni
2301 5028 2584 5109 subjectis
2613 5035 2801 5117 sunt.
2863 5027 2992 5089 Non
3038 5029 3117 5089 ita
3148 5029 3296 5104 ista},
3325 5028 3428 5090 sed
3458 5047 3646 5109 appe-

229 5127 397 5182 νατὺν
431 5124 618 5206 αὒτῆς,
677 5128 749 5192 ὡς
810 5126 954 5182 εἶναι
1014 5129 1102 5182 καὶ
1139 5126 1333 5190 ταύτας
1364 5127 1574 5205 κορείας
1605 5129 1693 5184 καὶ
1721 5129 1897 5208 κυριό-

1995 5133 2213 5204 tunt,et
2231 5116 2966 5208 quodammodoobtinent
2993 5137 3099 5199 per
3123 5119 3648 5192 dilectionem,do-

226 5238 435 5283 τητας.
467 5213 807 5290 Ἀμείλικτον
866 5214 921 5272 δὲ
979 5239 1110 5296 φησι
1163 5216 1455 5291 κυριότητα
1486 5217 1582 5286 τήν
1615 5215 1897 5295 ἂναγωγὴν

1995 5215 2310 5291 minatum,
2344 5217 2401 5270 et
2434 5205 2713 5288 principii
2741 5207 3110 5296 dominatus
3141 5208 3595 5270 similitudinem
3630 5229 3645 5280 ;

230 5306 442 5379 αὖτῶν,
518 5307 676 5362 οἱονεὶ
767 5295 1149 5384 ἀκολάκευτον,
1229 5303 1644 5386 ἂπαρέγκλιτον,
1717 5307 1897 5383 μηδενῖ

1988 5306 2066 5367 ita
2099 5313 2159 5365 ut
2188 5301 2332 5362 alias
2365 5317 2483 5359 non
2499 5303 2700 5357 essent
2721 5295 3185 5373 dominationes,
3206 5298 3317 5358 nisi
3337 5298 3448 5358 hoc
3467 5297 3645 5357 modo

1993 5413 2130 5472 erga
2151 5388 2530 5455 Conditorem
2555 5405 2725 5447 suum
2751 5385 3247 5456 afﬁcerentur,ita
3273 5397 3332 5447 ut
3356 5385 3498 5448 inde
3523 5395 3648 5447 sta-

1995 5496 2114 5547 tum
2144 5476 2566 5542 dominationis
2595 5474 3010 5556 accipiantAd
3042 5477 3185 5539 nillil
3210 5485 3408 5538 autem
3436 5495 3642 5536 eorum

225 5395 600 5474 γαργαλισμῷ
668 5401 768 5462 τῆς
838 5395 973 5463 ὕλης
1044 5394 1494 5472 ὒποκλινομένην.
1553 5397 1672 5453 Λύει
1729 5396 1782 5454 δὲ
1813 5399 1904 5456 ἐν-

228 5488 408 5543 ταῦθα
441 5488 528 5542 καὶ
560 5485 779 5563 σφάλμα
833 5509 882 5542 τι
941 5492 1046 5542 τῶν
1079 5484 1377 5552 έλληνικῶν
1442 5485 1769 5566 φιλοσόφων,
1820 5491 1905 5546 καὶ

1992 5593 2123 5653 qua}
2141 5581 2370 5632 temere
2389 5569 3373 5648 apparent,conVcrtuntur,quales
3393 5578 3532 5630 sunt
3549 5586 3646 5627 res

1991 5678 2296 5744 corporea:
2328 5670 2384 5720 et
2421 5657 2719 5718 indecora!
2759 5703 2774 5731 ,
2802 5658 2903 5717 sed
2939 5658 3009 5717 ad
3046 5659 3099 5717 id
3137 5657 3291 5738 quod
3325 5675 3466 5718 vere
3529 5667 3639 5733 est,

1990 5755 2226 5816 scilicet
2249 5749 2646 5825 Deum,atque
2693 5746 3086 5827 ita,quantum
3118 5746 3177 5808 in
3209 5747 3294 5807 eis
3327 5755 3439 5822 est,
3508 5765 3645 5826 par-

1992 5844 2200 5928 ticipes
2217 5838 2363 5903 fiunt
2380 5831 2798 5899 deiformitatis
2822 5835 3132 5918 ipsiusmet
3158 5835 3442 5919 principii
3468 5833 3650 5896 domi-

231 5574 476 5639 εὗσεϐὠς
511 5576 870 5646 ἐπισκήπτει⁶
934 5576 1130 5632 ἐκεῗνοι
1195 5577 1296 5654 γὰρ
1365 5574 1496 5640 ἰδίας
1571 5581 1715 5642 τινας
1747 5577 1904 5637 δυνά-

237 5687 366 5736 μεις
411 5679 555 5742 τρεῖς
604 5665 944 5739 ἀμειλίκτους
1014 5667 1476 5744 προσηγόρευσαν,
1551 5667 1905 5744 προελθούτας

237 5757 315 5820 εἷς
366 5754 586 5834 ὕπαρξιν
636 5755 697 5812 ἔκ
741 5779 898 5812 τινωι
942 5757 1043 5833 πρὸ
1090 5755 1259 5811 αὐτῶν
1302 5754 1507 5830 ἐτέρων
1543 5759 1699 5835 τριῶν
1744 5757 1903 5814 δυναί-

235 5865 411 5922 μεων,
477 5847 540 5904 οὗ
598 5846 706 5924 μὴν
763 5848 827 5903 εκ
877 5853 1009 5905 Θεοῦ
1050 5843 1532 5926 δημιουργηθςίσας
1562 5845 1765 5916 tame;-
1815 5848 1902 5907 καὶ
