4052 6426
411 319 525 387 247

1626 328 1688 392 S.
1738 330 2078 396 DIONYSII
2121 333 2653 400 AREOPAGITIE.

3688 332 3807 399 248

407 461 738 542 nationum,
769 458 927 524 sicut
960 458 1137 524 etiam
1169 460 1316 543 ipsae
1343 462 1465 525 sint
1496 462 1841 528 dominatus
1860 484 1929 528 ac
1949 467 2050 527 do.

2148 490 2304 548 φασιν
2376 470 2518 527 εἶναι
2590 469 2712 535 τοὺς
2784 466 3122 544 ἀμειλίκτους
3194 468 3410 533 τούτους
3479 470 3801 542 υποπεζίους

408 550 793 615 minationes.
824 549 1042 613 Eorum
1076 560 1272 613 autem
1306 551 1379 615 ad
1410 570 1672 634 superna
1717 557 2057 632 transitum,

406 640 874 705 dominationem
899 651 1063 705 vocat
1080 641 1476 706 inﬂexibilem
1491 643 1684 725 ,quasi
1704 645 2064 709 adulationis

407 739 465 796 et
487 733 758 797 criminis
784 732 1292 815 exsortem,nulla
1318 734 1583 798 materiae
1616 735 1950 800 titillatione
1972 738 2064 801 in-

408 822 712 887 clinatam.
740 820 925 886 Solvit
944 831 1143 885 autem
1194 823 1295 885 hic
1329 823 1505 887 etiam
1551 842 1818 888 errorem
1849 846 2063 909 quem-

406 912 542 975 dam
606 912 1093 995 phil050phorum
1146 913 1494 996 gentilium,
1553 933 1731 997 quem
1783 918 2062 997 religiose

408 1002 754 1084 perstringit
789 1021 803 1066 :
838 1002 923 1064 illi
954 1002 1114 1065 enim
1162 1009 1435 1086 proprias
1463 1003 1753 1086 quasdam
1813 1007 2060 1071 virtutes

407 1102 529 1156 tres
558 1092 914 1156 inﬂexibiles
946 1092 1346 1175 appellabant,
1381 1112 1513 1176 quae
1547 1112 1617 1157 ex
1654 1096 1788 1158 aliis
1817 1116 2057 1179 quoque

403 1183 598 1247 tribus
628 1181 929 1265 prioribus
960 1182 1278 1244 virtutibus
1308 1184 1368 1245 in
1426 1183 1622 1245 lucem
1684 1184 2053 1266 prodierant,

406 1272 915 1336 nonautemaDeo
942 1272 1181 1354 proprie
1213 1273 1447 1336 fuerant
1476 1283 1825 1356 procreatae:
1852 1277 2055 1339 aiunt-

404 1382 543 1448 que,
569 1364 673 1425 has
704 1363 764 1424 in
777 1361 1074 1425 flexibiles
1101 1362 1471 1444 spiritalibus
1494 1364 1589 1445 iis,
1623 1383 1657 1427 a
1683 1365 1899 1447 quibus
1922 1386 2056 1449 pro-

404 1453 593 1516 ductae
619 1452 874 1534 fuerant,
910 1452 1224 1515 virtutibus
1254 1452 1608 1536 substratas,
1638 1463 1703 1515 ut
1725 1458 2056 1518 retinerent

402 1542 844 1625 quodammodo
877 1550 936 1604 et
965 1541 1260 1623 subirent,
1292 1561 1362 1604 ac
1413 1542 1765 1606 cohiberent
1824 1546 2055 1624 priores

400 1629 559 1706 illas,
594 1650 670 1694 ne
701 1632 760 1692 in
788 1630 1095 1693 materiam
1123 1629 1572 1714 dilaberentur;
1604 1641 1780 1715 atque
1812 1633 1922 1696 hoc
1952 1635 2049 1699 in-

401 1720 701 1785 ﬁrmiores
732 1740 865 1783 esse
892 1721 965 1784 iis
994 1738 1129 1799 qua;
1158 1720 1387 1802 seipsas
1419 1720 1848 1802 produxerunt,
1896 1727 2051 1806 quod

2148 562 2251 614 τῶν
2318 556 2763 640 προϐαλλομένων
2809 555 2969 624 αὐτοῖς
3014 558 3221 627 νοητῶν
3290 557 3589 642 δυνάμεων,
3663 560 3802 617 ἄνα-

2147 647 2467 722 στέλλοντας
2512 649 2693 729 ὥσπερ
2737 650 2832 708 καί
2878 647 3242 716 ἐπιϐαίνοντας
3285 651 3374 708 καὶ
3403 650 3801 730 ἀντεχομένους

2145 743 2252 794 τῶν
2295 740 2397 819 πρὸ
2441 740 2638 821 αὐτῶν,
2683 745 2776 797 τοῦ
2817 737 2895 816 μή
2946 751 3134 798 πεσεῖν
3178 741 3251 805 εἰς
3296 738 3453 817 ὕλην,
3505 742 3595 798 καὶ
3638 743 3803 799 ἄστε-

2148 827 2419 900 νεστέρους
2487 826 2626 887 κατᾶ
2694 827 3015 905 τοῦτο,’κα’ἰ
3058 826 3511 909 προϐαλλομένων
3553 832 3802 909 ἑαυτοὺς,

2145 915 2262 975 καθ’
2298 918 2325 974 ὃ
2357 917 2586 994 δέονται,
2621 920 2695 982 είς
2728 920 2788 977 τὸ
2840 918 3095 999 κατέχειν
3154 919 3370 986 ἑαυτοὺς
3403 922 3478 987 εἷς
3508 922 3570 979 τὸ
3604 918 3804 978 ἄπτω-

2144 1029 2255 1067 τον.
2289 1010 2465 1067 Ταῦτα
2537 1009 2638 1085 μὲν
2707 1011 2796 1067 οὗν
2866 1011 2940 1075 ὡς
3015 1009 3070 1066 ἐν
3142 1009 3410 1091 ὲπιτόμῳ,
3452 1013 3520 1069 τὰ
3554 1010 3804 1090 ἐκείνων,

2140 1098 2168 1154 ὁ
2237 1095 2293 1154 δὲ
2362 1098 2513 1177 ἅγίος
2579 1099 2757 1180 σοφῶς
2825 1099 2893 1157 τὰ
2962 1099 3172 1157 ἱναντία
3241 1101 3415 1159 πάντα
3469 1105 3656 1165 αὐτοῖς
3688 1127 3807 1182 φη-

2141 1202 2246 1244 σιν’
2323 1188 2385 1247 ἐκ
2428 1196 2557 1247 Θεοῦ
2629 1190 2729 1269 γὰρ
2808 1190 2970 1255 αὑτὰς
3039 1188 3435 1269 δημιουργικῶς
3507 1192 3809 1259 δποστῆναί

2138 1282 2322 1359 φησὶν,
2385 1281 2445 1335 οὒ
2503 1280 2592 1336 καὶ
2646 1280 2745 1347 τὴν
2805 1277 3089 1361 ἐμφέρειαν
3123 1278 3340 1361 ἔχουσιν
3376 1282 3447 1347 εἰς
3478 1282 3798 1362 κυριότηταθ

2139 1371 2302 1433 αὐτὰς
2363 1367 2415 1426 δὲ
2466 1370 2528 1427 τὸ
2587 1367 2896 1446 ἆμείλίκτον
2930 1369 3068 1426 κατᾶ
3097 1370 3281 1438 πάσης
3309 1368 3543 1450 ὑφέσεως
3578 1377 3656 1446 τῷ
3698 1371 3804 1430 λό-

2138 1481 2220 1539 γῳ
2287 1461 2383 1537 τῇς
2458 1462 2775 1539 κυριότητος
2859 1459 3009 1541 ἔχειν
3058 1459 3229 1541 λέγει,
3260 1461 3561 1527 κοπτούσας
3618 1463 3804 1540 ὥσπερ

2137 1550 2225 1606 καὶ
2256 1549 2656 1626 διατεμνούσας,
2695 1551 2782 1608 καὶ
2827 1553 2926 1608 οὒκ
2974 1550 3144 1618 ἐώσας
3184 1564 3401 1629 κρατεῖν
3431 1553 3528 1622 τὴν
3556 1554 3687 1630 πρὸς
3735 1556 3803 1610 τὰ

2138 1640 2363 1707 αἰσθητὰ
2405 1640 2707 1720 ἐπιθυμίαν,
2758 1642 2818 1699 οὗ
2869 1641 2978 1718 μὴν
3035 1643 3128 1706 τὰς
3180 1644 3281 1720 πρὸ
3326 1644 3497 1700 αὐτῶν
3528 1643 3799 1701 ἀναστελ-

2138 1727 2359 1795 λούσας.
2412 1719 2564 1809 ’Ἄρα
2623 1732 2801 1788 τοίνυν
2860 1729 3030 1811 λέγει,
3085 1732 3167 1788 ’ὃτι
3217 1734 3304 1790 καὶ
3354 1731 3652 1808 ἀμείλικτοί
3696 1735 3800 1791 εἱσι

400 1809 663 1873 debeant
692 1810 1063 1903 semetipsas
1079 1810 1413 1891 continere,
1447 1829 1524 1903 ne
1555 1811 1855 1903 labantur.
1918 1814 2050 1878 Ilzec

2138 1821 2269 1897 πρὸς
2299 1821 2361 1878 τὸ
2397 1835 2611 1901 χεῖρον,
2656 1822 2745 1878 καὶ
2790 1822 2890 1890 τὴν
2938 1824 3225 1902 κυριότητα
3269 1820 3483 1903 ἔχουσι,
3517 1823 3800 1881 κάντεῦθεν

401 1902 645 1980 quidem
703 1910 987 1980 tanquam
1048 1898 1108 1960 in
1168 1900 1725 1991 compendiosum
1780 1902 2048 1986 illorum,

2136 1916 2241 1968 τῶν
2303 1898 2434 1990 πρδ
2460 1898 2631 1967 αὐτῶν
2663 1914 2757 1970 οὒκ
2788 1898 3118 1991 ἐξέρχονταῖ,
3153 1898 3339 1977 ὅπως--
3367 1913 3444 1988 μὴ
3516 1915 3589 1979 είς
3661 1913 3799 1982 ὕλην

404 1995 495 2055 79
530 1991 626 2054 hic
656 2000 854 2052 autem
888 1997 1127 2052 sanctus
1156 1996 1459 2071 sapienter
1512 1990 1586 2054 iis
1642 1993 1844 2055 omnia
1901 2014 2048 2057 con-

403 2082 581 2145 traria
620 2080 833 2145 tradit:
870 2099 938 2142 ex
970 2079 1095 2143 Deo
1147 2082 1309 2141 enim
1370 2098 1471 2143 eas
1526 2100 1635 2163 per
1684 2083 2046 2148 creationem

399 2173 722 2256 productas
746 2170 1164 2250 asserit,cujus
1180 2170 1354 2232 etiam
1379 2170 1830 2236 similitudinem
1862 2176 1918 2236 in
1946 2174 2050 2237 do-

402 2263 627 2325 minatu
662 2269 886 2338 tenent,
922 2261 1081 2341 ipsas
1113 2267 1312 2322 tamen
1365 2261 1864 2326 inﬂexibilitatem
1923 2283 2062 2347 erga

403 2372 642 2417 omnem
665 2350 1126 2414 submissionem
1143 2351 1376 2412 ratione
1399 2350 1823 2415 dominationis
1839 2353 2062 2418 habere

401 2444 575 2524 dicit,
600 2441 767 2524 quasi
791 2441 1095 2503 caedentes
1126 2448 1183 2503 et
1207 2440 1597 2523 dissecantes‘,
1619 2452 1677 2505 et
1697 2462 1814 2505 non
1839 2445 2049 2506 sinen-

400 2544 490 2596 tes
522 2550 810 2615 superare
841 2530 1226 2612 cupiditatem
1260 2531 1660 2606 sensibilium,
1697 2552 1816 2594 non
1854 2544 2048 2594 tamen

394 2642 498 2688 eas
529 2642 661 2704 qua}
697 2621 1039 2702 praecedunt
1069 2619 1443 2683 cohibentes.
1463 2620 1618 2683 Dicit
1643 2622 1865 2703 itaque,
1892 2622 2050 2705 quod

396 2722 457 2776 et
491 2710 847 2775 inﬂexibiles
878 2710 999 2772 sint
1028 2709 1100 2772 ad
1134 2710 1381 2790 malum,
1416 2719 1474 2772 et
1522 2710 1892 2773 dominatum
1959 2721 2049 2774 te-

392 2813 573 2871 neant
603 2826 619 2883 ;
652 2812 829 2886 atque
850 2804 990 2866 hinc
1018 2802 1428 2885 praecedentes
1449 2803 1699 2866 minime
1721 2806 2041 2886 excedunt,

2134 2000 2369 2058 πέσοιεν.
2430 2001 2540 2069 Τὴν
2595 1998 2649 2056 δὲ
2701 2002 2813 2058 τῶν
2859 2002 3020 2081 ἁγίων
3052 2000 3322 2078 δυνάμεῶν
3353 2003 3644 2078 ὀναμασίαν
3676 2005 3799 2062 οἴο-

2134 2113 2233 2166 μαι
2285 2089 2480 2159 δηλοῦν
2529 2091 2666 2148 κατὰ
2715 2092 2899 2150 κοινοῦ
2946 2091 3246 2171 ἀῤῥενωπόν
3290 2115 3408 2151 τινα
3457 2096 3546 2150 καὶ
3589 2093 3801 2173 ἑδραίαν

2143 2178 2379 2257 ἀνδρίαν,
2434 2178 2709 2254 ἄθελκτον,
2765 2180 3078 2262 ἇθήλυντον,
3136 2180 3432 2245 ἆνὲνδοτον.
3521 2184 3609 2252 Μὴ
3694 2185 3800 2264 γὰρ

2144 2271 2363 2328 ἁκούων
2419 2270 2636 2346 θηλυκῷ
2695 2272 3094 2348 ὀνομαζομένας
3138 2274 3381 2350 ὀνόματι,
3468 2275 3541 2337 εἷς
3622 2273 3800 2342 θηλυ-

2144 2360 2350 2439 πρεπές
2392 2384 2445 2418 τι
2490 2359 2724 2438 κατάξῃς
2780 2362 2873 2427 τὰς
2922 2364 3061 2425 θείας
3124 2360 3395 2440 δυνάμεις.
3454 2366 3489 2432 ἡ
3546 2365 3646 2444 γὰρ
3704 2372 3801 2422 τοῦ

2144 2449 2451 2530 ἆῤῥενωποῦ
2496 2453 2737 2526 σημασία
2794 2452 2882 2507 καὶ
2923 2450 3087 2529 λέξις,
3148 2455 3234 2510 ιεπὶ
3291 2460 3554 2533 γυναικῶν
3609 2453 3799 2534 ἀνδρι-

2135 2541 2375 2617 ζομένων
2456 2542 2543 2597 καὶ
2628 2540 3018 2621 ἀῤῥε’-οιρρόνων
3121 2541 3358 2623 λέγεται,
3448 2544 3482 2613 ἢ
3567 2543 3798 2622 ὰῤῥὲνων

2136 2631 2292 2711 ἰσχὺν
2329 2630 2597 2708 ἐχουσῶν,
2635 2629 2878 2712 ’Ἔχουσι
2910 2631 2964 2688 δὲ
2995 2633 3093 2700 τὴν
3137 2631 3346 2710 ἀνδρίαν
3374 2651 3389 2666 ⁸
3445 2636 3517 2697 εἷς
3567 2653 3664 2708 τις
3729 2633 3791 2691 οὐ

2137 2723 2267 2799 πρὸς
2320 2722 2386 2777 τὰ
2432 2720 2740 2800 ἔπαγόμενα
2770 2720 3008 2801 δυσχερῆ
3058 2746 3115 2780 τε
3147 2725 3235 2781 καὶ
3280 2723 3515 2803 λυπηρὰ,
3556 2725 3792 2804 καθάπερ

2129 2810 2268 2867 ἐστὶν
2303 2810 2354 2867 ἒν
2388 2811 2547 2886 ἡμῖν,
2595 2818 2761 2868 ταῦτα
2814 2812 2914 2890 γὰρ
2968 2811 3092 2869 οὔτε
3145 2827 3270 2877 ταῖς
3327 2816 3489 2877 θείαις
3539 2812 3795 2889 δυνάμεσι

392 2916 468 2960 ne
500 2898 561 2959 in
593 2898 906 2960 materiam
939 2893 1302 2957 dilabantur.
1338 2895 1691 2957 Sanctarum
1716 2902 1912 2975 autem
1935 2895 2045 2958 vir-

2135 2901 2514 2974 προσήκοντα⁸
2590 2903 2678 2958 καὶ
2744 2900 2931 2968 ἔξωθεν
2995 2903 3089 2972 τὴν
3147 2906 3355 2970 κίνησιν
3410 2904 3653 2983 ῧχουσιν,
3717 2906 3799 2970 ὡς

397 2994 588 3050 tutum
620 3006 838 3049 nomen
887 2984 1160 3047 existimo
1219 2985 1280 3050 in
1340 2986 1648 3047 communi
1705 2986 2045 3067 signiﬁcare

2135 2989 2306 3054 ἄλλως
2353 2990 2431 3065 μὴ
2477 2991 2535 3048 ὃν
2581 2991 2812 3072 φανῆναι
2886 2992 2986 3051 τὴν
3047 2994 3300 3053 τοιαύτην
3357 2991 3585 3073 ἀνδρίαν,
3633 2994 3679 3050 εί
3710 2995 3793 3072 μὴ

399 3077 722 3140 masculam
755 3074 1072 3157 quamdam
1107 3081 1166 3135 et
1189 3082 1565 3137 constantem
1599 3076 2046 3153 virilitatem,ri-

2135 3080 2462 3148 Επανασταίη
2547 3082 2609 3137 τὸ
2693 3080 2974 3163 δυσχερές.
3063 3083 3135 3141 Οὔ
3218 3085 3351 3160 πρὸς
3414 3086 3574 3140 ταῦτα
3634 3091 3792 3162 γοῦν,

398 3167 622 3249 gidam,
657 3183 952 3247 asperam,
991 3183 1282 3227 severam.
1316 3167 1528 3243 Neque
1578 3184 1716 3227 vero
1771 3168 2045 3242 audiens,

2141 3169 2265 3227 ἀλλ’
2326 3171 2397 3237 εἷς
2456 3170 2631 3236 πάσας
2693 3173 2788 3235 τὰς
2843 3170 2959 3229 κατ’
2996 3171 3156 3241 αὗνὴν
3189 3171 3439 3239 θεοειδεῖς
3499 3173 3790 3252 ἐνεργείας,

350 3272 353 3277 ‘
397 3259 644 3319 virtutes
670 3255 799 3318 illas
831 3255 1060 3317 divinas
1089 3255 1352 3318 fetnineo
1386 3256 1627 3323 nomine
1650 3266 2045 3339 nuncupatas,

401 3345 696 3408 muliebre
724 3344 869 3428 quid
897 3346 970 3407 iis
1001 3344 1267 3407 ascribas
1293 3364 1307 3409 :
1336 3345 1521 3409 virilis
1551 3347 1709 3409 enim
1743 3347 2045 3427 signiﬁca-

401 3437 481 3498 tio
513 3435 815 3517 dictioque
841 3435 916 3498 de
946 3435 1182 3496 feminis
1207 3434 1503 3515 virilibus,
1539 3443 1597 3499 et
1625 3436 1783 3498 virili
1846 3446 2048 3499 mente

399 3525 688 3606 praeditis,
715 3533 815 3588 aut
847 3524 1003 3587 virili
1024 3525 1242 3587 robore
1268 3524 1651 3608 pollentibus,
1684 3527 2044 3589 enuntiatur.

395 3612 632 3677 Habent
653 3623 851 3677 autem
883 3614 1220 3676 virilitatem
1248 3632 1261 3678 :
1293 3614 1366 3677 ad
1400 3615 1590 3696 quid?
1621 3635 1739 3677 non
1774 3616 1847 3677 ad
1882 3616 2046 3679 ditii-

397 3704 649 3767 cultates
682 3704 1047 3779 incidentes,
1078 3703 1487 3786 tristitiasque,
1522 3713 1587 3767 ut
1608 3704 1669 3767 in
1693 3705 1866 3767 nobis
1887 3707 2049 3769 acci-

398 3794 487 3857 dit
523 3812 539 3871 ;
576 3794 702 3858 haec
734 3794 895 3856 enim
938 3812 1134 3875 neque
1186 3794 1504 3856 virtutibus
1557 3794 1770 3856 divinis
1826 3814 2049 3860 conve-

396 3882 566 3945 niunt
597 3900 610 3945 :
640 3892 697 3947 et
718 3883 790 3946 ab
815 3883 1154 3945 extrinseco
1180 3891 1520 3960 moventur,
1557 3894 1622 3945 ut
1652 3883 1823 3946 aliter
1853 3884 2051 3948 istius-

398 3971 557 4034 modi
582 3971 832 4035 virilitas
874 3990 1166 4053 apparere
1221 3980 1501 4054 nequeat,
1565 3973 1677 4035 nisi
1739 3973 2053 4037 diiﬁcultas

396 4064 716 4124 exoriatur.
754 4064 885 4124 Non
918 4062 1118 4143 itaque
1148 4066 1221 4124 ad
1262 4062 1388 4124 ham
1422 4070 1645 4124 tantum
1708 4063 2047 4127 virilitatem

396 4150 692 4228 obtinent,
730 4152 833 4214 sed
865 4151 939 4212 ad
965 4170 1174 4214 omnes
1205 4169 1343 4214 suas
1376 4151 1707 4215 deiformes
1757 4153 2046 4219 actiones.

393 4241 523 4304 Dixi
556 4249 755 4303 autem
787 4259 949 4318 suas,
998 4241 1139 4322 quia
1171 4240 1414 4303 cuilibet
1439 4260 1544 4303 sua
1577 4243 1821 4324 prepria
1856 4244 2052 4307 divina

395 4332 680 4414 competit
711 4332 998 4414 operatio,
1035 4333 1115 4394 ita
1148 4340 1212 4394 ut
1245 4352 1360 4394 non
1398 4332 1637 4395 deficiat
1666 4332 1727 4396 in
1760 4334 1881 4396 ulla
1936 4335 2046 4397 sibi

391 4422 582 4486 indita
611 4422 1011 4485 illustratione
1043 4422 1450 4505 suscipienda,
1487 4441 1598 4484 nec
1630 4422 1703 4485 ab
1743 4442 1813 4486 ea
1867 4425 2046 4505 quid-

394 4531 570 4594 quam
601 4512 880 4594 patiatur;
912 4512 1105 4593 qualis
1136 4521 1226 4574 est
1254 4512 1405 4593 lapis
1434 4514 1531 4593 qui
1565 4511 1700 4592 igne
1742 4533 1864 4595 non
1895 4532 2044 4577 con-

2131 3257 2276 3323 Κατ’
2320 3259 2488 3327 αὒτὴν
2534 3258 2588 3317 δέ
2650 3261 2836 3338 εἶπον,
2896 3261 2977 3319 ὅτι
3036 3260 3176 3319 ἐστὶν
3228 3263 3427 3340 ἑκάστῃ
3456 3261 3556 3320 ἰδία
3598 3266 3633 3333 ἡ
3676 3268 3796 3321 θεία

2132 3350 2395 3431 ἐνέργεια,
2457 3351 2596 3407 ὣστε
2646 3351 2724 3427 μὴ
2782 3349 3083 3418 ἓξασθενεῖν
3141 3354 3272 3428 πρὸς
3331 3353 3594 3430 μηδεμίαν
3655 3356 3795 3411 ὃπο-

2132 3438 2309 3521 δοχὶιν
2342 3444 2446 3497 τῶν
2477 3438 2822 3517 ἐνδιδομένων
2851 3440 3194 3519 ἐλλάμψεων,
3251 3444 3341 3500 καὶ
3388 3447 3504 3501 οἷον
3553 3447 3795 3524 πάσχειν

2134 3529 2231 3587 ὑπ’
2286 3531 2474 3600 αὐτῆς
2504 3580 2505 3583 η
2537 3533 2653 3596 οἷός
2709 3533 2849 3590 ἔστιν
2892 3535 2919 3590 ὁ
2981 3533 3060 3609 μὴ
3103 3534 3180 3590 τῶ
3237 3535 3356 3612 πυρὶ
3408 3532 3795 3610 δαπανώμενος

2131 3619 2297 3695 λίθος,
2330 3620 2385 3683 ὃς
2419 3626 2672 3698 πυροῦται
2720 3621 2840 3699 μέν,
2902 3623 2962 3679 οὔ
3017 3622 3223 3679 καίεται
3280 3621 3355 3680 δέ’
3410 3623 3549 3681 οὕτω
3577 3626 3667 3681 καὶ
3700 3625 3797 3682 ὲν-

2132 3713 2296 3767 ταυθα
2328 3706 2557 3776 δυνατῶς
2614 3709 2701 3768 ἐπὶ
2760 3719 2820 3769 τὸ
2879 3713 3209 3789 θεομίμητον
3273 3713 3606 3795 ἆναγομὲνη,
3641 3714 3798 3791 ὅμως

2134 3801 2238 3881 οὔχ
2267 3801 2493 3869 ἡττᾶται
2524 3801 2611 3857 καὶ
2642 3799 2924 3859 ἀπολείπει
2966 3802 3210 3883 ἀνανδρίᾳ
3260 3803 3360 3872 τὴν
3409 3803 3642 3880 θεοειδῆ,
3704 3806 3798 3862 κί-

2134 3912 2314 3965 νησιν,
2348 3887 2462 3945 ἀλλ’
2502 3888 2741 3969 ἆῤῥεπῶς
2781 3891 2954 3973 ἀφορᾷ
3015 3894 3088 3954 εἰς
3128 3894 3250 3961 ..τὴν
3301 3893 3432 3974 ὑπὲρ
3488 3899 3665 3951 πᾶσαν
3694 3897 3799 3953 οὖ-

2137 3979 2277 4051 σίαν,
2313 3976 2533 4055 δύναμιν
2564 3980 2662 4048 τὴν
2701 3982 2787 4040 καὶ
2860 3980 3023 4047 αὒτσίς
3092 3980 3187 4047 τᾶς
3233 3981 3480 4059 δυνάμεις
3523 3983 3798 4061 δημιουρ-

2137 4069 2401 4146 γήσασαν,
2437 4071 2527 4127 καὶ
2567 4072 2762 4138 ταύτης
2820 4072 2976 4130 εἰκὼν
3036 4072 3236 4151 γίνεται
3295 4072 3432 4131 κατᾶ
3477 4075 3541 4133 τὸ
3573 4075 3797 4155 ἐφικτὸν

2132 4155 2504 4234 δυναμοειδὴς,
2569 4158 2665 4224 Ὠς
2722 4159 2821 4239 γάρ
2880 4163 2912 4231 ἡ
2974 4162 3086 4221 θεία
3120 4163 3272 4242 φύσις
3300 4160 3613 4241 ὶνδυναμοτ,
3649 4164 3800 4223 οὕτω

2133 4248 2222 4306 καὶ
2268 4246 2404 4315 αὕτη
2462 4247 2557 4315 τοίς
2615 4247 3002 4319 ὑποϐεϐηκυίας
3031 4271 3046 4288 ο
3105 4253 3192 4309 καὶ
3248 4251 3366 4310 καθ’
3424 4254 3453 4311 ὃ
3510 4254 3607 4331 μὲν
3653 4252 3800 4323 αὕτη

2130 4338 2238 4394 ἑστῖ
2275 4334 2492 4413 δύναμις
2525 4339 2663 4395 κατά
2692 4340 2901 4419 πρῶτον
2958 4339 3141 4420 λόγον,
3201 4342 3333 4420 πρὸς
3378 4341 3795 4413 ἂντιδιαστολήν

2130 4426 2238 4483 τῶν
2270 4426 2391 4503 μετ’
2437 4428 2604 4496 αὐτὴν
2639 4425 2817 4506 (τοῦτο
2868 4429 2969 4510 γάρ
3017 4432 3132 4488 ἔστι
3167 4432 3234 4489 τὸ
3264 4430 3662 4513 ἆρχιδύναμος)
3695 4432 3801 4491 δυ-

2133 4517 2303 4582 νατῶς
2335 4514 2454 4599 ἕχει
2484 4516 2623 4575 κατά
2670 4521 2770 4587 τὴν
2832 4516 3077 4579 δοθεῖσαν
3127 4521 3287 4602 χάριν
3360 4522 3466 4579 ἀπὸ
3499 4530 3631 4581 Θεοῦ
3660 4526 3801 4580 ἒπε-

392 4600 671 4676 sumitnr,
709 4601 808 4682 qui
842 4601 1096 4680 ignescit
1141 4601 1406 4681 quidem,
1437 4601 1541 4663 sed
1573 4621 1689 4663 non
1738 4603 2047 4665 comburi-

2135 4605 2387 4686 στράφθαι
2444 4607 2577 4685 πρὸς
2632 4606 2732 4677 τὴν
2791 4609 2959 4667 αἰτίαν
3017 4600 3475 4688 τῶνηδυνᾶμεων,
3509 4612 3600 4668 τὸν
3632 4615 3797 4671 Θεόνο

396 4699 491 4754 tur
526 4711 543 4765 ;
576 4691 663 4752 sic
698 4691 875 4752 etiam
908 4691 1025 4764 hic,
1061 4691 1203 4752 dum
1237 4698 1512 4771 potenter
1555 4691 1627 4754 ad
1659 4692 1847 4755 Deum
1905 4692 2048 4755 imi-

2135 4690 2263 4753 καθἰ
2321 4697 2349 4753 ὃ
2418 4694 2471 4752 δἒ
2549 4698 2636 4755 καί
2694 4699 2723 4754 ὑ
2802 4696 2894 4722 ’ρ
3005 4703 3031 4757 ἷ
3230 4700 3243 4719 ’
3368 4697 3423 4756 δ’
3692 4703 3711 4759 ἰ

2212 4769 2220 4776 θ
2452 4740 2473 4753 ..
2727 4720 2999 4767 ποοεοιικυ
3033 4722 3084 4757 αι
3147 4722 3315 4779 ταυτῃ
3398 4721 3616 4778 υναμεις
3662 4723 3686 4758 ε
3715 4725 3793 4778 σι,

394 4779 644 4842 tandum
669 4779 1008 4852 adducitur,
1047 4789 1306 4842 attamen
1340 4798 1457 4842 non
1501 4779 1803 4863 dejicitur,
1851 4801 2050 4863 neque

2135 4784 2375 4865 πρόεισιν
2409 4785 2481 4851 έῖς
2512 4785 2742 4863 ἐκείνας,
2799 4786 3012 4849 διδοῦσα
3068 4790 3168 4859 τὴν
3226 4788 3442 4865 δύναμιν
3471 4792 3607 4848 κατὰ
3646 4794 3800 4850 θείαν

395 4886 519 4951 ιιι-ιε
547 4869 958 4931 imbecillitate
988 4869 1343 4931 deiformem
1377 4878 1602 4935 motum
1659 4871 1907 4953 deserit,
1937 4872 2041 4935 sed

2135 4874 2345 4941 πάντως
2377 4875 2627 4951 μίμησιν,
2683 4880 2791 4945 Τὴν
2824 4875 2879 4934 δὲ
2935 4885 3041 4936 τῶν
3093 4880 3258 4959 ἁγίων
3310 4876 3559 4946 ἐξουσιῶν
3594 4879 3797 4960 ἐκφαν-

395 4966 741 5022 constanter
774 4960 1035 5021 intuetur
1064 4959 1126 5019 in
1154 4960 1429 5021 virtutem
1492 4960 1655 5024 omni
1715 4962 2046 5025 substantia

395 5048 794 5131 superiorem,
823 5057 884 5111 et
904 5049 1293 5128 ipsarummet
1308 5049 1599 5113 virtutum
1623 5050 2040 5134 conditricem,

394 5138 812 5220 ejusdemque,
840 5139 1032 5220 quoad
1068 5138 1198 5199 fieri
1233 5148 1445 5219 potest,
1480 5140 1673 5219 imago
1715 5139 2042 5204 virtutifor-

394 5227 513 5291 mis
545 5228 821 5292 edicitur.
855 5227 1374 5300 Quemadmodum
1406 5231 1568 5291 enim
1600 5236 1810 5292 natura
1847 5230 2043 5293 divina

390 5315 482 5382 illi
516 5317 789 5381 virtutem
813 5317 1174 5400 suppeditat,
1198 5318 1284 5382 sic
1302 5328 1360 5382 et
1383 5319 1509 5381 haec
1532 5317 1924 5382 inferioribus
1949 5339 1963 5380 :
1990 5328 2049 5381 et

393 5408 730 5470 secundum
754 5408 910 5490 quod
935 5407 1176 5490 quidem
1200 5409 1329 5490 ipsa
1369 5407 1550 5471 virtus
1573 5416 1685 5490 est,
1713 5411 2044 5472 secundum

394 5496 647 5578 primatu
671 5498 1065 5579 rationem,ad
1090 5497 1490 5561 differentiam
1517 5514 1727 5561 earum
1753 5518 1882 5580 qua)
1913 5506 2048 5583 post

395 5591 584 5666 ipsam
612 5598 751 5650 sunt
777 5588 914 5669 (hoc
935 5588 1096 5650 enim
1122 5596 1213 5651 est
1234 5587 1596 5670 ἀρχιδὺναμος
1621 5606 1725 5651 seu
1756 5592 2046 5672 princeps

398 5677 719 5755 virtutum)
746 5676 920 5765 juxta
947 5678 1196 5763 gratiam
1227 5676 1343 5743 sibi
1371 5696 1407 5742 a
1435 5675 1557 5743 Deo
1586 5677 1783 5743 datam
1836 5681 2036 5766 habet,

2126 4965 2343 5042 τορικὴν
2375 4965 2661 5041 ὀνομασίαν
2692 4967 2850 5030 οἶμαι
2885 4965 3103 5045 δηλοῦν,
3154 4968 3273 5037 ἥτις
3331 4968 3441 5027 ἐστὶ
3497 4970 3586 5026 καὶ
3646 4972 3790 5044 ὁμο-

2125 5053 2293 5133 ταγὴς
2357 5060 2463 5111 τῶν
2529 5054 2931 5135 προῤῥηθέντων
2990 5055 3079 5114 δύο
3137 5081 3203 5116 τα
3224 5058 3454 5141 (μάτων,
3495 5059 3596 5125 τὴν
3626 5063 3794 5119 εὐτα-

2126 5140 2236 5209 ξίαν
2293 5144 2391 5209 τὴν
2450 5142 2710 5221 εὔκοσμον
2769 5148 2853 5204 κσὶ
2885 5147 3219 5229 ἆσιῖμφυρτον
3289 5147 3409 5227 περί
3480 5146 3575 5213 τάς
3644 5150 3792 5215 θείας

2128 5231 2465 5310 ἒλλάμψεκ*
2528 5242 2683 5294 τοῦτο
2732 5237 2833 5315 γὰρ
2882 5236 3025 5294 ἔστιν
3071 5236 3207 5295 ἴδιον
3254 5243 3352 5306 τῆς
3408 5235 3668 5311 ἐξουσίας,
3728 5241 3794 5297 τῦ

2129 5324 2269 5380 κατὰ
2320 5324 2465 5391 τάξιν
2519 5322 2586 5382 τά
2648 5326 3091 5405 παρεμπίπτοντα
3140 5325 3450 5408 διευθετεϊν,
3511 5329 3599 5385 καὶ
3657 5326 3794 5411 δίχα

2129 5414 2269 5479 τινὸς
2316 5414 2676 5493 περπερισμοῦ
2732 5415 2821 5473 καὶ
2879 5417 3242 5499 συμφῦρσεως.
3331 5417 3484 5475 Ἐπεὶ
3567 5419 3670 5498 γὰρ
3758 5422 3795 5489 ἡ

2128 5503 2335 5571 ἐξουσία
2384 5503 2601 5581 δύναμίς
2655 5507 2772 5563 ἔστι
2822 5507 2961 5565 κατὰ
3018 5506 3113 5577 τήν
3170 5507 3367 5576 ἑαυτῆς
3411 5508 3795 5588 προσήκουσαν

2127 5592 2367 5673 θέλησιν,
2404 5592 2517 5675 (ἵνα
2549 5616 2599 5651 τι
2643 5594 2885 5663 ἀτάκτως
2938 5598 3027 5654 καὶ
3083 5602 3452 5679 συμφυρτικῶς
3504 5598 3540 5666 ἢ
3585 5596 3724 5675 εἴπῃ
3757 5598 3797 5668 ἦ

2127 5682 2477 5767 διαπράξηται
2534 5687 2562 5744 ὁ
2622 5682 2961 5770 ἐξουσιάζων,
3007 5688 3082 5752 εἷς
3135 5688 3163 5745 ὃ
3221 5690 3382 5768 μόνον
3433 5685 3646 5746 δύναται
3700 5711 3795 5750 και
