4052 6432
214 380 348 458 ’249

625 392 724 455 DE
760 389 1108 454 C(ELESTI
1150 386 1662 467 HIERARCHIA,
1713 385 1878 446 CAP.
1924 383 2089 447 VIII.
2138 415 2217 427 -—
2258 381 2644 445 PARAPHR.
2696 383 3219 447 PACHYMER/E.
3300 418 3301 421 η

3514 376 3632 448 250

214 528 527 601 ὶξουσιάζει,
589 527 679 585 καὶ
738 525 825 582 ὅτε
884 526 965 602 μὴ
1008 524 1372 601 παρεμπίπτει
1417 521 1603 589 ἔξωθέν
1660 535 1720 579 τϊ
1781 522 1872 591 τὴν

1964 539 2029 595 ιιι
2057 530 2127 595 ad
2150 535 2338 596 Deum
2352 530 2642 595 virtutum
2668 540 2973 595 auctorem
3002 531 3195 594 valide
3212 549 3497 595 conversa
3524 532 3625 595 sit:

214 618 451 686 ἔξωσίαν
510 610 820 675 διακόπτον·
882 616 1005 673 τότε
1067 615 1168 694 γὰρ
1211 616 1273 672 οὔ
1339 619 1432 670 τοῦ
1487 611 1878 684 ἐξουσιάζοντός

210 710 351 766 ἐστιν
410 710 447 779 ἡ
502 707 708 774 ἐξουσία
739 754 759 778 ,
820 704 959 763 ἀλλὰ
1016 713 1107 763 τοῦ
1165 711 1349 782 καιροῦ
1382 750 1399 779 ,
1473 702 1508 771 ἥ
1563 705 1733 782 τυχὸν
1788 704 1881 759 τοῦ

207 799 418 879 ἐχθροῦ,
466 798 503 865 ἤ
559 803 659 865 τῆς
717 797 890 865 λύπης
963 794 1127 853 ἄλλου
1170 794 1339 872 τινός)
1373 810 1386 824 ⁵
1418 794 1575 851 τοῦτὸ
1618 793 1728 850 ἐστι
1789 788 1878 851 καὶ

205 890 291 947 hri
322 890 429 946 τῶν
473 889 628 946 θείων
684 885 956 954 ἔξουσιῶν,
1013 884 1163 945 Ἐπεὶ
1229 886 1329 964 γὰρ
1371 891 1535 942 ταῦτα
1578 884 1750 941 πάντα
1777 883 1877 940 ἆλ-

204 979 393 1058 λότριά
450 980 552 1036 είσι
609 978 837 1052 τούτων,
902 976 1083 1057 ἔχουσι
1140 974 1194 1032 δὲ
1254 978 1355 1043 τὴν
1432 974 1669 1041 ἐξοῦσίαν
1740 975 1877 1031 κατᾶ

202 1071 343 1128 θείαν
388 1070 555 1150 χάριν
621 1066 818 1148 ἀδιεχῆ
888 1069 978 1124 καὶ
1046 1065 1360 1139 ἁδιάκοπον,
1407 1063 1762 1147 ὑποδέχονται
1791 1062 1877 1122 καὶ

199 1160 292 1223 τὰς
353 1160 497 1224 θείας
559 1157 856 1234 ἐλλάμψεις
900 1156 1175 1231 εὐκόσμως
1232 1158 1319 1212 καὶ
1381 1155 1751 1235 ἀσυμφύρτως,
1785 1154 1876 1211 καί

199 1249 447 1308 εὔτακτοι
502 1251 603 1307 εἶσι
657 1250 788 1327 πρτὶς
834 1249 933 1315 τὴν
992 1246 1175 1326 νοεράν
1226 1245 1314 1302 καὶ
1378 1245 1733 1323 ὑπερκὸσμιον
1776 1246 1876 1301 αὖ·

195 1339 613 1407 τεξουσιότητα.
671 1339 754 1396 ἀεί
805 1339 906 1417 γὰρ
965 1336 1296 1403 αὐτεξούσιοί
1346 1336 1468 1410 εἶσί,
1528 1337 1617 1392 καὶ
1661 1336 1720 1392 οὗ
1750 1325 1878 1392 ποτέ

197 1431 299 1507 μὲν
362 1429 531 1505 οὕτω,
590 1430 722 1487 ποτὲ
775 1427 830 1486 δὲ
886 1427 1089 1493 ἄλλως.
1144 1426 1297 1485 Ἐπεὶ
1330 1424 1383 1483 δὲ
1407 1426 1505 1495 τῆς
1530 1426 1788 1499 ἐξουσίας,
1821 1426 1880 1481 τὸ

195 1521 294 1596 μέν
358 1520 505 1578 ἐστιν
560 1520 835 1600 ἔνθεσμον,
916 1519 978 1577 τὰ
1048 1517 1103 1575 δὲ
1174 1518 1482 1595 τυραννικὸν
1553 1518 1877 1597 (ἐπιφέρεται

193 1612 294 1689 γὰρ
327 1613 365 1680 ἡ
397 1611 608 1678 ἐξουσία
665 1612 754 1667 καὶ
809 1610 909 1678 τὴ)
967 1608 1240 1689 τυραννίδα
1302 1610 1440 1666 κατὰ
1496 1609 1584 1685 τὸ,
1649 1610 1750 1666 Τὸν
1781 1608 1876 1664 τύ·-

194 1724 391 1779 ραννον
442 1704 505 1758 οὗ
572 1700 749 1778 ῥοίδιον
805 1699 1096 1780 εὖσεϐεἴν),
1157 1700 1245 1755 καὶ
1301 1699 1393 1755 ὅτε
1454 1697 1552 1772 μὲν
1620 1705 1712 1756 τοῦ
1784 1697 1875 1753 ἐν-

192 1794 397 1865 θὲσμου
446 1790 634 1871 ἔχεται
684 1793 719 1859 ἡ
776 1790 983 1857 ἒξουσία
1016 1839 1032 1870 ,
1098 1789 1398 1868 ἀκράττιτος
1461 1787 1574 1845 ἐστι
1624 1790 1755 1866 πρὸς
1814 1780 1875 1844 τὸ

1966 630 2027 685 in
2059 631 2347 706 quantum
2402 641 2540 684 vero
2598 623 2774 686 etiam
2803 623 3124 686 inferiores
3153 623 3226 684 ab
3270 623 3381 683 hac
3406 620 3630 685 habent

1964 714 2123 794 quod
2156 712 2398 775 virtutes
2420 713 2690 794 sint,vim
2714 732 2880 776 suam
2910 714 2975 775 in
3011 712 3142 775 illas
3158 713 3374 793 trajicit
3402 731 3472 774 ac
3502 712 3626 774 dis-

1965 802 2191 884 tribuit,
2226 803 2555 865 secundum
2595 801 2851 866 divinam
2903 822 3148 884 prorsus
3204 800 3623 865 imitationem.

1962 895 2148 958 Porro
2170 912 2387 956 nomen
2416 902 2760 956 sanctarum
2788 903 3140 974 potestatum
3166 892 3619 970 declarativum,

1963 985 2231 1049 existimo
2263 984 2602 1064 signiﬁcare
2652 984 2925 1047 ordinem
2982 983 3284 1063 prazdictis
3318 982 3435 1044 illis
3471 982 3626 1044 duo-

1963 1073 2073 1136 bus
2125 1077 2435 1155 azqualem,
2502 1074 2653 1137 bene
2706 1074 3070 1152 ordinatum,
3127 1074 3412 1137 decorum
3446 1072 3539 1133 80
3569 1079 3627 1135 et

1962 1156 2339 1228 inconfusum
2370 1167 2532 1228 circa
2554 1166 2785 1228 divinas
2807 1166 3238 1228 illustrationes
3269 1183 3282 1228 :
3314 1166 3620 1246 proprium

1966 1256 2126 1319 enim
2175 1258 2478 1337 potestatis
2510 1265 2621 1337 est,
2656 1276 2727 1319 ea
2774 1276 2909 1335 quae
2939 1255 3212 1317 incidunt
3261 1256 3319 1317 in
3354 1255 3624 1317 ordinem

1964 1346 2248 1424 dirigere,
2278 1347 2457 1428 idque
2487 1347 2619 1410 sine
2643 1350 2982 1410 temeritate
3000 1365 3068 1408 ac
3091 1345 3624 1409 confusione.Cum

1961 1438 2120 1498 enim
2178 1446 2435 1518 potestas
2492 1440 2676 1506 virtus
2733 1438 2813 1500 sit
2868 1436 3199 1499 secundum
3250 1436 3623 1497 voluntatem

1959 1526 2071 1606 ipsi
2098 1528 2551 1590 convenientem
2585 1529 2675 1606 (ut
2706 1528 2765 1588 in
2790 1527 3066 1589 ordinate
3114 1526 3255 1606 quid
3290 1532 3348 1587 et
3376 1523 3624 1585 confuse

1961 1616 2052 1679 vel
2084 1616 2244 1679 dicat
2273 1618 2364 1679 vel
2388 1626 2520 1697 agat
2552 1618 2605 1681 is
2635 1618 2737 1697 qui
2773 1618 3052 1697 praeditus
3084 1626 3174 1678 est
3207 1623 3525 1694 potestate,
3559 1612 3620 1673 in

1962 1706 2116 1786 quod
2147 1707 2335 1769 solum
2371 1716 2580 1784 potens
2611 1708 2686 1772 sit
2710 1717 2774 1770 et
2806 1714 3153 1787 potestatem
3201 1704 3623 1783 habeat,idque

1962 1795 2201 1872 quando
2254 1797 2402 1859 nihil
2463 1797 2672 1859 incidit
2730 1797 3100 1859 extrinsecus
3142 1794 3482 1875 impediens
3513 1812 3622 1873 po-

192 1882 399 1961 ἀγαθόν
434 1898 448 1911 ·
486 1881 573 1938 ὅτε
619 1880 674 1936 δὲ
730 1888 823 1938 τοῦ
882 1879 1111 1955 ἀθέσμου
1139 1881 1227 1937 καὶ
1258 1886 1589 1958 τυραννικοῦ,
1641 1885 1708 1956 τῇ
1741 1900 1872 1958 σερε-

1967 1894 2234 1947 testatem
2277 1907 2293 1961 ;
2328 1895 2466 1949 tunc
2500 1888 2705 1967 utique
2739 1907 2855 1949 non
2890 1897 2980 1948 est
3004 1894 3263 1966 potestas
3284 1885 3395 1947 ista
3428 1891 3624 1964 potes-

188 1973 317 2049 τέρᾳ
350 1971 573 2047 δυνάμει
627 1972 758 2037 πρὸς
802 1972 870 2027 τὰ
929 1971 1098 2050 χείρω
1156 1968 1539 2049 ἀποκέχρηται
1579 1984 1591 1998 '
1638 1982 1876 2027 ποιεῖται

188 2061 418 2119 ἐνταῦθα
462 2062 564 2129 τὴν
629 2059 880 2136 διαίρεσιν
938 2065 1037 2127 τῆς
1096 2057 1329 2124 ἐξουσίας
1362 2062 1388 2115 ὁ
1422 2059 1593 2138 ἅγιος,
1664 2061 1750 2115 καὶ
1783 2059 1874 2116 λέ-

190 2172 297 2230 γει,
376 2153 461 2209 ὅτι
522 2153 583 2208 οὒ
642 2154 960 2229 τυρᾶννικῶς
993 2150 1083 2205 ἐπὶ
1140 2150 1205 2205 τὰ
1237 2150 1407 2229 χείρω
1441 2163 1560 2211 ταῖς
1595 2148 1876 2226 δυνάμεσιν

191 2242 606 2323 ἀποκέχρηνται
666 2245 716 2298 αἱ
774 2241 921 2318 ἃγιαι
983 2238 1233 2317 ἐξουσίαι⁷
1310 2238 1445 2295 ἀλλὰ
1502 2239 1586 2296 ἐπὶ
1646 2241 1710 2297 τὰ
1755 2244 1875 2297 θεῖα

196 2335 539 2414 ἀκρατήτως,
593 2330 723 2409 ὅπερ
782 2330 922 2388 ἐστὶν
981 2329 1120 2388 ἴδιον
1158 2334 1257 2394 τῆς
1304 2327 1536 2394 ἐξουσίας
1570 2327 1689 2406 μετ’
1716 2333 1873 2387 εὔτα-

202 2422 324 2497 ξίας,
358 2425 389 2479 ὅ
446 2424 538 2481 καὶ
598 2423 725 2481 αὐτὸ
782 2424 874 2478 τοῦ
929 2420 1180 2495 ἐνθὲσμου
1205 2424 1303 2486 τῆς
1350 2420 1606 2485 ἐξουσίας,
1642 2423 1730 2488 Μὴ
1765 2424 1871 2496 μό·-

207 2538 284 2572 νον
337 2517 492 2570 αὗται
552 2511 867 2589 ἂνάγονται,
930 2509 1066 2566 ἀλλὰ
1124 2512 1211 2565 καὶ
1270 2511 1336 2566 τὰ
1385 2499 1507 2585 μετ’
1571 2511 1727 2573 αὑτὰς
1770 2511 1869 2566 ἀν-

200 2607 405 2683 άγουσιν
471 2600 797 2681 ὰγαθεειδῶς
858 2605 977 2677 (οὒκ
1027 2601 1269 2679 ἔστιγὰρ
1302 2602 1512 2681 φθόνος,
1590 2600 1702 2660 οὐδὲ
1742 2600 1866 2679 γλι-

192 2698 430 2777 σχρότης
463 2718 572 2775 τις,
605 2692 721 2752 οὐδὲ
753 2691 1005 2772 φειδωλία
1035 2693 1110 2766 τῷ
1145 2693 1326 2769 ἀγαθῷ
1367 2710 1377 2722 ·
1417 2690 1436 2771 )
1471 2692 1564 2747 καὶ
1609 2693 1736 2764 πρὸς
1767 2694 1866 2759 τὴν

193 2788 353 2845 αἰτίαν
413 2786 615 2865 αὐτῶν,
716 2785 782 2851 ἣν
847 2784 934 2840 καὶ
1020 2781 1380 2848 ἐξουπιοποιὸν
1441 2783 1531 2838 καὶ
1592 2781 1866 2861 ἐξουσιαρ-

186 2880 309 2958 χέαν
360 2877 525 2957 φησί,
587 2878 666 2946 (τὸ
728 2874 849 2953 μὲν,
902 2876 974 2936 ὡς
1032 2873 1125 2935 τὰς
1197 2872 1427 2937 ἐξουσίας
1462 2870 1868 2950 δημιουργήσα-

183 2990 275 3025 σαν
336 2970 430 3023 καὶ
490 2967 822 3043 ποιήσασαν,
883 2965 945 3020 τὸ
1004 2961 1082 3042 δέ,
1141 2965 1214 3027 ὡς
1246 2969 1350 3020 τῶν
1384 2962 1625 3028 ἐξουσίιῦν
1658 2961 1866 3043 ἄρχου-

182 3059 335 3137 σαν,)
369 3060 785 3137 ἀφομοιοῦν-ται,
848 3058 918 3120 ὼς
963 3055 1199 3127 θεμιτόν.
1264 3060 1430 3115 Τοῦτο
1461 3053 1560 3131 γὰρ
1590 3054 1731 3109 ἐστιν
1764 3054 1864 3109 αὒ-

180 3154 302 3215 ταῖς
336 3151 375 3217 ἡ
410 3147 712 3221 τελείωσις,
746 3148 780 3213 ἡ
813 3147 947 3202 κατὰ
982 3146 1040 3201 τὸ
1084 3145 1297 3224 εφικτὸν
1342 3144 1669 3223 ἀφομοίωσις
1706 3164 1717 3176 ·
1778 3135 1859 3200 καιἶ
1884 3186 1926 3238 C

178 3241 386 3307 ταύτην
446 3238 550 3304 τὴν
596 3237 738 3293 θείαν
769 3235 1121 3316 ἀφομοίωσιν,
1184 3235 1361 3297 καθὼς
1419 3233 1495 3290 ἔνι
1528 3235 1582 3288 ἐν
1613 3247 1731 3297 τοῖς
1760 3234 1863 3311 ἆγ-

180 3330 393 3409 γέλοις,
489 3326 891 3401 ἀναλάμπουσιν
959 3325 1013 3380 ἓν
1070 3336 1192 3387 ταῖς
1251 3324 1386 3380 κατὰ
1445 3323 1639 3388 ταύτας
1714 3323 1867 3383 εὐκό-

182 3443 345 3496 σμοις
391 3418 576 3483 τάξεσι
633 3422 731 3484 τῆς
792 3415 1188 3481 ἐξουσιαστιγῆς
1273 3412 1566 3493 δυνὰμεως,
1622 3412 1866 3481 δηλονότι

181 3512 230 3569 ἐν
297 3523 430 3574 ταῖς
489 3507 741 3581 δυνάμεσι
797 3507 884 3562 καὶ
928 3505 982 3561 ιν
1042 3518 1162 3568 ταῖς
1194 3504 1520 3583 κυριότησιν.
1572 3504 1723 3561 αὗται
1770 3506 1870 3589 γὰρ

181 3606 317 3661 εἰσιν
384 3601 441 3658 Ei.
484 3597 609 3656 κατ’
670 3597 832 3660 αὒτᾶς
897 3596 985 3658 τὰς
1042 3594 1239 3668 τάξεις,
1291 3596 1345 3652 Εἰ
1402 3595 1501 3672 γὰρ
1563 3597 1869 3669 μιμνησκό.

178 3697 349 3770 μεθα,
420 3688 684 3767 ἐλέγομεν
736 3687 1053 3765 ἔμπροσθεν,
1088 3684 1169 3741 ὅτι
1232 3684 1296 3742 τὰ
1324 3690 1488 3740 πᾶσιν
1530 3684 1865 3763 ὑπάρχοντα,

177 3783 347 3844 ἰδίως
404 3781 618 3851 ἑκάστῳ
674 3777 762 3833 ἐπὶ
823 3775 983 3833 πλέον
1041 3773 1461 3855 ἆπονενέμηται,
1506 3775 1598 3831 ’ίνα
1637 3776 1868 3831 ἐντεῦθεν

179 3876 245 3931 τὰ
305 3871 411 3939 τῆς
457 3868 658 3934 τάξεως
709 3865 1254 3954 διαφυλαχθήσηταυ
1304 3872 1458 3921 τοῦτο
1510 3866 1608 3943 γὰρ
1665 3864 1869 3938 σημαί-

182 3986 258 4020 νει
325 3962 418 4019 καὶ
466 3960 528 4016 τὸ
599 3956 1044 4031 ἀναλαμποὺσης,
1123 3952 1205 4012 Ἠ
1264 3956 1352 4010 καὶ
1396 3953 1570 4017 ἄλλως
1632 3956 1693 4010 τὸ
1737 3954 1867 4009 ἀνα-

184 4052 543 4129 λαμπούσης,
594 4046 678 4103 διὰ
725 4047 823 4113 τὴν
884 4052 976 4102 τοῦ
1019 4046 1196 4126 φωτὸς
1256 4042 1495 4111 ἰδιότητα
1535 4063 1551 4080 ο
1599 4044 1868 4124 ἀνωφερὲς

179 4146 284 4223 γὰρ
326 4148 388 4199 τὸ
448 4140 586 4219 φῶς,
629 4140 673 4194 εί
704 4138 793 4193 καὶ
837 4138 873 4204 ἡ
928 4136 1118 4193 τούτου
1169 4133 1437 4209 ἕλλαμψις
1486 4136 1574 4191 καὶ
1630 4134 1682 4191 ἐν
1742 4135 1864 4198 τοῖς

180 4235 340 4294 uiuis
398 4234 624 4310 γίνεται,
692 4226 991 4305 Πλὴρώσας
1056 4226 1150 4289 τὰς
1182 4226 1437 4290 θεοειδεῖς
1475 4223 1741 4292 ἰδιότητας
1770 4231 1866 4291 τῆς

182 4325 366 4400 μέσης
428 4320 841 4393 διακοσμήσεως
910 4362 927 4392 ,
1004 4315 1242 4386 μέτεισιν
1301 4316 1385 4372 ἐπὶ
1443 4319 1542 4384 τῆν
1594 4317 1867 4395 ἱεραρχίαν

182 4416 389 4486 αὐτῶν,
454 4412 553 4477 τὴν
608 4409 885 4485 κάθαρσιν,
950 4408 1041 4462 τὸν
1095 4408 1390 4485 φωτισμὸν,
1439 4406 1539 4472 τήν
1568 4404 1863 4462 τελείωσιν.

187 4505 519 4580 Καθαίρεται
578 4500 777 4578 τοίνυν,
851 4498 940 4553 καὶ
986 4497 1288 4578 φωτίζεται,
1324 4498 1412 4553 καὶ
1471 4494 1862 4572 τελεσιουργει-

1963 1983 2138 2037 tatem
2172 1976 2586 2051 habentis,sed
2622 1976 3034 2057 temporis,vel
3058 1977 3209 2039 forte
3240 1973 3493 2047 inimici,
3532 1969 3622 2033 vel

1964 2066 2218 2128 tristitiae
2246 2067 2334 2127 vel
2365 2066 2618 2147 alicujus
2646 2067 2940 2139 alterius),
2998 2069 3108 2127 hoc
3140 2066 3199 2126 in
3234 2062 3619 2145 potestatibus

1963 2155 2143 2217 etiam
2174 2156 2390 2219 divinis
2423 2158 2617 2219 locum
2653 2158 2848 2219 habet.
2889 2156 3032 2220 Cum
3068 2155 3226 2217 enim
3254 2155 3379 2216 haec
3423 2153 3623 2214 omnia

1962 2244 2035 2307 ab
2085 2246 2232 2325 ipsis
2288 2247 2482 2310 aliena
2537 2248 2678 2327 sint,
2741 2248 2998 2310 habeant
3041 2254 3236 2308 autem
3268 2252 3616 2323 potestatem

1961 2352 1992 2397 a
2042 2335 2239 2397 divina
2297 2339 2485 2414 gratia
2535 2339 2852 2400 indivisam
2910 2346 3086 2418 atque
3146 2334 3614 2405 indelicientem,

1959 2425 2188 2487 divinas
2222 2426 2400 2488 etiam
2436 2427 2868 2490 illustrationes
2912 2426 3185 2489 ordinate
3218 2433 3277 2486 et
3308 2423 3619 2485 inconfuse

1955 2516 2271 2594 recipiunt,
2320 2534 2388 2579 ac
2440 2516 2593 2578 bene
2648 2517 2914 2596 dispositi
2972 2525 3112 2579 sunt
3166 2515 3238 2576 ad
3284 2513 3611 2593 spiritalem

1955 2613 2013 2666 et
2066 2606 2462 2687 supermundi
2514 2608 2666 2669 alem
2719 2608 2948 2669 arbitrii
3015 2606 3405 2675 libertatem;
3466 2622 3614 2683 quo-

1954 2694 2112 2757 niam
2146 2714 2391 2773 semper
2420 2697 2649 2759 arbitrii
2696 2698 2787 2759 sui
2820 2706 3168 2777 potestatem
3217 2695 3465 2766 habent,
3500 2711 3611 2755 nec

1953 2785 2133 2847 modo
2187 2785 2427 2866 quidem
2478 2790 2589 2859 sic,
2626 2788 2803 2850 modo
2849 2806 2992 2850 vero
3024 2788 3197 2849 aliter
3227 2784 3421 2847 affecti
3454 2791 3613 2846 sunt.

1955 2874 2100 2938 Cum
2150 2885 2348 2938 autem
2383 2885 2649 2956 potestas
2680 2878 2793 2941 alia
2817 2879 3058 2959 quidem
3094 2878 3356 2956 legitima
3380 2874 3483 2954 sit,
3508 2872 3624 2934 alia

1950 2984 2093 3027 vero
2134 2966 2438 3045 tyrannica
2470 2967 2684 3043 (infert
2712 2969 2868 3029 enim
2906 2976 3160 3050 potestas
3207 2965 3384 3027 etiam
3416 2972 3619 3044 tyran-

1951 3054 2177 3130 nidem,
2199 3057 2370 3136 juxta
2404 3057 2575 3136 iliud,
2612 3061 2972 3137 Tyrannum
3004 3077 3125 3120 non
3147 3056 3329 3136 facile
3356 3061 3440 3116 est
3469 3052 3622 3116 cole-

1950 3147 2058 3222 re),
2093 3155 2153 3209 et
2175 3147 2410 3226 quando
2442 3148 2681 3227 quidem
2710 3149 2977 3227 legitima
3001 3156 3261 3227 potestas
3281 3145 3608 3219 obtinetur,

1951 3236 2164 3297 invicta
2194 3245 2283 3298 est
2327 3237 2401 3299 ad
2459 3237 2677 3300 bonum
2719 3260 2734 3316 ;
2781 3238 3017 3319 quando
3057 3246 3255 3299 autem
3311 3233 3621 3313 illegitima

1954 3334 2010 3386 et
2041 3328 2380 3402 tyrannica,
2421 3336 2561 3390 tunc
2596 3328 2837 3408 propria
2860 3329 2910 3389 vi
2942 3328 3011 3389 ad
3049 3328 3267 3389 malum
3301 3324 3565 3386 abutitur
3597 3341 3612 3382 :

1952 3416 2093 3477 facit
2150 3416 2245 3477 hic
2275 3432 2517 3479 sancms
2574 3419 2933 3481 divisionem
2972 3416 3305 3498 potestatis,
3331 3434 3401 3476 ac
3446 3413 3611 3485 dicit,

1954 3506 2206 3568 virtutes
2223 3516 2454 3570 sanctas
2501 3526 2618 3570 non
2656 3508 2964 3588 tyrannica
2995 3509 3067 3568 ad
3116 3507 3269 3568 mala
3297 3504 3618 3565 virtutibus

1954 3594 2142 3669 abuti,
2180 3596 2283 3657 sed
2315 3598 2512 3658 animo
2546 3597 2763 3660 invicto
2795 3598 2868 3659 ad
2902 3597 3100 3659 divina
3131 3597 3377 3658 tendere
3412 3615 3425 3657 :
3456 3592 3611 3671 quod

1954 3696 2045 3748 est
2106 3687 2414 3766 proprium
2476 3688 2780 3766 potestatis
2844 3687 2997 3750 bene
3044 3686 3379 3764 ordinata},
3440 3691 3618 3763 atque

1953 3776 2106 3838 adeo
2139 3776 2318 3837 etiam
2353 3776 2654 3856 legitimas.
2705 3776 2909 3858 Neque
2954 3786 3177 3839 tantum
3229 3775 3371 3855 ipsa:
3401 3772 3470 3833 ad
3502 3790 3608 3833 su-

1956 3883 2141 3943 perna
2170 3875 2501 3940 transeunt,
2538 3886 2737 3929 verum
2774 3867 2951 3929 etiam
2984 3866 3268 3928 inferiora
3302 3881 3406 3925 sua
3437 3862 3609 3923 boni-

1952 3952 2224 4016 formiter
2243 3955 2547 4016 adducunt
2576 3961 2721 4027 (non
2749 3956 2905 4017 enim
2924 3965 3014 4017 est
3039 3956 3485 4033 invidia,neque
3521 3963 3611 4013 te-

1952 4043 2201 4123 nacitas,
2237 4064 2431 4126 neque
2452 4046 2818 4125 parcimonia
2852 4046 3064 4126 bono),
3097 4056 3155 4107 et
3186 4045 3257 4107 ad
3291 4045 3612 4105 Auctorem

1950 4153 2146 4216 suum,
2194 4153 2371 4215 quem
2400 4136 2801 4215 potentificum
2835 4144 2893 4198 et
2918 4136 3193 4217 potentiae
3215 4132 3613 4215 principatum

1951 4233 2121 4285 vocat
2174 4224 2347 4304 (illud
2390 4225 2636 4302 quidem
2667 4274 2682 4299 ,
2733 4228 3016 4305 quoniam
3088 4230 3413 4303 potestates
3477 4240 3617 4282 con-

1953 4313 2103 4376 didit
2134 4332 2201 4375 ac
2224 4315 2447 4375 creavit
2479 4339 2493 4391 ς
2529 4315 2641 4377 hoc
2686 4334 2827 4378 vero
2873 4316 3015 4393 qnia
3041 4321 3368 4393 potestates
3410 4311 3611 4391 regit),

1953 4414 2236 4486 quantum
2277 4407 2362 4466 fas
2395 4414 2507 4479 est,
2539 4407 2968 4471 assimilantur.
3005 4406 3311 4487 Siquidem
3349 4407 3610 4482 ipsarum

1953 4496 2235 4574 perfectio
2265 4506 2354 4556 est
2378 4496 2506 4576 Dei,
2543 4506 2763 4577 quanta
2795 4497 2921 4557 ﬁeri
2958 4506 3173 4577 potest,
3209 4495 3558 4556 assimilatio
3592 4506 3607 4577 ξ

188 4617 274 4651 ται
335 4591 458 4649 καθ’
528 4589 587 4646 ὅν
636 4587 850 4667 εἴρηται
882 4587 1075 4658 τρόπον
1129 4586 1213 4643 ἐπὶ
1243 4592 1310 4661 τῇ
1340 4584 1526 4661 πρώτῃ
1558 4582 1863 4659 διακοσμή-

1957 4586 2225 4666 hancque
2278 4574 2532 4646 divinam
2563 4574 3102 4667 _assimilationem,
3153 4592 3435 4666 quantum
3471 4574 3613 4645 licet

196 4706 300 4763 est,
359 4682 441 4738 ὃτι
498 4680 716 4745 κάκείνη
761 4678 848 4733 καὶ
879 4676 1013 4743 αὕτη
1057 4677 1159 4733 ὑπὸ
1190 4682 1294 4732 τῶν
1326 4675 1623 4753 θεαρχικών
1652 4673 1859 4743 ἐλλάμ-

1957 4676 2191 4755 angelis,
2235 4676 2655 4737 accenduntin
2692 4678 2817 4738 suis
2862 4676 3259 4739 ornatissimis
3301 4672 3614 4739 ordinibus

204 4762 368 4849 ψεων,
397 4770 542 4840 πλὴν
575 4769 711 4836 αὕτη
769 4765 1018 4845 δευτέρως
1067 4765 1151 4821 διὰ
1199 4765 1294 4833 τῆς
1337 4766 1553 4842 πρώτης
1592 4784 1606 4801 ·
1640 4763 1730 4820 διὰ
1761 4766 1861 4843 γὰρ

1957 4772 2310 4847 potestativae
2332 4765 2583 4840 virtutis,
2607 4766 2839 4829 scilicet
2872 4766 2928 4828 in
2962 4765 3280 4829 virtutibus
3317 4773 3375 4826 et
3407 4762 3609 4825 domi-

195 4862 366 4938 μέσης
396 4862 604 4927 ἐκείνης
658 4863 754 4934 τῇς
802 4860 1165 4936 πρωτοφανῶς
1220 4856 1456 4933 ἐχούσης
1485 4856 1578 4918 τὰς
1635 4856 1858 4911 τελειώ-

1957 4854 2287 4918 nationibus
2321 4873 2337 4930 ;
2374 4857 2465 4917 hae
2508 4855 2667 4917 enim
2712 4867 2852 4918 sunt
2884 4855 3113 4917 ordinis
3146 4855 3414 4935 ejusdem
3469 4872 3609 4915 cum

188 4974 324 5031 nec,
362 4950 755 5028 δευτεροφανῶς
790 4950 841 5003 αἱ
863 4945 1158 5021 ἐλλάμψεις
1190 4944 1692 5022 διαπορθμεῦονται,

1957 4946 2036 5007 is.
2070 4944 2379 5025 Siquidem
2413 4954 2576 5007 recte
2637 4946 3047 5015 meminimus,
3098 4946 3360 5007 diximus
3410 4952 3608 5017 antea,

187 5039 487 5123 quidquid
520 5037 852 5101 universim
886 5034 1127 5115 accidit,
1164 5033 1413 5096 cuilibet
1442 5042 1504 5123 ut
1537 5033 1863 5113 plurimum
1896 5036 2229 5098 secundum
2264 5035 2506 5096 modum
2543 5036 2853 5114 proprium
2921 5036 3227 5115 distribui,
3286 5043 3350 5097 ut
3401 5034 3488 5096 sic
3545 5052 3615 5095 ea

191 5122 319 5211 quae
353 5137 499 5191 sunt
529 5126 764 5189 ordinis
796 5133 1162 5202 serventur;
1227 5124 1341 5184 hoc
1402 5122 1562 5184 enim
1623 5132 1865 5203 propter
1924 5124 2075 5186 lucis
2132 5123 2558 5203 protirietatem
2622 5124 2918 5204 significat
2949 5128 3123 5187 etiam
3156 5142 3267 5186 vox
3308 5123 3607 5187 accendit-

186 5221 296 5285 Vel
330 5220 519 5281 etiam
553 5217 731 5279 aliter
762 5216 1063 5289 accendit,
1101 5222 1349 5295 propter
1377 5213 1529 5275 lucis
1564 5214 2002 5294 proprietatem
2043 5233 2055 5277 :
2092 5214 2191 5275 lux
2252 5214 2411 5275 enim
2475 5233 2709 5275 sursum
2764 5215 2971 5282 fertur.
3039 5214 3275 5276 tametsi
3333 5216 3415 5273 8|
3480 5212 3611 5291 ejus

186 5303 523 5373 illustratio
573 5307 863 5369 deorsum
897 5305 1074 5366 etiam
1136 5304 1256 5367 ﬁat.
1320 5302 1722 5366 Deiformibus
1791 5304 2265 5386 proprietatibus
2298 5302 2513 5365 media:
2556 5303 3002 5366 distributionis
3031 5303 3343 5382 absolutis,
3405 5302 3616 5363 transit

180 5401 256 5463 ad
295 5417 513 5461 earnm
549 5394 982 5469 hierarchiam,
1019 5393 1076 5454 id
1110 5402 1224 5468 est,
1260 5392 1693 5473 expiationem,
1761 5392 2264 5456 illuminationem
2300 5401 2358 5455 et
2417 5393 2870 5475 perfectionem.
2925 5392 3210 5470 Expiatur
3266 5392 3488 5472 itaque,
3551 5397 3611 5453 et

179 5489 575 5553 illuminatur
608 5496 791 5567 atque
823 5484 1123 5564 perficitur
1158 5502 1229 5546 eo
1262 5483 1440 5545 modo
1470 5502 1588 5563 quo
1620 5483 1851 5545 dictum
1887 5491 1977 5546 est
2007 5485 2064 5545 in
2098 5483 2289 5565 prima
2320 5482 2771 5564 distributione,
2823 5484 3099 5563 quoniam
3156 5493 3270 5544 tam
3306 5481 3403 5544 illa
3431 5499 3608 5558 quam

176 5581 307 5643 tunc
344 5577 461 5641 sub
495 5576 720 5639 divinis
758 5584 849 5637 est
882 5572 1411 5654 illustrationibus,
1445 5591 1650 5636 verum
1690 5574 1815 5636 hinc
1845 5575 2112 5636 secundo
2147 5575 2278 5635 loco
2307 5590 2414 5653 per
2445 5573 2701 5654 primam
2730 5592 2744 5634 :
2779 5573 2882 5635 illa
2905 5574 3065 5636 enim
3122 5572 3426 5635 mediante
3477 5589 3610 5652 quas

185 5670 387 5751 prima
420 5669 557 5731 luce
588 5664 923 5747 perﬁcitur,
955 5663 1238 5727 secundae
1269 5663 1689 5726 illustrationis
1719 5662 1877 5726 radii
1906 5663 2313 5751 trajiciuntur.

264 5757 398 5842 §IL
436 5760 536 5817 Διά
566 5765 720 5817 τοῦτο
750 5758 851 5826 τὴν
918 5756 1088 5825 ἀκοὴν
1116 5756 1213 5826 τὴν
1257 5753 1324 5811 δι’
1372 5753 1534 5815 ἄλλου
1578 5756 1651 5818 εἰς
1690 5754 1853 5812 ἄλλον

2016 5750 2141 5834 §II.
2177 5753 2382 5836 Itaque
2441 5753 2740 5835 notitiam,
2790 5770 2922 5836 quae
2951 5771 2986 5815 a
3036 5752 3339 5835 Zacharia,
3387 5760 3446 5815 et
3480 5753 3602 5817 Da-
