4052 6426
417 390 525 456 251

1607 396 1666 458 S.
1720 392 2063 456 DIONYSII
2105 389 2615 456 AREOPAGITIE

3706 378 3821 449 252

417 531 668 605 niele,et
698 527 1011 612 Eyechiele
1058 527 1390 611 prophetis,
1425 546 1529 608 per
1571 528 1752 591 alium
1785 528 1856 590 ad
1889 527 2068 591 alium

2163 534 2384 615 ἕγγελον
2441 533 2735 613 λεγομένην
2781 531 3259 613 διαπορθμεύεσθαι
3320 530 3466 609 παρὰ
3507 551 3564 587 τε
3607 536 3687 607 τῷ
3712 539 3820 588 Ζα-

412 625 687 705 angelum
703 620 997 685 transfusa
1019 618 1613 691 dicitur,exemplum
1633 618 1921 682 faciamus
1941 637 2071 701 per-

415 715 693 779 fectionis
723 730 854 794 qum
878 710 1115 773 eminus
1144 716 1809 789 procurata,progressu
1840 727 1906 769 ac
1938 725 2070 789 pro-

412 806 648 868 fusione
679 801 1045 866 subobscure
1073 799 1145 860 ad
1169 797 1486 860 inferiores
1517 797 2072 877 pervenit.‘_0bscu-

412 915 544 959 ram
578 904 773 958 autem
803 889 1232 974 perfectionem
1277 888 1446 966 dixit,
1498 906 1614 948 non
1650 897 1894 969 [ποριεῖ
1926 905 2070 968 pro-

418 986 603 1069 priam
621 985 750 1065 ejus
763 977 1321 1069 remissionem,sed
1343 978 1939 1069 propterimbecillita
1954 988 2069 1038 tem

413 1068 830 1155 recipientium
868 1092 880 1132 :
907 1072 1021 1132 hoc
1041 1068 1819 1149 enim,signilicat,vocando
1849 1086 2067 1130 secun-

416 1167 523 1228 das
539 1173 734 1246 partes
762 1160 1131 1225 initiationis.
1166 1159 1225 1220 id
1261 1166 1352 1220 est
1389 1158 1698 1220 obscurius
1722 1157 1940 1219 initiari
1968 1174 2070 1219 se-

415 1255 629 1327 cunda.
666 1254 999 1315 Verborum
1033 1267 1277 1311 suorum
1310 1248 1647 1329 exemplum
1686 1248 1872 1310 sumit
1900 1247 1976 1309 ab
1999 1247 2073 1308 iis

416 1364 548 1428 quae
575 1344 733 1423 apud
763 1343 1035 1407 homines
1061 1348 1199 1402 sunt
1232 1338 1688 1413 initiationibus,
1724 1337 1905 1419 idque
1955 1356 2075 1428 non

418 1427 453 1498 a
482 1435 827 1515 semetipso,
862 1433 967 1494 sed
991 1432 1064 1492 ab
1099 1432 1367 1510 ipsismet
1397 1445 1704 1491 sacrorum
1742 1427 2079 1508 peritisini-

421 1525 734 1588 tiatoribus
765 1518 1529 1593 nostris.Quemadmodum
1557 1519 1715 1579 enim
1740 1516 1824 1577 illi
1846 1516 2072 1592 dicunt,

418 1635 525 1697 per
549 1634 614 1678 se
644 1623 1001 1695 apparentes
1048 1608 1452 1689 plenitudiues
1492 1615 1670 1689 atque
1722 1608 2075 1669 illustratio-

418 1726 526 1769 nes
557 1707 745 1786 (juxta
796 1701 1066 1777 illud,De
1097 1699 1479 1781 plenitudine
1501 1699 1632 1778 ejus
1662 1716 1872 1760 mnnes
1903 1715 2076 1759 acce-

411 1801 619 1879 pimus
647 1794 728 1869 II"‘)
762 1793 1150 1875 perfectiores
1183 1807 1313 1851 esse
1344 1789 1415 1849 iis
1445 1808 1576 1879 qua:
1610 1807 1716 1879 per
1750 1788 1897 1879 alias
1920 1786 2075 1879 divi-

2156 627 2341 707 χαρίᾳ,
2414 625 2506 681 καί
2543 624 2763 697 Δανιὴλ,
2822 626 2910 680 καὶ
2968 621 3227 694 ’[εζεκιὴλ
3286 633 3407 684 τοῖς
3480 622 3819 701 προφήταις,

2155 713 2419 790 σύμϐολον
2475 713 2812 789 ποιησόμεθα
2869 714 2965 780 τῆς
3044 711 3309 791 πόῤῥωθεν
3370 710 3822 787 ἐπιτελουμένης,

2156 807 2242 862 καὶ
2270 803 2354 862 διὰ
2413 804 2582 878 μέσης
2618 804 2798 883 ἐτέρας
2842 802 3039 870 τάξεως
3104 800 3453 881 τελειώσεως,
3487 806 3585 871 τῆς
3617 799 3704 857 διὰ
3724 802 3825 867 τὴν

2157 894 2379 955 πρόοδον
2436 894 2536 962 τὴν
2620 897 2692 956 είς
2751 890 3062 969 δευτέρωσιν
3144 889 3571 967 ἂμυδροῠμὲνης.
3659 889 3832 964 Ἀμυο

2156 983 2447 1061 δρουμὲνην
2516 980 2569 1039 δὲ
2624 984 2723 1050 τὴν
2778 981 3049 1039 τελείωσιν
3078 982 3257 1054 εἶπεν,
3294 979 3354 1037 οὒ
3385 977 3469 1035 διὰ
3498 980 3596 1048 τὴν
3629 981 3829 1037 οίκεὶαν

2157 1074 2321 1141 αὖτῆς
2371 1073 2605 1147 ἀτονίαν,
2668 1071 2805 1129 ἄλλα
2849 1073 2991 1149 παρὰ
3021 1073 3081 1129 τὸ
3124 1069 3403 1150 ὑφειμένον
3434 1076 3539 1128 τῶν
3585 1068 3831 1152 δεχομέ-

2156 1183 2258 1219 νων
2296 1183 2311 1200 ι
2366 1170 2522 1220 τοῦτο
2578 1164 2678 1242 γὰρ
2712 1161 2874 1230 δηλοῖ
2899 1164 2961 1218 τὸ
3026 1162 3200 1218 εἰπεῖν
3247 1160 3553 1236 δευτέρωπιν
3596 1160 3829 1217 τελειω-

2157 1274 2316 1327 σειιμς,
2348 1253 2587 1310 τουτέττι
2644 1256 2703 1309 τὸ
2762 1251 3116 1331 ἀμυδρότερον
3166 1251 3500 1309 τελειοῦσθαι
3543 1252 3610 1308 τὰ
3636 1248 3828 1307 δεύτε-

2158 1367 2245 1424 ρα.
2295 1342 2614 1423 Ἀναλογίαν
2658 1358 2893 1400 ποιεῖται
2966 1348 3071 1399 τῶν
3142 1341 3316 1421 λόγῶν
3362 1343 3520 1399 αὖτοδ
3581 1341 3691 1397 ἀπὸ
3721 1345 3835 1397 τῶν

2160 1430 2285 1510 παρ’
2333 1433 2626 1510 ἀνθρώποις
2702 1432 3059 1505 τελειώσεων,
3125 1434 3213 1489 καὶ
3291 1440 3446 1491 τοῦτο
3495 1432 3555 1488 οὗ
3623 1431 3833 1497 τίθησιν

2161 1521 2251 1604 ἀφ’
2311 1523 2518 1601 ἑαυτοῦ,
2575 1512 2699 1578 διλλε
2768 1522 2875 1577 ἀπὸ
2927 1527 3035 1578 τῶν
3093 1520 3279 1578 δεινῶν
3351 1523 3471 1592 περὶ
3530 1521 3627 1580 τὰς
3683 1521 3833 1597 ἱερὰς

2160 1602 2317 1688 ἡμῶν
2364 1611 2603 1676 τελετάς.
2663 1602 2755 1676 ἰὶς
2808 1612 2931 1690 γοῦν
2985 1610 3184 1668 ἐκεῖνοί
3247 1632 3371 1691 φασι
3421 1612 3515 1674 τὰς
3586 1613 3833 1689 αότοφα-

2163 1716 2273 1765 νετς
2331 1701 2745 1779 ἆποπληρώσεις
2805 1704 2893 1759 vati
2945 1696 3241 1777 ἐλλάμψεις
3271 1701 3548 1780 (κατὰτὸ,
3599 1696 3695 1756 Ἐκ
3738 1705 3838 1756 τοῦ

2159 1791 2521 1869 πληρώματος
2579 1794 2735 1848 αὺτοῦ
2783 1792 2975 1853 πάντες
3047 1789 3332 1870 ἐλάϐομεν)
3397 1797 3504 1846 τῶν
3580 1786 3656 1844 δι’
3719 1788 3839 1844 ἑτέ-

418 1876 527 1949 nas
553 1879 1434 1966 participatioueshauriuntur)
1459 1877 1671 1938 initiati
1703 1877 1890 1954 enim,
1925 1876 2071 1952 sive,

2163 1904 2261 1960 ρων
2319 1882 2468 1938 θείων
2521 1880 2777 1955 μεθέξεων
2829 1880 3163 1958 τελειοτερας
3221 1881 3391 1959 εἶναι,
3453 1878 3834 1956 (ἐτελέσθησαν

420 1988 486 2039 ut
514 1977 599 2038 sic
629 1976 847 2048 dicam,
877 1970 1118 2054 perfecti
1145 1979 1284 2031 sunt
1313 1968 1499 2030 divini
1529 1966 1783 2047 apostoli
1816 1966 1890 2028 ab
1923 1966 2079 2046 ipso-

428 2076 549 2131 met
581 2068 880 2131 Salvatore
941 2071 1142 2124 nostro
1190 2059 1331 2122 Jesu
1364 2058 1596 2121 Christo
1627 2077 1695 2119 ac
1753 2057 1996 2131 Deo,vel
2048 2076 2083 2118 a

425 2167 635 2220 sancto
693 2156 1041 2234 viviﬁcoque
1086 2152 1313 2228 Spiritu
1349 2158 1618 2227 tempore
1653 2150 2080 2222 l’entecostes;

423 2247 751 2310 consecrati
782 2245 960 2306 etiam
990 2251 1127 2304 sunt
1153 2238 1729 2303 summisacerdotes
1760 2254 1865 2317 per
1893 2237 2078 2317 ipsos,

418 2346 675 2400 attamen
703 2335 1027 2416 perfectior
1048 2330 1288 2392 omnino
1313 2338 1399 2391 est
1424 2346 1631 2390 eorum
1657 2327 2077 2403 consecratio):

416 2419 1333 2508 quemadmodutn,iuquam,qui
1395 2425 1454 2479 in
1483 2417 2080 2479 divinisexcellentes

415 2526 575 2599 sunt,
601 2518 677 2580 de
707 2516 799 2580 his
829 2516 991 2577 aiunt
1027 2514 1148 2587 ;ita
1196 2512 1372 2573 etiam
1408 2509 1683 2571 existimo
1707 2510 1865 2570 hunc
1902 2526 2077 2569 sanc-

416 2618 538 2669 tum
563 2598 798 2680 dicere,
863 2603 1272 2665 immetliatam
1311 2599 1825 2680 participationem
1875 2598 2081 2679 primae

380 2690 381 2693 “
415 2694 859 2760 distributionis
888 2692 1320 2757 evidentiorcm
1356 2708 1492 2753 esse
1527 2709 1595 2750 ea
1628 2708 1760 2768 qua;
1805 2690 2080 2749 median-

416 2787 576 2849 tibus
614 2786 746 2849 aliis
778 2785 1098 2847 confertur.
1150 2782 1382 2846 Idcirco
1415 2781 1594 2842 etiam
1627 2797 1695 2841 ex
1731 2770 2082 2839 sacerdotali

419 2877 737 2939 traditione
768 2874 1080 2944 habemus,
1116 2872 1339 2949 primos
1369 2869 1747 2950 sequentium
1796 2868 2084 2949 perfecto-

418 2974 604 3047 res,et
660 2964 1114 3035 illuminatores,
1172 2969 1231 3023 et
1288 2960 1622 3041 expiaturus
1667 2960 1983 3030 nominari,
2022 2969 2084 3021 ut

419 3058 521 3139 qui
541 3057 614 3119 ab
642 3057 729 3118 eis
756 3055 1127 3118 adducantur
1150 3051 1223 3113 ad
1270 3052 1537 3113 o‘nuium
1573 3049 1952 3129 principium,
1987 3048 2085 3108 diu-

420 3147 707 3227 vinasque
733 3144 1090 3223 participent
1109 3138 1989 3223 expiationes,illuminntiones
2013 3156 2084 3200 ac

421 3234 904 3298 consecrationes
931 3254 945 3295 ε
980 3231 1277 3309 siquidem
1303 3232 1416 3293 hoc
1441 3248 1468 3290 a
1492 3233 1613 3293 Deo
1651 3228 1869 3289 divinis
1899 3228 2077 3288 etiam

2164 1973 2289 2050 γὰρ,
2347 1970 2469 2050 φέρε
2523 1972 2715 2044 εἰπεῖν,
2759 1974 2804 2028 οἱ
2862 1975 3001 2028 θεῖοι
3060 1969 3349 2027 ἀπόστολοι
3399 1969 3524 2048 παρ’
3555 1970 3714 2025 αὖτοῦ
3740 1974 3838 2026 τοῦ

2170 2066 2425 2138 Σωτῆρος
2476 2063 2629 2128 ἡμῶν
2689 2059 2864 2128 Ἰησοῦ
2926 2069 3151 2139 Χριστού
3200 2062 3288 2117 καὶ
3347 2066 3480 2117 Θεοῦ
3512 2074 3525 2089 ⁸
3587 2058 3623 2128 ἤ
3688 2060 3840 2137 παρὰ

2166 2158 2260 2207 τοῦ
2311 2151 2463 2228 ἁγίου
2518 2153 2604 2209 καὶ
2656 2159 2961 2233 ζωαρχικοῦ
3019 2153 3350 2231 Πνεύματος,
3413 2153 3470 2206 ἒν
3528 2155 3605 2223 τῷ
3662 2154 3840 2226 καιρῷ

2168 2242 2263 2308 τῆς
2321 2242 2717 2320 Πεντηκοστῆς,
2766 2242 3114 2308 ἐτελέσθησαν
3150 2243 3235 2298 καὶ
3267 2242 3315 2298 οἱ
3348 2243 3620 2320 ἀρχιερεῖς
3644 2238 3713 2296 δι’
3747 2240 3843 2296 αὒ-

2167 2338 2301 2401 τῶν,
2353 2333 2436 2388 καὶ
2495 2331 2795 2409 τελειοτέρα
2853 2333 3067 2396 πάντως
3121 2331 3260 2387 ἐστὶν
3297 2332 3576 2398 ἐκείνωνὴ
3607 2329 3840 2387 τελείω-

2165 2419 2297 2501 σις)
2360 2423 2432 2486 ὡς
2489 2428 2612 2498 γοῦν
2658 2424 2705 2477 οἱ
2756 2418 2914 2478 δεινοὶ
2976 2423 3043 2478 τὰ
3104 2422 3219 2480 θειά
3268 2443 3395 2501 φασι
3439 2421 3555 2499 περὶ
3604 2420 3836 2502 τούτων,

2165 2510 2356 2583 οὕτως,
2408 2511 2589 2585 οἶμαι,
2654 2533 2814 2592 φησιν
2849 2513 2875 2567 ὃ
2929 2510 3102 2590 ἅγιος,
3164 2513 3263 2578 τὴν
3309 2508 3507 2585 ἅμεσον
3551 2511 3839 2585 μετουσίαν

2163 2605 2262 2666 τῆς
2328 2600 2541 2675 πρώτης
2596 2599 3001 2676 διακοσμήσεως
3058 2601 3436 2679 ὶναργεστὲραν
3504 2601 3649 2656 εἶναι
3707 2605 3836 2659 ,τῶν

2169 2688 2235 2744 δι’
2294 2690 2482 2767 ἐτέρων
2533 2689 2709 2765 μέσων
2767 2691 3206 2765 ἀποτελουμένων
3281 2692 3373 2746 Διὸ
3405 2691 3493 2746 καὶ
3536 2689 3589 2757 ἐξ
3627 2692 3829 2767 ἱερατι-

2167 2786 2271 2846 κῆς
2328 2778 2670 2859 παραδόσεως
2715 2778 2943 2860 ἔχομεν,
2987 2780 3068 2837 ὅτι
3111 2779 3353 2837 τελεσταὶ
3404 2782 3492 2836 καὶ
3536 2772 3839 2859 φωτοῦργοῖ

2166 2873 2253 2927 κάὶ
2288 2872 2593 2949 καθαρτικοὶ
2661 2872 2707 2926 oi
2739 2872 2940 2950 πρῶτοι
2996 2876 3104 2927 τῶν
3148 2870 3403 2949 δευτέρων
3456 2870 3838 2950 ὀνομάζονται,

2167 2963 2242 3026 ὡς
2306 2952 2375 3017 δι’
2433 2962 2609 3020 αὐτῶν
2667 2960 3016 3039 ἀναγομένων
3074 2963 3273 3019 τούτων
3330 2963 3420 3019 ἐπὶ
3474 2963 3573 3026 τὴν
3621 2960 3837 3017 πάντων

2167 3050 2341 3131 ἀρχὴν
2401 3052 2488 3107 καὶ
2535 3051 2588 3107 ἐν
2651 3051 2902 3126 μετουσίᾳ
2960 3051 3258 3130 γινομένω)
3316 3056 3422 3106 τῶν
3449 3049 3602 3107 θείων
3644 3050 3847 3129 καθέρ-

2168 3162 2328 3213 σεων,
2386 3145 2677 3219 φωτισμῶν
2733 3141 2824 3196 καὶ
2915 3141 3242 3197 τελειώσεων
3281 3157 3296 3176 ·
3343 3149 3499 3199 τοῦτο
3551 3139 3653 3217 γὰρ
3728 3138 3843 3195 ἐστι

2166 3228 2651 3304 νενομοθετημένον
2700 3231 2788 3285 καὶ
2832 3231 2976 3306 παρά
3027 3238 3119 3287 τοῦ
3179 3238 3310 3289 Θεοῦ
3359 3241 3477 3292 τοῖς
3531 3229 3693 3289 θείοις
3738 3231 3844 3285 τὰ-

419 3324 732 3388 ordinibus
764 3326 895 3401 lege
924 3331 1207 3385 statutum
1236 3330 1345 3398 est,
1382 3331 1448 3381 ut
1479 3338 1608 3400 quae
1635 3318 1899 3380 secunda
1917 3327 2072 3389 sunt,

2165 3341 2354 3397 γμασι,
2411 3320 2472 3376 τὸ
2521 3316 2605 3375 διὰ
2661 3326 2765 3376 τῶν
2821 3319 3048 3397 πρώτων
3108 3321 3174 3377 τὰ
3233 3318 3467 3398 δεύτερα,
3541 3325 3650 3375 τῶν
3684 3319 3846 3376 θείων

424 3434 533 3498 per
553 3415 745 3497 prima
770 3413 1009 3476 divinas
1034 3409 1870 3492 participemilluminationes
1899 3429 1911 3470 :
1940 3407 2079 3467 ordo

2170 3410 2422 3487 μετέχειν
2482 3406 2802 3484 ἐλλάμψεων
2831 3425 2845 3441 ⁸
2891 3407 3035 3476 τάξις
3092 3411 3193 3490 γὰρ
3253 3408 3468 3489 συνέχει
3501 3407 3566 3465 τά
3591 3429 3651 3465 τε
3673 3408 3847 3488 οὖρά-

421 3495 582 3568 enim
609 3513 726 3567 tam
760 3502 1027 3566 ctelestia
1051 3519 1225 3582 quam
1272 3501 1582 3564 terrestria
1615 3500 1901 3561 continet.
1939 3495 2079 3559 Ser-

2169 3519 2256 3554 νια
2314 3500 2400 3555 καὶ
2451 3499 2517 3557 τὰ
2574 3497 2802 3567 ἐπίγεια.
2871 3505 3100 3571 Συνιστᾷ
3149 3501 3242 3557 τὸν
3295 3498 3456 3577 λόγον
3507 3498 3691 3579 αὔτοῦ,
3759 3499 3847 3555 ὃτι

426 3613 667 3657 mortem
700 3613 894 3658 suum.
931 3592 1087 3673 quod
1120 3592 1381 3653 secunda
1412 3590 1503 3650 82
1531 3587 1933 3651 mediantibus
1967 3585 2079 3666 pri-

2177 3586 2262 3643 διὰ
2322 3591 2500 3664 μέσων
2530 3610 2635 3644 των
2666 3589 2890 3668 πρώτων
2920 3592 2969 3646 οἱ
3017 3587 3244 3668 δεοτὲροι
3286 3587 3679 3662 ὶλλάμπονται,
3730 3589 3845 3645 ἀπὸ

427 3686 541 3747 mis
559 3682 1294 3746 illustrantur.conﬁrmat
1326 3700 1359 3742 a
1406 3680 1504 3742 div
1536 3680 1666 3740 iris
1701 3679 2079 3757 sacrisqurpr

2163 3678 2253 3734 τῶν
2282 3679 2435 3734 θείων
2493 3679 2581 3734 καὶ
2637 3680 2793 3757 ἱερῶν
2849 3685 3179 3760 προφητῶν,
3252 3676 3340 3740 οὕς
3398 3679 3484 3733 καὶ
3541 3676 3837 3755 θεολόγους

424 3774 642 3854 phetis,
673 3792 821 3855 quos
844 3780 903 3835 et
938 3774 1241 3852 theologos
1286 3779 1479 3852 vocat,
1538 3779 1599 3831 ut
1629 3770 1732 3850 qui
1784 3784 2079 3829 sermone:

2180 3768 2365 3848 φησίν,
2427 3769 2501 3830 ὡς
2545 3766 2733 3845 λόγους
2791 3769 2924 3825 Θεοῦ
2970 3770 3107 3843 ἡμῖν
3165 3764 3606 3846 ἐξαγγέλλοντας.
3672 3768 3850 3845 Εὒρή-

426 3863 534 3928 Dei
565 3864 738 3925 nobis
768 3863 1144 3926 annuntiant.
1184 3863 1306 3924 Hoc
1338 3856 2079 3941 utique,inquit,rftheolo-

2180 3877 2290 3920 σεις
2344 3863 2490 3934 γοῦν,
2555 3855 2729 3934 λέγεῖ,
2782 3864 2940 3915 τοῦτο
2999 3855 3327 3933 δηλούμενον
3369 3870 3487 3922 τοῖς
3512 3855 3790 3933 θεολόγοις
3832 3901 3849 3917 .

425 3953 516 4033 gis
551 3970 893 4033 expressum
926 3952 1216 4033 reperias;
1263 3969 1333 4013 ac
1393 3950 1653 4031 primum
1686 3966 1721 4010 a
1750 3947 2037 4011 Zacharia
2070 3955 2079 3999 ὲ

2179 3948 2261 4002 καὶ
2315 3953 2524 4025 πρῶτον
2576 3947 2652 4022 τῷ
2699 3950 2977 4027 Ζαχαρία·
3027 3948 3184 4015 ἡνίκα
3230 3948 3330 4026 γὰρ
3401 3946 3553 4014 ἔιτοῦ
3583 3944 3718 4003 Θεοῦ
3748 3969 3851 4025 φι-

422 4061 558 4104 cum
590 4042 751 4105 enim
780 4041 885 4104 Dei
919 4041 1238 4104 clementia
1261 4040 1422 4120 (nam
1458 4039 1559 4100 Det
1582 4038 1813 4118 punitio
1838 4054 2078 4118 quoque

2176 4034 2504 4116 λανθρωπία,
2563 4034 2620 4111 (ἦ
2680 4037 2780 4114 γὰρ
2840 4044 2932 4095 τοῦ
2991 4044 3124 4097 Θεοῦ
3181 4038 3411 4115 τιμωρία
3481 4034 3857 4115 φιλαιθρωπία

422 4132 739 4194 clementia
768 4141 879 4199 est.
907 4132 1082 4211 juxta
1113 4130 1283 4204 illud,
1303 4138 1547 4209 paterna
1572 4129 1748 4189 etiam
1783 4129 2079 4189 correctio

424 4221 759 4300 benignitas
790 4222 1021 4284 exsistit
1056 4218 1378 4300 ;quoniam
1408 4218 1592 4278 instar
1614 4216 1795 4297 patris
1828 4216 2081 4285 deduxit

421 4329 490 4372 ac
539 4311 751 4372 direxit
778 4310 990 4391 Israel,
1014 4307 1371 4388 quandoque
1394 4306 1631 4387 quidem
1670 4307 2081 4386 promissioni-

424 4401 531 4462 bus
555 4399 1393 4479 bonorum,quandoquevero
1412 4396 1588 4457 minis
1619 4414 1688 4458 ac
1716 4397 2078 4477 suppliciis),

425 4490 969 4571 quando,inquam,
1004 4486 1113 4550 Dei
1143 4486 1461 4547 clementia
1493 4485 1767 4548 [sraelem
1801 4486 2084 4548 erudiens

430 4598 535 4659 per
591 4581 992 4661 captivitatem
1028 4576 1488 4656 Babyloniorum
1532 4577 1673 4653 (hoc
1717 4585 1916 4638 autem
1977 4594 2081 4656 pro

2165 4125 2298 4198 ἐστὶ,
2347 4127 2482 4183 κατὰ
2538 4128 2622 4201 τὸ,
2684 4128 2888 4183 Γίνεται
2940 4125 3363 4205 φιλανθρωπίαὴ
3409 4124 3703 4203 τιμωρίαὴ
3737 4148 3854 4182 πα-

2165 4217 2319 4289 τρική
2355 4231 2369 4247 ’
2419 4216 2492 4279 ὡς
2557 4217 2657 4294 γὰρ
2713 4216 2894 4293 πατὴρ
2949 4215 3111 4293 ἐνῆγε
3176 4216 3265 4273 καί
3326 4214 3689 4293 ἐπαιδαγώγει
3745 4217 3852 4273 τὸν

2142 4297 2405 4381 .”1σραὴλ,
2440 4314 2544 4363 ποῦ
2587 4306 2686 4379 μὲν
2741 4303 2807 4361 δι’
2861 4305 3204 4384 ἐπαγγελιῶν
3235 4310 3341 4363 τῶν
3383 4305 3624 4382 ἀγαθῶν,
3655 4304 3765 4361 ποῦ
3795 4304 3853 4361 δὲ

2164 4392 2231 4450 δι’
2278 4393 2516 4450 ἀπειλῶν
2575 4396 2664 4451 καὶ
2717 4401 2993 4473 τιμωριῶν
3105 4398 3261 4464 ἡνίκα
3317 4402 3445 4474 γοῦν
3504 4396 3536 4463 ἦ
3581 4405 3672 4454 τοῦ
3715 4402 3855 4453 Θεοῦ

2166 4483 2530 4560 φιλανθρωπία
2584 4486 2679 4539 τὸν
2712 4484 2929 4563 Ἰσραὴλ
2982 4483 3310 4542 παιδεύσασα
3353 4483 3421 4540 δι’
3466 4482 3852 4563 αἷγμαλωσίας

2166 4574 2271 4628 τῶν
2320 4570 2688 4651 Βαϐυλωνίων,
2750 4575 2937 4655 (τοῦτο
2999 4573 3054 4631 δὲ
3109 4576 3330 4654 γέγονεν
3355 4575 3486 4652 ὒπὲρ
3541 4576 3641 4641 τῆς
3701 4577 3847 4651 ἱερᾶς

428 4687 595 4731 sacra
621 4671 754 4749 ejus
803 4671 992 4730 salute
1049 4666 1298 4745 contigit
1333 4665 1569 4738 ;omnis
1616 4665 1780 4727 enim
1838 4666 1997 4727 salus
2050 4682 2079 4725 a

2171 4663 2327 4720 αὐτοῦ
2387 4664 2653 4740 σωτηρίας
2691 4679 2704 4694 ·
2761 4670 2907 4721 πᾶσα
2937 4666 3038 4742 γὰρ
3096 4666 3333 4744 σωτηρία
3375 4664 3519 4742 παρὰ
3562 4670 3695 4721 Θεοῦ
3728 4665 3850 4731 ἱερά

430 4758 553 4821 Deo
582 4733 752 4821 δεῖτε
782 4767 893 4836 est,
917 4756 1057 4836 quia
1083 4774 1199 4816 non
1216 4733 1447 4816 iantum
1474 4773 1696 4835 corpus
1724 4764 1940 4835 servat,
1972 4755 2078 4815 sed

2166 4751 2331 4831 ἐστιν,
2366 4751 2447 4808 ὅτι
2492 4755 2595 4832 οἰχ
2628 4752 2811 4817 ἁπλῶς
2875 4760 3034 4827 σῶμα
3081 4733 3263 4830 σώζει,
3311 4751 3448 4810 ὃ.)λά
3481 4753 3573 4810 καὶ
3601 4754 3848 4834 ψυχήν.)

427 4850 606 4913 etiam
637 4848 923 4927 animam)
949 4854 1012 4907 ut
1041 4846 1112 4906 ad
1146 4847 1486 4908 Creatorem
1531 4845 1727 4925 ipsum
1761 4854 2079 4907 converte-

429 4957 540 5022 ret,
575 4945 886 5007 ultricibus
928 4962 996 5007 ac
1027 4944 1172 5005 feris
1202 4944 1478 5021 gentibus
1502 4944 1745 5006 tradidit
1767 4944 2081 5022 corrigen-

430 5047 570 5109 dum
610 5065 626 5117 ;
659 5053 720 5106 et
748 5052 811 5105 ut
832 5043 904 5104 ad
953 5042 1262 5104 meliorem
1288 5044 1521 5123 frugem
1557 5044 1916 5117 traduceret,
1969 5043 2082 5104 ali-

430 5143 667 5228 quando
690 5142 931 5220 quidem
964 5140 1239 5222 gentibus
1269 5142 1855 5223 tradidit,aliquando
1886 5159 2024 5203 vero
2055 5158 2089 5201 a

428 5242 765 5323 captivitate
788 5238 1081 5323 liberavit,
1118 5249 1176 5302 et
1210 5242 1278 5303 ad
1315 5243 1620 5322 pristinam
1670 5240 1928 5320 benigne
1957 5241 2087 5303 cle-

434 5347 786 5421 meuterque
827 5359 896 5403 ac
939 5338 1248 5419 magniﬁce
1278 5340 1575 5402 fortunam
1609 5340 1839 5401 reduxit
1874 5363 1890 5413 ;
1931 5340 2091 5405 videt

431 5440 533 5503 ille
582 5438 891 5519 theologus
942 5438 1252 5501 Zacharias
1282 5439 1598 5520 quemdam
1636 5438 1961 5519 primorum
2000 5437 2090 5520 (ut

435 5537 730 5613 existimo,
758 5547 1000 5620 prapter
1042 5555 1249 5600 eorum
1308 5556 1439 5618 quat
1482 5539 1765 5602 dicuntur
1803 5556 2085 5600 reveren-

430 5637 596 5719 tiam)
647 5637 1022 5718 angelorum,
1096 5639 1462 5717 (angelorum
1528 5639 1798 5720 inquam,
1845 5646 2091 5718 propter

432 5753 755 5801 commune
771 5754 1014 5814 nomen,
1046 5755 1182 5800 cum
1212 5737 1477 5819 alioquin
1521 5738 1790 5810 ultimus,
1828 5756 1943 5799 non
1977 5756 2087 5799 au-

505 5884 529 5915 a
551 5859 577 5885 ί
602 5858 774 5924 Joan.
807 5873 852 5942 ι,
890 5858 984 5924 16.

2163 4842 2238 4899 ἲν’
2300 4842 2605 4922 ἐπιστραφῇ
2664 4846 2798 4922 πρὸς
2855 4844 2947 4900 τὸν
3022 4846 3343 4919 ποιήσαντα,
3420 4856 3681 4922 τιμωροτς
3757 4846 3848 4900 καὶ

2167 4930 2368 5009 ἀγρίοις
2414 4930 2580 4987 ἔθνεσι
2641 4933 2952 5006 παρέδωκεν
3000 4936 3072 4999 είς
3128 4933 3491 5013 ἐπανόρθωσιν
3526 4950 3540 4964 ·
3601 4937 3695 4990 καὶ
3751 4932 3841 4988 ’ἵνα

2167 5023 2379 5097 πεταγῃ
2433 5023 2520 5077 ἐπὶ
2576 5024 2637 5078 τὸ
2694 5024 2965 5102 κρεῖττον,
3031 5030 3134 5080 πού
3211 5024 3309 5099 μὲν
3381 5019 3660 5100 παρεδίδου
3720 5034 3838 5083 τοῖς

2171 5109 2363 5182 ἔθνεσι,
2414 5113 2519 5167 ποῦ
2562 5110 2617 5168 δὲ
2668 5114 2769 5179 τῆς
2819 5111 3193 5193 αἰχμαλωσίας
3245 5113 3415 5193 ἠφίει,
3463 5113 3551 5169 ιιαί
3578 5113 3717 5191 πρὸς
3744 5113 3849 5180 τὴν

2172 5200 2431 5279 προτέραν
2479 5200 2732 5264 ἐπιεικῶς
2832 5205 2919 5258 καὶ
2978 5201 3371 5282 φιλανθρώπως
3447 5203 3537 5258 καὶ
3593 5201 3856 5278 μεγάλως

2173 5292 2437 5369 ἐπανῆγεν
2498 5293 2777 5351 εὐπάθειαν
2808 5313 2821 5325 ⁸
2888 5296 2983 5372 ὁρᾷ
3037 5296 3065 5350 ὁ
3122 5292 3377 5373 θεολόγος
3424 5293 3700 5372 Ζαχαρίας
3764 5292 3860 5350 ἕνα

2173 5387 2278 5437 τῶν
2310 5382 2535 5460 πρώτων
2587 5383 2796 5459 (οἶμαι
2838 5383 3012 5462 λέγων
3062 5381 3147 5439 διὰ
3201 5385 3301 5451 τὴν
3372 5387 3478 5440 τῶν
3541 5382 3861 5459 λεγομένων

2175 5470 2470 5544 εὖλαϐειαν)
2504 5474 2590 5528 καὶ
2634 5479 2738 5529 τῶν
2796 5475 2918 5551 περὶ
2985 5474 3116 5529 Θεὸν
3172 5471 3420 5551 άγγέλῶν
3470 5470 3739 5551 (ἀγγέλων
3806 5472 3863 5529 δὲ

2174 5559 2321 5638 λεγω
2352 5559 2437 5617 διὰ
2460 5563 2558 5630 τὴν
2602 5564 2786 5630 κοινὴν
2813 5565 3146 5642 ἐπωνυμίαν,
3202 5562 3320 5620 ἐπεὶ
3376 5558 3553 5625 ἄλλως
3598 5562 3856 5641 ὕστερον,

2174 5652 2237 5707 οὗ
2298 5655 2510 5729 πρῶτον
2563 5653 2742 5731 τάγμα
2806 5653 2854 5710 οἰ
2909 5651 3160 5731 ἄγγελοι)
3220 5649 3341 5732 παρ’
3386 5654 3546 5710 αὐτοῦ
3585 5659 3684 5708 τοῦ
3719 5659 3854 5709 Θεοῦ

2176 5739 2408 5815 μαθόντα
2451 5743 2572 5805 τοὺς
2619 5741 3051 5822 παρακλητικοὺς
3103 5741 3296 5820 λόγως
3325 5759 3340 5775 ·
3390 5739 3572 5821 ἕτερον
3630 5739 3688 5798 δὲ
3734 5748 3846 5800 τῶν
