4052 6424
423 330 540 399 255
1613 345 1672 408 S.
1725 340 1909 408 ΠΙοΝ
1921 341 2074 408 YSII
2119 348 2626 417 AREOPAGITIE

419 471 685 532 exsistens
711 490 870 549 super
899 491 1006 544 eos,
1051 483 1099 532 et
1131 479 1343 537 vocavit
1379 479 1556 537 virum
1583 480 1680 553 qui
1704 479 1928 539 indutus
1959 498 2058 541 erat

2158 508 2253 544 σαν
2359 489 2448 548 καὶ
2529 488 2760 558 ἔστησαν
2874 488 3130 570 ἐχόμενοι
3236 493 3337 560 τοῆ
3432 491 3806 569 θυσιαστηρίου

421 569 573 659 νεςιε
607 567 797 659 talari,
824 569 922 659 qui
957 569 1142 628 habuit
1168 588 1326 644 super
1353 571 1522 629 lumbo
1560 574 1674 645 ejus
1714 587 1910 631 zonam
1939 591 2058 649 sap-

2152 587 2245 638 τοῦ
2323 578 2534 659 χαλκοῦ
2567 596 2581 610 ⁶
2657 581 2744 638 καὶ
2833 567 2954 645 δόξα
3028 586 3121 637 τοῦ
3195 587 3326 638 Θεοῦ
3398 587 3492 638 τοῦ
3565 567 3809 658 ’Ἰσραήλ

415 658 594 751 phiri.
627 662 676 715 et
707 658 859 751 dixit
885 658 1146 716 Dominus
1174 663 1246 717 ad
1276 679 1396 719 eum
1426 681 1444 721 :
1480 664 1674 721 Transi
1723 663 1948 720 mediam
1981 664 2058 720 Je-

2153 658 2473 736 ἂνὲϐηπᾶπὸ
2548 673 2640 727 τοῦ
2723 667 2984 751 χερουϐὶμ
3035 671 3070 738 ἡ
3131 672 3261 728 οὖσα
3317 669 3404 728 ἐπ’
3451 670 3610 727 αὒτοῦ
3643 715 3663 745 ,
3716 673 3810 729 καὶ

419 749 676 815 rusalem,
725 754 776 806 et
826 749 1156 840 daisignum
1209 769 1373 826 super
1419 755 1627 826 frontes
1682 754 1936 811 virorum
1978 770 2058 826 ge-

2155 757 2374 818 ἐκάλεσε
2447 761 2540 817 τὸν
2624 749 2805 839 ἄνδρα
2871 761 2963 817 τὸν
3051 758 3360 818 ἐνδεδυκότα
3416 761 3507 819 τὸν
3563 758 3808 840 ποδήρη,

420 839 679 896 mentium
737 845 785 896 et
838 838 1134 898 dolentium
1191 858 1353 916 super
1419 844 1628 900 cunctis
1690 843 2058 915 iniquitatibut

2156 849 2214 910 ὃς
2277 849 2438 930 εἶχεν
2495 849 2580 908 ἐπὶ
2662 838 2760 918 τῆς
2846 850 3040 930 ὀσφύος
3121 851 3220 918 τὴν
3270 852 3469 923 ζώνηνο
3531 851 3620 907 καὶ
3675 838 3808 908 εἶπε

3688 348 3807 418 256

417 951 532 1007 quas
580 935 720 1006 fiunt
769 934 829 991 in
871 933 1039 989 medio
1093 935 1225 1007 ejus.
1293 933 1359 990 Et
1422 934 1532 990 illis
1580 934 1749 1004 dixit,
1815 934 2070 994 audiente

415 1041 534 1080 me:
565 1026 645 1082 Ite
673 1025 730 1080 in
757 1027 1029 1084 civitatem
1057 1033 1174 1099 post
1208 1042 1346 1094 eum,
1404 1033 1454 1081 et
1503 1026 1790 1098 percutite,
1846 1030 1898 1084 et
1953 1041 2066 1084 non

407 1117 651 1188 parcatis
699 1117 862 1176 oculis
918 1118 1129 1188 uestris,
1159 1125 1207 1173 et
1237 1134 1343 1174 non
1372 1121 1483 1174 ῆι
1530 1117 1915 1183 misereamini;
1974 1134 2066 1176 se-

415 1222 539 1264 nem
567 1213 618 1265 et
646 1211 917 1281 juvenem,
951 1216 999 1264 et
1049 1210 1318 1280 vi‘yinem
1361 1213 1412 1266 et
1446 1208 1730 1282 paruulos,
1775 1217 1828 1266 et
1875 1207 2063 1266 mulie-

414 1311 534 1354 rem
563 1298 844 1371 interﬁcite
871 1298 942 1354 ad
977 1297 1299 1366 deletionem,
1348 1314 1516 1370 super
1551 1306 1724 1354 autem
1761 1312 1943 1356 omaes
1971 1313 2068 1355 su-

412 1403 508 1461 per
535 1405 660 1460 quos
701 1393 779 1445 est
827 1390 1044 1460 signum
1097 1406 1165 1444 ne
1219 1388 1672 1462 appropinquetis
1698 1407 1739 1444 ο.
1773 1388 1920 1456 Quid
1957 1404 2068 1445 au-

419 1485 534 1541 tem
565 1479 701 1558 quis
731 1479 890 1542 dicat
921 1479 994 1542 de
1025 1479 1126 1542 illo
1159 1480 1394 1560 angelo,
1422 1479 1525 1562 qui
1559 1477 1793 1542 Danieli
1841 1478 1922 1541 ait
1952 1479 2066 1542 hoc

415 1587 474 1640 et
505 1579 646 1642 hoc?
676 1589 952 1644 narratur
977 1579 1136 1642 enim
1169 1580 1230 1642 in
1256 1580 1486 1642 decima
1519 1579 1748 1642 visione
1769 1578 2057 1641 Danielis:

414 1669 485 1726 Et
540 1686 656 1728 ecce
704 1671 786 1726 vir
851 1669 1070 1728 Gabriel
1110 1686 1264 1743 quem
1293 1670 1406 1727 vidi
1434 1670 1497 1726 in
1543 1668 1742 1726 visione
1770 1670 1828 1726 in
1847 1669 2066 1741 princi-

409 1763 528 1834 pio,
557 1761 766 1831 volans,
806 1768 854 1819 et
886 1761 1061 1834 tetigit
1088 1778 1170 1818 me
1199 1760 1357 1834 quasi
1395 1759 1529 1816 hora
1557 1759 1820 1831 sacriﬁcii
1860 1775 2068 1831 vesper-

416 1852 543 1921 tini,
578 1857 629 1910 et
665 1852 901 1910 erudivit
933 1869 1030 1920 me,
1081 1857 1131 1909 et
1179 1851 1386 1909 locutus
1439 1859 1514 1906 est
1574 1867 1792 1916 merum,
1823 1855 1874 1906 et
1902 1849 2063 1913 dixit.

2153 937 2338 1016 Κύριος
2396 943 2526 1018 πρὸς
2599 944 2752 999 αὒτόν
2787 959 2801 974 ⁸
2888 941 3068 997 Δίε)θε
3127 939 3300 1015 μέσην
3379 942 3476 1010 τὴν
3529 931 3806 1020 Ἰερουσα-

2147 1025 2284 1108 λὴμ,
2338 1030 2424 1086 καὶ
2491 1028 2578 1094 δὸς
2633 1032 2695 1088 τὸ
2765 1043 2999 1106 σημεῖον
3059 1029 3142 1088 ἐπὶ
3234 1031 3300 1088 τὰ
3387 1030 3609 1108 μέτωπα
3695 1030 3806 1086 τῶν

2145 1115 2344 1196 ἀνδρῶν
2439 1121 2544 1177 τῶν
2644 1121 3137 1193 καταστεναζόντων
3169 1170 3183 1196 ,
3281 1122 3367 1178 καὶ
3459 1123 3565 1177 τῶν
3661 1141 3803 1177 κατ-

2147 1205 2492 1283 οδυνωμένων
2551 1210 2635 1267 ἐπὶ
2713 1211 2909 1276 πάσαις
2974 1225 3098 1275 ταῖς
3165 1209 3410 1286 ἄνομίαις
3464 1222 3589 1275 ταῖς
3649 1232 3810 1286 γινο-

2147 1295 2334 1372 μέναις
2391 1298 2445 1355 ἐν
2495 1301 2644 1376 μὲσῳ
2721 1302 2906 1369 αὐτῆς.
2969 1300 3078 1363 Καὶ
3132 1303 3338 1365 τούτοις
3384 1300 3540 1358 εἶπεν
3574 1299 3809 1357 ἀκούον-

2147 1387 2236 1452 τός
2319 1403 2443 1463 μιυ³
2525 1389 2807 1468 Πορεύεσθε
2883 1392 2955 1454 εἰς
3031 1391 3130 1459 τὴν
3208 1388 3362 1447 πόλιν
3447 1390 3618 1447 ὀπίσω
3701 1393 3807 1448 αῦ-

2149 1479 2263 1558 τοῦ,
2339 1480 2423 1535 καὶ
2495 1481 2744 1557 κόπτετε,
2801 1481 2888 1537 καὶ
2975 1481 3053 1557 μὴ
3136 1479 3371 1562 φείδεσθε
3443 1493 3564 1544 τοῖς
3611 1478 3810 1559 ὃιρθαλ-

2151 1581 2277 1643 μοῖς
2324 1569 2494 1650 ὑμῶν,
2547 1572 2634 1627 καὶ
2719 1572 2797 1645 μὴ
2855 1569 3115 1639 ἐλεήσητε
3151 1586 3164 1602 ’
3234 1569 3586 1650 πρεσϐύτερον
3620 1617 3639 1646 ,
3719 1570 3807 1626 καὶ

2151 1660 2443 1734 νεανίσκον,
2529 1663 2614 1718 καὶ
2672 1662 2952 1738 παρθένον,
3005 1664 3098 1718 καὶ
3163 1662 3358 1742 νήπια,
3417 1664 3503 1719 καὶ
3575 1673 3811 1738 γυναῖκα

2150 1747 2496 1806 ἆποκτείναιε
2581 1753 2656 1813 εἷς
2743 1751 3035 1832 ἐξάλειψιν,
3123 1751 3213 1809 ἐπὶ
3297 1751 3350 1808 δὲ

2152 1837 2238 1902 0'3;
2309 1838 2420 1895 ἐστι
2489 1855 2770 1922 σημεῖον,
2840 1844 2915 1917 μή
2990 1843 3067 1917 μὴ
3125 1842 3404 1921 ἐγγίσητε,
3478 1841 3537 1901 Τί
3604 1839 3667 1897 ἅν
3725 1861 3807 1904 τις

3435 1751 3570 1808 πάντ
3579 1773 3636 1813 ας

3723 1749 3808 1830 ἐφ’

415 1943 611 2001 Daniel
667 1959 814 2000 nunc
864 1959 1112 2016 egressus
1157 1958 1277 1999 sum
1310 1947 1374 1998 ut
1423 1941 1709 2012 pzaaberem
1753 1940 2058 2012 intelligen-

2148 1928 2293 1984 ε’ίποι
2349 1931 2464 2005 περὶ
2515 1939 2607 1989 τοῦ
2662 1931 2891 2010 ἀγγέλου
2949 1935 3222 2009 φήσαντος
3266 1934 3344 2007 τῷ
3392 1931 3592 2003 Δανιήλ
3623 1934 3684 1988 τὸ
3716 1933 3815 1988 καὶ

415 2036 567 2093 tiam.
632 2034 704 2092 In
761 2034 1028 2107 principio
1103 2032 1496 2105 deprecationis
1543 2038 1652 2088 tua:
1699 2046 1936 2103 egressus
1989 2035 2066 2086 est

415 2140 604 2194 sermo,
662 2133 710 2182 et
765 2141 860 2198 ego
917 2126 1033 2180 veni
1093 2131 1155 2182 ut
1202 2124 1592 2180 annuntiarem
1619 2120 1733 2186 tibi,
1795 2121 1921 2195 quia
1977 2121 2066 2178 uir

417 2217 807 2275 desideriorum
837 2235 889 2272 es
920 2225 981 2274 tu
1008 2221 1040 2271 Ι.
1093 2217 1183 2272 Vel
1224 2217 1454 2279 iterum,
1487 2215 1621 2286 quid
1656 2213 1802 2270 dicat
1856 2212 2065 2284 aliquis

417 2312 488 2368 de
519 2311 616 2370 illo
648 2313 739 2383 qui
770 2313 965 2382 ignem
991 2312 1230 2382 accepit,
1262 2321 1324 2367 ut
1354 2310 1408 2365 in
1456 2307 1745 2365 Ezechiele
1774 2307 2066 2365 narratur?

413 2405 491 2461 ait
541 2403 688 2459 enim
726 2419 739 2460 ε
775 2402 841 2458 Et
882 2405 1093 2474 factum
1143 2407 1238 2466 est,
1290 2417 1404 2455 cum
1445 2399 1777 2472 praecepisset
1805 2398 1916 2470 ipse
1945 2399 2064 2455 viro

407 2493 502 2565 qui
555 2493 778 2552 indutus
823 2498 942 2551 erat
995 2493 1140 2552 stola
1193 2496 1384 2552 sancta
1435 2491 1660 2548 ditens:
1699 2488 1853 2546 Sume
1886 2490 2064 2561 ignem

403 2582 466 2639 de
523 2584 688 2641 medio
747 2593 1018 2648 rotarum,
1072 2584 1136 2640 de
1175 2581 1339 2639 medio
1369 2581 1647 2638 cherubim
1683 2587 1778 2637 :et
1817 2579 2060 2648 intravit,

402 2681 451 2729 et
478 2675 626 2733 stetit
679 2673 960 2732 adluerens
1011 2675 1166 2737 rotis,
1205 2679 1255 2729 et
1300 2671 1537 2730 extendit
1589 2669 1792 2726 cherub
1855 2686 2062 2723 manum

402 2781 548 2819 suam
576 2765 633 2821 in
664 2766 906 2822 medium
935 2766 1073 2835 ignis
1103 2763 1406 2822 exsistentis
1460 2762 1523 2818 in
1559 2761 1730 2816 medio
1768 2759 2057 2824 cherubim,

402 2860 451 2908 et
482 2855 685 2926 accepit
740 2861 792 2912 et
833 2855 979 2914 dedit
1032 2858 1095 2912 in
1134 2870 1324 2910 manus
1379 2855 1497 2926 ejus
1545 2851 1642 2923 qui
1695 2849 1914 2906 indutus
1943 2855 2060 2907 erat

401 2945 602 3003 stolam
656 2953 928 3014 sanctam,
966 2953 1018 3004 et
1071 2946 1275 3018 accepit
1331 2950 1380 3000 et
1435 2956 1671 3013 egressus
1729 2946 1806 2997 est
1834 2958 1879 3006 ε,
1942 2941 2059 2997 lloc

403 3045 648 3098 sanctus
680 3037 779 3098 hic
801 3037 883 3098 ait
910 3037 1140 3099 ordinis
1172 3035 1424 3114 angelici
1458 3033 1752 3094 rationem
1791 3031 2058 3093 luculen-

403 3124 524 3185 tius
554 3126 1103 3208 conﬁrmare,quod
1125 3125 1331 3187 induto
1356 3123 1566 3185 stolam
1602 3129 1960 3202 praeceptum
1986 3121 2060 3182 sit

403 3213 602 3292 ignem
636 3216 938 3296 accipere,
973 3217 1238 3296 dumque
1269 3221 1381 3276 iret
1413 3223 1474 3274 ut
1505 3213 1700 3292 ignem
1732 3212 2052 3292 acciperet,

2147 2019 2229 2091 τό;
2285 2023 2508 2094 Φέρεται
2565 2022 2664 2099 γὰρ
2719 2025 2774 2079 ὶν
2825 2029 2891 2098 τῇ
2949 2021 3144 2100 δεκάτῃ
3204 2023 3378 2101 ὁράσει
3429 2032 3518 2082 τοῦ
3579 2020 3810 2096 Δανιῆλ,

2152 2111 2249 2166 Καὶ
2307 2107 2414 2166 ἰδοὺ
2473 2112 2500 2166 ὁ
2555 2110 2685 2188 ἀνὴρ
2760 2110 3022 2191 Γαϐρῖήλ,
3085 2113 3144 2170 ὃν
3204 2111 3349 2170 εἶδον
3412 2112 3470 2169 ἐν
3519 2119 3587 2190 τῇ
3623 2112 3810 2192 ὁράσει

2149 2199 2202 2255 ὲν
2267 2200 2335 2276 τῇ
2408 2199 2606 2281 ἀρχῇ,
2676 2203 3018 2279 πετόμενος,
3090 2205 3180 2260 καὶ
3250 2204 3430 2279 ἣψατό
3507 2227 3609 2280 μου
3679 2203 3813 2260 ὡσεὶ

2148 2289 2288 2367 ὥραν
2361 2292 2538 2354 θυσίας
2623 2292 2947 2370 ἐσπερινῆς,
3031 2296 3119 2350 καὶ
3183 2293 3450 2350 ἐσυνέτισέ
3521 2316 3586 2370 με
3625 2341 3642 2374 ,
3717 2296 3812 2351 καὶ

2149 2379 2378 2447 ἐλάλησε
2429 2379 2546 2456 μετ’
2621 2382 2770 2459 ἐμοῦ,
2838 2385 2924 2440 καὶ
2997 2387 3142 2440 εἷπε·
3212 2383 3437 2464 Δανιηλ,
3500 2392 3586 2440 νῦν
3641 2382 3810 2451 ἓξῆλ-

3011 2465 3098 2532 Ἐν
3164 2474 3312 2554 ἂρχῇ
3383 2479 3483 2540 τῆς
3568 2473 3808 2544 δεήσεώς

3068 2567 3152 2621 καὶ
3251 2564 3359 2643 ἐγὼ
3462 2563 3624 2633 ἦλθον
3713 2574 3806 2623 τοῦ

2753 2651 2832 2708 ὅτι
2907 2653 3046 2732 ἀνὴρ
3106 2654 3395 2730 ὲπιθυμιων
3460 2654 3515 2710 εἶ
3568 2655 3651 2716 σύ,
3716 2645 3798 2710 ’Ἡ

2145 2740 2328 2814 πάλιν,
2387 2743 2439 2798 τί
2493 2741 2639 2820 λέγοι
2698 2742 2758 2798 ἄν
2807 2765 2887 2807 τις
2919 2745 3035 2822 περὶ
3080 2751 3174 2801 τοῦ
3203 2747 3262 2800 τὸ
3293 2754 3389 2822 πῦρ
3423 2742 3801 2825 ἀνειληφότος,

2144 2833 2315 2896 καθὼς
2365 2831 2418 2886 is
2474 2840 2551 2905 τῷ
2607 2831 2863 2904 Ἰεζεκιῆλ
2943 2835 3155 2914 φέρεται
3246 2833 3394 2913 λέγει
3483 2835 3605 2912 γάρ·
3705 2836 3807 2892 Καὶ

2143 2919 2352 2999 ἐγένετο
2433 2921 2589 2978 αὗτὸν
2675 2923 2727 2978 ἐν
2812 2925 2888 2998 τῷ
2974 2923 3303 2981 ἐντέλλεσθαι
3388 2929 3464 2996 τῷ
3520 2922 3661 3002 ἀνδρὶ
3728 2930 3808 2996 τῷ

2141 3010 2432 3067 ἐνδεδυκότι
2504 3015 2602 3079 τὴν
2681 3012 2880 3080 στολὴν
2947 3015 3047 3082 τὴν
3121 3014 3273 3093 ἁγίαν
3353 3012 3526 3091 λέγων
3563 3029 3576 3043 ⁸
3662 3011 3807 3070 Λάϐε

2140 3107 2240 3180 πῦρ
2317 3103 2372 3156 ὲκ
2451 3100 2614 3176 μέσου
2697 3104 2803 3161 τῶν
2881 3109 3094 3184 τροχῶν
3132 3153 3148 3184 ,
3208 3105 3297 3160 καὶ
3356 3103 3410 3159 ἐν
3460 3103 3624 3177 μέσου
3695 3109 3805 3160 τῶν

2141 3188 2400 3270 χερουϐίμ
2435 3207 2449 3222 ⁶
2514 3193 2601 3249 καὶ
2672 3191 2933 3273 ἓῖσῆλθε,
2991 3197 3080 3250 καὶ
3165 3192 3297 3261 ἔστη
3358 3193 3623 3273 ἐχόμενος
3695 3201 3804 3250 τῶν

2145 2474 2232 2527 θον
2303 2471 2622 2546 συμϐιϐάσαι
2693 2475 2921 2531 σύνεσιν.

2145 2583 2238 2617 σου
2327 2561 2537 2629 ὲξῆλθεν
2638 2565 2664 2619 ὁ
2763 2563 2924 2642 λόγος
2961 2613 2976 2644 ,

2146 2650 2465 2729 ἀναγγεῖλαι
2556 2675 2660 2725 σοι,

403 3303 724 3382 quemdam
758 3281 1069 3367 cherubim
1102 3281 1158 3368 ei
1181 3305 1570 3379 ministrasse,
1605 3301 1926 3382 ignemque
1949 3320 2053 3362 ac-

2143 3287 2374 3360 τροχῶιδο
2465 3283 2550 3338 καὶ
2628 3283 2880 3348 ἐξέτεινεν
2933 3286 2959 3339 ὁ
3017 3281 3220 3364 χεροὺϐ
3271 3283 3368 3351 τὴν
3449 3296 3616 3362 χεῖρα
3700 3285 3803 3340 αὖ·

403 3402 642 3469 ceptum
677 3395 735 3456 in
772 3414 985 3458 manus
1017 3396 1129 3475 ipsi
1167 3391 2054 3468 tradidisse.Bursurn,quiddi-

403 3491 501 3545 cat
530 3485 666 3559 quis
697 3485 772 3548 de
802 3504 874 3548 eo
923 3485 1027 3564 qui
1073 3485 1299 3548 vocavit
1327 3484 1759 3546 divinissimum
1791 3480 2052 3546 Gabrie-

403 3573 522 3636 lem
557 3573 709 3637 sicut
753 3577 814 3638 in
868 3596 1025 3639 nona
1053 3575 1280 3638 visione
1312 3573 1576 3639 Danielis
1611 3590 2050 3636 commemora-

401 3667 523 3725 tur?
557 3665 626 3722 Et
653 3668 862 3738 factum
893 3675 990 3733 est,
1014 3683 1130 3723 cum
1159 3666 1389 3722 viderem
1419 3680 1511 3736 ego
1542 3662 1742 3720 Daniel
1772 3661 2048 3717 visionem.

401 3767 452 3819 et
477 3775 774 3836 qumrerem
801 3758 1237 3830 intelligentiam,
1268 3760 1319 3814 et
1347 3771 1462 3813 ecce
1497 3754 1640 3810 stetit
1680 3753 1740 3808 in
1766 3761 2052 3824 conspectu

401 3867 513 3907 meo
539 3849 698 3923 quasi
733 3849 872 3906 visio
903 3848 1029 3914 viri,
1061 3852 1111 3904 et
1139 3846 1328 3904 audivi
1349 3861 1527 3903 vocem
1555 3842 1663 3899 viri
1691 3843 1834 3899 inter
1867 3840 2004 3898 Ubal
2034 3857 2050 3894 .-

399 3948 449 3997 et
484 3941 717 4006 vocavit,
749 3945 801 3997 et
830 3938 976 3996 dixit
1007 3957 1026 3997 :
1057 3938 1288 4003 Gabriel,
1332 3936 1424 4006 fac
1451 3933 1754 4005 intelligere
1791 3932 1947 3988 illum
1972 3931 2054 3986 vi-

397 4034 629 4099 sionem;
655 4035 704 4088 et
732 4029 896 4095 venit,
947 4037 993 4085 et
1022 4031 1171 4087 stetit
1212 4028 1383 4098 juxta
1430 4024 1720 4081 stationem
1773 4038 1968 4090 meam;
2005 4028 2056 4082 et

400 4138 528 4179 cum
583 4121 784 4178 veniret
842 4123 951 4195 ipse
1012 4120 1264 4178 turbatus
1318 4133 1457 4178 sum.
1487 4120 1538 4172 et
1593 4114 1730 4171 cado
1771 4115 1830 4169 in
1863 4114 2056 4184 [aciem

398 4231 580 4283 meam,
645 4215 694 4272 el
740 4215 885 4274 dixit
937 4215 1014 4272 ad
1063 4228 1145 4270 me
1201 4230 1221 4270 :
1276 4210 1541 4279 Intellige,
1601 4209 1683 4280 ﬁli
1739 4208 1968 4265 hominis
2003 4211 2051 4265 h.

398 4304 549 4378 Quid
601 4306 782 4370 vero?
839 4307 999 4370 dicat
1029 4303 1162 4384 quis
1197 4322 1210 4366 :
1245 4302 1418 4364 etiam
1453 4307 1689 4370 cratera,
1740 4318 1872 4381 quae
1899 4318 2054 4362 asa-

399 4407 514 4470 cris
546 4405 854 4488 prephetis
902 4403 1062 4466 dicta
1106 4415 1245 4466 sunt
1296 4404 1372 4466 de
1429 4405 1648 4468 decoro
1682 4407 1894 4469 ordine
1924 4422 2050 4469 cae-

403 4506 665 4581 lestium,
697 4504 798 4568 cui
839 4521 1010 4566 sacer
1062 4505 1160 4566 hic
1202 4504 1350 4568 ordo
1387 4515 1589 4569 noster
1615 4507 2045 4584 hierarchicus,

401 4604 598 4688 quoad
658 4606 787 4668 ﬁeri
835 4611 1049 4687 potest,
1089 4605 1449 4668 assimilatur
1483 4623 1496 4669 :
1542 4607 1839 4689 siquidem
1873 4626 2051 4689 supe-

2131 4545 2334 4614 ἥκουσα
2402 4570 2514 4628 φων
2523 4549 2586 4616 ὴν

2072 4639 2220 4718 Ducti
2273 4636 2496 4695 ἐκάλεσε
2527 4686 2543 4713 ,
2595 4640 2684 4696 καί
2742 4641 2906 4698 εἷπε·
2970 4638 3202 4717 Γαϐριὴλ
3238 4686 3254 4712 ,
3307 4637 3577 4695 συνέτισον
3636 4637 3796 4695 ἐκεῖ·

2139 3377 2230 3426 τοῦ
2283 3373 2353 3436 εἷς
2404 3373 2563 3446 μέσον
2625 3380 2718 3430 τοῦ
2792 3375 2954 3453 πυρὸς
3017 3382 3110 3432 τοῦ
3168 3373 3319 3435 ὄντος
3373 3372 3428 3428 ἐν
3480 3371 3631 3448 μέσῳ
3692 3379 3803 3430 τῶν

2141 3459 2420 3541 χερουϐὶμ,
2480 3463 2566 3519 καὶ
2631 3461 2785 3520 ἔλαϐε
2825 3509 2842 3539 ,
2911 3465 2998 3521 καὶ
3057 3462 3252 3521 ἔδωκεν
3311 3465 3386 3526 εἰς
3440 3465 3536 3524 τὰς
3598 3476 3801 3541 χεῖρας

2135 3558 2230 3608 τοῦ
2307 3550 2638 3615 ἐνδεδυκότος
2747 3554 2842 3621 τὴν
2944 3553 3144 3622 στολὴν
3233 3555 3332 3616 τὴν
3419 3553 3574 3631 ἁγίαν
3605 3599 3622 3624 ,
3710 3555 3804 3609 καὶ

2136 3639 2333 3715 ἔλαϐε,
2396 3644 2482 3699 καὶ
2540 3641 2743 3710 ἕξῆλθε.
2812 3651 2976 3702 Τοῦτο
3048 3643 3196 3722 λέγει
3273 3645 3362 3700 καὶ
3419 3643 3802 3721 περισσότερον

2135 3732 2209 3794 εἰς
2267 3732 2504 3798 εὒταξίας
2550 3731 2712 3811 λόγον
2766 3735 2794 3792 ὁ
2851 3733 3035 3812 ἅγιος,
3091 3734 3172 3790 ὅτι
3233 3731 3536 3791 ἐνετειλατο
3592 3736 3670 3806 τῷ
3715 3735 3808 3790 ἓν·

2137 3821 2370 3879 δεδυκότι
2401 3824 2498 3891 τὴν
2529 3823 2750 3899 στολὴν,
2804 3824 2994 3883 λαϐεῖν
3025 3827 3086 3883 τὸ
3132 3831 3255 3900 πῦρ’
3304 3825 3392 3882 καὶ
3422 3826 3480 3880 ἓν
3510 3830 3588 3897 τῷ
3615 3822 3807 3882 ἐλθεῖν

2136 3914 2292 3969 αὒτὸν
2344 3912 2529 3970 λαϐεῖν
2589 3918 2650 3971 τὸ
2702 3915 2826 3994 πῦρ,
2886 3917 2942 3972 ἓν
3002 3922 3108 3973 τῶν
3157 3913 3415 3995 χερουϐὶμ
3475 3913 3802 3988 διηκόνησε,

2206 4003 2219 4024 ς
2282 4001 2305 4034 ῃ
2384 4002 2434 4036 ε-
2501 4005 2516 4024 κ
2624 4011 2642 4022 .-
2805 4007 2818 4026 κ
2877 4003 2931 4026 sm
3157 4006 3171 4024 κ
3285 4005 3298 4021 ι
3393 4029 3404 4036 _
3748 4005 3762 4026 ν
3890 4021 3896 4028 .

2138 4023 2222 4059 και
2283 4001 2434 4060 ελαοε
2465 4026 2527 4060 το
2575 4027 2700 4078 πυρ,
2735 4027 2822 4062 και
2879 4019 3040 4062 εοωκι
3081 4027 3212 4084 προς
3246 4027 3342 4068 τας
3395 4017 3587 4084 χεῖρας
3647 4002 3803 4060 ἐκει-

2138 4115 2244 4148 νου.
2283 4090 2374 4148 ’Ἢ
2409 4093 2586 4168 πάλιν,
2623 4095 2672 4150 τί
2704 4093 2764 4149 ἂν
2795 4094 2942 4174 λέγοι
2990 4117 3071 4159 τις
3130 4096 3250 4174 περὶ
3313 4103 3398 4153 τοῦ
3461 4091 3800 4160 κεκληκότος

2136 4183 2227 4239 τὸν
2277 4181 2548 4240 θειότατον
2606 4183 2863 4262 Γαϐριὴλ,
2919 4186 3094 4248 καθὼς
3143 4187 3197 4242 ἐν
3255 4190 3324 4262 τῇ
3367 4183 3416 4241 θ’
3467 4186 3648 4263 ὁρασει
3701 4183 3804 4239 τοῦ

2142 4271 2340 4340 Δανιὴλ
2392 4274 2660 4352 φέρεται,
2721 4273 2826 4337 Καὶ
2884 4275 3095 4354 ἐγένετο
3166 4274 3217 4331 ἐν
3268 4281 3346 4349 τῷ
3394 4272 3526 4331 ἰδεῖν
3560 4294 3651 4353 με,
3685 4273 3802 4351 ἐγὼ

2139 4367 2337 4435 Δανιὴλ
2371 4414 2388 4447 ,
2447 4370 2546 4435 τὴν
2622 4368 2802 4447 ὅρασιν
2835 4414 2850 4434 ,
2941 4371 3030 4426 καί
3105 4368 3323 4439 ἐζήτουν
3392 4367 3598 4424 σύνεσιν
3627 4385 3644 4402 ο
3707 4367 3802 4423 καί

2132 4455 2239 4513 ἰδοὺ
2323 4455 2468 4538 ἔστη,
2538 4457 2761 4516 ἐνώπιον
2834 4458 2964 4534 ἐμοῦ
3043 4461 3117 4521 ὡς
3175 4458 3358 4538 ὅρασις
3411 4455 3592 4534 ἀνδρὸς
3626 4504 3642 4530 ,
3706 4459 3803 4512 καὶ

2688 4548 2869 4627 ἄνδρὸς
2943 4549 3206 4623 ἁνάμεσον
3290 4555 3382 4606 τοῦ
3468 4545 3646 4605 Οὒεάλ
3702 4544 3797 4610 ⁵9.

399 4705 579 4770 rioris
607 4705 768 4769 illius
801 4704 1076 4786 mysticae
1108 4705 1461 4768 hierarchiae
1495 4707 1741 4770 imitatio
1775 4709 2046 4790 quaedam

2143 4749 2221 4784 νον
2312 4728 2412 4795 τὴν
2489 4704 2669 4806 ὅρασιν
2699 4776 2716 4808 ,
2792 4731 2877 4786 καί
2959 4704 3093 4797 ἦλθε
3157 4704 3258 4786 ’καί
3319 4727 3448 4796 ἔστη
3525 4728 3798 4808 ἐχόμενος

400 4814 539 4869 sunt
561 4824 694 4888 quae
725 4805 784 4867 in
809 4804 1075 4868 Ecclesia
1106 4805 1516 4888 perﬁciuntur,
1551 4816 1610 4870 et
1653 4808 1780 4870 haec
1814 4807 2051 4870 decoris

2133 4820 2232 4885 τῆς
2316 4818 2552 4883 στάσεώς
2638 4834 2763 4888 μου·
2851 4820 2933 4877 κεί
3017 4819 3071 4877 ἐν
3156 4826 3234 4894 τῷ
3318 4817 3494 4876 ἐλθεῖν
3579 4819 3794 4893 asta»;

400 4914 607 4960 eorum
641 4895 910 4977 quaedam
941 4903 1080 4958 sunt
1107 4895 1422 4980 imagines;
1453 4897 1749 4979 siquidem
1775 4898 1900 4960 haec
1933 4917 2048 4960 no-

2143 4904 2438 4980 ἑθαμϐήθην
2476 4955 2491 4982 ,
2551 4909 2638 4965 καί
2708 4909 2886 4966 πίπτω
2943 4907 3030 4966 ἐπὶ
3116 4909 3403 4988 πρόσωπόν
3487 4922 3613 4985 μου⁶
3705 4908 3795 4965 xui

399 4995 520 5080 slra
549 4985 890 5080 hicrarchia
921 5003 1031 5065 per
1071 4985 1233 5048 illam
1289 4987 1634 5080 etiormatur
1666 4996 1724 5050 et
1753 4987 1826 5080 ad
1858 4987 2045 5080 Deum

2143 4999 2256 5052 εἶπε
2344 4997 2472 5076 πρός
2556 5013 2646 5074 με·
2747 4999 2930 5080 Σύνες,
3017 4999 3095 5058 υἱὲ
3160 4985 3474 5076 ⁷ἀνθρώπου.
3563 4997 3627 5056 Τί
3713 4995 3789 5073 δές

399 5075 740 5150 adducitur,
777 5075 878 5167 qui
931 5075 1396 5167 supernaturalis
1425 5079 1650 5139 ordinis
1683 5079 2048 5159 principatus

2143 5084 2279 5162 λέγοι
2310 5075 2414 5150 τις·
2475 5088 2562 5144 καί
2608 5085 2706 5144 ὅσα
2765 5075 3084 5167 animus:
3124 5094 3232 5146 τῶν
3290 5089 3445 5166 ἱερῶν
3496 5086 3794 5167 προφητῶν

401 5173 490 5228 est
544 5167 738 5228 omnis
787 5166 1161 5243 hierarchiaa,
1212 5185 1575 5250 omnemque
1607 5186 1843 5232 sacrum
1876 5168 2045 5232 ordi-

2143 5173 2345 5251 εἴρηται
2419 5178 2535 5255 περί
2611 5183 2711 5244 τῆς
2777 5166 3060 5254 εὖκοσμίάς
3117 5183 3224 5234 τῶν
3282 5177 3536 5255 οὐρανίων
3574 5166 3794 5254 ,πρὸς

399 5273 539 5347 nem
569 5256 842 5320 instituit.

2143 5263 2196 5332 iw
2225 5266 2314 5322 καὶ
2355 5268 2390 5334 ἡ
2450 5265 2658 5333 εὐταξία
2713 5273 2809 5335 τῆς
2862 5266 2987 5347 παρ’
3041 5271 3179 5344 ἡμῖν
3232 5266 3699 5347 ἱεραρχίας,κατὰ
3731 5268 3797 5323 τὸ

399 5342 640 5428 δυνατὸν,
704 5347 1076 5426 ἀφωμοίωται’
1136 5348 1356 5426 μίμημα
1417 5351 1516 5430 γὰρ
1569 5350 1668 5419 τῆς
1730 5354 1835 5408 τῶν
1905 5350 2015 5410 ἄνω
2082 5355 2346 5430 μυστικῆς
2409 5357 2685 5436 ἱεραρχαίς
2743 5358 2808 5415 τὰ
2868 5342 3044 5435 ἔνττῇ
3084 5342 3422 5430 ἽἚκκλησίᾴν
3464 5354 3791 5436 τελούμενα,

400 5439 500 5527 καὶ.
534 5444 700 5494 ταῦτα
765 5439 862 5503 τῆς
914 5439 1127 5494 ὲκείνων
1190 5441 1502 5514 εὐπρεπείας
1558 5440 1755 5504 εἰκόνες
1819 5440 1940 5497 εἰσί’
2000 5451 2254 5501 τυποῦται
2319 5445 2419 5524 γὰρ
2485 5447 2520 5514 ἡ
2591 5443 2710 5504 καθ’
2767 5449 2908 5524 ἡμᾶς
2943 5448 3190 5527 ιεραρχία
3247 5443 3316 5503 δι’
3389 5445 3626 5525 ἔκιινης,
3699 5441 3799 5504 καὶ

399 5524 653 5604 ἀνάγεται
683 5528 814 5606 πρὸς
846 5528 1000 5585 αὐτὸν
1030 5531 1121 5586 τὸν
1147 5531 1299 5604 Θεὸν,
1333 5530 1433 5596 τὴν
1462 5531 1771 5609 ὑπερούσιον
1802 5530 2116 5613 ταξιαρχίαν
2148 5535 2362 5602 ἁπάσης
2394 5537 2689 5615 ίεραρχίας,
2725 5538 2817 5594 τὸν
2844 5524 3023 5607 πάσης
3049 5524 3190 5618 isis—5;
3227 5535 3421 5604 τάξεως
3450 5524 3726 5617 ἀρχηγὸν,

564 5645 585 5680 ε
616 5633 830 5699 Ezech.
865 5651 948 5712 lx,
983 5641 1043 5697 2.
1126 5637 1325 5700 fDan.
1360 5653 1439 5712 ιν,
1468 5637 1569 5702 21.
1656 5651 1686 5696 ε
1709 5637 1925 5703 Ezech.
1951 5658 2010 5715 Χ,
2045 5643 2058 5703 t

2191 5643 2219 5684 ιι
2247 5640 2396 5704 Dan.
2426 5657 2552 5718 vm,
2589 5643 2692 5705 15.

479 5824 542 5878 se
570 5825 750 5891 οὒΛαί,
1716 5745 1977 5812 VARUE
2036 5745 2474 5813 LEGTIONES.
