4052 6438
453 354 569 427 267

1629 351 1691 423 s.
1742 342 2083 425 DiONYSIl
2117 342 2652 425 AREOPAGITE.

3729 346 3849 429 268

452 493 621 576 ordo,
677 496 884 575 utpote
927 496 1161 556 secreto
1211 490 1333 554 Deo
1380 492 1880 574 appropinquans,
1919 494 2103 577 magis

2203 495 2328 562 τάξιν
2376 498 2620 576 ίεραρχεϊ
2653 510 2667 525 ⁹
2701 497 2735 565 ἡ
2796 494 2852 551 δὲ
2919 493 3154 575 δευτέρα,
3216 492 3250 563 ἧ
3312 501 3412 563 τῆε
3456 494 3629 572 μέσης
3660 498 3846 577 ἱεραρ·

452 582 683 645 occulte
726 582 989 646 secundo
1035 581 1233 645 ordini
1274 600 1372 643 res
1419 598 1617 643 sacras
1646 583 2058 647 subministrat
2092 605 2105 648 :

453 672 758 735 secundus
785 692 947 750 vero,
981 672 1081 753 qui
1114 680 1201 734 est
1226 671 1436 734 mediae
1459 672 2109 748 hierarcbiaemltimam

448 762 847 827 hierarchiam
873 764 1243 846 moderatur,
1263 762 1636 826 manifestius
1663 763 1907 844 quidem
1933 784 2108 846 quam

452 853 707 935 primus,
754 855 1047 918 occultius
1073 870 1220 915 vero
1277 871 1455 935 quam
1491 871 1777 933 sequens;
1804 873 1982 935 porro
2016 856 2106 916 ul-

454 943 638 1005 timus
683 945 829 1007 ordo
869 942 1146 1006 humanis
1166 942 1525 1008 hierarcbiis
1549 952 1784 1023 praeest.
1812 945 2108 1007 Caeterum

455 1052 590 1095 cum
626 1042 746 1096 tres
796 1035 1035 1097 ordines
1081 1033 1224 1115 sint,
1278 1033 1711 1096 illustrationes
1768 1034 2112 1096 sibimutuo

455 1124 857 1189 manifestam.
894 1125 1317 1187 Verumtamen
1382 1122 1729 1200 dicendum,
1814 1126 2113 1206 quomodo

454 1214 685 1295 primus
717 1215 958 1296 quidem
984 1214 1216 1277 ordinis
1238 1213 1609 1296 principatus
1632 1221 1906 1297 sequenti
1934 1215 2113 1278 simul

455 1304 991 1367 manifestationem
1020 1303 1327 1378 infuderit,
1363 1310 1422 1365 et
1451 1322 1570 1364 non
1596 1304 1748 1365 alius
1780 1323 1888 1386 per
1905 1305 2112 1386 alium,

453 1402 511 1455 et
532 1395 811 1457 similiter
846 1393 1149 1456 secundus
1178 1393 1353 1469 ordo;
1400 1400 1613 1455 tertius
1654 1413 1814 1476 vero,
1840 1394 1991 1457 alius
2012 1413 2119 1475 per

454 1484 637 1547 alium
672 1484 845 1547 nobis
874 1484 1149 1546 infundat
1180 1480 1981 1546 illustrationes.Dicendum
2016 1486 2118 1546 ita-

455 1575 759 1658 que,quod
790 1577 853 1638 in
887 1574 1190 1657 prioribus
1218 1573 1554 1655 ordinibus,
1591 1594 1728 1636 cum
1762 1581 1877 1636 tam
1906 1576 2120 1637 dantes

453 1684 628 1747 quam
656 1667 1019 1748 accipientes
1065 1664 1258 1744 angeli
1309 1664 1448 1740 sint,
1504 1665 1565 1725 in
1614 1663 1733 1725 illis
1792 1665 2121 1727 secundum

2193 586 2320 666 χίας
2359 634 2375 666 ,
2442 587 2658 664 ἡγεῖται
2707 591 2806 653 τῆς
2858 583 3102 665 ἐσχάτης
3157 585 3455 665 ἱεραρχίας,
3512 584 3850 667 ἐμφανεστέ-

2194 698 2298 754 ρως
2359 676 2459 751 μὲν
2508 677 2640 754 πρὸς
2693 676 2789 743 τὴν
2847 676 3090 753 πρώτην²
3135 672 3601 756 κρυφιωδεστέρως
3632 673 3687 732 δὲ
3720 678 3853 753 πρὸς

2203 765 2289 835 τὴν
2346 765 2466 841 μετ’
2521 766 2685 833 αὐτὴν
2720 781 2735 796 ⁸
2800 766 2832 834 ὴ
2876 763 2931 821 δὲ
2983 765 3195 845 ἐσχάτη
3244 764 3388 830 τάξις
3442 777 3566 830 ταῖς
3596 767 3860 843 ἀνθρωπῖ-

2195 882 2309 923 ναις
2366 858 2665 938 ἶεραρχίαις
2723 858 3023 921 ἐπιστατεῖ.
3088 859 3231 926 Πλὴν
3277 860 3365 914 Eni
3421 860 3540 929 τρία
3605 858 3862 937 τάγματὲι

2196 951 2319 1030 εἱσι,
2380 947 2447 1004 δι’
2492 948 2744 1018 ἀλλήλων
2789 948 3101 1028 ἐμφαίνουσι
3159 948 3256 1012 τὰς
3307 946 3627 1025 ἐλλάμψεις,
3709 947 3861 1014 Πλὴν

2198 1038 2519 1120 ὀιπορητέον³
2562 1044 2679 1103 πῶς
2742 1040 2777 1107 ὴ
2811 1038 2909 1114 μὲν
2968 1038 3156 1118 πρώτη
3214 1036 3505 1119 ταξιαρχία
3552 1039 3667 1115 ἅμα
3690 1036 3865 1095 ἔνεδῖ-

2199 1128 2290 1190 δου
2318 1131 2419 1198 τὴν
2477 1128 2724 1208 ἔκφανσιν
2753 1135 2822 1205 τῇ
2884 1127 3001 1205 μετ’
3063 1128 3252 1209 αὗτὴν,
3328 1132 3417 1185 καὶ
3475 1130 3570 1186 οὒκ
3601 1127 3743 1195 ἄλλη
3790 1122 3863 1184 δι’

2199 1220 2393 1295 ἄλλης,
2454 1220 2542 1277 καὶ
2597 1221 2633 1289 ὴ
2682 1218 2900 1293 δευτέρα
2959 1220 3155 1294 ὁμοίως
3194 1237 3208 1250 ⁸
3248 1221 3283 1289 ὴ
3335 1217 3390 1275 δὲ
3449 1239 3511 1298 γε
3540 1220 3694 1298 τρίτη
3718 1217 3865 1285 ἄλλη

2200 1309 2265 1367 δι’
2297 1308 2466 1377 ἄλλης
2492 1311 2587 1373 τὰς
2640 1311 2770 1388 πρὸς
2819 1308 2957 1385 ἡμᾶς
2990 1307 3288 1384 ἐλλέμψεις
3318 1306 3603 1368 ἐνδίδωσιν.
3652 1307 3868 1367 "Eni:

2202 1403 2291 1459 οὖν
2338 1402 2533 1480 εἰπεῖν,
2586 1398 2667 1457 ὅτι
2725 1402 2811 1456 imi
2864 1412 2987 1463 ταῖς
3053 1398 3333 1478 προτέραις
3366 1398 3743 1475 τάξεσιν,ὲπεῖ
3774 1405 3869 1460 καὶ

2202 1494 2249 1549 οἱ
2318 1488 2684 1564 μεταδιδόντες
2757 1490 2844 1547 καὶ
2894 1491 2940 1546 οἱ
3009 1488 3334 1569 μετέχοντες
3423 1485 3644 1569 ἄγγελοί
3703 1490 3863 1563 εἰσιν,

2205 1581 2301 1640 οὒκ
2347 1580 2456 1638 ἔστι
2514 1582 2576 1636 τὸ
2636 1578 2798 1657 μέσον
2859 1580 3032 1636 αὐτῶν
3088 1580 3225 1636 πολὺ
3268 1580 3404 1637 κατὰ
3457 1581 3610 1661 φύσιν
3643 1578 3865 1659 παραλ-

2205 1671 2395 1729 λάττον
2424 1720 2438 1746 ,
2492 1670 2587 1727 ’ίνα
2645 1672 2824 1733 ποσῶς
2895 1666 2980 1726 διὰ
3038 1673 3193 1727 τοῦτο
3266 1670 3423 1727 οἱονεὶ
3511 1691 3868 1750 κατακερμα-

453 1764 725 1819 naturam
773 1774 895 1819 non
945 1772 1225 1836 magnam
1286 1770 1418 1815 esse
1461 1754 1893 1836 diversitatem,
1937 1756 2024 1816 9|
2059 1766 2116 1821 ut

2206 1763 2408 1828 τισθείη
2465 1761 2499 1830 ἡ
2569 1758 2863 1836 ἕλλαμψις,
2914 1760 3002 1816 καὶ
3056 1761 3262 1826 ε’ὑθετος
3312 1771 3433 1824 τοῖς
3463 1759 3701 1841 ὑστέροις
3735 1759 3869 1839 πρὸς

458 1844 630 1909 toties
662 1865 816 1926 opus
847 1846 925 1907 sit
973 1844 1417 1926 quodammodo
1443 1842 1743 1907 subdividi
1772 1844 2116 1907 illustratio-

2207 1851 2484 1932 ὑποδοχῆν
2558 1849 2779 1929 γένηται
2816 1896 2832 1913 .

454 1959 732 2019 nem,quo
748 1946 1171 2019 posterioribus
1184 1954 1353 2016 captu
1368 1943 1551 2002 facilis
1567 1943 2116 2013 evadat.Hicautem,

455 2045 594 2089 cum
618 2028 865 2090 multum
900 2027 1136 2089 intersit
1161 2027 1315 2087 inter
1366 2043 1475 2087 nos
1504 2034 1563 2087 et
1592 2025 1857 2106 angelos,
1891 2026 2118 2087 idcirco

456 2117 607 2179 alius
637 2136 742 2200 per
762 2118 944 2180 alium
976 2116 1671 2198 accipitillustrationem
1705 2134 1775 2177 ac
1818 2115 2119 2196 nuntium,

459 2216 523 2269 ut
564 2207 800 2270 facibus
845 2210 924 2270 ita
982 2208 1145 2269 brevi
1173 2207 1266 2274 ad,
1307 2224 1417 2268 nos
1456 2205 1789 2287 perveniat,
1836 2206 2121 2267 manifes-

458 2297 693 2380 tiusque
746 2297 1053 2360 decretum
1110 2298 1217 2361 Dei
1274 2296 1447 2358 nobis
1477 2295 1840 2358 declaretur.
1889 2296 2119 2358 Idcirco

458 2388 540 2451 ait
562 2389 659 2450 hic
690 2398 1023 2469 sanctus,ut
1057 2389 1169 2450 hoc
1190 2387 1399 2449 ordine
1419 2385 1491 2447 ad
1524 2385 1713 2449 Deum
1730 2390 1807 2447 sit
1837 2402 2122 2449 ascensus

459 2497 569 2559 per
598 2479 1190 2559 contemplationem,
1226 2484 1284 2539 et
1329 2477 1641 2539 conversio
1678 2494 1785 2556 per
1814 2484 2107 2556 operatto~

459 2586 621 2650 nem,
658 2579 717 2632 et
774 2572 1118 2631 communio
1152 2585 1261 2650 per
1308 2567 1795 2643 illustrationem,
1850 2584 1963 2627 nec
1997 2585 2115 2627 non

459 2678 567 2741 per
589 2668 791 2739 gratiae
807 2659 1252 2722 deiﬁcationem
1277 2655 1754 2720 unio.Habemus
1783 2656 1983 2737 itaque
2013 2675 2122 2737 per

458 2751 677 2829 gradus
707 2767 1026 2811 ascensum
1058 2748 1129 2809 ad
1145 2749 1431 2819 Deum;et
1456 2755 1520 2806 ut
1550 2745 1628 2806 sit
1654 2744 1912 2806 vicissim
1935 2747 2116 2807 etiam

463 2839 796 2901 secundum
829 2839 1108 2906 ordinem
1141 2857 1173 2899 a
1206 2834 1568 2901 Deoinditus
1587 2834 1869 2897 omnibus
1898 2834 2122 2897 bierar-

382 3000 383 3003 η
465 2928 616 2990 chiis
638 2929 711 2991 ad
746 2947 854 2991 nos
905 2945 1247 3011 processus,
1284 2944 1391 3009 per
1420 2925 1745 2989 bonitatem
1780 2925 2120 2988 communi-

464 3026 670 3080 canter
687 3020 1036 3081 exundans:
1088 3018 1315 3080 idcirco
1338 3017 1514 3078 etiam
1554 3016 1754 3078 divina
1787 3016 2119 3098 Scriptura,

463 3108 696 3186 angelis
711 3128 780 3171 ea
823 3128 953 3191 quae
984 3110 1057 3170 ad
1090 3128 1199 3170 nos
1232 3117 1506 3189 spectant
1536 3108 1839 3170 distribuit
1870 3130 1884 3181 ;
1922 3125 2120 3185 quan—

466 3202 671 3278 doque
702 3200 860 3262 enim
895 3199 1226 3297 principem
1263 3198 1469 3281 populi
1497 3197 1843 3297 Judzeorum
1872 3215 2181 3297 vocasseC

464 3291 765 3369 reperitur
795 3289 854 3351 in
887 3289 1134 3352 Daniele
1166 3287 1542 3369 Michaelem,
1576 3290 1660 3350 uti
1700 3297 1760 3351 et
1790 3288 1942 3350 alios
1968 3306 2122 3368 gen-

464 3382 610 3444 tium
632 3383 881 3445 aliarum
921 3382 1301 3465 ;quandoque
1332 3400 1473 3445 vero
1508 3381 1589 3444 ait
1617 3382 1885 3446 :Staluit
1914 3382 2125 3445 termi-

464 3490 575 3534 nos
615 3476 892 3553 gentium
914 3474 1269 3535 Altissimus
1296 3475 1475 3551 iuxta
1505 3490 1835 3535 numerum
1865 3471 2124 3554 angelo-

464 3580 601 3624 rum
634 3563 771 3638 Dei,
801 3565 934 3626 utin
954 3564 1219 3627 secundo
1247 3563 1480 3626 cantico
1517 3562 1729 3644 Moysis
1748 3562 2054 3625 invenitur
2072 3587 2118 3631 p.

544 3652 686 3732 §lI[.
718 3652 871 3717 Hinc
896 3655 1072 3716 solvit
1101 3663 1509 3734 emergentem
1542 3653 1807 3734 aliquam
1832 3651 2118 3731 quaestio-

464 3751 872 3819 nem.Quaestio
902 3760 1094 3810 autem
1123 3753 1244 3809 haec
1277 3762 1389 3811 est:
1416 3751 1935 3824 Quomodo,inquit
1973 3764 2122 3818 ,cum

464 3842 602 3897 boni
623 3841 807 3914 angeli
845 3842 1114 3914 gentibus
1144 3842 1387 3913 praefecti
1410 3842 1714 3908 sint,solus
1736 3840 1910 3898 Israel
1937 3841 2121 3898 Deum

464 3927 753 3997 cognovit,
772 3925 866 3984 alii
898 3938 1087 3985 autem
1111 3928 1279 3986 idolis
1314 3928 1711 3985 adhaeserunt?
1737 3925 1959 3984 Selutio
1988 3939 2122 3985 vero

465 4023 552 4073 est
583 4015 709 4082 ista,
733 4016 887 4087 quod
912 4018 1187 4076 nimirum
1218 4028 1553 4077 ceterarum
1581 4017 1839 4090 gentium
1866 4017 1937 4074 ad
1966 4016 2122 4077 idola

464 4104 704 4163 defectio
735 4106 1104 4180 doceptioque
1132 4107 1299 4166 rectis
1324 4107 1661 4180 angelorum
1690 4107 2122 4180 gubernationi-

461 4195 571 4252 bus
591 4210 955 4271 nequaquam
984 4198 1318 4271 imputanda
1352 4200 1426 4257 sit
1440 4199 1699 4269 (observa
1718 4213 2123 4271 vero,quomo-

465 4286 537 4343 de
568 4288 866 4348 defectioni
886 4300 1099 4348 rectam
1131 4290 1613 4362 gubernationem
1635 4291 2024 4363 opponit),sed
2047 4291 2123 4348 il-

464 4377 536 4433 iis
559 4378 881 4451 ipsis,quod
920 4380 1174 4452 propriis
1213 4381 1662 4453 spontaneisque
1700 4381 1948 4439 motibus
1971 4397 2004 4440 a
2029 4395 2125 4440 re-

460 4477 564 4534 cta,
617 4483 747 4541 quia
791 4471 862 4528 ad
907 4471 1090 4529 Deum
1142 4471 1501 4537 ducebat,via
1555 4486 1657 4543 per
1685 4486 1943 4530 amorem
1987 4486 2124 4542 pro-

2887 1846 3144 1908 Ἐνταῠθα
3218 1847 3296 1923 δὲ,
3372 1848 3485 1908 ἐπεὶ
3571 1851 3633 1907 τὸ
3699 1849 3869 1925 μέσον

2203 1945 2358 2012 ἡμῶν
2415 1963 2472 1999 τε
2529 1941 2618 1999 καὶ
2660 1946 2768 1997 τῶν
2819 1938 3063 2019 ἀγγέλων
3129 1939 3288 2015 πολύ,
3350 1937 3436 1997 δια
3495 1946 3651 2000 τοῦτο
3724 1939 3869 2007 ἄλλη

2205 2032 2274 2089 δι’
2334 2030 2506 2099 ἄλλης
2562 2028 2820 2107 λαμϐάνει
2882 2031 2978 2098 τὴν
3011 2029 3216 2107 λάμψιν
3313 2031 3401 2087 καὶ
3451 2031 3549 2099 τὴν
3583 2029 3871 2111 ἀγγελίαν,

2206 2129 2279 2193 ὡς
2323 2125 2383 2187 ἅν
2437 2123 2751 2204 ἆπονωτέρα
2829 2121 2948 2180 κατ’
3019 2123 3200 2203 ὀλίγον
3255 2126 3393 2199 ἡμῖν
3452 2129 3723 2204 muni“
3786 2125 3877 2180 καὶ

2208 2215 2595 2297 ἐμφανέστερον
2650 2216 2713 2271 τὸ
2767 2213 3020 2291 βούλημα
3078 2211 3482 2284 δηλωθήσηται.
3554 2214 3656 2270 Διά
3710 2221 3877 2271 τοῦτο

2206 2307 2351 2386 )έγει
2390 2308 2417 2363 ὃ
2445 2304 2618 2383 ἅγιος,
2648 2304 2741 2360 ἵνα
2779 2302 2815 2381 ᾗ
2870 2305 3007 2362 κατὰ
3050 2303 3197 2370 τέξιν
3253 2306 3288 2373 ἡ
3349 2306 3481 2385 πρὸς
3539 2306 3672 2363 Θεὶν
3733 2305 3876 2372 ἆναη

2206 2384 2360 2466 γω-γὴ
2421 2384 2505 2442 διὰ
2569 2386 2790 2465 θεωρίας
2849 2432 2864 2458 ,
2930 2391 3017 2443 καὶ
3070 2384 3367 2464 ἐπιστροφὴ
3396 2384 3508 2442 διὰ
3572 2385 3822 2457 πράξεως
3859 2433 3873 2459 ,

2206 2480 2293 2533 καὶ
2346 2475 2591 2534 κοινωνία
2637 2473 2704 2531 δι’
2759 2473 3105 2551 ἐλλάμψεως,
3169 2476 3258 2532 καὶ
3316 2473 3403 2531 διαὶ
3444 2476 3546 2542 τῆς
3567 2475 3707 2531 κατὰ
3757 2474 3875 2554 χᾶο

2205 2590 2282 2646 ριν
2340 2566 2582 2632 θεώσεως
2639 2564 2850 2630 ἓνωσις.
2917 2564 3182 2646 ’Ἔχομεν
3231 2571 3360 2644 γοῦν
3432 2563 3570 2622 κατά
3625 2565 3871 2642 βαθμοὺς

2204 2659 2301 2726 τὴν
2356 2659 2488 2734 πρὸς
2548 2658 2679 2713 Θεὸν
2736 2655 2943 2713 ἄνοδονο
3014 2657 3104 2713 καὶ
3154 2653 3231 2711 ’ἶν’
3261 2655 3486 2733 ᾗπάλιν
3516 2656 3657 2713 κατὰ
3686 2654 3866 2731 τάξιν,

2204 2749 2290 2805 καὶ
2336 2751 2374 2820 ἡ
2408 2748 2514 2804 ἀπὸ
2544 2747 2678 2804 Θεόῦ
2712 2748 2841 2826 πρὸς
2899 2748 3049 2815 ἡμᾶς
3108 2743 3416 2821 ἔνδιδομένη
3476 2745 3671 2808 πάςαις
3733 2744 3872 2810 ταῖς

2204 2841 2528 2922 ἱεραρχίαις,
2602 2841 2689 2898 καὶ
2748 2845 3077 2905 κοινωνικῶς
3147 2838 3479 2922 ἐπιφοιτῶσα
3538 2835 3605 2895 δι’
3666 2836 3875 2917 ἀγαθό-

2204 2954 2342 3001 τητα
2396 2927 2642 3011 πρόοδος,
2699 2927 2786 2986 διὰ
2870 2931 3025 2988 τοῦτο
3079 2930 3168 2986 καὶ
3226 2930 3262 2998 ὴ
3343 2928 3455 2987 θεία
3507 2929 3694 3009 Γραφὴ
3752 2941 3870 2993 τοῖς

2205 3020 2453 3102 ἀγγέλοις
2513 3021 2598 3102 τὰ
2635 3020 2752 3077 καθ’
2809 3021 2955 3096 ἡμᾶς
3000 3018 3369 3096 ἆπονενέμηκε
3402 3035 3418 3050 ⁰
3481 3024 3583 3076 ποῦ
3628 3019 3729 3093 μὲι
3778 3016 3874 3098 ἄρ-

2205 3113 2377 3193 χονται
2428 3117 2520 3168 τοῦ
2588 3101 2851 3170 Ἰουδαίων
2900 3108 3031 3168 λαοῦ
3094 3111 3185 3167 τὸν
3245 3105 3471 3190 Μιχαὴλ
3532 3107 3874 3185 ὃνομάζουσα

2203 3205 2261 3260 ἓν
2314 3202 2392 3277 τῷ
2436 3199 2638 3268 Δανιὴλ
2709 3200 2950 3281 εὕρηται,
3018 3196 3351 3281 καὶηᾶλλοος
3400 3196 3808 3281 γᾷλλωνηέθνῶν
3856 3212 3875 3230 ⁸

2213 3289 2313 3341 ποῦ
2351 3268 2407 3339 δὲ
2477 3268 3063 3361 λὲγουσα²³Ἑστὴσεν
3122 3280 3241 3362 ὅρια
3295 3279 3457 3339 ἐθνῶν
3504 3281 3532 3337 ὁ
3599 3268 3880 3356 ι’ΐιιμιιστος

2209 3373 2345 3431 κατὰ
2395 3370 2614 3452 ἀριθμὸν
2645 3371 2897 3451 ἀγγέλων
2966 3378 3124 3449 Θεοῦ,
3183 3373 3259 3439 ὡς
3308 3369 3362 3430 ἒν
3422 3375 3490 3448 τῇ
3518 3367 3735 3449 δευτέρᾳ
3763 3367 3883 3448 ᾠδῇ

2206 3471 2300 3522 τοῦ
2331 3462 2570 3525 Μωσέως
2593 3462 2837 3542 εὕρηται.
3672 3485 3682 3494 ·

2282 3641 2441 3725 δῙῙῙ.
2477 3645 2746 3706 Ἐντεῦθεν
2804 3645 2916 3704 λὺεί
2986 3643 3388 3707 ἂνακὺπτουσαν
3448 3666 3569 3705 τινα
3613 3642 3882 3723 ἀπορίαν.

2207 3735 2269 3793 Ἠ
2301 3735 2426 3814 γοῦν
2452 3736 2646 3815 ἀπορία
2680 3754 2693 3769 ⁸
2731 3737 2839 3799 Καὶ
2912 3741 3049 3813 πῶς,
3107 3761 3294 3821 φησιν²
3346 3735 3591 3816 ἀγγέλων
3652 3735 3878 3814 ἀγαθῶν

2205 3824 2516 3904 ἐφεστώτων
2546 3839 2665 3892 τοῖς
2715 3825 2910 3903 ἔθνεσι,
2970 3827 3134 3904 μόνος
3164 3831 3193 3885 ὁ
3223 3826 3441 3909 Ἰσραὴλ
3486 3826 3755 3905 ἐγίνωσκε
3781 3827 3883 3883 τὸν

2206 3918 2357 3992 Θεὸν,
2410 3918 2457 3973 οἱ
2506 3915 2564 3974 δὲ
2612 3914 2763 3975 ἄλλοι
2796 3917 2920 3981 τοῖς
2967 3915 3207 3983 εἰδώλοις
3250 3928 3674 3997 προσανεϊχον;
3719 3915 3787 3972 Ἠ
3822 3914 3882 3972 δὲ

2203 4005 2377 4087 λύσις,
2423 4004 2505 4063 ὅτι
2536 4007 2596 4066 οὐ
2621 4007 2732 4089 χρὴ
2753 4008 3015 4066 αἰτιᾶσθαι
3041 4007 3148 4078 τῆς
3207 4007 3294 4067 ἐπὶ
3344 4009 3411 4066 τὰ
3461 4004 3667 4065 εἴδωλα
3706 4088 3707 4091 η
3737 4005 3884 4064 ἆπο·

2205 4095 2522 4168 πλανήσεως
2577 4104 2683 4154 τῶν
2740 4096 2937 4178 ἐτέρων
2996 4097 3181 4173 ἐθνῶν,
3239 4099 3336 4163 τὰς
3395 4097 3594 4163 εὖθείας
3636 4098 3879 4153 ἑπιστα-

2205 4187 2321 4252 σίας
2348 4194 2456 4243 τῶν
2504 4186 2749 4267 ἀγγέλων
2792 4185 2914 4269 (δρα
2956 4185 3012 4244 δὲ
3043 4187 3123 4245 δτὶ
3165 4189 3295 4270 πρὸς
3328 4188 3429 4257 τὴν
3460 4185 3875 4262 ἂποπλάνησιν,

2206 4278 2414 4335 εὐθεῖαν
2462 4276 2641 4336 εἶπειν
2695 4276 3069 4358 ἒπιστασίαν),
3115 4275 3237 4335 ἀλλ’
3267 4278 3603 4336 αἰτιάσασθαι
3633 4275 3753 4356 χρὴ
3786 4276 3880 4333 αὖ·

2204 4368 2326 4431 τοὺς
2378 4367 2636 4442 ἐκείνους,
2692 4367 3156 4432 ἂποπεπτωκότας
3215 4369 3311 4436 τῆς
3391 4368 3524 4448 πρὸς
3574 4366 3668 4423 τὸν
3742 4367 3877 4424 Θεόν

2204 4457 2489 4537 ἀναγωγῆς
2553 4459 2772 4523 οἰκείαις
2840 4458 2929 4516 καὶ
2978 4457 3331 4525 αὗτεξουσίοις
3402 4460 3601 4536 ὁρμαῖς
3663 4457 3724 4513 ἒν
3777 4479 3877 4536 φι-

461 4554 649 4630 prium
685 4561 1077 4619 retractarium
1109 4561 1640 4634 deﬂexerint,etper
1669 4576 1830 4620 suam
1863 4561 2116 4632 pervica-

2204 4535 2409 4620 lautiq
2461 4547 2834 4623 ἀνυποτάκτῳ,
2883 4549 2970 4606 καὶ
3000 4546 3245 4622 αὐθαδείᾳ
3273 4548 3403 4629 πρὸς
3438 4535 3514 4604 τὸ
3546 4544 3739 4605 δοκοῦν
3772 4535 3873 4606 ἀο-

462 4640 614 4702 ciam
647 4642 719 4703 ad
752 4642 835 4718 id,
869 4643 969 4704 cui
1008 4643 1272 4704 divinum
1299 4641 1606 4723 quidpiam
1640 4641 1842 4705 inesse
1866 4640 2120 4703 arbitra~

462 4729 703 4807 bantur,
732 4733 1050 4795 colendum
1073 4732 1601 4799 desciverint.Non
1622 4733 1817 4795 solum
1853 4732 2009 4795 enim
2042 4730 2116 4794 ab

460 4838 553 4895 ea,
597 4840 728 4903 qua;
757 4823 834 4884 ad
868 4822 1055 4884 Deum
1102 4820 1377 4902 ducebat,
1413 4823 1509 4885 via
1539 4822 1874 4898 deviarunt,
1908 4839 2110 4885 verum

462 4910 639 4971 etiam
670 4910 747 4973 iis
777 4911 881 4992 qui
904 4930 1022 4973 non
1053 4919 1223 4973 erant
1254 4911 1335 4971 dii
1358 4930 1463 4991 pro
1496 4912 1712 4994 placito
1743 4930 1851 4974 suo
1882 4911 2109 4973 cultum

457 4998 724 5061 divinum
779 5000 1141 5063 tribuerunt.
1177 5000 1343 5072 Quod
1376 5003 1572 5083 ipsum
1614 5002 1795 5064 etiam
1823 4999 2111 5065 Hebraeo-

454 5113 587 5157 rum
614 5100 831 5171 populo
859 5101 1171 5172 contigisse
1201 5112 1575 5170 memoratur,
1600 5101 1832 5174 quando
1862 5103 2112 5172 peccavit

453 5198 509 5247 et
538 5191 783 5250 vitulum
809 5189 1094 5249 conﬂavit.
1129 5193 1491 5264 Agnitionem
1534 5193 1689 5251 enim
1722 5191 1816 5250 Dei
1848 5191 2111 5263 repulisti

456 5282 710 5351 (quando
728 5282 1053 5341 nimiruma
1079 5280 1165 5339 via
1196 5280 1297 5339 Dei
1324 5282 1588 5356 descivit)
1603 5289 1658 5341 et
1679 5292 1806 5355 post
1827 5296 1929 5340 cor
1949 5291 2112 5341 tuum

451 5371 759 5429 ambulasti
788 5372 1038 5444 (quando
1062 5372 1332 5431 nimirum
1367 5387 1563 5432 arnore
1589 5374 1826 5447 proprio
1851 5372 2111 5445 pervica-

2202 4650 2320 4701 τοῖς
2364 4635 2835 4706 ἂποπλανηθέντας
2895 4636 3209 4711 σεϐάσμιον.
3272 4639 3345 4698 Οὔ
3385 4637 3485 4717 γὰρ
3543 4637 3712 4713 μόνον
3774 4636 3870 4705 τῆς

2200 4729 2330 4806 πρὸς
2378 4728 2440 4785 τὸ
2486 4727 2648 4785 Θεῖον
2692 4727 2980 4807 ἀναγωγῆς
3041 4729 3519 4808 ιὲιποπεπτώκοιιιιν⁷
3570 4724 3714 4783 ἀλλὰ
3783 4726 3874 4783 καὶ

2197 4830 2315 4881 τοῖς
2360 4817 2439 4894 μὴ
2466 4816 2578 4875 οὖσι
2620 4821 2764 4884 θεοῖς
2796 4818 3059 4897 ἅγάλογον
3084 4826 3152 4897 τῇ
3175 4818 3392 4890 δοκήσει
3437 4818 3645 4875 ἑαυτῶν
3674 4817 3741 4873 τὸ
3782 4816 3874 4873 σέ-

2195 4905 2285 4974 ϐος
2328 4889 2757 4968 ἀποδεδώκασιν.
2814 4889 2897 4967 "0
2949 4889 3015 4977 δὴ
3066 4889 3155 4966 καὶ
3211 4889 3421 4974 αὐτόςὸ
3452 4909 3560 4966 τῶν
3602 4903 3867 4986 Ἐϐραίων

2195 4996 2324 5060 λαὸς
2377 4995 2692 5055 πεπονθέναι
2746 4997 2983 5079 λέγεται,
3036 4997 3124 5056 ὅτι
3169 4998 3378 5077 εὴμιιρτε
3412 5041 3429 5071 ,
3476 4997 3565 5071 καὶ
3610 4994 3853 5077 ἐμοσχο-

2194 5087 2440 5154 ποίησεν.
2494 5086 2813 5166 Ἐπίγνωσιν
2884 5089 2985 5167 γὰρ
3035 5087 3166 5147 Θεοῦ
3229 5089 3434 5147 ἀπώσω
3507 5090 3711 5166 (ιτοῦτο³
3782 5084 3866 5143 ὅτι

2193 5177 2291 5246 τῆς
2336 5176 2469 5255 πρὸς
2520 5177 2583 5234 τὸ
2618 5177 2780 5235 Θεῖον
2808 5177 3098 5258 ἀναγωγῆς
3145 5178 3530 5254 ἁποπέπτωκε)
3559 5180 3652 5236 καὶ
3681 5175 3861 5233 ὀπίσω

2192 5272 2293 5335 τῆς
2351 5263 2565 5346 καρδίας
2620 5289 2717 5326 σου
2775 5266 3064 5347 ἑπορεῦθης
3117 5270 3314 5345 (τοῦτο,
3348 5268 3432 5327 ὅτι
3460 5266 3517 5326 ἐν
3558 5288 3628 5345 τῃ
3658 5263 3863 5348 φιλαυ-

2190 5379 2278 5431 τιᾳ
2325 5358 2413 5414 καὶ
2471 5354 2713 5431 αὐθαδείᾳ
2761 5370 2882 5424 τοῖς
2937 5358 3015 5436 μὴ
3075 5360 3191 5418 οὖσι
3248 5363 3394 5425 θεοῖς
3424 5359 3486 5417 τὸ
3532 5354 3693 5422 σέϐας
3726 5354 3867 5413 ἀπέ-

454 5460 655 5532 ciaque
681 5477 783 5521 sua
823 5462 1079 5522 divinum
1110 5461 1327 5523 cultum
1346 5445 1727 5523 decreverunt
1769 5465 1841 5521 iis
1860 5465 1959 5536 qui
1989 5477 2105 5522 non

2203 5453 2417 5524 νειμαν).
2446 5445 2582 5536 οὔτε
2613 5448 2714 5526 γὰρ
2773 5448 2942 5527 ἡμεῖς
2971 5449 3391 5530 ἠναγκασμένην
3438 5449 3646 5531 ἔχομεν
3692 5447 3867 5519 ζωὴν,

454 5564 618 5611 erant
639 5550 991 5628 diiq).Neque
1005 5555 1160 5614 enim
1180 5557 1293 5615 vita
1320 5555 1496 5616 nobis
1514 5556 1717 5623 est,cui
1730 5556 1817 5615 vis
1832 5534 1989 5616 illata
2000 5562 2101 5615 aut

2203 5543 2258 5605 bc
2301 5539 2368 5597 τὰ
2420 5534 2614 5620 ἄλογα.
2679 5535 2818 5597 ἀλλὰ
2863 5537 2952 5597 διὰ
3009 5541 3102 5600 τὸν
3139 5537 3301 5623 λόγον
3361 5541 3426 5599 τὸ
3478 5536 3812 5605 αὐτεξούσιον
3842 5548 3861 5566 ’

534 5727 562 5773 P
589 5715 761 5784 Deut.
796 5736 981 5806 xxxii,
1017 5723 1056 5788 8
1080 5741 1208 5789 sec.
1249 5722 1529 5807 Septuag.
1562 5732 1592 5780 «ι
1624 5722 1780 5788 Osee
1808 5740 1889 5790 Iv.
