4052 6428
186 357 305 425 277

607 368 706 431 DE
751 364 1103 431 C(ELESTI
1148 358 1655 447 HIERARCHlA,
1706 366 1873 431 CAP.
1925 370 2061 431 VII.
2109 403 2188 417 --
2226 369 2616 433 PABAPHR.
2671 366 3187 433 PACHYMER/E.

3472 365 3587 435 278

186 500 532 578 πρεσϐυτάτη
597 502 682 582 (οὗ
738 505 875 561 κατᾶ
925 505 1142 585 χρόνον,
1177 503 1314 563 ἀλλὰ
1345 506 1479 563 κατὰ
1510 505 1680 583 τάξιν)
1708 506 1844 563 πάν-

1934 502 2267 583 tiquissima
2296 506 2439 582 (non
2470 504 2799 567 secundum
2833 510 3088 584 tempus,
3111 504 3214 567 sed
3245 506 3579 570 secundum

181 613 291 654 τως
358 590 722 670 διακόσμησις
784 597 891 651 τῶν
952 597 1066 674 περὶ
1128 598 1257 653 Θεὸν
1316 600 1402 654 καὶ
1472 596 1651 672 κύκλῳ
1725 599 1856 654 Θεοῦ

177 681 322 737 νόων
363 682 531 761 (κατὰ
590 686 680 743 τὸ·
742 685 931 761 Κύκλῳ
992 690 1150 746 αὖτοῦ
1204 689 1237 754 ἡ
1298 688 1472 755 σκηψὲ*Ι
1532 691 1707 746 αὒτοιῒ
1754 688 1851 746 κᾶν

175 773 270 827 καὶ
348 774 483 852 ὑπὲρ
560 781 665 832 πᾶν
739 776 904 855 πέρας
964 779 1048 835 οιαὶ
1107 776 1322 857 ἄπειρον
1379 780 1441 835 τό
1499 778 1654 836 Θεϊόν
1684 777 1848 859 ἐστιν)

171 862 287 918 ὑπὸ
315 866 417 931 τῆς
453 863 778 941 ἐλλάμψεως
814 866 911 934 τῆς
954 866 1205 947 ἀρχηγοῦ
1266 870 1353 925 καὶ
1408 868 1574 933 αἰτίας
1605 870 1849 926 ἁπάντων

173 954 287 1006 τῶν
328 953 697 1035 τελειώσεων,
761 959 1257 1035 μυσταγωγουμένη
1300 956 1405 1035 (διὰ
1459 962 1518 1016 τὸ
1578 961 1653 1035 μὴ
1706 959 1847 1016 εἶναι

176 1040 368 1117 ἑτέραν
399 1046 507 1121 πρὸ
543 1050 707 1113 αὐτῆς
759 1045 926 1120 τάξιν,
990 1045 1112 1104 ἀλλ’
1172 1049 1334 1116 αὐτὴν
1386 1049 1598 1124 ἆμὲσως
1632 1049 1717 1106 ἐπ’
1749 1051 1847 1106 αὖ·

175 1136 275 1198 τήν
306 1133 702 1209 ἀνατείνεσθαι,
739 1135 1036 1212 ἑλκομένην
1095 1141 1211 1195 οἷον
1271 1140 1373 1198 ὑπὸ
1428 1146 1520 1197 τοῦ
1558 1139 1851 1219 αὖταγάθου

177 1225 263 1279 καὶ
296 1230 544 1300 φυσικῶς
608 1225 830 1305 ἔιγαθοῦ,
890 1229 950 1284 οὗ
1005 1228 1093 1284 καὶ
1151 1228 1327 1287 πάντα
1384 1229 1639 1308 ἐφίενται⁶
1698 1236 1851 1286 τοῦτο

180 1314 285 1389 γὰρ
342 1313 462 1371 ἐστι
534 1316 596 1372 τὸ
667 1315 1046 1374 ἀνατείνεσθαι·
1124 1322 1183 1377 οὒ
1254 1320 1354 1399 γὰρ
1425 1319 1639 1397 ἀφίησιν
1687 1320 1851 1387 αὐτὴν

176 1404 439 1478 ἠρεμεῖν,
505 1406 595 1461 καὶ
652 1410 771 1464 οἷον
833 1407 1215 1481 ἐπινυστάξειε),
1284 1412 1317 1480 ἡ
1377 1408 1602 1489 ἅῤῥητος
1675 1408 1848 1477 ἐκείνη

173 1493 331 1558 ἀκτὶς
393 1492 834 1575 ἐπιλάμπουσα),
895 1499 1224 1573 καθαίρεται,
1286 1500 1374 1555 καὶ
1430 1500 1732 1577 φωτίζεται,
1767 1499 1851 1556 καὶ

168 1583 644 1662 τελεσιουργεῖται
720 1586 774 1641 ιν
845 1587 1177 1667 κρυφιωτέρᾳ
1247 1590 1335 1648 καὶ
1408 1588 1671 1667 φανοτὲρᾳ
1740 1590 1851 1660 θείᾳ

168 1672 506 1751 φωτοόοσίᾳ,
597 1674 895 1737 Κὰντεῦθεν
968 1676 1153 1751 δῆλον,
1220 1678 1300 1736 ὅτι
1356 1680 1457 1735 ὑπὸ
1513 1684 1613 1746 τῆς
1650 1677 1847 1746 τάξεως

1936 594 2229 663 ordinem)
2248 595 2494 655 omnino
2508 594 2847 656 distributio
2863 612 3065 654 earum
3080 597 3380 676 quzecirca
3396 597 3582 660 Deum

1937 690 1995 743 et
2018 682 2078 743 in
2099 683 2352 745 circuitu
2376 684 2481 745 Dei
2503 683 3179 761 suntintelligentiarum
3201 686 3387 764 (juxta
3405 686 3577 750 illud:

1936 772 2010 833 In
2032 775 2300 836 circuitu
2328 776 2522 854 ipsius
2546 773 3001 835 tabernaculum
3025 776 3154 849 ejus
3184 789 3207 819 ν
3230 796 3244 855 ;
3270 777 3384 836 etsi
3405 776 3583 840 etiam

1934 882 2115 944 super
2153 884 2394 927 omnem
2426 866 2759 928 terminum
2794 873 2850 926 et
2870 867 2962 925 97
2990 865 3343 927 inﬁnitatem
3370 870 3445 930 sit
3468 869 3589 932 Nu-

1937 972 2073 1017 men
2094 955 2381 1031 divinum)
2401 955 2473 1018 ab
2497 956 2753 1036 ipsamet
2776 956 3051 1036 primitus
3069 956 3344 1020 initiante
3365 959 3591 1023 illumi-

1934 1044 2176 1107 natione
2188 1053 2608 1108 etcaeterarum
2625 1046 3021 1108 initiationum
3041 1064 3225 1108 causa
3238 1060 3588 1115 consecrata

1937 1135 2031 1210 (eo
2050 1136 2206 1217 quod
2230 1155 2348 1198 non
2369 1136 2446 1196 sit
2464 1136 2611 1197 alius
2633 1136 2778 1198 ordo
2803 1144 2938 1197 ante
2956 1136 3166 1216 ipsam,
3193 1137 3296 1198 sed
3325 1138 3577 1218 ipsamet

1933 1224 2278 1289 immediate
2295 1226 2373 1288 ad
2391 1244 2519 1289 eam
2544 1226 3178 1307 extendatur,attracta
3200 1228 3587 1307 quodammo-

1934 1314 2007 1375 do
2040 1315 2114 1377 ab
2147 1317 2404 1397 ipsomet
2434 1335 2539 1398 per
2569 1335 2632 1378 se
2664 1316 2843 1394 bono,
2897 1325 2955 1378 et
2997 1325 3207 1378 natura
3240 1318 3396 1380 bono
3426 1323 3585 1401 quod

1936 1408 2134 1468 omnia
2161 1415 2468 1487 appetunt;
2502 1408 2614 1468 hoc
2644 1407 2803 1468 enim
2839 1414 2927 1468 est
2958 1406 3237 1484 extendi;
3271 1427 3387 1469 non
3421 1412 3583 1473 enim

1936 1495 2369 1559 ineffabilisille
2393 1496 2865 1557 radiusillucens
2902 1497 3184 1575 permittit
3208 1498 3397 1577 ipsam
3429 1502 3580 1562 soli-

1934 1588 2140 1648 tariam
2175 1596 2231 1648 et
2279 1586 2720 1667 quodammodo
2772 1586 3123 1667 dormitare)
3164 1598 3464 1671 purgatur,
3524 1600 3581 1654 et

1932 1676 2303 1739 illuminatur
2316 1685 2491 1758 atque
2508 1676 3136 1757 perﬁcitursecretiori
3165 1677 3345 1739 simul
3368 1688 3425 1740 et
3446 1698 3579 1742 ma-

166 1764 362 1844 ἕχο-δσι
394 1766 497 1834 τὴν
528 1765 800 1841 ’ἑλλαμψιν
833 1766 1077 1828 πλείονα.
1116 1771 1171 1827 Εἰ
1206 1770 1300 1848 γὰρ
1331 1767 1497 1831 οὕτως
1556 1767 1844 1847 ἐδημιουρ-

1936 1767 2223 1828 nifestiori
2256 1764 2455 1827 divina
2508 1766 2926 1827 illustratione.
2982 1765 3152 1827 Unde
3184 1768 3358 1828 etiam
3396 1777 3575 1849 patet,

162 1859 338 1935 τήθη,
391 1855 536 1913 ὥστε
596 1857 787 1927 πρώτη
851 1858 1019 1938 εἶναι,
1067 1858 1183 1916 οὔτε
1214 1859 1539 1937 καθάρσεως,
1582 1859 1697 1915 οὔτε
1729 1881 1846 1939 φω-

165 1953 371 2020 τισμοῦ
402 1944 608 2022 ἐδέετο,
644 1947 785 2005 οὕτω
834 1946 1159 2022 πλασθετσα,
1219 1949 1357 2007 ὥστε
1414 1951 1502 2006 καὶ
1559 1948 1673 2016 ἀξία
1706 1949 1848 2006 εἶναι

162 2041 265 2103 τῆς
296 2037 532 2114 πρώτης
579 2037 810 2103 τάξεως.
870 2039 1244 2118 Κρυφιωτέραν
1304 2037 1357 2095 δὲ
1416 2041 1502 2096 καὶ
1557 2039 1848 2119 φανοτὲραν

163 2128 265 2194 τὴν
304 2129 481 2194 αὐτὴν
519 2140 678 2184 εἶπεν
720 2127 1067 2208 φωτοδοσίαν⁹
1130 2130 1164 2185 ἃ
1217 2128 1284 2197 δὴ
1343 2131 1433 2186 καὶ
1491 2130 1698 2186 ἐναντία
1728 2130 1845 2207 περὶ

162 2218 225 2272 τὸ
258 2217 396 2273 αὒτὸ
426 2218 677 2297 φαίνεταί
706 2240 823 2281 πως
882 2218 1052 2277 εἶναι.
1115 2220 1186 2276 Τὸ
1246 2219 1345 2297 γὰρ
1403 2218 1619 2297 κρύφιον
1649 2218 1708 2275 οὗ
1738 2242 1847 2297 φα·-

167 2314 279 2363 νον·
322 2317 414 2362 καὶ
446 2310 511 2363 τὸ
591 2309 757 2386 φανὸν
814 2312 875 2367 οὗ
897 2309 1135 2387 κρύφιον,
1193 2309 1330 2365 κατὰ
1388 2316 1570 2365 τοῦτον
1601 2310 1692 2364 τὸν
1721 2309 1847 2387 τρό-

162 2421 288 2459 πον.
332 2400 392 2455 El
421 2398 526 2475 γὰρ
557 2400 646 2453 καὶ
676 2397 886 2453 ἐναντία
918 2399 1015 2453 εἰσὶ
1072 2399 1190 2476 περὶ
1248 2400 1308 2454 τὸ
1368 2400 1518 2470 αὐτὸ,
1552 2396 1689 2455 ἀλλὰ
1716 2401 1847 2477 πρὸς

166 2486 301 2543 ἄλ)ο
370 2488 467 2543 καὶ
523 2485 656 2542 ἄλλο
716 2494 978 2545 νοοῦνται.
1015 2487 1356 2566 Κρυφιωτὲρα
1416 2487 1514 2561 μὲν
1558 2487 1657 2565 γὰρ
1715 2489 1845 2563 πρὸς

171 2579 334 2651 ἧμᾶς,
373 2579 449 2638 ὡς
484 2575 781 2654 νοητοτέρα
818 2574 1026 2655 (νοηταὶ
1090 2576 1189 2655 γὰρ
1248 2577 1334 2632 ιιαὶ
1392 2578 1444 2632 αἱ
1507 2578 1614 2631 τῶν
1645 2576 1844 2634 ὑποϐε-

170 2665 411 2733 ὄηκνιῶν
476 2665 683 2731 τάξεων
744 2664 1095 2745 ἐλλάμψεις),
1157 2665 1445 2743 νοητοτὲρα
1516 2663 1571 2721 δὲ
1644 2668 1676 2734 ἡ
1747 2667 1845 2735 τῆς

175 2758 423 2835 πρώτης,
488 2758 576 2812 καὶ
637 2758 773 2830 ἡμῖν
816 2756 1211 2835 ἂγνωστοτὲρα,
1244 2755 1327 2811 διὰ
1356 2762 1510 2813 τοῦτο
1538 2758 1623 2812 καὶ
1655 2754 1844 2813 ἄπλω-

176 2847 291 2913 τικὴ
333 2846 435 2925 (ὡς
470 2847 550 2922 μὴ
583 2846 988 2919 κατινοοδμένη
1046 2847 1357 2903 ἆπεντεῦθεν
1417 2845 1507 2903 διὰ
1542 2868 1681 2910 τινος
1736 2854 1843 2905 τῶν

173 2938 446 3015 ἡμετέρων
504 2938 594 2992 καὶ
637 2935 957 3016 χθειι,ιιαλι”ὑν⁷
1028 2937 1061 2992 ἃ
1117 2935 1181 3004 δὴ
1238 2938 1328 2993 καὶ
1384 2938 1647 3002 συνθέσεις
1691 2938 1840 3018 εἰσὶν)

178 3027 313 3084 ἄλλα
338 3029 424 3083 καὶ
456 3027 727 3089 ἑνοποιός,
794 3017 961 3099 ’¹Οσῳ
1020 3027 1120 3103 γὰρ
1178 3031 1276 3093 τῆς
1312 3025 1443 3093 ὕλης
1475 3029 1630 3103 ἡμῶν
1662 3030 1689 3082 ὁ
1725 3017 1843 3091 νοῦς

182 3115 567 3189 ἀποδιισταται,
607 3123 863 3172 τοσοῦτον
914 3118 1032 3192 περὶ
1092 3117 1153 3172 τὸ
1210 3115 1267 3170 ἓν
1325 3130 1524 3195 χωρεῖ,
1559 3119 1644 3173 καὶ
1676 3117 1844 3175 ἀύλο-

172 3207 359 3287 τέρως,
398 3209 472 3272 ὡς
518 3205 577 3262 ἄν
612 3228 690 3268 τις
756 3205 929 3284 εἴποι,
962 3211 1054 3261 τοῦ
1085 3208 1278 3272 von-:0;
1310 3203 1703 3284 ἐπιδράττεται.
1742 3208 1845 3269 Καὶ

166 3298 213 3353 τί
259 3296 413 3373 λέγω
475 3298 552 3358 εἷς
616 3298 803 3373 ταῦτα,
840 3294 970 3350 ὅπου
1003 3316 1064 3372 γε
1098 3300 1165 3371 τῇ
1197 3297 1434 3364 αἰσθήσει
1484 3303 1641 3353 τοῦτο
1702 3319 1846 3371 συμ-

164 3385 328 3443 ϐαίνει
364 3388 441 3448 εἰς
477 3386 546 3441 τὰ
578 3386 804 3452 αἰσθητὰ
836 3386 1121 3463 πράγματα
1152 3404 1166 3455 ;
1226 3384 1492 3463 πόῤῥωθεν
1554 3387 1652 3464 γὰρ
1710 3386 1845 3463 βλέ-

163 3477 358 3538 ποντές
398 3499 479 3542 τι,
524 3475 740 3547 οἰόμεθα
801 3474 837 3541 ἢ
896 3480 1030 3545 ζῶον
1090 3474 1259 3546 εἶναι,
1328 3475 1357 3541 ἢ
1405 3474 1549 3532 λίθον
1585 3478 1776 3553 τδχὸν,
1810 3476 1845 3543 ἢ

171 3564 417 3643 δένδρον,
474 3565 511 3632 ἢ
564 3563 698 3621 ἄλλο
730 3585 801 3619 τι’
850 3565 1289 3641 προσεγγίζοντες
1323 3561 1377 3619 δὲ
1407 3571 1539 3633 ζῶον
1572 3566 1842 3639 μανθάνο-

158 3678 278 3734 μεν,
314 3657 413 3711 καὶ
448 3651 653 3710 τοιόνδε
738 3660 899 3727 ζῶον,
988 3652 1260 3728 ἄνθρωπον
1306 3655 1498 3733 τυχὸν,
1545 3659 1643 3710 καὶ
1687 3655 1842 3711 τόνδε

156 3748 243 3801 τὸν
281 3744 602 3818 ἄνθρωπον.
665 3740 770 3803 Καὶ
830 3743 895 3799 τὰ
950 3741 1132 3799 παιδία
1196 3742 1451 3820 πρότερον
1482 3744 1686 3808 πάντας
1718 3746 1837 3810 τοὺς

158 3834 358 3911 ἄνδρας
411 3831 651 3909 πατέρας
715 3830 894 3911 καλεῖ,
960 3832 1047 3888 καὶ
1109 3831 1343 3910 μητέρας
1402 3833 1498 3896 τὰς
1554 3846 1836 3909 γυναῖκας·

152 3925 387 3999 ὕστερον
437 3920 495 3977 δὲ
556 3923 889 3978 ἑνοποιεῖται
947 3923 981 3988 ἡ
1040 3927 1237 3999 γνῶσις
1296 3923 1518 3996 τούτων,
1551 3924 1639 3979 καὶ
1668 3926 1838 4001 γινώ-

158 4035 344 4070 axe-nt
382 4013 514 4076 τοὺς
550 4010 772 4078 ἀληθεῖς
804 4011 1062 4089 πατέρας,
1100 4008 1258 4073 Εἶδες
1316 4018 1433 4074 πῶς
1492 4013 1526 4080 ἡ
1587 4010 1840 4081 αἴσθησις

156 4105 532 4159 ἑνοποιεῖται*
569 4110 724 4158 τοῦτο
755 4102 844 4157 καὶ
882 4104 908 4157 ὁ
941 4107 1065 4162 νοῦς
1099 4102 1301 4181 πάσχει
1338 4115 1454 4167 τοῖς
1486 4116 1706 4169 νοητοῖς
1738 4105 1843 4178 ἐμοι

150 4192 437 4251 ϐατεύων.
506 4191 660 4249 Ἀλλ’
720 4191 955 4248 ἐντεῦθεν
1013 4191 1375 4247 ὕπανακύπτει
1434 4192 1627 4269 ἀπορία
1672 4194 1841 4272 ἀναγ-

152 4284 313 4353 καία,
384 4288 506 4342 πῶς
569 4281 607 4347 ἦ
668 4281 766 4356 μὲν
826 4281 1080 4347 αἴσθησις
1139 4282 1213 4343 εἷς
1266 4283 1328 4337 τὸ
1376 4279 1658 4359 ἰγγύτερον
1697 4284 1842 4359 μᾶλ-

1862 3086 1904 3140 C

1935 1857 2089 1937 quod
2114 1856 2225 1918 sub
2239 1857 2447 1918 ordine
2465 1856 2803 1919 uberiorem
2821 1856 3079 1918 habeant
3096 1856 3578 1927 illustrationem.

1934 1949 1990 2009 Si
2017 1953 2175 2008 enim
2199 1952 2277 2007 ita
2300 1946 2537 2009 condita
2560 1955 2715 2009 esset
2745 1946 2846 2007 illa
2878 1946 3208 2025 distinctio,
3242 1955 3303 2010 ut
3333 1951 3580 2014 omnino

1933 2044 2123 2120 prima
2140 2046 2317 2111 esset,
2336 2056 2530 2119 neque
2555 2037 2903 2118 purgatione
2928 2056 3121 2117 neque
3143 2037 3579 2105 illuminatione

1933 2145 2080 2207 opus
2111 2126 2379 2198 haberet,
2415 2146 2547 2188 cum
2580 2132 2659 2187 ita
2688 2127 2938 2187 formata
2962 2126 3135 2202 foret,
3165 2137 3226 2188 ut
3252 2131 3441 2207 primo
3472 2153 3577 2195 or-

1932 2217 2072 2278 dine
2086 2217 2261 2297 digna
2276 2225 2455 2279 esset.
2480 2217 2878 2279 Secretiorem
2902 2226 3100 2277 autem
3126 2225 3183 2278 et
3207 2221 3577 2284 manifestio-

1932 2325 2056 2368 rem
2092 2306 2363 2368 eamdem
2398 2306 2623 2368 vocavit
2675 2306 3155 2379 illustrationem,
3204 2328 3340 2387 qum
3374 2312 3576 2390 utique

1932 2402 2088 2460 circa
2119 2397 2279 2459 idem
2311 2396 2589 2459 videntur
2621 2395 2794 2476 quasi
2847 2413 2979 2457 esse
3029 2399 3347 2461 contraria.
3404 2400 3574 2472 Quod

1932 2486 2091 2548 enim
2126 2487 2422 2547 occultum
2456 2494 2565 2561 est,
2603 2505 2721 2547 non
2754 2493 2843 2546 est
2876 2484 3250 2546 manifestum
3280 2505 3295 2561 ;
3330 2497 3388 2549 et
3416 2493 3575 2569 quod

1933 2577 2334 2657 manifestum,
2360 2595 2479 2636 non
2502 2584 2589 2637 est
2615 2575 3118 2654 occultum,juxla
3144 2577 3422 2639 eumdem
3453 2600 3576 2643 mo-

1930 2665 2223 2729 dum.Etsi
2248 2666 2408 2728 enim
2432 2666 2606 2726 etiam
2626 2666 2926 2727 contraria
2942 2674 3076 2725 sunt
3100 2677 3375 2745 respectu
3405 2672 3574 2749 ejus-

1930 2756 2091 2821 dem.
2118 2758 2189 2817 ad
2214 2756 2371 2819 aliud
2400 2764 2599 2818 tamen
2631 2765 2805 2838 atque
2838 2755 2996 2817 aliud
3018 2757 3446 2835 intelliguntur.
3466 2759 3576 2824 0c-

1930 2848 2141 2909 cultior
2155 2847 2396 2929 quidem
2413 2858 2501 2909 est
2523 2847 2715 2921 nobis,
2735 2847 2872 2927 quia
2898 2846 3285 2926 spiritualior;
3307 2849 3575 2930 (spirita-

1930 2937 2191 2999 lesenim
2208 2938 2781 3000 suntetinferiorum
2799 2938 3074 2997 ordinum
3100 2938 3575 3024 illustrationesz)

1929 3028 2298 3105 spiritualior
2319 3036 2515 3089 autem
2543 3035 2633 3089 est
2658 3027 2757 3088 illa
2778 3027 2984 3106 primae
3004 3027 3443 3092 distributionis
3471 3052 3573 3094 no-

1930 3116 2141 3197 bisque
2189 3117 2477 3196 ignotior;
2513 3118 2738 3180 idcirco
2770 3116 2948 3179 etiam
2983 3118 3295 3197 simplilica
3326 3126 3415 3195 (ut
3444 3141 3572 3201 quae

1929 3225 2047 3268 non
2080 3208 2453 3286 cognoscitur
2476 3226 2581 3285 per
2600 3208 2854 3288 aliquam
2884 3225 2915 3267 e
2938 3207 3117 3267 rebus
3137 3209 3353 3269 nostris
3377 3218 3574 3273 terre-

1926 3298 2043 3371 nis,
2072 3317 2203 3379 quze
2224 3297 2742 3377 conipositazsunt)
2768 3297 2909 3377 quin
2931 3306 2986 3357 et
3008 3297 3247 3360 uniiica.
3276 3298 3574 3371 Quantum

1927 3388 2089 3449 enim
2112 3406 2146 3448 a
2167 3389 2413 3448 materia
2430 3406 2599 3449 mens
2622 3395 2821 3447 nostra
2844 3387 3092 3461 recedit,
3111 3388 3484 3449 tantumdem
3501 3390 3575 3450 ad

1931 3496 2113 3537 unum
2149 3476 2360 3551 tendit,
2381 3485 2441 3538 et
2462 3476 2944 3551 immaterialius,
2972 3485 3031 3536 ut
3065 3476 3148 3536 ita
3175 3476 3312 3551 quis
3343 3477 3586 3550 dixerit,

1926 3584 2051 3625 rem
2069 3566 2477 3627 intellectilem
2497 3566 2974 3644 comprehendit.
2990 3566 3215 3645 Ecquid
3236 3566 3367 3626 dico
3388 3569 3447 3627 in
3464 3568 3576 3643 his,

1927 3676 2061 3719 cum
2098 3657 2155 3717 id
2188 3656 2388 3718 sensui
2421 3674 2664 3736 quoque
2695 3656 3129 3736 accidatquoad
3151 3674 3247 3717 res
3276 3657 3561 3719 scnsiles?

1924 3747 2219 3827 siquidem
2244 3747 2481 3808 eminus
2503 3746 2806 3826 quidpiam
2828 3746 3118 3825 videntes,
3140 3753 3417 3825 putamus
3436 3747 3581 3809 illud

1924 3839 2014 3898 vel
2037 3835 2252 3900 animal
2276 3837 2540 3910 esse,vel
2567 3838 2717 3897 forte
2740 3836 3022 3914 lapidem,
3042 3837 3130 3897 vel
3158 3837 3463 3917 arborem,
3484 3837 3574 3899 vel

1925 3927 2064 4008 quid
2081 3928 2265 4007 aliud;
2283 3927 2837 4007 apprOpinquantes
2851 3945 2988 3987 vero
3006 3926 3426 4002 cognoscimus
3444 3946 3577 3990 esse

1925 4017 2168 4092 animal,
2193 4026 2249 4079 et
2272 4018 2514 4097 quidem
2540 4019 2655 4077 tale
2677 4016 2917 4090 animal,
2941 4016 3243 4077 hominem
3265 4017 3428 4078 verbi
3447 4035 3575 4096 gra-

1927 4106 2028 4182 tia,
2064 4117 2123 4169 et
2153 4110 2310 4169 hunc
2342 4108 2671 4169 hominem.
2724 4106 2823 4169 Sic
2874 4106 3043 4187 pueri
3076 4107 3333 4185 primum
3365 4126 3574 4169 omnes

1927 4204 2081 4259 viros
2108 4207 2307 4278 patres
2334 4205 2567 4277 vocant,
2596 4203 2933 4277 matresque
2954 4195 3227 4269 feminas,
3253 4203 3459 4276 postea
3476 4214 3581 4258 ve-

1926 4306 1992 4349 ro
2025 4289 2237 4349 horum
2268 4288 2524 4367 cognitio
2560 4287 2898 4366 uniﬁcatur,
2929 4294 3374 4367 agnOSCuntque
3406 4302 3574 4347 veros

148 4379 242 4430 λοι
280 4374 652 4441 ἑνοποιετται,
712 4374 734 4428 ὃ
792 4369 845 4426 δὲ
899 4378 1015 4434 νοῦς
1073 4371 1149 4432 εἰς
1203 4372 1262 4425 τὸ
1314 4370 1665 4449 ποῤῥωτερον,
1702 4376 1844 4431 καὶὸ

1932 4385 2227 4457 parentes.
2248 4376 2432 4441 Vides
2465 4376 2766 4453 quomodo
2795 4394 3005 4437 sensus
3038 4376 3353 4436 uniﬁcctur
3382 4397 3394 4438 :
3424 4375 3580 4437 idem

150 4465 325 4526 αὒτὸς
376 4461 530 4538 λέγει
564 4462 825 4540 xpt’irptov;
886 4458 988 4521 Καὶ
1023 4459 1165 4517 ἔστιν
1198 4461 1394 4538 εἰπεῖν,
1428 4460 1515 4517 ὅτι
1546 4463 1662 4518 κατ’
1697 4464 1840 4535 ἆλή.

1929 4467 2107 4530 etiam
2136 4467 2321 4527 menti
2353 4467 2589 4541 accidit,
2622 4466 2762 4526 dum
2787 4466 2857 4526 ad
2890 4483 2984 4527 res
3010 4465 3394 4527 intellectiles
3417 4484 3586 4527 acce-

154 4557 308 4608 θειαν
345 4550 533 4607 ἐκεῖνο
562 4550 681 4629 ἔχει
728 4552 755 4606 ὁ
788 4560 908 4610 νοῦς
942 4547 1245 4625 ἐγγῦτερον,
1288 4551 1349 4604 τὸ
1385 4548 1629 4607 ἐπέκεινα
1661 4554 1842 4620 πάσης

1929 4558 2038 4618 dit.
2084 4560 2303 4620 Verum
2357 4556 2498 4618 hinc
2558 4555 2864 4617 suboritur
2896 4554 3232 4616 necessaria
3263 4554 3575 4636 dubitatio,

158 4641 366 4708 ὖλικῆς
416 4639 712 4702 συνθέσεως
770 4643 860 4696 καὶ
913 4640 1207 4708 αἰσθήσεως
1243 4658 1255 4671 ·
1333 4648 1489 4698 τούτο
1563 4644 1661 4719 γὰρ
1732 4643 1837 4700 ἔστι

158 4735 243 4788 καὶ
288 4731 576 4804 προσῆκον
611 4737 686 4804 τῷ
719 4735 793 4803 νῷ
824 4729 910 4785 καὶ
954 4740 1075 4791 ταῖς
1121 4735 1214 4785 τοῦ
1258 4738 1347 4788 νοῦ
1390 4731 1700 4808 ἐνεργείαις.
1737 4738 1839 4792 No’t

151 4824 253 4899 γὰρ
320 4818 639 4898 ποῤῥῴτερα
721 4820 787 4874 τὰ
860 4819 1099 4887 αἰσθήσει
1174 4824 1358 4881 ποσῶς
1443 4821 1835 4885 ὑποπίπτοντα,

154 4912 317 4969 Κατὰ
352 4908 482 4985 γοῦν
515 4908 801 4986 ἀναλογίαν
858 4910 999 4984 (ἐπεὶ
1058 4907 1386 4988 κρυφιωτέρα
1435 4911 1521 4966 καὶ
1552 4912 1841 4990 νοητοτέρα

148 5001 181 5065 ἡ
274 4998 395 5054 τῶν
485 4999 710 5075 πρώτων
798 4996 1064 5072 ἕλλαμψις
1139 4998 1282 5075 παρὰ
1353 4998 1449 5063 τὰς
1524 5006 1627 5056 τῶν
1660 5000 1835 5059 δευτέ-

159 5111 265 5162 ρων
354 5086 685 5164 ἓλλάμψεις)
742 5085 945 5162 μᾶλλον
1020 5085 1154 5155 αὕτη
1226 5088 1470 5151 ἑνοποιο’ς
1541 5090 1676 5168 ἐστι,
1754 5095 1837 5151 καὶ

160 5178 307 5235 οῧτω
385 5178 487 5251 μὲν
558 5175 889 5255 κρυφιωτέρα
962 5177 1093 5253 πρὸς
1165 5177 1306 5250 ἡμᾶς
1378 5180 1466 5233 καὶ
1534 5180 1626 5236 τόν
1695 5183 1838 5256 ἠμει-

154 5290 316 5345 τερον
404 5268 548 5321 νοῦ-δ·
628 5265 892 5346 φανοτὲρα
936 5264 989 5322 δὲ
1049 5264 1236 5345 παλιν,
1307 5268 1437 5345 πρὸς
1508 5270 1671 5338 αὐτὴν
1741 5273 1839 5341 τὴν

156 5355 484 5438 δεχομένην
532 5355 633 5423 τήν
689 5353 978 5431 ἕλλαμψινο
1036 5354 1368 5435 πρωτόδοτος
1422 5356 1522 5437 γὰρ
1566 5361 1653 5416 καὶ
1685 5384 1838 5439 πρω-

155 5448 412 5528 τοφανὴς
445 5447 534 5502 καὶ
564 5444 861 5523 ὸλικωτέρα
911 5444 1116 5521 μᾶλλον
1174 5448 1208 5513 ἡ
1270 5444 1537 5523 ἔλλαμψις
1569 5450 1603 5517 ἡ
1635 5452 1707 5513 εἰς
1741 5456 1837 5511 αὖ-

154 5538 256 5606 τὴν
290 5534 607 5615 κείυμένη.
670 5536 729 5592 Εἰ
788 5532 842 5590 δὲ
898 5537 932 5603 ἡ
990 5534 1125 5601 αὐτὴ
1178 5534 1663 5619 καὶὺπερπλήρης,
1700 5540 1836 5602 ἀλλὰ

237 5730 265 5759 ν
296 5709 461 5775 Psal.
495 5724 647 5789 xm,
674 5708 777 5777 12.

1926 4646 2033 4724 qui
2056 4664 2269 4709 sensus
2290 4645 2447 4707 circa
2470 4644 2526 4706 id
2560 4644 2715 4725 quod
2742 4644 2993 4707 vicinius
3018 4654 3107 4706 est
3135 4644 3319 4720 magis
3340 4645 3586 4707 unilice-

1930 4746 2045 4811 tur,
2085 4755 2252 4796 mens
2284 4754 2421 4796 vero
2457 4738 2616 4796 circa
2647 4736 2956 4806 remotius,
2993 4742 3051 4795 et
3080 4733 3238 4814 quod
3266 4734 3391 4813 ipse
3418 4744 3585 4796 vocat

1926 4824 2268 4888 occultius?
2290 4827 2377 4887 Ac
2409 4824 2585 4886 liceat
2616 4822 2842 4904 dicere,
2879 4822 3026 4884 illud
3062 4842 3195 4884 vere
3231 4825 3418 4886 menti
3440 4843 3581 4904 pro-

1929 4916 2212 4995 pinquius
2244 4933 2395 4987 esse,
2434 4913 2589 4994 quod
2620 4912 2784 4974 omni
2819 4914 3112 4975 materiali
3146 4915 3581 4993 compositione

1922 5004 2386 5085 sensationeque
2418 5001 2696 5083 superius
2725 5010 2852 5079 est;
2884 5002 3163 5083 quoniam
3188 5004 3280 5064 98
3308 5004 3367 5065 id
3398 5005 3589 5065 menti

1923 5091 2715 5175 mentisqueoperationibus
2729 5092 3401 5155 estconiormiuslilenti
3421 5095 3581 5155 enim

1925 5193 2062 5246 sunt
2076 5185 2551 5259 remotiora.quze
2563 5183 2764 5243 sensui
2781 5182 3222 5260 quodammodo
3236 5182 3584 5262 subjacent,

1926 5274 2268 5338 Secundum
2288 5273 2439 5335 hanc
2454 5274 2655 5353 itaque
2666 5272 3272 5353 proportionem(cum
3289 5272 3581 5335 occultior

1925 5363 2481 5444 intelligibiliorque
2504 5363 2582 5423 sit
2601 5363 2925 5444 primorum
2953 5360 3291 5436 illustratio,
3318 5378 3580 5442 sequen-

1925 5455 2071 5515 tium
2090 5454 2315 5517 illustra
2331 5452 2594 5515 tionibus
2612 5451 3121 5533 comparata)ipsa
3144 5452 3329 5530 magis
3350 5452 3576 5515 uniﬁca

1922 5543 2649 5628 est,adeoquesecundum
2670 5560 2777 5606 nos
2796 5540 3034 5625 quidem
3061 5549 3447 5624 mentemque
3472 5561 3548 5604 no
