4052 6420
439 377 558 445 279

1620 375 1679 435 S.
1728 370 2066 435 DlONISII
2127 365 2641 430 AREOPAGITXE

3708 356 3840 425 280

440 522 620 577 stram
635 509 950 574 obscurior
967 508 1348 584 etoccultior,
1358 507 1536 572 simul
1554 506 1986 587 tamenilli,qui
2009 506 2083 567 il-
2107 552 2112 562 .

2196 506 2311 582 παρὰ
2368 506 2429 561 τὸ
2490 506 2592 560 τῶν
2649 500 3060 583 ὑποδεχομένων
3091 499 3272 565 ποσῶς
3307 496 3697 579 παραλλάττον·
3743 498 3839 557 δια

440 600 852 666 lustrationem
870 617 999 663 eam
1012 596 1958 679 excipit,manit‘estior;siquidem
1979 602 2094 677 pri-

442 691 708 772 migenia
740 690 1171 772 primilucaque
1222 696 1280 751 et
1337 687 1626 767 integrior
1656 694 1747 749 est
1778 686 2091 749 illustratio

441 801 570 863 quas
584 782 659 843 ad
682 799 810 843 eam
825 779 1197 842 diffunditur.
1216 778 1338 841 Etsi
1361 784 1557 841 autem
1574 776 1709 857 ipsa
1731 776 2093 857 superplena

440 872 539 952 sit,
556 879 812 933 attamen
838 887 941 951 pro
959 869 1409 950 suscipientium
1435 866 1785 931 conditione
1802 866 2087 928 variatur:

438 961 665 1023 idcirco
685 960 847 1024 enim
869 958 1117 1022 addidit:
1136 960 1209 1022 Et
1224 959 1400 1040 quasi
1414 954 2096 1038 liquidior;utindicaret

441 1050 850 1131 subjectorum
876 1049 1306 1131 diversitatem,
1341 1048 1731 1111 variationem
1776 1045 2091 1127 quamdam

442 1140 647 1199 aﬂerre
668 1139 1147 1198 illustrationi.Ab
1162 1140 1269 1197 hac
1292 1148 1480 1198 autem
1495 1138 1675 1210 prima
1701 1136 2095 1207 dispositione,

443 1233 657 1294 iterum
687 1230 953 1294 secunda
976 1249 1080 1311 pro
1104 1250 1211 1294 sua
1235 1231 1527 1311 portione,
1554 1237 1614 1292 et
1636 1248 1669 1291 a
1691 1227 1958 1291 secunda
1983 1234 2093 1288 ter-

443 1323 546 1400 tia,
581 1330 642 1384 et
669 1341 702 1384 a
734 1321 909 1383 tertia
939 1329 1137 1383 nostra
1169 1322 1301 1383 haec
1332 1320 1689 1400 hierarehia,
1744 1338 1921 1399 quam
1975 1337 2096 1379 non

442 1413 761 1475 humanam
786 1412 918 1473 dico
951 1410 1467 1492 tquoniametipsa
1494 1408 1696 1473 divina
1721 1409 2085 1490 est,divinas-

441 1522 555 1585 que
582 1503 832 1582 suscipit
856 1499 1309 1581 illustrationes)
1346 1500 1454 1562 sed
1485 1519 1615 1562 eam
1639 1517 1775 1578 quae
1799 1499 1956 1580 apud
1989 1516 2098 1560 nos

2173 603 2329 652 τοῦτο
2382 595 2483 673 γὰρ
2529 593 2708 669 ἐτέθη,
2772 594 2866 651 Καὶ
2928 594 3002 657 ὡς
3056 589 3247 666 διειδῆ,
3309 590 3403 647 ἳνα
3459 587 3623 668 δείξῃ,
3656 590 3839 648 ὅτιτὸ

2173 693 2282 743 τῶν
2311 683 2673 747 ὑποκειμένων
2706 681 2975 763 διάφορον,
3026 679 3244 738 ἂλλοίαν
3278 682 3374 748 τήν
3422 679 3688 756 ἕλλαμψιν
3746 681 3842 737 τί·

2176 781 2321 853 θῃσι,
2386 775 2533 850 Παρᾶ
2589 774 2788 840 ταύτης
2851 771 2905 827 δὲ
2965 770 3125 828 πάλιν
3185 775 3284 837 τῆς
3354 770 3572 848 πρώτης
3631 769 3840 836 τάξεως

2178 864 2457 944 ἀναλόγως
2488 863 2525 931 ἦ
2556 861 2793 941 δευτέρα,
2828 863 2915 918 καὶ
2948 863 3089 939 παρὰ
3118 861 3214 929 τῆς
3264 859 3508 939 δευτέρας
3564 863 3598 928 ἡ
3654 861 3838 940 τρίτη,

2175 958 2263 1013 καὶ
2295 956 2436 1034 παρὰ
2464 953 2561 1022 τῆς
2603 954 2784 1030 τρίτης
2838 954 2873 1021 ἡ
2910 950 3050 1009 καθ’
3107 952 3252 1026 ἡμᾶς
3306 949 3439 1017 αὕτη
3469 952 3738 1030 ἱεραρχία,
3771 952 3842 1017 ἣν

2176 1052 2273 1105 οὒκ
2302 1046 2634 1123 ἀνθρωπίνην
2692 1045 2830 1123 φημὶ
2892 1042 3025 1122 (θεία
3086 1043 3186 1120 γὰρ
3241 1043 3330 1098 καὶ
3384 1040 3543 1118 αὕτη,
3578 1044 3666 1099 καὶ
3693 1043 3842 1107 θείας

2180 1135 2474 1211 ἐλλάμψεις
2507 1132 2776 1214 δέχεται·)
2814 1132 2950 1188 ἀλλά
3003 1132 3101 1199 τὴν
3150 1129 3267 1188 καθ’
3306 1133 3444 1205 ἡμᾶς
3473 1132 3596 1196 τοὺς
3629 1132 3842 1210 ἀνθρώ-

2177 1248 2309 1290 πως
2342 1222 2726 1302 ἐνεργουμένην
2785 1228 2852 1299 τῇ
2908 1228 3000 1278 τοῦ
3059 1228 3190 1278 Θεοῦ
3248 1221 3455 1301 χάριτι.
3519 1223 3580 1279 Τί
3608 1219 3663 1276 δὲ
3697 1222 3844 1300 παρὰ

2175 1322 2274 1384 τῆς
2306 1316 2526 1393 πρώτης
2557 1315 2592 1383 ἡ
2638 1311 2874 1390 δευτέρα,
2928 1312 3014 1367 καὶ
3067 1310 3194 1388 παρ’
3248 1312 3413 1377 αὐτῆς
3457 1312 3491 1378 ἡ
3542 1310 3721 1390 τρίτη,
3753 1317 3845 1373 καὶ

2178 1405 2304 1485 παρ’
2336 1405 2541 1472 ἐκείνης
2603 1405 2638 1473 ἦ
2700 1401 2819 1460 καθ’
2876 1403 3023 1478 ἡμᾶς
3056 1398 3354 1477 λαμϐάνεη
3411 1401 3627 1462 Πάντως
3660 1404 3842 1479 ἱεραρ-

2183 1510 2397 1578 χεῖται,
2451 1497 2526 1554 Τὰ
2579 1493 2633 1551 δὲ
2685 1493 2782 1561 τῆς
2814 1493 3087 1573 ἱεραρχίας
3120 1491 3283 1565 καλὰ,
3316 1493 3416 1558 τὴν
3447 1491 3716 1569 κάθαρσιν,
3748 1494 3845 1548 τὸν

440 1580 718 1655 homines
746 1580 947 1654 divina
979 1591 1167 1669 gratia
1218 1580 1628 1654 consecratur.
1664 1590 1817 1663 Quid
1860 1609 2036 1671 porro
2068 1608 2102 1650 a

2196 1587 2482 1666 ρωτισμὸν,
2517 1585 2615 1652 τὴν
2647 1583 2945 1656 τελείωσιν,
2987 1583 3188 1648 ἑκάστη
3222 1582 3366 1660 παρᾶ
3420 1588 3552 1638 Θεοῦ
3603 1580 3688 1637 διὰ
3734 1588 3845 1637 τῶν

441 1684 634 1765 prima
661 1684 950 1764 secunda,
976 1689 1036 1745 et
1083 1680 1157 1743 ab
1187 1682 1298 1743 hac
1343 1682 1542 1755 tertia,
1569 1688 1628 1742 et
1655 1680 1728 1742 ab
1761 1681 1866 1742 illa
1896 1690 2103 1742 nostra

2196 1680 2287 1755 πρὸ
2319 1676 2514 1741 ταύτης
2547 1672 2828 1748 λαμϐάνει,
2869 1675 2940 1731 Τὸ
2999 1680 3124 1749 γοῦν
3178 1672 3322 1749 παρᾶ
3376 1672 3474 1739 τῆς
3509 1671 3726 1747 πρώτης
3760 1674 3840 1728 ἱε-

449 1762 578 1835 hzec
604 1770 868 1853 accipit?
923 1762 1096 1845 Quod
1152 1771 1213 1831 in
1266 1771 1453 1832 sacris
1498 1770 1744 1833 omnino
1790 1770 2098 1849 dirigatur.

2196 1768 2503 1847 ραρχεϊσθαι
2539 1764 2637 1829 τὴν
2666 1762 2936 1842 δευτέραν,
2991 1763 3276 1839 ἆνάγεοθαι
3313 1764 3466 1818 εἶπεν
3521 1764 3846 1841 ίεραρχιιιεῦς

446 1851 762 1925 Bonavero
783 1860 2104 1942 hierarchiaeexpiationemjlluminationem,

2196 1859 2323 1935 πρὸς
2358 1856 2517 1923 αὒτὴν
2576 1855 2675 1921 τὴν
2731 1854 3060 1933 ὑπεράρχιον
3118 1851 3322 1931 ἀρχὴν,
3357 1852 3445 1907 καὶ
3474 1851 3650 1918 πάσης
3687 1854 3846 1907 εὔκο-

450 1952 908 2031 pert'ectionem,
936 1950 1218 2031 quaelibet
1247 1970 1279 2012 a
1312 1952 1434 2013 Deo
1457 1969 1563 2031 per
1587 1950 1841 2031 primam
1868 1950 2103 2031 accipit.

2196 1945 2359 2022 σμίας
2394 1944 2715 2024 περᾶτωσιν·
2779 1944 2955 2000 πάντα
3010 1943 3111 2020 γὰρ
3172 1942 3237 1997 τὰ
3294 1941 3464 2019 ἀγαθὰ
3505 1955 3732 2019 περατοϊ
3759 1942 3851 1998 καὶ

449 2041 785 2104 Secundam
810 2041 1009 2121 itaque
1033 2058 1065 2101 a
1092 2047 1283 2121 prima
1301 2040 1363 2102 in
1391 2040 1578 2102 sacris
1605 2041 1747 2119 regi,
1773 2050 1949 2101 vocat
1971 2039 2104 2101 hie-

2196 2041 2351 2115 ὁρίζει
2385 2039 2445 2093 τὸ
2479 2044 2662 2114 Θετον,
2700 2035 2780 2091 ὅτι
2831 2033 2979 2093 οῦδὲν
3027 2033 3223 2111 ἀγαθὸν
3268 2032 3456 2103 ἔξωθεν
3487 2033 3640 2089 τοῦτο
3670 2032 3850 2107 ἐστιν,

449 2131 724 2193 rarchice
746 2129 963 2192 adduci
986 2130 1057 2191 ad
1084 2130 1596 2211 superprincipale
1621 2129 2102 2211 principium,at-

2196 2132 2231 2197 ἢ
2290 2126 2528 2205 λέγεται,
2566 2124 2672 2182 οὔδ’
2705 2124 2767 2181 ἂι
2798 2123 3071 2190 ἐννοηθείη
3102 2123 3254 2181 ποτέ.
3293 2124 3499 2178 Γίνεται
3555 2121 3606 2177 δέ
3666 2130 3853 2203 τοῦτο,

450 2241 565 2302 que
593 2221 787 2285 omnis
836 2231 1016 2284 rectas
1062 2220 1454 2282 ordinationis
1478 2220 2052 2282 consummationem
2084 2240 2098 2282 :

2196 2219 2328 2274 κατὰ
2357 2219 2447 2272 τὸν
2479 2217 2636 2271 αὺτὸν
2694 2217 2891 2290 θεσμὸν
2946 2214 3043 2281 τῆς
3102 2212 3365 2288 εὒκόσμοῡ
3396 2212 3733 2293 ταξιαρχίας·
3772 2211 3859 2270 ὅτι

450 2300 715 2372 divinum
768 2311 928 2373 enim
966 2310 1204 2373 Numen
1258 2310 1413 2372 bona
1453 2318 1665 2372 cuncta
1692 2310 1999 2392 terminat,
2035 2328 2106 2371 ac

2196 2310 2233 2363 εἰ
2264 2308 2352 2365 καὶ
2384 2305 2467 2363 διὰ
2496 2306 2696 2362 τούτων
2728 2304 3035 2383 ἀνάγονται,
3073 2302 3209 2358 ἀλλὰ
3244 2303 3387 2380 παρὰ
3422 2309 3515 2360 τοῦ
3557 2304 3707 2361 Θείαν)
3760 2300 3857 2357 δὲ-

451 2399 679 2481 deﬁnit,
700 2405 837 2480 quia
858 2400 1004 2461 nihil
1032 2409 1195 2462 extra
1218 2400 1406 2480 ipsum
1439 2399 1578 2462 boni
1610 2408 1720 2474 est,
1749 2400 1836 2461 vel
1861 2400 2101 2480 dicitur,

2196 2398 2508 2478 χονταιτὰς
2541 2395 2860 2471 ἐλλάμψεις,
2923 2398 3021 2459 τῆς
3092 2394 3268 2471 ἀρχῆς
3326 2393 3413 2447 καὶ
3476 2392 3639 2457 αἰτίας
3670 2392 3857 2458 πάσης

446 2491 538 2551 vel
571 2479 829 2571 unquam
882 2490 1195 2570 cogitatur.
1237 2490 1335 2550 Fit
1363 2499 1563 2551 autem
1607 2490 1718 2551 hoc
1744 2489 1915 2569 juxta
1950 2479 2102 2551 bene

2196 2486 2410 2560 τάξεως,
2447 2486 2718 2562 μὴμόνον
2776 2489 2875 2551 τῆς
2930 2483 3172 2562 πρώτης,
3235 2480 3371 2537 ἀλλὰ
3423 2482 3508 2537 καὶ
3537 2482 3634 2548 τῆς
3666 2479 3858 2537 δευτέ-

450 2568 709 2642 ordinati
741 2568 973 2642 ordinis
989 2580 1354 2663 principatus
1379 2568 1776 2642 sanctionem:
1809 2579 1946 2659 quia
1968 2580 2108 2641 licet

2196 2599 2307 2656 ρας,
2341 2578 2427 2631 καὶ
2459 2581 2558 2641 τῆς
2588 2577 2795 2655 τρίτης,
2849 2574 2937 2630 καὶ
2990 2572 3043 2627 εἴ
3093 2593 3172 2633 τις
3209 2568 3353 2636 ἄλλη
3386 2569 3519 2633 ἐστὶ,
3555 2572 3723 2627 Τοῦτο
3754 2571 3859 2650 γὰρ

450 2669 524 2731 ab
553 2671 641 2731 bis
664 2660 1061 2747 adducantur,
1097 2678 1355 2732 attamen
1389 2669 1460 2731 ab
1493 2670 1622 2749 ipso
1646 2669 1909 2733 Numine
1939 2670 2104 2731 ειεοί-

2196 2668 2298 2725 ἒστι
2332 2669 2516 2741 νόμος,
2577 2667 2651 2730 ὡς
2714 2663 2775 2720 ἄν
2835 2686 2914 2725 τις
2971 2661 3145 2734 εἴποι,
3180 2668 3272 2718 τοῦ
3309 2660 3678 2739 παραγωγέως
3708 2661 3856 2733 ἁμε-

452 2759 622 2841 piunt
651 2759 1105 2834 illustrationes,
1126 2759 1289 2840 quod
1317 2767 1407 2821 est
1443 2760 1799 2840 principium
1830 2766 1889 2820 et
1922 2777 2101 2821 causa

2196 2758 2403 2818 τὶθετὸς
2434 2778 2491 2812 τε
2522 2756 2609 2811 καὶ
2640 2755 2921 2832 εῧκοσμος,
2985 2754 3046 2809 τὸ
3107 2752 3175 2808 τὰ
3234 2752 3525 2830 πράγματα
3570 2763 3857 2829 συντηρεῖν

455 2838 651 2910 omnis
671 2850 921 2921 ordinis,
948 2868 1067 2911 non
1092 2838 1321 2913 tantum
1351 2838 1553 2930 primi,
1588 2838 1692 2911 sed
1738 2858 1800 2911 et
1831 2849 2101 2930 secundi,

2196 2869 2245 2905 τε
2278 2848 2362 2903 καὶ
2394 2846 2626 2903 τελειοῦν
2682 2842 2772 2925 ἀφ’
2832 2844 3044 2921 ἑαυτοῦ,
3111 2843 3155 2898 εἷ
3215 2842 3304 2898 καὶ
3367 2838 3449 2896 διά
3485 2861 3645 2896 τινων
3676 2838 3859 2896 ἄλλων

454 2944 512 2999 et
541 2938 725 3019 tertii,
758 2946 817 3000 et
845 2938 897 2999 si
928 2939 1062 3017 quis
1093 2939 1170 3001 sit
1198 2938 1378 3002 alius.
1416 2938 1534 3000 Ista
1565 2938 1726 3001 enim
1759 2939 1852 3000 lex
1886 2947 2000 3014 est,
2038 2950 2106 2999 ut

2196 2940 2249 2995 τὸ
2278 2938 2521 2994 τοιοῦτον
2555 2936 2641 2992 ἐπὶ
2671 2956 2776 2991 τισι
2808 2935 3027 3012 γίνεται.

454 3022 538 3089 ita
566 3018 886 3109 quis’dicat
908 3027 1285 3090 adductionis
1339 3028 1730 3091 immutabilis
1763 3036 1822 3091 et
1852 3027 2005 3091 bene
2037 3027 2329 3105 ordinata,
2367 3035 2431 3088 ut
2462 3024 2537 3087 ab
2572 3024 2701 3106 ipsa
2729 3042 2826 3086 res
2851 3027 3289 3086 conserventur
3310 3036 3379 3082 ac
3420 3036 3529 3101 per
3554 3018 3859 3095 ﬁciantur,

455 3117 570 3179 etsi
602 3135 709 3198 per
738 3117 885 3179 alias
914 3117 1205 3199 quasdam
1239 3117 1296 3179 id
1329 3119 1389 3180 in
1423 3118 1568 3199 ipsis
1602 3119 1725 3180 ﬁat.

537 3208 567 3288 ᾗ
596 3207 670 3271 lI.
694 3207 1144 3270 Manifestatorii
1166 3217 1361 3270 autem
1383 3216 1519 3270 sunt
1536 3226 1769 3291 omnes,
1792 3207 1968 3272 etiam
1995 3210 2110 3289 ipsi

2276 3211 2408 3288 δη.
2446 3206 2853 3286 Ἐκφαντορικοὶ
2924 3202 2978 3261 δὲ
3056 3200 3248 3266 πάντες
3320 3202 3416 3258 εἶσὶ
3486 3201 3573 3257 καὶ
3632 3200 3778 3257 αὐτοὶ
3810 3222 3861 3256 οι

457 3297 812 3378 angeli,sive
833 3297 981 3360 ordo
1008 3306 1369 3379 postremus;
1397 3298 1834 3379 progrediendo
1854 3299 2013 3361 enim
2039 3299 2118 3361 de

457 3388 604 3468 ipsis
630 3390 858 3465 angelis
889 3387 1032 3448 solis
1061 3388 1346 3468 loquitur,
1384 3388 1559 3449 modo
1596 3397 1794 3449 autem
1830 3388 2007 3450 etiam
2043 3388 2119 3450 de

460 3475 652 3538 tribus
670 3476 1006 3539 ordinibus.
1028 3476 1388 3556 Interpretes
1413 3478 1612 3559 itaque
1629 3486 1766 3539 sunt
1788 3495 1992 3540 eorum
2017 3478 2119 3559 qui

464 3566 848 3646 pracedunt;
885 3566 1437 3630 manifestantenim
1462 3584 1571 3646 per
1589 3567 1734 3628 alios
1757 3566 2117 3629 voluntatem

464 3655 599 3736 Dei,
625 3675 756 3737 qua
782 3656 935 3734 ipsis
964 3674 997 3716 a
1026 3654 1327 3736 prioribus
1351 3667 1479 3718 erat
1502 3656 1901 3731 manifestata,
1934 3666 1993 3718 ει
2021 3658 2118 3718 his

463 3746 679 3807 iterum
704 3763 810 3825 per
828 3745 998 3806 alios.
1023 3746 1109 3808 Ac
1136 3746 1312 3826 primi
1339 3745 1581 3826 quidem
1607 3746 1958 3808 internuntii
1982 3753 2120 3808 sunt

466 3833 712 3895 motoris
747 3835 838 3895 sui
872 3836 1011 3914 Dei;
1060 3843 1381 3915 sequentes
1414 3837 1509 3897 99
1536 3853 1677 3897 vero
1710 3853 1860 3916 quos
1886 3844 1944 3897 et
1971 3835 2120 3898 reli—

467 3941 615 4005 quos
632 3932 798 3984 vocat
814 3923 1062 3999 (scilicet
1083 3924 1230 3985 ordo
1256 3924 1584 4002 secundus)
1600 3924 1961 4005 interpretes
1982 3933 2121 3988 sunt

470 4031 676 4075 eorum
702 4012 803 4094 qui
824 4031 893 4074 ex
918 4012 1040 4074 Deo
1066 4013 1209 4074 moti
1233 4023 1391 4078 sunt.
1417 4013 1615 4076 Habes
1643 4014 1845 4092 itaque
1870 4024 1996 4078 tres
2018 4033 2120 4077 or-

471 4102 643 4164 dines
666 4102 998 4165 ccelestium
1019 4102 1585 4167 virtutum.Tantum
1611 4111 1808 4167 autem
1835 4122 1992 4167 cura-
2016 4103 2124 4167 fuit

469 4192 630 4255 bono
657 4194 800 4273 Deo,
829 4192 1340 4274 superessentiali,
1366 4194 1631 4274 inquam,
1654 4194 2040 4257 concinnitati
2062 4202 2120 4258 et

469 4283 662 4345 ordini
692 4283 1020 4365 (principes
1042 4282 1201 4344 enim
1226 4302 1371 4345 suos
1404 4284 1841 4347 Lacedaemonii
1864 4285 2117 4347 concin-

468 4381 706 4436 natores
726 4371 1098 4453 appellabant
1114 4382 1415 4454 ,tanquam
1442 4374 1733 4455 quidlibet
1755 4374 2115 4437 concinnan-

468 4472 557 4523 tes
578 4481 646 4524 ac
666 4461 1460 4539 ordinantes)universorum
1485 4463 1684 4544 itaque
1705 4464 1985 4544 Deo,(qui
2002 4482 2117 4525 non

2202 3297 2454 3378 ἕγγελοι,
2492 3296 2661 3375 ἤγουν
2691 3299 2726 3367 ἦ
2760 3294 2969 3375 ἐσχάτη
3001 3293 3168 3359 τάξις·
3214 3292 3555 3371 παρακατιὼν
3585 3292 3683 3368 γὰρ
3715 3290 3863 3368 λέλίεὶ

2202 3390 2323 3467 περὶ
2375 3386 2550 3444 αὖτῶν
2610 3386 2791 3459 μόνων
2849 3390 2956 3440 τῶν
3012 3381 3279 3469 ἀγγέλων,
3340 3383 3425 3438 νῦν
3480 3379 3535 3437 δὲ
3594 3382 3711 3458 περὶ
3749 3383 3858 3437 τῶν

2201 3482 2361 3555 τριῶν
2392 3500 2523 3557 φησι
2553 3473 2782 3541 τάξεων,
2813 3474 3219 3555 Ἐκφαντορικοὶ
3251 3480 3376 3550 γοῦν
3433 3478 3539 3528 τῶν
3597 3473 3700 3549 πρὸ
3759 3470 3861 3527 αὖ·

2203 3575 2329 3625 τῶν
2368 3567 2667 3646 ἐκφαίνουσι
2724 3565 2824 3642 γὰρ
2883 3565 2944 3619 τὸ
3005 3562 3090 3619 διὰ
3131 3565 3234 3619 τῶν
3270 3563 3371 3641 πρὸ
3402 3562 3602 3617 τούτων
3631 3561 3866 3635 ἒκιρανὲν

2203 3657 2364 3718 πάλιν
2395 3655 2613 3718 ἐκείνοις
2646 3652 2712 3710 δι’
2745 3653 2946 3727 ἄλλων,
2996 3654 3085 3709 καὶ
3136 3652 3337 3716 τούτου
3389 3648 3455 3706 δι’
3488 3648 3695 3727 ἄλλων,
3727 3649 3865 3728 βδύ-

2204 3747 2353 3824 λημα
2385 3748 2478 3804 τοῦ
2508 3751 2661 3802 Θεοῦ.
2703 3744 2801 3803 Καὶ
2858 3745 2905 3800 οἱ
2968 3741 3064 3817 μὲν
3118 3748 3318 3820 πρῶτοι
3349 3745 3415 3816 τῇ
3445 3738 3611 3819 τέξει,
3655 3738 3867 3818 ἐκφαν-

2202 3836 2396 3916 τορικοὶ
2458 3844 2548 3894 τοῦ
2582 3839 2861 3895 κινοῦντος
2891 3832 3107 3894 τούτους
3172 3829 3326 3887 Θεοῦ·
3391 3831 3437 3887 oi.
3493 3827 3548 3884 δὲ
3607 3828 3724 3903 μετ’
3758 3829 3865 3885 αὖ·

2201 3928 2347 3998 τοὺς,
2383 3927 2472 3989 οὒς
2503 3923 2646 4002 λέγει
2678 3924 2767 3978 καὶ
2823 3920 3043 3983 λοιποὺς
3108 3917 3293 3999 (ἤγουν
3349 3920 3383 3987 ἡ
3442 3916 3657 3996 δευτέρα
3688 3917 3866 3999 τάξις)

2202 4017 2403 4073 τούτων
2462 4012 2527 4081 δὴ
2584 4012 2691 4070 τῶν
2747 4010 2806 4068 ἐκ
2868 4016 2999 4067 Θεοῦ
3057 4007 3429 4085 κεκινημένων
3468 4006 3871 4089 ἐκφαντορικοί.

2202 4104 2416 4184 ’Ἔχεις
2449 4107 2729 4180 τοιγαροῦν
2790 4100 2885 4164 τὰς
2945 4111 3095 4179 τρεῖς
3145 4096 3320 4164 τάξεις
3350 4104 3455 4154 τῶν
3484 4099 3741 4177 οὐρανίων
3772 4095 3873 4155 δυ-

2207 4195 2441 4269 νάμεων.
2492 4193 2758 4251 Τοσοῦτον
2821 4188 2876 4245 δὲ
2937 4189 3170 4264 ἐμέλησε
3224 4195 3303 4263 τῷ
3360 4188 3541 4267 ἀγαθῷ
3598 4194 3739 4263 Θεῷ,
3799 4194 3875 4266 τῇ

2203 4283 2499 4360 ὑπερουσίῳ
2559 4280 2702 4359 λέγω
2759 4279 2986 4357 ἁρμονίᾳ
3049 4281 3135 4335 καὶ
3192 4276 3334 4343 τάξει
3391 4278 3690 4357 (ἁρμοστὰς
3741 4278 3871 4358 γὰρ,

2201 4375 2324 4438 τοὺς
2381 4372 2650 4452 ἄρχοντας
2682 4373 2726 4426 οἱ
2763 4367 3173 4445 Λακεδαιμόνιοι
3231 4366 3437 4445 ἔλεγον,
3486 4369 3555 4429 ὡς
3591 4368 3872 4445 ἁρμόζον-

2202 4484 2295 4524 τας
2326 4462 2415 4518 καὶ
2455 4461 2741 4522 τάττοντας
2788 4457 3073 4534 ἕκαστον)·
3149 4465 3226 4532 τῷ
3299 4464 3426 4533 γοῦν
3487 4456 3572 4513 ἐπὶ
3649 4457 3873 4514 πάντων

468 4551 720 4633 simplex
752 4552 1147 4614 concinnator
1176 4562 1286 4633 est,
1320 4553 1422 4613 sed
1457 4552 1715 4631 ipsamet
1746 4553 2112 4614 concinnitas

2206 4559 2345 4631 Θεῷ,
2404 4551 2506 4631 (τῷ
2566 4550 2644 4625 μὴ
2702 4548 2886 4613 ἁπλῶς
2918 4550 3188 4626 ἁρμοστῇ,
3249 4545 3386 4603 ἀλλὰ
3443 4552 3509 4622 τῇ
3570 4547 3873 4624 ὓπερουσίῳ

470 4642 1018 4723 superessentialis)
1054 4650 1214 4704 tanta
1242 4660 1384 4703 cura
1424 4642 1541 4704 fuit
1582 4642 1901 4722 Cujuslibet
1936 4661 2120 4705 sacrae

470 4731 804 4792 caelestium
836 4732 1248 4801 ordinationis.
1284 4739 1347 4793 ut
1371 4741 1431 4795 et
1468 4732 1739 4794 ordinem
1777 4731 2035 4795 habeant
2059 4741 2123 4795 et

470 4820 979 4895 adductionem,ut
994 4839 1100 4901 per
1111 4821 1714 4902 prioresposteriores
1726 4821 2115 4887 adducantur:

418 4953 423 4958 η
471 4909 749 4991 quoniam
778 4911 1102 4991 unicuique
1131 4909 1485 4973 hierarchiae
1511 4919 1631 4973 tres
1652 4928 1851 4974 sacros
1876 4911 2120 4975 ordines

473 5000 803 5063 constituit.
828 4998 1020 5062 Habet
1044 5000 1201 5061 enim
1222 5000 1411 5080 prima
1430 5002 1699 5077 thronos,
1726 5002 2039 5064 cherubim
2064 5010 2124 5064 et

475 5089 806 5171 seraphim,
833 5097 891 5150 et
919 5097 1240 5169 sequentes
1269 5089 1401 5151 alias
1430 5090 1707 5152 similiter
1736 5091 2126 5172 exsistunt,et

467 5179 926 5257 distinguuntur
974 5177 1034 5238 in
1082 5177 1306 5258 primas
1354 5187 1413 5240 et
1447 5180 1674 5242 medias
1704 5188 1762 5242 et
1791 5196 2125 5261 postremas

475 5267 845 5330 virtutes.Ad
860 5267 985 5329 haec
999 5268 1729 5346 considera,minutiorem
1746 5269 2124 5334 esseillarum

476 5355 1006 5433 distributionem;
1044 5358 1329 5436 quoniam
1380 5358 1599 5420 iterum
1645 5376 2129 5442 unamquamque

476 5445 863 5525 peculiariter
892 5447 1338 5527 dispositionem
1371 5446 1614 5510 abusive
1636 5448 2122 5512 distributionem

475 5535 809 5617 appellavit;
830 5537 954 5599 sive
978 5554 1472 5617 unumquemque
1501 5537 1774 5601 ordinem
1803 5537 2128 5619 cujuslibet

477 5626 617 5685 trini
641 5625 871 5689 ordinis
886 5626 1101 5688 iisdem
1117 5625 1523 5710 congruontiis
1543 5627 1981 5707 ordinibusque
2004 5627 2126 5690 dis-

482 5713 684 5779 tinxit.
717 5713 841 5779 Hoc
870 5725 1069 5781 autem
1100 5724 1343 5781 sanctus
1369 5716 1604 5801 asserit,
1653 5716 2121 5793 demonstratio-

2202 4640 2545 4722 αὒθαρμονίᾳ)
2620 4650 2873 4700 τοσοῦτον
2945 4638 3176 4716 ἐμέλησε
3247 4643 3344 4706 τῆς
3416 4640 3557 4715 ἱερᾶς
3639 4638 3872 4696 ἑκάστω

2203 4740 2307 4792 τῶν
2348 4732 2601 4812 οὖρανίων
2646 4730 2954 4805 εὖκοσμίας,
3014 4730 3190 4793 καθὼς
3251 4728 3436 4809 ἔχουσι
3494 4727 3715 4802 τάξεως,
3780 4732 3873 4785 καὶ

2202 4824 2517 4902 ἀναγωγῆς,
2574 4822 2750 4884 καθὼς
2811 4820 3101 4897 ἀνάγονται
3164 4817 3248 4875 διὰ
3307 4823 3412 4875 τῶν
3474 4817 3743 4896 προτέρων
3806 4820 3871 4876 τὰ

2202 4912 2413 4988 ὕστερον
2468 4910 2547 4966 ὅτι
2598 4910 2690 4966 καὶ
2739 4911 2835 4984 μιᾷ
2892 4909 3090 4985 ἑκάστῃ
3142 4908 3385 4987 ἱεραρχίᾳ
3415 4921 3559 4985 τρεῖς
3590 4908 3734 4984 ἱερὰς
3768 4909 3867 4963 τᾶ-

2207 5000 2312 5068 ξεις
2345 5000 2510 5059 ἔθετο.
2545 4998 2721 5078 ’Ἔχει
2784 4998 2885 5075 γὰρ
2940 5000 2973 5064 ἡ
3039 4998 3223 5076 πρώτη
3280 4999 3517 5076 θρόνους,
3578 4995 3867 5077 lamna“,

2208 5094 2297 5147 καὶ
2329 5090 2578 5168 σεραφίμ“
2644 5089 2727 5144 καὶ
2787 5087 3011 5154 καθεξῆς
3070 5089 3123 5143 αἱ
3181 5086 3336 5144 ἄλλαι
3397 5086 3564 5151 οὕτως
3624 5088 3744 5165 εἶσὶ,
3782 5090 3873 5144 καὶ

2208 5180 2536 5258 διαιροῦνται
2594 5180 2667 5238 εἷς
2727 5176 2942 5256 πρώτας
3012 5179 3102 5234 καὶ
3171 5176 3339 5250 μέσας
3409 5180 3496 5233 καὶ
3565 5174 3879 5240 τελευταίας

2213 5268 2487 5345 δυνάμεις.
2542 5266 2647 5330 Καὶ
2695 5266 2773 5322 ἔτι
2825 5267 2931 5323 νόει
2981 5265 3303 5345 λεπτοτέραν
3330 5267 3430 5334 τὴν
3461 5265 3745 5341 εὔκοσμίαν
3782 5268 3879 5323 αὖ·

2211 5366 2342 5439 τῶν,
2418 5357 2498 5414 ὅτι
2571 5356 2737 5414 πάλιν
2796 5356 2921 5432 μίαν
2981 5357 3212 5423 ἐκαστην
3270 5353 3449 5419 ἶδικῶς
3495 5353 3881 5436 διακόσμησιν,

2210 5450 2660 5528 καταχρηστικῶς
2695 5449 2821 5503 εἷπε
2850 5447 2911 5503 τὸ
2941 5443 3319 5522 διακόσμησιν,
3368 5444 3532 5523 ἤγουν
3563 5444 3618 5500 ἓν
3650 5444 3886 5503 ἕκαστον

2209 5539 2387 5616 τάγμα
2418 5542 2516 5604 τῆς
2551 5543 2675 5600 μιᾶς
2709 5533 2986 5613 τριαδικῆς
3016 5533 3240 5616 τάξεως,
3280 5548 3403 5600 ταῖς
3441 5536 3632 5601 αὖταϊς
3665 5534 3881 5615 διεχώ-

2208 5647 2349 5707 ρισεν
2379 5624 2653 5703 ἁρμονίαις
2683 5624 2772 5679 καὶ
2807 5623 3137 5699 εὖκοσμίαις.
3175 5623 3338 5681 Τοῦτο
3394 5620 3448 5677 δὲ
3511 5621 3657 5701 λέγει
3720 5626 3748 5680 ὁ
3805 5623 3879 5678 ἅ·-

2207 5703 2346 5798 γιος,
2406 5711 2691 5793 λαμϐανων
2745 5711 2846 5781 τὴν
2905 5710 3169 5783 ἀπόδειξιν
3224 5713 3286 5772 ἐκ
3333 5714 3433 5781 τῆς
3478 5722 3574 5774 τοῦ
3638 5703 3870 5773 Ἠσαίου
