4052 6452
275 388 384 453 281
715 392 809 454 DE
856 388 1211 455 COELESTI
1255 389 1766 469 HIERARCHIA,
1804 390 1967 452 CAP.
2016 388 2096 452 X.
2143 422 2221 435 --
2267 389 2653 453 PARAPHR.
2720 388 3235 452 PACHYMERE.
3562 380 3684 452 282

275 527 616 605 προφητείας
654 541 670 558 ⁸
725 529 773 582 οἱ
831 527 933 604 γὰρ
986 526 1247 601 θειότατοι
1300 528 1529 607 σεραφὶμ
1585 526 1763 605 ἕτερος
1827 525 1940 605 πρὸς

2039 542 2175 585 nem
2212 523 2534 586 mutuando
2568 543 2635 585 ex
2670 523 2982 605 prophetia
3028 524 3236 606 Isaiae;
3288 522 3568 606 quoniam
3603 522 3681 584 ibi

274 618 371 671 τὸν
444 616 624 693 ἓτερον
677 618 856 693 κράζει
915 618 1012 684 τὴν
1072 616 1482 673 ἀκατάπαυστον
1542 617 1749 683 ἐκείνην
1791 618 1940 689 ὕμνοι

2035 616 2326 678 divissimi
2363 616 2664 698 serapbim
2718 618 2869 679 alter
2904 617 2974 679 ad
3008 620 3255 681 alterum
3292 619 3554 679 clamant
3589 616 3689 677 in-

276 706 495 785 λογίαν,
532 705 827 773 δηλοῦντος
889 707 1125 763 ἐντεῦθεν
1154 715 1247 764 τοῦ
1298 706 1482 786 λόγου,
1522 706 1603 763 ὅτι
1648 709 1733 763 καὶ
1779 708 1940 762 αὐτῶν

2033 706 2389 768 cessabilem
2445 707 2603 769 illam
2656 708 3095 789 hymnologiam
3138 759 3153 790 ,
3205 708 3510 788 Scriptura
3550 706 3693 769 hinc

272 802 385 852 τῶν
446 795 772 875 θεολογικῶν
831 798 1083 875 γνώσεων
1141 800 1186 853 οἳ
1245 803 1449 877 πρῶτοι
1506 802 1623 862 τοῖς
1687 797 1940 874 δευτέροις

2032 795 2503 874 demonstrante,
2531 797 2754 879 primos
2785 800 3178 879 sequentibus
3214 799 3580 877 theologicas
3603 797 3689 877 ip-

274 884 650 960 μεταδιδόασι,
720 886 1048 964 Θεολογικὴν
1108 885 1173 955 δὴ
1225 895 1419 966 γνῶσιν
1493 889 1607 944 m-
1673 888 1940 965 τρισάγιον

2030 905 2123 948 sas
2174 889 2447 949 notiones
2498 889 2971 952 communicare.
3015 889 3436 967 Tlieologicam
3490 900 3687 949 autem

271 977 447 1049 ὕμνον
498 975 669 1054 λέγει·
723 978 810 1032 καὶ
867 976 967 1055 γὰρ
1015 978 1109 1042 τὰς
1170 991 1315 1056 τρεῖς
1384 978 1535 1055 ἁγίας
1597 968 1940 1040 Τποστάσεις

2030 976 2331 1037 notionem
2365 987 2532 1038 vocat
2559 978 2838 1057 hymnum
2873 980 3063 1053 illum,
3093 979 3150 1039 in
3176 998 3292 1056 quo
3324 986 3412 1039 ter
3433 980 3690 1040 Sanctus

275 1068 352 1129 εἷς
418 1067 547 1141 μίαν
607 1067 898 1145 κυριότητα
947 1068 1034 1122 καὶ
1088 1068 1325 1134 Θεότητα
1380 1068 1653 1129 συνιόύσας
1698 1066 1940 1123 κάκεῖνοι

2034 1067 2458 1141 pronuntiatur
2500 1088 2513 1129 :
2550 1068 2769 1128 etenim
2812 1078 2930 1131 tres
2961 1078 3194 1131 sanctas
3235 1071 3592 1149 Hypostases
3622 1068 3685 1127 in

276 1156 504 1237 ἔμαθον,
547 1159 636 1213 καὶ
664 1158 832 1232 ἡμεῖς
863 1154 931 1213 δι’
973 1159 1186 1213 ὶκείνων
1218 1158 1576 1233 μανθάνομεν,

363 1335 527 1417 ξῙῘῙ.
574 1329 710 1395 "Erl
770 1338 1082 1415 προστίθησι
1143 1342 1227 1396 καὶ
1286 1339 1609 1417 λεπτοτέραν
1683 1337 1945 1404 ἀπόδειξιν

271 1434 377 1495 τῆς
455 1429 708 1487 ενὸτᾶκτου
768 1429 851 1486 ἰπὶ
930 1437 1059 1486 πᾶσι
1142 1432 1544 1505 καταστάσεως,
1610 1432 1695 1486 καί
1751 1454 1942 1511 φησιν,

273 1519 360 1574 ὅτι
406 1519 498 1575 καί
528 1519 644 1575 καθ’
679 1520 835 1578 αὐτόν
867 1519 1091 1585 ἕκαστος
1138 1521 1376 1597 οὗρᾶνιός
1406 1544 1462 1578 τε
1494 1524 1582 1578 καὶ
1622 1522 1942 1599 Ξινθρώπίνος

272 1616 402 1673 νοῦς
457 1607 628 1673 ἰδικὰς
679 1609 798 1689 ἔχει
861 1610 1075 1688 πρώτας
1138 1613 1221 1669 καὶ
1270 1612 1433 1687 μέσας
1500 1614 1585 1668 καὶ
1635 1610 1940 1673 τελευταίας

272 1696 531 1773 δυνάμείς
563 1704 691 1775 πρὸς
722 1702 815 1760 τὰς
868 1700 1149 1778 εἰρημένας
1198 1702 1480 1779 ἀναγωγὰς
1513 1703 1601 1758 καὶ
1634 1702 1939 1775 ἐκφᾶνσεις·

274 1790 391 1845 νόει
440 1788 494 1845 δέ
556 1791 655 1857 τὴν
704 1791 977 1869 κάθαρσιν,
1032 1792 1123 1847 τὸν
1182 1796 1459 1871 φωτισμὸν
1517 1793 1613 1858 τὴν
1644 1791 1937 1848 τελείωσιν·

274 1880 425 1935 οὕτω
484 1880 584 1956 γὰρ
642 1882 730 1936 καὶ
791 1879 1065 1959 ἀναλόγως
1126 1883 1177 1937 αἱ
1225 1880 1518 1958 ἐλλάμψεις
1573 1883 1938 1961 ἔκφαίνονται,

274 1970 401 2026 καθ’
434 1970 497 2029 ἃς
558 1974 782 2033 ἕκαστος
843 1971 896 2026 ἐν
961 1972 1211 2045 μετουσίᾳ
1261 1973 1458 2051 γίνεται
1505 1973 1639 2029 κατὰ
1681 1975 1741 2029 τὸ
1803 1974 1944 2046 αὐτῷ

272 2061 502 2135 θεμιτὸν
547 2062 636 2116 καὶ
665 2060 903 2140 iapix/xciv.
962 2054 1144 2118 ’Ὅσον
1202 2064 1297 2142 γὸρ
1358 2064 1543 2133 ἀνήκει
1596 2070 1663 2140 τῇ
1693 2062 1794 2136 ἰδίᾳ
1824 2063 1944 2120 ἱκά-

275 2172 410 2206 στου
476 2150 645 2230 τάξει,
679 2152 834 2207 τόσον
878 2153 965 2207 καὶ
1012 2155 1310 2230 ἓφικνεϊται
1342 2156 1441 2218 τῆς
1484 2155 1816 2232 κπθὰρσεως,
1852 2161 1943 2211 τοῦ

275 2241 587 2319 φωτισμοῦ,
623 2242 710 2296 καὶ
768 2248 868 2309 τῆς
921 2241 1271 2321 τελειώσεως,
1325 2247 1483 2301 αὖτοῦ
1529 2241 1592 2311 δὴ
1623 2247 1715 2300 “co-5
1745 2244 1942 2322 ἀγαθοῦ

278 2336 445 2392 Θεοῦ.
479 2330 623 2394 Τέως
656 2329 708 2386 δέ
740 2331 851 2387 ἐστι
904 2333 990 2388 καὶ
1040 2335 1070 2399 ἡ
1132 2334 1376 2410 κάθαρσις
1408 2336 1829 2411 ὑπεραγνοτάτη,
1856 2334 1943 2390 καὶ

277 2422 345 2475 τὸ
424 2421 541 2499 φῶς
598 2421 975 2501 ὕπερτλῆρες,
1042 2425 1130 2479 καὶ
1197 2423 1500 2501 προτέλειος
1544 2426 1576 2489 ἡ
1641 2422 1936 2487 τελείωσις.

279 2508 439 2567 Ἐπεὶ
502 2508 557 2565 δὲ
618 2514 669 2567 di
722 2514 919 2568 εὔθεται
979 2512 1275 2589 ἐλλάμψεις
1340 2511 1575 2591 ἄπειροι,
1636 2515 1771 2572 κατὰ
1818 2515 1942 2588 μίαν

278 2600 527 2668 ἑκάστην
594 2601 862 2678 ἕλλαμψιν
948 2603 1188 2677 ἕκαστος⁴
1242 2604 1479 2682 οὐράνιος
1552 2612 1670 2668 νοῦς
1736 2612 1943 2679 πρῶτον

2033 1158 2271 1219 unicam
2307 1156 2779 1221 dominationem
2811 1180 2879 1221 ac
2916 1162 3203 1224 Deitatem
3253 1168 3538 1221 coeuntes
3576 1156 3688 1239 ipsi

2043 1247 2406 1329 didicerunt,
2446 1262 2504 1311 et
2537 1270 2645 1310 nos
2678 1270 2782 1332 per
2812 1250 2943 1312 illos
2975 1251 3282 1312 discimus.

2113 1337 2361 1417 §lll.Ad
2387 1340 2509 1400 haec
2533 1339 2697 1401 addit
2720 1340 2895 1401 etiam
2932 1340 3299 1401 subtiliorem
3327 1339 3691 1400 demonstra-

2031 1426 2250 1488 tionem
2313 1428 2466 1491 bene
2499 1430 2792 1492 ordinato:
2820 1431 2876 1491 iu
2915 1431 3195 1491 omnibus
3228 1429 3686 1503 constitutionis,

2028 1518 2263 1600 aitque,
2300 1519 2627 1596 quamlibet
2668 1540 2771 1601 per
2818 1540 2882 1581 se
2933 1522 3232 1582 caelestem
3268 1539 3333 1581 ac
3368 1520 3689 1580 humanam

2031 1616 2292 1669 mentem
2346 1609 2683 1689 peculiares
2729 1609 2951 1671 habere
2986 1610 3205 1690 primas
3239 1618 3295 1670 et
3329 1608 3557 1671 medias
3619 1627 3687 1669 ac

2032 1706 2361 1777 postremas
2389 1699 2725 1780 virtutes,in
2752 1701 2966 1762 ordine
2991 1701 3060 1761 ad
3084 1700 3273 1760 dictas
3297 1699 3689 1759 ailductiones

2028 1806 2096 1849 ac
2131 1788 2645 1850 manifestatinnes
2674 1810 2686 1851 :
2716 1790 2981 1869 intelligo
3006 1789 3427 1871 expiationem,
3457 1786 3689 1849 illumi-

2030 1879 2329 1942 nationem
2358 1901 2425 1943 ac
2450 1882 2909 1959 perfectionem;
2946 1886 3028 1945 sic
3047 1884 3203 1946 enim
3233 1883 3403 1943 etiam
3434 1898 3686 1962 propor-

2033 1971 2193 2031 tione
2217 1980 2505 2050 apparent
2527 1972 2952 2034 illustrationes
2970 1973 3321 2051 ,secuudum
3342 1990 3486 2051 quas
3509 1970 3687 2051 quili-

2038 2058 2138 2121 bet
2168 2061 2360 2140 quoad
2397 2062 2481 2122 illi
2506 2063 2591 2122 fas
2612 2082 2679 2123 ac
2714 2061 2995 2142 possibile
3028 2060 3531 2142 est,particepslit
3554 2060 3683 2122 Dei.

2028 2149 2329 2220 Quantum
2378 2154 2538 2212 enim
2576 2153 2814 2232 proprio
2868 2153 3082 2233 cuique
3129 2151 3324 2212 ordini
3377 2149 3680 2230 competit,

2031 2242 2393 2301 tantumdem
2421 2241 2597 2302 etiam
2619 2238 3680 2322 deipsiusmethoniDeiexpiatione,

2027 2328 2487 2412 illuminatione,
2515 2350 2581 2392 ac
2610 2334 2973 2411 perfer-tione
2997 2332 3409 2413 consequitur.
3445 2331 3545 2391 Est
3569 2330 3685 2391 ita-

2026 2437 2143 2499 que
2172 2420 2275 2481 Dei
2305 2438 2536 2500 quoque
2564 2423 2818 2501 expiatio
2846 2422 2979 2503 plus
3010 2441 3183 2503 quam
3221 2418 3565 2501 purissima,
3599 2419 3689 2480 lu-

2031 2526 2287 2587 menque
2306 2528 2486 2589 supra
2510 2530 2682 2589 quam
2712 2511 3398 2591 plenum,perfectioque
3417 2528 3684 2589 praeper-

2031 2597 2202 2660 fecta.
2230 2599 2373 2661 Cum
2399 2608 2594 2662 autem
2623 2612 2802 2662 rectae
2825 2600 3250 2663 illustrationes
3274 2601 3517 2661 infinitae
3538 2599 3679 2676 sint,

282 2694 625 2770 καθαίρεται,
661 2693 786 2750 εἶτα
818 2694 1126 2773 φωτίζεται,
1180 2693 1367 2750 ἔπειτα
1422 2694 1738 2756 τελειοῦται.
1788 2694 1940 2751 Οζδὲν

2032 2688 2361 2748 secundum
2394 2690 2525 2749 100
2541 2709 3027 2771 unamquamque
3049 2690 3501 2752 illustrationem
3527 2708 3685 2766 quan-

278 2782 383 2859 γάρ
414 2782 666 2854 ἀπεικὸς,
701 2784 744 2839 εἰ
777 2785 803 2839 6
835 2785 971 2839 κατὰ
1002 2806 1051 2839 τι
1084 2784 1309 2862 τέλειος,
1345 2783 1462 2840 κατ’
1510 2782 1640 2841 ἄλλο
1692 2785 1941 2862 καθαίρε-

278 2888 392 2928 ται·
432 2874 525 2927 καὶ
562 2875 606 2928 εἱ
637 2875 664 2929 6
698 2873 837 2929 κατᾶ
890 2896 940 2929 τι
997 2874 1435 2953 πεφωτισμένος,
1480 2873 1599 2930 κατ’
1658 2876 1785 2932 αὐτὸ
1843 2875 1942 2948 μὲν

280 2961 606 3035 τελειοῦται,
654 2961 775 3018 κατ’
834 2962 964 3019 ἄλλο
1001 2962 1057 3019 δὲ
1108 2964 1267 3019 πάλιν
1313 2966 1579 3042 καθαρθεὶς
1637 2966 1938 3043 φωτίζεται⁶

2029 2776 2173 2839 libet
2204 2797 2373 2840 mens
2405 2779 2664 2842 caelestis
2685 2781 2941 2859 primum
2976 2786 3267 2858 expiatur,
3306 2778 3524 2839 deinde
3548 2778 3683 2839 illu-

2026 2876 2347 2942 stratur,ac
2371 2877 2573 2949 postea
2599 2869 3088 2949 perficitur-Nihil
3113 2876 3272 2931 enim
3297 2868 3534 2931 absurdi
3568 2876 3677 2940 est,

2027 2956 2149 3018 siis
2180 2958 2280 3038 qui
2314 2960 2643 3021 secundum
2678 2960 2819 3041 quid
2861 2961 3157 3039 perfectus
3205 2969 3315 3035 est,
3351 2957 3682 3019 secundum

288 3050 431 3107 ὠδὶν
484 3052 586 3130 γὰρ
630 3052 914 3114 αὖτοτελὲς
946 3053 979 3111 ἢ
1014 3052 1307 3130 ἀπροαδεὲς
1382 3053 1747 3133 τελειότητος,
1786 3057 1829 3110 εἰ
1864 3056 1940 3128 μὴ

2030 3045 2190 3106 aliud
2248 3047 2544 3128 expiatur;
2580 3058 2637 3110 et
2669 3055 2714 3109 si
2750 3049 3080 3111 secumlum
3140 3048 3281 3128 quid
3333 3047 3681 3121 illustratus,

290 3144 352 3197 τὸ
383 3140 544 3203 ὄντως
602 3142 904 3217 αὐτοτελὲς,
961 3145 1020 3200 τὸ
1066 3143 1199 3208 ὅτως
1256 3143 1594 3222 προτέλειον.
1652 3148 1748 3201 Καὶ
1806 3144 1944 3201 οὕτω

282 3231 385 3305 μὲν
448 3234 477 3287 6
541 3232 782 3310 οὒράνιος
831 3239 947 3298 νοῦς
1006 3232 1173 3297 ἷδικὰς
1220 3233 1337 3313 ἔχει
1396 3235 1491 3298 τὰς
1548 3247 1691 3306 τρεῖς
1750 3235 1942 3297 ταύτας

276 3320 457 3387 τάξεις
484 3343 542 3378 τε
572 3323 661 3377 καὶ
700 3320 974 3397 δυνάμεις.
1016 3330 1134 3387 Πῶς
1185 3322 1239 3379 δὲ
1290 3326 1379 3381 καὶ
1409 3325 1436 3380 6
1468 3326 1798 3395 ἀνθρώπειος
1827 3334 1943 3389 νοῦς

273 3412 482 3474 ταύτας
517 3412 658 3491 ἔχει,
720 3412 865 3480 πλὴν
895 3416 983 3470 καὶ
1030 3414 1183 3477 αὒτὸς
1218 3417 1290 3476 εἷς
1342 3415 1442 3481 τὴν
1470 3416 1603 3470 κατὰ
1637 3417 1765 3470 Θεὸν
1800 3415 1945 3480 κίνη-

275 3522 389 3581 σινς
451 3501 571 3559 οὖδὲ
619 3504 717 3580 γὰρ
764 3506 884 3573 περὶ
934 3510 1039 3560 τῶν
1092 3512 1364 3579 κοσμικῶν
1427 3507 1691 3573 κινήσεων
1722 3506 1749 3560 ὀ
1779 3503 1938 3580 λόγος

274 3591 428 3647 ἐστὶν
460 3595 624 3665 ἡμῖν.
665 3583 815 3660 ’Ἡδη
861 3592 1113 3671 λέγομεν,
1152 3602 1249 3659 πᾶς
1280 3602 1396 3657 νοῦς
1430 3594 1546 3674 ἔχει
1590 3594 1789 3663 οὕσίαν,
1825 3584 1940 3648 καθ’

272 3682 342 3749 ἢν
386 3684 595 3761 πρῶτόν
628 3684 789 3740 ἔστιν’
856 3685 980 3740 εἶτα
1042 3687 1126 3740 καὶ
1186 3683 1425 3756 δύναμιν,
1476 3682 1589 3740 καθ’
1624 3681 1942 3759 ἢνδιαρκεϊ·

270 3772 590 3830 τελευταίαν
641 3772 693 3829 δὲ
747 3773 1037 3853 ἱνὲργειαν,
1094 3772 1208 3832 καθ’
1258 3775 1324 3843 ἣν
1358 3777 1421 3829 τὰ
1478 3776 1651 3829 οἰκεῖα
1696 3774 1942 3849 πράττων

271 3862 519 3920 εὖσεόεϊ*
579 3871 743 3921 ταῦτα
799 3866 889 3920 καὶ
932 3864 985 3919 ἐν
1015 3872 1093 3938 τῷ
1130 3864 1246 3931 ἐξῆς
1304 3866 1580 3943 κεφαλαίῳ
1637 3865 1937 3942 σαφηνίζει.

277 3944 525 4017 ’¹Λλλως
557 3975 614 4010 τε
663 3952 717 4010 δὲ
752 3952 934 4011 οὒδένα
967 3955 1071 4010 τῶν
1108 3954 1393 4032 ἀνθρώπων
1447 3953 1607 4028 ἴσμεν
1653 3951 1770 4010 οὕτε
1804 3975 1941 4030 προ-

274 4046 488 4123 φήτην,
522 4042 640 4100 οὔτε
695 4042 917 4119 δίκαιον,
952 4044 1028 4120 μὴ
1075 4041 1325 4111 δεηθέντα
1356 4048 1452 4113 τῆς
1485 4045 1679 4106 οἰκείας
1732 4044 1941 4121 προφά-

277 4156 424 4197 σεως
458 4135 535 4198 εἷς
568 4136 628 4190 τὸ
655 4133 953 4199 πλησιάσαι
1019 4137 1158 4207 Θεῷ.
1195 4124 1349 4211 ’Ὅρα
1380 4134 1479 4212 γὰρ
1512 4134 1560 4189 τί
1593 4155 1755 4211 φησιν
1786 4136 1812 4189 6
1843 4133 1941 4197 ἕως

276 4226 462 4302 τρίτου
534 4228 756 4294 οὖροινοῦ
815 4224 1038 4303 φθάσας.
1105 4216 1432 4293 ’Υπωπιάζω
1490 4245 1590 4297 μου
1635 4225 1695 4278 τὸ
1755 4228 1939 4299 σῶμα,

1784 4314 1939 4372 αὐτὸς

276 4316 369 4370 καὶ
456 4312 784 4391 δουλαγωγῶ
819 4358 836 4387 ,
911 4316 1105 4385 μήπως
1186 4312 1368 4377 ἄλλοις
1442 4312 1667 4389 κηρύξας
1704 4360 1719 4391 ,

278 4403 542 4479 ἀδόκιμος
587 4405 851 4481 γένωμαι.
892 4405 989 4461 Καὶ
1046 4404 1210 4459 ταὺτα
1271 4405 1400 4457 εἰσιν
1470 4405 1503 4470 ἡ
1549 4402 1734 4480 πρώτη
1794 4401 2008 4466 τάξιςι)

644 4495 658 4511 1

2029 3136 2363 3196 secundum
2390 3138 2546 3198 idem
2572 3139 2810 3219 quidem
2840 3138 3501 3220 perﬁcitur,secundum
3518 3135 3681 3197 aliud

2030 3244 2166 3287 vero
2188 3226 2400 3287 iterum
2424 3229 2686 3307 expiatus
2712 3229 3099 3304 illuminatur;
3126 3228 3274 3290 nihil
3300 3227 3458 3288 enim
3486 3245 3594 3309 per
3618 3244 3683 3287 se

2029 3316 2385 3397 perfectum,
2420 3320 2509 3379 vel
2554 3319 2711 3395 quod
2740 3339 2858 3379 non
2892 3319 3153 3394 indigeat
3181 3317 3545 3399 perfectione
3571 3316 3683 3378 nisi

2030 3406 2185 3484 quod
2204 3425 2307 3485 per
2330 3425 2394 3468 se
2422 3426 2555 3468 vere
2581 3409 3079 3489 perfectum,vcre
3099 3407 3549 3488 prmpcrl‘ectum
3566 3413 3678 3466 est.

2032 3494 2224 3574 Atque
2257 3495 2336 3556 ita
2367 3497 2610 3575 quidem
2649 3517 2816 3559 mens
2848 3498 3111 3560 cmlestis
3144 3498 3539 3578 particulares
3574 3497 3682 3557 hos

2029 3592 2149 3644 tres
2169 3584 2412 3646 ordines
2430 3585 2605 3647 habet
2623 3597 2798 3667 atque
2819 3587 3086 3650 virtutes.
3102 3588 3176 3649 At
3191 3586 3485 3667 quomodo
3502 3585 3682 3646 etiam

2028 3692 2197 3733 mens
2224 3674 2483 3736 humana
2505 3676 2576 3737 iis
2612 3678 2855 3757 przedita
2882 3686 2991 3751 est,
3015 3696 3145 3737 cum
3173 3676 3414 3737 exsistat
3446 3693 3683 3756 quoque

2027 3764 2358 3825 secundum
2396 3776 2618 3826 motum
2656 3766 2795 3829 Dei?
2842 3785 3035 3846 neque
3068 3766 3227 3827 enim
3260 3765 3333 3827 de
3368 3765 3682 3826 mundanis

2027 3853 2289 3916 motibus
2318 3855 2493 3916 nobis
2525 3875 2725 3917 sermo
2758 3866 2869 3917 est.
2917 3858 3092 3918 Modo
3125 3856 3401 3929 dicimus,
3438 3872 3677 3915 omnem

2031 3952 2286 4005 mentem
2322 3945 2544 4008 habere
2577 3954 2924 4027 essentiam,
2958 3948 3289 4007 secundum
3340 3964 3517 4022 quam
3552 3944 3679 4024 pri-

2029 4052 2189 4094 mum
2219 4043 2331 4114 est;
2360 4036 2581 4097 deinde
2602 4036 2779 4097 etiam
2814 4037 3111 4111 virtutem,
3138 4036 3469 4098 secundum
3500 4052 3679 4112 quam

2029 4131 2241 4203 potens
2271 4134 2385 4204 est,
2416 4134 2780 4204 postremum
2809 4144 2949 4188 vero
2993 4126 3423 4206 Operationem,
3460 4142 3682 4185 secun-

2029 4212 2169 4273 dum
2196 4232 2396 4293 quam,
2428 4233 2498 4275 ea
2544 4234 2675 4294 qua;
2707 4214 2818 4276 sibi
2854 4217 3093 4295 propria
3123 4226 3267 4277 sunt
3295 4215 3550 4294 agendo,
3587 4212 3683 4293 pia

2027 4312 2137 4377 est;
2162 4303 2286 4363 haec
2318 4303 2492 4364 etiam
2530 4304 2586 4364 in
2623 4304 2903 4384 sequenti
2935 4306 3126 4383 capite
3158 4304 3447 4366 declarat.
3487 4306 3681 4365 Caete—

2028 4411 2161 4453 rum
2205 4393 2508 4455 neminem
2556 4395 2823 4463 omnino,
2861 4388 3055 4474 neque
3083 4394 3453 4474 prophetam,
3491 4412 3682 4473 neque

275 4498 368 4549 καὶ
415 4493 579 4566 μέσηο
641 4495 669 4548 ὃ
726 4494 826 4571 γὰρ
888 4495 1242 4563 ὕπωπιασμὶις
1293 4495 1389 4561 τῆς
1434 4494 1624 4570 σαρκὸς
1657 4502 1865 4570 πρώτη,
1904 4494 1938 4558 ἡ

2030 4482 2249 4560 iustum
2286 4482 2841 4562 cognoscimus,qui
2868 4503 2984 4544 non
3022 4503 3169 4563 opus
3204 4482 3417 4543 habeat
3448 4488 3684 4561 propria

275 4582 333 4639 δὲ
366 4581 708 4662 δουλαγωγία
752 4584 847 4650 τῆς
894 4584 1160 4659 ἆμπαθοῦς
1206 4582 1452 4661 ὀρέξεως,
1500 4580 1733 4658 δευτέρα,
1780 4584 1840 4637 τὸ
1887 4579 1939 4635 δὲ

274 4672 529 4751 δόκιμον,
564 4671 869 4731 τελευταῖόν
903 4675 989 4729 καὶ
1020 4672 1243 4731 τέλειον.
1282 4666 1365 4728 ’Ἢ
1397 4673 1475 4728 ὅτι
1508 4672 1567 4727 ἐκ
1597 4672 1702 4728 τῶν
1734 4671 1938 4730 ἁπλου-

274 4762 485 4839 στέρων
547 4764 822 4838 μυήσεων,
898 4764 1028 4841 ὅπερ
1077 4764 1345 4840 γάλακτος
1384 4764 1647 4836 ποτισμὸν
1691 4760 1941 4817 ἐκάλεσεν

275 4853 308 4907 ὀ
354 4849 712 4924 Ἀπόστολος,
748 4855 863 4928 περὶ
921 4854 985 4909 τα
1044 4854 1207 4927 μέσα,
1263 4854 1349 4909 καὶ
1399 4854 1459 4907 ἑκ
1490 4853 1686 4907 τούτων
1720 4852 1846 4929 πρὸς
1879 4850 1943 4905 τὰ

276 4944 527 5020 μείζονα,
562 4940 727 5019 ἤγουν
788 4943 886 5009 τὴν
946 4944 1052 4998 τῶν
1104 4942 1321 4998 τελείων
1370 4943 1564 5020 τροφὴθ
1615 4943 1938 5017 ἅναγόμεθα,

274 5036 307 5087 ὃ
339 5033 433 5087 καὶ
478 5031 531 5087 ἐν
564 5030 904 5108 Εὑαγγελίοις
957 5035 984 5088 6
1024 5033 1204 5110 Κύριος
1235 5030 1421 5111 δηλοῖ,
1456 5031 1627 5108 λέγων
1661 5034 1790 5108 πρὸς
1823 5031 1942 5091 τοὺς

273 5121 470 5199 ἁγίους
520 5120 874 5184 ἀποστόλους.
940 5120 1119 5178 Πολλὰ
1165 5121 1280 5201 ἔχω
1311 5120 1484 5197 λέγων
1527 5123 1684 5195 ἡμῖν,
1718 5117 1837 5175 ἀλλ’
1882 5119 1940 5174 οὔ

275 5208 507 5265 δύνασθε
551 5210 832 5285 βαστάζειν
890 5208 1030 5279 ἄρτι,
1090 5213 1147 5269 E’.
1191 5210 1243 5266 δὲ
1312 5209 1508 5283 θέλεις,
1558 5210 1655 5287 ὅρα
1710 5211 1796 5266 καὶ
1844 5209 1940 5275 τὴν

274 5297 607 5377 παραδοχὴν
651 5301 747 5355 τοῦ
787 5302 1047 5379 παναγίου
1099 5301 1403 5375 Πνεύματος
1450 5299 1503 5355 ἐν
1546 5314 1664 5363 τοῖς
1704 5297 1940 5355 ἀποστό-

274 5387 424 5449 λοις·
460 5387 614 5455 ἰδόοη
653 5390 748 5465 γὰρ
803 5392 983 5468 τοῦτο,
1031 5390 1238 5469 πρῶτοι
1302 5389 1397 5464 μὲν
1432 5390 1503 5451 εἰς
1558 5402 1786 5464 σημεῖα,
1820 5386 1941 5442 δεύ-

274 5498 435 5553 τερον
495 5475 549 5532 δὲ
605 5475 672 5533 δι’
732 5478 1127 5557 ἐμφυσήσεως,
1204 5484 1291 5535 καὶ
1352 5483 1523 5558 τρίτον
1581 5479 1635 5533 ἰν
1707 5478 1939 5556 πυρίναις

276 5566 583 5646 γλώσσαις,
620 5566 911 5644 οὐσιωδῶς,
970 5570 1041 5633 ὠς
1075 5568 1136 5626 ἂν
1199 5569 1347 5628 εἴποι
1404 5591 1508 5649 τις,
1562 5569 1698 5629 κατέ
1726 5571 1815 5625 τὸν
1846 5566 1941 5647 μέ-

370 5752 396 5785 κ
422 5741 448 5810 Ι
478 5742 619 5809 Cor.
653 5757 738 5821 Ix,
773 5743 873 5807 27.

2026 4571 2447 4649 cooperatione
2472 4580 2651 4651 atque
2683 4572 3045 4646 oratione,ut
3076 4571 3509 4651 appropinquet
3532 4570 3679 4633 Deo.

2025 4662 2284 4723 Adverte
2317 4663 2475 4723 enim
2502 4662 2645 4740 quid
2685 4661 2840 4721 dicat
2888 4665 2938 4723 is
2972 4662 3073 4740 qui
3109 4662 3178 4722 atl
3220 4663 3457 4721 tertium
3493 4679 3681 4740 usque

2027 4751 2242 4813 cmlum
2268 4753 2909 4833 pervenerat:0:stigo
2928 4770 3148 4832 corpus
3177 4757 3683 4821 imminetimm-

2025 4843 2241 4898 vitu'em
2265 4841 2471 4912 redigo;
2501 4858 2559 4895 ne
2578 4843 2718 4912 forte
2737 4856 2858 4896 Cum
2881 4842 3002 4897 aliis
3026 4842 3448 4909 praedicauerit»,
3471 4842 3581 4911 ipse
3597 4855 3684 4895 re-

2026 4932 2247 5011 probus
2274 4933 2513 5010 ef/iciar
2537 4952 2581 4993 ι.
2620 4932 2812 5012 Atque
2846 4933 2939 4994 hic
2981 4940 3067 4993 est
3107 4932 3337 5012 primus
3360 4940 3417 4992 et
3450 4931 3683 4993 medius

2031 5021 2175 5081 ordo
2205 5039 2217 5083 :
2252 5041 2388 5081 nam
2423 5020 2719 5098 castigatio
2754 5022 2952 5082 carnis
2977 5022 3203 5101 primus
3235 5031 3346 5101 est,
3381 5020 3681 5082 secundus

2027 5128 2162 5172 vero
2195 5110 2461 5173 subactio
2509 5112 2807 5171 effrenata:
2845 5110 3216 5190 cupiditatis,
3247 5111 3507 5190 probitas
3538 5126 3679 5171 vero

2028 5209 2362 5281 postremus
2393 5210 2569 5280 atque
2594 5200 3032 5280 periectus.Vel
3058 5202 3236 5262 etiam
3271 5201 3424 5281 quia
3454 5200 3679 5279 simpli-

2027 5290 2288 5351 cioribus
2312 5290 2620 5363 doctrinis,
2654 5308 2800 5369 quas
2833 5290 3000 5351 lactis
3030 5292 3332 5371 potionem
3360 5289 3681 5368 Apostolus

2026 5379 2351 5454 vocavit,ad
2380 5379 2695 5452 medias,et
2717 5399 2783 5440 ex
2812 5379 3007 5451 his,ad
3043 5381 3301 5458 majores
3331 5379 3453 5440 sive
3490 5379 3681 5457 perfe-

2026 5476 2255 5529 ctorum
2271 5468 2467 5529 cibum
2494 5468 3039 5548 adducimur;quod
3066 5470 3240 5529 etiam
3265 5468 3322 5527 in
3344 5466 3677 5545 Evangeliis

2026 5557 2313 5620 Dominus
2353 5559 2646 5645 significat
2699 5559 2771 5620 ad
2804 5566 3046 5621 sanctos
3086 5558 3385 5645 apostolos
3416 5557 3623 5620 dicens
3657 5575 3670 5628 ;
