4052 6432
260 355 377 433 289

709 372 808 436 DE
853 368 1205 437 COELESTI
1253 363 1757 454 HIERARCHIA,
1805 370 2080 436 CARXI.
2117 407 2194 418 —
2224 371 2617 436 PARAPHR.
2663 371 3155 439 PACHYMER/E

3526 365 3644 437 290

255 507 421 584 ἱερεὺς
483 503 699 562 δύναται
748 519 926 563 ποιεῖν
970 508 1070 564 δὶα
1125 509 1267 586 παρὰ
1326 510 1391 564 τὰ
1444 513 1549 566 τῶν
1606 508 1913 568 ὑποδεεστέ-

2005 510 2134 571 chia
2188 509 2489 572 caelestem
2540 510 2812 574 ordinem
2872 511 3155 573 imitatur.
3189 509 3336 572 Nam
3370 511 3654 575 sacerdos

252 617 380 674 ρων,
440 595 609 674 ἤγουν
667 593 924 654 διάκόνων
983 601 1069 656 καὶ
1116 607 1220 656 τῶν
1277 598 1420 666 ἑξῆς·
1484 603 1512 656 ὁ
1569 598 1810 666 διάκονος
1858 603 1913 658 τὸ

2007 608 2202 680 potest
2234 600 2427 663 facere
2459 619 2831 680 quaecunque
2857 602 3099 664 ordines
3131 601 3651 677 inferiores,scili-—

252 692 356 742 νῶν
428 685 613 764 ἱερέων
647 688 740 744 οὑκ
809 687 1188 767 ἐπιτέτραπται
1246 690 1450 752 ποιεῖν,
1515 691 1602 758 Μὴ
1661 699 1786 769 γοῦν
1839 691 1913 748 διὸ

2006 699 2099 750 eet
2129 690 2361 752 diaconi
2388 699 3012 772 etsequentes,verum
3040 710 3157 752 non
3179 692 3530 771 permissum
3565 701 3658 755 est

250 781 412 832 τοῦτο
443 777 651 843 οἰηθείη
686 799 788 858 τις,
843 779 1053 842 ἁπάσας
1103 781 1198 844 τὰς
1240 779 1526 858 ἀγγελικὰς
1587 781 1764 844 οὑσίας
1829 779 1922 838 δυ-

248 864 444 939 νάμεις
501 864 780 944 λέγεσθαι,
808 867 886 925 ὅτι
918 868 1066 948 τάχα
1123 871 1176 926 αἱ
1223 867 1471 944 δυνάμεις
1515 871 1695 949 τάγμα
1725 871 1914 928 τελευο

245 955 408 1011 τατόν
450 954 622 1013 ἐστιν·
659 958 708 1014 οἱ
734 959 834 1037 γὰρ
866 958 1110 1037 ἄγγελοι,
1143 959 1231 1016 καί
1263 959 1360 1035 πρό
1392 961 1588 1016 τούτων
1621 964 1668 1018 οἱ
1700 961 1916 1042 ἀρχάγ-

245 1050 427 1123 γελοι,
462 1047 554 1103 καὶ
584 1049 636 1102 αἱ
681 1046 869 1128 ἁρχαὶ,
901 1050 990 1105 καὶ
1021 1048 1097 1104 ἔτι
1127 1050 1228 1105 ὑπὸ
1275 1055 1375 1117 τῆς
1424 1049 1666 1129 δευτέρας
1706 1051 1915 1128 τριάδος

247 1137 301 1191 αἱ
359 1135 619 1213 ἐξουσίαι,
683 1139 820 1206 μετὰ
875 1139 970 1203 τὰς
1024 1137 1278 1215 δυνάμεις
1327 1141 1429 1197 ὑπὸ
1488 1143 1584 1206 τῆς
1641 1141 1914 1220 θεολογίας

244 1225 564 1283 τάττονται·
613 1225 735 1283 ἀλλ’
781 1224 930 1303 ὅμως
989 1235 1182 1294 κὸινῶς
1230 1230 1321 1286 καὶ
1377 1237 1542 1287 ταῦτα
1574 1231 1637 1286 τὰ
1667 1232 1916 1288 ὑποκάτω

246 1314 508 1393 τάγματα
539 1313 790 1394 δυνάμεις
820 1317 1130 1382 καλοῦνται.

331 1493 362 1575 §
399 1505 470 1558 II.
507 1496 750 1576 Λέγομιν
791 1500 988 1580 τοίνυν,
1021 1500 1126 1571 ὅτι,
1159 1507 1352 1565 κοινῶς
1413 1501 1498 1558 ἐπὶ
1549 1507 1675 1558 πᾶσι
1708 1523 1914 1582 κεχρη-

245 1585 404 1660 μένοι
466 1594 545 1662 τῷ
600 1589 697 1657 τῆς
757 1587 1030 1665 δυνάμεως
1075 1591 1322 1672 δνόματι,
1370 1591 1428 1649 οὑ
1480 1591 1737 1670 σύγχυσίν
1793 1613 1911 1649 τινα

240 1677 483 1735 ἑκάστου
536 1681 822 1758 εἰσάγομεν
872 1681 1169 1761 τάγματος,
1204 1685 1276 1747 ὡς
1310 1682 1431 1762 φέρε
1465 1682 1661 1757 εἰπεῖν,
1699 1690 1783 1739 νῦν
1815 1683 1911 1756 μὲν

241 1766 509 1845 λέγεσθαι
570 1767 711 1836 ἰδίως
752 1772 848 1834 τὰς
909 1771 962 1826 ἐν
992 1778 1060 1849 τῇ
1104 1771 1318 1845 δευτέρᾳ
1365 1770 1532 1851 τριάδι
1581 1773 1713 1828 κατὰ
1769 1773 1913 1838 τάξιν

2003 780 2256 842 diacono
2289 782 2665 844 sacerdotum
2701 783 2903 843 munia
2937 799 3248 862 peragere.
3287 779 3419 842 Non
3450 781 3652 860 itaque

2003 869 2226 933 idcirco
2257 871 2394 949 quis
2425 871 2745 951 existimet,
2789 891 2997 932 omnes
3029 871 3329 949 angelicas
3363 873 3653 934 essentias

2002 961 2248 1022 virtutes
2279 953 2588 1041 appellari,
2643 961 2799 1042 quod
2830 962 2980 1022 forte
3023 961 3272 1022 virtutes
3304 960 3499 1022 ultimi
3531 963 3654 1024 sint

2001 1049 2248 1126 ordinis;
2303 1069 2436 1112 nam
2473 1051 2690 1131 angeli,
2745 1059 2804 1112 et
2845 1060 2984 1112 ante
3044 1052 3154 1112 hos
3199 1051 3546 1128 archangeli
3599 1060 3658 1112 et

2001 1140 2388 1219 principatus,
2453 1150 2633 1220 atque
2692 1141 2938 1220 insuper
2987 1139 3049 1201 in
3095 1140 3359 1202 secundo
3393 1147 3655 1204 ternario

2005 1238 2344 1309 potestates,
2384 1239 2516 1310 post
2557 1231 2798 1292 virtutes
2851 1248 2885 1292 a
2921 1230 3223 1309 theologia
3251 1229 3648 1312 collocantur;

2000 1331 2259 1384 attamen
2293 1325 2355 1384 in
2387 1324 2691 1385 communi
2736 1325 2909 1386 etiam
2943 1324 3003 1386 hi
3033 1324 3279 1387 ordines
3307 1323 3653 1406 inferiores,

1999 1414 2248 1474 virtutes
2278 1413 2679 1495 appellantur.

2081 1504 2109 1582 §
2143 1502 2213 1567 ΙΙ.
2249 1503 2516 1566 Dicimus
2551 1504 2748 1586 itaque
2779 1525 2909 1581 nos,
2953 1523 3090 1568 cum
3122 1505 3430 1568 communi
3465 1506 3652 1567 virtu-

1998 1593 2076 1653 tis
2111 1593 2354 1654 nomine
2385 1594 2444 1654 in
2474 1593 2751 1656 omnibus
2784 1595 3029 1668 utimur,
3068 1595 3290 1656 nullam
3341 1594 3651 1656 confusio-

1997 1700 2135 1742 nem
2201 1683 2433 1746 ordinis
2497 1685 2848 1765 cujusquam
2912 1684 3318 1760 introducere,
3381 1693 3445 1746 ut
3482 1685 3652 1747 verbi

1996 1773 2202 1850 gratia,
2281 1773 2458 1834 modo
2519 1775 2764 1854 quidem
2842 1775 3080 1856 proprie
3139 1774 3388 1837 virtutes
3445 1775 3658 1856 appel-

242 1853 662 1934 δευτερευούσας
727 1857 998 1937 δυνάμεις,
1053 1869 1139 1919 νῦν
1208 1861 1261 1916 δὲ
1312 1862 1519 1920 ἅπαντα
1576 1863 1641 1917 τὰ
1700 1862 1912 1941 οὑράνια

2002 1865 2192 1924 lemus
2229 1863 2360 1923 105
2387 1881 2488 1926 eas
2520 1853 2651 1945 quae
2677 1863 2738 1925 in
2789 1853 3053 1928 secundo
3115 1863 3326 1926 ordine
3373 1853 3652 1926 secunda)

241 1948 529 2026 τάγματα·
566 1949 687 2006 ἀλλ’
719 1951 1002 2028 ὁμώνυμόν
1059 1953 1208 2010 ἐστίν
1241 1950 1408 2027 ὄνομα
1451 1955 1503 2009 αἱ
1541 1951 1782 2022 δυνάμεις
1817 1953 1912 2010 λέ·

242 2059 402 2114 γεται
466 2039 569 2118 γὰρ
626 2039 764 2098 οὕτω
806 2043 894 2098 καὶ
947 2045 1008 2098 τὸ
1063 2042 1224 2099 ἰδικὸν
1285 2044 1464 2121 τάγμα
1503 2091 1520 2122 ,
1577 2044 1664 2100 καὶ
1723 2050 1914 2107 κοινῶς

242 2128 429 2185 πάντα
473 2130 537 2185 τὰ
569 2131 844 2210 τάγματα,
904 2135 975 2198 ὡς
1024 2131 1240 2208 δύναμιν
1279 2133 1475 2213 ἔχοντά
1506 2155 1644 2195 τινα.
1695 2132 1914 2202 Ἐπειδὴ

244 2219 426 2274 τοίνυν
473 2220 548 2284 είς
600 2220 717 2298 τρία
761 2219 1039 2301 διῄρηνται
1085 2230 1159 2296 τῷ
1202 2223 1321 2279 κατ’
1368 2224 1551 2289 αὖτοὺς
1590 2222 1784 2298 ὑψηλῷ
1815 2223 1911 2278 λό-

247 2308 334 2386 γῲ
369 2308 465 2388 (τὰ
495 2310 596 2388 γὰρ
627 2310 811 2386 ὑψηλᾶ
839 2311 1086 2388 ὑψηλῶς,
1135 2316 1221 2370 καὶ
1267 2315 1330 2369 τα
1381 2314 1707 2393 ὑπερκόσμια
1749 2317 1914 2390 ὑπερ-

249 2403 497 2473 κοσμίως
573 2400 838 2481 ὀφείλουσι
917 2401 1230 2482 λέγεσθαι),
1289 2401 1573 2481 διῄρηνται
1628 2405 1797 2460 τοίνυν
1869 2405 1914 2459 οἱ

247 2494 392 2547 θεῖοι
460 2491 578 2553 νόες
634 2493 710 2555 εἷς
768 2493 971 2566 οὐσίαν,
1004 2496 1083 2550 εἰσ
1112 2491 1330 2566 δύναμιν

955 2541 971 2574 2
1004 2541 1076 2550 τ’*
1115 2541 1354 2572 "Mr",

249 2581 304 2636 ἓν
338 2580 715 2661 ὑποδείγματι,
769 2584 944 2640 οὑσίαν
991 2583 1088 2660 μὲν
1138 2583 1278 2640 εἶναι
1337 2584 1434 2650 τὴν
1488 2590 1581 2639 τοῦ
1625 2584 1783 2660 πυρὸς
1814 2582 1912 2664 φύ-

1387 2495 1473 2549 καὶ
1518 2491 1805 2572 ἐνέργειαν,
1840 2496 1912 2555 ὡς

251 2694 359 2750 σιν,
391 2668 611 2746 δύναμιν
656 2671 710 2728 δὲ
766 2675 965 2739 ταύτης
1016 2676 1077 2730 τὸ
1128 2677 1447 2753 φωτιστικὸν
1481 2676 1566 2729 καὶ
1599 2675 1659 2729 τὸ
1691 2695 1911 2729 καυστι-

252 2763 374 2835 κὸι,
411 2761 688 2840 ἐνέργειαν
730 2759 875 2820 δὲτὸ
918 2765 1014 2831 τῆς
1070 2761 1339 2839 δυνάμεως
1394 2763 1754 2837 ἀποτέλεσμα,
1792 2768 1909 2820 οἷον

252 2853 312 2906 τὸ
358 2852 611 2931 φωτίζειν
645 2854 735 2910 καὶ
813 2855 874 2910 τὸ
930 2855 1121 2915 καίειν.
1186 2852 1405 2920 Ἐπειδὴ
1457 2864 1620 2912 ταῦτα
1677 2856 1765 2910 καὶ
1801 2876 1906 2910 κα-

251 2940 469 2998 λοῦνται
539 2941 805 3008 πολλάκις
855 2946 944 3001 καὶ
997 2946 1058 3000 ἐκ
1115 2949 1213 3011 τῆς
1272 2946 1472 3016 οὒσὶας,
1527 2943 1612 2999 ὅτε
1660 2943 1907 3022 λέγονται

262 3031 437 3099 -δὸεςῆ
472 3033 775 3108 πνεύματα*
830 3033 1114 3091 καλοῦνται
1162 3036 1249 3090 καὶ
1310 3034 1415 3090 ἀπὸ
1473 3036 1572 3100 τῆς
1624 3034 1905 3112 ἐνεργείας,

264 3120 350 3176 ὅτε
380 3121 598 3200 ἄγγελοι
657 3123 920 3202 λέγονται·
976 3124 1072 3181 οὑκ
1115 3125 1413 3188 ἀπεικότως
1471 3122 1755 3180 καλοῦνται
1824 3127 1972 3214 καὶο

252 3209 360 3266 άπὸ
409 3216 513 3278 τῆς
545 3209 818 3289 δυνάμεως
851 3213 1122 3291 δυνάμεις.
1159 3205 1296 3273 ’Ὅτε
1353 3214 1524 3270 τοίνυν
1580 3213 1818 3276 ἅπαντας
1877 3214 1912 3281 ἢ

245 3300 399 3363 τινάς
454 3301 630 3358 αὑτῶν
691 3301 818 3383 δίχα
861 3305 1002 3370 τινὸς
1062 3305 1513 3384 παρατηρήσεως,
1547 3303 1785 3382 οὖρα-μίας
1817 3307 1912 3362 οὗ·

250 3390 373 3456 σίας
427 3391 466 3459 ἢ
525 3391 770 3471 οὑρανίας
801 3392 1046 3471 δυνάμεις
1099 3393 1497 3470 ἀποκαλοῦμεν,
1545 3394 1752 3461 οἰητέον
1810 3393 1914 3469 ἐμ-

245 3480 460 3559 φαίνειν
514 3483 602 3538 καὶ
660 3480 976 3540 ἐκδεικνύειν
1031 3485 1176 3560 ἡμας
1237 3483 1425 3548 αὑτοὺς
1469 3483 1586 3546 τοὺς
1633 3482 1754 3557 πτρὶ
1783 3484 1854 3537 ὧν
1887 3482 1913 3536 ὁ

245 3571 446 3650 λόγος,
508 3572 646 3630 κατὰ
699 3596 818 3631 τινα
862 3586 1120 3655 περισσὴν
1177 3575 1386 3652 φράσιν·
1433 3573 1547 3629 ἀντὶ
1577 3573 1676 3651 γὰρ
1707 3581 1798 3630 τοῦ
1830 3571 1910 3626 εἰ-

246 3666 384 3720 πεῖν
438 3661 726 3745 ἀγγέλους,
785 3663 1014 3743 λέγομεν
1072 3665 1312 3744 οὐρανίας
1365 3662 1568 3734 οὑσίας,
1601 3661 1638 3730 ἢ
1671 3661 1910 3741 οὐρανίας

246 3752 532 3832 δυνάμεις,
565 3753 627 3809 ἐκ
675 3760 777 3823 τῆς
833 3761 1018 3824 κοινῆς
1077 3757 1248 3813 αὑτῶν
1305 3753 1503 3830 οὗσίας,
1554 3752 1588 3819 ἢ
1633 3752 1720 3808 καὶ
1765 3749 1912 3806 δυνά-

246 3865 428 3924 μεως,
464 3845 562 3913 τῆς
593 3833 712 3901 καθ’
757 3843 979 3902 ἕκαστον
1030 3844 1423 3926 ἐμφαινομένης
1470 3845 1661 3904 αὐτῶν,
1699 3845 1770 3901 Οὔ
1801 3841 1911 3917 μὴν

246 3934 304 3992 δὲ
337 3934 580 4010 οἰητέον,
613 3936 935 4015 προσάπτειν
992 3937 1135 4013 ἡμᾶς
1195 3936 1321 4000 ταῖς
1371 3932 1781 4002 ὑποϐεϐηκυίαις
1814 3931 1912 3987 οὑ-

253 4030 400 4092 σιαις
459 4026 564 4093 τὴν
598 4024 838 4095 ἰδιοτητα
893 4031 1000 4085 τῶν
1051 4025 1230 4093 καλῶς
1286 4025 1698 4105 διακεκριμένων
1749 4023 1914 4102 ἁγίων

253 4115 540 4193 δυνάμεων
595 4117 687 4197 (αἴ
745 4116 810 4185 δὴ
882 4116 1036 4196 ἅγιαι
1104 4115 1346 4194 δυνάμεις
1396 4115 1762 4196 ὑπερκείμεναί
1817 4114 1914 4169 εἰσι

250 4210 396 4285 πρὸς
452 4207 518 4265 τὰ
569 4206 872 4288 ὑφειμένα).
928 4214 1094 4266 Τοῦτο
1145 4207 1246 4288 γὰρ
1302 4206 1422 4282 ἐμοὶ
1464 4206 1647 4286 λόγος,
1685 4203 1777 4260 ’ίνα
1836 4204 1913 4279 μὴ

249 4299 466 4367 οἰηθείη
495 4299 574 4363 τίς
605 4321 656 4356 τι
701 4309 994 4374 τοιοῦντον,
1049 4298 1128 4356 ὅτι
1188 4299 1566 4378 προσάπτομεν
1607 4308 1730 4358 ταῖς
1760 4295 1914 4374 ὑφει-

245 4389 449 4466 μέναις
505 4390 568 4446 τὰ
624 4391 997 4467 ὑπερκείμενα.
1030 4387 1134 4451 Καὶ
1163 4388 1356 4466 λύομεν
1405 4389 1638 4446 ἐντεῦθεν
1668 4386 1767 4453 τὴν
1797 4386 1916 4463 περὶ

1999 1965 2164 2028 sunt,
2203 1954 2377 2016 modo
2409 1973 2546 2016 vero
2579 1973 2789 2017 omnes
2819 1955 3062 2018 ordines
3093 1954 3367 2018 ccelestes
3397 1976 3411 2018 :
3444 1973 3651 2018 verum

1998 2043 2112 2104 hoc
2145 2062 2362 2106 nomen
2397 2045 2637 2106 virtutis
2664 2045 3322 2126 estaequivocum;nam
3357 2051 3475 2106 tam
3502 2043 3650 2106 urdo

2000 2133 2278 2213 proprius
2305 2153 2478 2216 quam
2512 2135 2571 2195 in
2603 2135 2908 2197 communi
2939 2153 3151 2198 omnes
3180 2135 3517 2198 ordinesita
3541 2153 3651 2196 no-

2001 2223 2322 2299 minantur,
2371 2232 2574 2304 utpote
2625 2225 2821 2305 aliqua
2865 2225 3078 2287 virtute
3104 2224 3650 2306 praediti.Cumita-

1997 2330 2112 2391 que
2132 2331 2238 2392 pro
2267 2312 2507 2374 sublimi
2529 2332 2632 2374 sua
2653 2315 2880 2375 ratione
2901 2315 2958 2375 in
2986 2317 3094 2376 tria
3123 2313 3479 2387 dividantur,
3496 2321 3650 2384 (nam

1998 2401 2279 2462 sublimia
2310 2402 2649 2465 sublimiter
2671 2409 2732 2466 et
2759 2403 3253 2484 supermundiala
3283 2420 3650 2484 supramun-

1997 2491 2234 2552 dialiter
2264 2491 2544 2571 distingui
2572 2493 2810 2568 debent)
2844 2493 3218 2573 dividuntur,
3251 2494 3516 2573 inquam,
3553 2492 3650 2552 di-

1998 2580 2146 2641 vina:
2175 2590 2410 2642 mentes
2435 2582 2496 2642 in
2530 2583 2878 2659 essentiam,
2926 2583 2988 2644 in
3018 2583 3317 2664 virtutem,
3346 2589 3407 2644 et
3435 2600 3653 2662 opera-

1997 2669 2242 2744 tionem;
2272 2671 2350 2730 ita
2384 2679 2465 2748 ut,
2505 2673 2759 2752 exempli
2782 2673 2989 2753 gratia,
3020 2673 3278 2734 essentia
3299 2672 3541 2752 quidem
3567 2671 3648 2733 sit

1996 2767 2206 2820 natura
2228 2760 2598 2840 ignis,virtus
2621 2780 2759 2823 vero
2788 2764 2874 2825 vis
2909 2762 3292 2824 illuminandi
3323 2770 3380 2822 et
3413 2762 3649 2836 urendi,

1993 2851 2253 2927 Operatio
2286 2851 2546 2932 denique
2579 2851 2808 2914 virtutis
2830 2853 3541 2933 complementum,quale
3557 2858 3650 2914 est

1993 2939 2334 3002 illuminare
2349 2954 2403 3002 et
2418 2941 2772 3006 urere.Cum
2793 2943 2992 3024 itaque
3022 2961 3434 3022 saepenumero
3450 2943 3628 3004 etiam

1994 3030 2068 3090 ab
2102 3031 2591 3093 essentiauomen
2626 3032 3018 3112 accipiant,ut
3049 3032 3286 3114 quando
3306 3041 3532 3093 mentes
3553 3031 3648 3093 vel

1997 3120 2243 3200 spiritus
2270 3131 2536 3197 vocatur;
2571 3123 2929 3203 quandoque
2960 3124 3136 3184 etiam
3194 3121 3267 3184 ab
3300 3121 3650 3203 operatione

1998 3209 2404 3286 nominentur,
2444 3220 2503 3272 ut
2534 3231 2667 3273 cum
2697 3211 2892 3290 angeli
2927 3219 3347 3293 nuncupantur
3377 3230 3497 3273 non
3530 3212 3652 3273 im-

1998 3303 2211 3362 merito
2243 3302 2418 3362 etiam
2433 3302 2694 3364 avirtute
2716 3304 2963 3364 virtutes
2983 3300 3651 3383 appellautur.Quando

1998 3389 2178 3467 igitur
2192 3407 2400 3452 omnes
2420 3391 2507 3452 vel
2527 3392 2751 3471 aliquas
2776 3409 2987 3453 earum
3004 3391 3134 3453 sine
3147 3391 3266 3453 ulla
3277 3390 3653 3453 observatio-

1997 3497 2074 3540 ne
2105 3479 2380 3541 caalestes
2409 3482 2699 3543 essentias
2723 3480 3100 3543 velecelestes
3122 3481 3367 3542 virtutes
3389 3480 3650 3561 appella-
3745 3501 3752 3506 ·

1997 3569 2620 3644 mus,existimandum
2651 3578 2764 3646 est,
2791 3589 2900 3632 nos
2933 3570 3068 3632 illos
3098 3570 3405 3632 insinuare
3433 3588 3503 3631 ac
3535 3570 3648 3631 de-

1997 3667 2331 3722 monstrare
2367 3660 2440 3723 de
2473 3661 2695 3742 quibus
2725 3659 2899 3722 nobis
2939 3679 3136 3723 sermo
3171 3667 3280 3736 est,
3315 3659 3647 3722 secundum

1996 3748 2256 3828 phrasim
2291 3749 2548 3828 aliquam
2582 3750 2986 3812 abundantem
3013 3771 3026 3814 :
3053 3769 3161 3831 pro
3191 3769 3262 3811 eo
3295 3749 3455 3813 enim
3489 3748 3650 3831 quod

1969 3837 2334 3913 diceremus
2350 3841 2615 3922 angelos,
2651 3840 2906 3903 dicimus
2933 3839 3209 3902 caelestes
3233 3839 3652 3920 essentias,vel

1998 3927 2273 3989 caelestes
2296 3930 2643 4010 virtutes,ex
2665 3930 2968 3992 communi
2998 3929 3238 3992 illorum
3263 3928 3644 4005 essentia,vel

1998 4017 2175 4079 etiam
2199 4019 2415 4082 virtute
2446 4039 2580 4098 quae.
2601 4021 2660 4081 in
2682 4021 2930 4100 singulis
2973 4019 3226 4084 relucet.
3249 4019 3638 4102 Nequaquam

1998 4116 2200 4171 autem
2225 4109 2684 4172 existimandum
2710 4121 2941 4188 est,nos
2961 4110 3079 4173 rite
3108 4110 3473 4189 digestarum
3497 4127 3639 4171 san-

1999 4206 2225 4261 ctarum
2253 4206 2532 4265 virtutum
2574 4201 2996 4283 proprietatem
3031 4199 3419 4263 inferioribus
3444 4217 3652 4262 essen-

2003 4291 2097 4352 tiis
2117 4292 2442 4355 attribuere
2464 4297 2880 4375 (superpositae
2903 4294 3107 4373 utique
3138 4301 3277 4355 sunt
3307 4292 3656 4372 superiores

1999 4381 2243 4444 virtutes
2273 4384 2842 4460 inferioribus/Hoc
2862 4386 3019 4446 enim
3046 4385 3205 4459 dico,
3243 4402 3318 4444 ne
3351 4382 3486 4464 quis
3509 4381 3652 4464 quid

243 4488 372 4557 τοῦ,
412 4485 531 4544 πῶς
564 4482 755 4546 κοινῶς
811 4482 878 4538 τὰ
933 4480 1149 4557 οὑρὰνια
1185 4481 1436 4559 τάγματα
1466 4477 1712 4556 λέγονται
1743 4477 1913 4554 ἅγγε-

2000 4471 2202 4534 simile
2218 4473 2712 4554 existimet,quasi
2727 4473 3109 4536 inferioribus
3129 4472 3473 4554 superiores
3497 4490 3651 4534 coae-

244 4571 365 4647 λοι,
456 4569 818 4632 διδασκαλίαν.
895 4573 1022 4649 Περὶ
1077 4569 1131 4626 δὲ
1208 4577 1312 4627 τῶν
1379 4567 1770 4646 ὑπερκειμένων
1824 4567 1911 4622 καὶ

248 4663 426 4727 αὑτὰς
482 4660 576 4727 τὰς
637 4660 910 4738 δυνάμεις,
973 4661 1139 4724 οὒδείς
1198 4684 1287 4727 μοι
1335 4660 1520 4739 λόγος,
1554 4660 1598 4715 εἰ
1629 4657 1719 4715 καὶ
1749 4663 1914 4714 ταῦτα

247 4752 512 4828 δυνάμεις
559 4751 885 4813 ’καλοῦνταιο
946 4751 1075 4810 αὑτὰ
1146 4753 1246 4830 γὰρ
1303 4751 1375 4815 ὡς
1431 4749 1781 4827 ὑπερκείμενα
1850 4748 1915 4803 τὰ

246 4843 532 4921 προσόντα
575 4855 691 4907 τοῖς
751 4841 1052 4923 ὑφειμένοις
1102 4841 1296 4905 ὁλικῶς
1354 4841 1562 4921 ἔχουσι,
1590 4841 1654 4895 τὰ
1681 4836 1734 4894 δὲ
1763 4839 1916 4917 ὑφει-

250 4933 398 5012 μένα
429 4933 496 4991 τὰ
523 4938 630 4990 τῶν
671 4932 1064 5012 ὑπερκειμένων
1096 4935 1202 5013 οὐχ
1251 4930 1445 4996 ὁλικῶς
1501 4931 1743 5010 ἔχουσιν,
1779 4926 1918 4984 ἀλλὰ

253 5011 524 5102 μερικῶς.
579 5011 754 5082 ’Ὂδεν
776 5011 895 5082 οὑκ
922 5023 1288 5104 ἀνατρέπομεν
1322 5023 1418 5091 τὴν
1447 5020 1712 5100 ἡμετέραν
1743 5019 1917 5075 ὁπωσ-

252 5121 353 5172 οὑν
416 5109 774 5171 διδασκαλίαν
812 5115 949 5170 κατὰ
1005 5114 1105 5193 γὰρ
1148 5115 1241 5170 τὸν
1292 5110 1550 5176 πολλάκις
1601 5112 1738 5185 ἡμῖν
1772 5108 1914 5166 Emo-

251 5203 480 5262 δοθέντα
533 5201 697 5283 λόγον
749 5206 867 5284 περὶ
910 5205 1105 5275 αὐτῶν,
1161 5205 1214 5259 αἰ
1247 5203 1343 5279 μὲν
1374 5198 1789 5280 ὑπερϐεϐηκυϊαι
1821 5199 1914 5261 τὰς

248 5295 368 5353 τῶν
398 5294 695 5375 ὑφειμένων
741 5297 959 5375 ἔχουσιν
1001 5291 1296 5373 ἰδιότητας,
1329 5291 1466 5348 ἀλλὰ
1522 5297 1808 5371 περισσῶς,
1843 5290 1916 5353 ὼς

246 5387 347 5446 καὶ
379 5383 544 5443 πλέιν
592 5409 642 5444 τι
682 5384 927 5465 ἔχουσαι·
963 5386 1015 5442 αἱ
1065 5382 1120 5440 δὲ
1151 5382 1454 5440 τελευταῖαι
1485 5383 1577 5446 τὰς
1606 5385 1711 5438 τῶν
1754 5381 1918 5458 ὅπερ·

250 5473 566 5544 ϐεϐηκυιῶν
625 5473 888 5543 ὁλότητας
945 5473 1211 5550 οὐδαμῶς,
1275 5478 1501 5551 μερικῶς
1533 5469 1587 5528 δὲ
1619 5473 1693 5536 εἷς
1755 5469 1916 5532 αὑτὰς

251 5569 313 5624 ἀί
343 5579 719 5648 πρωτοφανεϊς
779 5563 1075 5642 ἐλλάμψεις
1105 5561 1191 5620 διὰ
1220 5567 1326 5622 τῶν
1374 5563 1600 5643 πρώτων
1633 5559 1910 5639 ἀναλόγως

252 5669 380 5721 τοῖς
432 5655 799 5734 ὑποκειμένοις
857 5653 1354 5734 διαπορθμεύονται.
1407 5660 1566 5711 Δοκει
1597 5651 1652 5709 δέ
1680 5673 1790 5718 πως
1820 5651 1910 5707 ὲν-

247 5747 424 5808 ταῦθα
481 5745 686 5832 λέγειν,
731 5745 815 5806 ὅτι
854 5745 974 5806 κατ’
1004 5745 1148 5815 ἀξίαν
1203 5746 1256 5804 αὶ
1304 5741 1582 5827 ἀγγελιιιαὶ
1611 5741 1911 5820 διακοσμή-

1997 4581 2272 4644 quemus.
2308 4567 2506 4645 Atque
2549 4565 2692 4627 hinc
2724 4565 3019 4627 solvimus
3063 4564 3224 4626 illam
3260 4563 3652 4643 qumstionem

1997 4654 2121 4716 sive
2152 4653 2506 4730 doctrinam,
2552 4655 2848 4736 quomodo
2899 4655 3173 4717 caelestes
3202 4654 3446 4716 ordines
3477 4653 3650 4733 vulgo

1998 4744 2195 4823 angeli
2224 4746 2622 4826 appellentur.
2660 4746 2744 4808 De
2776 4744 3191 4827 superioribus
3215 4752 3435 4819 autem,
3464 4743 3654 4806 adeo-

2001 4854 2119 4916 que
2152 4836 2225 4898 de
2256 4836 2399 4916 ipsis
2433 4836 2984 4914 virtutibus,nullus
3008 4837 3153 4898 mihi
3182 4855 3380 4898 sermo
3410 4843 3522 4911 est,
3558 4843 3654 4898 ta-

2002 4927 2174 4989 metsi
2221 4927 2312 4988 ba;
2353 4945 2588 5008 quoque
2617 4928 2865 4990 virtutes
2896 4936 3316 5009 nuncupentur
3348 4943 3362 4990 :
3389 4925 3536 5006 ipsae
3566 4924 3654 4987 si-

2001 5016 2239 5096 quidem
2275 5023 2548 5096 tanquam
2582 5017 2923 5097 superiores
2956 5036 3024 5080 ea
3055 5033 3186 5098 quae
3236 5025 3374 5079 sunt
3404 5017 3462 5078 in
3493 5015 3652 5077 infe-

1999 5104 2265 5169 rioribus
2312 5106 2636 5170 universim
2675 5107 2915 5184 habent,
2945 5125 3147 5170 verum
3172 5107 3491 5170 inferiores
3541 5123 3653 5167 ne-

2002 5215 2300 5278 quaquam
2321 5197 2783 5272 unlversim,sed
2809 5206 3032 5260 tantum
3058 5216 3127 5260 ex
3151 5205 3318 5279 parte
3338 5194 3562 5258 habent
3583 5213 3654 5258 ea

2002 5306 2138 5369 quae
2152 5286 2528 5368 superiorum
2553 5287 2890 5352 sunt.Unde
2908 5307 3026 5350 non
3049 5287 3370 5350 evertimus
3392 5286 3663 5347 bancno-

1999 5383 2183 5441 stram
2208 5378 2691 5460 qualemcunque
2717 5379 3075 5459 doctrinam;
3101 5396 3238 5440 nam
3280 5379 3446 5456 juxta
3469 5376 3657 5438 ratio-

2000 5486 2138 5530 nem
2161 5486 2337 5550 quam
2360 5487 2519 5549 saepe
2533 5468 2609 5531 de
2631 5469 2725 5530 his
2742 5468 3393 5550 dedimus,superiores
3415 5465 3660 5544 quidem

1995 5556 2343 5620 inferiorum
2387 5560 2788 5641 preprietates
2812 5558 3271 5640 habent,verum
3291 5555 3655 5636 eminenter,

1997 5647 2257 5710 utetiam
2282 5646 2426 5730 quid
2468 5648 2727 5730 amplius
2769 5647 3050 5726 habeant;
3101 5656 3418 5730 postrema;
3455 5652 3658 5712 autem

1996 5740 2372 5824 superiorum
2401 5740 2664 5804 totaliter
2685 5757 3063 5824 nequaquam
3088 5737 3392 5820 obtinent,
3414 5739 3521 5803 sed
3552 5755 3662 5822 per
