4052 6444
197 407 311 472 305

1169 418 1266 479 DE
1308 414 1656 485 COELESTI
1702 414 2207 492 HIERARCHIA,
2242 417 2406 479 CAP.
2454 414 2620 478 XIII.

191 550 277 605 καὶ
320 549 753 628 πολυπρόσωπον
825 555 962 630 δρῶν
1034 553 1063 608 ὀ
1134 551 1270 629 ἱερὸς
1337 549 1608 630 θεολόγος,
1655 555 1844 611 καὶτὸ

1940 550 2037 613 bus
2069 552 2505 629 excitationem,
2543 571 2655 615 nec
2699 569 2820 613 non
2874 553 3341 616 innumerabiles
3376 571 3582 617 eorum

192 651 309 704 τοῖς
341 651 569 713 πτεροῖς
633 638 1139 698 ἆποδιαστέλλεσθαι
1195 641 1294 708 τὴν
1349 642 1450 697 ὑπὸ
1507 643 1630 705 τοὺς
1687 642 1853 706 πόδας

191 731 278 785 καὶ
307 729 413 795 τὴν
441 729 573 808 ὑπὲρ
605 730 669 786 τά
698 731 962 809 πρόσωπα
1003 731 1249 810 θεωρίαν,
1294 732 1385 788 καὶ
1435 730 1536 798 τὴν
1609 733 1664 788 ἐν
1736 747 1851 798 τοῖς

191 819 379 892 μέσοις
410 831 635 895 πτεροῖς
693 818 1047 900 ἆειπιινησίαν,
1126 822 1260 892 πρὸς
1333 819 1432 888 την
1505 823 1704 890 νοητὴν
1746 831 1853 880 τῶν

187 909 478 987 δρωμένων
516 909 747 986 ἀνήγετο
795 916 1015 991 γνῶσιν,
1071 911 1462 991 ἐκφαινομένης
1540 917 1686 986 αὖτῷ
1755 918 1852 980 τῆς

187 1005 291 1056 τῶν
354 999 670 1078 ὑπερτάτων
710 1005 846 1055 νοῶν
915 999 1217 1077 πολυπόρου
1290 1002 1376 1057 καὶ
1453 999 1849 1076 πολυθεάμονος

182 1087 483 1163 δυνάμεως,
538 1091 626 1146 καὶ
674 1094 772 1156 τῆς
821 1091 963 1166 ἱερᾶς
1014 1091 1189 1149 αὑτῶν
1220 1088 1523 1162 εὒλαϐείας,
1560 1091 1627 1160 ἣν
1673 1091 1848 1172 ἔχου-

185 1202 258 1236 σιν
286 1178 668 1253 ὑπερκοσμίως
701 1180 772 1242 εἰς
805 1178 902 1248 τᾶν
953 1186 1058 1236 τῶν
1112 1179 1460 1259 ὑψηλοτέρων
1490 1180 1550 1230 14
1605 1185 1699 1239 καὶ
1740 1184 1848 1260 βα-

187 1269 412 1348 θυτέρων
468 1265 669 1336 αὐθάδη
723 1271 813 1326 οιαὶ
862 1272 1116 1342 θρασεῖαν
1163 1271 1251 1326 καὶ
1300 1270 1581 1350 ἀνέφιγτον
1611 1271 1845 1352 ἔρευναν,

187 1361 272 1415 καὶ
342 1363 449 1425 τῆς
527 1358 582 1414 ἐν
650 1362 946 1434 συμμετρίᾳ
1004 1360 1109 1416 τῶν
1167 1360 1512 1436 θεομιμὴτων
1571 1362 1850 1442 ἐνεργειῶν

186 1447 572 1518 ἆριαταλῆκτου
625 1449 714 1505 καὶ
768 1450 1058 1524 ὑψιπξτοῢς
1117 1449 1474 1518 ἀεικινησίας.
1536 1449 1704 1509 Ἀλλᾶ
1763 1455 1851 1510 καὶ

187 1541 284 1606 τὴν
352 1539 662 1618 θεαρχικην
727 1539 933 1606 ἐκείνην
1004 1540 1091 1595 καὶ
1162 1540 1520 1616 πολυτίμητον
1589 1542 1849 1618 ὑμνῳδίαν

186 1628 664 1706 ἑμυσταγωγεττο,
723 1630 818 1685 τοῦ
874 1628 1161 1692 τυποῦντος
1217 1631 1313 1697 τὴν
1367 1632 1550 1710 ’ὑρασιν
1620 1631 1850 1712 ἀγγέλου

191 1719 329 1774 κατᾶ
359 1717 589 1794 δύναμιν
651 1726 727 1791 τῷ
784 1717 1023 1798 θεολόγῳ
1068 1718 1436 1795 μεταδιδόντος
1497 1721 1594 1788 τῆς
1655 1724 1851 1787 οἶιιείας

189 1807 568 1886 ἱερογνωσίας,
602 1806 906 1865 Ἐδίδασκεν
958 1811 1044 1865 οὖν
1094 1811 1251 1866 αὑτὸν
1305 1812 1388 1866 οιαὶ
1424 1812 1601 1890 τοῦτο²
1635 1810 1716 1869 ὅτι
1747 1814 1850 1869 κά-

1938 641 2145 722 pedes,
2183 643 2516 724 multasque
2546 642 2728 705 facies
2755 649 2998 704 sanctus
3028 642 3130 706 ille
3162 643 3469 723 theologus
3503 644 3590 706 vi-

1938 733 2132 807 deret,
2161 741 2344 814 utque
2372 733 2483 794 alis
2508 740 2621 793 tam
2648 732 2863 813 pedum
2899 749 3074 812 quam
3104 731 3383 795 facierum
3416 752 3589 816 aspeo

1939 828 2065 883 ctus
2091 830 2462 898 arcerentur,
2483 821 2709 903 ala-eque
2734 820 2947 883 mediae
2971 829 3256 904 perpetuo
3284 841 3588 886 moveren-

1938 918 2053 985 tur,
2087 911 2160 973 ad
2197 911 2638 991 intelligibilem
2671 929 2878 973 eorum
2913 930 3046 992 quae
3075 911 3357 974 cernebat
3386 916 3591 976 scien-

1938 1002 2077 1062 tiam
2100 1000 2533 1084 adducebatur,
2558 1019 2623 1063 ex
2635 1001 2847 1082 plicata
2871 1002 2958 1062 illi
2978 1021 3394 1083 supremorum
3415 1004 3593 1083 spirii

1937 1099 2101 1153 tuum
2133 1091 2452 1172 multivaga
2477 1093 2856 1174 plurimaque
2879 1092 3164 1154 cernendi
3188 1091 3586 1168 facultate,sa-

1935 1199 2154 1262 eraque
2185 1200 2392 1243 eorum
2425 1182 2784 1259 reverentia,
2816 1200 2991 1263 quam
3022 1183 3589 1264 supermundialiter

1933 1270 2216 1333 exhibent
2243 1271 2303 1333 in
2329 1271 2743 1333 sublimiorum
2777 1271 3346 1352 profundiorumque
3373 1282 3586 1354 myste-

1931 1360 2156 1423 riorum
2169 1360 2447 1423 insolenti
2465 1379 2532 1423 ac
2551 1361 3437 1445 temerariaimpenetrabilique
3453 1382 3584 1444 per-

1934 1450 2314 1526 scrutatione,
2341 1470 2452 1514 nec
2478 1469 2592 1515 non
2619 1451 2842 1532 optime
2872 1451 3100 1532 digesta
3124 1452 3311 1515 Deum
3342 1453 3580 1516 imitan-

1935 1541 2078 1602 tium
2112 1542 2410 1603 actionum
2445 1541 2790 1604 incessabili
2821 1549 2880 1603 et
2923 1543 3261 1604 altivolante
3294 1550 3580 1625 perpetua

1935 1631 2221 1693 motione.
2248 1630 2407 1704 Quin
2439 1639 2499 1693 et
2528 1631 2790 1693 divinum
2818 1631 2960 1694 illud
2987 1633 3579 1714 praestantissimum—

1934 1739 2050 1801 que
2077 1721 2267 1784 laudis
2290 1722 2586 1784 canticum
2619 1720 2908 1798 discebat,
2933 1723 3144 1802 angelo
3166 1723 3267 1804 qui
3290 1724 3575 1786 visionem

1934 1809 2305 1880 eﬂ‘ormabat,
2343 1818 2514 1892 prout
2566 1817 2826 1893 poterat,
2876 1811 2992 1894 ipsi
3041 1813 3317 1892 theologo
3348 1832 3577 1876 sacram

188 1897 371 1974 θαρσίς
403 1897 522 1954 ἔστι
556 1911 672 1964 τοῖς
703 1897 945 1955 ὄπωσοῦν
1001 1903 1259 1978 καθαροῖς
1317 1901 1349 1968 ἡ
1407 1900 1504 1968 τῆς
1554 1905 1848 1982 θεαρχικῆς

1940 1919 2102 1963 suam
2130 1901 2436 1963 scientiam
2467 1902 2971 1965 communicante.
2997 1901 3148 1975 Quin
3172 1909 3231 1964 et
3252 1904 3362 1968 hoc
3385 1904 3579 1984 ipsum

187 1986 462 2064 διαυγείας
522 1989 817 2066 ἁγνότητος
856 1989 913 2039 l5
957 1990 1042 2053 ’ὡς
1101 1990 1316 2069 ἐφικτὸν
1375 1992 1648 2065 μετουσία.
1705 1993 1849 2060 Αὐτὴ

188 2077 241 2133 δὲ
275 2076 362 2150 16,
425 2078 562 2156 πρὸς
602 2078 765 2145 αιῦτῆς
821 2079 1072 2159 θεαρχίας
1126 2079 1476 2159 ἐξῃρημέναις
1534 2083 1724 2146 αἰτίαις
1781 2084 1852 2148 εἷς

187 2168 397 2230 πάντας
452 2168 578 2229 τοὺς
631 2169 800 2240 ἱεροὺς
855 2174 978 2232 νόας
1031 2170 1324 2247 ὑπερ-λυσίῳ
1355 2172 1664 2249 κρυφιότητι
1695 2171 1850 2228 τελε-

187 2260 565 2336 τουργουμένη
598 2256 654 2305 Π
713 2271 836 2321 ταῖς
894 2259 1014 2337 περὶ
1070 2258 1234 2326 αὑτὴν
1295 2261 1367 2323 ὡς
1412 2261 1727 2337 ὑπερτάταις
1757 2261 1849 2318 δυ-

195 2349 446 2427 νάμεσιν³
482 2349 844 2428 ἶεκφανεστέρα
904 2349 1017 2411 πώς
1081 2347 1191 2405 ἐστι
1249 2351 1336 2406 καὶ
1395 2349 1598 2425 μᾶλλον
1661 2352 1850 2419 ἑαυτὴν

189 2438 426 2517 ἐκφαίνει
464 2439 551 2493 οιαὶ
583 2435 878 2493 διαδίδωσιν
911 2453 924 2468 ⁸
986 2440 1074 2495 ἒπὶ
1118 2437 1172 2494 δὲ
1230 2440 1336 2496 τῶν
1395 2438 1650 2514 δευτέρων
1680 2441 1715 2509 ἢ
1747 2448 1851 2498 τῶν

190 2528 450 2608 ἐσχάτων
479 2528 637 2598 ἡμῶν
669 2534 864 2606 νοερῶν
896 2528 954 2578 ¹3
1009 2527 1305 2605 δυνάμεων,
1366 2531 1438 2594 ὡς
1499 2533 1663 2598 αὑτῆς
1720 2531 1850 2587 ἐκά-

193 2642 298 2677 σττ.
334 2619 482 2673 κατὰ
519 2620 580 2673 τὸ
612 2616 836 2684 θεοειδές
887 2618 1185 2693 διέστηκεν,
1249 2618 1386 2677 οὕτω
1437 2620 1534 2687 τὴν
1591 2621 1763 2699 φανὴν
1797 2620 1856 2670 ¹9

199 2710 364 2776 aio-5,;
400 2705 676 2783 ἔλλαμψιν
722 2708 936 2787 συνάγει
1004 2710 1134 2786 πρὸς
1204 2710 1265 2765 τὸ
1333 2714 1430 2776 τῆς
1503 2711 1695 2772 οἰκείας
1725 2733 1856 2786 κρυο

201 2801 454 2878 φιότητος
491 2798 699 2854 ἐνιαῖον
731 2795 1026 2876 ἄγνωστον.
1093 2797 1394 2874 Ἐλλάμπει
1451 2797 1506 2855 δὲ
1567 2813 1687 2863 τοῖς
1739 2801 1857 2858 καθ’

205 2889 426 2945 ἕκαστον
459 2887 724 2963 δευῖέροις
757 2886 841 2943 διὰ
871 2893 975 2945 τῶν
1005 2887 1260 2965 πρώτων,
1296 2890 1407 2970 καὶ,
1433 2889 1477 2946 εἰ
1527 2887 1610 2946 δεῖ
1659 2892 1854 2947 συντό-

205 3002 316 3054 μως
369 2980 568 3051 εἰπεῖν,
625 2976 852 3056 πρώτως
909 2978 971 3034 ἐκ
1019 2985 1111 3036 τοῦ
1158 2980 1372 3058 κρυφίου
1426 2980 1555 3058 πρὸς
1589 2980 1646 3036 τὸ
1679 2980 1856 3060 ἐμφαι-

210 3069 289 3128 νὶς
323 3068 504 3145 ἄγεται
559 3065 646 3123 διὰ
697 3069 802 3123 τῶν
854 3069 1080 3146 πρώτων
1133 3067 1431 3144 δυνάμεων,
1481 3078 1644 3129 Τοῦτο
1674 3077 1799 3148 γοῦν
1830 3072 1857 3128 ὀ

213 3157 450 3234 θεολόγος
512 3155 820 3214 ἐδιδάσκετο
879 3160 1008 3235 πρὸς
1043 3164 1134 3215 τοῦ
1189 3165 1644 3239 φωταγωγοῦντος
1705 3161 1860 3219 αὑτὸν

1937 1989 2247 2067 edocebat,
2283 1991 2582 2072 quomodo
2612 1991 2826 2055 divinae
2853 1992 3138 2056 claritatis
3167 2011 3236 2056 ac
3267 1993 3581 2055 munditiei

1936 2099 2043 2162 pro
2064 2081 2354 2162 cujusque
2370 2090 2543 2162 captu
2565 2082 3198 2165 participatio,quoquo
3217 2083 3394 2145 modo
3415 2102 3583 2145 mun-

1936 2170 2029 2232 dis
2054 2171 2228 2231 etiam
2265 2178 2424 2233 esset
2453 2171 2950 2253 expiationi.Quae
2992 2191 3126 2234 cum
3159 2173 3476 2254 praecipuis
3506 2173 3582 2234 de

1937 2260 2132 2323 causis
2155 2279 2188 2322 a
2214 2260 2322 2322 Dei
2351 2260 2686 2342 principatu
2713 2263 2772 2324 in
2815 2262 3050 2324 cunctis
3071 2262 3258 2324 sacris
3283 2263 3582 2324 mentibus

1935 2350 2423 2430 superessentiali
2443 2350 2698 2432 quodam
2723 2359 2952 2414 secreto
2973 2352 3582 2432 operatur,supremis

1935 2449 2133 2502 tamen
2188 2437 2510 2502 virtutibus
2565 2440 2806 2522 Deoque
2865 2441 3151 2522 proximis
3211 2441 3584 2503 manifestior

1937 2528 2384 2608 quodammodo
2417 2529 2637 2605 existit;
2671 2531 2866 2611 iisque
2899 2532 3085 2610 magis
3113 2549 3178 2592 se
3223 2532 3495 2613 explanat
3527 2539 3584 2592 et

1939 2617 2204 2682 insinuat
2232 2639 2248 2694 ;
2304 2619 2583 2682 secundis
2611 2639 2748 2682 vero
2782 2620 3189 2683 novissimisve
3216 2621 3436 2683 nostris
3463 2623 3583 2682 vir—

1943 2706 2164 2769 tutibus
2193 2709 2358 2770 hisce
2389 2708 2774 2789 spiritalibus,
2811 2719 2984 2792 prout
3014 2729 3264 2791 quaeque
3293 2729 3327 2771 a
3358 2710 3585 2772 deifor-

1945 2797 2146 2859 mitale
2172 2798 2301 2879 ipsa
2330 2798 2530 2879 distat,
2563 2801 2644 2862 ita
2674 2799 2897 2862 claram
2950 2802 3082 2880 ejus
3129 2800 3581 2863 illustrationem

1939 2890 2012 2951 ad
2069 2890 2282 2950 secreti
2333 2889 2427 2950 sui
2474 2890 2832 2968 singularem
2865 2890 3096 2954 confert
3127 2889 3585 2967 ignorationem.

1942 2976 2246 3042 Secundas
2267 2997 2444 3059 porro
2470 2979 2766 3058 sigillatim
2792 2999 2898 3061 per
2921 2979 3143 3061 primas
3164 2980 3590 3060 illustrat,etut

1942 3069 2278 3130 summatim
2303 3068 2522 3143 dicam,
2549 3069 2825 3149 primitus
2854 3089 2924 3132 ex
2969 3069 3204 3132 occulto
3226 3069 3289 3130 in
3312 3077 3591 3150 apertum

1943 3157 2183 3220 ducitur
2206 3177 2313 3239 per
2336 3159 2585 3220 virtutes
2613 3160 2856 3240 primas.
2913 3162 3035 3223 Hoc
3083 3159 3264 3238 igitur
3284 3159 3598 3236 theologus

204 3246 458 3324 ἀγγέλου,
524 3249 586 3302 τὸ
646 3247 743 3315 τὴν
801 3248 1052 3326 κάθαρσιν
1085 3249 1171 3305 καὶ
1205 3249 1374 3313 πάσας
1427 3250 1521 3312 τὰς
1569 3249 1854 3330 θεαρχικάς

1942 3246 2016 3310 ab
2042 3249 2277 3342 angelo,
2295 3250 2392 3330 qui
2421 3248 2614 3342 ipsum
2638 3248 3597 3342 illustrabat.discebat,quomodo

195 3334 490 3416 ἐνεργείας,
559 3334 644 3391 διὰ
704 3342 810 3393 τῶν
871 3337 1094 3411 πρώτων
1151 3342 1346 3397 οὐσιῶν
1418 3337 1856 3420 ἂναλαμπούσας,

204 3429 270 3489 εἰς
324 3428 511 3490 πάσας
567 3427 662 3488 τὰς
721 3425 910 3489 λοιπὰς
973 3425 1287 3484 διαδίδοσθαι
1317 3429 1452 3484 κατὰ
1483 3429 1581 3495 τὴν
1630 3428 1860 3495 ἑκάστης

194 3518 318 3595 πρὸς
387 3516 488 3580 τὰς
548 3516 862 3594 θεουργικὰς
923 3517 1207 3592 μετουσίας
1266 3515 1572 3595 ἀναλογίανθ
1637 3516 1716 3574 διὸ
1773 3519 1860 3575 καὶ

194 3608 285 3674 τὴν
324 3606 611 3683 ἐμπυρίως
669 3607 994 3684 καθαρτικὴν
1053 3605 1295 3673 ἰδιότητα
1350 3620 1466 3672 τοῖς
1523 3608 1748 3686 σεραφὶμ
1777 3609 1858 3664 εἰ-

197 3699 376 3760 κότως
415 3696 556 3770 μετὰ
615 3696 744 3751 Θεὸν
776 3694 1128 3752 ἀνατέθεικεν.
1167 3693 1327 3754 Οὑδὲν
1387 3696 1475 3752 οὖν
1532 3695 1754 3771 ἄτοπον,
1815 3698 1860 3754 εἰ

183 3787 472 3864 καθαίρειν
506 3785 719 3862 λέγεται
777 3786 867 3841 τὸν
925 3785 1176 3863 θεολόγον
1236 3786 1264 3842 ὀ
1325 3787 1578 3865 σεραφῖμ.
1627 3785 1724 3850 Ὠς
1760 3787 1861 3866 γὰρ

187 3877 395 3939 (sese:
449 3875 686 3951 καθαίρει
749 3875 950 3939 πάντας
1005 3881 1082 3949 τῷ
1139 3875 1318 3942 πάσης
1377 3876 1680 3955 καθάρσεως
1712 3878 1863 3934 εἶναι

185 3968 366 4028 αἰτίας
405 3963 489 4044 εἴ),
527 3962 733 4038 μᾶλλον
783 3963 836 4019 δὲ
889 3963 1282 4042 (παραπλησίῳ
1313 3965 1412 4043 γὰρ
1440 3966 1719 4045 χρήσομαι
1751 3989 1862 4024 πα-

187 4053 570 4133 ράδείγματι),
607 4054 843 4132 καθάπερ
903 4056 929 4110 ὁ
985 4051 1103 4110 καθ’
1161 4056 1304 4129 ἡμᾶς
1355 4056 1616 4134 ἱεράρχης
1647 4055 1731 4112 διὰ
1758 4062 1864 4113 τῶν

186 4148 352 4203 αὒτοῦ
422 4143 748 4222 λειτιυργῶν
832 4143 870 4210 ἣ
952 4142 1136 4222 ἱερέων
1187 4145 1450 4223 καθαίρων
1506 4147 1541 4214 ἢ
1599 4148 1860 4226 φωτίζων,

185 4237 346 4300 αὐτὸς
443 4233 659 4310 λέγεται
757 4233 1025 4310 καθαίρειν
1107 4235 1196 4291 καὶ
1279 4236 1522 4314 φωτίζειν
1605 4242 1710 4292 τῶν
1795 4234 1864 4291 δι’

185 4329 352 4384 αὖτιῦ
436 4325 847 4400 καθιερωμένων
919 4322 1117 4388 τάξεων
1199 4323 1284 4380 ἐπ’

184 4416 290 4472 σῶν
360 4414 466 4477 τὰς
515 4415 711 4476 οἰκείας
768 4413 910 4492 ἱερὰς
996 4413 1282 4491 ἐνεργείας⁸

1370 4326 1526 4381 αὑτὸν
1596 4325 1862 4382 ἆνατιθει-

1944 3357 2079 3400 cum
2114 3337 2367 3417 ipsamet
2393 3338 2672 3418 expiatio,
2697 3347 2816 3400 tum
2843 3347 3074 3402 caetera:
3098 3338 3204 3402 Dei
3239 3338 3598 3419 principales

1945 3426 2324 3507 operationes
2356 3446 2586 3503 omnes,
2625 3446 2730 3509 per
2764 3430 2981 3506 primas
3020 3429 3311 3490 essentias
3343 3428 3597 3490 elucen-

1945 3525 2059 3596 tes,
2094 3516 2155 3577 in
2189 3535 2402 3577 omnes
2425 3516 2692 3598 reliquas
2723 3518 3176 3596 distribuantur,
3199 3518 3366 3598 juxta
3397 3517 3598 3596 cujus-

1945 3605 2091 3666 libet
2122 3605 2195 3666 ad
2228 3605 2472 3667 deiﬁcas
2497 3609 2980 3686 participationes
3008 3607 3420 3688 capacitatem:
3450 3624 3594 3686 qua-

1947 3704 2190 3775 propter
2229 3712 2336 3775 per
2381 3696 2574 3774 ignem
2609 3696 2895 3776 expiandi
2929 3696 3351 3778 proprietatem
3385 3695 3596 3757 merito

1945 3784 2092 3866 ipsis
2122 3784 2424 3865 seraphim
2457 3785 2790 3846 secundum
2823 3789 3011 3850 Deum
3066 3785 3294 3848 tribuit.
3355 3782 3595 3866 Nequa—

1947 3893 2126 3954 quam
2159 3874 2341 3953 igitur
2365 3873 2688 3936 absurdum
2710 3874 2862 3956 sit,si
2884 3875 3223 3954 theologum
3248 3875 3489 3954 expiare
3505 3892 3601 3936 se-

1945 3964 2180 4045 raphim
2210 3963 2584 4044 perhibetur.
2609 3963 2682 4027 Ut
2714 3965 2872 4026 enim
2917 3968 3100 4046 Deus,
3133 3963 3249 4026 hoc
3280 3965 3408 4044 ipso
3441 3963 3600 4044 quod

1945 4054 2142 4115 omnis
2164 4052 2522 4134 expiationis
2553 4073 2731 4116 causa
2769 4055 2868 4136 sit,
2896 4074 3106 4116 omnes
3141 4053 3431 4136 puriﬁcat,
3465 4053 3598 4114 “5

1946 4144 2039 4205 vel
2060 4143 2254 4223 potius
2279 4145 2358 4221 (ut
2379 4145 2562 4224 magis
2589 4144 2759 4207 obvio
2793 4145 3064 4226 exemplo
3097 4147 3243 4221 utar)
3266 4143 3596 4223 sicutapud

1948 4252 2058 4296 nos
2092 4233 2380 4315 pontifex,
2415 4235 2556 4295 dum
2590 4253 2700 4315 per
2730 4235 3036 4296 ministros
3084 4251 3224 4295 suos
3255 4251 3358 4295 seu
3388 4251 3594 4295 sacer-

1947 4323 2116 4384 dotes
2139 4323 2355 4403 expiat,
2377 4323 2773 4404 illuminatve,
2800 4325 3052 4403 ipsemet
3084 4322 3323 4401 expiare
3353 4328 3414 4382 et
3447 4320 3592 4382 illu-

1373 4415 1510 4472 οὕτω
1595 4417 1682 4472 καὶ
1763 4416 1892 4493 τὴν
1947 4411 3593 4493 minaredicitur,quodilliordines,quosconsecrat,sa-

183 4506 393 4562 οἰκείαν
477 4504 801 4578 καθαρτικὴν
885 4503 1196 4578 ἐπιστήμην
1267 4506 1353 4561 καὶ
1425 4503 1644 4581 δύναμιν
1688 4507 1716 4562 ὑ
1761 4506 1854 4571 τὴν

1946 4509 2284 4564 crosanctas
2308 4520 2444 4563 suas
2461 4491 2526 4562 in
2550 4503 2743 4582 ipsum
2769 4503 3029 4563 referant
3052 4500 3343 4562 actiones:
3368 4497 3456 4559 sic
3478 4517 3590 4560 an-

185 4596 455 4672 κάθαρσιν
488 4601 581 4650 τοῦ
613 4592 867 4671 θεολόγου
939 4594 1294 4672 τελετουργῶν
1364 4594 1413 4637 91
1487 4593 1738 4674 ἄγγελος,
1775 4594 1860 4650 ἐπὶ

187 4687 317 4742 Θεὸν
357 4683 467 4756 μὲν
499 4685 570 4746 ὡς
606 4681 808 4757 αἴτιον,
853 4683 940 4739 επὶ
985 4683 1038 4740 δέ
1083 4689 1190 4740 τῶν
1222 4686 1449 4764 σεραφὶμ
1481 4687 1552 4750 ὡς
1582 4707 1857 4762 πρωτουρ-

181 4778 273 4851 γὸν
305 4773 611 4852 ἱεράρχην,
645 4773 976 4837 ἀνατίθησιν⁸
1037 4774 1108 4838 ὡς
1166 4772 1228 4828 ἅν
1287 4796 1366 4838 τις
1427 4775 1579 4853 φαίη,
1616 4771 1733 4848 μετ’
1766 4774 1856 4829 εὖ-

179 4862 411 4925 ).αϐείας
449 4861 746 4939 ἀγγελικῆς
803 4863 892 4918 τὸν
943 4862 1035 4918 ὑπ’
1091 4863 1247 4920 αὑτοὺ
1298 4864 1680 4943 καθαιρόμενον
1711 4861 1855 4919 ἐκδι-

179 4952 404 5014 δάσκων
425 4971 438 4983 ’
477 4949 612 5008 "Ott
644 4951 742 5018 τῆς
775 4953 848 5014 εἰς
895 4952 955 5007 σὲ
990 4953 1122 5029 πρὸς
1153 4953 1284 5026 ἐμοῦ
1311 4953 1856 5032 τελετουργνουμένης

186 5045 514 5123 καθάρσεως
547 5041 694 5121 ἀρχὴ
768 5041 867 5116 μέν
939 5040 1081 5097 ἐστιν
1153 5042 1479 5123 ἐξῃρημένη,
1551 5043 1639 5100 καὶ
1683 5043 1856 5122 obsta,

187 5135 272 5189 καὶ
303 5132 647 5210 δημιουργὸς
681 5132 770 5188 καὶ
801 5131 1000 5204 αἴτιος,
1065 5134 1092 5188 ὁ
1149 5134 1236 5189 καὶ
1292 5133 1387 5196 τὰς
1437 5132 1649 5209 πρώτας
1681 5134 1855 5195 οὐσίας

1941 4591 2108 4671 gelus
2149 4608 2386 4671 quoque
2415 4591 2518 4672 qui
2561 4591 2905 4669 theologum
2962 4590 3260 4670 expiabat,
3289 4587 3588 4668 prOpriam

1943 4679 2234 4761 purgandi
2288 4680 2402 4741 vim
2457 4689 2632 4761 atque
2680 4681 2991 4742 scientiam
3044 4682 3168 4744 Deo
3218 4676 3485 4760 quidem,
3529 4687 3592 4741 ut

1943 4769 2194 4843 auctori,
2213 4770 2510 4849 seraphim
2534 4787 2698 4845 vero,
2719 4775 2999 4850 tanquam
3025 4765 3370 4849 primicerio
3392 4784 3591 4829 sacro-

1945 4879 2075 4922 rum
2110 4859 2380 4936 antistiti,
2412 4859 2708 4939 attribuit;
2741 4879 2810 4922 ac
2852 4860 2900 4920 si
2933 4859 3112 4925 dicat.
3156 4875 3290 4920 cum
3322 4856 3590 4934 angelica

1941 4949 2196 5030 quadam
2224 4956 2555 5010 reverentia
2573 4968 2706 5011 eum
2731 4948 2831 5031 qui
2856 4949 3215 5029 purgabatur
3238 4945 3580 5014 instituens:

1943 5040 2085 5119 Ejus
2107 5057 2243 5116 quae
2267 5039 2326 5099 in
2353 5048 2409 5101 te
2438 5058 2569 5102 meo
2599 5040 2930 5102 ministerio
2957 5040 3265 5122 perﬁcitur
3290 5038 3582 5123 expiatio—

1940 5137 2054 5204 nis,
2093 5127 2448 5209 principium
2497 5128 2738 5210 quidem
2790 5131 3179 5212 praacipuum,
3215 5137 3274 5192 et
3320 5131 3578 5195 essentia

1526 5291 1785 5357 VARUE
1843 5287 2283 5356 LEGTlONES.

271 5427 327 5471 ιδ
357 5430 440 5489 εἷς
471 5427 571 5509 τὴν
596 5432 706 5509 τών
733 5425 1104 5509 ὑψηλοτέρων,
1139 5427 1211 5490 D.
1297 5427 1350 5470 ¹⁵
1381 5429 1814 5509 καὶνὰγνότητος,
1850 5426 1921 5490 D.
1951 5433 2007 5487 et
2031 5424 2181 5509 Bud.
2216 5423 2554 5509 VEBWQYHC
2583 5430 2900 5506 ἁγνότητος.
2957 5431 3245 5509 ἀγνόητος,
3312 5434 3392 5493 Μ.
3453 5448 3581 5491 cor-

186 5519 369 5589 rupte
403 5505 785 5589 opinorgejus
815 5505 1093 5589 lectionis
1123 5513 1320 5589 tamen
1341 5505 1653 5589 vestigium
1671 5505 1854 5589 estin
1879 5507 2266 5569 translatione
2291 5505 2473 5589 scoti,
2499 5505 2679 5570 vertit
2699 5509 2885 5589 enim,
2907 5505 3249 5585 incognitae.

184 5585 294 5652 Chi.
334 5591 409 5648 D.
449 5585 462 5588 ⁷
498 5585 551 5630 ¹⁷
577 5585 988 5665 τελεσιουμένη,
1020 5587 1090 5650 D.

187 5676 296 5725 τῶν
328 5669 512 5743 μέσων
545 5673 766 5746 νοερῶν,

855 5667 909 5713 19
936 5692 1020 5748 γρ.
1084 5671 1329 5749 φαεινὴν,

187 5749 238 5800 21
276 5749 696 5830 τελεσιουργῶν,
733 5747 841 5815 Ch.

1176 5588 1229 5632 '8
1322 5587 1631 5672 τῶνῃῆμῶν,

1940 5608 1985 5672 1.
2021 5591 2119 5672 Sf"
2149 5589 2282 5672 Sjr.
2384 5595 2494 5672 τῶν
2542 5593 2642 5669 πρὸ
2673 5592 2851 5667 ἡμῶν,
2873 5587 2955 5654 Β,
3095 5595 3198 5672 τῶν
3256 5591 3506 5672 ἐσχάτων

1414 5668 1469 5714 ²⁰
1497 5671 1638 5730 ἐῖναι
1697 5673 1854 5744 αἰτία,
1914 5669 1984 5730 D.
2051 5667 2114 5731 S.

3337 5510 3391 5553 ίθ
3414 5511 3571 5590 α’ίτη,

3545 5592 3556 5613 τ

2177 5666 2243 5728 Ρ.
2275 5668 2418 5726 εἶναι
2449 5666 2592 5727 αἰτία.
2647 5674 2732 5728 καὶ
2763 5666 2931 5752 ἀρχὴ,
2969 5669 3075 5735 Cll.
3107 5671 3174 5732 V.
3207 5666 3569 5740 εἴναίἀίτιος,

3475 412 3592 478 306
3681 475 3687 482 .
