4052 6434
441 358 547 423 3H
1634 361 1694 421 S.
1742 359 2085 420 DIONYSII
2130 358 2642 421 AREOPAGITIE
3712 358 3831 422 312

437 492 747 556 efﬂuxerat
777 492 1078 574 ejusmodi
1109 493 1548 556 visionemznon
1582 493 1741 555 enim
1775 492 1964 555 nudas
1998 511 2089 555 res

2182 493 2387 572 ἐώρων,
2422 492 2542 548 ἀλλ’
2590 495 2873 571 αἰνίγματα
2916 495 3002 550 καὶ
3047 491 3281 568 σύμϐολα
3333 495 3472 574 παρὰ
3503 501 3608 552 τῶν
3653 495 3832 575 ἀγγέ-

439 594 496 647 et
523 585 815 647 essentias
838 585 1148 665 prophetae
1173 581 1584 656 videbant,sed
1609 582 1921 662 ainigmata
1936 601 2089 664 sym-

2174 581 2280 641 λων
2311 580 2763 658 διαπλαττόμενα.
2812 580 2871 641 Ὀ
2906 581 3130 662 ἅγγελος
3161 583 3332 640 τοίνυν
3386 597 3592 648 εκεῐνος
3645 587 3674 642 ὁ
3734 587 3832 644 τὸν

437 674 694 755 bolaque
748 674 821 736 ab
869 674 1097 751 angelis
1128 673 1472 736 effictaJste
1502 673 1682 750 igitur
1710 673 1957 751 angelus
1988 673 2089 754 qui

2174 671 2424 751 θεολόγον
2488 678 2638 746 μυῶν
2694 672 2859 748 ἀνῆγε
2902 679 3089 730 τοῦτον
3143 672 3230 730 ἐπὶ
3286 675 3438 754 Θεὸν,
3470 678 3560 731 καὶ
3613 675 3702 732 ἐπὶ
3731 679 3839 741 τὴν

437 764 779 844 theologum
814 763 1402 840 erudiebat,adduxit
1430 763 1591 824 hunc
1619 762 1694 823 ad
1719 762 2089 844 Deum,etad

441 853 692 934 primam
722 871 851 935 quin
881 861 1013 934 post
1057 857 1247 918 Deum
1282 860 1373 915 est
1402 851 1832 928 hierarchiam,
1860 853 2095 916 scilicet

439 943 742 1024 seraphim
781 965 794 1007 :
824 945 900 1004 ita
931 951 995 1004 ut
1018 943 1236 1004 iterum
1263 940 1540 1003 adductio
1574 949 1731 1004 esset
1760 942 1956 1023 angeli
1980 943 2090 1004 ad-

441 1033 736 1096 ducentis.
765 1033 837 1094 Et
863 1034 945 1094 ait
974 1039 1216 1094 sanctus
1257 1031 1428 1093 istam
1462 1031 1728 1094 fortassis
1761 1032 2091 1095 orationem

444 1141 577 1185 esse
605 1121 1150 1194 veram.Quomodo
1182 1129 1380 1183 autem
1415 1139 1553 1182 vera
1588 1121 1690 1194 sit,
1725 1121 2096 1184 demonstrat

445 1209 796 1291 explicando
831 1229 902 1272 ea
933 1228 1065 1291 quae
1098 1209 1265 1272 dixit.
1303 1209 1628 1273 Referebat
1660 1211 1844 1288 enim,
1876 1212 2091 1294 inquit,

443 1299 869 1380 ille,quomodo
892 1299 1093 1360 divina
1116 1298 1205 1360 vis
1228 1298 1303 1360 ad
1323 1299 1526 1362 omnia
1547 1299 2000 1383 pertingeret,et
2017 1301 2092 1364 ad

439 1389 639 1450 omnia
671 1388 1196 1468 incomprehense,
1223 1407 1292 1450 ac
1321 1388 1455 1450 sine
1502 1389 1780 1452 mistione
1813 1410 2090 1472 permea~

2174 761 2394 844 πρώτην
2455 762 2731 842 ἱεραρχίαν
2781 761 2881 829 τὴν
2939 763 3075 837 μετά
3134 765 3288 836 Θεὸν,
3321 761 3566 831 δηλονότι
3624 766 3690 822 τὰ
3734 786 3834 823 σε-

2176 852 2362 931 ραφίμ⁶
2443 851 2581 908 ὥστε
2632 849 2799 907 πάλιν
2854 851 2890 918 ἡ
2935 849 3124 930 ὁδηγία
3173 852 3319 931 παρὰ
3370 860 3465 910 τοῦ
3520 852 3751 932 ἀγγέλου
3799 854 3840 930 ᾗ

2175 941 2267 998 ’τοῦ
2328 940 2642 1018 ἀνάγοντος.
2717 939 2816 999 Καὶ
2863 937 3009 1019 λέγει
3067 943 3096 998 ὁ
3169 940 3344 1018 ἅγιος.
3407 942 3632 1013 Μήποτε
3689 945 3841 1000 ὶστιν

2175 1029 2380 1097 ἀληθὴς
2426 1031 2577 1093 οὗτος
2609 1032 2638 1086 ὁ
2667 1027 2854 1108 λόγος.
2912 1036 3032 1094 Πῶς
3106 1027 3162 1087 δὲ
3219 1030 3450 1114 ἀληθὴς,
3495 1031 3841 1090 ἀποδείκνυσι

2175 1126 2332 1177 τοῦτο
2381 1118 2486 1176 ἀπὸ
2527 1123 2626 1186 τῆς
2671 1125 2760 1176 τοῦ
2815 1118 3054 1184 εἰπόντος
3117 1119 3446 1199 ἐξηγήσεως.
3482 1119 3700 1200 ’Ἔλεγε
3730 1123 3837 1201 γὰρ

2177 1209 2409 1289 ἐκεῖνος,
2444 1210 2627 1289 φησὶν,
2687 1212 2760 1274 ὡς
2805 1210 2840 1278 ἡ
2902 1210 3014 1266 θεία
3044 1209 3263 1284 δύναμις
3293 1209 3380 1268 ἐπὶ
3425 1209 3601 1269 πάντα
3629 1225 3835 1292 χωρεῖ,

2244 1300 2260 1320 η
2306 1296 2334 1354 δ
2364 1299 2377 1316 \
2478 1298 2491 1318 Ι
2679 1296 2703 1317 λ
2766 1321 2776 1332 “
2902 1300 2916 1322 9
3021 1298 3033 1317 ο
3328 1300 3341 1320 ε
3643 1319 3657 1336 .
3747 1300 3767 1340 ρ
3823 1301 3834 1316 Ι

2176 1320 2264 1356 κάι
2339 1321 2391 1356 ια
2421 1319 2634 1355 παντων
2674 1299 2847 1369 οιήιιει
2893 1321 3144 1380 ασχετως
3199 1302 3288 1358 καὶ
3317 1301 3632 1379 ακρατήτως
3717 1299 3838 1358 ωδε

2175 1389 2275 1466 γὰρ
2325 1387 2617 1468 κατέχεταί
2665 1410 2793 1469 τινι,
2855 1390 2929 1452 ὼς
2982 1391 3058 1465 μὴ
3107 1388 3332 1468 ἑτέρωσε
3390 1395 3669 1471 φοιτῆσαι.
3733 1392 3836 1450 Καὶ

439 1487 538 1541 ret
569 1495 582 1540 :
620 1496 736 1539 non
788 1477 949 1540 enim
996 1477 1078 1538 ita
1127 1478 1465 1539 continetur
1486 1478 1559 1541 ab
1592 1479 1821 1560 aliquo,
1858 1493 1923 1543 ut
1949 1482 2089 1544 alibi

2174 1476 2358 1550 πάλιν,
2391 1483 2552 1534 πᾶσιν
2599 1478 2743 1534 ἐστιν
2801 1478 3010 1559 ἀφανὴς
3064 1477 3150 1536 διὰ
3207 1477 3295 1538 δύο
3326 1480 3473 1545 τινὰς
3507 1480 3701 1560 αἰτίας,
3750 1478 3835 1538 ὅτι

440 1586 560 1630 non
585 1567 853 1648 prodeat.
896 1571 924 1628 ι
949 1569 1031 1627 18
1064 1569 1135 1630 Et
1164 1567 1416 1648 iterum,
1451 1568 1733 1632 omnibus
1764 1575 1856 1635 est
1881 1573 2089 1634 occul-

2174 1589 2232 1624 τε
2288 1567 2615 1648 ὑπερουσίως
2675 1567 2928 1647 ἐξῂρηται
2981 1569 3219 1646 πάντων,
3252 1570 3342 1627 καὶ
3373 1569 3627 1645 ἀνόμοιός
3689 1570 3831 1647 ἐστι,

439 1670 538 1720 tus
567 1657 642 1719 ob
672 1657 819 1720 duas
849 1657 958 1720 has
987 1657 1385 1738 eausas,quod
1404 1659 1688 1720 nimirum
1713 1658 1786 1721 ab
1811 1662 2089 1724 omnibus

2174 1658 2255 1732 (τὸ
2286 1654 2472 1732 ὅμοιον
2501 1657 2556 1713 δὲ
2585 1663 2663 1733 τῷ
2717 1658 2886 1733 ὁμοίῳ
2943 1659 3304 1738 γινώσκεταιῆ
3352 1661 3442 1717 καὶ
3486 1661 3567 1718 ὃτι
3599 1660 3834 1740 κρυφίως

439 1747 1032 1838 superessentialiter
1046 1755 1365 1838 exemptus
1379 1748 2089 1830 sit,etdissimilis(simile

2175 1744 2463 1819 διαπέμπει
2518 1746 2614 1810 τὰς
2665 1749 2908 1823 προνοίας
2952 1750 3140 1820 αὐτῆς,
3193 1749 3301 1827 (τίς
3361 1749 3462 1828 γὰρ
3515 1748 3658 1826 ἔγνω
3709 1757 3834 1806 νοῦν

438 1847 640 1900 autem
672 1855 706 1898 a
747 1837 930 1898 simili
971 1836 1404 1918 cognoscitur);
1440 1846 1498 1900 et
1529 1840 1725 1901 oculte
1772 1841 2089 1920 providen—

2178 1835 2414 1915 Κυρίους)
2448 1834 2543 1890 ἵνα
2573 1835 2708 1900 ’ίσως
2738 1837 2967 1894 πάντοτε
3030 1838 3404 1917 γρηγορῶμεν,
3475 1839 3570 1895 οὒκ
3631 1835 3831 1903 εἰδότες

441 1927 555 1988 tias
612 1944 748 1988 suas
799 1925 1179 1988 transfundat
1227 1925 1380 2007 (quis
1436 1926 1597 1989 enim
1657 1931 1818 1992 novit
1846 1949 2089 1994 sensum

2174 1924 2296 1987 τοὺς
2341 1923 2530 2004 λόγους
2579 1924 2770 2006 αὖτῆς,
2801 1928 2889 1982 καὶ
2945 1927 3042 1996 τὴν
3100 1927 3241 2005 ὥραν
3272 1927 3390 1984 καθ’
3423 1926 3490 1995 ἣν
3520 1927 3828 2007 συμφερόν-

439 2015 836 2097 Domini?);ut
873 2016 1081 2078 merito
1115 2034 1357 2097 semper
1387 2017 1717 2096 vigilemus,
1750 2019 2089 2085 nescientes

2174 2035 2279 2078 τως
2324 2012 2548 2072 ἕκαστον
2605 2012 3026 2086 διοικηθήσεται.
3082 2018 3285 2084 Ταύτην
3341 2019 3432 2074 οὖν
3459 2016 3557 2083 τὴν
3588 2014 3836 2095 φωτοδο-

441 2107 704 2170 rationes
727 2107 882 2186 ejus,
917 2115 975 2168 et
998 2106 1204 2168 horam
1237 2124 1352 2186 qua
1382 2125 1482 2168 res
1532 2109 1821 2188 quaelibet
1867 2111 2089 2174 utiliter

2174 2103 2290 2159 οίαν
2339 2104 2426 2160 καὶ
2487 2117 2612 2167 ταῖς
2671 2118 2882 2183 νοεραϊς
2928 2107 3127 2171 οὐσίαις
3170 2105 3482 2178 διαπέμπει,
3519 2105 3662 2174 πλὴν
3694 2107 3838 2164 ἀνα-

442 2192 997 2274 disponetur.Hanc
1025 2195 1698 2275 itaqueillustrationem
1728 2200 1903 2262 etiam
1927 2203 2089 2283 spiri«

2181 2192 2355 2270 λόγως
2403 2193 2493 2250 καὶ
2538 2194 2673 2250 κατὰ
2729 2200 2790 2251 τὸ
2848 2196 3039 2274 μέτρον
3096 2200 3196 2262 τῆς
3253 2201 3360 2252 τῶν
3413 2194 3722 2276 δεχομένων
3754 2194 3842 2253 δυ·

445 2285 672 2347 talibus
715 2285 994 2346 essentiis
1036 2285 1399 2367 transmittit,
1431 2303 1637 2348 verum
1671 2307 1776 2368 pro
1810 2291 2089 2373 cujusque

2183 2283 2410 2361 νάμεως,
2446 2285 2657 2362 πρῶτον
2698 2298 2822 2352 ταῖς
2876 2287 3221 2366 πρωτίσταις,
3253 2289 3341 2344 καὶ
3366 2285 3436 2342 δι’
3467 2287 3684 2344 ἐκείνων
3711 2299 3840 2352 ταῖς

437 2380 706 2454 captu,et
730 2374 895 2452 juxta
926 2392 1268 2436 mensuram
1293 2374 1535 2436 virtutis
1562 2394 1768 2439 eorum
1801 2379 1905 2458 qui
1935 2380 2094 2442 illam

437 2462 1040 2543 recipiunt.primum
1073 2481 1293 2544 nempe
1324 2464 1756 2546 primis,etper
1788 2468 1921 2532 illos
1951 2470 2098 2531 infe-

436 2551 700 2614 rioribus
736 2569 750 2614 :
784 2555 863 2613 uti
919 2552 1096 2614 etiam
1129 2558 1364 2633 proprio
1399 2572 1470 2615 ac
1501 2555 1777 2618 sensibili
1823 2561 2093 2640 exemplo

437 2641 725 2715 declarat,
765 2641 922 2722 quod
948 2642 1020 2702 iis
1050 2641 1294 2722 quidem
1329 2660 1462 2722 quae
1492 2643 1773 2708 dicuntur
1804 2666 1922 2708 non
1953 2655 2094 2711 satis

435 2731 735 2812 congruit,
772 2730 944 2793 nobis
978 2744 1178 2793 tamen
1233 2741 1440 2794 notum
1469 2742 1579 2798 est.
1616 2734 1890 2815 Propone
1931 2738 2089 2800 enim

431 2821 664 2884 radium
719 2820 1005 2907 solarem;
1032 2821 1132 2882 hic
1169 2821 1465 2900 trajicitur
1517 2825 1574 2884 in
1608 2825 1863 2903 primam
1901 2835 2092 2888 mate-

438 2909 588 2972 riam
623 2909 1545 2990 perlucidiorem,vitrum,verbi
1569 2913 1779 2990 gratia,
1808 2933 1912 2994 per
1935 2917 2094 2995 quod

431 2999 654 3066 clarius
680 2998 946 3078 affulget.
969 2999 1281 3070 Quomodo
1307 2998 1555 3061 clarius?
1578 3000 1764 3063 Nobis
1795 3003 2092 3080 videlicet,

2179 2373 2605 2443 ὑποϐεϐηκυίαιςθ
2677 2377 2705 2432 ὃ
2773 2375 2839 2444 δὴ
2932 2378 3017 2434 καὶ
3074 2375 3139 2432 δι’
3198 2377 3392 2434 οἰκείου
3446 2378 3536 2432 mi
3583 2379 3842 2444 αἰσθητοῦ

2180 2466 2602 2544 παραδείγματος
2678 2471 2922 2548 σαφηνίει
2958 2518 2973 2549 ,

2180 2557 2310 2633 πρὸς
2340 2557 2406 2611 τὰ
2449 2557 2740 2633 λεγόμενα,
2796 2558 2921 2621 τέως
2972 2557 3028 2614 δὲ
3082 2559 3349 2637 γνωρίμου
3395 2561 3556 2634 ἡμῖν’
3605 2558 3838 2616 ἰ’ποθο)

2179 2646 2279 2723 γὰρ
2338 2644 2569 2714 ἡλιακὴν
2651 2647 2866 2703 ἀκτῖνα·
2944 2646 3076 2715 αὕτη
3153 2646 3437 2706 διαδιδοται
3489 2649 3560 2713 εἷς
3615 2649 3837 2726 πρώτην

2175 2734 2306 2800 ὕλην
2363 2733 2737 2812 διειδεστέραν,
2822 2735 2973 2794 ὕελον
3041 2739 3233 2817 τυχὸν,
3277 2735 3344 2793 δι’
3417 2739 3619 2801 οῧτινος
3682 2738 3840 2795 ὑέλου

2176 2822 2481 2898 ἀναλάμπει
2534 2823 2942 2904 ἄμφανέστερον,
3012 2832 3134 2891 Πῶς
3192 2825 3638 2907 ἐμφάνέστερον;
3698 2830 3839 2902 ἡμῖν

2180 2911 2450 2994 δηλονοτι,
2498 2917 2558 2972 0-3
2611 2917 2960 2994 συγκριτικῶς
3005 2918 3133 2994 πρὸς
3165 2917 3262 2983 τὴν
3309 2917 3565 2996 προτέραν
3627 2916 3830 2992 ἕλλαμ-

3087 2468 3402 2532 ἆποδέοντος
3475 2469 3570 2543 μὲν
3656 2468 3838 2536 πάντη

2183 3007 2300 3083 ψιν,
2356 3019 2657 3082 συμμετρου
2716 3003 2919 3073 δηλαδὴ
2967 3006 3260 3084 γενομένης
3307 3011 3403 3083 τῇς
3451 3008 3626 3082 ὂψεως
3671 3009 3750 3070 εἷς
3779 3008 3838 3064 τὸ

433 3089 686 3152 minime
735 3073 892 3150 facta
946 3089 1394 3167 comparatione
1435 3108 1569 3152 cum
1607 3091 1795 3171 priori
1827 3073 2089 3156 illustra;

2179 3073 2240 3149 τὸ
2284 3073 2395 3172 ipqu
2423 3073 2856 3172 παραδέξασθαι·
2895 3097 2954 3152 τὸ
2979 3073 3105 3174 ’γὰρ
3164 3096 3298 3154 πολὺ
3349 3073 3459 3175 qui);
3498 3073 3710 3172 μᾶλλον
3745 3098 3840 3161 τὰς

440 3178 738 3258 tione,sed
755 3195 888 3237 cum
907 3177 1295 3257 proportione
1309 3178 1470 3239 visus
1487 3180 1559 3240 ad
1582 3180 1784 3242 lumen
1797 3183 1921 3246 reci
1930 3183 2089 3263 pien-

2179 3181 2333 3256 ὄψεις
2378 3182 2642 3260 ἀμαυροῖ,
2693 3186 2738 3241 εἰ
2785 3185 2942 3265 τύχοι
3003 3185 3338 3263 ἀσύμμετρον
3397 3186 3457 3241 ὃν
3487 3199 3606 3250 τοῖς
3637 3184 3840 3242 ὑποδε-

444 3266 588 3328 dum
618 3287 630 3328 :
665 3265 956 3347 siquidem
980 3265 1076 3326 lux
1101 3266 1341 3346 copiosa
1363 3268 1552 3330 visum
1580 3270 1774 3348 potius
1793 3270 2089 3354 obtundit,

2180 3271 2434 3351 χομένοις
2478 3273 2604 3330 αὐτό
2653 3273 2974 3352 ὀφθαλμοῖς,
3017 3274 3314 3332 Διαδιδοται
3347 3277 3436 3333 καὶ
3486 3288 3609 3338 ταῖς
3644 3299 3841 3356 παχυ-

445 3356 498 3417 si
529 3373 646 3417 non
697 3361 771 3416 sit
795 3374 1142 3417 commensa
1172 3357 1362 3418 oculis
1391 3374 1459 3420 se
1489 3359 2089 3439 excipientibus.Dis-

2178 3360 2354 3440 τέραις
2402 3361 2576 3442 ὕλαις,
2637 3364 2722 3419 καὶ
2768 3361 2858 3420 διά
2906 3365 3003 3433 τὶν
3064 3363 3278 3422 ἐκείνων
3321 3363 3832 3438 ἀνεπιτηδειὸτητα,

447 3445 730 3507 tribuitur
778 3443 960 3506 etiam
995 3445 1257 3506 materiis
1307 3447 1726 3524 crassioribus,
1763 3458 1826 3512 et
1856 3460 2089 3532 propter

2179 3450 2214 3518 ἢ
2273 3448 2457 3530 ἔχουσι
2511 3452 2642 3530 πρὸς
2701 3453 2798 3521 τὴν
2851 3459 2950 3521 τῆς
3005 3455 3343 3532 φωτοχυσίας
3393 3453 3829 3532 διαπζρθμευσιν,

441 3534 925 3615 ineptitudinem,
950 3553 1124 3609 quam
1155 3534 1377 3597 habent
1399 3538 1470 3598 ad
1496 3537 1958 3600 illustrationem
1985 3550 2089 3602 tra-

2180 3541 2267 3596 καὶ
2297 3538 2501 3618 ἀμυδρὰ
2530 3541 2756 3621 γίνεται,
2785 3543 2874 3599 καὶ
2902 3545 3039 3600 κατά
3070 3545 3259 3622 μικρὸν
3323 3545 3455 3622 πρὸς
3502 3542 3642 3600 ἄλλα
3675 3542 3832 3600 ἀδιά-

433 3623 788 3706 jiciendam,
825 3632 882 3684 et
907 3624 1164 3686 obscura
1187 3625 1272 3699 fit,
1315 3644 1506 3707 eoque
1531 3627 1754 3690 sensim
1795 3631 2089 3691 contrahi-

2180 3625 2328 3694 δοτος
2359 3629 2582 3706 γίνεται,
2632 3629 2771 3686 Λάϐε
2830 3654 2922 3705 μοι
2973 3633 3060 3688 καὶ
3115 3632 3298 3711 ἑτέραν
3358 3632 3580 3710 θεωρίαν
3628 3631 3690 3688 ἐκ
3743 3640 3840 3690 τοῦ

443 3723 561 3786 tur,
595 3721 659 3774 ut
688 3713 968 3774 distribui
997 3713 1131 3774 aliis
1163 3732 1282 3775 non
1317 3715 1525 3795 possit.
1560 3716 1786 3796 Accipe
1820 3726 1877 3779 et
1921 3719 2089 3780 aliam

2179 3717 2365 3792 πυρός’
2399 3715 2466 3775 Ἠ
2511 3725 2603 3775 τοῦ
2654 3721 2818 3798 πυρὸς
2861 3721 3123 3798 θερμότης
3174 3720 3382 3797 μᾶλλον
3432 3719 3716 3780 διαδίδοται
3763 3725 3842 3788 εἱς

441 3801 518 3864 ab
547 3804 684 3880 igne
732 3803 1326 3883 contemplationem.
1373 3805 1547 3867 Calor
1602 3805 1755 3885 ignis
1801 3810 1985 3886 magis
2029 3827 2089 3870 se

2179 3806 2244 3862 τὰ
2291 3804 2660 3887 δεκτικώτερα,
2715 3810 2802 3866 καὶ
2863 3809 2990 3887 πρδς
3047 3811 3146 3878 τὴν
3205 3809 3408 3888 Θέρμην
3480 3809 3692 3869 εὕεικτα
3751 3817 3847 3870 καὶ

446 3891 727 3952 ditfundit
755 3890 818 3952 in
841 3909 911 3952 ea
933 3911 1066 3970 quae
1085 3893 1272 3972 ipsius
1295 3901 1432 3954 sunt
1454 3895 1854 3973 capaciora,et
1885 3896 1959 3958 ad
1989 3916 2089 3959 ca-

2179 3895 2445 3975 εὖάγωγα’
2492 3899 2624 3975 πρὸς
2683 3896 2739 3952 δὲ
2778 3900 2874 3962 τὰς
2934 3899 3252 3966 ἀντιτύπους
3311 3901 3513 3974 οὐσίας,
3579 3902 3654 3962 ὡς
3713 3901 3846 3965 toi);

444 3979 634 4041 lorem
667 3979 840 4069 facile
865 3981 1110 4069 cedunt,
1139 3990 1196 4040 et
1222 3981 1641 4043 adducuntur:
1668 4000 1872 4046 verum
1907 3985 1966 4045 in
1995 4004 2089 4048 na-

2178 3982 2505 4061 ἀδάμαντας,
2539 3986 2574 4054 ἢ
2607 3986 2871 4069 ἐναντίαις,
2905 3990 2980 4052 ὡς
3011 3990 3070 4044 τὸ
3101 3987 3258 4065 ὕδωρ,
3291 3989 3326 4056 ἢ
3386 3989 3563 4068 ὀλίγον
3605 3989 3642 4058 ἢ
3692 3989 3850 4048 οὒδὲν

447 4068 599 4130 turis
633 4067 717 4129 illi
750 4068 1209 4146 reluctantibus,
1244 4077 1307 4130 ut
1335 4069 1694 4146 adamantis,
1739 4073 1828 4134 vel
1861 4083 2089 4138 contra-

2179 4073 2338 4154 ἴχνος
2399 4075 2742 4154 ἀναφαίνεται
2829 4079 2926 4145 τῆς
3007 4078 3315 4157 πυρώσεως⁶
3383 4079 3471 4135 καὶ
3534 4080 3596 4135 τὸ
3651 4079 3847 4137 τούτου

442 4157 647 4231 riis,ut
669 4177 858 4239 aquaa,
889 4158 982 4220 vel
1013 4159 1242 4220 nullum
1268 4160 1544 4222 autexile
1575 4161 1944 4226 efﬁcacitatis
1964 4165 2089 4244 ejus

2177 4162 2362 4238 πλέον,
2398 4163 2479 4220 ὅτι
2522 4177 2640 4230 τοῖς
2673 4165 2750 4240 μὴ
2782 4165 3109 4245 συγγενέσιν,
3170 4167 3334 4246 ἣγουν
3387 4167 3553 4248 τυχὸν
3584 4175 3662 4242 τῷ
3691 4168 3849 4227 ὕδατι

445 4251 636 4328 igneae
657 4248 971 4329 vestigium
995 4257 1241 4329 apparet
1269 4271 1282 4312 :
1311 4251 1591 4330 quodque
1622 4252 1735 4313 hoc
1759 4253 1949 4332 majus
1979 4265 2089 4336 est,

2175 4251 2265 4331 (τὸ
2322 4254 2422 4331 γὰρ
2476 4251 2612 4334 ὕδωρ
2644 4257 2852 4336 ψυχρόν
2899 4257 2986 4313 καὶ
3039 4258 3218 4335 ὑγρὸν,
3273 4259 3334 4314 τὸ
3391 4255 3446 4316 δὲ
3497 4263 3600 4335 πῦρ
3646 4261 3850 4338 θερμὸν

442 4339 517 4401 ad
542 4357 608 4401 ea
633 4357 767 4418 quae
789 4358 906 4400 non
933 4347 1068 4400 sunt
1096 4347 1365 4418 cognota,
1406 4339 1577 4401 verbi
1625 4343 1840 4420 gratia,
1877 4361 2089 4424 aquam

439 4430 606 4508 (nam
636 4446 787 4507 aqua
809 4427 1019 4507 frigida
1046 4436 1106 4490 et
1139 4428 1389 4490 humida
1412 4428 1686 4509 est,ignis
1709 4448 1847 4492 vero
1867 4431 2096 4495 calidus

442 4525 502 4579 et
516 4517 756 4595 siccus),
769 4536 874 4596 per
885 4517 1003 4580 alia
1024 4536 1156 4597 quae
1173 4517 1256 4579 illi
1272 4524 1408 4580 sunt
1424 4518 1864 4596 cognata,verbi
1881 4520 2090 4599 gratia,

444 4625 552 4687 per
587 4625 683 4668 vas
721 4607 975 4687 primum
1009 4606 1534 4668 accedit.Primum
1562 4615 1761 4670 autem
1783 4608 1948 4683 dixit,
1975 4629 2093 4672 non

445 4695 601 4776 quod
626 4695 1109 4766 immediate,sed
1145 4712 1250 4774 per
1280 4713 1349 4756 ea
1373 4713 1504 4774 qua:
1528 4702 1716 4775 prima
1745 4705 1883 4758 sunt
1911 4716 2089 4762 acce-

445 4785 544 4847 dat
570 4783 829 4865 primum
881 4784 954 4845 ad
1005 4802 1073 4844 ea
1127 4801 1262 4861 quae
1291 4802 1410 4845 non
1442 4795 1580 4846 sunt
1607 4793 1884 4868 cognota,
1916 4787 1990 4850 ad
2023 4807 2093 4852 ea

444 4872 846 4955 pcstmodum,
889 4871 1053 4934 verbi
1085 4871 1294 4953 gratia,
1343 4872 1748 4938 calefacienda
1780 4896 1793 4939 :
1832 4876 2087 4957 primum

442 4962 603 5025 enim
635 4960 818 5040 ignita
846 4960 1122 5022 faciendo
1153 4960 1254 5022 illa
1305 4980 1436 5042 quae
1491 4981 1728 5043 quoquo
1777 4965 1952 5027 modo
1983 4983 2088 5029 co-

439 5061 616 5132 gnata
646 5058 922 5130 sunt,per
952 5049 1160 5110 eadem
1184 5050 1360 5111 etiam
1389 5070 1522 5131 quae
1544 5071 1660 5113 non
1683 5061 1823 5114 sunt
1843 5064 2092 5134 cognata

443 5140 732 5203 calefacit.
787 5137 1129 5202 Secundum
1165 5139 1320 5201 hanc
1351 5139 1550 5222 itaque
1579 5140 1876 5204 rationem
1909 5151 2083 5207 natu-

438 5231 650 5306 ralem,
688 5247 760 5292 oa
803 5247 1042 5309 quoque
1073 5247 1208 5309 quae
1253 5248 1436 5310 supra
1468 5237 1739 5293 naturam
1769 5239 1908 5293 sunt
1934 5252 2083 5295 con-

441 5319 642 5383 sidera
665 5341 678 5383 :
710 5321 865 5382 Dcus
887 5318 1046 5380 enim
1071 5320 1267 5382 omnis
1287 5327 1468 5382 rectae
1497 5319 1895 5384 ordinationis
1916 5324 2084 5385 ordi-

441 5411 654 5492 nisque
687 5408 1071 5490 principatus,
1099 5409 1513 5471 illustrationis
1543 5427 1672 5472 suae
1700 5411 2082 5490 splendorem

443 5497 1236 5578 primordialitcr,luculenta
1258 5505 1314 5559 et
1331 5497 1681 5562 admiranda
1711 5498 1947 5563 fusione
1977 5520 2082 5564 su-

443 5587 667 5666 premis
696 5585 814 5647 illis
846 5586 1144 5650 mentibus
1174 5586 1600 5663 manifestat,et
1629 5606 1740 5670 per
1770 5587 1901 5651 illas
1933 5590 2080 5653 reli-

440 5693 569 5762 quac
600 5675 886 5762 deinceps
907 5676 1082 5741 istum
1115 5677 1347 5742 radium
1383 5677 1755 5764 participant.
1788 5677 1891 5744 Hae
1920 5681 2080 5746 enim

2178 4342 2265 4400 καὶ
2322 4340 2526 4421 ξηρόνο)
2605 4342 2672 4400 δι’
2729 4344 2906 4402 ἄλλων
2985 4347 3192 4412 οἰκείως
3265 4345 3506 4426 ἑχόντων
3564 4348 3698 4427 πρὸς
3743 4349 3848 4418 τὴν

2176 4429 2376 4509 θέρμην
2429 4429 2677 4498 δηλονότι
2707 4433 2956 4513 ἀγγείου,
3017 4431 3343 4512 προσϐάλλει
3402 4435 3636 4514 πρῶτον.
3676 4443 3845 4516 Πρῶο

2177 4521 2266 4576 τὸν
2305 4517 2360 4575 δὲ
2411 4523 2589 4601 εἶπεν,
2629 4523 2732 4602 οὑχ
2775 4524 2856 4579 ὃτι
2890 4524 3130 4605 ἀμέσως,
3162 4523 3300 4582 ἀλλά
3322 4521 3406 4581 διὰ
3430 4530 3538 4580 τῶν
3581 4527 3840 4605 πρώτων,

2177 4607 2503 4680 προσϐάλλει
2536 4623 2654 4674 τοῖς
2700 4612 2777 4686 μὴ
2809 4613 3082 4690 συγγενέσι
3138 4618 3374 4693 πρῶτον,
3408 4614 3540 4690 πρὸς
3598 4616 3666 4672 τὰ
3700 4620 3844 4690 μετά

2174 4705 2339 4754 ταῦτα
2422 4701 2589 4779 τυχὸν
2661 4701 3070 4779 θερμαινόμενα*
3138 4700 3357 4779 πυρώδη
3433 4703 3535 4781 γάρ
3617 4709 3842 4782 πρῶτον

2173 4789 2395 4844 ποιοῦσα
2446 4790 2512 4846 τὰ
2569 4795 2747 4853 ποσῶς
2793 4795 3048 4871 συγγενῆ,
3111 4791 3178 4847 δι’
3228 4791 3441 4849 ἐκείνων
3491 4793 3580 4850 καὶ
3635 4794 3706 4850 τὰ
3759 4796 3840 4871 μὴ

2173 4880 2404 4954 συγγενῆ
2488 4880 2777 4957 θερμαίνει.
2859 4880 3016 4938 Κατά
3081 4881 3171 4938 τὸν
3235 4882 3392 4938 αὐτὸν
3453 4882 3542 4938 οὖν
3604 4886 3837 4961 φυσικὸν

2172 4963 2332 5043 λόγον
2364 4966 2471 5024 νόει
2499 4970 2588 5024 καὶ
2635 4968 2703 5024 τὰ
2755 4969 3017 5048 ὑπερφυῆ’
3083 4971 3118 5038 ἦ
3177 4970 3356 5035 πάσης
3413 4970 3515 5048 γάρ
3547 4974 3833 5048 εὐκοσμίας

2171 5053 2478 5135 ταξιαρχίαι,
2540 5059 2568 5112 ὁ
2628 5058 2782 5129 Θεὸς,
2829 5059 2930 5125 την
2983 5062 3082 5126 τῆς
3114 5058 3274 5116 αὐτοῦ
3311 5057 3646 5137 ῳωτοδασίας
3678 5061 3837 5137 λαμ-

2173 5143 2412 5223 πρότητα
2470 5152 2827 5225 πρωτοφανῶς
2870 5159 2994 5212 ταῖς
3048 5145 3490 5227 ὕπερϐεϐηκυίαις
3549 5149 3839 5232 ἀναφαίνει

2167 5234 2302 5292 κατὰ
2332 5235 2492 5315 χύσιν
2535 5234 2756 5317 ἄφθονον
2813 5237 2902 5294 καὶ
2939 5238 3369 5312 πανθαύμαστον,
3422 5239 3510 5294 καὶ
3564 5237 3651 5296 διά
3701 5243 3841 5299 τού-

2168 5344 2272 5378 των
2316 5324 2606 5404 μετέχουσι
2638 5347 2733 5391 της
2769 5325 2982 5392 ἀκτῖνος
3015 5327 3079 5382 τὰ
3113 5324 3357 5405 δεύτερά.
3416 5331 3478 5384 Αἱ
3509 5331 3610 5407 γὰρ
3665 5333 3841 5407 ὅπερ-

2168 5408 2473 5492 ϐεϐηκυῐαι,
2533 5413 2842 5492 ἐπιγνοῦσαι
2900 5415 3123 5485 πρώτως
3155 5419 3246 5472 τὸν
3277 5417 3433 5475 αὐτὸν
3478 5416 3835 5497 δημιουργὸν,

2167 5502 2253 5558 καὶ
2316 5507 2412 5569 τῆς
2471 5502 2670 5560 ἐκεί-ὀυ
2731 5502 2999 5573 καλλονῆς
3075 5503 3346 5582 ἐριέμεναι
3383 5552 3400 5584 ,
3484 5512 3835 5587 πρωτουργοὶ

2165 5590 2408 5669 γενέσθαι
2467 5593 2878 5662 κατηξιώθησαν
2932 5595 3028 5663 τῆς
3092 5595 3420 5670 θεομεμήτου
3468 5596 3737 5676 ἐνεργείας
3774 5620 3836 5654 τε

2163 5682 2250 5740 καὶ
2281 5679 2571 5762 δυνάμεως*
2643 5682 2866 5764 πρώτως
2924 5685 3022 5764 γὰρ
3073 5683 3138 5741 δι’
3190 5688 3360 5742 αὖτῶν
3397 5687 3448 5740 αἱ
3509 5685 3627 5762 μετ’
3665 5689 3837 5749 αὐτὰ(
