4052 6454
261 402 383 468 313

681 406 778 466 DE
820 405 1170 468 CCELESTI
1217 404 1729 481 HIERARGHIA,
1776 402 1942 465 CAP.
1994 402 2166 464 XIII.
2208 434 2282 445 -—-
2332 402 2716 464 PARAPHR.
2770 398 3261 463 PACHYMER/E

3547 395 3660 460 314

259 540 363 607 τὴν
408 536 680 614 ’ἐλλαμψιν
710 537 982 618 δέχονται,
1041 539 1214 602 καθὼς
1274 538 1369 596 καὶ
1427 541 1577 594 αὗται
1637 537 1777 615 παρὰ
1835 540 1909 589 toi

2011 530 2309 610 suprema
2339 550 2472 593 cum
2511 533 2765 612 primum
2817 540 3120 595 auctorem
3168 547 3340 592 suum
3372 546 3662 609 agnosce-

264 634 405 684 Θεοῦ
448 628 646 694 ταύτην
681 625 954 707 δέχονται·
989 626 1314 686 ἀνατείνουσι
1360 628 1458 707 γὰρ
1492 628 1584 689 τὰς
1638 626 1727 683 ὑπ’
1759 626 1918 684 antis

259 716 592 793 ἁγαθοειδῶς
652 718 747 773 καί
805 714 933 795 δίχα
989 718 1189 781 παντὸς
1237 717 1426 796 φθόνου
1456 716 1665 795 (αγαθῴ
1693 717 1792 794 γὰρ
1825 715 1920 772 οὒ·-

259 804 377 869 δείς
412 806 678 884 ἐγγίνεται
711 809 896 884 φθόνος
942 807 1079 862 κατὰ
1120 807 1210 863 τὸν
1244 805 1552 885 Πλάτωνα,)
1606 805 1919 883 πληρεστά-

254 918 365 961 τω;
400 894 779 972 μεταδιδοὺσαι
809 901 906 962 τῆς
941 895 1165 977 αἴγλης,
1223 895 1321 953 κᾶν
1375 896 1604 966 ἐκεῖναι,
1639 894 1760 952 ὅσον
1794 916 1918 975 χω·-

254 995 432 1063 ροῦσι,
466 984 771 1065 δέχωνται.
801 986 975 1044 Τοῦτο
1007 986 1203 1063 γίνεται
1266 987 1350 1043 καὶ
1407 987 1494 1042 ἐπὶ
1552 998 1673 1049 ταῖς
1708 985 1917 1063 έτέραϊς

254 1074 357 1138 ἕως
391 1076 483 1131 καὶ
518 1080 623 1131 τῶν
659 1076 755 1155 ἔσχ
770 1072 931 1135 σίτων.
988 1072 1187 1133 ’Ἔστιν
1247 1076 1334 1133 οὖν
1394 1076 1561 1131 ἅπασι
1594 1088 1709 1139 τοῖς
1744 1097 1914 1151 φωτι-

254 1163 509 1238 ζισμένοις
544 1165 692 1245 ἀρχῆ
762 1173 855 1223 τοῦ
924 1167 1234 1244 φωτίζεσθαι
1308 1166 1335 1221 ὃ
1407 1166 1559 1239 Θεὸς,
1634 1164 1782 1243 φόσει
1831 1164 1915 1220 καὶ

256 1252 431 1318 ὄντως
464 1255 658 1327 κυρίως
693 1256 768 1319 ὡς
797 1255 969 1334 φωτὸς
1016 1255 1196 1335 πηγὴ,
1256 1256 1340 1311 καὶ
1400 1253 1665 1335 αὒτόφως,
1700 1276 1788 1310 και
1821 1253 1918 1309 αἴ·-

252 1365 369 1407 τιος
408 1350 544 1400 πᾶσι
604 1345 691 1401 καὶ
749 1352 841 1401 τοὺ
898 1344 1067 1423 εἶναι,
1127 1346 1212 1401 καὶ
1271 1351 1361 1401 τοῦ
1416 1346 1538 1422 ὁρᾷν
1600 1344 1726 1399 αὗτὸ
1762 1341 1827 1409 δὴ
1857 1344 1917 1399 τὸ

250 1436 392 1513 φτῦς·
431 1432 575 1490 θέσει
632 1432 685 1489 δὲ
738 1436 823 1490 καὶ
878 1435 1013 1490 κατὰ
1062 1435 1222 1513 χάριν
1274 1436 1615 1509 θεομιμῆτως
1647 1434 1782 1489 κατὰ
1814 1433 1916 1506 μέ-

247 1545 340 1599 ρος
391 1522 503 1598 μία
539 1530 607 1599 τῇ
644 1522 818 1600 ἑτέρᾳ,
848 1525 881 1592 ἡ
914 1524 1101 1600 πρώτη
1159 1523 1226 1600 τῇ
1286 1524 1403 1597 μετ’
1438 1525 1623 1602 αὒτὴν,
1659 1523 1710 1578 ἐν
1744 1530 1819 1597 τῷ
1850 1521 1915 1578 δι’

2006 628 2162 691 rent,
2228 622 2360 683 H9
2408 621 2990 703 pulchritudinisque
3048 622 3299 701 ejusque
3358 619 3657 681 desiderio

2007 716 2378 786 tenerentur,
2408 711 2521 773 hoc
2541 712 2717 773 etiam
2747 720 3034 774 assecuta
3064 718 3225 789 sunt,
3258 717 3320 771 ut
3356 709 3563 789 prima
3586 709 3659 770 ad

2006 798 2219 861 divina
2254 801 2562 880 potestatis
2593 809 2768 882 atque
2798 801 3051 863 actionis
3085 799 3475 860 imitationem
3524 816 3660 880 per-

2004 891 2312 953 venirent:
2347 900 2670 967 sequentes
2702 891 2860 952 enim
2897 891 3154 971 primum
3192 907 3301 970 per
3326 889 3484 969 ipsas
3511 888 3656 951 illu-

2006 979 2353 1040 strationem
2389 980 2712 1062 accipiunt,
2752 979 3255 1060 quemadmodum
3299 976 3441 1059 ipsa
3472 995 3503 1037 a
3537 979 3658 1039 Deo

2000 1067 2161 1128 illam
2187 1070 2531 1151 accipiunt;
2566 1072 2846 1152 quoniam
2880 1071 2972 1132 his
2997 1088 3124 1131 eam
3157 1066 3414 1147 benigne
3443 1076 3497 1127 et
3519 1066 3658 1128 abs-

2001 1178 2115 1238 que
2142 1159 2258 1221 ulla
2282 1161 2500 1221 invidia
2527 1160 2863 1239 expandunt
2892 1162 3071 1239 (bono
3105 1158 3261 1221 enim
3306 1158 3468 1219 nullo
3501 1158 3657 1219 inest

1999 1246 2323 1329 invidia,ut
2357 1250 2523 1313 Plato
2550 1252 2681 1331 ait),
2702 1251 3048 1332 plenissime
3078 1248 3455 1330 splendorem
3481 1266 3653 1309 suum

2002 1338 2513 1420 transfundentes,
2550 1341 2816 1420 quamvis
2878 1342 3017 1420 ipsa
3074 1347 3322 1412 tantum,
3373 1344 3656 1417 quantum

2002 1425 2268 1509 capiunt,
2290 1431 2609 1509 accipiunt.
2636 1430 2805 1502 Quod
2845 1432 3018 1491 etiam
3050 1428 3293 1508 reliquis
3324 1428 3394 1488 ad
3422 1435 3658 1508 postre-

2003 1536 2131 1578 nias
2158 1537 2348 1599 usque
2382 1520 2677 1582 usuvenit.
2709 1519 2810 1581 Est
2843 1520 3027 1598 igitur
3055 1518 3321 1580 omnium
3356 1536 3487 1597 qua
3518 1516 3660 1577 illu-

246 1613 422 1678 αὗτῆς
458 1614 533 1673 εἷς
571 1613 778 1679 ἐκείνην
810 1614 906 1681 τὴν
949 1612 1213 1689 ’ἐλλαμψιν
1271 1612 1597 1693 διέρχεσθαι,
1634 1612 1661 1668 ὃ
1694 1611 1746 1668 δὲ
1782 1612 1909 1669 ἐπο-

2002 1618 2266 1671 strantur
2323 1608 2700 1671 illuminandi
2756 1609 3116 1690 principium
3189 1608 3368 1682 Deus,
3446 1615 3659 1668 natura

248 1702 576 1781 χετεύεσθαι
611 1703 794 1774 εἶπεν,
851 1703 956 1759 ἀπὸ
1015 1710 1314 1783 μεταφορᾶς
1371 1710 1463 1759 τοῦ
1514 1700 1599 1762 διὰ
1658 1700 1909 1772 σωλήνων

2001 1699 2240 1776 quidem
2277 1707 2333 1759 et
2365 1718 2570 1760 revera
2608 1703 2848 1780 proprie
2884 1707 2945 1760 ut
2976 1700 3103 1762 fons
3162 1698 3333 1771 lucis,
3370 1703 3429 1758 et
3460 1714 3565 1776 per
3594 1714 3658 1759 se

244 1790 608 1872 διερχομένου
657 1792 870 1855 ὕδατος.
930 1794 1000 1851 Τὸ
1058 1792 1111 1848 δὲ
1172 1794 1235 1848 τὰ
1294 1795 1467 1850 οἰκεῖα
1527 1792 1790 1870 ἐνεργεῖν,
1827 1793 1909 1847 καί

2000 1787 2097 1848 lux
2138 1796 2194 1848 et
2223 1798 2430 1851 auctor
2464 1790 2740 1851 omnibus
2770 1800 2831 1849 ut
2869 1798 2927 1851 et
2958 1789 3095 1863 sint,
3131 1799 3190 1849 et
3219 1788 3413 1867 ipsum
3454 1786 3654 1846 lumen

246 1882 543 1946 ἀπαύστως
578 1882 925 1942 ἀνατετάσθαι
960 1883 1088 1960 πρὸς
1135 1884 1226 1939 τὸν
1289 1885 1441 1956 Θεὸν,
1500 1880 1595 1937 καί
1653 1884 1725 1945 εἰς
1787 1882 1909 1937 iam.

2002 1878 2237 1940 videant
2267 1898 2282 1954 ;
2339 1899 2407 1941 ex
2440 1879 2709 1942 instituto
2742 1887 2962 1955 autem,
2998 1887 3055 1941 et
3084 1877 3375 1942 secndum
3405 1876 3649 1955 gratiam

242 1971 372 2034 τοὺς
410 1969 795 2029 συστέλλεσθαι
836 1970 1023 2052 πάλιν,
1096 1973 1159 2029 τὸ
1230 1971 1328 2048 μὲν
1397 1977 1467 2048 τῇ
1537 1971 1734 2051 ἐφέσει,
1768 1969 1909 2027 τὸδὲ

1998 1967 2105 2031 Dei
2129 1968 2460 2032 imitatione
2488 1988 2558 2031 ex
2585 1980 2751 2051 parte
2777 1989 2894 2032 una
2917 1969 3104 2049 alteri,
3135 1967 3324 2049 prima
3353 1964 3653 2045 sequenti,

244 2066 317 2137 τῇ
375 2068 641 2140 προσοχῇ
677 2064 769 2117 καί
805 2061 873 2129 τῆ
904 2059 1169 2137 εὐλαϐείᾳ,
1231 2072 1386 2121 τοῦτο
1417 2060 1479 2118 ἂν
1510 2062 1731 2128 κληθείη
1790 2064 1909 2118 θεο-

1998 2059 2140 2120 dum
2174 2077 2283 2140 per
2314 2059 2499 2140 ipsam
2557 2060 2630 2121 ad
2684 2060 2844 2121 illam
2892 2058 3104 2124 transit
3134 2056 3484 2137 illustratio;
3540 2055 3656 2117 hoc

247 2149 497 2224 μίμητος
528 2151 722 2229 ἀρετή.
775 2150 937 2217 Τάξιν
968 2150 1020 2207 δὲ
1052 2152 1195 2227 (ipsi);
1247 2153 1343 2219 τὴν
1375 2153 1445 2218 ὡς
1488 2150 1651 2208 ἄλλου
1682 2152 1736 2208 ἐν
1768 2150 1909 2224 ἄλλῳ

1998 2147 2202 2229 utique
2232 2148 2537 2212 derivandi
2572 2149 2859 2212 vocabulo
2891 2167 3036 2211 usus
3082 2164 3190 2230 per
3218 2146 3650 2227 metaphoram,

245 2236 621 2319 διαφυλάττει⁶
685 2241 760 2305 ὡς
818 2242 902 2297 τόο
950 2247 1023 2318 Ζῇ
1082 2240 1136 2298 ἐν
1178 2241 1307 2317 ἒμοῖ
1366 2243 1398 2311 ἡ
1459 2243 1610 2322 ψυχή
1650 2264 1768 2322 σου,
1800 2241 1909 2298 ἀντὶ

1998 2237 2367 2300 acanalibus
2428 2256 2537 2319 per
2596 2258 2745 2321 quos
2801 2257 2954 2320 aqua
3013 2237 3244 2300 transit.
3278 2235 3462 2299 Porro
3496 2235 3651 2316 quod

246 2336 369 2398 τοῦ,
404 2330 442 2397 ἡ
477 2326 793 2386 διδασκαλία
825 2352 940 2405 σου,
982 2332 1067 2387 καὶ
1116 2332 1151 2399 ἡ
1200 2332 1398 2397 ταύτης
1431 2330 1735 2406 μετάδοσις.
1769 2334 1909 2395 Τὲως

1998 2346 2127 2408 qua
2152 2345 2261 2391 sua
2286 2336 2425 2390 sunt
2443 2342 2641 2409 agant,
2667 2337 2722 2391 et
2747 2330 3119 2391 incessanter
3142 2327 3202 2388 in
3227 2326 3411 2389 Deum
3441 2325 3651 2387 inten-

246 2416 305 2475 δὲ
336 2418 398 2475 τὸ
431 2420 532 2492 μὲν
560 2419 701 2476 θέσει
734 2419 880 2475 ἐστίν
911 2423 1055 2500 ἐκεῖ,
1096 2422 1158 2476 τὸ
1203 2418 1257 2475 δὲ
1317 2419 1653 2495 συμϐεϐηκὸς
1688 2423 1747 2477 οὔ
1776 2421 1909 2477 πάνυ

1998 2417 2157 2489 dant,
2183 2426 2240 2478 et
2270 2418 2329 2480 in
2361 2419 2667 2501 semetipsi
2703 2420 2899 2482 denuo
2950 2418 3328 2498 colligantur,
3354 2414 3503 2477 illud
3528 2413 3657 2496 qui-

250 2531 303 2565 τι
391 2507 665 2575 κληθείη·
754 2512 814 2565 τὸ
899 2509 999 2589 γὰρ
1083 2508 1421 2584 συμϐεϐηκὸς
1466 2510 1519 2567 ἒν
1577 2509 1909 2585 ὑποκειμένῳ

1998 2506 2131 2569 dem
2156 2508 2392 2585 aﬂ‘ectu,
2410 2510 2524 2572 hoc
2550 2528 2686 2572 vero
2710 2510 3039 2572 attentione
3070 2527 3137 2570 ac
3158 2505 3516 2580 reverentia,
3549 2522 3644 2566 vo-

242 2598 413 2655 ἐστίν’
456 2599 713 2655 ἀσύνθετα
787 2597 840 2655 δὲ
913 2598 1013 2656 καί
1088 2599 1221 2657 ἐίύλα
1291 2601 1495 2680 ἐκεῖνα,
1570 2601 1657 2657 καὶ
1692 2600 1757 2656 τὰ
1790 2598 1909 2667 εἴδη

1998 2596 2118 2657 cari
2144 2597 2553 2682 possitvirtus,
2583 2618 2713 2681 qua
2735 2601 2922 2663 Deum
2957 2598 3244 2661 imitatur.
3271 2596 3424 2670 Quin
3455 2600 3514 2657 et
3541 2612 3645 2656 or-

247 2688 454 2762 αὗτίυν,
490 2688 622 2758 ζωαῖ
657 2692 760 2767 οὔχ
792 2690 863 2754 ὡς
908 2689 959 2746 ὲν
993 2688 1094 2766 ὕλῃ
1125 2689 1247 2751 εἶσί.
1307 2692 1416 2756 Τὴν
1460 2690 1584 2768 γοῦν
1614 2690 1909 2769 ὑπερτάτην

1998 2688 2197 2752 dinem
2223 2710 2463 2773 quoque
2483 2702 2544 2755 ut
2566 2693 2719 2755 alius
2743 2699 2802 2755 in
2828 2693 2943 2755 alio
2965 2692 3261 2772 observat,
3281 2691 3448 2771 juxta
3466 2687 3641 2750 illud.

248 2773 617 2852 διακόσμησιν
675 2782 729 2833 αἱ
788 2777 969 2836 λοιπαὶ
1027 2780 1263 2858 οὒράνιαι
1334 2780 1525 2854 οὖσίαι,
1584 2781 1717 2842 τέως
1775 2780 1909 2853 μετὰ

1998 2780 2153 2841 Vivit
2183 2780 2244 2843 in
2277 2800 2373 2844 me
2408 2784 2607 2846 anima
2654 2790 2772 2857 tua,
2807 2783 2867 2845 id
2899 2790 2989 2844 est
3020 2782 3293 2844 doctrina
3320 2787 3443 2853 tua,
3476 2778 3644 2858 ejus-

252 2868 383 2922 Θεὸν
419 2866 603 2946 ἀρχὴν
634 2868 889 2946 ἡγοῦνται
924 2875 1023 2935 τῆς
1069 2870 1390 2949 θεογνωσίας
1436 2872 1523 2927 καὶ
1574 2876 1670 2937 τῆς
1719 2873 1905 2946 θεομι-

1998 2887 2105 2949 que
2134 2872 2616 2935 communicatio.
2654 2874 2875 2935 Verum
2914 2872 3155 2954 quidem
3190 2869 3336 2932 illud
3367 2887 3438 2930 ex
3468 2867 3645 2928 insti-

250 2956 453 3031 μησίας
487 2958 681 3032 αὒτῶν,
742 2960 816 3023 ὡς
867 2956 936 3014 δι’
992 2961 1207 3016 εκείνων
1243 2961 1313 3024 εἷς
1349 2960 1504 3022 αὖτὰς
1540 2958 1905 3035 διαδιδομένης

1998 2965 2115 3021 tuto
2148 2960 2235 3022 sic
2273 2978 2338 3022 se
2371 2960 2573 3037 habet,
2621 2969 2678 3024 at
2703 2982 2821 3025 non
2849 2963 3094 3024 omnino
3128 2978 3233 3042 per
3262 2959 3539 3022 accidens
3567 2956 3649 3018 ita

256 3045 349 3111 τῆς
394 3044 718 3122 ἒλλάμψεως
751 3063 765 3078 ⁸
832 3045 913 3104 διὸ
963 3048 1059 3105 καί
1114 3056 1287 3106 πᾶσαν
1326 3048 1593 3127 ἐνέργειαν
1646 3048 1741 3105 ἐπὶ
1777 3050 1906 3105 Θεὸν

1998 3048 2213 3130 aliquid
2247 3051 2440 3112 vocari
2492 3061 2733 3131 posset;
2789 3072 2928 3114 nam
2975 3051 3253 3114 accidens
3284 3050 3345 3110 in
3377 3047 3646 3129 subjecto

260 3136 357 3192 μὲν
384 3135 754 3216 ἀναφέρουσιν,
814 3140 887 3203 ὡς
948 3140 1021 3204 εἷς
1084 3139 1330 3219 ἀρχηγὸν
1385 3141 1472 3196 καὶ
1528 3139 1729 3213 αἴτιον,
1764 3139 1906 3202 αὖθις

252 3221 304 3279 δὲ
338 3224 463 3299 μετ’
502 3225 663 3283 αὒτὸν
735 3226 819 3284 ἐπὶ
890 3229 1011 3292 τοὺς
1083 3230 1349 3308 πρώτους,
1412 3231 1485 3293 ὡς
1543 3229 1765 3308 πρώτως
1838 3229 1909 3293 εἷς

246 3315 442 3379 αὐτοὺς
502 3316 569 3372 τὰ
627 3316 723 3385 τῆς
779 3320 1135 3394 θεομιμησίας
1190 3320 1572 3399 ἀναφαίνοντας
1631 3319 1722 3375 καί
1762 3316 1910 3375 διδᾶς

244 3426 510 3467 σκοντας.
563 3407 762 3463 Λοιπὸν
792 3409 826 3475 ἡ
860 3408 1047 3486 πρώτη
1092 3408 1259 3488 τάξις,
1309 3408 1513 3483 μᾶλλον
1557 3415 1663 3464 τῶν
1709 3405 1905 3482 ἄλλων,

243 3495 313 3549 τὰ
346 3494 624 3571 προσόντα
654 3494 817 3572 ἔαυτῇ
850 3497 969 3576 ἔχει
1015 3500 1077 3555 τὸ
1122 3497 1400 3576 ἐμπόριον,
1453 3496 1583 3575 ὅπερ
1614 3497 1763 3553 ἐστὶν
1803 3496 1908 3552 τῶν

244 3585 519 3663 σεραφίμ,
553 3585 649 3653 τὴν
680 3588 781 3651 τῆς
812 3588 997 3667 σοφίας
1026 3588 1210 3667 χύσιν,
1244 3588 1320 3644 ’έτι
1352 3586 1406 3643 δὲ
1457 3590 1547 3644 καί
1582 3590 1642 3643 τὸ
1674 3608 1905 3665 γνωστιο

236 3675 339 3729 κὸν
371 3678 476 3741 τῆς
509 3673 815 3750 ἐπιστήμης
845 3682 950 3732 τῶν
981 3678 1131 3733 θείων
1192 3676 1534 3756 ἐἏλάμψεων,
1580 3675 1639 3755 (ἡ
1678 3674 1906 3745 ἐπιστή-

240 3786 322 3836 μη
358 3764 463 3840 γὰρ
496 3764 625 3841 πρὸς
656 3766 722 3821 τὰ
754 3764 1019 3832 ἐπιστηταί
1076 3766 1245 3845 ἐστι,)
1299 3770 1388 3823 καὶ
1432 3768 1530 3834 τὴν
1562 3770 1667 3824 τῶν
1697 3765 1908 3843 θρώνων

236 3851 521 3927 ἰδιότητα,
558 3855 620 3909 τὸ
647 3854 995 3933 ἀνεῳγμένην
1024 3854 1272 3924 δηλονότι
1328 3860 1426 3924 τὴν
1480 3856 1602 3935 περί
1636 3854 1728 3911 τοῦ
1759 3854 1907 3911 Θείου

236 3942 433 4007 νόησιν
471 3940 640 4022 ἔχειν,
702 3946 729 4000 ὃ
785 3944 849 4010 δη
904 3944 1149 4025 θεοδοχία
1204 3946 1316 4003 ἐστί
1360 3968 1414 4002 τε
1447 3948 1533 4003 καὶ
1568 3945 1901 4019 ὸνομσίζεται.

244 4028 313 4087 Ἠ
393 4030 447 4086 δὲ
527 4033 645 4107 μετ’
722 4035 888 4102 αὐτὴν
959 4034 1101 4101 τάξις
1135 4036 1355 4116 μετέχει
1393 4036 1490 4112 μὲν
1520 4042 1626 4091 τῶν
1655 4036 1907 4091 τοιούτων

1992 3148 2116 3214 est;
2139 3139 2240 3200 sed
2276 3139 2377 3201 illa
2408 3150 2547 3202 sunt
2579 3143 2973 3223 incomposita
2992 3151 3051 3203 et
3074 3140 3334 3203 materia
3356 3137 3641 3218 expertia,

1992 3228 2344 3309 speciesque
2362 3229 2599 3292 illorum
2624 3232 2780 3311 vita,
2801 3250 2920 3292 non
2946 3232 3100 3293 sicut
3118 3231 3175 3291 in
3198 3228 3463 3304 materia,
3480 3234 3641 3289 sunt.

1994 3317 2350 3398 Supremam
2387 3319 2566 3398 igitur
2596 3319 2933 3382 cmlestium
2968 3317 3494 3397 intelligentiarum
3526 3315 3647 3380 dis-

1996 3406 2356 3487 positionem
2387 3408 2637 3489 reliqua
2666 3410 2941 3472 caelestes
2977 3415 3273 3480 essentia,
3308 3408 3426 3469 huc
3455 3424 3645 3487 usque

1993 3502 2128 3575 post
2151 3497 2341 3556 Deum
2377 3496 2594 3558 divinae
2624 3496 2978 3576 cognitionis
3010 3497 3493 3575 imitationesque
3521 3512 3645 3555 sua

1992 3582 2352 3664 principium
2386 3602 2522 3647 esse
2553 3594 2822 3666 censent,
2877 3586 3034 3667 quod
3072 3604 3181 3666 per
3231 3585 3362 3646 illas
3392 3583 3450 3644 in
3484 3582 3642 3662 ipsas

1990 3672 2308 3735 illustratio
2343 3673 2689 3753 derivetur;
2745 3682 3109 3756 quapropter
3162 3675 3338 3738 etiam
3398 3690 3639 3734 omnem

1990 3767 2283 3824 actionem
2314 3782 2510 3845 suam,
2539 3764 2609 3825 ad
2638 3764 2825 3826 Deum
2860 3764 3098 3845 quidem
3128 3772 3189 3826 ut
3220 3763 3550 3843 principem
3581 3770 3642 3824 et

1991 3860 2307 3913 auctorem
2361 3853 2653 3931 referunt,
2711 3854 2933 3917 deinde
2961 3872 3101 3916 vero
3133 3862 3263 3935 post
3310 3854 3505 3932 ipsum
3562 3851 3637 3913 ad

1990 3942 2213 4025 primas
2237 3941 2368 4003 illas
2395 3951 2942 4025 mentes,tanquam
2963 3962 3095 4024 qua
3118 3943 3324 4023 prima
3344 3942 3401 4002 in
3424 3948 3640 4003 semet-

1987 4023 2131 4111 ipsis
2161 4032 2391 4095 divinas
2424 4023 2875 4097 imitationeset
2908 4023 3233 4098 exhibeant
3265 4043 3322 4096 et
3352 4034 3629 4098 doceant.

234 4118 549 4196 δυνάμεων,
585 4122 879 4202 ὑφειμένως
935 4122 1013 4205 δὲ,
1075 4128 1171 4183 καί
1221 4129 1351 4204 πρὸς
1386 4127 1480 4190 τὰς
1516 4125 1726 4203 πρώτας
1764 4126 1904 4203 ὁρῶ-

1998 4122 2281 4185 Caterum
2317 4122 2545 4203 primus
2578 4124 2680 4186 ille
2713 4124 2859 4186 ordo
2892 4126 2993 4202 qui
3024 4123 3322 4205 seraphim
3355 4130 3466 4198 est,
3490 4123 3639 4185 reli-

234 4231 355 4285 σαι,
394 4209 462 4266 δι’
519 4212 691 4268 αὐτῶν
744 4216 818 4276 ὡς
875 4215 1101 4293 πρώτως
1154 4215 1465 4289 ἠξιωμένων
1507 4221 1604 4282 τῆς
1634 4217 1905 4289 θεομιμη-

1998 4218 2123 4291 quis
2154 4212 2336 4289 magis
2386 4211 2447 4273 in
2500 4229 2564 4274 se
2618 4213 2852 4293 igneam
2903 4214 3159 4276 continet
3195 4232 3303 4277 seu
3332 4214 3642 4294 sapientia

238 4300 367 4363 σίας
433 4301 521 4357 ἐπὶ
578 4304 639 4358 τὸ
695 4301 918 4369 θεοειδές
979 4307 1052 4368 ὡς
1114 4306 1324 4386 ἐφικτὸν
1368 4306 1674 4383 ἀνάγονται·
1714 4301 1902 4359 ἀνατι-

1998 4300 2308 4375 l‘usionem,
2343 4309 2521 4381 atque
2554 4302 2802 4382 insuper
2831 4302 3097 4366 scientia
3127 4303 3455 4365 divinarum
3496 4302 3639 4364 illu-

234 4390 401 4446 θέασι
432 4398 557 4469 γοῦν
590 4406 714 4456 ταῖς
747 4393 982 4473 πρώταις
1041 4396 1115 4458 ὡς
1172 4397 1446 4476 ἱεράρχαις
1483 4397 1616 4471 μετὰ
1649 4395 1778 4450 Θεὸν
1808 4393 1902 4454 τὰς

1998 4390 2338 4451 strationum
2373 4390 2643 4469 peritiam
2671 4393 2946 4470 (scientia
2977 4393 3133 4452 enim
3166 4392 3239 4453 ad
3270 4409 3368 4452 res
3396 4390 3637 4453 scibiles

229 4477 518 4545 ἰδιότητας
551 4480 792 4555 ἐκείνων,
826 4484 900 4536 ὧν
933 4485 1084 4540 αὗται
1115 4486 1170 4539 ἓν
1201 4485 1451 4559 μετουσίᾳ
1482 4485 1739 4563 γίνονται,

1998 4477 2268 4559 refertur)
2306 4477 2781 4559 thronorumque
2815 4479 3261 4561 preprietatem,
3297 4497 3429 4561 qua
3461 4478 3639 4541 nimi-

234 4586 391 4628 rum
433 4568 693 4647 patulam
728 4570 800 4631 ad
835 4570 1019 4633 Deum
1056 4573 1506 4652 intelligentiam
1541 4572 1750 4652 habet,
1779 4567 1940 4648 quod
1973 4568 2080 4630 Dei
2119 4567 2420 4644 susceptio
2466 4575 2521 4629 et
2555 4578 2643 4630 est
2677 4578 2732 4629 et
2760 4568 3119 4649 appellatur.
3156 4569 3312 4631 Ordo
3343 4568 3445 4650 qui
3476 4569 3635 4632 hunc

242 4657 534 4734 sequitur
570 4658 902 4721 istiusmodi
935 4660 1176 4740 quidem
1205 4669 1452 4725 virtutes
1485 4661 1812 4743 participat,
1848 4658 1954 4720 sed
1987 4655 2255 4718 inferiori
2288 4655 2498 4735 gradu,
2536 4665 2595 4717 et
2628 4657 2764 4717 120
2794 4677 2927 4718 cum
2956 4667 3231 4736 respectu
3276 4658 3347 4720 ad
3382 4658 3634 4738 priores,

231 4764 357 4826 per
390 4766 567 4826 quos,
605 4757 882 4829 tanquam
916 4750 1131 4813 divina
1162 4752 1505 4813 imitationis
1538 4749 1935 4831 primicerios,
1967 4746 2039 4808 ad
2075 4744 2537 4807 deiformitatem
2600 4764 2706 4827 pro
2764 4756 2936 4827 captu
2991 4764 3099 4807 suo
3156 4756 3626 4828 promoventur;

234 4854 438 4918 quare
470 4836 647 4897 etiam
686 4838 895 4918 primis
928 4839 1063 4916 illis,
1098 4848 1376 4922 tanquam
1409 4840 1743 4924 prapositis
1772 4838 1918 4919 suis,
1953 4843 2085 4918 post
2117 4837 2303 4898 Deum
2337 4842 2613 4916 acceptas
2643 4836 2841 4897 ferunt
2875 4836 3266 4917 proprietates
3310 4836 3453 4900 istas
3488 4854 3630 4919 qua-

236 4944 383 4990 rum
422 4926 745 5008 participes
775 4927 908 4990 facti
942 4937 1102 4992 sunt.

325 5014 357 5095 §
388 5012 490 5078 Ιν.
526 5015 742 5096 ’Ἔλεγε
775 5026 900 5095 γοῦν
944 5022 970 5076 ὸ
1017 5021 1212 5089 ταύτην
1255 5022 1351 5089 τὴν
1382 5021 1527 5079 λύσιν
1555 5022 1897 5097 ποιούμενος,

225 5108 433 5181 (οἶμαι
457 5104 580 5185 δὲ,ὁ
605 5108 776 5187 μέγας
807 5110 873 5176 ἦν
903 5107 1228 5189 ’1ερόθεος,ἢ
1251 5112 1401 5176 εἴτις
1432 5111 1590 5176 ἄλλος
1620 5109 1739 5170 κατ’
1758 5112 1899 5169 ἐκεῖ·

231 5194 389 5274 νον,)
412 5194 492 5251 ὅτι
518 5198 550 5264 ἡ
576 5197 676 5273 μὲν
709 5196 893 5275 ὅρασις
925 5198 1101 5267 ἐκείνη
1131 5200 1419 5282 ὁπεδείχθη
1448 5209 1525 5278 τῷ
1554 5203 1806 5283 προφήτη
1832 5200 1898 5258 δι’

231 5284 359 5349 ἐνὸς
395 5290 503 5341 τῶν
534 5285 802 5367 ἀγγέλων,
850 5288 1157 5346 ἀναταθέντι
1206 5292 1347 5371 παρὰ
1393 5291 1487 5359 τῆς
1538 5292 1897 5371 χειραγωγίας

226 5374 446 5431 ἱκείνου
479 5376 555 5439 εἷς
582 5376 681 5443 τἠν
711 5365 931 5455 θεωρίαν
965 5365 1322 5461 ἑκείνην,καθ’
1346 5380 1412 5449 ἢν
1447 5365 1588 5460 ἐώρα
1624 5365 1724 5443 τὰς,
1744 5365 1899 5461 ὑπερ-

1998 5365 2443 5461 nanuductione
2473 5367 2547 5429 ad
2579 5368 2752 5430 istam
2810 5371 3379 5461 contemplationem
3434 5370 3630 5461 fuerat

227 5484 405 5525 τατας
438 5462 639 5537 οὐσίας,
673 5467 747 5527 ὡς
784 5454 838 5522 ἐν
874 5454 1190 5543 συμϐόλοιςξ
1216 5454 1596 5550 ἐξαπτερύγους
1624 5472 1727 5527 ὑπὸ
1758 5454 1888 5527 Θεὸν

1998 5463 2237 5536 evectus,
2271 5454 2333 5517 in
2365 5474 2483 5537 qua
2511 5476 2825 5538 supremas
2853 5459 2986 5521 illas
3015 5462 3328 5535 essentias,
3362 5460 3533 5537 quasi
3567 5460 3629 5522 in

226 5551 349 5631 (ὅτι
385 5573 524 5631 μέγα
574 5553 641 5621 ἧν
695 5555 757 5611 τό
807 5563 901 5613 τοῦ
951 5558 1253 5632 καθημένου
1300 5547 1753 5639 ὑπεξῃρημένων),
1797 5563 1887 5617 καὶ

1998 5547 2282 5631 γηιιιοιὶε,
2303 5564 2403 5609 sex
2428 5548 2869 5639 alasihabentes
2896 5551 3044 5611 vidit
3062 5552 3214 5613 infra
3247 5551 3433 5613 Deum
3463 5551 3631 5634 (quo-

232 5641 378 5731 μετᾷ
410 5648 540 5699 Θεοῦ
576 5641 659 5722 (οὒ
688 5644 789 5723 γὰρ
814 5644 950 5712 ἦσαν
979 5646 1080 5725 πρὸ
1110 5648 1324 5705 ὲκείνων
1354 5638 1527 5729 ἕτεραι
1557 5650 1774 5731 τάξεις),
1798 5652 1884 5707 καὶ

1998 5643 2125 5702 tiam
2162 5655 2445 5717 perquam
2480 5638 2699 5701 eximia
2729 5648 2857 5701 erat
2906 5641 3189 5720 majestas
3220 5639 3539 5724 sedentis);
3569 5659 3628 5712 et

232 5730 366 5816 περί
400 5734 554 5811 Θεὸν,
590 5731 671 5801 ὅτι
704 5733 885 5814 κύκλῳ
911 5735 1154 5799 ἵσταντο.
1218 5739 1291 5801 Τὸ
1345 5736 1401 5805 δὲ
1456 5728 1740 5827 ἱδρυμένων
1773 5747 1881 5799 τῶν

1998 5745 2128 5802 una
2141 5728 2331 5792 Deum
2347 5730 2509 5811 (quia
2525 5746 2641 5791 non
2656 5735 2828 5797 erant
2854 5728 2955 5796 alii
2984 5729 3226 5796 ordines
3246 5730 3480 5821 priores
3504 5732 3623 5815 iis),

2069 5013 2213 5093 §1V.
2233 5010 2449 5075 Aiebat
2468 5012 2668 5095 itaque
2691 5014 2791 5095 qui
2814 5014 2965 5079 hanc
2988 5016 3349 5079 solutionem
3374 5015 3636 5078 tradide-

1980 5111 2071 5165 rat
2093 5107 2253 5179 (puto
2276 5109 2473 5163 autem
2505 5120 2781 5183 magnum
2813 5102 3203 5168 Hierotheum
3235 5105 3441 5181 fuisse,
3463 5104 3553 5168 vel
3578 5106 3633 5168 si

1980 5191 2115 5271 quis
2134 5189 2286 5251 alius
2307 5188 2393 5251 illi
2417 5193 2721 5254 secundus
2745 5193 2839 5269 sit)
2867 5194 3158 5257 visionem
3189 5194 3429 5275 quidem
3467 5193 3630 5256 illam

1981 5277 2304 5342 exhibitam
2335 5278 2641 5359 propheta
2668 5297 2777 5361 per
2805 5280 3066 5362 aliquem
3097 5281 3401 5362 angelum,
3456 5283 3629 5361 cujus
