4052 6452
452 403 569 475 315

1633 408 1694 472 S.
1745 408 1930 473 DION
1943 407 2067 471 YSI
2076 406 2096 470 Ι
2142 404 2672 472 AREOPAGIT/E.

3728 407 3834 477 316

453 552 512 608 et
538 544 697 608 circa
722 543 938 619 Deum,
966 539 1253 622 quoniam
1284 541 1341 605 in
1372 540 1626 605 circuitu
1655 542 1910 606 stabant.
1932 541 2132 618 Quod,

2218 543 2383 613 άξεων
2413 547 2476 605 rb
2505 547 2638 624 πρὸς
2695 545 2761 605 τὰ
2818 543 2967 603 κάτω
3024 541 3238 612 ἀκλινὶς
3297 540 3465 612 δηλοῖ
3514 539 3607 605 καί
3638 546 3834 624 ἄματα.

450 642 649 698 autem
683 633 925 697 ordines
969 632 1056 696 illi
1108 632 1323 695 ﬁrmati
1377 639 1600 710 essent,
1657 631 1929 715 designat
1980 634 2117 697 illos

452 741 592 804 erga
619 722 907 787 inferiora
938 739 1074 785 esse
1132 721 1490 784 inﬂexibiles
1527 730 1585 784 et
1618 721 1986 785 immobiles.
2024 723 2115 786 Ad

454 815 581 879 haec
605 814 752 877 vidit
773 814 1138 877 eminentem
1159 812 1444 875 verticem
1470 813 1531 875 in
1559 814 1758 876 me’lio
1782 832 1987 877 eorum
2014 815 2125 877 de-

453 924 635 986 super
668 905 994 977 ﬁrmatum,
1029 922 1098 965 ex
1131 920 1383 985 quorum
1423 902 1828 984 symbolarum
1863 903 2118 967 visioni—

453 992 567 1057 bus
596 994 834 1067 didicit,
886 992 1158 1054 divinum
1198 992 1436 1055 Numen
1490 991 1820 1056 secundum
1873 1011 2117 1055 omnem

458 1082 974 1165 supernaturalem
1007 1081 1451 1156 excellentiam,
1505 1081 1637 1143 sine
1668 1083 2121 1164 comparatione

457 1173 820 1237 autecellere
851 1170 1150 1233 visibilem
1182 1188 1420 1235 omnem
1454 1179 1512 1234 et
1542 1170 1909 1235 invisibilem
1942 1179 2117 1235 natu-

456 1278 610 1341 ram;
635 1263 871 1345 didicit,
890 1261 964 1325 ab
990 1261 1270 1324 omnibus
1299 1261 1549 1345 insuper
1578 1262 1842 1326 divinum
1874 1266 2120 1329 Numen

460 1360 798 1436 exemptum
852 1370 1010 1433 esse,
1067 1360 1345 1433 tanquam
1378 1351 1689 1415 dominum
1738 1371 1773 1416 a
1822 1354 2035 1429 servis,
2064 1361 2124 1417 et

459 1452 788 1504 creatorem
822 1461 857 1504 a
881 1442 1210 1504 creaturis:
1248 1449 1308 1504 et
1349 1461 1466 1504 non
1499 1443 1691 1505 solum
1723 1443 1880 1518 aliis,
1909 1444 2016 1507 sed
2048 1462 2124 1506 ne

460 1531 671 1614 primis
702 1531 949 1613 quidem
994 1529 1346 1596 substantiis
1402 1532 1600 1597 simile
1637 1535 1940 1610 existere;
1991 1538 2121 1597 tum

460 1624 595 1705 quia
614 1622 760 1685 illud
787 1621 847 1683 iu
873 1622 1087 1684 throno
1131 1623 1499 1703 ordinesque
1533 1641 1669 1685 cum
1704 1632 1967 1687 tremore
1993 1624 2116 1686 cir-

461 1719 832 1775 cumstantes
864 1710 1030 1786 vidit,
1070 1719 1192 1773 tum
1226 1712 1366 1794 quia
1399 1713 1623 1793 primos
1672 1712 1916 1776 ordines
1952 1713 2117 1776 vidit.

463 1801 526 1866 Si
557 1802 756 1882 itaque
776 1801 1040 1863 divinum
1067 1799 1302 1865 Numen
1327 1821 1400 1865 ne
1426 1802 1634 1885 primis
1656 1802 1900 1883 quidem
1928 1802 2125 1866 simile

465 1893 781 1967 existebat,
806 1892 950 1973 quid
973 1892 1259 1971 cogitabit
1280 1892 1414 1975 quis
1434 1893 1508 1956 de
1532 1892 1962 1974 sequentibus?
1984 1893 2126 1956 Ter-
2150 1929 2185 1979 Β

468 1984 545 2047 tio
568 2003 809 2065 quoque
828 1983 1061 2055 didicit,
1083 1983 1269 2045 Deum
1296 1983 1567 2046 omnium
1594 2002 1726 2046 esse
1757 1984 2121 2065 principium

467 2082 526 2136 et
551 2092 816 2151 causam,
844 2073 1324 2136 indissolubilem
1354 2080 1412 2134 et
1434 2072 1891 2149 immutabilem,
1914 2093 1983 2136 ex
2008 2093 2124 2156 qua

468 2172 585 2226 tam
613 2181 744 2224 esse
767 2182 945 2244 quam
973 2162 1129 2226 bene
1169 2182 1302 2225 esse
1332 2162 1450 2225 illis
1473 2162 1699 2242 obtigit.
1730 2162 1899 2226 Unde
1926 2172 2122 2226 autem

469 2264 525 2317 et
548 2254 691 2316 illud
716 2253 892 2318 dicit?
912 2253 992 2317 Ex
1018 2273 1087 2316 eo
1110 2254 1266 2335 quod
1291 2252 1493 2316 omnia
1513 2255 1582 2315 ad
1608 2255 1802 2336 ipsum
1827 2262 2120 2335 spectent,

467 2344 787 2425 omniaque
809 2344 882 2406 ad
911 2363 1046 2406 eum
1075 2344 1230 2405 tend;
1259 2352 1341 2418 nt,
1369 2353 1431 2405 ut
1458 2344 1561 2426 qui
1582 2343 1845 2424 benigne
1876 2345 2123 2406 omnino

468 2434 728 2497 victoriae
780 2435 1084 2515 pramium
1147 2433 1389 2497 tribuat.
1446 2434 1759 2509 Quomodo
1814 2442 1945 2515 post
1976 2453 2124 2497 con-

467 2525 914 2607 templationem
973 2525 1137 2588 circa
1188 2527 1423 2587 Numen
1475 2525 1743 2587 divinum
1800 2525 2127 2587 deiformes

472 2615 694 2678 deinde
727 2616 973 2677 virtutes
1022 2633 1092 2677 ac
1143 2614 1445 2696 serapbim
1499 2614 1731 2690 didicit,
1766 2623 1971 2677 etnon
2025 2631 2127 2676 se-
2179 2611 2185 2617 ’

473 2705 736 2769 cundum
775 2704 1053 2767 ordinem
1086 2704 1196 2767 ista
1230 2704 1522 2786 patefacta
1576 2710 1756 2767 sunt?
1810 2703 1899 2766 Ac
1928 2703 2132 2765 dicere

471 2795 671 2870 liceat,
703 2795 860 2876 quod
895 2794 1360 2875 supereminens
1390 2794 1579 2872 gloria
1607 2792 1877 2857 sedentis
1932 2793 2129 2873 ipsum

472 2886 687 2947 fecerit
733 2884 857 2946 illic
917 2885 1175 2965 primum
1208 2883 1481 2945 obtutum
1519 2884 1726 2963 ﬁgere,
1774 2901 1841 2944 ac
1888 2882 2127 2955 deinde,

475 2985 786 3057 postquam
811 2974 869 3036 id
906 2974 1058 3056 quod
1092 2972 1330 3035 Domini
1365 2982 1492 3035 erat
1526 2973 1789 3035 medium
1832 2990 1901 3034 ac
1952 2972 2129 3034 mini-

477 3065 801 3128 nistrorum
852 3063 1257 3127 diversitatem
1315 3062 1630 3137 didicerat,
1664 3061 1915 3125 virtutes
1964 3077 2131 3123 sera-

476 3155 639 3235 pbim
669 3153 946 3216 edoctum
980 3172 1145 3231 esse;
1178 3153 1458 3235 quoniam
1478 3159 1723 3215 virtutes
1751 3151 1940 3231 igneae
1967 3160 2128 3226 sunt,

473 3248 650 3328 juxta
716 3245 1264 3308 denominationem
1339 3263 1531 3322 suam,
1597 3244 1682 3305 uti
1757 3243 1931 3322 paulo
2004 3251 2193 3320 postc

481 3338 579 3399 hic
609 3344 848 3398 sanctus
881 3334 1126 3397 tradidit
1180 3342 1237 3396 et
1298 3333 1587 3414 explicuit
1638 3341 1830 3413 capite
1893 3334 1989 3395 15.
2025 3332 2133 3395 Di—

479 3426 626 3490 dicit
657 3444 894 3508 quoque
925 3443 1203 3488 senarum
1235 3426 1463 3487 alarum
1520 3442 1747 3485 sacram
1805 3424 2130 3495 ﬁctionem,

485 3518 615 3579 12!
656 3515 1159 3599 quemadmodum
1204 3514 1378 3577 etiam
1414 3523 1549 3576 ante
1578 3514 1834 3595 dixerat,
1871 3522 2133 3575 mentem

480 3627 720 3671 omnem
754 3619 814 3671 et
838 3606 1065 3688 primos
1096 3615 1152 3668 et
1186 3606 1415 3667 medios
1447 3613 1505 3667 et
1538 3615 1874 3684 postremos
1890 3603 2136 3666 ordines

481 3699 723 3761 habere.
761 3696 900 3759 Erat
928 3697 1127 3776 itaque
1158 3695 1279 3758 illic
1328 3695 1505 3761 etiam
1539 3694 1881 3756 istiusmodi
1923 3693 2136 3771 triplex

482 3787 631 3850 ordo
654 3786 715 3849 in
738 3804 1015 3867 suprema
1042 3794 1098 3847 et
1133 3784 1407 3847 absoluta
1436 3783 1808 3846 intentione:
1840 3781 2135 3862 siquidem

483 3896 616 3958 quae
647 3875 755 3939 alie
784 3874 991 3936 solutae
1018 3872 1411 3955 apparebant.
1456 3870 1610 3946 Quin
1640 3882 1697 3933 et
1728 3871 1998 3933 carentia
2030 3889 2137 3949 pe-

484 3966 651 4041 dum,
672 3976 735 4028 et
764 3963 1083 4027 multitudo
1108 3963 1328 4042 pedum
1362 3980 1598 4042 eorum,
1621 3978 1691 4022 ac
1722 3960 1880 4039 quod
1910 3960 2142 4022 duabus

487 4055 729 4136 quidem
759 4055 870 4118 alis
893 4053 1339 4116 absconderem
1367 4071 1434 4113 ac
1463 4058 1732 4130 tegerent
1765 4050 1948 4130 pedes
1977 4069 2138 4126 suos,

488 4144 720 4207 duabus
753 4147 891 4207 item
915 4152 1220 4225 aspectum
1248 4142 1531 4203 facierum
1561 4158 1800 4201 suarum
1824 4140 2138 4221 abderent,

480 4235 710 4297 duabus
742 4253 878 4296 vero
908 4233 1120 4295 mediis
1150 4250 1392 4312 semper
1424 4239 1831 4305 moverentur;
1868 4231 2016 4305 haec,
2043 4237 2141 4292 in-

481 4344 685 4407 quam,
719 4326 794 4387 ab
824 4324 952 4404 ipso
983 4323 1107 4385 visa
1138 4321 1211 4382 ad
1248 4320 1517 4383 notitiam
1549 4339 1679 4383 eam
1733 4319 2139 4395 adduci-bant,

482 4434 588 4494 per
616 4416 830 4477 multas
851 4414 1099 4492 quidem
1128 4412 1308 4474 facies
1331 4411 1447 4490 ipsi
1471 4410 1829 4473 declarando
1860 4411 1970 4471 vim
1997 4410 2146 4471 mul—

2199 640 2437 705 κίνητον,
2468 636 2646 708 Ἐώρα
2701 633 2757 693 δὲ
2819 635 2905 694 καὶ
2947 636 3047 704 τὴν
3106 633 3445 714 ἑξῃρημένην
3493 634 3764 715 ἀκρότητα
3789 639 3836 698 ἒν

2201 727 2351 803 μέσῳ
2405 727 2603 784 τούτων
2657 722 3097 805 ὑπεριδρυμένην’
3147 726 3427 783 κάντεῦθεν
3487 726 3550 785 ἐκ
3605 732 3707 795 τῆς
3763 727 3837 788 διὰ

2200 823 2307 874 τῶν
2336 815 2620 892 συμϐόλων
2663 816 2897 894 ὁράσεως
2954 817 3030 880 εἷς
3089 812 3425 874 διδασκαλίαν
3485 816 3734 899 ἀνήγετο,
3763 817 3836 878 ὅτι

2201 906 2529 985 ἆσυγκρίτως
2603 906 2737 963 κατᾶ
2806 911 2981 964 πᾶσαν
3009 906 3286 987 ὑπεροχὴν
3358 906 3454 963 nati?
3526 907 3834 985 ὑπεροοσίως

2200 998 2263 1053 rb
2293 1004 2451 1054 Θεῖον
2478 994 2788 1076 ὑπέρκειται
2847 996 3025 1065 πάσης
3083 998 3280 1074 ὁρατῆς
3337 995 3427 1053 καὶ
3490 996 3714 1064 ἀοράτου
3747 998 3833 1055 οὗ·

2201 1086 2341 1150 σίας’
2375 1084 2690 1166 ἐμάνθανεν,
2761 1085 2843 1142 ὅτι
2912 1088 3008 1144 καί
3081 1085 3297 1143 πάντων
3350 1084 3493 1145 ἰστὶν
3524 1085 3835 1167 ἐξῃρημένον

2201 1176 2264 1234 rb
2296 1184 2480 1256 Θεῖον,
2508 1177 2585 1241 ὡς
2614 1173 2879 1243 δεσπότης
2910 1173 3132 1249 δούλων,
3184 1176 3272 1233 καὶ
3329 1179 3563 1244 ποιητὴς
3622 1177 3835 1254 κτισμά-

2203 1287 2334 1328 των,
2366 1266 2454 1322 καὶ
2484 1266 2578 1322 οὒκ
2618 1264 2867 1345 ἐμφερὲς,
2924 1267 3003 1341 μὴ
3060 1266 3224 1342 μόνον
3282 1277 3401 1330 τοῖς
3461 1264 3668 1348 ἄλλοις,
3727 1266 3834 1326 ἀλλ’

2205 1355 2321 1414 οὑδὲ
2353 1368 2476 1421 ταῖς
2534 1356 2770 1435 πρώταις
2799 1358 2989 1421 αὐταῖς
3046 1355 3279 1419 οὖσίαις³
3340 1355 3524 1414 ἐκεῖνο
3583 1357 3701 1432 μὲν,
3756 1356 3827 1416 ὅτι

2205 1446 2266 1501 rb
2299 1445 2396 1521 μὲν
2439 1445 2532 1502 ἐπὶ
2584 1445 2768 1523 θρόνου
2824 1444 2993 1525 ἐώρα,
3050 1445 3148 1509 τὰς
3208 1443 3263 1503 δὲ
3323 1444 3497 1513 τάξεις
3529 1446 3663 1522 μετὰ
3690 1444 3835 1525 φόϐου

2204 1534 2514 1610 ἱσταμέναςο
2601 1534 2779 1608 τοῦτο,
2867 1534 2948 1591 ὅτι
3034 1535 3129 1594 τὰς
3214 1534 3431 1614 πρώτας
3496 1534 3606 1592 εἱδε
3656 1535 3830 1603 τάξεις.

2208 1626 2265 1682 Ei.
2296 1631 2421 1702 γοῦν
2476 1639 2597 1692 ταῖς
2643 1625 2872 1704 πρώταις
2908 1626 3003 1682 οῦκ
3033 1630 3098 1703 ᾖν
3129 1624 3356 1707 ἐμφερὲς
3415 1627 3478 1683 rb
3536 1634 3713 1701 Θεῖον,
3762 1626 3836 1685 ἐπὶ

2205 1714 2324 1778 τοῖς
2358 1713 2616 1793 δεδτέροις
2651 1714 2699 1771 τί
2729 1711 2792 1769 ἄν
2818 1713 3059 1773 ἒννοοῖτό
3117 1736 3236 1789 τις;
3304 1716 3404 1774 Καὶ
3460 1715 3635 1794 τρίτον
3682 1714 3830 1792 ἒμανο
3885 1760 3893 1769 ,

2205 1810 2350 1881 θανε,
2385 1809 2445 1863 τὸ
2489 1807 2705 1865 πάντων
2761 1807 2941 1888 ἆρχην
2998 1809 3089 1865 καὶ
3144 1808 3317 1866 αἰτίαν
3378 1809 3525 1865 εἶναι
3583 1806 3833 1866 ἀδιάλυτόν

2205 1919 2264 1953 τε
2293 1898 2380 1953 καὶ
2420 1894 2800 1978 ἀναλλοίωτον,
2862 1897 2948 1977 ὑφ’
3005 1899 3073 1965 ἧς
3131 1899 3218 1955 καὶ
3278 1900 3340 1955 τὸ
3399 1898 3546 1955 εἶναι
3596 1900 3680 1956 καὶ
3706 1898 3832 1956 τὸεῦ

2207 1986 2653 2052 εἷναικᾶκείναις
2710 1986 2844 2046 ἐστί.
2908 1988 3070 2044 Πόθεν
3131 1985 3185 2044 δὲ
3241 1992 3328 2045 καὶ
3386 1994 3542 2045 τοῦτο
3585 1988 3828 2063 κατεμάν-

2207 2078 2400 2151 θανεν;
2473 2076 2535 2130 ἔκ
2604 2083 2697 2132 τοῦ
2766 2076 2832 2131 τὰ
2902 2074 3075 2132 πάντα
3135 2078 3265 2156 πρὸς
3300 2076 3462 2133 αὖτὸν
3515 2075 3725 2155 ἆφορᾷν,
3755 2069 3830 2132 καί

2207 2165 2380 2221 πάντα
2435 2165 2567 2242 πρὸς
2626 2167 2781 2224 αὖτὸν
2837 2164 3219 2239 ἀνατείνεσθαι,
3275 2164 3621 2229 πανευλαϐὦς
3676 2166 3827 2234 πάντη

2208 2252 2621 2331 ἀποπληροῦντα
2651 2256 2740 2311 τὸν
2772 2255 3051 2320 ἐπινίκιον,
3087 2262 3208 2320 Πως
3267 2257 3408 2331 μετὰ
3465 2256 3565 2324 τὴν
3618 2256 3728 2334 περὶ
3774 2256 3825 2311 τὸ

2211 2352 2367 2400 Θεῖον
2395 2346 2638 2422 θεωρίαν,
2674 2345 2797 2401 εἶτα
2827 2347 2922 2411 τὰς
2951 2343 3206 2409 θεοειδεῖς
3262 2344 3512 2421 δυνάμεις
3557 2352 3659 2402 τῶν
3685 2366 3823 2424 σερασ

2210 2436 2307 2513 φὶρ.
2337 2434 2722 2510 κατεμάνθανε,
2779 2436 2866 2492 καὶ
2940 2437 3000 2492 οῦ
3067 2435 3204 2493 κατὰ
3234 2436 3382 2503 τάξιν
3413 2435 3680 2516 ἀνήγετος
3746 2434 3828 2492 Καί

2211 2522 2351 2581 ἔστιν
2383 2526 2580 2606 εἰπεῖν,
2615 2524 2694 2581 ὅτι
2724 2527 2785 2583 τὸ
2814 2523 3142 2605 ὑπερϐάλλον
3173 2531 3272 2594 τῆς
3304 2524 3464 2594 δόξης
3491 2527 3582 2584 τοῦ
3612 2522 3822 2598 καθημέ-

2215 2636 2304 2670 νου
2332 2614 2595 2682 πεποίηκε
2652 2622 2836 2673 τοῦτον
2889 2616 3066 2673 ἐκεῖσε
3096 2614 3321 2681 πρώτως
3355 2616 3697 2691 ἀναταθῆναι,
3725 2626 3826 2671 sm

2216 2701 2331 2779 μεθ’
2365 2705 2391 2760 ὃ
2421 2703 2581 2780 ἔμαθε
2613 2705 2675 2762 rb
2706 2704 2870 2781 μέσον
2899 2713 2992 2762 τοῦ
3021 2704 3278 2763 δεσπότου
3306 2709 3401 2764 καὶ
3433 2711 3537 2764 τῶν
3572 2704 3754 2762 δοὺλων
3775 2703 3824 2759 τὸ

2216 2790 2484 2875 διάφορον,
2519 2795 2740 2871 ἐμυεῖτο
2769 2796 2863 2860 τὰς
2894 2794 3137 2871 δυνάμεις
3166 2795 3275 2852 τῶν
3303 2797 3560 2876 σεραφὶμ,
3593 2795 3670 2851 ὅτι
3695 2791 3824 2850 δυνά-

2216 2903 2334 2958 μεις
2364 2882 2609 2961 ἐμπύριοί
2639 2885 2762 2963 εἶσι,
2823 2885 2961 2943 κατὰ
3015 2885 3113 2953 τὴν
3173 2883 3346 2941 αὑτῶν
3409 2885 3727 2962 επωνυμίιν,
3769 2882 3821 2945 ὡς

2214 2975 2402 3051 μικρὸν
2435 2974 2655 3054 ὕστερον
2688 2977 2715 3030 ὁ
2745 2974 2897 3054 ἅγιος
2928 2973 3072 3032 εἴποι
3117 2975 3206 3032 καὶ
3234 2976 3574 3055 ὑφηγήσεται
3605 2973 3657 3029 ὲν
3682 2971 3749 3046 τῷ
3772 2966 3817 3026 ιε’

2213 3061 2504 3142 κεφαλαίῳ.
2538 3062 2831 3140 Ἐμάνθανε
2888 3065 2985 3132 τὴν
3028 3069 3133 3122 τῶν
3193 3066 3410 3139 πτερῶν
3456 3061 3825 3138 ἐξαπλῆνίεροο

2214 3151 2499 3227 πλαστίαν,
2530 3152 2612 3210 ὅτι
2649 3154 2821 3218 καθὼς
2851 3154 2940 3211 καὶ
2968 3154 3225 3233 πρότερον
3268 3153 3478 3235 ἔλεγεν,
3510 3156 3584 3218 ὡς
3613 3159 3705 3217 πᾶς
3730 3150 3824 3210 νοῦς

2217 3244 2305 3299 καὶ
2336 3245 2573 3321 πρώτας,
2592 3244 2680 3300 καὶ
2711 3241 2905 3323 μέσας,
2938 3244 3027 3299 καὶ
3055 3242 3361 3309 τελευταίας
3392 3244 3510 3324 ἔχει
3539 3241 3719 3308 τάξεις.
3748 3236 3824 3295 Ἦν

2218 3332 2306 3388 οὖν
2363 3333 2583 3389 κάκεῖσε
2615 3334 2648 3401 ἡ
2679 3334 2908 3401 τοιαύτη
2940 3332 3125 3411 τριττῆ
3156 3330 3301 3398 τάξις
3364 3333 3419 3388 ὲν
3476 3334 3542 3411 τῇ
3595 3327 3823 3407 ὑπερτάτῃ

2219 3423 2305 3479 καὶ
2336 3421 2586 3498 ἀπολύτῳ
2615 3421 2886 3479 ἀνατάσει·
2942 3424 2992 3479 αἱ
3034 3422 3134 3501 γὰρ
3188 3420 3276 3479 δύο
3329 3422 3581 3500 πτέρυγες
3610 3416 3825 3476 ἆπύλυτοι

2217 3520 2616 3594 κατεφαίνοντο.
2653 3511 2822 3571 Ἀλλὰ
2862 3513 2952 3570 καὶ
3000 3514 3063 3570 rb
3111 3512 3436 3592 ἆπειρόπουν
3468 3512 3555 3568 καὶ
3593 3506 3825 3566 πολύπουν

2217 3592 2414 3683 αὑτῶν,
2468 3604 2558 3660 καὶ
2606 3604 2667 3659 rb
2720 3615 2838 3668 τοῖς
2899 3604 2997 3678 μὲν
3057 3601 3169 3660 δυσὶ
3228 3615 3450 3682 πτεροῖς
3509 3592 3826 3683 ἂποδιαστέλί·

2219 3678 2410 3750 λεσθαι
2432 3694 2520 3749 καὶ
2549 3694 2832 3750 σκέπεσθαι
2887 3695 2987 3761 την
3043 3693 3173 3772 ὑπὲρ
3233 3678 3355 3757 τοὺς
3415 3690 3602 3770 πόδας,
3643 3698 3747 3747 τοῖς
3783 3678 3827 3737 δδ

2221 3780 2334 3839 δυσὶ
2389 3783 2487 3851 τὴν
2544 3782 2676 3862 ὑπὲρ
2733 3785 2800 3840 τὰ
2856 3782 3118 3859 πρόσωπα
3173 3782 3416 3862 θεωρίαν,
3448 3794 3565 3843 τοῖς
3594 3778 3645 3835 δὲ
3673 3776 3828 3852 μέσοις

2223 3875 2305 3932 ἀεὶ
2334 3878 2623 3956 κινεῖσθαι,
2655 3882 2819 3933 ταῦτα
2877 3874 2942 3945 δὴ
2999 3876 3066 3933 τὰ
3122 3875 3246 3955 παρ’
3290 3878 3494 3934 ὶκείνου
3524 3871 3747 3953 ὁρώμενα
3770 3864 3827 3926 εἷς

2225 3971 2419 4045 γνῶσιν
2456 3965 2658 4044 ἀνῆγον
2691 3967 2881 4035 αὑτὴν,
2927 3965 3264 4042 δηλουμένης
3298 3968 3443 4039 αὐτῷ
3497 3962 3585 4023 διὰ
3639 3957 3828 4045 τοῦτφνς

2226 4042 2311 4113 διὰ
2340 4057 2438 4131 μὲν
2472 4057 2532 4112 τὸ
2578 4042 3026 4136 πολυπρόσωπον,
3086 4060 3188 4124 τῆς
3246 4054 3548 4133 πολυπόρου
3578 4049 3661 4109 καὶ
3688 4042 3831 4136 πᾳλψ

2227 4146 2483 4221 θεάμονος
2517 4144 2808 4219 δυνάμεως,
2866 4145 2953 4204 διὰ
3008 4144 3062 4203 δὲ
3122 4146 3183 4203 rb
3242 4145 3550 4218 σκέπεσθαι,
3580 4145 3673 4207 τῆς
3699 4132 3831 4193 εἶδλν

2226 4234 2393 4312 ὄεέας,
2429 4237 2496 4305 ἢν
2527 4235 2744 4317 ἔχουσιν
2799 4237 2871 4302 εἷς
2930 4237 3029 4305 τὴν
3078 4244 3186 4292 τῶν
3217 4235 3562 4312 ὑψηλοτέρων
3590 4230 3672 4289 καὶ
3697 4226 3831 4297 βαθιν

2225 4325 2391 4404 τὲρων
2449 4315 2645 4392 αὐθάδη
2707 4327 2792 4382 καὶ
2848 4325 3129 4405 ἀνέφικτον
3160 4324 3373 4405 ἔρευναν
3436 4324 3562 4404 (τῶν
3593 4319 3684 4395 μὲν

2227 4395 2458 4495 λοτέρων
2514 4413 2600 4472 διὰ
2632 4416 2693 4472 rb
2729 4417 2794 4472 τὰ
2849 4395 3131 4493 πρόσωπα,
3187 4395 3297 4472 τῶν
3332 4412 3389 4473 δὲ
3443 4395 3722 4487 θαθυτὲρων
3766 4395 3832 4495 8ιᾶ

482 4491 733 4584 tivagant
765 4491 1147 4584 plurimaque
1171 4501 1457 4563 cernendi
1482 4500 1858 4581 facultatem;
1895 4518 2000 4580 per
2029 4496 2132 4560 ob-

2228 4507 2290 4561 rb
2318 4491 2437 4567 τοὺς
2466 4504 2632 4569 πόδας
2663 4491 3005 4582 σκέπεσθαι),
3054 4504 3138 4562 διὰ
3196 4503 3251 4562 δὲ
3307 4507 3370 4562 rb
3423 4501 3727 4571 ἀεικίνητον,
3751 4491 3831 4584 γῆς

482 4595 842 4655 vetationem
871 4612 1036 4666 vero,
1058 4611 1190 4655 eam
1223 4610 1397 4670 quam
1434 4590 1718 4652 exhibent
1748 4588 2144 4651 reverentiam

486 4683 548 4745 in
612 4683 1065 4763 sublimiorum,
1101 4681 1681 4762 profundiorumquc
1729 4682 2145 4760 mysteriorum

487 4772 697 4836 audaci
733 4782 790 4834 et
822 4771 1198 4833 inscrutabili
1230 4767 2145 4848 investigatione(sublimiorum

489 4863 760 4945 quidem,
795 4862 932 4941 quia
962 4862 1159 4924 facies.
1189 4860 1644 4941 profundiorum
1676 4878 1839 4939 vero,
1865 4857 2147 4939 quoniam

492 4963 676 5034 pedes
709 4953 933 5032 tegunt)
965 4970 1071 5033 per
1096 4952 1438 5012 continuam
1465 4968 1605 5011 vero
1631 4948 1986 5022 motionem,
2010 4948 2149 5009 alti-

494 5040 743 5104 volantis
768 5054 827 5103 et
853 5039 1234 5102 incessabilis
1253 5038 1358 5101 Dei
1379 5038 1728 5101 imitationis
1745 5037 2146 5114 operationes.

496 5130 651 5206 Quin
677 5139 735 5192 et
759 5130 952 5193 laudis
983 5130 1126 5191 illud
1163 5130 1492 5202 canticum,
1518 5127 1682 5208 quod
1725 5146 1758 5188 ο
1794 5129 1913 5188 Deo
1945 5126 2154 5208 incipit

499 5231 556 5283 et
588 5221 646 5283 in
680 5220 868 5284 Deum
903 5220 1161 5281 desinit:
1193 5217 1479 5298 Sanctus,
1508 5225 1782 5297 sanctus,
1815 5226 2065 5278 sanctus
2098 5224 2151 5296 ’⁵,

502 5311 792 5392 propheta
823 5309 1208 5383 edocebatur,
1243 5306 1316 5369 ab
1347 5306 1586 5387 angelo,
1617 5304 1731 5388 ipsi
1783 5304 2155 5385 ejuscemodi

498 5418 730 5461 sacram
763 5397 1032 5461 notitiam
1083 5397 1605 5459 communicante:
1642 5413 1778 5456 nam
1814 5394 2152 5457 istiusmodi

496 5489 809 5551 scientiam
846 5489 976 5567 ipse
1009 5490 1236 5567 primus
1266 5506 1299 5547 ει
1333 5485 1800 5566 ρι’ίεοοεεονίὺυε
1830 5485 1953 5544 suis
1985 5484 2150 5545 acci-

501 5580 695 5661 piens,
715 5579 1022 5658 prophetae
1048 5576 1343 5638 tradebat:
1371 5574 1442 5637 ad
1473 5574 1593 5643 haec
1619 5574 1809 5653 ipsum
1837 5573 2148 5645 edocebat,

499 5669 604 5732 Dei
630 5666 1139 5746 participationem
1166 5682 1404 5747 quoquo
1434 5664 1610 5726 modo
1633 5664 1795 5746 puris
1825 5661 2152 5745 expiationi

572 5773 919 5855 nIsav1,3.

2229 4595 2522 4669 ὑψιπετοῦς
2594 4596 2679 4651 καὶ
2746 4579 3124 4666 ἆκαταλῆτκτου
3191 4594 3518 4670 θεομιμήτου
3581 4579 3828 4664 ἓνεργεῖας·

2232 4681 2399 4738 Ἀλλὰ
2444 4684 2535 4739 καί
2567 4684 2666 4750 τὴν
2696 4681 2959 4759 ὑμνῳδίαν
3012 4683 3219 4752 ἐκείνην
3281 4689 3370 4751 τὴν
3427 4684 3489 4738 'u.
3538 4681 3662 4735 Θεοῦ
3687 4672 3830 4759 ἄρχο-

2233 4771 2402 4845 μένην
2472 4774 2566 4829 καῖ
2640 4758 2737 4831 εὶς
2788 4774 2917 4830 Θεὸν
2950 4774 3247 4852 λήγουσαν,
3305 4773 3404 4841 τὴν
3436 4770 3656 4852 ”Αγιος,
3684 4758 3827 4835 ἅγιος,

2230 4860 2409 4938 ἅγιος,
2469 4862 2911 4942 ἑμυσταγωγεῖτο
2941 4864 2969 4920 ὃ
2999 4851 3307 4943 προφήτης,
3366 4869 3460 4920 τοῦ
3511 4851 3723 4936 ἀγγέλου
3747 4863 3829 4946 μξ⁶

2235 4949 2533 5029 ταδιδόντος
2591 4954 2734 5028 αῦτῷ
2791 4954 2889 5021 τῆς
2945 4954 3198 5021 τοιαύτης
3256 4954 3399 5032 ἱερᾶς
3455 4949 3712 5039 γνώσεωεζ
3752 4949 3826 5039 τῖδν

2233 5041 2334 5119 γὰρ
2377 5041 2635 5108 τοιαύτην
2665 5049 2863 5120 γνῶσιν
2919 5044 3077 5106 αὐτὸς
3137 5028 3346 5122 πρῶτος
3397 5039 3481 5096 διὰ
3507 5037 3606 5093 τῶν
3632 5028 3725 5109 πρὸ
3750 5028 3828 5122 α’ξ⁴

2231 5103 2324 5185 τοῦ
2353 5103 2655 5204 δεξάμενος,
2678 5103 2690 5120 ι
2719 5136 2796 5204 τῷ
2851 5103 3102 5212 προερήῇ
3162 5103 3501 5210 ᾖιρέτέεμπε,
3557 5103 3685 5200 Πρὸξ
3730 5103 3828 5165 rod-

2233 5240 2346 5282 τοις
2379 5217 2643 5277 ἐδίδασκεν
2677 5223 2833 5278 αὐτὸν
2883 5211 2977 5279 καὶν
3029 5220 3207 5294 τοῦτο,
3243 5217 3322 5277 ὅτι
3375 5220 3410 5287 ἦ
3466 5212 3556 5272 τοῦ
3587 5211 3706 5266 θεοῦ
3727 5214 3831 5309 μξῖ

2235 5310 2385 5366 ουσία
2466 5323 2585 5375 τοῖς
2670 5315 2924 5389 καθαροῖς
2997 5313 3240 5368 ὁπωσοῦν
3287 5307 3534 5386 κάθαρσις
3577 5290 3833 5389 lcum-'53"

2237 5398 2391 5455 τίνων
2456 5397 2510 5456 δὲ
2574 5407 2726 5457 τοῦτο
2774 5400 3079 5474 ὲδίδασκενς
3130 5398 3181 5467 ἐξ
3225 5404 3300 5458 ὧν
3349 5399 3377 5455 ὀ
3420 5390 3648 5472 Σερπφὶελ
3708 5379 3834 5474 Ῠῦτον

2237 5487 2528 5568 ἐκάθηρεν.
2566 5491 2625 5549 Ὀ
2655 5493 2753 5567 γὰρ
2787 5491 3015 5570 καθαρὸς
3047 5468 3221 5553 άλλως
3288 5491 3381 5548 οῦκ
3441 5468 3553 5565 ἔχει
3583 5468 3828 5570 καθέξεις

2237 5580 2282 5634 εὶ
2313 5581 2391 5652 μὴ
2421 5543 2574 5645 αὐτὸς
2604 5543 2985 5659 «ingeniatis
3038 5580 3155 5661 ἔχει
3209 5580 3302 5649 τὴν
3354 5543 3617 5664 κάθαρσιξι

2240 5668 2355 5726 ἐστι
2386 5683 2502 5731 τοῖς
2538 5652 2783 5732 ὁπωσοῦν
2832 5652 3107 5753 καθαροῖς-
3143 5672 3179 5739 ἡ
3240 5665 3485 5754 μετουσία
3541 5656 3629 5729 τῆς
3681 5652 3831 5704 θεῖκτί(
