4052 6424
415 339 535 408 319
1587 350 1649 412 S.
1694 343 2033 410 DIONYSII
2075 340 2598 409 AREOPAGITE.
3673 338 3793 404 320

415 497 555 543 suas
582 479 655 542 ad
687 481 878 563 ipsum
901 481 1161 546 referant
1195 487 1490 561 actiones;
1513 482 1599 546 sic
1630 481 1879 562 angelus
1907 499 2051 562 quo«

2138 478 2503 555 ἐκπέμποντα,
2564 478 2893 558 ἀνατίθησιν,
2945 479 3005 536 οὒ
3061 478 3501 559 σφετεριζόμενος
3548 478 3650 545 τὴν
3696 495 3791 533 τι-

415 586 535 650 que
566 570 661 651 qui
688 569 1030 649 theologum
1063 572 1533 653 expiabat,suam
1559 571 1837 655 expiandi
1860 572 2051 634 scien-

2141 568 2246 645 μὴν
2292 570 2377 625 καὶ
2409 567 2529 626 οἷον
2559 566 3027 648 φιλοτιμούμενος,
3080 567 3292 647 (πόῤῥω
3314 569 3415 646 γὰρ
3442 568 3509 624 τὰ
3541 570 3664 624 θεῖα
3684 571 3789 635 τῆς

413 657 556 721 tiam
584 657 704 722 Deo
729 660 969 741 quidem
986 672 1051 723 ut
1075 680 1269 724 causze
1288 661 1867 743 ascribit,seraphim
1891 679 2051 734 vero,

2138 657 2389 724 τοιαύτης
2441 655 2768 737 φιλοτιμίας,
2818 657 2937 714 ἀλλ’
2980 658 3101 716 οῖον
3154 656 3273 733 μετ’
3303 655 3577 721 εὐλαϐείας
3608 660 3786 736 ἀγγε-

411 754 694 825 tanquam
725 749 808 811 illi
835 751 937 831 qui
960 749 1152 831 primo
1181 750 1311 813 loco
1335 752 1729 834 expiationem
1758 751 1979 831 excipit
1998 757 2051 812 el

2138 745 2295 845 λικῆς
2351 744 2690 821 ἐκδιδάσκων,
2751 748 2841 804 καὶ
2894 746 3062 826 λέγων
3132 750 3265 827 πρὸς
3319 749 3414 805 τὸν
3468 747 3780 826 προφήτην

412 836 649 920 emittit,
685 840 975 902 honorem
1009 840 1183 901 istum
1210 840 1330 902 sibi
1365 841 1612 903 minime
1634 841 1966 921 vindicans,
1999 846 2051 900 et

2141 834 2273 894 ’Ὁτι
2330 842 2429 903 τῆς
2500 839 2573 900 εἱς
2622 837 2683 893 σὲ
2747 836 2872 915 παρ’
2933 837 3065 913 ἐμοῦ
3117 837 3408 916 γινομένης
3477 838 3788 911 καθάρσεως

411 928 583 1007 quasi
612 928 927 991 ambitiose
948 948 1192 993 sumens
1214 930 1445 1011 (procul
1488 931 1645 993 enim
1670 950 1705 993 a
1723 930 1940 992 divinis
1971 930 2020 990 is
2037 964 2051 976 -

2138 925 2285 1005 ἀρχὴ
2338 925 2432 1003 μέν
2475 924 2616 983 ἐστιν
2659 928 2719 983 ὃν
2776 930 2901 1000 ὁρᾷς
2952 927 3046 985 ἐπὶ
3097 934 3189 985 τοῦ
3238 927 3539 1006 ἐπηρμένου
3593 926 3789 1005 θρόνου

412 1016 696 1080 tiusmodi
718 1018 960 1082 ambitio
993 1020 1131 1099 est),
1154 1021 1258 1083 sed
1286 1039 1421 1083 cum
1454 1020 1724 1101 angelica
1756 1020 2051 1098 quodam-

2141 1016 2295 1081 Θεόν,
2328 1016 2492 1081 Οὗτος
2531 1017 2902 1095 αὖτοκάθκρσίς
2956 1017 3067 1075 ἐστι
3125 1019 3212 1075 καὶ
3273 1019 3420 1077 οὐσία
3448 1015 3784 1094 καθάρσεως,

414 1107 591 1169 modo
619 1111 955 1172 reverentia
976 1110 1199 1174 docens
1229 1129 1297 1173 ac
1336 1111 1544 1173 dicens
1566 1109 1638 1172 ad
1673 1110 2051 1191 prophetam:

2138 1107 2212 1171 ὡς
2270 1106 2419 1164 οὒσία
2473 1108 2668 1187 φωτός.
2705 1105 2867 1171 Οὒτος
2923 1109 2950 1164 ὁ
3006 1109 3094 1165 καὶ
3142 1109 3234 1175 τὰς
3263 1108 3474 1186 πρώτας
3507 1106 3692 1171 αὗσίας
3724 1105 3790 1171 ἅς

409 1193 553 1275 Ejus
585 1217 719 1274 quae
755 1218 862 1280 per
886 1218 979 1261 me
1010 1200 1068 1260 in
1093 1210 1152 1262 te
1171 1200 1478 1281 perﬁcitur
1502 1199 1859 1279 expiationis
1883 1199 2051 1281 prin-

2138 1197 2255 1275 περὶ
2312 1197 2469 1254 αὐτὸν
2511 1200 2733 1275 θεωρεῖς
2793 1199 3144 1276 παραγαγὼν,
3216 1199 3303 1255 καὶ
3361 1204 3397 1274 ᾖ
3447 1199 3564 1268 περὶ
3623 1199 3788 1253 αὐτὸν

410 1284 631 1366 cipium
656 1289 895 1367 quidem
921 1297 1009 1351 est
1032 1289 1397 1371 Deus,quem
1422 1291 1481 1353 in
1512 1292 1728 1353 throno
1759 1289 2051 1352 elevatum

2138 1285 2325 1362 ἱδρύσει
2381 1285 2644 1367 συνέχων,
2680 1287 2766 1342 καὶ
2823 1284 3085 1365 διατηρῶν
3154 1288 3288 1367 πρὸς
3360 1287 3618 1366 ἀτρσψίαν
3705 1287 3797 1343 καὶ

408 1376 628 1441 cernis.
651 1376 759 1439 Hic
782 1386 870 1440 est
899 1378 1027 1461 ipsa
1053 1397 1159 1460 per
1189 1398 1255 1441 se
1280 1380 1539 1460 expiatio
1571 1388 1626 1442 et
1658 1378 1915 1443 essentia
1945 1397 2051 1441 ex-

2138 1376 2567 1451 ἆμεταπτωσίαν.
2634 1374 2950 1453 ’Λτρὲπτους
3007 1376 3061 1434 δὲ
3118 1374 3203 1435 δεῖ
3233 1378 3380 1435 νοεῖν
3424 1376 3614 1440 αὖτοὺς
3661 1376 3792 1433 κατ’

410 1464 710 1544 piationis,
752 1470 886 1529 125
907 1459 1112 1552 utpote
1142 1459 1401 1531 essentia
1418 1468 1685 1531 luminis.
1704 1467 1811 1531 Hic
1834 1476 1923 1530 est
1952 1468 2051 1548 qui

2138 1459 2313 1523 ἐκεῖνο
2343 1463 2459 1521 καθ’
2502 1464 2531 1521 ὅ
2590 1467 2742 1540 εἰσιν,
2803 1467 2922 1524 οἷον
2964 1469 3025 1525 τὸ
3080 1468 3337 1526 ἀθάνατον
3377 1468 3450 1525 εἷς
3480 1469 3578 1533 τὴν
3607 1467 3777 1539 ζωὴν,

408 1557 633 1639 primas
659 1562 975 1635 essentias,
1001 1580 1149 1641 quas
1169 1562 1327 1624 circa
1359 1579 1496 1623 eum
1531 1561 1716 1641 vides,
1753 1561 2051 1642 produxit,

2138 1555 2255 1611 καθ’
2306 1554 2371 1624 ἢν
2429 1554 2704 1612 οὖσίωνται
2761 1556 2833 1620 εὶς
2879 1557 2939 1613 τὸ
2991 1561 3131 1615 εἶναι
3182 1559 3319 1639 φῶς,
3349 1557 3439 1615 καὶ
3488 1558 3561 1622 εἷς
3616 1559 3678 1614 τὸ
3709 1557 3792 1632 μὴ

408 1646 652 1727 etjuxta
684 1668 749 1710 se
781 1650 1150 1728 collocando,
1184 1650 1476 1731 continet,
1510 1659 1689 1731 atque
1742 1658 2051 1712 conservat

2138 1644 2415 1719 τρέπεσθαι
2465 1646 2539 1708 εἷς
2588 1644 2843 1725 ἐκφύλους
2902 1647 3045 1711 τινὰς
3105 1647 3401 1723 ἐπιθυμίας.
3455 1649 3526 1707 Τὸ
3557 1648 3654 1724 μὲν
3686 1649 3793 1726 γὰρ

408 1725 926 1802 ηδ’ἱωιηιιιδιὶοηε
958 1749 1015 1802 et
1039 1725 1653 1820 lapqummutabiles
1681 1748 1880 1803 autem
1899 1741 2051 1821 cogi«

2141 1736 2213 1797 εἶς
2251 1735 2379 1790 Θεὸν
2418 1734 2764 1792 ἀνατετάσθαι
2803 1736 2901 1804 τῆς
2959 1738 3128 1794 αὐτῶν
3187 1738 3297 1794 ἐστι
3357 1739 3537 1817 νοερᾶς
3588 1760 3792 1816 προαι-

407 1826 602 1889 tandm
624 1837 759 1889 sunt
789 1830 1121 1893 secundum
1153 1830 1501 1912 essentiam,
1535 1830 1693 1892 velut
1723 1837 1783 1892 in
1814 1832 2051 1892 immor-

2142 1824 2358 1901 ρὲσεωςο
2392 1822 2536 1881 τὸδὲ
2586 1826 2655 1890 εἰς
2713 1825 2794 1881 ἀεὶ
2850 1829 2968 1905 περὶ
3025 1835 3179 1884 τοῦτο
3230 1826 3466 1907 δίαρκεῖν
3501 1833 3599 1896 τῆς
3632 1828 3793 1884 ἀντι-

409 1914 1222 1999 talitate,invita,secundum
1242 1939 1416 2000 quam
1443 1927 1701 1982 essentia
1715 1939 1819 1981 sua
1840 1920 2051 1982 habent

2140 1914 2358 1989 λήψεώς
2417 1913 2526 1970 ἐστι
2578 1921 2670 1971 τοῦ
2722 1922 2872 1975 Θεοῦο
2920 1917 3092 1974 πάντα
3151 1919 3251 1995 γὰρ
3281 1916 3452 1974 δεῖται
3483 1918 3616 1975 Θεοῦ
3644 1919 3794 1996 βοη-

408 2012 474 2065 ut
504 2005 622 2068 sint
645 2008 871 2089 lumen,
907 2017 964 2070 et
994 2011 1065 2071 ad
1100 2018 1413 2072 extraneas
1442 2008 1671 2090 aliquas
1700 2010 2051 2090 cupiditates

2139 2006 2300 2068 θείας.
2341 2005 2505 2069 Αὐτός
2538 2003 2680 2060 ἐστιν
2725 2006 2869 2062 ὁκαὶ
2915 2007 3033 2073 τοὺς
3088 2007 3282 2071 ἄλλους
3342 2008 3502 2066 κινῶν
3553 2007 3639 2066 ἐπὶ
3692 2010 3798 2074 τὰς

411 2097 674 2158 converti
733 2110 1057 2177 nequeant.
1102 2097 1269 2171 Quod
1330 2099 1490 2161 enim
1522 2098 1582 2160 in
1628 2097 1812 2160 Deum
1847 2110 2051 2161 exten-

2145 2096 2423 2170 μετουσίας
2479 2094 2574 2158 τὰς
2635 2095 2848 2169 πρώτας
2910 2099 3016 2151 τῶν
3046 2098 3217 2154 αὐτῶν
3247 2103 3616 2176 προνοητικῶν
3647 2101 3802 2178 ἔνερ-

411 2184 648 2262 dantur,
680 2188 737 2249 id
785 2205 855 2252 ex
914 2207 1121 2250 eorum
1162 2189 1414 2269 Spiritali
1460 2189 1679 2270 pendet
1728 2188 2051 2255 libertate:

2142 2191 2325 2263 γειῶν,
2391 2183 2451 2248 όὶς
2512 2186 2561 2239 αἱ
2612 2190 2817 2261 πρῶται
2898 2184 3076 2251 τάξεις
3131 2185 3406 2267 δὲχονται,
3478 2189 3568 2245 καὶ
3625 2188 3801 2247 πάλιν

407 2275 566 2353 quod
597 2284 793 2339 autem
836 2276 896 2339 in
926 2280 1043 2343 hoc
1073 2296 1314 2359 semper
1348 2289 1748 2358 perseverant,
1783 2279 1912 2360 opis
1968 2284 2051 2343 est

2142 2275 2299 2340 αὐτὰς
2331 2275 2401 2340 εἷς
2442 2276 2504 2329 τὸ
2536 2271 2892 2349 μεταδιδόναι·
2928 2298 2956 2330 τ
2988 2278 3109 2332 οὖτο
3151 2278 3251 2355 γὰρ
3307 2274 3501 2345 δηλοῦν
3555 2280 3643 2335 καὶ
3686 2279 3800 2346 τὴν

405 2363 513 2425 Dei
550 2386 563 2428 :
598 2367 800 2428 omnia
828 2369 987 2429 enim
1024 2368 1132 2430 Dei
1191 2367 1410 2429 auxilio
1458 2387 1610 2449 opus
1641 2368 1884 2430 habent.
1916 2369 2051 2446 Ipse

2142 2362 2472 2444 ἀποστολὴν,
2508 2365 2534 2420 ὁ
2583 2364 2679 2432 τὴν
2724 2364 2878 2420 λύσιν
2909 2362 3078 2443 λέγων
3135 2364 3423 2423 ἐδίδασιιεν·
3460 2366 3604 2430 Ἀλλ’
3633 2371 3797 2435 οὗτος

407 2456 616 2535 estqui
643 2463 816 2519 etiam
848 2458 995 2519 alios
1032 2467 1220 2519 movet
1248 2459 1319 2519 ad
1355 2459 1575 2539 primas
1604 2476 1705 2523 eas
1740 2460 2051 2539 providen-

2138 2464 2233 2529 μεν
2274 2453 2416 2510 ἐστιν
2445 2456 2471 2509 ὸ
2505 2458 2600 2520 τῆς
2661 2454 2966 2532 καθάρσεως
3026 2455 3225 2527 αἴτιος,
3260 2458 3287 2513 ὸ
3336 2458 3464 2523 Θεὸς
3511 2457 3794 2536 δηλονότι,

407 2544 504 2607 tia;
528 2563 650 2607 sua;
679 2548 1054 2627 operationes
1078 2548 1545 2629 participandas,
1582 2566 1727 2630 quas
1753 2550 1923 2629 primi
1956 2569 2051 2611 or-

2138 2544 2271 2620 μετὰ
2315 2541 2370 2598 δὲ
2402 2545 2532 2599 Θεὸν
2600 2542 2859 2623 ἱεράρχης
2917 2549 3016 2611 τῆς
3068 2547 3394 2625 καθάρσεως,
3451 2549 3480 2603 ὁ
3531 2550 3795 2629 σεραφῖμ.

406 2635 580 2699 dines
614 2641 969 2720 suscipiunt,
1006 2646 1065 2702 et
1108 2640 1179 2702 ad
1214 2640 1454 2703 easdem
1488 2640 1706 2703 iterum
1738 2640 2051 2704 transfun-

2138 2630 2261 2710 παρ’
2294 2632 2352 2689 οὗ
2394 2632 2545 2710 κάγὼ
2595 2632 2656 2689 τὸ
2711 2632 2975 2707 καθαίρειν
3021 2635 3283 2711 ἐμυήθην,
3335 2636 3501 2702 Οὗτος
3523 2640 3615 2694 οὗν
3646 2638 3798 2697 ἑστιν

404 2726 634 2791 dendas
669 2747 682 2793 :
718 2731 832 2792 hoc
865 2731 1023 2793 enim
1051 2729 1393 2792 missionem
1426 2748 1532 2793 seu
1556 2730 1912 2810 legationem
1946 2731 2047 2793 de-

2138 2722 2441 2802 ὁσεραιρῖμ,
2476 2721 2575 2777 ὁδι⁹
2631 2722 2761 2796 ἐμοῦ
2802 2744 2859 2778 σε
2919 2726 3205 2806 καθαίρων,
3267 2723 3337 2782 δι’
3384 2726 3544 2794 οὗπερ
3597 2730 3626 2785 ὃ
3685 2728 3796 2796 δη-

405 2816 634 2881 clarere
664 2820 832 2901 dixit,
867 2826 965 2901 qui
1013 2821 1165 2883 hanc
1212 2820 1571 2883 solutionem
1632 2819 1895 2883 tradidit.
1930 2819 2048 2883 Sed

2138 2813 2381 2892 μιουργὸς
2434 2816 2529 2879 τῆς
2588 2811 2889 2891 καθάρσεως
2951 2816 2980 2869 ὁ
3043 2815 3197 2894 Θεὸς,
3241 2816 3340 2881 τὰς
3402 2817 3600 2883 οἰκείας
3646 2816 3796 2896 ἒνερο

405 2906 506 2968 hic
536 2908 776 2987 quidem
812 2900 901 2971 est
930 2910 1284 2991 expiationis
1327 2920 1558 2985 auctor,
1607 2910 1835 2973 scilicet
1866 2911 2045 2988 Deus;

2138 2904 2277 2982 γείας
2341 2900 2401 2957 ἐκ
2456 2908 2548 2991 τοᾷ
2616 2901 2802 2962 ἑαυτοῦ
2875 2904 3090 2982 κρυφίου
3143 2906 3217 2970 εἷς
3278 2906 3424 2981 ἡμᾶς
3481 2910 3782 2989 προήγαγε.

405 3004 540 3076 post
565 2996 754 3060 Deum
787 3017 925 3062 vero
975 2990 1028 3062 is
1081 3000 1183 3081 qui
1236 2999 1559 3081 expiationi
1590 3000 1935 3081 praepositus
1964 3011 2051 3062 est

2139 2991 2310 3051 Ταῦτα
2373 2990 2472 3067 μὲν
2521 2990 2726 3081 ἐκεῖνος
2787 2994 2814 3048 ὁ
2842 2993 2981 3081 ἱερὸς
3015 2993 3146 3074 ἀνὴρ
3175 2992 3412 3053 ἐδίδασκέ
3441 3015 3532 3073 με’
3579 3000 3664 3055 σοὶ
3709 2998 3791 3072 δὲ,

406 3088 739 3167 serapbim,
764 3106 797 3151 a
827 3108 946 3172 quo
978 3098 1039 3152 et
1068 3080 1178 3169 ego
1212 3080 1452 3171 expiare
1484 3108 1613 3151 sum
1640 3080 1908 3154 edoctus.
1942 3088 2051 3154 Hic

2138 3081 2181 3139 ὦ
2237 3084 2484 3172 Τιμόθεε,
2547 3080 2656 3159 ἐγὼ
2716 3080 3042 3159 μεταδίδωμι
3078 3133 3094 3164 ,
3149 3086 3289 3142 κατὰ
3340 3087 3440 3152 τὴν
3497 3088 3678 3146 εἰκόνα
3723 3089 3796 3159 ἢν

403 3177 602 3258 itaque
629 3178 1041 3259 estseraphim
1065 3180 1165 3260 qui
1196 3196 1304 3255 per
1325 3197 1421 3240 me
1440 3187 1495 3240 te
1526 3179 1720 3258 expiat
1746 3198 1853 3259 per
1868 3199 2048 3258 quem

403 3284 540 3328 suas
560 3270 943 3349 operationes
971 3288 1041 3330 ex
1087 3268 1287 3331 abdito
1318 3267 1392 3331 ad
1426 3288 1532 3330 nos
1563 3268 1721 3331 Deus
1750 3271 1874 3350 ipse
1908 3288 2050 3352 pro~

401 3353 591 3430 duxit,
659 3357 759 3437 qui
820 3365 912 3419 est
964 3367 1170 3419 auctor
1220 3356 1596 3438 expiationis.
1632 3358 1767 3421 Haec
1806 3360 2048 3441 quidem

401 3454 643 3508 sanctus
672 3446 775 3507 ille
807 3446 895 3507 vir
925 3465 1021 3509 me
1051 3446 1280 3530 docuit;
1320 3448 1424 3509 tibi
1460 3456 1660 3510 autem
1698 3449 1825 3530 ipse
1852 3450 2051 3530 trado,

401 3552 436 3594 ο
457 3534 1169 3617 Thimothee,secundum
1191 3537 1509 3617 imaginem
1528 3557 1705 3618 quam
1726 3539 1850 3619 jam
1878 3538 2054 3601 tradi-

404 3622 601 3684 dimus
630 3625 931 3707 seraphim
955 3627 1246 3707 etangeli;
1264 3636 1381 3689 tute
1407 3637 1604 3689 autem
1624 3627 1891 3689 scientiae
1915 3628 2056 3710 erit,

2138 3171 2329 3251 ἂρτίως
2388 3170 2641 3250 ἐλέγομεν
2695 3178 2787 3229 τοῦ
2843 3174 3072 3253 σεραφὶμ
3127 3177 3216 3233 καὶ
3270 3182 3363 3234 τοῦ
3394 3176 3650 3256 ἀγγέλουο
3692 3182 3795 3251 τῆς

2137 3269 2238 3330 σῆς
2270 3262 2311 3319 δ’
2348 3260 2407 3317 ἂν
2460 3260 2551 3322 εἴη
2613 3262 2892 3335 συνέσεως,
2954 3264 2991 3331 ἢ
3047 3264 3269 3345 θατέραν
3324 3272 3431 3323 τῶν
3491 3269 3793 3349 είρημένων

2137 3355 2283 3413 δυοῖν
2339 3354 2522 3412 αἰτιῶν
2573 3353 2834 3431 δέξασθαι,
2894 3359 2983 3415 καὶ
3029 3356 3355 3426 ἂπολυθῆναι
3408 3368 3508 3430 τῆς
3566 3362 3798 3443 ἀπορίας

2138 3447 2224 3504 irai
2262 3443 2465 3523 μᾶλλον
2494 3446 2592 3512 τὴν
2622 3445 2841 3524 ὑστέραν
2894 3453 3119 3521 τιμῆσαι
3170 3450 3245 3513 ὠς
3274 3450 3335 3507 τὸ
3366 3449 3584 3530 εὔλογον
3617 3452 3793 3534 ἔχου-

2139 3559 2258 3611 σαν,
2313 3535 2349 3603 ἢ
2396 3533 2520 3611 παρ’
2571 3534 2756 3593 ἑαυτοῦ
2810 3557 2861 3592 τι
2911 3537 3325 3619 συγγενέστερον
3374 3542 3464 3598 καὶ
3512 3533 3794 3621 ἁρμοδιώ-

2141 3648 2291 3704 τερον
2322 3624 2572 3700 ἐξευρεῖν,
2621 3624 2657 3693 ἢ
2700 3624 2827 3704 παρ’
2874 3625 3053 3705 ἑτέρου
3102 3627 3524 3706 πεπαιδευμένου
3572 3634 3639 3690 τὰ
3667 3636 3797 3691 θεῖα

399 3720 501 3775 aut
520 3713 766 3776 alteram
795 3714 1087 3777 dictarem
1113 3735 1422 3778 causarum
1451 3716 1855 3792 admittere,et
1880 3718 2045 3779 omni

2138 3721 2345 3794 μαθεῖν,
2380 3721 2511 3771 Θεοῦ
2554 3712 2787 3780 διδόντος
2834 3715 3005 3792 ῥῆμα,
3068 3720 3205 3776 κατὰ
3263 3722 3345 3777 ’τό⁹
3411 3722 3598 3797 Κύριος
3627 3722 3794 3783 δώσει

398 3800 786 3882 ambiguitate
819 3803 1240 3886 liberari,quin
1277 3805 1472 3885 potius
1504 3806 1894 3887 posteriorem
1926 3808 2043 3871 ho-

2138 3809 2275 3885 ῥῆμα
2332 3818 2451 3868 τοῖς
2525 3804 3023 3884 εὒαγγελιζομένοις
3049 3855 3065 3886 ,
3127 3809 3524 3886 προξενούντων
3577 3811 3794 3885 δηλαδή

399 3909 616 3983 norare
640 3901 919 3975 tanquam
956 3895 1448 3974 probabilem,vel
1483 3912 1588 3976 per
1611 3903 1667 3958 te
1687 3896 1827 3977 quid
1861 3898 2048 3973 magis

2138 3899 2221 3955 καὶ
2274 3895 2661 3971 μεσιτευόντων
2725 3897 2814 3952 καὶ
2875 3897 2981 3954 τῶν
3058 3900 3211 3956 θείων
3260 3899 3528 3983 ἀγγέλων,
3584 3901 3655 3961 δι’
3711 3908 3796 3963 ὧν

399 3981 582 4043 afﬁne
612 4001 679 4045 ac
702 3983 1076 4046 commodius
1100 3984 1492 4066 reperire,vel
1515 3984 1589 4047 ab
1602 3987 1718 4047 alio
1733 4004 1934 4049 rerum
1960 3988 2048 4049 di-

2138 3994 2277 4046 πᾶσα
2336 3984 2601 4060 ἔλλαμψις
2660 3986 2733 4049 εἷς
2783 3986 2926 4062 ἡμᾶς
2986 3985 3450 4068 διαπορθμεύεται.
3483 3981 3582 4052 Καὶ
3620 3992 3797 4054 πάλιν

404 4070 671 4162 vinarum
722 4074 911 4154 perito
954 4074 1290 4155 addiscere,
1325 4077 1446 4138 Deo
1485 4075 1732 4138 verbum
1760 4077 2051 4157 suppedi-

2138 4076 2232 4144 τῆς
2266 4080 2365 4142 σῆς
2401 4073 2494 4140 εἴη
2528 4072 2860 4148 ἐπιστήμης,
2894 4075 2949 4132 ὲν
3000 4082 3077 4151 τῷ
3123 4076 3159 4146 ἢ
3190 4076 3280 4157 ἀφ’
3312 4079 3499 4138 ἑαυτοῦ
3529 4080 3798 4162 ἐξευρεῖν,

406 4161 759 4241 tante,juxta
791 4162 1257 4227 illudtDomt'mts
1275 4165 1445 4227 dabit
1464 4166 1712 4227 verbum
1737 4169 2051 4249 evangeli-

2138 4167 2170 4235 ἢ
2232 4166 2359 4243 παρ’
2413 4161 2592 4243 ἐτέρου
2651 4167 2843 4238 μαθεῖν
2876 4211 2892 4243 ,
2955 4165 3288 4244 ἀνακαλύψαι
3344 4171 3432 4226 καὶ
3496 4172 3631 4246 ἡμῖν
3685 4178 3800 4241 τὴν

400 4251 1243 4333 zantt’buso“,conciliantibus
1265 4254 1545 4316 nimirum
1576 4265 1631 4318 et
1665 4246 2047 4318 interceden-

2138 4257 2386 4321 τοιαύτην
2441 4252 2669 4338 ἐραστὴν
2720 4255 2962 4335 θεωρίαν,
3020 4257 3094 4319 ὡς
3142 4256 3513 4338 φιλαγγέλοις,
3559 4262 3604 4319 εἰ
3662 4264 3799 4322 οἶόν

400 4340 562 4402 tibus
584 4340 798 4434 divinis
822 4343 1072 4425 angelis,
1096 4362 1202 4434 per
1233 4363 1381 4424 quos
1410 4346 1604 4406 omnis
1633 4345 1952 4408 illustratio
1974 4347 2049 4409 ad

2138 4346 2191 4404 τέ
2240 4346 2406 4404 ἐστιν.
2470 4335 2624 4420 ’Ὅρα
2676 4339 2720 4399 δ’
2775 4342 3010 4401 ἐντεῦθεν
3041 4347 3101 4402 τὸ
3153 4335 3245 4408 τοῦ
3287 4335 3496 4429 ’πατρὸς
3539 4350 3797 4434 μέτριον,

400 4448 512 4492 nos
541 4433 894 4495 traducitur.
928 4437 1125 4511 Atque
1171 4433 1389 4494 iterum
1442 4441 1554 4495 tute
1596 4435 1712 4496 erit
1761 4436 2045 4515 scientiaa,

2138 4443 2248 4499 πῶς
2332 4431 2617 4506 διδάσκων,
2695 4434 2785 4488 καὶ
2836 4431 2897 4489 ἐκ
2953 4434 3145 4511 μέρους
3202 4445 3361 4509 ζητεῖ
3418 4431 3653 4514 μαθεῖν-ί
3697 4431 3799 4501 καὶ

399 4518 539 4580 dum
584 4520 729 4582 vela
756 4524 1067 4603 temetipso
1108 4522 1363 4596 invenis,
1388 4525 1474 4585 vel
1506 4524 1578 4585 ab
1611 4526 1798 4587 altero
1840 4526 2046 4609 discis,

2138 4527 2411 4601 πνεύματι
2475 4524 2577 4602 γὰρ
2646 4523 2938 4603 προφητῖόν
3014 4525 3311 4608 προφήταις
3367 4529 3794 4609 ὑποτάσσονται,

401 4610 575 4671 nobis
598 4611 773 4673 etiam
796 4611 1229 4690 angelorum,si
1261 4613 1425 4675 dictu
1456 4612 1542 4675 las
1569 4614 1665 4695 sit,
1683 4617 2051 4681 amatoribus

2138 4618 2267 4676 κατὰ
2320 4618 2419 4683 τὴν
2480 4612 2766 4683 διήκουσαν
2816 4611 2903 4669 ἐπὶ
2958 4621 3120 4672 πᾶσιν
3177 4614 3419 4684 εὖταξιαν
3488 4620 3631 4701 παρᾶ
3692 4632 3796 4683 τοῦ

401 4698 769 4777 ejuscemodi
799 4701 1115 4763 amabilem
1149 4702 1716 4783 contemplationem
1751 4706 2038 4770 revelare.

2138 4707 2329 4785 ἆγαθοῦ
2357 4709 2490 4762 Θεοῦ
2519 4702 2607 4758 καὶ
2639 4705 2891 4780 Σωτῆρος
2918 4703 3074 4778 ἡμῶν
3107 4698 3588 4783 νομοθετουμένηνξ

400 4785 725 4882 Eonsidera
743 4798 953 4882 autem
988 4791 1126 4882 hinc
1169 4791 1348 4868 patris
1372 4792 1546 4873 hujus
1586 4796 1961 4872 modestiam,
1989 4797 2318 4877 quomodo,
2352 4793 2495 4856 dum
2526 4790 2722 4882 docet,
2757 4790 2939 4853 etiam
2974 4811 3045 4853 ex
3101 4803 3269 4873 parte
3298 4794 3532 4861 discere
3555 4800 3791 4882 cupiat.

400 4875 636 4972 Etenim
665 4877 1372 4972 spiritus_prophetarum
1406 4882 1716 4962 prophetis
1742 4875 2172 4972 subjiciuntur.
2214 4882 2542 4949 secundum
2574 4878 2737 4941 illam
2770 4898 2901 4961 quae
2944 4890 3160 4946 cuncta
3212 4884 3499 4966 pervadit,
3559 4875 3793 4955 rectam

400 4982 434 5027 a
466 4966 590 5029 Deo
621 4966 782 5028 bono
807 4985 877 5030 ac
906 4968 1211 5031 Salvatore
1241 4978 1446 5033 nostro
1478 4978 1755 5035 statutam
1789 4966 2254 5043 ordinationem.

480 5187 544 5233 ο*
571 5188 730 5256 Psal.
762 5205 947 5274 vau,
984 5188 1081 5253 12.
