4052 6448
495 313 606 383 331
1682 318 1741 387 s.
1793 320 2132 392 DlONYSII
2189 316 2700 395 AREOPAGITE
3769 318 3897 399 332

575 455 854 528 Quinimo
884 455 970 517 fas
1001 455 1079 518 sit
1108 454 1288 519 etiam
1325 475 1394 519 ex
1441 456 1730 540 qualibet,
1764 467 1828 520 ut
1858 459 2175 536 arbitror,

2322 454 2487 522 ’Ἔστι
2541 465 2595 522 δὲ
2651 467 2740 522 καὶ
2793 463 2909 522 καθ’
2946 465 3190 542 ἕκαστον,
3257 471 3330 534 ὼς
3390 475 3571 545 οἶμαι,
3617 470 3718 538 τῆς
3772 493 3893 527 σω-

493 563 817 636 corporeae
842 553 1062 636 nostra;
1108 546 1602 628 multipartitione
1636 567 1756 610 non
1790 553 2093 628 incongru:

2292 558 2465 624 ιτικῆς
2509 557 2664 628 ἡμῶν
2708 554 3032 633 πολυμερίας
3077 558 3280 623 εἰκόνας
3348 560 3686 636 ἐναρμονίους
3735 559 3892 625 ἐξευ-

491 634 784 713 imagines
807 634 1068 708 haurire,
1095 653 1228 716 quae
1253 636 1528 698 ccelestes
1548 638 1793 699 virtutes
1817 657 2091 719 repraesei

2295 657 2344 701 ϊν
2401 650 2508 700 τῶν
2566 644 2819 723 οὗρανίων
2877 643 3148 719 δυνάμεων
3185 695 3200 724 ,
3258 648 3580 728 φάσκοντας,
3644 652 3740 712 τὰς
3790 651 3895 725 μὲν

495 732 648 820 tent,
674 733 739 786 ut
764 725 814 786 si
837 725 1126 820 dicamus,
1148 724 1674 820 _videndi_qu_idem
1694 728 2017 820 facultates
2049 729 2095 791 ιΙ‹

2296 735 2459 796 πικὰς
2520 732 2791 817 ἐμφαίνειν
2848 732 3119 810 δινάμεις,
3176 724 3282 805 τήνί
3331 740 3462 818 πρὸς
3493 739 3560 795 τὰ
3588 742 3711 795 θεῖα
3739 742 3896 820 φ’ὖτα

495 815 724 907 clarare
751 815 1325 907 perspicacissimam
1358 816 1432 878 ad
1464 817 1660 880 divina
1689 817 1914 881 lumina
1930 838 2095 900 suspt

2296 821 2588 890 ιιδεστάτηο
2619 823 2916 898 ἀνάνευσιν,
2959 826 3048 881 καὶ
3092 827 3235 889 αὖθις
3265 828 3366 895 τὴν
3396 826 3574 895 ἁπλῆν
3606 831 3696 885 καὶ
3726 813 3896 907 ίίγρᾶν

496 906 784 982 ctionem,
815 923 928 968 nec
953 924 1070 968 non
1103 905 1438 987 simplicem
1471 926 1540 969 ac
1563 908 1846 989 liquidam
1877 909 2096 970 minimi

2309 911 2324 967 ἰ
2371 913 2465 970 οὒκ
2515 913 2819 993 ἀντίτυπον,
2879 903 3001 969 ἀλλ’
3042 914 3370 998 ὀξυκίνητον,
3403 919 3490 974 καὶ
3519 919 3759 996 καθαρὰν
3803 921 3898 976 καὶ

498 1014 614 1079 que
646 995 1068 1089 refragantem,
1100 995 1207 1058 sed
1229 996 1469 1089 agilem,
1505 1016 1834 1089 puramque
1861 1000 2098 1080 patulan

2291 1003 2676 1078 ammapévm
2755 1003 2969 1070 ἀπαθῶς
3035 1004 3311 1086 ὑποδοχὴν
3355 995 3490 1065 ’τῶν
3578 1011 3891 1089 θεαρχικῶν

496 1105 616 1165 que
637 1085 969 1148 divinarum
1002 1085 1460 1148 illustrationum
1493 1087 1626 1149 sine
1678 1089 1954 1168 passione
2008 1107 2145 1150 sus-
2230 1091 2578 1169 ὲλλάμψεων.

498 1175 858 1258 ceptionem.

579 1267 914 1330 Olfactuum
937 1285 1075 1328 vero
1106 1266 1494 1330 discernendi
1521 1267 1678 1330 vires
1708 1268 1826 1330 vim
1854 1287 2150 1350 esse,quae

2313 1272 2416 1336 Τὰς
2465 1270 2520 1328 δὲ
2575 1279 2683 1329 τῶν
2740 1275 3051 1354 ὀσφραντῶν
3107 1272 3163 1318 ⁸9
3231 1274 3559 1356 διακριτικὰς
3612 1273 3888 1358 δυνάμεις,

496 1356 1131 1448 mentem_su_perantis
1165 1357 1922 1436 fragrantimditl‘usionem,
1958 1379 2096 1440 qua!

2288 1367 2433 1428 ιτῆς
2478 1362 2609 1441 ὑπὲρ
2667 1371 2786 1420 νοῦν
2863 1364 3085 1428 εὐώδους
3143 1364 3450 1446 διαδόσεως,
3501 1368 3575 1431 ὡς
3642 1368 3888 1448 ἐφικτὸν,

499 1458 622 1511 tum
660 1446 797 1507 150
842 1446 931 1508 fas
990 1455 1100 1528 est,
1138 1449 1413 1528 percipit,
1463 1465 1680 1529 resque
1715 1447 1927 1511 fetidas
1959 1449 2099 1530 peri:

2291 1449 2624 1518 ντιληπτικὸν
2659 1454 2748 1509 καὶ
2792 1461 2898 1510 τῶν
2954 1455 3033 1530 μὴ
3063 1455 3318 1512 τοιούτων
3360 1456 3414 1511 ἐν
3458 1446 3737 1533 ἐπιστήμῃ
3770 1455 3891 1514 δια-

496 1536 807 1618 discernit,
842 1544 901 1598 et
930 1539 1174 1599 omnino
1201 1537 1442 1616 refugit.

2235 1542 2493 1620 κριτικὸν,
2528 1544 2616 1598 καὶ
2662 1542 2857 1607 ὑλικῶς
2900 1545 3308 1623 ἀποφευκτικόν.

574 1629 650 1690 At
677 1632 912 1688 aurium
941 1627 1210 1715 virtutes,
1237 1628 1295 1690 id
1329 1627 1490 1709 quod
1514 1634 1576 1690 in
1620 1628 1708 1691 eis
1738 1636 1831 1690 est
1859 1631 2156 1710 particeps

2319 1631 2424 1693 Τὰς
2469 1628 2522 1686 δὲ
2566 1637 2672 1686 τῶν
2714 1631 2866 1688 ὤτων
2908 1631 3178 1714 δυνάμεις,
3208 1635 3269 1691 τὸ
3294 1635 3588 1715 μετοχικὸν
3619 1635 3708 1691 καὶ
3742 1658 3890 1713 γνω-

500 1715 882 1797 cognitionis,
919 1714 1298 1798 divinumque
1348 1717 1500 1778 scite
1531 1718 1780 1798 suscipit
1809 1717 2100 1798 inspiratic

1999 1719 2122 1779 alio
2145 1751 2156 1761 -
2244 1726 2444 1784 στικῶς
2476 1718 2818 1778 ὕποδεκτικὸν
2850 1721 2945 1789 τῆς
2975 1723 3268 1804 θεαρχικῆς
3299 1714 3599 1789 ἐπιπνοίας.

499 1825 662 1869 nem.
2180 1839 2216 1888 Β

583 1898 873 1962 Gustandi
923 1908 1124 1960 autem
1190 1899 1483 1979 potentias
1534 1899 1680 1978 ipsis
1712 1917 1845 1961 esse
1881 1898 2149 1960 ciborum

2318 1899 2422 1962 Τὰς
2483 1897 2538 1954 δὲ
2597 1901 2904 1981 γευστικὰς,
2966 1903 3068 1968 τὴν
3125 1907 3232 1959 τῶν
3263 1909 3467 1970 νοητῶν
3513 1910 3723 1985 τροφῶν
3757 1906 3898 1962 ἀπο-

501 1990 850 2070 spiritalium
913 1989 1275 2059 satietatem,
1313 1997 1370 2051 et
1415 1989 1755 2051 divinorum
1787 1997 1966 2071 atque
1995 1989 2101 2052 deli

2299 1991 2538 2069 ιήρωσιν,
2595 1991 2681 2046 καὶ
2741 1992 2803 2048 τὸ
2861 1993 2968 2048 τῶν
3023 1994 3176 2048 θείων
3231 1995 3318 2048 καὶ
3362 1995 3635 2075 τροφίμων
3686 1997 3899 2075 ὀχετῶν

501 2080 802 2142 ciosorum
831 2079 1153 2141 rivulorum
1196 2080 1671 2160 susceptionem.

1004 2097 1153 2141 irum
1196 2080 1671 2160 susceptionem.
2237 2078 2604 2140 ὑποδεκτικόν.

581 2167 840 2232 Tactiles
873 2187 1054 2250 porro
1087 2171 1482 2244 sensationes,
1538 2169 1599 2230 id
1651 2169 1810 2250 quod
1843 2169 1906 2232 in
1939 2170 2025 2232 eis
2056 2188 2154 2232 res

2320 2171 2426 2234 Τὰς
2471 2169 2698 2235 ἆπτικᾶς
2741 2169 2817 2244 δὲ,
2853 2172 2915 2228 τὸ
2945 2175 3036 2229 τοῦ
3079 2183 3375 2253 προσφυοῦς
3408 2173 3444 2243 ἢ
3479 2184 3570 2234 τοῦ
3613 2173 3893 2250 βλάπτον-

501 2260 800 2340 proﬁcuas
833 2259 1113 2322 noxiasve
1149 2278 1284 2321 cum
1317 2258 1566 2322 scientia
1596 2257 1906 2320 discernit.

1559 2282 1566 2319 ι
1596 2257 1906 2320 discernit.
2237 2284 2325 2325 τος
2356 2260 2410 2316 ἐν
2441 2261 2720 2336 ἐπιστήμῃ
2757 2259 3159 2340 διαγνωστικόν.

582 2349 904 2412 Palbebras
955 2357 1012 2411 et
1041 2348 1385 2431 supercilia,
1420 2349 1477 2412 id
1522 2348 1684 2426 quod
1718 2348 2154 2430 intelligentias

2317 2352 2392 2408 Τὰ
2439 2350 2676 2429 βλέφαρα
2723 2350 2778 2408 δὲ
2832 2353 2920 2409 καὶ
2965 2353 3060 2417 τὰς
3117 2353 3333 2434 ὀφρύας,
3367 2355 3429 2411 τὸ
3455 2356 3563 2411 τῶν
3591 2356 3891 2412 θεοπτικῶν

501 2439 898 2522 notionesque
929 2439 1111 2501 divini
1135 2447 1409 2521 aspectus
1449 2446 1780 2501 conservat.

1297 2447 1409 2501 :tus
1449 2446 1780 2501 conservat.
2241 2443 2476 2510 νοήσεων
2522 2441 2897 2519 φρουρητικόν,

585 2529 1020 2593 Pubescentem
1051 2538 1282 2593 aetatem
1314 2547 1382 2591 ac
1423 2530 1824 2612 juventutem,
1856 2529 1972 2591 vim
2007 2529 2150 2592 vita-

2319 2532 2425 2598 Τὴν
2451 2527 2669 2597 ἡϐῶσαν
2715 2530 2771 2586 δὲ
2819 2533 2906 2588 καὶ
2937 2532 3182 2600 νεανικήν
3215 2531 3446 2610 ἡλικίαν,
3493 2535 3554 2590 τὸ
3587 2537 3688 2603 τῆς
3722 2535 3896 2593 ἐπακο

503 2623 620 2684 lem
655 2638 787 2701 quae
817 2638 1058 2702 semper
1087 2621 1263 2700 viget.

2239 2621 2507 2695 μαζούσης
2537 2619 2617 2674 ἀεὶ
2647 2619 2878 2691 ζωτικῆς
2910 2619 3179 2694 δυνάμεως
3215 2618 3294 2681 4³,

584 2711 832 2787 Dentes,
862 2711 922 2772 id
955 2711 1112 2790 quod
1145 2709 1411 2772 alimenti
1440 2708 1694 2772 adhibiti
1725 2709 2150 2791 perfectionem

2318 2709 2450 2774 Τοὺς
2500 2707 2716 2773 ὀδόντας
2775 2707 2853 2784 δὲ,
2901 2711 2962 2766 τὸ
3019 2708 3334 2790 διαιρετικὸν
3393 2710 3492 2778 τῆς
3551 2709 3896 2786 ἐνδιδομένης

504 2801 748 2865 dividit:
782 2801 1068 2882 quaelibet
1095 2801 1252 2862 enim
1291 2799 1550 2862 essentia
1598 2799 1881 2880 spiritalis
1938 2800 2104 2861 unius

2301 2801 2493 2878 οφίμου
2543 2797 2902 2866 τελειότητος·
2954 2800 3158 2866 ἑκάστη
3220 2801 3317 2878 γὰρ
3361 2799 3521 2857 οὗσία
3572 2803 3758 2881 νοερὰ,
3805 2801 3898 2870 τήν

505 2893 669 2954 modi
726 2890 1203 2970 intelligentiam,
1267 2907 1440 2971 quam
1478 2907 1511 2950 a
1540 2889 1833 2951 diviniore
1879 2890 2091 2952 tradita

2296 2888 2581 2966 ορουμένην
2638 2890 2771 2965 αὐτῇ
2829 2890 2958 2967 πρὸς
3004 2888 3098 2957 τῆς
3162 2889 3430 2967 θειοτέρας
3475 2889 3680 2958 ἑνοειδῆ
3714 2891 3896 2957 νόησιν

505 2981 761 3063 aecepit,
783 2999 888 3062 pro
921 2979 1222 3044 inferioris
1248 2979 1426 3042 ductu
1451 2985 1746 3061 captaque
1776 2979 2022 3061 provida
2045 2978 2098 3040 vi

2291 2984 2571 3055 ρονοητικῇ
2599 2976 2815 3054 δυνάμει
2861 2975 3057 3055 διαιρεῖ
3103 2979 3190 3036 καὶ
3220 2977 3470 3046 πληθεύει
3505 2975 3585 3054 ιι,
3638 2979 3767 3058 πρὸς
3795 2979 3891 3046 τὴν

509 3079 635 3135 tute
665 3070 874 3132 dividit
905 3070 1403 3151 multiplicatque.

2242 3072 2341 3136 τῆς
2373 3065 2786 3144 καταδεεστέρας
2814 3066 3168 3146 ἂναγωγικὴν
3199 3067 3510 3148 ἀναλογίαν.

589 3163 908 3258 Humeros,
941 3159 1112 3258 ulnas
1134 3167 1193 3222 et
1222 3177 1458 3237 manus,
1491 3158 1748 3223 faciendi
1773 3166 1834 3223 et
1859 3159 2070 3240 agendi
2091 3177 2189 3255 ac,

2323 3158 2457 3222 Τοῦς
2512 3156 2692 3226 ὤμους
2747 3155 2801 3214 δὲ
2860 3159 2945 3215 καὶ
2997 3158 3091 3222 τὰς
3155 3156 3385 3233 ὠλένας,
3445 3159 3536 3216 καὶ
3589 3157 3741 3222 αὖθις
3813 3160 3908 3222 τὰς

509 3249 900 3334 perpetrandi
925 3250 1066 3312 vim.

2308 3260 2464 3328 :‘tpatc,
2509 3249 2573 3306 τὸ
2627 3249 2912 3316 ποιητικὸν
2969 3249 3061 3306 καὶ
3121 3247 3472 3329 ἐνεργητικὸν
3523 3248 3613 3306 καὶ
3665 3245 3908 3328 δραστή-

2245 3360 2380 3418 ριον.

591 3435 709 3497 Cor
737 3439 940 3495 autem
975 3449 1108 3494 esse
1138 3431 1474 3512 symbolum
1506 3431 1639 3494 vitae
1665 3429 1995 3509 deiformis,
2031 3446 2162 3512 quae

2325 3428 2434 3496 Τὴν
2482 3425 2528 3484 δ’
2578 3431 2645 3486 αὗ
2693 3427 2931 3508 καρδίαν,
2977 3425 3243 3506 σύμϐολον
3301 3428 3447 3486 εἶναι
3493 3432 3592 3497 τῆς
3636 3426 3908 3492 emeda-3:

507 3523 625 3586 vim
651 3523 886 3585 vitalem
914 3541 1081 3585 suam
1136 3522 1514 3584 deiformiter
1545 3523 1605 3584 in
1636 3539 1706 3584 ea
1744 3521 1961 3600 quibus
2010 3539 2107 3584 cor

2312 3521 2411 3594 ιῆς,
2459 3519 2556 3587 τῆς
2612 3519 2712 3587 τὴν
2757 3519 2950 3578 οἰκείαν
3009 3519 3239 3592 ζωτικὴν
3285 3517 3509 3596 δύναμιν
3570 3516 3912 3597 ἀγαθοειδῶς

509 3613 649 3676 sulit
679 3613 982 3695 dispertit.

2248 3610 2321 3674 είς
2362 3610 2429 3666 τὰ
2459 3609 2826 3689 προνοούμενα
2856 3607 3291 3690 διασπειρούσης.

589 3707 778 3766 Porro
803 3711 1014 3783 pectus
1044 3703 1310 3766 dicamus
1341 3702 1657 3780 designare
1686 3701 1960 3764 virtutem
1993 3699 2167 3763 indo-

2327 3701 2404 3758 Τὰ
2447 3698 2636 3777 στέρνα
2681 3697 2736 3755 δὲ
2781 3701 2921 3765 αὖθις
2977 3699 3251 3779 ἐμφαίνειν
3277 3696 3331 3741 ⁴⁵
3361 3699 3421 3757 τὸ
3451 3697 3787 3775 ἀδάμαστον,
3821 3698 3912 3754 καὶ

511 3793 901 3873 mabilem,et
931 3812 1064 3874 quae
1105 3793 1398 3855 viviﬁcam
1450 3791 1900 3872 quodammodo
1948 3809 2111 3873 suppl

2365 3791 2741 3869 φρονρησικὸν,
2787 3792 2862 3854 ὡς
2921 3789 3005 3848 ἐπὶ
3038 3791 3135 3854 τῖς
3165 3787 3521 3868 ὑποκειμένης
3557 3787 3777 3870 καρδίας
3811 3793 3909 3854 τῆς

511 3883 610 3944 siti
636 3882 833 3944 cordis
861 3881 1350 3945 distributionem
1383 3888 1646 3942 tueatur.

1257 3898 1350 3942 em
1383 3888 1646 3942 tueatur.
2248 3884 2511 3949 ζωοποιοῦ
2540 3876 2830 3942 διαδόσεως
2843 3922 2857 3940 .

590 3971 848 4033 Dorsum
911 3979 1132 4047 autem,
1169 3971 1335 4032 illam
1367 3969 1483 4030 vim
1519 3988 1651 4051 quae
1699 3968 1905 4032 vitales
1957 3987 2166 4032 omnes

2329 3968 2405 4026 ra
2448 3968 2505 4024 δὲ
2563 3972 2729 4050 νῶτα,
2761 3971 2823 4027 τὸ
2853 3969 3160 4027 συνεκτικὸν
3209 3971 3316 4026 τῶν
3371 3965 3654 4047 ζωογόνων
3683 3967 3910 4024 ἀπασῶν

509 4061 760 4123 virtutes
790 4060 1082 4124 continet.

942 4060 1082 4123 inet.
2250 4054 2542 4134 δυνάμεων.

591 4153 786 4215 Pedes
825 4169 990 4228 vero,
1025 4150 1142 4211 vim
1194 4150 1496 4232 movendi,
1530 4150 1895 4212 celeritatem
1932 4159 1988 4221 et
2019 4169 2162 4213 cur-

2329 4149 2463 4213 Τοὺς
2494 4146 2658 4215 πόδας
2694 4147 2767 4226 δὲ,
2813 4150 2878 4206 τὸ
2923 4149 3218 4226 κινητικὸν,
3265 4149 3356 4205 καὶ
3398 4146 3484 4214 ὀξὺ
3542 4147 3626 4204 καὶ
3657 4147 3911 4228 ὶντρεχὲς

511 4261 642 4304 sum
677 4241 1030 4322 sempiterni
1057 4249 1400 4323 motus,quo
1433 4241 1503 4302 ad
1538 4241 1737 4302 divina
1759 4243 2111 4323 cientur;pr<

2316 4260 2350 4304 ις
2397 4236 2482 4294 ἐπὶ
2536 4238 2603 4295 τὰ
2672 4242 2795 4296 θεῖα
2869 4243 3197 4319 πορευτικῆς
3258 4237 3612 4304 ἀεικινησίας·
3679 4234 3762 4293 διὸ
3830 4235 3916 4292 καὶ

510 4340 645 4413 pter
667 4331 825 4415 quod
846 4331 1023 4394 etiam
1049 4339 1342 4413 pennatos
1374 4339 1713 4392 sanctarum
1749 4330 2105 4411 intelligenti

2316 4328 2578 4406 τοπτέρους
2634 4329 2669 4396 ἡ
2721 4326 2970 4408 θεολογία
3028 4328 3153 4391 τοὺς
3197 4327 3306 4393 τῶν
3361 4325 3525 4406 ἂγίων
3558 4332 3701 4382 νοῶν
3732 4325 3916 4406 ἐσχη-

506 4440 639 4484 rum
679 4423 860 4504 pedes
882 4421 1183 4501 theologia
1215 4420 1620 4484 ﬁnxit.Penna
1641 4421 1938 4502 siquidem
1963 4420 2106 4484 decl:

2317 4418 2446 4478 ἱτισε
2504 4416 2695 4483 πόδας.
2729 4419 2799 4478 Τὸ
2846 4421 2948 4498 γὰρ
2990 4417 3183 4497 πτερόν
3237 4418 3476 4497 ἐμφαίνει
3534 4415 3632 4485 τὴν
3699 4415 3917 4494 ἀναγω-

508 4520 602 4573 rat
652 4511 725 4573 ad
778 4509 1058 4573 sublimia
1089 4510 1349 4573 ducendi
1381 4510 1782 4587 velocitatem,
1819 4521 1877 4574 et
1909 4511 2108 4574 cmlest

2323 4507 2426 4576 κήν
2485 4506 2736 4586 ὀξύτητα,
2790 4511 2881 4567 καὶ
2951 4509 3012 4565 τὸ
3067 4509 3331 4588 οὐράνιον,
3392 4507 3478 4564 καὶ
3525 4507 3588 4562 τὸ
3659 4507 3804 4584 πρὸς
3863 4507 3919 4561 τὸ

512 4600 649 4662 vitae
674 4619 945 4682 cursum,
973 4601 1045 4662 ad
1091 4600 1390 4662 anteriora
1423 4619 1664 4681 semper
1685 4586 1870 4680 atque
1911 4601 2112 4665 celsiot

2319 4620 2473 4664 αντες
2524 4597 2924 4679 ὁδοποιητικὸν,
2977 4600 3068 4655 καὶ
3115 4586 3178 4654 τὸ
3221 4586 3421 4662 παντὸς
3451 4594 3812 4675 χαμαιζήλου
3838 4592 3917 4651 διὰ

515 4699 988 4771 promoventem,
1019 4699 1080 4752 et
1121 4709 1338 4772 supera
1360 4691 1643 4772 petendo,
1671 4703 1907 4754 terrena
1934 4691 2115 4772 fugiet

2369 4687 2638 4769 ἇνῶφορον
2681 4688 3024 4770 ἐξῃρημένον·
3087 4689 3122 4758 ἡ
3177 4685 3233 4744 δὲ
3275 4692 3382 4745 τῶν
3415 4691 3618 4764 πτερῶν
3667 4683 3917 4765 ἐλαφρία,

519 4788 638 4842 tem
665 4797 679 4843 :
710 4798 1042 4861 pennarum
1064 4781 1223 4842 enim
1251 4781 1452 4842 levitas
1478 4781 1751 4861 designat
1775 4781 1833 4842 id
1857 4783 2014 4863 quod
2042 4802 2116 4843 nu

2403 4779 2517 4836 ιατὰ
2571 4777 2740 4848 μηδὲν
2809 4779 3116 4860 πρόσγειον,
3182 4775 3302 4835 ἀλλ’
3384 4774 3510 4834 ὅλον
3563 4773 3786 4863 ᾇμιγῷς
3837 4778 3923 4831 καὶ
3995 4810 4003 4817 -

519 4870 574 4932 la
598 4888 666 4931 ex
701 4878 866 4950 parte
892 4878 1200 4932 terrenum
1249 4882 1363 4946 est,
1400 4869 1505 4933 sed
1534 4890 1600 4932 se
1633 4879 1751 4933 toto
1783 4861 1918 4934 sine
1947 4871 2119 4933 admi:

2321 4867 2462 4949 αρῶς
2520 4867 2605 4927 ἐπὶ
2663 4870 2722 4927 τὸ
2765 4868 2975 4947 ὑψηλὸν
3031 4868 3384 4948 ἀναγόμενον
3445 4866 3506 4922 τὸ
3584 4861 3638 4920 δὲ
3722 4865 3921 4942 γυμνὸν

521 4965 682 5022 tione
703 4978 773 5022 ac
795 4960 1088 5038 gravitate
1114 4978 1351 5023 sursum
1386 4961 1597 5038 fertur;
1625 4961 1863 5024 nuditas
1891 4981 2028 5024 vero
2051 4981 2117 5024 ra

2309 4960 2339 5014 ιὶ
2367 4957 2696 5039 ἐνυπόδετον,
2741 4961 2805 5015 τὸ
2836 4959 3051 5040 ἄφετον,
3081 4959 3169 5015 καὶ
3207 4955 3444 5032 εὔλυτον,
3502 4953 3592 5010 καὶ
3644 4951 3909 5032 ἅσγετον,

519 5068 890 5130 ceorumque
924 5051 1194 5130 privatio,
1223 5049 1494 5113 virtutem
1538 5051 1693 5112 illam
1729 5051 2082 5115 abstractam
2110 5074 2119 5113 ι

2313 5049 2341 5104 ιὶ
2369 5052 2652 5130 καθαρεῦον
2684 5054 2779 5117 τῆς
2807 5055 2916 5106 τῶν
2971 5048 3122 5112 ἐκτὸς
3152 5048 3496 5125 προσθήκης,
3543 5043 3635 5100 καὶ
3671 5045 3737 5100 τὸ
3781 5043 3913 5121 πρὸς

520 5139 855 5220 expeditam
867 5147 953 5213 ,et
964 5157 1172 5220 puram
1191 5139 1263 5201 ab
1275 5139 1440 5204 omni
1462 5147 1709 5202 externo
1733 5139 2120 5203 additamentt

2252 5137 2352 5208 τῆν
2382 5137 2662 5209 ἁπλότητα
2691 5139 2792 5209 τὴν
2818 5139 2960 5198 θείαν
2990 5139 3064 5204 ὡς
3109 5137 3324 5218 ἐφικτὸν
3357 5134 3769 5216 ἂφομοιωτικόν

518 5244 652 5380 pqae
683 5227 898 5290 divinas
925 5229 1310 5310 simplicitati,
1343 5236 1630 5311 quantum
1662 5229 1754 5293 fas
1783 5237 1892 5309 est,
1929 5232 2170 5296 assimi-

541 5337 575 5379 a
603 5337 694 5380 ur.

541 5337 694 5382 amr.

1837 5501 2098 5568 VARIIE
2138 5493 2577 5566 LECTIONES.

601 5677 659 5724 θ
683 5685 1075 5767 ὀσφραντικῶν,
1108 5679 1188 5742 Μ.
1221 5678 1319 5746 SC.
1360 5683 1424 5746 Ρ.
1498 5681 1554 5726 ⁴³
1611 5679 1812 5746 subdit
1841 5683 1950 5746 Ch.
1985 5683 2101 5742 νέον
2168 5683 2232 5735 ﬂ
2259 5679 2537 5755 πληθύνει,
2565 5675 2634 5741 Ρ.
2669 5677 2742 5747 Ῑ).
2777 5681 2888 5748 Ch.
2959 5683 3022 5738 ιδ
3047 5683 3311 5767 ἐμφαίνει,
3346 5673 3431 5739 Μ.
