4052 6420
455 441 572 510 339

1618 438 1679 500 S.
1728 438 1908 500 DION
1920 435 2068 498 YSII
2117 435 2652 499 AREOPAGITgE.

3731 425 3856 492 340

455 570 1253 654 quesigniﬁcal(19').lgnea}
1271 568 1431 632 enim
1446 567 1786 650 divinisque
1798 576 1943 632 rotae
1955 589 2105 633 con-

2211 570 2357 646 πμοὺς
2387 571 2474 627 καὶ
2515 567 2899 644 ἆνακαλύψεις.
2961 567 3020 626 Οἱ
3071 567 3172 646 γὰρ
3227 566 3471 646 ἐμπύριοι
3527 567 3615 624 καὶ
3671 571 3856 623 θεοει-

453 664 764 728 versiones
801 662 1043 742 quidem
1087 679 1226 723 suas
1257 659 1500 740 habent,
1549 657 1708 740 quod
1739 659 2109 741 sempiterno

458 760 622 815 motu
643 751 802 814 circa
826 751 985 813 idem
1012 766 1310 811 summum
1340 747 1560 810 bonum
1583 756 1918 827 versentur;
1949 768 2106 812 reve-

458 843 709 906 lationes
730 859 891 916 vero,
916 838 1078 920 quod
1113 838 1344 901 occulta
1395 849 1768 901 sacramenta
1815 839 2107 917 revelent,

457 943 517 995 et
543 931 898 995 humiliores
943 947 1210 1011 quosque
1262 935 1672 1010 promoveant,
1707 928 2111 1010 sublimesque

464 1023 644 1087 divini
674 1021 925 1101 fulgoris
956 1020 1157 1084 radios
1190 1017 1262 1080 ad
1305 1018 1625 1081 inferiores
1672 1018 2105 1081 transfundam.

537 1113 788 1191 Reliqua
803 1109 974 1172 nobis
991 1109 1062 1170 de
1084 1108 1413 1169 coelestium
1431 1107 1881 1170 distinctionum
1899 1106 2112 1186 gaudio

462 1201 769 1265 reddenda
789 1201 941 1262 ratio
966 1207 1076 1261 est:
1104 1197 1324 1261 etenim
1356 1197 1600 1259 omnino
1627 1197 1943 1278 incapaces
1974 1203 2114 1258 sunt

462 1291 763 1374 passibilis
781 1298 1000 1352 nostrie
1016 1286 1354 1368 voluptatis;
1376 1286 1497 1348 Deo
1516 1293 1714 1348 autem
1735 1285 2114 1364 congaudere

462 1381 880 1463 perhibentur,
901 1379 976 1440 ob
1000 1397 1203 1440 eorum
1232 1378 1332 1458 qui
1358 1376 1661 1457 perierant
1682 1376 2110 1452 inventionem,

463 1471 692 1534 scilicet
714 1468 1047 1532 secundum
1076 1467 1428 1530 deiformem
1455 1466 1832 1547 suavitatem,
1851 1484 2024 1547 quam
2047 1484 2116 1528 ex

462 1561 727 1636 illorum,
745 1559 846 1637 qui
866 1559 938 1621 ad
963 1557 1150 1621 Deum
1173 1563 1625 1630 convertuntur,
1649 1573 1790 1618 cura
1808 1556 2115 1637 saluteque

464 1649 830 1730 percipiunt,
869 1654 927 1710 et
950 1648 1121 1727 juxta
1142 1644 1415 1724 benignae
1440 1645 1670 1724 cepiam
1694 1644 1916 1708 laatitite
1937 1654 2115 1725 atque

467 1737 784 1802 ineii’abilis
815 1735 1252 1810 delectationis,
1311 1736 1486 1814 cujus
1542 1753 1960 1815 saepenumero
2011 1735 2116 1796 viri

468 1847 705 1912 quoque
729 1828 921 1890 sancti
945 1827 1264 1907 participes
1291 1823 1487 1888 allecti
1516 1833 1676 1900 sunt,
1709 1844 1842 1886 cum
1873 1827 1928 1886 in
1959 1825 2118 1907 ipsos

469 1920 688 1983 divinae
719 1919 878 1980 illius
909 1936 976 1980 ac
1008 1915 1235 1978 deiﬁcae
1266 1915 1417 1977 lucis
1449 1914 1648 1996 fulgor
1678 1915 1974 1978 influeret.

553 2013 696 2073 Haec
728 2028 760 2070 a
793 2027 886 2070 me
919 2007 992 2069 de
1023 2007 1210 2068 sacris
1243 2007 1368 2067 istis
1411 2005 1755 2066 ﬁctionibus
1789 2004 1944 2066 dicta
1976 2005 2116 2080 sint,

473 2118 606 2178 quae
625 2099 1117 2162 licetaccuratam
1144 2095 1491 2157 earumdem
1512 2094 1991 2176 explanationem
2019 2097 2124 2155 mi-

473 2192 635 2252 nime
664 2189 976 2268 attingant,
1015 2187 1265 2250 multum
1299 2192 1524 2264 tanien,
1560 2194 1622 2245 ut
1653 2184 1891 2265 opinor,
1925 2186 2126 2247 confe-

477 2277 1050 2358 rentintelligentiie
1107 2285 1352 2348 nostrae,
1391 2295 1465 2337 ne
1498 2275 1652 2338 lictis
1710 2275 2127 2356 hujuscemodi

474 2368 1010 2453 imaginationibus
1041 2367 1456 2430 iminoremur.

398 2465 406 2470 ’
557 2460 727 2536 Quod
759 2460 809 2521 si
841 2459 1160 2539 objeceris,
1197 2475 1306 2518 nos
1340 2475 1710 2538 nequaquam
1757 2456 2025 2517 omnium
2061 2474 2130 2518 ex

475 2552 708 2625 ordine,
743 2567 872 2631 qua:
901 2548 1226 2628 Scripturis
1277 2547 1678 2620 continentur,
1713 2547 1995 2608 virtutum
2032 2554 2132 2607 aut

476 2641 890 2724 operationum
909 2637 1306 2718 imaginumve
1320 2636 1719 2716 angelicarum
1740 2637 1790 2699 le
1803 2636 1950 2698 cisse
1967 2654 2131 2697 men-

478 2734 732 2808 tionem;
752 2728 1191 2810 respondemus
1210 2727 1268 2788 id
1294 2727 1452 2807 quod
1473 2745 1570 2788 res
1583 2731 1694 2803 est,
1713 2745 1820 2787 nos
1837 2743 2122 2807 quarum-

479 2825 616 2885 dam
648 2817 1197 2900 supermundialem
1232 2817 1540 2879 scientiam
1572 2815 1898 2896 ignorasse,
1926 2834 1993 2878 ac
2022 2833 2124 2896 po-

480 2914 603 2974 tius
635 2910 879 2973 doctore
911 2927 978 2970 ac
1009 2907 1411 2970 illuminatore
1442 2907 1554 2978 alio
1588 2906 1892 2968 discendis
1920 2904 1994 2967 iis
2027 2907 2124 2968 in-

483 3002 728 3082 digere;
763 2998 1044 3079 quasdam
1078 3017 1239 3080 vero,
1276 2997 1432 3080 quod
1468 2995 1641 3058 dictis
1676 2995 2119 3076 aequivalerent,

483 3090 874 3172 pertransire,
911 3108 1044 3152 cum
1079 3089 1364 3152 orationis
1395 3085 1672 3149 brevitati
1719 3086 2124 3163 consulentes,

484 3191 608 3245 tum
628 3199 866 3258 arcana,
883 3199 1014 3263 quae
1030 3187 1266 3263 captum
1289 3185 1556 3243 nostrum
1574 3175 2129 3260 superant,silentio

485 3273 872 3339 honorantes.

2194 659 2306 724 δεῖς
2364 661 2552 741 τροχοὶ
2613 661 2734 725 τοὺς
2795 658 2891 734 μὲν
2950 657 3345 732 ἆνακυλισμοὺς
3404 655 3592 737 ἔχουσι
3625 663 3696 734 τῇ
3725 659 3860 736 περὶ

2195 755 2254 810 τὸ
2318 755 2505 810 ταύτὸν
2577 753 2772 831 ἀγαθὸν
2841 749 3482 826 ἆεικινήτῳστκενήσει·
3557 752 3652 814 τὰς
3711 750 3861 806 ἀνα-

2193 842 2452 920 καλύψεις
2512 841 2567 899 δὲ
2649 847 2717 918 τῇ
2772 847 2877 900 τῶν
2933 845 3161 922 κρυφίων
3232 840 3572 921 ἐκφαντορίᾳ,
3630 842 3719 898 καὶ
3785 846 3861 916 τῇ

2193 940 2299 990 τῶν
2359 932 2674 1008 περιπεζίων
2728 932 3004 1010 ἂναγωγῇ,
3064 932 3150 987 καὶ
3206 937 3274 1004 τῇ
3333 935 3439 986 τῶν
3491 931 3718 1006 ὑψηλῶν
3755 929 3861 986 ἑλ-

2195 1023 2454 1098 λάμψεων
2488 1023 2558 1087 εἰς
2589 1023 2654 1080 τὰ
2679 1022 2934 1101 ὑφειμένα
2967 1025 3300 1098 καταγογικῇ
3329 1019 3769 1096 διαπορθμεύσει,

2276 1115 2476 1178 Λοιπὸς
2545 1114 2682 1187 ἡμῖν
2755 1113 2829 1176 εἰς
2859 1109 3185 1192 διασάφησιν
3242 1113 3270 1167 ὃ
3336 1112 3597 1190 περὶτῆς
3671 1117 3859 1191 χαρᾶς

2195 1208 2299 1259 τῶν
2333 1202 2586 1282 οὐρανίων
2626 1199 3033 1276 διακοσμήσεων
3093 1199 3273 1278 λόγος’
3339 1201 3427 1258 καὶ
3478 1200 3578 1278 γὰρ
3638 1198 3860 1258 ἄδεκτοι

2196 1290 2472 1355 παντελῶς
2530 1293 2630 1348 εἰσι
2689 1297 2784 1359 τῆς
2853 1289 2972 1347 καθ’
3051 1291 3195 1365 ἡμᾶς
3285 1288 3554 1365 ἐμπαθοῦς
3625 1287 3857 1358 ἡδονῆς·

2196 1382 2504 1461 συγχαίρειν
2577 1379 2630 1437 δὲ
2704 1387 2820 1456 Θεῷ
2889 1379 3134 1458 ὶέγονται
3206 1387 3274 1456 τῇ
3332 1380 3439 1436 τῶν
3470 1378 3864 1436 ἆπωλωλότων

2197 1473 2394 1550 εὑρέσει
2465 1472 2603 1528 κατὰ
2676 1471 2774 1538 τὴν
2850 1469 3058 1538 θεοειδῆ
3133 1471 3437 1549 ῥαστώνην,
3473 1471 3558 1526 καὶ
3615 1473 3717 1535 τήν
3777 1469 3870 1526 ἐπὶ

2197 1569 2264 1638 τῇ
2319 1562 2536 1641 προνοίᾳ
2596 1563 2683 1618 καὶ
2741 1567 2976 1638 σωτηρίᾳ
3029 1567 3134 1618 τῶν
3184 1560 3269 1618 ἐπὶ
3303 1561 3431 1616 Θεὸν
3463 1559 3872 1640 ἐπιστρεφοοιέ-

2201 1674 2302 1708 νων
2375 1649 2656 1730 ἀγαθοειδῆ
2731 1652 2820 1708 οιαὶ
2888 1649 3110 1730 ἄφθονον
3191 1649 3538 1730 εὐφροσύνην,
3609 1651 3701 1706 καὶ
3769 1651 3872 1718 τὴν

2202 1739 2480 1799 εὒπαθειαν
2509 1739 2719 1806 εκείνην
2750 1740 2847 1808 τὴν
2902 1738 3152 1818 ἄῤῥητον,
3212 1741 3279 1805 ἧς
3342 1738 3396 1794 ἒν
3456 1736 3657 1813 μεθέξει
3720 1739 3872 1795 πολ-

2201 1828 2352 1893 λάγις
2426 1828 2675 1906 γεγόνασι
2749 1831 2835 1886 καὶ
2907 1827 3086 1908 ἄνδρες
3157 1830 3305 1908 ἱεροὶ,
3369 1829 3505 1886 κατὰ
3550 1829 3643 1894 τὰς
3672 1833 3874 1910 θεουρ-

2144 1941 2182 1992 Β
2203 1921 2327 1997 γοὺς
2359 1925 2465 1975 τῶν
2494 1918 2644 1974 θείων
2682 1919 3007 1996 ἐλλάμψεων
3040 1920 3426 2000 ξπιφοιτὴνεις,

2286 2007 2526 2066 Τοσαῦτά
2560 2031 2652 2084 μοι
2697 2011 2814 2089 περὶ
2873 2016 2980 2066 τῶι
3034 2011 3187 2085 ἱερῶν
3215 2007 3269 2052 68
3301 2007 3650 2065 ἆναπλάσεων
3714 2011 3879 2088 sip-d-

2208 2121 2338 2174 στω,
2399 2098 2495 2166 τῆς
2552 2099 2649 2172 μὲν
2713 2097 2954 2178 ἀκριϐοῦς
3015 2099 3186 2156 αὐτῶν
3245 2099 3586 2179 ἐκφαντορίας
3635 2097 3875 2157 ἀπολει-

2207 2189 2442 2268 πόμενα,
2477 2191 2825 2246 συντελοῦντα
2858 2187 2934 2262 δὲ,
2973 2192 3044 2253 ὡς
3078 2190 3268 2270 οἶμαι,
3305 2191 3434 2268 πρὸς
3464 2191 3524 2244 τὸ
3557 2188 3694 2264 μηδὲ
3768 2212 3878 2246 τα-

2208 2284 2403 2343 πεινῶς
2459 2275 2513 2319 69
2545 2281 2684 2355 ἡμᾶς
2741 2279 3088 2354 ἐιαπομεϊναι
3149 2293 3270 2344 ταῖς
3332 2292 3664 2343 τυπωτικαϊς
3725 2302 3878 2359 φαο-

2213 2371 2417 2434 τασίαις
2431 2417 2446 2432 .

2295 2462 2351 2516 Εἴ
2411 2459 2465 2517 δὲ
2521 2463 2609 2518 καὶ
2667 2467 2821 2517 τοῖτο
2879 2460 3062 2540 φαίης,
3125 2461 3196 2524 ὡς
3251 2463 3309 2519 οὗ
3334 2460 3548 2517 πάντων
3580 2459 3704 2528 ἑξῆς
3767 2465 3881 2518 τῶν

2213 2549 2511 2630 ἀγγε“ιικῶν
2547 2551 2622 2626 ,ἐν
2679 2563 2795 2614 τοῖς
2851 2548 3050 2628 λογίοις
3110 2549 3404 2625 δυνάμεων,
3468 2551 3503 2618 ἦ
3560 2549 3878 2631 ἐνεργειῶν,

2212 2640 2246 2708 ἤ
2333 2641 2548 2697 εἰκόνων
2641 2639 3006 2714 ἐποιησάμεθα
3094 2641 3335 2715 μνάμηψ
3439 2641 3880 2720 ἀποκρινούμεθα

2207 2729 2456 2810 τάληθὲς,
2519 2731 2598 2787 ὃτι
2658 2737 2762 2787 τῶν
2817 2730 2915 2806 μὶν
2969 2731 3067 2797 τὴν
3137 2731 3493 2808 ὑπερκὸσμιον
3557 2733 3878 2806 ἐπιστήμην

2206 2823 2576 2900 ἢγνοὴσαμεν,
2610 2823 2694 2876 καὶ
2727 2820 2930 2896 μᾶλλον
2963 2820 3046 2876 ἐπ’
3087 2823 3266 2885 αὺτοῖς
3293 2823 3457 2895 ἡμεῖς
3523 2821 3712 2899 ἑτέρου
3785 2829 3879 2880 τοῦ

2207 2910 2677 2991 φωταγωγοῦντος,
2764 2917 2857 2967 τοῦ
2934 2916 3190 2986 μυοῦντος
3219 2907 3275 2952 ⁷9
3310 2908 3556 2986 δεόμεθα·
3657 2909 3723 2968 τὰ
3815 2909 3870 2966 δὲ

2211 3002 2283 3066 ὡς
2351 3013 2472 3065 τοῖς
2545 3000 2866 3079 εἰρημένοις⁶
2966 2998 3275 3076 ὁμοδύναμα
3367 2999 3871 3080 παραλελοίπαμεν,

2211 3096 2309 3156 τῆς
2383 3112 2439 3146 τε
2513 3092 2840 3170 συμμετρίας
2901 3097 2991 3147 τοῦ
3045 3088 3206 3169 λόγου
3267 3091 3716 3169 προνενοηκότες,
3790 3094 3883 3148 καὶ

2211 3181 2310 3249 τῆν
2343 3181 2471 3260 ὑπὲρ
2501 3182 2644 3258 ἡμᾶς
2677 3180 3002 3261 κρνφιότητα
3034 3187 3161 3259 σιγῂ
3195 3181 3537 3258 τιμὴσαντες,

1697 3397 2286 3518 ΑυΝοΤΑΤΙοῖῘΕδ
2331 3451 2705 3518 CORDERII

557 3575 584 3643 §
621 3572 988 3643 [Antequam
1021 3567 1273 3643 diversas
1319 3567 1550 3631 formas,
1573 3565 1640 3643 _i_n
1671 3563 1835 3622 titulo
1864 3561 2441 3643 rece.nsitas._quibus
2471 3561 3123 3643 angelindescribuntur,
3158 3565 3396 3643 mystice
3436 3563 3710 3643 explicet,
3741 3581 3894 3643 prae-

487 3632 704 3709 monet.
739 3632 968 3770 talos-(item
999 3638 1525 3768 angelosbrespectu
1557 3637 1918 3694 diversorum
1951 3632 2260 3706 aliquando
2296 3632 2785 3706 praiesse,scilicet
2820 3632 3529 3710 interioribus,aliquando
3559 3632 3896 3697 etiam'sub-

496 3729 643 3770 esse.
675 3728 756 3770 sci
785 3729 869 3770 ice
928 3726 1210 3770 superiori
1258 3726 1324 3769 us
1355 3725 1490 3768 suis.

496 3729 643 3776 €856.
675 3725 891 3772 SClIlCOl
928 3725 1324 3776 superioribus
1355 3725 1490 3768 SUIS.

565 3729 643 3776 se.
675 3727 891 3772 scilicet
928 3727 1324 3784 superioribus
1355 3727 1490 3768 suis.

565 3786 684 3870 sli.
720 3785 960 3868 Egrponit
1008 3781 1147 3870 quid
1186 3797 1289 3856 per
1326 3783 1479 3854 ignis
1511 3779 1751 3837 formam
1785 3777 1844 3834 in
1875 3777 2187 3848 Scripturis
2227 3776 2620 3849 signiﬁcetur,
2661 3784 2716 3835 et
2744 3793 2866 3850 quae
2897 3779 3010 3838 sint
3042 3779 3193 3853 ignis
3225 3779 3622 3851 proprietates,
3655 3791 3714 3840 et
3746 3783 3895 3857 qua

496 3866 731 3915 mvstice
761 3866 1077 3914 ιυεὶηυρηι.

558 3875 1203 4003 ξιθῗξῗὲιυέῧῖὲιοιᾳ
1235 3925 1420 3982 sancti
1454 3921 1710 4003 Dionysii
1741 3921 1811 3978 ad
1845 3920 2525 4003 Titum,aliter_eam_d_em
2549 3921 3057 4003 imaginemignis
3076 3921 3499 4003 accipiendam,
3511 3938 3643 3982 cum
3663 3923 3741 3981 de
3772 3925 3896 4003 Deo

497 3999 706 4057 dicitur
725 4002 824 4074 qui
856 3992 1290 4069 intelligentiam
1313 4004 1548 4074 superat
1582 3992 1794 4074 {aliter
1825 3992 2057 4074 cum__de
2097 3993 2471 4074 proyidentlis
2511 3992 2838 4074 ej_us,_Quas
2871 3992 3249 4074 intelligentia
3289 3992 3656 4074 percipimus,
3685 4003 3791 4055 aut
3826 3999 3896 4055 de

497 4063 885 4140 sermonibus,
915 4078 972 4128 ct
1000 4063 1160 4127 aliter
1191 4082 1321 4124 cum
1353 4063 1422 4124 d'e
1452 4063 1690 4140 angelis.
1727 4066 1914 4140 Atque
1938 4063 2377 4140 illamquidem,
2412 4063 2628 4140 inquit,
2657 4063 2968 4137 imaginem
3010 4063 3161 4140 ignis
3192 4066 3260 4122 de
3293 4063 3406 4124 Deo
3437 4063 3894 4136 dictam,secun-

499 4142 633 4200 dum
666 4135 897 4200 causam
929 4142 1189 4212 accipere
1221 4135 1668 4212 oportet._aliam
1703 4135 2023 4212 secundum
2075 4135 2460 4212 existentiam,
2493 4135 2663 4193 aliam
2707 4135 2850 4212 vero
2895 4135 3213 4212 secundum
3246 4135 3747 4208 participationem
3785 4156 3800 4197 :
3842 4148 3895 4197 et

497 4213 606 4271 alia
638 4213 824 4279 aliter,
857 4223 921 4271 ut
977 4207 1175 4269 eorum
1208 4207 1612 4279 contemplatio
1643 4217 1702 4266 et
1732 4207 2065 4265 constitutio
2095 4210 2346 4265 scienter
2386 4209 2529 4264 facta
2563 4210 2896 4278 praescribit.
2952 4210 3066 4267 Nec
3103 4207 3260 4267 enim
3297 4220 3519 4280 oportet
3553 4212 3795 4269 lortuito
3827 4227 3897 4269 ac

501 4292 714 4344 temere
743 4287 989 4342 miscere
1017 4283 1302 4353 symbols,
1335 4282 1431 4354 sed
1467 4280 1650 4354 potius
1683 4281 1989 4349 explanare
2015 4294 2080 4354 ea
2129 4279 2544 4354 convenienter
2576 4282 2799 4354 causis._
2832 4290 2928 4338 aut
2959 4281 3293 4347 existentiis,
3330 4290 3430 4354 aut
3480 4283 3894 4354 potestatibus,

493 4357 934 4436 autordinibus,
961 4350 1146 4436 ,Πξῆ
1170 4350 2074 4436 autdignitatibusqueomnia
2115 4351 2295 4436 signis
2344 4351 2730 4436 declarant'uy.
2769 4352 3070 4436 Quo-modo
3100 4363 3295 4434 autem
3329 4350 3520 4436 imago
3552 4354 3711 4436 ignis
3742 4369 3895 4412 con—

496 4430 688 4500 veniat
713 4420 1005 4500 praeceptis
1036 4425 1269 4500 divinis,
1299 4420 1512 4500 qu'aein
1551 4420 1831 4495 Scriptura
1857 4428 2136 4500 vocantur
2166 4420 2369 4500 Psalm.
2401 4434 2479 4479 ιι.
2514 4423 2592 4500 7_:
2626 4421 2856 4500 Eloqui'a
2889 4424 3109 4500 Domini
3138 4425 3259 4500 ign;
3287 4420 3630 4500 examinati,
3655 4433 3720 4500 et
3752 4442 3896 4499 quo-

494 4499 666 4572 modo
697 4493 939 4572 angelis,
971 4513 1088 4557 non
1124 4498 1283 4572 idem
1307 4493 1558 4572 sentiunt
1591 4493 1822 4572 sanctus
1856 4493 2128 4550 Maximus
2159 4495 2492 4572 etloannes
2523 4493 2940 4566 Cyparis<iotus
2972 4493 3179 4572 Degad.’
3205 4495 3258 4550 6.
3295 4509 3417 4566 cap.
3459 4496 3584 4572 2,ut
3612 4493 3894 4572 observat

496 4566 835 4645 Turrianu's.
871 4570 1426 4645 Sanctus_Maximu_s
1456 4568 1608 4645 enim
1646 4569 1718 4624 ita
1753 4566 2556 4645 interpretaturpionysium,
2601 4574 2661 4645 ut
2712 4581 3014 4645 sermones
3038 4568 3137 4624 Dei
3173 4574 3445 4624 vocentur
3478 4567 3632 4638 ignei
3667 4584 3889 4645 secun—

494 4641 632 4700 dum
664 4645 1050 4710 existentiam,
1086 4641 1145 4698 id
1175 4649 1280 4708 est,
1311 4642 1446 4711 quia
1480 4640 1565 4696 sic
1623 4653 1722 4711 eos
1780 4637 1914 4694 fecit
1971 4636 2146 4711 Deus.
2179 4637 2235 4711 id
2278 4636 2362 4693 est
2403 4636 2568 4711 banc
2601 4638 2684 4694 eis
2714 4639 2827 4695 vim
2859 4637 3079 4702 indidi,
3113 4653 3247 4696 cum
3279 4653 3481 4696 eorum
3507 4636 3716 4698 auctor
3745 4643 3889 4707 fuit;

493 4714 814 4772 secundum
849 4729 981 4772 vero
1013 4707 1510 4785 participationem
1541 4709 1763 4782 angelis
1791 4708 2084 4776 convenit,
2117 4708 2250 4778 quia
2283 4707 2503 4785 similes
2535 4711 2822 4785 esse_Deo.
2857 4711 2960 4785 qui
3004 4711 3155 4785 ignis
3186 4724 3535 4785 consumens
3565 4720 3677 4785 est.
3703 4729 3734 4770 a
3778 4715 3891 4770 Deo

496 4785 683 4856 inquit
706 4794 937 4844 sanctus
969 4779 1786 4856 ltlaximu's,acceperunt,cu_m
1804 4793 1904 4850 per
1934 4794 1996 4856 se
2027 4787 2210 4856 essent
2236 4779 2556 4856 secundum
2588 4779 2991 4856 substantiam.
3022 4779 3278 4856 Ioannes
3301 4795 3436 4856 vero
3459 4782 3894 4856 Cyparissiotus

495 4850 818 4914 secundum
851 4850 1462 4913 existentiamdiciteis
1493 4850 1980 4921 convenire,quod
2011 4850 2368 4920 probabilius
2391 4851 2702 4916 videtur,ut
2723 4867 2851 4910 cum
2886 4852 3202 4910 substantia
3236 4853 3408 4910 simul
3441 4850 3886 4912 similitudinem

493 4925 588 4983 Dei
622 4928 970 4998 acceperint.
1007 4927 1147 4995 Quia
1180 4927 1227 4982 si
1272 4927 1429 4997 prius
1483 4934 1704 4998 oportet
1757 4930 1966 4998 esse,et
1995 4930 2190 4998 postea
2240 4923 2576 4998 participare
2609 4924 2766 4998 aliud
2795 4934 2996 4998 preter
3017 4939 3190 4998 quam
3224 4940 3371 4998 esse,
3405 4925 3598 4998 angeli
3629 4941 3748 4984 non
3785 4929 3883 4983 lia-

491 4999 632 5056 bent
658 4993 775 5069 per'
789 4993 1284 5069 participationem
1324 4999 1432 5056 hoc
1467 4993 1622 5070 qnod
1652 4994 1736 5053 eis
1769 4993 2040 5070 tribuitur
2074 4995 2199 5051 istis
2241 4993 2587 5070 nominibus
2617 5003 2676 5070 et
2705 4993 3172 5070 iigdrationi’bus,
3203 4997 3301 5052 sed
3335 5010 3434 5070 per
3462 4993 3834 5070 efxistentiam
3865 5017 3880 5061 ς

536 5071 627 5144 uia
658 5066 802 5128 'non
853 5066 1083 5144 fuerunt
1139 5066 1505 5144 priusquam’
1532 5070 1632 5144 ista
1693 5066 2124 5144 participarent,
2159 5066 2258 5144 sed
2291 5066 2484 5144 potius
2502 5081 2632 5123 cum
2663 5066 2755 5124 bis
2785 5067 2954 5144 donis
2980 5069 3159 5144 creati
3193 5073 3348 5124 sunt.
3381 5067 3544 5126 Unde
3577 5069 3890 5144 Gregorius

543 5083 627 5127 uia
682 5083 796 5128 non
853 5081 1083 5128 iuei‘unt
1139 5084 1474 5142 priusquam
1532 5081 1632 5124 ista
1693 5081 2124 5195 participareni,
2159 5081 2258 5122 seu
2291 5081 2481 5137 ponus
2502 5081 2632 5123 cum
2667 5081 2755 5124 nis
2785 5081 2954 5124 oonis
2985 5081 3159 5126 creati
3193 5081 3310 5124 sun‘

543 5142 881 5201 azianzenus
910 5142 1179 5214 angelum
1213 5141 1350 5200 dicit
1385 5155 1509 5200 esse
1541 5140 1691 5212 prim
1745 5136 1980 5196 luminis
2009 5137 2315 5210 quamdam
2347 5136 2660 5196 ﬂuxionem
2691 5149 2745 5196 et
2787 5138 3310 5212 participationem.

1823 5259 2078 5325 VARIJE
2108 5259 2546 5326 LECTIONES.

573 5385 639 5438 ⁸7
669 5410 754 5468 γρ.
791 5385 1094 5462 ἆειδινήτῳ,
1153 5385 1220 5468 (ξ8
1242 5389 1329 5468 θεαὶ
1353 5387 1472 5468 περὶ
1499 5390 1605 5443 τῶν
1631 5385 1812 5464 ιερῶν,
1845 5383 1906 5445 S.
1941 5379 2009 5445 P.
2042 5377 2112 5443 Ι).
2141 5376 2246 5441 Ch.
2285 5365 2382 5439 Sc.
2420 5380 2548 5441 Sar.
2610 5378 2675 5430 69
2699 5381 2776 5456 μὴ
2809 5388 3094 5462 ταπεινῶς,
3130 5382 3199 5444 Ρ.
3231 5379 3300 5442 D.
3333 5383 3470 5457 μήτε
3503 5391 3797 5456 ταπεινῶς,
3831 5387 3889 5446 S.

492 5465 558 5518 θθ
585 5465 794 5526 καῖ’του
837 5475 1118 5549 μυοῦντος,
1161 5467 1229 5532 Ρ.
1257 5465 1327 5530 D.
1364 5466 1473 5530 Ch.

574 5627 727 5709 (19')
760 5629 1056 5692 Multoties
1083 5627 1298 5708 legitur
1327 5628 1486 5709 apud
1519 5623 1892 5693 Ezechielem
1927 5638 2147 5685 nomen
2237 5621 2361 5684 tina
2397 5628 2542 5683 rotae
2572 5620 2992 5687 reddiderunt.
3020 5623 3080 5686 Si
3125 5641 3158 5685 ει
3181 5621 3382 5686 radice
3427 5610 3530 5688 ειη
3562 5623 3888 5701 derivetur,

497 5707 828 5801 Gelgel,vel
849 5723 1050 5800 potius
1075 5707 1296 5799 Galgal
1327 5707 1464 5784 πιυ
1497 5718 1656 5800 quod
1695 5733 1881 5777 unum
1919 5719 2144 5773 tantum
2230 5712 2608 5801 rotationem,
2643 5711 3071 5776 revolutionem
3129 5713 3445 5795 signiﬁcat,
3509 5714 3556 5774 si
3616 5725 3815 5778 autem
3859 5734 3892 5776 a

492 5789 798 5875 constituit
825 5789 1605 5896 v'erbum.Septuag.=poiot,
1622 5808 1852 5892 vulgata
1874 5820 2010 5866 vero
2025 5804 2137 5870 La-
2227 5800 2433 5869 radice
2461 5789 2598 5886 n51,
2634 5801 3064 5870 revelationem
3096 5789 3363 5869 denotat.
3399 5802 3632 5872 Dnacu.
