4042 6430
292 401 410 473 349

701 409 798 472 DE
843 406 1195 473 COELESTI
1238 403 1739 487 HIERARCHIA,
1788 407 1954 470 CAP.
2003 405 2134 470 XV.
2201 440 2279 453 —
2325 408 2710 473 PARAPIIR.
2764 409 3282 475 PACHYMERIE.

3565 409 3684 482 350

288 550 356 604 τὰ
401 547 516 606 ἅνω
561 548 644 607 καῖ
691 549 737 607 οἳ
797 549 936 605 θεῖοι
995 546 1236 626 ἄγγελοι,
1273 545 1406 604 ὅπου
1447 569 1506 626 γε
1550 549 1638 604 καὶ
1681 550 1788 604 τῶν
1846 546 1944 602 ἀν-

2054 541 2388 621 ιθπιζειηςθιῐ
2406 541 2564 604 enim
2583 542 2765 604 divini
2782 542 2850 606 ad
2873 563 3132 624 superna
3145 555 3280 610 sunt
3298 549 3688 626 erecti,unde

287 638 522 714 Θρώπων
580 643 626 696 οἱ
666 639 731 695 τὰ
769 638 880 694 ἅνω
909 646 1188 710 ζητοῦντες
1246 640 1318 704 ὡς
1365 638 1593 719 φοίνικες
1641 639 1817 694 ἀνθεῖν
1861 636 1954 694 λέ-

287 751 505 806 γονται²
540 731 628 786 καὶ
685 731 759 793 ὡς
788 725 961 806 κέδροι
1015 727 1426 808 πλτνδθύνεσται)³
1463 730 1552 785 καί
1595 727 1678 784 διὰ
1728 729 1787 784 τὸ
1819 728 1954 785 κατὰ

285 820 454 897 φύσιν
515 819 742 899 ἀρχικὸν
795 820 885 875 καὶ
925 821 1251 896 ἡγεμονικὸς
1293 825 1401 875 τῶν
1457 819 1770 895 ἀνθρώπων,
1833 816 1952 874 κατ’

286 909 478 966 εἰκόνα
535 909 877 966 πλασθέντων
939 917 1069 969 Θεοῦ
1103 911 1190 965 καὶ
1246 909 1500 982 ὁμοίωσιν
1537 910 1678 984 (περί
1719 911 1793 964 ὧν
1855 908 1950 964 λέ-

280 1016 465 1076 γεται⁶
508 1001 602 1058 Καὶ
661 999 976 1078 ἀρχέτωσαν
1008 1002 1112 1056 τῶν
1166 1001 1366 1079 ἰχθύων
1409 1001 1497 1056 καὶ
1545 1006 1651 1055 τῶν
1696 1005 1952 1055 πετεινῶν

278 1100 381 1149 τοῦ
411 1091 685 1166 οὖρανοῦ),
730 1091 824 1146 καὶ
864 1087 948 1145 διὰ
999 1091 1058 1146 τὸ
1092 1091 1395 1155 αἰσθητικὸν
1443 1091 1541 1165 μὲν
1589 1089 1767 1169 ὀλίγον
1802 1089 1951 1170 ἔχειν

279 1183 375 1237 τὸν
439 1180 740 1260 ἄνθρωπον,
811 1182 883 1246 ὡς
973 1183 1101 1259 πρὸς
1161 1181 1254 1246 τὰς
1331 1179 1522 1248 λοιπὰς
1589 1188 1689 1237 τῶν
1743 1180 1952 1260 ἀλόγων

284 1270 445 1340 ζώων
490 1269 762 1350 δυνάμεις,
820 1272 1177 1342 καρατητικὸν
1219 1269 1273 1327 δὲ
1333 1271 1549 1328 πάντων
1605 1279 1673 1350 τῇ
1723 1283 1813 1331 τοῦ
1863 1279 1952 1328 νοῦ

287 1359 542 1434 δυνάμει,
592 1363 676 1416 καὶ
734 1367 802 1436 τῇ
864 1361 1006 1416 κατὰ
1072 1362 1294 1438 λογικὴν
1358 1361 1666 1436 ἐπιστήμην
1725 1362 1945 1439 ἐπικρα-

290 1452 435 1523 τείᾳ.
471 1458 642 1509 Τοῦτο
685 1451 739 1506 δὲ
787 1452 896 1507 ἐστι
948 1453 1208 1522 τοιοῦτον,
1262 1450 1340 1507 ὅτι
1374 1454 1419 1508 οἱ
1466 1451 1728 1531 ἅνθρωποι
1777 1452 1954 1530 ὀλίγον

2040 639 2092 685 et
2116 631 2376 688 homines
2390 632 2487 703 qui
2509 647 2753 702 superna
2779 644 3125 704 spectant,ut
3147 637 3433 704 phoenices
3454 641 3684 712 ﬂorere,

2038 727 2404 810 ettanquam
2439 723 2602 784 cedri
2637 724 3018 800 multiplicari
3051 726 3466 810 perhibentur)
3504 750 3519 806 ;
3556 740 3681 794 tum

2037 809 2210 870 etiam
2251 813 2826 892 propterﬁliominum
2863 817 3188 877 naturalem
3228 809 3597 899 principandi
3631 832 3692 884 et

2041 899 2372 980 imperandi
2404 904 2852 985 prerogativam,
2885 914 2946 966 ut
2970 907 3067 981 qui
3092 906 3162 965 ad
3190 907 3506 986 imaginem
3535 917 3690 972 etsi-

2041 989 2436 1053 militudinem
2473 994 2574 1056 Dei
2612 995 2744 1055 facti
2776 1004 2908 1055 sunt
2945 996 3043 1069 (de
3072 997 3288 1076 quibus
3319 999 3540 1060 dicitur
3573 1021 3584 1063 :
3620 999 3691 1062 Et

2042 1082 2282 1159 praesint
2317 1083 2606 1161 piscibus,
2645 1093 2700 1145 et
2731 1085 3069 1147 volucribus
3102 1087 3333 1170 cmlih);
3370 1099 3489 1152 tum
3530 1091 3688 1169 quod

2038 1171 2236 1244 homo,
2273 1175 2544 1254 quamvis
2578 1193 2755 1236 sensu
2786 1177 3024 1256 quidem
3057 1188 3401 1241 caeterorum
3438 1199 3690 1261 compa-

2036 1261 2270 1324 ratione
2303 1265 2634 1340 brutorum,
2663 1266 2908 1327 minime
2939 1267 3148 1342 valeat,
3178 1269 3457 1330 omnibus
3492 1279 3690 1332 tamen

2041 1355 2609 1433 imperetprmstanti
2633 1355 2682 1415 vi
2711 1356 2945 1436 mentis,
2983 1377 3049 1418 ac
3084 1359 3452 1420 rationalibis
3485 1367 3689 1422 scien-

2046 1441 2138 1502 tia:
2170 1442 2500 1506 dominatu.
2559 1448 2684 1507 Iloc
2726 1455 2921 1506 autem
2959 1448 3035 1507 ita
3066 1467 3129 1508 se
3180 1449 3379 1529 habet,
3408 1452 3690 1530 quoniam

291 1543 355 1598 τὸ
391 1541 514 1599 κατ’
579 1541 828 1608 αἴσθησιν
882 1541 1064 1622 ἔχουσι
1097 1544 1226 1620 πρὸς
1284 1543 1347 1599 τὰ
1395 1542 1530 1599 ἄλλα
1577 1551 1707 1614 ζῶα·
1743 1544 1808 1600 τα
1859 1543 1956 1618 μὲν

2054 1530 2322 1592 hon'ines
2374 1552 2576 1613 parum
2613 1535 2751 1615 quid
2805 1536 2877 1596 de
2910 1556 3088 1598 sensu
3136 1537 3378 1614 habent,
3415 1549 3693 1620 respectu

291 1632 404 1710 γὰρ
461 1632 632 1709 ἄλογα
662 1635 722 1689 τὸ
756 1639 858 1688 πᾶν
917 1632 1163 1700 αἴσθησίς
1209 1635 1330 1689 εἰσι·
1368 1631 1436 1688 δι’
1479 1635 1545 1700 ἧς
1579 1636 1665 1690 καί
1697 1631 1959 1690 διοικοῦν-

2054 1620 2295 1682 aliorum
2329 1624 2698 1685 animalium:
2732 1625 2906 1688 bruta
2936 1627 3094 1688 enim
3131 1646 3370 1706 prorsus
3402 1638 3696 1692 suntsen-

291 1745 388 1778 ται
420 1724 628 1790 ἀνόητα
673 1723 823 1783 ὄντα.
860 1722 951 1779 Ἐν
984 1725 1118 1798 ἡμῖν
1151 1721 1204 1778 δὲ
1236 1725 1410 1803 βραχὺ
1441 1725 1502 1780 τὸ
1536 1724 1865 1791 αἰσθητικόν
1903 1728 1961 1782 οὗ

2054 1728 2170 1783 sus,
2203 1731 2321 1787 quo
2355 1715 2532 1774 etiam
2553 1724 2862 1796 reguntur,
2896 1736 3028 1778 cum
3061 1717 3179 1778 sint
3209 1718 3592 1782 irrationalia.
3626 1720 3692 1782 In

290 1815 402 1892 γὰρ
432 1811 500 1868 δι’
551 1817 710 1872 αὒτου
754 1813 1131 1888 συνιστάμεθα,
1166 1812 1304 1869 ἀλλά
1337 1812 1422 1869 διὰ
1456 1822 1547 1871 τοῦ
1590 1821 1798 1891 εδοεροῦ.
1831 1814 1959 1871 Ἐπὶ

2054 1799 2427 1864 nobisautem
2454 1805 2752 1867 modicum
2767 1807 2906 1886 quid
2924 1809 3248 1870 estsensile
3271 1827 3283 1871 :
3315 1828 3508 1889 neque
3530 1810 3694 1872 enim

292 1902 350 1958 δὲ
411 1910 518 1959 τῶν
547 1904 788 1982 ἀγγέλων
849 1901 964 1960 οὔδε
995 1905 1054 1960 τὸ
1088 1905 1420 1983 βραχύτατόν
1455 1904 1570 1960 ἐστι
1604 1912 1710 1961 τῶν
1767 1907 1954 1976 «toea-

2054 1909 2112 1952 ex
2139 1910 2209 1953 eo
2243 1902 2608 1970 constamus,
2637 1895 2740 1958 sed
2765 1915 2834 1957 ex
2862 1897 3216 1961 intellectili.
3243 1897 3308 1960 In
3333 1899 3558 1978 angelis
3582 1919 3694 1962 au-

293 2017 463 2074 σειων⁷
498 1993 636 2050 ἀλλά
681 1995 844 2058 τύπος
895 1995 1096 2074 βραχὺς
1127 1994 1342 2050 ἐκείνων
1402 1995 1466 2051 τὰ
1496 1993 1612 2051 καθ’
1645 1996 1812 2069 ἡμᾶς·
1867 1985 1959 2058 Ὠς

2054 1987 2163 2041 lem
2189 1999 2381 2062 neque
2401 1985 2712 2047 minimum
2743 1986 2882 2067 quid
2912 1996 2999 2050 est
3022 2007 3553 2071 sensuum,verum
3588 2009 3694 2050 no-

292 2086 401 2164 γάρ
433 2073 482 2141 οἱ
516 2084 761 2162 ἄγγελοι,
795 2085 872 2159 μὴ
903 2073 1234 2164 κεχρημένοι
1276 2099 1394 2150 τοῖς
1426 2084 1542 2141 καθ’
1573 2087 1718 2161 ἡμᾶς
1765 2087 1957 2153 αἰσθη-

2054 2073 2244 2164 stratia
2274 2083 2412 2135 sunt
2441 2076 2606 2136 rudis
2635 2076 2873 2138 illorum
2909 2079 3115 2158 figura.
3173 2080 3694 2154 Quemadmodum

290 2161 530 2254 τηρίοις,
567 2175 701 2232 κατά
735 2175 870 2232 πολὺ
927 2175 1248 2254 ὑπερέχουσι
1308 2176 1385 2250 τῷ
1417 2177 1648 2252 περιὸντι
1706 2181 1804 2243 τῆς
1838 2198 1961 2232 νοε-

2054 2161 2223 2239 igitur
2249 2165 2444 2244 angeli
2477 2185 2610 2227 cum
2645 2186 2763 2228 non
2795 2175 3036 2230 utantur
3062 2169 3140 2232 iis
3165 2169 3382 2251 quibus
3415 2189 3524 2231 nos
3554 2190 3696 2232 sen-

292 2273 394 2342 ρᾶς
469 2263 768 2340 δυνάμεως·
833 2263 970 2322 οὕτω
1023 2265 1114 2322 καὶ
1170 2269 1215 2322 οἱ
1277 2263 1540 2344 ἅνθρωποι
1598 2272 1669 2343 τῇ
1725 2274 1818 2324 τοῦ
1872 2273 1961 2323 νοῦ

2054 2269 2218 2312 suum
2251 2252 2684 2332 instrumentis,
2722 2257 3038 2338 plurimum
3073 2260 3435 2322 antecellunt
3464 2260 3693 2322 intelli—

289 2358 571 2435 ὑπεροχῇ,
602 2356 690 2412 καὶ
754 2361 820 2432 τῇ
864 2355 1058 2434 λογικῇ
1117 2343 1416 2434 ἐπιστήμῃ
1463 2361 1561 2423 τῆς
1613 2355 1809 2434 ἀλόγου
1862 2355 1961 2436 φύ-

2054 2343 2262 2420 gentiis
2293 2344 2464 2424 copia
2489 2345 2786 2408 facultatis
2812 2369 2828 2422 ;
2863 2347 2947 2409 sic
2982 2348 3156 2410 etiam
3187 2349 3459 2412 homines
3484 2350 3699 2412 mentis

292 2467 440 2510 σεως
490 2452 766 2522 κρατοῦσι.
806 2445 882 2504 Τὰ
932 2452 1058 2524 γοῦν
1120 2443 1312 2525 ἄλογα,
1343 2446 1420 2521 μὴ
1453 2444 1650 2525 ἔχοντα
1692 2449 1787 2503 τὸν
1819 2453 1960 2520 νοῦν,

292 2538 526 2598 εἰκότως
587 2533 976 2614 δραστικώτερα
1007 2537 1095 2593 καὶ
1145 2533 1354 2612 ὀξύτερο
1383 2537 1520 2592 κατά
1571 2537 1662 2602 τὰς
1700 2537 1966 2614 αἰσθήσεις

294 2629 459 2701 εἰσὶν,
497 2625 680 2698 ὥσπερ
709 2627 797 2682 καὶ
854 2625 921 2681 τὰ
963 2627 1120 2702 φυτὰ,
1157 2626 1234 2699 μὴ
1279 2624 1479 2704 ἔχοντα
1523 2626 1798 2702 αἴσθησιν,
1831 2627 1968 2683 κατά

299 2718 402 2780 τὰς
471 2716 697 2796 φυσικὰς
757 2716 1048 2794 ἐνεργείας,
1111 2717 1208 2784 τὴν
1265 2716 1576 2794 Θρεπτικὴν,
1638 2716 1736 2784 τὴν
1796 2715 1966 2784 αὔξη-

297 2808 489 2887 τικὴν³
525 2807 612 2861 καὶ
670 2805 768 2871 τὴν
826 2813 920 2862 τοῦ
956 2811 1143 2882 γεννᾷν
1200 2805 1261 2861 τό
1325 2803 1533 2880 ὅμοιον,
1595 2803 1966 2884 ἐνεργεστέρας

302 2897 527 2978 ἔχουσι,
597 2897 696 2951 Διά
743 2902 899 2952 τοῦτο
931 2896 1031 2972 γὰρ
1089 2895 1175 2951 καὶ
1211 2894 1347 2966 ζώου
1401 2894 1788 2962 κολοόωθέντος
1831 2896 1967 2953 κατά

300 3011 376 3058 τι,
413 2989 474 3044 οὗ
530 2984 743 3043 δύναται
805 2984 1067 3053 ἆναθῆλαι
1125 2986 1186 3041 τὸ
1235 2983 1426 3042 λεῖπον
1480 2985 1667 3064 μέρος·
1702 2991 1864 3066 φυτοῦ
1909 2984 1964 3041 δὲ

308 3079 498 3156 μέρους
534 3075 886 3150 ἐκκοπέντος,
917 3077 952 3144 ἡ
1012 3073 1340 3145 ἀναθήλησις
1373 3074 1572 3132 πλείων
1632 3077 1856 3156 γίνεται,
1891 3078 1964 3142 ὡς

312 3166 713 3238 πλεοναζούσης
797 3164 850 3221 ἐν
934 3165 1140 3230 τούτοις
1212 3169 1312 3232 τῆς
1376 3171 1596 3244 φυτικῆς
1665 3163 1960 3242 δυνάμεως,

2051 2431 2403 2494 excellentia
2437 2439 2500 2496 et
2520 2434 2856 2497 ratiocinali
2889 2437 3138 2501 scientia
3156 2439 3565 2502 irrationalem
3587 2456 3697 2501 su-

2054 2531 2263 2601 perant
2295 2531 2587 2587 naturam.
2613 2525 2792 2588 Bruta
2822 2529 3044 2610 itaque,
3071 2549 3206 2609 quae
3238 2537 3438 2592 mente
3469 2536 3696 2610 carent,

2053 2611 2266 2673 merito
2286 2613 2621 2676 eﬂicaciora
2655 2624 2867 2679 suntet
2895 2617 3186 2681 celeriora
3199 2619 3531 2682 secundum
3554 2638 3696 2680 sen-

2050 2720 2150 2762 sus
2189 2721 2204 2776 ;
2251 2703 2759 2779 quemadmodum
2795 2714 2852 2768 et
2886 2708 3122 2786 plantaa.
3154 2729 3292 2790 quae
3351 2717 3486 2770 sunt
3517 2727 3700 2772 sensu

2051 2790 2374 2868 destitutae,
2402 2797 2758 2873 vegc'tativas
2797 2800 2921 2858 Ml
2973 2799 3300 2873 facultates,
3338 2809 3400 2860 ut
3427 2798 3698 2861 altricem

2054 2889 2112 2942 et
2138 2884 2465 2946 auctricem
2500 2893 2560 2946 et
2590 2886 2682 2947 sui
2713 2886 2926 2950 similis
2983 2891 3445 2968 generatricem,
3478 2889 3702 2952 habent

2054 2973 2447 3036 efﬁcaciores.
2498 2974 2731 3037 Idcirco
2763 2978 2922 3038 enim
2973 2977 3216 3040 animali
3258 2980 3528 3042 mutilato
3562 2998 3697 3060 pars

2051 3061 2313 3125 abscissa
2361 3081 2749 3143 nequoquam
2783 3065 2998 3130 iterum
3051 3075 3247 3146 potest
3289 3068 3698 3148 repullulare;

2055 3151 2270 3233 plantas
2325 3171 2494 3230 vero,
2533 3155 2583 3215 si
2639 3173 2776 3233 pars
2807 3165 3039 3220 resecta
3087 3157 3184 3240 sit,
3217 3158 3599 3236 repullulatio
3632 3158 3700 3220 fit

307 3259 407 3315 Διά
449 3264 620 3314 ταῦτα
664 3256 834 3312 τοίνυν
888 3255 1059 3311 πάντα
1115 3255 1177 3310 τὸ
1218 3255 1668 3336 ἀνθρωπόμορφον
1725 3255 1961 3336 ἀναγρά-

2054 3241 2321 3338 uberior,
2353 3242 2434 3338 ita
2460 3252 2523 3304 ut
2555 3245 2614 3305 in
2640 3245 3084 3338 hisvegetativa
3113 3248 3199 3338 vis
3227 3249 3510 3310 abundet.
3546 3248 3696 3311 Pro-

297 3370 486 3430 gouat,
521 3349 610 3404 καὶ
643 3344 728 3402 διὰ
759 3347 820 3402 τὸ
866 3345 1014 3425 φύσει
1043 3344 1142 3412 τῆς
1174 3349 1359 3425 ψυχης
1392 3343 1687 3403 ἀδούλωτον
1718 3347 1808 3403 καὶ
1834 3349 1961 3404 αὖτ-

2054 3339 2182 3412 pter
2203 3332 2329 3393 haec
2361 3332 2558 3413 itaque
2590 3335 2790 3398 omnia
2820 3337 3080 3398 humana
3101 3337 3286 3430 forma
3309 3341 3555 3430 angelos
3586 3339 3694 3430 de-

294 3438 569 3517 εξούσισν,
631 3439 659 3494 ὃ
718 3437 806 3492 κὰὶ
862 3437 989 3494 αὐτὸ
1051 3437 1248 3514 προσὸν
1299 3447 1415 3498 τοῖς
1476 3435 1726 3515 ἀγγέλοις
1795 3437 1962 3515 γινώ-

300 3549 498 3585 σκεται
509 3575 524 3590 ,

389 3698 430 3726 ⁹¹
444 3707 572 3756 Ean
607 3695 661 3754 δὲ
695 3699 782 3754 καὶ
809 3695 928 3753 καθ’
984 3696 1207 3754 ἕκαστον
1263 3697 1370 3751 τῶν
1421 3695 1763 3773 ἀνθρωπίσων
1793 3696 1968 3774 μερῶν

301 3789 526 3851 εἰκόνας
575 3785 858 3866 ἁρμοδίως
891 3785 1121 3864 ἐξευρεῖν
1169 3787 1301 3864 πρὸς
1359 3785 1424 3841 τὰ
1454 3787 1665 3864 οὒράνια
1694 3787 1968 3864 τάγματα,

305 3880 415 3936 Καὶ
439 3884 654 3954 πρῶτον
685 3877 745 3933 ἐκ
773 3876 884 3932 τῶν
919 3877 1236 3944 αἰσθήσεων.
1275 3867 1449 3933 ’Ὅθεν
1482 3877 1568 3932 καὶ
1600 3879 1650 3931 αἱ
1684 3877 1780 3950 μὲν
1812 3877 1969 3933 ὀπτι-

299 3969 400 4024 xxi.
465 3966 738 4042 δυνάμεις,
794 3967 910 4022 ἒπεὶ
962 3963 1174 4030 διειδεῒς
1229 3966 1352 4044 εἶσι,
1412 3967 1499 4021 καὶ
1565 3965 1828 4040 ἀπαλλὸν,
1883 3969 1971 4023 καὶ

297 4059 502 4136 ὑγρὸν,
535 4058 623 4112 καὶ
668 4061 762 4115 οὒκ
815 4056 1095 4112 ἀντίτυπον
1138 4056 1198 4109 τὸ
1243 4056 1586 4131 αἰσθητήριον
1629 4056 1846 4135 ἔχουσι,
1874 4057 1970 4123 τὴν

301 4149 450 4226 πρὸς
503 4149 566 4204 τὸ
595 4151 716 4203 Θεῖα
748 4150 854 4202 τῶν
886 4144 1132 4222 ἀγγέλων
1189 4142 1408 4210 δηλοῦσι
1442 4142 1800 4213 διειδεστάτην
1834 4146 1966 4202 ἀνά-

304 4260 519 4308 νευσιν,
553 4239 640 4293 καὶ
684 4237 784 4304 τὴν
829 4234 1064 4314 ἁπαλὴν,
1097 4235 1185 4290 καὶ
1214 4235 1398 4312 ὑγρὰν,
1436 4237 1522 4290 καὶ
1549 4239 1644 4293 οὒκ
1688 4236 1966 4292 ἀντίτυπον

294 4327 593 4408 ὑποδοχὴν
639 4330 744 4384 τῶν
775 4327 926 4382 Θείων
972 4323 1316 4401 ἐλλάμψεων,
1364 4325 1461 4392 τὴν
1516 4324 1844 4400 ὀξυκίνητον,
1878 4327 1967 4382 καὶ

299 4415 576 4497 καθαρᾶν,
608 4419 697 4474 καὶ
751 4415 1202 4491 ἀναπεπταμένην
1240 4416 1367 4494 πρὸς
1416 4415 1516 4482 τὴν
1576 4415 1846 4495 ὕποδοχὴν
1878 4424 1970 4472 τοὺ

295 4510 454 4566 Θείου
497 4507 700 4588 τρωτός,

397 4600 460 4654 ΑΞ
517 4603 616 4664 τῆς
673 4598 978 4676 ὀσφρήσεως
1039 4594 1288 4671 δυνάμεις
1337 4597 1394 4652 τὸ
1441 4593 1821 4662 ἀντιληπτικὸν
1872 4600 1968 4662 τῆς

2048 3424 2325 3503 pingunt,
2361 3431 2418 3484 et
2449 3433 2698 3503 propter
2726 3426 3056 3488 naturalem
3114 3427 3328 3491 animae
3360 3428 3702 3506 ingenuita-

2049 3519 2165 3571 tem
2201 3518 2261 3572 et
2292 3510 2525 3573 arbitrii
2551 3513 2914 3596 libertatem,
2939 3534 3072 3597 quae
3094 3527 3151 3578 et
3178 3516 3240 3578 in
3263 3518 3489 3598 angelis
3510 3536 3700 3597 agno-

2049 3611 2318 3664 scuntur.

2138 3692 2318 3766 Quin,
2351 3692 2493 3754 licet
2523 3694 2701 3756 etiam
2735 3713 2805 3757 ex
2830 3695 3080 3774 singulis
3105 3697 3386 3761 humanis
3418 3697 3704 3761 membris

2055 3791 2222 3862 aptas
2239 3782 2529 3862 imagines
2543 3783 2887 3848 caelestibus
2899 3787 3212 3850 ordinibus
3225 3788 3700 3853 accommodare.

2055 3874 2130 3935 Et
2155 3876 2410 3952 primum
2445 3893 2477 3935 e
2512 3875 2810 3937 Sensibus.
2849 3873 3024 3938 Unde
3054 3877 3296 3939 videndi
3329 3879 3572 3960 quidem
3607 3878 3702 3939 fa-

2057 3965 2324 4033 cultates,
2353 3982 2486 4024 cum
2518 3963 2894 4045 perspicaces
2941 3966 3081 4041 sint,
3118 3976 3175 4028 et
3207 3977 3500 4049 tenerum,
3535 3976 3593 4030 et
3625 3967 3706 4028 li-

2057 4053 2325 4134 quidum,
2365 4062 2422 4113 et
2451 4071 2828 4132 nequaquam
2878 4056 3270 4119 reluctantem
3305 4077 3547 4120 sensum
3604 4057 3708 4120 ba-

2055 4143 2253 4218 beant,
2289 4142 2595 4204 declarant
2650 4143 3001 4223 angelorum
3057 4147 3568 4227 perspicacissima
3625 4147 3700 4208 ad

2053 4233 2248 4294 divina
2273 4232 2737 4313 suspectionem,
2769 4243 2826 4295 et
2850 4243 3142 4312 teneram,
3171 4237 3576 4318 liquidamque
3599 4237 3708 4298 mi-

2051 4325 2331 4404 nimeque
2374 4323 2773 4401 refragantem
2805 4325 3140 4387 divinorum
3173 4327 3465 4389 luminum
3493 4345 3706 4390 susce-

2056 4413 2345 4494 ptionem,
2381 4432 2512 4494 quae
2562 4414 2728 4476 velox
2766 4415 2842 4476 sit
2899 4424 2956 4478 et
2987 4435 3135 4498 pura
3171 4435 3186 4492 ;
3243 4427 3300 4479 et
3330 4435 3589 4498 expansa
3632 4418 3706 4480 ad

2054 4503 2237 4566 divini
2272 4504 2516 4565 luminis
2547 4506 2985 4585 exceptionem.

2134 4593 2399 4657 Olfactus
2453 4595 2609 4656 vires
2665 4595 3006 4673 signiﬁcant
3053 4595 3383 4676 fragrantes
3413 4595 3706 4659 distribu-

573 4654 614 4664 ..
750 4654 785 4676 H
829 4654 839 4663 .
965 4654 975 4659 -
1167 4654 1176 4671 ,
1275 4654 1286 4660 -
1619 4654 1630 4662 .
1928 4654 1961 4662 ..

308 4686 554 4750 εὖώόους
601 4686 908 4766 διαδόσεως³
945 4688 1166 4743 καὶτῶν
1215 4688 1293 4754 μὴ
1327 4687 1584 4743 τοιούτων
1646 4684 1961 4764 διακριτικὸν

2057 4654 2250 4747 more.
2280 4654 2615 4763 excipiendi
2650 4654 3004 4749 agures;
3023 4654 3094 4750 et
3112 4654 3709 4768 gaia'aiszgaa'di

295 4779 366 4834 ἐν
429 4779 738 4853 ἒπιστήμῃ·
772 4778 866 4833 οὒκ
923 4775 1153 4844 ἤκουσας
1212 4777 1332 4854 γὰρ.
1371 4775 1450 4833 ὅτι
1511 4777 1598 4832 καὶ
1645 4783 1759 4849 Θεῷ
1815 4775 1961 4853 λογί-

2059 4792 2126 4836 ea
2180 4793 2310 4853 qua;
2341 4794 2457 4836 non
2510 4784 2646 4836 sunt
2678 4777 3025 4856 ejusmodi:
3077 4778 3343 4860 nunquid
3390 4777 3548 4839 enim
3590 4797 3710 4840 non

295 4880 462 4944 ζεται
523 4869 794 4948 βδέλυγμα
851 4871 910 4925 τὸ
960 4869 1104 4946 παρά
1149 4873 1256 4923 τῶν
1318 4867 1542 4933 ἀναξίων
1600 4873 1961 4947 προσφερόμε-

2059 4864 2492 4946 audiisti,quod
2523 4867 2680 4928 Deus
2704 4866 3134 4930 abominationi
3155 4867 3368 4930 habeat
3396 4868 3708 4929 incensum

296 4983 403 5018 νον
467 4963 757 5036 θυμίαμας
812 4967 978 5018 Τοῦτο
1034 4961 1287 5036 ἡγοῦνται
1325 4956 1594 5036 βδέλυγμα
1641 4960 1725 5014 καὶ
1767 4959 1831 5014 τὰ
1879 4963 1961 5018 οὐ·

2059 4953 2216 5033 quod
2235 4953 2307 5014 ab
2331 4954 2597 5033 indignis
2611 4956 3063 5018 offertur'ﬂdem
3080 4957 3256 5020 etiam
3280 4956 3714 5019 abominationi

297 5051 472 5133 ράνια
502 5051 776 5127 τάγματα,
811 5051 898 5105 καὶ
930 5047 1126 5111 ὁλικῶς
1160 5050 1539 5127 ἀποφεύγουσι,

2062 5042 2284 5106 habent
2315 5044 2724 5107 ordinationes
2755 5045 3054 5122 caalestes,
3093 5059 3152 5109 et
3179 5047 3420 5109 omnino
3455 5046 3708 5124 fugiunt.

395 5140 477 5198 Τὰ
525 5137 640 5194 ὦτα
685 5140 748 5195 τὸ
809 5139 1103 5218 μετοχικὸν
1147 5135 1387 5211 δηλοῦσι,
1422 5140 1507 5194 καὶ
1553 5139 1615 5194 τὸ
1671 5142 1961 5217 γνωστικῶι

2145 5136 2343 5196 Aures
2374 5134 2682 5213 designant
2720 5135 2931 5197 divinae
2957 5136 3365 5217 inspirationis
3393 5139 3712 5216 participa-

298 5227 660 5287 ὖποδεκτικὸν
720 5233 820 5295 τῆς
877 5229 1018 5292 Θείας
1063 5227 1364 5290 ἓπιπνοίας·
1429 5229 1464 5295 ἡ
1531 5228 1630 5305 γὰρ
1701 5229 1838 5295 πνοὴ
1900 5225 1961 5283 8ιὲ

2065 5224 2313 5298 tionem,
2333 5234 2392 5285 et
2414 5225 2686 5305 ejusdem
2717 5223 3103 5287 scientilicam
3131 5226 3596 5305 susceptionem:
3622 5226 3715 5287 in-

297 5322 420 5376 τῶν
481 5317 634 5375 ὥτων
665 5319 1008 5397 γινώσκεται.
1068 5320 1246 5385 Πνοὴν
1296 5315 1350 5372 δὲ
1395 5316 1545 5395 λέγει
1607 5319 1668 5374 τὸ
1698 5321 1846 5375 θετον
1891 5340 1958 5374 κα

2061 5313 2303 5396 Spiratio
2337 5313 2495 5375 enim
2530 5313 2778 5378 auribus
2822 5313 3220 5394 dignoscitur.
3255 5314 3711 5395 lnspirationem

299 5409 679 5479 πνευματικὸν
738 5408 1007 5488 χάρισμα,
1055 5408 1230 5472 καθὼς
1287 5407 1378 5464 καὶ
1419 5406 1472 5462 ἐν
1530 5411 1606 5480 τῷ
1659 5405 1783 5466 ’1ὼὸ³
1812 5405 1961 5484 εὕρη-

2060 5412 2258 5466 autem
2311 5413 2482 5466 vocat
2510 5403 2773 5467 divinam
2833 5423 2902 5466 ac
2934 5404 3265 5484 spiritalem
3319 5403 3593 5484 gratiam,
3628 5404 3712 5466 uti

308 5521 405 5556 ται
491 5497 726 5576 λέγοντι·
814 5498 960 5566 Πνοὴ
1041 5494 1102 5553 δά
1197 5498 1628 5576 Παντοκράτορος
1713 5499 1748 5567 ἡ
1822 5495 1961 5556 διδά-

2059 5495 2236 5556 etiam
2297 5499 2593 5574 reperitur
2648 5494 2709 5556 in
2784 5493 2932 5558 Jobo
3005 5493 3290 5558 dicente:
3376 5494 3713 5574 [napi-ratio

307 5612 412 5648 σκο
428 5589 519 5644 »σά
561 5609 650 5664 με,

2056 5589 2259 5650 autem
2289 5581 2735 5666 Omnipotentis
2767 5584 2933 5648 docet
2965 5601 3062 5647 me
3091 5584 3125 5646 ¹.

394 5751 422 5796 ιι
453 5746 602 5815 Gen.
639 5765 682 5831 l,
715 5746 814 5810 26.
902 5747 916 5790 ¹
953 5747 1066 5813 Job
1104 5763 1293 5832 xxx",
1323 5749 1381 5816 8.
