4042 6432
282 328 398 408 353

713 334 813 409 DE
852 328 1202 412 coELEs'rt
1245 338 1752 429 HIERARCHIA,
1788 337 1950 414 CAP.
2000 337 2136 414 XV.
2171 384 2238 397 —
2282 338 2671 416 PARAPHR.
2718 340 3233 414 PACHYMERIE.

3551 343 3669 418 354

277 483 385 534 τῶν
418 475 587 553 ἐκτὸς,
618 479 949 557 προσθήκης,
1001 480 1085 535 καὶ
1142 479 1223 536 δίὰ
1281 488 1433 538 τοῦτο
1480 481 1792 552 ὰπρόσθετοι
1849 486 1935 541 καὶ

2045 484 2323 568 licuntur,
2361 496 2642 567 tanquam
2703 484 2879 547 liberi
2935 483 3008 547 ab
3067 484 3404 547 extrinseco
3435 485 3668 549 addita-

276 566 475 642 ἁπλοῖ,
508 568 646 623 κατὰ
677 568 776 634 τὴν
808 569 880 629 ὡς
938 567 1150 649 ἐφικτὸν
1181 571 1311 647 πρὸς
1356 570 1456 639 τήν
1486 573 1625 629 θείαν
1658 573 1938 642 ἁπλότητα

272 657 637 738 ἀφομοίωσιν,

354 834 387 915 §
418 833 517 897 IV.
553 836 938 896 Πολυποίκιλον
964 838 1108 919 λέγει
1140 842 1239 909 τὴν
1271 843 1457 923 σοφίαν
1486 850 1579 901 τοῦ
1610 847 1765 918 Θεοῦ,
1804 846 1938 902 κατὰ

270 927 368 982 τὸν
395 925 569 1004 μέγαν
600 926 902 986 ἀπὸττολον
935 930 1166 991 Παῦλον.
1234 934 1399 989 Δοκεῖ
1457 930 1511 989 δὲ
1564 936 1627 991 τὰ
1659 932 1751 992 δύο
1782 933 1939 991 ἐναν-

273 1014 363 1069 τία
397 1026 569 1093 εῖναι,
618 1014 679 1071 τό
730 1037 790 1071 τε
834 1017 1035 1075 ἁπλοῦν
1080 1022 1168 1076 καὶ
1224 1023 1285 1077 τὸ
1346 1022 1749 1082 πολυποίκιλον.
1789 1016 1941 1079 Ἀλλ’

275 1102 425 1194 ἔστιν
479 1104 767 1183 εἶπεῖν,ὅτι
826 1109 886 1162 τὸ
942 1108 1143 1166 ἆπλοῦν
1201 1111 1298 1183 μὲ)
1357 1112 1537 1194 εἶπεν,
1595 1112 1688 1169 ἵνα
1722 1111 1939 1188 δηλώσῃ

274 1194 341 1248 τὸ
374 1192 659 1251 ἀσύνθετον
687 1203 780 1252 τοῦ
812 1198 966 1274 Θεοῦ,
1024 1201 1110 1257 καὶ
1143 1201 1202 1257 τό
1237 1192 1771 1277 μηδεμιᾶς-διπλόης
1816 1206 1940 1258 επι-

276 1280 563 1359 δεόμενον·
608 1285 666 1342 0-3
713 1286 812 1365 γοὶρ
870 1289 932 1343 ὲκ
989 1292 1272 1361 μαθήσεως
1332 1294 1491 1372 σοφὸς
1524 1294 1551 1349 ὁ
1614 1296 1767 1374 Θεὸς,
1821 1290 1942 1349 ἀλλ’

276 1374 613 1454 αὒτδχρημα
654 1377 809 1455 σοφία
853 1380 986 1439 ἔστί.
1049 1382 1121 1439 Τὸ
1178 1379 1233 1437 δὲ
1266 1380 1670 1457 πολυποίκιλον,
1707 1383 1835 1441 διότι
1872 1385 1946 1449 εἷς

276 1463 461 1521 πολλὰ
531 1466 781 1543 γνώεεως
846 1468 966 1537 ε’ίδη
998 1479 1389 1547 μετατυποῦται
1422 1471 1504 1529 διὰ
1534 1474 1635 1542 τὴν
1699 1480 1806 1530 τῶν
1850 1472 1944 1530 ἐλ-

278 1554 653 1631 λαμπομὲνων
717 1558 985 1617 ἄσθένειαν
1022 1578 1037 1592 ⁶
1101 1564 1381 1643 ἀρχιερεὺς
1455 1564 1553 1644 γὰρ
1595 1564 1704 1620 ἐστι
1750 1563 1943 1642 μέγας,

277 1647 629 1725 συμπάσχων
691 1650 818 1713 ταῖς
875 1652 1032 1726 ἡμῶν
1089 1652 1400 1716 ἀσθενείαις⁶
1465 1653 1601 1710 ὥστε
1655 1652 1801 1721 ἁπλῆ
1850 1653 1945 1729 μέν

275 1734 502 1815 λέγεται
546 1739 704 1818 σοφὶὰ
762 1747 892 1796 Θεοῦ
950 1743 1087 1798 κατὰ
1142 1743 1242 1809 τὴν
1286 1746 1466 1823 φύσιν,
1514 1742 1848 1825 πολὺτροπος
1894 1741 1948 1798 δὲ

2024 584 2252 657 mento,
2302 584 2478 657 atque
2509 575 2647 637 ideo
2678 574 2941 657 expediti
2972 574 3414 656 simplicesque,
3450 593 3670 639 secun-

2023 664 2165 727 dum
2200 684 2329 729 eam
2365 685 2502 748 quae
2531 664 2744 727 divinae
2773 662 3170 747 simplicitatis
3200 664 3330 727 dari
3361 674 3552 747 potest
3582 666 3669 729 si-

2027 756 2451 819 militudinem.

2106 845 2136 927 ᾗ
2168 845 2267 910 IV.
2306 846 2726 909 Multiformem
2760 864 2936 927 porro
2970 854 3135 908 vocat
3166 847 3273 910 Dei
3297 847 3672 928 MBsapien-

2026 934 2189 1009 tiam,
2200 938 2369 1017 juxta
2406 954 2682 1016 magnum
2716 935 3048 1016 apostolum
3105 936 3377 1000 Paulum.
3408 937 3674 1017 Simplex

2024 1035 2222 1088 autem
2255 1035 2314 1089 et
2338 1026 2725 1088 multifarium
2749 1026 3029 1088 videntur
3052 1044 3186 1087 esse
3208 1025 3328 1088 duo
3349 1026 3666 1089 contraria.

2026 1117 2273 1193 Verum,
2292 1117 2498 1178 dicere
2521 1113 3027 1196 licet,simplicem
3061 1115 3305 1195 quidem
3337 1115 3582 1191 dixisse,
3608 1126 3676 1179 ut

2027 1206 2371 1268 ostenderet
2394 1204 2580 1269 Deum
2605 1222 2737 1267 esse
2763 1203 2894 1266 sine
2915 1202 3373 1285 compositione,
3427 1213 3485 1268 et
3516 1206 3677 1269 nulla

2027 1294 2380 1376 duplicitate
2409 1294 2721 1375 indigere:
2774 1312 2969 1372 neque
3006 1294 3166 1355 enim
3198 1294 3487 1357 discendo
3521 1298 3678 1359 Deus

2029 1386 2273 1466 sapiens
2308 1386 2397 1461 iit,
2426 1385 2532 1447 sed
2567 1393 2656 1447 est
2687 1402 2897 1466 reapse
2920 1384 3233 1464 sapientia.
3263 1383 3678 1449 Multiformem

2029 1492 2192 1548 vero,
2223 1474 2363 1557 quia
2404 1473 2465 1536 in
2515 1475 2729 1537 multas
2757 1472 3117 1552 cognitionis
3147 1472 3407 1555 species,
3440 1483 3682 1557 propter

2032 1582 2237 1626 eorum
2265 1564 2363 1645 qui
2397 1564 2765 1626 illustrantur
2792 1561 3293 1639 imbecillitatem,
3317 1565 3679 1626 tranforma-

2034 1664 2169 1717 tur:
2208 1653 2474 1735 pontifex
2507 1654 2670 1715 enim
2705 1670 2951 1733 magnus
2985 1659 3097 1726 est,
3132 1652 3231 1732 qui
3259 1654 3475 1715 nostris
3504 1654 3679 1717 inﬁr-

2036 1743 2339 1806 mitatibus
2370 1745 2751 1825 compatitur;
2778 1743 2858 1805 ita
2886 1750 2949 1803 ut
2979 1740 3089 1804 Dei
3118 1740 3359 1823 quidem
3392 1745 3683 1824 sapientia

276 1828 422 1924 κατὰ
483 1827 583 1895 τὴν
640 1829 916 1909 πρόνοιαν.
992 1830 1210 1901 Ἐπειδὴ
1266 1836 1436 1893 τοίνυν
1498 1832 1633 1901 αὕτη
1694 1836 1780 1890 καὶ
1830 1832 3683 1924 τοὺςΒόίοοιυῐεὶιηριοχεθεοηίιυῐηηειιυηηι,ιῐιυΙιίηιοιιενοο

280 1919 551 1984 ἀσκεπετς
599 1926 833 1999 φυσικῶς
888 1921 1225 2005 ἀμφιέννυσι,
1286 1924 1373 1981 καὶ
1429 1925 1594 1991 σκεύη
1627 1926 1745 1981 τινὰ
1775 1921 1954 1979 διδωσι

278 2008 593 2087 περιφέρειν
653 2008 858 2076 αὐτοῖς⁸
906 2015 1029 2093 φὲρε
1077 2015 1166 2070 καὶ
1222 2014 1289 2070 τὰ
1358 2017 1580 2072 τσιαῦτα
1647 2016 1761 2092 ἱερὰ
1816 2036 1954 2092 προ-

280 2094 543 2171 ϐλήματὰ
586 2122 647 2157 το
703 2102 791 2157 καὶ
824 2099 1045 2181 ὅργανὰ,
1101 2106 1175 2169 ὡς
1206 2106 1342 2179 ἡμῖν
1400 2107 1518 2161 ἔστι
1565 2104 1805 2183 δυνατὸν,
1833 2104 1955 2159 ἀνα-

286 2187 595 2275 πτύξωμεν.
655 2192 756 2249 Τὸν
796 2192 893 2266 μὲν
956 2193 1055 2273 γὰρ
1111 2195 1280 2272 φανὴν
1336 2196 1421 2251 καὶ
1468 2193 1683 2273 πυρώδη
1729 2194 1951 2265 ἐσθῆτα,

283 2280 467 2343 καθῶς
527 2281 671 2360 παρὰ
730 2278 989 2352 ’[εζεκιὴλ
1032 2284 1119 2339 καὶ
1172 2283 1374 2352 Δανιὴλ
1420 2285 1658 2364 εὕρηται,
1708 2283 1946 2359 ὑπολαμ-

283 2365 440 2424 ϐάνω
461 2370 767 2446 σημαίνειν,
801 2372 900 2438 τὴν
959 2372 1053 2444 μὲν
1099 2372 1315 2452 πυρώδη
1355 2374 1551 2441 ἐσθῆτα
1593 2378 1653 2433 τὸ
1694 2372 1940 2446 θεοειδὲς,

284 2459 430 2515 κατὰ
490 2460 592 2526 τὴν
642 2466 734 2516 τοῦ
790 2462 949 2539 πυρὸς
985 2462 1159 2519 εἰκόνα
1216 2464 1388 2529 καθὼς
1424 2464 1702 2543 ἐλέγομεν,
1750 2466 1848 2530 τὴν
1891 2460 1945 2518 δὲ

281 2550 464 2627 φανὴν
493 2550 582 2604 καὶ
614 2551 877 2628 φωτεινὴν
940 2553 999 2607 τὸ
1029 2554 1375 2632 φωτιστικὸν.
1450 2553 1601 2610 Ἐπεὶ
1655 2552 1710 2609 δὲ
1764 2554 1852 2609 καὶ
1908 2554 1943 2620 ἡ

280 2639 450 2705 ἐσθὴς
495 2639 681 2713 κτῆμά
710 2641 758 2695 τί
790 2639 924 2714 ἐστι,
970 2641 1195 2697 καθόλου
1240 2641 1481 2722 περιέχει
1512 2645 1572 2699 τὸ
1612 2650 1794 2721 σῶμα,
1840 2642 1955 2697 ὅθεν

277 2731 373 2785 καὶ
435 2730 729 2809 ἀμπεχόνη
793 2728 1032 2809 λέγεται,
1096 2733 1181 2788 ἐπὶ
1221 2729 1275 2787 δὲ
1319 2739 1426 2787 τῶν
1451 2734 1745 2805 κτημάτων
1775 2754 1831 2787 τε
1868 2733 1956 2788 καὶ

282 2822 598 2901 χρημάτων
657 2822 707 2876 αἱ
758 2818 848 2898 ἀφ’
906 2819 1082 2900 ἑτέρου
1140 2823 1213 2885 εἷς
1276 2820 1435 2879 ἄλλον
1480 2821 1830 2901 κληρονομίαι
1879 2822 1954 2899 γίο

286 2931 494 2985 νονται,
571 2909 668 2987 ὅρα
715 2910 767 2965 τί
810 2907 953 2987 λέγει
1014 2910 1231 2969 ἑνταὺθα
1289 2913 1417 2985 πρὸς
1477 2920 1644 2969 ταῦτα
1699 2915 1726 2967 ὁ
1778 2911 1951 2990 ἅγιος.

296 3000 394 3055 Διᾶ
438 2999 489 3053 τί
510 3000 667 3068 ἐσθής
705 3019 720 3079 ;
760 3000 857 3055 Διὰ
910 3001 1004 3062 τὰς
1076 3000 1130 3056 ἐν
1177 3000 1380 3077 οὖρανῷ
1422 3000 1598 3068 λήξεις
1629 3003 1716 3059 καὶ
1750 3000 1954 3081 κληρο-

300 3090 505 3164 νομίας,
542 3090 681 3146 κατὰ
714 3089 796 3148 τό.
864 3099 1018 3149 Δεῦτε
1104 3093 1151 3146 οἱ
1206 3090 1563 3167 εὐλογημένοι
1610 3095 1703 3148 τοῦ
1750 3093 1954 3169 Πατρὸς

303 3202 423 3259 μου,
500 3178 941 3259 κληρονομήσατε
1014 3180 1114 3247 τὴν
1194 3182 1602 3257 ἡτοιμασμένην
1677 3184 1803 3258 ύμῖν
1848 3183 1955 3258 βα·-

295 3270 498 3326 σιλείαν
571 3270 677 3326 ἀπὸ
736 3267 1041 3337 καταϐολῆς
1122 3272 1348 3345 κόσμου.
1427 3274 1514 3337 Τίς
1575 3272 1629 3329 δὲ
1688 3276 1722 3341 ἡ
1796 3274 1954 3349 βασι-

287 3360 462 3431 λείας
514 3360 733 3423 Πάντως
780 3359 954 3415 ἐκεῖνο
984 3361 1051 3427 τὴ
1107 3364 1253 3417 θετον
1312 3362 1398 3417 καὶ
1457 3360 1738 3443 ἀδιάδοχον
1798 3363 1908 3437 φῶς
1943 3376 1958 3392 ⁸

286 3450 449 3517 λῆξιν
509 3450 610 3527 γὰρ
651 3449 752 3516 τὴν
806 3447 1162 3527 κληρονομίαν
1215 3452 1261 3507 οἱ
1306 3450 1522 3507 παλαιοὶ
1569 3450 1751 3528 ἔλεγον
1782 3468 1796 3483 ⁸
1847 3451 1963 3508 ὅθεν

286 3543 387 3597 καὶ
432 3540 689 3617 ληγάτοι,
736 3541 827 3596 καὶ
885 3538 1200 3619 ληγατάριοι
1234 3542 1318 3597 καὶ
1391 3539 1743 3620 ληξιαρχικὸν
1787 3541 1965 3619 γράμ-

290 3653 401 3707 μα,
467 3632 530 3685 τὸ
588 3627 863 3703 διδόμενον
919 3642 1036 3692 τοῖς
1090 3632 1220 3708 ὑπὲρ
1266 3631 1329 3685 τὰ
1371 3628 1645 3686 δεκαοκτώ
1706 3630 1800 3697 ἕτη
1846 3631 1958 3687 οὖσι

288 3727 409 3777 τῶν
440 3719 819 3799 κληρονόμων,
885 3720 957 3783 εἷς
1014 3721 1075 3776 τὸ
1126 3719 1310 3800 ἄρχείν
1356 3722 1453 3787 τῆς
1513 3720 1707 3782 οἰκείας
1754 3719 1960 3799 κληροο

288 3812 520 3883 νομίας,
596 3808 679 3867 διὰ
730 3808 789 3864 τό
850 3814 948 3875 τῆς
1004 3808 1194 3878 ἥλικας
1246 3809 1473 3870 τέλειον.
1522 3808 1625 3870 Καὶ
1656 3810 1819 3867 ταῦτα
1863 3810 1962 3886 μὲν

292 3898 388 3956 διὰ
433 3900 533 3967 τὴν
564 3898 759 3967 ἐσθῆτα
795 3915 808 3928 ·
848 3898 1049 3975 μᾶλλον
1080 3899 1134 3955 δὲ
1166 3906 1199 3967 ὴ
1233 3900 1391 3968 ἐσθὴς
1439 3898 1523 3956 διὰ
1588 3910 1748 3959 ταῦτα
1778 3922 1963 3972 παρα-

295 3987 656 4066 λαμϐάνεται.
722 3990 821 4045 Διὰ
877 3988 930 4043 δὲ
960 3992 1022 4045 τὸ
1078 3991 1242 4070 φανὸν
1303 3993 1389 4047 καὶ
1449 3989 1707 4069 πυρῶδες,
1755 3991 1845 4047 καὶ
1886 3990 1964 4047 ἔτι

294 4103 405 4148 την
435 4079 661 4137 καθόλου
705 4080 971 4159 περιοχὴν
1001 4084 1098 4148 τῆς
1128 4083 1350 4158 εσθῇτος
1393 4080 1535 4161 λέγει
1568 4080 1700 4141 ὅπου
1731 4083 1790 4137 τὸ
1820 4084 1956 4162 φῶς.

297 4174 475 4229 Ποῖον
539 4176 651 4249 φῶς
690 4190 705 4243 ;
766 4171 870 4227 Καὶ
911 4172 973 4226 τὸ
1006 4169 1231 4227 καθόλου
1262 4171 1563 4253 ἐκλάμπον,
1596 4174 1686 4227 καὶ
1716 4174 1777 4228 τὸ
1802 4171 1966 4227 καθό-

295 4261 401 4320 λου
464 4259 877 4336 ὶκλαμπόμενον
910 4278 924 4293 ⁸
992 4259 1113 4317 ἀλλ’
1166 4261 1343 4319 ἐκεῖνο
1402 4262 1496 4337 μέν
1553 4260 1683 4341 ὅπερ
1729 4260 1872 4317 ἔστιν
1930 4261 1965 4328 ἡ

296 4352 419 4409 θεία
449 4351 628 4430 φύσις,
689 4356 897 4417 νοητῶς
953 4349 1217 4426 ἒλλάμπει
1254 4366 1267 4381 ·
1326 4358 1484 4410 τοῦτο
1543 4349 1625 4432 δὲ,
1668 4350 1800 4428 ὅπερ
1829 4348 1967 4407 ἐστὶν

297 4445 337 4511 ἡ
400 4440 691 4519 ἀγγελικη,
753 4446 947 4518 νοερῶς
1019 4440 1348 4517 ἐλλάμπεται
1385 4458 1399 4473 ⁸
1471 4444 1666 4509 νοητὸν
1727 4441 1826 4517 μὲν
1869 4440 1969 4519 γὰρ

2041 1945 2107 1987 ro
2125 1926 2452 1988 secundum
2474 1923 3228 2005 providentiam.Caeterum
3254 1942 3387 1985 cum
3403 1925 3525 1986 haec
3538 1944 3686 2007 quo-

2040 2036 2157 2098 que
2174 2026 2391 2079 natura
2409 2034 2514 2078 sua
2533 2014 2725 2076 nudos
2750 2014 3076 2094 cooperiat,
3094 2021 3154 2074 et
3170 2012 3439 2094 quaedam
3462 2015 3532 2077 iis
3554 2016 3682 2078 ins-

2040 2114 2342 2170 trumenta
2364 2104 2839 2168 circumferenda
2858 2103 3071 2178 tradat;
3093 2104 3347 2181 agedum
3372 2104 3547 2165 etiam
3576 2106 3686 2168 ista

2038 2215 2205 2259 sacra
2227 2196 2601 2276 operimenta
2624 2203 2681 2256 et
2699 2195 3123 2273 instrumenta,
3140 2203 3317 2273 prout
3342 2212 3684 2277 possumus,

2040 2286 2525 2367 explicemus.Ac
2540 2282 2795 2347 lucidam
2811 2284 3052 2364 quidem
3078 2283 3684 2366 igneamquevestem,

2040 2386 2102 2437 ut
2119 2374 2273 2455 apud
2298 2374 2669 2437 Ezechielem
2694 2384 2751 2435 et
2771 2373 3079 2437 Danielem
3100 2373 3418 2454 reperitur,
3434 2374 3690 2436 arbitror

2040 2465 2401 2545 signiﬁcare,
2418 2471 2709 2545 quatenus
2734 2462 3018 2525 nimirum
3043 2470 3133 2524 est
3157 2462 3348 2544 ignea,
3372 2463 3686 2525 deiformi-

2042 2563 2243 2629 tatem,
2265 2556 2436 2635 juxta
2460 2555 2627 2615 istam
2654 2554 2808 2631 ignis
2833 2553 3158 2632 imaginem
3180 2553 3256 2614 de
3278 2572 3395 2632 qua
3422 2554 3684 2635 egimus;

2038 2654 2332 2725 quatenus
2356 2662 2501 2704 vero
2534 2653 2623 2706 est
2652 2643 2993 2724 splendida,
3022 2653 3075 2705 et
3109 2642 3368 2705 lucidam
3402 2643 3517 2705 vim
3546 2644 3688 2707 illu—

2039 2735 2333 2799 minandi.
2366 2737 2511 2798 Cum
2544 2742 2740 2797 autem
2777 2734 2957 2795 etiam
2995 2732 3170 2796 vestis
3220 2735 3543 2815 possessio,
3580 2753 3689 2797 seu

2038 2825 2309 2907 Supellex
2327 2826 2598 2905 quaedam
2618 2824 2840 2904 sitqua:
2865 2831 3050 2885 totum
3075 2840 3289 2904 corpus
3310 2823 3691 2905 ambit,unde

2039 2925 2098 2977 et
2120 2918 2371 2978 amictus
2388 2934 2495 2977 seu
2524 2915 2939 2975 indumentum
2974 2913 3217 2992 dicitur;
3245 2915 3689 2994 possessionum

2037 3015 2234 3068 autem
2263 3013 2320 3067 et
2342 3004 2798 3085 supellectilium
2826 3004 2901 3063 ab
2925 3003 3039 3064 alio
3064 3004 3136 3065 ad
3161 3001 3339 3064 alium
3368 3003 3691 3066 haeredita-

2041 3107 2128 3159 tes
2177 3096 2547 3169 deriventur,
2570 3092 2824 3155 observa
2875 3092 3017 3174 quid
3063 3100 3305 3154 sanctus
3335 3092 3430 3154 hic
3461 3092 3533 3154 ad
3566 3095 3692 3155 haec

2040 3187 2218 3249 dicat.
2239 3185 2318 3247 Ad
2345 3185 2489 3263 quid
2514 3186 2727 3245 vestis?
2750 3185 3004 3263 Propter
3022 3192 3214 3243 sortes
3238 3191 3295 3242 et
3315 3181 3694 3246 haereditates

2048 3275 2553 3356 coeli,juxtaillud:
2588 3273 2809 3349 Venite,
2834 3272 3125 3335 benedicti
3161 3275 3373 3335 Patris
3394 3274 3532 3353 mei,
3549 3293 3692 3355 pos-

2044 3368 2241 3428 sidete
2267 3374 2556 3445 paratum
2587 3363 2755 3427 vobis
2769 3380 3026 3443 regnum
3047 3361 3121 3423 ab
3140 3361 3383 3439 origine
3412 3364 3631 3425 mundi
3642 3382 3693 3423 k.

2050 3452 2359 3525 Quodnam
2379 3470 2553 3532 porro
2566 3456 2846 3531 regnum?
2866 3449 3015 3511 Illud
3033 3451 3236 3529 utique
3256 3449 3518 3512 divinum
3540 3470 3695 3513 sem-

2052 3542 2472 3622 piternumque
2502 3540 2747 3602 lumen:
2805 3537 3037 3619 antiqui
3090 3540 3250 3599 enim
3301 3538 3475 3613 λῆξιν,
3510 3540 3568 3601 id
3601 3550 3696 3604 est,

2042 3630 2677 3712 sortem,appellabant
2690 3627 3289 3707 haareditatemmnde
3301 3627 3476 3691 etiam
3494 3631 3693 3713 legati,

2047 3730 2104 3783 et
2129 3721 2418 3800 legatarii,
2434 3720 2844 3801 scriptumque
2863 3719 3241 3800 legatarium,
3262 3720 3420 3800 quod
3443 3720 3699 3783 haeredi-

2046 3810 2161 3872 bus
2178 3812 2352 3871 datur
2372 3811 2470 3891 qui
2489 3810 2613 3890 jam
2640 3809 2941 3871 decimum
2964 3817 3232 3871 octavum
3255 3826 3476 3871 annum
3500 3828 3698 3873 exces-

2048 3908 2347 3975 serunt,ut
2361 3900 2727 3962 haereditatis
2746 3916 2868 3960 sua:
2887 3896 3467 3961 administrationem
3494 3916 3561 3961 ac
3582 3918 3696 3978 gu-

2050 3990 2461 4053 bernationem
2497 4001 2744 4071 propter
2775 3989 2959 4051 aetatis
2996 3988 3426 4069 perfectionem
3457 3990 3695 4056 adeant.

2048 4081 2242 4163 Atque
2290 4080 2417 4142 haec
2452 4080 2694 4161 quidem
2731 4088 2976 4161 propter
3005 4086 3227 4140 vestem
3259 4097 3275 4157 ;
3327 4079 3473 4156 quin
3504 4080 3702 4160 potius

2051 4171 2230 4234 vestis
2253 4179 2496 4253 propter
2522 4172 2648 4233 haec
2672 4170 3017 4233 assumitur.
3044 4170 3296 4250 Propter
3314 4169 3698 4249 splendorem

2050 4270 2248 4323 autem
2267 4271 2447 4341 atque
2470 4260 2705 4341 igneam
2732 4259 3098 4341 qualitatem,
3118 4258 3298 4320 totius
3320 4259 3496 4321 etiam
3521 4260 3701 4322 vestis

2051 4351 2506 4433 amplitudinem
2538 4355 2703 4431 quasi
2736 4350 2930 4411 lucem
2967 4365 3101 4409 esse
3157 4348 3261 4410 ait.
3320 4347 3565 4420 Qualem
3598 4349 3699 4412 lu-

2052 4440 2233 4504 cem?
2263 4439 2405 4514 Qua;
2426 4440 2711 4502 nimirum
2738 4456 2845 4519 per
2867 4444 3051 4499 totum
3094 4435 3366 4515 illustrat,
3393 4447 3452 4499 et
3474 4455 3582 4518 per
3605 4444 3701 4499 to-

303 4532 477 4610 ἔστιν,
528 4530 617 4587 ἅτε
648 4532 827 4589 ἐκεῖνο
856 4532 1127 4611 τυγχάνον
1184 4534 1247 4588 τὸ
1306 4532 1591 4608 νοούμενον
1628 4550 1641 4563 ·
1676 4534 1858 4609 νοερόν
1888 4527 1957 4604 δὲ,

2055 4539 2184 4593 tum
2216 4529 2574 4592 illustratur:
2601 4538 2777 4609 atque
2806 4527 2908 4588 illa
2936 4526 3176 4608 quidem
3210 4542 3346 4608 qua
3375 4527 3572 4590 divina
3593 4546 3701 4590 na-

302 4624 367 4678 τὸ
429 4621 840 4697 ἑλλαμπόμενον
912 4628 999 4679 καί
1042 4630 1217 4681 νοοῦν.
1254 4621 1398 4687 Τέως
1430 4621 1509 4701 δὲ,
1547 4620 1769 4678 κάκεῖνο
1800 4619 1957 4676 καθό·

2060 4630 2193 4683 tura
2219 4629 2307 4683 est
2330 4619 2788 4699 intelligibiliter
2815 4617 3099 4697 illustrat;
3125 4618 3251 4678 haec
3273 4634 3410 4679 vero
3434 4636 3565 4698 quae
3589 4634 3702 4681 an-

305 4712 404 4770 λου
451 4710 751 4788 ὲλλάμπον,
813 4714 895 4771 καὶ
956 4710 1083 4794 δίχα
1146 4714 1291 4774 τινὸς
1322 4710 1603 4791 φειδωλίας
1634 4732 1691 4768 τε
1728 4711 1815 4767 καὶ
1846 4708 1973 4788 γλι-

308 4802 647 4883 σχρότητος,
707 4803 796 4859 καὶ
852 4810 1008 4860 τοῦτο
1050 4802 1278 4860 καθόλοῦ
1336 4800 1689 4877 ἐλλάμπεται,
1722 4801 1767 4856 ιι
1796 4800 1883 4856 καὶ
1913 4799 1975 4855 τὸ

310 4890 532 4969 ἐφικτὸν
564 4888 887 4972 ὑποδέχεται
938 4889 1077 4973 (οὐδὲ
1110 4893 1211 4973 γὰρ
1254 4893 1317 4951 τό
1347 4891 1561 4971 μέτριον
1627 4886 1976 4969 ὑποδέχεται,

310 4980 452 5039 διότι
487 4982 714 5061 μετρίως
774 4980 1129 5059 ἃλλάμπεται,
1163 4981 1285 5040 ἀλλ’
1347 4981 1487 5039 οὕτω
1517 4979 1738 5059 λέγεται
1775 4980 1836 5035 τὸ
1871 4978 1975 5056 μὲ-

312 5094 464 5152 τριον
494 5070 874 5152 ὑποδέχεσθαι,
931 5069 1013 5128 ὅτι
1082 5072 1311 5130 καθόλου
1371 5070 1724 5149 ἔλλάμπεται,
1776 5068 1863 5126 καὶ
1917 5068 1979 5125 τὸ

316 5160 605 5242 ἰγχωροῦν
638 5159 1064 5243 προσλαμϐάνει)
1102 5181 1115 5197 ⁸
1154 5162 1332 5221 ἐκεῖνο
1360 5161 1461 5242 γὰρ
1516 5160 1582 5230 ἦν
1640 5157 1704 5217 ἄν
1754 5163 1855 5227 τῆς
1886 5164 1979 5216 τοῦ

312 5250 716 5327 ὶλλάμποντος,
791 5254 865 5316 ὡς
921 5252 984 5310 ἄν
1041 5274 1122 5319 τις
1176 5251 1349 5335 εἴποι,
1414 5249 1698 5334 φειδωλίας
1757 5250 1981 5307 καὶτοῦ

313 5341 536 5422 φθόνου,
599 5340 733 5420 ἅπερ
790 5341 968 5423 πόῤῥω
1025 5345 1123 5402 εἶσὶ
1191 5346 1288 5412 τῆς
1356 5344 1497 5408 θείας
1569 5341 1657 5399 καὶ
1716 5339 1977 5419 μακαρίας

316 5434 530 5513 φύσεως
565 5448 582 5464 ⁸
613 5440 768 5489 τοῦτο
813 5430 869 5489 δὲ
916 5435 1125 5501 πάντως
1157 5435 1267 5493 ἐστὶ
1296 5434 1395 5504 τῆς
1426 5439 1535 5490 τῶν
1563 5427 1975 5510 ὑποδεχομένων

316 5521 623 5598 δυνάμεως.
666 5522 735 5581 Ἠ
767 5520 823 5582 δὲ
853 5526 1093 5605 ἱερατικὴ
1147 5524 1316 5595 στολὴ
1372 5518 1848 5600 παραλαμϐάνεται
1893 5518 1977 5578 διὰ

316 5613 382 5671 τὺ
454 5612 746 5693 πρόσάγειν
804 5615 928 5679 τοὺς
990 5618 1100 5674 τῶν
1143 5614 1432 5695 ἄνθρώπων
1490 5611 1663 5679 ἀξίους
1734 5612 1866 5688 πρὸς
1910 5612 1976 5669 τὰ

407 5782 439 5827 κ
466 5781 680 5853 Matth.
711 5799 849 5849 xxv.
883 5783 987 5857 34.

2057 4710 2244 4792 gelica
2272 4719 2363 4772 est
2383 4709 2773 4789 intelligendo
2798 4708 3169 4769 illustratur:
3204 4706 3583 4785 intelligibile
3613 4708 3702 4769 si-

2058 4800 2304 4879 quidem
2329 4799 2475 4861 illud
2497 4807 2585 4861 est
2606 4797 2766 4876 quod
2790 4796 3164 4875 intelligitur,
3193 4796 3542 4879 intelligens
3570 4816 3703 4860 vero

2060 4888 2122 4952 id
2163 4888 2325 4971 quod
2369 4888 2695 4950 illustratur
2716 4894 2775 4948 et
2802 4886 3095 4965 intelligit.
3143 4884 3351 4966 Itaque
3379 4905 3489 4968 per
3518 4895 3704 4950 totum

2058 4978 2204 5040 illud
2220 4977 2479 5040 illustrat
2490 4979 2622 5040 sine
2639 4976 2763 5041 ulla
2774 4975 3142 5058 parcimonia
3160 4976 3249 5039 vel
3269 4977 3703 5055 contractione,

2067 5068 2203 5131 M4
2227 5075 2287 5131 et
2314 5068 2431 5131 hoc
2469 5086 2577 5151 per
2625 5075 2811 5129 totum
2854 5065 3208 5145 illustratur,
3244 5066 3383 5144 etsi,
3420 5075 3707 5149 quantum

2061 5158 2151 5222 fas
2182 5166 2294 5236 est,
2330 5158 2609 5237 suscipiat
2638 5156 2861 5239 (neque
2909 5155 3075 5219 enim
3106 5155 3269 5236 quod
3300 5164 3709 5219 mensuratum

2064 5256 2155 5313 est
2179 5246 2607 5331 suscipit,quia
2629 5245 3337 5323 mensurateillustratur,
3364 5246 3467 5309 sed
3492 5246 3580 5309 sic
3609 5245 3710 5309 di-

2063 5340 2215 5403 citur
2238 5339 2609 5401 moderatum
2639 5335 2779 5419 quid
2806 5334 3137 5419 suscipere,
3160 5345 3454 5418 quatenus
3486 5353 3595 5418 per
3627 5344 3710 5400 to.

2064 5439 2185 5493 tum
2207 5429 2627 5511 illustratur,et
2650 5437 2938 5509 quantum
2961 5444 3178 5508 capere
3200 5431 3418 5509 potest,
3434 5427 3703 5509 accipit):

2062 5538 2198 5582 nam
2225 5519 2373 5583 illud
2392 5518 2743 5583 illustrantis
2770 5524 2949 5594 esset,
2975 5534 3046 5579 ac
3068 5518 3117 5578 si
3137 5517 3269 5599 quis
3292 5515 3539 5595 diceret,
3570 5535 3710 5599 par-

2059 5611 2331 5677 cimonim
2356 5611 2446 5675 vel
2482 5608 2742 5688 invidias,
2796 5624 2932 5690 qua;
2959 5607 3167 5690 procul
3196 5605 3417 5673 absunt
3446 5626 3480 5672 a
3513 5607 3715 5674 divina
