4042 6442
295 300 405 376 357

740 294 838 367 DE
881 290 1233 368 CCELESTI
1280 298 1785 381 HIEBARGHIA,
1832 298 2146 362 CARXV.
2182 331 2259 342 -
2290 297 2681 360 PARAPHlt.
2729 288 3236 359 PACHYMEIt/E.

3570 288 3686 358 358

290 443 574 522 ρονομίας.
615 440 701 502 Εἲς
755 435 811 493 δὲ
864 436 1019 499 τέλος
1066 436 1299 504 παιδείας
1358 437 1516 495 πάλιν
1578 441 1604 494 6
1652 436 1858 511 τέμνων
1889 438 1954 493 τὰ

2044 433 2157 495 line
2190 450 2329 495 vero
2362 432 2696 513 disciplinae
2721 432 2931 493 iterum
2967 431 3197 493 securis
3223 448 3355 513 qua;l
3386 432 3541 493 mala
3580 451 3681 494 re-

290 533 519 613 χαλεπά
576 527 760 594 πέλυξ·
798 530 869 591 εἷς
916 527 968 583 δὲ
1025 528 1365 605 ἐπανάληψιν
1424 535 1523 595 τῆς
1574 527 1829 606 προτέρας
1864 528 1955 583 εὓ-

287 624 517 686 παθείας
576 621 610 688 ἦ
668 616 856 696 ῥάϐδος
915 616 1074 674 πᾶλιν
1110 663 1127 692 ,
1188 619 1261 682 ὡς
1319 619 1379 674 τό
1414 663 1431 679 .
1497 620 1554 675 Ἠ
1606 614 1793 695 ῥάϐδος
1839 640 1952 692 σου,

288 715 382 770 καὶ
435 713 473 775 ἡ
529 708 792 787 βακτηρία
850 729 987 783 σου,
1060 716 1211 764 αὗται
1270 725 1335 784 με
1400 706 1790 780 παρεκάλεσαν.
1870 710 1956 772 Εἷς

286 800 346 859 δὲ
402 801 718 879 προσθήκην
776 796 985 875 δωρεῶν
1042 800 1308 865 αἰσθητῶν
1353 797 1454 873 μὲν
1485 798 1572 855 καὶ
1601 804 1804 875 μικρῶν
1836 797 1957 853 ὅσον

288 892 435 949 κατά
466 888 756 966 ἀναλογίαν
798 894 891 944 τοῦ
920 885 1176 959 διδόντος,
1243 889 1303 943 τὸ
1359 887 1646 963 ἀμυντικὸν
1679 889 1765 944 καὶ
1798 909 1953 963 στρα-

288 982 551 1037 τιωτικὸν
608 978 850 1057 φόρημα,
898 979 1071 1042 καθὼς
1123 978 1302 1057 ὼράθη
1335 979 1409 1051 τῷ
1460 984 1552 1034 τοῦ
1611 982 1760 1043 Ναυῆ
1792 977 1952 1034 ἰσοῦ’

286 1076 508 1137 νοητῶν
544 1067 595 1124 δὲ
638 1069 728 1123 καὶ
786 1065 1062 1144 μεγάλων,
1113 1066 1246 1145 ἅπερ
1308 1066 1479 1123 πολλὰ
1506 1079 1623 1130 τοῖς
1668 1066 1839 1145 ἀγίοις
1872 1069 1958 1124 καὶ

292 1158 527 1251 διάφορα
586 1157 935 1238 ἐξεφάνησαν.
1000 1158 1098 1214 Καὶ
1167 1154 1306 1220 ὅλως
1361 1158 1455 1212 οὒκ
1512 1155 1573 1212 ἂν
1636 1156 1955 1236 ἀπορήσειεν

286 1253 315 1307 6
383 1244 694 1312 διαϐατικὸς
741 1255 860 1309 νυῦς
922 1248 1126 1311 οἰκείως
1182 1246 1411 1322 ἁρμόσαι
1470 1258 1589 1311 τοῖς
1640 1244 1859 1325 ἀφανέσι
1892 1246 1955 1301 τὰ

289 1337 617 1419 φαινόμενα.

372 1426 537 1509 §VL
570 1431 642 1487 Τὸ
668 1426 725 1483 δὲ
756 1427 844 1484 καὶ
888 1424 1113 1503 ἀνέμους
1174 1427 1363 1490 αὖτοὺς
1416 1428 1785 1502 ὀνομάζεσθαι,
1848 1448 1950 1481 κα-

284 1520 353 1575 τὰ
412 1520 476 1574 τὸ
512 1566 529 1595 ,
580 1516 639 1575 Ὀ
689 1522 996 1595 περιπατῶν
1054 1516 1147 1572 ἐπί
1204 1516 1478 1596 πτερύγων
1538 1514 1746 1591 ἀνέμωι
1778 1562 1794 1594 ,
1853 1514 1949 1582 τήν

285 1606 474 1673 ὀξεῖαν
524 1608 695 1663 αὖτῶν
735 1610 931 1673 πτῆσιν
988 1602 1168 1679 δηλοῖ,
1208 1606 1291 1661 καὶ
1344 1602 1536 1685 σχεδὸν
1573 1602 1818 1683 ἀχρόνως
1865 1603 1950 1659 ἐπὶ

288 1698 470 1755 πάντα
520 1694 828 1766 διήκουσαν,
883 1692 1073 1759 Καλῶς
1105 1694 1159 1750 δὲ
1190 1696 1415 1752 τέθειται
1460 1697 1520 1750 τὸ
1552 1692 1763 1774 σχεδόν
1796 1701 1949 1751 τοῦτο

283 1790 393 1867 γὰρ
439 1786 579 1844 ἴδιον
633 1786 729 1843 καί
790 1785 952 1862 μόνον
1006 1792 1160 1848 Θεοῦ,
1209 1782 1485 1864 Ἀχρόνως
1553 1784 1606 1839 δὲ
1658 1784 1837 1859 εἶπεν,
1869 1783 1949 1839 ὅτι

2041 533 2225 604 secat,
2264 532 2325 586 et
2353 523 2516 603 virga
2537 524 2748 586 iterum
2784 541 2889 604 pro
2922 522 3189 603 pristina;
3220 522 3519 584 felicitatis
3554 541 3685 585 res-

2042 613 2505 693 titutioneJuxta
2543 611 2710 674 illud:
2727 610 2913 689 Virga
2937 618 3124 685 tua,et
3148 610 3399 673 baculus
3427 615 3685 692 luus,z’p-

2040 722 2109 765 sa
2134 722 2229 766 me
2260 702 2571 767 consolata
2602 709 2792 764 sunt°.
2827 704 2937 762 l’ro
2971 699 3288 762 collatione
3310 720 3446 762 vero
3474 722 3689 764 mune-

2041 812 2173 857 rum
2208 794 2515 855 sensilium
2560 792 2799 874 quidem
2835 800 2892 853 et
2925 791 2983 852 in
3018 791 3227 852 ordine
3260 791 3331 852 ad
3366 791 3559 853 dantis
3592 792 3688 852 di-

2039 885 2320 960 gnitatem
2348 883 2718 961 exiguarum,
2757 889 2821 941 ut
2850 888 3151 942 armatura
3182 899 3287 942 seu
3314 880 3490 941 vestis
3526 882 3687 942 mili-

2044 972 2213 1047 taris,
2252 992 2386 1053 quae
2420 973 2544 1033 visa
2574 980 2663 1032 est
2693 989 2728 1031 a
2756 970 2898 1032 .lesu
2946 971 3131 1043 Nave;
3164 970 3519 1051 spiritalium
3552 990 3690 1032 vero

2040 1081 2104 1124 ac
2133 1080 2507 1142 magnorum,
2543 1078 2673 1142 quae
2706 1059 2959 1140 plurima
2989 1060 3264 1139 variaque
3293 1063 3514 1121 sanctis
3560 1079 3687 1120 ma-

2043 1153 2319 1215 nifestata
2368 1162 2530 1215 sunt.
2579 1152 2787 1228 Neque
2841 1167 2980 1210 vero
3036 1148 3330 1211 dubitabit
3359 1150 3480 1211 ullo
3514 1151 3689 1211 modo

2042 1261 2212 1306 mens
2244 1244 2581 1325 perspicax,
2615 1239 2870 1302 visibilia
2923 1240 3163 1320 proprie
3213 1239 3395 1301 rebus
3425 1258 3556 1320 quae
3586 1259 3688 1302 as-

2038 1342 2279 1414 pectum
2314 1332 2543 1412 fugiunt
2572 1329 3048 1394 accommodare.

2120 1420 2453 1500 ng.Quod
2486 1433 2683 1483 autem
2719 1429 2778 1481 et
2809 1420 2965 1482 venti
2985 1419 3581 1499 nominentur,juxta
3613 1420 3686 1480 il-

2036 1511 2286 1588 ludzoui
2304 1510 2573 1575 ambulat
2595 1528 2780 1591 super
2798 1527 3029 1590 pennas
3051 1508 3683 1581 ventorumP,celerem

2038 1619 2245 1664 eorum
2274 1625 2291 1659 ι
2308 1602 2527 1663 olatum
2552 1599 3023 1680 significat,etad
3042 1599 3242 1660 omnia
3258 1598 3444 1660 ferme
3460 1597 3686 1681 absque

2039 1702 2307 1773 tempore
2332 1692 2970 1773 penetrantem.Recte
2993 1688 3136 1750 dixit
3157 1690 3386 1767 ferme:
3414 1709 3547 1751 nam
3575 1691 3688 1751 hoc

2038 1783 2343 1863 proprium
2365 1792 2459 1843 est
2480 1799 2548 1843 ac
2570 1781 2753 1842 solius
2787 1779 2917 1843 Dei.
2944 1779 3185 1858 Absque
3206 1786 3468 1860 tempore
3484 1791 3683 1841 autem

290 1877 383 1934 ἐπὶ
415 1878 519 1952 μὲν
550 1883 655 1933 τῶν
688 1877 974 1949 αἰσθητῶν,
1010 1874 1276 1955 ἕγχριιννα
1304 1876 1389 1931 καὶ
1416 1872 1697 1952 βραδύτερα
1722 1874 1787 1929 τὰ
1816 1876 1954 1952 γινό-

2044 1870 2356 1953 dixit,nam
2388 1874 2448 1934 in
2471 1871 2792 1934 sensilibus
2813 1888 2909 1931 res
2932 1868 3079 1930 ﬁunt
3104 1868 3336 1931 tardius
3368 1883 3425 1930 et
3455 1870 3513 1930 in
3546 1879 3689 1932 tem-

286 1983 451 2043 μενα¹
514 1966 595 2022 ἐπὶ
629 1964 683 2020 δὲ
728 1970 831 2022 τῶν
880 1966 1178 2041 ἀσωμάτων
1208 1965 1295 2020 καὶ
1328 1970 1533 2030 νοητῶν
1568 1963 1840 2038 συντόμως
1870 1965 1954 2020 καὶ

286 2056 531 2131 ἀμελητὶ
560 2056 1009 2135 τελεσιουργεῖται
1052 2057 1113 2111 τὸ
1167 2055 1553 2132 πραττόμενον.
1592 2052 1789 2112 ’Ἔστιν
1834 2052 1951 2109 ἕτε-

286 2169 380 2225 ρον
441 2145 637 2203 ἱδίωαα
693 2145 799 2202 τῶν
855 2144 1093 2224 ἀνέμωι,
1155 2144 1236 2201 ὅτι
1295 2145 1551 2201 παντοίαν
1604 2142 1702 2211 τήν
1745 2145 1952 2210 κίνησιν

289 2236 509 2318 ἔχουσι,
546 2236 630 2293 καὶ
676 2235 762 2293 ἐπὶ
821 2238 998 2293 παντί.
1043 2233 1226 2297 Καλῶς
1280 2236 1379 2312 γὰρ
1407 2234 1522 2314 ἔχει
1554 2236 1640 2290 καὶ
1676 2237 1703 2289 6
1734 2244 1827 2292 τοῦ
1855 2234 1951 2289 ἀέ-

288 2347 383 2404 ρος
437 2327 660 2401 ὁρισμὸς
708 2325 844 2381 κατά
889 2322 1171 2396 Πλάτωνα,
1219 2322 1299 2378 ὅτι
1360 2324 1636 2402 στοιχεῖόν
1683 2323 1849 2400 ἐστιν,
1894 2322 1953 2379 οὗ

280 2422 458 2472 πᾶσαι
521 2419 574 2471 αἱ
631 2414 769 2470 κατὰ
826 2414 994 2471 τόπον
1048 2414 1285 2483 κινήσεις
1321 2413 1453 2469 κατά
1500 2412 1653 2491 φύσιν
1711 2412 1829 2472 εἶσί,
1882 2414 1951 2469 Τὸ

278 2500 387 2583 γάρ
423 2512 527 2583 πῦρ
560 2501 668 2559 ἅνω
700 2503 817 2584 ἔχει
850 2503 952 2571 τὴν
986 2502 1121 2560 κατὰ
1151 2504 1301 2582 φύσιν
1325 2502 1559 2581 κίνησιν,
1592 2498 1739 2557 ιεςίτω
1772 2499 1826 2556 δὲ
1852 2502 1948 2568 τὴν

283 2596 436 2674 παρά
484 2596 658 2674 φύσιν·
717 2594 752 2661 ἦ
796 2591 850 2650 δὲ
882 2593 952 2671 γῆ
992 2594 1075 2649 καὶ
1107 2595 1169 2649 τὸ
1199 2590 1333 2670 ὕδωρ
1386 2590 1667 2647 ἀνάπαλιν·
1706 2593 1732 2647 6
1765 2590 1817 2646 δὲ
1853 2592 1953 2667 ἀὴρ

284 2685 433 2742 κατά
489 2685 643 2765 φύσιν
696 2696 926 2739 κινεῖται
983 2688 1285 2762 πανταχοὺ,
1345 2689 1509 2739 Τοῦτο
1566 2683 1674 2737 νόει
1733 2682 1818 2736 καὶ
1869 2680 1953 2736 ἐπὶ

283 2782 396 2831 τῶν
459 2776 615 2831 θείων
648 2771 945 2851 δυνάμεων,
1008 2771 1087 2828 ὅτι
1150 2769 1344 2828 ἄνωθεν
1403 2771 1500 2846 μὲν
1552 2772 1683 2841 πρὸς
1715 2772 1780 2825 τὰ
1807 2772 1954 2825 καίτω

285 2864 391 2931 τὴν
439 2864 582 2920 θείαν
640 2861 1077 2941 διαπορθμεύουσι
1119 2860 1400 2939 βούλησιν,
1460 2861 1693 2919 κάτωθεν
1736 2858 1790 2915 δὲ
1823 2860 1951 2937 πρὸς

286 2956 355 3011 τὰ
387 2952 502 3011 ἅνω
531 2954 784 3032 ἀνάγουσι
834 2954 898 3009 τὰ
950 2950 1184 3032 δεύτερα,
1246 2953 1333 3008 καὶ
1391 2951 1717 3009 ἀνατείνουσι
1764 2958 1948 3022 ταὺτα,

289 3045 380 3099 καὶ
439 3041 601 3098 πάλιν
659 3049 923 3099 κινοῦνται
982 3042 1114 3118 πρὸς
1172 3041 1414 3107 τὴντῶν
1475 3039 1769 3119 ὑφειμένων
1815 3040 1951 3117 πρό-

301 3156 460 3193 νοιαν.
501 3134 654 3190 Εἱποι
688 3130 734 3187 δ’
763 3131 825 3187 ἂν
850 3155 954 3203 τις,
991 3130 1071 3188 ὅτι
1104 3133 1135 3199 ἡ
1166 3131 1391 3197 τοιαύτη
1421 3131 1528 3186 τῶν
1562 3130 1771 3205 ἀνέμων
1812 3130 1953 3186 ἐπωο

2038 1979 2210 2045 pore;
2234 1964 2292 2023 in
2326 1960 2698 2042 incorporeis
2726 1968 2920 2022 autem
2948 1967 3005 2019 et
3036 1957 3689 2040 intelligibilibus,pun—

2039 2062 2130 2115 cto
2151 2053 2436 2132 temporis
2461 2051 2660 2114 etsine
2684 2069 2851 2112 mora
2873 2050 3179 2131 perficitur
3204 2049 3258 2110 id
3287 2050 3441 2131 quod
3466 2050 3690 2112 facien-

2037 2142 2177 2203 dum
2212 2152 2320 2205 est.
2357 2141 2458 2205 Est
2490 2149 2547 2203 et
2590 2142 2705 2203 alia
2755 2139 3084 2220 proprietas
3142 2148 3474 2210 ventorum.
3530 2141 3687 2221 quod

2036 2233 2370 2310 quemlibet
2416 2240 2637 2293 motum
2674 2229 2951 2310 habeant,
2987 2236 3045 2289 et
3094 2229 3165 2289 ad
3216 2229 3526 2309 quidlibet.
3567 2232 3688 2292 Aer

2036 2324 2195 2382 enim
2218 2331 2380 2384 recte
2402 2340 2436 2383 a
2456 2321 2700 2383 Platone
2723 2319 3170 2398 deﬁnitur,esse
3203 2319 3563 2381 elementum
3590 2321 3685 2382 cui

2036 2412 2333 2472 naturales
2364 2411 2484 2471 sint
2514 2428 2722 2471 omnes
2754 2408 3082 2469 secundum
3118 2409 3316 2469 locum
3365 2408 3683 2471 motiones.

2034 2500 2196 2578 Ignis
2228 2499 2525 2580 siquidem
2561 2510 2767 2560 natura
2790 2517 2894 2559 sua
2924 2515 3158 2559 sursum
3196 2506 3487 2580 movetur,
3512 2499 3685 2561 deor-

2037 2609 2167 2650 sum
2200 2608 2338 2651 vcro
2372 2599 2573 2651 contra
2614 2598 2911 2663 naturam;
2944 2597 3101 2649 terra
3124 2606 3259 2647 vero
3285 2600 3516 2669 etaqua
3543 2608 3573 2649 e
3599 2590 3685 2649 di-

2040 2697 2208 2741 verso
2237 2698 2249 2741 :
2284 2679 2385 2742 sed
2412 2690 2738 2741 aernatura
2759 2696 2865 2739 sua
2886 2696 3357 2759 quaquaversum
3393 2690 3683 2747 movetur.

2038 2769 2204 2830 Idem
2240 2770 2419 2831 etiam
2445 2771 2691 2831 observa
2717 2769 2775 2829 in
2808 2766 3153 2829 caalestlbus
3184 2766 3684 2849 virtutibus,quo—

2040 2859 2193 2918 niam
2214 2858 2473 2939 desuper
2487 2860 2726 2938 quidem
2753 2857 3032 2919 deorsum
3059 2856 3325 2917 divinum
3344 2858 3683 2919 mandatum

2041 2948 2424 3029 transferant,
2462 2949 2690 3010 inferne
2742 2966 2878 3008 vero
2934 2966 3170 3007 sursum
3202 2946 3499 3009 adducant
3528 2949 3686 3011 infe-

2037 3043 2218 3113 riora;
2254 3039 2584 3119 eademque
2616 3036 3104 3107 corroborent,ac
3128 3053 3366 3098 rursum
3400 3056 3686 3100 movean-

2040 3136 2131 3189 tur
2164 3128 2237 3189 ad
2271 3129 2344 3189 iis
2367 3128 2821 3209 providendum.
2863 3127 3067 3187 Posset
3093 3127 3271 3187 etiam
3299 3127 3432 3207 quis
3456 3128 3682 3205 dicere,

300 3245 459 3299 νυμια
519 3224 606 3279 καὶ
650 3224 712 3278 τὸ
765 3220 989 3281 θεοειδὲς
1047 3221 1301 3301 ἐκφαίνει’
1364 3219 1482 3300 ἔχει
1542 3221 1648 3300 γαφ
1680 3221 1765 3276 καὶ
1799 3229 1952 3278 τοῦτο

2044 3218 2177 3278 Μϐ
2195 3218 2569 3297 ejuscemodi
2583 3226 2891 3279 ventorum
2911 3235 3129 3277 nomen
3152 3215 3457 3278 declarare
3478 3236 3683 3279 eorum

294 3314 510 3375 εἰκόνας
539 3313 681 3375 θείας
740 3310 1028 3391 ἐνεργείας,
1090 3312 1263 3375 καθὼς
1308 3310 1362 3366 ὲν
1416 3308 1577 3389 ἑτέρῳ
1622 3311 1947 3387 συντάγματι

289 3400 671 3481 παραδέδωκεν

289 3491 473 3571 λέγει,
506 3490 586 3547 ὅτι
618 3494 679 3548 τὸ
714 3499 919 3566 πνοῦμα
976 3504 1145 3565 κινεῖ,
1197 3492 1284 3547 καὶ
1314 3498 1596 3567 ζωογονεϊ’
1632 3489 1768 3547 κατά
1796 3497 1950 3545 τοῦτο

287 3583 398 3661 γὰρ
457 3584 548 3639 καὶ
597 3584 687 3638 τὸν
744 3582 871 3659 ἀέρα
932 3582 1260 3657 ἀναπνέομεν
1308 3582 1380 3641 εἰς
1439 3580 1539 3646 τὴν
1599 3584 1696 3644 τῆς
1741 3577 1951 3655 καρδίας

288 3670 652 3750 ἀναῤῥίπισιν
717 3673 803 3727 καὶ
862 3669 1021 3736 ὀξέως
1080 3672 1167 3726 καὶ
1205 3670 1516 3747 ἀκρατήτως
1551 3680 1747 3748 χωρεῖ,
1784 3668 1950 3747 ἀορά-

286 3784 403 3825 τως
460 3763 545 3818 καὶ
603 3762 856 3841 κρυφίως,
896 3762 984 3817 καὶ
1034 3758 1298 3837 ἅγνωστοί
1354 3761 1451 3814 εἰσι
1493 3760 1675 3814 τούτου
1708 3760 1759 3813 αἱ
1788 3757 1955 3836 ἀρχαὶ

292 3853 386 3908 καὶ
464 3852 515 3905 αί
568 3851 1001 3928 ἀποπερατώσεις
1062 3851 1237 3911 καθὼς
1288 3848 1557 3905 λέλεκταν
1620 3849 1690 3906 Τὸ
1748 3850 1955 3922 πνεῦμα

291 3941 435 3998 ὅπου
486 3939 623 3996 θέλει
682 3953 830 4013 πνεῖ,
885 3944 945 4000 0-3
992 3941 1093 4019 γὰρ
1150 3937 1304 4002 οἶδας
1363 3940 1519 3995 πόθεν
1578 3936 1818 4017 ἔρχεται,
1867 3938 1954 3992 καὶ

294 4040 404 4089 ποῦ
462 4031 677 4109 ὑπάγει.
737 4031 914 4089 Ταῦτά
971 4032 1102 4087 εἰσιν
1155 4029 1354 4092 εἰκόνες
1408 4035 1560 4085 Θεοῡ’
1622 4040 1765 4084 κινεῖ
1823 4028 1956 4105 πρὸς

291 4121 593 4199 σωτηρίαν,
626 4127 886 4199 ζωογονεϊ
918 4118 1051 4177 κατά
1079 4140 1135 4175 τε
1183 4123 1340 4187 σῶμα
1396 4119 1484 4174 καὶ
1528 4125 1756 4194 πνεῦμα,
1794 4115 1955 4183 ὀξέως

294 4212 392 4267 καὶ
436 4210 749 4290 ἀκρατήτως
806 4224 1021 4290 χωρεῖ·
1086 4209 1140 4265 ἓν
1190 4206 1595 4283 ἆποδιοπομπεϊ
1652 4214 1860 4286 τοῦτον,
1921 4208 1955 4273 ἡ

293 4313 517 4382 παχεῖα
571 4298 888 4367 συνείδησις·
952 4298 1168 4379 κρόιριός
1233 4297 1345 4355 ἐστι
1398 4298 1535 4355 κατὰ
1594 4299 1676 4353 τό·
1746 4295 1955 4353 ’Ἒθετο

296 4390 497 4452 σκότος
558 4389 869 4469 ἀποκρυιρὴν
921 4389 1099 4449 αὐτοῦ·
1156 4388 1405 4468 ἀόρατός,
1439 4388 1525 4443 καὶ
1574 4385 1959 4454 ἀκατάληπτος

298 4482 394 4536 καὶ
424 4477 620 4545 ἀϊδιος.
909 4480 919 4487 ’

387 4568 741 4649 Περιπλάττει
771 4571 859 4628 καὶ
892 4570 1117 4653 νεφέλης
1174 4560 1313 4626 ἰδέαν
1342 4568 1377 4636 ἡ
1435 4567 1567 4646 ἱερᾶ’
1604 4566 1787 4645 Γραιφῆ
1845 4578 1964 4629 τοῖς

294 4663 584 4743 ἀγγέλοις,
660 4665 797 4722 κατὰ
860 4666 945 4721 τὸ⁹
1032 4666 1129 4723 Καὶ
1204 4659 1399 4741 νεφέλη
1479 4656 1736 4717 ὑπέλαϐεν
1808 4661 1966 4717 αὒτὸν

296 4755 414 4811 ἀπὸ
473 4760 579 4811 τῶν
634 4752 921 4835 ὀφθαλμῶν
977 4758 1174 4817 αὐτῶν,
1232 4751 1491 4827 Σημαίνει
1549 4747 1625 4822 δὲ,
1690 4746 1770 4804 ὅτι
1833 4771 1966 4828 κρυ-

297 4844 426 4925 φίου
458 4846 546 4901 καὶ
575 4843 712 4902 θείου
755 4846 930 4924 φωτὸς
988 4840 1445 4922 ἀποπληροῦνται,
1507 4841 1595 4896 καὶ
1654 4838 1752 4904 τὴν
1811 4860 1961 4915 πρω-

296 4938 514 5014 τοφανῆ
544 4940 635 4992 τοῦ
668 4940 800 4990 Θεοῦ
852 4935 1219 5014 φωτοφάνειαν
1274 4930 1550 5011 δέχονται’
1612 4929 1705 4985 οὐκ
1764 4926 1965 5002 ἐκπέμ-

295 5044 468 5082 πουσι
500 5021 554 5079 δὲ
590 5024 788 5090 ταύτην
817 5022 1215 5096 (ἀναπόϐλητον
1250 5022 1350 5101 γὰρ
1374 5020 1428 5076 ὲν
1460 5016 1653 5098 νεφέλῃ
1684 5018 1744 5073 τὸ
1796 5015 1961 5097 φῶς),

296 5112 449 5172 ἀλλά
479 5109 917 5193 διαπορθμεύουσι
949 5116 1077 5193 πρὸς
1110 5114 1177 5171 τὰ
1234 5111 1470 5191 δεύτερα,
1529 5112 1601 5176 ὡς
1656 5108 1742 5165 καὶ
1797 5106 1965 5164 ταῦτα

298 5207 462 5286 ἔχειν
493 5206 592 5273 τὴν
624 5205 1053 5285 πρωτοφάνειαν,
1085 5206 1172 5261 καὶ
1202 5201 1392 5265 ἅλλεις
1426 5198 1804 5280 ἐπιχορηγεῖν.
1864 5197 1963 5255 Καὶ

300 5296 423 5373 μὴν
454 5295 541 5351 καὶ
572 5291 748 5356 ἄλλως
781 5293 994 5374 νεφέλαι
1025 5293 1292 5375 λέγονται,
1355 5290 1437 5352 διὰ
1480 5292 1541 5346 τὸ
1570 5288 1813 5368 γόνιμον,
1872 5288 1960 5344 καὶ

300 5385 603 5464 ζωοποιὸν,
638 5384 727 5440 καὶ
758 5383 1066 5465 αὖξητικὸν,
1119 5387 1208 5442 καὶ
1266 5380 1606 5440 τελειωτικὸν
1664 5378 1770 5435 τῶν
1827 5399 1961 5456 καρ-

299 5482 454 5549 πῶν,
487 5472 571 5529 διὰ
599 5478 705 5530 τῶν
732 5472 1075 5553 ἐκχεομένων
1134 5474 1240 5531 ἀπὸ
1296 5478 1402 5529 τῶν
1461 5466 1693 5550 νεφελῶν
1735 5465 1957 5540 ὑδάτων,

301 5572 418 5627 τῶν
443 5560 854 5639 ὲκκαλουμένων
900 5564 987 5622 ἐπι
1030 5564 1257 5638 ζωιτικάς
1313 5559 1510 5624 ὠδῖνας
1568 5559 1659 5615 τὸν
1717 5555 1965 5637 ἐκδόχιον

2034 3306 2842 3387 deiformitatem,siquidem
2878 3305 3044 3367 etilli
3077 3305 3293 3366 divina:
3325 3305 3689 3368 efficacitatis

680 3450 696 3482 ,
732 3404 759 3459 ὃ
810 3400 874 3469 δὴ
924 3403 983 3458 οὗ
1045 3400 1256 3480 φέρεται
1312 3402 1567 3478 στ’μερον,
1604 3401 1699 3457 Καὶ
1731 3397 1949 3456 ἐνταῦθα

2044 3398 2324 3477 imagines
2355 3396 2633 3477 quaedam
2666 3397 3048 3472 insunt,sicut
3078 3395 3141 3457 in
3171 3395 3284 3458 alio
3316 3398 3687 3478 opere,quod

2036 3487 2215 3548 hodie
2267 3507 2387 3549 non
2426 3495 2637 3566 exstat,
2670 3487 2890 3566 scripto
2948 3485 3214 3548 tradidit.
3248 3493 3449 3567 Atque
3484 3488 3579 3549 hic
3611 3488 3691 3548 ait

2035 3576 2309 3657 spiritum
2340 3595 2583 3638 movere
2608 3576 2995 3637 etvivificare:
3020 3574 3315 3655 siquidem
3346 3577 3457 3638 hoc
3487 3594 3687 3639 aerem

2037 3666 2330 3746 spiramus
2361 3668 2433 3728 ad
2459 3686 2562 3727 cor
2592 3664 3049 3728 refocillandum
3080 3683 3092 3727 :
3130 3679 3190 3727 et
3214 3664 3496 3726 celeriter
3516 3667 3687 3727 etin-

2038 3757 2415 3819 continenter
2441 3767 2499 3819 et
2530 3754 2903 3819 invisibiliter
2926 3764 2981 3816 et
3010 3756 3245 3817 occulte
3278 3757 3685 3837 transit,ejus-

2038 3865 2157 3923 que
2192 3847 2485 3928 principia
2507 3866 2575 3908 ac
2610 3845 2846 3908 termini
2882 3844 3130 3906 minime
3164 3852 3511 3925 noscuntur,
3534 3853 3688 3907 sicut

2040 3937 2268 3999 dictum
2294 3937 2691 4017 estzSpiritus
2716 3935 2821 3997 ubi
2842 3933 2969 3997 vult
2988 3937 3210 4012 spirat,
3234 3942 3291 3997 et
3316 3941 3507 3997 nescis
3534 3937 3691 3998 unde

2045 4030 2380 4108 veniat,aut
2406 4045 2524 4107 quo
2550 4024 2902 4089 vadatmllae
2924 4033 3060 4085 sunt
3082 4024 3371 4105 imagines
3398 4025 3526 4107 Dei;
3565 4045 3689 4087 mo-

2040 4125 2137 4179 vet
2167 4121 2240 4181 ad
2275 4116 2812 4193 salutem,vivilicat
2842 4114 3170 4176 secundum
3199 4134 3415 4196 corpus
3440 4125 3497 4177 et
3520 4117 3693 4198 spiri-

2043 4216 2191 4288 tum,
2227 4208 2345 4270 cito
2377 4218 2435 4270 et
2461 4208 2907 4270 incontinenter
2956 4213 3259 4286 penetrat;
3311 4225 3495 4267 unum
3528 4207 3689 4288 quod

2044 4316 2177 4359 eum
2213 4317 2330 4359 non
2361 4297 2747 4371 admittit,est
2769 4313 2968 4357 crassa
3000 4293 3389 4369 conscientia;
3423 4295 3689 4356 occultus

2042 4395 2152 4461 est,
2179 4386 2348 4466 juxta
2387 4386 2780 4449 illudzPosuit
2805 4383 3083 4447 tenebras
3109 4383 3435 4446 latibulum
3465 4402 3688 4466 suumr;

2045 4476 2365 4539 invisibilis
2396 4485 2505 4553 est,
2544 4485 2600 4539 et
2630 4472 3259 4555 incomprehensibilis
3292 4482 3349 4534 et
3404 4482 3684 4539 aeternus.

2127 4568 2312 4629 Sacra
2340 4585 2575 4649 quoque
2604 4566 2911 4647 Scriptura
2941 4563 3117 4625 nubis
3152 4563 3572 4645 proprietatem
3589 4582 3690 4625 an-

2045 4655 2194 4736 gelis
2215 4656 2415 4735 afﬁgit,
2440 4654 2612 4736 juxta
2640 4654 2826 4716 illud:
2859 4653 2944 4716 Et
2962 4650 3152 4715 nubes
3172 4654 3429 4734 suscepit
3449 4670 3584 4717 eum
3616 4656 3691 4715 ab

2048 4745 2239 4809 oculis
2269 4743 2842 4825 earumESigniﬁcat
2862 4752 3199 4818 autcm,eos
3231 4742 3463 4805 occulto
3494 4760 3565 4803 ac
3595 4741 3692 4804 di-

2044 4836 2181 4897 vino
2200 4836 2428 4898 lumine
2458 4835 2881 4917 repleri,atque
2908 4832 3282 4915 primilucam
3304 4831 3411 4894 Dei
3439 4830 3695 4895 illustra-

2048 4925 2270 4988 tionem
2295 4925 2814 5007 accipere;verum
2842 4923 2996 4985 hanc
3027 4922 3274 4984 minime
3289 4922 3692 5003 produnt(lux

2049 5015 2210 5077 enim
2242 5015 2303 5076 in
2319 5016 2477 5078 nube
2499 5034 2613 5080 non
2640 5012 3094 5095 amittitur),sed
3122 5012 3689 5076 transfundunteam

2048 5104 2121 5168 ad
2148 5104 2455 5182 inferiora,
2482 5115 2544 5169 ut
2571 5114 2630 5169 et
2662 5106 2789 5167 haec
2821 5104 3071 5185 primam
3102 5101 3567 5165 illustrationem
3598 5102 3693 5164 ha-

2047 5194 2433 5277 beant,atque
2463 5195 2593 5259 aliis
2615 5192 3151 5276 impertiant.Quin
3176 5199 3233 5254 et
3252 5191 3422 5255 aliter
3450 5210 3691 5273 quoque

2046 5283 2238 5347 nubes
2268 5283 2565 5361 dicuntur,
2602 5294 2846 5366 propter
2875 5283 2991 5344 vim
3021 5281 3471 5360 fecundandi,et
3500 5281 3695 5343 viviﬁ-

2047 5375 2246 5451 candi,
2283 5384 2339 5437 et
2373 5375 2650 5456 augendi,
2672 5392 2739 5436 ac
2765 5371 3117 5455 perﬁciendi
3140 5373 3365 5435 fructus
3389 5389 3495 5452 per
3509 5389 3692 5451 aquas

2048 5482 2181 5545 qua}
2203 5482 2236 5526 e
2259 5465 2520 5529 nubibus
2541 5461 3121 5542 funduntur,quibus
3141 5461 3421 5523 nimirum
3445 5462 3694 5542 subjec-

2048 5565 2174 5616 tum
2188 5561 2364 5617 terrae
2380 5554 2671 5635 gremium
2688 5552 2912 5635 pluvias
2929 5552 3233 5633 excipiens
3253 5553 3325 5615 ad
3346 5551 3546 5615 vitales
3561 5570 3700 5635 pro-

392 5734 416 5766 °
444 5723 608 5793 Psal.
640 5740 781 5804 nn,
815 5725 877 5790 4.
952 5737 979 5780 P
1008 5723 1170 5793 Psal.
1202 5739 1325 5804 cm,
1351 5723 1406 5786 3.
1483 5732 1510 5777 (ι
1538 5720 1705 5783 toan.
1740 5735 1829 5803 ιιι,
1861 5722 1922 5782 8.
1993 5731 2019 5765 τ
2045 5713 2201 5780 Psal.
2235 5734 2373 5804 xvn,
2411 5719 2511 5785 ‘12.
2577 5728 2597 5756 ⁸
2626 5716 2756 5783 Act.
2792 5731 2834 5780 ι.
2868 5715 2926 5782 9;
