4042 6468
157 383 264 449 361

607 381 706 447 DE
750 379 1102 446 CLELESTI
1145 381 1650 465 HIERARCHIA,
1680 386 1844 449 CAP.
1891 383 2024 451 XV.
2077 419 2151 432 -
2180 385 2570 451 PARAPHR.
2616 385 3111 454 PACHYMERxE

3440 391 3557 460 362

152 520 484 588 ἀνατατικῆς
548 520 758 597 πορείας
831 521 877 576 οἱ
946 523 1081 576 θεῖοι
1140 520 1256 584 νόες
1316 518 1833 596 καταλαμὸένουσιν

1925 518 2137 598 mystice
2159 519 2548 602 occultent,et
2570 522 2700 584 sine
2739 522 3143 586 ostentatione
3173 535 3554 607 conservent,

151 619 309 668 τοῦτο
358 610 521 666 πάλιν
567 608 1012 686 περικαλύπτουσι
1071 610 1340 684 μυστικῶς
1395 612 1490 666 καί
1539 610 1815 685 ἀνεκπόμε

1925 609 2193 700 [uiduam
2219 609 2290 700 iis
2324 629 2456 673 esse
2514 612 2708 692 possit
2738 612 3376 700 incomprehensibile,
3408 619 3558 684 etin

151 723 324 758 πευτα
369 700 700 781 διατηροῦσι,
733 701 783 758 τί
827 699 888 756 ἅν
923 702 1014 768 εἴη
1044 703 1258 767 τούτοις
1303 704 1364 760 τὸ
1410 702 1816 782 ἀκατάληπτον,

151 795 240 847 καὶ
271 795 335 848 τὸ
366 799 476 848 τῶν
506 794 658 849 θείων
692 790 824 848 ὁδῶν
854 790 1259 872 ἀνεξιχνίαστον
1296 812 1312 868 ;

236 879 305 937 Ἠ
337 881 393 937 δέ
423 889 517 938 τοῦ
548 883 673 958 βοὸς
721 881 924 937 εἰκασία
956 888 1060 937 τῶν
1094 882 1336 960 ἀγγέλων
1381 884 1440 938 τὸ
1483 884 1703 963 ὶσχυρον
1733 882 1819 938 καὶ

152 971 398 1046 ἀκμαῖον
457 969 640 1046 δηλοῖ,
701 968 820 1027 καθ’
889 972 916 1027 ὃ
975 973 1062 1027 καὶ
1132 973 1253 1036 τοὺς
1316 974 1524 1052 νοεροὺς
1589 972 1818 1038 αὔλακας

150 1061 472 1140 ἀρσενικῶς⁷
542 1064 615 1124 ὡς
653 1061 846 1134 εἰπεῖν,

152 1149 287 1218 λαδὴ
342 1149 604 1232 διανοίας,
654 1153 726 1214 εἷς

928 1061 1290 1139 ἀνευρύνουσι,
1337 1063 1432 1124 τὰς
1485 1062 1679 1127 οἰκείας
1713 1061 1815 1129 δη·-

785 1148 1056 1232 ῦποδοχὴν
1127 1158 1233 1208 τῶν
1307 1153 1672 1230 γονιμοποιῶν
1732 1153 1818 1208 καὶ

151 1242 302 1297 θείων
351 1241 568 1319 ὄμϐρων
605 1289 619 1304 ,
666 1243 732 1299 τὰ
776 1240 828 1296 δὲ
860 1241 1056 1319 κέρατα
1089 1239 1308 1307 δηλοῦσι
1359 1245 1420 1297 τί)
1466 1245 1820 1322 ιρρουρητικὸν

159 1334 242 1386 καὶ
273 1331 584 1410 ἀκράτητον
623 1339 1004 1412 ’φρουροῦνται
1037 1333 1134 1410 γὰρ
1195 1333 1240 1386 οἱ
1301 1333 1421 1408 βόες
1467 1330 1550 1388 διὰ
1593 1334 1814 1408 τούτων,

156 1423 241 1477 καὶ
273 1425 336 1476 τὸ
373 1424 517 1501 παρά
563 1429 666 1478 τῶν
699 1421 876 1480 ἄλλων
911 1422 1208 1499 ὰκράτητον
1241 1421 1440 1484 ἕκουσι.

235 1511 405 1591 Φέρε,
473 1514 559 1569 καὶ
615 1512 711 1579 τὴν
776 1519 867 1567 τοῦ
924 1511 1080 1568 ἀετοῦ
1138 1511 1315 1568 εἰκόνα
1371 1511 1686 1586 κατίδωμεν,
1752 1513 1821 1570 Τὸ

158 1598 447 1675 βασιλικὸν
505 1603 606 1680 γὰρ
668 1603 753 1658 καὶ
801 1602 1056 1680 ῦψιφόρον
1120 1600 1306 1682 ἔχουσι
1365 1603 1450 1658 καὶ
1497 1603 1542 1658 οἱ
1577 1600 1822 1680 ἄγγελοι,

153 1693 240 1748 καὶ
273 1693 337 1746 τὸ
401 1695 704 1772 ταχυπετὲς
763 1693 981 1766 ὁμοίως.
1034 1692 1129 1749 Καὶ
1173 1690 1351 1770 ὥσπερ
1396 1691 1620 1763 ἐκεῖνοι,
1668 1689 1824 1767 ὑψόθι

157 1783 254 1849 τὴν
301 1786 509 1847 πτῆσιν
583 1782 918 1860 ποιούμενοι,
980 1780 1119 1846 ὀξεῖς
1159 1783 1258 1838 εἰσι
1309 1781 1400 1838 καί
1447 1780 1707 1862 νηφαλέοι
1739 1783 1824 1838 καὶ

157 1873 468 1952 ἐντρεχεϊς,
507 1874 594 1928 καὶ
650 1873 950 1951 εὐμήχανοι
1000 1873 1071 1934 εἷς
1103 1873 1164 1927 τὸ
1223 1875 1448 1949 θηρᾶσαι
1494 1873 1590 1939 τὴν
1623 1871 1823 1950 τροφὴν

199 1931 468 1970 .¹“”⁷
583 1962 591 1974 ,
711 1931 833 1951 ""‘
1060 1931 1082 1979 ζμ
1278 1931 1304 1949 ’⁸
1399 1961 1408 1976 ο
1550 1931 1561 1939 ⁷
1655 1931 1884 1982 ἰἒλΒ

160 1962 301 2041 (ὅθεν
363 1959 486 2018 οὐδὲ
535 1960 728 2028 λεληθε
784 1961 999 2024 τούτους
1058 1965 1151 2036 υψι
1211 1983 1533 2037 πετομενους
1581 1983 1676 2017 και
1721 1983 1822 2016 υπο

154 2052 374 2126 θάμνων
439 2050 804 2130 κρυπτόμενον
859 2050 1044 2125 ζῶον)·
1107 2049 1273 2114 οὕτως
1320 2052 1564 2108 κάκεῖνοι
1595 2052 1825 2107 τοιοῦτοί

156 2144 252 2198 εἱσι
284 2142 424 2219 πρὸς
485 2141 585 2208 τὴν
638 2140 846 2206 ἑαυτοῖς
891 2142 1262 2213 προσήκουσαν
1295 2143 1380 2197 καὶ
1420 2142 1562 2197 θείαν
1591 2143 1820 2220 τροφὴν.

163 2232 308 2300 Πλὴν
371 2239 522 2287 οῦτοι
583 2233 681 2305 μὲν
752 2232 986 2288 κάτωθεν
1058 2233 1154 2298 τὴν
1211 2232 1408 2310 τροφὴν
1467 2231 1822 2310 ἐκπρίζονται,

159 2335 277 2383 τοῖς
309 2320 367 2377 δὲ
401 2319 656 2400 ἀγγέλοις
713 2321 907 2378 ἄνωθέν
967 2320 1108 2378 ἐστιν
1138 2324 1173 2389 ἡ
1218 2319 1570 2398 δυναμοποιὸς
1602 2321 1771 2400 τροφή
1811 2338 1825 2353 ⁸

162 2418 305 2468 πᾶσα
369 2416 476 2491 γὰρ
537 2412 729 2491 τροφὴ,
792 2413 869 2487 μὴ
930 2414 1094 2487 μονον
1148 2412 1326 2491 ἄρτος,
1401 2435 1498 2478 την
1558 2419 1650 2468 τοῦ
1694 2411 1830 2481 ζώου

162 2499 378 2580 καρδίαν
430 2503 691 2580 στηρίξει.
755 2498 994 2580 ’Ἔχουσι
1025 2504 1114 2558 καὶ
1143 2505 1202 2558 τὸ
1242 2503 1565 2568 θεωρητικὸν
1597 2499 1826 2565 ἀκλινώς

162 2593 292 2669 πρὸς
324 2594 431 2660 τὴν
480 2590 706 2672 ἄφθονον
775 2596 862 2648 καὶ
922 2591 1225 2672 πολύχυτον
1283 2591 1476 2647 ἀκτῖνα
1507 2596 1605 2657 τῆς
1636 2594 1822 2656 θεϊκῆς

164 2679 479 2750 ἧλιοϐολίας
543 2684 598 2738 ἓν
655 2682 783 2746 ταῖς
808 2685 1109 2760 εῦρωστίαις
1168 2689 1274 2738 τῶν
1355 2682 1588 2737 όπτικῶν
1653 2680 1824 2735 αὐτῶν

169 2769 448 2846 ὂσνάμεων
484 2789 500 2804 ⁸
563 2769 723 2848 λόγος
787 2772 903 2850 γὰρ,
968 2771 1085 2832 τοὺς
1126 2770 1308 2834 ἀετοὺς
1354 2773 1458 2826 τῶν
1503 2769 1826 2844 τικτομένων

171 2861 230 2917 τά
260 2862 468 2938 γνήσια
530 2859 590 2916 ἐκ
646 2867 751 2917 τῶν
807 2863 967 2918 νόθων
1031 2861 1163 2918 οὕθω
1206 2859 1506 2938 διακρίνειν.
1538 2859 1665 2916 Ἐὰν
1698 2859 1824 2914 ἀτε-

174 2954 380 3008 νίσωσιν
441 2949 839 3029 ἀσκαρδαμυκτὶ
901 2954 1030 3030 πρὸς
1089 2953 1179 3006 τὸν
1233 2949 1410 3022 ἣλιον,
1444 2951 1637 3027 γνήσιά
1669 2951 1819 3005 εἰσιν⁶

176 3043 219 3096 εἶ
286 3039 341 3097 δὲ
395 3043 500 3115 μὴ,
568 3044 642 3105 ὡς
696 3044 820 3097 νόθα
865 3044 950 3098 καὶ
1009 3041 1157 3108 ξένης
1213 3043 1398 3118 γονης,
1433 3037 1825 3096 ἀποϐέλλονται

186 3130 278 3196 τῆς
302 3131 511 3194 καλίας·
553 3129 732 3195 Οῧτως
787 3130 876 3188 οῦν
925 3135 1011 3188 κτὶ
1043 3133 1070 3186 ὁ
1105 3130 1184 3206 μὴ
1230 3128 1520 3206 δυνάμενος
1553 3136 1627 3203 τῷ
1661 3127 1826 3201 Ἡλίῳ

185 3224 283 3286 τῆς
327 3218 666 3287 δικαιοσύνης
711 3221 965 3297 ἀτενίσαι,
1030 3221 1178 3284 νόθος
1237 3225 1334 3287 τῆς
1391 3221 1547 3276 αὑτοῦ
1577 3218 1825 3296 γνώσεως

1902 696 2116 761 divinis
2148 699 2254 760 viis
2277 699 2756 780 investigabile?

1985 790 2169 850 Porro
2194 789 2359 852 bovis
2392 790 2966 872 forma,angelorum
2996 793 3183 858 robur
3201 813 3272 858 ac
3293 795 3557 875 vigorem

1903 876 2243 960 signat,quo
2274 879 2572 960 spiritales
2601 882 2804 945 sulcos
2831 883 3112 966 viriliter,
3137 884 3304 947 utsic
3334 886 3556 968 dicam,

1901 965 2171 1050 dilatant,
2222 977 2514 1050 proprias,
2548 971 2818 1049 inquam,
2857 982 3112 1048 mentes,
3162 973 3237 1037 ad
3269 965 3561 1039 fecundos

1903 1056 2250 1140 divinosque
2285 1060 2507 1124 imbres
2528 1062 2946 1144 suscipiendos
2973 1082 3236 1142 ;cornua
3266 1083 3406 1129 vero
3436 1085 3562 1129 ser-

1902 1149 2180 1212 vatrice:n
2209 1151 2610 1233 invictamque
2643 1153 2758 1215 vim
2785 1154 3114 1228 declarant,
3143 1155 3443 1232 siquidem
3467 1157 3563 1220 his

1904 1237 2084 1301 boves
2115 1258 2178 1301 se
2210 1241 2640 1316 defendunt,ac
2672 1245 2901 1308 habent
2925 1255 2992 1308 ut
3019 1247 3094 1309 ab
3117 1245 3258 1309 aliis
3285 1247 3563 1329 superari

1902 1347 2027 1392 non
2064 1330 2319 1406 possint.

1992 1419 2124 1478 M8
2149 1420 2294 1497 Age,
2325 1421 2502 1483 etiam
2535 1422 2749 1503 aquila)
2792 1423 3115 1504 imaginem
3137 1431 3557 1491 contueamur.

1905 1509 2151 1587 Regiam
2168 1511 2326 1572 enim
2343 1511 2685 1590 dignitatem
2703 1516 3092 1578 etsublimem
3106 1518 3362 1578 volatum
3379 1518 3560 1580 etiam

1907 1597 2362 1690 habentangeli.
2403 1601 2487 1661 uti
2532 1610 2589 1662 et
2620 1603 3018 1672 velocitate'n.
3045 1606 3114 1668 Et
3140 1607 3294 1670 sicut
3323 1609 3558 1690 aquilas,

1908 1686 2048 1747 dum
2073 1687 2132 1748 in
2157 1689 2398 1751 sublimi
2421 1691 2641 1766 volant,
2671 1711 2840 1756 acres
2873 1705 3034 1776 sunt,
3068 1705 3124 1758 et
3144 1686 3475 1776 vigilant—es,
3505 1705 3566 1759 et

1908 1777 2148 1868 intentae
2179 1828 2194 1858 .,
2237 1777 2442 1840 faciles
2485 1781 2558 1842 ad
2612 1783 2872 1862 praedam
2930 1787 3318 1864 quaerendam
3376 1787 3564 1868 (unde

1909 1864 2068 1947 ipsas
2096 1870 2153 1930 in
2186 1868 2430 1931 sublimi
2447 1871 2759 1934 volitantes
2783 1893 2977 1955 neque
2997 1884 3109 1938 sub
3133 1864 3400 1939 arbustis
3423 1877 3566 1938 lati-

1909 1964 2042 2047 tans
2074 1957 2499 2021 animalculum
2529 1960 2699 2040 fugit)
2750 1964 2838 2026 sic
2863 1973 2920 2025 et
2962 1965 3079 2046 ipsi
3138 1966 3397 2047 expediti
3429 1975 3568 2030 sunt

1909 2046 1980 2108 ad
2013 2047 2466 2110 convenientem
2520 2051 2634 2111 sibi
2665 2069 2734 2113 ac
2778 2053 3044 2116 divinum
3098 2046 3296 2118 cibum
3319 2057 3568 2138 capien-

1910 2135 2076 2197 dum.
2111 2137 2332 2198 Verum
2373 2138 2588 2219 aquila:
2626 2140 2910 2204 deorsum
2952 2145 3270 2224 exquirunt
3304 2135 3563 2208 alimen-

1914 2232 2130 2305 tum,at
2152 2227 2379 2306 angelis
2405 2247 2644 2290 sursum
2662 2241 2748 2292 est
2772 2232 2942 2293 cibus
2966 2235 3567 2314 potentiﬁcuszomnis

1913 2315 2074 2377 enim
2107 2317 2366 2389 cibus,et
2401 2337 2521 2378 non
2547 2319 2710 2380 solus
2743 2323 2936 2400 panis,
2965 2342 3068 2384 cor
3095 2324 3372 2387 animalis
3415 2344 3564 2387 con-

1914 2405 2370 2469 ﬁrmat.llabent
2399 2426 2635 2488 quoque
2669 2410 2808 2481 vim,
2833 2412 3096 2475 robustis
3124 2419 3432 2476 oculorum
3465 2415 3565 2477 in-

1912 2495 2584 2569 tentionibus,irreﬁexe
2606 2501 3048 2581 contemplandi
3071 2504 3438 2565 uberrimum
3469 2504 3563 2566 la-

1913 2593 2087 2666 teque
2118 2585 2396 2647 diﬁusum
2421 2588 2864 2669 radium,quem
2893 2610 2962 2654 ex
2987 2611 3051 2654 se
3073 2595 3310 2655 divinus
3340 2595 3442 2656 ille
3476 2594 3564 2657 sol

1907 2674 2134 2737 evibrat
2166 2694 2180 2738 :
2208 2675 2404 2737 ferunt
2429 2677 2848 2759 enim,aquilas
2870 2682 3063 2760 pullos
3092 2701 3232 2746 suos
3264 2685 3562 2761 genuinos

1908 2766 2158 2827 anothis
2182 2766 2262 2827 ita
2285 2766 2655 2832 discernere.
2691 2769 2752 2832 Si
2785 2770 3094 2834 irretortos
3125 2773 3335 2836 oculos
3383 2776 3441 2837 iu
3474 2793 3568 2836 so-

1911 2854 2028 2916 lem
2093 2855 2424 2946 intendunt,
2463 2858 2712 2936 genuini
2771 2859 3107 2945 habentur;
3137 2864 3228 2924 sin
3260 2882 3457 2946 secus,
3504 2872 3568 2925 ut

1912 2943 2080 3006 nothi
2108 2953 2164 3004 et
2184 2945 2509 3006 adulterini
2531 2964 2564 3008 e
2596 2947 2736 3008 nido
2768 2943 3412 3015 deturbanturEadem
3444 2943 3566 3015 ita-

1907 3051 2024 3113 que
2054 3035 2307 3113 ratione,
2343 3035 2443 3114 qui
2469 3035 2718 3114 justitiaa
2761 3035 2883 3100 Soli
2911 3059 3029 3102 non
3061 3042 3214 3104 valet
3243 3042 3504 3118 obtueri,
3531 3063 3568 3106 a

1908 3123 2263 3201 cogitatione
2277 3124 2407 3202 ejus
2419 3124 2652 3188 alienus
2673 3145 2741 3188 ac
2773 3129 2991 3191 nothus
3006 3132 3336 3211 reperitur;
3356 3151 3566 3196 verum

1918 3211 2032 3303 illm
2061 3214 2274 3303 divina)
2307 3225 2562 3293 mentes,
2592 3235 2724 3297 quae
2767 3218 2934 3280 illum
2977 3226 3252 3284 irretorta
3281 3235 3567 3303 quantum

179 3311 474 3388 εὑρίσκεται
512 3329 527 3343 ·
563 3313 609 3366 οἱ
653 3307 707 3366 δέ
733 3313 866 3367 θειοι
899 3310 1039 3391 νόες,
1086 3307 1481 3390 ἀσκαρδαμυκτὶ
1514 3310 1585 3372 ὡς
1619 3307 1833 3388 ἐφικτὸν

1925 3301 2004 3362 fas
2031 3311 2120 3363 est
2145 3301 2275 3364 acie
2299 3309 2804 3384 centemplautur,
2833 3307 3115 3386 genuinae
3145 3298 3302 3373 sunt:

177 3401 542 3481 ἀτανίζοντες,
590 3401 776 3479 γῆσνοί
806 3403 960 3464 εἰσιν,

255 3481 322 3548 Ἠ
355 3489 412 3546 δὲ
449 3495 556 3546 τῶν
616 3490 801 3548 ἵππων
848 3491 1001 3548 εἰκών
1045 3492 1107 3548 τὸ
1161 3489 1400 3555 εὐπειθὲς
1456 3489 1704 3565 σημαίνει
1749 3489 1836 3546 καὶ

175 3580 392 3648 εὔάνιον
424 3583 535 3638 τῶν
599 3579 865 3659 ἀγγέλων,
900 3581 1015 3638 καθ’
1049 3583 1076 3637 ὃ
1109 3580 1332 3655 ε’ίρη-αι
1365 3598 1384 3618 ⁶
1416 3577 1476 3637 Ὀ
1507 3585 1712 3656 κρατῶν
1742 3580 1834 3644 τὰς

178 3671 324 3738 ἡνίας
385 3678 498 3728 τῶν
530 3672 814 3752 ἀρχάντων
867 3669 1162 3746 δυνάμεων,
1222 3667 1328 3731 Καὶ
1384 3668 1586 3727 λευκῶν
1643 3669 1836 3748 ὅντων,

176 3765 236 3818 τὸ
266 3761 527 3841 λαμπρὸν
584 3759 893 3841 παραδηλοῖ
941 3761 1035 3816 καῖ
1063 3763 1138 3825 ὡς
1183 3761 1413 3837 μάλιστα
1459 3760 1708 3839 συγγενὲς
1752 3760 1843 3816 τοῦ

173 3853 317 3912 θείου
349 3853 533 3932 φωτός
571 3867 585 3882 ⁸
634 3854 841 3909 κυανιῦν
870 3850 923 3907 δὲ
964 3899 980 3932 ,
1025 3853 1180 3909 οἱονεὶ
1211 3849 1478 3930 μελάνων,
1509 3852 1572 3906 τὸ
1601 3851 1838 3929 κρύφιον·

354 3945 461 4020 γάρ

177 3899 317 3912 ”“’“’
352 3899 533 3932 ’τυ-’ν’
635 3899 836 3909 “”’”’“”
873 3899 923 3907 vv
964 3899 980 3932 ,
1027 3899 1180 3909 ww"
1211 3899 1478 3930 Γ⁷””’””
1522 3899 1569 3906 ’⁷
1603 3899 1810 3929 ”¹”Ῐ’⁷’

175 3947 240 4001 τὸ
354 3945 461 4019 γὰρ
571 3942 739 4018 μέλαν
843 3943 931 3998 καὶ
1037 3944 1306 3999 σκοτεινὸν
1415 3943 1498 3996 καὶ
1603 3951 1840 4019 κρύφιον,

179 4035 449 4111 Ἐρυθρῶν
483 4032 562 4106 δὲ,
597 4033 711 4090 ἐπεὶ
740 4033 827 4089 καὶ
886 4033 946 4089 τὸ
1001 4042 1102 4110 πῦρ
1172 4031 1403 4109 ἐρυθρὸν,
1463 4032 1524 4086 τὸ
1582 4028 1838 4109 πυρῶδες,

175 4127 270 4180 καὶ
314 4122 406 4179 διὰ
435 4125 594 4179 τοῦτο
637 4120 955 4201 δραστήριον
987 4137 1000 4152 ⁸
1051 4122 1362 4197 συμμίκτων
1419 4117 1473 4175 δὲ
1504 4119 1610 4175 ἀπὸ
1655 4119 1842 4177 λευκοῦ

179 4237 238 4271 τε
292 4217 389 4271 καὶ
440 4212 691 4288 μέλανος,
755 4211 1001 4280 δηλονότι
1033 4219 1225 4292 ιραιὼν³
1258 4213 1363 4268 τῶν
1395 4207 1706 4266 συνδετικῶν
1736 4216 1841 4266 τῶν

179 4303 368 4384 ἄκρῶν
403 4302 458 4360 ἐν
491 4302 560 4379 τῇ
590 4301 1040 4382 διαπορθμευτικῇ
1070 4301 1308 4378 δυναίμει,
1329 4298 1446 4358 καθ’
1473 4301 1538 4366 ἢν
1569 4302 1634 4356 τὰ
1664 4304 1846 4376 πρῶτα

176 4409 302 4459 τοῖς
338 4391 611 4472 δευτέροις
655 4393 1050 4473 προνοητικῶς,
1085 4395 1171 4450 καὶ
1201 4393 1266 4450 τὰ
1299 4389 1509 4469 δεύτερα
1541 4390 1662 4456 τοῖς
1694 4392 1847 4470 πρώ-

176 4509 299 4552 τοις
334 4487 765 4564 ἒπιστρεπτικῶς
810 4484 1182 4543 συνάπτονται.

268 4653 431 4716 Ἀλλ’
461 4657 507 4712 εἶ
537 4657 616 4732 μὴ
669 4655 1174 4735 κατεστοχαζόμεθα
1229 4656 1327 4721 τῆς
1386 4652 1708 4732 συμμετρίας
1757 4662 1849 4712 τοῦ

177 4751 352 4830 λόγου
421 4747 595 4825 (κόρος
653 4747 753 4826 γὰρ
808 4745 969 4825 λόγου
1021 4743 1279 4820 πολέμιος
1324 4743 1572 4820 ἀκοαῖς),
1619 4745 1706 4801 καὶ
1752 4744 1847 4805 τὰς

177 4841 326 4899 κατὰ
349 4837 519 4917 μέρος
549 4835 814 4904 ἰδιότητας
871 4841 978 4892 τῶν
1047 4835 1222 4915 ζώων²
1257 4835 1348 4894 καὶ
1389 4834 1563 4899 πάσας
1608 4834 1700 4900 τὰς
1732 4855 1844 4890 σω-

179 4932 428 5010 ματικὰς
498 4929 669 4984 αὖτῶν
723 4925 1054 5008 διαπλάσεις,
1113 4925 1492 5006 ἆφηρμόσαμεν
1575 4923 1638 4982 ἀν
1720 4937 1845 4983 ταῖς

180 5021 464 5101 οὐρανίαις
536 5016 816 5094 δυνάμεσιν
890 5017 1190 5096 ἀναλόγως³
1250 5016 1386 5072 κατά
1463 5015 1556 5081 τὰς
1603 5013 1847 5094 ῥηθείσας

180 5111 479 5188 ἀνομοίους
520 5110 841 5184 ὁμοιότητας
896 5108 1198 5188 (ἀνομοίους
1261 5106 1386 5185 μὲν³
1445 5105 1525 5162 ὅτι
1566 5107 1620 5162 αἱ
1651 5105 1846 5167 εἰκόνες

179 5203 377 5260 ὑλικαὶ
479 5201 570 5256 καὶ
625 5199 762 5257 πολὺ
835 5199 1256 5278 ἀπεμιραίνουσαι
1295 5215 1309 5230 ·
1371 5195 1696 5270 ὁμοιότητας
1767 5193 1845 5269 δὲ,

185 5295 333 5352 κατά
362 5291 468 5358 τὴν
523 5290 815 5366 νοουμένην
857 5288 1181 5368 ἀλληγορίαν
1219 5289 1307 5343 καὶ
1349 5285 1448 5352 τὴν
1481 5287 1850 5362 προσήκουσαν

187 5395 317 5443 τοῖς
377 5382 756 5457 ὑποκειμένοις
820 5380 1128 5460 πράγμασιν
1172 5375 1509 5455 ἀναγωγὴν),
1557 5377 1642 5432 καὶ
1685 5373 1852 5454 εἴχο-

185 5496 292 5550 μεν
351 5471 536 5548 λέγειν
595 5473 714 5550 περὶ
770 5478 864 5528 τοῦ
905 5467 1208 5546 θυμοειδοῦς
1241 5464 1421 5539 αὺτοῦ,
1458 5463 1538 5521 ὅτι
1570 5465 1724 5542 νοερςί
1779 5486 1855 5532 τις

187 5562 376 5644 ἀνδρία
438 5562 576 5640 ἐστὶ,
611 5564 697 5619 καὶ
747 5562 852 5641 οὔχ
909 5561 1092 5625 ἁπλῶς
1166 5559 1352 5638 ψυχῆς
1408 5555 1593 5636 ἀρετὴ,
1630 5559 1759 5635 πρὸς
1789 5557 1856 5613 τὰ

189 5653 608 5735 παρεπίπτοντα
661 5650 794 5720 ἡδέα
851 5653 938 5708 καὶ
1006 5649 1218 5727 λυπηρά
1281 5647 1362 5703 ἀεὶ
1419 5647 1681 5722 μενούσης
1770 5647 1855 5704 ἐπὶ

486 5829 762 5892 ΡΑτιιοι.
805 5827 919 5892 Gn.
951 5823 1050 5890 lii.

1999 3389 2299 3471 Equorum
2329 3401 2526 3453 autem
2585 3394 2775 3474 ﬁgura
2805 3397 3104 3473 signiﬁcat
3157 3401 3567 3465 obedientiam

1921 3489 1978 3542 et
2003 3481 2440 3542 observantiam
2463 3482 2838 3564 angelorum,
2841 3489 3008 3564 juxta
3024 3489 3184 3569 quod
3208 3490 3433 3552 dictum
3456 3500 3572 3553 est:

1921 3570 2032 3643 Qui
2077 3570 2344 3632 continet
2387 3571 2557 3634 frena
2612 3573 3100 3639 intemeratarum
3153 3580 3453 3646 virtutum.
3501 3583 3576 3645 Et

1920 3662 2191 3723 alborum
2223 3660 2461 3741 quidem
2495 3662 2820 3725 candorem
2854 3665 3120 3742 denotat,
3139 3678 3342 3750 utpote
3373 3671 3574 3735 divino

1922 3750 2133 3812 lumini
2161 3751 2417 3813 maxime
2439 3750 2678 3813 afﬁnem
2702 3759 3122 3827 ,caaruleorum
3148 3779 3313 3840 vero,
3337 3769 3396 3820 et
3419 3781 3575 3843 quo-

1924 3840 2245 3902 dammodo
2278 3842 2604 3920 nigrorum,
2631 3842 2896 3906 divinum
2933 3847 3080 3908 illud
3113 3868 3396 3911 arcanum
3484 3852 3572 3914 si-

1927 3929 2166 4012 quidem
2206 3931 2266 3991 id
2300 3930 2457 4010 quod
2491 3931 2753 4014 nigrum,
2777 3943 2835 3995 et
2883 3936 3207 4001 obscurum
3240 3949 3329 4002 est
3381 3948 3442 4002 et
3470 3961 3579 4005 oc»-

1925 4021 2148 4082 cultum
2177 4039 2190 4080 :
2226 4021 2542 4083 rubrorum
2572 4030 2795 4098 autem,
2843 4044 2977 4086 cum
3009 4028 3183 4089 etiam
3218 4030 3368 4109 ignis
3393 4031 3579 4094 ruber

1927 4109 2028 4202 sit,
2061 4110 2204 4192 quid
2241 4111 2481 4202 igneum
2513 4115 2692 4192 atque
2722 4113 2870 4174 adeo
2903 4117 3135 4182 efﬁcax:
3161 4121 3294 4181 albo
3319 4121 3581 4202 denique

1925 4197 2214 4281 nigroque
2243 4199 2444 4260 colore
2475 4202 2950 4282 commistorum,
3001 4225 3109 4270 seu
3165 4197 3575 4273 fuscorum'ﬁ-

1931 4308 2098 4380 gura,
2143 4290 2436 4366 signiﬁcat
2480 4290 2542 4352 id
2586 4293 2746 4371 quod
2786 4303 3049 4358 extrema
3081 4299 3133 4359 vi
3167 4301 3419 4380 quadam
3454 4311 3573 4364 tra-

1931 4379 2085 4443 duce
2115 4381 2438 4471 connectit,
2470 4383 2802 4444 secundum
2849 4404 2964 4466 qua
2997 4379 3200 4468 prima
3222 4392 3578 4471 posteriori-

1933 4467 2049 4532 bus
2079 4469 2464 4550 providendo,
2492 4477 2551 4532 et
2579 4475 2909 4550 posteriora
2931 4467 3143 4554 primis
3171 4467 3576 4546 convertenda

1933 4565 2396 4622 connectuntur.

2018 4648 2234 4712 Verum
2280 4649 2400 4713 nisi
2430 4651 2725 4714 sermonis
2760 4653 3000 4718 modum
3033 4676 3438 4738 quaereremus
3465 4669 3580 4738 (sa-

1930 4741 2102 4802 tietas
2119 4740 2276 4802 enim
2310 4740 2584 4807 dictionis
2605 4743 2848 4806 inimica
2881 4755 2969 4808 est
2993 4749 3404 4828 auditoribus),
3440 4756 3574 4818 sin-

1931 4831 2096 4910 gulas
2125 4831 2298 4891 etiam
2322 4829 2666 4894 animalium
2685 4837 3577 4922 proprietates,omnesquecor-

1933 4937 2143 5012 poreas
2174 4937 2380 5012 eorum
2411 4922 2663 5003 efﬁgies,
2696 4924 3035 4990 ccelestibus
3080 4928 3396 4994 virtutibus
3438 4951 3580 5012 pro-

1935 5009 2206 5089 portione
2218 5009 2476 5090 quadam
2492 5012 2666 5073 dictis
2681 5014 3070 5080 dissimilibus
3083 5009 3579 5089 similitudinibus

1931 5098 2973 5193 accommo-laremus‘(dissimilibus
3002 5109 3268 5189 quidem,
3301 5113 3580 5193 quoniam

1933 5189 2246 5281 imagines
2283 5189 2622 5281 materiales
2654 5191 2904 5256 multum
2953 5197 3030 5259 ab
3079 5199 3153 5259 iis
3181 5189 3527 5281 discrepant
3559 5221 3576 5279 ;

1933 5277 2431 5369 similitudinibus
2459 5288 2681 5362 tamen,
2703 5281 2873 5361 juxta
2903 5295 3196 5366 cognitam
3231 5277 3579 5369 allegoriam

1939 5367 2465 5463 etconvenientem
2493 5371 2685 5463 rebus,
2705 5375 3025 5454 propositis
3053 5367 3382 5460 anagogen)
3417 5399 3582 5463 :pos-

1939 5477 2265 5538 semusque
2313 5458 2516 5522 dicere
2546 5459 2621 5523 de
2649 5461 2889 5526 illorum
2924 5467 3252 5549 iracundia,
3288 5458 3457 5532 illam
3487 5489 3586 5534 es-

1940 5567 2004 5611 se
2028 5547 2353 5639 spiritalem
2386 5550 2686 5629 quamdan
2717 5553 3161 5639 fortitudinem,
3203 5547 3336 5621 [49
3357 5578 3492 5623 cum
3515 5578 3590 5625 ea

1940 5658 2061 5702 non
2089 5637 2344 5720 simplex
2382 5639 2460 5701 sit
2485 5640 2675 5704 virtus
2719 5645 2956 5727 animai,
2987 5645 3051 5709 in
3093 5637 3306 5713 eodem
3352 5668 3594 5733 semper

3205 5826 3278 5888 1‘2
