4042 6426
81 440 90 448 ,
174 365 289 439 365

577 375 675 439 DE
717 365 1068 440 COELESTI
1113 368 1616 455 HIERARCHIA,
1665 371 1829 438 CAP.
1879 366 2012 440 XV.
2071 409 2149 421 —
2206 370 2586 438 PARAPHR.
2636 369 3153 440 PACHYMEBE.

3457 379 3574 444 366

172 511 444 586 ἐπιθυμῶν
501 511 725 590 σώφρων
752 511 814 566 ἂν
868 511 1102 591 λέγοιτο,
1139 514 1224 568 καὶ
1266 512 1388 570 ὅσον
1418 513 1526 569 ἐστὶ
1586 514 1645 568 τὸ
1699 511 1821 568 ἑπι-

1927 513 1996 572 ·εἰ
2022 510 2335 572 iracundia
2355 514 2382 570 ?
2407 510 2566 575 unde
2593 530 2726 573 cum
2756 513 3084 576 secundum
3118 531 3184 575 se
3215 513 3313 589 sit,
3344 515 3415 575 ad
3446 513 3569 576 for-

168 602 410 673 θυμητὸν
455 600 690 676 ὑψηλὸν,
723 603 970 657 τοσοῦτον
1005 601 1211 676 μᾶλλον
1256 603 1480 681 σώφρων
1511 601 1741 664 ἐκεῖνος.
1776 600 1834 658 Τί

168 688 221 744 δὲ
253 700 352 748 τοῦ
393 692 533 746 θείου
562 690 759 768 ἔρωτος
813 690 1150 769 ὑψηλότερον
1186 711 1202 766 ;
1236 692 1399 756 οὕτως
1457 693 1687 772 εἴχομεν
1734 689 1832 747 λέα-

169 801 282 854 γειν
319 784 411 836 καὶ
445 781 563 858 περὶ
593 781 802 841 τούτου.
855 782 951 839 Καὶ
1008 781 1192 844 ἁπλῶς
1243 783 1440 852 εἶπεϊν,
1487 782 1694 844 ἅπάσᾶς
1741 781 1833 842 τὰς

166 870 444 938 αἰσθήσεις
487 890 547 925 τε
604 871 692 925 καὶ
737 869 1091 949 πολυμερείας
1145 878 1250 927 τῶν
1296 870 1508 949 ἀλόγων
1553 871 1704 941 ζώων
1761 872 1834 934 εἷς

165 960 259 1022 τὰς
321 957 515 1024 ἀύλους
569 957 816 1034 δυνάμεις
893 958 1288 1034 μεταϐιϐάζει-ι,
1352 963 1439 1016 καὶ
1494 961 1706 1038 ἀνάγειν
1763 961 1834 1023 εἰς

162 1052 222 1104 τὸ
268 1046 503 1111 ἐνοειδές
552 1052 642 1105 καὶ
699 1049 899 1106 ἁπλοῦν
945 1050 1011 1105 τὰ
1055 1050 1296 1106 σύνθετα·
1333 1049 1452 1106 ἀλλ’
1499 1050 1664 1130 ἀρχεϊ
1717 1052 1834 1110 τοῖς

167 1137 461 1216 ἐχέφροσιν
515 1138 575 1195 οὔ
625 1149 790 1198 ταῦτα
837 1139 1000 1214 μόνον
1035 1139 1221 1217 (ταῦτα
1281 1141 1379 1218 γὰρ
1429 1140 1561 1202 ἴσως
1614 1138 1831 1217 πολλὰ),

113 1262 118 1266 -
167 1226 307 1282 ἀλλὰ
354 1229 446 1283 καὶ
511 1234 639 1302 μιᾶς
687 1229 887 1291 εἰκόνος
948 1229 1228 1307 ἀναγωγὴ,
1290 1230 1355 1296 ἥν
1421 1253 1579 1309 φησιν
1635 1229 1834 1286 ἄνακά-

166 1323 372 1396 θαραιν,
422 1320 498 1380 ὡς
530 1320 661 1396 πρὸς
721 1320 782 1374 τὸ
830 1317 1056 1382 ἑνοειδὲς
1111 1319 1470 1397 ἀναγομένην,
1507 1321 1594 1375 καὶ
1645 1321 1835 1385 νοητὸν

170 1409 222 1462 ἐν
280 1415 363 1482 τῷ
428 1408 525 1476 τῆς
583 1407 770 1473 ὑλικῆς
844 1409 1124 1488 ἐμφερεῖας
1191 1410 1626 1487 ἀποκαθαίρεται·
1683 1410 1838 1488 ἀρκεῖ

170 1507 293 1575 γοῦν
358 1500 448 1554 καὶ
495 1505 621 1573 μιᾶς
654 1497 853 1560 εἰκόνος
900 1501 1253 1577 ἂνακαθαρστς
1313 1501 1399 1556 οιαὶ
1443 1501 1516 1564 εἷς
1576 1500 1675 1566 τὴν
1732 1505 1838 1554 τῶν

171 1591 384 1646 λοιπῶν
427 1586 779 1667 διασάφησιν,

1920 600 2232 664 titudinem
2284 601 2597 682 translata,
2635 610 2746 682 est,
2781 604 2940 683 quod
2993 603 3246 665 sufﬁciat
3277 603 3478 664 virtuti
3508 613 3568 664 ut

1917 689 1990 751 ad
2012 690 2170 751 hanc
2192 691 2538 766 reducatur;
2563 692 3056 771 concupiscentia
3081 701 3278 754 autem
3308 693 3573 755 refertur

1918 780 1991 841 ad
2015 780 2241 856 aliquid
2267 780 2547 856 amabile,
2579 782 2732 862 quod
2761 790 2816 843 et
2839 783 3160 863 appetibile
3183 784 3422 847 dicitur.
3457 781 3568 855 Qui

1922 869 2117 950 itaque
2139 887 2266 930 rem
2294 869 2523 951 utilem,
2549 869 2936 950 appetibilem
2971 879 3029 933 et
3060 871 3377 934 amabilem
3420 891 3570 934 con-

1922 960 2188 1037 cupiscit,
2227 971 2570 1038 temperans
2597 961 2716 1020 dici
2745 961 2951 1039 possit;
2980 971 3036 1022 et
3064 971 3280 1040 quanto
3306 981 3404 1024 res
3435 981 3569 1040 qum

1921 1049 2222 1128 appetitur
2241 1048 2557 1109 sublimior
2579 1049 2797 1117 existit,
2825 1059 2985 1111 tanto
3010 1069 3244 1131 quoque
3266 1053 3394 1132 ipse
3421 1062 3574 1113 tt-m-

1921 1138 2245 1218 perantior.
2284 1137 2434 1210 Quid
2467 1145 2662 1199 autem
2715 1138 2921 1201 divino
2970 1158 3174 1202 amore
3205 1142 3571 1204 sublimius?

1921 1227 2264 1307 lizecitaque
2289 1227 2364 1288 de
2395 1227 2487 1289 his
2511 1228 2782 1290 diximus.
2813 1230 2903 1308 Et,
2933 1230 3286 1309 simpliciter
3308 1231 3562 1312 loquen-

1921 1317 2019 1391 do,
2048 1335 2359 1396 possemus
2381 1317 2652 1379 omnium
2674 1319 3064 1380 animantium
3090 1321 3336 1382 rationis
3357 1340 3566 1402 exper-

1923 1407 2071 1467 tium
2105 1416 2165 1468 et
2192 1425 2403 1467 sensus
2427 1416 2485 1468 et
2510 1407 2692 1468 multa
2737 1408 3008 1470 membra
3037 1410 3108 1471 ad
3144 1411 3567 1474 immateriales

1923 1496 2056 1558 illas
2080 1498 2322 1556 virtutes
2357 1496 2704 1571 transferre,
2741 1506 2798 1559 et
2822 1516 2890 1559 ea
2921 1517 3052 1578 quae
3074 1500 3405 1579 composita
3433 1511 3570 1562 sunt

1923 1585 1996 1646 ad
2029 1586 2490 1648 uniformitatem
2515 1585 3079 1668 simplicitatemque
3108 1589 3444 1666 traducere;
3468 1591 3571 1653 sed

175 1675 586 1756 prudentibus
617 1695 736 1737 non
770 1677 895 1739 haec
925 1677 1116 1739 solum
1155 1678 1273 1760 (qu;
1302 1678 1457 1740 niam
1511 1679 1636 1740 haec
1671 1677 1823 1739 forte
1856 1678 2062 1755 multa)
2112 1681 2252 1736 satis
2282 1685 2442 1749 sunt,
2494 1694 2693 1737 verum
2729 1677 2908 1738 etiam
2941 1679 3032 1739 vel
3064 1679 3240 1739 unius
3301 1679 3575 1760 imaginis

170 1784 468 1845 anagoge,
503 1784 678 1846 quam
712 1767 1086 1846 ἀνακάθαρσιν,
1126 1786 1234 1830 seu
1264 1770 1778 1849 empurgalionem
1825 1775 2057 1841 vocant,
2112 1777 2172 1826 ut
2201 1785 2334 1847 quae
2362 1767 2436 1827 ad
2471 1767 2934 1828 uniformitatem
2969 1768 3249 1843 adducat,
3287 1777 3345 1830 et
3389 1770 3572 1831 intel-

175 1855 409 1934 ligendi
440 1855 786 1917 facultatem
832 1857 892 1918 in
927 1857 1219 1920 materiali
1252 1856 1650 1920 similitudine
1683 1857 1957 1936 puriﬁcat
1993 1872 2003 1930 ;
2039 1856 2129 1918 vel
2165 1857 2347 1918 unius
2375 1855 2576 1937 itaque
2627 1855 2902 1935 imaginis
2934 1858 3267 1920 enucleatio
3289 1859 3362 1920 ad
3394 1868 3573 1922 caete-

171 1962 377 2007 rarum
414 1964 658 2025 quoque
702 1945 1156 2026 explicationem
1190 1951 1332 2010 satis
1362 1957 1477 2011 est.

249 2034 410 2114 §lX.
479 2037 868 2094 Ἐπισκεπτέον
901 2036 955 2093 δὲ
1009 2041 1098 2095 καὶ
1152 2039 1344 2120 τᾶλλα,
1379 2041 1500 2102 τοὺς
1550 2039 1838 2114 ποταμοὺς,

2009 2037 2038 2115 §
2069 2034 2168 2100 IX.
2205 2035 2492 2099 Caeterum
2529 2036 2964 2099 consideranda
2989 2057 3228 2120 quoque
3259 2049 3396 2101 sunt
3425 2041 3570 2103 reli-

171 2129 255 2182 καὶ
297 2128 428 2189 τοὺς
488 2128 750 2206 τροχοὺς,
789 2128 872 2184 καὶ
928 2129 993 2184 τὰ
1045 2130 1355 2205 συνημμένα
1398 2143 1520 2193 ταῖς
1581 2128 1840 2205 οὗρανίαις

173 2216 376 2280 οὐσίαις
441 2215 678 2292 ἅρματα,
746 2219 806 2275 0i
863 2219 960 2293 μὲν
1025 2219 1112 2275 οὖν
1177 2220 1419 2298 ἐμπόριοι
1463 2221 1694 2294 ποταμοὶ
1746 2218 1839 2281 τὰς

169 2307 465 2386 summa;
528 2306 857 2383 πλημμύρας
930 2310 1411 2385 ὑποσημαίνουσιν,
1463 2309 1686 2389 ἄφθονον
1752 2309 1838 2364 καὶ

174 2395 556 2462 ἅνεξάλειπτον
641 2395 890 2475 ἑπιῤῥοὴν
935 2396 1292 2475 βραϐευούσας
1378 2414 1500 2462 ταῖς
1575 2398 1836 2477 οὐρανίαις

174 2484 486 2561 δυνάμεσιν.
551 2487 702 2543 Ἐπεί
744 2485 799 2541 δὲ
842 2491 1103 2559 ζωοποιὸν
1148 2492 1208 2545 τὸ
1251 2496 1352 2568 πῦρ
1413 2489 1581 2560 ἐστιν,
1616 2493 1674 2547 οὗ
1720 2487 1836 2543 καθ’

177 2577 203 2629 ὃ
272 2581 410 2652 πῦρ,
479 2574 622 2631 ἀλλὰ
681 2575 800 2632 καθ’
862 2578 890 2632 ὃ
958 2580 1151 2654 θερμὸν
1219 2581 1308 2634 καὶ
1364 2579 1602 2655 θρετικόν
1673 2577 1838 2656 ἐστιν,

180 2665 308 2720 εἰσὶν
371 2666 701 2721 αἱτοιαῦται
759 2668 900 2722 θεῖαι
945 2666 1260 2745 πλημμύραι
1318 2669 1404 2723 καὶ
1460 2668 1708 2738 ζωοποιοὶ
1756 2667 1844 2724 καὶ

181 2758 460 2833 θρεπτικαὶ
499 2760 598 2821 τῆς
633 2760 738 2810 τῶν
792 2755 1037 2834 ἀγγέλων
1092 2758 1470 2835 γονιμὸτητος.
1507 2759 1581 2814 Τὰ
1636 2757 1846 2834 ἅρματα

186 2846 279 2912 τὴν
352 2845 606 2922 συζυγίαν
675 2846 767 2901 καὶ
821 2848 881 2901 τὸ
943 2849 1282 2906 κοινωνικόν.
1348 2847 1446 2904 Καὶ
1515 2848 1564 2902 τί
1636 2848 1734 2925 γὰρ
1785 2846 1846 2901 ἃν

188 2933 330 3011 λέγοι
380 2955 465 2996 τις
497 2940 656 2989 τοῦτο
716 2933 801 2990 ἐπ’
838 2933 1056 3000 ἐκείνοις
1101 2934 1234 2992 ὅπου
1279 2939 1364 2993 καὶ
1423 2934 1474 2991 ἐν
1533 2937 1668 3010 ἡμῖν
1719 2936 1846 2999 φαί-

194 3045 332 3080 νεται
371 3043 388 3098 ς
437 3021 777 3096 Συμϐολικὸν
835 3025 995 3100 οἶμαι
1053 3027 1141 3082 καὶ
1195 3033 1350 3082 τοῦτο
1397 3031 1497 3092 τῆς
1544 3029 1844 3090 κοινωνίας.

206 3111 292 3168 δύο
341 3127 535 3192 χεῖρας
569 3112 781 3192 ἔχουσι,
815 3116 906 3170 καὶ
935 3113 1024 3170 δύο
1065 3115 1334 3194 ῥώθωνας,
1367 3117 1454 3171 καὶ
1498 3113 1586 3172 δύο
1644 3114 1840 3195 ὀφθαλ-

194 3203 349 3281 μοὺς,
384 3205 468 3259 καὶ
520 3201 611 3258 δύο
660 3204 799 3279 ὦτα,
847 3205 934 3260 καὶ
992 3203 1080 3261 δύο
1139 3203 1324 3280 πόδας,
1379 3207 1465 3260 καὶ
1509 3204 1690 3274 διττὴν
1744 3213 1848 3263 τῶν

183 3291 414 3348 ὀδόντων
475 3293 703 3350 καὶτῶν
763 3292 993 3372 χειλέων
1024 3294 1227 3352 πλάσιν

1235 3343 1250 3375 ,
1285 3296 1372 3351 καὶ
1417 3294 1609 3375 τᾶλλα,
1647 3295 1738 3352 ’ἕνα
1771 3298 1848 3372 μὴ

1927 2144 2064 2206 qua,
2087 2127 2228 2204 quid
2255 2125 2369 2187 sibi
2395 2126 2579 2187 velint
2603 2126 2870 2208 ﬂumina,
2897 2136 3063 2208 rotae,
3097 2137 3158 2189 et
3183 2149 3415 2206 currus,
3443 2149 3575 2212 qua)

1925 2216 2266 2277 caelestibus
2296 2215 2574 2278 essentiis
2608 2216 2924 2297 conjuncta
2949 2218 3358 2297 perhibentur.
3399 2223 3575 2299 Ignea

1927 2305 2177 2384 proinde
2203 2306 2446 2366 ﬂumina
2477 2304 2706 2366 divinos
2739 2308 2895 2367 rivos
2925 2308 3252 2386 declarant,
3287 2328 3420 2390 quas
3455 2310 3574 2370 lar-

1922 2414 2058 2472 gum
2108 2413 2555 2476 perennemque
2601 2397 2824 2456 ﬂuxum
2873 2397 3218 2458 coelestibus
3267 2399 3578 2462 virtutibus

1924 2485 2327 2566 suppeditant.
2368 2486 2516 2546 Cum
2576 2493 2775 2546 autem
2834 2485 2990 2562 ignis
3021 2489 3098 2548 sit
3127 2487 3416 2568 viviﬁcus,
3453 2508 3572 2549 non

1925 2575 2166 2654 quidem
2191 2575 2250 2634 in
2275 2583 2557 2654 quantum
2586 2574 2736 2652 ignis
2768 2582 2876 2649 est,
2925 2576 3028 2634 sed
3062 2576 3120 2634 in
3150 2588 3434 2655 quantum
3467 2596 3572 2638 ca-

1927 2662 2083 2724 lidus
2113 2673 2169 2725 et
2201 2665 2516 2724 nutritivus
2577 2664 2798 2738 existit,
2861 2664 3044 2725 divini
3102 2685 3340 2747 quoque
3394 2676 3570 2729 {estus

1931 2754 2268 2816 istiusmodi
2311 2762 2486 2834 atque
2518 2752 2937 2815 inundationes
2974 2755 3266 2817 viviticant
3296 2757 3474 2817 simul
3505 2775 3574 2819 ac

1934 2842 2203 2904 nutriunt
2233 2843 2652 2903 fecunditatem
2685 2843 3054 2919 angelorum.
3086 2848 3312 2907 Currus
3342 2847 3574 2924 signiti-

1933 2941 2067 2995 cant
2091 2933 2436 2993 eorumdem
2461 2933 2944 3012 conjunctionem
2967 2952 3036 2995 ac
3066 2937 3573 2998 communionem.

1932 3021 2358 3086 Verumtamen
2390 3022 2600 3103 quidni
2646 3022 2720 3083 de
2770 3022 2886 3083 illis
2917 3023 3209 3104 quispiam
3243 3025 3304 3086 id
3336 3026 3574 3098 dixerit,

1932 3130 2069 3173 eum
2101 3121 2159 3173 et
2189 3113 2246 3172 in
2292 3111 2463 3172 nobis
2488 3112 2600 3172 hoc
2625 3119 2938 3192 appareat?
2966 3112 3118 3184 Quin
3152 3125 3208 3174 et
3239 3113 3384 3174 illud
3419 3134 3574 3195 quo-

1933 3221 2048 3282 que
2075 3201 2406 3282 symbolum
2441 3203 2884 3262 communionis
2910 3203 3207 3276 existimo,
3239 3204 3396 3286 quod
3429 3207 3575 3266 duas

1935 3310 2145 3352 manus
2176 3291 2456 3367 habeant,
2491 3303 2551 3354 et
2583 3291 2728 3351 duas
2764 3310 2960 3364 nares,
2997 3303 3053 3353 et
3086 3295 3233 3354 duos
3263 3298 3488 3374 oculos,
3519 3309 3576 3360 et

178 3373 300 3440 καθ’
356 3382 585 3440 ἕκαστον
631 3381 1006 3460 διατρίϐωμεν,
1084 3387 1144 3442 Οἱ
1201 3373 1256 3440 δὲ
1321 3387 1530 3466 τροχοὶ,
1586 3373 1700 3442 ἐπεὶ
1757 3388 1838 3442 καῖ

1936 3382 2080 3443 duas
2111 3399 2307 3454 aures,
2346 3390 2405 3442 et
2433 3381 2582 3441 duos
2617 3383 2820 3461 pedes,
2862 3381 2988 3440 151
3029 3389 3087 3443 et
3128 3383 3426 3461 duplicem
3456 3373 3575 3442 tam

175 3474 470 3553 πτερωτοὶ,
524 3475 612 3529 καὶ
671 3475 758 3530 Eni
808 3474 872 3528 τὰ
903 3474 1198 3553 ἔμπροσθεν
1252 3473 1480 3537 ἁκλινῶς
1543 3476 1844 3554 πορευόμε-

177 3587 284 3644 νοι,
317 3564 420 3631 τὴν
461 3561 684 3638 δύναμιν
734 3561 976 3629 δηλοῦσι·
1033 3565 1223 3642 τὸγὰρ
1268 3566 1366 3631 τὴν
1419 3566 1550 3642 πρὸς
1581 3565 1642 3621 τὰ
1686 3565 1846 3622 δύνα-

178 3677 269 3730 μιν
317 3651 634 3714 ἀποδοτέον,
668 3653 736 3708 τὰ
781 3650 826 3708 δ’
883 3652 1018 3710 ἄλλα
1063 3652 1147 3708 διὰ
1206 3653 1390 3729 μέσου,
1440 3657 1547 3721 Τὴν
1591 3652 1844 3731 δύναμιν-

176 3745 359 3800 τοὶνυν
420 3741 644 3808 δηλοῦσι
688 3744 788 3808 τῆς
821 3741 939 3799 κατ’
976 3745 1182 3800 εὐθεῖαν
1231 3743 1369 3817 ὁδοῦ,
1403 3746 1492 3800 καὶ
1535 3743 1704 3822 ὄρθιον
1750 3752 1846 3814 τῆς

177 3831 510 3911 πορευτικῆς
570 3831 744 3888 αὐτῶν
805 3832 1094 3911 ἐνεργείας.
1161 3838 1281 3897 Πῶς
1339 3831 1393 3888 δὲ
1464 3843 1551 3890 και
1622 3835 1847 3904 κυκλική

180 3926 274 3981 καὶ
332 3920 455 3978 κατ’
489 3926 695 3981 εὐθεῖαν
755 3924 789 3990 ἡ
825 3921 940 3988 ὁδός
974 3941 988 3998 ;
1047 3921 1311 3996 Κυκλικὴ,
1348 3923 1434 3981 ὅτι
1475 3926 1612 3981 κατὰ
1659 3925 1850 3983 γύκλον

185 4014 568 4091 ἐπορεύοντον·
616 4010 735 4068 κατ’
782 4014 990 4070 εὖθεϊαν
1045 4011 1121 4088 δὲ,
1177 4013 1257 4069 ὅτι
1309 4013 1706 4095 ἀνεπιστρόφως
1764 4019 1851 4073 καὶ

190 4105 274 4160 risi.
334 4103 425 4158 ἐπὶ
500 4104 562 4157 τὸ
619 4101 913 4180 ἔμπροσθεν
971 4104 1060 4159 καὶ
1117 4104 1178 4159 οὒ
1243 4103 1372 4158 ποτὲ
1422 4103 1518 4178 μὲν
1563 4104 1853 4185 ἔμπροσθεν

184 4194 329 4252 ποτὶ
360 4190 416 4247 δὲ
478 4190 715 4268 ὄπισθεν,
751 4191 787 4260 ἢ
819 4191 900 4248 ἐπὶ
954 4190 1093 4258 δεξιὰ
1122 4191 1158 4260 ἢ
1189 4190 1274 4248 ἐπὶ
1325 4195 1536 4273 θάτερα,
1573 4193 1656 4250 διὰ
1699 4204 1852 4254 τοῦτο

166 4285 266 4341 καὶ
299 4282 390 4338 ἐπὶ
433 4282 526 4336 τὸν
555 4282 714 4344 αὐτὸν
746 4283 833 4337 καὶ
883 4280 1128 4356 ἷθύτομον
1186 4281 1349 4357 οἷμον
1380 4284 1413 4349 ἡ
1473 4285 1642 4351 νοητὴ
1677 4287 1847 4342 αὐτῶν

163 4372 380 4454 τροχιᾶ.
409 4371 782 4448 ὑπερκοσμίως
815 4371 1064 4434 ἰθύνεται.

163 4472 338 4532 sum,
381 4459 478 4519 vel
510 4459 898 4520 dextrorsum
928 4459 1019 4521 vel
1051 4461 1462 4523 sinistrorsum

159 4555 416 4611 rectam
447 4549 822 4630 arduamque
856 4551 1431 4630 supermundialiter
1457 4550 1728 4632 dirigitur
1750 4598 1765 4613 .

1929 3472 2195 3532 dentium
2231 3489 2404 3549 quam
2445 3468 2735 3531 labiorum
2770 3470 3068 3546 ordinem,
3103 3481 3161 3533 et
3207 3483 3443 3546 caetera,
3499 3490 3575 3532 ne

1929 3560 2178 3640 singulis
2210 3561 2624 3621 imincremur.
2678 3557 2839 3620 Rotas
2881 3571 3249 3641 autem,cum
3301 3573 3575 3642 pennata),

1910 3650 2048 3715 sint
2072 3660 2130 3712 et
2163 3650 2238 3710 ud
2262 3650 2560 3710 anteriora
2591 3649 2721 3710 sine
2750 3650 3072 3711 inﬂexione
3103 3653 3424 3731 procedunt
3454 3656 3574 3715 vir-

1935 3750 2115 3802 tutem
2151 3742 2432 3803 denotant
2459 3761 2471 3801 :
2500 3757 2634 3799 nam
2660 3740 2944 3800 articulus
2973 3740 3068 3808 τήν
3091 3741 3166 3801 ad
3183 3751 3460 3804 Virtutem
3481 3762 3574 3805 re-

1935 3831 2218 3894 ferendus
2252 3839 2360 3904 est,
2396 3838 2606 3891 caitera
2629 3848 2766 3890 vero
2806 3829 3162 3891 intermedia
3188 3833 3574 3896 sunt.Virtu-

1937 3930 2052 3984 tem
2087 3921 2285 4001 itaque
2315 3918 2651 3998 signiﬁcant
2681 3920 2795 3980 viae
2822 3934 3025 3995 recta),
3061 3929 3118 3980 et
3149 3922 3574 3986 rectitudinem

1936 4011 2286 4074 eorumdem
2311 4008 3017 4090 operationisQuomodo
3034 4019 3230 4072 autem
3257 4031 3464 4074 eorum
3491 4016 3578 4075 via

1938 4102 2246 4164 circularis
2276 4110 2460 4174 est,et
2508 4105 2700 4162 recta?
2723 4100 3043 4162 Circularis
3077 4104 3480 4182 est,quoniam
3514 4104 3578 4165 in

1935 4193 2186 4254 circuitu
2216 4190 2620 4265 ambulabant;
2662 4203 2826 4253 recta
2855 4208 3014 4271 vero,
3051 4191 3192 4268 quia
3224 4192 3353 4253 sine
3381 4194 3577 4255 reditu

1933 4294 1994 4344 et
2022 4300 2264 4362 semper
2292 4282 2366 4342 ad
2398 4287 2694 4341 anteriora
2728 4281 3074 4360 pergebant,
3106 4300 3224 4341 non
3245 4292 3442 4343 autem
3464 4284 3576 4343 alt-

1929 4373 2164 4453 quando
2178 4371 2423 4450 quidem
2438 4371 3159 4451 antrorsum,quandoque
3189 4389 3328 4432 vero
3351 4382 3580 4433 retror-

1513 4481 1526 4523 :
1590 4461 1815 4525 idcirco
1857 4465 2039 4527 etiam
2072 4460 2435 4522 intellectilis
2463 4477 2672 4521 eorum
2704 4459 2989 4522 volutatio
3023 4461 3084 4521 in
3125 4463 3398 4523 eamdem
3425 4468 3576 4524 viam

259 4637 436 4697 ’Ἔστι
469 4638 524 4694 δὲ
557 4641 646 4696 καὶ
703 4639 824 4696 κατ’
857 4639 1029 4709 ἀλλην
1062 4642 1382 4720 ἀνακαθᾶραι
1433 4641 1720 4721 ἀναγωγὴν
1749 4645 1838 4712 τὴν

2013 4645 2176 4707 Licet
2207 4641 2380 4704 etiam
2405 4641 2522 4702 alio
2555 4659 2732 4703 sensu
2763 4641 3082 4720 anagogico
3114 4641 3450 4705 istiusmodi
3476 4662 3542 4706 ro
3574 4683 3584 4693 -

165 4728 442 4795 τοιαύτην
497 4734 604 4784 τῶν
663 4735 882 4809 τροχῶθ
951 4733 1153 4795 ε’κὸνα,
1223 4731 1531 4802 Ἐπεκλήθη
1591 4734 1690 4812 γὰρ
1750 4738 1838 4793 αι’).

1932 4741 2128 4796 tarum
2186 4731 2655 4812 descriptionem
2709 4731 3111 4812 interpretari.
3147 4733 3379 4796 Nomen
3421 4735 3579 4796 enim

164 4832 322 4904 τοῖς,
359 4821 438 4884 ὡς
498 4821 525 4874 ὁ
571 4821 855 4898 προφήτης
916 4822 1068 4900 φησὶ,
1124 4819 1344 4898 Γελγὲλ·
1407 4829 1562 4879 τοῦτο
1617 4821 1672 4878 δὲ
1732 4823 1838 4880 γαθ⁷

1933 4826 2114 4900 eis,ut
2137 4826 2218 4886 ait
2244 4821 2768 4903 prophetaﬁelgcl
2792 4824 3134 4902 impositum
3163 4828 3437 4904 est,quod
3459 4825 3580 4886 He-

169 4900 450 4986 Ἐϐραΐδα
527 4907 916 4984 ἇνακυλισμοός
988 4913 1078 4968 καὶ
1151 4911 1502 4989 ἆνακυλύψεις
1573 4915 1838 4980 σημαίνει⁴

1933 4914 2137 4977 braico
2169 4900 2451 4975 sermone
2496 4900 2906 4974 revolutiones
2937 4900 3327 4976 revelationes
3351 4934 3466 4996 que
3499 4916 3582 4975 si-

168 5000 582 5076 ἆνακυλισμους
613 5002 711 5081 γὰρ
742 5001 930 5082 ἕχοδσι
965 5004 1030 5060 τὰ
1075 5003 1290 5081 οὖράνια
1321 5009 1388 5080 τῇ
1447 5007 1564 5079 περὶ
1595 5007 1655 5061 τὸ
1713 5009 1838 5065 ταῦ·

1937 5005 2182 5084 gniticat
2212 5025 2225 5064 :
2260 5002 2527 5064 cmlestia
2559 5002 2719 5062 enim
2753 5003 3154 5064 revolutiones
3199 5023 3336 5066 suas
3367 5007 3587 5067 habent

171 5095 272 5150 τῦν
321 5093 522 5161 ἀγαθὸν
566 5092 858 5165 ἆεικινήτῳ
910 5097 1204 5174 συστροφῇ,
1255 5093 1614 5170 ἀνακαλύψεις
1674 5094 1728 5152 δὲ
1787 5102 1838 5172 τῇ

1941 5114 2010 5157 eo
2043 5102 2226 5174 motu,
2262 5111 2377 5173 quo
2395 5093 2622 5153 circum
2655 5092 2879 5152 bonum
2911 5094 3104 5172 ipsum
3129 5104 3413 5174 perpetua
3435 5114 3584 5156 con-

173 5189 294 5240 τῶν
354 5183 592 5263 κρυφίων
650 5181 984 5262 ἐκφαντορίᾳ.
1053 5183 1215 5258 Ἐνῷ
1272 5185 1369 5262 γὰρ
1413 5186 1458 5240 οἱ
1502 5187 1694 5265 τροχοὶ
1754 5209 1838 5243 κυ-

1940 5181 2973 5256 versioneversantur;revelationes
3003 5201 3164 5257 vero,
3193 5184 3585 5245 obscurarum

175 5273 421 5350 Αίονται,
481 5273 550 5329 τὰ
607 5273 860 5330 ὑποκάτω
932 5271 1418 5353 ἂνακαλύπτονται,
1469 5277 1549 5331 ni
1615 5277 1681 5332 τὰ
1749 5274 1838 5334 ἄνα

1941 5293 2140 5338 rerum
2173 5271 2749 5336 manifestationeln
2774 5282 3060 5354 quantum
3096 5275 3256 5335 enim
3287 5285 3436 5337 rotas
3456 5275 3586 5335 vol-

175 5363 335 5420 κάτω
378 5363 643 5440 γίνονται.
703 5362 1028 5442 Ἀνάγονται
1083 5363 1256 5423 τοίνυν
1312 5364 1379 5421 τὰ
1430 5364 1709 5444 περιπέζια
1757 5368 1838 5423 καῖ

1929 5378 2168 5440 vuutur,
2193 5364 2477 5425 inferiora
2506 5363 2870 5446 revelantur,
2900 5371 2960 5425 et
2982 5365 3292 5444 superiora
3317 5367 3464 5428 ﬁunt
3499 5365 3587 5427 in-

175 5456 248 5511 τὰ
314 5451 532 5531 δεύτερα
561 5453 702 5509 κατὰ
760 5453 856 5520 τὴν
890 5455 961 5516 εἷς
991 5455 1053 5510 τὸ
1116 5461 1273 5510 Θεϊον
1301 5453 1417 5510 καθ’
1467 5453 1690 5512 ἕκαστον
1719 5457 1838 5513 τού-

1930 5455 2172 5518 feriora.
2199 5452 2529 5515 Humiliora
2570 5453 2770 5529 itaque
2803 5463 2861 5514 et
2907 5454 3216 5526 inferiora,
3251 5457 3588 5516 secundum

177 5566 296 5602 των
359 5542 677 5621 ὶναγωγὴν,
737 5545 826 5599 καὶ
882 5546 932 5599 αἱ
1001 5542 1205 5618 ὑψηλαὶ
1262 5542 1556 5621 ἐλλάμψεις
1621 5547 1692 5612 εἷς
1751 5549 1838 5615 tiu

1933 5542 2258 5623 cujuslibet
2314 5543 2526 5604 borum
2558 5544 2634 5604 ad
2668 5543 2932 5604 divinum
2986 5541 3223 5604 Numen
3267 5546 3589 5607 adductio-

165 5633 478 5720 ’ὑφειμένην
524 5634 594 5712 τῇ
624 5632 845 5710 προνοίᾳ
885 5630 1349 5707 καταϐιϐάζονται,

1933 5653 2098 5713 nem,
2150 5633 2478 5712 eriguntur,
2543 5641 2600 5694 et
2655 5633 2944 5695 sublimes
2997 5633 3425 5696 illustrationes
3486 5653 3595 5719 per

1940 5723 2376 5810 providentiam
2405 5722 2738 5786 remissiori
2771 5723 2958 5805 gradu
2993 5723 3408 5790 demittuntur.
