4042 6444
454 353 571 426 367

449 581 791 662 Evangeliis
812 582 893 644 ait
916 581 1224 645 Dominus:
1259 581 1761 659 Gaudentangeli
1782 599 1970 661 super
1989 600 2112 644 uno

445 680 757 753 peccatore
796 672 1222 753 paenitentiam
1250 680 1465 751 agente
1485 715 1529 756 ,.
1566 670 1873 744 Quodnam
1912 670 2111 752 itaque

449 768 541 823 est
561 760 847 841 gaudium
879 760 1258 839 angelorum?
1285 779 1478 841 neque
1502 761 1660 822 enim
1707 761 1839 841 quis
1869 760 2108 836 dixerit,

451 852 512 913 in
530 851 758 931 angelis
785 852 1105 913 humanam
1132 869 1266 912 esse
1292 850 1637 931 passibilem
1662 851 1921 930 aliquam
1943 853 2112 912 volu-

454 939 888 1022 ptatem,veluti
902 939 1223 1001 affectione
1242 941 1402 1002 circa
1418 959 1637 1022 corpus
1654 939 1826 1002 facile
1843 941 2110 1003 mutabili

453 1029 965 1105 constantem,sed
981 1028 1102 1093 Deo
1120 1029 1411 1093 dicuntur
1426 1031 1800 1109 congaudere
1814 1029 1890 1091 ob
1905 1049 2111 1092 eorum

452 1120 556 1200 qui
586 1119 888 1202 perierant
937 1119 1376 1195 inventionem,
1409 1121 1611 1182 divina
1639 1119 1874 1183 scilicet
1909 1121 2114 1182 delec-

453 1209 700 1290 tatione,
733 1209 1241 1292 quemadmodum
1275 1211 1336 1272 in
1369 1209 1710 1290 Evangeliis
1743 1211 2110 1292 accepimus.

453 1299 989 1382 Proportionaliter
1017 1299 1220 1378 itaque
1244 1299 1323 1362 de
1347 1300 1577 1380 angelis
1603 1319 1822 1362 nomen
1852 1302 1962 1362 hoc
1990 1301 2114 1379 ρᾳσ·

451 1389 628 1458 τώνης
660 1407 767 1452 seu
808 1388 1232 1452 oblectationis
1279 1389 1699 1470 accipiendum
1749 1391 2112 1469 θειερᾳστώιη

455 1482 613 1546 enim
628 1491 720 1544 est
743 1482 1025 1563 Spiritalis
1037 1483 1313 1563 quaedam
1332 1484 1581 1546 facilitas
1602 1485 2115 1566 tranquillitasque

1631 357 1696 424 S.
1741 347 2080 423 DIONYSIl
2125 353 2512 422 AREOPAGI
2531 356 2674 420 TE.

532 496 740 557 Restat
769 491 944 555 nobis
975 485 1379 555 dicendumde
1411 491 1649 570 gaudio,
1653 492 1822 572 juxta
1855 492 2010 572 quod
2046 493 2104 553 in
2128 502 2164 549 A

2274 495 2466 558 Λοιπὸς
2517 495 2652 568 ἡμῖν
2699 495 2725 547 ὁ
2786 493 2903 570 περὶ
2951 493 3047 558 τῆς
3103 497 3278 572 χαρᾶς
3329 490 3511 569 λόγος,
3559 493 3736 553 καθὼς
3798 491 3852 547 ἒν

2200 583 2536 662 Εὖαγγελίοις
2601 582 2761 661 φησὶν
2819 584 2846 637 ὁ
2921 583 3131 660 Κύριος·
3195 586 3474 660 Χαίρουσιν
3523 584 3569 638 οἱ
3628 579 3854 659 ἄγγελοι

2196 673 2280 730 ἐπὶ
2337 673 2410 728 ἑνὶ
2463 670 2765 748 ἁμαρτωλῷ
2828 674 3202 746 μετανοοῦντι.
3277 671 3362 732 Τίς
3421 677 3543 749 γοῦν
3611 672 3646 738 ἡ
3707 672 3856 750 χαρά

2196 765 2301 818 τῶν
2343 761 2632 839 ἀγγέλωνς
2693 760 2752 816 οὗ
2783 762 2884 839 γάρ
2936 759 2998 815 ἂν
3057 761 3205 817 εἴποι
3250 782 3328 824 τις
3381 760 3555 839 χαρὰν
3599 759 3687 817 ἐπὶ
3747 766 3853 816 τῶν

2195 849 2438 930 ἆγγὲλων
2495 850 2639 906 εἶναι
2699 850 2794 917 τὴν
2838 849 3052 924 ἐμπαθῆ
3112 847 3328 927 ἡδονὴν,
3377 849 3474 917 τὴν
3517 849 3856 928 ἀνθρωπίνην

2196 942 2417 1014 ταύτην,
2462 939 2538 1003 ὡς
2570 944 2635 1014 τῇ
2685 941 2803 1017 περὶ
2847 940 3004 1014 σῶμα
3049 938 3392 1013 εὒαλλοιώτῳ
3449 940 3699 1011 εὒπαθείᾳ
3725 962 3854 994 συν-

2199 1030 2512 1103 ισταμένηνο
2562 1027 2699 1085 ἀλλά
2730 1029 3040 1108 συγχαίρειν
3086 1027 3330 1106 λέγονται
3366 1037 3443 1104 τῷ
3488 1036 3605 1104 Θεῷ
3631 1031 3704 1106 τῇ
3747 1035 3856 1085 τῶν

2200 1117 2562 1177 ἀπολωλότων
2622 1119 2845 1194 εὑρέσει,
2903 1120 3078 1182 καθὼς
3132 1118 3186 1175 ἐν
3247 1120 3586 1199 Εὖαγγελίοις
3643 1119 3858 1194 μανθά-

2201 1231 2380 1284 νομεν,
2443 1209 2581 1264 κατά
2641 1207 2742 1275 τὴν
2797 1207 3004 1276 θεοειδῆ
3081 1208 3378 1286 ῥᾳστώνην.
3439 1207 3746 1286 Ἀναλόγως
3802 1205 3858 1264 δὲ

2198 1299 2282 1356 ἐπὶ
2340 1297 2586 1378 ἀγγέλων
2643 1299 2863 1363 νοητέον
2916 1307 2974 1354 τὸ
3034 1306 3128 1367 τῆς
3177 1299 3452 1376 ῥαστῶνης
3501 1297 3694 1373 ὄνομα·
3760 1299 3858 1376 ῥᾳ-

2198 1389 2375 1456 στώνη
2407 1389 2506 1466 γὰρ
2540 1387 2681 1442 ἐστιν
2723 1389 2756 1456 ἡ
2823 1388 3032 1466 ψυχικὴ
3080 1387 3290 1446 εὐκολία
3347 1390 3436 1446 καὶ
3491 1389 3746 1466 εὖμάρεια
3803 1387 3859 1444 ἐν

2198 1477 2486 1534 ἀναπαύσει
2520 1477 2653 1551 μετά
2697 1477 2975 1539 ἀπαθείας.
3026 1479 3230 1536 Τίθεται
3275 1477 3329 1532 δὲ
3389 1477 3472 1534 ἐπὶ
3516 1478 3622 1534 τῶν
3665 1491 3858 1534 πονεῖν

3735 353 3854 420 368
3945 429 3948 432 ,

453 1574 514 1637 in
537 1571 737 1654 quiete
762 1571 1148 1653 passionibus
1168 1576 1685 1636 vacante.Ponitur
1707 1583 1899 1635 autem
1935 1565 2110 1636 etiam

2205 1568 2277 1643 μὴ
2326 1566 2686 1644 βουλομένων,
2751 1565 2870 1622 ἀλλ’
2931 1565 3228 1646 ἀῗιαοξόρως
3287 1573 3381 1644 ζῇν
3442 1565 3737 1643 ἑλομένων,
3772 1569 3861 1624 καὶ

453 1680 559 1744 pro
589 1661 663 1724 iis
696 1663 799 1743 qui
826 1661 1098 1724 laborare
1120 1663 1463 1743 nolunt,sed
1490 1662 1901 1726 indifferenter
1922 1665 2116 1725 vivere

2205 1659 2447 1730 σημαίνει
2507 1659 2542 1724 ἡ
2585 1655 2723 1722 λέξις
2782 1658 2842 1712 τὸ
2902 1659 3119 1736 εὖχερὲς
3167 1659 3253 1714 καὶ
3311 1659 3406 1714 οὐκ
3445 1657 3722 1714 Ιεπίπονον’
3774 1656 3860 1712 ἐπὶ

453 1752 1122 1832 eligunt,significatque
1144 1752 1272 1814 haec
1304 1752 1488 1814 dictio
1520 1753 1579 1814 id
1613 1753 1773 1833 quod
1823 1753 1995 1814 facile
2029 1761 2117 1814 est

2205 1747 2253 1803 δὲ
2286 1753 2390 1803 τῶν
2436 1744 2677 1824 ἀγγέλων
2727 1747 2788 1802 τὸ
2832 1747 3090 1826 μακάριον
3139 1749 3223 1804 καὶ
3271 1748 3470 1813 ἀπαθὲς
3513 1751 3602 1804 καὶ
3644 1746 3865 1826 ἀόχλη-

455 1851 514 1906 et
545 1841 792 1904 minime
820 1841 1209 1906 laboriosum:
1246 1842 1308 1904 in
1338 1841 1566 1922 angelis
1615 1853 1816 1906 autem
1853 1843 2117 1904 insinuat

2205 1861 2288 1895 τον
2339 1838 2634 1918 ὑποφαίνει,
2692 1843 2765 1891 Συ
2782 1840 3055 1917 (χαίρουσι
3129 1848 3254 1914 γοῦν
3311 1836 3448 1895 κατᾶ
3495 1837 3593 1904 τὴν
3651 1835 3862 1902 θεοειδῆ

455 1931 696 1995 beatum
712 1939 768 1994 et
784 1938 1065 2013 passione
1089 1931 1546 2012 turbationeque
1570 1933 2117 2012 vacuum.Congau-

2205 1928 2480 2006 ῥᾳστώνην
2537 1928 2636 1994 τὴν
2681 1939 2798 1991 τοῖς
2831 1925 3080 2004 ἀγγέλοις
3141 1928 3538 2005 προσήκουσαν,
3587 1925 3673 1982 διὰ
3702 1935 3863 1983 τοῦτο

457 2021 596 2079 dent
612 2023 806 2093 itaque
819 2020 1342 2094 deiformiquadam
1361 2023 1750 2080 oblectatione
1764 2023 1980 2092 angelis
1994 2036 2117 2079 con-

2206 2021 2293 2076 καὶ
2341 2015 2546 2086 θεοειδῆ
2604 2017 2753 2074 εἶπε⁶
2806 2017 2970 2092 μέσσν
3027 2018 3127 2097 γὰρ
3173 2025 3305 2074 Θεοῦ
3347 2016 3442 2074 καί
3487 2017 3782 2096 ἀνθρώπων
3812 2018 3864 2072 οἱ

458 2113 767 2188 veniente,
792 2110 1020 2174 idcirco
1048 2112 1224 2176 etiam
1248 2112 1393 2174 dixit
1423 2111 1726 2176 deiformi:
1748 2113 1941 2192 angeli
1965 2113 2117 2174 enim

2208 2113 2344 2165 θεῖοι
2397 2106 2618 2185 ἅγγολοι
2649 2105 2818 2181 ὄντες,
2867 2121 2985 2170 τοῖς
3024 2109 3093 2164 κά
3108 2130 3172 2164 τω
3204 2109 3303 2184 μὲν
3333 2110 3703 2182 εἶκονίζονται,
3739 2119 3864 2171 τοῖς

458 2220 595 2263 cum
612 2201 732 2264 sint
757 2203 913 2263 inter
931 2201 1117 2262 Deum
1136 2201 1536 2281 hominesque
1562 2189 1960 2273 medii,rebus
1983 2204 2117 2281 qui-

2211 2198 2317 2253 ἂνω
2375 2195 2429 2253 δὲ
2489 2196 2932 2277 ὐπεμφαίνονται,
2973 2189 3064 2260 Ὠς
3117 2206 3240 2277 γοῦν
3267 2201 3353 2255 καὶ
3396 2197 3570 2254 τᾶλλα
3641 2199 3863 2276 γηίνως

461 2290 600 2354 dem
623 2289 1004 2352 inferioribus
1025 2289 1388 2370 effigiantur,
1412 2291 1825 2372 superioribus
1854 2293 1984 2351 I52
2011 2311 2117 2353 au-

2210 2290 2305 2359 μὶν
2378 2286 2645 2364 λέγονται,
2720 2286 2962 2352 θεοειδὼς
3047 2285 3101 2342 δὲ
3175 2286 3623 2366 ἐκλαμϐάνονται,
3691 2288 3863 2352 οὕτως

458 2388 580 2444 tem
608 2380 1010 2446 insinuantur.
1045 2381 1560 2454 Quemadmodum
1594 2382 1773 2460 igitur
1804 2382 1978 2443 etiam
2013 2382 2117 2443 alia

2212 2378 2344 2433 ξςτω
2396 2378 2484 2433 καὶ
2661 2377 2758 2445 τῆς
2814 2376 3110 2454 ῥᾳστώνης
3173 2377 3282 2434 ἕστὶ
3489 2376 3711 2455 ἄφθονος
3769 2379 3864 2434 εὖ-

455 2477 699 2533 terreno
751 2469 991 2551 quidem
1026 2489 1191 2532 more
1240 2471 1542 2543 dicuntur,
1577 2471 1682 2532 sed
1741 2470 2117 2534 deiformiter

2209 2468 2435 2546 φροσύνη
2495 2468 2725 2547 τούτοις,
2772 2468 2859 2523 καὶ
2914 2473 2990 2541 τῷ
3045 2467 3225 2544 ἀγαθῷ
3270 2475 3385 2542 Θεῷ
3441 2469 3747 2546 πρέπουσα,
3781 2468 3866 2524 ἒπὶ

459 2560 858 2641 accipiuntur,
895 2561 974 2621 ita
1004 2561 1082 2623 sit
1107 2562 1286 2622 etiam
1319 2561 1381 2621 in
1414 2561 1529 2622 hoc
1563 2561 1808 2632 nomine
1840 2561 2117 2640 ῥᾳστώνης

2329 2558 2564 2635 σωτηρίᾳ
2594 2563 2700 2612 τῶν
2754 2555 2842 2613 ἐπὶ
2902 2559 3032 2612 Θεὸν
3084 2557 3683 2638 ἐπιστρεφομὲνων,καὶ
3729 2555 3863 2624 ὁδη-

461 2669 566 2713 seu
578 2652 1014 2714 oblectationis:
1043 2659 1133 2712 est
1155 2649 1318 2712 enim
1342 2649 1461 2712 illis
1473 2651 1764 2730 gaudium
1782 2649 2117 2730 copiosum,

2208 2648 2479 2724 γουμένων
2536 2649 2609 2709 εἷς
2654 2653 2810 2704 τοῦτο
2867 2647 3009 2724 παρὰ
3039 2652 3138 2714 τῆς
3187 2649 3332 2711 θείας
3389 2649 3663 2725 προνοίας·
3698 2645 3860 2704 Ἐπι-

463 2749 524 2803 et
559 2741 716 2802 bono
766 2738 890 2802 Deo
924 2739 1316 2814 conveniens,
1351 2742 1427 2801 de
1481 2741 1676 2802 salute
1705 2741 2014 2802 hominum
2051 2741 2117 2802 ad

2210 2739 2474 2818 atpiqmts
2523 2738 2653 2814 πρὸς
2711 2736 2802 2815 μὲ,
2864 2739 3022 2816 φησὶν
3095 2739 3122 2792 ὁ
3176 2739 3361 2815 Κύριος
3433 2751 3550 2803 τοῖς
3609 2735 3686 2794 ἔτι
3739 2749 3863 2803 ταῖς

465 2829 658 2894 Deum
687 2845 1140 2901 conversorum,
1171 2833 1319 2891 etad
1347 2828 1726 2892 hocadivina
1754 2829 2117 2892 Providentia

2210 2830 2490 2906 ἁμαρτίαις
2553 2825 2990 2902 δεδουλωμένοις,
3055 2829 3141 2884 καὶ
3204 2826 3671 2906 ἐπιστραφήσομαι
3730 2829 3861 2905 πρὸς

465 2919 890 2982 deductorum.
918 2919 1378 2981 Convertimini
1397 2919 1478 2981 ad
1501 2919 1819 3000 me,inquit
1843 2920 2117 2982 Dominus

2211 2921 2366 2993 ὑμᾶς.
2434 2919 2529 2974 Καὶ
2581 2915 2736 2972 τοῦτὸ
2795 2919 2906 2971 ἔστι
2954 2917 3014 2972 τὸ
3072 2914 3208 2994 παρά
3265 2924 3341 2990 τῷ
3399 2915 3622 2994 μεγάλῳ
3672 2916 3854 2990 Παύλῳ

473 3009 551 3071 iis
565 3008 669 3090 qui
692 3008 888 3070 adhuc
918 3006 1028 3069 sub
1049 3019 1427 3088 peccatorum
1460 3009 1742 3070 servitute
1760 3008 2117 3082 detinentur,

2211 3005 2560 3086 δηλούμενον,
2602 3004 2682 3061 ὅτι
2726 3007 2947 3084 Χριστὸς
3007 3007 3134 3084 ὅπερ
3194 3007 3346 3081 ἡμῶν
3391 3006 3728 3085 ἁμαρτωλῶν
3778 3005 3860 3062 ’ἐτι

475 3103 527 3156 et
553 3105 838 3155 convertar
867 3096 942 3155 ad
962 3112 1050 3154 vos
1093 3109 1133 3156 ι.
1156 3097 1217 3153 Ει
1237 3098 1346 3156 hoc
1379 3106 1464 3155 est
1485 3097 1636 3169 quod
1658 3114 1688 3155 a
1711 3113 1919 3171 magno
1952 3099 2117 3156 Paulc

2213 3100 2376 3154 ἐντων
2407 3096 2656 3154 ἀπέθανε.
2711 3097 2810 3153 Καὶ
2856 3096 3016 3175 χάρις
3064 3102 3132 3173 τῇ
3192 3095 3346 3154 αὗτοῠ
3401 3095 3602 3173 ἀπείρῳ
3651 3118 3865 3174 μακρο-

473 3188 864 3268 signiﬁcatur,
892 3186 1192 3250 Christum
1219 3206 1324 3268 pro
1344 3187 1540 3290 nobis,
1559 3207 1691 3290 cum
1705 3189 1898 3252 adhuc
1913 3208 2117 3270 pecca-

2211 3189 2368 3262 θυμία
2419 3188 2502 3243 καὶ
2562 3187 2879 3263 ἀγαθότητι,
2941 3185 3021 3242 ὅτι
3079 3186 3157 3261 μὴ
3221 3188 3383 3262 μόνον
3425 3189 3703 3266 προσίεται
3763 3187 3869 3254 τὴν

477 3287 640 3341 tores
663 3296 956 3353 essemus,
989 3286 1288 3339 mortuum
1316 3279 1816 3360 esse.Gratizeque
1843 3281 1962 3341 sint
1985 3281 2117 3341 infi-

2211 3280 2520 3350 μετάνοιαν,
2580 3273 2717 3331 ἀλλα
2787 3278 2873 3332 καὶ
2933 3275 3344 3356 προσκαλεῖται,
3398 3277 3486 3334 καὶ
3548 3275 3868 3358 ἀπιστρέφει

476 3366 1209 3450 nitaaejuslonganimitati
1242 3373 1303 3431 et
1321 3368 1592 3442 bonitati,
1619 3371 1774 3449 quod
1793 3389 1905 3430 non
1932 3373 2117 3434 solum

2211 3371 2342 3448 πρὸς
2410 3369 2507 3436 τὴν
2568 3366 2874 3442 μετάνοιαν.
2938 3368 2996 3424 Εἰ
3045 3369 3169 3446 γοῦν
3219 3368 3308 3424 καὶ
3363 3369 3426 3424 τὸ
3484 3366 3721 3442 ἐμπαθὲς
3772 3371 3870 3426 οὐκ

471 3468 776 3540 acceptam
807 3458 1022 3520 habeat
1053 3457 1488 3539 pmnitentiam,
1526 3476 1734 3522 verum
1767 3465 1943 3521 etiam
1983 3479 2117 3542 pro-

2211 3459 2350 3515 ἔστιν
2409 3461 2493 3514 ἐπὶ
2556 3464 2660 3514 τῶν
2724 3455 2990 3536 ἀγγέλων,
3033 3457 3092 3512 τὸ
3149 3457 3370 3521 εὐπαθὲς
3427 3455 3595 3529 ἐστιν,
3647 3459 3706 3514 Εἰ
3769 3457 3870 3514 καί

473 3555 1036 3611 vocetetconvcrtat
1065 3548 1136 3609 ad
1153 3548 1588 3628 paenitentiam.
1624 3548 1746 3611 Etsi
1767 3550 1964 3632 itaque
1987 3569 2124 3630 pas-

478 3640 566 3702 sio
593 3658 709 3700 non
727 3638 877 3700 sitin
891 3637 1142 3718 angelis,
1181 3647 1270 3700 est
1293 3646 1490 3700 tamen
1514 3639 1575 3700 in
1601 3640 1672 3700 iis
1687 3639 1840 3702 bona
1861 3641 2116 3704 affectio.

475 3730 554 3794 Et
568 3728 836 3812 quamvis
853 3728 966 3791 hoc
981 3746 1198 3789 nomen
1221 3747 1253 3789 a
1279 3728 1452 3790 nobis
1470 3729 1850 3810 desumplum
1869 3731 1964 3813 sit,
1991 3750 2122 3794 ma-

2210 3558 2364 3609 τοῦτο
2407 3549 2468 3606 ἐκ
2497 3555 2602 3606 τῶν
2634 3543 2749 3604 καθ’
2785 3549 2952 3627 ἡμᾶς,
2987 3545 3107 3604 ἀλλ’
3166 3546 3255 3604 οὗν
3300 3547 3640 3626 οἰκειότερον·
3678 3547 3866 3623 ἐμπά-

2206 3644 2326 3696 θεια
2377 3640 2478 3717 γάρ
2550 3637 2660 3694 ἑστι
2735 3637 2939 3703 κίνησις
3016 3636 3153 3709 μετά
3229 3636 3452 3716 πάθους,
3511 3638 3777 3701 εὐπάθεια
3813 3636 3870 3694 δὲ

2208 3731 2310 3796 ἕξις
2359 3729 2416 3786 εὖ
2473 3729 2697 3808 ἔχουσα,
2732 3729 2804 3785 Τὸ
2833 3727 2890 3783 εὗ
2919 3730 3109 3784 παθεῖν
3139 3734 3267 3806 γοῦν
3308 3727 3427 3793 τοὺς
3457 3726 3720 3806 ἀγγέλους
3761 3726 3865 3796 δη-

478 3818 569 3898 gis
613 3825 813 3880 tamen
847 3824 941 3880 est
994 3819 1301 3898 prOprium
1339 3838 1353 3881 :
1416 3820 1676 3893 ἒμπάθεια
1719 3821 1877 3881 enim
1934 3829 2117 3883 motus

2209 3820 2300 3878 λοτ
2341 3821 2402 3877 τὸ
2434 3819 2493 3875 εὖ
2521 3820 2670 3898 ἔχειν
2709 3816 2793 3874 δια
2824 3819 3043 3891 παντὸς,
3077 3819 3166 3875 καὶ
3221 3817 3322 3886 τὴν
3364 3819 3622 3893 ἀπήμονα
3653 3817 3870 3886 ἐκείνην

477 3906 722 3985 quidam
761 3915 851 3966 est
880 3925 1012 3967 cum
1054 3907 1328 3986 passione
1357 3907 1844 3986 conjunctus,sed
1877 3913 2117 3969 εὐπάθεια

2211 3910 2554 3968 κατάστασιν.
2593 3905 2768 3974 Δηλοῖ
2797 3915 2922 3985 γοῦν
2975 3907 3010 3974 τη
3042 3907 3188 3988 χαρὰ
3241 3908 3338 3976 τὴν
3369 3906 3594 3986 ἇῤῥητον
3653 3907 3870 3975 ἐκείνην

475 3993 720 4057 habitus
742 4003 830 4056 est
861 3995 1200 4056 affectionis
1232 3995 1421 4060 bonae.
1456 3998 1618 4060 Bene
1650 3999 1853 4080 itaque
1881 4002 2117 4065 affectos

2209 4000 2510 4073 εὒπάθειαν,
2557 3999 2594 4065 ἦ
2666 3999 2722 4053 ὲν
2779 3996 2979 4072 μεθέξει
3039 3997 3300 4062 πολλάκις
3350 3998 3602 4076 γεγόνασι
3663 3999 3759 4055 καὶ
3822 4002 3869 4056 οἱ

478 4083 888 4164 esseangelos,
921 4084 1331 4163 significateos
1355 4086 1506 4150 bene
1531 4106 1594 4149 se
1608 4088 1830 4152 habere
1847 4109 1952 4171 per
1987 4112 2117 4154 omn

2206 4091 2350 4168 ὁὶγιοί
2408 4089 2542 4146 κατὰ
2599 4088 2693 4150 τὰς
2753 4089 2893 4152 θείας
2953 4087 3319 4167 ἐπιφοιτήσεις
3402 4094 3510 4143 τῶν
3569 4089 3725 4144 θείων
3779 4092 3869 4146 καὶ

477 4175 674 4249 nia,et
701 4174 1061 4236 incolumem
1083 4193 1285 4236 eorum
1313 4185 1524 4238 statum
1540 4180 2117 4245 existereGaudium

2205 4181 2354 4244 θεοὺς
2411 4177 2780 4258 ἐργαζομένων
2837 4175 3182 4253 ἐλλάμψεων·
3243 4175 3361 4234 καθ’
3419 4177 3486 4246 ἢν
3508 4177 3726 4242 πάντως
3775 4177 3866 4235 εὔ-

476 4264 660 4345 igitur
691 4263 962 4343 designat
993 4263 1358 4328 ineffabilem
1386 4266 1550 4329 illum
1568 4269 1842 4332 affectum
1872 4271 2117 4351 bonum,

2209 4272 2368 4348 λογόν
2425 4269 2566 4326 ἐστιν
2599 4264 2951 4342 ἐκλαμϐάνειν
2983 4272 3069 4323 καὶ
3100 4269 3162 4325 τὸ
3193 4267 3331 4343 ἱερὸν
3390 4274 3479 4324 τοῦ
3538 4268 3872 4346 Εὐαγγελίου

475 4353 641 4427 cuius
667 4355 837 4412 etiam
855 4368 1249 4425 saepenumero
1278 4357 1590 4428 participes
1613 4359 1771 4418 tuere
1793 4361 1999 4433 sancti,
2023 4379 2117 4435 per

2211 4359 2394 4440 ῥητόν·
2486 4358 2796 4438 Ἐχάρησαν
2871 4357 2960 4414 οὖν
3043 4359 3091 4414 οἷ
3171 4358 3428 4436 μαθηταὶ,
3499 4355 3700 4421 ἰδόντες
3777 4361 3868 4417 τὸν

475 4445 724 4526 illapsus
753 4444 990 4507 divinos
1013 4445 1348 4508 divinarum
1376 4446 1850 4531 deificarumque
1871 4451 2117 4516 illustra-

2215 4453 2425 4529 Κύριον*
2487 4452 2546 4508 οὒ
2570 4450 2669 4527 γὰρ
2701 4446 2846 4505 εῖδον
2889 4447 3101 4522 ἁπλῶς,
3132 4451 3205 4513 ὡς
3265 4449 3351 4505 καὶ
3380 4447 3572 4506 ἄλλοτε
3609 4446 3864 4523 ἔϐλεπον,

475 4534 705 4596 tionum
740 4555 754 4599 :
793 4555 908 4616 quo
927 4554 1107 4597 sensu
1131 4537 1310 4598 etiam
1337 4545 1499 4599 recte
1530 4539 1656 4619 capi
1681 4542 1864 4620 possit
1893 4560 2117 4604 sacrum

2213 4541 2347 4598 ἀλλά
2407 4543 2542 4617 μετά
2572 4541 2794 4598 θάνατον
2851 4547 3048 4619 ζῶντα,
3082 4541 3172 4597 καὶ
3212 4542 3275 4596 Ex
3305 4545 3504 4618 νεκρῶν
3565 4541 3704 4616 μετά
3767 4542 3867 4608 τὴν

473 4623 621 4686 illud
645 4609 865 4687 dictum
890 4625 1214 4706 Evangelii:
1252 4626 1468 4690 Gavist'
1490 4609 1638 4690 sunt
1653 4609 1963 4709 discipuli,
1998 4634 2117 4694 viso

2211 4609 2540 4712 taqﬁv,‘xa€
2596 4631 2732 4706 μετὰ
2787 4609 2876 4686 ἐὲι⁷
2911 4609 3339 4709 ἀνθρωποπρεπῆ
3400 4609 3584 4686 ξκετνα
3615 4631 3684 4686 τὰ
3743 4634 3865 4687 θεῖα

475 4713 734 4777 Domino
763 4725 810 4778 ³.
843 4713 974 4776 Non
1003 4716 1164 4776 enim
1198 4715 1460 4796 simplici
1481 4719 1711 4780 ratione
1743 4719 2117 4801 videbantip-

2209 4725 2297 4779 καὶ
2352 4722 2482 4800 ὑπὲρ
2538 4719 2809 4798 ἄνθρωπον
2866 4719 3086 4801 ἔχοντα.
3152 4720 3341 4783 Καλῶς
3395 4720 3450 4776 τὸ
3507 4721 3617 4794 καὶ,
3655 4719 3740 4776 ὅτι
3778 4722 3866 4778 καὶ

475 4817 604 4862 sum
634 4804 716 4862 uti
735 4803 898 4868 alias.
921 4803 1020 4862 sed
1043 4813 1170 4875 post
1201 4819 1449 4863 mortem
1473 4808 1684 4874 vivum,
1707 4817 1764 4866 et
1793 4824 1865 4867 ex
1886 4814 2117 4869 mortuis

2210 4810 2348 4868 ἄλλα
2405 4809 2582 4868 πολλά
2608 4812 2760 4887 ἱερῶς
2812 4811 2898 4866 καὶ
2927 4808 3150 4885 ὑψηλῶς
3188 4814 3261 4885 τῷ
3292 4811 3426 4889 ἁγίῳ
3455 4809 3864 4891 πεφιλοσόφηκεν.

475 4902 609 4976 post
653 4893 1048 4975 sepulturam,
1086 4906 1147 4958 et
1177 4913 1310 4957 cum
1345 4896 1606 4960 humano
1637 4900 1858 4962 decore
1908 4901 2117 4964 divinis

2207 4921 2320 4960 ται⁶
2385 4899 2501 4958 ὅθεν
2545 4901 2633 4957 καὶ
2681 4899 3004 4976 ἀποθέμενος
3057 4906 3177 4964 τοὺς
3236 4899 3426 4979 λόγους
3485 4899 3656 4978 λέγει’
3721 4910 3858 4959 Τοσ-

474 5001 716 5064 quoque
745 4983 984 5045 dotibus
1006 4983 1329 5049 illustrem.
1372 4985 1629 5049 Pulchre
1653 4988 1885 5067 hoc,uti
1917 4999 1977 5052 et
2006 4991 2117 5054 alia

2205 5000 2335 5050 αὔτα
2389 4991 2475 5048 οιαὶ
2508 4990 2625 5069 περὶ
2681 4991 2904 5064 τούτων,
2938 4995 3038 5057 τῆς
3069 4988 3169 5064 μὲν
3227 4987 3496 5069 ἀκριϐείας
3555 4989 3853 5048 ἀπολειπό-

473 5072 784 5154 complura
807 5080 1060 5136 asancto
1095 5074 1208 5138 hoc
1236 5075 1358 5137 viro
1390 5095 1560 5139 sacro
1576 5096 1644 5140 ac
1675 5078 1916 5142 sublimi
1941 5082 2117 5144 modo

2205 5104 2359 5160 μενα,
2395 5079 2743 5139 συντελοῦντα
2798 5076 2875 5153 δὲ,
2911 5081 2985 5144 ὡς
3044 5075 3432 5155 ὑπολαμϐάνω,
3466 5079 3601 5158 πρὸς
3659 5082 3726 5136 τὸ
3783 5079 3861 5156 μὴ

472 5161 768 5242 disputata
797 5171 974 5241 sunt;
1010 5162 1170 5225 unde
1200 5165 1378 5227 etiam
1413 5168 1784 5232 concludens
1805 5187 2117 5235 sermones

2205 5177 2460 5234 ταπεινῶς
2520 5167 3066 5245 ἡμᾶς,ὲναπομένειν
3127 5181 3246 5234 τοῖς
3317 5169 3525 5240 τύποις,
3589 5168 3681 5226 ὅτε
3743 5172 3863 5249 περὶ

472 5269 614 5316 suos
637 5254 719 5314 ait
751 5273 765 5317 :
799 5251 936 5316 Haec
968 5253 1206 5335 quidem
1239 5255 1313 5318 de
1355 5256 1470 5334 his,
1505 5277 1638 5339 quae
1669 5259 1810 5322 licet
1838 5259 1912 5323 ab
1943 5280 2115 5325 accu-

2205 5270 2310 5322 τῶν
2341 5259 2583 5341 ἀγγέλων
2633 5260 2692 5315 ἓν
2723 5272 2848 5325 ταῖς
2878 5259 3050 5338 ἱεραῖς
3102 5264 3341 5340 Γραφαϊς
3372 5259 3661 5335 ἀκούομεν.
3720 5261 3781 5319 Εἰ
3810 5258 3862 5316 δὲ

471 5341 1188 5434 ratatractationeabsint,
1218 5353 1414 5409 tamen
1433 5347 1493 5408 id
1513 5348 1796 5424 efficient,
1823 5350 2116 5434 utispero,

2205 5352 2404 5432 λέγεις,
2466 5349 2786 5428 ὦᾶγαπητέ
2844 5349 3091 5430 Τιμόθεε,
3153 5351 3226 5416 ὡς
3285 5353 3343 5409 οὗ
3400 5355 3505 5406 τῶν
3552 5350 3798 5425 πάντων,
3832 5350 3862 5406 ἃ

472 5428 770 5522 neajecte
799 5431 950 5522 typis
981 5432 1498 5518 immemoremur,
1525 5439 1762 5518 quando
1793 5441 1867 5503 de
1897 5428 2117 5522 angelis

2205 5428 2293 5511 δὴ⁷
2326 5428 2534 5504 ἐν-ταϊς
2600 5441 2770 5515 ίερατς
2824 5428 3234 5520 Τραφαῐςνπερὶ
3291 5438 3534 5518 ἀγγέλων
3587 5438 3862 5517 λεγόμενα

469 5520 774 5601 quidpiam
796 5521 856 5584 in
877 5524 1198 5605 Scripturis
1221 5525 1553 5591 audiemus.
1589 5528 1755 5602 Quod
1779 5520 2116 5614 siobjicias,

2205 5531 2550 5610 εὓρίσκονταὶ,
2609 5531 2792 5606 μνείαν
2873 5529 3260 5606 ἐποιησάμεθα·
3335 5528 3515 5587 ἐκεῖνό
3573 5551 3659 5587 σοι
3723 5530 3862 5588 ἀπο·

547 5719 571 5763 ν
603 5709 742 5774 Luc.
775 5729 877 5795 xv,
910 5715 1004 5778 10.
1093 5725 1116 5757 ⁸
1149 5713 1322 5777 Zach.
1357 5731 1399 5792 ι,
1435 5715 1490 5778 3.
1551 5737 1575 5766 ι
1617 5717 1788 5786 Joan.
1821 5737 1925 5802 xx,
1957 5722 2060 5786 20.
