4042 6472
420 357 540 425 375

1598 359 1660 422 S.
1705 357 2046 423 DIONYSII
2088 355 2613 422 AREOPAGITE.

3691 354 3808 420 376

413 496 473 559 in
500 489 901 573 votisquidem
937 496 1028 554 est
1056 489 1364 553 rationalis
1393 487 1723 572 (creaturas)
1752 493 2059 564 salus,tam

2160 492 2443 568 Ιεουμένων
2519 499 2625 550 τῶν
2701 491 3043 572 σωζομένων,
3102 481 3168 549 Ἠ
3222 489 3277 548 δὲ
3325 492 3512 556 θεωσίς
3572 491 3720 549 ἐστιν
3776 495 3811 562 ἦ

416 590 624 648 nostra
647 601 822 659 quam
859 583 1149 644 mentium
1183 599 1578 662 supernarum
1617 602 1633 655 ;
1663 588 2072 643 verumtamen

417 678 544 739 haec
573 674 731 735 salus
774 672 848 733 iis
893 673 994 752 qui
1025 672 1324 734 salvantur
1356 670 1596 733 nonnisi
1621 672 1743 751 jam
1781 671 2073 733 deiﬁcatis

413 773 608 847 potest
653 761 987 842 obtingere.
1029 761 1130 824 Est
1183 769 1382 823 autem
1435 763 1561 823 haec
1593 761 1916 843 deiﬁcatio,
1964 761 2073 825 Dei

414 854 710 936 quaedam,
742 851 934 934 quoad
960 851 1088 913 ﬁeri
1143 857 1363 931 potest,
1401 849 1752 913 assimilatio
1781 853 2061 932 unioque.

411 943 588 1010 Omni
609 960 786 1024 porro
811 941 1007 1002 ordini
1028 959 1196 1003 sacro
1221 939 1558 1001 communis
1583 959 1799 1020 seopus
1815 949 2073 1020 est,rrga

413 1033 606 1098 Deum
629 1040 689 1094 et
705 1050 800 1094 res
815 1031 1041 1093 divinas
1067 1029 1349 1091 continua
1367 1029 1771 1111 dilectio,quaa
1792 1030 2074 1094 divinitus

419 1124 914 1202 asseritur,etper
944 1121 1076 1200 ejus
1109 1120 1390 1181 unionem
1414 1128 1884 1201 consummatur,
1905 1139 2070 1202 quae-

2155 584 2284 659 πρὸς
2341 585 2493 657 Θεὸν,
2554 585 2628 645 ὡς
2687 583 2927 664 ἐφικτὸν,
2988 581 3312 662 ἀφομοίωσίς
3363 603 3422 638 τε
3476 581 3808 650 καὶένωσις,

2158 664 2400 739 Ἀπάσης
2451 671 2506 728 δὲ
2561 681 2717 732 τοῦτο
2772 673 2952 729 κοινὸν
3013 672 3286 752 ἱεραρχίας
3339 671 3405 722 85
3458 673 3520 729 τὸ
3550 673 3746 754 πέρας,
3777 676 3811 743 ἡ

2153 765 2283 840 πρὶς
2314 765 2443 819 Θεὸν
2473 783 2530 819 τε
2563 764 2650 818 καὶ
2680 762 2747 819 τὰ
2773 765 2896 819 θεῖα
2925 763 3206 842 προσεχὴς
3265 761 3563 842 ἀγάπησις,
3617 762 3812 828 ἐνθέως

2156 874 2212 909 τε
2236 854 2322 909 καὶ
2353 853 2560 918 ἐνιαίως
2592 852 3026 931 ἱερουργουμένη,
3075 853 3163 908 καὶ
3219 851 3322 929 πρό
3379 873 3440 931 γε
3470 853 3658 909 τούτου
3706 858 3816 911 τῶν

2155 942 2406 1000 ἐναντίων
2460 943 2494 1010 ἡ
2546 940 2816 1009 παντελὴς
2876 943 2962 998 καὶ
3018 942 3398 1022 ἆνεπίστροφος
3431 941 3814 1022 ἀποφοίτησις,

2154 1033 2189 1099 in
2224 1038 2418 1110 γνῶσις
2450 1037 2556 1088 τῶν
2586 1031 2750 1088 ὅντων
2782 1034 2818 1109 ᾗ
2849 1031 2975 1088 ὄντα
3029 1032 3194 1105 ἐστὶν,
3227 1035 3261 1101 ἡ
3321 1039 3421 1099 τῆς
3475 1036 3615 1109 ἱερᾶς
3671 1033 3816 1102 ἀλη-

2155 1123 2296 1186 θείας
2353 1121 2531 1200 ὅρασίς
2587 1143 2645 1178 τε
2701 1123 2789 1177 καὶ
2846 1121 3146 1202 ἐπιστήμη,
3206 1124 3240 1190 ἡ
3289 1123 3388 1189 τῆς
3422 1121 3686 1188 ἐνοειδοῦς
3719 1144 3813 1180 τε-

422 1233 538 1295 que
567 1213 676 1274 hac
695 1213 859 1291 prior
903 1219 1016 1285 est,
1051 1210 1138 1271 illi
1169 1210 1610 1271 adversantium
1642 1210 1986 1272 omnimoda
2010 1217 2069 1272 et

2160 1213 2417 1275 λειώσεως
2449 1211 2621 1275 ἕνθεος
2655 1209 2884 1292 μέθεξις,
2921 1211 3080 1268 αὒτοῦ
3128 1213 3219 1267 τοῦ
3248 1210 3364 1272 ἐνὸς
3432 1214 3507 1278 ὡς
3564 1212 3808 1293 ἐφικτὸν⁸

418 1301 830 1366 irrevertibilis
886 1299 1307 1379 fuga,cognitio
1365 1317 1565 1362 rerum
1608 1319 1723 1383 qua
1769 1319 1868 1362 res
1903 1311 2064 1382 sunt,

2150 1303 2308 1371 ἡτῆς
2337 1301 2563 1377 ἐποψίας
2617 1301 2872 1376 ἑστίασις,
2921 1301 3181 1383 τρέφουσα
3210 1307 3418 1370 νοητῶς
3477 1303 3565 1360 καὶ
3622 1305 3817 1361 θεοῦσα

418 1411 604 1456 sacrae
635 1390 897 1454 veritatis
950 1389 1096 1451 visio
1140 1391 1528 1470 scientiaque,
1558 1390 1848 1470 simplicis
1869 1391 2067 1470 perfe-

2160 1393 2324 1451 πάντα
2353 1394 2444 1448 τὸν
2472 1394 2545 1455 εἰς
2578 1392 2740 1459 αὐτὴν
2771 1392 3201 1466 ἀνατεινόμενον,

419 1483 636 1547 ctionis
667 1482 798 1563 ejus
830 1481 930 1561 qui
961 1498 1198 1542 summe
1228 1478 1480 1560 simplex
1503 1489 1616 1559 est,
1651 1481 1843 1542 divina
1875 1482 2245 1564 participatio
2282 1499 2298 1559 ;
2349 1480 2552 1545 fruitio
2581 1480 2947 1562 lntuitionis,
2981 1499 3116 1564 quae
3144 1497 3390 1546 omnem
3417 1481 3515 1545 sui
3547 1489 3816 1548 conten-

422 1572 714 1656 platorem
745 1569 1001 1653 spiritali
1036 1570 1213 1633 modo
1244 1570 1437 1632 reﬁcit
1465 1570 1851 1653 deiﬁcatque.

2031 1734 2061 1815 §
2103 1731 2206 1798 IV.

498 1865 767 1930 Dicimus
796 1864 1019 1945 itaque,
1051 1863 1162 1927 Dei
1189 1863 1582 1944 principalem
1617 1862 2073 1935 beatitudinem,

2243 1861 2498 1940 Λέγωμεν
2522 1859 2586 1911 86
2615 1861 2810 1939 τοίνυν,
2844 1860 2879 1927 ἡ
2911 1858 3178 1938 θεαρχικὴ
3215 1857 3582 1938 μακαριότης,
3643 1859 3680 1926 ἢ
3747 1857 3816 1938 φύ

418 1976 552 2040 quas
577 1965 786 2019 natura
812 1955 1000 2016 deitas
1033 1963 1122 2016 est
1165 1954 1525 2034 principium
1549 1953 1965 2029 deiﬁcationis,
1999 1969 2071 2014 ex

420 2047 595 2130 quoii
617 2046 719 2123 qui
749 2044 1060 2106 deificandi
1094 2052 1230 2105 sunt
1273 2043 1650 2114 deiﬁcantur,
1681 2044 1875 2104 divina
1908 2042 2072 2104 boni-

421 2145 539 2199 tate
560 2154 793 2198 sacrum
818 2135 1116 2205 ordinem,
1151 2134 1211 2194 in
1237 2134 1491 2194 salutem
1540 2145 1598 2194 et
1628 2133 2069 2196 deiﬁcationem

419 2229 855 2306 omnium,cum
875 2224 1256 2286 rationalium
1279 2231 1398 2283 tum
1423 2222 1774 2302 spiritalium
1792 2224 2072 2284 essentia-

419 2315 1064 2388 rum,concessisse.Ac
1097 2313 1330 2393 superis
1364 2312 1603 2392 quidem
1632 2312 1920 2393 beateque
1952 2313 2070 2373 otio

418 2405 963 2487 fruentibus,modo
993 2405 1181 2483 magis
1210 2403 1607 2464 immateriato
1628 2421 1696 2463 ac
1722 2402 2066 2482 spiritaliori

425 2496 568 2578 (non
593 2495 751 2557 enim
785 2494 1160 2558 extrinsecus
1191 2511 1293 2554 eos
1323 2491 1483 2553 Deus
1501 2491 1574 2554 ad
1607 2491 1809 2554 divina
1842 2503 2064 2572 movet,

421 2586 526 2649 sed
560 2583 922 2662 intelligibili
952 2589 1207 2656 ratione,
1235 2592 1414 2662 atque
1445 2581 1810 2642 intrinsecus
1834 2599 1982 2662 pura
2003 2582 2074 2642 li-

420 2674 721 2756 quidaque
743 2673 1141 2735 illustrations
1161 2670 1591 2733 divinissimam
1613 2669 1684 2730 iis
1706 2671 2070 2732 voluntatem

419 2765 789 2841 irratliando)
816 2763 988 2825 nobis
1013 2771 1238 2842 autem,
1264 2759 1420 2842 quod
1446 2759 1774 2840 simplicius
1799 2760 1914 2821 illis
1939 2760 2059 2822 col-

419 2855 744 2934 lectimque
769 2853 1202 2934 praestitum,ex
1227 2850 1507 2910 divinitus
1537 2850 1769 2910 traditis
1793 2850 2068 2931 eloquiis,

422 2965 530 3029 pro
573 2952 750 3024 captu
782 2951 1010 3016 nostro,
1053 2940 1437 3002 divisibilium
1487 2941 1766 3002 varietate
1801 2941 2072 3002 multitu-

424 3035 685 3114 dineque
714 3035 1016 3110 signorum
1051 3031 1337 3092 donatum
1375 3037 1486 3090 est.
1544 3029 1879 3092 Substantia
1911 3031 2071 3090 enim

422 3122 782 3187 bierarcbiae
815 3130 1032 3181 nostra:
1077 3127 1214 3180 sunt
1245 3118 1528 3180 divinitus
1561 3119 1772 3180 tradita
1807 3120 2066 3180 oracula.

423 3214 679 3274 Maxime
713 3229 845 3272 vero
864 3210 977 3270 ista
998 3207 1236 3270 oracula
1256 3208 1510 3269 dicimus
1529 3208 2073 3288 veneranda,quaza
2090 3244 2130 3295 ο

423 3299 612 3363 sacris
635 3299 855 3360 nostris
887 3296 1498 3359 initiatoribusdivino
1515 3295 1737 3377 Spiritu
1761 3298 2069 3371 afﬂatis,in

420 3389 746 3469 Scripturis
761 3387 1250 3468 sacrislibrisque
1273 3387 1621 3464 theologicis
1652 3386 1869 3447 tradita
1901 3387 2074 3448 nobis

419 3481 675 3561 sunt;uti
707 3477 884 3539 etilla
915 3495 1046 3558 quae
1069 3476 1142 3537 ab
1160 3476 1373 3538 iisdem
1400 3475 1541 3537 viris
1563 3476 1787 3537 sanctis
1811 3476 2075 3537 subtilio-

415 3571 620 3644 ri,non
650 3567 894 3629 omnino
908 3566 1114 3628 dissita
1129 3565 1200 3626 ab
1221 3566 1428 3626 ordine
1464 3565 1691 3627 caelesti
1716 3565 2072 3628 insinuatio-

419 3677 520 3734 ne,
547 3658 625 3720 de
646 3665 848 3720 mente
876 3656 936 3716 in
973 3663 1260 3735 mentem,
1296 3655 1596 3717 mediante
1628 3654 2072 3735 verbo,corpo-

420 3766 526 3811 reo
570 3746 813 3826 quidem
853 3745 980 3816 illo,
1017 3743 1194 3805 simul
1233 3754 1432 3805 tamen
1475 3745 1896 3818 immateriato,
1948 3745 2077 3807 sine

421 3835 1144 3916 scriptione,institutores
1173 3834 1360 3894 nostri
1399 3851 1568 3896 sacra
1583 3833 1835 3914 quadam
1867 3834 2076 3896 tradu-

424 3927 624 3988 ctione
644 3933 782 3987 sunt
815 3923 1029 3984 edocti.
1066 3921 1270 4003 Neque
1303 3941 1442 3983 vero
1469 3922 1582 3984 ista
1627 3923 1824 3984 divino
1855 3923 2077 4004 Spiritu

2155 1974 2235 2009 σει
2271 1954 2498 2033 Θεότης,
2531 1954 2565 2021 ἡ
2590 1952 2737 2032 ἀρχὴ
2764 1955 2861 2016 τῆς
2890 1949 3152 2028 θεώσεως,
3176 1947 3228 2013 ἒξ
3259 1952 3324 2016 ἧς
3350 1949 3409 2004 τὸ
3434 1951 3672 2004 θεοῦσθαι
3698 1961 3818 2012 τοῖς

2153 2043 2455 2118 θεωμένοις
2488 2042 2775 2120 ἆγαθότητ..
2805 2039 2914 2113 θείᾳ
2943 2039 3007 2089 87
3035 2043 3133 2105 τὴν
3189 2038 3487 2117 ἶεραρχίαν,
3549 2037 3636 2094 ἐπὶ
3695 2057 3814 2093 σω-

2156 2134 2307 2211 τηρίᾳ
2337 2134 2424 2189 καὶ
2453 2133 2638 2189 θεώσει
2667 2131 2880 2187 πάντων
2914 2130 3017 2186 τῶν
3063 2135 3293 2207 λογικῶν
3351 2151 3406 2184 τε
3468 2130 3557 2185 καὶ
3614 2134 3813 2206 νοερῶν

2156 2223 2369 2295 οὖσιῶν,
2431 2221 2760 2300 ἐδωρήσατο,
2823 2221 2919 2278 Καὶ
2957 2231 3080 2282 ταῖς
3137 2218 3234 2293 μὲν
3290 2218 3668 2293 ὑπερκοσμίοις
3724 2219 3814 2275 καὶ

2157 2313 2440 2390 μακαρίαις
2511 2309 2737 2384 λέξεσιν,
2811 2309 3095 2387 ἆῦλοτερὸν
3165 2330 3221 2365 τε
3309 2310 3395 2364 καὶ
3469 2309 3814 2387 νοερώτερον,

2161 2403 2242 2484 (οὔ
2271 2402 2340 2452 88
2363 2404 2461 2481 γὰρ
2490 2400 2676 2467 ἔξωθεν
2711 2400 2868 2466 ανῦτᾶς
2900 2397 2927 2455 ό
2962 2401 3089 2464 Θεὸς
3119 2398 3204 2455 ἐπὶ
3237 2399 3299 2454 τὰ
3329 2401 3449 2454 θεῖα
3483 2409 3647 2468 κινεῖ,
3691 2421 3815 2465 νοη-

2156 2499 2264 2558 τῶς
2296 2491 2376 2572 δὲ,
2407 2493 2494 2548 καὶ
2523 2489 2725 2547 ἔνδοθεν
2757 2489 2927 2564 ἐλλαμ
2940 2489 3175 2565 πομένων
3237 2493 3410 2548 αὐτῶν
3443 2487 3505 2543 ἆν
3539 2489 3677 2564 αὒγῇ
3708 2511 3812 2545 κα-

2154 2586 2285 2660 θαρᾷ
2318 2583 2403 2638 καὶ
2432 2579 2575 2654 ἀΰλῳ
2602 2580 2700 2647 τὴν
2731 2579 3008 2646 θειοτάτην
3063 2577 3340 2656 βούλησιν,
3375 2576 3396 2658 )
3447 2581 3584 2653 ἡμῖν
3639 2577 3696 2634 δὲ
3752 2580 3816 2636 τὸ
3903 2594 3906 2596 ⁷

2158 2671 2380 2735 ἐκείναις
2443 2670 2649 2734 ἑνιαίως
2708 2691 2767 2725 τε
2827 2670 2914 2725 καὶ
2973 2667 3414 2746 συνεπτυγμένως
3463 2666 3712 2745 δωρηθὴν
3759 2668 3817 2725 ἐκ

2158 2762 2264 2818 τῶν
2293 2757 2695 2839 θεοπαραδότων
2730 2757 2945 2839 λογίων,
2980 2761 3050 2824 ὡς
3081 2760 3217 2832 ἡμῖν
3251 2758 3492 2838 ἐφικτὸν,
3527 2757 3581 2814 ἐν
3631 2780 3816 2816 ποικιο

2157 2849 2244 2924 λίᾳ
2302 2853 2387 2907 καὶ
2444 2850 2633 2920 πλάθει
2692 2848 2964 2927 διαιρετῶν
3025 2845 3308 2921 συμϐόλων
3361 2846 3812 2926 δεδώρηται.οὒ-

2157 2943 2243 2997 σία
2301 2942 2399 3019 γὰρ
2457 2945 2554 3007 τῆς
2588 2938 2703 2995 καθ’
2738 2942 2878 3014 ἡμᾶς
2904 2940 3175 3018 ἱεραρχίας
3207 2937 3317 2995 ἐστὶ
3353 2939 3420 2994 τὰ
3450 2938 3806 3016 θεοπαράδοτα

2155 3029 2337 3107 λόγια,
2399 3029 2709 3086 Σεπτότατα
2766 3027 2821 3084 δὲ
2879 3027 3036 3106 λόγια
3093 3029 3260 3094 ταῄτά
3291 3050 3487 3109 φαμεν,
3523 3027 3622 3084 ὅσα
3685 3030 3812 3107 πρὸς

2155 3128 2260 3176 τῶν
2290 3120 2479 3176 ἐνθέων
2507 3121 2663 3193 ἡμῶν
2720 3117 3095 3196 ἱεροτελεστῶν
3160 3119 3212 3174 ἐν
3271 3119 3619 3197 ἁγιογράφοις
3679 3121 3816 3193 ἡμῖν

2157 3211 2243 3266 καὶ
2273 3213 2608 3286 θεολογικαϊς
2641 3207 2929 3285 δεδώρηται
2963 3206 3188 3273 δέλτοις·
3223 3211 3311 3265 καὶ
3355 3209 3463 3282 μὴν
3521 3207 3619 3264 ὅσα
3683 3209 3817 3287 πρὸς

2155 3302 2261 3356 τῶν
2293 3301 2464 3355 αὐτῶν
2495 3299 2648 3378 ἱερῶν
2698 3297 2895 3366 ἀνδρῶν
2953 3296 3209 3374 ἆὺλοτέρᾳ
3269 3299 3487 3378 μυήσει,
3545 3299 3636 3354 καὶ
3697 3299 3815 3376 γεί-

2156 3390 2268 3446 τονί
2324 3411 2441 3453 πως
2493 3387 2596 3455 ἤδη
2655 3389 2755 3454 τῆς
2813 3387 3054 3465 οὐρανίας
3111 3389 3419 3467 ίεραρχίας,
3477 3387 3539 3443 ἐκ
3587 3388 3713 3452 νοος
3746 3389 3820 3452 εἷς

2158 3486 2301 3559 νοῦν,
2357 3475 2441 3533 διὰ
2498 3477 2660 3553 μέσου
2709 3477 2892 3552 λόγου,
2925 3485 3238 3552 σωματικοῦ
3273 3482 3394 3558 μὲν,
3429 3477 3715 3555 ἆῦλότέρου
3761 3475 3815 3533 δὲ

2159 3568 2330 3643 ὅμως,
2365 3569 2574 3646 γραγῆς
2605 3569 2783 3646 ἕκτος,
2833 3571 2880 3623 οἱ
2932 3569 3292 3644 καθηγεμόνες
3351 3571 3506 3643 ἡμῶν
3566 3568 3818 3643 ἐμυήθη-

2159 3680 2279 3721 σαν,
2315 3656 2441 3715 Οὒδέ
2474 3665 2637 3714 ταῦτα
2668 3660 2772 3714 τῶν
2823 3657 3010 3713 ἐνθέων
3059 3658 3327 3736 ἱεραρχῶν
3357 3661 3428 3723 εἰς
3486 3658 3548 3713 τὸ
3599 3663 3700 3724 τῆς
3734 3659 3819 3712 ιε-

2160 3749 2401 3828 ρουργίας
2444 3750 2621 3804 κοινὸν
2678 3746 3148 3826 ἀπαρακαλύπτως
3189 3746 3252 3796 89
3305 3747 3574 3822 νοήσὲσιν,
3609 3746 3736 3804 ἀλλ’
3768 3747 3821 3803 ἐν

2161 3837 2447 3913 συμϐόλοις
2505 3841 2670 3914 ἱερεῖς
2730 3835 3207 3916 παραδεδωκότων·
3271 3835 3382 3893 ἔστι
3437 3837 3537 3915 γὰρ
3591 3837 3653 3893 οὔ
3710 3842 3819 3900 πᾶς

2160 3930 2324 4009 ἱερὸς,
2356 3927 2473 3985 οὐδὲ
2504 3928 2743 4006 πάντων,
2776 3929 2848 3990 ὡς
2877 3927 2943 3982 τὰ
2972 3925 3131 4004 λόγιά
3154 3948 3341 4005 φησιν,
3376 3928 3409 3993 ἡ
3443 3929 3664 4004 γνῶσις,

424 4015 755 4079 amatorum
787 4030 1090 4074 sacrorum
1128 4011 1450 4091 prwsulum
1484 4022 1890 4088 monumenta,
1927 4014 1986 4074 in
2046 4016 2235 4078 sacris
2291 4015 2523 4078 ordinis
2553 4033 2876 4077 commune
2916 4014 3163 4090 bonum,
3199 4015 3530 4096 propatulis
3579 4013 3816 4077 intelli-

423 4104 660 4185 gentiis,
692 4102 800 4166 sed
829 4101 1113 4183 symbolis
1147 4101 1499 4180 quibusdam
1532 4108 1717 4164 sacris
1753 4103 2028 4167 traducta
2061 4115 2200 4168 sunt
2233 4127 2248 4188 ;
2285 4124 2405 4169 non
2435 4106 2594 4169 enim
2629 4104 2889 4188 quilibet
2919 4103 3220 4186 sacerdos,
3280 4105 3413 4166 157
3447 4122 3646 4186 neque
3675 4121 3816 4169 0m-

2052 4276 2200 4356 §V.

426 4195 619 4272 nium,
650 4201 713 4256 ut
747 4191 983 4273 eloquia
1011 4189 1274 4268 tradunt,
1300 4191 1551 4254 scientia
1577 4199 1689 4257 est.

509 4432 859 4500 Necessario
893 4432 1071 4512 igitur
1103 4430 1284 4513 primi
1311 4431 1464 4494 sacri
1490 4431 1718 4495 ordinis
1736 4434 1923 4497 nostri
1948 4455 2081 4499 mo-

2245 4440 2574 4519 ’Λναγκαίως
2633 4438 2723 4496 οὖν
2775 4439 2824 4496 οἱ
2879 4438 3079 4517 πρῶτοι
3135 4442 3235 4505 τῆς
3292 4437 3408 4494 καθ’
3444 4440 3585 4513 ἡμᾶς
3631 4440 3817 4517 ἱεραρ-

427 4520 1359 4612 deratores,supersubstantialis
1384 4522 1491 4584 Dei
1524 4523 1888 4603 principatus
1912 4544 2073 4589 sacro

2165 4531 2291 4612 χίας
2317 4529 2706 4609 καθηγεμόνες,
2741 4528 2800 4585 ἐκ
2829 4528 2925 4597 τῆς
2966 4528 3272 4606 ὕπερονσίου
3329 4529 3607 4608 θεαρχίας,
3671 4527 3823 4584 αὒτοί

421 4617 538 4700 ipsi
570 4631 820 4677 munere
853 4611 1034 4692 pleni,
1057 4612 1194 4674 etin
1221 4620 1484 4691 posteros
1517 4611 1663 4674 illud
1694 4613 1889 4694 ipsum
1927 4615 2085 4677 deri-

425 4714 624 4769 vatum
669 4721 704 4764 a
735 4701 931 4763 divina
966 4700 1231 4764 bonitate
1256 4701 1444 4777 missi,
1481 4719 1613 4763 cum
1649 4709 1707 4764 et
1735 4704 2084 4786 tpsi,utpote

428 4789 1084 4874 divini,promotionem
1118 4789 1681 4872 deiﬁcationemque
1707 4801 2078 4872 posterorum

427 4884 648 4950 all'atim
680 4879 1513 4960 desiderarent,sensibilibus
1544 4881 1753 4961 ﬁguris
1771 4899 2078 4963 superena-

426 4976 699 5049 lestia,et
729 4971 889 5049 quod
914 4969 1143 5032 unitate
1176 4968 1492 5032 collectum
1529 4977 1621 5032 est
1643 4969 1802 5033 varia
1827 4990 1960 5034 cum
1995 4973 2083 5034 di-

427 5064 750 5130 stinctione
770 5068 894 5122 tum
925 5058 1451 5133 multitudine,nec
1478 5079 1598 5121 non
1625 5065 1685 5121 in
1707 5061 1982 5124 humanis
1997 5062 2084 5124 di-

429 5151 736 5236 vina,etin
753 5147 1024 5213 materiis
1052 5149 1468 5224 immateriata,
1496 5158 1674 5231 atque
1703 5149 1764 5212 in
1797 5152 2082 5214 nostrati-

431 5246 545 5310 bus
566 5243 752 5306 rebus
780 5237 1524 5320 supersubstantialia,qua
1545 5240 1779 5320 scriptis
1810 5260 1924 5321 qua
1964 5261 2084 5303 non

429 5333 669 5415 scriptis
684 5325 1256 5410 institutionibus,in
1273 5330 1689 5393 sacratissimis
1711 5331 1968 5394 oraculis
1983 5351 2085 5394 no-

2165 4643 2223 4678 τε
2280 4619 2708 4687 ἀναπλησθέντες
2769 4625 2863 4676 τοῦ
2910 4620 3051 4697 ἱεροῦ
3107 4616 3295 4697 δώρου,
3357 4619 3447 4674 καὶ
3500 4619 3572 4679 εἰς
3607 4618 3668 4674 τὸ
3701 4615 3822 4685 ἒΞῆς

2166 4710 2292 4767 αὒτὸ
2329 4721 2656 4789 προαγαγεῖν
2687 4709 2788 4764 ὑπὸ
2817 4713 2917 4774 τῆς
2946 4711 3242 4786 θεαρχικῆς
3285 4706 3616 4784 ἂγαθότητος
3681 4707 3824 4764 ἀπε-

2165 4798 2472 4874 σταλμένοι,
2505 4801 2593 4855 καὶ
2624 4798 2768 4856 αὗτοὶ
2799 4796 2853 4854 δὲ
2911 4798 3147 4878 ἀφθόνως
3213 4797 3459 4869 ἐρῶντες,
3521 4799 3598 4859 ὡς
3658 4801 3824 4876 θεῖοι,

2163 4895 2260 4958 τῆς
2289 4897 2395 4946 τῶν
2427 4889 2546 4964 μετ’
2579 4888 2763 4952 αὑτοὺς
2819 4889 3106 4966 ἀναγωγῆς
3165 4888 3253 4944 καὶ
3311 4887 3576 4961 θεώσεως,
3642 4889 3825 4956 αἰσθη-

2166 4992 2287 5044 ταῖς
2321 4977 2484 5036 εἰκόσι
2517 4978 2583 5033 τὰ
2632 4976 3005 5056 ὑπερουράνια,
3073 4976 3162 5032 καὶ
3220 4974 3462 5048 ποικιὶίᾳ
3524 4976 3612 5031 διαὶ
3674 4976 3821 5047 πλή-

2165 5073 2241 5127 θει
2296 5070 2359 5125 τὸ
2429 5066 2872 5144 συνεπτυγμένον,
2939 5066 3028 5123 καὶ
3087 5065 3142 5120 ἐν
3211 5065 3555 5145 ἀνθρωπίνοις
3632 5086 3691 5122 τε
3761 5068 3826 5125 τὰ

2164 5156 2302 5217 θεϊα’
2361 5159 2448 5217 καὶ
2506 5156 2708 5222 ἑνόλοις
2765 5156 2830 5212 τὰ
2888 5155 3046 5231 ἄϋλα,
3104 5156 3193 5212 καὶ
3251 5167 3371 5220 τοῖς
3403 5152 3521 5210 καθ’
3552 5154 3704 5230 ἡμᾶς
3761 5158 3825 5213 τὰ

2168 5249 2467 5326 ὅπερούσια,
2534 5259 2657 5309 ταῖς
2721 5245 3006 5324 ἒγγρᾶφοις
3060 5265 3118 5300 τε
3176 5247 3348 5302 αὐτῶν
3415 5243 3502 5298 καὶ
3565 5243 3824 5322 ἀγράφοις

2167 5341 2417 5417 μυήσεσι,
2497 5337 2630 5394 κατὰ
2687 5337 2805 5398 τοὺς
2863 5335 3031 5412 ἱεροὺς
3083 5335 3216 5410 ἡμῖν
3270 5330 3545 5390 ἔδοσανθο
3597 5337 3824 5410 θεσμοὶς

1723 5509 1990 5574 VARl/E
2047 5512 2499 5582 LECTIONES.

510 5636 577 5688 85
600 5634 661 5696 in
692 5631 874 5696 dandi
907 5651 1051 5716 casu
1081 5633 1268 5716 ἁπάσῃ
1309 5633 1578 5716 ἱεραρχίᾳ,
1611 5630 1936 5716 V.__minor,
1973 5635 2079 5701 Ch.
2112 5639 2185 5697 D.
2215 5635 2279 5700 S.
2342 5635 2409 5687 86
2439 5636 2690 5715 λέγομεν,
2751 5633 2817 5696 Ρ.
2881 5633 2952 5698 D.
3011 5631 3118 5696 Ch.
3202 5633 3265 5682 37
3308 5655 3392 5714 γρ.
3428 5635 3593 5698 θείαν.
3646 5633 3711 5684 33
3740 5657 3825 5715 γρ.

434 5716 550 5779 οἶδέ
599 5716 664 5770 89
691 5715 1177 5796 ἁπερικαλύπτοις,
1208 5715 1280 5779 D.
1312 5712 1422 5777 Ch.
1485 5712 1881 5796 Θοπαρέδοσαν,
1921 5712 1999 5782 Ι),
