4042 6432
271 346 373 419 381

794 357 890 420 DE
936 354 1239 420 ECCLES.
1275 355 1731 431 HIERARCH.,
1781 358 1944 421 CAP.
1992 353 2038 421 Ι.
2075 392 2141 404 -
2176 354 2560 423 PARAPHR.
2600 357 3121 423 PACHYMERJE.

3536 345 3651 424 382

1313 488 1858 554 PARAPHRASIS
1897 488 2400 556 PACHYMERZE
2452 491 2604 574 (ῃ).

332 652 484 708 Μετᾶ
552 652 653 719 τὴν
722 652 966 731 οὐρανίαν
1041 653 1316 732 ἱεραρχίαν
1387 649 1737 726 διαλαμϐάνει
1819 656 1908 710 καὶ

2056 656 2197 717 Post
2212 654 2514 717 caelestem
2533 654 2926 718 hierarchiam
2948 656 3341 718 tractatetiam
3357 656 3431 719 de
3448 663 3654 720 nostra

252 742 365 819 περὶ
429 748 530 808 τῆς
564 743 683 799 καθ’
747 745 887 813 ἡμᾶς
918 744 1217 822 ἱεραρχίας,
1248 743 1315 810 ἢν
1372 742 1468 798 οὖν.
1512 742 1637 799 εἶπε
1692 745 1917 822 γηίνην·

248 834 292 888 εἰ
337 834 444 910 γὰρ
490 833 581 889 καὶ
616 832 672 888 ἐν
731 838 803 909 γῇ
847 830 1207 912 πολιτεύεται,
1255 831 1377 889 ἀλλ’
1434 835 1461 888 ὁ
1506 833 1705 895 σκοπὸς
1736 835 1823 889 καὶ
1860 835 1921 889 τὸ

242 920 399 985 τέλος
460 926 632 989 αὐτῆς
697 920 938 1000 οὐράνιός
1002 922 1166 1001 ἐστιν,
1226 923 1298 987 εἷς
1359 925 1586 997 μίμησιν
1643 929 1733 979 τοῦ
1793 926 1923 979 Θεοῦ

242 1010 453 1089 ἄγουσα
513 1014 603 1068 τὸν
651 1012 949 1091 ἄνθρωπον,
1012 1015 1188 1077 καθὼς
1220 1040 1227 1083 ;
1257 1013 1429 1079 ἐκείνη
1499 1014 1587 1079 τὰς
1632 1014 1770 1077 θείας
1835 1006 1922 1069 καὶ

244 1102 522 1171 οῦρανίους
583 1100 852 1178 δυνάμειςο
933 1103 1350 1180 προηγουμένως
1424 1103 1523 1181 γὰρ
1589 1104 1681 1159 καὶ
1731 1103 1920 1179 κυρίως

244 1192 306 1247 τὸ
338 1192 640 1270 καθαίρειν,
687 1194 747 1248 τὸ
778 1192 1046 1272 φωτίζειν,
1098 1193 1159 1248 τὸ
1188 1192 1450 1273 τελειοῦν,
1483 1202 1573 1251 τοῦ
1625 1200 1755 1248 Θεου
1785 1190 1918 1247 ἐστι’

248 1280 515 1352 δευτέρως
563 1281 618 1338 δὲ
667 1283 751 1338 καὶ
796 1288 905 1337 τῶν
965 1282 1233 1361 ἀγγέλων,
1271 1284 1406 1338 κατᾶ
1448 1283 1621 1359 τρίτον
1666 1280 1719 1338 δὲ
1768 1280 1924 1359 λόγον

254 1372 342 1426 καὶ
402 1376 578 1429 αὐτῶν
606 1376 713 1428 τῶν
757 1372 1066 1450 ἀνθρώπων·
1115 1382 1279 1432 ταῦτα
1322 1372 1421 1451 γάρ
1472 1373 1571 1427 εἰσι
1613 1371 1678 1428 τὰ
1721 1372 1837 1448 τρία
1890 1373 1925 1438 ἠ

252 1466 356 1526 τῆς
404 1463 681 1542 ἱεραρχίας
734 1462 994 1541 ἐνέργεια.
1055 1469 1230 1521 Ταῦτα
1288 1462 1431 1539 παρὰ
1484 1463 1582 1536 μὲν
1638 1473 1761 1526 ταῖς
1818 1459 1928 1516 ἅνω

253 1552 466 1613 οῦσίαις
498 1552 817 1627 τελούμενα,
888 1554 931 1608 εί
987 1554 1073 1608 καὶ
1131 1551 1399 1629 μυστήρια
1445 1553 1597 1625 εἰσιν,
1659 1553 1731 1615 ὡς
1796 1557 1927 1607 Θεοῦ

254 1640 388 1718 ἔργα
448 1642 743 1722 ὑπέρτατα,
778 1640 899 1697 ἀλλ’
959 1642 1046 1698 οὖν
1090 1643 1149 1698 οὔ
1196 1643 1459 1719 μυστήρια
1503 1643 1601 1698 εἶσι
1647 1643 1777 1719 πρὸς
1823 1639 1925 1696 ἀλ-

255 1730 463 1799 λήλας.
504 1742 667 1791 πῦσια
711 1734 811 1810 γὰρ
856 1733 1000 1810 ἅγιαι
1031 1735 1127 1789 καί
1183 1736 1522 1807 μεμυημέναι
1558 1733 1654 1788 εἰσὶ
1714 1736 1781 1807 τῇ
1812 1730 1922 1811 χᾶ-

2006 744 2552 824 hierarchia,quam
2585 765 2699 806 non
2733 744 2879 806 dixit
2904 746 3559 826 terrenam;quia,licet
3589 747 3652 809 in

2007 843 2165 896 terra
2193 835 2667 907 administretur,
2691 852 2908 915 scopus
2933 843 3125 896 tamen
3146 836 3345 897 etﬁnis
3368 835 3498 915 ejus
3521 856 3654 897 caa-

2006 925 2168 985 lestis
2198 932 2310 997 est,
2341 943 2474 985 cum
2498 925 2569 985 ad
2594 924 2953 987 imitandum
2978 924 3163 986 Deum
3188 924 3432 986 inducat
3454 926 3656 988 homio

2006 1031 2294 1084 nem,non
2312 1032 2484 1075 secus
2508 1033 2575 1074 ac
2606 1013 2701 1076 illa
2716 1014 3360 1096 divinasqctalestesque
3382 1014 3655 1094 virtutes,

2006 1103 2298 1182 siquidem
2326 1104 2731 1183 principaliter
2761 1124 2827 1164 ac
2853 1105 3114 1184 proprie,
3147 1103 3410 1184 expiare,
3432 1104 3656 1165 illumi-

2010 1212 2174 1266 nare,
2211 1194 2526 1273 perﬁcere,
2565 1193 2670 1256 Dei
2698 1202 2820 1271 est;
2856 1194 3214 1257 secundario
3247 1207 3445 1256 autem
3480 1202 3655 1256 etiam

2010 1284 2720 1363 angelorum,secundum
2744 1304 2880 1345 vero
2907 1286 3139 1347 tertiam
3159 1286 3449 1346 rationem
3478 1285 3658 1347 etiam

2010 1366 2272 1451 ipsorum
2310 1373 2642 1435 hominum.
2668 1381 2948 1454 quoniam
2981 1377 3106 1437 haec
3141 1378 3249 1438 tria
3276 1384 3413 1436 sunt
3445 1394 3661 1437 munus

2012 1463 2389 1526 hierarchize.
2412 1462 2551 1524 Hzec
2577 1463 2711 1524 dum
2738 1464 2795 1524 in
2821 1466 3093 1544 supernis
3116 1465 3357 1546 quidem
3384 1465 3660 1527 essentiis

2015 1553 2799 1631 perﬁciuntur,tametsisint
2826 1555 3121 1635 mysteria,
3148 1556 3370 1634 quippe
3396 1556 3501 1618 Dei
3524 1573 3664 1635 ope-

2011 1660 2076 1703 ra
2137 1643 2592 1722 sublimissima,
2642 1654 3049 1705 verumtamen
3110 1646 3304 1725 quoad
3367 1644 3498 1705 illas
3542 1663 3663 1706 non

2013 1741 2148 1793 sunt
2172 1734 2490 1815 mysteria;
2523 1734 2799 1813 quoniam
2827 1753 3035 1795 omnes
3053 1742 3270 1796 sanctae
3289 1741 3426 1795 sunt
3448 1743 3504 1796 et
3525 1753 3663 1813 gra-

254 1844 364 1899 ριτι
394 1832 491 1879 τοῦ
523 1830 678 1903 Θεοῦ,
706 1824 749 1879 εἰ
794 1824 880 1878 καὶ
924 1821 1061 1888 ἄλλη
1094 1821 1264 1888 ἄλλης
1297 1821 1519 1901 προέχει
1563 1822 1700 1877 κατὰ
1730 1823 1789 1877 τὸ
1824 1820 1927 1896 μέ-

2019 1824 2093 1884 tia
2119 1823 2223 1885 Dei
2248 1833 2631 1899 consecratae,
2655 1824 2924 1904 quamvis
2942 1824 3129 1885 altera
3158 1824 3234 1885 sit
3258 1824 3445 1887 altera
3475 1842 3662 1904 prais-

253 1932 384 1988 τρον
448 1911 548 1979 τῆς
595 1912 713 1969 ἐκεῖ
755 1912 868 1969 εἴτε
916 1911 1134 1987 τάξεως,
1183 1909 1295 1967 εἴτε
1340 1912 1446 1986 μὴν
1494 1912 1583 1968 καὶ
1634 1909 1926 1985 δυνάμεως·

2020 1913 2260 1992 tantior,
2293 1912 2622 1974 secundum
2650 1913 2939 1975 rationem
2966 1933 3097 1995 quae
3120 1914 3241 1978 illic
3265 1926 3379 1991 eSt,
3412 1914 3536 1977 sive
3556 1933 3662 1976 or-

252 1997 385 2078 παρ’
449 2002 588 2076 ἡμῖν
640 2000 696 2057 δὲ
746 2000 1061 2077 τελούμενα,
1097 2002 1360 2080 μυστὴρια
1417 2000 1684 2085 λέγονται,
1719 2004 1778 2059 οὐ
1826 2000 1925 2079 γὰρ

2019 2002 2165 2063 dinis
2191 2002 2313 2063 sive
2333 2004 2733 2084 virtutis;qnaa
2754 2022 2890 2064 vero
2920 2003 3073 2085 apud
3103 2022 3212 2066 nos
3246 2004 3661 2085 perﬁciuntur,

252 2090 457 2157 πάντες
518 2093 757 2171 καθαροὶ,
817 2093 934 2148 οὔτε
1006 2092 1116 2168 μήν
1182 2091 1542 2168 μεμυημένοι,
1620 2083 1793 2149 ’Ὅθεν
1836 2092 1925 2146 καὶ

2019 2093 2287 2172 mysteria
2319 2111 2422 2155 seu
2454 2083 2829 2156 sacramenta
2860 2083 3162 2168 dicuntur,
3190 2083 3308 2156 non
3350 2095 3511 2156 enim
3543 2083 3668 2157 om;

251 2180 387 2259 παρ’
452 2181 678 2245 ἐκείναις
744 2183 844 2257 μὲν
896 2182 1127 2246 ἀπάσαις
1182 2183 1345 2238 ταῦτά
1392 2183 1546 2256 εἰσιν,
1592 2184 1637 2238 εὶ
1680 2182 1767 2237 καὶ
1824 2180 1922 2236 ἆνᾶ

2019 2197 2111 2238 nes
2133 2183 2258 2252 puri
2283 2192 2630 2254 sunt,ueque
2652 2183 2821 2240 etiam
2849 2183 3240 2241 initiati.Unde
3260 2185 3316 2241 in
3342 2184 3454 2241 illis
3476 2185 3667 2243 omni-

254 2270 421 2348 μέρος
470 2274 555 2328 γιαἶ
586 2272 946 2346 καθαίρονται,
982 2273 1066 2328 καὶ
1118 2274 1456 2352 φωτίζονται,
1505 2273 1592 2327 καὶ
1649 2268 1919 2328 τελειοῦν-

2019 2272 2181 2333 nibus
2213 2273 2321 2335 ista
2341 2281 2500 2349 sunt,
2531 2274 2644 2335 etsi
2673 2292 2779 2355 per
2810 2282 3007 2355 partes
3035 2274 3213 2337 etiam
3235 2276 3567 2355 expientur,
3601 2284 3666 2337 et

538 2359 554 2383 ν
611 2364 623 2383 ε
793 2360 837 2381 M
930 2363 943 2379 ο
1040 2368 1064 2378 ..
1236 2362 1249 2375 .
1348 2362 1359 2381 ,
1672 2362 1685 2382 ‘

253 2379 375 2417 ται·
424 2384 535 2441 παρ
602 2375 740 2438 ημῖν
789 2383 843 2417 οε
896 2384 955 2417 ου
993 2384 1177 2443 πασιν,
1228 2361 1365 2417 αλλα
1394 2384 1522 2436 τισι,
1559 2364 1732 2423 καθως
1761 2360 1850 2416 καὶ
1895 2360 1923 2414 ὁ

2019 2361 2421 2423 illuminentur
2451 2371 2630 2439 atque
2664 2363 3092 2442 perﬁciantur;
3125 2364 3280 2444 apud
3317 2383 3424 2426 nos
3462 2373 3661 2427 autem

254 2452 389 2514 Θεὸς
455 2450 542 2508 διὰ
595 2474 688 2508 του
745 2453 1020 2531 προφήτου
1091 2450 1260 2528 λέγει’
1325 2453 1392 2509 Τὸ
1463 2450 1761 2528 μυστήριόν
1823 2469 1924 2524 μου

2019 2471 2131 2513 non
2162 2451 2221 2513 in
2243 2451 2663 2526 omnibus,sed
2684 2455 2740 2515 in
2763 2453 3664 2535 quibusdam,quemadmodum

256 2542 380 2615 ἐμοὶ
437 2543 527 2599 καὶ
582 2554 701 2607 τοϊς
746 2542 924 2618 ἐμοϊς⁸
974 2541 1133 2617 ἐμοὺς
1164 2540 1337 2619 λέγων
1367 2541 1580 2602 πάντως
1612 2540 1736 2604 τοὺς
1768 2540 1927 2615 ἱερεῖς

2019 2542 2190 2603 etiam
2207 2541 2365 2605 Deus
2380 2561 2484 2623 per
2497 2543 2849 2623 prophetam
2873 2543 3669 2624 ait,mysterium,seusecre-

258 2634 298 2703 ἢ
374 2634 501 2695 τοὺς
575 2631 973 2707 μεμυημένους.
1044 2632 1152 2699 Τὴν
1218 2637 1343 2709 γοῦν
1400 2632 1506 2686 τῶν
1566 2628 1927 2708 προκειμένων

2019 2638 2138 2694 tum
2168 2650 2367 2694 meum
2395 2631 2551 2694 mihi
2578 2634 2603 2675 ιι
2634 2640 2694 2695 et
2714 2635 2888 2714 meis;
2923 2651 3085 2695 meos
3115 2633 3556 2715 dicens,utique
3580 2653 3672 2696 sa-

259 2722 577 2805 κεφαλαίων
634 2718 971 2777 διδασκαλίαν
1004 2721 1139 2777 κατὰ
1182 2718 1355 2776 διττὸν
1412 2731 1652 2777 ποιεῖται
1712 2719 1927 2795 τρόπον.

2019 2720 2291 2783 cerdotes
2325 2721 2417 2783 vel
2451 2721 2739 2784 initiatos.
2776 2722 3227 2803 Propositorum
3261 2722 3458 2804 itaque
3492 2722 3665 2803 capi-

265 2816 493 2893 Πρῶτον
551 2812 649 2889 γὰρ
681 2810 939 2867 ἐκτίθεται
998 2811 1082 2888 τὸ,
1114 2816 1228 2873 πῶς
1260 2809 1496 2866 τελεῖταί
1524 2812 1584 2865 τὸ
1644 2809 1927 2887 μυστήριον

2019 2812 2274 2872 tulorum
2300 2811 2633 2874 doctrinam
2668 2811 2891 2891 duplici
2937 2811 3112 2873 modo
3165 2813 3362 2876 tradit.
3403 2812 3668 2875 Primum

262 2913 362 2963 τοῦ
416 2900 735 2981 κεφαλαίου·
770 2904 857 2957 καὶ
916 2899 1204 2970 μετέπειτα
1235 2900 1422 2978 θεωρίᾳ
1480 2901 1580 2955 τινὶ
1624 2904 1778 2955 τοῦτο
1827 2919 1927 2954 πα-

2021 2900 2180 2962 enim
2233 2902 2573 2981 exponitur,
2610 2902 2910 2982 quomodo
2950 2902 3297 2983 mysterium
3330 2922 3437 2965 seu
3461 2920 3668 2966 sacra-

271 2992 582 3067 ραδίδωσιν.
681 2994 811 3049 Οἷον
846 3038 862 3065 ,
939 2991 1231 3068 μυστηρίου
1302 2991 1640 3069 φωτίσματος
1732 2989 1927 3052 ἕκθεσις

2022 2998 2288 3053 mentum
2336 2992 2449 3054 ista
2493 2995 2688 3072 capite
2722 2991 3091 3072 propositum
3123 3001 3674 3068 consummetur,ac
3696 3053 3709 3065 ,

274 3091 506 3161 πρῶτον,
565 3081 694 3137 εἶτα
755 3079 968 3157 δευτέρα
1028 3082 1061 3147 ἡ
1129 3081 1319 3152 θεωρία
1364 3080 1543 3139 αὐτοῦ’
1593 3077 1778 3158 πάλιν,
1827 3100 1927 3153 μυ-

2019 3080 2240 3143 deinde
2261 3099 2366 3155 per
2384 3083 2948 3164 contemplationem
2976 3081 3293 3161 quamdam
3315 3081 3459 3144 illud
3491 3082 3675 3163 expli-

276 3173 488 3250 στηρίου
560 3169 821 3236 συνάξεως
892 3169 1123 3245 ἕκθετις,
1185 3170 1310 3227 εἶτα
1382 3171 1417 3237 ἡ
1488 3169 1677 3248 θεωρία
1750 3166 1927 3229 α’ὂτοῦ.

2021 3170 2650 3269 σομνθιιὺὶβςθῐξθβερ
2664 3171 2956 3269 expositio
2975 3168 3672 3269 illustrationisseubap-

276 3263 425 3321 Ἐπεὶ
471 3262 575 3340 γὰρ
620 3258 805 3317 διπλοῖ
858 3262 1022 3335 ἔσμεν
1066 3260 1154 3317 καὶ
1212 3262 1398 3336 ἡμεῖς,
1465 3259 1642 3335 ὁρατοὶ
1697 3258 1837 3315 κατὰ
1877 3258 1927 3313 τί

2025 3260 2526 3337 tismatis;deinde
2557 3259 2951 3342 subsequitur
2982 3261 3112 3340 ejus
3135 3261 3675 3340 contemplatio;si-

262 3358 451 3426 σῶμα,
516 3350 796 3425 νοούμενοι
852 3350 990 3406 κατὰ
1061 3354 1288 3429 ψυχην,
1348 3346 1511 3416 διπλῆ
1570 3349 1657 3405 καὶ
1728 3350 1763 3417 ἡ
1821 3346 1927 3403 γαθ¹

2024 3349 2247 3411 militer
2271 3349 2559 3430 expositio
2582 3350 2938 3412 sacramenti
2959 3368 3245 3431 synaxeos
3267 3368 3374 3412 seu
3408 3369 3676 3412 commu-

260 3444 418 3516 ἡμᾶς
484 3440 753 3519 ἱεραρχία,
790 3439 1041 3513 αἰσθητὴ,
1076 3436 1160 3494 διὰ
1213 3438 1320 3495 τῶν
1350 3436 1737 3517 ἐνεργουμένων
1795 3458 1927 3510 συμ-

2022 3439 2241 3515 nionis,
2276 3439 2495 3502 deinde
2545 3439 2965 3520 contemplatio
3006 3439 3302 3520 ejusdem.
3352 3441 3499 3503 Cum
3540 3440 3665 3500 ιϐι

263 3530 478 3609 δόλων,
544 3529 739 3601 νοητὴ,
806 3526 889 3583 διὰ
946 3533 1045 3595 τῆς
1101 3529 1346 3605 θεωρίας,
1409 3528 1612 3603 Θεωρία
1681 3525 1735 3582 δέ
1794 3525 1927 3582 ἐστιν

2019 3534 2174 3590 enim
2198 3540 2253 3589 et
2282 3548 2391 3588 nos
2423 3532 2639 3602 dupiici
2668 3542 2824 3602 parte
2858 3541 3209 3600 constemus,
3243 3531 3677 3590 visibllisecun-

266 3618 511 3687 ἐπιϐολὴ
561 3620 682 3682 νοὸς
716 3616 912 3693 ἂμεσος
943 3618 1029 3673 καὶ
1075 3616 1209 3693 ψιλῆ
1238 3624 1343 3673 τῶν
1387 3618 1679 3686 αἰσθήσεων
1711 3617 1843 3692 πρὸς
1874 3614 1927 3670 τὸ

2022 3619 2161 3675 dum
2191 3627 2476 3688 corpus,et
2502 3616 2815 3674 intellectili
2838 3616 3157 3674 secundum
3188 3614 3678 3686 animamdupleX

264 3710 626 3783 ὑποκείμενα,
689 3707 793 3775 Τῆς
870 3712 993 3784 γοῦν
1066 3704 1318 3773 τοιαύτης
1387 3707 1657 3785 ἱεραρχίας
1713 3706 1802 3761 καὶ
1877 3704 1927 3759 τὶ

2022 3711 2112 3764 est
2160 3702 2337 3766 etiam
2374 3702 2530 3783 apud
2552 3721 2658 3763 nos
2689 3702 3048 3776 hierarchia,
3095 3701 3335 3763 sensilis
3363 3700 3672 3762 nimirum:

269 3796 525 3874 σύμϐολα
572 3795 835 3875 μυστήριᾶ
869 3797 967 3851 εἰσι
1011 3797 1141 3873 πρὸς
1179 3796 1297 3857 τοὺς
1331 3794 1505 3861 ξένους
1556 3799 1654 3861 τῆς
1700 3792 1927 3860 Ἐκκλή-

2025 3801 2269 3874 propter
2291 3792 2563 3871 symbola
2592 3811 2723 3872 quae
2756 3791 3117 3853 exhibentur
3147 3808 3169 3867 ;
3196 3799 3252 3852 et
3283 3789 3674 3869 intellectilis,

273 3893 399 3952 σίας
443 3890 534 3944 καὶ
564 3886 858 3961 ἀμυήτους
908 3884 1047 3942 ἀλλὰ
1077 3886 1162 3942 καὶ
1205 3888 1241 3954 ἡ
1301 3885 1511 3961 θεωρία,
1546 3887 1617 3948 ὡς
1672 3883 1927 3959 ὑπερτοίττ

2025 3882 2864 3962 proptercontemplationem.
2901 3879 3335 3961 Contemplatio
3359 3888 3558 3940 autem
3587 3886 3680 3940 est

271 3984 501 4057 γνῶσις,
542 3978 627 4035 ριαὶ
680 3974 907 4050 δεομένη
967 3975 1219 4049 πίστεως,
1256 3976 1543 4052 μυστήριον
1595 3970 1799 4052 λέγοιτ’
1856 3971 1927 4032 ὀὶν⁴

2025 3972 2374 4034 immediata
2404 3972 2621 4033 mentis
2650 3981 2707 4035 et
2735 3972 2903 4035 exilis
2932 3989 3215 4032 sensuum
3249 3968 3569 4051 applicatio
3605 3968 3678 4028 ad

269 4073 454 4134 καθὼς
526 4068 617 4122 καὶ
688 4068 715 4122 ὁ
785 4063 1115 4127 Ἀπόστολος
1185 4063 1351 4142 λέγει·
1434 4064 1737 4139 Μυστήριον
1807 4061 1927 4139 λέγω

2028 4081 2097 4124 ea
2128 4081 2258 4143 quae
2287 4068 2721 4142 proponuntur.
2760 4061 3098 4124 Istiusmodi
3121 4060 3297 4137 igitur
3323 4057 3683 4121 hierarchiae

270 4161 435 4233 ὑμϊνο
515 4157 711 4217 πάντες
785 4155 885 4229 μὲν
958 4156 1018 4210 οὐ
1089 4154 1552 4228 κοιμηθησόμεθα,
1631 4153 1814 4214 πάντες
1894 4151 1927 4207 δί

2031 4152 2596 4233 symbola,prol‘anis
2616 4161 2673 4213 et
2705 4151 2776 4213 ab
2792 4150 3058 4214 Ecclesia
3084 4149 3387 4212 extraneis
3412 4148 3688 4228 mysteria

273 4246 723 4323 ἀλλαγησόμεθα,
774 4241 926 4301 Ἀλλ’
976 4241 1122 4317 ὅμως
1180 4243 1245 4299 τὰ
1288 4240 1526 4318 σύμϐολα
1585 4242 1747 4317 μόνον
1802 4240 1924 4319 λέγε

2033 4259 2269 4323 quoque
2300 4252 2436 4302 sunt
2463 4259 2476 4303 :
2508 4251 2919 4304 verumtamen
2946 4239 3686 4319 contemplatio,tanquam

275 4337 551 4413 μυστήρια
608 4336 740 4410 πρὸς
800 4336 919 4397 τοὺς
976 4335 1272 4407 ἀμυήτους,
1320 4335 1391 4394 ὡς
1453 4329 1688 4410 εἴρηται·
1739 4332 1831 4392 τὰς
1893 4328 1927 4385 δέ

2031 4350 2311 4411 suprema
2334 4331 2876 4411 cognitio,qumque
2895 4329 3011 4392 ﬁde
3044 4348 3196 4405 Opus
3216 4326 3687 4407 h:tbeat,myste-

276 4427 568 4503 ἆναγωγὰς
632 4426 804 4480 αὒτῶν
847 4423 1064 4500 θεωρίας
1106 4426 1290 4502 φησὶν,
1344 4423 1417 4483 ὡς
1460 4423 1553 4476 τὸν
1597 4427 1713 4477 νοῦν
1775 4424 1927 4478 αὖτῶτ

2033 4421 2187 4481 rium
2219 4420 2744 4499 appellatur,juxta
2777 4421 2934 4499 quod
2960 4427 3017 4479 et
3047 4416 3368 4497 Apostolus
3390 4421 3471 4477 ait
3498 4414 3688 4494 :Mys-

278 4513 585 4591 ἀναγούσας
645 4513 710 4568 τὰ
740 4513 915 4567 οἰκεῖα
972 4514 1194 4590 θεωρεῖν
1239 4512 1415 4574 καθὼς
1478 4510 1724 4589 ἓχουσιν,
1758 4510 1801 4565 εἰ
1860 4532 1927 4564 κα

2034 4512 2255 4573 ῑθνκίιιηι
2285 4509 2450 4572 vobis
2484 4511 2773 4572 dicomon
2805 4526 3006 4569 omnes
3063 4506 3302 4587 quidem
3332 4505 3686 4567 obdormie-

280 4588 468 4665 ἄλλως
532 4601 615 4658 διὰ
673 4598 954 4676 συμϐόλων
1014 4588 1379 4680 ἐμφαίνονται.
1450 4588 1669 4676 Ὀγίγὰρ
1711 4588 1927 4674 μυηθεὶς

2033 4618 2187 4676 mus,
2240 4600 2348 4661 sed
2374 4616 2578 4661 omnes
2630 4597 3167 4664 immutabimuri.
3196 4602 3477 4657 Attamen
3524 4612 3687 4673 sym-

279 4696 376 4751 καὶ
424 4691 575 4755 ἐντὸς
625 4691 912 4769 γενόμενος
955 4696 1052 4765 τῇς
1097 4690 1249 4767 ἁγίας
1296 4694 1525 4763 σκηνῆς,
1573 4688 1927 4763 ἀνακεκαλυμ-

2030 4688 2167 4750 bola
2196 4697 2422 4749 tantum
2461 4695 2632 4749 vocat
2665 4685 3173 4768 mysteria,quoad
3198 4703 3302 4745 eos
3329 4683 3562 4745 scilicet
3589 4683 3688 4764 qui

282 4788 438 4859 μὲνῳ
467 4781 742 4858 προσώπῳ
791 4778 1018 4861 ὀφεοίλει
1050 4783 1271 4859 θεωρεῖν
1299 4780 1363 4835 τὰ
1391 4784 1491 4847 τῆς
1549 4777 1778 4840 πίστεως
1813 4779 1927 4853 μετέ

2031 4778 2285 4838 necdum
2313 4776 2525 4837 initiati
2553 4776 2806 4852 sunt,uti
2835 4775 3059 4835 dictum
3087 4781 3215 4837 est:
3252 4791 3459 4836 eorum
3489 4781 3688 4834 autem

284 4873 549 4937 πίστεως,

2028 4884 2342 4946 anagogas,
2379 4864 2637 4946 appellat
2684 4862 3246 4944 contemplationes,
3298 4862 3521 4943 quippe
3558 4880 3690 4943 quas

309 4968 582 5023 mentem
616 4958 845 5038 erigant
877 4958 948 5021 ad
981 4976 1184 5020 rerum
1214 4957 1502 5039 ipsarum,
1531 4964 1595 5018 ut
1626 4956 1687 5018 in
1736 4974 1801 5017 se
1850 4964 2014 5031 sunt,
2064 4955 2660 5035 contemplationem,
2697 4954 2832 5016 licet
2858 4954 3030 5016 aliter
3060 4953 3235 5013 etiam
3272 4970 3382 5031 per
3424 4952 3691 5033 symbola

295 5050 713 5112 insinuentur.
750 5047 858 5121 Qui
893 5049 1051 5111 enim
1093 5048 1363 5110 initiatus
1397 5055 1487 5109 est
1516 5055 1575 5109 et
1602 5046 1757 5109 intra
1786 5064 2020 5108 sacrum
2063 5047 2249 5108 velum
2284 5046 2615 5125 ingressus,
2638 5044 2895 5106 revelata
2924 5042 3074 5105 facie
3101 5060 3236 5104 cum
3267 5041 3386 5103 ﬁde
3426 5047 3691 5104 contem-

288 5141 444 5221 plari
482 5137 664 5221 debet
696 5155 768 5200 ea
798 5156 932 5217 quae
959 5144 1100 5200 sunt
1142 5135 1310 5198 ﬁdei.

374 5228 408 5310 ς
443 5239 485 5291 l.
513 5219 656 5287 ’Ὅτι
687 5229 786 5305 μὲν
814 5231 849 5297 ἡ
872 5228 988 5284 καθ’
1014 5231 1159 5303 ἡμᾶς
1184 5228 1449 5307 ἱεραρχία,
1477 5227 1521 5282 εἰ
1549 5228 1636 5283 καὶ
1666 5224 1782 5283 καθ’
1805 5227 1950 5299 ἡμᾶς

288 5320 538 5399 λέγεται,
570 5316 693 5375 ἀλλ’
750 5317 841 5375 οὗν
870 5319 959 5375 καὶ
1016 5318 1150 5386 αὕτη
1181 5319 1266 5374 καὶ
1295 5319 1407 5373 θεία
1451 5315 1557 5373 ἐστὶ
1588 5316 1706 5374 καθ’
1761 5316 1949 5397 αὐτὴν,

2115 5225 2144 5307 §
2175 5224 2220 5289 Ι.
2246 5223 2659 5287 Hierarchiam
2706 5230 2996 5299 nostram,
3034 5220 3171 5284 licet
3196 5226 3394 5281 nostra
3431 5218 3688 5295 dicatur,

2036 5320 2302 5381 attamen
2324 5324 2382 5378 et
2408 5314 2600 5396 ipsam
2626 5333 2731 5396 per
2753 5332 2818 5377 se
2831 5313 3091 5376 divinam
3117 5327 3403 5386 esse,non
3416 5326 3593 5372 secus
3618 5328 3688 5372 ac

376 5554 405 5595 ³³
438 5553 555 5618 Isa.
590 5568 750 5628 xxiv,
786 5552 890 5629 46,
923 5568 1048 5615 sec.
1080 5550 1363 5634 Septuag.
1399 5551 1460 5614 in
1491 5549 1732 5632 aliquod
1763 5548 1940 5612 codd.
1994 5548 2008 5592 ί
2052 5548 2077 5611 Ι
2107 5548 2241 5614 Cor.
2277 5566 2377 5631 xv,
2413 5550 2513 5614 51.

379 5713 509 5797 (22)
535 5712 694 5777 Vide
723 5712 970 5777 Scholia
996 5714 1061 5775 S.
1096 5712 1336 5778 Maximi
1365 5719 1514 5782 tom.
1543 5712 1615 5797 Il,
1641 5730 1750 5799 cap
1782 5713 1810 5775 1
1849 5710 2072 5775 Eccles.
2111 5711 2283 5779 Hier.
