4042 6418
386 314 503 390 383
1595 335 1658 399 s.
1705 328 2048 398 DIONYSII
2090 328 2625 396 AREOPAGITE.
3649 320 3768 390 384

381 467 685 533 cmlestem
703 469 1195 548 hierarchiam,et
1220 495 1253 539 a
1275 475 1398 539 Deo
1424 476 2026 555 insitam,secundum

2123 471 2187 535 ὣς
2218 470 2307 527 καὶ
2348 472 2383 540 ἡ
2431 469 2644 549 οὖρανὶα
2685 467 2949 552 ίεραρχία,
2985 468 3074 527 καὶ
3117 466 3319 549 ἔνθεος,
3353 468 3487 528 κατὰ
3516 468 3773 549 μετοχὴ·

384 559 897 651 participationem
918 583 1117 627 rerum
1137 568 1366 630 illarum
1385 570 2029 651 divinarum,juxtaque

2123 566 2218 617 τῶν
2267 560 2419 617 θείων
2468 560 2704 635 ἐκείνων,
2739 562 2828 618 καὶ
2884 558 3003 617 κατ’
3032 558 3238 627 ἐκείνην
3295 559 3396 628 τὴν
3443 561 3585 638 ἱερὰν
3640 559 3770 616 ἐπι-

381 666 608 740 sacram
644 650 805 714 illam
839 656 1149 718 scientiam
1200 669 1255 720 et
1286 650 1817 738 operationem,$ui
1851 650 2030 740 parti-

378 738 544 819 cipes
598 742 877 805 deiﬁcare
933 758 1109 827 atque
1157 749 1551 828 perﬁcereex
1611 738 2028 812 sacratissimis

379 827 707 912 Scripturis
732 827 1267 899 demonstrandum
1293 847 1531 911 est;non
1559 846 1757 901 tamen
1781 839 2025 902 omnino

382 920 795 995 omnibus,sed
824 924 1053 986 solisiis
1085 925 1187 1003 qui
1213 945 1321 1008 per
1354 927 1704 989 traditiones
1728 930 2030 1008 apostolo-

379 1024 513 1070 rum
546 1009 876 1075 istiusmodi
909 1014 1282 1079 institutione
1332 1016 1499 1095 digni
1530 1027 1668 1079 sunt
1711 1018 1921 1081 habiti.
1943 1017 2029 1080 Tu

383 1106 579 1161 autem
613 1104 1101 1170 observa.sancte
1127 1106 1316 1182 fili,ne
1345 1107 1433 1168 vel
1458 1109 1626 1187 juxta
1655 1126 1867 1169 novum
1898 1127 2028 1169 mo-

379 1193 629 1264 rem,vel
658 1210 766 1272 per
809 1195 1082 1258 ordinem
1137 1196 1427 1259 doctrinae
1461 1198 1687 1278 (patres
1715 1197 1872 1258 enim
1897 1206 2035 1259 sunt

377 1282 806 1362 Prmceptores)
855 1283 1110 1347 ridicule
1147 1294 1206 1347 et
1249 1287 1655 1349 irreverenter
1695 1287 2033 1349 istiusmodi

380 1371 975 1460 mysteriamanifesta
1009 1375 1190 1438 facias
1219 1376 1500 1439 omnibus
1522 1378 2032 1460 profanis,quires

375 1457 611 1523 divinas
674 1463 1075 1543 mysticasque
1101 1468 1257 1529 risus
1302 1457 1679 1530 occasionem
1726 1457 2057 1546 facerent},

377 1640 614 1719 quando
643 1642 822 1704 etiam
838 1662 988 1725 Opus
1016 1645 1453 1710 sitistiusmodi
1479 1650 2033 1730 communicare,ne

379 1731 791 1794 communices
808 1734 1187 1812 rudioribus;
1218 1743 1323 1799 sed
1350 1736 1783 1818 sanctis,idque
1809 1736 1925 1800 illis
1943 1757 2056 1807 sa-.

377 1828 688 1882 crosancte
728 1832 790 1885 et
817 1842 952 1887 cum
996 1843 1162 1889 sacra
1194 1826 1877 1900 illustratione,minime
1922 1829 2033 1889 im-
2059 1848 2095 1898 Β
2119 1846 2158 1899 μ

376 1909 664 1972 morando
696 1914 868 1993 typis,
905 1915 1009 1977 sed
1044 1915 1500 1995 inaspectabilia
1525 1916 1902 1980 illustrando:
1942 1918 2031 1983 sic

376 1996 536 2057 enim
571 1998 748 2061 etiam
801 2001 975 2064 nobis
1005 2004 1075 2066 ad
1115 2005 1315 2066 divina
1341 2006 1671 2085 conversis,
1708 2006 1801 2067 vel
1831 2007 2030 2068 divina

377 2086 826 2154 concinentibus
856 2092 1103 2174 collegis
1124 2093 1337 2157 tradita
1357 2095 1778 2169 fuerunt.Quin
1798 2103 1856 2158 et
1878 2096 2032 2177 ipse-

382 2184 504 2237 met
533 2178 712 2262 Deus,
746 2182 846 2262 qui
880 2202 1050 2245 mens
1094 2193 1183 2246 est
1234 2184 1337 2246 illa
1383 2184 1686 2247 divinitate
1720 2195 2030 2248 transcen-

378 2263 659 2357 dens,qui
686 2272 885 2335 omnis
920 2274 1332 2339 sanctimonia;
1359 2274 1697 2356 divinaeque
1724 2276 2029 2357 operatio-

377 2356 471 2416 nis
483 2374 659 2421 causa
683 2360 880 2423 existit
914 2362 1070 2445 (cum
1087 2364 1247 2426 enim
1265 2364 1599 2427 hierarchia
1615 2356 1863 2428 scientia
1884 2365 1961 2428 sit
1976 2373 2035 2428 et

376 2449 1137 2536 operatio.sanctimoniam
1152 2453 1391 2536 quidem
1405 2455 1479 2516 ad
1496 2454 1809 2517 scientiam
1824 2456 2028 2527 refert,

342 2540 345 2543 ’
377 2535 485 2598 Dei
499 2553 643 2600 vero
678 2541 810 2602 162
835 2535 1247 2625 Operationem
1279 2545 1354 2605 ad
1376 2544 1698 2608 efﬁcaciam
1724 2563 1827 2607 seu
1845 2545 2033 2607 actio-

377 2626 546 2706 nem)
564 2630 904 2695 ccelestibus
935 2634 1251 2696 virtutibus
1274 2635 1651 2698 manifestius
1674 2634 1850 2697 simul
1866 2635 2030 2697 etin-

377 2714 746 2795 telligibilius
769 2722 1011 2803 aﬂ'ulget
1046 2723 1459 2803 (intelligimus
1477 2726 1635 2787 enim
1669 2733 1726 2787 et
1755 2743 1886 2799 nos,
1923 2724 2029 2786 sed

376 2822 496 2895 non
528 2815 591 2868 ut
619 2809 773 2889 istas)
801 2830 947 2892 quas
978 2812 1153 2875 etiam
1188 2814 1264 2875 ad
1299 2814 1600 2895 propriam
1635 2833 1806 2876 suam
1832 2814 2028 2875 lucem

376 2893 748 2985 informat,ut
793 2902 1074 2965 nimirum
1104 2904 1283 2966 etiam
1304 2893 1459 2966 alios
1484 2905 1841 2979 illuminent,
1866 2904 2036 2985 juxta

378 2984 653 3051 virtutem
686 2991 1037 3071 spiritalium
1054 3003 1111 3054 et
1136 2994 1575 3057 intellectilium
1600 3013 1842 3057 suarum
1870 2984 2037 3055 natu-

380 3096 722 3152 rarum,non
738 3098 927 3149 autem
967 3093 1284 3151 secundum
1308 3093 1574 3152 virtutem
1593 3094 1801 3152 suimet
1829 3095 2031 3164 ipsius;

378 3185 524 3270 nam
550 3176 726 3270 Deus
747 3179 983 3270 inﬁnitae
1002 3181 1227 3240 virtutis
1252 3182 1517 3270 est.9uin
1549 3192 1603 3241 et
1627 3191 2030 3270 nostras,_quae
2051 3219 2092 3270 ο

379 3254 754 3336 multmsunt,
793 3260 1133 3343 varietates,
1185 3272 1242 3324 et
1272 3263 1673 3326 multiformes
1703 3254 2031 3325 carnalium

377 3348 812 3413 desideriorum
831 3369 1182 3434 curas,quas
1203 3353 1480 3434 prohibet
1499 3353 1889 3429 Dominus,ad
1910 3352 2037 3414 uni-

377 3439 629 3502 formem
674 3440 1054 3523 divinamque
1101 3444 1275 3504 vitam
1338 3443 1594 3521 reducit,
1662 3452 1723 3505 ut
1754 3444 2034 3504 nimirum

378 3548 723 3612 qumramus
746 3531 1005 3612 primum
1033 3550 1285 3612 regnum
1311 3530 1513 3608 Dei,et
1554 3532 1848 3612 justitiam
1882 3531 2034 3612 ejus.

376 3624 441 3687 Id
476 3633 676 3687 autem
710 3643 826 3705 quo
855 3624 941 3687 sic
966 3625 1166 3687 anima
1190 3626 1549 3706 disponitur,
1584 3644 1822 3687 sacrum
1854 3625 2030 3688 habi-

376 3720 504 3773 tum
557 3712 896 3794 appellavit,
932 3714 1033 3797 qui
1078 3715 1168 3776 vel
1217 3719 1474 3776 maxime
1506 3714 1923 3778 sacerdotibus
1946 3722 2034 3776 est

377 3803 1225 3883 consentaneus.Accipientes
1257 3805 1453 3887 itaque
1482 3803 1556 3867 ab
1580 3804 1709 3885 ipso
1731 3805 2028 3879 virtutem,

377 3892 799 3972 progredimur
838 3892 911 3954 ad
971 3893 1328 3956 hierarchize
1381 3893 1780 3956 functionem:
1832 3901 1889 3956 et
1921 3894 2031 3955 hoc

377 3979 555 4041 modo
587 3981 807 4043 sanctis
853 3982 1081 4061 angelis
1127 3983 1634 4064 approximamus,
1673 3983 2033 4063 illorumque

377 4089 492 4150 ope
510 4071 581 4132 ad
611 4071 868 4133 divinam
894 4073 1091 4136 lucem
1120 4073 1815 4155 suscipientesjndeque
1839 4073 2033 4136 scien-

382 4161 465 4221 tia
480 4160 834 4240 cognitionis
865 4164 1339 4244 spectaculorum
1359 4162 1639 4225 illustrali
1664 4163 2036 4243 (spectacula

382 4258 579 4311 autem
625 4259 791 4312 vocat
834 4251 1143 4315 doctrinas
1175 4252 1250 4314 de
1284 4255 1431 4334 Deo,
1465 4272 1597 4334 quae
1628 4272 1743 4314 non
1772 4271 1841 4314 ex
1875 4254 2035 4316 nudo

381 4338 697 4402 verborum
731 4340 962 4424 auditu,
989 4343 1081 4404 vel
1114 4360 1416 4404 sacrarum
1452 4341 1859 4404 doctrinarum
1896 4360 2037 4423 pro-

382 4431 758 4492 nuntiatione
790 4431 1337 4514 existunt)evadere
1358 4432 1781 4513 poterimus,ut
1812 4434 2038 4514 patien-
2086 4463 2090 4466 ~

383 4532 475 4582 tes
496 4520 738 4598 quidem
771 4542 901 4604 quae
923 4523 1005 4586 ibi
1025 4524 1269 4605 pulchra
1291 4532 1447 4601 sunt,
1497 4525 2037 4603 consecrati,nem-

385 4626 460 4688 pe
490 4610 617 4690 puri
640 4620 694 4672 et
719 4611 1157 4687 luciformes,et
1187 4613 1434 4693 peifecti
1462 4634 1477 4694 ;
1504 4613 1659 4674 velut
1683 4614 1885 4674 habitu
1902 4632 2038 4674 vero

384 4699 498 4759 hoc
542 4700 1091 4784 obtinentes,atque
1149 4704 1357 4764 eadem
1415 4704 1544 4765 aliis
1587 4703 2039 4765 communicare

384 4789 670 4865 valentes,
703 4803 1173 4866 consecratores,
1225 4802 1283 4853 et
1332 4795 1480 4855 lucis
1523 4804 1866 4874 operatores
1937 4813 2039 4856 seu

386 4876 843 4961 illuminatores,
878 4892 935 4944 et
990 4882 1399 4962 perfectores:
1434 4885 1559 4945 haec
1603 4882 1899 4964 siquidem
1935 4884 2044 4944 tria

387 4976 526 5029 sunt
571 4969 923 5033 bierarchiae
964 4981 1184 5053 partes.

471 5061 502 5139 §
530 5058 755 5122 ll.Cum
782 5069 981 5122 autem
1005 5061 1102 5124 hic
1126 5082 1326 5123 sermo
1343 5062 1488 5125 duas
1510 5064 2032 5143 agnoscathierar-

384 5149 560 5214 chius.
579 5150 897 5207 secundum
923 5154 1415 5223 participationem
1440 5155 1804 5211 divinissimte
1829 5169 1920 5210 ess
1946 5168 2033 5210 λιι-

383 5240 482 5302 tia:
505 5240 699 5304 omnis
723 5243 1074 5306 hierarchize
1090 5243 1346 5323 Dei,vult
1371 5244 1542 5308 Pater
1568 5246 1665 5308 hic
1696 5245 2028 5320 declarare,

391 5330 528 5409 quid
563 5333 681 5393 illis
712 5352 1029 5394 commune
1058 5333 1280 5413 etquid
1312 5336 1614 5414 pruprium
1650 5335 2042 5413 sit,quo«-irra

395 5418 561 5482 dicit:
587 5420 1007 5503 qugmdem
1026 5414 1293 5499 cmlestis
1314 5426 1389 5485 sit
1415 5425 1750 5485 hierarchia
1778 5423 1919 5485 alibi
1950 5441 2043 5485 re-

400 5511 725 5585 peries,ubi
751 5512 889 5572 licet
920 5531 1037 5572 non
1068 5532 1171 5591 pro
1197 5512 1629 5591 dignitate,pro
1661 5512 1814 5574 virili
1843 5522 2041 5574 tamen

392 5601 703 5671 nostra,de
726 5600 847 5661 illis
895 5602 1260 5682 disputatum
1288 5610 1377 5663 est
1399 5620 1414 5677 ;
1437 5607 1496 5661 in
1542 5621 1658 5682 quo
1680 5605 1952 5665 Tractatu
1984 5604 2044 5665 id

387 5703 572 5752 unum
606 5688 862 5753 dicimus
886 5692 1309 5754 observatione
1338 5691 1777 5783 dignum,quod
1817 5711 1952 5758 cum
1985 5694 2045 5765 in

2115 651 2329 724 στήμην
2386 653 2469 707 καὶ
2512 651 2778 730 ἐνέργειαν
2829 651 2978 716 θεοὺς
3028 648 3286 707 ἀποτελεῖ
3344 651 3462 712 τοὺς
3496 647 3769 731 μετόχους

2114 740 2275 809 ἀῦτῆς
2332 743 2420 798 καὶ
2461 740 2688 815 τελειοῖ,
2722 740 2781 798 ἐκ
2824 741 2928 798 τῶν
2989 740 3287 819 ίερωτάτων
3347 746 3567 822 Γραφῶν
3623 740 3773 796 ἀπο-

2116 827 2281 895 δεῖξαι
2340 832 2478 910 χρή·
2514 829 2633 887 ἀλλ’
2679 832 2739 887 οὗ
2769 831 2981 893 πάντως
3029 835 3209 902 πᾶσιν,
3246 828 3385 888 ἀλλὰ
3428 829 3615 906 μόνοις
3643 830 3774 893 τοῖς

2116 918 2432 994 ἠξιωμένοις
2493 926 2593 988 τῆς
2650 920 2898 988 τοιαύτης
2944 921 3320 998 μυσταγωγίας
3351 917 3435 977 διὰ
3484 925 3583 997 τῇς
3626 921 3778 978 ἄπο-

2114 1010 2320 1066 στόλων
2374 1010 2736 1091 παραδόσεως.
2772 1012 2847 1067 Σὺ
2888 1008 2943 1067 δὲ
3003 1011 3214 1086 σκόπει,
3258 1011 3365 1089 ίερὲ
3396 1022 3522 1090 παῖ,
3554 1009 3593 1079 ἢ
3636 1010 3782 1067 κατὰ

2115 1101 2174 1155 τὸ
2223 1100 2503 1181 νεώτερον,
2542 1101 2573 1169 ἢ
2618 1102 2755 1159 κατὰ
2784 1102 2877 1169 τὴν
2927 1099 3073 1167 τάξιν
3114 1105 3212 1168 τῆς
3244 1097 3583 1164 διδασκαλίας
3639 1106 3778 1175 (πα-

2115 1189 2263 1267 τέρες
2333 1191 2432 1271 γὰρ
2495 1194 2541 1250 οἱ
2613 1190 2987 1269 διδάσκαλοι),
3065 1189 3213 1257 ὅπως
3288 1190 3366 1266 μὴ
3438 1188 3780 1269 παιγνιωδῶς

2115 1281 2202 1337 καὶ
2259 1279 2559 1348 ἀνευλαὸὦς
2619 1284 2851 1358 ποιήσῃς
2911 1294 3031 1347 τοῖς
3088 1280 3318 1359 ἀνιέροις
3381 1286 3665 1361 καταφανῇ
3709 1281 3782 1338 τὰ

2115 1379 2334 1427 τοιαῦτα
2395 1375 2682 1453 μυστήρια,
2711 1371 2947 1450 γέλωτος
3008 1370 3256 1452 ἀφορμὴν
3310 1370 3651 1446 ποιουμένοις
3705 1371 3781 1427 τὰ

2115 1463 2236 1517 θεῖα
2278 1474 2374 1519 καῖ
2417 1464 2667 1538 μυστικά·
2704 1461 2841 1519 ἀλλᾶ
2883 1463 3110 1539 τίμησον
3154 1461 3307 1537 αὐτὰ,
3341 1460 3521 1539 ὥσπερ
3563 1459 3777 1540 λόγον’,

377 1547 484 1610 sed
508 1568 796 1614 venerare
821 1553 976 1629 illas,
1026 1556 1181 1618 sicut
1225 1575 1461 1638 aequum
1496 1566 1586 1620 est
1615 1557 2031 1622 silentioAtsi

377 1640 614 1698 quando
643 1642 822 1698 etiam
838 1662 988 1698 onus
1016 1645 1451 1698 silistinsmndi
1479 1650 1927 1698 cnmmnnimrn
1957 1667 2033 1698 np.

2123 1557 2184 1628 τῇ
2239 1557 2443 1629 σιωπῇ.
2509 1555 2567 1610 Εἰ
2620 1552 2672 1611 δέ
2724 1576 2827 1611 που
2883 1554 2977 1610 καὶ
3042 1550 3219 1623 δεήσει
3269 1551 3651 1625 κοινώσασθαι,
3692 1554 3778 1627 μὴ

2123 1644 2234 1698 ἰοῖς
2291 1640 2599 1698 ἀτελέστοις
2655 1643 2853 1698 τούτων
2912 1664 2973 1698 κο
2991 1641 3184 1698 ινώνει.
3233 1639 3371 1697 ἀλλὰ
3397 1652 3514 1698 τοῖς
3575 1642 3775 1698 ίεοοῖς-

2144 1653 2234 1721 ἑοῖς
2291 1640 2599 1707 ἀτελέστοις
2655 1643 2853 1700 τούτων
2912 1641 3184 1715 κοινώνει,
3233 1639 3371 1697 ἀλλὰ
3397 1652 3514 1705 τοῖς
3575 1642 3776 1721 ἱεροῖς,

2117 1702 2380 1911 nimbata;
2464 1702 2794 1812 ἱεροπρεπῶς
2868 1733 2954 1788 καὶ
3025 1730 3141 1807 μεθ’
3169 1702 3350 1809 ’ἱερᾶς
3422 1702 3775 1807 ἐλλάμῷεωςζ

2119 1846 2158 1899 μ
2254 1822 2593 1897 ἐναπομένων
2628 1836 2747 1888 τοῖς
2806 1824 3013 1903 τύποις,
3046 1820 3184 1879 ἀλλὰ
3226 1822 3292 1877 τὰ
3320 1820 3513 1877 ἀθέατα
3562 1818 3775 1897 911p.-

2254 1822 2593 1897 ἐναπομένων
2628 1836 2747 1888 τοῖς
2806 1824 3013 1903 τύποις,
3046 1820 3184 1879 ἀλλὰ
3226 1822 3292 1877 τὰ
3320 1820 3513 1877 ἀθέατα
3562 1818 3779 1897 ὲ)λαμ-

2116 1916 2373 1993 πόμενος·
2408 1915 2546 1974 οὕτω
2593 1918 2688 1996 γὰρ
2739 1919 2825 1974 καὶ
2855 1919 2995 1991 ἡμῖν
3044 1929 3160 1982 τοῖς
3202 1916 3319 1993 περὶ
3370 1914 3436 1970 τὰ
3463 1918 3584 1971 θεῖα
3639 1914 3778 1971 ἒπε-

2114 2005 2489 2084 στραμμένοις,
2524 2007 2559 2077 ἢ
2605 2008 2669 2064 τὰ
2721 2011 2842 2064 θεῖα
2892 2005 3069 2080 ᾅδουσι
3101 2017 3416 2087 χορευταῖς,
3465 2003 3777 2084 παρεδόθη-

2114 2117 2237 2159 σαν,
2314 2098 2410 2155 Καὶ
2470 2097 2624 2164 αὐτὸς
2679 2100 2705 2154 ὁ
2764 2097 3196 2177 θεαρχικώτατος
3250 2116 3368 2159 νους
3431 2097 3459 2151 ὁ
3523 2097 3679 2170 Θεὸς,
3743 2099 3782 2165 ἡ

2116 2187 2294 2255 πάσης
2352 2188 2653 2266 ἁγιωσύνης
2698 2188 2783 2244 καὶ
2841 2188 3113 2266 θεουργίας
3164 2187 3326 2261 αἰτία,
3391 2184 3530 2263 (ἐπεὶ
3584 2187 3689 2265 γὰρ
3745 2187 3784 2255 ἡ

2116 2275 2359 2357 ίεραρχια
2406 2278 2681 2354 ἐπιστήμη
2744 2276 2856 2334 ἐστὶ
2897 2279 2985 2335 καὶ
3028 2275 3290 2354 ἐνέργεια,
3324 2277 3427 2343 τὴν
3475 2274 3573 2351 μὲν
3601 2276 3787 2353 ἁγιω-

2117 2368 2278 2433 σύνην
2320 2368 2455 2446 πρὸς
2498 2369 2597 2435 τὴν
2642 2370 2948 2441 ἒπιστῆμην
2993 2363 3276 2445 λαμϐάνει,
3326 2365 3425 2433 τὴν
3480 2362 3535 2421 δὲ
3586 2368 3788 2445 θεουρ-

2121 2455 2241 2532 γίαν
2297 2459 2429 2536 πρὸς
2498 2458 2596 2525 τὴν
2658 2455 2949 2538 ἐνέργειαν)
3013 2469 3137 2518 ταῖς
3189 2455 3454 2534 οὐρανίαις
3512 2453 3789 2532 ἐλλάμπει

2116 2541 2365 2621 δυνάμεσι
2409 2547 2720 2627 τρανότερόν
2773 2568 2833 2604 τε
2875 2548 2967 2605 καὶ
3012 2545 3329 2625 νοερώτερον
3375 2547 3620 2626 (νοοῦμεν
3678 2547 3788 2624 γὰρ

2113 2633 2201 2691 καὶ
2259 2637 2448 2717 ἡμεῖς,
2503 2636 2623 2694 ἀλλ’
2685 2637 2744 2696 οὒ
2800 2635 2920 2695 κατ’
2965 2636 3211 2710 ἰκείνας),
3262 2637 3351 2692 καὶ
3404 2637 3598 2700 ταύτας
3647 2637 3787 2713 πρὸς

2114 2724 2175 2779 τὸ
2228 2727 2429 2784 οίκεϊον
2486 2734 2624 2809 φῶς,
2657 2727 2751 2784 ἵνα
2809 2728 2895 2785 καί
2947 2725 3100 2785 αὒταὶ
3156 2722 3361 2794 δηλαδὴ
3413 2726 3534 2790 τοὺς
3578 2723 3783 2790 ἄλλους

2114 2816 2440 2893 φωτίζωσιν,
2500 2817 2782 2897 ἀφομοιοῖ,
2840 2818 2975 2873 κατᾶ
3033 2813 3251 2892 δύναμιν
3309 2818 3480 2873 αὐτῶν
3544 2812 3611 2882 δὴ
3671 2820 3782 2871 τῶν

2117 2913 2312 2986 νοερῶν
2353 2929 2409 2962 τε
2455 2910 2542 2964 καὶ
2574 2913 2781 2974 νοητῶν
2842 2910 3058 2980 οὐσιῶν,
3093 2907 3153 2962 οὐ
3194 2905 3295 2985 γὰρ
3337 2904 3473 2961 κατὰ
3500 2904 3601 2971 τὴν
3648 2905 3779 2960 ἑαδ-

2116 2984 2217 3053 τοῦὝ
2265 2995 2505 3071 δύναμιν·
2568 2996 2985 3075 ἂπειροδύναμος
3046 2996 3145 3075 γὰρ
3204 2998 3231 3052 ὁ
3290 2996 3446 3056 Θεὸς.
3481 2984 3671 3070 Ἦμῶν
3719 3015 3782 3051 τε

2116 3087 2211 3150 τὰς
2243 3085 2446 3149 πολλὰς
2491 3086 2830 3166 ἑτερότητας,
2866 3087 2961 3151 τὰς
3017 3083 3318 3149 πολυειδεῖς
3368 3091 3473 3141 τῶν
3509 3086 3785 3162 σαρκικῶν

2118 3175 2408 3251 ἐπιθομιῶν
2465 3176 2745 3252 μερίμνας,
2778 3177 2839 3241 ἃς
2876 3175 3216 3255 ,ἀπαγορευει
3273 3176 3299 3231 ὁ
3364 3174 3582 3253 Κύριος,
3647 3196 3783 3231 συν-

2120 3268 2237 3344 άγει
2296 3267 2369 3331 εἷς
2403 3265 2605 3334 ἑνοειδῆ
2649 3267 2736 3323 καὶ
2764 3267 2903 3323 θείαν
2960 3268 3128 3345 ζωὴν,
3174 3267 3234 3323 τὸ
3277 3271 3465 3336 ζητεῖν
3522 3261 3785 3331 δηλονότι

2120 3356 2173 3412 ἒν
2232 3357 2461 3433 πρώτοις
2511 3357 2607 3425 τὴν
2637 3356 2907 3434 βασιλείαν
2957 3364 3050 3413 τοῦ
3094 3361 3250 3428 Θεοῦ,
3286 3355 3374 3414 καὶ
3425 3357 3523 3421 τήν
3566 3351 3785 3410 δικαιο-

2120 3447 2281 3514 σύνην
2313 3448 2489 3505 uino-3.
2525 3450 2594 3505 Τὸ
2644 3445 2699 3503 δὲ
2743 3445 2881 3503 οὕτω
2921 3448 3251 3503 πεποιῶσθαι
3293 3444 3394 3512 τὴν
3427 3444 3638 3522 ψυχὴν,
3676 3442 3787 3509 ἕξιν

2120 3538 2262 3615 ίεραν
2318 3535 2669 3609 ἀπεκάλεσεν,
2724 3535 2838 3604 ἥτις
2888 3537 2976 3592 καὶ
3034 3533 3272 3610 μάλιστα
3304 3545 3424 3597 τοῖς
3470 3532 3788 3612 ίερωμένοις

2114 3625 2399 3704 πρεπώδης
2457 3628 2593 3689 ἔστί,
2640 3625 3010 3704 Λαμὸσίνοντες
3069 3630 3195 3703 γοῦν
3252 3622 3383 3703 παρ’
3439 3620 3639 3681 ἐκείνου
3682 3623 3788 3690 τὴν

2115 3714 2333 3792 δύναμιν
2396 3719 2780 3798 προχωροῦμεν
2851 3717 2937 3773 καὶ
3011 3715 3096 3771 ἐπὶ
3167 3714 3269 3782 τὴν
3336 3713 3433 3782 τῆς
3500 3712 3789 3792 ίεραρχίας

2115 3806 2409 3885 ὶνέργειανο
2473 3808 2559 3864 καὶ
2612 3806 2780 3870 οὕτως
2846 3805 3126 3885 ἐγγίζομεν
3174 3816 3292 3867 τοῖς
3367 3801 3639 3882 ἀγγέλοις,
3714 3807 3787 3879 τῇ

2118 3898 2250 3977 πρὸς
2315 3897 2501 3962 αὖτοὺς
2565 3897 2917 3977 ἀφομοιώσει,
2972 3896 3059 3952 καὶ
3118 3893 3185 3951 δι’
3243 3899 3417 3954 αὐτῶν
3484 3894 3616 3973 πρὸς
3685 3892 3792 3960 τὴν

2114 3984 2410 4066 θεαρχικὴν
2484 3987 2655 4066 αὐγὴν
2726 3983 3148 4061 ἀναϐλέψαντες,
3225 3985 3313 4040 καὶ
3382 3980 3779 4060 ἓλλαμφθὲντες

2118 4076 2320 4134 ἐκεῖθεν
2365 4077 2465 4144 τὴν
2520 4076 2832 4151 ἐπιστήμην
2893 4079 2991 4144 τῆς
3037 4080 3141 4131 τῶν
3192 4073 3471 4148 θεαμάτων
3529 4070 3789 4151 γνώσεως

2115 4168 2380 4244 (θεάματα
2428 4165 2481 4222 δὲ
2538 4167 2602 4222 τὰ
2660 4168 2776 4243 περὶ
2838 4173 2969 4223 Θεοῦ
3026 4186 3156 4245 φησι
3189 4160 3508 4240 διδάγματα’
3563 4165 3623 4219 οὗ
3679 4161 3787 4239 γὰρ

2120 4256 2249 4337 ἔρχι
2303 4256 2469 4331 ψιλῆς
2505 4262 2602 4323 τῆς
2641 4256 2748 4313 τῶν
2809 4254 2985 4333 λόγων
3021 4256 3191 4321 ἆκδης
3240 4253 3275 4321 ἢ
3308 4252 3659 4333 ἐκφωνήσεως
3722 4252 3787 4307 τὰ

2120 4348 2225 4403 τών
2277 4347 2429 4424 ἱερῶν
2490 4349 2742 4421 μυήσεών
2811 4347 2984 4419 εἰσιν),
3014 4344 3260 4421 γενέσθαι
3305 4339 3660 4420 δυνησόμεθα,
3707 4342 3786 4399 ὡς

2121 4438 2378 4499 παθόντες
2451 4436 2548 4511 μὲν
2612 4438 2678 4492 τὰ
2746 4435 2949 4493 ἐκεῖθεν
3019 4431 3183 4512 καλὰ,
3244 4430 3622 4512 ἀφιερωμένοι,
3674 4427 3787 4497 δη-

2124 4528 2300 4584 λονότι
2371 4530 2608 4605 καθαροὶ,
2669 4528 2756 4583 καὶ
2828 4522 3165 4606 φωτοειδεῖς,
3226 4524 3314 4579 καὶ
3383 4519 3783 4583 τετελεσμένοι-

2122 4618 2196 4680 ὡς
2261 4617 2377 4673 καθ’
2424 4616 2527 4681 ἕξιν
2582 4614 2636 4674 δέ
2687 4616 2905 4696 ἔχοντες
2948 4620 3135 4693 ταῦτα,
3166 4613 3255 4669 καὶ
3299 4610 3421 4691 δρᾷν
3481 4609 3566 4668 ἐπ’
3618 4607 3791 4667 ἄλλον

2124 4705 2425 4782 δυνάμενοι,
2471 4706 2756 4786 ἀφιερωταὶ
2802 4707 2891 4762 καὶ
2946 4704 3305 4786 φοτουργικοὶ,
3353 4697 3458 4757 εἴτ’
3514 4698 3603 4756 οὖν
3660 4722 3789 4778 φω-

2125 4797 2368 4869 τιστικοῖ,
2420 4799 2507 4852 καὶ
2561 4794 2939 4875 τελεσιουργοί³
3002 4800 3167 4850 ταῦτα
3213 4792 3315 4871 γὰρ
3371 4791 3436 4849 τὰ
3464 4790 3583 4869 τρία
3642 4788 3789 4864 μέρη

2125 4891 2222 4954 τῆς
2255 4886 2525 4966 ἱεραρχίας
2558 4888 2706 4946 εἰσίν.

2205 5065 2235 5145 §
2267 5075 2331 5126 ll.
2369 5062 2588 5132 Ἐπειδὴ
2619 5064 2705 5122 δύο
2736 5065 3009 5145 ἱεραρχίας
3041 5065 3069 5120 ί)
3100 5062 3261 5141 λόγος
3295 5059 3411 5119 οἵδε
3444 5062 3578 5118 κατὰ
3610 5082 3785 5137 μετο-

2125 5160 2235 5236 χὴν
2278 5160 2375 5222 τῆς
2405 5156 2844 5236 θεαρχικωτᾶτης
2902 5154 3079 5220 οὒσίας
3116 5152 3329 5218 ἁπάσης
3372 5152 3645 5231 ἱεραρχίας
3691 5159 3789 5210 τοῦ

2126 5248 2280 5318 Θεοῦ,
2312 5246 2554 5322 βούλεται
2606 5247 2633 5301 ὁ
2680 5244 2860 5323 Πατὴρ
2903 5243 2962 5299 τό
3021 5264 3078 5299 τε
3162 5242 3339 5298 κοινὸν
3382 5244 3552 5300 αὐτῶν
3583 5241 3674 5297 καὶ
3722 5242 3788 5297 τὸ

2126 5332 2262 5393 ἴδιον
2318 5333 2664 5415 διασαφῆσαι,
2693 5332 2778 5389 διὰ
2838 5340 2991 5391 τοῦτο
3048 5337 3215 5411 λεγει*
3266 5327 3363 5397 Τίς
3411 5329 3510 5407 μέν
3559 5329 3705 5386 ἐστιν
3747 5333 3783 5398 ἡ

2126 5425 2335 5503 οὒρανία
2407 5426 2677 5504 ἱεραρχία,
2748 5424 2988 5500 εὑρήσεις
3061 5421 3117 5479 ἓν
3190 5418 3395 5493 ἄλλοις,
3471 5418 3604 5479 ὅπου
3688 5423 3788 5478 οὒκ

2126 5513 2280 5579 ἀξίως
2331 5513 2456 5588 μὲν,
2502 5516 2574 5576 ὡς
2608 5512 2822 5591 ἐφικτὸν
2869 5510 2924 5568 δὲ
2952 5513 3115 5587 ἡμῖν,
3150 5510 3268 5587 περὶ
3326 5513 3496 5567 αὐτῶν
3540 5506 3783 5587 εἴρηταιο

2131 5602 2185 5659 ἒν
2241 5604 2278 5681 ᾗ
2330 5600 2385 5657 δὲ
2433 5601 2698 5678 περικοπῇ
2739 5600 2796 5658 ἓν
2845 5624 2896 5659 τι
2939 5599 3171 5679 λέγομεν
3231 5597 3561 5662 ἐπιστάσεως
3614 5595 3785 5673 ἄξιον,

2133 5690 2213 5750 ὅτι
2256 5693 2421 5771 ἡμεῖς
2453 5691 2574 5769 μὲν,
2636 5691 2773 5748 κατᾶ
2828 5690 3003 5748 πάντα
3032 5687 3349 5777 προθέμενοι
3394 5699 3516 5755 τοῖς
3546 5686 3787 5771 ἀρχαιο·
