4042 6428
259 363 375 432 385

792 365 890 427 DE
935 363 1234 427 ECCLES.
1269 358 1721 434 HIERARGH.,
1767 354 1934 420 CAP.
1986 357 2035 418 l.
2070 389 2145 400 —
2181 354 2572 418 PARAPHB.
2606 337 3127 419 PACHYMERE.

3540 356 3659 424 386

251 500 426 578 τέροις
485 497 928 569 κατακολουθεῖν,
987 495 1043 552 ἑν
1100 519 1176 561 τῳ
1226 496 1348 574 Περὶ
1407 502 1502 562 τῆς
1536 494 1922 571 o’ipz~ii1qie~.

2010 491 2262 554 mnibus
2295 492 2668 571 propositum
2689 490 2765 551 sit
2789 489 2963 551 nobis
2986 492 3352 574 antiquiores
3376 496 3643 578 sequi,iu

255 590 489 668 ροιρχίας
539 592 759 662 εἰπομεν
819 585 936 643 κατ’
971 587 1200 652 ἐκείνους
1256 589 1355 654 τὴν
1411 591 1518 641 τῶν
1543 586 1740 661 θρόνων
1771 586 1912 652 τάξιν

252 679 594 759 ὑψηλοτέραν
627 679 735 736 τῶν
795 676 993 738 ἄλλων,
1056 679 1365 744 Σκοπητέον
1423 674 1478 730 δὲ
1509 674 1568 732 ἐκ
1611 677 1832 751 τούτων,
1868 678 1912 732 εἰ

251 770 440 833 καλῖσς
501 771 724 843 ταύτην,
796 768 884 823 καὶ
941 766 999 823 οὗ
1056 767 1154 833 τὴν
1213 770 1317 822 τῶν
1369 766 1596 846 σεραφίμ
1631 781 1645 796 ’
1695 766 1912 823 ἐνταῦθα

253 860 358 937 γὰρ
431 860 542 916 ἀπὸ
571 865 678 915 τῶν
728 853 977 937 ἐσχάτων
1016 853 1317 931 διακόσμῶν
1376 854 1687 933 ἀρξάμενος,
1749 853 1912 936 μέχρι

253 952 486 1006 καὶτῶν
520 946 758 1028 σεραφῖμ
789 945 1048 1013 κατέληξε
1085 994 1096 1007 ,
1136 946 1282 1013 Πλὴν
1325 944 1444 1001 ἀλλ’
1479 945 1624 1011 ὅπως
1671 944 1733 1001 ἄν
1766 946 1911 1025 ἔχοι,

253 1040 461 1095 νικάτω
490 1040 552 1094 τὸ
613 1036 987 1117 ἀρχαιότερον.
1051 1035 1315 1097 Τοσοῦτον
1373 1033 1427 1091 δὲ
1497 1034 1645 1110 όμως
1691 1037 1718 1091 ὁ
1765 1035 1913 1114 ἅγιος

251 1127 427 1207 λέγει,
456 1131 518 1185 τὸ
549 1130 726 1185 κοινὸν
794 1127 1008 1193 ἁπάσης
1042 1126 1316 1205 ἱεραρχίας
1348 1127 1617 1200 συνιστὰς,
1666 1123 1746 1182 ὅτι
1769 1132 1912 1182 πᾶσα

244 1221 504 1300 ἱεραρχία
543 1221 666 1295 μίαν
711 1216 831 1297 ἔχει
890 1217 988 1283 τὴν
1047 1214 1286 1291 δύναμιν.
1350 1219 1420 1273 Τὸ
1464 1216 1635 1272 τοίνυν
1669 1218 1822 1272 αὐτόν
1854 1237 1910 1271 τε

246 1311 344 1366 τὸν
372 1307 638 1388 ἱερείρχην
700 1307 836 1364 κατὰ
871 1307 971 1373 τὴν
1000 1304 1129 1362 ἰδίαν
1192 1307 1392 1362 οὗσίαν·
1429 1305 1567 1372 ἄλλη
1604 1307 1697 1383 γὰρ
1742 1305 1911 1385 ἀγγέ-

249 1399 353 1455 λου
395 1401 698 1466 τελειότης,
766 1398 860 1453 καί
906 1395 1045 1464 ἄλλη
1081 1396 1354 1476 ἀιθρώπου
1387 1412 1399 1425 ·
1438 1397 1525 1452 καὶ
1571 1396 1714 1461 αὖθις
1775 1397 1910 1452 κατὰ

249 1493 360 1556 τὴν
409 1490 606 1548 οἰκείαν
657 1486 953 1562 ἆναλογίαν
987 1489 1077 1542 καὶ
1123 1484 1267 1551 τάξιν
1301 1502 1313 1516 '
1349 1485 1433 1542 ἐπὶ
1467 1488 1566 1566 γὰρ
1597 1500 1712 1549 τοῖς
1745 1491 1910 1564 οὖρα-ο

251 1582 386 1642 νίοις
416 1579 558 1646 ἂλλη
612 1584 710 1646 τῆς
779 1573 1218 1657 ὑπερϐεϐηωίας,
1275 1579 1364 1633 καὶ
1408 1573 1547 1644 ἄλλη
1579 1582 1677 1644 τῆς
1709 1574 1909 1633 ὑποϐε-

254 1669 485 1737 ϐηκυίας
543 1667 738 1734 τάξεως
793 1669 828 1736 ἡ
873 1668 1188 1746 Λαμπρότης
1222 1684 1237 1699 ·
1303 1667 1387 1723 ἐπὶ
1437 1665 1491 1722 δὲ
1535 1680 1653 1733 τοῖς
1698 1681 1915 1745 γηϊνοις

1997 581 2151 643 libro
2162 583 2244 645 De
2257 579 2497 644 Caelesti
2511 579 2872 642 Hierarchia
2888 581 3332 658 diximus,inter
3345 586 3478 647 illos
3493 587 3654 648 thro-

1998 689 2210 733 norum
2244 671 2518 732 ordinem
2553 670 2786 731 caeteris
2817 687 2950 731 esse
2981 669 3649 738 sublimioremNerum

1997 779 2066 823 ex
2099 759 2874 841 hisperpendendum,num
2909 760 3077 821 illum
3093 773 3476 844 recte,etnon
3499 785 3658 828 sera-

2000 851 2610 930 phim,sublimiorem
2631 850 2904 912 ordinem
2926 869 3198 916 asserere
3230 853 3649 919 debuerimus:

1999 940 2097 1002 hic
2119 941 2278 1002 enim
2309 941 2382 1002 ab
2418 939 2638 1001 ultimis
2674 940 3164 1020 dispositionibus
3195 942 3654 1024 incipiens,tan-

1998 1031 2132 1092 dem
2164 1032 2221 1092 in
2245 1031 2541 1110 seraphim
2588 1030 2827 1093 desivit.
2863 1032 3183 1107 Caeterum,
3217 1034 3508 1115 quidquid
3545 1037 3654 1099 hac

1999 1120 2073 1183 de
2104 1139 2169 1183 re
2199 1123 2294 1202 sit,
2331 1121 2529 1183 vincat
2561 1121 2616 1182 id
2674 1121 2834 1200 quod
2868 1123 3168 1204 antiquius
3201 1133 3311 1186 est.
3341 1123 3493 1187 Illud
3521 1145 3656 1188 cer-

1999 1219 2055 1272 te
2086 1221 2326 1273 sanctus
2351 1212 2446 1273 hic
2475 1211 2758 1292 afﬁrmat,
2806 1231 3126 1276 commune
3157 1233 3288 1276 esse
3321 1215 3485 1276 omni
3518 1216 3656 1278 hie-

1996 1301 2248 1363 rarcliia:
2271 1303 2429 1383 quod
2456 1301 2650 1362 omnis
2666 1302 3004 1364 hierarchia
3025 1323 3206 1366 unam
3230 1304 3445 1367 habeat
3470 1306 3666 1369 virtu-

1997 1401 2136 1454 tem.
2174 1391 2390 1454 Deﬁnit
2420 1392 2615 1470 itaque
2655 1393 3050 1457 hierarchiam
3095 1403 3248 1454 I63
3309 1395 3525 1475 partim
3560 1415 3658 1459 se-

1998 1482 2258 1543 cundum
2293 1482 2592 1561 propriam
2615 1486 3198 1564 naturam,quoniam
3220 1487 3335 1547 alia
3363 1495 3450 1548 est
3473 1505 3664 1566 auge-

1999 1570 2130 1652 li,et
2150 1572 2266 1632 alia
2281 1573 2538 1633 hominis
2561 1571 3088 1654 perfectio,partim
3122 1577 3297 1636 etiam
3317 1579 3659 1645 secundum

2003 1661 2449 1751 proportionem
2482 1669 2541 1722 et
2565 1661 2839 1722 ordinem
2871 1664 3090 1744 cuique
3119 1665 3420 1744 proprium
3451 1687 3464 1729 :
3498 1689 3654 1751 quo-

258 1759 404 1829 ἅλλη
436 1767 544 1817 τῶν
590 1758 921 1832 ἐπισκόπων,
984 1759 1072 1815 καὶ
1128 1756 1268 1824 ἄλλη
1322 1764 1426 1814 τῶν
1485 1755 1839 1836 πρεσϐυτέρον
1882 1758 1916 1825 ἡ

2010 1750 2164 1812 niam
2216 1751 2279 1813 in
2313 1751 2656 1814 caelestibus
2681 1752 2794 1813 alia
2821 1763 2914 1814 est
2942 1754 3364 1834 superioris,et
3396 1750 3530 1819 alia,
3562 1761 3664 1823 in-

256 1851 433 1917 τάΞις.
482 1852 553 1909 Τὸ
591 1849 868 1928 ἂναλογως
932 1858 1058 1927 γοῦν
1117 1846 1424 1916 τελεσθῆναι
1483 1849 1573 1904 τὸν
1631 1849 1913 1927 ἱεραρχην,

2010 1839 2238 1903 ferioris
2267 1841 2500 1903 ordinis
2521 1841 2836 1923 claritudo;
2861 1842 2920 1904 in
2937 1843 3323 1906 terrestribus
3351 1863 3489 1910 vero
3510 1849 3666 1914 alius

258 1945 351 1998 καὶ
424 1954 547 2006 τοῖς
599 1938 958 2007 ὕπεϐεϐηκόσι
1021 1935 1354 2012 μεταδιδόναι
1413 1940 1512 2004 τῆς
1567 1939 1917 2017 ἐγγινομένης

260 2033 412 2106 ὠτῷ
454 2032 632 2088 θεόθεν
663 2029 1008 2108 ἒΛλάμψεως,
1069 2029 1158 2085 καὶ
1206 2027 1367 2084 πάλιν
1426 2029 1546 2092 τοὺς
1577 2026 1920 2096 ὑποϐεϐηκό-

257 2145 357 2189 τας
389 2135 510 2186 τοῖς
546 2122 803 2196 κρείττοσι
835 2121 932 2196 μὲν
973 2119 1213 2197 ἕπεσθαι,
1258 2123 1364 2174 τῶν
1394 2116 1452 2174 δὲ
1493 2120 1731 2187 ἡττόνων
1762 2121 1921 2196 ἡγεῖ-

260 2221 409 2286 σθαι,
443 2220 602 2270 τοῦτο
659 2212 800 2269 ἐστιν
847 2213 882 2276 ἡ
926 2213 1080 2274 κοινὴ
1127 2214 1224 2274 τῆς
1265 2210 1537 2289 ἱεραρχίας
1569 2211 1784 2276 ἁπάσης
1825 2207 1915 2264 δύο

259 2326 451 2376 ναμις.
488 2304 560 2360 06
605 2303 713 2378 μὴν
743 2300 821 2380 δὲ,
856 2299 976 2357 ἀλλ’
1009 2297 1146 2356 ἴδιόν
1189 2298 1333 2355 ἐστιν
1403 2299 1624 2379 ἑκατέρᾳ
1651 2300 1917 2379 ἱεραρχίᾳ,

257 2393 342 2449 ὅτι
383 2394 421 2460 ἡ
470 2393 570 2468 μὲν
619 2391 828 2470 οὖρανία
872 2389 1172 2464 ἀσωμάτων
1215 2389 1325 2444 ἐστὶ
1396 2389 1493 2446 καὶ
1537 2395 1743 2456 νοητῶν
1788 2393 1918 2467 πρὸς

255 2486 411 2558 ἡμᾶς
446 2481 720 2559 (κὰγεϊναι
779 2482 878 2559 γὰρ
926 2482 1056 2557 πρὸς
1119 2482 1209 2535 τὸν
1269 2481 1399 2535 Θεὸν
1431 2481 1777 2556 νοεραίείσι),
1829 2483 1918 2535 καὶ

256 2574 344 2629 διὰ
392 2573 554 2628 τοῦτο
584 2573 671 2628 καὶ
699 2571 945 2651 ἱεραρχία
997 2571 1168 2626 αὐτῶν
1220 2574 1389 2636 νοητὴ
1448 2573 1537 2626 καὶ
1565 2569 1921 2645 ὑπερκόσμιός

258 2667 414 2720 ἔστιν
445 2680 462 2696 ⁸
500 2663 536 2728 ἡ
579 2660 697 2718 καθ’
727 2663 870 2736 ἡμᾶς
928 2658 982 2714 δὲ
1048 2657 1116 2715 δι’
1151 2662 1417 2726 αἰσθητῶν
1480 2657 1782 2733 συμϐόλων,
1813 2659 1918 2726 δη-

261 2753 452 2810 λονότι
505 2752 896 2828 βαπτίσματος,
967 2749 1247 2824 συνάξεως,
1308 2750 1609 2829 κοινωνίας,
1669 2752 1757 2806 καὶ
1817 2756 1924 2806 τῶν

264 2843 481 2901 λοιπῶν
502 2841 893 2918 ποικιλλομὶνη
937 2839 1284 2908 πληθύνεται,
1333 2837 1494 2915 ”Οσῳ
1541 2843 1638 2919 γὰρ
1682 2863 1763 2904 τις
1794 2840 1925 2897 ἀνά-

265 2956 423 3012 γεται
453 2935 529 2998 εἰς
583 2934 643 2988 τὸ
673 2932 899 3012 ἐνιαϊον,
945 2932 1126 3011 φθάνει
1175 2935 1274 2997 τῆς
1321 2932 1557 3000 νοήσεως
1594 2946 1608 2960 ⁸
1669 2930 1766 2988 καὶ
1818 2932 1928 3006 ὃσῳ

269 3038 390 3088 τοῖς
439 3025 722 3089 αἰσθητοῖς
774 3033 1076 3101 προχωρεῖ,
1123 3020 1444 3087 πληθύνεται
1495 3032 1608 3085 τοῖς
1653 3021 1926 3088 αἰσθητοῖς

279 3117 352 3168 ὧν
394 3114 724 3174 αἰσθάνεται,
785 3109 972 3185 Ἐτέρα
1011 3110 1153 3174 αὖθις
1199 3115 1306 3166 τῶν
1364 3108 1453 3165 δύο
1511 3107 1731 3187 διάφορα
1761 3159 1776 3190 ,
1845 3109 1926 3168 ὅτι

2003 1940 2094 1994 est
2124 1931 2391 2013 episcopi
2417 1942 2478 1994 et
2506 1932 2657 1994 alius
2689 1933 2834 1995 ordo
2867 1933 3382 2015 presbyterorum.
3411 1938 3664 2003 Hierar-

2003 2023 2197 2084 chiam
2231 2023 2429 2102 itaque
2482 2021 2793 2098 initiari,et
2823 2023 3208 2087 inferioribus
3240 2026 3366 2090 suis
3419 2029 3658 2093 insitam

2004 2111 2118 2202 sibi
2149 2112 2428 2202 divinitus
2459 2111 2918 2176 illustrationem
2965 2117 3435 2199 communicare,
3480 2127 3665 2202 atque

2004 2199 2179 2261 etiam
2210 2200 2531 2263 inferiores
2562 2202 2976 2282 superioribus
3020 2205 3263 2284 quidem
3296 2199 3580 2289 obsequi,
3604 2220 3664 2270 et

2003 2290 2355 2352 inferiorum
2379 2309 2621 2352 suorum
2638 2292 2820 2353 duces
2845 2293 3258 2366 existereJitec
3288 2295 3478 2357 virtus
3499 2316 3657 2378 quaa-

2005 2379 2138 2441 daui
2172 2387 2263 2443 est
2295 2380 2538 2442 cuilibet
2569 2381 2928 2443 hierarchia;
2959 2383 3319 2445 communis.
3359 2384 3654 2448 Caeterum

2007 2489 2124 2531 non
2158 2470 2610 2541 commune,sed
2637 2471 2939 2552 proprium
2968 2472 3214 2534 cuilibet
3236 2473 3661 2538 hiererarchiaa

2007 2567 2116 2633 est,
2147 2560 2302 2640 quod
2335 2561 2590 2632 cmlestis
2622 2561 2722 2626 illa
2778 2570 3057 2640 respectu
3096 2562 3286 2624 nostri
3319 2565 3400 2626 sit
3456 2583 3661 2627 rerum

2007 2651 2494 2729 incorporearum
2539 2658 2598 2710 et
2641 2649 3103 2728 intelligibilium
3163 2650 3324 2733 (nam
3381 2663 3660 2735 respectu

2013 2740 2119 2802 Dei
2164 2746 2220 2799 et
2265 2740 2382 2802 illze
2427 2753 2567 2801 sunt
2611 2739 3030 2817 intelligentes)
3067 2761 3082 2822 ;
3136 2741 3420 2822 quocirca
3476 2745 3657 2805 etiam

2011 2857 2217 2900 earum
2256 2839 2593 2900 hierarchia
2617 2838 3012 2919 intelligibilis
3044 2859 3112 2903 ac
3159 2843 3662 2923 supramundialis

2013 2930 2210 2992 existit
2247 2951 2260 2993 :
2299 2940 2499 2990 nostra
2530 2939 2723 2990 autem
2762 2949 2867 3010 per
2892 2931 3165 3012 symbola
3195 2933 3461 3007 sensilia,
3490 2935 3660 2997 scili—

2011 3028 2106 3082 cet
2129 3020 2516 3101 buptismatis,
2553 3038 2866 3102 synaxeos,
2893 3023 3358 3098 communionis,
3393 3026 3658 3086 caeteris-

2011 3128 2130 3187 que
2172 3110 2464 3185 variegata
2505 3110 2952 3188 multiplicatur.
3002 3109 3300 3183 Quantum
3342 3115 3500 3175 enim
3529 3114 3663 3194 quis

272 3207 365 3260 τὸν
435 3205 570 3260 Θεὸν
610 3203 699 3259 καὶ
756 3201 853 3268 τὴν
884 3200 1027 3256 θείαν
1079 3200 1273 3278 ἀρετὴν
1331 3199 1532 3256 εκεῖνοι
1581 3199 1676 3272 μὲν
1706 3202 1776 3262 ὡς
1811 3202 1922 3266 νόες

2010 3201 2327 3262 adducitur
2345 3201 2414 3261 ad
2450 3220 2632 3262 unum
2669 3201 2811 3261 illud
2846 3203 3410 3278 singulare,tantum
3427 3204 3665 3266 accedit

268 3293 508 3368 νοοῧσιν,
534 3291 674 3351 ἀλλὰ
706 3289 821 3347 καθ’
869 3290 992 3346 ὃσον
1023 3288 1291 3353 κάκείνους
1323 3301 1465 3344 νοεῖν
1496 3291 1638 3344 ἰεστιν
1669 3288 1880 3368 ἐφικτὸν
1909 3310 1921 3324 ⁸

263 3387 437 3460 ἡμεῖς
470 3381 529 3438 δὲ
560 3381 612 3446 ἐξ
645 3382 907 3447 αἰσθητῶν
967 3378 1206 3451 εἰκόνων,
1268 3383 1375 3434 τῶν
1446 3377 1497 3433 ἐν
1534 3379 1599 3446 τῆ
1634 3378 1926 3452 Ἐκκλησία

263 3474 609 3548 τελουμένων
643 3473 802 3550 φημὶ,
863 3469 952 3526 ἐπὶ
997 3471 1088 3525 τὸν
1133 3469 1262 3524 Θεὸν
1297 3467 1620 3545 ἆναγόιιεθα.
1683 3467 1923 3536 Ἀληθῶς

260 3586 320 3621 τε
352 3565 563 3642 εἰπεῖν,
595 3560 650 3617 ἕν
681 3561 778 3637 μὲν
823 3561 962 3617 ἐστιν
1018 3561 1077 3616 οὗ
1133 3558 1324 3621 πάντες
1369 3557 1596 3635 ἐφίενται
1623 3574 1638 3588 ⁸
1687 3559 1820 3622 τέως
1865 3558 1920 3614 δὲ

260 3655 490 3711 ἐνταῦθα
521 3653 655 3731 πρὸς
700 3653 790 3707 τὸν
839 3650 1038 3706 σκοπὸν
1091 3654 1196 3704 τῶν
1251 3645 1340 3703 δύο
1382 3649 1694 3727 ἱεραρχιῶν,
1745 3647 1921 3706 ἅπαν-

262 3767 353 3807 τες
413 3745 464 3801 οἱ
536 3739 790 3804 ἐνοειδεϊς
840 3737 1113 3812 δηλονότι,
1159 3738 1205 3795 οἱ
1269 3738 1402 3792 κατὰ
1443 3740 1627 3814 νοερὰν
1659 3737 1922 3818 ἐνέργειαν

264 3834 593 3908 ὲνιζόμενοι.
662 3829 757 3895 ’δὶς
823 3831 922 3910 γὰρ
1000 3831 1166 3905 ἡμεῖς
1247 3826 1521 3900 ἐνιζόμεθα
1581 3828 1922 3908 ἀναγόμενοι,

2008 3294 2078 3354 ad
2114 3295 2604 3356 intellectionem:
2639 3304 2920 3375 quantum
2957 3313 3097 3357 vero
3122 3294 3194 3356 ab
3221 3315 3288 3357 eo
3318 3297 3667 3378 discedit,in

2009 3392 2231 3446 tantum
2249 3385 2680 3464 multiplicatur
2698 3403 2804 3445 seu
2826 3384 3182 3446 distrahitur
3197 3386 3379 3448 rebus
3402 3386 3668 3448 sensibi-

2005 3473 2338 3555 libus,quas
2381 3473 2722 3535 sentitAlia
2765 3475 2982 3534 iterum
3035 3485 3124 3536 est
3155 3475 3368 3537 horum
3402 3476 3662 3538 duorum

2007 3571 2507 3642 diﬁ‘erentia,quod
2527 3573 2609 3627 illi
2632 3571 2888 3642 quidem,
2911 3582 2974 3629 ut
2996 3573 3424 3640 meutes,Deum
3449 3581 3504 3631 et
3527 3575 3666 3631 divi-

2007 3672 2143 3715 nam
2175 3653 2450 3716 virtutem
2475 3653 2897 3732 intelligant,in
2921 3662 3210 3734 quantum
3233 3653 3466 3717 scilicet
3485 3655 3555 3717 iis
3577 3657 3664 3718 fas

2008 3743 2345 3822 intelligere
2378 3767 2392 3815 ;
2423 3761 2530 3804 nos
2561 3752 2755 3805 autem
2787 3763 2856 3805 ex
2880 3744 3268 3806 sensibilibus
3294 3743 3664 3826 signis.qute,

2009 3834 2276 3914 inquam,
2299 3833 2358 3894 in
2385 3832 2649 3896 Ecclesia
2681 3834 3210 3909 consecrantur,ad
3247 3837 3433 3896 Deum
3467 3836 3667 3896 addu-

264 3925 411 3982 οὕτω
475 3925 572 3980 καί
621 3923 667 3978 οἰ
729 3925 864 3978 θεῖοι
924 3918 1146 3999 ἄγγελοι
1204 3917 1280 3974 ἔτι
1337 3918 1587 3989 ἑιοίζονται
1661 3922 1792 3997 πρὸς
1836 3921 1922 3985 τὰς

2017 3942 2245 3986 camur.
2281 3923 2349 3984 Et
2382 3931 2447 3984 ut
2478 3942 2614 3985 vere
2647 3924 2866 4005 dicam,
2902 3943 3085 3985 unum
3120 3924 3362 4004 quidem
3401 3926 3666 4006 estquod

267 4014 414 4074 θείας
451 4013 668 4082 νοήσεις
727 4011 1070 4088 ἀναγόμενοι,
1141 4001 1300 4075 Ἐνὸς
1353 4011 1453 4088 γὰρ
1484 4009 1635 4073 ὄντος
1680 4018 1772 4068 τοῦ
1803 4010 1922 4090 ἐφε-

2017 4013 2780 4094 omnesappetuut,scilicet
2797 4001 2986 4095 quoad
3008 4001 3252 4094 scopum
3275 4001 3672 4077 duarum-hie—

270 4113 389 4178 τοῦ,
426 4104 532 4182 οὐχ
564 4103 772 4166 ἐνιαίως
806 4103 891 4157 καὶ
922 4100 1036 4157 καθ’
1071 4099 1161 4157 ἕνα
1209 4103 1298 4158 καὶ
1344 4103 1434 4156 τὸν
1484 4102 1640 4157 α-Βτὸν
1675 4100 1864 4177 τρόπον
1889 4103 1922 4157 oi

2017 4104 2414 4177 rarchiarum,
2447 4106 2522 4166 de
2553 4124 2670 4185 quo
2699 4106 2984 4166 hactenus
3016 4105 3158 4186 agit,
3189 4122 3399 4166 omnes
3433 4105 3665 4166 unifor-

275 4195 550 4274 ὲφὶὲμενοι
583 4193 840 4274 ἐιριεντσιι³
877 4189 1014 4248 ἀλλὰ
1042 4192 1178 4248 κατὰ
1207 4192 1303 4260 τὴν
1347 4188 1477 4246 ἰδίαν
1512 4190 1656 4254 ἀξίαν
1685 4190 1922 4256 ἕκαστος.

2023 4214 2150 4256 mes
2180 4200 2317 4256 sunt
2347 4200 2446 4276 qui
2515 4213 2619 4275 per
2661 4195 2988 4275 spiritalem
3034 4195 3327 4256 actionem
3361 4196 3670 4257 uniuntur.

279 4272 455 4342 Ἀλλὰ
486 4272 652 4340 ταῦτα
712 4281 810 4359 μὲν
853 4281 907 4338 ἐν
966 4279 1148 4343 ἄλλοις
1195 4283 1399 4361 εἱρηται
1430 4295 1444 4309 ⁸
1481 4289 1567 4338 νῦν
1592 4280 1643 4335 δὲ
1678 4281 1776 4348 τὴν
1819 4284 1916 4337 καθ

2020 4283 2184 4346 Sicut
2213 4272 2382 4346 enim'
2417 4272 2530 4344 nos
2578 4272 2840 4361 unimur,
2876 4301 3012 4344 cum
3053 4281 3432 4356 adducimur,
3478 4282 3564 4344 sic
3615 4297 3676 4349 et

277 4377 426 4450 ἡμᾶς
451 4373 750 4452 ἱεραρχίαν,
783 4375 871 4428 καὶ
913 4378 1013 4438 τὴν
1058 4371 1228 4427 αἰτίαν
1252 4374 1345 4428 καῖ
1373 4370 1551 4428 οὺσίαν
1580 4371 1740 4438 αὐτῆς
1773 4372 1922 4449 (αὕττ

2023 4374 2219 4453 angeli
2251 4373 2434 4434 divini
2485 4373 2796 4446 uniuutur,
2833 4391 2968 4434 cum
2999 4370 3072 4432 ad
3122 4371 3349 4432 divinas
3399 4373 3672 4433 notiones

275 4463 334 4520 δὲ
373 4464 518 4520 ἐστιν
555 4462 585 4529 ἦ
616 4462 1027 4542 θεαρχικωτάτη
1083 4459 1345 4542 δύναμις),
1379 4462 1551 4518 εἰπεῖν
1588 4462 1922 4542 πειράσομαι1

2018 4465 2417 4526 adducuntur.
2452 4465 2600 4525 Cum
2628 4462 2786 4523 enim
2822 4480 3004 4524 unum
3053 4461 3130 4522 sit
3156 4461 3313 4538 quod
3344 4461 3670 4541 appetitur,

269 4556 372 4614 ,τὸν
400 4557 632 4630 Σωτῆρα
661 4551 1116 4628 ἐπικαλεσάμενος
1145 4551 1378 4619 Ἰησοῦν.

2017 4574 2136 4618 non
2171 4563 2369 4614 tamen
2399 4551 2686 4613 unisnode
2729 4570 2835 4613 seu
2895 4549 3223 4612 secundum
3271 4569 3454 4612 unum
3499 4569 3672 4613 eum-

273 4643 550 4720 demque
594 4641 869 4716 modum,
925 4639 1026 4722 qui
1064 4641 1122 4701 id
1154 4649 1465 4722 appetunt,
1500 4639 1865 4718 afﬁciuntur,
1903 4647 2008 4709 sed
2059 4643 2314 4727 quilibet
2345 4642 2673 4706 secundum
2705 4641 3005 4722 propriam
3039 4641 3409 4718 dignitatem.
3454 4638 3672 4703 Verum

273 4731 420 4793 hazc
451 4729 596 4792 alibi
631 4731 788 4792 dicta
817 4739 957 4792 sunt
985 4751 1000 4793 :
1039 4731 1214 4791 modo
1244 4739 1440 4792 autem
1476 4739 1738 4792 nostram
1773 4732 2194 4803 hierarchiam,
2231 4744 2289 4795 et
2320 4733 2449 4813 ejus
2481 4750 2714 4794 causam
2747 4750 2815 4793 ac
2837 4732 3157 4792 essentiam
3181 4734 3344 4813 (quae
3376 4737 3464 4792 est
3492 4729 3676 4793 virtus

271 4821 385 4884 illa
415 4821 816 4897 divinissima)
848 4838 1152 4901 exponere
1181 4819 1466 4896 conabor,
1501 4824 1767 4882 invocato
1800 4824 2101 4889 Salvatore
2137 4825 2300 4887 .lesu.

364 4912 395 4992 ἓ
425 4909 804 4992 ῙΙῙ.Ἱεραρχία
824 4913 962 4985 ἔστὶ,
992 4912 1166 4976 καθὼς
1197 4915 1229 4978 ἦ
1263 4912 1434 4980 σεπτῆ
1460 4914 1618 4987 ἡμῶν
1651 4913 1936 4992 παράδθτις

274 5004 597 5083 παρίστησι,
654 5005 722 5058 τὰ
802 5001 1099 5065 καθολικῶς
1164 5003 1498 5081 θεωρούμενα
1558 5002 1594 5070 ἢ
1673 5001 1938 5081 λεγόμενα

277 5095 406 5165 περὶ
477 5099 584 5149 τῶν
626 5092 993 5167 ὑποκειμένων
1042 5092 1198 5171 ἱερῶν
1242 5093 1591 5170 πραγμάτων,
1658 5100 1937 5175 Συγκεφα-

280 5182 512 5240 λαίωσιν
541 5184 642 5260 γὰρ
708 5183 806 5250 τὴν
863 5189 957 5239 τοῦ
1002 5181 1125 5238 ὅλου
1191 5181 1480 5261 περίληψιν
1540 5181 1709 5262 λέγει,
1758 5184 1938 5264 ὥσπερ

281 5271 749 5352 ἀνακεφαλαίωσιν
806 5271 1037 5351 λέγομεν
1094 5274 1156 5328 τὸ
1198 5270 1487 5328 ἀναλαϐεῖν
1537 5271 1592 5328 ἐν
1625 5271 1824 5352 ὃλίγοις
1875 5275 1941 5330 τὰ

282 5361 658 5443 προλεχθέντα
692 5379 708 5397 ⁶
755 5361 1001 5418 ἁπάντων
1059 5363 1158 5440 γὰρ
1213 5361 1313 5428 ἓξει
1356 5361 1461 5418 τῶν
1495 5360 1614 5418 κατ’
1654 5365 1812 5421 αὺτὸν
1841 5365 1940 5432 τὴν

282 5453 623 5528 Ξπιστήμην,
676 5454 763 5509 καὶ
819 5460 924 5508 τῶν
966 5450 1354 5531 πρεσϐυτέρων,
1387 5452 1614 5508 καὶτῶν
1657 5449 1939 5533 διακόνων,

281 5545 377 5601 καὶ
417 5547 528 5599 τῶν
593 5541 820 5616 λοιπῶν;
876 5540 958 5597 διαὶ
1016 5549 1169 5599 τοῦτο
1199 5543 1418 5620 γὰρκαὶ
1459 5541 1716 5622 ἱεραρχης
1746 5542 1941 5600 ἐπονο-

279 5633 535 5710 piguit,
568 5633 657 5689 καὶ
713 5631 1016 5700 σκοπητέον
1045 5631 1098 5698 ἐξ
1140 5630 1428 5709 ἀναλογίας
1469 5631 1576 5688 ἀπὸ
1620 5636 1718 5700 τῆς
1761 5635 1942 5710 ἰεραρο

279 5725 440 5812 χίας.
476 5721 570 5789 Ὠς
601 5725 727 5804 γοῦν
758 5723 894 5791 αὓτη
949 5720 1015 5780 δι’
1048 5720 1174 5780 ὅλου
1202 5722 1289 5780 καὶ
1344 5721 1428 5778 ἐπὶ
1458 5728 1588 5780 πᾶσι
1618 5735 1739 5787 τοῖς
1768 5723 1940 5804 ἱεροῖς

2101 4913 2248 4996 §Il[.
2273 4915 2379 4976 Est
2404 4912 2762 4994 hierarchia,
2787 4912 3290 4994 quemadmodum
3335 4913 3677 4976 veneranda

2021 5014 2224 5070 nostra
2245 5003 2479 5065 traditio
2497 5005 2872 5084 proponit,ea
2893 5023 3024 5084 qum
3049 5002 3374 5066 umversim
3399 5003 3676 5065 videntur

2022 5107 2122 5159 aut
2154 5097 2435 5157 dicuntur
2461 5093 2534 5153 de
2560 5093 2880 5173 propositis
2911 5096 3097 5155 sacris
3129 5095 3328 5156 rebus.
3365 5091 3671 5156 Summam

2023 5186 2182 5250 enim
2207 5205 2312 5248 seu
2344 5186 2928 5253 summarium,vocat
2964 5185 3139 5246 totius
3171 5182 3672 5264 complexionem,

2024 5278 2179 5340 sicut
2200 5273 3191 5355 recapitulationemdicimus,cuin
3220 5273 3424 5355 paucis
3449 5291 3520 5334 ea
3537 5289 3675 5355 quae

2023 5368 2162 5420 ante
2180 5354 2491 5418 dicta'sunt
2520 5363 2896 5434 repetuntur;
2931 5354 3505 5434 quoniam'omnium
3531 5354 3592 5414 in
3611 5371 3676 5414 se

2024 5447 2336 5510 scientiam
2381 5443 2786 5520 liabebit;cum
2823 5447 3459 5525 presbyterorum,tum
3483 5441 3678 5505 diaco-

2027 5556 2240 5600 norum
2286 5545 2436 5595 I04
2470 5545 2966 5614 caaterorumque,
3007 5533 3163 5595 unde
3212 5533 3495 5594 nimirum
3543 5532 3678 5595 hie-

2026 5628 2238 5692 rarcha
2268 5627 2632 5700 nominatur,
2663 5623 2747 5686 uti
2807 5623 3092 5704 colligere
3123 5625 3264 5686 licet
3307 5643 3376 5686 ex
3407 5623 3678 5704 analogia

2025 5717 2291 5784 nominis
2319 5712 3407 5798 hierarchiteﬂuemadmodumigitur
3436 5715 3551 5779 hoc
3565 5733 3680 5778 no—
