4042 6422
397 333 512 409 38⁸7

1547 327 1607 405 s.
1656 337 1999 408 DlONYSIl
2052 325 2597 407 AREOPAGITIE.

3668 341 3794 409 388

400 496 539 540 men
561 478 634 539 de
659 475 953 538 universis
971 487 1031 536 et
1047 475 1326 537 omnibus
1350 475 1539 537 sacris
1570 474 2049 537 ordinationibus

2139 473 2443 549 διακόσμοις
2489 476 2724 557 λέγεται,
2772 478 2940 540 οὕτως
2985 479 3013 533 ὁ
3045 479 3207 534 εἰπὼν
3251 479 3510 559 ἱεράρχην
3544 480 3630 534 τὸν
3662 477 3792 533 ἐπι-

397 567 726 642 dicitur,ita
743 567 843 645 qui
859 566 1230 628 hierarcham
1253 565 1750 632 nominat,verum
1774 565 1936 626 omni
1967 583 2054 626 sa-

397 675 499 718 cra
521 656 867 734 cognitione
889 655 1201 734 praeditum
1250 653 1566 734 significat,
1600 655 1656 714 in
1701 673 1817 735 quo
1859 655 2052 716 omnis

397 763 530 826 quae
561 746 644 806 illi
678 745 834 806 inest
865 744 1203 806 hierarchia
1233 744 1458 824 liquido
1481 746 1884 823 cognoscitur.
1919 745 2047 807 Nisi

396 849 552 906 enim
572 849 695 918 ipse
721 847 947 917 penitus
968 858 1021 903 et
1044 847 1387 902 inomnibus
1409 848 1622 916 peritus
1640 848 1929 910 existeret.
1952 862 2048 902 ne.

396 948 513 1010 que
527 929 774 991 scientia
801 927 975 989 etiam
992 927 1340 988 hierarchiae
1355 947 1388 987 ο
1397 926 1782 1008 peraret.ur.N
1789 947 1820 990 e
1830 948 1923 988 mo
1945 928 2051 1006 igiv

397 1029 493 1080 tur
519 1017 921 1098 (licat:Ecquis
938 1025 1050 1076 tam
1074 1015 1368 1094 perfectus
1381 1018 1633 1079 est‘PNon
1648 1017 1808 1078 enim
1828 1034 2050 1098 propo-

395 1107 517 1169 suit
547 1107 644 1170 hic
677 1109 852 1169 Pater
883 1105 956 1165 de
982 1106 1092 1165 hoc
1126 1106 1212 1165 vel
1247 1105 1348 1165 illo
1375 1106 1686 1168 liierarcha
1707 1105 2052 1180 dicere,sed

396 1205 734 1277 simpliciter
755 1204 824 1260 de
847 1203 1146 1260 hierarcha
1163 1202 1366 1274 ,qualis
1388 1219 1513 1260 esse
1534 1203 1701 1262 debet
1719 1206 1843 1261 sine
1865 1205 2052 1262 defec-

395 1297 606 1353 tuzacsi
629 1297 760 1368 quis
783 1292 1117 1362 simpliciter
1133 1293 1200 1348 de
1226 1295 1595 1364 grammatica
1623 1296 1955 1367 loquens,ea
1971 1312 2058 1352 re-

394 1395 624 1445 censeat
643 1401 764 1457 quae
783 1385 852 1441 ad
866 1383 1297 1455 absolutumgra
1309 1386 1638 1442 mmaticum
1655 1385 2048 1457 requiruntur.

397 1476 657 1549 alioquin
684 1475 1030 1533 claudicaret
1062 1478 1462 1544 grammatica,
1513 1476 1619 1532 nisi
1655 1476 2054 1534 demonstrare

393 1566 702 1639 tur,qualis
727 1566 844 1636 ipsa
859 1563 1088 1621 tandem
1102 1564 1386 1635 sit.Hujus
1417 1565 1750 1622 liierarchize
1774 1566 2054 1637 principi-

397 1667 498 1711 um
527 1656 617 1710 est
647 1655 853 1709 sancta
868 1664 936 1706 ac
960 1645 1130 1705 beata
1149 1645 1577 1726 Trinitas,quae
1600 1665 1740 1708 vere
1774 1649 2054 1720 estsula-

398 1756 518 1817 que
542 1736 924 1815 semetipsum
949 1736 1276 1814 cognoscit,
1304 1742 1582 1815 tanquam
1610 1734 1836 1797 habens
1853 1738 2054 1798 notio-

2141 568 2385 641 στήμονα
2420 568 2600 634 πάσης
2643 570 2782 646 ἱερᾶς
2843 567 3094 644 γνώσεως
3136 566 3304 646 λέγει,
3352 568 3407 622 ἐν
3464 571 3510 642 ᾦ
3541 570 3793 645 καθαρῶς

2136 658 2449 732 γινώσκεται
2481 658 2513 723 ἡ
2540 655 2653 712 καθ’
2687 658 2844 713 αὑτὸν
2888 656 2992 733 Ιῖῖσ.
3023 655 3146 713 κατ’
3178 654 3357 739 αὖτὸνΙ
3387 659 3654 736 ἱεραρχία.
3701 658 3792 724 Μὴ

2133 747 2232 824 γὰρ
2261 744 2410 808 ὅντός
2458 745 2613 802 αἶ)τοῦ
2657 744 2880 802 καθόλου
2937 747 3026 802 καὶ
3083 745 3168 802 ἐπὶ
3213 753 3372 802 πᾶσιν
3401 747 3789 820 ἐπιστήμονος,

2133 835 2248 894 οἰ)δὲ
2280 839 2314 906 ἦ
2376 837 2651 909 ἐπιστήμη
2709 837 2842 903 αὐτὴ
2871 836 2968 903 τῆς
3028 837 3304 915 ἰεραρχίας
3351 837 3792 914 ἐνεργηθήσεται.

2136 926 2223 992 Μὴ
2255 933 2377 1003 γοὺν
2422 925 2565 981 εἴποι
2595 947 2678 990 τις
2710 945 2723 959 ·
2759 926 2863 988 Καὶ
2894 925 3056 988 ποῖος
3089 926 3226 982 οὕτω
3256 925 3458 989 τέλειος
3492 942 3510 997 ;
3545 925 3618 983 Οὔ
3661 948 3798 999 προ-

2135 1017 2278 1072 ἑθετο
2307 1017 2406 1092 γὰρ
2437 1017 2464 1071 ὸ
2527 1017 2709 1093 Πατὴρ
2759 1017 2878 1092 περὶ
2920 1013 3068 1074 τοῦδὲ
3126 1015 3160 1082 ή
3217 1015 3367 1072 τοῦδε
3401 1017 3654 1095 ἱεράρχου
3711 1018 3796 1072 εἱ-

2135 1107 2286 1178 πεῖν,
2315 1105 2450 1160 ἀλλά
2482 1107 2597 1184 περὶ
2627 1115 2719 1164 τοῦ
2748 1105 2931 1168 ἁπλῶς
2968 1105 3248 1184 ἱεράρχου,
3291 1106 3346 1170 ὃς
3405 1105 3604 1185 ὀφείλει
3638 1103 3796 1184 ἔχειν

2138 1195 2433 1256 ἁνελλιπὼς
2468 1196 2533 1250 τὰ
2568 1195 2723 1254 αὗτοῦ
2758 1211 2771 1224 ·
2805 1196 2984 1272 ὥσπερ
3028 1198 3114 1251 καὶ
3159 1199 3203 1252 εἰ
3233 1197 3350 1273 περὶ
3394 1195 3578 1257 ἁπλῶς
3610 1218 3798 1274 γραμ-

2138 1293 2364 1360 ματικοὰ
2434 1283 2636 1360 ἔλεγεν,
2685 1283 2876 1358 ἔμελλε
2928 1283 3106 1361 λέγειν
3163 1284 3348 1341 ἐκεῖνα
3417 1283 3536 1341 καθ’
3601 1284 3633 1340 ά
3699 1287 3795 1340 τὸν

2136 1373 2340 1430 τέλειον
2371 1374 2564 1444 ἀπήτει
2597 1375 2967 1452 γραμματικὸν
3008 1389 3022 1404 ⁸
3056 1376 3100 1429 εἰ
3131 1373 3178 1429 δ’
3225 1377 3304 1446 οὔ,
3354 1371 3474 1430 ἀλλ’
3519 1373 3793 1454 simulatis»:

2137 1466 2170 1532 ἡ
2202 1465 2550 1541 γραμματικὴ
2577 1463 2656 1538 μή
2689 1463 2890 1543 ἔχουσα
2947 1461 3229 1543 δειχθῆναι
3273 1466 3429 1520 ὁποία
3476 1464 3598 1520 ποτ’
3624 1466 3793 1526 ἐστίν,

2138 1557 2346 1620 Ταύτης
2391 1559 2490 1621 τῆς
2516 1553 2789 1632 ἰεραρχίας
2821 1553 2968 1634 ἀρχὴ
2995 1556 3028 1620 ἡ
3062 1553 3187 1631 ἀγία
3216 1555 3304 1610 καὶ
3339 1555 3576 1632 μακαρία
3607 1555 3792 1631 Τρίας,

2137 1647 2171 1712 η
2243 1646 2408 1707 ὅντως
2459 1647 2610 1722 οὖσα,
2667 1643 2761 1699 καί
2808 1645 2942 1710 αὖτή
2988 1644 3127 1717 μόνη
3188 1644 3383 1710 ἑαυτὴν
3435 1645 3796 1716 επισταμένη,

2151 1733 2304 1768 ίαν.
2462 1733 2481 1766 1
2691 1736 2732 1770 “
2812 1735 2825 1752 ‘
2920 1738 2981 1767 ν.
3054 1735 3082 1764 ν.
3143 1733 3213 1768 γ.
3274 1735 3286 1748 ο
3359 1733 3460 1768 με.
3520 1756 3538 1770 ’
3632 1734 3647 1756 ν
3739 1731 3785 1765 ‘1

2139 1755 2208 1796 ω,
2263 1754 2417 1814 εγοειν
2460 1755 2747 1800 επιστητοι
2778 1755 2838 1788 το
2882 1755 2980 1800 τη,
3023 1755 3215 1797 omen,
3269 1755 3566 1809 υπαρ,ςω,,
3657 1740 3700 1790 Η
3733 1749 3789 1789 0.,

396 1839 531 1884 nem
547 1829 788 1896 propriae
803 1823 1284 1880 existentiaeﬂzec
1312 1833 1502 1881 autem
1523 1825 1640 1882 vult
1657 1828 1878 1882 ratione
1912 1841 2055 1896 prae-

2139 1822 2346 1897 θέλημα
2403 1824 2499 1897 μὲν
2542 1823 2707 1901 ἐστιν,
2738 1824 2774 1888 ⁵η
2823 1829 2927 1878 τῶν
2980 1821 3229 1899 λογικῶν
3287 1821 3530 1900 ἀγγελων
3598 1843 3658 1878 τε
3710 1825 3799 1879 καὶ

399 1916 650 1974 ditorum
663 1916 1000 1987 angelorum
1017 1923 1071 1970 et
1091 1915 1389 1971 hominum
1410 1914 1881 1987 salutem,estque
1895 1916 2058 1973 deiﬁ-

399 1997 552 2060 catio
580 1992 1548 2066 salvandorum.Quemadmodum
1585 1997 1743 2057 enim
1769 1997 1880 2058 alia
1905 1998 2056 2058 dici-

400 2105 534 2149 mus
553 2105 586 2146 a
610 2095 770 2147 metu
789 2084 1102 2163 sorvari,id
1126 2095 1218 2146 est
1248 2085 1638 2146 securitatem
1671 2085 2060 2166 adipisci;eta

401 2175 562 2239 caede
575 2174 885 2250 servari,id
902 2183 990 2234 est
1007 2174 1180 2234 vitam
1198 2175 1566 2254 assequigeta
1583 2176 1788 2236 morbo
1804 2176 2054 2251 servari,

407 2267 468 2329 id
527 2279 619 2328 est
679 2265 919 2326 sanari:
981 2266 1068 2325 sic
1127 2266 1304 2326 etiam
1366 2266 1422 2325 in
1464 2265 1786 2345 propositis
1833 2267 2055 2327 servari

404 2355 479 2420 ab
509 2357 863 2419 alienatione
894 2354 1121 2435 Dei,est
1151 2355 1393 2434 adjungi
1428 2355 1851 2436 Deo,adeoque
1883 2356 2056 2417 deiﬁ-

402 2445 940 2510 catio.0mnimoda
951 2453 1145 2506 autem
1166 2445 1513 2507 assimilatio
1528 2454 1584 2505 et
1599 2444 1737 2505 unio
1751 2446 1821 2506 ad
1842 2447 2052 2527 Deum,

406 2539 611 2620 utique
631 2543 921 2598 terminus
951 2553 1020 2597 ac
1054 2535 1189 2596 ﬁnis
1212 2542 1302 2596 est
1322 2535 1520 2597 omnis
1545 2536 2056 2616 hierarchiaa,quae

404 2632 476 2694 ad
505 2634 686 2694 Deum
719 2638 808 2691 est
844 2628 1086 2690 dilectio
1115 2649 1128 2692 :
1163 2646 1296 2708 quae
1327 2637 1384 2690 et
1415 2628 1640 2690 unitive
1662 2647 2046 2690 consumma-

403 2730 521 2797 tur,
553 2721 880 2783 secundum
912 2719 1172 2781 divinam
1207 2729 1266 2779 et
1295 2719 1529 2780 unicam
1573 2718 2046 2801 simplicitatem,

399 2810 728 2873 secundum
763 2827 938 2890 quam
989 2807 1146 2870 Deus
1178 2813 1270 2869 est
1300 2808 1646 2869 omnimoda
1690 2808 1931 2870 dilectio
1968 2809 2052 2888 (et

401 2917 522 2961 non
546 2899 682 2959 huic
714 2898 982 2977 quidem,
1026 2897 1130 2957 illo
1168 2915 1309 2959 vero
1343 2915 1486 2969 non,
1534 2898 1637 2958 sed
1673 2897 1814 2977 quid
1865 2916 2048 2958 unum

402 2987 803 3051 desiderabile
825 2987 1104 3061 existens,
1154 2987 1332 3047 simul
1369 3004 1509 3064 erga
1560 3003 1626 3046 se
1673 2987 1855 3049 habet
1883 2986 2050 3049 desi-

405 3079 592 3153 deria;
625 3095 731 3159 pro
756 3075 967 3138 merito
990 3075 1309 3156 studioque
1329 3075 1827 3150 desiderantium,
1861 3075 2049 3137 diver-

405 3169 518 3249 sa),
537 3169 757 3249 quique
789 3167 900 3228 hac
930 3168 1091 3246 prior
1122 3177 1239 3246 est,
1274 3164 1656 3227 omnimodus
1682 3185 1716 3227 a
1737 3167 2050 3228 contrariis

2140 1913 2427 1991 ἀνθρώπων
2473 1914 2708 1990 σωτηρία
2745 1927 2758 1942 ⁸
2804 1914 2839 1981 ἡ
2883 1909 2958 1977 δὲ,
2993 1912 3188 1976 θέωσις
3235 1910 3350 1967 ἐστι
3396 1918 3502 1966 τῶν
3546 1913 3796 1988 σῶζομέο

2140 2025 2267 2062 νων.
2315 2000 2544 2074 "nemp
2615 2003 2717 2080 γὰρ
2776 2002 2864 2058 ἐπὶ
2914 2009 3020 2058 ’ὧν
3093 2000 3271 2058 ἄλλων
3319 2001 3494 2081 φαμὲν
3544 2006 3807 2072 σώζεσθαι

2141 2093 2246 2148 απὸ
2275 2089 2460 2172 φόϐου,
2507 2091 2674 2169 ἢγοῦν
2727 2091 2793 2168 τῇ
2845 2089 3037 2172 ἀφοϐίᾳ
3069 2090 3478 2170 προσπελάζειν,
3540 2091 3806 2162 σώζεσθαι

2142 2182 2247 2238 ἀπὸ
2281 2183 2464 2262 φόνου,
2529 2180 2694 2259 ἤγουν
2768 2180 2835 2256 τῇ
2878 2188 2992 2256 ζωῇ
3042 2180 3426 2259 προσπελάζειν
3462 2221 3478 2240 .
3544 2183 3807 2252 σώζεσθαι

2140 2272 2246 2328 ἀπὸ
2290 2273 2470 2346 νόσου,
2543 2270 2706 2349 ἤγουν
2774 2273 2921 2336 ἐντὸς
2962 2272 3060 2340 τῆς
3127 2273 3305 2350 ὑγείας
3341 2273 3574 2348 γίνεσθαι
3612 2291 3626 2306 ⁸
3663 2271 3808 2328 οὕτω

2137 2367 2225 2417 καὶ
2259 2361 2344 2417 ἐπὶ
2400 2367 2505 2417 τῶν
2538 2361 2902 2439 προκειμένων
2959 2363 3021 2418 τὸ
3054 2362 3308 2432 σώζεσθαι
3353 2363 3458 2417 ἀπὸ
3490 2360 3806 2438 ἀλλοτριώ-

2139 2473 2274 2515 σεως
2319 2451 2450 2508 Θεοῦ
2493 2451 2881 2530 προσπελάζειν
2949 2457 3026 2525 τῷ
3083 2452 3220 2526 Θεῷ,
3271 2453 3367 2508 καί
3410 2451 3596 2514 Θέωσίς
3628 2451 3803 2512 ἐστιν,

2140 2541 2206 2598 Ἦ
2267 2541 2321 2597 δὲ
2358 2542 2571 2605 πάντως
2617 2542 2951 2622 ἀφομοίωσις
2984 2543 3072 2597 καὶ
3116 2541 3303 2606 ἕνωσις
3341 2542 3466 2620 πρὸς
3501 2543 3654 2616 Θεὸν,
3713 2542 3808 2598 καί

2139 2631 2202 2698 δὴ
2235 2631 2398 2704 πέρας
2453 2635 2540 2688 καὶ
2589 2633 2740 2695 τέλος
2773 2632 2914 2688 ἐστὶν
2990 2631 3208 2698 ἀπάσης
3267 2631 3565 2710 ἱεραρχίας,
3599 2633 3633 2698 ἡ
3667 2634 3805 2709 πρὸς

2135 2724 2264 2778 Θεὸν
2302 2722 2570 2800 ἀγάπησις
2611 2741 2622 2756 ·
2657 2721 2690 2788 ἢ
2716 2719 2781 2788 δὴ
2827 2722 2912 2777 καὶ
2982 2721 3188 2784 ἐνιαὲως
3261 2724 3607 2799 ἱερουργειται
3659 2723 3802 2778 κατὰ

2133 2809 2232 2876 τὴν
2288 2809 2428 2866 θείαν
2473 2811 2559 2866 καὶ
2608 2809 2803 2864 ἑνιαίαν
2853 2809 3158 2882 ἁπλότητα,
3207 2808 3322 2866 καθ’
3401 2811 3467 2876 ἣν
3526 2808 3803 2875 παντελὴς

2135 2899 2317 2977 ἀγάπη
2351 2899 2489 2955 ἐστὶν
2523 2902 2550 2955 ὁ
2583 2902 2711 2960 Θεὸς
2741 2902 2856 2968 (καὶ
2888 2902 2947 2980 ορ
2977 2907 3053 2974 τῷ
3109 2900 3233 2976 μὲν,
3295 2923 3371 2974 τῳ
3430 2899 3474 2955 δ’
3534 2900 3614 2979 οὔ,
3677 2899 3799 2956 ἀλλ’

2135 2989 2336 3046 ἐνιαῐον
2361 2988 2549 3069 ἐφετὸν
2581 2989 2677 3064 ὥν,
2715 2991 2864 3063 ὅμως
2899 2991 2995 3053 τὰς
3035 2993 3166 3069 πρὸς
3225 2993 3383 3049 αὐτὸν
3411 2989 3624 3070 ἒφὲσεις
3682 2987 3801 3046 δια-

2133 3081 2323 3158 φόρους
2379 3078 2497 3158 ἕχει
2565 3081 2695 3159 πρὸς
2741 3085 2841 3147 τὴν
2898 3079 3043 3145 ἀξίαν
3101 3082 3189 3138 καὶ
3251 3081 3350 3146 τὴν
3403 3077 3636 3147 σπουδὴν
3694 3085 3806 3135 τῶν

2132 3167 2470 3248 ἐφιεμενων),
2561 3172 2647 3226 καὶ
2724 3171 2826 3248 πρὸ
2903 3171 3092 3226 τούτου
3167 3170 3204 3236 ἡ
3279 3171 3631 3250 ἀποφοίτῃσις
3695 3171 3807 3227 τῶν

403 3275 701 3322 recessus.
735 3256 865 3321 Nisi
925 3255 1086 3316 enim
1133 3252 1207 3316 ab
1263 3254 1427 3316 omni
1461 3255 1828 3317 materialiet
1857 3257 2055 3318 sordi-

2143 3257 2395 3314 ὲναντὶων
2454 3259 2489 3326 ἡ
2535 3257 2822 3326 παντελής,
2881 3261 2936 3317 Εἰ
2998 3262 3077 3335 μὴ
3139 3261 3239 3338 γὰρ
3296 3261 3640 3337 καθαρθῶμεν
3696 3258 3809 3315 ἀπὸ

404 3348 480 3411 da
520 3349 819 3426 voluptate
855 3346 1092 3426 penitus
1132 3344 1349 3424 expiati
1391 3343 1706 3422 fuerimus,
1748 3347 1865 3408 veri
1917 3345 2059 3418 boni

406 3437 645 3499 dilectio
665 3454 782 3497 non
813 3438 926 3497 erit
948 3436 1008 3495 in
1045 3433 1242 3495 nobis.
1265 3433 1512 3505 Quando
1544 3444 1742 3496 autem
1763 3453 1797 3496 a
1829 3443 2058 3497 contra-

401 3527 510 3588 riis
539 3526 1016 3601 discesserimus,
1044 3532 1168 3585 tum
1203 3541 1300 3584 res
1330 3525 1584 3603 ipsas,ut
1609 3527 1670 3586 in
1701 3544 1766 3587 se
1787 3534 2059 3607 sunt,na-

404 3625 534 3678 tura
562 3634 668 3678 sua
688 3632 1142 3693 cognoscemus;
1163 3631 1380 3693 nempe
1411 3617 1725 3693 praesentia
1751 3617 1878 3678 hzec
1905 3625 2057 3678 tetn‘

404 3723 665 3786 poranea
692 3723 846 3781 esse,
874 3722 1004 3785 quae
1024 3722 1163 3767 vero
1185 3704 1264 3764 ibi
1283 3714 1448 3784 sunt,
1476 3714 1722 3782 aeterna,
1752 3725 1862 3768 nec
1885 3707 2058 3770 deci-

404 3796 645 3876 piemur
677 3794 834 3856 circa
879 3793 1022 3856 boni
1091 3794 1498 3874 apparentiam
1536 3814 1553 3870 ;
1612 3795 1910 3877 siquidem
1956 3797 2061 3860 illa

407 3904 528 3946 non
551 3892 640 3946 est
663 3885 875 3946 notitia
917 3901 1116 3944 rerum
1149 3903 1262 3963 qua
1285 3902 1384 3945 res
1405 3893 1579 3956 sunt;
1625 3892 1765 3946 tunc
1797 3887 1954 3947 enim
1985 3887 2060 3949 ad

405 3973 732 4054 ipsammet
761 3973 1066 4036 veritatem
1100 3973 1467 4049 accedimus,
1494 3985 1674 4056 atque
1702 3976 2054 4039 uniformem

408 4063 844 4146 perfectionem
889 4062 1334 4143 participamus.
1378 4063 1531 4136 Quid
1592 4082 1766 4143 porro
1790 4071 1882 4128 est
1911 4066 2052 4128 uni-

406 4153 710 4216 formitas?
731 4153 981 4227 Quando
1004 4151 1288 4213 nimirum
1316 4153 1540 4214 arebus
1565 4153 1729 4216 hisce
1746 4156 2051 4217 sensibili-

407 4243 522 4305 bus
553 4251 610 4305 et
639 4241 992 4305 aerumnosis
1017 4241 1090 4302 ad
1122 4242 1384 4304 divinam
1425 4251 1580 4304 I65
1609 4244 2052 4326 simplicitatem

406 4333 787 4412 adducimur,
821 4333 924 4413 qui
953 4340 1044 4394 est
1075 4331 1243 4395 cibus
1300 4331 1490 4395 beatae
1519 4333 1785 4415 visionis,
1819 4343 1881 4398 ut
1923 4355 2056 4417 quae

407 4431 671 4486 mentem
721 4442 787 4486 re
833 4423 1140 4487 intellecta
1170 4423 1375 4500 nutrit,
1412 4425 1566 4486 sicut
1595 4423 1738 4484 alibi
1771 4426 2050 4491 diximus.

2141 3349 2320 3416 πάσης
2365 3347 2546 3406 ἐνύλου
2585 3350 2673 3406 καὶ
2731 3349 2962 3427 ρυπαρᾶς
3017 3348 3294 3414 παντελῶς
3351 3347 3575 3428 ἡδονῆς,
3631 3351 3690 3406 οὗ
3723 3351 3809 3425 μὴ

2141 3439 2424 3516 γενήσεται
2472 3439 2508 3507 ἡ
2570 3439 2843 3515 ἀγάπησις
2907 3441 3000 3496 τοῦ
3068 3438 3232 3505 ὅντως
3288 3439 3506 3516 ἀγαθοῦ,
3563 3439 3702 3494 Πότε
3751 3437 3810 3495 δὲ

2141 3529 2523 3608 ἀποφοιτῶμεν
2581 3532 2688 3585 τῶν
2742 3528 3039 3609 ἐναντίων;
3075 3531 3162 3586 ὃτε
3205 3529 3521 3607 γνωσόμεθα
3577 3529 3642 3587 τὰ
3676 3531 3811 3586 ὄντα

2141 3619 2315 3681 καθὼς
2349 3618 2542 3698 ἔχουσι
2573 3619 2805 3697 φύσεως,
2864 3619 2953 3676 ὃτε
3013 3621 3080 3677 τὰ
3109 3634 3348 3698 παρόντα
3376 3617 3696 3698 πρόσκαιρα,
3729 3621 3804 3676 τὰ

2145 3705 2188 3763 δ’
2219 3708 2393 3765 ἐκεὶσι
2427 3708 2636 3783 αἰώνια,
2672 3708 2750 3783 μὴ
2781 3708 3124 3784 ἀπατώμενοι
3168 3709 3284 3786 περὶ
3315 3709 3412 3775 τὴν
3455 3708 3674 3776 δόκησιν
3709 3717 3807 3767 τοῦ

2143 3796 2308 3854 καλοῦ
2341 3815 2358 3835 ο
2389 3804 2545 3854 τοῦτο
2574 3799 2674 3876 γὰρ
2706 3799 2802 3855 οὒκ
2843 3797 2952 3854 ἔστι
3004 3804 3201 3877 γνῶσις
3245 3803 3350 3854 τῶν
3379 3797 3549 3856 ὂντων
3579 3797 3615 3874 ἦ
3648 3799 3807 3876 ὂντα,

2143 3887 2264 3944 τότε
2295 3888 2395 3967 γὰρ
2426 3887 2514 3944 καί
2545 3892 2614 3962 τῇ
2642 3887 2864 3961 ἀληθείᾳ
2914 3885 3327 3968 προσϐαίνομεν,
3361 3890 3450 3944 καὶ
3496 3889 3812 3968 μετέχομεν

2143 3989 2229 4043 τῖς
2283 3975 2541 4040 ἐνοειδοῦς
2585 3976 2938 4040 τελειώσεως.
2986 3977 3046 4036 Τί
3108 3976 3161 4034 δὲ
3223 3979 3335 4036 ἐστι
3380 3979 3441 4035 τό
3503 3977 3736 4044 ἑνοειδὲς
3791 3998 3810 4014 ο

2141 4064 2474 4146 Ἀναγόμεθα
2518 4065 2765 4134 δηλονότι
2825 4069 2930 4124 ἀπὸ
2975 4070 3080 4124 τῶν
3138 4069 3402 4134 αἰσθητῶν
3449 4068 3657 4125 τούτων
3699 4069 3802 4126 καὶ

2139 4158 2429 4238 μοχθηρῶν
2459 4159 2531 4223 εἰς
2589 4157 2730 4214 θείαν
2787 4157 3089 4237 ἁπλότητα,
3119 4155 3153 4213 ὅ
3177 4157 3241 4225 δὴ
3291 4158 3520 4222 ἐστίασίς
3554 4157 3668 4215 ἔστι
3705 4163 3809 4224 τῆς

2139 4248 2364 4323 ἐποψίας
2400 4264 2417 4281 ⁶
2447 4247 2692 4328 τρέφεται
2725 4249 2825 4327 γὰρ
2859 4255 2935 4323 τῷ
2968 4253 3146 4324 νοητῷ
3178 4250 3264 4304 τὸν
3308 4251 3450 4322 -νοῦν,
3499 4251 3683 4312 καθῶς
3717 4249 3810 4303 καὶ

2137 4337 2330 4394 ἄλλοτε
2358 4336 2634 4417 ἐλέγομεν.
2672 4335 2774 4398 Καὶ
2802 4344 2957 4394 τοῦτο
2987 4337 3126 4394 ἔστιν
3149 4339 3183 4406 ἡ
3203 4341 3422 4416 παρτοὶς
3453 4337 3811 4418 Εὖαγγελίοις

2137 4429 2250 4484 θεία
2282 4449 2374 4484 και
2393 4425 2755 4507 ὑπερκόσμιος
2777 4429 3036 4506 τράπεζα.

407 4514 483 4577 Et
537 4515 666 4575 haec
696 4523 788 4576 est
838 4512 901 4574 in
932 4511 1267 4593 Evangeliis
1297 4513 1398 4574 illa
1427 4513 1626 4575 divina
1647 4531 1717 4576 ac
1747 4516 2254 4596 supermundialis
2286 4533 2518 4578 mensa.
3795 4578 3809 4593 ,

489 4603 520 4681 §
551 4601 917 4667 lV.Dicimus
938 4601 1359 4686 itaque,Deum
1391 4603 1631 4666 dedisse
1657 4603 2052 4669 hierarchiam

2224 4607 2375 4683 ἒίν.
2433 4607 2673 4686 Λὲγομεν
2727 4611 2923 4687 τοίνυν,
2967 4609 3041 4673 ὡς
3101 4610 3127 4665 ὁ
3192 4611 3320 4674 Θεὸς
3367 4609 3467 4677 τὴν
3525 4609 3813 4689 ἱεραρχίαν

412 4693 477 4754 in
495 4697 741 4754 salutem
757 4700 815 4755 et
828 4693 1262 4755 deiﬁcationem
1278 4711 1485 4755 eorum
1510 4699 1610 4775 qui
1623 4696 1754 4772 ejus
1774 4707 1912 4758 sunt
1933 4715 2061 4778 par-

413 4782 654 4864 ticipes,
685 4790 864 4864 atque
881 4785 1107 4863 angelis
1139 4783 1382 4864 quidem
1427 4784 1771 4866 spiritaliori
1799 4794 1975 4849 modo
2007 4795 2066 4849 et

413 4872 600 4958 magis
626 4893 661 4934 a
693 4875 940 4936 materia
959 4873 1396 4946 remoto,nobis
1413 4883 1609 4937 autem
1631 4894 1738 4956 per
1769 4877 2060 4958 symbola;

412 4963 707 5044 siquidem
758 4964 1034 5026 homines
1079 4963 1454 5026 extrinsecus
1501 4983 1535 5027 a
1594 4975 1879 5028 creaturae
1911 4985 2060 5028 con-

412 5053 1026 5135 templatione,verbis
1051 5053 1504 5134 doctrinalibus,
1539 5055 1792 5137 aliisque
1815 5056 2061 5138 symbo-

410 5143 482 5204 lis
505 5161 612 5206 seu
633 5143 844 5222 signis,
869 5159 1066 5204 veram
1097 5142 1500 5222 cognitionem
1526 5144 1836 5226 hauriunt;
1871 5163 2063 5223 ange-

411 5233 450 5297 li
483 5250 626 5296 vero
660 5234 820 5295 intus
871 5233 1202 5294 secundum
1236 5232 1560 5312 spiritalem
1594 5234 1870 5297 virtutem
1895 5253 2060 5297 suam

408 5325 803 5406 illustrantur,
837 5343 904 5386 ac
933 5324 1130 5386 divina
1176 5324 1482 5388 voluntate
1534 5324 1962 5404 insigniuntur,
1996 5324 2057 5388 id

412 5414 582 5475 estad
599 5415 858 5476 divinam
876 5415 1434 5490 imitationein,reru
1446 5435 1770 5496 mque,qua
1783 5433 1878 5478 res
1898 5424 2060 5498 sunt,

412 5506 714 5567 notionem
750 5507 1160 5571 elformantur.
1201 5507 1343 5572 Cum
1377 5510 1535 5571 enim
1561 5509 1900 5590 intelligens
1923 5509 2062 5590 qui-

411 5596 546 5657 dem
579 5597 657 5658 sit
705 5597 762 5658 ἰιι
813 5601 970 5680 quod
1023 5599 1304 5680 intelligit
1349 5651 1364 5683 ,
1421 5599 1758 5680 itelligibile
1821 5618 1957 5662 vero
2003 5598 2061 5660 id

412 5695 571 5782 quod
594 5693 967 5777 intelligitur,
1000 5693 1170 5759 cibus
1191 5707 1393 5760 autem
1428 5702 1488 5758 et
1515 5693 1683 5783 quasi
1710 5689 2060 5757 sustentatio

2145 4700 2232 4756 ὶπί
2265 4700 2502 4778 σωτηρίᾳ
2555 4699 2645 4754 καὶ
2697 4699 2885 4755 θεώσει
2944 4699 3052 4756 τῶν
3103 4699 3489 4780 μετεχομὲνων
3521 4697 3812 4777 ἐδωρήσα-

2146 4811 2229 4870 το,
2295 4793 2382 4845 καὶ
2439 4801 2557 4852 τοϊς
2617 4787 2714 4862 μέν
2766 4788 3013 4868 ἀγγέλοις
3071 4788 3388 4868 νοερώτερον
3437 4789 3524 4846 καὶ
3568 4787 3814 4845 αὒλώτε-

2147 4901 2262 4960 ρον,
2323 4880 2462 4954 ἡμῖν
2512 4876 2568 4933 δὲ
2594 4876 2678 4933 διὰ
2721 4876 3026 4954 συμϐόλων,
3084 4877 3352 4956 ἅνθρωποι
3386 4879 3485 4954 μὲν
3545 4879 3648 4956 γὰρ
3683 4877 3815 4944 ἔξω-

2146 4973 2232 5026 θεν
2263 4967 2369 5025 ἀπὸ
2398 4968 2492 5036 τῆς
2552 4969 2688 5024 κατὰ
2722 4969 2817 5036 τὴν
2875 4968 3047 5025 κτίσιν
3104 4969 3350 5048 θεωρὲας,
3411 4969 3498 5024 καὶ
3547 4968 3656 5025 ἀπὸ
3708 4967 3810 5026 λόο

2144 5082 2256 5138 των
2298 5056 2708 5129 διδασκαλικῶν,
2756 5061 2844 5116 καὶ
2899 5057 3092 5138 ἐτέρων
3143 5055 3425 5134 συμϐόλων
3478 5061 3580 5126 τὴν
3625 5058 3810 5128 ἅληθῆ

2144 5155 2340 5228 γνῶσιν
2371 5145 2732 5224 λαμϐάνουσιν
2769 5167 2782 5185 ⁸
2845 5147 3065 5228 ἄγγελοι
3106 5146 3163 5205 δὲ
3213 5149 3375 5218 αὐτὴν
3447 5145 3656 5205 ἔνδοθεν
3710 5149 3812 5215 τὴν

2145 5238 2328 5318 νοερῶν
2389 5239 2561 5296 αὐτῶν
2619 5236 2983 5314 ὲίλλάμπονται
3031 5236 3274 5313 δύναμιν,
3355 5240 3440 5294 καὶ
3505 5237 3603 5307 τὴν
3663 5238 3813 5294 θείαν

2141 5327 2546 5404 ὶνσημαίνιινται
2605 5328 2862 5405 βούλησιν
2893 5375 2908 5401 ,
2969 5326 3133 5406 ἤγουν
3205 5335 3490 5385 τυποῦνται
3555 5329 3687 5406 πρὸς
3757 5329 3813 5385 τὸ

2145 5419 2466 5494 θεομίμητὸν
2496 5439 2576 5494 τε,
2629 5420 2806 5475 καὶτὸ
2844 5425 2949 5473 τῶν
2988 5417 3155 5475 ὄντῶν
3209 5418 3244 5485 ἧ
3272 5417 3400 5474 ὄντα
3452 5417 3586 5490 ἐστὶ,
3632 5441 3811 5495 γνωσο

2146 5513 2313 5570 τικόν.
2353 5500 2568 5575 Ἐπειδὴ
2615 5510 2715 5588 γὰρ
2744 5511 2924 5585 vuig-3v
2956 5507 3052 5582 μέν
3083 5509 3194 5564 ἐστι
3224 5511 3283 5564 τὸ
3319 5519 3493 5586 νοοῦν,
3527 5511 3725 5573 νοητὸν
3757 5506 3812 5563 δὲ

2145 5601 2204 5654 τὸ
2236 5597 2543 5673 νοούμενον,
2592 5599 2761 5677 τροφὴ
2785 5598 2862 5654 ’δὲ
2906 5600 2994 5654 καὶ
3026 5600 3185 5656 οἱονεὶ
3216 5599 3468 5661 σύστασις
3495 5600 3590 5654 τοῦ
3623 5605 3813 5655 voc-3v-

2144 5691 2234 5753 τὸς
2258 5689 2370 5744 Ιιστι
2398 5689 2461 5745 τὸ
2493 5687 2776 5767 νοούμενον
2819 5687 3096 5756 εἰκότωςὸ
3143 5689 3297 5767 Θεὸς,
3361 5688 3454 5746 ἅτε
3521 5692 3657 5745 νόων
3712 5688 3809 5768 ’ὁν-
