4042 6434
237 361 353 441 389

807 367 906 444 DE
950 362 1247 444 ECCLES.
1301 369 1692 466 HIEHARG.,
1725 379 1896 445 CAP.
1934 378 1982 446 I.
2035 417 2112 428 ο-
2144 356 3068 449 PARAPHR.PACHYMER1E

3513 361 3630 448 390

230 533 333 566 των
411 517 522 567 τῶν
593 511 920 587 ἀσωμάτων,
981 514 1140 578 αὐτὸς
1197 513 1478 589 νοούμενος
1552 517 1640 572 οιαὶ
1695 519 1885 585 νοητὸς

1983 518 2371 596 intelligentis
2401 519 2479 580 sit
2510 518 2569 579 id
2603 520 2759 598 quod
2798 519 3174 600 intelligitur,
3203 519 3413 581 merito
3447 519 3627 601 Deus,

228 604 439 679 αὗτοῖς,
491 602 668 687 καρὼς
721 602 1049 682 ἐφικοῦνται,
1099 605 1402 679 γινόμενος,
1458 604 1649 661 ἔσωθεν
1702 609 1890 670 αὐτοὺς

226 689 519 763 ἐλλάμπει,
578 700 618 748 Ο
665 699 794 768 γοῦν
824 690 1042 772 ἔχουσιν
1088 691 1284 749 ἐκεῖνοι
1327 694 1533 756 ἑνιαίως
1576 698 1660 750 καὶ
1691 718 1890 772 συνεμ-

223 780 508 856 τυγμὲνως
564 781 640 843 ὡς
691 779 862 856 ἅϋλοι,
899 789 1054 839 τοῦτο
1105 783 1270 857 ἡμεῖς
1317 781 1400 838 διὰ
1426 783 1706 859 συμϐόλων
1749 785 1889 843 δια.-

221 876 391 947 ρετῶν
449 872 541 926 καὶ
585 870 776 940 πλήθει
827 870 1192 947 λαμϐάνομεν,
1252 872 1502 944 Σὸμϐολα
1547 873 1598 930 δὲ
1657 875 1890 951 διαιρετὰ

222 960 308 1024 τὰς
369 962 478 1026 τῆς
553 966 764 1040 Γραφῆς
826 959 1127 1026 πολυειδεῖς
1191 961 1526 1028 διδασκαλίας
1585 968 1766 1044 φησίν.
1835 961 1889 1024 li1

221 1056 343 1125 γοῦν
376 1051 474 1105 καὶ
535 1051 725 1127 πρώην
767 1050 1047 1130 ἐλέγομεν,
1081 1051 1164 1108 ὅτι
1213 1054 1392 1119 πάσης
1424 1057 1696 1135 ἱεραρχίας
1743 1059 1888 1113 οὐσία

224 1143 363 1198 ἐστὶν
394 1144 424 1198 ὸ
463 1145 623 1222 Θεὸς,
668 1143 805 1200 ἆλλά
831 1150 930 1212 τῆς
964 1147 1082 1202 καθ’
1131 1148 1274 1222 ἡμᾶς
1305 1145 1446 1210 ἰδίως
1492 1152 1578 1205 καὶ
1609 1152 1884 1230 προσεχὴς

225 1232 398 1312 ὠσία,
435 1233 500 1289 τὰ
558 1232 922 1310 θεοπαράδοτα
975 1234 1157 1316 λόγια,
1189 1239 1278 1293 καὶ
1337 1237 1540 1306 μᾶλλον
1582 1242 1784 1297 τούτων
1827 1242 1891 1296 τὰ

225 1320 534 1380 σεπτότατα
579 1329 683 1379 τῶν
720 1323 1035 1381 ἀποστόλων
1065 1324 1383 1404 διδάγματα.
1418 1313 1480 1386 "0
1528 1329 1656 1408 γὰρ’
1686 1335 1753 1407 τῇ
1790 1331 1892 1386 τῶν

227 1412 490 1490 οὗρανίων
547 1414 792 1493 ἱεραρχίᾳ
835 1413 993 1479 αὒτός
1035 1417 1063 1471 ὁ
1120 1418 1274 1494 Θεὸς,
1315 1415 1511 1490 ἀύλιυς,
1547 1420 1619 1482 ὡς
1679 1419 1892 1499 ἐφικτὸν

227 1501 444 1583 αὐτοῖς,
503 1503 813 1583 ἑνούμενος,
848 1505 935 1561 καὶ
993 1505 1192 1573 ταύτην
1251 1506 1576 1582 ἀποτελῶν,
1611 1517 1768 1566 τοῦτο
1826 1513 1893 1586 τῇ

224 1592 344 1648 *καθ’
390 1593 542 1666 ἡμᾶς
575 1596 627 1648 αἱ
687 1595 912 1673 Γραφαὶ,
945 1592 1012 1650 δι’
1068 1598 1142 1651 ὧν
1197 1595 1401 1677 ἔχομεν
1446 1596 1730 1676 ἀνάγεσθαι
1765 1601 1896 1678 πρὸς

222 1683 324 1736 ’τί-ν
375 1685 526 1738 θείαν
559 1681 862 1750 ἁπλότητα⁰
919 1686 1006 1740 καὶ
1054 1685 1160 1758 μὴν
1219 1687 1302 1740 καὶ
1353 1687 1417 1741 τὰ
1475 1686 1572 1742 ὅσα
1604 1686 1670 1744 δι’
1729 1689 1895 1768 ἀϋγο-

222 1771 382 1847 τέρας
447 1773 722 1846 μυήσεως,
780 1779 877 1841 τῆς
923 1772 984 1830 ἐκ
1011 1777 1103 1830 τοῦ
1154 1776 1458 1851 Πνεύματος
1490 1775 1694 1846 δηλαδὴ
1744 1779 1897 1857 ἐγγι-

1975 625 2109 669 cum
2146 619 2375 669 mentes
2408 608 2526 668 sint
2557 608 2953 690 incorporeaa,
2984 610 3234 688 ipsemet
3263 609 3632 692 intelligens,

1976 697 2482 777 et_illis,quantum
2501 717 2717 778 capere
2733 698 3628 779 possunt,factusintelligibilis,

1977 787 2309 868 intusipsas
2332 786 2790 859 illustrat.Quod
2818 789 3015 868 itaque
3046 787 3186 867 ipsi,
3217 797 3491 868 tanquam
3517 789 3636 849 im-

1978 877 2510 951 materiales,unite
2543 877 2765 939 habent
2794 896 2860 938 ac
2895 887 3227 955 compacto,
3257 883 3367 939 hoc
3403 877 3633 941 nossub

1975 965 2294 1026 divisorum
2347 966 2752 1046 symbolarum
2818 965 3208 1028 multitudine
3275 966 3630 1047 accipimus.

1973 1053 2250 1135 Symbola
2283 1074 2459 1138 porro
2507 1055 2718 1136 divisa,
2751 1065 2923 1117 vocat
2950 1054 3260 1118 doctrinas
3308 1053 3637 1137 Scriptura;

1976 1145 2470 1209 inultil‘ormes.Si
2507 1146 2730 1226 itaque,
2766 1154 2829 1206 ut
2862 1146 3035 1207 etiam
3074 1155 3211 1207 ante
3243 1145 3636 1229 diximus,es-

1977 1235 2168 1297 sentia
2201 1235 2396 1298 omnis
2448 1237 2802 1298 bierarchize
2834 1235 2994 1298 Deus
3025 1245 3139 1311 est,
3178 1249 3403 1298 nostrae
3433 1246 3637 1300 tamen

1980 1325 2417 1406 proprie,quasi
2443 1326 2708 1406 proxima
2743 1326 3163 1407 materia,sunt
3185 1326 3428 1388 oracula
3462 1326 3636 1390 aDeo

1981 1415 2214 1494 tradita,
2255 1417 2583 1495 praesertim
2628 1415 3033 1496 apostolorum
3062 1415 3350 1477 doctrinae
3377 1417 3638 1479 maxime

1979 1506 2354 1566 venerandae.
2383 1505 2551 1585 Quod
2587 1506 2748 1566 enim
2782 1505 3006 1566 caelesti
3033 1505 3391 1567 hierarchiae
3417 1515 3511 1574 __e_st
3533 1506 3631 1588 ip-

1981 1595 2960 1676 se_De_u_s,immaterialiter,quoad
2982 1595 3108 1656 ﬁeri
3129 1596 3464 1676 potest,ipsi
3498 1596 3633 1658 uni-

1983 1693 2074 1744 tus
2107 1703 2358 1764 eamque
2393 1685 2856 1766 perliciens,hoc
2891 1685 3468 1746 nostraehierarchiaa
3490 1695 3630 1748 sunt

1982 1772 2445 1855 Scripturae,per
2466 1794 2613 1854 quas
2641 1775 2714 1836 ad
2750 1773 3010 1836 divinam
3040 1773 3482 1853 simplicitatem
3522 1779 3633 1839 ad-

223 1861 462 1937 νομὲνης
520 1876 641 1925 τοῖς
689 1862 1011 1926 ἀποστόλοις
1073 1864 1322 1941 γνώσεως
1377 1872 1483 1921 τῶν
1527 1867 1622 1935 τῆς
1683 1874 1895 1949 Γραφῆς

1983 1864 2284 1937 ducimur;
2313 1865 2396 1925 uti
2430 1875 2488 1926 et
2522 1864 2870 1926 traditiones
2895 1863 3036 1944 illae,
3061 1863 3278 1945 quibus
3297 1861 3630 1928 institutio-

223 1952 548 2027 νοημάτων,
597 1955 746 2012 αὐτοὶ
805 1966 924 2018 τοῖς
985 1953 1170 2018 ἄλλοις
1214 1952 1298 2011 διὰ
1348 1954 1533 2036 λόγου,
1589 1967 1896 2032 σωματιςοῦ

223 2043 348 2121 μὲν,
405 2039 492 2098 ὅτι
552 2040 619 2098 δι’
666 2044 903 2121 ὁργάνων
959 2051 1286 2118 σωματικῶν
1349 2044 1616 2124 ἐλέγοντο,
1669 2047 1892 2104 ἀϋλοτέ-

222 2152 313 2199 pou
368 2129 426 2186 δὲ
460 2130 638 2212 ὅμως,
672 2133 750 2189 ὄτι
803 2131 950 2211 λόγῳ
980 2135 1152 2207 μόνῳ,
1185 2136 1273 2191 καὶ
1305 2133 1388 2190 διὰ
1418 2136 1622 2215 γραφῆς
1648 2137 1679 2170 ’δε
1721 2138 1890 2206 παρέ-

221 2217 380 2275 δόσαν
445 2223 741 2295 μυστικῶς,
803 2221 1106 2300 Παρέδοσαν
1137 2223 1191 2278 δὲ
1242 2230 1407 2280 ταῦτα
1459 2224 1552 2281 οὒκ
1607 2226 1892 2303 ἀπαρακα-

222 2308 447 2375 λιὲπτοις
507 2313 781 2386 νοήσεσιν,
819 2311 940 2369 ἀλλ’
990 2313 1044 2367 ἐν
1076 2311 1364 2388 συμϐόλοις
1409 2317 1544 2370 τισὶν
1575 2317 1758 2392 ἱεροῖς,
1794 2316 1892 2373 ὅσα

222 2395 433 2467 δηλαδὴ
489 2400 545 2454 ὲν
576 2402 643 2476 τῇ
677 2402 800 2479 ἁγίᾳ
835 2399 1130 2475 Ἐκκλησία
1171 2402 1469 2478 τελοῦνται,
1506 2403 1664 2482 λνγον
1697 2405 1894 2485 ἔχοντα

223 2496 316 2544 τοῦ
377 2490 710 2568 φαινομένου
757 2489 1087 2569 ὑψηλότερον
1130 2494 1217 2549 καὶ
1274 2493 1554 2570 θειότερον.
1618 2501 1783 2552 Τοῦτο
1840 2494 1894 2550 δὲ

225 2580 588 2652 πεποιήκασι,
649 2583 736 2637 καὶ
794 2584 888 2639 οὐκ
918 2580 1268 2657 ἀπεκάλυψαν
1324 2582 1488 2639 ἅπασι
1537 2585 1602 2640 τὰ
1657 2584 1894 2663 ἀπόκρυ-

226 2691 320 2746 φα,
357 2668 442 2724 ὅτι
491 2669 550 2726 οὗ
584 2676 688 2734 πᾶς
745 2672 907 2751 ἱερὸς,
954 2669 1068 2728 οὐδὲ
1117 2673 1332 2729 πάντων
1460 2679 1680 2750 γνῶσις·
1741 2667 1898 2750 Ὑμῖν

227 2759 330 2835 γὰρ
399 2755 632 2834 δέδοται,
695 2763 856 2839 φησὶν
915 2763 942 2816 ὁ
1018 2761 1204 2840 Κύριος
1255 2774 1371 2824 τοῖς
1430 2761 1752 2827 ἀποστόλοις
1811 2760 1901 2819 καὶ

228 2861 351 2909 τοῖς
412 2847 538 2921 μετ’
599 2849 786 2913 αὐτοὺς
845 2850 1046 2928 ἁγίοις,
1095 2857 1292 2928 γνῶναι
1356 2852 1420 2908 τὰ
1481 2850 1743 2930 μυστήρια
1803 2857 1898 2919 τῆς

232 2939 510 3014 βασιλείας
554 2950 649 2999 10-3
679 2947 831 2997 Θεοῦ.

1981 1971 2056 2014 ne
2091 1955 2275 2033 magis
2304 1972 2338 2014 a
2362 1954 2607 2016 materia
2629 1959 2882 2028 semota,
2912 1972 2982 2016 ex
3003 1953 3192 2015 sancti
3216 1951 3475 2033 Spiritus
3501 1955 3631 2019 ins-

1979 2045 2186 2118 tinctu,
2221 2044 2470 2123 apostoli
2503 2063 2789 2105 sensuum
2843 2041 3171 2123 Scriptum
3198 2043 3629 2122 cognitionem,

1977 2133 2074 2192 alii
2099 2133 2254 2213 aliis,
2277 2151 2558 2195 sermone
2588 2133 2831 2215 quidem
2861 2133 3326 2214 corporeo,quia
3359 2152 3468 2214 per
3497 2135 3630 2197 ins-

1978 2232 2274 2284 trumenta
2294 2223 2778 2303 corporealocuti
2812 2223 3173 2302 sunt,mag_is
3197 2233 3394 2285 tamen
3426 2224 3636 2286 imma-

1980 2311 2345 2392 teriali,quia
2371 2331 2650 2374 sermone
2693 2312 2820 2374 solo
2850 2321 2907 2374 et
2951 2331 3070 2373 non
3097 2313 3344 2392 scripto,
3381 2314 3631 2394 mystice

1979 2402 2368 2463 tradiderunt.
2405 2405 2799 2482 Nequaquam
2825 2410 3022 2462 autem
3052 2402 3176 2462 haec
3201 2401 3415 2481 patulis
3457 2402 3628 2464 intel-

1979 2490 2215 2570 ligeniis
2240 2491 2744 2563 tradiderunt,sed
2779 2491 2839 2552 in
2871 2489 3153 2570 symbolis
3168 2490 3521 2569 quibusdam
3538 2511 3632 2554 sa.

1979 2581 2258 2660 cris,quae
2288 2580 2569 2642 nimirum
2598 2581 2658 2641 in
2694 2579 2960 2644 Ecclesia
2979 2594 3185 2641 sancta
3216 2579 3623 2656 celebrantur,

1981 2687 2117 2730 cum
2152 2670 2441 2731 rationem
2478 2669 2734 2731 habeant
2764 2689 2835 2732 eo
2867 2669 3023 2750 quod
3047 2678 3289 2749 apparet
3318 2669 3630 2732 sublimio-

1979 2775 2108 2820 rem
2161 2768 2338 2838 atque
2389 2760 2770 2822 diviniorem.
2826 2759 2949 2821 Hoc
3001 2770 3201 2821 autem
3233 2758 3535 2834 fecerunt,
3572 2771 3635 2824 et

1981 2849 2433 2930 haudquaquam
2455 2849 2732 2911 omnibus
2745 2866 2958 2910 arcana
2979 2850 3485 2931 revelarunt,quia
3511 2869 3631 2914 non

1916 2946 1957 2996 C
1983 2939 2176 2999 omnis
2198 2948 2662 3019 sanctus,nequc
2693 2939 2964 3000 omnium
2996 2939 3242 3000 scientia
3272 2949 3362 3000 est
3395 2957 3410 3002 :
3451 2939 3641 3023 νοω,

241 3027 373 3088 166
402 3029 595 3109 enim,
629 3029 818 3109 inquit
850 3027 1141 3092 Dominus
1169 3031 1454 3112 apostolis
1482 3039 1540 3094 et
1569 3028 2018 3094 successoribus
2039 3028 2286 3103 sanctis,
2314 3029 2531 3092 datum
2566 3037 2653 3092 est
2695 3046 2870 3091 nosse
2898 3031 3188 3106 mysteria
3230 3034 3406 3108 regni
3435 3030 3546 3094 Dei
3575 3034 3633 3102 ιι,

323 3117 352 3197 §
400 3116 473 3179 ν.
522 3118 861 3197 Ἀναγκαίως
911 3120 1082 3177 τοίνυν
1127 3123 1174 3178 οἱ
1231 3118 1356 3198 ἱεροὶ
1404 3122 1714 3196 ἀπόστολοι,
1754 3123 1897 3180 αὒτοὶ

243 3206 672 3274 ἀναπλησοάντες
771 3209 864 3266 τοῦ
932 3211 1070 3266 Θείου
1154 3212 1484 3290 χαρίσματος
1574 3211 1896 3291 (ἑθεώοησαν

235 3299 334 3377 γὰρ
377 3303 446 3374 τῇ
506 3300 637 3376 πρὸς
684 3300 852 3356 αὖτὼν
925 3299 1247 3377 ἀγαπήσει),
1280 3302 1366 3357 καὶ
1412 3303 1484 3364 εἷς
1533 3303 1652 3364 τοὺς
1702 3300 1894 3365 ἄλλους

229 3385 635 3461 ἀπεσταλμένοι
698 3389 840 3465 παρά
895 3396 994 3456 τῆς

771 3209 864 3266 τοῦ
932 3211 1070 3266 Θείου
1154 3212 1484 3290 χαρίσματος

231 3475 338 3545 ἤδη
393 3480 504 3534 θεοὶ
534 3480 870 3559 γεγονόντες,
906 3483 982 3555 μὴ
1029 3483 1336 3558 φθονοῦντες
1389 3494 1508 3544 τοῖς
1559 3481 1679 3556 μετ’
1709 3482 1897 3545 αὖτοὺς

229 3570 336 3634 τῆς
391 3569 649 3634 τοιαύτης
680 3569 922 3633 θεώσεως
955 3568 1262 3648 (ἀλλότριον
1290 3571 1390 3648 γὰρ
1439 3578 1500 3625 τὸ
1530 3574 1779 3650 φθονερὸν
1808 3580 1900 3630 τοῦ

231 3660 422 3731 Θεοῦ),
458 3659 733 3724 αἰσθητοῖς
762 3661 827 3714 τὰ
860 3660 1048 3733 νοητὰ,
1067 3663 1156 3716 καὶ
1184 3657 1393 3724 ὑλικοῖς
1425 3662 1490 3716 τὰ
1513 3661 1666 3735 ἄυλα,
1694 3663 1778 3717 καὶ
1809 3661 1899 3716 ἆν-

227 3748 474 3824 ορώποις
517 3748 580 3804 τὰ
629 3751 774 3828 θεῖα,
804 3749 899 3804 καὶ
933 3749 1209 3828 ὲγγράερως
1256 3750 1344 3806 καὶ
1388 3748 1636 3830 ἀγράφως
1669 3749 1898 3829 παρέδο-

229 3862 362 3912 σαν,
400 3841 460 3896 οὐ
491 3835 654 3912 μόνον
688 3837 846 3917 χάριν
875 3844 982 3896 τῶν
1014 3839 1234 3918 ἀνιέρων
1257 3839 1329 3917 (τί
1357 3841 1456 3917 γὰρ
1488 3841 1622 3915 ἡμῖν
1637 3839 1899 3905 κάκείνοις

229 3930 445 3999 κοινὸν,
484 3929 540 3984 οἳ
570 3926 683 3984 οὐδὲ
715 3933 822 3984 τῶν
853 3926 1133 4004 συμϐόλων
1165 3927 1337 4004 ψιλῶν
1385 3928 1684 4009 ἀξιοῦνται,
1713 3929 1732 4009 )
1767 3930 1903 3988 ἀλλὰ

231 4022 328 4076 καὶ
383 4016 509 4074 κατ’
555 4015 718 4075 ἄλλον
769 4019 964 4096 τρόπον
1007 4019 1087 4074 ὃτι
1139 4017 1412 4094 ἀναλόγως
1442 4018 1579 4094 ἡμῖν
1629 4022 1903 4088 αἰσθητοῖς

233 4109 390 4187 οὖσι,
449 4109 538 4164 καὶ
597 4109 834 4177 αἰσθήσει
894 4110 1048 4189 ζῶσι,
1101 4109 1188 4164 καὶ
1247 4110 1281 4177 ἡ
1338 4110 1580 4188 ἱεραρχία
1645 4109 1902 4171 τελεῖται.

230 4201 315 4259 0-3
362 4199 467 4277 γὰρ
516 4199 632 4254 οἷόν
687 4221 743 4255 τε
774 4211 998 4278 γυμνοῖς
1057 4200 1240 4262 αὐτοῖς
1287 4212 1402 4261 τοῖς
1445 4201 1599 4265 θείοις
1648 4201 1903 4278 πράγμα-

2061 3119 2088 3198 §
2115 3119 2183 3182 V.
2210 3118 2763 3197 Necessarioigitur
2783 3117 2973 3179 sancti
3001 3118 3254 3198 apostoli
3286 3119 3522 3199 ipsimet
3544 3121 3634 3183 di-

1981 3208 2114 3270 vino
2149 3227 2398 3271 munere
2424 3209 2582 3288 pleni
2617 3211 2752 3289 (per
2779 3209 3164 3270 dilectionem
3186 3208 3347 3270 enim
3367 3209 3634 3274 deificati

1980 3305 2164 3374 erant)
2187 3307 2244 3360 et
2267 3299 2338 3360 ad
2362 3299 2511 3360 alios
2536 3299 2609 3360 ab
2641 3301 2768 3376 ipsa
2794 3299 3053 3361 bonitate
3074 3299 3418 3380 missi,quin
3447 3310 3504 3363 et
3519 3303 3634 3383 ipsi

1079 3389 1434 3467 ἆγαοότητος,
1493 3393 1585 3448 καὶ
1640 3393 1784 3448 αὐτοὶ
1841 3390 1895 3446 δὲ

1983 3388 2097 3468 iam
2133 3388 2214 3448 dii
2245 3388 2410 3465 facti,
2445 3388 2899 3451 successoribus
2931 3388 3270 3450 istiusmodi
3300 3389 3634 3454 deiﬁcatio-

1981 3496 2116 3539 nem
2153 3478 2400 3542 minime
2430 3478 2762 3540 invidentes
2795 3477 3014 3552 (aliena
3045 3478 3186 3539 enin
3234 3479 3454 3542 invidia
3486 3492 3632 3544 esta

1980 3567 2151 3647 Deo),
2175 3567 2559 3629 sensibilibus
2581 3567 3040 3642 intellectilia,et
3067 3568 3388 3630 materialis
3412 3570 3634 3635 imma-

1980 3657 2304 3733 terialia,et
2329 3656 3025 3723 hominibusdivina.tam
3041 3657 3266 3738 scripto
3293 3676 3476 3736 quam
3509 3680 3630 3725 non

1984 3746 2202 3827 scripto
2236 3746 2632 3822 tradiderunt,
2669 3765 2788 3808 non
2835 3756 3082 3827 propter
3103 3747 3381 3828 profanos
3403 3757 3631 3813 tantum

1985 3837 2152 3919 (quid
2172 3837 2333 3898 enim
2358 3835 2530 3897 nobis
2563 3845 2620 3898 et
2641 3836 2761 3898 illis
2781 3855 3130 3911 commune,
3158 3838 3257 3918 qui
3293 3856 3368 3900 ne
3399 3840 3634 3920 symbo-

1987 3932 2059 3993 lis
2089 3929 2330 4010 quidem
2365 3929 2541 3990 nudis
2564 3929 2728 4008 digni
2774 3938 2912 3990 sunt
2947 3928 3133 3990 habiti
3163 3929 3422 4008 ?)verum
3458 3933 3634 3994 etiam

1991 4023 2066 4083 ob
2097 4023 2270 4083 aliam
2323 4019 2640 4094 rationem,
2675 4018 2832 4101 quod
2893 4017 3177 4081 nimirum
3232 4031 3637 4099 congruenter

1990 4111 2164 4174 nobis
2183 4129 2363 4172 sensu
2386 4110 2715 4172 viventibus
2730 4118 2786 4172 et
2811 4109 3114 4174 sensitivis
3143 4110 3477 4174 hierarcbia
3497 4114 3637 4176 sub-

1989 4198 2517 4264 ministretur.Non
2543 4201 2704 4262 enim
2748 4218 2854 4279 par
2883 4208 2994 4274 est,
3028 4208 3092 4261 ut
3118 4201 3176 4261 hi
3210 4201 3314 4278 qui
3347 4220 3528 4264 sensu
3555 4205 3636 4266 vi-

230 4314 327 4347 σιν
390 4285 765 4368 ἐντυγχάνειν,
826 4291 914 4344 καὶ
985 4295 1190 4356 νοητῶς
1263 4288 1633 4364 συνάπτεσθαι,
1683 4291 1895 4360 ασθήσει

1987 4301 2150 4372 vunt,
2184 4290 2374 4352 nudas
2397 4291 2556 4371 ipsas
2578 4308 2676 4352 res
2699 4289 2929 4352 divinas
2951 4290 3427 4371 frequentent,et
3447 4292 3635 4355 intel-

229 4381 476 4451 ζῶντας·
535 4375 618 4433 διὰ
674 4385 830 4435 τοῦτο
880 4375 966 4434 διὰ
1013 4375 1294 4454 συμϐόλων
1337 4377 1604 4435 τελεῖσθαι
1656 4379 1895 4459 ἐτάχθη-

1985 4380 3108 4460 lectualiteriisconjungantur;idcirco
3121 4397 3229 4460 per
3240 4380 3639 4462 symbolajus-

476 4468 496 4500 ι
612 4469 657 4499 ιιι
707 4467 732 4486 ον
1016 4475 1042 4485 ~
1283 4469 1293 4486 '
1510 4469 1520 4488 '
1669 4469 1686 4504 ρ
1787 4476 1814 4486 ~
1859 4471 1871 4492 '

227 4492 365 4547 μεν.
430 4478 575 4533 Τιως
606 4489 661 4524 οε.
705 4485 852 4532 eum:
899 4471 946 4525 οἱ
975 4490 1082 4525 των
1126 4465 1404 4544 συμϐόλων
1457 4483 1608 4547 Λογοι
1638 4491 1698 4525 ο)
1742 4493 1895 4526 πασιν

1983 4473 2251 4534 sisumus
2268 4470 2489 4532 initiari
2504 4472 2950 4532 .Verumtamen
2967 4488 3043 4532 ne
3064 4470 3205 4550 ipsae
3219 4470 3460 4551 quidem
3480 4489 3638 4554 sym-

227 4561 373 4616 εἰσιν
408 4557 927 4637 ἀνακεκαλυμμένοι,
964 4559 1049 4614 διαὶ
1094 4557 1378 4636 γνώριμοι,
1411 4556 1549 4614 ἀλλὰ
1589 4572 1706 4622 τοῖς
1736 4559 1895 4624 ἱεροῖς

1983 4561 2254 4624 bolorum
2280 4561 2541 4623 rationes
2575 4560 2857 4622 omnibus
2887 4568 3026 4621 sunt
3055 4561 3338 4622 revelata:
3359 4579 3427 4622 ac
3453 4571 3634 4645 notae,

224 4645 514 4726 ἀνδράσιν,
571 4649 658 4712 οὓς
721 4651 780 4706 οὔ
829 4647 1044 4722 θεμιτόν
1101 4650 1244 4703 ἐστιν
1323 4646 1528 4725 ἐξάγειν
1585 4649 1772 4713 αὐτοὺς
1825 4650 1895 4714 εἰς

1983 4653 2090 4715 sed
2119 4652 2262 4714 viris
2291 4650 2760 4731 sanctis,quibus
2793 4668 2912 4712 non
2937 4650 3076 4712 licet
3109 4667 3212 4712 eas
3246 4669 3550 4730 exponere
3566 4654 3640 4716 iis

224 4740 363 4804 τοὺς
426 4737 502 4793 ἔτι
559 4737 1028 4818 κατηχουμένους,
1089 4735 1319 4813 εἰδότας,
1376 4736 1457 4793 ὅτι
1516 4741 1899 4816 προσηκόντως

226 4830 457 4902 ἑκάστῳ
513 4829 650 4884 κατά
700 4830 801 4896 την
857 4829 1099 4908 οὖρανίαν
1165 4826 1308 4894 τάξιν
1365 4828 1463 4896 τὴν
1536 4831 1762 4896 εὖσταθη
1813 4831 1901 4886 καὶ

228 4919 581 4998 ἄσύμῳυρτον
656 4917 933 4997 ἀναλόγως
1003 4920 1104 4987 τὴν
1175 4918 1294 4974 καθ’
1365 4919 1507 4993 ἡμᾶς
1577 4917 1898 4984 διετάξαντο.

232 5010 343 5065 Διὸ
375 5009 608 5071 πεισθεὶς
651 5021 777 5071 ταῖς
808 5009 1122 5087 ὁμολογίαις
1164 5019 1287 5070 ταῖς
1333 5019 1482 5082 σαῖς,
1517 5007 1588 5072 ὡς
1640 5009 1744 5087 οὐχ
1783 5007 1903 5064 ἐτέ-

229 5121 320 5171 ρῳ
367 5094 717 5178 μεταδώσεις,
752 5099 795 5154 εἰ
851 5098 928 5173 μή
983 5110 1102 5160 τοῖς
1145 5097 1282 5154 κατὰ
1311 5095 1370 5152 σὲ
1426 5098 1616 5175 ἱεροῖς·
1676 5098 1764 5153 καὶ
1822 5096 1904 5155 ὅσι

233 5187 524 5250 κάκείνους
580 5187 848 5268 ἀσφαλίσῃ
917 5188 1182 5251 τοιούτονς
1253 5185 1394 5242 εῒνάι
1453 5187 1572 5265 περὶ
1625 5188 1692 5244 τὰ
1759 5191 1903 5268 θεῖα,

233 5281 368 5340 οἷος
429 5277 490 5333 σὺ
524 5278 679 5341 αὒτὸς
731 5277 870 5336 alvo:
914 5277 1041 5352 περΐ
1071 5284 1234 5336 ταῦτα
1277 5276 1540 5356 ὑπισχνῇ,
1574 5281 1660 5334 καὶ
1719 5279 1906 5336 τούτσυ

233 5364 572 5448 μιταδίδωμί
600 5390 682 5426 σοι
713 5375 805 5426 τοῦ
834 5367 1022 5449 δώρου.
1237 5358 1269 5391 ⁴

326 5555 362 5602 ιι
391 5555 579 5634 Marc,
612 5573 691 5638 iv,
729 5558 824 5621 lt.

1982 4743 2084 4823 qui
2113 4742 2311 4805 adhuc
2333 4740 2745 4804 catechumeni
2781 4758 2953 4820 ;cum
2967 4740 3120 4802 scire
3147 4739 3639 4806 debeantconve-

1987 4833 2220 4894 nienter
2251 4830 2602 4912 unicuique,
2637 4829 2970 4892 secundum
2999 4830 3272 4892 ordinem
3333 4832 3638 4897 cwlestem

1987 4921 2258 4984 stabilem
2280 4931 2338 4983 et
2363 4919 2846 5001 inconfusum,ad
2867 4931 3102 4999 captum
3125 4929 3394 4983 nostrum
3412 4923 3642 4985 hierar.

1987 5011 2183 5074 chiam
2198 5011 2385 5092 ipsam
2401 5010 2736 5072 ordinatam
2772 5008 3310 5091 esse.Quapropter
3327 5010 3504 5074 etiam
3526 5013 3640 5074 tuis

1988 5099 2120 5180 ipse
2151 5099 2619 5182 professionibus
2635 5115 2953 5178 persuasus
2973 5099 3318 5178 es,neillam
3341 5100 3510 5162 alteri
3526 5111 3641 5162 tra-

1989 5189 2118 5269 das,
2166 5198 2565 5271 praeterquam
2603 5188 2686 5248 tui
2738 5187 3036 5248 similibus
3067 5189 3327 5265 sanctis;
3361 5197 3418 5251 et
3448 5189 3522 5252 ab
3553 5190 3640 5252 eis

1991 5289 2158 5361 petes
2179 5278 2710 5360 cautionem,ipsos
2743 5278 2902 5338 circa
2927 5276 3128 5339 divina
3152 5278 3299 5340 tales
3326 5279 3638 5361 fore,qua-

1991 5370 2105 5431 lem
2137 5368 2264 5450 ipse
2289 5378 2344 5431 te
2367 5370 2527 5432 circa
2548 5369 2760 5432 eadem
2792 5366 2920 5429 fore
2951 5366 3260 5450 recepisti,
3283 5367 3468 5450 idque
3499 5388 3639 5433 mu-

1990 5463 2151 5522 neris
2175 5460 2278 5523 tibi
2313 5461 2504 5526 trado.

327 5661 528 5753 ‘Lege
557 5668 734 5753 mago
764 5664 848 5723 διὰ
875 5673 1108 5749 γραφῆς.
1170 5669 1239 5733 Iu
1271 5675 1432 5732 textu
1465 5672 1627 5730 enim
1659 5663 1725 5732 S.
1751 5665 1895 5732 Dion

1983 5666 2022 5730 ii
2049 5668 2270 5751 legitur
2299 5671 2452 5738 ἐκτὸς
2483 5674 2712 5753 γραφῆς.
2768 5663 3158 5746 Negationem
3189 5686 3248 5723 ου
3286 5663 3430 5749 legit
3460 5665 3641 5735 inter-

242 5761 412 5836 pres.
445 5748 614 5813 Εοιτ.
646 5744 896 5814 ernoc;
