4042 6436
466 393 584 463 403
1664 391 1726 457 S.
1774 390 2126 456 DIONYSII
2168 386 2680 456 AREOPAGITE
3758 384 3881 456 404

468 536 697 600 bertate
724 540 904 615 atque
932 531 1198 609 victoria,
1239 529 1450 594 mortis
1483 546 1553 595 ac
1588 528 2108 611 corruptionisim

2227 550 2327 596 κης
2375 530 2507 608 πρὸς
2536 529 2600 585 τὸ
2645 527 2738 586 τοῦ
2766 524 2991 585 θανᾶτου
3041 526 3129 585 καὶ
3158 525 3257 596 τῆς
3308 529 3506 608 φθορᾶς
3537 525 3885 608 ἂγωνιζόμευ

470 626 700 708 perium
725 624 1110 699 debellando,
1139 623 1200 685 in
1220 623 1562 684 certamina
1581 620 1825 702 quidem
1845 619 2115 700 gaudens

2222 641 2308 682 νος
2365 624 2581 698 κράτος,
2615 632 2733 683 τοῖς
2792 619 2889 695 μὲν
2920 617 3121 696 ἀγῶσιν
3151 619 3224 684 ὡς
3277 617 3440 684 θείοις
3470 618 3538 669 48
3568 622 3596 676 ὁ
3628 619 3890 697 τελούμε-

469 707 672 798 utpote
710 718 842 776 175
887 714 1110 790 divina,
1138 712 1416 775 initiatus
1443 711 1748 784 ascendet,
1779 709 2009 788 legibus
2039 727 2113 770 au

2221 731 2304 772 νος
2335 707 2645 779 ἐπιϐήσεται
2693 711 2925 790 χαίρω),
2959 708 3176 784 ἐμμένει
3218 707 3273 765 δὲ
3319 707 3381 759 49
3423 723 3546 772 ταῖς
3577 717 3672 766 τοῦ
3705 735 3884 792 σοφο-

469 815 588 868 tem
661 806 946 885 sapientis
1005 802 1266 875 insistet,
1316 801 1624 882 juxtaque
1681 799 1816 861 illas
1861 798 2116 861 inviolatt

2221 799 2574 879 νομοθεσίαις,
2607 800 2695 856 καὶ
2743 799 2863 856 κατ’
2895 800 3056 861 αὑτὰς
3093 799 3159 850 50
3215 798 3579 878 ἀπαραϐἇιτως
3613 800 3884 879 ἀγωνιεῖ-

469 895 741 972 certabit,
777 893 1092 956 illustrium
1140 891 1523 971 praemiorum
1568 897 1724 952 certa
1760 907 1866 969 spe
1910 888 2108 950 fultus

2219 911 2326 964 ται,
2361 892 2495 965 πρὸς
2551 891 2648 958 τὴν
2706 894 2812 946 τῶν
2869 888 3047 946 καλῶν
3099 889 3342 948 ἐπάθλων
3404 888 3592 946 ἐλπίδα
3649 890 3881 968 βεϐαίως

471 986 582 1048 sub
614 984 772 1047 bono
803 982 1196 1044 certaminum
1231 980 1565 1043 exhibitore
1615 979 1867 1043 Domino
1905 997 1975 1041 ac
2009 978 2116 1040 du-

2216 976 2383 1058 ἕχων,
2417 978 2503 1035 ὑπ’
2561 978 2741 1057 ἀγαθῶ
2777 982 2876 1048 τῆς
2928 979 3229 1046 ἆθλοθεσίοὶς
3289 981 3460 1060 Κυρίῳ
3493 982 3585 1037 καὶ
3643 983 3880 1058 ἡγεμόνι

467 1083 634 1138 ctore
664 1074 1059 1136 constitutus:
1109 1071 1450 1152 divinisque
1478 1069 1816 1132 insistendo
1861 1067 2116 1145 vestigii:

2219 1068 2572 1144 ταττόμενος
2609 1066 2793 1134 ἐπιϐὰς
2841 1067 2896 1124 δὲ
2927 1081 3044 1132 τοῖς
3095 1069 3253 1134 θείοις
3284 1069 3467 1150 ἴχνεσι
3505 1077 3600 1127 τοῦ
3632 1070 3881 1138 ἀθλητῶν

465 1165 654 1245 ipsius
686 1163 968 1245 pugillum
1025 1161 1290 1242 primatis
1324 1179 1431 1243 per
1467 1160 1862 1241 probitatem,
1888 1159 1957 1220 ad
1992 1158 2116 1219 imi-

2215 1158 2427 1235 πρώτου
2456 1157 2522 1215 δι’
2555 1159 2881 1238 ἂγαθότητα,
2915 1172 3039 1224 ταῖς
3087 1161 3436 1241 θεομιμήτοις
3473 1159 3734 1230 ἂθλήσεσι
3779 1163 3875 1228 τὰς

467 1258 746 1316 tationem
802 1255 905 1316 Dei
955 1250 1386 1313 certaminibus
1431 1249 1806 1313 deiﬁcationi
1858 1267 1979 1310 sum
2035 1247 2116 1310 adt

2217 1250 2350 1326 πρὸς
2409 1248 2596 1306 θέωσιν
2651 1249 2886 1315 ἐναντίας
2931 1253 3071 1322 αὑτῷ
3131 1249 3544 1314 καταπαλαίσας
3608 1251 3878 1331 ἐνεργείας

461 1353 772 1407 versantes
827 1341 1074 1422 spiritus
1120 1349 1301 1420 atque
1362 1343 1788 1420 suggestiones
1846 1338 2116 1418 supplan-

2218 1361 2274 1394 τε
2324 1341 2436 1418 καὶ.
2479 1341 2741 1421 ὑπάρξεις,²
2802 1343 3219 1410 στναποθνήσκει
3290 1349 3523 1420 Χριστῷ,
3595 1351 3875 1417 μυστικῶς

463 1437 662 1514 tando,
697 1435 1126 1494 commorietur
1175 1429 1410 1494 Christo
1466 1429 1549 1509 rid
1582 1432 1695 1510 est)
1739 1428 1987 1511 mystice
2031 1427 2116 1489 lo-

2221 1430 2396 1487 εἰπεῖν
2425 1436 2493 1508 τῇ
2536 1432 2766 1510 ἁμαρτίᾳ
2795 1431 2932 1490 κατὰ
2960 1432 3022 1487 τὸ
3055 1432 3353 1510 βάπτισμα.

462 1524 724 1608 quendo,
751 1529 1016 1604 peccato,
1050 1538 1154 1602 per
1187 1519 1580 1601 baptismum.

2056 1681 2085 1762 §
2116 1679 2249 1744 v11.

544 1851 792 1913 Attento
821 1848 921 1910 hic
963 1849 1166 1910 animo
1209 1845 1541 1926 perpende,
1568 1853 1937 1908 sacramenta
1969 1859 2116 1924 quan

2204 1856 2209 1897 ς
2317 1848 2417 1905 Καί
2463 1869 2554 1923 μοι
2587 1853 2813 1910 συνετῶς
2864 1847 3051 1920 ἰννοει,
3085 1847 3149 1903 τὰ
3179 1846 3292 1927 ἱερὰ
3334 1840 3454 1924 μεθ’
3482 1851 3614 1918 ὅσῆς
3675 1854 3876 1910 οἰκειό-

463 1940 730 2024 propriis
759 1938 1017 2000 involuta
1046 1936 1163 1997 sint
1200 1936 1414 2012 signis.
1448 1933 1682 1997 Etenim
1707 1953 1839 2017 cum
1874 1933 1933 1994 in
1960 1932 2116 1995 nobit

2214 1957 2377 2004 τητος
2409 1935 2528 2017 ἔχει
2572 1937 2639 1993 τὰ
2671 1934 2931 2012 σύμϐολα.
2972 1936 3077 1995 Καὶ
3105 1937 3204 2014 γὰρ
3240 1936 3423 2009 ἐπειδὴ
3474 1942 3697 2006 θάνατός
3731 1945 3874 2000 ἔστιν

465 2022 628 2092 mors
677 2048 794 2091 non
841 2030 940 2104 sit,
989 2033 1062 2088 ut
1110 2024 1470 2107 quibusdam
1528 2025 1740 2106 placet,
1780 2022 2116 2087 substantia

2209 2029 2294 2106 ἔφ’
2336 2029 2489 2103 ἡμῶν
2539 2029 2598 2085 οὗ
2627 2032 2724 2094 τῆς
2772 2027 2948 2090 obvia;
2995 2027 3284 2104 ἆνυπαρξια
3315 2031 3370 2080 51
3415 2033 3550 2090 κατὰ
3607 2034 3670 2089 τὺ
3718 2033 3876 2100 δόξαν

461 2119 737 2200 abolitio,
771 2118 874 2180 sed
910 2117 1365 2197 conjunctarum
1409 2113 1660 2195 partium
1694 2114 2015 2193 separatio,
2051 2113 2116 2175 ad

2209 2117 2430 2196 ἑτέροις,
2467 2116 2585 2174 ἀλλ’
2655 2119 2688 2186 ἡ
2731 2120 2835 2174 τῶν
2871 2119 3161 2193 ἡνωμένων
3219 2117 3279 2170 59
3327 2119 3608 2199 διάκρισις,
3674 2125 3752 2188 εἷς
3811 2127 3873 2181 τὸ

460 2209 520 2271 id
539 2209 696 2290 quod
733 2208 994 2270 noslatet
1025 2204 1622 2284 abducens,anirnam
1647 2204 1917 2284 quidem,
1943 2203 2116 2284 quasi

2205 2209 2341 2282 ἡμῖν
2400 2207 2604 2285 ἀφανὲς
2636 2206 2835 2284 ἄγουσα
2880 2207 2979 2274 τὴν
3024 2209 3207 2287 ψυχὴν
3258 2210 3380 2289 μὲν,
3411 2213 3485 2273 ὡς
3517 2212 3570 2267 ἐν
3620 2215 3874 2290 στερήσει

460 2317 713 2380 corpore
756 2306 1046 2378 perpetuo
1102 2295 1466 2376 privandam,
1501 2312 1720 2374 corpus
1763 2312 1928 2365 vero,
1964 2293 2121 2356 velut

460 2389 642 2451 humo
667 2387 958 2466 abditum,
992 2385 1108 2446 alia
1132 2384 1409 2466 quapiam
1424 2383 1778 2447 alteratione
1801 2401 2117 2464 corporea,

459 2498 528 2542 ex
551 2480 811 2540 humana
833 2477 1034 2557 specie
1059 2473 1580 2537 exterminandum
1609 2493 1624 2549 ;
1655 2490 1771 2537 non
1796 2473 2120 2554 improprie

465 2568 661 2632 totalis
691 2567 807 2630 ista
846 2585 1014 2647 aqua;
1045 2565 1350 2646 c00pertio
1383 2566 1442 2625 in
1483 2564 1688 2625 mortis
1724 2572 1902 2642 atque
1935 2563 2124 2624 infor-

462 2659 576 2720 mis
599 2657 925 2739 sepulturae
944 2656 1190 2734 ﬁguram
1215 2654 1566 2733 accipiatur.
1602 2653 2126 2715 Sacramentaliter

461 2749 666 2824 itaque
718 2746 1075 2826 baptizatum
1127 2742 1454 2825 symbolica
1503 2743 1819 2822 disciplina
1877 2744 2124 2823 mystice

461 2838 635 2899 docet
660 2837 853 2898 tribus
875 2835 994 2897 illis
1019 2835 1078 2896 iu
1103 2853 1316 2914 aquam
1345 2831 1831 2896 immersionibus
1853 2842 1910 2894 et
1933 2852 2122 2896 emcr-

460 2925 740 2988 sionibus
770 2924 1035 2986 divinam
1057 2924 1236 2984 trium
1275 2923 1504 2985 dierum
1541 2941 1610 2984 ac
1642 2923 1902 2986 noctium
1929 2923 2125 3003 sepul-

455 3026 612 3077 turae
644 3017 787 3078 Jesu
824 3012 953 3074 vitae
978 3013 1240 3074 auctoris
1273 3020 1525 3073 mortem
1557 3012 1803 3086 imitari,
1828 3023 2124 3091 quatenus

455 3104 807 3168 hominibus
840 3101 1192 3165 conceditur
1230 3102 1358 3182 ejus
1390 3099 1662 3179 imitatio,
1694 3101 1755 3164 in
1792 3121 1930 3183 quo,
1956 3104 2125 3184 juxta

2206 2298 2457 2372 σώματος
2489 2296 2643 2364 ἀειδῆ
2683 2297 3029 2376 γιγνομένην,
3063 2298 3123 2353 τὸ
3154 2298 3311 2374 σῶμα
3361 2298 3437 2375 δὲ,
3477 2301 3548 2366 ὡς
3578 2301 3634 2357 ἐν
3771 2325 3874 2360 κα-

2205 2386 2562 2467 λυπτόμενον,
2610 2384 2727 2443 καθ’
2763 2385 2946 2465 ἑτέραν
3005 2388 3121 2443 τινὰ
3169 2389 3274 2444 τῶν
3331 2389 3712 2465 σωματοειδῶν
3769 2392 3873 2449 ἆλ-

2205 2476 2475 2534 λοιώσεων
2523 2477 2607 2552 55,
2647 2478 2706 2534 ὲκ
2735 2478 2833 2544 τῆς
2864 2473 2984 2534 κατ’
3044 2476 3318 2555 ἄνθρωπον
3350 2477 3489 2543 ἰδέας
3536 2481 3869 2562 ἀφανιζόμε-

2208 2583 2320 2624 νον⁸
2386 2567 2592 2634 οἰκείως
2641 2567 2677 2634 ἡ
2724 2565 2790 2622 δι’
2837 2565 3023 2629 ὕδατος
3056 2566 3210 2635 ὀλικῆ
3262 2568 3493 2645 κάλυψις
3527 2574 3599 2634 εὶς
3631 2572 3735 2640 τὴν
3779 2577 3870 2630 τοῦ

2207 2656 2433 2714 θανάτου
2485 2659 2698 2715 καὶτοῦ
2754 2657 2850 2724 τῆς
2880 2657 2945 2708 54
2997 2657 3169 2734 ταφῆς
3199 2657 3403 2722 ἀειδοῦς
3467 2661 3646 2718 εἰκόνα
3678 2665 3868 2740 παρείς-

2207 2745 2432 2813 ληπται,
2470 2749 2572 2806 Τὸν
2623 2747 2712 2803 οὖν
2745 2750 2894 2826 ἱερῶς
2925 2747 3314 2823 βαπτιζόμενον
3368 2748 3396 2816 ἦ
3429 2750 3742 2825 συμϐολικὴ
3801 2753 3872 2810 δι·

2209 2835 2466 2893 δασκαλία
2529 2851 2877 2915 μυσταγωγεῖ
2934 2849 3056 2900 ταῖς
3119 2836 3173 2892 ὲν
3207 2843 3286 2912 τῷ
3330 2838 3477 2897 ὕδατι
3506 2844 3647 2919 τρισὶ
3691 2866 3863 2902 κατα-

2207 2925 2382 2984 δύσεσι
2437 2928 2502 2978 ὕδ
2548 2929 2639 2984 τὸν
2686 2928 2970 3007 θεαρχικὸν
3027 2931 3129 2993 τῆς
3185 2932 3642 3008 τριημερονύκτου
3691 2939 3855 3014 ταφῆς

2208 3015 2384 3084 Ἰησοῦ
2425 3024 2520 3075 τοῦ
2580 3015 2836 3089 ζωοδότου
2881 3020 3161 3092 μιμεῖσθαι
3219 3019 3465 3096 θάνατον,
3517 3024 3593 3087 ὡς
3651 3025 3858 3104 ὶφικτδν

2206 3105 2420 3185 ἀνδράσι
2481 3109 2541 3163 τὸ
2585 3109 2932 3183 θεομίμιιτον⁷
2966 3105 3020 3162 ἐν
3048 3109 3116 3187 οἷ)³
3149 3109 3287 3164 κατᾶ
3339 3111 3437 3177 τὴν
3468 3111 3563 3168 τοῦ
3591 3111 3780 3192 λογίου
3806 3113 3866 3166 5B

463 3195 768 3275 mysticam
788 3201 840 3257 et
866 3209 1142 3283 arcanam
1170 3192 1493 3283 Scriptura;
1515 3191 1919 3270 traditionem,
1949 3199 2116 3276 prin-

2205 3194 2561 3275 μυστηριώδη
2607 3199 2694 3253 καὶ
2726 3199 2944 3278 κρυφίαν
2985 3195 3303 3281 παράδοσιν,
3336 3199 3484 3258 οὐδὲν
3532 3191 3762 3283 εὕρηκεν
3807 3206 3868 3258 57

463 3305 606 3370 ceps
635 3285 814 3370 hujus
837 3282 1045 3348 mundi
1067 3301 1186 3344 non
1211 3280 1442 3345 invenit
1461 3281 1801 3362 quidquam.

2203 3289 2231 3345 ὁ
2263 3293 2355 3344 τοῦ
2387 3289 2588 3366 κόσμου
2620 3288 2828 3370 ἅρχων.

2033 3468 2062 3548 5
2115 3469 2267 3534 VIII.

541 3639 828 3705 Candidis
860 3638 1079 3701 deinde
1096 3636 1470 3700 vestimentis
1491 3636 1749 3700 induunt
1778 3635 2068 3700 initiatum
2099 3655 2112 3701 :

454 3731 609 3795 virili
632 3731 791 3792 enim
826 3747 895 3790 ac
919 3727 1193 3791 deiformi
1226 3746 1537 3809 pravorum
1555 3729 1875 3790 affectuum
1910 3726 2116 3790 vacui-

458 3830 598 3903 tate,
630 3838 744 3881 nec
800 3838 918 3880 non
950 3818 1180 3880 intenta
1214 3820 1274 3879 in
1323 3837 1506 3879 unum
1551 3818 1733 3879 animi
1773 3818 2110 3891 atfectione,

458 3929 594 3975 cum
625 3909 684 3970 id
711 3908 866 3990 quod
900 3916 1112 3969 ornatu
1146 3907 1388 3969 carebat
1417 3914 1684 3988 ornatur,
1709 3916 1829 3968 tum
1865 3906 1922 3968 id
1954 3909 2111 3990 quod

459 4001 731 4064 deforme
763 4006 888 4060 erat
916 3999 1231 4078 pulchrum
1266 3997 1542 4079 dﬁcitur,
1574 3999 1715 4061 dum
1736 3998 1954 4060 illustri
1978 4017 2111 4061 om-

459 4091 602 4153 nino
634 4090 751 4150 vita
779 4087 1165 4169 splendescit.
1216 4088 1485 4169 Denique
1516 4088 1800 4167 unguenti
1833 4089 1932 4151 illa
1963 4108 2113 4151 con-

456 4196 766 4243 summans
799 4175 998 4239 unctio
1015 4195 1152 4238 eum
1187 4180 1286 4259 qui
1314 4177 1583 4240 initiatur
1605 4178 1806 4241 odoris
1829 4178 2114 4240 suavitate

458 4268 806 4352 perfundit;
841 4285 1008 4328 sacra
1033 4267 1192 4328 enim
1227 4266 1445 4330 divinae
1473 4267 1877 4347 generationis
1909 4267 2112 4329 initia-

459 4366 564 4436 tio,
592 4378 660 4421 ea
693 4376 824 4435 qua;
850 4357 1080 4420 initiata
1103 4366 1242 4419 sunt
1266 4357 1466 4419 divino
1497 4357 1740 4439 Spiritui
1775 4358 2110 4438 conjungit.

453 4451 642 4515 Porro
665 4449 939 4532 illapsum
977 4448 1168 4522 illum,
1207 4449 1309 4526 qui
1342 4448 1669 4529 spiritalem
1703 4447 1876 4510 istam
1910 4448 2114 4510 odoris

453 4540 808 4604 suavitatem
845 4539 1038 4613 affert,
1073 4557 1206 4600 cum
1241 4539 1318 4599 sit
1344 4557 1588 4619 prorsus
1619 4537 1959 4613 ineffabilis,
1995 4539 2112 4619 spi-

455 4629 712 4692 ritaliter
740 4627 1021 4707 relinquo
1044 4627 1525 4705 cognoscendum
1551 4628 1623 4690 iis
1653 4628 1755 4709 qui
1779 4627 2111 4690 secundum

2285 3638 2442 3709 Ἐξῆς
2478 3638 2534 3696 δὲ
2565 3638 2876 3717 φωτοειδετς
2908 3640 3132 3708 ἐσθῆτας
3165 3637 3507 3700 ἐπιϐάλλουσι
3558 3653 3638 3721 τῷ
3669 3647 3866 3706 τελου-

2201 3729 2367 3804 μίνῳ·
2404 3736 2472 3807 τῇ
2503 3731 2603 3808 γὰρ
2634 3727 2852 3806 ἀνδρικῇ
2895 3730 2982 3786 καὶ
3014 3726 3240 3787 θεοειδετ
3268 3731 3376 3787 τῶν
3431 3731 3685 3791 ἐναντίων
3719 3737 3869 3794 ἀπα-

2195 3824 2328 3897 θεία,
2355 3822 2441 3876 καὶ
2459 3826 2526 3893 τῇ
2555 3820 2688 3896 πρὸς
2712 3820 2768 3875 τὸ
2798 3819 2852 3874 ἓν
2881 3819 2934 3875 ἐν
2957 3819 3198 3890 συντονίᾳ
3228 3821 3516 3898 συννεύσει,
3542 3825 3604 3879 τὰ
3626 3824 3868 3902 ἄκοσμον

2197 3923 2507 3989 κοσμεῖται,
2541 3909 2709 3965 καὶτὸ
2754 3908 3005 3965 ἂνειίδεον
3056 3907 3428 3990 εἰδοτιτοιεϊταιι²
3464 3919 3529 3990 τῇ
3573 3916 3865 3995 φωτοειδετ

2197 3999 2421 4056 καθόλου
2465 4005 2577 4076 ζωῇ
2607 3997 3069 4079 λαμπρυνόμενον,
3106 3990 3172 4054 Ἢ
3212 4002 3266 4059 δὲ
3295 4014 3389 4064 τοῦ
3431 3990 3598 4084 μύρου
3628 4007 3863 4065 τελειω..

2197 4090 2320 4158 τικη
2358 4091 2534 4169 χρίσις
2565 4088 2735 4156 εὒώδη
2792 4103 2942 4148 ποιεῖ
2967 4093 3056 4150 τὸν
3087 4094 3489 4172 τετελεσμένον
3524 4096 3558 4163 ἡ
3591 4097 3696 4176 γὰρ
3748 4100 3862 4177 ἱερᾶ

2195 4185 2295 4246 τῆς
2365 4180 2697 4258 θεογενεσίας
2754 4179 3026 4248 τελείωσις
3076 4183 3193 4243 ἑνοῖ
3265 4186 3329 4243 τὰ
3398 4184 3712 4245 τελεσθέντα
3784 4195 3860 4263 τῷ

2194 4272 2466 4350 θεορχικῷ
2523 4270 2812 4343 Πνεύματι.
2879 4271 2988 4338 Τὴν
3048 4272 3102 4330 δὲ
3135 4276 3342 4342 νοητῶς
3401 4275 3713 4334 εὐοδοποιὸν
3774 4281 3860 4334 καὶ

2194 4358 2562 4437 τελεσιουργὸν
2616 4357 2975 4440 ὶττιιροίτησιν²
3035 4362 3402 4442 ἆῤῥτ,τοτοίτην
3479 4365 3666 4442 οὖσαν,
3730 4366 3855 4424 ἐπι·-

2195 4449 2393 4527 γθῶναι
2446 4449 2640 4526 νοερῶς
2677 4452 2899 4526 πορίημι
2955 4465 3070 4518 τοῖς
3104 4454 3423 4532 ἠξιωμένοις
3466 4458 3562 4524 τῆς
3591 4457 3734 4513 κατὰ
3768 4459 3855 4514 τὸν

2196 4540 2314 4594 νοῦν
2363 4545 2454 4596 τοῦ
2483 4538 2619 4597 θείου
2652 4540 2956 4615 Πνεύματος
3013 4543 3156 4621 ἱερᾶς
3198 4546 3284 4602 καὶ
3339 4548 3590 4623 θεουργοῦ
3651 4569 3854 4604 κοινωο

2195 4631 2331 4694 νίας.
2392 4629 2482 4686 Ἐν
2510 4627 2650 4684 τέλει
2708 4628 2762 4684 δὲ
2793 4631 3004 4687 πάντων
3065 4635 3092 4689 ὃ
3122 4636 3379 4715 ἱεράρχης
3432 4634 3518 4691 ἐπὶ
3547 4637 3649 4704 τὴν
3693 4639 3856 4717 ἱερω-

463 4726 723 4779 mentem
759 4729 966 4778 sancta
995 4724 1056 4779 et
1085 4715 1296 4778 deiﬁca
1345 4717 1525 4779 divini
1556 4716 1813 4800 Spiritus
1844 4736 2116 4780 commu-

2204 4719 2368 4784 τάτην
2442 4719 2801 4799 Εύχαριστίαν
2868 4724 3027 4778 καλεῖ
3110 4725 3201 4781 τὸν
3281 4724 3700 4800 τεταλεσμένον,
3749 4715 3856 4784 ⁷καὶ

456 4807 637 4870 nione
669 4803 835 4885 digni
858 4811 995 4866 sunt
1015 4803 1222 4868 habiti.
1259 4807 1510 4869 Demum
1533 4807 1812 4869 omnibus
1831 4809 2106 4890 peractis,

455 4914 593 4958 eum
628 4895 734 4972 qui
777 4891 1049 4956 initiatus
1081 4903 1171 4956 est
1200 4894 1273 4956 ad
1304 4897 1740 4960 sanctissimam
1785 4898 2112 4960 Eucharis-

456 4985 595 5048 tiam
625 4992 794 5047 vocat
825 4991 884 5045 et
913 4984 1332 5064 mysteriorum
1367 4987 1719 5068 perficiendi
1752 4989 1866 5051 vim
1894 4987 2115 5051 haben-

455 5076 603 5138 tium
638 5074 1129 5138 communionem
1168 5073 1257 5136 illi
1292 5077 1489 5143 tradit.

2195 4810 2292 4874 τῆς
2371 4808 2476 4864 τῶν
2535 4807 2852 4867 τελεστικῶν
2923 4815 3228 4890 μυστηρίων
3308 4817 3450 4890 αὐτῷ
3521 4814 3850 4892 μεταδιδῶσι

2193 4898 2497 4963 κοινωνίας,

1782 5258 2044 5325 VARhE
2089 5258 2528 5325 LECTIONES.

535 5437 598 5488 ‘8
626 5437 772 5518 θεὸς)
923 5434 1020 5518 δίῖτ

451 5514 766 5602 διγυπαρξίτέ
797 5514 860 5577 Ρ.
890 5525 946 5577 et
1135 5520 1508 5602 δῖῗίῇνωμένων
1539 5514 1616 5602 δὶς
1647 5523 1726 5584 Μ.
1761 5521 1859 5602 S_C.

1110 5437 1170 5488 49
1198 5437 1262 5500 In
1292 5440 1489 5502 futuro
1519 5441 1771 5515 ἔμμενεῖ,
1809 5443 1870 5503 S.
1898 5443 1964 5504 P.
2000 5441 2106 5504 Ch.
2143 5441 2211 5503 D.
2248 5440 2315 5501 Β.
2353 5441 2484 5504 Sar.

1945 5520 2000 5603 δε
2028 5531 2380 5603 pmponunt
2409 5520 2467 5603 ἤ,
2503 5519 2567 5603 S_.
2593 5519 2657 5582 P.
2694 5522 2764 5586 Ι).
2793 5522 2871 5603 Β.
2897 5525 2997 5587 Sc.
3024 5524 3180 5593 Sar.,
3212 5525 3496 5584 ἀλλοίωσιν
3528 5525 3716 5591 babet
3739 5531 3849 5593 Ch.

2569 5439 2632 5490 50
2662 5442 2781 5515 μετ’
2810 5443 2994 5518 αὐτας,
3029 5443 3092 5504 Ρ.
3179 5443 3230 5486 ⁵1
3265 5445 3324 5501 οὔ
3349 5451 3445 5513 τῆς
3467 5449 3647 5514 οὗσίας
3687 5451 3851 5518 αὑτῆς

455 5595 509 5639 ⁵⁴
538 5595 636 5684 γρ(
658 5595 754 5656 καὶ
775 5603 871 5667 τῆς
902 5601 1101 5689 ταφῆς.
1183 5601 1253 5654 55
1277 5601 1507 5673 addunt
1535 5595 1645 5672 Cli.
1681 5605 1752 5666 D.
1781 5600 1836 5666 S.
1879 5606 1942 5667 P.
1975 5595 2294 5668 Séothar.
2319 5603 2408 5660 καὶ
2431 5595 2731 5662 amatam.
2818 5602 2882 5654 56
2911 5605 3096 5690 λόγου³
3132 5607 3241 5676 Ch.
3277 5605 3409 5676 sar,
3494 5609 3557 5660 ετ
3586 5612 3760 5693 εὗρεν³
3787 5610 3850 5674 Ρ,
