4042 6442
390 301 502 385 411
1553 324 1615 393 s.
1661 323 2002 393 momen
2043 352 2057 388 λ

2136 324 2576 394 ιΕΟΡΑῦΙΤιΕ.
3526 348 3530 352 Α
3646 319 3773 397 412

400 468 631 532 quoque
651 457 709 518 in
729 454 917 519 divina
937 462 1376 535 regeneratloue
1403 479 1513 525 usu
1543 465 1699 526 venit
1722 481 1737 526 :
1769 461 2035 539 quocirca

2136 462 2209 521 ιαὶ
2248 460 2303 521 ἐν
2358 469 2424 543 τῇ
2448 464 2561 539 θείᾳ
2616 461 2961 545 ἀναγεννήσει
2993 461 3161 544 ἐστι.)
3215 460 3300 523 διὰ
3331 467 3488 524 τσῦτο
3538 464 3775 545 πρώτως

403 548 659 639 primum
688 560 898 618 tractat
925 556 1001 619 de
1045 557 1242 619 divino
1272 555 1649 639 baptismate.
1681 555 1918 620 Dictum
1948 561 2039 617 est

2136 552 2467 631 ἲιαλαμϐάνει
2530 556 2645 634 περὶ
2713 556 2805 614 τοῦ
2858 557 2998 614 θείου
3066 556 3458 636 βαπτίσματος.
3534 555 3771 636 Εἴρηται

391 636 617 717 itaque.
651 662 901 726 scopum
933 657 1153 710 nostra
1182 636 1536 712 hierarchiaa
1578 664 1711 711 esse
1740 646 1816 707 ad
1849 644 2036 707 Deum

2136 645 2290 702 τοίνυν
2346 642 2427 702 ὅτι
2483 647 2685 710 σκοπὸς
2738 645 2838 715 τῆς
2915 645 3032 703 καθ’
3089 648 3236 722 ἡμᾶς
3293 647 3565 725 ἱεραρχίας
3626 645 3774 705 ἐστὶν

393 729 883 803 assimilationem;
917 736 1068 794 hanc
1089 747 1273 797 autem
1299 752 1418 796 non
1450 737 1615 797 aliter
1640 736 1774 794 licet
1798 734 2037 806 adipisci

2136 735 2157 804 it
2188 736 2319 805 πρὸς
2352 736 2482 792 Θεὸν
2527 734 2879 816 ἀφομοίωσις·
2929 736 3130 803 ταύτης
3162 732 3219 792 δὲ
3263 734 3359 793 οὒκ
3391 733 3568 799 ἄλλως
3626 734 3773 795 ἔστιν

391 837 568 901 quam
601 844 709 906 per
736 825 842 890 Dei
864 827 1270 909 dilectionem,
1295 830 1379 892 uti
1412 829 1612 893 divina
1632 836 1688 891 et
1704 826 2040 906 evangelica

2136 828 2403 905 ἐπιτυχεῖν
2446 826 2597 901 εἰμὴ
2654 823 2739 882 διὰ
2778 829 2880 893 τῆς
2930 826 3062 905 πρὸς
3095 826 3227 883 Θεὸν
3285 825 3634 904 ἀγαπήσεως,
3666 847 3778 884 κα·-

397 911 634 996 eloquia
681 918 943 981 tradunt.
979 922 1122 982 Cum
1167 920 1345 1001 igitur
1375 922 1488 983 ista
1523 917 1768 982 dilectio
1812 924 2042 979 constet

2136 915 2224 979 id):
2283 915 2369 971 καὶ
2424 915 2489 970 τὰ
2538 917 2658 972 θεῖα
2713 916 2803 972 καὶ
2845 912 3170 995 εὐαγγελικά
3234 920 3531 994 παριστῶσι
3589 913 3778 995 λόγια.

398 1003 818 1072 observatione
846 1009 1183 1074 divinorum
1219 1009 1659 1089 mandatorum,
1695 1006 2040 1091 quaeritsibi

2136 1005 2276 1062 Ἐπεὶ
2332 1004 2500 1063 τοίνυν
2531 1005 2566 1072 ἡ
2618 1005 2844 1073 τοιαύτη
2901 1005 3176 1084 ἀγάπησις
3207 1003 3268 1062 ἐκ
3323 1011 3416 1063 τοῦ
3443 1018 3633 1083 τηρεῖν
3680 1006 3784 1070 τὰς

394 1093 606 1158 ducem
642 1107 760 1161 tam
792 1102 983 1164 sancti
1011 1102 1238 1183 operis,
1267 1101 1500 1163 scilicet
1526 1100 1604 1162 ad
1636 1106 1899 1161 sanctam
1940 1096 2038 1158 di-

2136 1095 2260 1157 θείας
2317 1093 2534 1183 ἀντολὰς
2565 1096 2890 1169 συνίσταται,
2927 1104 3085 1167 ζητεῖ
3128 1096 3229 1162 τὴν
3281 1095 3530 1176 ἀρχηγὸν
3577 1098 3787 1175 ἱερουρ-

393 1186 671 1250 vinorum
697 1181 1107 1254 mandatorum
1138 1181 1794 1271 exaecutiouem,atque
1816 1186 2041 1266 reperit

2136 1183 2265 1262 γίαν,
2322 1181 2569 1252 δηλονότι
2638 1184 2781 1263 ἱερὰν
2829 1183 3076 1263 ἐργασίαν
3146 1186 3254 1242 τῶν
3309 1186 3462 1243 θείων
3518 1183 3780 1262 ἐντολῶν,

393 1294 515 1338 non
564 1296 696 1341 esse
724 1278 934 1355 alium,
969 1289 1184 1363 praeter
1227 1280 1387 1342 illam
1422 1299 1491 1342 ex
1542 1297 1695 1359 aqua
1725 1284 1785 1340 et
1815 1275 2039 1358 Spiritu

2136 1275 2210 1330 ιαὶ
2241 1274 2463 1351 εὑρίσκει
2513 1273 2758 1350 οὐδεμίαν
2788 1273 2957 1342 ἄλλήν
2989 1276 3033 1331 εί
3064 1275 3141 1350 μὴ
3169 1275 3269 1343 τὴν
3315 1272 3382 1331 δι’
3413 1272 3629 1341 ὕδατος.
3692 1277 3785 1333 καὶ

391 1369 929 1446 regenerationem.
960 1371 1265 1451 Siquidem
1290 1370 1526 1433 divinus
1551 1370 1655 1431 ille
1684 1367 2034 1445 baptismus,

2136 1365 2421 1441 πνεύματος
2481 1363 2846 1443 ἀναγέννησιν.
2914 1363 3093 1446 Ἀρχὴ
3164 1366 3265 1445 γὰρ
3316 1367 3405 1422 καὶ
3462 1363 3786 1436 ὁδοποίησις

391 1456 463 1518 ad
518 1459 617 1521 Dei
650 1458 1109 1523 familiaritatem
1162 1460 1589 1541 caelestemque
1633 1458 2039 1521 haereditatem

2136 1452 2221 1523 εῆς
2277 1456 2408 1534 πρὸς
2454 1456 2585 1512 Θεὸν
2636 1455 2957 1522 οίκειώσεῶς
2988 1458 3076 1512 καὶ
3121 1460 3223 1523 τῆς
3267 1454 3577 1535 ἐπουρανίου
3634 1455 3784 1526 κλη-

391 1545 732 1629 principum
774 1558 866 1612 est
913 1558 971 1612 et
1000 1549 1385 1625 introductio,
1418 1549 1557 1613 Nisi
1601 1554 1786 1620 enim,
1824 1545 2039 1627 inquit,

2136 1544 2375 1621 aovoyla;
2430 1546 2492 1601 τὸ
2521 1548 2667 1602 θεῖον
2717 1545 2949 1625 ὑπάρχει
2980 1546 3283 1622 βάπτισμα.
3336 1549 3435 1604 Καὶ
3486 1547 3608 1624 γὰρ,
3652 1545 3788 1605 Ἐὰν

394 1640 532 1717 quis
562 1647 809 1703 renatus
835 1641 1027 1719 fuerit
1048 1658 1128 1704 ea:
1147 1658 1312 1721 aqua
1337 1639 1797 1720 etSpiritu,non
1820 1635 2045 1699 videbit

2136 1635 2203 1707 μή
2259 1657 2365 1709 τις,
2426 1638 2577 1715 φησὶ,
2639 1638 2856 1714 γεννεθῇ
2911 1633 2984 1691 δι’
3034 1633 3222 1699 ὕδατος
3279 1637 3369 1721 καὶ
3450 1633 3785 1717 πνεύματος,

393 1710 645 1807 regnum
681 1730 791 1793 Dei
814 1710 852 1795 ιλ
884 1730 1054 1796 Unde
1084 1710 1265 1793 homo
1312 1710 1565 1793 exterior
1586 1742 1612 1773 ιι
1638 1710 1931 1790 formatur
1968 1725 2042 1789 ad

2136 1723 2186 1779 εὖ
2229 1726 2309 1799 μὴ
2358 1710 2465 1780 ἴδοι
2517 1724 2614 1792 τὴν
2653 1710 2936 1802 ⁷βασιλείαν
3001 1732 3093 1783 τοῦ
3137 1731 3294 1784 Θεοῦ.
3338 1710 3492 1784 ῃΟθεν
3551 1710 3789 1807 μορφοῦλ

396 1817 709 1883 meliorem
737 1839 806 1882 ac
837 1821 1154 1883 salutarem
1188 1819 1694 1884 habitudinem.et
1724 1816 1797 1880 ad
1823 1815 2041 1878 verbo-

2136 1836 2217 1869 ται
2264 1816 2292 1871 ὁ
2324 1812 2422 1880 ἔξω
2451 1813 2723 1891 ἅνθρωπος
2753 1816 2885 1894 πρὸς
2916 1814 3188 1893 κρείττονα
3237 1814 3342 1882 ἕξιν
3373 1816 3461 1873 καὶ
3491 1814 3787 1897 σωτήριον,

393 1923 524 1969 rum
540 1928 910 1990 operumque
922 1911 1032 1975 Dei
1046 1908 1827 1983 institutionem.Quomodo
1842 1920 2039 1969 autem

2136 1909 2211 1964 καὶ
2244 1913 2349 1963 τῶν
2377 1907 2511 1968 κατὰ
2544 1909 2674 1964 Θεὸν
2726 1906 2903 1986 λόγων
2933 1929 2991 1966 τε
3044 1909 3132 1965 καὶ
3164 1909 3494 1988 πραγμάτων
3540 1911 3642 1976 τὴν
3671 1907 3791 1965 ἐπι-

396 1996 638 2061 divinus
671 2000 1001 2080 baptismus
1032 2000 1335 2063 naturales
1385 2007 1623 2062 nostros
1653 1996 1888 2061 habitus
1933 2014 2040 2057 seu

2136 1995 2391 2068 τήδευσιν,
2427 2000 2546 2061 Πιῦς
2581 1998 2636 2053 δὲ
2695 2001 2896 2080 μορφοῒ
2931 1999 3027 2064 τὰς
3075 2000 3297 2079 φυσικὰς
3329 1999 3485 2074 ἡμῶν
3537 1997 3673 2065 ἕξεις
3730 2000 3794 2055 τὸ

398 2089 645 2151 affectus
676 2070 981 2152 effer-mat?
1016 2091 1233 2168 Utique
1262 2090 1376 2151 vim
1409 2090 1722 2169 quamdam
1751 2086 2044 2150 formatri-

2136 2091 2269 2146 istov
2319 2088 2599 2165 βάπτισμα
2632 2132 2648 2164 ,
2717 2070 3036 2151 Ἐἰ-πάντως
3082 2070 3305 2164 δύναμιν
3350 2070 3521 2156 ἐνίησι
3572 2087 3792 2169 λορφω·

400 2198 529 2241 cem
554 2180 765 2241 inserit
788 2180 1067 2260 ﬁgmento
1096 2180 1563 2255 nostro,scilicet
1585 2175 2040 2259 appetendi,sed

2136 2179 2283 2246 τικὴν
2339 2175 2714 2251 ἀναπλάσεως,
2765 2186 2858 2236 τοῦ
2916 2176 3216 2257 ὀρέγεσθαι,
3280 2176 3416 2235 ἀλλὰ
3472 2178 3579 2235 τῶν
3641 2180 3794 2258 οὖρα·

400 2269 667 2332 ccelestia
688 2272 865 2351 bona;
895 2269 1309 2352 movendi,sed
1334 2270 1405 2332 ad
1430 2287 1608 2332 omne
1630 2287 1781 2350 opus
1799 2267 2045 2343 bonum;

2136 2267 2253 2325 νίων
2312 2266 2547 2344 ἀγαθῶνο
2617 2269 2713 2325 τοῦ
2768 2270 3054 2343 κινεῖσθαι,
3117 2265 3238 2322 ἀλΛ⁹
3315 2270 3388 2332 εἷς
3446 2273 3559 2325 πᾶν
3635 2266 3795 2347 ἔργον

400 2360 799 2423 ratiocinandi
852 2379 960 2423 seu
993 2359 1317 2441 cogitandi,
1352 2359 1456 2423 sed
1506 2377 1639 2438 qum
1670 2357 1879 2420 oculus
1926 2375 2048 2418 non

2136 2357 2350 2434 ἀγαθόν’
2389 2366 2481 2416 τοῦ
2511 2356 2832 2435 λογίζεσθαι,
2866 2355 3005 2413 ἀλλὰ
3047 2356 3113 2414 τὰ
3142 2357 3177 2412 ἃ
3223 2355 3492 2437 ἀεθαλμὸς
3523 2359 3620 2414 οὐκ
3650 2355 3792 2437 εἶδε,

398 2449 567 2533 vidit,
593 2469 791 2528 neque
808 2452 970 2514 auris
998 2450 1242 2531 audivit;
1271 2447 1759 2531 concupiscendi,
1785 2447 1888 2509 sed
1915 2465 2048 2509 me-

2136 2448 2220 2503 καὶ
2283 2454 2367 2509 06c
2401 2451 2493 2505 οὐκ
2536 2445 2758 2515 ﬁmus?
2790 2455 2884 2505 τοῦ
2936 2445 3234 2527 ἐπιθυμεῖν,
3269 2445 3406 2503 ἀλλᾶ
3437 2453 3544 2505 τῶν
3600 2469 3796 2527 κρειτ-

397 2540 545 2603 liora
583 2559 598 2617 ;
659 2541 981 2615 irascendi,
1017 2540 1123 2603 sed
1186 2539 1428 2603 inimico
1462 2538 1668 2601 salutis
1719 2545 1959 2612 nostrae,
1996 2544 2055 2598 et

400 2643 640 2695 uetera.
674 2630 965 2694 Praeclare
1013 2631 1173 2693 enim
1207 2629 1360 2694 dixit
1387 2628 1639 2710 inclytus
1668 2627 2049 2708 Hierotheus,

400 2726 659 2800 primum
694 2730 751 2784 et
784 2721 1067 2783 eximium
1093 2721 1309 2782 mentis
1342 2728 1566 2781 motum
1589 2735 1724 2779 esse
1754 2718 1860 2780 Dei
1895 2717 2053 2779 dile-

401 2810 688 2874 ctionem.
722 2810 914 2889 Hujus
945 2818 1146 2873 autem
1181 2807 1524 2873 dilectionis
1555 2807 1725 2889 quasi
1756 2805 2053 2888 quoddam

404 2900 765 2983 principium
800 2910 891 2963 est
912 2900 1113 2963 divina
1142 2907 1347 2961 nostra
1370 2896 1845 2977 fabricatio,quaa
1865 2895 2049 2958 nimi-

396 3008 531 3053 rum
564 2989 630 3052 ﬁt
660 3009 768 3071 per
790 2989 1177 3071 baptismum,
1212 2987 1542 3051 secundum
1576 3005 1753 3064 quam
1787 2985 2048 3048 divinum

399 3090 613 3146 statum
643 3082 1014 3144 inchoamus:
1049 3078 1343 3161 siquidem
1372 3098 1442 3143 ea
1460 3097 1592 3161 quae
1616 3098 1685 3139 ex
1706 3079 1938 3140 semine
1961 3087 2053 3140 est

402 3170 592 3235 nostri
621 3171 951 3246 fabricatio,
980 3171 1096 3233 etsi
1125 3171 1198 3233 sit
1230 3187 1300 3232 ex
1332 3172 1644 3232 conditore
1676 3166 1820 3247 Deo,
1854 3174 2051 3229 tamen

399 3260 689 3324 naturalis
720 3268 831 3331 est,
869 3278 936 3322 ea
971 3278 1115 3321 vero
1147 3276 1277 3340 qua;
1308 3276 1379 3322 ex
1408 3257 1763 3340 baptismate
1794 3256 2047 3332 exsistit,

404 3349 840 3425 divina.Neque
856 3349 1016 3412 enim
1032 3349 1745 3429 exsanguinibusmeque
1757 3365 1835 3410 ea:
1848 3347 2058 3410 volun-

402 3446 524 3504 tate
540 3440 802 3516 viri,nec
817 3457 895 3503 ex
915 3438 1448 3502 voluntatecarm’s
1485 3436 2054 3510 '.Quemadmodum

399 3529 584 3609 igitur
611 3530 673 3591 in
705 3528 967 3592 naturali
1000 3528 1302 3591 nativitate
1333 3535 1568 3609 Oportet
1601 3525 1859 3607 primum
1894 3527 2055 3588 exsi-

399 3628 554 3683 stere
579 3618 639 3683 in
678 3621 812 3683 I79
841 3638 1043 3681 rerum
1069 3627 1296 3699 natura,
1331 3636 1401 3680 ac
1429 3616 1652 3680 deinde
1686 3615 1971 3697 vicissim,
1997 3624 2056 3677 et

400 3729 577 3791 agere
599 3719 656 3773 et
679 3710 822 3791 pati,
855 3709 1127 3772 homines
1157 3708 1397 3789 quidem
1431 3725 1563 3787 quae
1591 3704 1707 3767 sibi
1734 3712 1877 3767 sunt
1908 3723 2053 3785 pro-

2143 2537 2327 2595 co'vmv'
2389 2542 2483 2593 τοῦ
2542 2535 2850 2615 θυμοῦσθαι,
2913 2535 3050 2593 ἀλλά
3106 2536 3243 2593 κατᾶ
3300 2542 3394 2593 τοῦ
3451 2535 3649 2617 ἐχθροῦ
3697 2541 3797 2604 τῆς

2135 2628 2399 2705 σωτηρίας
2451 2627 2632 2701 ἡμῶν,
2668 2627 2756 2682 καὶ
2787 2623 2976 2706 ἐφεξῆς
3028 2626 3093 2682 τὰ
3122 2624 3282 2684 ἀλλὰ.
3320 2624 3509 2692 Καλῶς
3568 2628 3675 2706 γὰρ
3704 2627 3801 2684 εῖ-

2137 2738 2234 2774 πεν
2267 2720 2293 2773 ὃ
2351 2717 2561 2779 κλεινὸς
2597 2707 2867 2794 Ἱῳόθεος,
2904 2714 2985 2772 ὅτι
3028 2718 3064 2784 ἡ
3115 2716 3482 2795 προτιμοτάτη
3514 2719 3603 2773 καὶ
3664 2715 3802 2782 ἐξαί-

2140 2830 2286 2886 ρετος
2343 2809 2552 2874 κίνησις
2611 2812 2702 2863 τοῦ
2759 2813 2850 2863 νοῦ
2901 2807 2936 2875 ἡ
2997 2807 3129 2886 πρὸς
3191 2808 3322 2864 Θεὸν
3378 2806 3564 2884 ἀγαπη
3625 2806 3793 2869 ἐστίν,

2133 2899 2341 2965 Ταύτης
2387 2896 2442 2953 δὲ
2485 2902 2580 2964 τῆς
2642 2897 2861 2975 ἀγάπης
2914 2897 3064 2977 ἀρχή
3125 2919 3206 2961 τις
3261 2900 3379 2955 οἷον
3428 2896 3571 2954 ἐστιν
3615 2898 3656 2967 ἡ
3685 2899 3791 2955 θεία

2133 2985 2449 3067 δῆμιουργία
2511 2987 2689 3063 ἡμῶν,
2743 2986 2772 3055 ἦ
2822 2985 2909 3045 διὰ
2952 2997 3043 3048 τοῦ
3100 2987 3467 3065 βαπτίσματος
3515 2986 3791 3068 δηλονότι,

2132 3078 2251 3135 καθ’
2303 3079 2369 3142 ἣν
2399 3077 2550 3141 θείως
2591 3078 2735 3135 εἶναι
2781 3077 3081 3158 ἀρχόμεθα·
3135 3078 3165 3146 ἒ,
3220 3077 3318 3153 μὲν
3379 3078 3480 3157 γάρ
3530 3076 3594 3135 ἐκ
3638 3077 3800 3153 σπέρ-

2136 3191 2304 3243 ματος
2379 3169 2540 3242 ἡμῶν
2597 3164 2941 3247 δημιουργία,
2998 3169 3041 3224 εἰ
3093 3168 3182 3224 καὶ
3241 3167 3297 3223 ἐγ
3357 3173 3491 3224 Θεοῦ
3544 3164 3803 3247 δημιουρ-

2136 3258 2359 3336 γοῦντός
2405 3260 2573 3329 ἔστιν,
2629 3254 2750 3314 ἀλλ’
2795 3256 2884 3314 οὖν
2939 3255 3140 3327 ὼυσική
3184 3258 3350 3313 ἐστιν·
3404 3259 3441 3326 ἡ
3479 3254 3533 3312 δὲ
3585 3256 3648 3314 ἐκ
3709 3265 3805 3317 τοῦ

2136 3351 2503 3426 βαπτίσματος
2577 3348 2713 3411 θεία,
2782 3351 2856 3408 Οὔ
2938 3348 3038 3427 γὰρ
3110 3344 3164 3413 ἐξ
3224 3347 3488 3424 αἱμάτων,
3549 3345 3669 3405 οὐδὲ
3744 3349 3807 3406 ἐκ

2136 3439 2436 3514 θελήματος
2520 3435 2746 3517 ἀνδρὸς,
2837 3436 2953 3495 οὗδὶ
3034 3437 3095 3495 ἐκ
3181 3436 3484 3514 θελήματος
3568 3438 3801 3518 σαρκός.

2141 3521 2370 3609 ιὨσπερ
2426 3528 2598 3585 τοίνυν
2660 3527 2714 3584 ἐν
2771 3533 2840 3604 τῇ
2905 3532 3101 3609 φυσικῇ
3149 3528 3393 3605 γεννήσει
3450 3524 3535 3585 δεῖ
3585 3533 3805 3606 πρῶτον

2138 3616 2357 3699 ὅπάρξαι
2414 3620 2486 3684 εἷς
2520 3620 2582 3675 τὸ
2636 3617 2805 3698 εἶναι,
2836 3618 2925 3674 καὶ
2973 3617 3096 3674 τότε
3146 3616 3428 3696 ἐνεργῆσαι
3459 3618 3527 3674 τὰ
3583 3617 3803 3675 κατάλ-

2138 3708 2304 3784 ληλα,
2361 3710 2451 3765 καὶ
2507 3710 2721 3782 παθεῖν,
2765 3711 2884 3765 οἷον
2948 3706 3257 3785 ἀνθρώπους
3315 3706 3413 3783 μὲν
3474 3708 3541 3765 τὰ
3589 3709 3801 3785 οἰκεῖα,

402 3801 554 3882 pria,
584 3799 761 3862 bruta
783 3817 921 3861 vero
952 3816 1085 3879 quae
1108 3807 1249 3861 sunt
1275 3795 1679 3859 conducibilia
1705 3812 1718 3858 :
1755 3795 1841 3857 sic
1874 3794 2053 3858 etiam

2140 3798 2308 3877 ἄλογα
2365 3796 2419 3855 δὲ
2479 3797 2639 3855 πάλιν
2691 3797 2757 3853 τὰ
2814 3797 3111 3878 πρόσφορα·
3153 3796 3294 3854 οὕτω
3335 3798 3425 3853 καὶ
3481 3797 3537 3853 ἐν
3565 3803 3635 3875 τῇ
3688 3799 3806 3873 θείᾳ

402 3894 461 3952 in
493 3889 693 3951 divina
725 3889 1000 3970 baptismi
1032 3886 1492 3967 regeneratione
1533 3893 1765 3966 oportet
1796 3885 2056 3966 primum

2141 3896 2232 3945 τοῦ
2275 3887 2642 3966 βαπτίσματος
2688 3885 3039 3964 ἀναγεννῃσει
3071 3883 3154 3942 δεῖ
3201 3890 3416 3966 πρῶτον
3451 3890 3568 3961 Θεῷ
3628 3887 3813 3967 ὑπάρ-

400 3979 525 4043 Deo
559 3978 837 4053 existere,
873 3995 940 4039 ac
966 3976 1187 4039 deinde
1220 3976 1600 4038 dilectionem
1638 3975 1767 4055 ejus
1798 3974 2056 4055 operari,

2143 3979 2249 4059 ξαι,
2309 3979 2397 4055 καὶ
2448 3978 2568 4033 τότε
2622 3978 2906 4054 ἐνεργῆσαι
2966 3976 3067 4044 τὴν
3114 3974 3331 4055 ἀγάπην
3394 3975 3580 4053 αὐτοῦ,
3608 3978 3701 4035 καὶ
3741 3978 3811 4035 τὰ

400 4070 489 4131 uti
521 4077 731 4132 caetera
756 4086 890 4150 quae
917 4066 988 4128 ad
1022 4074 1185 4128 recte
1219 4064 1533 4127 vivendum
1580 4072 1873 4146 spectant.
1911 4063 2057 4145 Ejus

2145 4068 2309 4128 λοιπὰ
2360 4068 2491 4145 πρὸς
2545 4068 2794 4137 εὒζωίαιιο
2857 4067 2951 4123 τοῦ
3002 4066 3104 4144 γὰρ
3160 4064 3414 4141 μηδαμοῦ
3478 4065 3632 4131 ὄντος
3688 4064 3809 4128 οἶ)δέ
3864 4134 3872 4141 ,

416 4160 573 4223 enim
598 4160 752 4240 quod
781 4176 1156 4239 nequaquam
1186 4167 1298 4236 est,
1327 4173 1519 4238 neque
1544 4162 1735 4217 motus
1760 4162 1871 4236 est;
1905 4153 2057 4237 quod

2148 4159 2352 4228 κῖνησίς
2410 4157 2543 4214 ἐστι·
2578 4158 2640 4213 τὸ
2674 4154 2728 4212 δὲ
2770 4177 2886 4219 πως
2931 4157 3011 4229 ὃν,
3045 4154 3213 4234 ἤγουν
3241 4157 3303 4213 τὸ
3334 4156 3513 4230 μόνως
3542 4156 3806 4238 ὑποστὰν,

415 4258 612 4312 autem
633 4266 871 4329 quoquo
901 4256 1069 4328 pacto
1089 4253 1199 4323 est,
1227 4246 1353 4307 sive
1366 4243 1520 4327 quod
1546 4244 1736 4307 solum
1765 4243 2057 4323 subsistit,

2147 4249 2421 4327 ἐνεργήσει
2464 4246 2679 4307 πάντως
2723 4245 2790 4301 τὰ
2848 4247 3123 4324 πρόσφορα
3166 4245 3241 4308 εἷς
3300 4247 3363 4302 τὸ
3414 4244 3659 4324 γενέσθαι
3722 4247 3812 4303 καὶ

416 4338 763 4421 operabitur
795 4337 1040 4399 omnino
1072 4353 1204 4417 quae
1235 4334 1352 4397 sibi
1394 4342 1537 4397 sunt
1563 4334 1969 4406 accommoda,
2005 4342 2057 4395 ul

2150 4336 2371 4395 τοιῶσδε
2419 4336 2479 4392 ’ὃν
2508 4335 2545 4405 ἢ
2593 4333 2814 4408 τοιόνδε,
2848 4338 2968 4392 οἷον
3030 4332 3214 4401 ἁπλῶς
3260 4335 3332 4398 εἷς
3363 4332 3583 4414 ὕπαρξιν
3643 4335 3813 4394 ἐλθὼν

419 4430 614 4493 taliter
636 4436 736 4490 aut
767 4427 882 4490 tale
912 4426 1053 4509 quid
1087 4427 1355 4506 exsistat,
1382 4445 1438 4489 v.
1474 4445 1530 4504 g.
1557 4425 1762 4498 homo,
1794 4427 1895 4504 qui
1927 4423 2057 4485 sim-

2151 4426 2451 4494 ἅνθρωπος.
2500 4433 2620 4489 Πως
2678 4425 2769 4481 οὖν
2827 4424 2926 4497 ἔτι,
2975 4425 3054 4499 μὴ
3106 4425 3395 4504 ἐνεργήσας
3460 4445 3535 4499 τι,
3597 4421 3814 4484 δύναται

418 4519 655 4601 pliciter
683 4518 745 4580 in
789 4535 990 4580 rerum
1025 4526 1291 4579 naturam
1328 4515 1565 4597 prodiit.
1615 4513 1921 4586 Quomodo
1949 4514 2057 4594 igi-

2154 4517 2332 4575 ἐλθεῖν
2383 4518 2457 4579 εἷς
2486 4516 2546 4572 τὸ
2600 4513 2806 4573 τοιόσδε
2842 4514 3007 4588 εἶναι,
3055 4513 3219 4592 ἤγουν
3256 4512 3481 4587 δίκαιος,
3516 4513 3814 4594 ἐνεργήσας

415 4581 512 4672 iur
533 4607 901 4691 quinecdum
924 4614 1205 4688 operatur
1233 4581 1583 4689 quidquam,
1611 4581 1805 4684 potest
1822 4622 1892 4665 eo
1924 4581 2057 4682 petr-

2136 4608 2250 4677 τὴν
2282 4606 2639 4672 δικαιοσύνὴν·
2676 4604 2713 4673 ἢ
2756 4581 3156 4681 τοιόσδείᾶλλο
3204 4626 3257 4661 τι
3288 4581 3628 4683 ἐνεργήσαςξ
3657 4581 3816 4672 ἲΙέπεέ

416 4700 625 4761 venire
665 4706 727 4759 ut
774 4696 908 4758 talis
947 4696 1046 4777 sit,
1083 4695 1247 4758 verbi
1281 4702 1487 4775 gratia,
1529 4694 1746 4774 justus,
1795 4693 2057 4756 facienda

2150 4697 2205 4755 δὲ
2264 4696 2535 4773 μέλλομεν
2592 4694 2907 4752 ἐποπτεύειν
2965 4694 3032 4751 τὰ
3090 4701 3184 4752 τοῦ
3244 4693 3383 4751 θείου
3439 4694 3814 4773 βαπτίσματος

412 4788 738 4871 justitiam;
761 4786 855 4849 vel
888 4786 1045 4867 talis,
1073 4786 1231 4848 aliud
1260 4785 1403 4867 quid
1428 4783 2057 4866 operando?Cmterum

2150 4786 2420 4864 σύμϐολα,
2487 4784 2673 4862 μηδεὶς
2721 4782 3007 4849 ἀτέλεστος
3059 4782 3185 4840 ίέτω
3233 4783 3320 4841 ἐπὶ
3375 4784 3477 4853 τὴν
3532 4785 3659 4843 θέαν
3709 4792 3815 4845 τῶν

420 4897 556 4942 cum
573 4877 753 4940 divini
788 4875 1156 4957 baptismatis
1175 4875 1437 4957 symbola
1451 4875 1833 4954 conspecturi
1855 4874 2057 4955 simus,

2150 4876 2480 4956 λεγομένων·
2538 4877 2626 4932 καὶ
2695 4875 2796 4954 γὰρ
2847 4871 2963 4933 οὐδὲ
3027 4885 3145 4934 τοῖς
3205 4873 3442 4931 ἀσθενέσι
3502 4875 3646 4932 κατὰ
3694 4878 3816 4941 τοὺς

420 4987 597 5031 nemo
650 4966 930 5049 profanus
987 4965 1058 5027 ad
1095 4983 1294 5027 rerum
1340 4966 1628 5029 dictarum
1662 4963 2057 5044 spectaculum

2151 4966 2454 5048 ὀφθαλμοὺς
2507 4962 2775 5022 ἀκίνδυνον
2821 4963 2882 5020 τὸ
2933 4959 3275 5020 ἀντιϐλέπειν
3330 4965 3464 5044 πρὸς
3507 4965 3604 5030 τὰς
3651 4966 3817 5044 αὗγάς

420 5058 713 5141 accedat;
749 5074 945 5136 neque
975 5055 1137 5117 enim
1196 5055 1426 5118 debiles
1456 5054 1662 5117 oculos
1706 5052 2057 5117 habentibus

2152 5059 2211 5125 ἃς
2251 5060 2279 5115 ὁ
2307 5060 2461 5127 ἥλιος
2512 5056 2721 5136 τεύχει,
2751 5059 2931 5133 (τοῦτο
2974 5054 3076 5132 γάρ
3132 5051 3245 5110 ἐστι
3276 5055 3360 5141 ,τὸ
3387 5052 3813 5137 ἡλιοτεύκτοις,)

421 5157 612 5212 tutum
665 5140 755 5210 est
784 5145 1022 5208 obtueri
1074 5144 1257 5207 radiis
1287 5163 1440 5227 quos
1483 5144 1575 5207 sol
1606 5142 1937 5225 ejaculatur
1984 5145 2057 5225 (id

2151 5149 2349 5224 ὅπουγε
2383 5147 2472 5203 καὶ
2529 5144 2584 5201 ἐν
2613 5157 2733 5209 τοῖς
2787 5150 2880 5200 τοῦ
2908 5142 3076 5218 νόμου
3129 5140 3402 5224 σκιώδεσι,
3438 5144 3689 5217 (κάκεῖνα
3719 5146 3820 5225 γὰρ

424 5239 586 5302 enim
620 5244 732 5313 est,
758 5255 793 5298 a
814 5234 942 5296 sole
968 5234 1429 5316 fabricatisjcum
1455 5234 1632 5296 etiam
1657 5233 1720 5295 in
1751 5233 1900 5312 legis
1929 5253 2057 5296 um-

2156 5237 2429 5318 ἱεραρχίαν
2515 5232 2728 5313 καλεῖ,)
2788 5233 2877 5289 καὶ
2955 5229 3130 5303 Ὀζίας
3205 5231 3508 5314 ἐλεπρώθη,
3581 5233 3815 5293 ἐνώπιον

423 5327 550 5390 bris
576 5324 943 5407 (quasetiam
976 5322 1376 5386 hierarchiam
1399 5322 1679 5405 appellat)
1714 5321 2057 5404 Oziaslepra

2150 5327 2282 5387 Θεοῦ
2335 5325 2618 5401 θυμιάσας·
2651 5329 2740 5381 καὶ
2787 5320 2927 5401 Κορὲ
2982 5324 3279 5398 κατεποθη,
3317 5328 3425 5380 τῶν
3469 5323 3550 5399 μὴ
3612 5346 3821 5405 προση-

425 5413 824 5497 correptussit
842 5431 1045 5476 coram
1073 5416 1197 5478 Deo
1213 5414 1461 5477 adolens
1475 5420 1810 5488 inseusum;
1831 5418 1889 5474 et
1917 5411 2057 5479 Core

2148 5419 2350 5477 πόντων
2454 5415 2609 5496 ἱερῶν
2715 5412 3174 5492 ἀντιποιούμενος·
3268 5415 3357 5472 καὶ
3450 5410 3634 5475 Nam
3732 5418 3822 5475 καὶ

509 5693 527 5727 ⁸
554 5687 729 5757 Joan.
762 5706 852 5769 tu,
884 5690 943 5756 5.
1030 5703 1057 5736 ιι
1091 5691 1281 5778 ΙΜαω.
1318 5686 1615 5778 iuterior.]
1696 5700 1722 5733 ν
1749 5690 1919 5757 Joan.
1952 5709 1993 5784 ι,
2028 5690 2128 5763 l3.
