4042 6436
269 360 388 435 413

776 368 874 432 DE
918 362 1222 431 ECCLES.
1268 366 1721 448 HIERARCIL,
1768 365 1930 431 CAP.
1981 366 2063 431 II.
2096 400 2176 415 —-
2204 368 2597 434 PARAPHR.
2641 368 3150 438 PACHYMEPt/E.

3537 360 3654 442 414

264 498 500 588 Ἀϐιοὺδ,
536 504 666 582 ξένῳ
721 506 842 587 πυρὶ
893 504 1269 586 θυμιάσαντες,
1325 501 1453 580 ςὲνῳ
1507 504 1592 563 καὶ
1647 500 1911 564 λὰτεκαό-

2010 505 2158 563 terra
2187 500 2505 584 absorptus
2528 511 2614 566 est
2637 510 2822 568 sacris
2854 505 2970 587 ipsi
3003 526 3124 569 non
3157 506 3654 573 convenientibus

255 601 451 665 θησαν,

858 778 929 829 ll.
978 768 1306 847 Μυστηριον.

331 903 362 977 ἕ
402 911 443 962 1.
485 900 544 958 Ὀ
578 898 678 976 μὲν
708 897 965 976 ἱεράρχης
1024 896 1450 978 ἂφομοιούμενος
1502 900 1579 971 τῷ
1637 902 1777 975 Θεῷ,
1828 900 1917 954 καὶ

248 992 427 1049 θέλων
481 991 573 1046 καὶ
630 992 781 1053 οὗτος
832 988 1066 1056 σωθῆναι
1123 989 1349 1061 πάντας,
1403 989 1489 1044 καὶ
1516 988 1587 1049 εἰς
1632 986 1917 1061 ἓπίγνωσιν

248 1082 516 1149 ἀληθείας
571 1078 771 1153 ἐλθεῖν,
828 1078 1099 1156 ἆσιγήτως
1157 1079 1404 1155 κηρύττει
1474 1078 1539 1133 τὰ
1599 1074 1915 1154 Εὖάγγέλίι,

250 1171 332 1227 ὅτι
397 1174 428 1227 6
489 1170 643 1235 Θεὸς,
699 1168 751 1233 ἐξ
785 1170 982 1233 οἰκεὲας
1012 1167 1323 1244 κινούμενος
1358 1168 1713 1244 ἆγαθότητος,
1750 1164 1916 1230 ἵλεως

243 1264 387 1334 ἡμῖν
448 1260 528 1315 ἀεὶ
588 1258 685 1330 ὤν,
743 1257 908 1338 μέχρι
960 1259 1049 1314 καὶ
1096 1259 1167 1321 εἷς
1202 1260 1341 1331 ἡμᾶς
1376 1257 1551 1314 ἐλθεῖν
1579 1258 1668 1314 καὶ
1699 1277 1913 1334 σαρκω-

242 1351 405 1418 θῆναι
465 1347 809 1413 κατεδέξατο.
890 1348 988 1406 Καὶ
1046 1346 1224 1426 ὥσπερ
1255 1348 1316 1403 τὸ
1374 1354 1496 1424 πῦρ,
1562 1347 1771 1427 ψυχρὸν
1829 1346 1917 1401 καὶ

244 1439 461 1517 μέλανα
494 1438 621 1496 ὄντα
651 1439 741 1495 τὸν
771 1432 1009 1511 σιδηρον,
1041 1443 1109 1515 τῇ
1142 1446 1273 1517 πρὸς
1329 1437 1485 1493 ἑαυτὸ
1538 1435 1724 1494 ἑνώσει
1776 1436 1915 1516 ἀφο-

245 1531 435 1605 μοιοῖ·
494 1529 636 1586 οὕτω
683 1529 770 1585 καὶ
807 1529 936 1590 Θεὸς
998 1527 1062 1583 τὰ
1095 1525 1179 1582 διὰ
1210 1526 1441 1590 πίστεως
1473 1526 1732 1582 ἐνωθέντα
1776 1526 1915 1605 ἀφο-

242 1634 407 1696 μοιοῖ
436 1621 576 1678 κατὰ
605 1622 711 1675 τῶν
757 1616 978 1676 ἑκάστου
1037 1620 1168 1695 πρὸς
1226 1616 1414 1673 θέωσιν
1473 1615 1915 1695 ἐπιτηδειότητα,

240 1710 426 1773 καθὼς
488 1712 518 1766 6
573 1707 881 1778 ἐπιστήθιος
938 1707 1025 1763 καὶ
1073 1705 1429 1784 ἡγαπημένος
1488 1708 1544 1762 ἓν
1597 1719 1716 1768 τοῖς
1759 1706 1916 1767 θείοις

242 1798 598 1879 Εὔαγγελίοις
655 1796 887 1863 διέξεισι⁹
946 1797 1033 1853 καὶ
1096 1799 1122 1853 ὁ
1184 1796 1279 1872 μὲν
1337 1795 1599 1876 ἱεράρχης
1654 1794 1916 1873 ὁσημίραι

238 1897 412 1947 ταῦτα
444 1891 535 1948 καὶ
562 1890 628 1947 τὰ
659 1894 878 1945 τοιαῦτα
908 1888 1187 1965 κηρύττει.

326 1986 459 2056 §ll.
496 1972 556 2038 Ὀ
588 1978 642 2035 δὲ
690 1979 790 2045 τὴν
848 1977 1218 2056 ὒπερκοσμίων
1286 1976 1570 2052 μετουσίαν
1628 1975 1917 2054 ἀγαπήσας

241 2067 620 2140 άῦτεξουσίως,
682 2069 771 2125 καὶ
831 2068 908 2142 μὴ
970 2066 1022 2133 ἐξ
1081 2066 1319 2145 ἀνάγκης
1360 2069 1504 2129 τινὸς
1539 2067 1793 2143 βιασθεὶς,
1825 2072 1921 2136 ζη-

241 2162 417 2230 τήσας
469 2157 766 2238 ἀνάδοχον,
818 2158 905 2213 καὶ
966 2158 1154 2238 εὑρὼν,
1205 2157 1375 2213 πείθει
1427 2159 1584 2213 αὒτὸν
1614 2155 1918 2234 ἡγήσασθαι

240 2250 420 2323 τούτῳ
479 2254 582 2315 τῆς
642 2250 774 2326 πρὸς
834 2250 922 2304 τὸν
956 2248 1216 2328 ἱεράρχην
1270 2246 1409 2307 ὁδοῦ·
1448 2244 1833 2325 ἐπογγέλλεται
1865 2243 1919 2302 δὲ

240 2339 738 2410 κατακολουθήσειν
796 2340 977 2417 αὐτὸς,
1037 2340 1213 2400 καθὼς
1264 2339 1352 2393 γαὶ
1388 2338 1441 2394 ἐν
1474 2345 1551 2411 τῷ
1578 2338 1727 2412 νόμῳ
1758 2336 1918 2415 εἴρη-

243 2446 357 2487 ται·
417 2430 579 2489 Κατὰ
631 2430 806 2485 πάντα
863 2428 1195 2504 ἀκουσόμεθα
1226 2432 1412 2506 φωνῆς
1473 2429 1685 2506 Κυρίου.
1724 2418 1779 2484 ιΟ
1839 2425 1916 2501 δὲ,

240 2522 461 2598 πρῶτον
526 2520 628 2594 μὲν
680 2519 910 2584 ἀκούσας
967 2518 1066 2587 τήν
1119 2515 1419 2597 ἀναδοχην,
1485 2518 1575 2573 γαὶ
1606 2515 1919 2592 ἀποϐλέψας

239 2610 385 2668 ἔνθεν
449 2610 554 2684 μὲν
611 2611 673 2665 τὸ
730 2618 822 2667 τοῦ
873 2609 1183 2686 πράγματος
1224 2606 1382 2687 ὕψος,
1415 2606 1617 2663 ἐκεῖθεν
1648 2605 1703 2662 δὲ
1735 2608 1794 2662 τὸ
1824 2609 1917 2664 εὖ·-

238 2702 604 2780 περέτρεπτον
661 2703 767 2756 τῶν
826 2699 1139 2775 ἀνθρώπων,
1204 2698 1404 2773 φρίττει
1462 2698 1547 2752 καὶ
1607 2698 1914 2776 ἀμηχανεῖ,

234 2789 595 2868 λογιζόμενος
658 2792 718 2845 τὸ
749 2794 837 2845 τοῦ
868 2788 1183 2866 πράγματος
1214 2784 1491 2865 δυσχερὲς,
1530 2785 1646 2867 (ὅρα
1697 2786 1777 2865 δὲ,
1834 2784 1917 2842 ὅτι

237 2882 326 2938 καὶ
385 2884 575 2960 οὗτος,
636 2878 749 2936 ἐπεὶ
811 2881 996 2942 πιστὸς
1050 2878 1221 2951 ἐστιν,
1286 2877 1377 2955 ἐρᾷ
1435 2878 1533 2945 τῆς
1566 2879 1658 2933 τοῦ
1690 2875 1917 2944 πλησίον

242 2971 545 3049 σωτηρίας,
614 2971 790 3032 καθὼς
847 2971 935 3025 καὶ
992 2971 1019 3024 6
1077 2969 1363 3048 ἱεράρχης,
1428 2968 1566 3023 κατὰ
1632 2968 1731 3034 τὴν
1790 2968 1917 3045 πρὸς

251 3068 371 3120 Θεὸν
436 3065 830 3143 ἀφομοὶωσιν,)
891 3062 1041 3136 ὅμως
1113 3059 1169 3115 δὲ
1228 3061 1364 3117 κατὰ
1416 3060 1515 3127 τὴν
1571 3066 1665 3115 τοῦ
1721 3059 1917 3138 ἀγαθοῦ

257 3162 381 3213 Θεοῦ
410 3153 750 3234 ἆφομοίωσιν
781 3158 875 3209 τοῦ
904 3152 1107 3216 πάντας
1166 3149 1590 3230 ἀναδεχομένου,
1651 3147 1915 3228 ὁμολογεῖ

1998 609 2068 681 se
2096 592 2381 672 ingerens
2415 616 2429 674 ;
2468 604 2526 658 et
2555 594 2756 657 Nadab
2806 605 2865 659 et
2896 596 3120 679 Abiud,
3161 600 3479 681 peregrino
3516 599 3655 680 igne

1998 680 2311 745 incensum
2336 683 2890 758 adolentes,eodem
2916 680 3305 770 quoquecom
3318 688 3470 751 busti
3488 697 3647 752 sunt.

2578 791 2657 853 II.
2693 793 3073 870 Mysterium.

2082 893 2108 963 §
2144 888 2187 950 Ι.
2219 890 2552 953 Hierarcha
2604 892 2726 954 Deo
2755 893 2969 955 similis
2998 894 3248 957 etractus
3277 895 3484 958 volens
3508 916 3657 978 quo-

2001 998 2122 1056 que
2140 980 2367 1042 salvere
2388 1001 2619 1060 omnes,
2646 992 2701 1045 et
2726 983 2797 1042 ad
2823 984 3189 1063 agnitionem
3214 986 3652 1050 venireverita-

2004 1072 2103 1145 tis,
2138 1070 2294 1131 clara
2321 1090 2465 1133 voce
2496 1073 3157 1153 prmdicatEvangelia:
3198 1076 3493 1156 quomodo
3554 1079 3654 1137 ni-

2004 1159 2221 1221 mirum
2255 1162 2433 1229 Deus.
2470 1182 2539 1225 ex
2575 1164 2814 1245 propria
2874 1175 3071 1228 motus
3129 1164 3411 1241 bonitate,
3477 1166 3653 1229 nobis

2001 1269 2239 1331 semper
2271 1252 2565 1332 propitius
2597 1255 2910 1328 exsislens,
2947 1274 3214 1336 eousque
3248 1260 3449 1331 etiam,
3478 1266 3539 1318 ut
3577 1257 3651 1319 ad

2001 1359 2111 1402 nos
2134 1343 2337 1403 venire
2387 1362 2454 1404 ac
2502 1362 2743 1405 carnem
2790 1364 3098 1407 assumere
3141 1346 3421 1425 dignatus
3450 1347 3541 1408 sit.
3581 1346 3654 1408 Et

2001 1431 2154 1493 sicut
2185 1432 2335 1508 ignis
2364 1432 2638 1512 frigidum
2666 1434 3022 1516 nigrumque
3054 1436 3273 1497 ferrum
3305 1444 3523 1498 unione
3548 1455 3656 1499 sua

2003 1520 2120 1582 sibi
2150 1521 2347 1584 simile
2370 1524 2570 1586 reddit
2599 1543 2614 1600 ;
2646 1525 2731 1585 sic
2750 1525 2928 1587 etiam
2958 1525 3113 1587 Deus
3139 1545 3244 1607 per
3287 1527 3463 1589 fidem
3488 1527 3651 1588 unita

2002 1610 2117 1671 sibi
2146 1611 2366 1674 similia
2398 1613 2935 1688 efﬁcit,secundum
2970 1617 3262 1696 cujusque
3292 1616 3365 1678 ad
3403 1616 3651 1679 deiﬁca-

2004 1699 2228 1763 tionem
2261 1702 2680 1781 aptitudinem,
2719 1714 2893 1784 prout
2914 1705 3168 1767 dilectus
3198 1706 3299 1767 ille
3328 1707 3429 1787 qui
3452 1707 3513 1768 in
3536 1724 3647 1786 pe-

2002 1802 2168 1853 ctore
2195 1791 2470 1856 recubuit
2502 1793 2561 1855 in
2594 1794 2813 1857 divinis
2849 1795 3174 1875 Evangeliis
3197 1797 3552 1860 declaravit:
3589 1804 3649 1859 et

1937 1875 1977 1926 Β
2003 1880 2241 1962 quidem
2274 1883 2553 1945 sacerdos
2584 1885 2708 1945 haec
2732 1894 2789 1947 et
2812 1885 3031 1947 similia
3054 1887 3317 1966 quotidie
3340 1887 3644 1964 praedicat.

2084 1977 2109 2048 §
2132 1971 2203 2035 ll.
2225 1972 2408 2035 Porro
2431 1973 2532 2054 qui
2559 1976 3109 2055 supermundalium
3137 1975 3651 2058 participationem

2002 2059 2196 2123 libere
2227 2072 2410 2140 amat,
2448 2073 2507 2126 et
2540 2082 2657 2125 non
2683 2084 2751 2125 ex
2777 2064 3138 2126 necessitate
3169 2065 3365 2147 aliqua
3388 2074 3654 2141 coactus,

2004 2160 2415 2232 susceptorem
2442 2154 2676 2233 quaerit,
2699 2162 2757 2214 et
2789 2155 3473 2236 invenit,Persurndetilli
3495 2166 3559 2219 ut
3579 2154 3655 2217 ad

2004 2241 2378 2305 hierarcham
2430 2261 2495 2303 se
2536 2244 2889 2305 manuducat
2917 2266 2929 2307 :
2956 2245 3086 2325 ipse
3111 2254 3308 2307 autem
3343 2245 3557 2327 recipit
3586 2264 3654 2307 se

2004 2330 2172 2393 illum
2215 2342 2587 2408 secuturum,
2641 2334 3143 2414 quemadmodum
3169 2335 3229 2395 in
3262 2336 3391 2413 lege
3427 2334 3651 2397 dictum

2004 2441 2128 2490 est:
2160 2433 2462 2489 Seiundum
2493 2434 2677 2489 omnia
2706 2434 2986 2491 audiemus
3010 2449 3185 2490 vocem
3216 2432 3502 2491 Uomim'v'.
3550 2435 3655 2491 Hic

2005 2515 2261 2594 primum
2288 2514 2530 2595 quidem
2556 2513 2807 2576 audiens
2829 2514 3303 2594 ﬁdejussionem,
3330 2524 3390 2578 et
3422 2533 3650 2596 expen-

2002 2613 2143 2670 dens
2176 2614 2310 2670 hinc
2332 2612 2563 2685 quidem
2590 2613 2670 2670 rei
2702 2613 3121 2679 celsitudinem,
3146 2613 3281 2671 inde
3313 2617 3488 2670 180
3520 2628 3654 2671 vero

2001 2693 2309 2756 hominum
2346 2694 2833 2774 mutabilitatem,
2852 2695 3058 2757 horret
3087 2714 3155 2757 ac
3180 2695 3417 2775 refugit,
3446 2694 3657 2756 consi-

2004 2784 2221 2847 derans
2251 2785 2340 2847 rei
2375 2785 2782 2848 difﬁcultatem
2810 2785 3092 2861 (observa
3112 2783 3653 2866 autem,quomodo

2005 2874 2181 2937 etiam
2215 2875 2307 2936 hic
2342 2894 2475 2937 cum
2510 2876 2703 2937 ﬁdelis
2733 2876 2830 2956 sit,
2867 2875 3120 2955 proximi
3162 2876 3415 2939 salutem
3471 2882 3654 2950 amet,

2000 2965 2087 3028 uti
2108 2973 2168 3027 et
2194 2964 2495 3039 sacerdos,
2521 2965 2593 3027 ad
2618 2965 2725 3027 Dei
2748 2965 3232 3045 similitudinem)
3260 2965 3658 3027 nihilominus

2000 3056 2329 3116 secundum
2368 3055 2505 3117 boni
2540 3056 2645 3118 Dei
2677 3064 2923 3118 cunctos
2953 3056 3334 3136 suscipientis
3354 3055 3642 3117 similitu-

2001 3146 2232 3226 dinem,
2258 3146 2554 3226 promittit
2588 3164 2653 3207 se
2682 3145 2957 3225 petitioni
2987 3146 3449 3223 satisfacturum,
3478 3153 3657 3227 atque

251 3246 503 3315 ποιήσειν
538 3245 601 3302 τὸ
632 3243 873 3319 αἰτηθὲν,
908 3242 992 3300 ιιαὶ
1020 3242 1110 3299 σὺν
1172 3241 1317 3315 αὒτῷ
1375 3238 1776 3317 καταλαμϐάνει
1834 3240 1916 3296 τὸν

2010 3254 2125 3298 una
2157 3254 2289 3298 cum
2319 3235 2421 3297 illo
2455 3235 2829 3298 hierarcham
2866 3236 3008 3301 adit.

244 3338 537 3404 ἱεράργην.

323 3360 353 3392 α
392 3362 405 3373 ~
485 3360 537 3400 ν,

289 3360 487 3506 ρῇρᾶἲ.
544 3416 604 3485 Ὀ
658 3424 734 3502 δὲ,
774 3426 892 3502 μετ’
924 3426 1244 3506 εὐφροσύνης
1276 3426 1349 3488 ὡς
1382 3423 1467 3481 ἐπ’
1498 3423 1661 3499 ὤμων
1692 3424 1754 3479 τὸ
1782 3420 1926 3478 ἁπο-

245 3517 433 3581 λωλὸς
489 3516 760 3595 πρόϐατον
818 3515 1180 3593 εἷσδεξάμενος
1212 3516 1317 3572 ἀπὸ
1348 3517 1452 3571 τῶν
1485 3513 1708 3592 ἀνδρῶν,
1742 3516 1835 3569 τοῦ
1867 3531 1921 3567 τε

255 3606 539 3687 ἀναδόχου
572 3605 715 3684 λέγω
743 3607 832 3663 καὶ
860 3613 952 3663 τοῦ
983 3605 1393 3684 προσελθόντος,
1436 3604 1801 3683 ηὖχαρίστησε
1847 3602 1922 3676 τῷ

258 3706 378 3772 Θεῷ
412 3704 611 3775 νοερῶς
644 3698 735 3753 καὶ
762 3694 1137 3770 σωματοειδοῦς
1188 3694 1273 3753 διὰ
1319 3694 1756 3772 προσιιυνῄσεως,
1806 3698 1923 3757 Πῶς

246 3786 304 3844 δὲ
364 3790 459 3843 καὶ
513 3789 620 3843 ἀπὸ
672 3794 778 3843 τῶν
811 3785 898 3842 δύο
928 3789 1018 3843 τὸν
1051 3785 1407 3862 προσελθόντα
1439 3782 1756 3863 ἀναδέχεται
1794 3801 1811 3857 ;
1842 3784 1921 3844 ὃτι

244 3880 271 3934 6
307 3878 418 3953 μὲν
454 3874 719 3956 ἆνάδοχος
776 3875 1059 3956 προσφέρει
1115 3885 1323 3955 τοῦτον,
1387 3875 1541 3937 αὐτὸς
1574 3873 1626 3929 δὲ
1660 3873 1920 3951 προσάγει

241 3970 333 4025 καὶ
402 3967 699 4047 ἐγχειρίζει
762 3968 970 4041 ἑαυτὸν,
1036 3965 1175 4023 ὥστε
1238 3968 1271 4035 ἡ
1331 3966 1430 4042 μὲν
1485 3962 1786 4045 προσένεξις
1828 3964 1917 4020 καὶ

243 4059 573 4137 αμφοτὲρων
588 4099 603 4115 .

328 4152 357 4223 §
385 4149 491 4209 Ν.
519 4146 658 4204 Εἶτα
681 4145 885 4209 πάντας
910 4148 1030 4211 τοὺς
1053 4153 1144 4203 τοῦ
1164 4144 1364 4221 κλήρου
1390 4143 1630 4224 (τούτους
1652 4145 1751 4223 γὰρ
1773 4143 1916 4222 λέγει

241 4240 394 4307 ἱερὰν
427 4234 822 4315 διακόσμησιν)
856 4236 940 4315 ἐφ’
997 4237 1042 4312 ᾧ
1075 4238 1161 4293 καὶ
1220 4238 1584 4315 συνεργήσωσι
1641 4236 1725 4292 καῖ
1786 4258 1914 4294 συν-

242 4329 582 4407 εορτάσωσι,
661 4324 1036 4404 συγκαλεϊται,
1109 4328 1197 4383 καὶ
1255 4326 1418 4402 ὕμνον
1474 4326 1590 4383 τινὰ
1648 4324 1916 4405 ἱερολογεϊ

246 4418 310 4474 ἐκ
346 4425 456 4473 τῶν
486 4416 640 4473 θείων
673 4415 891 4493 λογίων.
931 4418 1241 4490 Σημείωσαι
1292 4417 1416 4496 γὰρ,
1481 4414 1561 4471 ὅτι
1616 4414 1677 4470 ὲκ
1735 4416 1914 4481 πάσης

244 4514 349 4575 τῆς
378 4511 524 4585 ἱερᾶς
552 4510 770 4585 Γραφῆς
798 4502 1016 4561 δυνατὸν
1046 4506 1211 4581 ὕμνον
1265 4505 1580 4585 προσφέρειν
1637 4508 1715 4578 τῷ
1773 4510 1912 4583 Θεῷ,

2089 3421 2116 3493 §
2145 3414 2247 3480 Ill.
2284 3416 2393 3479 Hic
2423 3435 2561 3479 vero
2583 3434 2715 3481 cum
2751 3417 2960 3481 laetitia
2980 3418 3136 3480 viros
3153 3416 3323 3499 istos,
3343 3425 3658 3497 suscepto—

2008 3524 2135 3567 rem
2168 3506 2406 3588 inquam
2434 3515 2491 3569 et
2518 3507 2930 3584 accedentem,
2967 3514 3136 3588 quasi
3158 3526 3327 3570 ovem
3365 3507 3657 3586 perditam

2009 3604 2071 3662 in
2096 3603 2366 3663 humeros
2388 3607 2921 3678 accipiens,gratias
2944 3609 3060 3679 agit
3083 3608 3198 3664 Deo
3220 3606 3461 3678 spiritali
3485 3605 3659 3664 simul

2007 3694 2069 3749 et
2101 3687 2397 3767 corporali
2426 3688 2795 3749 adoratione.
2833 3685 2948 3750 Sed
2998 3687 3301 3768 quomodo
3355 3706 3387 3749 e
3419 3686 3659 3749 duobus

2008 3794 2141 3837 eum
2172 3776 2272 3856 qui
2295 3777 2529 3838 accedit
2550 3776 2851 3858 suscipit?
2873 3778 3010 3857 quia
3031 3776 3320 3840 nimirum
3350 3776 3668 3854 ﬁdejussor

2005 3865 2249 3944 quidem
2286 3866 2477 3945 ipsum
2508 3868 2700 3942 oil‘ert,
2754 3867 2883 3947 ipse
2922 3885 3066 3929 vero
3090 3868 3480 3948 semetipsum
3503 3867 3656 3929 sistit

2003 3974 2071 4018 ac
2095 3956 2312 4031 tradit;
2344 3956 2422 4018 ita
2448 3966 2506 4018 ut
2537 3956 2873 4020 conciliatio
2916 3960 3096 4021 etiam
3129 3958 3203 4019 sit
3235 3966 3651 4039 utrorumque.

2084 4135 2595 4218 ﬁlV.Universum
2613 4138 2829 4200 exinde
2847 4138 3073 4201 clerum
3092 4139 3225 4219 (bos
3242 4137 3401 4200 enim
3424 4156 3650 4200 sacram

1999 4226 2754 4311 appellatdispositionem)
2794 4248 2930 4290 cum
2973 4239 3037 4292 ut
3069 4236 3493 4308 cooperentur,
3529 4236 3653 4290 tum

1998 4330 2065 4383 ut
2081 4317 2595 4397 congratulantur,
2618 4330 2924 4395 convocat,
2952 4327 3008 4379 et
3035 4337 3066 4380 e
3088 4317 3306 4381 divinis
3324 4316 3653 4396 Scripturis

2000 4410 2281 4491 hymnum
2298 4408 2555 4488 aliquem
2589 4409 2768 4472 canit.
2804 4411 3270 4477 Notaautem,ex
3296 4406 3456 4468 omni
3488 4423 3656 4467 sacra

1999 4500 2315 4579 Scriptura
2340 4515 2515 4577 posse
2540 4496 2822 4575 hymnum
2847 4517 2953 4559 seu
2980 4498 3215 4559 laudem
3259 4498 3459 4558 offerri
3504 4497 3650 4571 Deo,

245 4602 308 4657 οὔ
342 4584 455 4672 μὴν
487 4594 546 4653 ἐκ
581 4584 746 4671 μόνου
774 4604 865 4653 τοῦ
896 4594 1209 4674 Ψαλτῆρος’
1246 4595 1281 4663 ἢ
1314 4584 1584 4670 τὴνίῴδην
1625 4592 1759 4657 ἴσως
1793 4600 1910 4649 Μα-

2010 4599 2194 4652 etnon
2219 4606 2286 4649 ex
2311 4585 2436 4647 solo
2464 4586 2751 4647 Psalterio
2784 4607 2799 4663 ;
2832 4588 2924 4651 vel
2958 4588 3253 4649 canticum
3279 4587 3431 4648 forte
3458 4584 3654 4646 tVarize

247 4689 365 4766 ρίας
428 4691 528 4752 τῆς
591 4683 824 4764 ἀδελφὴς
888 4685 1174 4759 Μωυσέως,
1242 4684 1489 4760 ’ᾼσωμεν
1545 4689 1622 4757 τῷ
1655 4686 1848 4761 Κυρίιιν
1879 4683 1914 4752 ἦ

244 4779 342 4833 τὸν
404 4774 496 4853 λγ¹
556 4777 794 4855 ψαλμὸν,
857 4775 892 4843 ἢ
953 4776 1042 4831 καὶ
1102 4774 1261 4854 μέρος
1319 4773 1527 4849 τούτου,
1593 4772 1914 4853 Προσέλθετε

247 4869 387 4945 πρὸς
448 4864 631 4940 αὖτὸν,
702 4867 789 4922 καὶ
841 4865 1162 4946 φωτίσθητε.
1238 4866 1332 4922 Καὶ
1389 4866 1526 4939 μετὰ
1587 4870 1767 4941 ταῦτα,
1818 4865 1916 4932 τὴν

246 4958 397 5035 ἱερὰν
428 4953 802 5031 ἀσπαζόμενος
862 4956 1151 5035 τράπεζαν,
1216 4952 1404 5030 ἔξεισι,
1452 4956 1540 5013 καὶ
1598 4953 1913 5011 πυντάνεται

250 5050 328 5112 εἷς
359 5047 424 5103 τὸ
456 5049 652 5120 μαθεῖν
685 5045 808 5124 παρ’
842 5047 1022 5122 αὐτοῦ,
1055 5046 1104 5101 τί
1132 5044 1454 5123 βουλόμενος
1485 5048 1631 5117 ἥκοι.

338 5138 371 5214 ἒ
404 5136 484 5200 ν.
520 5142 624 5194 Τοῦ
681 5133 759 5216 δὲ,
821 5136 958 5192 κατὰ
1018 5135 1119 5203 τὴν
1153 5136 1475 5215 ἐπαγγελίαν
1505 5135 1596 5193 τοῦ
1624 5132 1913 5216 ἀναδόχου,

250 5224 767 5305 μετακλαυσαμὲνου
797 5227 891 5283 τὸν
923 5225 1181 5305 πρότερον
1225 5225 1430 5283 ἐκεῖνον
1486 5226 1571 5283 καὶ
1600 5224 1750 5281 ἄθεον
1805 5226 1918 5303 βίον

250 5320 440 5397 αὑτοῦ,
476 5313 744 5381 ἀξιοῦντός
777 5337 836 5372 τε
868 5328 1057 5396 τυχεῖν
1088 5325 1181 5374 τοῦ
1214 5322 1347 5372 Θεοῦ
1383 5312 1454 5371 δι’
1482 5314 1661 5389 αὐτοῦ,
1714 5316 1916 5389 μαρτύ-

247 5430 404 5489 ρεται
439 5406 538 5479 μὲν
571 5407 736 5479 αὖτῴ,
774 5406 931 5462 ὁποία
993 5404 1190 5485 ὀφείλει
1254 5406 1396 5462 εἶναι
1446 5407 1480 5473 ἡ
1548 5404 1919 5487 προσέλευσις,

247 5498 336 5555 ὅτι
372 5494 571 5555 ὁλικῶς
602 5496 689 5550 καὶ
720 5494 771 5560 ἐξ
801 5493 932 5562 ὅλης
962 5499 1149 5574 ψυχῆς
1182 5494 1268 5550 καὶ
1308 5493 1600 5570 παντελής,
1661 5494 1775 5551 ἐπεὶ
1836 5497 1922 5551 καὶ

249 5591 277 5646 6
314 5588 453 5667 πρὸς
488 5586 546 5641 ὃν
575 5586 609 5653 ἡ
642 5584 1011 5664 προσέλευσις,
1043 5583 1351 5649 παντελειός
1376 5584 1487 5642 ἐστι
1518 5586 1607 5642 καὶ
1662 5583 1916 5664 ἄμωμος,

332 5752 383 5797 ν·
414 5744 606 5817 Exod.
638 5761 763 5835 nx,
792 5745 830 5809 8
862 5765 884 5833 ς
914 5762 1074 5837 xxrv,
1108 5748 1171 5826 3,
1205 5745 1271 5819 7,

1998 4677 2222 4741 sororis
2252 4675 2510 4756 Moysis:
2540 4675 2860 4740 Cantemus
2889 4678 3149 4741 Domino
3181 4695 3202 4754 ;
3229 4677 3320 4738 vel
3355 4675 3654 4757 psalmum

2000 4768 2373 4832 tricesimum
2399 4766 2661 4842 tertium,
2688 4774 2789 4829 aut
2814 4770 2943 4849 ejus
2962 4776 3223 4849 partem:
3258 4765 3549 4829 Accedite
3578 4764 3658 4827 ad

2000 4878 2160 4934 eum,
2195 4866 2253 4920 et
2282 4856 2752 4919 illuminamini.
2790 4861 2859 4918 Et
2895 4870 3027 4939 post
3053 4860 3178 4920 haec
3205 4874 3437 4919 sacrum
3471 4855 3658 4916 altare

2001 4950 2301 5011 osculatus
2327 4947 2724 5026 egreditur,et
2746 4949 3102 5030 sciscitatur,
3130 4957 3199 5011 ut
3223 4946 3298 5010 ab
3331 4964 3403 5008 eo
3428 4944 3657 5006 intelli-

2002 5048 2119 5121 gat,
2156 5037 2372 5119 ecquid
2407 5036 2654 5117 petitum
2682 5038 2902 5100 veniat.

2083 5130 2202 5206 §V.
2237 5126 2371 5207 Ipso
2402 5134 2624 5202 autem,
2653 5129 2824 5208 juxta
2856 5134 3219 5209 praeceptum
3265 5126 3653 5203 susceptoris,

2004 5219 2263 5301 priorem
2289 5215 2451 5277 illam
2478 5234 2545 5277 ac
2562 5215 2667 5278 Dei
2684 5227 2980 5279 exsortem
2998 5218 3173 5279 vitam
3189 5214 3563 5295 deplorante,
3589 5230 3659 5274 ac

2006 5328 2114 5393 per
2141 5324 2277 5369 eum
2304 5304 2411 5368 Dei
2436 5315 2776 5368 consortem
2823 5307 2951 5370 ﬁeri
2996 5305 3358 5389 postulante,
3409 5308 3661 5393 testatur

2004 5390 2113 5480 ipsi
2150 5394 2345 5478 qualis
2368 5413 2501 5456 esse
2524 5394 2744 5457 habeat
2774 5396 3063 5470 accessio,
3101 5410 3315 5474 nempe
3349 5390 3573 5472 totalis,
3601 5397 3661 5452 et

2005 5508 2073 5552 ex
2100 5492 2221 5551 tota
2247 5484 2467 5555 anima,
2488 5494 2545 5546 et
2569 5486 2812 5547 omnino
2839 5488 3124 5567 perlecta,
3147 5503 3278 5545 cum
3304 5484 3354 5544 is
3376 5481 3448 5541 ad
3475 5498 3652 5562 quem

2002 5575 2333 5655 acceditur,
2367 5591 2616 5664 prorsus
2646 5594 2885 5665 quoque
2906 5576 3209 5661 perfectus
3240 5574 3314 5638 sit
3344 5580 3403 5638 et
3433 5570 3653 5636 imma-
