4042 6414
411 321 532 408 tis
1581 343 1644 412 s.
1692 343 2042 412 momen
2091 343 2629 414 AREOPAGITE.
3677 342 3805 419 tie

411 476 663 571 solatus:
696 484 838 542 tunc
866 476 1027 571 enim
1058 477 1212 545 forte
1231 498 1353 544 non
1381 482 1577 546 totalts
1602 490 1760 547 esset
1789 481 2052 561 dilectio,

2146 483 2264 543 τότε
2294 485 2393 565 γὰρ
2421 488 2589 568 τυχὸν
2620 489 2725 571 οὔχ
2755 483 2912 556 ὁλικὴ
2941 483 3145 566 ἐγίνετο
3176 480 3239 544 ἂν
3264 485 3300 557 ἡ
3347 483 3645 571 ἀγάπησις,
3706 488 3804 547 εἴ·

407 566 598 659 sicubi
656 570 988 633 secundum
1039 571 1178 655 quid
1227 574 1298 648 is,
1352 573 1428 636 ad
1458 592 1636 656 quem
1668 573 1938 637 accessio
1970 573 2052 655 tit,

2146 598 2244 633 που
2298 577 2434 636 κατὰ
2479 566 2529 635 τι
2565 580 2592 635 6
2625 566 2758 659 πρδς
2791 578 2850 636 ὃν
2879 579 2915 647 ἡ
2947 574 3298 656 προσέλευσις
3328 566 3643 643 παντέλειδς
3681 578 3801 637 ἐστι

406 656 710 740 perfectus
735 670 894 750 esset
925 668 981 723 et
1012 663 1447 738 immaculatus,
1474 664 1631 745 quod
1671 683 1788 727 non
1821 673 2052 728 vacaret

2146 667 2231 723 καὶ
2260 665 2508 743 ἄμωμος,
2542 670 2603 725 τὸ
2629 656 2933 750 ἐπίμομφον
2992 666 3182 748 εἶχεν,
3243 665 3387 727 ’Ἔτι
3441 665 3497 725 δὲ
3529 670 3618 727 καὶ
3647 667 3806 735 ὅπως

402 749 903 831 reprehensione.
939 751 1028 815 Ad
1052 752 1179 816 haec
1210 771 1372 831 vero,
1400 761 1714 836 postquam
1738 753 1933 837 ipsum
1960 754 2052 815 in-

2146 753 2343 834 διάγειν
2386 758 2475 814 καὶ
2529 749 2895 817 πολιτεύεσθαι
2952 757 3394 839 ὑφηγησάμενος,
3449 761 3539 816 καὶ
3595 781 3808 839 προσε-

406 839 617 902 struxit
647 841 951 917 quomodo
981 842 1155 905 vitam
1181 861 1360 923 agere
1389 862 1458 905 ac
1483 843 1796 908 instituere
1819 842 2057 919 debeat,

404 935 465 992 et
515 928 924 1014 interrogavit,
993 941 1126 1014 post
1180 935 1659 1015 astipulationern
1719 935 1851 1016 ejus
1883 933 2062 1014 capiti

406 1036 654 1084 manum
677 1020 934 1103 imponit
956 1023 1331 1105 subditisque
1352 1024 1469 1088 sibi
1491 1024 1907 1088 sacerdotibus
1936 1025 2061 1088 dia-

408 1109 697 1192 conisque
727 1113 987 1188 mandat,
1023 1114 1165 1176 utin
1197 1132 1399 1176 sacras
1422 1115 1651 1179 tabulas
1675 1116 1921 1179 nomina
1954 1134 2058 1179 re-

407 1200 602 1263 ferant
633 1210 747 1264 tam
802 1203 1142 1267 accedenlis
1192 1223 1369 1287 quam
1426 1207 1821 1288 susceptoris.
1882 1205 2056 1270 Hunc

404 1298 601 1353 autem
632 1294 904 1356 existimo
935 1314 1070 1358 esse
1102 1294 1321 1358 librum
1354 1298 1700 1361 viventium.

487 1381 636 1459 ενι.
673 1382 982 1467 Completa
1012 1384 1232 1449 deinde
1261 1404 1443 1466 super
1470 1387 1598 1469 ipso
1624 1407 1744 1450 una
1764 1407 1896 1450 cum
1926 1390 2059 1454 aliis

408 1472 699 1550 oratione,
754 1475 946 1553 ipsum
1007 1476 1189 1556 exuit,
1250 1476 1427 1539 unica
1475 1478 1784 1555 nimirum,
1836 1488 1897 1541 et
1937 1501 2056 1545 non

406 1565 570 1627 omni
598 1573 787 1642 veste;
822 1564 1038 1628 exinde
1066 1575 1332 1629 statuens
1378 1584 1516 1630 eum
1550 1568 1624 1631 ad
1658 1570 2053 1649 occidentem,

405 1662 496 1716 ter
517 1653 690 1734 jubet
738 1655 1051 1718 insufﬂare
1100 1658 1356 1732 Satanae,
1391 1666 1449 1720 et
1473 1658 2056 1726 abrenuntiationem

2144 846 2411 925 ρωτήσας,
2446 848 2583 923 μετὰ
2612 849 2712 917 τὴν
2741 847 3030 927 ὁμολογίαν
3064 846 3290 928 ἐκείνου,
3320 850 3442 905 τότε
3472 849 3573 918 τὴν
3631 862 3811 930 χεῖρα

2140 942 2210 1013 τῇ
2267 935 2476 1017 κεφαλῇ
2534 938 2822 1018 ἐπιτίθησι,
2900 939 2987 995 καὶ
3046 936 3252 995 κελεύει
3308 950 3429 1003 τοῖς
3484 936 3577 996 ὑπ’
3638 941 3810 997 αὐτὸν

2139 1026 2511 1105 πρεσκυτέροις
2567 1030 2656 1086 καὶ
2717 1027 2983 1095 διακόνοις
3035 1031 3095 1086 ’ev
3153 1026 3359 1092 δέλτοις
3415 1031 3586 1108 ἱεραῖς
3646 1028 3806 1088 ἄπο-

2140 1117 2440 1196 γράψασθαι
2505 1118 2569 1175 τὰ
2638 1119 2900 1195 ὀνόματα,
2959 1125 3054 1176 τοῦ
3122 1139 3180 1175 τε
3250 1116 3637 1197 προσελθόντος
3712 1119 3806 1178 καί

2140 1215 2234 1264 τοῦ
2261 1206 2549 1290 ἀναδόχου,
2583 1214 2757 1267 Ταῦτα
2811 1208 2890 1290 δὲ,
2946 1209 3130 1290 οἶςααι,
3191 1208 3286 1265 εἶσὶ
3326 1208 3393 1267 τὰ
3425 1213 3526 1266 τῶν
3581 1210 3806 1283 ζώντων

2143 1296 2399 1376 δίπτυχα,

2225 1388 2253 1468 §
2287 1389 2384 1448 VL
2415 1392 2571 1464 Εἶτα,
2605 1389 3004 1469 συμπληρώσας
3034 1402 3153 1456 τοῖς
3187 1388 3370 1455 ἄλλοις
3403 1388 3489 1449 ἐπ’
3519 1390 3664 1466 αὐτῷ
3690 1391 3798 1458 τὴν

3113 1257 3130 1291 9

2143 1478 2335 1558 εὒχὴν,
2408 1477 2853 1560 ἀπαμφιέννυσιν,
2914 1480 2969 1535 ἓν
3024 1478 3235 1556 ίμᾶτιον
3290 1479 3565 1562 δηλονότι,
3619 1482 3710 1538 καὶ
3740 1483 3803 1538 οὗ

2141 1574 2315 1626 πᾶσαν
2373 1568 2473 1635 τηδ
2533 1568 2749 1637 ἐσθῆτα⁸
2812 1573 2934 1627 εἶτα
2993 1567 3312 1649 ἐπιστρέψας
3373 1574 3504 1649 πρὸς
3564 1568 3801 1652 δυσμὰς,

2140 1659 2249 1735 τρὶς
2308 1656 2607 1737 ἐμφυσῆσαι
2666 1665 2743 1733 τῷ
2801 1665 3013 1732 Σατανᾷ
3042 1656 3425 1734 διακελεύεται,
3471 1661 3559 1716 καὶ
3590 1658 3800 1735 ὁμολο-

406 1744 712 1851 proﬁteri,
732 1753 823 1851 te‘r
841 1755 901 1807 et
927 1747 1056 1851 ipse
1087 1748 1171 1806 l8
1185 1750 1210 1807 ι
1223 1755 1628 1851 ¹ιιοιιιιξειεηιιῆ
1649 1751 1926 1830 quoniam
1949 1753 2052 1851 nec

2146 1752 2305 1823 γῆσαι
2336 1750 2401 1805 τὰ
2429 1753 2528 1815 τῆς
2559 1748 2861 1826 ἆποταγῆς,
2895 1749 3007 1829 τρὶς
3066 1751 3154 1806 καὶ
3185 1751 3340 1816 αὒτὸς
3367 1750 3797 1830 ματρυρόμενος,

401 1835 573 1897 facis.
606 1834 838 1897 Deinde
862 1836 1143 1900 transfert
1167 1836 1239 1899 ad
1276 1836 1595 1913 orientem,
1630 1840 1871 1920 Deoque
1885 1839 2052 1921 jubet

2146 1836 2221 1893 ὅτι
2279 1852 2456 1902 ποιεῖς
2514 1841 2691 1900 τοῦτο.
2731 1840 2867 1896 Εἶτα
2899 1839 3121 1917 μετάγει
3167 1841 3296 1919 πρὸς
3326 1839 3422 1912 ἕω,
3452 1842 3543 1898 καὶ
3571 1846 3651 1915 τῷ
3684 1847 3801 1915 Θεῷ

406 1924 775 2007 consentire,
803 1935 1163 2008 protestatus
1200 1936 1259 1989 et
1287 1926 1387 1990 hic
1416 1926 1640 2009 triplici
1683 1930 2057 2011 professione

406 2014 612 2078 fidem.

483 2103 783 2187 §VILHac
806 2106 1003 2189 itaque
1018 2127 1196 2188 prece
1210 2108 1645 2189 facta,ministri
1665 2109 1835 2192 plane
1858 2110 2050 2191 ipsum

403 2204 647 2273 exuunt,
673 2206 735 2259 ut
752 2215 919 2262 sacro
939 2198 1070 2260 oleo
1096 2201 1431 2279 inungatur.
1455 2199 1605 2263 Dum
1627 2211 1825 2263 autem
1850 2220 2052 2265 sacer-

404 2286 573 2350 dotes
607 2306 743 2350 eum
778 2288 1097 2367 inungunt,
1133 2288 1400 2353 Pontifex
1433 2291 1505 2353 ad
1548 2290 1886 2372 adoptionis
1922 2312 2048 2354 ma-

403 2385 557 2442 trem
590 2378 714 2442 sive
762 2378 1175 2461 baptisterium
1218 2381 1474 2457 accedit,
1521 2380 1867 2462 ibidemque
1914 2402 2050 2447 cum

400 2485 612 2549 aquam
645 2467 975 2552 benedixit,
1000 2476 1180 2550 atque
1200 2471 1474 2534 recitavit
1499 2488 1735 2534 sacrum
1766 2472 2050 2554 hymnum

402 2558 594 2622 sancti
617 2558 873 2642 Spiritus
900 2560 1029 2642 (qui
1052 2570 1294 2624 sanctus
1321 2560 1578 2643 Spiritus
1600 2570 1690 2624 est
1712 2562 2049 2627 divinorum

2141 1926 2343 1984 κελεύει
2402 1927 2770 2001 συντάξασθαι,
2836 1931 3232 2009 μαρτυρόμενος
3293 1931 3558 1992 κᾶνταῦτα
3609 1931 3701 1988 ἐπὶ
3730 1937 3803 2010 τῇ

2137 2024 2325 2097 τρισσῇ
2352 2017 2614 2097 ὁμολογίᾳ
2645 2019 2742 2088 τῆς
2786 2021 3040 2083 πίστεως,

2216 2112 2244 2184 §
2288 2108 2415 2171 VII.
2478 2109 2608 2167 Τότε
2669 2109 2792 2189 γοῦν
2855 2110 3163 2185 εὖξαμένου,
3226 2107 3424 2176 τελέως
3476 2108 3805 2170 ἂπεκδύουσι

2132 2194 2319 2255 τοῦτον
2349 2200 2397 2254 οἷ
2426 2198 2741 2277 λειτουργοὶ,
2777 2198 2858 2278 ἐφ’
2890 2202 2936 2274 ᾧ
2964 2203 3254 2280 χρισθῆναι
3285 2202 3346 2257 τὸ
3396 2199 3549 2280 ἅγιον
3582 2199 3799 2263 ἔλαιον.

2137 2290 2251 2347 Τῶν
2280 2295 2404 2366 γοῦν
2433 2287 2614 2366 ἱερέων
2647 2289 2935 2367 χριὸντων,
2971 2290 3124 2355 αὐτὸς
3156 2289 3240 2346 ἐπὶ
3272 2292 3371 2358 τὴν
3427 2289 3640 2370 μητέρα
3691 2297 3797 2360 τῆς

2133 2379 2388 2443 υἱοθεσίας
2444 2380 2544 2445 την
2599 2375 2973 2458 κολυμϐήθραν
3032 2378 3275 2460 ἔρχεται,
3344 2381 3430 2438 καὶ
3491 2382 3554 2437 τὸ
3614 2380 3800 2440 ἐκεῖσε

2135 2466 2361 2547 ἁγιάσας
2414 2467 2572 2545 ὕδωρ,
2638 2470 2726 2525 καὶ
2796 2470 2958 2527 εἰπὼν
3018 2471 3080 2526 τί)
3138 2470 3273 2548 ἱερὸν
3334 2468 3634 2547 μελῴδημα
3708 2479 3803 2531 τοῦ

2136 2560 2285 2638 ἁγίου
2343 2559 2670 2634 Πνεύματος,
2734 2557 2891 2636 (ὅπερ
2941 2558 3095 2638 ἅγιον
3157 2565 3371 2636 Πνεῦμα
3438 2561 3473 2628 ἡ
3546 2559 3807 2623 ἐπίπνοιά

403 2649 826 2731 prophetarum
851 2649 1191 2733 inspiratio)
1213 2651 1401 2713 virum
1429 2650 1668 2733 accipit.
1695 2651 1826 2715 Non
1854 2664 2052 2717 autem

2146 2651 2249 2707 ἐστι
2306 2650 2410 2706 τῶν
2470 2649 2623 2706 θείων
2676 2648 3018 2730 προφτ.τῶν,)
3082 2647 3298 2730 δέχεται
3355 2650 3444 2706 τὸν
3505 2647 3693 2728 ἄνδρα.
3734 2652 3806 2710 Οὔ

405 2738 553 2801 dixit
581 2757 816 2802 sacrum
861 2740 1144 2820 hymnum
1203 2740 1539 2802 divinorum
1599 2741 2049 2823 prophetarum,

2146 2741 2237 2819 γὰρ
2295 2741 2357 2798 τὸ
2403 2740 2542 2818 ἱερὸν
2603 2737 2899 2815 μελῴδημα
2961 2746 3066 2796 τῶν
3095 2740 3246 2796 θείων
3277 2747 3565 2822 προφητῶν
3610 2763 3799 2822 φησιν,

404 2846 608 2907 neque
639 2829 799 2891 enim
834 2831 1140 2911 prophetae
1171 2848 1383 2892 omnes
1428 2849 1610 2892 unum
1666 2839 1847 2909 atque
1894 2831 2052 2893 idem

2146 2835 2199 2889 οἳ)
2254 2830 2354 2908 γὰρ
2412 2829 2607 2892 πάντες
2667 2831 2714 2886 οἱ
2765 2833 3035 2909 προφῆται
3096 2828 3255 2888 εἷπον
3286 2831 3415 2887 αὐτὸ
3443 2830 3505 2887 τὸ
3536 2830 3593 2887 ἓν
3625 2831 3795 2906 ᾆσμα·

405 2917 704 2981 canticum
736 2920 1083 2982 recitarunt.
1111 2920 1213 2983 Est
1231 2928 1430 2982 autem
1451 2920 2052 3001 psalmusjvicesimus

2146 2919 2251 2978 ’ἐστι
2309 2917 2361 2974 δὲ
2425 2921 2453 2975 6
2512 2917 2604 2986 κη’
2670 2917 2910 2996 ψαλμὸς·
2975 2919 3139 2987 Φωνὴ
3199 2920 3384 2999 Κυρίου
3414 2921 3500 2977 ἐπὶ
3529 2926 3639 2979 τῶν
3669 2920 3795 2979 ὑδά-

407 3016 682 3071 octavus:
730 3009 854 3072 Vox
886 3009 1344 3091 Dominisuper
1393 3027 1606 3089 aquas,
1669 3019 1727 3073 et
1757 3011 2052 3074 Alleluia.

2146 3032 2267 3085 των,
2301 3010 2481 3067 καὶτὸ
2511 3007 2865 3076 Ἀλληλούϊα.
2930 3010 3028 3069 Καὶ
3083 3009 3255 3071 πάννα
3312 3009 3401 3067 ἔπ’
3460 3012 3609 3084 αὒτῷ
3644 3010 3800 3092 ἱερῶς

404 3095 633 3171 Quibus
663 3098 944 3162 omnibus
973 3118 1154 3181 super
1183 3104 1315 3182 ipso
1373 3100 1487 3162 rite
1543 3101 1823 3181 peractis,
1886 3120 2052 3165 sacro

2146 3099 2584 3179 διαπραξαίμενος,
2636 3105 2712 3173 τῷ
2778 3099 2916 3180 ἀερίῳ
2984 3098 3238 3181 ἐγχαρίσας
3312 3100 3481 3180 μύρῳ,
3560 3101 3805 3183 μέτοχον

402 3187 535 3250 oleo
566 3189 906 3262 inunctum,
947 3192 1295 3272 participem
1338 3190 1505 3254 illum
1556 3191 1697 3253 facit
1744 3192 2052 3257 immorta-

2146 3192 2302 3250 αὐτὸν
2372 3191 2459 3245 καὶ
2527 3196 2633 3245 τῶν
2708 3189 2980 3248 ἀθανάτων
3036 3191 3339 3271 μυστηρίων
3405 3189 3803 3258 ἀποδείκνυσιν,

406 3279 553 3341 lium
588 3281 1030 3361 mysteriorum.
1065 3281 1194 3343 Non
1245 3289 1472 3362 oportet
1506 3290 1701 3347 autem
1737 3283 1961 3360 mirari,
1995 3285 2052 3361 isi

2146 3284 2217 3339 Οὔ
2245 3279 2360 3361 χρὴ
2392 3277 2445 3333 δὲ
2474 3281 2784 3354 θαυμάζειν,
2847 3281 2891 3336 εἰ
2950 3280 3094 3359 παρὰ
3150 3281 3249 3349 τὴν
3299 3282 3386 3338 νῦν
3416 3288 3716 3360 κρατοῦσαν
3750 3283 3804 3340 ἐν

405 3377 649 3431 sanctus
671 3370 768 3434 bic
796 3375 972 3436 Pater
995 3371 1267 3453 quaedam
1303 3372 1377 3435 ab
1408 3371 1618 3435 ordine
1634 3373 1759 3454 jam
1784 3376 1839 3436 in
1858 3376 2052 3438 eccle-

2146 3383 2265 3435 ταῖς
2319 3367 2626 3435 ἐκκλησίαις
2683 3369 2855 3449 τάξιν,
2914 3367 3341 3450 παρηλλαγμένα
3398 3369 3545 3451 λέγει
3602 3373 3726 3432 τινὰ
3776 3377 3805 3431 6

403 3459 510 3522 siis
528 3471 772 3543 recepto
798 3462 1032 3525 diversa
1062 3472 1518 3527 commemoret:
1552 3463 1875 3526 verisimile
1895 3467 2052 3528 enim

2146 3460 2349 3539 Πατήρ·
2412 3460 2551 3522 εἰκὸς
2600 3460 2699 3538 γὰρ
2754 3466 2921 3516 ταῦτα
2978 3460 3159 3539 ἐκείνῃ
3215 3459 3315 3538 μὲν
3344 3467 3413 3539 τῇ
3448 3467 3555 3518 τῶν
3584 3464 3805 3543 χρόνων

413 3557 525 3628 est,
558 3550 684 3614 haec
715 3570 820 3634 pro
846 3553 958 3615 isto
989 3553 1280 3634 temporis
1310 3560 1462 3614 statu
1495 3555 1868 3634 congruisse,
1900 3575 2052 3621 nunc

2146 3553 2462 3611 καταστάσει
2533 3552 2824 3630 ἁρμόζειν,
2900 3561 2987 3612 νῦν
3071 3551 3126 3610 δὲ
3210 3553 3579 3636 ἀκριϐέστερον
3664 3556 3808 3636 γίνε-

407 3650 603 3705 autem
637 3643 973 3706 accuratius
1003 3644 1162 3708 ﬁeri.

2146 3667 2284 3704 σται.
3618 3718 3621 3721 Α

487 3731 796 3808 §VIILHis
816 3733 1120 3809 absolutis,
1160 3735 1475 3799 hierarcba
1495 3735 1694 3799 denuo
1709 3736 1782 3798 ad
1809 3738 2052 3818 primam

2219 3739 2247 3811 §
2275 3732 2435 3798 VIII.
2468 3740 2641 3793 Ταῦτα
2668 3731 2889 3799 τελέσας
2920 3736 2948 3791 6
2978 3734 3262 3817 ίεράρχης,
3291 3736 3378 3793 ἐπὶ
3426 3736 3528 3806 τὴν
3569 3737 3799 3817 πρώτην

402 3823 969 3907 contemplationem,
994 3826 1112 3882 sive
1135 3826 1434 3898 mysticam
1450 3826 1921 3895 precationem,id
1942 3837 2046 3896 est,

2146 3824 2235 3883 καὶ
2293 3824 2455 3884 πάλιν
2502 3824 2827 3882 ἀνατείνεται
2889 3827 3135 3906 θεωρὶαν,
3169 3826 3205 3896 ἢ
3237 3826 3406 3907 εὐχὴν
3435 3828 3729 3907 μυστικὴν,
3760 3830 3799 3900 ἢ

401 3903 600 3967 missas
623 3905 981 3967 sacriﬁcium
1005 3908 1368 3970 convertitur
1393 3926 1406 3972 :
1444 3926 1637 3988 neque
1658 3908 1818 3970 enim
1848 3909 2047 3994 decet,

2146 3916 2228 3984 τὴν
2281 3915 2422 3993 ἱερὰν
2481 3913 2834 3994 λειτουργίαν’
2900 3916 2960 3972 οὗ
2998 3903 3114 3995 ’γὰρ
3161 3915 3243 3974 δεῖ
3270 3903 3359 3973 ἐπ’
3392 3916 3661 3998 ἀλλοτρίῳ
3689 3903 3799 3984 τινὶ

399 4001 466 4088 ut
486 3994 813 4072 quidquam
844 3998 1029 4088 asuis
1057 3996 1341 4060 institutis
1373 4006 1587 4088 tractet
1616 3999 1903 4061 alienum.
1937 4002 2049 4064 De-

2146 4007 2271 4085 ταρὰ
2325 4007 2391 4061 τὰ
2448 4006 2629 4062 οἰκεῖα
2686 4005 2992 4084 τρέπεσθαι.
3059 3994 3231 4074 Av;on
3282 4004 3340 4063 δὲ
3370 3994 3614 4088 ὁλόγος,
3652 4008 3737 4066 δτι
3767 4013 3796 4067 6

403 4081 586 4145 clarat
614 4092 811 4148 autem
846 4085 944 4148 hic
974 4104 1197 4159 sermo,
1241 4087 1397 4169 quod
1429 4087 1771 4179 episcopus,
1807 4088 1921 4179 qui
1942 4091 2046 4153 Dei

2146 4100 2444 4176 ἑπισκοπος,
2507 4096 2684 4153 εἰκόνα
2742 4094 2957 4177 ἐπέχων
2987 4102 3080 4154 τοῦ
3139 4096 3355 4154 πάντων
3414 4104 3571 4179 Θεοῦ,
3611 4098 3796 4178 ὥσπερ

402 4172 668 4236 omnium
706 4193 1018 4255 personam
1050 4177 1323 4253 sustinet,
1358 4175 1861 4257 quemadmodum
1892 4177 2051 4242 Deus

2146 4189 2162 4243 5
2202 4188 2332 4249 Θεὸς
2390 4172 2475 4242 ἐπὶ
2532 4190 2630 4252 τῆς
2683 4172 2881 4248 οἰκείας
2932 4185 3186 4255 ἑνότητος
3236 4188 3324 4243 καὶ
3354 4172 3685 4255 ταύτότητος
3713 4172 3796 4246 ἀεὶ

401 4267 461 4323 in
488 4282 595 4325 suo
623 4263 726 4326 illo
756 4285 875 4327 uno
899 4264 1233 4348 eodemque
1257 4275 1411 4329 statu
1445 4284 1687 4349 semper
1714 4279 2051 4344 manens,et

2146 4276 2332 4351 λένων,
2390 4276 2479 4332 καὶ
2536 4276 2938 4356 ἆνεκςροιτττως
3002 4277 3077 4341 εἷς
3136 4278 3322 4335 ἑαυτὸν
3353 4274 3655 4358 ἱδρυμένος,
3690 4301 3800 4336 σω-

400 4352 459 4415 in
489 4354 620 4435 ipso
643 4355 795 4417 ﬁxus
818 4375 1126 4433 nunquam
1151 4356 1761 4431 sedeserongsalutis
1784 4359 2048 4422 omnium

2146 4366 2317 4445 ιηρίας
2377 4365 2532 4423 ἕνεκα
2585 4352 2798 4425 πάντων
2862 4379 2987 4432 ταῖς
3058 4352 3444 4447 προνοητικαίς
3515 4352 3795 4448 προόδοις,

399 4461 593 4517 causa,
634 4447 1023 4525 providentiae
1054 4466 1178 4509 suae
1208 4447 1729 4527 progressionibus
1745 4449 1817 4510 ad
1849 4450 2051 4511 omnia

2146 4456 2219 4513 ἐπὶ
2276 4456 2447 4512 πάντα
2504 4456 2598 4519 τὰς
2655 4454 2751 4524 τῆς
2811 4455 3143 4534 ἆγαθότητος
3195 4455 3501 4534 ἀλλάμψεις
3547 4447 3795 4532 ἐκτείνει,

397 4510 678 4597 bonitatis
704 4534 1132 4626 illustrationes
1158 4510 1447 4616 eitenudit,
1475 4537 1870 4619 omnibusque
1893 4559 2050 4621 pra:-

2146 4510 2218 4513 ""
2283 4510 2347 4512 ‘7”
2397 4510 2443 4512 ἠέ
2519 4510 2527 4512 ἡ
2582 4510 2596 4519 '
2671 4510 2680 4511 ί
2710 4510 2749 4524 ’⁷
2820 4510 2823 4511 ⁷
2861 4510 2971 4534 IH"
2996 4510 3142 4524 ’⁷¹“”’
3200 4510 3320 4514 "NHV
3339 4510 3498 4534 Γ”Ῐ““ν
3551 4510 3795 4532 v""-V—"

2146 4548 2224 4603 καὶ
2280 4552 2409 4603 πᾶσι
2469 4546 2718 4626 πάρεστι,
2778 4546 2878 4623 τῇς
2940 4544 3184 4624 ἱδρύσεως
3219 4548 3316 4605 οὐκ
3365 4547 3630 4623 ἀποστάς,
3661 4548 3801 4607 οὕτω

400 4641 540 4686 sens
569 4633 681 4699 est,
715 4644 749 4686 a
780 4625 1104 4689 stabilitate
1157 4646 1259 4689 sua
1309 4626 1562 4688 minime
1591 4626 1935 4711 discedens,
1967 4629 2052 4693 sic

2146 4637 2223 4695 καὶ
2251 4638 2278 4692 6
2337 4635 2625 4699 ἐπίσκοπος
2678 4637 2815 4693 κατᾶ
2867 4637 3094 4712 μίμησιν
3141 4637 3234 4695 τοῦ
3265 4643 3397 4695 Θεοῦ
3427 4635 3797 4717 συμϐολικῶς,

396 4713 574 4775 etiam
594 4715 934 4797 episcopus,
969 4718 1045 4779 ad
1083 4716 1473 4779 imitationem
1505 4717 1613 4779 Dei
1639 4717 2052 4798 symbolice,et

2146 4728 2224 4783 καὶ
2259 4727 2331 4788 ὡς
2389 4727 2530 4802 αὐτῷ
2581 4724 2822 4802 δυνατὸν,
2885 4727 2970 4785 ἐπὶ
3028 4735 3125 4800 τῆς
3178 4728 3372 4791 οἰκείας
3418 4713 3661 4793 στάσεως
3693 4713 3799 4806 μέζ-

402 4812 576 4901 prout
628 4811 843 4884 potest,
878 4807 938 4869 in
988 4824 1096 4867 sua
1138 4810 1427 4901 statione,_
1460 4804 1734 4901 idAest,in
1763 4808 2052 4901 ecclesia-

2146 4838 2262 4894 νων,
2324 4815 2565 4874 τουτέστι
2642 4822 2741 4884 τῆς
2811 4816 3263 4885 ἐκκλησιαστικῆς
3317 4818 3523 4901 ἀρχῆς,
3584 4804 3797 4899 πρόεισι

399 4893 550 4955 stico
577 4895 917 4976 principatu
943 4913 1324 4979 permanens,
1357 4896 1431 4959 ad
1457 4896 1741 4960 inferiora
1771 4898 2050 4961 humani-

2146 4893 2357 4985 προνοίᾳ
2413 4905 2805 4987 φιλανθρωπίας
2865 4907 2960 4965 ἐπὶ
3020 4909 3087 4965 τὰ
3143 4893 3420 4988 δεύτεραί-
3438 4910 3528 4967 καὶ
3559 4893 3797 4985 πληρώ-

400 4982 535 5045 tatis
556 4983 924 5065 providentia
946 4986 1216 5065 procedit
1241 5005 1256 5048 :
1290 4995 1347 5048 et
1371 4987 1719 5049 inferiorum
1743 5004 1816 5065 gu
1828 4987 2047 5051 berna-

397 5076 562 5136 tione
605 5074 849 5156 impleta
895 5093 1137 5139 rursum
1190 5076 1262 5139 ad
1292 5076 1478 5140 altare
1504 5075 1685 5150 redit,
1719 5076 2047 5159 symbolice

399 5165 733 5241 declarans,
748 5183 814 5229 se
835 5166 1184 5229 inferiorum
1215 5167 1583 5247 providentia
1602 5177 1851 5249 motum,
1867 5168 2047 5233 rebus

399 5257 613 5319 divinis
642 5256 868 5319 ibidem
902 5256 1182 5337 percatis,
1214 5276 1246 5318 a
1278 5258 1493 5320 divinis
1522 5259 1915 5320 sacramentis
1945 5277 2042 5322 re-

396 5365 540 5409 cens
558 5346 859 5427 baptizata
891 5346 1144 5421 collatis,
1176 5347 1252 5410 ad
1275 5348 1544 5409 divinum
1585 5347 1922 5410 institutum
1955 5368 2047 5413 re-

395 5437 636 5517 verti,ut
659 5445 961 5518 appareat,
988 5436 1183 5519 ipsum
1230 5456 1264 5499 a
1294 5445 1498 5499 sancto
1557 5436 1782 5518 Spiritu
1822 5438 1961 5503 duci
1990 5448 2047 5504 et

397 5526 633 5591 reduci.

822 5617 953 5678 182
995 5616 1096 5682 Ill.
1148 5616 1618 5697 Contemplatio.

485 5705 568 5788 §I.
581 5705 703 5772 lloc
718 5707 917 5797 itaque
935 5704 1472 5775 estsacrainentum
1495 5715 1709 5775 nostrae
1723 5726 2047 5796 regenera-

2133 5016 2228 5061 σας
2284 4996 2384 5063 τὴν
2440 5002 2546 5052 τῶν
2603 4996 2855 5076 δευτέρων
2913 4998 3245 5074 οἰκονομίαν,
3305 4996 3465 5056 πάλιν
3517 4998 3795 5057 ἐπάνεισιν

2132 5083 2218 5141 ἐπὶ
2284 5087 2345 5142 τὸ
2411 5087 2806 5164 θυσιαστήριον·
2895 5087 3165 5167 παριστῶν
3253 5085 3618 5165 συμϐολικῶς,
3710 5088 3795 5146 ὅτι

2129 5181 2496 5254 προνοητικῶς
2558 5178 2644 5235 ἐπὶ
2700 5176 2767 5234 τὰ
2822 5176 3037 5256 δεύτερα
3093 5179 3351 5255 κινηθεὶς,
3413 5179 3502 5236 καὶ
3558 5179 3629 5235 τὰ
3670 5182 3795 5237 θεῖα

2128 5267 2306 5322 ἒκεϊσε
2340 5263 2780 5344 διαπραξάμενος,
2813 5266 2920 5325 ἀπὸ
2951 5274 3057 5325 τῶν
3108 5270 3262 5326 θείων
3310 5268 3397 5326 ἐπὶ
3452 5273 3530 5343 τῷ
3588 5289 3793 5350 νεοφω-

2129 5355 2289 5427 τίστῳ
2345 5354 2697 5413 τελεσθέντων
2753 5358 2886 5434 πρὸς
2940 5360 3087 5414 θεῖον
3143 5355 3476 5434 ἐπιτήδευμα
3532 5359 3790 5435 ἔπιτε-τρέ-

2129 5466 2237 5526 φει,
2272 5447 2402 5524 πρὸς
2432 5447 2493 5503 τὸ
2524 5453 2602 5523 τῷ
2661 5447 2796 5527 ἁγίῳ
2851 5447 3119 5526 Πνεύματι
3179 5445 3362 5507 δοκοῦν
3392 5448 3660 5529 ἀγόμενος
3702 5454 3791 5511 καὶ

2132 5556 2231 5612 μετ
2242 5534 2408 5615 αγόμε
2418 5556 2506 5602 νος
2517 5580 2532 5598 .

2763 5637 2857 5689 ΙΙΙ.
2905 5629 3131 5707 Θεωρία.

2211 5718 2239 5801 §
2265 5724 2307 5779 Ι.
2343 5714 2487 5786 Αὕτη
2518 5715 2616 5797 μὲν
2648 5716 2738 5779 οὖν
2768 5717 2913 5785 ἐστιν
2941 5719 2977 5794 ἡ
3005 5717 3198 5793 τελετὴ
3225 5720 3326 5791 τῆς
3359 5719 3626 5805 ἡμετέρας
3658 5720 3783 5782 ἂνα-
