4042 6426
242 335 355 412 m
726 330 826 412 DE
870 347 1167 412 ECCLES.
1218 343 1668 425 meamea,
1713 340 1876 406 CAP.
1926 328 2006 405 11.
2056 374 2131 387 -
2176 326 2561 404 PABAPHR.
2620 328 3140 404 PACHYMER/E.
3513 334 3631 407 418

238 486 568 561 γεννήσεως
630 485 719 557 ἣν,
782 484 869 541 ὅτε
929 487 1015 541 καὶ
1071 487 1198 563 πρὸς
1256 485 1354 552 τὴν
1413 484 1669 550 αἰσθητὴν
1710 483 1909 540 εἰκόνα.

1996 478 2160 543 ionis,
2186 477 2533 550 quod,eti.-un
2561 474 2696 532 dum
2710 475 2836 546 quis
2859 474 2931 531 ad
2957 476 3286 534 sensibilem
3313 478 3628 551 imaginem

238 572 416 631 ἀπίδοι
472 596 575 647 τις,
640 577 735 631 οὒκ
792 574 855 630 ἀν
912 575 1061 631 εἴποι
1119 576 1317 651 ἀνίερον
1360 573 1467 632 οὐδ’
1499 573 1733 652 ἀπρεπῆ·
1773 572 1888 652 ἔχει

1996 568 2226 631 ittendit,
2255 580 2614 636 nequaquam
2638 564 2845 620 dixerit
2878 566 3178 633 profanum
3204 576 3300 625 aut
3323 570 3627 629 absonum:

241 665 337 742 γὰρ
394 665 487 720 καὶ
549 665 835 743 αἰνίγματα
890 667 1106 742 Θεωρίας
1168 663 1525 743 ὕψηλοτέρας.
1580 663 1651 721 Οὔ
1702 663 1809 738 μὴν
1840 660 1893 716 δὲ

236 754 324 809 καὶ
386 753 695 811 παντάπασι
753 754 860 810 τῶν
916 762 1150 833 φυσικῶν
1227 754 1594 831 ἀλλοτριοῦται
1652 754 1739 809 καὶ
1797 751 1893 807 ἀν-

234 848 670 923 θρωποπρεπῶς·
732 843 821 901 ὅτε
870 846 969 925 γὰρ
1024 847 1113 901 καὶ
1170 847 1198 901 ὁ
1255 844 1462 920 ὑψηλὸς
1520 849 1621 911 τῆς
1679 844 1895 920 θεωρίας

235 936 491 1014 σιγηθείη
550 934 739 1015 λόγος,
800 934 967 1001 οὕτως
1024 937 1289 1002 αἰσθητῶς
1351 934 1697 1010 ἐξεταζομένη
1762 935 1897 989 κατὰ

236 1048 286 1081 τι
347 1027 545 1106 φανείη
620 1024 1067 1105 διαμαρτάνουσα,
1144 1027 1252 1108 ὅτι,
1326 1024 1895 1104 διαπραγματευομένη

235 1116 333 1181 τὴν
398 1122 494 1173 τοῦ
551 1116 861 1193 προσιόντος
921 1116 1026 1173 ἀπὸ
1078 1117 1255 1183 πάσης
1316 1118 1504 1180 κακίας
1537 1117 1811 1194 κάθαρσιν,
1845 1114 1898 1169 ἐν

238 1209 425 1264 πειθοῖ
486 1211 547 1265 οὗ
597 1208 783 1284 σοφίας
843 1207 1201 1286 ἀνθρωπίνης,
1262 1205 1382 1264 ἀλλ’
1416 1209 1477 1263 ἐκ
1505 1208 1659 1263 θείων
1713 1207 1893 1283 ρημά-

236 1319 370 1376 των,
408 1298 477 1364 τῆ
506 1302 707 1377 φυσικῇ
754 1298 1001 1377 καθάρσει
1062 1304 1156 1354 τοῦ
1215 1295 1399 1359 ὕδατος
1451 1297 1897 1375 σωματικώτερον

237 1389 427 1445 τοῦτον
486 1386 757 1447 ἐκπλύνει.
814 1387 989 1466 τὈιτερ
1038 1389 1083 1445 εἰ
1115 1388 1201 1443 καὶ
1234 1386 1401 1463 μηδὲν
1432 1388 1593 1468 εἶχεν
1621 1387 1895 1464 ὑψηλότε-

238 1500 357 1558 ρον,
391 1477 489 1535 οὒκ
521 1478 725 1556 ἀνίερος
759 1478 1096 1535 παντάπασιν
1154 1478 1219 1546 ῆν
1253 1478 1336 1534 διὰ
1392 1499 1449 1534 τε
1479 1479 1583 1545 τῆν
1642 1475 1895 1535 διδασκα-

237 1567 358 1625 λίαν
420 1573 524 1636 τῆς
582 1568 823 1645 ἐναρέτου
873 1574 1041 1647 ζωῆς,
1095 1566 1180 1625 διὰ
1206 1590 1261 1624 τε
1294 1568 1389 1634 τὴν
1425 1566 1488 1624 δι’
1515 1567 1708 1632 ὕδατος
1740 1592 1899 1648 φυσι-

236 1660 342 1727 κὴν
375 1659 763 1738 ἀποκάθαρσιν·
796 1667 952 1718 τοῦτο
983 1657 1031 1715 δ’
1067 1658 1164 1715 οὒκ
1196 1657 1368 1722 ἔστιν,

1976 658 2157 719 habet
2182 654 2340 718 enim
2374 656 2552 716 etiam
2587 655 2808 715 indicia
2854 654 3219 717 sublimioris
3251 663 3630 742 contempla-

1979 749 2180 810 tionis.
2217 746 2498 820 Quinimo
2531 764 2641 805 nec
2672 745 2915 806 omnino
2948 764 2981 805 a
3013 747 3378 810 naturalibus
3425 762 3484 813 et
3516 755 3632 814 hu-

1984 837 2173 899 manis
2202 835 2535 897 rationibus
2566 835 2850 897 abhorret
2880 855 2893 897 :
2930 854 3065 895 nam
3101 837 3211 897 etsi
3243 840 3480 919 quando
3525 862 3635 905 su-

1983 926 2181 989 blimis
2213 926 2314 987 illa
2346 925 2787 1003 contemplandi
2812 923 2957 985 ratio
2990 926 3289 1001 sileretur,
3314 929 3404 990 vel
3436 931 3524 993 sic
3547 941 3634 994 ta-

1985 1036 2120 1077 men
2172 1014 2531 1077 seusibilitcr
2560 1013 2778 1094 inquiri
2837 1022 3036 1093 posset
3096 1017 3427 1081 secundum
3491 1023 3634 1103 quid

1982 1107 2262 1168 aberrare
2306 1104 2597 1177 videatur,
2632 1104 2914 1184 quoniam
2973 1105 3315 1169 accedentis
3346 1110 3419 1171 ab
3472 1115 3637 1176 omni

1985 1196 2208 1258 malitia
2236 1194 2721 1257 emundationem
2756 1203 3059 1275 operatur,
3093 1214 3212 1257 non
3244 1196 3310 1258 in
3361 1200 3639 1266 humanae

1981 1286 2287 1366 sapientiae
2312 1284 2841 1364 persuasione,sed
2865 1303 2933 1345 ex
2966 1284 3184 1346 divinis
3210 1287 3424 1365 verbis,
3454 1301 3633 1356 natu-

1980 1377 2090 1437 rali
2112 1394 2283 1455 aquze
2305 1373 2748 1453 emendatione,
2778 1374 2937 1434 hunc
2957 1374 3165 1439 abluit.
3203 1376 3330 1450 Quo
3354 1382 3467 1442 etsi
3490 1385 3638 1448 nihil

1981 1466 2299 1529 sublimius
2358 1462 2605 1525 haberet
2672 1463 2852 1543 (quod
2902 1482 3021 1553 non
3076 1470 3181 1539 est)
3257 1487 3635 1553 nequaquam

1987 1557 2188 1621 omnis
2253 1572 2464 1636 expers
2518 1563 2676 1616 esset
2729 1552 3111 1633 sanctitatis;
3175 1577 3310 1620 cum
3387 1552 3635 1643 propter

1988 1647 2188 1729 probae
2234 1646 2370 1709 vitze
2401 1644 2805 1726 disciplinam,
2840 1652 2967 1706 tum
3000 1654 3243 1727 propter
3303 1654 3635 1718 naturalem

1985 1756 2155 1819 aqua
2184 1734 2694 1799 emundationem.

322 1841 353 1922 δ
385 1849 455 1904 II.
506 1818 693 1899 *Εστω
715 1837 769 1896 δὲ
786 1840 919 1903 τέως
953 1840 1282 1920 εἰσαγωγική
1309 1860 1389 1897 τις
1422 1840 1750 1919 ψυχαγωγία
1780 1851 1896 1905 τοῖς

2034 1827 2380 1922 §_Il.V_erum
2395 1825 2469 1888 sit
2484 1826 2611 1888 haec
2625 1824 2974 1922 rudioribus
2989 1826 3349 1922 introductio
3367 1835 3639 1915 quadam

239 1932 490 2007 ἀτελέσι,
552 1932 615 1987 τὸ
671 1938 910 1989 τοιοῦτον
965 1931 1072 1987 τῶν
1130 1930 1347 1988 πολλῶν
1386 1930 1473 1987 καὶ
1504 1929 1723 2008 ἀνιέρων
1758 1931 1898 1988 ἀπο-

240 2021 635 2082 διαστέλλουσα
662 2021 729 2078 τά
751 2019 984 2089 ἁνοειδῆ,
1023 2013 1260 2090 Ἐνοειδῆ
1290 2020 1345 2077 δέ
1402 2020 1568 2099 λέγει,
1632 2022 1699 2077 τά
1753 2024 1894 2101 θεῖα,

240 2117 315 2176 ὡς
376 2109 592 2188 ὑψηλὰ,
651 2112 741 2168 καὶ
798 2117 873 2185 νῷ
931 2110 1079 2185 μόνῳ
1129 2110 1332 2176 ληπτὰ.
1364 2110 1519 2186 Λέγει
1552 2109 1651 2187 γὰρ
1680 2111 1895 2188 ὡσανεὶ,

241 2204 324 2261 ὅτι
379 2204 428 2258 εἰ
486 2203 577 2258 καὶ
634 2201 830 2263 πάντες
884 2201 976 2256 οὒκ
1030 2200 1125 2256 εἰσὶ
1181 2199 1397 2279 τέλειοι,
1431 2198 1566 2255 ἀλλὰ
1595 2199 1682 2255 καὶ
1713 2196 1900 2255 πολλοὶ

242 2293 494 2368 ἀτελεῖς,
560 2290 746 2371 ἔχουσι
807 2291 1043 2347 κάκεῖνοι
1102 2291 1386 2368 ἀναγωγὴν
1422 2312 1538 2345 τινα
1585 2295 1652 2365 τῇ
1683 2287 1899 2364 δυνάμει

240 2387 454 2441 ἑαυτῶν
512 2382 911 2461 προσήκουσαν,

237 2474 424 2541 πάντη
488 2471 709 2549 ἀνιέρων
761 2473 849 2528 καὶ
888 2470 1257 2551 χλευαζόντων
1318 2472 1379 2526 τὸ
1410 2470 1712 2545 βάπτισμα.
1753 2468 1901 2526 Ἐπεὶ

239 2567 341 2645 γὰρ
404 2566 468 2623 οὗ
526 2562 724 2625 πάντες
786 2568 1019 2641 χωροῦσι
1076 2562 1169 2625 τὰς
1231 2560 1473 2639 θεωρίας,
1508 2556 1591 2616 δεῖ
1631 2562 1900 2616 ποιεῖσθαι

238 2658 329 2714 καὶ
388 2655 543 2732 ἡμᾶς
602 2654 697 2718 τὰς
755 2650 1046 2732 ἑρμηνείας
1076 2654 1207 2730 πρὸς
1236 2653 1355 2715 τοὺς
1388 2652 1700 2730 ἀκούοντας,
1736 2654 1807 2713 ὡς
1842 2650 1901 2706 ἂν

241 2745 573 2825 συμμέτρως
629 2744 716 2800 καὶ
780 2744 924 2799 αὒτοὶ
981 2744 1067 2799 καὶ
1122 2746 1502 2820 προσηκόντως
1562 2747 1630 2818 τῇ
1689 2739 1902 2814 δυνάμει

242 2844 349 2895 τῶν
414 2836 685 2906 νοήσεων,
742 2832 1067 2913 ἀνάγώνταν
1135 2832 1294 2906 ἡμεῖς
1326 2829 1404 2906 δὲ,
1441 2828 1721 2893 ἀναϐάσεις
1751 2833 1806 2886 ἒν
1837 2837 1904 2908 τῇ

245 2925 437 3006 καρδία
492 2925 705 3001 θέμενοι
766 2924 932 3001 ἱερὰς,
994 2923 1149 2979 τίνων
1196 2923 1554 3001 χαρακτήρων
1588 2923 1713 2979 εἰσὶν
1746 2921 1904 2979 ἐκτυ-

252 3018 487 3093 πώματα
520 3016 587 3073 τά
617 3022 833 3072 τοιαῦτα
864 3012 1308 3091 ἐπιγνωσώμεθα.

975 2381 1029 2437 ἐν
1087 2381 1123 2456 ᾗ
1180 2378 1725 2448 ἀποδιασταλγξσονται
1794 2385 1901 2434 τῶν

335 3199 486 3272 §IIL
548 3190 829 3256 Είσϐἀλλει
886 3190 1074 3251 λοιπὸν
1135 3195 1207 3257 εἷς
1272 3194 1370 3260 τὴν
1399 3193 1641 3273 θεωρίαν·
1676 3191 1763 3250 καὶ
1792 3195 1909 3254 ἐπεὶ

254 3288 440 3367 μέλλει
473 3282 645 3350 δεῖξαι
676 3285 766 3339 τὸν
792 3285 1051 3364 ἱεραρχην
1105 3283 1242 3340 κατά
1301 3284 1398 3350 τῆν
1460 3283 1789 3363 ἁφπμοίωσιν
1820 3290 1911 3339 τοῦ

252 3386 389 3437 Θεοῦ
446 3381 581 3433 πᾶσι
639 3374 740 3441 τὴν
790 3375 1056 3452 σωτηρίαν
1116 3372 1614 3453 εὐαγγελιζόμενον,
1684 3372 1909 3453 ἄρχεται

251 3469 433 3548 λέγειν
496 3465 619 3543 περὶ
677 3469 810 3520 Θεοῦ
865 3464 931 3521 τὰ
989 3463 1188 3522 εἰκότα.
1248 3466 1387 3531 Φησὶ
1419 3465 1612 3538 τοίνυν,
1648 3464 1720 3527 ὡς
1755 3465 1788 3531 ἡ
1822 3468 1911 3518 τοῦ

254 3567 389 3619 Θεοῦ
450 3555 718 3633 ἀγαθότης
780 3552 864 3609 ἐπὶ
923 3553 1098 3617 πάσας
1158 3555 1250 3616 τὰς
1296 3555 1477 3633 νοεράς
1510 3551 1658 3629 ὄψεις
1698 3553 1791 3619 τὰς
1823 3559 1915 3609 τοῦ

252 3650 457 3708 οἰκείου
485 3646 688 3727 φωτὸς,
721 3643 965 3717 ἀκτῖνας,
1000 3643 1239 3723 ἀφθόνως
1272 3642 1517 3710 timor.
1582 3641 1731 3701 Ἐπεὶ
1789 3650 1914 3723 γοῦν

254 3747 361 3798 πᾶν
398 3737 582 3807 νοερὸν
630 3732 959 3800 αὒτεξούσιὸν
989 3734 1155 3815 ἐστιν,
1211 3734 1265 3789 εἶ’
1322 3757 1402 3799 τις
1465 3734 1616 3813 νοερά
1671 3733 1773 3799 ἕξις
1830 3731 1914 3791 διὰ

252 3832 356 3898 τὴν
412 3826 669 3893 τοιαύτην
726 3822 1191 3905 αύτεξουσιότητα,
1270 3824 1304 3892 ἢ
1376 3823 1571 3888 τελέως
1630 3824 1909 3905 ἀφίσταται

255 3930 352 3981 το)
378 3921 519 3977 θείου
548 3916 749 3995 φωτὸς,
782 3915 881 3983 τῆς
910 3915 1096 3977 κακίας
1129 3914 1323 3995 ἐρῶσα,
1359 3915 1394 3983 ἢ
1449 3916 1556 3983 μὴν
1610 3916 1671 3971 τὸ
1732 3913 1912 3972 δεύιε-

257 4037 377 4093 ρον,
446 4010 509 4065 τὸ
566 4005 715 4063 δοθὲν
770 4005 906 4082 αὐτῇ
936 4009 1033 4071 τῆς
1083 4003 1404 4081 ἐλλάμψεως
1437 4005 1627 4085 μέτρον
1657 4028 1911 4085 περιφρο..

260 4105 475 4175 νήσασα
549 4093 840 4174 ὑπερϐῆναι
914 4097 1213 4175 ὶπιχειρεϊ,
1274 4094 1580 4174 ἀπήρτηται
1641 4094 1911 4173 δηλονότι,

258 4190 636 4270 ἀποωγχάνει
691 4185 908 4250 εἰκότως
942 4187 1028 4242 καὶ
1084 4193 1177 4243 τοῦ
1228 4183 1465 4252 δοθέντος
1496 4190 1639 4261 αὒτῳ
1692 4185 1912 4266 μέτρου,

258 4292 360 4346 αὖ
388 4284 527 4342 θείω
558 4282 737 4361 φωτὸς
798 4277 1162 4338 ἀναλλοιώτου
1214 4279 1488 4347 μένοντος,
1548 4278 1759 4359 (Ὠσπερ
1819 4280 1919 4358 γὰρ

260 4381 325 4436 τὸ
440 4374 823 4450 συνηρτῆσθαι,
909 4370 970 4427 τὸ
1053 4369 1414 4445 συνηρμόσθαι
1500 4367 1684 4436 δηλοῖο
1784 4368 1919 4427 οὕτω

1983 1919 2289 2001 apiritalis,
2316 1937 2447 2009 qua;
2476 1917 2892 2009 apromiscuis
2924 1924 2981 1979 et
3014 1916 3276 1998 profanis
3309 1922 3641 2009 distinguat

1985 2009 2327 2071 uniformia.
2393 2006 2702 2071 Uniforma
2756 2012 2955 2068 autem
3014 2017 3184 2072 vocat
3228 2010 3450 2092 divina,
3501 2006 3639 2081 tan-

1985 2118 2162 2181 quam
2195 2098 2472 2161 sublimia
2503 2096 2751 2175 solaque
2808 2106 3007 2160 mente
3040 2104 3504 2181 comprehensa.
3541 2109 3642 2173 Ait

1985 2199 2180 2252 autem
2209 2189 2672 2270 quodammodo;
2706 2189 2842 2268 quia
2873 2188 3014 2250 licet
3046 2208 3163 2251 non
3193 2210 3401 2256 omnes
3433 2200 3636 2277 perfe-

1986 2283 2085 2362 cti,
2115 2280 2223 2343 sed
2252 2279 2416 2341 multi
2448 2277 2783 2358 imperfecti
2810 2278 2950 2353 sint,
2981 2279 3203 2342 habent
3235 2291 3429 2347 tamen
3456 2289 3634 2353 etiam

1986 2372 2096 2453 ipsi
2112 2388 2435 2450 anagogem
2456 2368 2773 2447 quamdam
2795 2368 2997 2430 virtuti
3031 2388 3153 2433 suae
3172 2385 3629 2457 congruentem,

1987 2481 2101 2544 qua
2132 2460 2573 2537 distinguantur
2599 2457 2672 2519 ab
2697 2458 2942 2519 omnino
2975 2461 3237 2539 profanis
3266 2472 3323 2525 et
3355 2466 3633 2547 baptismi

1985 2549 2504 2614 irrisoribus.Cum
2523 2548 2684 2611 enim
2707 2566 2829 2610 non
2862 2567 3071 2612 omnes
3099 2551 3333 2632 capiant
3354 2566 3630 2621 contem-

1989 2643 2301 2725 plationes,
2332 2648 2565 2721 oportet
2587 2657 2695 2701 nos
2717 2641 2895 2702 etiam
2926 2642 3445 2722 interpretationes
3468 2650 3635 2713 audi-

1989 2734 2220 2795 toribus
2264 2732 2741 2810 accommodare,
2780 2738 2840 2791 ut
2870 2739 2928 2791 et
2958 2731 3071 2809 ipsi
3106 2751 3210 2813 pro
3246 2737 3486 2800 modulo
3529 2758 3639 2804 suo

1990 2821 2416 2886 convenienter
2444 2820 2516 2883 ad
2551 2820 2824 2881 virtutem
2869 2820 3393 2901 intelligentiarum
3447 2829 3639 2893 addu-

1991 2922 2197 2976 cantur
2224 2936 2239 2995 ;
2274 2931 2382 2974 nos
2412 2929 2552 2973 vero
2585 2912 2971 2973 ascensiones
2996 2931 3197 2975 sacras
3221 2914 3280 2976 in
3315 2918 3495 2981 corde
3513 2930 3640 2983 sta-

1990 3013 2243 3079 tuentes,
2275 3019 2707 3082 cognoscamus
2763 3019 3022 3083 quorum
3082 3003 3490 3070 characterem
3551 3011 3641 3073 is-

1993 3094 2270 3158 tiusmodi
2302 3093 2422 3155 sint
2463 3090 2711 3169 efﬁgies.

2065 3183 2475 3256 §IIl.Caeterum
2491 3181 2821 3255 aggreditur
2842 3183 3406 3256 contemplationem:
3437 3201 3490 3251 et
3513 3208 3643 3254 cum

1995 3285 2343 3339 ostensurus
2366 3274 2443 3336 sit
2475 3273 2848 3335 hierarcliam
2872 3276 3202 3339 secundum
3224 3279 3330 3341 Dei
3360 3284 3645 3348 similitu-

1997 3368 2195 3428 dinem
2228 3365 2506 3427 omnibus
2539 3364 2787 3425 salutem
2810 3366 3191 3449 annuntiare,
3218 3368 3647 3453 incipitdicere

1997 3457 2070 3518 de
2096 3459 2217 3519 Deo
2250 3473 2379 3535 quae
2398 3455 2634 3516 decent.
2669 3454 2765 3515 Ait
2796 3454 3018 3536 itaque;
3047 3460 3345 3537 quomodo
3381 3464 3488 3525 Dei
3528 3466 3642 3527 bo-

1999 3547 2155 3607 nitas
2169 3562 2351 3624 super
2368 3562 2577 3605 omnes
2593 3544 2886 3606 mentales
2912 3546 3112 3607 oculos
3132 3547 3279 3610 lucis
3301 3568 3423 3614 suae
3444 3555 3645 3617 radios

1998 3635 2332 3697 luculenter
2364 3634 2667 3715 expandit.
2702 3634 2847 3697 Cum
2874 3635 3075 3717 itaque
3102 3656 3278 3701 omne
3295 3642 3453 3722 quod
3482 3644 3650 3708 intel-

1997 3726 2157 3789 lectu
2183 3723 2493 3806 prteditum
2522 3731 2612 3786 est
2632 3723 2889 3785 liberum
2921 3725 3020 3798 sit,
3044 3727 3094 3788 si
3122 3728 3255 3808 quis
3278 3729 3645 3800 intellectum

1998 3817 2252 3897 habens,
2282 3823 2528 3897 propter
2558 3814 2736 3875 talem
2757 3813 3093 3878 libertatem
3126 3819 3216 3881 vel
3239 3822 3484 3885 omnino
3505 3824 3651 3888 divi-

1996 3924 2139 3969 num
2168 3905 2370 3967 lumen
2398 3905 2657 3981 deserat,
2690 3924 2894 3967 amans
2926 3910 3267 3987 pravitatem
3300 3931 3316 3992 ;
3350 3912 3441 3974 vel
3485 3924 3650 3980 certe

1998 3996 2411 4060 secundariam
2448 3994 2855 4058 illustrationis
2913 4016 3250 4062 mensuram
3283 4002 3397 4082 ipsi
3454 4004 3652 4069 datam

2000 4086 2609 4166 contemnens,ipsam
2630 4087 2964 4166 transgredi
2988 4094 3471 4174 conetur,utique
3501 4096 3651 4159 sub-

2004 4178 2277 4252 trahitur,
2313 4184 2373 4237 et
2402 4175 2632 4237 indulta
2664 4175 2776 4237 sibi
2824 4194 3105 4240 mensura
3138 4181 3350 4244 merito
3395 4183 3651 4249 frustra-

2006 4276 2120 4348 tur,
2155 4265 2355 4327 divino
2394 4264 2620 4326 lumine
2665 4264 2726 4326 in
2777 4284 2841 4327 se
2875 4266 3186 4331 immutata
3234 4284 3651 4351 permanente.

2004 4355 2519 4432 Quemadmodum
2584 4355 2718 4415 185
2777 4357 2934 4418 enim
2994 4362 3348 4438 συνηρτῆσθαι
3421 4365 3651 4443 signiﬁ-

260 4466 454 4526 καὶτὸ
513 4446 879 4540 ἀπηρτῆσται,
940 4459 1002 4515 τὸ
1060 4458 1459 4515 ἐκπεπτωκέναι
1519 4459 1617 4527 τῆς
1676 4458 1909 4540 ἀρμογῇς

2004 4458 2102 4512 cat
2156 4453 2493 4527 coaptatum
2533 4464 2688 4521 esse,
2725 4446 2811 4509 sic
2855 4446 3034 4508 etiam
3080 4450 3420 4529 ἀπηρτῆσθαι
3482 4455 3654 4517 exci-

260 4559 353 4616 καὶ
412 4551 708 4633 συμφυΐας.
770 4548 945 4608 ’Ἔστι
1002 4547 1058 4605 δέ
1116 4546 1203 4605 ὅτε
1259 4550 1348 4606 καὶ
1399 4550 1459 4606 τὸ
1506 4548 1917 4628 ἐκέρεμᾶσθαιὴ

259 4647 405 4714 λέξις
436 4643 624 4712 δηλοῖ·
663 4640 879 4699 ἐνταῦθα
939 4638 1121 4715 μέντοι
1179 4640 1318 4696 κατά
1376 4640 1438 4696 τὸ
1497 4640 1751 4718 πρότερον
1812 4663 1917 4709 ση-

260 4736 595 4815 μαινόμενον
622 4731 909 4800 νῗληπται.
944 4728 1271 4803 Ἐπιλάμπει
1304 4730 1474 4786 τοίνυν
1528 4733 1661 4807 αὖτῇ
1690 4731 1751 4787 τὸ
1808 4737 1920 4812 φῶς

261 4826 656 4903 μυωπαζούση,
693 4822 782 4879 καὶ
812 4824 907 4879 οὒκ
936 4819 1243 4900 ἀφίσταταιο
1276 4821 1365 4876 καὶ
1422 4821 1482 4875 τὸ
1545 4825 1656 4899 φῶς
1710 4822 1807 4879 οὐκ
1860 4817 1920 4876 ἂίν

264 4913 578 4997 ἐνεργήσειέ
631 4934 684 4970 τι
744 4910 877 4969 ἄλλο
933 4912 1076 4988 παρὰ
1130 4911 1197 4968 τὰ
1224 4911 1399 4991 φωτὸς
1433 4912 1628 4985 οἰκεῖα,
1661 4909 1759 4968 κάν
1790 4910 1924 4977 αὐτῆ

262 5006 476 5070 ἀτελῶς
540 5001 841 5063 ἐπιϐάλλω..
910 5000 1341 5082 ’Λγαθουργικῶς
1423 5009 1548 5079 γοῦν
1621 4998 1923 5071 ἐξήπλωται

261 5100 328 5157 τὸ
361 5100 511 5156 θετον
538 5094 649 5176 φῶς
676 5105 801 5157 ταῖς
832 5103 1043 5173 νοερατς
1097 5090 1307 5168 ὄψεσιν,
1366 5088 1533 5156 ἔξεστι
1595 5087 1650 5145 δὲ
1708 5090 1922 5155 ταύταις

263 5182 753 5259 ἀντιλαμϐάνεσθαι
809 5189 904 5263 τοῦ
960 5182 1136 5263 φωτὸς
1194 5181 1356 5238 ὁπότε
1412 5181 1718 5251 θελήσειαν.
1785 5181 1923 5259 Πρὸς

266 5282 373 5350 τήν
430 5276 685 5343 τοιαύτην
744 5262 923 5331 εἰκόνα
977 5262 1067 5330 καὶ
1119 5273 1147 5329 ὁ
1205 5270 1493 5336 ἐπίσκοπος
1550 5266 1775 5337 ἐξαπλοϊ
1831 5271 1925 5333 τὰς

264 5368 372 5438 τῆς
404 5363 744 5429 διδασκαλίας
775 5362 998 5427 ἀκτῖνας
1069 5362 1158 5419 καὶ
1230 5373 1347 5424 τοῖς
1416 5357 1734 5427 ἐπιτηδείοις
1797 5360 1927 5439 πρὸς

263 5460 372 5529 τὴν
433 5452 732 5537 ὕποδοχὴν,
796 5454 885 5511 καὶ
946 5465 1065 5517 τοτς
1133 5452 1232 5530 μὴ,
1303 5450 1362 5509 οὒ
1419 5450 1593 5532 φθόνῳ
1622 5450 1710 5509 καὶ
1741 5448 1930 5531 ἀνιέρῳ

265 5548 459 5629 μήνιδι
485 5552 585 5615 τῆς
618 5544 878 5624 προτέρας
923 5543 1251 5608 ἀποστασίας
1310 5539 1345 5610 ἥ
1402 5542 1652 5621 ἀμετρίας
1706 5542 1929 5622 χρώμε-

267 5664 386 5708 νος.
421 5648 600 5700 Ταῦτα
628 5634 685 5693 δέ
716 5633 863 5714 λέγει
893 5635 1027 5714 πρὸς
1080 5635 1145 5691 τά
1175 5631 1424 5711 ἀνωτέρω
1474 5630 1720 5710 ῥηθέντα’
1780 5630 1930 5709 ἔλεγε

265 5733 399 5817 γὰρ,
432 5727 522 5788 δύο
552 5726 742 5793 κακίας
777 5726 922 5784 εἶναι
950 5730 1057 5783 τῶν
1086 5728 1281 5806 νοερῶν
1311 5720 1397 5780 διὰ
1444 5723 1542 5793 τὴν
1571 5719 1701 5780 ἰδίαν
1738 5720 1927 5789 αὐτεξ-

2004 4541 2094 4603 dis
2129 4557 2191 4601 se
2240 4557 2273 4599 a
2303 4536 2720 4600 conformitate
2735 4545 2911 4617 atque
2926 4539 3653 4617 congruentiaJnterdum

2003 4648 2145 4695 vero
2163 4630 2337 4691 etiam
2366 4628 2480 4689 hoc
2505 4626 2748 4688 verbum
2786 4626 3083 4706 signiﬁcat
3112 4648 3472 4711 suspensum
3495 4654 3657 4709 esse;

2005 4721 2119 4783 hoc
2150 4720 2279 4782 loco
2323 4726 2519 4779 tamen
2550 4717 2611 4778 in
2643 4716 2827 4797 priori
2870 4717 3301 4796 significatione
3344 4733 3657 4805 acceptum

2009 4810 2338 4873 est.lllucet
2358 4810 2556 4888 itaque
2589 4805 2692 4868 lux
2720 4806 2832 4888 ipsi
2859 4807 3037 4868 etiam
3065 4810 3431 4895 conniventi,
3458 4832 3658 4895 neque

2011 4900 2276 4977 deserit;
2326 4916 2520 4977 neque
2565 4896 2742 4958 etiam
2776 4896 2873 4960 lux
2903 4897 3225 4978 quidquam
3259 4901 3400 4966 facit
3443 4915 3658 4985 praeter

2011 4988 2387 5072 eaquzelucis
2400 4992 2539 5048 sunt
2560 4985 2823 5067 propria,
2852 4988 3085 5050 tametsi
3109 5008 3278 5053 mens
3310 4992 3659 5075 imperfecte

2010 5078 2356 5145 accesserit.
2410 5076 2678 5155 Benigne
2708 5076 2888 5156 igitur
2917 5077 3114 5140 divina
3162 5079 3260 5144 lux
3300 5084 3661 5147 mentalibus

2009 5189 2248 5253 semper
2278 5166 2464 5231 oculis
2496 5176 2674 5248 patet,
2712 5166 2971 5250 licetque
3031 5169 3125 5231 his
3155 5170 3350 5233 lucem
3383 5173 3662 5255 excipere

2010 5262 2490 5344 quandocunque
2521 5255 2834 5320 voluerint.
2871 5256 2961 5319 Ad
2994 5259 3174 5338 hujus
3202 5259 3659 5325 similitudinem

2013 5353 2189 5415 etiam
2222 5348 2539 5430 episcopus
2568 5344 2854 5408 doctrinm
2900 5346 3100 5409 radios
3131 5349 3410 5430 expandit
3438 5357 3556 5413 tam
3590 5353 3661 5416 iis

2013 5444 2114 5524 qui
2146 5442 2267 5522 apti
2299 5445 2439 5501 sunt
2459 5438 2531 5499 ad
2558 5454 2660 5499 eos
2686 5436 3276 5519 excipiendos,quam
3305 5438 3381 5502 iis
3405 5441 3507 5521 qui
3541 5460 3663 5506 non

2018 5542 2157 5596 sunt
2184 5531 2326 5610 apti,
2362 5528 2525 5591 nullo
2554 5526 2689 5590 odio
2722 5527 2923 5591 dirave
2956 5527 3385 5611 imprecatione
3420 5541 3663 5615 propter

2014 5626 2277 5707 priorem
2303 5617 2705 5682 defectionem
2738 5618 3429 5707 intemperationemque
3463 5630 3661 5691 utens.

2012 5689 2156 5782 haec
2204 5718 2402 5777 autem
2432 5710 2574 5774 dicit
2624 5689 2866 5793 proptbr
2895 5689 2965 5772 ea
3012 5727 3143 5793 quae
3171 5689 3447 5794 superius
3504 5689 3663 5786 dicta
