4042 6420
420 304 540 376 419

1587 298 1649 376 s.
1699 295 2044 376 DIONYSII
2090 295 2626 379 AREOPAGITAE‘.

3683 296 3810 376 4‘20

422 458 559 514 sunt
586 466 600 512 :
626 445 848 510 dixerat
875 433 1059 529 enim,
1086 446 1202 510 duo
1236 457 1368 512 esse
1403 448 1552 510 mala
1576 447 1878 510 intellectu
1912 466 2062 529 prae-

2155 453 2454 520 ουσιότητα,
2493 452 2585 510 "H
2645 453 2744 532 γὰρ
2776 449 3059 533 ἀφίστατάί
3113 472 3195 515 τις
3254 459 3347 509 τοῦ
3403 451 3542 507 θείου
3595 452 3806 530 φωτὸς,

422 541 678 603 ditorum
729 546 972 618 propter
1003 540 1304 621 propriam
1347 538 1709 602 libertatem.
1741 539 1851 600 Vel
1905 539 2066 600 enim

419 629 644 692 deserit
667 628 799 706 quis
825 628 1081 690 divinam
1117 629 1433 706 lucem,vel
1458 631 1616 708 sapit
1645 648 1828 710 supra
1854 628 2066 692 modu-

418 719 540 781 lum
573 725 841 789 suum,et
871 718 1029 798 quod
1053 737 1169 778 non
1202 719 1480 780 convenit
1508 719 1740 796 quaerit.

503 808 644 889 §IV.
673 807 919 888 Rursus,
941 827 1072 869 cum
1099 807 1362 869 divinum
1381 809 1864 887 numensitorigo
1888 817 2068 872 rectae

424 897 817 962 ordinationis
862 916 1046 958 sacra:
1075 898 1402 960 secundum
1439 918 1614 976 quam
1672 900 1843 960 etiam
1876 899 2071 978 angeli

421 999 613 1052 semet
643 989 804 1068 ipsos
845 996 1089 1068 norunt,
1127 1006 1238 1050 nec
1279 989 1616 1051 inordinate
1648 987 1965 1071 prosiliunt
1995 989 2072 1051 ad

423 1099 495 1142 ea
525 1097 656 1159 quae
689 1095 804 1138 non
830 1076 1066 1150 decent,
1101 1078 1360 1158 primum
1394 1097 1608 1140 munus
1642 1097 1710 1140 ex
1736 1079 1932 1140 divina
1957 1079 2070 1140 do-

423 1171 614 1234 ctrina
642 1167 775 1248 qui‘s
806 1168 1212 1247 consequitur,
1239 1167 1400 1245 quod
1447 1168 1709 1249 seipsum
1745 1177 1972 1245 noscat,
2009 1178 2070 1230 ut

421 1258 566 1321 illud
583 1257 738 1339 quod
763 1257 819 1317 in
842 1258 970 1336 lege
1001 1257 1288 1336 scriptum
1313 1265 1402 1320 est
1429 1268 1651 1339 servet,
1683 1259 1927 1321 attende
1961 1259 2071 1322 tibi

420 1351 539 1429 ipsi
559 1359 621 1430 ι,
649 1346 1146 1428 quemadmodum
1174 1347 1350 1409 etiam
1386 1350 1632 1427 Magnus
1663 1347 1917 1410 Basilius
1944 1351 2022 1411 ait
2053 1366 2065 1408 :

419 1441 696 1504 Eatenus
709 1443 870 1500 enim
886 1437 966 1499 ad
974 1437 1295 1517 propriam
1311 1446 1558 1500 natura:
1571 1438 1927 1519 lumen,sive
1939 1458 2072 1502 con-

419 1529 804 1602 templationem
874 1526 1206 1584 scientianam
1262 1543 1559 1595 recurrens,
1618 1528 1833 1600 angelos
1891 1529 2071 1586 imita-

420 1629 544 1694 tur,
571 1621 674 1700 qui
697 1620 926 1700 seipsos
949 1626 1226 1681 noscunt.
1258 1620 1445 1681 Porro
1471 1619 1571 1700 qui
1601 1618 1861 1698 seipsum
1881 1621 2071 1683 oculis

419 1711 737 1773 affectione
760 1708 960 1770 vacuis
990 1708 1409 1783 considerarit,
1442 1709 1912 1790 profundissima
1931 1711 2066 1792 qui-

421 1801 560 1864 dem
589 1798 976 1878 ignorationis
1006 1798 1135 1859 loca
1169 1797 1432 1878 effugiet,
1455 1817 1571 1860 non
1607 1806 1806 1860 tamen
1841 1818 1947 1881 per
1977 1818 2065 1880 se,
2093 1793 2129 1842 Β

422 1891 527 1953 sed
547 1909 652 1970 per
673 1890 885 1951 ducem
908 1905 974 1949 ac
992 1895 1399 1968 susceptorem
1426 1888 1792 1950 desiderabit
1809 1891 2064 1952 divinam

421 1977 960 2063 participationem.
995 1977 1066 2039 Et
1096 1995 1202 2058 per
1231 1977 1562 2040 doctrinam
1599 1979 1839 2059 quidem
1871 1979 1944 2042 ad
1973 1981 2068 2041 sui

419 2069 716 2143 notitiam,
750 2066 990 2129 devenit
1024 2085 1128 2148 per
1163 2067 1549 2148 semetipsum
1598 2069 1670 2130 ad
1703 2072 1791 2130 sui
1840 2075 2066 2150 princi-

419 2161 583 2240 pium
611 2182 626 2232 ;
663 2176 771 2240 per
801 2158 913 2220 hoc
933 2167 1155 2232 autem,
1179 2156 1249 2218 ad
1286 2158 1341 2219 id
1369 2157 1526 2238 quod
1554 2157 1654 2220 illo
1679 2158 1842 2239 prius
1860 2167 1972 2236 est,
2009 2168 2068 2221 et

417 2268 527 2332 per
548 2249 690 2310 illud
715 2247 788 2310 ad
807 2253 1065 2328 primum
1099 2246 1446 2308 adducetur.
1485 2246 1622 2309 Hzec
1643 2249 1936 2326 significat
1963 2267 2066 2311 ac-

417 2337 684 2402 cedentis
701 2337 989 2408 modestia
1002 2337 1629 2419 reverentiaque,etad
1656 2347 2066 2420 susceptorem

416 2430 702 2506 accessio,
738 2427 834 2489 cui
887 2428 1090 2508 utique
1140 2428 1448 2489 character
1495 2428 1881 2510 imprimitur,
1930 2436 2065 2491 tan-

418 2538 596 2597 quam
628 2519 861 2598 signum
888 2519 1071 2598 partis
1102 2517 1468 2579 haereditatis
1499 2517 1558 2578 in
1581 2515 1842 2594 Christo,
1878 2528 1936 2581 et
1966 2519 2062 2580 in-

414 2608 666 2688 scriptio
700 2609 764 2669 fit
793 2606 863 2669 ad
901 2607 1114 2667 bonam
1146 2607 1493 2668 memoriam
1546 2609 1734 2689 ipsius
1768 2627 1836 2670 ac
1865 2626 2064 2672 susce-

418 2697 654 2780 ptoris;
719 2696 906 2778 ipsius
956 2695 1224 2777 quidem,
1259 2705 1540 2773 tanquam
1589 2699 1715 2759 veri
1773 2697 2067 2760 bonorum

422 2787 703 2849 amatoris
736 2807 753 2864 ;
799 2785 1162 2866 susceptoris
1192 2802 1328 2849 vero
1359 2794 1635 2866 tanquam
1675 2787 1941 2854 ductoris
1963 2789 2069 2850 mi-

414 2878 580 2940 nime
603 2874 880 2938 errantis.

498 2968 526 3047 §
559 2970 630 3034 V.
669 2965 898 3028 Deinde
921 2965 1064 3027 dicit
1093 2965 1168 3027 de
1198 2965 1449 3027 vestium
1483 2966 1885 3048 depositione.
1921 2971 2067 3033 Cum

416 3058 575 3120 enim
609 3071 726 3117 non
751 3055 928 3116 liceat
957 3054 1130 3115 alicui
1153 3073 1385 3117 summe
1417 3063 1851 3119 contrariorum
1893 3059 2069 3139 parti-

415 3148 609 3228 cipem
636 3145 949 3220 exsistere,
969 3143 1236 3206 sanitatis
1262 3163 1316 3208 ν.
1350 3163 1405 3223 g.
1435 3154 1496 3207 et
1516 3146 1730 3220 morbi,
1760 3156 1818 3209 et
1843 3122 2071 3229 peccati
2090 3122 2129 3172 Ο

415 3255 487 3298 ac
518 3234 747 3297 virtutis
772 3241 831 3296 et
864 3232 1210 3314 ignorantiae
1240 3235 1718 3317 cognitionisque
1747 3236 1878 3312 Dei,
1915 3239 2067 3301 divi-

413 3345 540 3390 sam
563 3325 740 3386 etiam
765 3341 1013 3386 necesse
1037 3324 1170 3384 184
1203 3323 1276 3384 sit
1303 3323 1526 3388 habere
1555 3327 1731 3388 vitam
1766 3330 1872 3408 qui
1896 3338 2061 3391 utra-

415 3434 531 3497 que
559 3414 962 3495 amplectitur,
983 3422 1414 3494 proptereaque
1436 3414 1690 3478 liberum
1717 3435 1852 3480 esse
1877 3435 2061 3500 Opor-

413 3513 532 3568 teat
563 3503 663 3586 qui
693 3504 764 3565 ad
799 3504 1043 3565 alteram
1073 3503 1252 3566 vitam
1305 3505 1677 3586 transfertur,
1712 3507 1940 3570 nullum
1973 3508 2061 3570 af-

407 3595 626 3658 fectum
651 3593 966 3656 retinendo
989 3592 1207 3674 prioris
1231 3594 1358 3655 vita;
1387 3616 1401 3676 ;
1435 3595 1659 3658 idcirco
1679 3597 1782 3678 qui
1808 3597 2061 3661 adduci-

409 3684 731 3766 tur,nudus
777 3682 1028 3746 sistitur.
1064 3683 1154 3746 Ad
1189 3683 1315 3747 haec
1347 3700 1514 3760 vero,
1549 3686 1830 3766 quoniam
1856 3688 1928 3749 ab
1955 3707 2061 3749 ex-

409 3774 618 3836 tremis
649 3771 1100 3854 minoribusque
1114 3773 1331 3854 prioris
1361 3775 1494 3836 vitae
1519 3777 1932 3840 affectionibus
1953 3777 2064 3840 ab—

411 3866 563 3930 solvi
589 3866 795 3946 debet,
813 3865 882 3926 ad
913 3875 1214 3928 extremos
1236 3885 1422 3948 usque
1447 3868 1629 3948 pedes
1654 3869 1830 3931 totius
1850 3889 2065 3949 corpo-

410 3959 497 4020 ris
527 3955 894 4019 indumentis
917 3957 1412 4036 exuitur;spectat
1442 3967 1641 4020 autem
1666 3959 1740 4020 ad
1774 3961 2066 4022 occiden-

412 4045 893 4120 tem,obscurum
917 4045 1082 4106 illum
1109 4045 1399 4120 locum,et
1421 4047 1860 4110 tenebricosam
1891 4050 2068 4112 mali-

409 4136 554 4199 tiam
572 4135 835 4215 expellit,
864 4135 1227 4215 insitumque
1257 4135 1373 4197 sibi
1397 4137 1777 4216 malignitatis
1799 4139 2066 4202 habitum

413 4225 590 4307 efllat,
615 4243 870 4306 eumque
891 4243 926 4286 a
956 4223 1136 4286 corde
1158 4243 1264 4286 suo
1292 4226 1479 4306 ejicit.
1513 4230 1710 4308 Atque
1743 4230 1854 4290 hoc
1887 4234 2066 4292 modo

410 4315 729 4379 universali
753 4314 1271 4376 abrenuntiatione
1285 4315 1436 4379 facta
1459 4316 1529 4378 ad
1548 4318 1840 4380 orientem
1864 4320 2065 4382 tradu-

413 4407 590 4488 citur,
618 4407 690 4466 ad
724 4404 882 4468 Solis
897 4405 1144 4486 justitiaa
1179 4415 1398 4488 ortum,
1428 4417 1486 4469 et
1515 4409 1750 4469 totalem
1774 4409 1846 4471 ad
1879 4428 2064 4472 unum

412 4494 868 4559 conversionem
903 4495 1215 4575 proﬁtetur
1249 4513 1262 4557 :
1299 4515 1433 4558 cum
1485 4508 1777 4577 praeterea
1809 4500 2065 4562 manife-

409 4594 569 4648 stum
595 4585 694 4656 sit,
719 4585 1013 4646 initiatum
1047 4585 1107 4645 in
1130 4587 1516 4648 contentione
1539 4595 1598 4648 et
1619 4606 1812 4668 agone
1838 4589 2065 4654 versari

403 4674 727 4755 debere,ut
745 4673 1284 4736 immutabilitatem
1301 4674 1588 4756 obtineat,
1605 4676 1854 4740 Declina
1873 4679 2058 4751 enim,

405 4763 616 4844 inqvit,
645 4781 682 4824 α
706 4763 888 4827 malo.
924 4771 981 4825 et
1001 4765 1104 4842 fac
1133 4763 1353 4826 bonum
1374 4766 1460 4825 κ’.
1497 4764 1568 4827 Ει
1589 4767 1804 4828 iterum
1837 4786 1850 4831 :
1884 4769 2062 4832 Beat-1'.

2151 540 2185 608 ἦ
2240 544 2560 624 ὑπερφρονεῖ
2622 549 2712 600 τοῦ
2760 541 2994 621 μετρίου,
3063 542 3150 598 καί
3212 541 3269 596 τὸ
3342 540 3603 598 ἀνοίκειον
3675 540 3808 596 ἐπισ-

2149 637 2328 700 ζητεῖ.

2236 817 2262 888 §
2292 813 2393 875 ιν.
2431 810 2621 891 Πάλιν,
2645 811 2760 868 ἐπεὶ
2792 811 3029 878 εὐταξίας
3058 813 3200 891 ἱερᾶς
3227 811 3375 891 ἀρχὴ
3407 813 3468 867 τὸ
3489 811 3643 868 Θεῖόν
3668 796 3813 891 EE,

2155 902 2271 961 καθ’
2332 904 2397 970 ἦν
2456 903 2544 959 καὶ
2596 903 2642 959 οἱ
2695 901 2914 980 ἄγγελοι
2972 901 3412 980 ἐπιγινώσκουσιν
3445 902 3688 977 ἑαυτοὺς,
3725 903 3817 958 καὶ

2156 998 2261 1074 οὔχ
2315 990 2688 1072 ὑπερπηδώσιν
2752 993 2999 1058 ἀτάκτως
3055 993 3186 1069 πρὸς
3243 990 3308 1047 τά
3357 990 3614 1071 ἀνοίκεια,
3655 997 3816 1071 πρῶ-

2159 1107 2249 1140 τον
2305 1081 2470 1160 δῶρον
2530 1087 2591 1138 ἒκ
2649 1084 2748 1150 τῆς
2803 1082 2943 1144 θείας
3008 1079 3372 1156 διδασκαλίας,
3426 1081 3614 1158 κρᾶταί
3643 1103 3726 1146 τις
3758 1083 3820 1136 τὸ

2154 1174 2441 1253 ἐπιγνῶναι
2473 1174 2684 1249 ἑαυτὸν,
2714 1172 2807 1229 ἵνα
2836 1173 2896 1229 τὸ
2931 1171 2984 1227 ἐν
3016 1176 3094 1244 τῷ
3147 1169 3294 1245 νόμῳ
3353 1169 3580 1250 φυλάξῃ,
3643 1170 3818 1250 Πρόσ-

2155 1286 2254 1344 εχε
2312 1271 2538 1338 σεαυτῷ,
2610 1265 2684 1325 ὡς
2751 1264 2835 1318 καὶ
2889 1264 2916 1318 ὁ
2961 1260 3140 1340 Μέγας
3173 1260 3273 1340 ἔφη
3309 1259 3608 1326 Βασίλειος³
3656 1259 3817 1337 Οὕτω

2155 1357 2255 1434 γὰρ
2323 1354 2455 1417 τέως
2522 1354 2654 1432 πρὸς
2725 1355 2786 1410 τὸ
2853 1353 3053 1410 οἰκεῖον
3123 1357 3221 1419 τῆς
3295 1351 3500 1430 φύσεως
3586 1353 3811 1430 ὁρατὸν,

2157 1444 2320 1524 ἤγουν
2391 1446 2656 1524 θεωρητὸν
2718 1443 2754 1512 ἢ
2826 1441 3135 1521 ἐπιστῆτὸν,
3198 1441 3532 1522 ἀνατρέχων,
3610 1457 3810 1524 μιμεῖ-

2156 1559 2241 1593 ται
2311 1533 2568 1614 ἅγγέλους
2640 1534 2762 1597 τοὺς
2851 1532 3212 1611 γινώσκοντας
3296 1530 3534 1594 ἑαυτούς.
3616 1523 3676 1590 Ὀ
3758 1531 3812 1587 δὲ

2155 1627 2340 1682 ἑαυτὸν
2412 1621 2804 1699 ἀπροσπαθέσιν
2878 1621 3002 1678 ἰδὼν
3075 1620 3398 1698 ὀφθαλμοῖς,
3455 1622 3811 1701 ἀποφοιτήσει

2154 1715 2251 1790 μὲν
2307 1720 2412 1770 τῶν
2456 1713 2751 1790 βεθυτάτων
2793 1712 2968 1768 τόπων
3018 1715 3118 1778 τῆς
3174 1710 3459 1791 ἀγνωσίας,
3494 1715 3588 1770 οὔκ
3649 1712 3812 1770 αὒτό-

2151 1809 2236 1862 θεν
2294 1803 2372 1877 δὲ,
2433 1803 2568 1859 ἀλλά
2620 1801 2686 1858 δι’
2745 1800 2940 1880 ὁδηγοῦ
2995 1814 3094 1858 καῖ
3142 1798 3432 1881 ἀναδόχου,
3493 1801 3811 1876 ἐπιθυμήσει

2151 1896 2249 1964 τῆς
2310 1896 2448 1957 θείας
2508 1891 2786 1968 μεθέξεως.
2847 1893 2942 1949 Καὶ
3001 1891 3085 1947 διὰ
3143 1890 3241 1966 μὲν
3298 1895 3396 1958 τῆς
3462 1888 3809 1953 διδασκαλίας

2151 1984 2237 2040 ἐπὶ
2289 1988 2350 2040 τὸ
2407 1987 2610 2061 γνῶναι
2656 1981 2840 2038 ἑαυτὸν
2895 1979 3158 2058 βαδιεῖται
3209 1978 3277 2035 δι’
3337 1981 3525 2037 ἑαυτου
3582 1980 3673 2037 ἐπὶ
3724 1982 3813 2037 τὸν

2151 2075 2306 2132 αὑτοῦ
2364 2075 2594 2152 πριῦτονο
2627 2071 2710 2128 διὰ
2764 2069 2818 2128 δ⁰ε
2872 2073 3061 2129 τούτου
3120 2072 3205 2128 ἐπὶ
3255 2072 3343 2126 τὸν
3385 2069 3460 2127 ἔτι
3520 2070 3810 2151 πρότερον·

2151 2167 2236 2221 καὶ
2313 2163 2380 2220 δι’
2448 2163 2647 2221 ἐκείνου
2716 2161 2802 2220 ἐπὶ
2876 2164 2965 2219 τὸν
3042 2161 3334 2241 πρώτιστον
3410 2161 3808 2240 ἀναχθήσεται.

2155 2261 2326 2313 Ταῦτα
2377 2252 2538 2321 δηλοῖ
2567 2255 2601 2322 ἡ
2645 2259 2738 2310 τοῦ
2792 2251 3103 2330 προσιόντος
3134 2251 3544 2329 ἒπιγνιυμοσύνη
3591 2251 3684 2308 καί
3719 2253 3808 2309 εὖ·

2151 2343 2365 2420 λάϐεια,
2398 2347 2486 2402 καὶ
2541 2347 2576 2414 ἡ
2609 2345 2738 2422 πρὸς
2774 2344 2865 2398 τὸν
2923 2341 3188 2422 ἀνάδοχον
3245 2339 3527 2419 πρόσοδος,
3561 2344 3607 2415 ᾧ
3662 2339 3732 2409 δὴ
3782 2344 3816 2410 ἡ

2152 2436 2372 2515 σφραγὶς
2415 2432 2633 2508 δίδοται,
2669 2435 2740 2498 ὡς
2797 2435 3028 2506 σῆμεῖοδ
3059 2437 3152 2487 τοῦ
3208 2428 3406 2507 κλήρου
3436 2432 3533 2497 τῆς
3568 2428 3622 2484 ἐν
3680 2436 3819 2509 Χριο

2151 2527 2261 2598 στῴ
2316 2523 2545 2603 μερίδος,
2592 2524 2681 2580 καὶ
2727 2525 2762 2590 ἡ
2817 2521 3102 2599 ἀπογραφά
3146 2521 3508 2595 οἰκονομεῖται
3553 2521 3628 2583 εἰς
3665 2542 3817 2594 μνη-

2153 2614 2378 2690 μόσυνον
2436 2613 2647 2690 ἀγαθῶν
2714 2613 2874 2667 αὐτοῦ
2921 2631 2977 2666 τε
3033 2610 3120 2666 καὶ
3171 2616 3262 2664 τοῦ
3306 2607 3598 2688 ἀναδόχου·
3657 2608 3793 2664 αὒτο

2153 2703 2272 2780 μὲν,
2317 2705 2389 2767 ὡς
2422 2702 2674 2770 ἀληθινοῦ
2715 2702 2820 2758 τῶν
2850 2699 3028 2757 καλῶν
3078 2698 3325 2777 ἐραστοὺ’
3360 2703 3452 2755 τοῦ
3498 2697 3551 2754 δὲ
3615 2697 3814 2754 ἀναδό-

2153 2814 2281 2871 χου,
2313 2793 2386 2854 ὡς
2417 2790 2683 2856 ἀπλανοῦς
2715 2789 2934 2868 ὁδηγοῦ.

2234 2969 2354 3049 §V.
2387 2970 2656 3028 Ἐντεῦθεν
2689 2968 2834 3048 λέγει
2869 2969 3103 3046 περὶτῆς
3134 2965 3500 3030 ἀπεκδύσεως.
3539 2964 3694 3024 Ἐπεὶ
3716 2967 3808 3046 γαρ

2155 3065 2250 3121 οὐκ
2294 3060 2404 3117 ἔστι
2435 3073 2738 3140 μετασχεῖν
2779 3081 2898 3116 τινα
2928 3064 3036 3114 τῶν
3092 3055 3266 3133 ἄκρως
3323 3057 3603 3137 ἐκαντίων,
3635 3058 3813 3136 ὑγείας

2155 3150 2403 3219 δηλονότι
2459 3151 2548 3208 καὶ
2604 3152 2780 3230 νόσου,
2839 3149 2927 3206 καὶ
2972 3148 3232 3227 ἀμαρτίας
3295 3148 3383 3204 καὶ
3441 3146 3664 3224 ἀρετῆς,
3731 3148 3817 3202 καὶ

2153 3241 2370 3321 ἀγνοίας
2423 3242 2509 3297 καὶ
2539 3240 2886 3318 θεογνωσίας,
2921 3237 3182 3316 ἐπείτοιγε
3237 3237 3325 3293 κῃὶ
3371 3237 3628 3316 μεριστὴν
3670 3257 3814 3311 συμ-

2151 3327 2372 3400 ϐήσεται
2433 3328 2582 3409 ἔχειν
2615 3329 2712 3397 τῆν
2768 3329 2912 3400 ζωὴν
2955 3329 3046 3384 τὸν
3077 3329 3164 3384 καὶ
3215 3326 3529 3404 ἀμφοτέρων
3571 3325 3814 3406 ἀντεχό-

2151 3441 2333 3501 μενον,
2380 3421 2466 3475 κάὶ
2496 3418 2580 3476 διὰ
2620 3425 2780 3476 τοῦτα
2814 3420 3049 3498 ἀσχετον
3100 3417 3241 3474 εἶναι
3275 3414 3360 3472 δεῖ
3405 3419 3495 3472 τὸν
3525 3417 3658 3495 πρὸς
3687 3415 3816 3476 δευ-

2147 3511 2300 3583 τέραν
2360 3510 2504 3581 ζωὴν
2562 3508 2990 3588 μετατιθέμενον,
3039 3505 3304 3583 μηδεμίαν
3359 3506 3553 3586 σχέσιν
3613 3504 3815 3586 ἔχοντα

2149 3603 2276 3680 πρὸς
2336 3601 2436 3667 τὴν
2471 3599 2750 3680 προτέραν
2806 3598 2972 3675 ζωὴν,
3025 3599 3225 3676 γυμνὸς
3301 3599 3328 3653 ὁ
3401 3597 3812 3674 προσαγόμενος

2148 3691 2390 3754 ἵσταται,
2439 3679 2571 3747 "Eri
2630 3687 2707 3760 δὲ,
2743 3689 2856 3745 ἐπεὶ
2889 3690 2978 3746 καὶ
3011 3687 3174 3767 μέχρι
3232 3692 3339 3743 τῶν
3372 3687 3502 3764 πρὸς
3539 3686 3641 3753 τὴν
3672 3709 3813 3766 προ-

2150 3780 2306 3860 τέραν
2348 3779 2490 3850 ζωὴν
2535 3780 2784 3859 ἒσχάτων
2845 3781 2932 3835 καὶ
2990 3776 3300 3856 μικροτέρον
3353 3775 3597 3856 σχέσεων
3656 3777 3813 3857 ὀφεί-

2151 3868 2231 3926 λει
2289 3867 2636 3948 ἀπολύεσθαι,
2682 3869 2769 3926 καὶ
2813 3868 2878 3924 τὰ
2907 3869 2980 3933 εἰς
3030 3868 3150 3932 τοὺς
3178 3864 3340 3927 πόδας
3391 3866 3512 3931 τοὺς
3541 3867 3814 3946 ἰεσχάτους

2152 3958 2278 4015 ὅλόυ
2307 3965 2400 4015 τοῦ
2443 3957 2690 4033 σώματος
2736 3958 3019 4037 φορήματα
3068 3954 3377 4013 ὑπολόεται⁵
3413 3954 3584 4034 ἀφορᾷ
3616 3954 3672 4011 δὲ
3729 3957 3816 4013 καὶ

2152 4050 2281 4124 πρὸς
2325 4046 2579 4128 δυσμαῖς,
2614 4054 2690 4124 τῷ
2719 4046 2965 4124 ἀλαμπεῖ
3009 4048 3184 4126 τόπῳ,
3216 4046 3304 4102 καὶ
3354 4045 3656 4102 ἀπωθεῖται
3713 4046 3813 4114 τὴν

2154 4137 2378 4214 ἀλαμπῆ
2459 4138 2672 4218 κακίαν,
2744 4138 2832 4194 καὶ
2889 4136 2950 4193 ἐκ
2998 4143 3092 4194 τοῦ
3149 4136 3391 4216 ἐμφυσᾷν
3465 4136 3561 4203 τῆς
3622 4135 3813 4200 κακίας

2150 4229 2249 4297 τὴν
2306 4226 2410 4294 ἕξιν
2440 4226 2672 4303 ἐκπνέει,
2703 4229 2792 4284 καὶ
2835 4227 2940 4284 ἀπὸ
2973 4229 3071 4293 τῆς
3125 4226 3313 4282 ἑαυτοῦ
3345 4223 3558 4305 καρδίας
3610 4223 3813 4282 ἐκϐάλ-

2151 4315 2256 4378 λει.
2316 4318 2412 4375 Καὶ
2469 4315 2636 4380 οὕτως
2687 4315 2882 4380 ὁλικῶς
2933 4317 3032 4383 τὴν
3083 4314 3360 4394 ἀποταγὴν
3420 4315 3807 4390 ποιήσαμενος,

2152 4408 2283 4487 πρὸς
2340 4405 2412 4462 ἕω
2467 4406 2778 4487 μέτάγεντι,
2831 4408 2932 4474 τὴν
2989 4403 3256 4472 ἀνατολὴν
3309 4409 3402 4460 τοῦ
3443 4408 3545 4471 τῆς
3605 4404 3810 4463 δικαιο-

2150 4497 2310 4564 σύνης
2363 4487 2569 4577 Ἠλὶου,
2600 4497 2687 4553 καὶ
2732 4497 2833 4563 τὴν
2891 4498 3022 4573 πρὸς
3081 4496 3142 4551 τὸ
3194 4495 3250 4550 ἓν
3301 4492 3492 4561 ὁλικὴν
3537 4493 3808 4554 σύννευσιν

2150 4584 2430 4665 ὁμολογεῖ⁶
2485 4586 2644 4646 πάλιν
2689 4585 2802 4642 ἐπεὶ
2832 4583 2993 4652 δῆλόν
3041 4583 3208 4657 ἐστιν,
3243 4585 3316 4648 ὡς
3347 4583 3402 4640 ἐν
3442 4584 3692 4657 συντονὲᾳ
3725 4585 3807 4642 καὶ

2147 4675 2312 4754 ἀγώνι
2361 4674 2445 4733 δεῖ
2473 4676 2616 4732 εἶναι
2665 4677 2757 4732 τὸν
2801 4673 3142 4754 τελούμενον,
3175 4673 3268 4731 ἵνα
3325 4675 3386 4731 τὸ
3437 4672 3807 4731 ἀναλλοίωτον

2148 4765 2276 4846 ἔχῃ.
2333 4764 2627 4826 ’Ἕκκλινον
2675 4766 2775 4845 γὰρ
2827 4766 2933 4822 ἀπὸ
2991 4771 3180 4842 κακοῦ,
3246 4765 3397 4843 φησὶ,
3428 4765 3516 4820 καὶ
3571 4765 3806 4832 ποίησον

405 4855 792 4916 immaculati
842 4855 909 4914 in
937 4855 1039 4914 via
1070 4855 1177 4931 qui
1200 4853 1515 4917 ambulant
1537 4868 1593 4916 ν.
1630 4858 1862 4918 Bonum
1897 4859 2060 4921 enim

2155 4856 2366 4934 ἀγαθόν·
2447 4857 2532 4912 καὶ
2588 4857 2772 4913 πάλινο
2847 4855 3108 4929 Μακάριοι
3169 4855 3214 4910 οἱ
3287 4852 3506 4930 ἄμωμοι
3558 4853 3614 4910 ἐν
3675 4853 3803 4936 ὁδῷ,

405 4952 568 5006 stare
618 4941 832 5020 nescit,
867 4960 1060 5022 neque
1117 4942 1288 5006 facile
1339 4953 1430 5007 est
1471 4944 1734 5008 divinum
1790 4966 2059 5013 amorem

2155 4947 2194 5002 οἱ
2252 4946 2622 5026 πορευόμενον
2679 4943 2794 5002 οὐδὲ
2853 4947 2953 5025 γὰρ
3006 4945 3190 5002 στάσιν
3251 4941 3367 5000 οἶδε
3437 4945 3500 5000 τὸ
3577 4944 3804 5026 ἀγαθὸν,

405 5032 719 5096 cohibere.

2155 5027 2260 5094 οὔδ’
2303 5035 2485 5115 εὐαγές
2515 5057 2645 5093 ποτε
2689 5033 2844 5103 λῆξαι
2875 5037 2967 5092 τὸν
2995 5038 3140 5092 θεῖον
3171 5033 3362 5113 ἔρωτα.

486 5121 635 5204 ενι.
676 5121 821 5185 Vide
844 5121 1145 5200 quomodo
1176 5122 1292 5185 olei
1317 5123 1662 5188 inunctione
1684 5125 1949 5190 initiatus
1980 5128 2051 5190 ad

2218 5123 2380 5206 §VL
2439 5116 2583 5204 "Ope:
2614 5131 2729 5193 πῶς
2774 5124 2858 5183 διὰ
2887 5131 2986 5193 τῆς
3050 5127 3142 5182 τοῦ
3170 5123 3346 5182 ἐλαίου
3391 5124 3627 5204 χρίσεως
3673 5125 3806 5204 πρὸς

402 5211 734 5278 certamina
753 5212 1107 5293 adducatur,
1133 5213 1242 5276 sub
1272 5213 1506 5278 Christo
1538 5217 1880 5280 munerario
1913 5237 2054 5280 con-

2155 5219 2350 5296 ἱγῶνας
2410 5214 2596 5295 ἀγεται
2656 5219 2685 5274 ὁ
2731 5214 3075 5292 τελούμενος,
3109 5211 3226 5272 καθ’
3278 5216 3364 5277 οὒς
3395 5213 3484 5271 ὑπ’
3541 5213 3802 5293 ἀθλὸθέτῃ

405 5302 666 5380 stitutus,
698 5303 1069 5368 Constructio
1100 5301 1224 5365 haac
1254 5312 1343 5366 est
1364 5321 1473 5385 per
1495 5305 1888 5388 hyperbaton,
1923 5326 2056 5371 cer-

2155 5314 2350 5388 Κριστῷ
2396 5307 2707 5386 γενόμενος.
2754 5305 2941 5371 Σύνθες
2991 5306 3052 5362 τὸ
3095 5305 3258 5385 ῥητὸν
3312 5302 3431 5361 καθ’
3476 5303 3797 5384 δπερϐατόν’

402 5394 649 5474 tamina,
675 5392 941 5475 quidem,
984 5399 1186 5474 utpote
1208 5393 1427 5468 divina,
1459 5395 1625 5457 laetus
1647 5397 2028 5475 aggredietnr

2155 5411 2254 5464 τοῖς
2289 5398 2388 5475 μὲν
2445 5397 2669 5476 ἀγῶσιν,
2703 5399 2775 5461 ὡς
2819 5397 3002 5472 θείοις,
3037 5395 3245 5476 χαίρων
3288 5390 3630 5464 ἐπιϐήσεται.
3700 5396 3799 5452 Διά

399 5482 762 5548 Intermedie
807 5490 1030 5566 autem,
1065 5502 1200 5546 cum
1235 5484 1640 5547 munerarium
1670 5487 2056 5568 appellaverit

2155 5490 2302 5550 ιέσου
2358 5486 2438 5567 δὲ,
2473 5487 2585 5548 ἐπεὶ
2646 5486 2936 5557 actast-cm
2995 5486 3215 5544 ἐκάλεσε
3273 5486 3363 5543 τὸν
3403 5484 3590 5564 Κύριον
3645 5487 3800 5565 ἡμῶν

483 5692 507 5727 κ
535 5679 558 5746 Ι
589 5680 748 5748 Tim.
781 5697 862 5750 ιν.
895 5682 992 5748 16.
1077 5683 1122 5725 λ’
1154 5684 1177 5748 l
1207 5675 1373 5749 Petr.
1406 5699 1492 5760 IlI,
1533 5687 1624 5748 fl.
1714 5698 1740 5747 1
1772 5689 1927 5754 Psal.
1967 5705 2177 5772 cxvm,
2213 5692 2263 5759 Ι.
