4042 6438
249 368 355 452 4ρί
425 361 433 368 ’
724 380 822 452 DE
869 372 1170 452 ECCLES.
1222 376 1671 467 HIERARCH,
1720 386 1885 449 CAP.
1935 376 2014 448 II.
2082 420 2160 431 -
2206 387 2590 451 PARAPHR.
2650 376 3165 452 PACHYMER/E.
3516 372 3634 456 42?

243 524 454 591 Ἰησοῦν
487 524 712 603 Χριστὸν
756 523 843 579 καὶ
887 524 1044 604 Θεὸν,
1073 519 1253 595 δηλοῖ,
1290 528 1404 586 πῶς
1438 522 1533 598 μὲν
1585 521 1890 594 ἀθλοθέτης,

1996 520 2301 586 Dominum
2339 532 2602 584 nostrum
2638 524 2836 587 Jesum
2865 527 3165 588 Christum
3190 545 3259 587 ac
3289 526 3501 607 Deum,
3541 529 3638 591 de-

243 620 362 675 πῶς
421 612 477 670 δὲ
510 612 831 693 νομοθέτης,
865 618 981 677 πῶς
1029 610 1352 692 στεφοδότης
1387 610 1564 669 καλῶν
1622 613 1707 669 καὶ
1736 613 1900 682 ἀθαρ-

1996 613 2170 673 clarat
2195 616 2491 694 quomodo
2512 616 3218 695 numerarius,quomodo
3236 617 3467 699 legifer,
3493 638 3637 698 quo-

241 726 353 760 των
400 705 695 783 στεφάνων,
731 710 845 767 πῶς
878 700 931 758 δὲ
979 707 1065 759 καὶ
1112 704 1531 781 σδναγωνιστης,
1568 704 1723 759 οἱονεὶ
1755 701 1901 757 ἀλεί-

1996 703 2165 762 modo
2201 704 2587 783 pulchrarum
2620 712 2679 766 et
2712 706 3141 767 immortalium
3177 724 3537 769 coronarum
3562 710 3638 771 sit

244 817 393 861 πτης
423 794 587 856 ἐστίν,
646 792 706 851 Ὀ
748 794 921 849 τοίνυν
971 792 1180 860 Ἰησους
1239 795 1485 872 Χριστὸς,
1528 794 1599 855 ὡς
1646 792 1741 867 μὲν
1773 794 1901 856 Θεὸς

243 884 356 962 (καὶ
414 882 715 959 σημείωσαι
776 886 837 939 τὸ
904 883 1064 960 ῥητὸν
1128 883 1265 939 κατὰ
1334 885 1731 961 νεστοριανῶν,)
1800 880 1900 948 δη-

242 987 503 1053 μιουργεῖ
548 973 647 1041 τὴν
702 971 1028 1051 ἆθλοθεσίαν,
1082 976 1104 1030 5
1173 974 1272 1051 γὰρ
1324 972 1604 1053 ὑπερέχων
1663 974 1748 1028 καὶ
1807 970 1900 1026 δυ-

240 1065 500 1140 νέμειος,
564 1062 860 1120 ἆθλοθετεῖ·
922 1065 995 1126 ὡς
1067 1062 1122 1119 δὲ
1181 1065 1342 1144 σοφὸς
1388 1066 1686 1138 νομοθετεῖ,
1739 1069 1903 1141 σοφοῦ

233 1155 338 1232 γὰρ
407 1156 435 1222 ᾗ
498 1155 802 1235 νομοθεσία,
862 1153 990 1234 ὅπερ
1049 1154 1186 1211 ἐστὶν
1249 1156 1293 1210 εί
1351 1153 1489 1210 οὕτω
1533 1155 1699 1235 τυχὸν
1746 1175 1901 1231 περι-

234 1245 531 1323 γενήσεται
585 1246 613 1300 6
668 1244 1084 1322 ἀγωνιζόμενος,
1150 1243 1289 1302 οὕτω
1348 1244 1581 1309 τεύξεται
1627 1251 1717 1301 τοῦ
1774 1264 1901 1300 στε-

234 1334 432 1412 φάνου,
467 1335 515 1391 εἰ
569 1334 647 1410 μὴ
678 1334 833 1408 οὕτω,
872 1336 930 1390 τὸ
983 1332 1237 1411 βραϐεῖον
1298 1334 1357 1391 οὐ
1387 1333 1643 1409 λήψεται·
1679 1336 1751 1399 ὡς
1797 1355 1901 1389 κα-

236 1422 334 1488 λὸς
380 1422 637 1481 καλλύνει
693 1424 759 1480 τὰ
803 1423 1030 1481 ἔπαθλα“
1080 1414 1161 1480 ιΑ
1219 1424 1318 1502 γὰρ
1361 1425 1652 1499 ἡτοίμασεν
1699 1425 1725 1479 6
1772 1423 1902 1483 Θεὸς

236 1526 360 1579 τοῖς
422 1514 707 1593 ἀγαπῶσιν
784 1516 965 1590 αὐτὸν,
1041 1512 1157 1570 οὔτε
1227 1512 1498 1592 ὀφθαλμὸς
1553 1512 1721 1592 εἶδεν,
1784 1510 1903 1568 οὕτε

237 1605 331 1669 οὖς
407 1604 661 1683 ἤκουσεν,
739 1603 855 1661 οὔτε
928 1604 1013 1661 ἐπὶ
1082 1602 1295 1680 καρδίαν
1367 1604 1640 1675 ἀνθρώπου
1715 1600 1900 1669 ἇνὲϐη⁶

238 1696 315 1760 ὡς
379 1693 438 1750 δὲ
483 1694 678 1771 ἀγαθὸς
737 1694 929 1771 βοηθεῖ
978 1696 1066 1752 καὶ
1121 1695 1549 1773 συναγωνίζεται,
1599 1694 1754 1756 αὒτὸς
1808 1693 1907 1772 γάρ

236 1784 388 1842 ἐστιν
452 1786 481 1840 6
539 1782 734 1859 λέγων·
813 1792 1098 1863 Θαρσεῖτε,
1154 1786 1264 1861 εγὼ
1338 1785 1583 1850 νενίκηκα
1659 1786 1750 1839 τὸν
1808 1784 1907 1839 κόν

1988 791 2290 870 elargitor,
2326 794 2622 872 quomodo
2656 795 2833 855 etiam
2867 796 3192 857 commilito
3247 796 3323 857 sit
3354 806 3413 859 et
3457 799 3636 860 veluti

1985 879 2684 963 inunctor..|esusitaque
2706 885 2994 965 Christus,
3018 894 3297 965 tanquam
3322 886 3475 949 Deus
3498 894 3635 969 qui-

1986 972 2121 1033 dem
2172 971 2355 1051 (quod
2407 972 2657 1035 observa
2706 975 2928 1035 dictum
2964 986 3169 1037 contra
3222 978 3632 1060 Nestorianos)

1987 1062 2365 1143 praemiorum
2400 1063 2869 1144 propositionem
2905 1066 3180 1127 instituit:
3209 1065 3313 1143 qui
3344 1068 3502 1130 enim
3532 1086 3638 1131 su—

1986 1152 2320 1233 pereminet
2352 1163 2409 1214 et
2431 1165 2642 1233 potens
2667 1163 2780 1234 est,
2806 1154 2855 1214 is
2890 1155 3131 1235 praemia
3152 1157 3468 1236 praponit:
3503 1166 3638 1221 tan-s

1986 1260 2161 1324 quam
2194 1242 2434 1324 sapiens
2467 1261 2605 1305 vero
2637 1244 2805 1323 leges
2837 1245 2949 1306 fert
2983 1265 2999 1321 ;
3033 1245 3322 1324 sapientis
3353 1247 3514 1310 enim
3549 1260 3638 1310 est

1988 1331 2150 1409 leges
2175 1332 2429 1409 ferre,ut
2454 1340 2503 1395 si
2534 1353 2587 1395 v.
2616 1354 2677 1412 g:
2717 1335 2828 1395 hoc
2854 1335 3031 1396 modo
3064 1336 3303 1398 vincere
3326 1337 3642 1417 contigerit

1989 1431 2341 1504 certantem,
2368 1424 2448 1484 ita
2482 1442 2723 1502 quoque
2766 1442 3054 1487 coronam
3088 1436 3511 1508 consequatur,
3546 1429 3641 1490 sin

1990 1530 2183 1593 secus,
2221 1511 2491 1574 bravium
2515 1533 2751 1595 quoque
2781 1534 2899 1576 non
2924 1514 3325 1595 adipiscatur:
3355 1524 3638 1599 tanquam

1992 1602 2241 1683 pulcher
2289 1613 2487 1665 autem
2523 1605 2767 1684 pulchra
2819 1606 3060 1685 praemia
3090 1608 3415 1685 proponit:
3450 1626 3641 1689 neque

1991 1695 2149 1754 enim
2182 1692 2390 1755 oculus
2411 1696 2589 1771 vidit,
2614 1713 2809 1775 neque
2831 1697 2997 1756 auria
3021 1697 3281 1771 audivit,
3308 1716 3413 1759 nec
3444 1704 3508 1759 in
3537 1716 3645 1761 cor

1992 1780 2222 1839 hominis
2279 1783 2514 1839 ascendit
2561 1800 2681 1854 quae
2714 1786 3050 1856 preparavit
3082 1786 3248 1853 Deus,
3290 1786 3643 1859 diligentibus

235 1896 406 1950 σμον,
461 1873 713 1931 ’Ἂνωθεν
778 1876 897 1952 γοῦν
950 1875 1159 1953 ῥητέον,
1198 1874 1312 1930 καθ’
1367 1877 1477 1947 οὓς,
1511 1873 1599 1930 ὑπ’
1654 1872 1907 1949 ἆθλοθέτῃ

1996 1885 2133 1935 sel:
2180 1881 2456 1954 tanquam
2492 1872 2681 1935 bonus
2712 1892 2854 1936 vero
2885 1875 2999 1937 fert
3022 1876 3302 1938 auxilium
3336 1885 3394 1939 et
3422 1898 3644 1959 suppes

239 1971 467 2040 Χριστῳ
518 1963 858 2041 γιγνόμενος,
904 1962 1222 2022 ἀποδύσεται
1269 1965 1400 2042 πρὸς
1442 1964 1607 2027 θείους
1670 1964 1905 2041 ἀγῶνας,

234 2056 344 2110 ὑπὸ
405 2054 671 2131 νομοθέτῃ
727 2054 954 2130 ἒμμενεῖ
1012 2069 1136 2120 ταῖς
1192 2061 1282 2111 τοῦ
1327 2054 1490 2133 copo;
1546 2054 1905 2132 νομοθεσίαις,

236 2146 345 2201 ὑπὸ
392 2143 550 2218 καλῷ
607 2145 833 2221 βεβαίως
887 2143 988 2211 ἕξει
1046 2144 1130 2202 διὰ
1174 2148 1239 2203 τὰ
1284 2144 1422 2201 καλὰ
1454 2143 1678 2223 ἔπαθλα,
1708 2146 1810 2200 ὑπὸ
1854 2141 1907 2198 δὲ

234 2238 429 2313 αγαθῷ
500 2235 860 2311 βοηθούμενος
922 2239 1026 2315 οὐχ
1080 2237 1462 2305 ἡττηθήσεται,
1529 2232 1748 2298 Ἐπιϐας
1809 2234 1908 2311 γὰρ

234 2337 363 2387 τοῖς
410 2324 595 2403 ἴχνεσι
640 2332 736 2381 τοῦ
765 2326 975 2404 πρώτου
1004 2332 1111 2381 τῶν
1154 2325 1399 2393 ἀθλητῶν
1446 2321 1622 2391 Ἰησοῦ
1680 2329 1910 2402 Χριστοῦ

236 2422 339 2471 τοῦ
386 2411 585 2491 Κυρίου
618 2416 799 2495 ἡμῶν,
839 2415 896 2478 ὃς
926 2413 1010 2471 διὰ
1057 2414 1227 2491 μόνην
1258 2415 1561 2492 ὰγαθότητα
1590 2411 1721 2469 ἰδία)
1778 2415 1909 2491 πρὸς

234 2506 301 2559 τὸ
374 2510 472 2560 τοῦ
546 2504 773 2560 θανάτου
845 2503 1148 2582 ἠγωνίσατο
1228 2502 1441 2583 κράτος,
1505 2504 1596 2567 τὰς
1674 2502 1909 2565 ἐναντίας

241 2594 394 2668 αὖτῴ
454 2595 587 2673 πρὸς
617 2595 717 2661 τὴν
768 2594 955 2651 θέωσιν
1000 2594 1363 2658 ἆποστατικὰς
1418 2595 1681 2673 ἐνεργείας
1726 2614 1783 2648 τε
1826 2603 1913 2648 καὶ

238 2682 496 2763 ὑπάρξεις
573 2683 1001 2759 καταπαλαίσας,
1063 2686 1455 2753 συναπονήσκει
1540 2690 1750 2761 Χριστῷ
1830 2681 1915 2738 διὰ

241 2779 349 2841 τῆς
410 2778 629 2853 τριττῆς
661 2772 1016 2852 καταδύσεως,
1052 2776 1215 2832 τύπον
1262 2775 1493 2854 ἐχούσης
1538 2773 1634 2841 τῆς
1683 2770 1912 2851 τριημέ-

245 2887 344 2942 ρου
416 2864 593 2945 ταφῆς
665 2870 758 2922 του
832 2866 1048 2945 Κυρίου,
1096 2866 1397 2945 Ἐνεργείας
1473 2862 1527 2919 δὲ
1599 2863 1746 2941 λέγει
1820 2860 1913 2927 τοὶς

248 2955 515 3033 ἁμαρτίας
576 2955 666 3011 καί
708 2956 802 3020 τὰς
863 2955 1122 3031 ἐμπαθεῖς
1183 2954 1483 3030 ἐπιθυμίας,
1530 2953 1773 3022 ὑπάρξεις
1832 2950 1907 3027 δὲ,

253 3046 349 3108 τὰς
411 3045 615 3101 τούτων
692 3045 1036 3124 ἐνεργητικᾶς
1100 3051 1203 3103 τῶν
1275 3043 1539 3120 δαιμόνων
1599 3043 1801 3123 φύσειςο
1862 3043 1916 3098 ai

264 3136 361 3213 γέιρ
429 3137 666 3215 πονηραὶ
738 3135 951 3214 πράξεις
1031 3135 1125 3193 οὒκ
1195 3134 1247 3193 ἐν
1323 3134 1424 3208 ἰδίᾳ
1493 3133 1705 3214 ὑπάρξει
1783 3136 1914 3190 θεωο

248 3247 487 3304 ροννται.

328 3492 528 3575 ξνΙΙ.
595 3498 692 3556 Καί
724 3519 812 3571 μοι
874 3497 976 3553 νόει
1032 3496 1213 3554 ἐκεῖνα
1270 3498 1335 3553 τά
1363 3496 1475 3574 ἱερὰ
1531 3495 1663 3562 ὅσην
1708 3492 1906 3551 οἰκειό-

241 3609 388 3653 τητα
448 3588 578 3661 πρὸς
604 3590 768 3643 ταῦτα
827 3586 891 3643 τὰ
946 3585 1186 3663 σύμϐολα
1245 3588 1489 3667 ἔχουσιν.
1554 3583 1773 3651 Ἐπειδὴ
1809 3584 1907 3662 γὰρ

242 3678 273 3733 ὁ
323 3674 457 3756 παρ’
490 3678 627 3751 ἡμῖν
682 3677 908 3739 θάνατος
968 3679 1062 3735 οὐκ
1107 3676 1248 3734 ἔστι)
1301 3675 1585 3755 ἀνυπαρξία
1642 3673 1908 3741 παντελὴς

240 3768 391 3822 κατᾶ
453 3768 517 3822 τὸ
547 3765 698 3833 δόξαν
751 3766 971 3847 ἑτέροις,
1013 3767 1211 3832 οἵτινες
1255 3769 1343 3824 καὶ
1401 3766 1496 3833 τὴν
1529 3766 1709 3845 ψυχὴν
1766 3764 1907 3821 εἶναι

238 3857 449 3923 θνητήν
484 3854 693 3937 ἔλεγον,
730 3859 818 3913 καὶ
873 3858 943 3923 εἷς
972 3859 1033 3914 τὸ
1092 3856 1317 3933 μηδαμῇ
1347 3855 1610 3933 μηδαμῶς
1644 3856 1786 3911 εἶναι
1817 3856 1908 3911 τὸν

239 3945 527 4025 ἄνθρωπον
603 3948 928 4027 φθείρεσθαι,
1017 3946 1140 4005 ἀλλ’
1211 3947 1321 4003 ’ἐστι
1396 3946 1651 4025 διάκρισις
1722 3950 1907 4025 ψυχῆς

242 4037 357 4094 ἀπὸ
423 4038 697 4113 σώματος,
744 4038 844 4105 τὴν
875 4038 984 4113 μὴν
1044 4038 1227 4118 ψυχὴν
1261 4039 1333 4100 εἷς
1365 4039 1424 4093 τὸ
1457 4037 1650 4117 ἀφανὲς
1684 4035 1906 4114 ἄγουσα,

244 4128 424 4205 (κατὰ
454 4127 610 4185 τοῦτο
645 4129 744 4207 γὰρ
776 4129 861 4183 καὶ
903 4126 1034 4200 ᾅδης
1066 4128 1305 4208 λέγεται,
1339 4127 1483 4185 τοῦτ’
1516 4127 1685 4206 ἔστιν,
1718 4129 1744 4183 6
1766 4126 1912 4205 ἀφα-

245 4218 350 4286 νὴς
398 4218 678 4298 χωρισμὸς
709 4222 895 4297 ψοχῆς
927 4218 1031 4274 ἀπὸ
1064 4218 1366 4295 σώματος,)
1398 4220 1456 4274 τὸ
1487 4223 1642 4291 σῶμα
1672 4214 1727 4272 δὲ
1775 4216 1809 4284 ἢ
1841 4216 1912 4279 εἰς

248 4314 361 4386 γῆν
423 4307 879 4387 παραμέμπουσα,
914 4310 949 4376 ἢ
1003 4310 1089 4365 καὶ
1117 4308 1234 4365 καθ’
1268 4309 1451 4385 ἑτέραν
1483 4308 1599 4364 τινὰ
1644 4312 1750 4363 τῶν
1800 4327 1915 4361 σω-

248 4405 504 4474 ματικῶν
544 4396 885 4455 ἀλλοιώσεων
922 4400 1265 4479 ἀφανίζουσα.
1317 4396 1667 4459 Ἀλλοιώσεις
1723 4394 1776 4451 δὲ
1810 4395 1915 4451 νόει

239 4489 344 4553 τὰς
394 4490 467 4553 εἷς
498 4487 784 4555 σκώληκας
837 4490 924 4545 καὶ
957 4491 1030 4554 εἷς
1084 4488 1219 4545 ἄλλα
1252 4490 1437 4568 ζούορια
1483 4485 1912 4566 μεταστοιχειώ-

241 4580 359 4643 σείς
394 4584 488 4634 τοῦ
543 4578 809 4645 σώπατος’
846 4575 931 4634 διὰ
983 4585 1139 4636 τοῦτο
1168 4581 1203 4647 ἡ
1248 4577 1406 4647 ὸλικὴ
1456 4584 1549 4634 τοῦ
1590 4575 1777 4640 ὕδατος
1808 4576 1909 4635 γά-

239 4667 412 4743 λυψις
444 4668 545 4734 τὴν
575 4669 832 4735 τοιαύτην
864 4667 1038 4725 ἆῖὂίαν
1070 4669 1166 4738 τῆς
1215 4691 1273 4726 τε
1304 4669 1489 4744 ψογῆς
1540 4669 1626 4724 καὶ
1656 4673 1748 4723 τοῦ
1798 4665 1911 4723 σώ-

556 4756 575 4774 κ
670 4757 681 4778 1
801 4761 813 4776 ς
944 4760 954 4777 μ
1320 4757 1342 4777 κ
1557 4767 1570 4781 .
1616 4759 1629 4776 ι
1786 4758 1799 4777 κ

237 4780 450 4837 ματος,
485 4755 734 4824 δηιονοτι
766 4780 857 4815 τον
896 4763 1119 4815 θανατον
1168 4758 1500 4838 παραοηλοῖ.
1536 4768 1633 4815 luti
1690 4756 1800 4813 ἐπει
1857 4756 1911 4811 ἐν

238 4850 422 4925 τρισὶν
477 4848 725 4928 ἡμέραις,
754 4850 842 4905 καὶ
899 4848 953 4904 ἐν
1008 4851 1141 4929 τρισὶ
1192 4848 1325 4915 νυξὶν
1376 4849 1427 4906 ἐν
1483 4855 1549 4925 τῇ
1582 4847 1753 4920 κοιλίᾳ
1810 4852 1908 4914 τῆς

241 4939 353 5016 γῆς
407 4939 434 4992 6
465 4939 773 5017 ζωαρχικὸς
834 4935 1039 5004 Ἰησοῦς
1088 4937 1285 5020 ἔμεινε,
1321 4938 1405 4995 διὰ
1461 4938 1559 5015 μὲν
1590 4944 1695 4994 τῶν
1752 4942 1911 5016 τριῶν

243 5025 596 5085 καταδύσεων
657 5028 708 5083 αἱ
763 5041 909 5106 τρεῖς
968 5029 1147 5094 νύκτες
1200 5027 1641 5108 παραδηλοῦνταιο
1703 5023 1787 5083 διὰ
1857 5023 1912 5081 δὲ

244 5124 362 5177 τῶν
392 5122 555 5196 τριῶν
586 5115 884 5175 ἆναδύσεων
910 5119 963 5179 αἱ
992 5131 1139 5197 τρεῖς
1172 5119 1394 5199 ἡμέραι.

335 5296 367 5378 §
420 5294 578 5360 Vill.
646 5289 803 5374 Ἐξξις
852 5297 905 5356 δὲ
958 5298 1223 5378 φωτοειδῆ
1280 5299 1466 5375 ἱμάτια
1515 5300 1542 5357 ὁ
1598 5298 1913 5377 τελούμενος

250 5388 608 5471 ἀμφιέννυται
652 5386 736 5445 διὰ
774 5390 836 5446 τὸ
890 5390 1089 5455 ἀπαθὲς
1145 5392 1232 5449 καὶ
1288 5389 1614 5471 ὰῤῥύπωτον,
1672 5393 1759 5448 καὶ
1814 5392 1915 5460 τὴν

254 5481 392 5561 πρὸς
452 5480 515 5537 τὸ
573 5477 629 5536 ἓν
685 5481 796 5559 φῶς
846 5481 1116 5538 σύννευσιν
1161 5479 1276 5538 καθ’
1332 5482 1407 5538 ὢν
1450 5483 1477 5537 6
1528 5481 1758 5560 ῥυπαρὸς
1801 5482 1912 5559 βίος

247 5573 341 5633 καὶ
384 5569 623 5647 ἄκοσμος
683 5570 769 5627 καὶ
825 5569 1057 5636 ἀνείδεος
1102 5572 1257 5629 οἱονεὶ
1319 5567 1584 5647 δυσειδής,
1618 5569 1761 5654 (οὒδὲ
1812 5574 1913 5654 γὰρ

332 5770 354 5806 ι
395 5758 420 5826 Ι
451 5760 590 5827 Cor.
622 5779 689 5845 tt,
724 5763 786 5827 9.
873 5773 896 5803 ·
925 5759 1144 5828 Joann.
1181 5778 1303 5841 xvr,
1336 5763 1429 5825 33.

1994 1964 2123 2037 tias,
2159 1962 2289 2043 ipse
2339 1963 2498 2025 enim
2531 1974 2622 2025 est
2671 1964 2768 2045 qui
2801 1964 2981 2027 dicit:
3042 1965 3340 2045 Conﬁdile
3368 1986 3478 2049 ego
3525 1972 3645 2032 vici

1989 2053 2235 2109 mundum
2263 2063 2312 2107 ε.
2351 2053 2545 2110 ltenuo
2569 2055 2743 2125 igitur
2775 2053 3107 2121 dicendum,
3140 2071 3269 2114 eum
3302 2059 3401 2129 qui
3433 2073 3644 2117 secun-

1990 2145 2131 2206 dum
2158 2146 2265 2206 hos
2284 2144 2393 2206 sub
2417 2145 2652 2207 Christo
2676 2146 3014 2208 munerario
3047 2147 3405 2211 constitutus
3433 2149 3508 2211 ad
3544 2152 3641 2212 di-

1999 2235 2127 2295 vina
2157 2233 2482 2297 certamina
2514 2244 2726 2296 exutus
2772 2235 2973 2309 fuerit,
3000 2236 3100 2317 qui
3138 2238 3494 2317 legislatoris
3542 2261 3646 2303 sa-

1995 2325 2210 2405 pientis
2238 2324 2648 2386 sanctionibus
2682 2325 3023 2399 adhmserit,
3059 2346 3093 2387 a
3125 2329 3374 2407 pulchro
3407 2349 3645 2411 quoque

1996 2415 2243 2494 pulchra
2270 2413 2513 2495 praemia
2527 2422 2690 2476 certo
2724 2429 3209 2491 consecuturum,
3239 2427 3344 2479 eta
3365 2419 3519 2481 bono
3547 2424 3649 2482 ad-

1987 2506 2210 2584 jutum,
2262 2504 2504 2564 minime
2555 2505 2853 2566 devictum
2918 2505 3054 2566 £85
3092 2506 3190 2569 iri.
3241 2506 3425 2569 Primi
3480 2510 3643 2572 enim

1997 2595 2353 2657 athletarum
2385 2595 2520 2657 Jesu
2535 2593 2753 2655 Christi
2780 2595 3017 2657 Domini
3041 2595 3228 2656 nostri
3254 2597 3511 2676 vestigiis
3541 2599 3643 2661 in-

1998 2686 2239 2759 sistens,
2268 2684 2367 2765 qui
2390 2684 2512 2745 sola
2538 2683 2798 2747 bonitate
2821 2703 2928 2747 sua
2980 2704 3112 2747 cum
3164 2688 3371 2749 mortis
3391 2688 3643 2769 imperio

2000 2778 2319 2854 dimicavit,
2346 2778 2611 2840 actiones
2640 2777 3089 2859 subtantiasque
3120 2780 3480 2842 deiﬁcationi
3523 2800 3645 2843 suae

1999 2867 2383 2929 adversantes
2410 2875 2819 2947 prosternens,
2847 2868 3080 2929 Christo
3114 2870 3505 2931 commoritur
3538 2888 3644 2950 per

1999 2957 2291 3038 triplicem
2326 2956 2795 3033 immersionem,
2831 2977 2962 3039 quae
3007 2959 3295 3020 triduante
3324 2960 3643 3041 sepulturas

1999 3045 2241 3109 Domini
2265 3048 2510 3125 figuram
2537 3047 2737 3108 refert.
2774 3047 3064 3110 Actiones
3082 3056 3279 3110 autem
3307 3057 3475 3110 vocat
3505 3068 3646 3130 pec-

1999 3145 2130 3197 cata
2150 3136 2625 3217 cupiditatesque
2650 3134 3019 3200 turbulentas
3045 3159 3060 3220 ;
3091 3137 3452 3201 substantias
3475 3158 3636 3218 vero,

1928 3227 1968 3277 C
1994 3226 2327 3288 daemonum
2350 3235 2612 3307 naturas,
2640 3246 2770 3307 quas
2794 3226 3130 3290 istiusmodi
3161 3229 3375 3306 agendi
3402 3229 3517 3291 vim
3538 3230 3643 3294 ha-

1994 3316 2169 3379 bent:
2210 3316 2495 3396 improbzn
2523 3318 2682 3378 enim
2709 3317 2974 3380 actiones
3008 3338 3377 3400 nequaquam
3411 3320 3469 3382 in
3493 3340 3640 3401 pro-

1993 3407 2120 3488 pria
2150 3427 2255 3469 sua
2285 3407 2616 3469 substantia
2645 3408 2945 3470 videntur.

2074 3498 2103 3577 ἕ
2131 3496 2259 3561 Vll.
2292 3497 2996 3577 Considera,quzeso,ista
3029 3509 3421 3576 sacramenta,
3452 3519 3643 3579 quan-

1992 3594 2107 3649 tam
2132 3606 2269 3651 cum
2287 3587 2707 3668 symbolissuis
2728 3590 3153 3669 proprietatem
3185 3589 3464 3653 habeant.
3493 3592 3639 3654 Cum

1992 3677 2152 3740 enim
2186 3679 2245 3739 in
2264 3677 2436 3738 nobis
2470 3696 2632 3739 mors
2662 3696 2779 3739 non
2814 3678 2890 3739 sit
2912 3678 3262 3739 omnimoda
3294 3679 3643 3741 substantia:

1992 3768 2256 3843 abolitio,
2280 3768 2365 3829 uti
2392 3766 2747 3848 quibusdam
2784 3768 3001 3849 placet,
3037 3769 3141 3845 qui
3166 3768 3342 3830 etiam
3374 3770 3640 3831 animam

1995 3857 2304 3920 mortalem
2340 3875 2495 3932 esse,
2529 3857 2957 3938 hominemque
2990 3858 3227 3938 penitus
3259 3856 3332 3920 ad
3387 3859 3641 3921 nihilum

1996 3948 2178 4019 redigi
2218 3958 2271 4005 et
2301 3948 2595 4019 corrumpi
2620 3948 2948 4005 asserebant
2974 3964 2991 4019 ;
3019 3949 3117 4004 sed
3135 3952 3418 4019 separatio
3440 3954 3641 4007 animat

1996 4049 2029 4093 α
2047 4030 2589 4111 corpore,animam
2610 4029 2849 4110 quidem
2875 4030 2945 4092 ad
2972 4030 3030 4091 id
3047 4029 3202 4110 quod
3225 4031 3396 4092 nobis
3419 4030 3640 4094 obscu-

1995 4139 2127 4182 rum
2163 4128 2251 4181 est
2282 4120 2510 4182 ducens
2552 4119 2739 4200 (juxta
2771 4121 2930 4201 quod
2979 4120 3161 4182 etiam
3196 4120 3297 4182 ille
3346 4120 3561 4183 animae
3610 4140 3644 4184 a

1999 4228 2251 4291 corpore
2273 4210 2568 4272 discessus
2590 4211 2719 4283 ᾅδης
2738 4209 3227 4289 seuinfernus,id
3248 4219 3337 4273 est
3357 4210 3645 4273 obscurus

1999 4302 2246 4380 dicitur)
2302 4320 2515 4381 corpus
2542 4318 2679 4361 vero
2713 4300 2800 4361 vel
2845 4309 3017 4361 terrae
3050 4301 3361 4376 mandans,
3402 4302 3494 4362 vel
3529 4302 3644 4363 alia

2001 4392 2277 4472 quapiam
2306 4390 2600 4470 corporali
2618 4389 3032 4451 immutatione
3058 4389 3327 4453 abolens.
3354 4389 3643 4453 [mmuta-

1936 4472 2195 4543 Dtiones
2225 4488 2420 4543 autem
2453 4490 2621 4543 vocat
2650 4479 2780 4540 illas
2809 4498 2941 4560 quae
2968 4480 3028 4540 in
3084 4498 3317 4540 vermes
3347 4479 3516 4556 fiunt,
3551 4479 3643 4543 vel

1996 4572 2226 4634 similes
2257 4574 2316 4635 in
2350 4572 2466 4632 alia
2496 4570 2855 4632 animalcula
2876 4570 3143 4651 corporis
3179 4569 3646 4632 transformatio-

1998 4681 2147 4737 nes;
2201 4662 2482 4743 quocirca
2512 4660 2688 4723 etiam
2744 4660 2938 4722 totalis
2982 4660 3091 4721 ista
3122 4678 3288 4742 aquae
3338 4660 3643 4741 coopertio

1996 4752 2326 4815 istiusmodi
2361 4761 2706 4832 perpetuam
2735 4751 2948 4812 animae
2977 4751 3368 4831 corporisque
3392 4759 3643 4812 mortem

1995 4844 2311 4923 significat.
2346 4841 2417 4903 Et
2447 4842 2727 4923 quoniam
2760 4841 2947 4903 tribus
2980 4840 3193 4903 diebus
3222 4859 3290 4903 ac
3322 4840 3511 4903 tribus
3542 4860 3647 4904 nu-

1996 4934 2191 4996 ctibus
2217 4929 2393 4994 Jesus
2420 4932 2520 5011 qui
2553 4931 2681 4993 vitae
2724 4933 3005 5012 princeps
3039 4939 3118 5007 et,
3144 4930 3207 4992 in
3239 4939 3445 4993 ventre
3471 4939 3648 4994 terras

1999 5021 2346 5105 permansit,
2384 5039 2490 5102 per
2510 5030 2629 5083 tres
2648 5020 2889 5102 quidem
2915 5021 2993 5083 im
3005 5022 3358 5102 mersiones,
3388 5030 3511 5083 tres
3533 5040 3644 5083 no-

1999 5121 2144 5185 ctes,
2180 5130 2287 5194 per
2314 5119 2436 5174 tres
2490 5120 2687 5173 autem
2723 5111 3116 5191 emersiones,
3165 5120 3288 5174 tres
3322 5111 3451 5174 dies
3494 5111 3648 5176 desi-

1997 5209 2277 5285 gnantur.

2052 5292 2537 5375 §VlII.Candidis
2554 5291 2776 5355 deinde
2789 5290 3158 5355 vestimentis
3172 5291 3437 5355 initiatus
3452 5290 3650 5355 indui-

2000 5392 2367 5468 tur,propter
2393 5384 2736 5465 passionum
2779 5400 2848 5445 ac
2880 5380 3147 5445 sordium
3178 5381 3556 5463 vacuitatem,
3590 5392 3651 5445 et

1997 5495 2131 5540 cum
2156 5494 2274 5537 uno
2304 5475 2528 5537 lumine
2558 5473 3047 5553 consensionem,
3074 5489 3183 5554 per
3210 5489 3386 5554 quam
3404 5472 3648 5537 sordida

1996 5576 2055 5631 et
2077 5565 2384 5630 immunda
2406 5564 2800 5648 informisque
2823 5565 2937 5628 vita
2960 5563 3130 5645 quasi
3160 5561 3480 5645 disparuit.
3514 5563 3650 5632 Non
