  <div class='ocr_page' id='page_1' title='image "/cluster/home/n/w/nwhite01/storage/ocr_20150623/3/coo.31924054872829/220.png"; bbox 0 0 4042 6430; ppageno 0'>
   <div class='ocr_carea' id='block_1_1' title="bbox 156 361 3564 441">
    <p class='ocr_par' dir='ltr' id='par_1_1' title="bbox 156 361 3564 441">
     <span class='ocr_line' id='line_1_1' title="bbox 156 361 3564 441; baseline 0.002 -18"><span class='ocrx_word' id='word_1_1' title='bbox 156 361 285 425; x_wconf 69' lang='grc'><strong>425</strong></span> <span class='ocrx_word' id='word_1_2' title='bbox 1223 367 1322 428; x_wconf 93' lang='lat' dir='ltr'><strong>DE</strong></span> <span class='ocrx_word' id='word_1_3' title='bbox 1367 366 1662 430; x_wconf 85' lang='lat' dir='ltr'><strong>ECCLES.</strong></span> <span class='ocrx_word' id='word_1_4' title='bbox 1712 366 2164 441; x_wconf 83' lang='lat' dir='ltr'><strong>HIERARCH.,</strong></span> <span class='ocrx_word' id='word_1_5' title='bbox 2210 364 2377 429; x_wconf 82' lang='lat' dir='ltr'><strong>CAP.</strong></span> <span class='ocrx_word' id='word_1_6' title='bbox 2424 364 2537 427; x_wconf 82' lang='lat' dir='ltr'><strong>III.</strong></span> <span class='ocrx_word' id='word_1_7' title='bbox 3444 361 3564 429; x_wconf 76' lang='grc'>426</span> 
     </span>
    </p>
   </div>
   <div class='ocr_carea' id='block_1_2' title="bbox 158 500 1823 585">
    <p class='ocr_par' dir='ltr' id='par_1_2' title="bbox 158 502 1816 582">
     <span class='ocr_line' id='line_1_2' title="bbox 158 502 1816 582; baseline 0 -23"><span class='ocrx_word' id='word_1_8' title='bbox 158 502 643 582; x_wconf 67' lang='grc' dir='ltr'>τελωιουργοιᾶσης</span> <span class='ocrx_word' id='word_1_9' title='bbox 703 504 860 561; x_wconf 76' lang='grc' dir='ltr'><strong>αὖτοῦ</strong></span> <span class='ocrx_word' id='word_1_10' title='bbox 906 503 1005 570; x_wconf 75' lang='grc' dir='ltr'>τὴν</span> <span class='ocrx_word' id='word_1_11' title='bbox 1049 503 1181 581; x_wconf 86' lang='grc' dir='ltr'>πρὸς</span> <span class='ocrx_word' id='word_1_12' title='bbox 1231 505 1361 558; x_wconf 73' lang='grc' dir='ltr'>Θεὸν</span> <span class='ocrx_word' id='word_1_13' title='bbox 1420 502 1718 566; x_wconf 86' lang='grc' dir='ltr'>κοινωνίαν,</span> <span class='ocrx_word' id='word_1_14' title='bbox 1760 503 1816 561; x_wconf 83' lang='lat' dir='ltr'><strong>Ei</strong></span> 
     </span>
    </p>
   </div>
   <div class='ocr_carea' id='block_1_3' title="bbox 1910 500 3565 585">
    <p class='ocr_par' dir='ltr' id='par_1_3' title="bbox 1910 500 3565 585">
     <span class='ocr_line' id='line_1_3' title="bbox 1910 500 3565 585; baseline 0.005 -24"><span class='ocrx_word' id='word_1_15' title='bbox 1910 501 2186 563; x_wconf 90' lang='lat' dir='ltr'><strong>mantium</strong></span> <span class='ocrx_word' id='word_1_16' title='bbox 2226 503 2650 583; x_wconf 78' lang='lat' dir='ltr'><strong>mysteriorum</strong></span> <span class='ocrx_word' id='word_1_17' title='bbox 2683 500 2843 563; x_wconf 91' lang='lat' dir='ltr'><strong>dono</strong></span> <span class='ocrx_word' id='word_1_18' title='bbox 2875 501 3127 565; x_wconf 85' lang='lat' dir='ltr'><strong>divinam</strong></span> <span class='ocrx_word' id='word_1_19' title='bbox 3151 503 3267 585; x_wconf 89' lang='lat' dir='ltr'><strong>ipsi</strong></span> <span class='ocrx_word' id='word_1_20' title='bbox 3299 500 3565 569; x_wconf 83' lang='lat' dir='ltr'><strong>conferat</strong></span> 
     </span>
    </p>
   </div>
   <div class='ocr_carea' id='block_1_4' title="bbox 152 590 1823 673">
    <p class='ocr_par' dir='ltr' id='par_1_4' title="bbox 152 592 1812 673">
     <span class='ocr_line' id='line_1_4' title="bbox 152 592 1812 673; baseline -0.001 -24"><span class='ocrx_word' id='word_1_21' title='bbox 152 594 329 649; x_wconf 82' lang='grc' dir='ltr'>τοίνυν</span> <span class='ocrx_word' id='word_1_22' title='bbox 391 592 590 660; x_wconf 68' lang='grc' dir='ltr'>ἑκάστη</span> <span class='ocrx_word' id='word_1_23' title='bbox 644 600 752 649; x_wconf 87' lang='grc' dir='ltr'><strong>τῶν</strong></span> <span class='ocrx_word' id='word_1_24' title='bbox 800 597 1119 673; x_wconf 69' lang='grc' dir='ltr'>ἱεραρχιιιῶν</span> <span class='ocrx_word' id='word_1_25' title='bbox 1170 592 1424 666; x_wconf 79' lang='grc' dir='ltr'><strong>τελετῶν,</strong></span> <span class='ocrx_word' id='word_1_26' title='bbox 1474 592 1667 661; x_wconf 66' lang='grc' dir='ltr'>ἀτελὴς</span> <span class='ocrx_word' id='word_1_27' title='bbox 1715 593 1812 670; x_wconf 78' lang='grc' dir='ltr'><strong>μὲν</strong></span> 
     </span>
    </p>
   </div>
   <div class='ocr_carea' id='block_1_5' title="bbox 1910 590 3553 673">
    <p class='ocr_par' dir='ltr' id='par_1_5' title="bbox 1910 590 3553 669">
     <span class='ocr_line' id='line_1_5' title="bbox 1910 590 3553 669; baseline 0 -17"><span class='ocrx_word' id='word_1_28' title='bbox 1910 590 2627 664; x_wconf 86' lang='lat' dir='ltr'><strong>:ommunionem.Quare,</strong></span> <span class='ocrx_word' id='word_1_29' title='bbox 2644 591 2705 653; x_wconf 68' lang='lat' dir='ltr'><strong>&#39;si</strong></span> <span class='ocrx_word' id='word_1_30' title='bbox 2728 592 3012 669; x_wconf 64' lang='lat' dir='ltr'><strong>quaelibet</strong></span> <span class='ocrx_word' id='word_1_31' title='bbox 3042 592 3553 656; x_wconf 88' lang='lat' dir='ltr'><strong>hierarchicarum</strong></span> 
     </span>
    </p>
   </div>
   <div class='ocr_carea' id='block_1_6' title="bbox 152 681 1823 763">
    <p class='ocr_par' dir='ltr' id='par_1_6' title="bbox 152 681 1816 761">
     <span class='ocr_line' id='line_1_6' title="bbox 152 681 1816 761; baseline 0.001 -23"><span class='ocrx_word' id='word_1_32' title='bbox 152 684 285 739; x_wconf 72' lang='grc' dir='ltr'>οὖσα</span> <span class='ocrx_word' id='word_1_33' title='bbox 310 682 401 757; x_wconf 74' lang='grc'><strong>60,</strong></span> <span class='ocrx_word' id='word_1_34' title='bbox 433 685 533 751; x_wconf 74' lang='grc' dir='ltr'>τὴν</span> <span class='ocrx_word' id='word_1_35' title='bbox 560 685 691 761; x_wconf 82' lang='grc' dir='ltr'>πρὸς</span> <span class='ocrx_word' id='word_1_36' title='bbox 722 685 780 741; x_wconf 72' lang='grc' dir='ltr'>τὸ</span> <span class='ocrx_word' id='word_1_37' title='bbox 813 686 865 742; x_wconf 87' lang='grc' dir='ltr'>ἓν</span> <span class='ocrx_word' id='word_1_38' title='bbox 896 686 1051 757; x_wconf 76' lang='grc' dir='ltr'>ἡμῶν</span> <span class='ocrx_word' id='word_1_39' title='bbox 1095 683 1373 739; x_wconf 71' lang='grc' dir='ltr'>κοινωνίαν</span> <span class='ocrx_word' id='word_1_40' title='bbox 1402 684 1489 739; x_wconf 85' lang='grc' dir='ltr'>καὶ</span> <span class='ocrx_word' id='word_1_41' title='bbox 1523 681 1727 748; x_wconf 73' lang='grc' dir='ltr'>σύναξιη</span> <span class='ocrx_word' id='word_1_42' title='bbox 1756 686 1816 739; x_wconf 77' lang='grc' dir='ltr'>οὒ</span> 
     </span>
    </p>
   </div>
   <div class='ocr_carea' id='block_1_7' title="bbox 1910 681 3563 763">
    <p class='ocr_par' dir='ltr' id='par_1_7' title="bbox 1910 681 3563 763">
     <span class='ocr_line' id='line_1_7' title="bbox 1910 681 3563 763; baseline 0.001 -19"><span class='ocrx_word' id='word_1_43' title='bbox 1910 681 2416 744; x_wconf 82' lang='lat' dir='ltr'><strong>consecrationum</strong></span> <span class='ocrx_word' id='word_1_44' title='bbox 2441 682 2793 763; x_wconf 82' lang='lat' dir='ltr'><strong>imperfecta</strong></span> <span class='ocrx_word' id='word_1_45' title='bbox 2807 690 3030 763; x_wconf 89' lang='lat' dir='ltr'><strong>manet,</strong></span> <span class='ocrx_word' id='word_1_46' title='bbox 3061 682 3201 744; x_wconf 91' lang='lat' dir='ltr'><strong>dum</strong></span> <span class='ocrx_word' id='word_1_47' title='bbox 3224 682 3563 746; x_wconf 85' lang='lat' dir='ltr'><strong>nostricum</strong></span> 
     </span>
    </p>
   </div>
   <div class='ocr_carea' id='block_1_8' title="bbox 150 769 1823 851">
    <p class='ocr_par' dir='ltr' id='par_1_8' title="bbox 150 769 1812 851">
     <span class='ocr_line' id='line_1_8' title="bbox 150 769 1812 851; baseline -0.001 -24"><span class='ocrx_word' id='word_1_48' title='bbox 150 771 617 851; x_wconf 69' lang='grc' dir='ltr'>τελεσιουργήσει,</span> <span class='ocrx_word' id='word_1_49' title='bbox 643 776 820 829; x_wconf 80' lang='grc' dir='ltr'>καὶτὸ</span> <span class='ocrx_word' id='word_1_50' title='bbox 852 773 994 829; x_wconf 84' lang='grc' dir='ltr'>εἶναι</span> <span class='ocrx_word' id='word_1_51' title='bbox 1027 773 1220 838; x_wconf 75' lang='grc' dir='ltr'>τελετὴ</span> <span class='ocrx_word' id='word_1_52' title='bbox 1254 769 1338 827; x_wconf 76' lang='grc' dir='ltr'><strong>διὰ</strong></span> <span class='ocrx_word' id='word_1_53' title='bbox 1367 774 1427 828; x_wconf 84' lang='grc' dir='ltr'>τὸ</span> <span class='ocrx_word' id='word_1_54' title='bbox 1459 772 1744 829; x_wconf 82' lang='grc' dir='ltr'>ἀτέλεστον</span> <span class='ocrx_word' id='word_1_55' title='bbox 1758 772 1812 820; x_wconf 77' lang='grc'><strong>61</strong></span> 
     </span>
    </p>
   </div>
   <div class='ocr_carea' id='block_1_9' title="bbox 1910 769 3558 851">
    <p class='ocr_par' dir='ltr' id='par_1_9' title="bbox 1910 770 3558 843">
     <span class='ocr_line' id='line_1_9' title="bbox 1910 770 3558 843; baseline 0.004 -19"><span class='ocrx_word' id='word_1_56' title='bbox 1910 771 1999 828; x_wconf 84' lang='lat' dir='ltr'><strong>illo</strong></span> <span class='ocrx_word' id='word_1_57' title='bbox 2023 785 2138 828; x_wconf 90' lang='lat' dir='ltr'><strong>uno</strong></span> <span class='ocrx_word' id='word_1_58' title='bbox 2161 770 2626 829; x_wconf 85' lang='lat' dir='ltr'><strong>communionem</strong></span> <span class='ocrx_word' id='word_1_59' title='bbox 2643 773 3035 843; x_wconf 86' lang='lat' dir='ltr'><strong>unionemque</strong></span> <span class='ocrx_word' id='word_1_60' title='bbox 3058 786 3172 830; x_wconf 91' lang='lat' dir='ltr'><strong>non</strong></span> <span class='ocrx_word' id='word_1_61' title='bbox 3200 773 3422 843; x_wconf 87' lang='lat' dir='ltr'><strong>perﬁcit</strong></span> <span class='ocrx_word' id='word_1_62' title='bbox 3446 773 3558 831; x_wconf 83' lang='lat' dir='ltr'><strong>hoc</strong></span> 
     </span>
    </p>
   </div>
   <div class='ocr_carea' id='block_1_10' title="bbox 148 859 1818 942">
    <p class='ocr_par' dir='ltr' id='par_1_10' title="bbox 148 859 1818 942">
     <span class='ocr_line' id='line_1_10' title="bbox 148 859 1818 942; baseline 0.001 -25"><span class='ocrx_word' id='word_1_63' title='bbox 148 862 511 942; x_wconf 63' lang='grc' dir='ltr'>ἀφῃρημένη.</span> <span class='ocrx_word' id='word_1_64' title='bbox 557 865 618 918; x_wconf 71' lang='grc' dir='ltr'>τὸ</span> <span class='ocrx_word' id='word_1_65' title='bbox 648 860 706 917; x_wconf 80' lang='grc' dir='ltr'><strong>δὲ</strong></span> <span class='ocrx_word' id='word_1_66' title='bbox 753 861 905 925; x_wconf 81' lang='grc' dir='ltr'>τέλος</span> <span class='ocrx_word' id='word_1_67' title='bbox 936 862 1148 929; x_wconf 79' lang='grc' dir='ltr'>ἀπάσης</span> <span class='ocrx_word' id='word_1_68' title='bbox 1194 859 1255 911; x_wconf 63' lang='lat'><strong>33</strong></span> <span class='ocrx_word' id='word_1_69' title='bbox 1282 862 1376 917; x_wconf 82' lang='grc' dir='ltr'><strong>καί</strong></span> <span class='ocrx_word' id='word_1_70' title='bbox 1418 863 1479 917; x_wconf 84' lang='grc' dir='ltr'>τὸ</span> <span class='ocrx_word' id='word_1_71' title='bbox 1531 862 1818 942; x_wconf 63' lang='grc' dir='ltr'>κεφάλαιον</span> 
     </span>
    </p>
   </div>
   <div class='ocr_carea' id='block_1_11' title="bbox 148 950 1818 1032">
    <p class='ocr_par' dir='ltr' id='par_1_11' title="bbox 148 950 1818 1032">
     <span class='ocr_line' id='line_1_11' title="bbox 148 950 1818 1032; baseline 0.001 -24"><span class='ocrx_word' id='word_1_72' title='bbox 148 954 184 1019; x_wconf 77' lang='grc' dir='ltr'><strong>ἡ</strong></span> <span class='ocrx_word' id='word_1_73' title='bbox 241 953 357 1008; x_wconf 84' lang='grc' dir='ltr'><strong>τῶν</strong></span> <span class='ocrx_word' id='word_1_74' title='bbox 415 955 722 1032; x_wconf 77' lang='grc' dir='ltr'>θεαρχικῶν</span> <span class='ocrx_word' id='word_1_75' title='bbox 783 952 1083 1028; x_wconf 62' lang='grc' dir='ltr'>μυστηρίων</span> <span class='ocrx_word' id='word_1_76' title='bbox 1139 957 1216 1025; x_wconf 85' lang='grc' dir='ltr'>τῷ</span> <span class='ocrx_word' id='word_1_77' title='bbox 1271 950 1575 1027; x_wconf 81' lang='grc' dir='ltr'>τελιυμένῳ</span> <span class='ocrx_word' id='word_1_78' title='bbox 1647 954 1818 1028; x_wconf 78' lang='grc' dir='ltr'>μετά-</span> 
     </span>
    </p>
   </div>
   <div class='ocr_carea' id='block_1_12' title="bbox 151 1041 1820 1121">
    <p class='ocr_par' dir='ltr' id='par_1_12' title="bbox 151 1041 1820 1121">
     <span class='ocr_line' id='line_1_12' title="bbox 151 1041 1820 1121; baseline 0 -23"><span class='ocrx_word' id='word_1_79' title='bbox 151 1044 323 1115; x_wconf 78' lang='grc' dir='ltr'>δοσις,</span> <span class='ocrx_word' id='word_1_80' title='bbox 364 1043 586 1106; x_wconf 79' lang='grc' dir='ltr'>εἰκότως</span> <span class='ocrx_word' id='word_1_81' title='bbox 643 1043 678 1109; x_wconf 82' lang='grc' dir='ltr'><strong>ἡ</strong></span> <span class='ocrx_word' id='word_1_82' title='bbox 722 1042 1008 1121; x_wconf 80' lang='grc' dir='ltr'>ίεραρχικὴ</span> <span class='ocrx_word' id='word_1_83' title='bbox 1052 1041 1257 1104; x_wconf 76' lang='grc' dir='ltr'>σύνεσις</span> <span class='ocrx_word' id='word_1_84' title='bbox 1317 1042 1623 1116; x_wconf 72' lang='grc' dir='ltr'>ὶπωνυμίαν</span> <span class='ocrx_word' id='word_1_85' title='bbox 1686 1042 1820 1119; x_wconf 74' lang='grc' dir='ltr'><strong>αὒτῇ</strong></span> 
     </span>
    </p>
   </div>
   <div class='ocr_carea' id='block_1_13' title="bbox 157 1129 1813 1211">
    <p class='ocr_par' dir='ltr' id='par_1_13' title="bbox 157 1129 1813 1211">
     <span class='ocr_line' id='line_1_13' title="bbox 157 1129 1813 1211; baseline 0.001 -23"><span class='ocrx_word' id='word_1_86' title='bbox 157 1132 342 1209; x_wconf 82' lang='grc' dir='ltr'>κυρίαν</span> <span class='ocrx_word' id='word_1_87' title='bbox 418 1130 479 1187; x_wconf 69' lang='grc' dir='ltr'>ἐκ</span> <span class='ocrx_word' id='word_1_88' title='bbox 536 1136 635 1198; x_wconf 75' lang='grc' dir='ltr'><strong>τῆς</strong></span> <span class='ocrx_word' id='word_1_89' title='bbox 691 1136 798 1187; x_wconf 85' lang='grc' dir='ltr'><strong>τῶν</strong></span> <span class='ocrx_word' id='word_1_90' title='bbox 854 1131 1181 1209; x_wconf 80' lang='grc' dir='ltr'>πραγμάτῶν</span> <span class='ocrx_word' id='word_1_91' title='bbox 1258 1129 1503 1198; x_wconf 75' lang='grc' dir='ltr'>ἀληθείας</span> <span class='ocrx_word' id='word_1_92' title='bbox 1580 1131 1813 1211; x_wconf 80' lang='grc' dir='ltr'><strong>ἐφεῦρεν·</strong></span> 
     </span>
    </p>
   </div>
   <div class='ocr_carea' id='block_1_14' title="bbox 155 1220 1814 1301">
    <p class='ocr_par' dir='ltr' id='par_1_14' title="bbox 155 1220 1814 1301">
     <span class='ocr_line' id='line_1_14' title="bbox 155 1220 1814 1301; baseline -0.001 -24"><span class='ocrx_word' id='word_1_93' title='bbox 155 1220 295 1278; x_wconf 58' lang='grc' dir='ltr'>οὔτω</span> <span class='ocrx_word' id='word_1_94' title='bbox 356 1220 427 1289; x_wconf 70' lang='grc' dir='ltr'><strong>δὴ</strong></span> <span class='ocrx_word' id='word_1_95' title='bbox 491 1223 579 1280; x_wconf 74' lang='grc' dir='ltr'><strong>καὶ</strong></span> <span class='ocrx_word' id='word_1_96' title='bbox 647 1222 746 1290; x_wconf 74' lang='grc' dir='ltr'><strong>τὴν</strong></span> <span class='ocrx_word' id='word_1_97' title='bbox 810 1222 952 1301; x_wconf 74' lang='grc' dir='ltr'>ἱερὰν</span> <span class='ocrx_word' id='word_1_98' title='bbox 1022 1226 1121 1287; x_wconf 76' lang='grc' dir='ltr'>τῆς</span> <span class='ocrx_word' id='word_1_99' title='bbox 1179 1224 1508 1300; x_wconf 81' lang='grc' dir='ltr'>θεογενεσίας</span> <span class='ocrx_word' id='word_1_100' title='bbox 1572 1222 1814 1297; x_wconf 65' lang='grc' dir='ltr'>τελετὴν,</span> 
     </span>
    </p>
   </div>
   <div class='ocr_carea' id='block_1_15' title="bbox 154 1308 1817 1391">
    <p class='ocr_par' dir='ltr' id='par_1_15' title="bbox 154 1308 1817 1391">
     <span class='ocr_line' id='line_1_15' title="bbox 154 1308 1817 1391; baseline 0 -24"><span class='ocrx_word' id='word_1_101' title='bbox 154 1309 345 1379; x_wconf 68' lang='grc' dir='ltr'>ἐπειδὴ</span> <span class='ocrx_word' id='word_1_102' title='bbox 408 1311 623 1390; x_wconf 86' lang='grc' dir='ltr'>πρώτου</span> <span class='ocrx_word' id='word_1_103' title='bbox 668 1313 841 1390; x_wconf 72' lang='grc' dir='ltr'>φωτὸς</span> <span class='ocrx_word' id='word_1_104' title='bbox 902 1308 1239 1391; x_wconf 81' lang='grc' dir='ltr'>μεταδίδωσι,</span> <span class='ocrx_word' id='word_1_105' title='bbox 1302 1314 1387 1367; x_wconf 88' lang='grc' dir='ltr'><strong>καὶ</strong></span> <span class='ocrx_word' id='word_1_106' title='bbox 1434 1319 1617 1369; x_wconf 77' lang='grc' dir='ltr'>πασῶν</span> <span class='ocrx_word' id='word_1_107' title='bbox 1675 1313 1817 1369; x_wconf 77' lang='grc' dir='ltr'>ἐστιν</span> 
     </span>
    </p>
   </div>
   <div class='ocr_carea' id='block_1_16' title="bbox 152 1400 1818 1481">
    <p class='ocr_par' dir='ltr' id='par_1_16' title="bbox 152 1400 1818 1481">
     <span class='ocr_line' id='line_1_16' title="bbox 152 1400 1818 1481; baseline 0.001 -24"><span class='ocrx_word' id='word_1_108' title='bbox 152 1401 304 1481; x_wconf 75' lang='grc' dir='ltr'><strong>ἀρχὴ</strong></span> <span class='ocrx_word' id='word_1_109' title='bbox 385 1404 491 1457; x_wconf 83' lang='grc' dir='ltr'><strong>τῶν</strong></span> <span class='ocrx_word' id='word_1_110' title='bbox 562 1403 718 1457; x_wconf 86' lang='grc' dir='ltr'>θείων</span> <span class='ocrx_word' id='word_1_111' title='bbox 787 1406 1178 1480; x_wconf 73' lang='grc' dir='ltr'>φωταγωγιῶν,</span> <span class='ocrx_word' id='word_1_112' title='bbox 1241 1401 1302 1456; x_wconf 84' lang='grc' dir='ltr'>ἐκ</span> <span class='ocrx_word' id='word_1_113' title='bbox 1344 1403 1438 1457; x_wconf 76' lang='grc' dir='ltr'>τοῦ</span> <span class='ocrx_word' id='word_1_114' title='bbox 1499 1400 1818 1477; x_wconf 68' lang='grc' dir='ltr'>τεὶουμένου</span> 
     </span>
    </p>
   </div>
   <div class='ocr_carea' id='block_1_17' title="bbox 153 1489 1819 1570">
    <p class='ocr_par' dir='ltr' id='par_1_17' title="bbox 153 1489 1819 1570">
     <span class='ocr_line' id='line_1_17' title="bbox 153 1489 1819 1570; baseline 0 -23"><span class='ocrx_word' id='word_1_115' title='bbox 153 1492 254 1558; x_wconf 76' lang='grc' dir='ltr'>τὴν</span> <span class='ocrx_word' id='word_1_116' title='bbox 313 1489 497 1560; x_wconf 75' lang='grc' dir='ltr'>ἀληθῆ</span> <span class='ocrx_word' id='word_1_117' title='bbox 539 1498 633 1548; x_wconf 84' lang='grc' dir='ltr'>τοῦ</span> <span class='ocrx_word' id='word_1_118' title='bbox 677 1492 1014 1570; x_wconf 76' lang='grc' dir='ltr'>φωτίσματος</span> <span class='ocrx_word' id='word_1_119' title='bbox 1071 1490 1372 1566; x_wconf 81' lang='grc' dir='ltr'>ἐπωνυμίαν</span> <span class='ocrx_word' id='word_1_120' title='bbox 1419 1493 1703 1567; x_wconf 66' lang='grc' dir='ltr'>ὑμνῶμεν,</span> <span class='ocrx_word' id='word_1_121' title='bbox 1762 1493 1819 1549; x_wconf 79' lang='grc' dir='ltr'>Εἰ</span> 
     </span>
    </p>
   </div>
   <div class='ocr_carea' id='block_1_18' title="bbox 151 1579 1819 1663">
    <p class='ocr_par' dir='ltr' id='par_1_18' title="bbox 151 1579 1819 1663">
     <span class='ocr_line' id='line_1_18' title="bbox 151 1579 1819 1663; baseline 0.001 -27"><span class='ocrx_word' id='word_1_122' title='bbox 151 1582 257 1660; x_wconf 69' lang='grc' dir='ltr'><strong>γὰρ</strong></span> <span class='ocrx_word' id='word_1_123' title='bbox 333 1588 470 1637; x_wconf 75' lang='grc' dir='ltr'>πᾶσι</span> <span class='ocrx_word' id='word_1_124' title='bbox 556 1581 732 1638; x_wconf 77' lang='grc' dir='ltr'>κοινὰν</span> <span class='ocrx_word' id='word_1_125' title='bbox 806 1594 924 1647; x_wconf 73' lang='grc' dir='ltr'>τοῖς</span> <span class='ocrx_word' id='word_1_126' title='bbox 998 1582 1329 1661; x_wconf 74' lang='grc' dir='ltr'>ἱεραρχικοῒς</span> <span class='ocrx_word' id='word_1_127' title='bbox 1404 1579 1459 1623; x_wconf 74' lang='grc'><strong>⁸³</strong></span> <span class='ocrx_word' id='word_1_128' title='bbox 1526 1585 1587 1640; x_wconf 81' lang='grc' dir='ltr'>τὸ</span> <span class='ocrx_word' id='word_1_129' title='bbox 1645 1584 1819 1663; x_wconf 70' lang='grc' dir='ltr'>φωτὸς</span> 
     </span>
    </p>
   </div>
   <div class='ocr_carea' id='block_1_19' title="bbox 151 1669 1824 1749">
    <p class='ocr_par' dir='ltr' id='par_1_19' title="bbox 151 1669 1824 1749">
     <span class='ocr_line' id='line_1_19' title="bbox 151 1669 1824 1749; baseline 0.002 -23"><span class='ocrx_word' id='word_1_130' title='bbox 151 1675 297 1749; x_wconf 74' lang='grc' dir='ltr'>ἱεροῦ</span> <span class='ocrx_word' id='word_1_131' title='bbox 367 1669 710 1747; x_wconf 69' lang='grc' dir='ltr'><strong>μεταδιδόναι</strong></span> <span class='ocrx_word' id='word_1_132' title='bbox 770 1684 885 1735; x_wconf 73' lang='grc' dir='ltr'>τοῖς</span> <span class='ocrx_word' id='word_1_133' title='bbox 955 1671 1325 1747; x_wconf 72' lang='grc' dir='ltr'><strong>τελουμένοις,</strong></span> <span class='ocrx_word' id='word_1_134' title='bbox 1395 1672 1514 1729; x_wconf 81' lang='grc' dir='ltr'>ἀλλ’</span> <span class='ocrx_word' id='word_1_135' title='bbox 1573 1674 1706 1740; x_wconf 76' lang='grc' dir='ltr'>αὕτη</span> <span class='ocrx_word' id='word_1_136' title='bbox 1763 1675 1824 1729; x_wconf 81' lang='grc' dir='ltr'>τὸ</span> 
     </span>
    </p>
   </div>
   <div class='ocr_carea' id='block_1_20' title="bbox 154 1758 1824 1839">
    <p class='ocr_par' dir='ltr' id='par_1_20' title="bbox 154 1758 1824 1839">
     <span class='ocr_line' id='line_1_20' title="bbox 154 1758 1824 1839; baseline 0.001 -22"><span class='ocrx_word' id='word_1_137' title='bbox 154 1761 390 1839; x_wconf 77' lang='grc' dir='ltr'>πρώτως</span> <span class='ocrx_word' id='word_1_138' title='bbox 436 1758 661 1817; x_wconf 65' lang='grc' dir='ltr'>Μίδεῗν</span> <span class='ocrx_word' id='word_1_139' title='bbox 702 1760 1004 1838; x_wconf 71' lang='grc' dir='ltr'>ἐδωρήσατό</span> <span class='ocrx_word' id='word_1_140' title='bbox 1050 1784 1169 1839; x_wconf 85' lang='grc' dir='ltr'>μοι,</span> <span class='ocrx_word' id='word_1_141' title='bbox 1217 1764 1306 1818; x_wconf 84' lang='grc' dir='ltr'><strong>καὶ</strong></span> <span class='ocrx_word' id='word_1_142' title='bbox 1349 1761 1433 1820; x_wconf 77' lang='grc' dir='ltr'>διὰ</span> <span class='ocrx_word' id='word_1_143' title='bbox 1495 1770 1585 1820; x_wconf 78' lang='grc' dir='ltr'><strong>τοῦ</strong></span> <span class='ocrx_word' id='word_1_144' title='bbox 1628 1765 1824 1830; x_wconf 65' lang='grc' dir='ltr'>ταῦτης</span> 
     </span>
    </p>
   </div>
   <div class='ocr_carea' id='block_1_21' title="bbox 1905 859 3561 944">
    <p class='ocr_par' dir='ltr' id='par_1_21' title="bbox 1905 859 3561 944">
     <span class='ocr_line' id='line_1_21' title="bbox 1905 859 3561 944; baseline 0.004 -23"><span class='ocrx_word' id='word_1_145' title='bbox 1905 859 2032 942; x_wconf 91' lang='lat' dir='ltr'><strong>ipso</strong></span> <span class='ocrx_word' id='word_1_146' title='bbox 2058 861 2215 942; x_wconf 87' lang='lat' dir='ltr'><strong>quod</strong></span> <span class='ocrx_word' id='word_1_147' title='bbox 2243 878 2366 923; x_wconf 90' lang='lat' dir='ltr'><strong>non</strong></span> <span class='ocrx_word' id='word_1_148' title='bbox 2393 860 3086 944; x_wconf 81' lang='lat' dir='ltr'><strong>perficitur,perﬁciendi</strong></span> <span class='ocrx_word' id='word_1_149' title='bbox 3108 863 3223 925; x_wconf 84' lang='lat' dir='ltr'><strong>vim</strong></span> <span class='ocrx_word' id='word_1_150' title='bbox 3256 866 3561 942; x_wconf 76' lang='lat' dir='ltr'><strong>amittens;</strong></span> 
     </span>
    </p>
   </div>
   <div class='ocr_carea' id='block_1_22' title="bbox 1904 949 3559 1024">
    <p class='ocr_par' dir='ltr' id='par_1_22' title="bbox 1904 949 3559 1024">
     <span class='ocr_line' id='line_1_22' title="bbox 1904 949 3559 1024; baseline 0.002 -17"><span class='ocrx_word' id='word_1_151' title='bbox 1904 949 2040 1007; x_wconf 90' lang='lat' dir='ltr'><strong>ﬁnis</strong></span> <span class='ocrx_word' id='word_1_152' title='bbox 2058 958 2243 1009; x_wconf 84' lang='lat' dir='ltr'><strong>autem</strong></span> <span class='ocrx_word' id='word_1_153' title='bbox 2259 953 2516 1009; x_wconf 89' lang='lat' dir='ltr'><strong>omnium</strong></span> <span class='ocrx_word' id='word_1_154' title='bbox 2539 960 2624 1008; x_wconf 82' lang='lat' dir='ltr'><strong>est</strong></span> <span class='ocrx_word' id='word_1_155' title='bbox 2644 962 2695 1007; x_wconf 88' lang='lat' dir='ltr'><strong>ct</strong></span> <span class='ocrx_word' id='word_1_156' title='bbox 2718 961 2978 1023; x_wconf 82' lang='lat' dir='ltr'><strong>caput,ut</strong></span> <span class='ocrx_word' id='word_1_157' title='bbox 3003 966 3136 1010; x_wconf 88' lang='lat' dir='ltr'><strong>eum</strong></span> <span class='ocrx_word' id='word_1_158' title='bbox 3159 954 3256 1024; x_wconf 88' lang='lat' dir='ltr'><strong>qui</strong></span> <span class='ocrx_word' id='word_1_159' title='bbox 3282 953 3559 1019; x_wconf 85' lang='lat' dir='ltr'><strong>initiatur,</strong></span> 
     </span>
    </p>
   </div>
   <div class='ocr_carea' id='block_1_23' title="bbox 1903 1039 3560 1123">
    <p class='ocr_par' dir='ltr' id='par_1_23' title="bbox 1903 1039 3560 1123">
     <span class='ocr_line' id='line_1_23' title="bbox 1903 1039 3560 1123; baseline 0.004 -23"><span class='ocrx_word' id='word_1_160' title='bbox 1903 1042 2339 1122; x_wconf 69' lang='lat' dir='ltr'><strong>prmcipuorum</strong></span> <span class='ocrx_word' id='word_1_161' title='bbox 2368 1039 2474 1103; x_wconf 85' lang='lat' dir='ltr'><strong>Dei</strong></span> <span class='ocrx_word' id='word_1_162' title='bbox 2503 1040 2925 1121; x_wconf 72' lang='lat' dir='ltr'><strong>mysteriorum</strong></span> <span class='ocrx_word' id='word_1_163' title='bbox 2947 1041 3301 1123; x_wconf 83' lang='lat' dir='ltr'><strong>participem</strong></span> <span class='ocrx_word' id='word_1_164' title='bbox 3318 1043 3560 1116; x_wconf 74' lang='lat' dir='ltr'><strong>efﬁciat.</strong></span> 
     </span>
    </p>
   </div>
   <div class='ocr_carea' id='block_1_24' title="bbox 1893 1130 3567 1212">
    <p class='ocr_par' dir='ltr' id='par_1_24' title="bbox 1893 1130 3567 1212">
     <span class='ocr_line' id='line_1_24' title="bbox 1893 1130 3567 1212; baseline 0.002 -21"><span class='ocrx_word' id='word_1_165' title='bbox 1893 1131 2033 1211; x_wconf 82' lang='lat' dir='ltr'><strong>jure</strong></span> <span class='ocrx_word' id='word_1_166' title='bbox 2091 1130 2303 1193; x_wconf 88' lang='lat' dir='ltr'><strong>merito</strong></span> <span class='ocrx_word' id='word_1_167' title='bbox 2337 1130 2704 1211; x_wconf 89' lang='lat' dir='ltr'><strong>pontiﬁcalis</strong></span> <span class='ocrx_word' id='word_1_168' title='bbox 2763 1130 3016 1193; x_wconf 89' lang='lat' dir='ltr'><strong>scientia</strong></span> <span class='ocrx_word' id='word_1_169' title='bbox 3050 1131 3358 1212; x_wconf 90' lang='lat' dir='ltr'><strong>proprium</strong></span> <span class='ocrx_word' id='word_1_170' title='bbox 3392 1132 3479 1195; x_wconf 89' lang='lat' dir='ltr'><strong>illi</strong></span> <span class='ocrx_word' id='word_1_171' title='bbox 3531 1151 3567 1195; x_wconf 88' lang='lat' dir='ltr'><strong>a</strong></span> 
     </span>
    </p>
   </div>
   <div class='ocr_carea' id='block_1_25' title="bbox 1901 1219 3561 1301">
    <p class='ocr_par' dir='ltr' id='par_1_25' title="bbox 1901 1219 3561 1301">
     <span class='ocr_line' id='line_1_25' title="bbox 1901 1219 3561 1301; baseline 0.003 -21"><span class='ocrx_word' id='word_1_172' title='bbox 1901 1236 2099 1280; x_wconf 85' lang='lat' dir='ltr'><strong>rerum</strong></span> <span class='ocrx_word' id='word_1_173' title='bbox 2114 1219 2359 1280; x_wconf 85' lang='lat' dir='ltr'><strong>veritate</strong></span> <span class='ocrx_word' id='word_1_174' title='bbox 2374 1238 2592 1281; x_wconf 88' lang='lat' dir='ltr'><strong>nomen</strong></span> <span class='ocrx_word' id='word_1_175' title='bbox 2617 1219 2941 1282; x_wconf 84' lang='lat' dir='ltr'><strong>adinvenit:</strong></span> <span class='ocrx_word' id='word_1_176' title='bbox 2971 1220 3052 1282; x_wconf 90' lang='lat' dir='ltr'><strong>ita</strong></span> <span class='ocrx_word' id='word_1_177' title='bbox 3065 1239 3306 1301; x_wconf 90' lang='lat' dir='ltr'><strong>quoque</strong></span> <span class='ocrx_word' id='word_1_178' title='bbox 3327 1239 3561 1285; x_wconf 85' lang='lat' dir='ltr'><strong>sacram</strong></span> 
     </span>
    </p>
   </div>
   <div class='ocr_carea' id='block_1_26' title="bbox 1902 1310 3564 1395">
    <p class='ocr_par' dir='ltr' id='par_1_26' title="bbox 1902 1310 3564 1395">
     <span class='ocr_line' id='line_1_26' title="bbox 1902 1310 3564 1395; baseline 0.003 -23"><span class='ocrx_word' id='word_1_179' title='bbox 1902 1310 2117 1372; x_wconf 70' lang='lat' dir='ltr'><strong>divinae</strong></span> <span class='ocrx_word' id='word_1_180' title='bbox 2149 1311 2625 1390; x_wconf 79' lang='lat' dir='ltr'><strong>regenerationis</strong></span> <span class='ocrx_word' id='word_1_181' title='bbox 2658 1312 3082 1389; x_wconf 89' lang='lat' dir='ltr'><strong>initialionem,</strong></span> <span class='ocrx_word' id='word_1_182' title='bbox 3118 1313 3276 1394; x_wconf 93' lang='lat' dir='ltr'><strong>quod</strong></span> <span class='ocrx_word' id='word_1_183' title='bbox 3312 1313 3564 1395; x_wconf 86' lang='lat' dir='ltr'><strong>primam</strong></span> 
     </span>
    </p>
   </div>
   <div class='ocr_carea' id='block_1_27' title="bbox 1902 1400 3566 1479">
    <p class='ocr_par' dir='ltr' id='par_1_27' title="bbox 1902 1400 3566 1479">
     <span class='ocr_line' id='line_1_27' title="bbox 1902 1400 3566 1479; baseline 0.003 -17"><span class='ocrx_word' id='word_1_184' title='bbox 1902 1400 2094 1463; x_wconf 90' lang='lat' dir='ltr'><strong>lucem</strong></span> <span class='ocrx_word' id='word_1_185' title='bbox 2118 1400 2815 1479; x_wconf 85' lang='lat' dir='ltr'><strong>conferat,omniumqne</strong></span> <span class='ocrx_word' id='word_1_186' title='bbox 2842 1401 3176 1465; x_wconf 90' lang='lat' dir='ltr'><strong>divinarum</strong></span> <span class='ocrx_word' id='word_1_187' title='bbox 3213 1403 3566 1467; x_wconf 86' lang='lat' dir='ltr'><strong>illustratio-</strong></span> 
     </span>
    </p>
   </div>
   <div class='ocr_carea' id='block_1_28' title="bbox 1902 1490 3566 1562">
    <p class='ocr_par' dir='ltr' id='par_1_28' title="bbox 1902 1490 3566 1562">
     <span class='ocr_line' id='line_1_28' title="bbox 1902 1490 3566 1562; baseline 0.003 -14"><span class='ocrx_word' id='word_1_188' title='bbox 1902 1505 2040 1548; x_wconf 91' lang='lat' dir='ltr'><strong>num</strong></span> <span class='ocrx_word' id='word_1_189' title='bbox 2066 1492 2412 1562; x_wconf 89' lang='lat' dir='ltr'><strong>principium</strong></span> <span class='ocrx_word' id='word_1_190' title='bbox 2435 1491 2738 1557; x_wconf 81' lang='lat' dir='ltr'><strong>existat,ex</strong></span> <span class='ocrx_word' id='word_1_191' title='bbox 2770 1490 2979 1552; x_wconf 79' lang='lat' dir='ltr'><strong>eﬂ’ectu</strong></span> <span class='ocrx_word' id='word_1_192' title='bbox 3000 1508 3133 1551; x_wconf 86' lang='lat' dir='ltr'><strong>vero</strong></span> <span class='ocrx_word' id='word_1_193' title='bbox 3165 1492 3566 1553; x_wconf 87' lang='lat' dir='ltr'><strong>illustrationis</strong></span> 
     </span>
    </p>
   </div>
   <div class='ocr_carea' id='block_1_29' title="bbox 1906 1571 3568 1646">
    <p class='ocr_par' dir='ltr' id='par_1_29' title="bbox 1906 1571 3568 1646">
     <span class='ocr_line' id='line_1_29' title="bbox 1906 1571 3568 1646; baseline 0.004 -14"><span class='ocrx_word' id='word_1_194' title='bbox 1906 1572 2153 1634; x_wconf 81' lang='lat' dir='ltr'><strong>nomine</strong></span> <span class='ocrx_word' id='word_1_195' title='bbox 2199 1571 2601 1635; x_wconf 86' lang='lat' dir='ltr'><strong>celebramus.</strong></span> <span class='ocrx_word' id='word_1_196' title='bbox 2655 1572 2935 1646; x_wconf 86' lang='lat' dir='ltr'><strong>Quamvis</strong></span> <span class='ocrx_word' id='word_1_197' title='bbox 2980 1579 3137 1636; x_wconf 89' lang='lat' dir='ltr'><strong>enim</strong></span> <span class='ocrx_word' id='word_1_198' title='bbox 3197 1575 3375 1637; x_wconf 88' lang='lat' dir='ltr'><strong>etiam</strong></span> <span class='ocrx_word' id='word_1_199' title='bbox 3434 1576 3568 1639; x_wconf 89' lang='lat' dir='ltr'><strong>aliis</strong></span> 
     </span>
    </p>
   </div>
   <div class='ocr_carea' id='block_1_30' title="bbox 1906 1661 3569 1745">
    <p class='ocr_par' dir='ltr' id='par_1_30' title="bbox 1906 1661 3569 1745">
     <span class='ocr_line' id='line_1_30' title="bbox 1906 1661 3569 1745; baseline 0.003 -21"><span class='ocrx_word' id='word_1_200' title='bbox 1906 1661 2302 1725; x_wconf 86' lang='lat' dir='ltr'><strong>hierarcbicis</strong></span> <span class='ocrx_word' id='word_1_201' title='bbox 2351 1662 2760 1725; x_wconf 82' lang='lat' dir='ltr'><strong>functionibus</strong></span> <span class='ocrx_word' id='word_1_202' title='bbox 2790 1682 3109 1726; x_wconf 86' lang='lat' dir='ltr'><strong>commune</strong></span> <span class='ocrx_word' id='word_1_203' title='bbox 3172 1664 3270 1739; x_wconf 86' lang='lat' dir='ltr'><strong>sit,</strong></span> <span class='ocrx_word' id='word_1_204' title='bbox 3306 1683 3411 1728; x_wconf 83' lang='lat' dir='ltr'><strong>eos</strong></span> <span class='ocrx_word' id='word_1_205' title='bbox 3461 1664 3569 1745; x_wconf 90' lang='lat' dir='ltr'><strong>qui</strong></span> 
     </span>
    </p>
   </div>
   <div class='ocr_carea' id='block_1_31' title="bbox 1910 1750 3567 1832">
    <p class='ocr_par' dir='ltr' id='par_1_31' title="bbox 1910 1750 3567 1832">
     <span class='ocr_line' id='line_1_31' title="bbox 1910 1750 3567 1832; baseline 0.004 -19"><span class='ocrx_word' id='word_1_206' title='bbox 1910 1750 2223 1813; x_wconf 85' lang='lat' dir='ltr'><strong>initiantur</strong></span> <span class='ocrx_word' id='word_1_207' title='bbox 2250 1771 2435 1816; x_wconf 69' lang='lat' dir='ltr'><strong>sacras</strong></span> <span class='ocrx_word' id='word_1_208' title='bbox 2466 1753 2615 1815; x_wconf 89' lang='lat' dir='ltr'><strong>lucis</strong></span> <span class='ocrx_word' id='word_1_209' title='bbox 2673 1763 2985 1816; x_wconf 88' lang='lat' dir='ltr'><strong>consortes</strong></span> <span class='ocrx_word' id='word_1_210' title='bbox 3015 1754 3219 1817; x_wconf 86' lang='lat' dir='ltr'><strong>facere</strong></span> <span class='ocrx_word' id='word_1_211' title='bbox 3253 1775 3270 1832; x_wconf 87' lang='lat'><strong>;</strong></span> <span class='ocrx_word' id='word_1_212' title='bbox 3303 1765 3567 1820; x_wconf 83' lang='lat' dir='ltr'><strong>attamen</strong></span> 
     </span>
    </p>
   </div>
   <div class='ocr_carea' id='block_1_32' title="bbox 152 1842 1823 1930">
    <p class='ocr_par' dir='ltr' id='par_1_32' title="bbox 152 1848 1823 1930">
     <span class='ocr_line' id='line_1_32' title="bbox 152 1848 1823 1930; baseline 0.002 -22"><span class='ocrx_word' id='word_1_213' title='bbox 152 1852 538 1930; x_wconf 66' lang='grc' dir='ltr'>ἀρχαιοτάτου</span> <span class='ocrx_word' id='word_1_214' title='bbox 580 1852 756 1930; x_wconf 79' lang='grc' dir='ltr'>φωτὸς</span> <span class='ocrx_word' id='word_1_215' title='bbox 801 1849 886 1907; x_wconf 80' lang='grc' dir='ltr'>ἐπὶ</span> <span class='ocrx_word' id='word_1_216' title='bbox 918 1855 1014 1917; x_wconf 79' lang='grc' dir='ltr'>τὴν</span> <span class='ocrx_word' id='word_1_217' title='bbox 1056 1857 1165 1907; x_wconf 88' lang='grc' dir='ltr'><strong>τῶν</strong></span> <span class='ocrx_word' id='word_1_218' title='bbox 1192 1848 1259 1901; x_wconf 75' lang='grc'><strong>65</strong></span> <span class='ocrx_word' id='word_1_219' title='bbox 1300 1851 1479 1909; x_wconf 73' lang='grc' dir='ltr'>ἄλλων</span> <span class='ocrx_word' id='word_1_220' title='bbox 1508 1854 1660 1927; x_wconf 78' lang='grc' dir='ltr'>ἱερῶν</span> <span class='ocrx_word' id='word_1_221' title='bbox 1695 1854 1823 1911; x_wconf 79' lang='grc' dir='ltr'>ἑπο-</span> 
     </span>
    </p>
   </div>
   <div class='ocr_carea' id='block_1_33' title="bbox 1910 1842 3562 1930">
    <p class='ocr_par' dir='ltr' id='par_1_33' title="bbox 1920 1842 3562 1928">
     <span class='ocr_line' id='line_1_33' title="bbox 1920 1842 3562 1928; baseline 0.002 -24"><span class='ocrx_word' id='word_1_222' title='bbox 1920 1844 2043 1904; x_wconf 77' lang='lat' dir='ltr'><strong>liaec</strong></span> <span class='ocrx_word' id='word_1_223' title='bbox 2078 1842 2178 1903; x_wconf 89' lang='lat' dir='ltr'><strong>illa</strong></span> <span class='ocrx_word' id='word_1_224' title='bbox 2209 1852 2299 1905; x_wconf 90' lang='lat' dir='ltr'><strong>est</strong></span> <span class='ocrx_word' id='word_1_225' title='bbox 2331 1861 2462 1924; x_wconf 63' lang='lat' dir='ltr'><strong>quae</strong></span> <span class='ocrx_word' id='word_1_226' title='bbox 2516 1844 2771 1923; x_wconf 90' lang='lat' dir='ltr'><strong>primum</strong></span> <span class='ocrx_word' id='word_1_227' title='bbox 2809 1844 2954 1906; x_wconf 85' lang='lat' dir='ltr'><strong>mihi</strong></span> <span class='ocrx_word' id='word_1_228' title='bbox 2990 1844 3181 1907; x_wconf 85' lang='lat' dir='ltr'><strong>visum</strong></span> <span class='ocrx_word' id='word_1_229' title='bbox 3215 1845 3562 1928; x_wconf 82' lang='lat' dir='ltr'><strong>impertivit,</strong></span> 
     </span>
    </p>
   </div>
   <div class='ocr_carea' id='block_1_34' title="bbox 152 1939 1824 2019">
    <p class='ocr_par' dir='ltr' id='par_1_34' title="bbox 152 1939 1824 2019">
     <span class='ocr_line' id='line_1_34' title="bbox 152 1939 1824 2019; baseline 0.002 -24"><span class='ocrx_word' id='word_1_230' title='bbox 152 1942 283 2016; x_wconf 71' lang='grc' dir='ltr'>ψίαν</span> <span class='ocrx_word' id='word_1_231' title='bbox 346 1943 789 2019; x_wconf 67' lang='grc' dir='ltr'>φωταγωγοῦμαι</span> <span class='ocrx_word' id='word_1_232' title='bbox 819 1939 905 2005; x_wconf 72' lang='grc'><strong>66.</strong></span> <span class='ocrx_word' id='word_1_233' title='bbox 952 1948 1128 2000; x_wconf 82' lang='grc' dir='ltr'>Ταῦτα</span> <span class='ocrx_word' id='word_1_234' title='bbox 1170 1940 1226 1998; x_wconf 75' lang='grc' dir='ltr'><em>δὲ</em></span> <span class='ocrx_word' id='word_1_235' title='bbox 1286 1944 1547 2016; x_wconf 81' lang='grc' dir='ltr'>εἰπόντες,</span> <span class='ocrx_word' id='word_1_236' title='bbox 1589 1945 1824 2002; x_wconf 81' lang='grc' dir='ltr'>ἀνασκε-</span> 
     </span>
    </p>
   </div>
   <div class='ocr_carea' id='block_1_35' title="bbox 152 2028 1825 2110">
    <p class='ocr_par' dir='ltr' id='par_1_35' title="bbox 152 2028 1825 2110">
     <span class='ocr_line' id='line_1_35' title="bbox 152 2028 1825 2110; baseline 0.002 -25"><span class='ocrx_word' id='word_1_237' title='bbox 152 2029 387 2103; x_wconf 76' lang='grc' dir='ltr'>ψῶμεθα</span> <span class='ocrx_word' id='word_1_238' title='bbox 438 2031 528 2086; x_wconf 83' lang='grc' dir='ltr'><strong>καὶ</strong></span> <span class='ocrx_word' id='word_1_239' title='bbox 557 2028 858 2105; x_wconf 70' lang='grc' dir='ltr'>κατίδωμεν</span> <span class='ocrx_word' id='word_1_240' title='bbox 907 2033 1229 2110; x_wconf 76' lang='grc' dir='ltr'>ἱεραρχικῶς</span> <span class='ocrx_word' id='word_1_241' title='bbox 1268 2032 1366 2099; x_wconf 76' lang='grc' dir='ltr'><strong>τὴν</strong></span> <span class='ocrx_word' id='word_1_242' title='bbox 1427 2031 1543 2090; x_wconf 80' lang='grc' dir='ltr'>καθ’</span> <span class='ocrx_word' id='word_1_243' title='bbox 1600 2035 1825 2092; x_wconf 79' lang='grc' dir='ltr'>’ἑκαστον</span> 
     </span>
    </p>
   </div>
   <div class='ocr_carea' id='block_1_36' title="bbox 153 2115 1824 2201">
    <p class='ocr_par' dir='ltr' id='par_1_36' title="bbox 153 2115 1824 2201">
     <span class='ocr_line' id='line_1_36' title="bbox 153 2115 1824 2201; baseline 0.004 -27"><span class='ocrx_word' id='word_1_244' title='bbox 153 2115 352 2197; x_wconf 74' lang='grc' dir='ltr'>ἀκριϐῆ</span> <span class='ocrx_word' id='word_1_245' title='bbox 400 2119 500 2187; x_wconf 77' lang='grc' dir='ltr'><strong>τῆς</strong></span> <span class='ocrx_word' id='word_1_246' title='bbox 559 2118 867 2197; x_wconf 77' lang='grc' dir='ltr'>ἀγιωνᾶτης</span> <span class='ocrx_word' id='word_1_247' title='bbox 908 2119 1131 2189; x_wconf 76' lang='grc' dir='ltr'>τελετῆς</span> <span class='ocrx_word' id='word_1_248' title='bbox 1196 2123 1486 2201; x_wconf 74' lang='grc' dir='ltr'>ἱερουργίαν</span> <span class='ocrx_word' id='word_1_249' title='bbox 1538 2124 1627 2180; x_wconf 84' lang='grc' dir='ltr'><strong>καὶ</strong></span> <span class='ocrx_word' id='word_1_250' title='bbox 1684 2127 1824 2181; x_wconf 84' lang='grc' dir='ltr'>θεω-</span> 
     </span>
    </p>
   </div>
   <div class='ocr_carea' id='block_1_37' title="bbox 156 2210 292 2286">
    <p class='ocr_par' dir='ltr' id='par_1_37' title="bbox 156 2210 292 2286">
     <span class='ocr_line' id='line_1_37' title="bbox 156 2210 292 2286; baseline 0 -23"><span class='ocrx_word' id='word_1_251' title='bbox 156 2210 292 2286; x_wconf 79' lang='grc' dir='ltr'>ρίαν,</span> 
     </span>
    </p>
   </div>
   <div class='ocr_carea' id='block_1_38' title="bbox 323 2406 1661 2485">
    <p class='ocr_par' dir='ltr' id='par_1_38' title="bbox 323 2406 1661 2485">
     <span class='ocr_line' id='line_1_38' title="bbox 323 2406 1661 2485; baseline 0.001 -22"><span class='ocrx_word' id='word_1_252' title='bbox 323 2414 391 2463; x_wconf 82' lang='grc' dir='ltr'>ιι.</span> <span class='ocrx_word' id='word_1_253' title='bbox 454 2408 757 2485; x_wconf 74' lang='grc' dir='ltr'>Μυστήριον</span> <span class='ocrx_word' id='word_1_254' title='bbox 804 2406 1088 2473; x_wconf 79' lang='grc' dir='ltr'>συνάξεως.</span> <span class='ocrx_word' id='word_1_255' title='bbox 1136 2408 1316 2466; x_wconf 86' lang='grc' dir='ltr'>ε’ίτουν</span> <span class='ocrx_word' id='word_1_256' title='bbox 1360 2411 1661 2474; x_wconf 85' lang='grc' dir='ltr'>κοινωνίας.</span> 
     </span>
    </p>
   </div>
   <div class='ocr_carea' id='block_1_39' title="bbox 237 2520 1822 2608">
    <p class='ocr_par' dir='ltr' id='par_1_39' title="bbox 237 2520 1822 2608">
     <span class='ocr_line' id='line_1_39' title="bbox 237 2520 1822 2608; baseline -0.001 -21"><span class='ocrx_word' id='word_1_257' title='bbox 237 2520 297 2587; x_wconf 69' lang='grc' dir='ltr'>Ὀ</span> <span class='ocrx_word' id='word_1_258' title='bbox 351 2527 456 2604; x_wconf 75' lang='grc' dir='ltr'><strong>μὲν</strong></span> <span class='ocrx_word' id='word_1_259' title='bbox 505 2528 795 2608; x_wconf 74' lang='grc' dir='ltr'>ἱεράρχης,</span> <span class='ocrx_word' id='word_1_260' title='bbox 829 2529 995 2608; x_wconf 77' lang='grc' dir='ltr'>εὐχὴν</span> <span class='ocrx_word' id='word_1_261' title='bbox 1024 2530 1168 2608; x_wconf 68' lang='grc' dir='ltr'>ἱερὰν</span> <span class='ocrx_word' id='word_1_262' title='bbox 1211 2530 1296 2587; x_wconf 74' lang='grc' dir='ltr'><strong>ἐπὶ</strong></span> <span class='ocrx_word' id='word_1_263' title='bbox 1339 2540 1431 2589; x_wconf 80' lang='grc' dir='ltr'><strong>τοῦ</strong></span> <span class='ocrx_word' id='word_1_264' title='bbox 1457 2531 1595 2590; x_wconf 82' lang='grc' dir='ltr'>θείου</span> <span class='ocrx_word' id='word_1_265' title='bbox 1639 2534 1822 2587; x_wconf 72' lang='grc' dir='ltr'>θυσια-</span> 
     </span>
    </p>
   </div>
   <div class='ocr_carea' id='block_1_40' title="bbox 158 2617 1818 2699">
    <p class='ocr_par' dir='ltr' id='par_1_40' title="bbox 158 2617 1818 2699">
     <span class='ocr_line' id='line_1_40' title="bbox 158 2617 1818 2699; baseline 0.001 -24"><span class='ocrx_word' id='word_1_266' title='bbox 158 2621 376 2699; x_wconf 84' lang='grc' dir='ltr'>στηρίου</span> <span class='ocrx_word' id='word_1_267' title='bbox 464 2617 713 2693; x_wconf 82' lang='grc' dir='ltr'>τελέσας,</span> <span class='ocrx_word' id='word_1_268' title='bbox 773 2617 824 2683; x_wconf 68' lang='grc' dir='ltr'><strong>ἐξ</strong></span> <span class='ocrx_word' id='word_1_269' title='bbox 885 2620 1041 2676; x_wconf 77' lang='grc' dir='ltr'>α’ὺτοῠ</span> <span class='ocrx_word' id='word_1_270' title='bbox 1111 2627 1203 2678; x_wconf 77' lang='grc' dir='ltr'>τοῦ</span> <span class='ocrx_word' id='word_1_271' title='bbox 1260 2624 1448 2695; x_wconf 82' lang='grc' dir='ltr'>θυμιᾷν</span> <span class='ocrx_word' id='word_1_272' title='bbox 1506 2620 1818 2697; x_wconf 66' lang='grc' dir='ltr'>ἀρξάμενος,</span> 
     </span>
    </p>
   </div>
   <div class='ocr_carea' id='block_1_41' title="bbox 158 2707 1819 2790">
    <p class='ocr_par' dir='ltr' id='par_1_41' title="bbox 158 2707 1819 2790">
     <span class='ocr_line' id='line_1_41' title="bbox 158 2707 1819 2790; baseline -0.013 -22"><span class='ocrx_word' id='word_1_273' title='bbox 158 2712 239 2767; x_wconf 74' lang='grc' dir='ltr'><strong>ἰπὶ</strong></span> <span class='ocrx_word' id='word_1_274' title='bbox 283 2716 469 2766; x_wconf 79' lang='grc' dir='ltr'>πᾶσαν</span> <span class='ocrx_word' id='word_1_275' title='bbox 520 2707 739 2789; x_wconf 77' lang='grc' dir='ltr'>ἔρχεται</span> <span class='ocrx_word' id='word_1_276' title='bbox 771 2709 868 2776; x_wconf 75' lang='grc' dir='ltr'>τὴν</span> <span class='ocrx_word' id='word_1_277' title='bbox 914 2716 1003 2766; x_wconf 81' lang='grc' dir='ltr'>τοῦ</span> <span class='ocrx_word' id='word_1_278' title='bbox 1037 2712 1177 2787; x_wconf 80' lang='grc' dir='ltr'>ιεροῦ</span> <span class='ocrx_word' id='word_1_279' title='bbox 1226 2718 1408 2790; x_wconf 71' lang='grc' dir='ltr'>χωροῠ</span> <span class='ocrx_word' id='word_1_280' title='bbox 1436 2710 1499 2760; x_wconf 85' lang='lat'><strong>67</strong></span> <span class='ocrx_word' id='word_1_281' title='bbox 1528 2710 1819 2790; x_wconf 53' lang='grc' dir='ltr'><strong>περιοχδν.</strong></span> 
     </span>
    </p>
   </div>
   <div class='ocr_carea' id='block_1_42' title="bbox 160 2796 1822 2881">
    <p class='ocr_par' dir='ltr' id='par_1_42' title="bbox 160 2796 1822 2881">
     <span class='ocr_line' id='line_1_42' title="bbox 160 2796 1822 2881; baseline 0.001 -26"><span class='ocrx_word' id='word_1_282' title='bbox 160 2798 426 2862; x_wconf 73' lang='grc' dir='ltr'>ἀναλύσας</span> <span class='ocrx_word' id='word_1_283' title='bbox 473 2798 533 2853; x_wconf 79' lang='grc' dir='ltr'><strong>δὲ</strong></span> <span class='ocrx_word' id='word_1_284' title='bbox 577 2796 737 2854; x_wconf 71' lang='grc' dir='ltr'>πάλιν</span> <span class='ocrx_word' id='word_1_285' title='bbox 791 2799 877 2854; x_wconf 68' lang='grc' dir='ltr'><strong>ἰπὶ</strong></span> <span class='ocrx_word' id='word_1_286' title='bbox 934 2800 996 2855; x_wconf 83' lang='grc' dir='ltr'>τὸ</span> <span class='ocrx_word' id='word_1_287' title='bbox 1025 2801 1171 2855; x_wconf 75' lang='grc' dir='ltr'>θεῖον</span> <span class='ocrx_word' id='word_1_288' title='bbox 1212 2803 1609 2881; x_wconf 81' lang='grc' dir='ltr'>θυσιαστῆριον,</span> <span class='ocrx_word' id='word_1_289' title='bbox 1644 2801 1822 2880; x_wconf 74' lang='grc' dir='ltr'>ἀπάρ-</span> 
     </span>
    </p>
   </div>
   <div class='ocr_carea' id='block_1_43' title="bbox 164 2887 1821 2969">
    <p class='ocr_par' dir='ltr' id='par_1_43' title="bbox 164 2887 1821 2969">
     <span class='ocr_line' id='line_1_43' title="bbox 164 2887 1821 2969; baseline 0.001 -24"><span class='ocrx_word' id='word_1_290' title='bbox 164 2911 316 2969; x_wconf 76' lang='grc' dir='ltr'>χεται</span> <span class='ocrx_word' id='word_1_291' title='bbox 376 2893 480 2954; x_wconf 77' lang='grc' dir='ltr'>τῆς</span> <span class='ocrx_word' id='word_1_292' title='bbox 543 2890 685 2966; x_wconf 79' lang='grc' dir='ltr'>ἱερᾶς</span> <span class='ocrx_word' id='word_1_293' title='bbox 718 2891 822 2943; x_wconf 88' lang='grc' dir='ltr'><strong>τῶν</strong></span> <span class='ocrx_word' id='word_1_294' title='bbox 882 2887 1113 2963; x_wconf 80' lang='grc' dir='ltr'>ψαλμῶν</span> <span class='ocrx_word' id='word_1_295' title='bbox 1172 2888 1456 2965; x_wconf 77' lang='grc' dir='ltr'>μελῳδίας,</span> <span class='ocrx_word' id='word_1_296' title='bbox 1499 2888 1821 2963; x_wconf 76' lang='grc' dir='ltr'>συνᾳδούσης</span> 
     </span>
    </p>
   </div>
   <div class='ocr_carea' id='block_1_44' title="bbox 166 2977 1823 3056">
    <p class='ocr_par' dir='ltr' id='par_1_44' title="bbox 166 2977 1823 3056">
     <span class='ocr_line' id='line_1_44' title="bbox 166 2977 1823 3056; baseline 0.001 -21"><span class='ocrx_word' id='word_1_297' title='bbox 166 2982 299 3053; x_wconf 64' lang='grc' dir='ltr'>αὒτῴ</span> <span class='ocrx_word' id='word_1_298' title='bbox 326 2979 436 3045; x_wconf 67' lang='grc' dir='ltr'>τὴν</span> <span class='ocrx_word' id='word_1_299' title='bbox 482 2977 851 3053; x_wconf 71' lang='grc' dir='ltr'>ψαλμικὴνδδ</span> <span class='ocrx_word' id='word_1_300' title='bbox 894 2979 1189 3056; x_wconf 83' lang='grc' dir='ltr'>ἱερολογίαν</span> <span class='ocrx_word' id='word_1_301' title='bbox 1235 2979 1448 3047; x_wconf 72' lang='grc' dir='ltr'>ἀπάσης</span> <span class='ocrx_word' id='word_1_302' title='bbox 1492 2982 1587 3047; x_wconf 73' lang='grc' dir='ltr'>τῆς</span> <span class='ocrx_word' id='word_1_303' title='bbox 1621 2980 1823 3047; x_wconf 69' lang='grc' dir='ltr'>ἐκκληι-</span> 
     </span>
    </p>
   </div>
   <div class='ocr_carea' id='block_1_45' title="bbox 174 3066 1825 3149">
    <p class='ocr_par' dir='ltr' id='par_1_45' title="bbox 174 3066 1825 3149">
     <span class='ocr_line' id='line_1_45' title="bbox 174 3066 1825 3149; baseline 0.002 -26"><span class='ocrx_word' id='word_1_304' title='bbox 174 3070 443 3132; x_wconf 74' lang='grc' dir='ltr'>σιαστικῖς</span> <span class='ocrx_word' id='word_1_305' title='bbox 502 3066 934 3143; x_wconf 76' lang='grc' dir='ltr'>διακοσμήσεως.</span> <span class='ocrx_word' id='word_1_306' title='bbox 973 3067 1127 3137; x_wconf 77' lang='grc' dir='ltr'>Ἐξης</span> <span class='ocrx_word' id='word_1_307' title='bbox 1159 3067 1211 3123; x_wconf 74' lang='grc' dir='ltr'><strong>δὲ</strong></span> <span class='ocrx_word' id='word_1_308' title='bbox 1261 3068 1344 3126; x_wconf 78' lang='grc' dir='ltr'><strong>διὰ</strong></span> <span class='ocrx_word' id='word_1_309' title='bbox 1375 3077 1480 3126; x_wconf 81' lang='grc' dir='ltr'><strong>τῶν</strong></span> <span class='ocrx_word' id='word_1_310' title='bbox 1510 3070 1825 3149; x_wconf 71' lang='grc' dir='ltr'>λειτουργῶν</span> 
     </span>
    </p>
   </div>
   <div class='ocr_carea' id='block_1_46' title="bbox 171 3155 1828 3239">
    <p class='ocr_par' dir='ltr' id='par_1_46' title="bbox 171 3155 1828 3239">
     <span class='ocr_line' id='line_1_46' title="bbox 171 3155 1828 3239; baseline 0.002 -26"><span class='ocrx_word' id='word_1_311' title='bbox 171 3158 201 3223; x_wconf 85' lang='grc' dir='ltr'>ἡ</span> <span class='ocrx_word' id='word_1_312' title='bbox 247 3160 349 3213; x_wconf 87' lang='grc' dir='ltr'><strong>τῶν</strong></span> <span class='ocrx_word' id='word_1_313' title='bbox 392 3158 739 3238; x_wconf 73' lang='grc' dir='ltr'>ἆγιογράιρων</span> <span class='ocrx_word' id='word_1_314' title='bbox 770 3155 967 3214; x_wconf 84' lang='grc' dir='ltr'>δέλτων</span> <span class='ocrx_word' id='word_1_315' title='bbox 1018 3159 1316 3237; x_wconf 76' lang='grc' dir='ltr'>ἀνάγνωσις</span> <span class='ocrx_word' id='word_1_316' title='bbox 1349 3159 1650 3223; x_wconf 79' lang='grc' dir='ltr'>ἀκολούθως</span> <span class='ocrx_word' id='word_1_317' title='bbox 1682 3163 1828 3239; x_wconf 80' lang='grc' dir='ltr'>γίνε-</span> 
     </span>
    </p>
   </div>
   <div class='ocr_carea' id='block_1_47' title="bbox 1920 1932 3570 2013">
    <p class='ocr_par' dir='ltr' id='par_1_47' title="bbox 1920 1932 3570 2013">
     <span class='ocr_line' id='line_1_47' title="bbox 1920 1932 3570 2013; baseline 0.004 -21"><span class='ocrx_word' id='word_1_318' title='bbox 1920 1950 2143 2012; x_wconf 89' lang='lat' dir='ltr'><strong>perque</strong></span> <span class='ocrx_word' id='word_1_319' title='bbox 2202 1932 2362 1995; x_wconf 91' lang='lat' dir='ltr'><strong>illius</strong></span> <span class='ocrx_word' id='word_1_320' title='bbox 2422 1932 2616 1995; x_wconf 88' lang='lat' dir='ltr'><strong>lucem</strong></span> <span class='ocrx_word' id='word_1_321' title='bbox 2671 1932 3156 2013; x_wconf 89' lang='lat' dir='ltr'><strong>principaliorem</strong></span> <span class='ocrx_word' id='word_1_322' title='bbox 3229 1934 3301 1996; x_wconf 91' lang='lat' dir='ltr'><strong>ad</strong></span> <span class='ocrx_word' id='word_1_323' title='bbox 3353 1943 3570 1998; x_wconf 62' lang='lat' dir='ltr'><strong>caetera</strong></span> 
     </span>
    </p>
   </div>
   <div class='ocr_carea' id='block_1_48' title="bbox 1909 2022 3569 2105">
    <p class='ocr_par' dir='ltr' id='par_1_48' title="bbox 1909 2022 3569 2105">
     <span class='ocr_line' id='line_1_48' title="bbox 1909 2022 3569 2105; baseline 0.004 -24"><span class='ocrx_word' id='word_1_324' title='bbox 1909 2039 2150 2101; x_wconf 86' lang='lat' dir='ltr'><strong>quoque</strong></span> <span class='ocrx_word' id='word_1_325' title='bbox 2209 2040 2378 2085; x_wconf 90' lang='lat' dir='ltr'><strong>sacra</strong></span> <span class='ocrx_word' id='word_1_326' title='bbox 2409 2023 2749 2084; x_wconf 90' lang='lat' dir='ltr'><strong>contuenda</strong></span> <span class='ocrx_word' id='word_1_327' title='bbox 2803 2023 3005 2085; x_wconf 87' lang='lat' dir='ltr'><strong>lumen</strong></span> <span class='ocrx_word' id='word_1_328' title='bbox 3035 2023 3289 2105; x_wconf 87' lang='lat' dir='ltr'><strong>accipio.</strong></span> <span class='ocrx_word' id='word_1_329' title='bbox 3337 2022 3443 2087; x_wconf 83' lang='lat' dir='ltr'><strong>His</strong></span> <span class='ocrx_word' id='word_1_330' title='bbox 3486 2024 3569 2088; x_wconf 80' lang='lat' dir='ltr'><strong>ita</strong></span> 
     </span>
    </p>
   </div>
   <div class='ocr_carea' id='block_1_49' title="bbox 1909 2111 3571 2196">
    <p class='ocr_par' dir='ltr' id='par_1_49' title="bbox 1909 2111 3571 2196">
     <span class='ocr_line' id='line_1_49' title="bbox 1909 2111 3571 2196; baseline 0.005 -25"><span class='ocrx_word' id='word_1_331' title='bbox 1909 2111 2272 2187; x_wconf 76' lang='lat' dir='ltr'><strong>constitutis,</strong></span> <span class='ocrx_word' id='word_1_332' title='bbox 2338 2112 2803 2175; x_wconf 84' lang='lat' dir='ltr'><strong>consideremus</strong></span> <span class='ocrx_word' id='word_1_333' title='bbox 2866 2121 2925 2175; x_wconf 89' lang='lat' dir='ltr'><strong>et</strong></span> <span class='ocrx_word' id='word_1_334' title='bbox 2984 2113 3348 2196; x_wconf 88' lang='lat' dir='ltr'><strong>intueamur,</strong></span> <span class='ocrx_word' id='word_1_335' title='bbox 3398 2133 3571 2179; x_wconf 84' lang='lat' dir='ltr'><strong>more</strong></span> 
     </span>
    </p>
   </div>
   <div class='ocr_carea' id='block_1_50' title="bbox 1908 2201 3569 2287">
    <p class='ocr_par' dir='ltr' id='par_1_50' title="bbox 1908 2201 3569 2287">
     <span class='ocr_line' id='line_1_50' title="bbox 1908 2201 3569 2287; baseline 0.004 -26"><span class='ocrx_word' id='word_1_336' title='bbox 1908 2201 2315 2277; x_wconf 77' lang='lat' dir='ltr'><strong>hierarcliico,</strong></span> <span class='ocrx_word' id='word_1_337' title='bbox 2345 2202 2679 2283; x_wconf 89' lang='lat' dir='ltr'><strong>quemlibet</strong></span> <span class='ocrx_word' id='word_1_338' title='bbox 2698 2211 2969 2265; x_wconf 78' lang='lat' dir='ltr'><strong>exactum</strong></span> <span class='ocrx_word' id='word_1_339' title='bbox 2996 2204 3359 2267; x_wconf 90' lang='lat' dir='ltr'><strong>sanctissimi</strong></span> <span class='ocrx_word' id='word_1_340' title='bbox 3391 2205 3569 2287; x_wconf 86' lang='lat' dir='ltr'><strong>hujus</strong></span> 
     </span>
    </p>
   </div>
   <div class='ocr_carea' id='block_1_51' title="bbox 1906 2291 3121 2371">
    <p class='ocr_par' dir='ltr' id='par_1_51' title="bbox 1906 2291 3121 2371">
     <span class='ocr_line' id='line_1_51' title="bbox 1906 2291 3121 2371; baseline 0.001 -20"><span class='ocrx_word' id='word_1_341' title='bbox 1906 2291 2265 2353; x_wconf 84' lang='lat' dir='ltr'><strong>sacramenti</strong></span> <span class='ocrx_word' id='word_1_342' title='bbox 2295 2293 2478 2354; x_wconf 88' lang='lat' dir='ltr'><strong>ritum</strong></span> <span class='ocrx_word' id='word_1_343' title='bbox 2513 2300 2571 2354; x_wconf 94' lang='lat' dir='ltr'><strong>et</strong></span> <span class='ocrx_word' id='word_1_344' title='bbox 2601 2292 3121 2371; x_wconf 79' lang='lat' dir='ltr'><strong>signiﬁcationem.</strong></span> 
     </span>
    </p>
   </div>
   <div class='ocr_carea' id='block_1_52' title="bbox 2081 2401 3387 2476">
    <p class='ocr_par' dir='ltr' id='par_1_52' title="bbox 2081 2401 3387 2476">
     <span class='ocr_line' id='line_1_52' title="bbox 2081 2401 3387 2476; baseline 0.002 -17"><span class='ocrx_word' id='word_1_345' title='bbox 2081 2402 2131 2459; x_wconf 89' lang='lat' dir='ltr'><strong>ll</strong></span> <span class='ocrx_word' id='word_1_346' title='bbox 2186 2401 2504 2476; x_wconf 76' lang='lat' dir='ltr'><strong>Mysterium</strong></span> <span class='ocrx_word' id='word_1_347' title='bbox 2528 2419 2822 2476; x_wconf 70' lang='lat' dir='ltr'><strong>synaxeos,</strong></span> <span class='ocrx_word' id='word_1_348' title='bbox 2859 2419 2951 2462; x_wconf 73' lang='lat' dir='ltr'><strong>seu</strong></span> <span class='ocrx_word' id='word_1_349' title='bbox 2980 2404 3387 2462; x_wconf 75' lang='lat' dir='ltr'><strong>communionis.</strong></span> 
     </span>
    </p>
   </div>
   <div class='ocr_carea' id='block_1_53' title="bbox 1987 2525 3567 2606">
    <p class='ocr_par' dir='ltr' id='par_1_53' title="bbox 1987 2525 3567 2606">
     <span class='ocr_line' id='line_1_53' title="bbox 1987 2525 3567 2606; baseline -0.001 -18"><span class='ocrx_word' id='word_1_350' title='bbox 1987 2525 2259 2589; x_wconf 86' lang='lat' dir='ltr'><strong>Pontifex</strong></span> <span class='ocrx_word' id='word_1_351' title='bbox 2294 2545 2532 2606; x_wconf 90' lang='lat' dir='ltr'><strong>precem</strong></span> <span class='ocrx_word' id='word_1_352' title='bbox 2567 2546 2792 2590; x_wconf 84' lang='lat' dir='ltr'><strong>sacram</strong></span> <span class='ocrx_word' id='word_1_353' title='bbox 2819 2526 2892 2591; x_wconf 92' lang='lat' dir='ltr'><strong>ad</strong></span> <span class='ocrx_word' id='word_1_354' title='bbox 2916 2528 3101 2592; x_wconf 88' lang='lat' dir='ltr'><strong>altare</strong></span> <span class='ocrx_word' id='word_1_355' title='bbox 3130 2528 3235 2591; x_wconf 85' lang='lat' dir='ltr'><strong>Dei</strong></span> <span class='ocrx_word' id='word_1_356' title='bbox 3287 2528 3567 2593; x_wconf 88' lang='lat' dir='ltr'><strong>celebra-</strong></span> 
     </span>
    </p>
   </div>
   <div class='ocr_carea' id='block_1_54' title="bbox 1907 2616 3562 2696">
    <p class='ocr_par' dir='ltr' id='par_1_54' title="bbox 1907 2616 3562 2696">
     <span class='ocr_line' id='line_1_54' title="bbox 1907 2616 3562 2696; baseline 0.004 -19"><span class='ocrx_word' id='word_1_357' title='bbox 1907 2623 2092 2690; x_wconf 86' lang='lat' dir='ltr'><strong>tarus,</strong></span> <span class='ocrx_word' id='word_1_358' title='bbox 2125 2616 2198 2678; x_wconf 88' lang='lat' dir='ltr'><strong>ab</strong></span> <span class='ocrx_word' id='word_1_359' title='bbox 2234 2616 2506 2696; x_wconf 89' lang='lat' dir='ltr'><strong>ejusdem</strong></span> <span class='ocrx_word' id='word_1_360' title='bbox 2541 2617 2843 2681; x_wconf 82' lang='lat' dir='ltr'><strong>sufﬁtione</strong></span> <span class='ocrx_word' id='word_1_361' title='bbox 2871 2617 3113 2682; x_wconf 89' lang='lat' dir='ltr'><strong>initium</strong></span> <span class='ocrx_word' id='word_1_362' title='bbox 3145 2618 3398 2694; x_wconf 78' lang='lat' dir='ltr'><strong>faciens,</strong></span> <span class='ocrx_word' id='word_1_363' title='bbox 3421 2618 3562 2683; x_wconf 85' lang='lat' dir='ltr'><strong>uni-</strong></span> 
     </span>
    </p>
   </div>
   <div class='ocr_carea' id='block_1_55' title="bbox 1907 2705 3562 2785">
    <p class='ocr_par' dir='ltr' id='par_1_55' title="bbox 1907 2705 3562 2785">
     <span class='ocr_line' id='line_1_55' title="bbox 1907 2705 3562 2785; baseline 0.004 -20"><span class='ocrx_word' id='word_1_364' title='bbox 1907 2724 2140 2768; x_wconf 91' lang='lat' dir='ltr'><strong>versum</strong></span> <span class='ocrx_word' id='word_1_365' title='bbox 2175 2705 2389 2768; x_wconf 89' lang='lat' dir='ltr'><strong>circuit</strong></span> <span class='ocrx_word' id='word_1_366' title='bbox 2416 2707 2585 2768; x_wconf 88' lang='lat' dir='ltr'><strong>chori</strong></span> <span class='ocrx_word' id='word_1_367' title='bbox 2625 2707 2913 2769; x_wconf 88' lang='lat' dir='ltr'><strong>ambitum</strong></span> <span class='ocrx_word' id='word_1_368' title='bbox 2942 2731 2957 2785; x_wconf 84' lang='lat'><strong>;</strong></span> <span class='ocrx_word' id='word_1_369' title='bbox 2992 2710 3184 2771; x_wconf 83' lang='lat' dir='ltr'><strong>donec</strong></span> <span class='ocrx_word' id='word_1_370' title='bbox 3217 2728 3455 2771; x_wconf 91' lang='lat' dir='ltr'><strong>rursum</strong></span> <span class='ocrx_word' id='word_1_371' title='bbox 3486 2710 3562 2773; x_wconf 90' lang='lat' dir='ltr'><strong>ad</strong></span> 
     </span>
    </p>
   </div>
   <div class='ocr_carea' id='block_1_56' title="bbox 1907 2795 3562 2879">
    <p class='ocr_par' dir='ltr' id='par_1_56' title="bbox 1907 2795 3562 2879">
     <span class='ocr_line' id='line_1_56' title="bbox 1907 2795 3562 2879; baseline 0.002 -21"><span class='ocrx_word' id='word_1_372' title='bbox 1907 2796 2096 2858; x_wconf 88' lang='lat' dir='ltr'><strong>altare</strong></span> <span class='ocrx_word' id='word_1_373' title='bbox 2128 2796 2391 2857; x_wconf 89' lang='lat' dir='ltr'><strong>divinum</strong></span> <span class='ocrx_word' id='word_1_374' title='bbox 2440 2795 2712 2873; x_wconf 89' lang='lat' dir='ltr'><strong>rediens,</strong></span> <span class='ocrx_word' id='word_1_375' title='bbox 2746 2815 2981 2860; x_wconf 90' lang='lat' dir='ltr'><strong>sacrum</strong></span> <span class='ocrx_word' id='word_1_376' title='bbox 3011 2798 3147 2860; x_wconf 89' lang='lat' dir='ltr'><strong>inﬁt</strong></span> <span class='ocrx_word' id='word_1_377' title='bbox 3193 2798 3562 2879; x_wconf 83' lang='lat' dir='ltr'><strong>psalmorum</strong></span> 
     </span>
    </p>
   </div>
   <div class='ocr_carea' id='block_1_57' title="bbox 1909 2885 3565 2971">
    <p class='ocr_par' dir='ltr' id='par_1_57' title="bbox 1909 2885 3565 2971">
     <span class='ocr_line' id='line_1_57' title="bbox 1909 2885 3565 2971; baseline 0.003 -24"><span class='ocrx_word' id='word_1_378' title='bbox 1909 2886 2126 2967; x_wconf 81' lang='lat' dir='ltr'><strong>melos,</strong></span> <span class='ocrx_word' id='word_1_379' title='bbox 2150 2885 2312 2947; x_wconf 90' lang='lat' dir='ltr'><strong>omni</strong></span> <span class='ocrx_word' id='word_1_380' title='bbox 2345 2886 2558 2949; x_wconf 90' lang='lat' dir='ltr'><strong>ordine</strong></span> <span class='ocrx_word' id='word_1_381' title='bbox 2581 2887 2990 2949; x_wconf 81' lang='lat' dir='ltr'><strong>ecclesiastico</strong></span> <span class='ocrx_word' id='word_1_382' title='bbox 3012 2906 3241 2950; x_wconf 85' lang='lat' dir='ltr'><strong>sacram</strong></span> <span class='ocrx_word' id='word_1_383' title='bbox 3274 2889 3389 2971; x_wconf 88' lang='lat' dir='ltr'><strong>ipsi</strong></span> <span class='ocrx_word' id='word_1_384' title='bbox 3410 2889 3565 2969; x_wconf 77' lang='lat' dir='ltr'><strong>psal.</strong></span> 
     </span>
    </p>
   </div>
   <div class='ocr_carea' id='block_1_58' title="bbox 1912 2974 3563 3042">
    <p class='ocr_par' dir='ltr' id='par_1_58' title="bbox 1912 2974 3563 3042">
     <span class='ocr_line' id='line_1_58' title="bbox 1912 2974 3563 3042; baseline 0.004 -7"><span class='ocrx_word' id='word_1_385' title='bbox 1912 2975 2171 3035; x_wconf 88' lang='lat' dir='ltr'><strong>modiam</strong></span> <span class='ocrx_word' id='word_1_386' title='bbox 2201 2976 2566 3037; x_wconf 88' lang='lat' dir='ltr'><strong>succinente.</strong></span> <span class='ocrx_word' id='word_1_387' title='bbox 2605 2974 2716 3038; x_wconf 88' lang='lat' dir='ltr'><strong>Per</strong></span> <span class='ocrx_word' id='word_1_388' title='bbox 2745 2974 3052 3038; x_wconf 87' lang='lat' dir='ltr'><strong>ministros</strong></span> <span class='ocrx_word' id='word_1_389' title='bbox 3095 2976 3312 3040; x_wconf 81' lang='lat' dir='ltr'><strong>exinde</strong></span> <span class='ocrx_word' id='word_1_390' title='bbox 3343 2997 3563 3042; x_wconf 89' lang='lat' dir='ltr'><strong>conse-</strong></span> 
     </span>
    </p>
   </div>
   <div class='ocr_carea' id='block_1_59' title="bbox 1912 3065 3565 3145">
    <p class='ocr_par' dir='ltr' id='par_1_59' title="bbox 1912 3065 3565 3145">
     <span class='ocr_line' id='line_1_59' title="bbox 1912 3065 3565 3145; baseline 0.004 -21"><span class='ocrx_word' id='word_1_391' title='bbox 1912 3075 2166 3144; x_wconf 82' lang='lat' dir='ltr'><strong>quenter</strong></span> <span class='ocrx_word' id='word_1_392' title='bbox 2198 3082 2498 3126; x_wconf 89' lang='lat' dir='ltr'><strong>sacrarum</strong></span> <span class='ocrx_word' id='word_1_393' title='bbox 2550 3065 2988 3143; x_wconf 66' lang='lat' dir='ltr'><strong>Scripturarum</strong></span> <span class='ocrx_word' id='word_1_394' title='bbox 3023 3067 3198 3129; x_wconf 90' lang='lat' dir='ltr'><strong>lectio</strong></span> <span class='ocrx_word' id='word_1_395' title='bbox 3229 3068 3517 3131; x_wconf 88' lang='lat' dir='ltr'><strong>recitatur</strong></span> <span class='ocrx_word' id='word_1_396' title='bbox 3547 3088 3565 3145; x_wconf 84' lang='lat'><strong>;</strong></span> 
     </span>
    </p>
   </div>
   <div class='ocr_carea' id='block_1_60' title="bbox 1913 3154 3570 3235">
    <p class='ocr_par' dir='ltr' id='par_1_60' title="bbox 1913 3154 3570 3235">
     <span class='ocr_line' id='line_1_60' title="bbox 1913 3154 3570 3235; baseline 0.004 -20"><span class='ocrx_word' id='word_1_397' title='bbox 1913 3172 2029 3235; x_wconf 90' lang='lat' dir='ltr'><strong>qua</strong></span> <span class='ocrx_word' id='word_1_398' title='bbox 2060 3154 2243 3230; x_wconf 88' lang='lat' dir='ltr'><strong>ﬁnita,</strong></span> <span class='ocrx_word' id='word_1_399' title='bbox 2271 3173 2440 3216; x_wconf 87' lang='lat' dir='ltr'><strong>sacro</strong></span> <span class='ocrx_word' id='word_1_400' title='bbox 2477 3155 2704 3216; x_wconf 89' lang='lat' dir='ltr'><strong>ambitu</strong></span> <span class='ocrx_word' id='word_1_401' title='bbox 2735 3161 3021 3219; x_wconf 87' lang='lat' dir='ltr'><strong>arcentur</strong></span> <span class='ocrx_word' id='word_1_402' title='bbox 3041 3158 3481 3233; x_wconf 90' lang='lat' dir='ltr'><strong>catechumeni,</strong></span> <span class='ocrx_word' id='word_1_403' title='bbox 3507 3167 3570 3222; x_wconf 80' lang='lat' dir='ltr'><strong>et</strong></span> 
     </span>
    </p>
   </div>
   <div class='ocr_carea' id='block_1_61' title="bbox 162 3242 1823 3330">
    <p class='ocr_par' dir='ltr' id='par_1_61' title="bbox 162 3245 1823 3330">
     <span class='ocr_line' id='line_1_61' title="bbox 162 3245 1823 3330; baseline 0.002 -27"><span class='ocrx_word' id='word_1_404' title='bbox 162 3263 268 3304; x_wconf 73' lang='lat' dir='ltr'><strong>tn‘</strong></span> <span class='ocrx_word' id='word_1_405' title='bbox 312 3249 404 3303; x_wconf 76' lang='grc' dir='ltr'><strong>καὶ</strong></span> <span class='ocrx_word' id='word_1_406' title='bbox 435 3248 577 3322; x_wconf 75' lang='grc' dir='ltr'>μετὰ</span> <span class='ocrx_word' id='word_1_407' title='bbox 605 3247 796 3310; x_wconf 69' lang='grc' dir='ltr'>ταύτας</span> <span class='ocrx_word' id='word_1_408' title='bbox 828 3245 927 3313; x_wconf 75' lang='grc' dir='ltr'><strong>ἔξω</strong></span> <span class='ocrx_word' id='word_1_409' title='bbox 959 3249 1227 3325; x_wconf 79' lang='grc' dir='ltr'>γίγνονται</span> <span class='ocrx_word' id='word_1_410' title='bbox 1251 3254 1350 3317; x_wconf 76' lang='grc' dir='ltr'>τῆς</span> <span class='ocrx_word' id='word_1_411' title='bbox 1380 3251 1522 3328; x_wconf 80' lang='grc' dir='ltr'>ίερας</span> <span class='ocrx_word' id='word_1_412' title='bbox 1552 3255 1823 3330; x_wconf 81' lang='grc' dir='ltr'>περιοχῆς</span> 
     </span>
    </p>
   </div>
   <div class='ocr_carea' id='block_1_62' title="bbox 1910 3242 3567 3330">
    <p class='ocr_par' dir='ltr' id='par_1_62' title="bbox 1915 3242 3567 3325">
     <span class='ocr_line' id='line_1_62' title="bbox 1915 3242 3567 3325; baseline 0.003 -20"><span class='ocrx_word' id='word_1_413' title='bbox 1915 3262 2048 3305; x_wconf 89' lang='lat' dir='ltr'><strong>cum</strong></span> <span class='ocrx_word' id='word_1_414' title='bbox 2082 3242 2156 3304; x_wconf 90' lang='lat' dir='ltr'><strong>iis</strong></span> <span class='ocrx_word' id='word_1_415' title='bbox 2187 3243 2578 3322; x_wconf 86' lang='lat' dir='ltr'><strong>energumeni</strong></span> <span class='ocrx_word' id='word_1_416' title='bbox 2607 3264 2675 3307; x_wconf 92' lang='lat' dir='ltr'><strong>ac</strong></span> <span class='ocrx_word' id='word_1_417' title='bbox 2708 3246 3087 3325; x_wconf 71' lang='lat' dir='ltr'><strong>poenitentes,</strong></span> <span class='ocrx_word' id='word_1_418' title='bbox 3122 3247 3247 3309; x_wconf 89' lang='lat' dir='ltr'><strong>illis</strong></span> <span class='ocrx_word' id='word_1_419' title='bbox 3286 3248 3388 3325; x_wconf 87' lang='lat' dir='ltr'><strong>qui</strong></span> <span class='ocrx_word' id='word_1_420' title='bbox 3421 3248 3567 3310; x_wconf 84' lang='lat' dir='ltr'><strong>divi-</strong></span> 
     </span>
    </p>
   </div>
   <div class='ocr_carea' id='block_1_63' title="bbox 162 3337 1827 3418">
    <p class='ocr_par' dir='ltr' id='par_1_63' title="bbox 162 3337 1827 3418">
     <span class='ocr_line' id='line_1_63' title="bbox 162 3337 1827 3418; baseline 0.002 -25"><span class='ocrx_word' id='word_1_421' title='bbox 162 3340 204 3393; x_wconf 75' lang='lat' dir='ltr'><strong>oi</strong></span> <span class='ocrx_word' id='word_1_422' title='bbox 263 3338 710 3417; x_wconf 75' lang='grc' dir='ltr'>κατηχούμενοι,</span> <span class='ocrx_word' id='word_1_423' title='bbox 769 3337 857 3393; x_wconf 82' lang='grc' dir='ltr'><strong>καὶ</strong></span> <span class='ocrx_word' id='word_1_424' title='bbox 922 3339 1054 3414; x_wconf 85' lang='grc' dir='ltr'>πρὸς</span> <span class='ocrx_word' id='word_1_425' title='bbox 1116 3338 1297 3403; x_wconf 67' lang='grc' dir='ltr'>αὐτοῖς</span> <span class='ocrx_word' id='word_1_426' title='bbox 1358 3340 1404 3396; x_wconf 78' lang='grc' dir='ltr'>οἱ</span> <span class='ocrx_word' id='word_1_427' title='bbox 1462 3339 1827 3418; x_wconf 80' lang='grc' dir='ltr'>ἑνεργούμενοι</span> 
     </span>
    </p>
   </div>
   <div class='ocr_carea' id='block_1_64' title="bbox 160 3426 1827 3504">
    <p class='ocr_par' dir='ltr' id='par_1_64' title="bbox 160 3426 1827 3504">
     <span class='ocr_line' id='line_1_64' title="bbox 160 3426 1827 3504; baseline 0.002 -21"><span class='ocrx_word' id='word_1_428' title='bbox 160 3426 250 3483; x_wconf 72' lang='grc' dir='ltr'><strong>καῖ</strong></span> <span class='ocrx_word' id='word_1_429' title='bbox 308 3429 356 3484; x_wconf 70' lang='grc' dir='ltr'>οἱ</span> <span class='ocrx_word' id='word_1_430' title='bbox 403 3428 461 3483; x_wconf 73' lang='grc' dir='ltr'>ἐν</span> <span class='ocrx_word' id='word_1_431' title='bbox 508 3426 763 3502; x_wconf 77' lang='grc' dir='ltr'>μετανοίᾳ</span> <span class='ocrx_word' id='word_1_432' title='bbox 826 3428 994 3504; x_wconf 75' lang='grc' dir='ltr'>ὄντες,</span> <span class='ocrx_word' id='word_1_433' title='bbox 1060 3427 1276 3502; x_wconf 80' lang='grc' dir='ltr'>μένουσι</span> <span class='ocrx_word' id='word_1_434' title='bbox 1321 3426 1374 3483; x_wconf 76' lang='grc' dir='ltr'><strong>δὲ</strong></span> <span class='ocrx_word' id='word_1_435' title='bbox 1419 3431 1466 3485; x_wconf 85' lang='grc' dir='ltr'>οἱ</span> <span class='ocrx_word' id='word_1_436' title='bbox 1524 3431 1619 3495; x_wconf 73' lang='grc' dir='ltr'>τῆς</span> <span class='ocrx_word' id='word_1_437' title='bbox 1677 3430 1827 3487; x_wconf 85' lang='grc' dir='ltr'>θείων</span> 
     </span>
    </p>
   </div>
   <div class='ocr_carea' id='block_1_65' title="bbox 158 3514 1828 3595">
    <p class='ocr_par' dir='ltr' id='par_1_65' title="bbox 158 3514 1828 3595">
     <span class='ocr_line' id='line_1_65' title="bbox 158 3514 1828 3595; baseline -0.001 -24"><span class='ocrx_word' id='word_1_438' title='bbox 158 3515 389 3591; x_wconf 72' lang='grc' dir='ltr'>ἰποψίας</span> <span class='ocrx_word' id='word_1_439' title='bbox 457 3517 544 3572; x_wconf 73' lang='grc' dir='ltr'><strong>καὶ</strong></span> <span class='ocrx_word' id='word_1_440' title='bbox 592 3514 863 3578; x_wconf 75' lang='grc' dir='ltr'>κοινωνίας</span> <span class='ocrx_word' id='word_1_441' title='bbox 923 3514 1080 3580; x_wconf 73' lang='grc' dir='ltr'>ἄξιοι.</span> <span class='ocrx_word' id='word_1_442' title='bbox 1143 3523 1259 3573; x_wconf 85' lang='grc' dir='ltr'><strong>Τῶν</strong></span> <span class='ocrx_word' id='word_1_443' title='bbox 1303 3514 1621 3595; x_wconf 82' lang='grc' dir='ltr'>λειτουργῶν</span> <span class='ocrx_word' id='word_1_444' title='bbox 1668 3514 1724 3572; x_wconf 74' lang='grc' dir='ltr'><strong>δὲ</strong></span> <span class='ocrx_word' id='word_1_445' title='bbox 1784 3517 1828 3573; x_wconf 79' lang='grc' dir='ltr'>οἱ</span> 
     </span>
    </p>
   </div>
   <div class='ocr_carea' id='block_1_66' title="bbox 161 3604 1827 3685">
    <p class='ocr_par' dir='ltr' id='par_1_66' title="bbox 161 3604 1827 3685">
     <span class='ocr_line' id='line_1_66' title="bbox 161 3604 1827 3685; baseline 0 -24"><span class='ocrx_word' id='word_1_446' title='bbox 161 3607 253 3683; x_wconf 78' lang='grc' dir='ltr'><strong>μὲν</strong></span> <span class='ocrx_word' id='word_1_447' title='bbox 305 3607 500 3662; x_wconf 76' lang='grc' dir='ltr'>ἑστᾶσι</span> <span class='ocrx_word' id='word_1_448' title='bbox 546 3606 691 3685; x_wconf 85' lang='grc' dir='ltr'>παρὰ</span> <span class='ocrx_word' id='word_1_449' title='bbox 736 3606 827 3671; x_wconf 78' lang='grc' dir='ltr'>τὰς</span> <span class='ocrx_word' id='word_1_450' title='bbox 869 3614 961 3663; x_wconf 78' lang='grc' dir='ltr'>τοῦ</span> <span class='ocrx_word' id='word_1_451' title='bbox 1011 3607 1148 3682; x_wconf 76' lang='grc' dir='ltr'>ἱεροῦ</span> <span class='ocrx_word' id='word_1_452' title='bbox 1191 3604 1360 3670; x_wconf 83' lang='grc' dir='ltr'>πύλας</span> <span class='ocrx_word' id='word_1_453' title='bbox 1404 3604 1827 3684; x_wconf 83' lang='grc' dir='ltr'>συγκεκλεισμέ-</span> 
     </span>
    </p>
   </div>
   <div class='ocr_carea' id='block_1_67' title="bbox 161 3692 1824 3776">
    <p class='ocr_par' dir='ltr' id='par_1_67' title="bbox 161 3692 1824 3776">
     <span class='ocr_line' id='line_1_67' title="bbox 161 3692 1824 3776; baseline 0.002 -24"><span class='ocrx_word' id='word_1_454' title='bbox 161 3719 275 3770; x_wconf 85' lang='grc' dir='ltr'>νας,</span> <span class='ocrx_word' id='word_1_455' title='bbox 309 3697 360 3751; x_wconf 75' lang='grc' dir='ltr'>οἱ</span> <span class='ocrx_word' id='word_1_456' title='bbox 392 3692 452 3751; x_wconf 74' lang='grc' dir='ltr'><strong>δὲ</strong></span> <span class='ocrx_word' id='word_1_457' title='bbox 496 3693 630 3752; x_wconf 74' lang='grc' dir='ltr'>ἄλλο</span> <span class='ocrx_word' id='word_1_458' title='bbox 674 3718 723 3751; x_wconf 89' lang='grc' dir='ltr'><strong>τι</strong></span> <span class='ocrx_word' id='word_1_459' title='bbox 754 3697 858 3750; x_wconf 86' lang='grc' dir='ltr'><strong>τῶν</strong></span> <span class='ocrx_word' id='word_1_460' title='bbox 888 3699 986 3761; x_wconf 83' lang='grc' dir='ltr'>τῆς</span> <span class='ocrx_word' id='word_1_461' title='bbox 1032 3696 1229 3759; x_wconf 78' lang='grc' dir='ltr'>οἰκείας</span> <span class='ocrx_word' id='word_1_462' title='bbox 1263 3694 1459 3761; x_wconf 78' lang='grc' dir='ltr'>τάξεως</span> <span class='ocrx_word' id='word_1_463' title='bbox 1505 3696 1824 3776; x_wconf 77' lang='grc' dir='ltr'>ἐνεργοῦσιν.</span> 
     </span>
    </p>
   </div>
   <div class='ocr_carea' id='block_1_68' title="bbox 160 3783 1828 3865">
    <p class='ocr_par' dir='ltr' id='par_1_68' title="bbox 160 3783 1828 3865">
     <span class='ocr_line' id='line_1_68' title="bbox 160 3783 1828 3865; baseline -0.001 -20"><span class='ocrx_word' id='word_1_464' title='bbox 160 3789 218 3845; x_wconf 74' lang='grc' dir='ltr'><strong>Οἱ</strong></span> <span class='ocrx_word' id='word_1_465' title='bbox 275 3785 335 3842; x_wconf 79' lang='grc' dir='ltr'><strong>δὲ</strong></span> <span class='ocrx_word' id='word_1_466' title='bbox 385 3785 489 3853; x_wconf 79' lang='grc' dir='ltr'>τῆς</span> <span class='ocrx_word' id='word_1_467' title='bbox 551 3785 919 3865; x_wconf 82' lang='grc' dir='ltr'>λειτουργικῆς</span> <span class='ocrx_word' id='word_1_468' title='bbox 986 3783 1392 3859; x_wconf 70' lang='grc' dir='ltr'>διακοσμήσεως</span> <span class='ocrx_word' id='word_1_469' title='bbox 1449 3785 1678 3865; x_wconf 76' lang='grc' dir='ltr'>ἔκκριτοι</span> <span class='ocrx_word' id='word_1_470' title='bbox 1736 3788 1828 3844; x_wconf 81' lang='grc' dir='ltr'><strong>σὺν</strong></span> 
     </span>
    </p>
   </div>
   <div class='ocr_carea' id='block_1_69' title="bbox 158 3876 1827 3956">
    <p class='ocr_par' dir='ltr' id='par_1_69' title="bbox 158 3876 1827 3956">
     <span class='ocr_line' id='line_1_69' title="bbox 158 3876 1827 3956; baseline 0.001 -24"><span class='ocrx_word' id='word_1_471' title='bbox 158 3890 278 3941; x_wconf 78' lang='grc' dir='ltr'>τοῖς</span> <span class='ocrx_word' id='word_1_472' title='bbox 337 3879 571 3956; x_wconf 78' lang='grc' dir='ltr'>ἱερεῦσιν</span> <span class='ocrx_word' id='word_1_473' title='bbox 603 3876 694 3931; x_wconf 75' lang='grc' dir='ltr'><strong>ἐπὶ</strong></span> <span class='ocrx_word' id='word_1_474' title='bbox 756 3877 849 3933; x_wconf 85' lang='grc' dir='ltr'>τοῦ</span> <span class='ocrx_word' id='word_1_475' title='bbox 906 3879 1045 3935; x_wconf 87' lang='grc' dir='ltr'>θείου</span> <span class='ocrx_word' id='word_1_476' title='bbox 1101 3876 1473 3955; x_wconf 68' lang='grc' dir='ltr'>θυσιαστηρίου</span> <span class='ocrx_word' id='word_1_477' title='bbox 1523 3876 1827 3956; x_wconf 74' lang='grc' dir='ltr'>προτιθέασι</span> 
     </span>
    </p>
   </div>
   <div class='ocr_carea' id='block_1_70' title="bbox 157 3964 1828 4047">
    <p class='ocr_par' dir='ltr' id='par_1_70' title="bbox 157 3964 1828 4047">
     <span class='ocr_line' id='line_1_70' title="bbox 157 3964 1828 4047; baseline 0.002 -26"><span class='ocrx_word' id='word_1_478' title='bbox 157 3968 249 4023; x_wconf 76' lang='grc' dir='ltr'><strong>τὸν</strong></span> <span class='ocrx_word' id='word_1_479' title='bbox 277 3968 427 4044; x_wconf 75' lang='grc' dir='ltr'>ἱερὸν</span> <span class='ocrx_word' id='word_1_480' title='bbox 488 3964 779 4038; x_wconf 77' lang='grc' dir='ltr'>ἅρτονκαὶ</span> <span class='ocrx_word' id='word_1_481' title='bbox 820 3968 882 4023; x_wconf 81' lang='grc' dir='ltr'>τὸ</span> <span class='ocrx_word' id='word_1_482' title='bbox 926 3972 1025 4035; x_wconf 77' lang='grc' dir='ltr'><strong>τῆς</strong></span> <span class='ocrx_word' id='word_1_483' title='bbox 1070 3964 1307 4044; x_wconf 74' lang='grc' dir='ltr'>εὖλογίας</span> <span class='ocrx_word' id='word_1_484' title='bbox 1350 3967 1627 4047; x_wconf 89' lang='grc' dir='ltr'>ποτήριον,</span> <span class='ocrx_word' id='word_1_485' title='bbox 1660 3989 1828 4045; x_wconf 82' lang='grc' dir='ltr'>προο-</span> 
     </span>
    </p>
   </div>
   <div class='ocr_carea' id='block_1_71' title="bbox 159 4055 1829 4136">
    <p class='ocr_par' dir='ltr' id='par_1_71' title="bbox 159 4055 1829 4136">
     <span class='ocr_line' id='line_1_71' title="bbox 159 4055 1829 4136; baseline 0.001 -25"><span class='ocrx_word' id='word_1_486' title='bbox 159 4055 565 4135; x_wconf 76' lang='grc' dir='ltr'>μολογηθείσης</span> <span class='ocrx_word' id='word_1_487' title='bbox 621 4056 725 4112; x_wconf 84' lang='grc' dir='ltr'><strong>ὑπὸ</strong></span> <span class='ocrx_word' id='word_1_488' title='bbox 782 4058 981 4121; x_wconf 81' lang='grc' dir='ltr'>παντὸς</span> <span class='ocrx_word' id='word_1_489' title='bbox 1034 4064 1127 4114; x_wconf 80' lang='grc' dir='ltr'>τοῦ</span> <span class='ocrx_word' id='word_1_490' title='bbox 1185 4060 1284 4123; x_wconf 80' lang='grc' dir='ltr'><strong>τῆς</strong></span> <span class='ocrx_word' id='word_1_491' title='bbox 1337 4055 1650 4136; x_wconf 75' lang='grc' dir='ltr'>ἐκκλησίας,</span> <span class='ocrx_word' id='word_1_492' title='bbox 1684 4056 1829 4124; x_wconf 82' lang='grc' dir='ltr'>πλη-</span> 
     </span>
    </p>
   </div>
   <div class='ocr_carea' id='block_1_72' title="bbox 158 4143 1827 4226">
    <p class='ocr_par' dir='ltr' id='par_1_72' title="bbox 158 4143 1827 4226">
     <span class='ocr_line' id='line_1_72' title="bbox 158 4143 1827 4226; baseline 0.002 -24"><span class='ocrx_word' id='word_1_493' title='bbox 158 4146 415 4221; x_wconf 81' lang='grc' dir='ltr'>ρώματος</span> <span class='ocrx_word' id='word_1_494' title='bbox 465 4148 564 4213; x_wconf 76' lang='grc' dir='ltr'><strong>τῆς</strong></span> <span class='ocrx_word' id='word_1_495' title='bbox 594 4143 883 4214; x_wconf 80' lang='grc' dir='ltr'>καθολικῆς</span> <span class='ocrx_word' id='word_1_496' title='bbox 928 4144 1272 4223; x_wconf 80' lang='grc' dir='ltr'>ὑμνολογίας.</span> <span class='ocrx_word' id='word_1_497' title='bbox 1325 4148 1459 4226; x_wconf 86' lang='grc' dir='ltr'>Πρὸς</span> <span class='ocrx_word' id='word_1_498' title='bbox 1489 4150 1572 4212; x_wconf 83' lang='grc' dir='ltr'>οἷς</span> <span class='ocrx_word' id='word_1_499' title='bbox 1605 4150 1633 4203; x_wconf 81' lang='grc' dir='ltr'>ὁ</span> <span class='ocrx_word' id='word_1_500' title='bbox 1681 4150 1827 4213; x_wconf 76' lang='grc' dir='ltr'>θεῖος</span> 
     </span>
    </p>
   </div>
   <div class='ocr_carea' id='block_1_73' title="bbox 157 4236 1826 4316">
    <p class='ocr_par' dir='ltr' id='par_1_73' title="bbox 157 4236 1826 4316">
     <span class='ocr_line' id='line_1_73' title="bbox 157 4236 1826 4316; baseline 0.001 -24"><span class='ocrx_word' id='word_1_501' title='bbox 157 4237 427 4316; x_wconf 81' lang='grc' dir='ltr'>ἱεράρχης</span> <span class='ocrx_word' id='word_1_502' title='bbox 482 4236 653 4316; x_wconf 75' lang='grc' dir='ltr'>εὐχὴν</span> <span class='ocrx_word' id='word_1_503' title='bbox 717 4238 860 4315; x_wconf 76' lang='grc' dir='ltr'>ἱερὰν</span> <span class='ocrx_word' id='word_1_504' title='bbox 917 4236 1088 4313; x_wconf 81' lang='grc' dir='ltr'>τελεῖ,</span> <span class='ocrx_word' id='word_1_505' title='bbox 1124 4236 1221 4293; x_wconf 70' lang='grc' dir='ltr'>καὶ</span> <span class='ocrx_word' id='word_1_506' title='bbox 1264 4237 1362 4306; x_wconf 79' lang='grc' dir='ltr'><strong>τὴν</strong></span> <span class='ocrx_word' id='word_1_507' title='bbox 1406 4238 1559 4315; x_wconf 81' lang='grc' dir='ltr'>ἁγίαν</span> <span class='ocrx_word' id='word_1_508' title='bbox 1611 4238 1826 4316; x_wconf 76' lang='grc' dir='ltr'>εἰρήνην</span> 
     </span>
    </p>
   </div>
   <div class='ocr_carea' id='block_1_74' title="bbox 158 4324 1826 4403">
    <p class='ocr_par' dir='ltr' id='par_1_74' title="bbox 158 4324 1826 4403">
     <span class='ocr_line' id='line_1_74' title="bbox 158 4324 1826 4403; baseline -0.001 -21"><span class='ocrx_word' id='word_1_509' title='bbox 158 4326 331 4382; x_wconf 73' lang='grc' dir='ltr'>ἅπασι</span> <span class='ocrx_word' id='word_1_510' title='bbox 385 4324 720 4403; x_wconf 74' lang='grc' dir='ltr'>διαγγέλλειο</span> <span class='ocrx_word' id='word_1_511' title='bbox 751 4327 864 4399; x_wconf 86' lang='grc' dir='ltr'>καὶ,</span> <span class='ocrx_word' id='word_1_512' title='bbox 898 4325 1291 4401; x_wconf 65' lang='grc' dir='ltr'>ἆσπασαμὲνων</span> <span class='ocrx_word' id='word_1_513' title='bbox 1349 4325 1615 4396; x_wconf 79' lang='grc' dir='ltr'>ἀλλήλους</span> <span class='ocrx_word' id='word_1_514' title='bbox 1650 4326 1826 4386; x_wconf 78' lang='grc' dir='ltr'>ἀπάν-</span> 
     </span>
    </p>
   </div>
   <div class='ocr_carea' id='block_1_75' title="bbox 158 4414 1825 4496">
    <p class='ocr_par' dir='ltr' id='par_1_75' title="bbox 158 4414 1825 4496">
     <span class='ocr_line' id='line_1_75' title="bbox 158 4414 1825 4496; baseline -0.002 -24"><span class='ocrx_word' id='word_1_515' title='bbox 158 4438 297 4496; x_wconf 88' lang='grc' dir='ltr'>των,</span> <span class='ocrx_word' id='word_1_516' title='bbox 347 4414 381 4481; x_wconf 56' lang='lat' dir='ltr'><strong>i}</strong></span> <span class='ocrx_word' id='word_1_517' title='bbox 427 4417 662 4491; x_wconf 61' lang='grc' dir='ltr'>μυστικτ,</span> <span class='ocrx_word' id='word_1_518' title='bbox 719 4421 823 4473; x_wconf 84' lang='grc' dir='ltr'><strong>τῶν</strong></span> <span class='ocrx_word' id='word_1_519' title='bbox 868 4417 1019 4490; x_wconf 80' lang='grc' dir='ltr'>ἱερῶν</span> <span class='ocrx_word' id='word_1_520' title='bbox 1049 4423 1273 4496; x_wconf 88' lang='grc' dir='ltr'>πτυχῶν</span> <span class='ocrx_word' id='word_1_521' title='bbox 1306 4414 1590 4494; x_wconf 81' lang='grc' dir='ltr'>ἆνάῤῥησις</span> <span class='ocrx_word' id='word_1_522' title='bbox 1647 4417 1825 4473; x_wconf 78' lang='grc' dir='ltr'>ἀπάν-</span> 
     </span>
    </p>
   </div>
   <div class='ocr_carea' id='block_1_76' title="bbox 155 4503 1825 4585">
    <p class='ocr_par' dir='ltr' id='par_1_76' title="bbox 155 4503 1825 4585">
     <span class='ocr_line' id='line_1_76' title="bbox 155 4503 1825 4585; baseline -0.001 -24"><span class='ocrx_word' id='word_1_523' title='bbox 155 4503 432 4567; x_wconf 75' lang='grc' dir='ltr'>τελεῖται.</span> <span class='ocrx_word' id='word_1_524' title='bbox 472 4506 594 4583; x_wconf 73' lang='grc' dir='ltr'>Καὶ,</span> <span class='ocrx_word' id='word_1_525' title='bbox 630 4504 939 4581; x_wconf 78' lang='grc' dir='ltr'>νιψαμένων</span> <span class='ocrx_word' id='word_1_526' title='bbox 968 4506 1062 4571; x_wconf 71' lang='grc' dir='ltr'><strong>τὰς</strong></span> <span class='ocrx_word' id='word_1_527' title='bbox 1119 4517 1317 4584; x_wconf 79' lang='grc' dir='ltr'>χεῖρας</span> <span class='ocrx_word' id='word_1_528' title='bbox 1348 4503 1493 4561; x_wconf 73' lang='grc' dir='ltr'>ὕδατι</span> <span class='ocrx_word' id='word_1_529' title='bbox 1526 4512 1618 4562; x_wconf 84' lang='grc' dir='ltr'>τοῦ</span> <span class='ocrx_word' id='word_1_530' title='bbox 1647 4504 1825 4585; x_wconf 72' lang='grc' dir='ltr'>ἱεροίρο</span> 
     </span>
    </p>
   </div>
   <div class='ocr_carea' id='block_1_77' title="bbox 1914 3336 3569 3416">
    <p class='ocr_par' dir='ltr' id='par_1_77' title="bbox 1914 3336 3569 3416">
     <span class='ocr_line' id='line_1_77' title="bbox 1914 3336 3569 3416; baseline 0.004 -23"><span class='ocrx_word' id='word_1_531' title='bbox 1914 3350 2127 3394; x_wconf 90' lang='lat' dir='ltr'><strong>norum</strong></span> <span class='ocrx_word' id='word_1_532' title='bbox 2161 3343 2413 3413; x_wconf 91' lang='lat' dir='ltr'><strong>aspectu</strong></span> <span class='ocrx_word' id='word_1_533' title='bbox 2450 3344 2505 3395; x_wconf 92' lang='lat' dir='ltr'><strong>et</strong></span> <span class='ocrx_word' id='word_1_534' title='bbox 2562 3336 2982 3397; x_wconf 89' lang='lat' dir='ltr'><strong>communione</strong></span> <span class='ocrx_word' id='word_1_535' title='bbox 3013 3336 3175 3416; x_wconf 77' lang='lat' dir='ltr'><strong>digni</strong></span> <span class='ocrx_word' id='word_1_536' title='bbox 3206 3346 3342 3398; x_wconf 90' lang='lat' dir='ltr'><strong>sunt</strong></span> <span class='ocrx_word' id='word_1_537' title='bbox 3370 3356 3569 3400; x_wconf 89' lang='lat' dir='ltr'><strong>rema-</strong></span> 
     </span>
    </p>
   </div>
   <div class='ocr_carea' id='block_1_78' title="bbox 1912 3421 3567 3505">
    <p class='ocr_par' dir='ltr' id='par_1_78' title="bbox 1912 3421 3567 3505">
     <span class='ocr_line' id='line_1_78' title="bbox 1912 3421 3567 3505; baseline 0.003 -21"><span class='ocrx_word' id='word_1_538' title='bbox 1912 3421 2216 3485; x_wconf 90' lang='lat' dir='ltr'><strong>nentibus.</strong></span> <span class='ocrx_word' id='word_1_539' title='bbox 2256 3426 2441 3484; x_wconf 80' lang='lat' dir='ltr'><strong>Porro</strong></span> <span class='ocrx_word' id='word_1_540' title='bbox 2471 3424 2886 3486; x_wconf 90' lang='lat' dir='ltr'><strong>ministrorum</strong></span> <span class='ocrx_word' id='word_1_541' title='bbox 2920 3426 3161 3505; x_wconf 89' lang='lat' dir='ltr'><strong>quidem</strong></span> <span class='ocrx_word' id='word_1_542' title='bbox 3216 3426 3316 3488; x_wconf 91' lang='lat' dir='ltr'><strong>alii</strong></span> <span class='ocrx_word' id='word_1_543' title='bbox 3346 3428 3567 3489; x_wconf 70' lang='lat' dir='ltr'><strong>clausis</strong></span> 
     </span>
    </p>
   </div>
   <div class='ocr_carea' id='block_1_79' title="bbox 1914 3510 3563 3595">
    <p class='ocr_par' dir='ltr' id='par_1_79' title="bbox 1914 3510 3563 3595">
     <span class='ocr_line' id='line_1_79' title="bbox 1914 3510 3563 3595; baseline 0.002 -22"><span class='ocrx_word' id='word_1_544' title='bbox 1914 3511 2122 3592; x_wconf 87' lang='lat' dir='ltr'><strong>templi</strong></span> <span class='ocrx_word' id='word_1_545' title='bbox 2156 3510 2382 3573; x_wconf 87' lang='lat' dir='ltr'><strong>foribus</strong></span> <span class='ocrx_word' id='word_1_546' title='bbox 2413 3512 2726 3587; x_wconf 89' lang='lat' dir='ltr'><strong>assistunt,</strong></span> <span class='ocrx_word' id='word_1_547' title='bbox 2756 3514 2857 3574; x_wconf 88' lang='lat' dir='ltr'><strong>alii</strong></span> <span class='ocrx_word' id='word_1_548' title='bbox 2902 3532 3037 3575; x_wconf 77' lang='lat' dir='ltr'><strong>vero</strong></span> <span class='ocrx_word' id='word_1_549' title='bbox 3063 3515 3226 3576; x_wconf 90' lang='lat' dir='ltr'><strong>aliud</strong></span> <span class='ocrx_word' id='word_1_550' title='bbox 3256 3514 3563 3595; x_wconf 87' lang='lat' dir='ltr'><strong>quidpiam</strong></span> 
     </span>
    </p>
   </div>
   <div class='ocr_carea' id='block_1_80' title="bbox 1912 3600 3564 3683">
    <p class='ocr_par' dir='ltr' id='par_1_80' title="bbox 1912 3600 3564 3683">
     <span class='ocr_line' id='line_1_80' title="bbox 1912 3600 3564 3683; baseline 0.004 -22"><span class='ocrx_word' id='word_1_551' title='bbox 1912 3601 2068 3683; x_wconf 90' lang='lat' dir='ltr'><strong>quod</strong></span> <span class='ocrx_word' id='word_1_552' title='bbox 2102 3600 2179 3661; x_wconf 92' lang='lat' dir='ltr'><strong>sit</strong></span> <span class='ocrx_word' id='word_1_553' title='bbox 2207 3601 2432 3663; x_wconf 75' lang='lat' dir='ltr'><strong>ordinis</strong></span> <span class='ocrx_word' id='word_1_554' title='bbox 2457 3608 2545 3662; x_wconf 91' lang='lat' dir='ltr'><strong>sui</strong></span> <span class='ocrx_word' id='word_1_555' title='bbox 2568 3612 2766 3681; x_wconf 85' lang='lat' dir='ltr'><strong>agunt.</strong></span> <span class='ocrx_word' id='word_1_556' title='bbox 2796 3602 2909 3676; x_wconf 88' lang='lat' dir='ltr'><strong>Qui</strong></span> <span class='ocrx_word' id='word_1_557' title='bbox 2938 3611 3135 3665; x_wconf 87' lang='lat' dir='ltr'><strong>autem</strong></span> <span class='ocrx_word' id='word_1_558' title='bbox 3169 3605 3226 3665; x_wconf 92' lang='lat' dir='ltr'><strong>in</strong></span> <span class='ocrx_word' id='word_1_559' title='bbox 3256 3603 3564 3667; x_wconf 90' lang='lat' dir='ltr'><strong>ministro-</strong></span> 
     </span>
    </p>
   </div>
   <div class='ocr_carea' id='block_1_81' title="bbox 1910 3690 3563 3774">
    <p class='ocr_par' dir='ltr' id='par_1_81' title="bbox 1910 3690 3563 3774">
     <span class='ocr_line' id='line_1_81' title="bbox 1910 3690 3563 3774; baseline 0.002 -21"><span class='ocrx_word' id='word_1_560' title='bbox 1910 3709 2041 3753; x_wconf 91' lang='lat' dir='ltr'><strong>rum</strong></span> <span class='ocrx_word' id='word_1_561' title='bbox 2075 3690 2288 3753; x_wconf 88' lang='lat' dir='ltr'><strong>ordine</strong></span> <span class='ocrx_word' id='word_1_562' title='bbox 2317 3692 2540 3773; x_wconf 88' lang='lat' dir='ltr'><strong>primas</strong></span> <span class='ocrx_word' id='word_1_563' title='bbox 2574 3700 2797 3774; x_wconf 86' lang='lat' dir='ltr'><strong>tenent,</strong></span> <span class='ocrx_word' id='word_1_564' title='bbox 2834 3711 2954 3755; x_wconf 87' lang='lat' dir='ltr'><strong>una</strong></span> <span class='ocrx_word' id='word_1_565' title='bbox 2986 3711 3121 3754; x_wconf 92' lang='lat' dir='ltr'><strong>cum</strong></span> <span class='ocrx_word' id='word_1_566' title='bbox 3144 3693 3563 3757; x_wconf 88' lang='lat' dir='ltr'><strong>sacerdotibus</strong></span> 
     </span>
    </p>
   </div>
   <div class='ocr_carea' id='block_1_82' title="bbox 1912 3779 3568 3865">
    <p class='ocr_par' dir='ltr' id='par_1_82' title="bbox 1912 3779 3568 3865">
     <span class='ocr_line' id='line_1_82' title="bbox 1912 3779 3568 3865; baseline 0.002 -22"><span class='ocrx_word' id='word_1_567' title='bbox 1912 3779 2113 3843; x_wconf 69' lang='lat' dir='ltr'><strong>(litino</strong></span> <span class='ocrx_word' id='word_1_568' title='bbox 2157 3781 2331 3845; x_wconf 85' lang='lat' dir='ltr'><strong>altari</strong></span> <span class='ocrx_word' id='word_1_569' title='bbox 2362 3800 2575 3863; x_wconf 87' lang='lat' dir='ltr'><strong>panem</strong></span> <span class='ocrx_word' id='word_1_570' title='bbox 2608 3800 2843 3845; x_wconf 89' lang='lat' dir='ltr'><strong>sacrum</strong></span> <span class='ocrx_word' id='word_1_571' title='bbox 2902 3783 3271 3865; x_wconf 85' lang='lat' dir='ltr'><strong>calicemque</strong></span> <span class='ocrx_word' id='word_1_572' title='bbox 3303 3784 3568 3847; x_wconf 89' lang='lat' dir='ltr'><strong>benedi-</strong></span> 
     </span>
    </p>
   </div>
   <div class='ocr_carea' id='block_1_83' title="bbox 1911 3870 3566 3953">
    <p class='ocr_par' dir='ltr' id='par_1_83' title="bbox 1911 3870 3566 3953">
     <span class='ocr_line' id='line_1_83' title="bbox 1911 3870 3566 3953; baseline 0.002 -20"><span class='ocrx_word' id='word_1_573' title='bbox 1911 3871 2123 3933; x_wconf 88' lang='lat' dir='ltr'><strong>ctionis</strong></span> <span class='ocrx_word' id='word_1_574' title='bbox 2150 3870 2488 3953; x_wconf 86' lang='lat' dir='ltr'><strong>imponunt,</strong></span> <span class='ocrx_word' id='word_1_575' title='bbox 2525 3872 2602 3935; x_wconf 90' lang='lat' dir='ltr'><strong>ab</strong></span> <span class='ocrx_word' id='word_1_576' title='bbox 2649 3873 2926 3935; x_wconf 87' lang='lat' dir='ltr'><strong>universa</strong></span> <span class='ocrx_word' id='word_1_577' title='bbox 2960 3873 3329 3953; x_wconf 81' lang='lat' dir='ltr'><strong>plenitudine</strong></span> <span class='ocrx_word' id='word_1_578' title='bbox 3360 3875 3566 3938; x_wconf 84' lang='lat' dir='ltr'><strong>Eccle-</strong></span> 
     </span>
    </p>
   </div>
   <div class='ocr_carea' id='block_1_84' title="bbox 1914 3961 3567 4044">
    <p class='ocr_par' dir='ltr' id='par_1_84' title="bbox 1914 3961 3567 4044">
     <span class='ocr_line' id='line_1_84' title="bbox 1914 3961 3567 4044; baseline 0.003 -22"><span class='ocrx_word' id='word_1_579' title='bbox 1914 3961 2017 4023; x_wconf 64' lang='lat' dir='ltr'><strong>siae</strong></span> <span class='ocrx_word' id='word_1_580' title='bbox 2057 3961 2184 4022; x_wconf 75' lang='lat'><strong>188</strong></span> <span class='ocrx_word' id='word_1_581' title='bbox 2215 3963 2514 4024; x_wconf 88' lang='lat' dir='ltr'><strong>communi</strong></span> <span class='ocrx_word' id='word_1_582' title='bbox 2550 3963 2922 4044; x_wconf 77' lang='lat' dir='ltr'><strong>hymnologia</strong></span> <span class='ocrx_word' id='word_1_583' title='bbox 2955 3966 3281 4044; x_wconf 62' lang='lat' dir='ltr'><strong>prtemissa.</strong></span> <span class='ocrx_word' id='word_1_584' title='bbox 3317 3964 3407 4027; x_wconf 81' lang='lat' dir='ltr'><strong>Ad</strong></span> <span class='ocrx_word' id='word_1_585' title='bbox 3440 3965 3567 4027; x_wconf 68' lang='lat' dir='ltr'><strong>haec</strong></span> 
     </span>
    </p>
   </div>
   <div class='ocr_carea' id='block_1_85' title="bbox 1914 4051 3565 4135">
    <p class='ocr_par' dir='ltr' id='par_1_85' title="bbox 1914 4051 3565 4135">
     <span class='ocr_line' id='line_1_85' title="bbox 1914 4051 3565 4135; baseline 0.002 -22"><span class='ocrx_word' id='word_1_586' title='bbox 1914 4051 2147 4113; x_wconf 88' lang='lat' dir='ltr'><strong>divinus</strong></span> <span class='ocrx_word' id='word_1_587' title='bbox 2170 4052 2435 4133; x_wconf 81' lang='lat' dir='ltr'><strong>pontifex</strong></span> <span class='ocrx_word' id='word_1_588' title='bbox 2464 4071 2691 4115; x_wconf 82' lang='lat' dir='ltr'><strong>sacram</strong></span> <span class='ocrx_word' id='word_1_589' title='bbox 2728 4053 2957 4134; x_wconf 82' lang='lat' dir='ltr'><strong>peragit</strong></span> <span class='ocrx_word' id='word_1_590' title='bbox 2978 4056 3405 4135; x_wconf 90' lang='lat' dir='ltr'><strong>precationem,</strong></span> <span class='ocrx_word' id='word_1_591' title='bbox 3423 4074 3565 4116; x_wconf 87' lang='lat' dir='ltr'><strong>san-</strong></span> 
     </span>
    </p>
   </div>
   <div class='ocr_carea' id='block_1_86' title="bbox 1912 4144 3569 4224">
    <p class='ocr_par' dir='ltr' id='par_1_86' title="bbox 1912 4144 3569 4224">
     <span class='ocr_line' id='line_1_86' title="bbox 1912 4144 3569 4224; baseline 0.003 -21"><span class='ocrx_word' id='word_1_592' title='bbox 1912 4150 2189 4221; x_wconf 86' lang='lat' dir='ltr'><strong>ctamque</strong></span> <span class='ocrx_word' id='word_1_593' title='bbox 2207 4144 2435 4204; x_wconf 85' lang='lat' dir='ltr'><strong>cunctis</strong></span> <span class='ocrx_word' id='word_1_594' title='bbox 2478 4162 2682 4223; x_wconf 89' lang='lat' dir='ltr'><strong>pacem</strong></span> <span class='ocrx_word' id='word_1_595' title='bbox 2708 4153 3087 4224; x_wconf 80' lang='lat' dir='ltr'><strong>apprecatur;</strong></span> <span class='ocrx_word' id='word_1_596' title='bbox 3106 4158 3165 4206; x_wconf 85' lang='lat' dir='ltr'><strong>et</strong></span> <span class='ocrx_word' id='word_1_597' title='bbox 3190 4144 3330 4205; x_wconf 91' lang='lat' dir='ltr'><strong>dum</strong></span> <span class='ocrx_word' id='word_1_598' title='bbox 3357 4162 3569 4208; x_wconf 86' lang='lat' dir='ltr'><strong>omnes</strong></span> 
     </span>
    </p>
   </div>
   <div class='ocr_carea' id='block_1_87' title="bbox 1911 4230 3566 4304">
    <p class='ocr_par' dir='ltr' id='par_1_87' title="bbox 1911 4230 3566 4304">
     <span class='ocr_line' id='line_1_87' title="bbox 1911 4230 3566 4304; baseline 0.001 -16"><span class='ocrx_word' id='word_1_599' title='bbox 1911 4230 2158 4289; x_wconf 86' lang='lat' dir='ltr'><strong>invicem</strong></span> <span class='ocrx_word' id='word_1_600' title='bbox 2173 4231 2600 4303; x_wconf 85' lang='lat' dir='ltr'><strong>amplexantur.</strong></span> <span class='ocrx_word' id='word_1_601' title='bbox 2627 4235 2865 4304; x_wconf 83' lang='lat' dir='ltr'><strong>mystica</strong></span> <span class='ocrx_word' id='word_1_602' title='bbox 2889 4247 3185 4292; x_wconf 85' lang='lat' dir='ltr'><strong>sacrorum</strong></span> <span class='ocrx_word' id='word_1_603' title='bbox 3208 4234 3566 4291; x_wconf 87' lang='lat' dir='ltr'><strong>voluminum</strong></span> 
     </span>
    </p>
   </div>
   <div class='ocr_carea' id='block_1_88' title="bbox 1910 4321 3567 4411">
    <p class='ocr_par' dir='ltr' id='par_1_88' title="bbox 1910 4321 3567 4411">
     <span class='ocr_line' id='line_1_88' title="bbox 1910 4321 3567 4411; baseline 0.001 -27"><span class='ocrx_word' id='word_1_604' title='bbox 1910 4321 2181 4384; x_wconf 87' lang='lat' dir='ltr'><strong>recitatio</strong></span> <span class='ocrx_word' id='word_1_605' title='bbox 2205 4322 2431 4385; x_wconf 89' lang='lat' dir='ltr'><strong>ﬁnitur.</strong></span> <span class='ocrx_word' id='word_1_606' title='bbox 2463 4321 2616 4383; x_wconf 89' lang='lat' dir='ltr'><strong>Tum</strong></span> <span class='ocrx_word' id='word_1_607' title='bbox 2643 4323 2782 4386; x_wconf 90' lang='lat' dir='ltr'><strong>lotis</strong></span> <span class='ocrx_word' id='word_1_608' title='bbox 2803 4341 2956 4404; x_wconf 88' lang='lat' dir='ltr'><strong>aqua</strong></span> <span class='ocrx_word' id='word_1_609' title='bbox 2972 4323 3244 4411; x_wconf 79' lang='lat' dir='ltr'><strong>manibus</strong></span> <span class='ocrx_word' id='word_1_610' title='bbox 3272 4324 3567 4403; x_wconf 89' lang='lat' dir='ltr'><strong>pontiﬁcis</strong></span> 
     </span>
    </p>
   </div>
   <div class='ocr_carea' id='block_1_89' title="bbox 1910 4411 3566 4492">
    <p class='ocr_par' dir='ltr' id='par_1_89' title="bbox 1910 4411 3566 4492">
     <span class='ocr_line' id='line_1_89' title="bbox 1910 4411 3566 4492; baseline -0.001 -18"><span class='ocrx_word' id='word_1_611' title='bbox 1910 4430 1980 4474; x_wconf 89' lang='lat' dir='ltr'><strong>ac</strong></span> <span class='ocrx_word' id='word_1_612' title='bbox 2007 4411 2415 4485; x_wconf 89' lang='lat' dir='ltr'><strong>sacerdotum,</strong></span> <span class='ocrx_word' id='word_1_613' title='bbox 2443 4412 2705 4492; x_wconf 82' lang='lat' dir='ltr'><strong>pontifex</strong></span> <span class='ocrx_word' id='word_1_614' title='bbox 2738 4413 2921 4473; x_wconf 84' lang='lat' dir='ltr'><strong>divini</strong></span> <span class='ocrx_word' id='word_1_615' title='bbox 2953 4412 3151 4474; x_wconf 89' lang='lat' dir='ltr'><strong>altaris</strong></span> <span class='ocrx_word' id='word_1_616' title='bbox 3183 4413 3379 4474; x_wconf 91' lang='lat' dir='ltr'><strong>medio</strong></span> <span class='ocrx_word' id='word_1_617' title='bbox 3408 4413 3566 4473; x_wconf 80' lang='lat' dir='ltr'><strong>assi-</strong></span> 
     </span>
    </p>
   </div>
   <div class='ocr_carea' id='block_1_90' title="bbox 1909 4500 3565 4579">
    <p class='ocr_par' dir='ltr' id='par_1_90' title="bbox 1909 4500 3565 4579">
     <span class='ocr_line' id='line_1_90' title="bbox 1909 4500 3565 4579; baseline 0.001 -17"><span class='ocrx_word' id='word_1_618' title='bbox 1909 4502 2033 4576; x_wconf 88' lang='lat' dir='ltr'><strong>stit,</strong></span> <span class='ocrx_word' id='word_1_619' title='bbox 2064 4500 2556 4564; x_wconf 88' lang='lat' dir='ltr'><strong>circumtantibus</strong></span> <span class='ocrx_word' id='word_1_620' title='bbox 2591 4502 2757 4564; x_wconf 91' lang='lat' dir='ltr'><strong>illum</strong></span> <span class='ocrx_word' id='word_1_621' title='bbox 2810 4502 2955 4563; x_wconf 89' lang='lat' dir='ltr'><strong>solis</strong></span> <span class='ocrx_word' id='word_1_622' title='bbox 2987 4501 3398 4563; x_wconf 90' lang='lat' dir='ltr'><strong>ministrorum</strong></span> <span class='ocrx_word' id='word_1_623' title='bbox 3438 4502 3565 4579; x_wconf 80' lang='lat' dir='ltr'><strong>pri-</strong></span> 
     </span>
    </p>
   </div>
   <div class='ocr_carea' id='block_1_91' title="bbox 157 4590 1823 4675">
    <p class='ocr_par' dir='ltr' id='par_1_91' title="bbox 157 4594 1823 4675">
     <span class='ocr_line' id='line_1_91' title="bbox 157 4594 1823 4675; baseline 0.001 -24"><span class='ocrx_word' id='word_1_624' title='bbox 157 4616 271 4675; x_wconf 77' lang='grc' dir='ltr'>χου</span> <span class='ocrx_word' id='word_1_625' title='bbox 326 4594 421 4649; x_wconf 83' lang='grc' dir='ltr'><strong>καὶ</strong></span> <span class='ocrx_word' id='word_1_626' title='bbox 477 4598 583 4651; x_wconf 86' lang='grc' dir='ltr'><strong>τῶν</strong></span> <span class='ocrx_word' id='word_1_627' title='bbox 639 4594 845 4673; x_wconf 78' lang='grc' dir='ltr'>ἱερέων,</span> <span class='ocrx_word' id='word_1_628' title='bbox 893 4596 921 4651; x_wconf 87' lang='grc' dir='ltr'>ὀ</span> <span class='ocrx_word' id='word_1_629' title='bbox 978 4595 1079 4670; x_wconf 80' lang='grc' dir='ltr'><strong>μὲν</strong></span> <span class='ocrx_word' id='word_1_630' title='bbox 1139 4595 1397 4674; x_wconf 74' lang='grc' dir='ltr'>ἱεράρχης</span> <span class='ocrx_word' id='word_1_631' title='bbox 1431 4597 1487 4649; x_wconf 63' lang='lat' dir='ltr'><strong>iv</strong></span> <span class='ocrx_word' id='word_1_632' title='bbox 1538 4594 1687 4671; x_wconf 81' lang='grc' dir='ltr'><strong>μέσῳ</strong></span> <span class='ocrx_word' id='word_1_633' title='bbox 1740 4601 1823 4652; x_wconf 84' lang='grc' dir='ltr'>τοῦ</span> 
     </span>
    </p>
   </div>
   <div class='ocr_carea' id='block_1_92' title="bbox 1910 4590 3568 4675">
    <p class='ocr_par' dir='ltr' id='par_1_92' title="bbox 1914 4590 3568 4673">
     <span class='ocr_line' id='line_1_92' title="bbox 1914 4590 3568 4673; baseline 0.002 -22"><span class='ocrx_word' id='word_1_634' title='bbox 1914 4590 2180 4653; x_wconf 89' lang='lat' dir='ltr'><strong>moribus</strong></span> <span class='ocrx_word' id='word_1_635' title='bbox 2210 4607 2327 4653; x_wconf 90' lang='lat' dir='ltr'><strong>una</strong></span> <span class='ocrx_word' id='word_1_636' title='bbox 2351 4609 2483 4652; x_wconf 90' lang='lat' dir='ltr'><strong>cum</strong></span> <span class='ocrx_word' id='word_1_637' title='bbox 2504 4591 2939 4654; x_wconf 84' lang='lat' dir='ltr'><strong>sacerdotibus.</strong></span> <span class='ocrx_word' id='word_1_638' title='bbox 2973 4594 3153 4654; x_wconf 80' lang='lat' dir='ltr'><strong>Porro</strong></span> <span class='ocrx_word' id='word_1_639' title='bbox 3175 4591 3277 4653; x_wconf 89' lang='lat' dir='ltr'><strong>ubi</strong></span> <span class='ocrx_word' id='word_1_640' title='bbox 3299 4592 3568 4673; x_wconf 81' lang='lat' dir='ltr'><strong>pontifex</strong></span> 
     </span>
    </p>
   </div>
   <div class='ocr_carea' id='block_1_93' title="bbox 158 4680 1823 4763">
    <p class='ocr_par' dir='ltr' id='par_1_93' title="bbox 158 4683 1823 4763">
     <span class='ocr_line' id='line_1_93' title="bbox 158 4683 1823 4763; baseline 0.001 -23"><span class='ocrx_word' id='word_1_641' title='bbox 158 4683 306 4741; x_wconf 80' lang='grc' dir='ltr'>θείου</span> <span class='ocrx_word' id='word_1_642' title='bbox 365 4684 740 4763; x_wconf 83' lang='grc' dir='ltr'>θυσιαστηρίου</span> <span class='ocrx_word' id='word_1_643' title='bbox 806 4686 1138 4758; x_wconf 72' lang='grc' dir='ltr'>καθίσταται,</span> <span class='ocrx_word' id='word_1_644' title='bbox 1198 4690 1503 4761; x_wconf 85' lang='grc' dir='ltr'>περιεστᾶσι</span> <span class='ocrx_word' id='word_1_645' title='bbox 1558 4683 1612 4740; x_wconf 78' lang='grc' dir='ltr'><strong>δὲ</strong></span> <span class='ocrx_word' id='word_1_646' title='bbox 1672 4685 1823 4760; x_wconf 82' lang='grc' dir='ltr'>μόνοι</span> 
     </span>
    </p>
   </div>
   <div class='ocr_carea' id='block_1_94' title="bbox 1910 4680 3567 4763">
    <p class='ocr_par' dir='ltr' id='par_1_94' title="bbox 1912 4680 3567 4757">
     <span class='ocr_line' id='line_1_94' title="bbox 1912 4680 3567 4757; baseline 0.001 -14"><span class='ocrx_word' id='word_1_647' title='bbox 1912 4687 2292 4743; x_wconf 85' lang='lat' dir='ltr'><strong>sacrosancta</strong></span> <span class='ocrx_word' id='word_1_648' title='bbox 2339 4680 2448 4743; x_wconf 90' lang='lat' dir='ltr'><strong>Dei</strong></span> <span class='ocrx_word' id='word_1_649' title='bbox 2480 4700 2730 4743; x_wconf 87' lang='lat' dir='ltr'><strong>munera</strong></span> <span class='ocrx_word' id='word_1_650' title='bbox 2782 4681 3163 4757; x_wconf 86' lang='lat' dir='ltr'><strong>collaudavit,</strong></span> <span class='ocrx_word' id='word_1_651' title='bbox 3195 4680 3567 4745; x_wconf 86' lang='lat' dir='ltr'><strong>divinissima</strong></span> 
     </span>
    </p>
   </div>
   <div class='ocr_carea' id='block_1_95' title="bbox 159 4769 1823 4852">
    <p class='ocr_par' dir='ltr' id='par_1_95' title="bbox 159 4772 1823 4852">
     <span class='ocr_line' id='line_1_95' title="bbox 159 4772 1823 4852; baseline 0.001 -24"><span class='ocrx_word' id='word_1_652' title='bbox 159 4773 303 4849; x_wconf 80' lang='grc' dir='ltr'><strong>μετᾶ</strong></span> <span class='ocrx_word' id='word_1_653' title='bbox 366 4780 475 4830; x_wconf 82' lang='grc' dir='ltr'><strong>τῶν</strong></span> <span class='ocrx_word' id='word_1_654' title='bbox 532 4772 713 4852; x_wconf 76' lang='grc' dir='ltr'>ἱερέων</span> <span class='ocrx_word' id='word_1_655' title='bbox 769 4777 816 4830; x_wconf 81' lang='grc' dir='ltr'>οἱ</span> <span class='ocrx_word' id='word_1_656' title='bbox 871 4780 978 4830; x_wconf 89' lang='grc' dir='ltr'><strong>τῶν</strong></span> <span class='ocrx_word' id='word_1_657' title='bbox 1044 4772 1359 4852; x_wconf 82' lang='grc' dir='ltr'>λειτουργῶν</span> <span class='ocrx_word' id='word_1_658' title='bbox 1416 4772 1671 4852; x_wconf 56' lang='grc' dir='ltr'>ἔκκριτοι.</span> <span class='ocrx_word' id='word_1_659' title='bbox 1723 4773 1823 4833; x_wconf 73' lang='grc' dir='ltr'><strong>Καὶ</strong></span> 
     </span>
    </p>
   </div>
   <div class='ocr_carea' id='block_1_96' title="bbox 1910 4769 3567 4852">
    <p class='ocr_par' dir='ltr' id='par_1_96' title="bbox 1911 4769 3567 4852">
     <span class='ocr_line' id='line_1_96' title="bbox 1911 4769 3567 4852; baseline 0.001 -19"><span class='ocrx_word' id='word_1_660' title='bbox 1911 4779 2223 4833; x_wconf 84' lang='lat' dir='ltr'><strong>consecrat</strong></span> <span class='ocrx_word' id='word_1_661' title='bbox 2246 4770 2546 4852; x_wconf 76' lang='lat' dir='ltr'><strong>mysteria;</strong></span> <span class='ocrx_word' id='word_1_662' title='bbox 2576 4790 2711 4851; x_wconf 74' lang='lat' dir='ltr'><strong>quae</strong></span> <span class='ocrx_word' id='word_1_663' title='bbox 2731 4772 2909 4833; x_wconf 87' lang='lat' dir='ltr'><strong>etiam</strong></span> <span class='ocrx_word' id='word_1_664' title='bbox 2944 4771 3250 4834; x_wconf 88' lang='lat' dir='ltr'><strong>celebrata</strong></span> <span class='ocrx_word' id='word_1_665' title='bbox 3278 4769 3389 4833; x_wconf 90' lang='lat' dir='ltr'><strong>sub</strong></span> <span class='ocrx_word' id='word_1_666' title='bbox 3412 4790 3567 4852; x_wconf 81' lang='lat' dir='ltr'><strong>sym-</strong></span> 
     </span>
    </p>
   </div>
   <div class='ocr_carea' id='block_1_97' title="bbox 152 4858 1823 4945">
    <p class='ocr_par' dir='ltr' id='par_1_97' title="bbox 152 4860 1823 4945">
     <span class='ocr_line' id='line_1_97' title="bbox 152 4860 1823 4945; baseline 0.001 -26"><span class='ocrx_word' id='word_1_667' title='bbox 152 4862 255 4926; x_wconf 72' lang='grc' dir='ltr'>τᾶς</span> <span class='ocrx_word' id='word_1_668' title='bbox 287 4860 436 4941; x_wconf 62' lang='grc' dir='ltr'>ἱεράς</span> <span class='ocrx_word' id='word_1_669' title='bbox 504 4863 775 4942; x_wconf 85' lang='grc' dir='ltr'>θεουργίας</span> <span class='ocrx_word' id='word_1_670' title='bbox 823 4866 851 4920; x_wconf 84' lang='grc' dir='ltr'>ὁ</span> <span class='ocrx_word' id='word_1_671' title='bbox 906 4862 1164 4943; x_wconf 74' lang='grc' dir='ltr'>ἱερεέρχης</span> <span class='ocrx_word' id='word_1_672' title='bbox 1216 4864 1457 4939; x_wconf 82' lang='grc' dir='ltr'>ὑμνήσας</span> <span class='ocrx_word' id='word_1_673' title='bbox 1504 4861 1590 4945; x_wconf 84' lang='grc'><strong>69,</strong></span> <span class='ocrx_word' id='word_1_674' title='bbox 1623 4866 1823 4943; x_wconf 81' lang='grc' dir='ltr'>ἱερουρ-</span> 
     </span>
    </p>
   </div>
   <div class='ocr_carea' id='block_1_98' title="bbox 1910 4858 3563 4945">
    <p class='ocr_par' dir='ltr' id='par_1_98' title="bbox 1913 4858 3563 4943">
     <span class='ocr_line' id='line_1_98' title="bbox 1913 4858 3563 4943; baseline 0.002 -22"><span class='ocrx_word' id='word_1_675' title='bbox 1913 4858 2069 4923; x_wconf 87' lang='lat' dir='ltr'><strong>bolis</strong></span> <span class='ocrx_word' id='word_1_676' title='bbox 2126 4870 2507 4924; x_wconf 88' lang='lat' dir='ltr'><strong>sacrosancte</strong></span> <span class='ocrx_word' id='word_1_677' title='bbox 2540 4860 2860 4942; x_wconf 90' lang='lat' dir='ltr'><strong>propositis</strong></span> <span class='ocrx_word' id='word_1_678' title='bbox 2911 4861 2973 4923; x_wconf 91' lang='lat' dir='ltr'><strong>in</strong></span> <span class='ocrx_word' id='word_1_679' title='bbox 3002 4868 3308 4943; x_wconf 91' lang='lat' dir='ltr'><strong>aspectum</strong></span> <span class='ocrx_word' id='word_1_680' title='bbox 3349 4860 3563 4937; x_wconf 83' lang='lat' dir='ltr'><strong>ducit;</strong></span> 
     </span>
    </p>
   </div>
   <div class='ocr_carea' id='block_1_99' title="bbox 151 4948 1823 5033">
    <p class='ocr_par' dir='ltr' id='par_1_99' title="bbox 151 4951 1823 5033">
     <span class='ocr_line' id='line_1_99' title="bbox 151 4951 1823 5033; baseline 0.001 -25"><span class='ocrx_word' id='word_1_681' title='bbox 151 4964 251 5031; x_wconf 79' lang='grc' dir='ltr'><strong>γετ</strong></span> <span class='ocrx_word' id='word_1_682' title='bbox 298 4953 369 5008; x_wconf 73' lang='grc' dir='ltr'><strong>τὰ</strong></span> <span class='ocrx_word' id='word_1_683' title='bbox 397 4952 669 5033; x_wconf 82' lang='grc' dir='ltr'>θειότατα,</span> <span class='ocrx_word' id='word_1_684' title='bbox 701 4955 789 5009; x_wconf 85' lang='grc' dir='ltr'><strong>καὶ</strong></span> <span class='ocrx_word' id='word_1_685' title='bbox 847 4952 935 5009; x_wconf 75' lang='grc' dir='ltr'><strong>ὁπ’</strong></span> <span class='ocrx_word' id='word_1_686' title='bbox 976 4953 1097 5029; x_wconf 75' lang='grc' dir='ltr'>ὄψιν</span> <span class='ocrx_word' id='word_1_687' title='bbox 1142 4951 1259 5031; x_wconf 78' lang='grc' dir='ltr'>ἂγει</span> <span class='ocrx_word' id='word_1_688' title='bbox 1310 4955 1371 5009; x_wconf 79' lang='grc' dir='ltr'><strong>τὰ</strong></span> <span class='ocrx_word' id='word_1_689' title='bbox 1412 4954 1694 5031; x_wconf 80' lang='grc' dir='ltr'>ὕμνημένα</span> <span class='ocrx_word' id='word_1_690' title='bbox 1742 4952 1823 5010; x_wconf 83' lang='grc' dir='ltr'><strong>διὰ</strong></span> 
     </span>
    </p>
   </div>
   <div class='ocr_carea' id='block_1_100' title="bbox 1910 4948 3565 5033">
    <p class='ocr_par' dir='ltr' id='par_1_100' title="bbox 1914 4948 3565 5032">
     <span class='ocr_line' id='line_1_100' title="bbox 1914 4948 3565 5032; baseline 0.001 -20"><span class='ocrx_word' id='word_1_691' title='bbox 1914 4949 2312 5032; x_wconf 85' lang='lat' dir='ltr'><strong>exhibitisque</strong></span> <span class='ocrx_word' id='word_1_692' title='bbox 2355 4951 2690 5014; x_wconf 87' lang='lat' dir='ltr'><strong>divinorum</strong></span> <span class='ocrx_word' id='word_1_693' title='bbox 2720 4969 2968 5032; x_wconf 89' lang='lat' dir='ltr'><strong>operum</strong></span> <span class='ocrx_word' id='word_1_694' title='bbox 2998 4948 3345 5013; x_wconf 89' lang='lat' dir='ltr'><strong>muneribus</strong></span> <span class='ocrx_word' id='word_1_695' title='bbox 3365 4951 3437 5013; x_wconf 89' lang='lat' dir='ltr'><strong>ad</strong></span> <span class='ocrx_word' id='word_1_696' title='bbox 3465 4969 3565 5014; x_wconf 87' lang='lat' dir='ltr'><strong>sa-</strong></span> 
     </span>
    </p>
   </div>
   <div class='ocr_carea' id='block_1_101' title="bbox 151 5040 1823 5124">
    <p class='ocr_par' dir='ltr' id='par_1_101' title="bbox 151 5040 1822 5124">
     <span class='ocr_line' id='line_1_101' title="bbox 151 5040 1822 5124; baseline 0 -24"><span class='ocrx_word' id='word_1_697' title='bbox 151 5047 269 5100; x_wconf 85' lang='grc' dir='ltr'><strong>τῶν</strong></span> <span class='ocrx_word' id='word_1_698' title='bbox 328 5040 487 5122; x_wconf 80' lang='grc' dir='ltr'>ἱερῶς</span> <span class='ocrx_word' id='word_1_699' title='bbox 558 5041 927 5122; x_wconf 81' lang='grc' dir='ltr'>προκειμένων</span> <span class='ocrx_word' id='word_1_700' title='bbox 973 5040 1277 5117; x_wconf 77' lang='grc' dir='ltr'><strong>συμϐόλων⁹</strong></span> <span class='ocrx_word' id='word_1_701' title='bbox 1338 5045 1426 5100; x_wconf 81' lang='grc' dir='ltr'><strong>καὶ</strong></span> <span class='ocrx_word' id='word_1_702' title='bbox 1486 5045 1579 5109; x_wconf 78' lang='grc' dir='ltr'>τὰς</span> <span class='ocrx_word' id='word_1_703' title='bbox 1625 5042 1822 5124; x_wconf 75' lang='grc' dir='ltr'>δωρεὰς</span> 
     </span>
    </p>
   </div>
   <div class='ocr_carea' id='block_1_102' title="bbox 1910 5040 3567 5124">
    <p class='ocr_par' dir='ltr' id='par_1_102' title="bbox 1910 5040 3567 5105">
     <span class='ocr_line' id='line_1_102' title="bbox 1910 5040 3567 5105; baseline 0.001 -3"><span class='ocrx_word' id='word_1_704' title='bbox 1910 5046 2282 5104; x_wconf 87' lang='lat' dir='ltr'><strong>crosanctam</strong></span> <span class='ocrx_word' id='word_1_705' title='bbox 2356 5041 2708 5103; x_wconf 88' lang='lat' dir='ltr'><strong>eorumdem</strong></span> <span class='ocrx_word' id='word_1_706' title='bbox 2769 5040 3377 5105; x_wconf 61' lang='lat' dir='ltr'><strong>communicationem</strong></span> <span class='ocrx_word' id='word_1_707' title='bbox 3430 5060 3567 5103; x_wconf 90' lang='lat' dir='ltr'><strong>cum</strong></span> 
     </span>
    </p>
   </div>
   <div class='ocr_carea' id='block_1_103' title="bbox 150 5129 1823 5214">
    <p class='ocr_par' dir='ltr' id='par_1_103' title="bbox 150 5132 1823 5214">
     <span class='ocr_line' id='line_1_103' title="bbox 150 5132 1823 5214; baseline 0.001 -25"><span class='ocrx_word' id='word_1_708' title='bbox 150 5137 266 5189; x_wconf 80' lang='grc' dir='ltr'><strong>τῶν</strong></span> <span class='ocrx_word' id='word_1_709' title='bbox 324 5135 615 5210; x_wconf 86' lang='grc' dir='ltr'>θεουργιῶν</span> <span class='ocrx_word' id='word_1_710' title='bbox 656 5132 952 5207; x_wconf 74' lang='grc' dir='ltr'>ὑποδείξας,</span> <span class='ocrx_word' id='word_1_711' title='bbox 1001 5133 1073 5199; x_wconf 84' lang='grc' dir='ltr'><strong>είς</strong></span> <span class='ocrx_word' id='word_1_712' title='bbox 1133 5134 1411 5188; x_wconf 65' lang='grc' dir='ltr'>κοινωνίαν</span> <span class='ocrx_word' id='word_1_713' title='bbox 1467 5136 1638 5192; x_wconf 66' lang='grc' dir='ltr'>αὐτῶν</span> <span class='ocrx_word' id='word_1_714' title='bbox 1681 5136 1823 5214; x_wconf 74' lang='grc' dir='ltr'>ἱερὰν</span> 
     </span>
    </p>
   </div>
   <div class='ocr_carea' id='block_1_104' title="bbox 1910 5129 3567 5214">
    <p class='ocr_par' dir='ltr' id='par_1_104' title="bbox 1910 5129 3567 5213">
     <span class='ocr_line' id='line_1_104' title="bbox 1910 5129 3567 5213; baseline 0.001 -22"><span class='ocrx_word' id='word_1_715' title='bbox 1910 5129 2160 5211; x_wconf 89' lang='lat' dir='ltr'><strong>ipsemet</strong></span> <span class='ocrx_word' id='word_1_716' title='bbox 2187 5130 2439 5204; x_wconf 88' lang='lat' dir='ltr'><strong>accedit,</strong></span> <span class='ocrx_word' id='word_1_717' title='bbox 2476 5139 2599 5193; x_wconf 90' lang='lat' dir='ltr'><strong>tum</strong></span> <span class='ocrx_word' id='word_1_718' title='bbox 2645 5139 2894 5194; x_wconf 62' lang='lat' dir='ltr'><strong>caeteros</strong></span> <span class='ocrx_word' id='word_1_719' title='bbox 2925 5130 3425 5213; x_wconf 75' lang='lat' dir='ltr'><strong>invitaLAccepta</strong></span> <span class='ocrx_word' id='word_1_720' title='bbox 3455 5130 3567 5193; x_wconf 89' lang='lat' dir='ltr'><strong>de-</strong></span> 
     </span>
    </p>
   </div>
   <div class='ocr_carea' id='block_1_105' title="bbox 153 5220 1823 5307">
    <p class='ocr_par' dir='ltr' id='par_1_105' title="bbox 153 5220 1819 5305">
     <span class='ocr_line' id='line_1_105' title="bbox 153 5220 1819 5305; baseline 0.001 -23"><span class='ocrx_word' id='word_1_721' title='bbox 153 5223 322 5288; x_wconf 67' lang='grc' dir='ltr'>σῦτὸς</span> <span class='ocrx_word' id='word_1_722' title='bbox 367 5243 429 5280; x_wconf 85' lang='grc' dir='ltr'><strong>τε</strong></span> <span class='ocrx_word' id='word_1_723' title='bbox 456 5220 701 5301; x_wconf 77' lang='grc' dir='ltr'>ἕργεται,</span> <span class='ocrx_word' id='word_1_724' title='bbox 736 5224 823 5280; x_wconf 83' lang='grc' dir='ltr'><strong>καὶ</strong></span> <span class='ocrx_word' id='word_1_725' title='bbox 879 5223 1000 5288; x_wconf 77' lang='grc' dir='ltr'>τοὺς</span> <span class='ocrx_word' id='word_1_726' title='bbox 1041 5220 1233 5287; x_wconf 75' lang='grc' dir='ltr'>ἄλλους</span> <span class='ocrx_word' id='word_1_727' title='bbox 1279 5223 1652 5305; x_wconf 77' lang='grc' dir='ltr'>προτρέπεται,</span> <span class='ocrx_word' id='word_1_728' title='bbox 1707 5232 1819 5283; x_wconf 79' lang='grc' dir='ltr'><strong>Με-</strong></span> 
     </span>
    </p>
   </div>
   <div class='ocr_carea' id='block_1_106' title="bbox 1910 5220 3569 5307">
    <p class='ocr_par' dir='ltr' id='par_1_106' title="bbox 1910 5231 3569 5307">
     <span class='ocr_line' id='line_1_106' title="bbox 1910 5231 3569 5307; baseline 0.001 -17"><span class='ocrx_word' id='word_1_729' title='bbox 1910 5231 2081 5304; x_wconf 89' lang='lat' dir='ltr'><strong>nique</strong></span> <span class='ocrx_word' id='word_1_730' title='bbox 2104 5232 2346 5307; x_wconf 85' lang='lat' dir='ltr'><strong>dataque</strong></span> <span class='ocrx_word' id='word_1_731' title='bbox 2366 5232 2557 5293; x_wconf 87' lang='lat' dir='ltr'><strong>divina</strong></span> <span class='ocrx_word' id='word_1_732' title='bbox 2577 5235 2992 5293; x_wconf 88' lang='lat' dir='ltr'><strong>communione</strong></span> <span class='ocrx_word' id='word_1_733' title='bbox 3011 5233 3073 5292; x_wconf 90' lang='lat' dir='ltr'><strong>in</strong></span> <span class='ocrx_word' id='word_1_734' title='bbox 3102 5248 3326 5293; x_wconf 87' lang='lat' dir='ltr'><strong>sacram</strong></span> <span class='ocrx_word' id='word_1_735' title='bbox 3356 5232 3569 5292; x_wconf 87' lang='lat' dir='ltr'><strong>desinit</strong></span> 
     </span>
    </p>
   </div>
   <div class='ocr_carea' id='block_1_107' title="bbox 1487 5385 2251 5453">
    <p class='ocr_par' dir='ltr' id='par_1_107' title="bbox 1487 5385 2251 5453">
     <span class='ocr_line' id='line_1_107' title="bbox 1487 5385 2251 5453; baseline 0.008 -10"><span class='ocrx_word' id='word_1_736' title='bbox 1487 5386 1751 5450; x_wconf 80' lang='lat' dir='ltr'><strong>VARl/E</strong></span> <span class='ocrx_word' id='word_1_737' title='bbox 1804 5385 2133 5453; x_wconf 84' lang='lat' dir='ltr'><strong>LECTlON</strong></span> <span class='ocrx_word' id='word_1_738' title='bbox 2144 5385 2251 5449; x_wconf 86' lang='lat' dir='ltr'><strong>ES.</strong></span> 
     </span>
    </p>
   </div>
   <div class='ocr_carea' id='block_1_108' title="bbox 240 5488 3567 5573">
    <p class='ocr_par' dir='ltr' id='par_1_108' title="bbox 240 5488 3567 5573">
     <span class='ocr_line' id='line_1_108' title="bbox 240 5488 3567 5573; baseline 0.01 -32"><span class='ocrx_word' id='word_1_739' title='bbox 240 5488 309 5541; x_wconf 80' lang='grc' dir='ltr'><strong>ϐο</strong></span> <span class='ocrx_word' id='word_1_740' title='bbox 336 5492 591 5573; x_wconf 67' lang='grc' dir='ltr'>μένουσα,</span> <span class='ocrx_word' id='word_1_741' title='bbox 629 5489 693 5553; x_wconf 85' lang='lat' dir='ltr'><strong>S.</strong></span> <span class='ocrx_word' id='word_1_742' title='bbox 719 5490 789 5555; x_wconf 86' lang='lat' dir='ltr'><strong>D.</strong></span> <span class='ocrx_word' id='word_1_743' title='bbox 825 5493 934 5555; x_wconf 84' lang='lat' dir='ltr'><strong>Ch.</strong></span> <span class='ocrx_word' id='word_1_744' title='bbox 963 5500 1021 5553; x_wconf 85' lang='lat' dir='ltr'><strong>ct</strong></span> <span class='ocrx_word' id='word_1_745' title='bbox 1050 5492 1205 5555; x_wconf 88' lang='lat' dir='ltr'><strong>Bud.</strong></span> <span class='ocrx_word' id='word_1_746' title='bbox 1241 5493 1321 5554; x_wconf 89' lang='lat' dir='ltr'><strong>ita</strong></span> <span class='ocrx_word' id='word_1_747' title='bbox 1351 5494 1606 5555; x_wconf 85' lang='lat' dir='ltr'><strong>correxit</strong></span> <span class='ocrx_word' id='word_1_748' title='bbox 1674 5495 1727 5545; x_wconf 74' lang='lat'><strong>6&#39;</strong></span> <span class='ocrx_word' id='word_1_749' title='bbox 1761 5496 2134 5570; x_wconf 65' lang='grc' dir='ltr'>ἀτελέα-ξατο),</span> <span class='ocrx_word' id='word_1_750' title='bbox 2171 5495 2237 5555; x_wconf 85' lang='lat' dir='ltr'><strong>D.</strong></span> <span class='ocrx_word' id='word_1_751' title='bbox 2274 5497 2373 5557; x_wconf 92' lang='lat' dir='ltr'><strong>Sc.</strong></span> <span class='ocrx_word' id='word_1_752' title='bbox 2447 5494 2511 5544; x_wconf 68' lang='lat'><strong>63</strong></span> <span class='ocrx_word' id='word_1_753' title='bbox 2543 5496 2749 5573; x_wconf 65' lang='grc' dir='ltr'>ἁπὲἱσῃ,</span> <span class='ocrx_word' id='word_1_754' title='bbox 2786 5500 2850 5560; x_wconf 88' lang='grc' dir='ltr'><strong>Ρ.</strong></span> <span class='ocrx_word' id='word_1_755' title='bbox 2887 5496 2953 5558; x_wconf 82' lang='lat' dir='ltr'><strong>D-</strong></span> <span class='ocrx_word' id='word_1_756' title='bbox 2993 5494 3102 5558; x_wconf 80' lang='lat' dir='ltr'><strong>Cll.</strong></span> <span class='ocrx_word' id='word_1_757' title='bbox 3168 5492 3235 5545; x_wconf 70' lang='grc'><strong>⁸³</strong></span> <span class='ocrx_word' id='word_1_758' title='bbox 3263 5495 3306 5551; x_wconf 76' lang='grc' dir='ltr'><strong>εἶ</strong></span> <span class='ocrx_word' id='word_1_759' title='bbox 3349 5494 3447 5573; x_wconf 64' lang='grc' dir='ltr'><strong>γὰρ</strong></span> <span class='ocrx_word' id='word_1_760' title='bbox 3479 5497 3567 5553; x_wconf 57' lang='grc' dir='ltr'><strong>ἀἱ</strong></span> 
     </span>
    </p>
   </div>
   <div class='ocr_carea' id='block_1_109' title="bbox 162 5572 3565 5707">
    <p class='ocr_par' dir='ltr' id='par_1_109' title="bbox 162 5572 3565 5707">
     <span class='ocr_line' id='line_1_109' title="bbox 162 5572 3565 5707; baseline -0.002 -70"><span class='ocrx_word' id='word_1_761' title='bbox 162 5586 285 5637; x_wconf 79' lang='grc' dir='ltr'>τοῖς</span> <span class='ocrx_word' id='word_1_762' title='bbox 332 5572 522 5636; x_wconf 63' lang='grc' dir='ltr'>ἄλλοις</span> <span class='ocrx_word' id='word_1_763' title='bbox 566 5574 766 5648; x_wconf 76' lang='grc' dir='ltr'>κοινόν,</span> <span class='ocrx_word' id='word_1_764' title='bbox 791 5574 901 5635; x_wconf 86' lang='lat' dir='ltr'><strong>Ch.</strong></span> <span class='ocrx_word' id='word_1_765' title='bbox 940 5581 998 5635; x_wconf 91' lang='lat' dir='ltr'><strong>et</strong></span> <span class='ocrx_word' id='word_1_766' title='bbox 1028 5574 1127 5655; x_wconf 77' lang='lat' dir='ltr'><strong>V.;</strong></span> <span class='ocrx_word' id='word_1_767' title='bbox 1158 5580 1287 5632; x_wconf 80' lang='grc' dir='ltr'>πᾶσι</span> <span class='ocrx_word' id='word_1_768' title='bbox 1331 5589 1448 5637; x_wconf 75' lang='grc' dir='ltr'>τοῖς</span> <span class='ocrx_word' id='word_1_769' title='bbox 1479 5575 1662 5639; x_wconf 79' lang='grc' dir='ltr'>ἄλλοις</span> <span class='ocrx_word' id='word_1_770' title='bbox 1694 5579 1871 5635; x_wconf 66' lang='grc' dir='ltr'>κοινὸν</span> <span class='ocrx_word' id='word_1_771' title='bbox 1900 5582 1996 5655; x_wconf 82' lang='grc' dir='ltr'>ἱερ.</span> <span class='ocrx_word' id='word_1_772' title='bbox 2034 5576 2103 5640; x_wconf 82' lang='grc'><strong>1).</strong></span> <span class='ocrx_word' id='word_1_773' title='bbox 2142 5576 2204 5637; x_wconf 84' lang='grc' dir='ltr'><strong>Ρ.</strong></span> <span class='ocrx_word' id='word_1_774' title='bbox 2265 5577 2328 5626; x_wconf 63' lang='grc' dir='ltr'><strong>δι</strong></span> <span class='ocrx_word' id='word_1_775' title='bbox 2360 5585 2590 5656; x_wconf 79' lang='grc' dir='ltr'>πρῶτον,</span> <span class='ocrx_word' id='word_1_776' title='bbox 2624 5572 2707 5640; x_wconf 63' lang='grc' dir='ltr'><strong>Μξ</strong></span> <span class='ocrx_word' id='word_1_777' title='bbox 2737 5580 2836 5640; x_wconf 84' lang='lat' dir='ltr'><strong>Sc.</strong></span> <span class='ocrx_word' id='word_1_778' title='bbox 2865 5580 2993 5641; x_wconf 70' lang='lat' dir='ltr'><strong>Su.</strong></span> <span class='ocrx_word' id='word_1_779' title='bbox 3038 5575 3103 5628; x_wconf 77' lang='grc'><strong>65</strong></span> <span class='ocrx_word' id='word_1_780' title='bbox 3128 5576 3262 5707; x_wconf 57' lang='grc' dir='ltr'>’ἔρος</span> <span class='ocrx_word' id='word_1_781' title='bbox 3294 5577 3389 5644; x_wconf 73' lang='grc' dir='ltr'>τὴν</span> <span class='ocrx_word' id='word_1_782' title='bbox 3433 5581 3565 5651; x_wconf 86' lang='grc' dir='ltr'>τῶν,</span> 
     </span>
     <span class='ocr_line' id='line_1_110' title="bbox 166 5650 3559 5707; baseline 0 0"><span class='ocrx_word' id='word_1_783' title='bbox 166 5652 237 5707; x_wconf 84' lang='lat' dir='ltr'><strong>D-</strong></span> <span class='ocrx_word' id='word_1_784' title='bbox 273 5653 410 5707; x_wconf 70' lang='lat' dir='ltr'><strong>Sat-</strong></span> <span class='ocrx_word' id='word_1_785' title='bbox 458 5650 524 5703; x_wconf 78' lang='grc'><strong>66</strong></span> <span class='ocrx_word' id='word_1_786' title='bbox 554 5675 1017 5707; x_wconf 76' lang='grc' dir='ltr'>νειοανωνουιιαι-</span> <span class='ocrx_word' id='word_1_787' title='bbox 1055 5652 1116 5707; x_wconf 85' lang='lat' dir='ltr'><strong>S-</strong></span> <span class='ocrx_word' id='word_1_788' title='bbox 1154 5653 1222 5707; x_wconf 79' lang='grc' dir='ltr'><strong>Β.</strong></span> <span class='ocrx_word' id='word_1_789' title='bbox 1286 5653 1349 5706; x_wconf 79' lang='grc'><strong>67</strong></span> <span class='ocrx_word' id='word_1_790' title='bbox 1380 5654 1737 5707; x_wconf 66' lang='lat' dir='ltr'><strong>interm-nine</strong></span> <span class='ocrx_word' id='word_1_791' title='bbox 1785 5654 1860 5707; x_wconf 73' lang='lat' dir='ltr'><strong>Sc</strong></span> <span class='ocrx_word' id='word_1_792' title='bbox 1917 5669 1974 5707; x_wconf 69' lang='lat' dir='ltr'><strong>et</strong></span> <span class='ocrx_word' id='word_1_793' title='bbox 2031 5657 2157 5707; x_wconf 63' lang='lat' dir='ltr'><strong>Sar,</strong></span> <span class='ocrx_word' id='word_1_794' title='bbox 2226 5665 2411 5707; x_wconf 72' lang='grc' dir='ltr'><strong>-ιοοοῦ,</strong></span> <span class='ocrx_word' id='word_1_795' title='bbox 2485 5657 2551 5707; x_wconf 82' lang='lat'><strong>68</strong></span> <span class='ocrx_word' id='word_1_796' title='bbox 2580 5657 2943 5707; x_wconf 52' lang='grc' dir='ltr'>ὡαλιωδιντζψ</span> <span class='ocrx_word' id='word_1_797' title='bbox 2994 5655 3060 5707; x_wconf 73' lang='grc' dir='ltr'><strong>Ρ-</strong></span> <span class='ocrx_word' id='word_1_798' title='bbox 3223 5657 3559 5707; x_wconf 60' lang='grc' dir='ltr'>ὑπομνήσας,</span> 
     </span>
    </p>
   </div>
   <div class='ocr_carea' id='block_1_110' title="bbox 163 5650 3561 5797">
    <p class='ocr_par' dir='ltr' id='par_1_110' title="bbox 163 5650 3561 5797">
     <span class='ocr_line' id='line_1_111' title="bbox 163 5650 3561 5797; baseline -0.001 -80"><span class='ocrx_word' id='word_1_799' title='bbox 163 5652 238 5796; x_wconf 69' lang='lat' dir='ltr'><strong>IS).</strong></span> <span class='ocrx_word' id='word_1_800' title='bbox 261 5653 410 5797; x_wconf 60' lang='lat' dir='ltr'><strong>gat.</strong></span> <span class='ocrx_word' id='word_1_801' title='bbox 458 5650 524 5703; x_wconf 74' lang='grc' dir='ltr'>θδ</span> <span class='ocrx_word' id='word_1_802' title='bbox 554 5675 1021 5735; x_wconf 72' lang='grc' dir='ltr'>χειραγωγουμαι,</span> <span class='ocrx_word' id='word_1_803' title='bbox 1055 5650 1123 5717; x_wconf 54' lang='grc' dir='ltr'><strong>δέ</strong></span> <span class='ocrx_word' id='word_1_804' title='bbox 1153 5653 1223 5717; x_wconf 86' lang='grc' dir='ltr'><strong>Β.</strong></span> <span class='ocrx_word' id='word_1_805' title='bbox 1286 5653 1349 5706; x_wconf 72' lang='grc'><strong>67</strong></span> <span class='ocrx_word' id='word_1_806' title='bbox 1378 5654 1737 5738; x_wconf 71' lang='lat' dir='ltr'><strong>interpretes</strong></span> <span class='ocrx_word' id='word_1_807' title='bbox 1784 5654 1882 5722; x_wconf 89' lang='lat' dir='ltr'><strong>Sc.</strong></span> <span class='ocrx_word' id='word_1_808' title='bbox 1917 5650 1974 5720; x_wconf 76' lang='lat' dir='ltr'><strong>et</strong></span> <span class='ocrx_word' id='word_1_809' title='bbox 2031 5657 2189 5739; x_wconf 84' lang='lat' dir='ltr'><strong>Sar.,</strong></span> <span class='ocrx_word' id='word_1_810' title='bbox 2226 5650 2411 5737; x_wconf 64' lang='grc' dir='ltr'>χοροῦξ</span> <span class='ocrx_word' id='word_1_811' title='bbox 2485 5657 2551 5709; x_wconf 75' lang='grc' dir='ltr'>ῧΒ</span> <span class='ocrx_word' id='word_1_812' title='bbox 2580 5657 2946 5735; x_wconf 72' lang='grc' dir='ltr'>ψαλμοδιγήν,</span> <span class='ocrx_word' id='word_1_813' title='bbox 2990 5655 3060 5719; x_wconf 82' lang='grc' dir='ltr'><strong>Ρ.</strong></span> <span class='ocrx_word' id='word_1_814' title='bbox 3130 5650 3196 5707; x_wconf 72' lang='grc'>69</span> <span class='ocrx_word' id='word_1_815' title='bbox 3223 5650 3561 5733; x_wconf 77' lang='grc' dir='ltr'>ὑπομνήσας,</span> 
     </span>
    </p>
   </div>
   <div class='ocr_carea' id='block_1_111' title="bbox 212 5781 3246 5890">
    <p class='ocr_par' dir='ltr' id='par_1_111' title="bbox 212 5781 3246 5890">
     <span class='ocr_line' id='line_1_112' title="bbox 212 5781 3246 5890; baseline 0.007 -5"><span class='ocrx_word' id='word_1_816' title='bbox 212 5783 228 5799; x_wconf 83' lang='grc'><strong>’</strong></span> <span class='ocrx_word' id='word_1_817' title='bbox 261 5781 334 5798; x_wconf 78' lang='grc'><strong>”’</strong></span> <span class='ocrx_word' id='word_1_818' title='bbox 454 5824 723 5889; x_wconf 61' lang='lat' dir='ltr'><strong>Panos.</strong></span> <span class='ocrx_word' id='word_1_819' title='bbox 763 5822 877 5890; x_wconf 83' lang='lat' dir='ltr'><strong>Gn.</strong></span> <span class='ocrx_word' id='word_1_820' title='bbox 908 5821 1009 5889; x_wconf 83' lang='lat' dir='ltr'><strong>III.</strong></span> <span class='ocrx_word' id='word_1_821' title='bbox 2448 5810 2449 5813; x_wconf 41' lang='lat'>‘</span> <span class='ocrx_word' id='word_1_822' title='bbox 3175 5825 3246 5889; x_wconf 78' lang='lat'><strong>14</strong></span> 
     </span>
    </p>
   </div>
  </div>
