4042 6430
489 351 601 418 431

1701 353 1764 414 S.
1811 350 2154 416 DIONYSII
2197 341 2738 415 AREOPAGITE.

3765 351 3894 418 432

486 489 741 572 quiaque
770 486 1220 571 celebrare,nec
1250 507 1368 552 non
1391 506 1592 551 sacros
1619 488 1879 550 virorum
1902 487 2133 549 divino-

2237 487 2315 555 ιῆς
2377 483 2598 552 τελετῆς
2667 485 2944 564 ὑποδοχὴν
3003 489 3092 543 καὶ
3160 485 3444 559 μετάδοσιν
3518 488 3624 555 ἓξιν
3684 491 3897 547 οἰκείαν

481 596 614 640 rum
638 595 774 640 cum
788 597 1100 642 sermones
1117 589 1240 643 tum
1263 580 1527 642 actiones
1545 578 1894 641 collaudare
1923 593 2142 658 propo-

2225 576 2518 650 ἐμποιοῦσα
2549 588 2666 640 τοῖς
2697 576 2886 640 ὲνθέως
2933 577 3094 645 αὒτὴν
3125 577 3510 657 ἱερολογοῦσιν.

481 669 803 745 εἰιυιποεῐ,
834 669 1179 750 generalem
1212 669 1538 733 introduxit
1563 688 1764 732 rerum
1801 668 2134 730 divinarum
2167 678 2405 731 cantum
2449 677 2508 733 et
2537 667 2990 749 expositionem,
3025 667 3166 729 dum
3199 667 3271 730 ad
3304 668 3507 731 omnia
3538 669 3694 732 sacri
3722 668 3892 730 ordi-

483 757 578 821 nis
605 769 1001 839 sacramenta,
1034 759 1158 824 sive
1185 760 1566 843 suscipienda
1608 761 1733 824 sive
1761 758 2069 840 tradenda,
2105 769 2308 838 aptum
2338 758 2457 821 illis
2504 758 2768 822 animum
2800 757 2973 821 atl‘ert
3005 759 3104 840 qui
3148 757 3346 840 ipsum
3382 759 3580 822 divine
3635 778 3706 822 ac
3737 779 3890 823 san-

484 857 585 914 cte
611 848 890 915 recitant.

2114 1007 2263 1089 §V.

572 1173 688 1239 Ubi
708 1191 850 1255 ergo
873 1173 976 1236 illa
999 1192 1132 1256 quae
1156 1192 1256 1238 res
1279 1191 1553 1256 quasque
1583 1190 1784 1238 sacras
1798 1169 2144 1253 complecti-

488 1275 589 1330 tur
601 1265 958 1348 hymnorum
974 1265 1300 1329 modulatio
1314 1267 1529 1328 animm
1543 1273 1762 1327 nostra;
1773 1262 2138 1342 affectiones,

490 1365 551 1420 et
579 1374 650 1420 ea
679 1373 849 1418 sacra
895 1374 1027 1438 quae
1060 1355 1236 1437 paulo
1290 1363 1423 1438 post
1456 1354 1819 1418 celebranda
1850 1361 2008 1427 sunt,
2033 1353 2145 1414 rite

487 1445 1280 1528 disposuit,divinorumque
1309 1446 1645 1509 carminum
1679 1453 1973 1508 concentu
2007 1459 2143 1504 cum

490 1535 564 1599 ad
596 1554 696 1598 res
711 1534 1097 1614 divinas,tum
1120 1537 1197 1599 ad
1218 1537 1574 1618 semetipsas
1597 1542 1986 1612 mutuamque
2006 1549 2146 1594 con-

492 1626 860 1707 censionem,
895 1645 1008 1689 ceu
1041 1631 1219 1690 unica
1264 1626 1670 1707 concordique
1703 1625 1923 1688 chorca
1951 1641 2146 1685 sacro-

489 1733 626 1778 rum
661 1715 1056 1797 coaptavit,ea
1084 1735 1215 1798 quae
1246 1714 1309 1778 in
1330 1715 1582 1799 spiritali
1608 1715 1974 1779 Psalmorum
2010 1731 2144 1774 mo-

2307 1157 2468 1230 "Ouv
2520 1173 2608 1230 οὗν
2657 1176 2692 1242 ἡ
2753 1175 3064 1252 περιεκτικὴ
3118 1175 3223 1231 τῶν
3283 1173 3544 1253 πανιὲρων
3593 1173 3893 1253 ὒμνολογία

2225 1263 2322 1328 τὰς
2383 1265 2618 1344 ψυχικὰς
2674 1260 2730 1306 ω
2771 1265 2928 1340 ἡμῶν
2979 1263 3108 1330 ἕξεις
3173 1265 3494 1341 ἐναρμονίως
3538 1262 3696 1342 διαθῇ
3755 1267 3890 1343 πρὸς

2227 1355 2294 1409 τὰ
2369 1356 2562 1430 μικρὸν
2629 1354 2844 1432 ὕστερον
2902 1355 3446 1434 ἱερουργηθιισόμενα,
3497 1355 3586 1411 καὶ
3655 1361 3728 1431 τῇ
3784 1361 3890 1412 τῶν

2227 1443 2378 1500 θείων
2437 1444 2585 1518 ᾠδῶν
2620 1447 2890 1524 ὁμοφωνίᾳ
2949 1446 3046 1512 τὴν
3091 1446 3222 1523 πρὸς
3253 1447 3319 1499 τὰ
3373 1447 3492 1500 θεία
3535 1445 3624 1501 καὶ
3671 1445 3890 1509 ἑαυτοὺς

2228 1535 2316 1590 καὶ
2346 1533 2610 1605 ἀλλήλους
2658 1535 3052 1614 ὁμοφροσύνην,
3085 1537 3156 1601 ὡς
3207 1540 3302 1610 μιᾷ
3337 1537 3424 1590 καὶ
3467 1533 3725 1612 ὃμολόγῳ
3785 1542 3891 1592 tti

2227 1624 2379 1701 ἱερῶν
2435 1625 2622 1704 χορείᾳ
2679 1623 2756 1701 94,
2803 1624 3160 1704 νομοθετῆσςι,
3214 1626 3280 1681 τὰ
3332 1625 3744 1702 συντετμημένα
3805 1626 3891 1681 καὶ

2228 1714 2646 1789 συνεσκιασμένα
2718 1713 2920 1790 μᾶλλον
2992 1716 3045 1771 ἐν
3115 1721 3182 1791 τῇ
3271 1720 3426 1794 νοερᾷ
3492 1718 3598 1772 τῶν
3655 1714 3892 1790 ψαλμῶν

491 1805 793 1863 dulatione
817 1807 1046 1864 concisa
1070 1817 1206 1866 sunt
1229 1817 1284 1864 et
1307 1808 1492 1879 magis
1518 1805 1880 1873 obumbrata,
1907 1816 2005 1875 per
2028 1801 2149 1872 plu-

2237 1803 2499 1884 ίερολογίᾳ
2555 1804 2638 1860 διὰ
2697 1803 2958 1862 πλειόνων
3018 1806 3106 1862 καὶ
3165 1806 3500 1884 σαφεστέρων
3546 1807 3770 1862 εἰκόνων
3806 1809 3894 1862 καὶ

489 1915 589 1958 res
618 1895 1130 1959 etmantfestiores
1153 1897 1377 1978 ﬁguras
1400 1906 1579 1978 atque
1603 1894 2033 1976 explicationes
2055 1910 2148 1954 sa-

491 1986 842 2050 cratissimis
870 1985 1444 2068 scripturisticarum
1483 1985 1988 2067 compositionum
2021 1982 2146 2044 lec-

493 2075 753 2140 tionibus
766 2076 1186 2142 dilatantur.ln
1210 2078 1302 2140 bis
1321 2095 1630 2141 sacrarum
1655 2094 1858 2140 rerum
1885 2081 2147 2136 contem-

492 2166 686 2248 plator
712 2167 1071 2230 uniformem
1097 2168 1414 2250 quamdam
1447 2176 1627 2246 atque
1653 2166 2015 2246 singularem
2048 2162 2148 2225 ad-

491 2264 687 2319 vertet
729 2256 1262 2338 conspirationem,
1297 2265 1502 2339 utpote
1533 2257 1606 2319 ab
1652 2275 1771 2318 uno
1811 2255 2147 2335 eodemque

489 2345 600 2410 Dei
619 2345 932 2427 principali
953 2346 1170 2427 spiritu
1193 2345 1744 2429 concitatam;unde
1758 2345 1898 2426 jure
1931 2348 2140 2405 merito

2229 1893 2570 1973 ἀναῤῥήσεων
2615 1895 2881 1973 εὖρύνεται
2941 1908 3062 1958 ταῖς
3123 1895 3431 1970 ἱερωτάταις
3476 1895 3580 1952 τῶν
3626 1897 3891 1974 ἀγιογράο

2230 2008 2344 2065 φων
2399 1984 2690 2050 συντάξεων
2744 1985 2808 2034 95
2849 1985 3229 2062 ἀναγνώσεσιν,
3295 1984 3384 2042 Ἐν
3427 1986 3643 2050 ταύταις
3675 1989 3706 2042 ὁ
3763 1985 3890 2062 βλέ-

2232 2097 2345 2131 πων
2377 2077 2528 2152 ἱερῶς
2569 2074 2761 2150 ὄψεται
2793 2075 2894 2142 τὴν
2941 2072 3144 2142 ἑνοειδῆ
3179 2076 3264 2130 καὶ
3295 2075 3418 2149 μίαν
3470 2075 3772 2151 σύμπνοιαν
3805 2075 3890 2155 9“,

2230 2165 2303 2228 ὡς
2346 2165 2428 2243 ὑφ’
2487 2165 2602 2227 ἑνὸς
2643 2163 2706 2213 97
2750 2172 2842 2221 τοῦ
2893 2169 3182 2245 θεαρχικοῦ
3229 2166 3531 2240 Πνεύματος
3591 2168 3892 2242 κεκινημὲ-

2231 2275 2346 2320 νην’
2417 2253 2533 2310 ὅθεν
2578 2256 2795 2318 εἰκότως
2855 2255 2904 2311 ἐκ.
2939 2256 3125 2331 κόσμῳ
3185 2257 3320 2330 μετὰ
3377 2255 3476 2322 τήν
3532 2255 3893 2335 ἀρχαιοτεραν

2230 2343 2515 2423 παράδοσιν
2574 2347 2607 2412 ἡ
2664 2347 2824 2414 καινὴ
2859 2347 3100 2415 Διαθήκη
3159 2347 3506 2425 κηρύσσεται,
3555 2346 3652 2413 τῆς
3716 2345 3894 2403 ἐνθέου

491 2435 554 2498 in
573 2437 719 2499 orbe
741 2444 874 2518 post
901 2436 1304 2518 antiquiorem
1335 2436 1496 2498 illam
1521 2433 2142 2516 traditionem,Testa-

2237 2438 2310 2492 ιαὶ
2341 2434 2657 2514 ἱεραρχιιῆς
2689 2434 2887 2500 τάξεως
2949 2434 3152 2514 ἐκεῖνο,
3183 2436 3378 2515 οἶμαι,
3411 2433 3703 2511 δηλούσης,
3741 2439 3816 2500 ὡς
3859 2440 3890 2504 ἡ

493 2535 759 2590 mentum
785 2544 1006 2588 novum
1040 2527 1474 2608 promulgatur,
1510 2526 1708 2589 divino
1741 2524 1973 2586 scilicet
2005 2523 2138 2586 hie-

2237 2527 2322 2581 λέν
2377 2524 2478 2604 ἔφη
2522 2526 2618 2588 τὰς
2660 2525 2917 2600 ἐσομένας
2979 2524 3158 2592 ἰησοῠ
3216 2527 3513 2604 θεουργίας,
3578 2527 3612 2594 ἡ
3665 2525 3722 2582 δὲ
3769 2527 3890 2582 ὲτέ-

488 2618 880 2700 rarcbicoque
910 2618 1144 2692 ordine,
1194 2635 1328 2680 mea
1375 2617 1617 2698 quidem
1661 2615 1984 2689 sententia,
2036 2631 2143 2694 per

2237 2618 2367 2687 lese,
2400 2616 2487 2670 καὶ
2538 2616 2608 2680 ὡς
2639 2615 2812 2681 ἐκείνη
2844 2615 2940 2688 μὶ)
2973 2615 3025 2670 ἓν
3061 2613 3228 2672 εἰκόσι
3276 2615 3372 2682 τὴν
3421 2615 3678 2684 ἀλήθειαν
3709 2615 3888 2694 ἔγρα-

491 2707 606 2771 hoc
622 2707 1080 2790 declarante,uti
1105 2705 1288 2769 Vetus
1307 2707 1752 2769 Testamentum
1775 2704 1970 2765 futura
1995 2720 2115 2784 prie

494 2796 966 2878 dixerit,Novum
987 2815 1133 2860 vero
1163 2802 1424 2877 ipsamet
1449 2795 1650 2857 divina
1663 2792 1806 2857 Jesu
1841 2811 2023 2874 opera
2053 2812 2151 2855 ex-

493 2886 764 2950 hibuerit
800 2907 816 2962 ;
848 2899 1029 2968 atque
1085 2886 1235 2948 illud
1294 2886 1540 2968 quidem
1590 2884 1759 2968 quasi
1790 2883 2147 2966 quibusdam

494 2976 858 3057 imaginibus
875 2975 1214 3057 depinxerit
1235 2977 1572 3052 veritatem,
1595 2977 1710 3040 hoc
1729 2994 1866 3037 vero
1892 2991 2150 3055 praesen-

2233 2711 2353 2781 ψεν,
2401 2705 2534 2771 αὕτη
2580 2703 2635 2760 δὲ
2690 2711 2965 2780 παροῦσαν
3039 2703 3298 2769 ὑπέδειξε’
3375 2710 3481 2760 τῶν
3524 2706 3626 2780 γὰρ
3685 2707 3892 2771 Enim;

2234 2793 2675 2872 προανιρῤήσεων
2704 2796 2737 2861 ἡ
2789 2796 2924 2850 κατὰ
2972 2795 3172 2860 ταύτην
3206 2793 3567 2873 τελεσιουργία
3593 2795 3695 2861 τὴν
3754 2796 3890 2872 ἀγή-

2230 2888 2374 2942 θειαν
2429 2883 2786 2958 ἐπιστώσατο,
2816 2885 2902 2940 καὶ
2954 2884 3062 2941 ἔστι
3095 2887 3191 2951 τῆς
3245 2884 3517 2964 θεολογίας
3572 2887 3607 2952 ἡ
3655 2889 3884 2961 Oswy-{£1

2234 2973 2503 3054 συγκεφαλ
2518 2976 2723 3037 αίωσις.

495 3075 616 3130 tem
655 3065 1074 3142 demontravit,
1104 3084 1240 3129 cum
1288 3066 1740 3148 prtedictionum
1775 3066 1908 3146 ejus
1939 3064 2248 3128 veritatem
2299 3063 2548 3125 ell'ectus
2590 3063 2768 3145 hujus
2802 3063 3230 3145 comprobavit,
3265 3062 3726 3144 divinorumque
3774 3081 3893 3126 ser-

498 3173 746 3220 monum
777 3155 1042 3238 operatio
1073 3155 1272 3220 divina
1302 3157 1378 3221 sit
1409 3176 1666 3222 summa.

2100 3315 2129 3396 θ
2184 3314 2285 3379 Vl.

588 3483 709 3544 191
724 3480 837 3556 Qui
867 3480 1109 3563 quidem
1135 3481 1347 3544 horum
1370 3489 1886 3545 sacramentorum
1912 3483 2148 3561 penitus
2165 3483 2206 3535 C

496 3570 690 3650 ignari
723 3581 882 3647 sunt,
902 3571 987 3634 illi
1019 3589 1094 3633 ne
1128 3571 1416 3651 imagines
1436 3571 1679 3654 quidem
1705 3568 2149 3647 cernunt,quod

499 3661 1180 3742 nimirumimpudenter
1211 3662 1529 3726 salutarem
1563 3661 1778 3724 divinas
1805 3659 2148 3739 generatio-

499 3749 985 3831 nisdiscipliuam
1016 3750 1358 3832 repudient.
1393 3751 1779 3833 Eloquiisque
1812 3749 1998 3813 sacris
2025 3751 2149 3812 exi-

501 3838 650 3902 tiose
706 3857 948 3919 prorsus
999 3840 1370 3921 obstrepant,
1415 3840 1576 3903 νίσε-
1612 3849 1756 3904 tuas
1785 3847 1940 3905 scire
1980 3841 2143 3905 nolo.

501 3931 692 3992 Porro
719 3929 1188 3992 catechumenos
1217 3938 1275 3991 et
1298 3948 1759 4010 energumenos,
1798 3948 2023 4008 eosque
2045 3930 2147 4013 qui

504 4017 855 4101 paenitentia
884 4018 1610 4094 ducuntur,sacrosanctze
1640 4021 1989 4084 hierarchia)
2019 4040 2148 4084 mos

502 4109 722 4190 patitur
750 4108 990 4190 quidem
1024 4110 1231 4172 audire
1281 4129 1506 4172 sacram
1542 4111 1957 4194 psalmodiam,
1990 4111 2145 4174 divi-

502 4214 761 4281 namque
785 4215 1088 4261 sacrarum
1112 4198 1556 4282 Scripturarum
1582 4202 1994 4265 recitationem
2027 4221 2158 4284 ;ve-

501 4306 634 4350 rum
665 4288 737 4352 ad
758 4307 830 4352 ea
859 4308 992 4372 qua)
1020 4290 1310 4373 deinceps
1334 4300 1664 4374 sequuntur
1693 4293 1985 4357 sacriﬁcia
2015 4311 2158 4374 spe-

503 4379 852 4462 ctaculaque
874 4399 1255 4462 nequaquam
1289 4383 1398 4446 hos
1427 4394 1738 4462 convocat,
1785 4383 1890 4447 sed
1917 4385 2156 4466 perfec-

503 4477 595 4531 tos
625 4470 1025 4550 perfectorum
1049 4471 1388 4535 oculos.Est
1409 4475 1568 4536 enim
1599 4473 1912 4537 deiformis
1933 4475 2036 4537 ille
2067 4492 2158 4537 or-

505 4557 582 4621 do
614 4577 785 4622 sacer
812 4568 1038 4622 sanctae
1068 4561 1283 4642 plenus
1305 4561 1576 4644 justitise,
1606 4583 1718 4628 nec
1750 4583 1868 4627 non
1901 4564 2160 4627 salubri-

507 4655 598 4710 ter
626 4648 848 4738 cuique
870 4658 1330 4714 consentaneam
1363 4670 1468 4733 pro
1507 4654 1721 4716 merito
1753 4654 2043 4738 cujusque
2066 4674 2159 4718 re-

503 4755 638 4800 rum
673 4737 1008 4801 divinarum
1043 4740 1252 4803 tribuit
1295 4742 1838 4823 participationem,
1897 4737 1959 4808 et
1990 4746 2160 4826 juxta

2313 3480 2522 3538 Τούτων
2565 3484 2612 3538 οἱ
2660 3483 2758 3558 μὲν
2802 3477 3282 3562 ἆπερισά).πιγκτοι
3341 3479 3562 3538 καθόλου
3606 3485 3718 3538 τῶν
3749 3481 3894 3558 ἱερῶν

2232 3569 2464 3628 τελετῶν
2524 3569 2640 3630 οὒδὲ
2695 3571 2785 3638 τὰς
2845 3573 3052 3636 εἰκόνας
3103 3574 3324 3651 ὁρῶσιν,
3367 3568 3594 3634 ἀναιδῶς
3655 3571 3895 3628 ἀπειπά-

2233 3683 2385 3738 μενοι
2435 3661 2536 3730 τὴν
2569 3660 2884 3743 σωτηριώδη
2935 3662 3032 3731 τῆς
3062 3663 3396 3739 θοογενεσίας
3443 3659 3509 3710 98
3537 3661 3766 3737 μύησιν,
3814 3661 3898 3716 καὶ

2230 3766 2348 3817 τοῖς
2412 3751 2611 3832 λογίοις
2671 3752 2920 3832 ὀλεθρίως
2994 3749 3464 3832 ἁντιφθεγξάμενοι
3534 3752 3622 3810 τό.
3706 3749 3887 3815 Ὀδούς

2231 3865 2322 3901 σον
2385 3841 2571 3901 εἰδέναι
2630 3845 2689 3901 οὗ
2746 3843 3028 3921 βούλομαι.
3099 3843 3227 3904 Τοὺς
3288 3841 3343 3898 δὲ
3403 3842 3878 3922 κατηχουμένους,

2230 3934 2634 4014 ἐνεργουμένους
2687 3956 2766 3997 τε,
2801 3935 2888 3991 καὶ
2945 3933 3068 3996 τοὺς
3114 3933 3168 3989 ἐν
3202 3932 3454 4008 μετανοίᾳ
3479 3930 3659 4006 ὄντας,
3713 3934 3742 3989 ὅ
3792 3937 3888 3999 τῆς

2231 4025 2382 4103 ἁγίας
2425 4018 2712 4104 ’ἱεραρχίας
2771 4025 2964 4100 θεσμὸς
3035 4023 3214 4104 ὶφίησι
3288 4022 3386 4098 μὶ)
3449 4021 3750 4082 ἐπακοῦσαι
3804 4021 3895 4089 τῆς

2231 4113 2509 4192 ψαλμικῇς
2564 4113 2884 4194 ἱερολογίας,
2931 4116 3022 4172 καὶ
3073 4117 3174 4180 τῆς
3234 4111 3409 4170 ἐνθέου
3461 4117 3567 4167 τῶν
3626 4112 3894 4190 πανιέρων

2240 4210 2461 4284 Γραφῶν
2519 4204 2892 4284 ἀναγνώσεως⁶
2940 4204 3014 4267 εἰς
3065 4200 3245 4266 δὲτὰς
3304 4201 3426 4270 ἕξῆς
3456 4202 3756 4281 ἱερουργίας
3814 4201 3897 4258 καὶ

2238 4295 2458 4373 Θεωρίας
2515 4294 2580 4345 99
2635 4298 2695 4354 οὐ
2750 4292 3095 4372 συγκαλεϊται
3153 4292 3393 4366 τούτους,
3453 4290 3592 4348 ἄλλὰ
3635 4292 3764 4357 τοὺς
3815 4311 3902 4347 τε·

2239 4383 2409 4451 λείους
2463 4391 2570 4442 τῶν
2630 4383 3016 4463 τελεσὶουργῶν
3088 4380 3413 4462 ὀφθαλμούς.
3476 4380 3649 4439 ’Ἐστι
3706 4383 3810 4460 γὰρ
3864 4382 3898 4448 ἦ

2239 4471 2474 4543 θεοειδής
2525 4475 2768 4555 ἱεραρχία
2799 4471 3133 4540 δικαιοσύνης
3179 4473 3320 4551 ἱερᾶς
3365 4469 3674 4545 ἀνάπλεως,
3705 4473 3799 4528 καὶ
3839 4471 3896 4526 τὸ

2241 4565 2360 4623 κατ’
2425 4562 2569 4629 ἆςίαν
2601 4564 2803 4638 ἐντίστῳ
2863 4563 3138 4642 σωτηρίως
3201 4559 3456 4636 ἀπονέμει
3496 4559 3596 4627 τὴν
3658 4559 3896 4640 ἐναρμό-

2240 4677 2347 4713 νιον
2406 4654 2631 4713 ἐχθίστου
2690 4655 2796 4713 τῶν
2852 4654 3005 4711 θείων
3062 4649 3266 4730 μέθεξιν
3317 4649 3372 4708 ἐν
3441 4650 3742 4730 συμμετρίᾳ
3817 4650 3897 4705 οιαὶ

2239 4746 2496 4825 ἀναλογίᾳ
2550 4747 2686 4803 κατὰ
2731 4746 2911 4825 καιρὸν
2969 4744 3122 4823 ἱερῶς
3157 4739 3488 4822 δωρουμένη,
3537 4737 3607 4797 Ἢ
3665 4739 3768 4814 μὲν
3813 4738 3896 4798 οὖν

507 4828 1127 4918 οδριυιζιωοὰυωςυο
1149 4830 1517 4911 singulorum
1535 4851 1642 4895 suo
1665 4841 1934 4914 tempore
1953 4843 2149 4899 sancte

2241 4837 2449 4918 ἐσχάτη
2495 4849 2612 4900 τοῖς
2669 4833 3106 4915 κατηχυυμένοις
3147 4831 3542 4908 ἀπονενέμηται
3585 4827 3762 4896 τάξις·
3799 4828 3896 4886 εἶσί

509 4915 899 5007 concedit.Ac
918 4927 1255 4999 postremus
1271 4922 1515 5002 quidem
1539 4921 1685 4985 ordo
1709 4924 2149 4996 catechumeni:

2245 4915 2344 5007 γᾶῥ
2413 4927 2695 5003 ἀμὲθεκτοι
2755 4921 2837 4968 ¹⁰⁰
2897 4925 2981 4983 ιιοὶ
3037 4923 3267 4999 ἀμύητοι
3325 4921 3526 4986 παντὸς
3586 4920 3894 5002 ἱεραρχικσῦ

509 5003 770 5097 tributus
797 5009 1078 5085 est,quod
1107 5018 1340 5073 exortes
1367 5010 1486 5074 sint
1510 5022 1569 5076 et
1591 5013 1781 5094 ignari
1805 5015 2002 5078 omnis
2031 5017 2149 5082 hie-

2241 5003 2606 5097 τελεστηρίου,
2669 5015 2807 5094 μηδὲ
2849 5015 2950 5083 τὴν
2992 5013 3136 5070 κατὰ
3181 5012 3325 5069 θείαν
3373 5007 3620 5076 ἀπότεξιν
3651 5011 3673 5052 ¹
3729 5011 3895 5068 ἔνθεον

506 5095 798 5188 tarchicaa
819 5097 1227 5188 perfectionis,
1253 5119 1451 5184 neque
1473 5102 1614 5166 dum
1647 5121 1758 5186 per
1781 5104 2036 5170 divinam
2057 5128 2149 5171 na-

2241 5095 2539 5188 ἒσχηκότες
2578 5105 2817 5186 ὕπαρξιν,
2850 5103 2970 5162 ἀλλ’
3021 5103 3098 5161 ἔτι
3133 5103 3263 5182 πρὸς
3309 5102 3415 5160 τῶν
3466 5107 3744 5188 πατρικῶν
3801 5099 3894 5158 λο-

511 5185 801 5251 tivitatem
833 5187 1098 5253 divinum
1129 5197 1346 5256 statum
1375 5185 1665 5274 assecuti,
1681 5195 1942 5277 paternis
1961 5198 2149 5265 adhuc

2239 5185 2368 5278 γίων
2446 5185 2810 5275 μαιευόμενοι,
2861 5196 2946 5255 καὶ
2993 5201 3283 5268 ζωοποιοϊς
3340 5190 3667 5273 μορφώμασι
3695 5187 3727 5232 ³
3784 5190 3893 5250 δια-

1837 5402 2098 5468 VARUE
2141 5402 2462 5472 LECTION
2472 5400 2580 5466 ES.

592 5569 932 5670 ⁹³οφυσικέὲκ
955 5578 1046 5670 Ps.
1077 5576 1150 5670 1?-
1199 5578 1422 5670 Ειιληθέ
1451 5586 1631 5670 χώρει,
1664 5581 1885 5670 Μ;-8⁴Ξ;
1927 5585 1992 5636 οδ
2020 5589 2384 5670 ἀπογραφων,,
2397 5585 2501 5670 -131:
2532 5581 2658 5670 δα.
2685 5581 3110 5670 remissurum:
3139 5577 3206 5631 ⁸⁸
3226 5580 3539 5670 ἔμπνευσιξν
3567 5578 3680 5670 οη-
3717 5581 3788 5670 ἓ·
3820 5574 3890 5670 9'-

514 5650 612 5751 ἕο.
825 5650 1170 5751 Ψξέφίὲνόις,
1205 5659 1269 5724 Ρ.
1300 5660 1370 5714 98
1392 5650 1683 5751 θεογονίές,
1710 5665 1793 5751 Μ.
1825 5664 1890 5717 99
1917 5650 2211 5751 θεουργίοίξ³
2351 5650 2447 5711 ’ίθο
2469 5666 2535 5728 Ρ.
2569 5650 2773 5726 subdit
2800 5663 3020 5728 πάντες,
3079 5650 3106 5702 ί
3135 5650 3453 5741 κατ’-ἀξίαν,
3482 5650 3553 5725 P'.
3581 5676 3598 5735 ;
3632 5657 3890 5724 ἆπόδειξιν

511 5733 589 5796 Μ.
624 5733 782 5798 Scot.
841 5736 870 5779 ³
893 5733 968 5796 ἔτί
1000 5733 1201 5807 ὁποίοὶς
1230 5733 1554 5827 μορφώσειίί³
1587 5733 1683 5809 Μί
1703 5747 1802 5810 Sc.
