4042 6432
189 367 308 435 433
1252 376 1350 438 DE
1394 372 1692 439 ECCLES.
1729 371 2169 445 HIERARCH.,
2204 373 2368 437 CAP.
2415 375 2528 437 III.
3467 375 3585 442 434

178 504 540 581 πλαττόμενοι
601 509 730 585 πρὸς
792 509 890 574 τὴν
949 507 1010 564 ἐκ
1071 510 1400 588 Θεογενεσίας
1452 510 1716 590 ἀρχίζων,ν
1747 511 1833 565 καὶ

1929 506 2170 588 eloquiis
2201 507 2533 587 foveantur,
2573 505 2942 586 viviﬁcisque
2970 506 3179 572 formis
3232 509 3305 572 ad
3338 508 3580 574 beatum

178 596 488 675 ἀρχίφωτον
567 599 657 653 καὶ
734 597 1000 677 μακαρίαν
1083 587 1440 678 προσαγωγὴν
1521 587 1575 662 τί,
1637 587 1839 676 ΓὨσττερ

1929 587 2230 674 illum,qui
2252 616 2322 659 ex
2354 597 2553 658 divina
2573 596 2964 676 generatione
2993 597 3418 678 proﬁciscitur,
3449 602 3584 664 vitae

178 685 285 759 οὖν,
353 688 400 740 εἰ
459 685 724 744 ἀτέλεστα
780 689 866 743 καὶ
924 687 1216 763 ἀμόροωτα
1262 690 1578 768 προεκπεσοι
1610 691 1674 746 τὰ
1706 689 1839 746 κατά

1929 687 2192 768 lucisque
2265 686 2596 767 principem
2673 703 3081 767 progressum
3173 687 3582 753 efformentur.

175 775 345 850 σάρκα
404 776 575 854 βρέφη
634 782 732 843 τῆς
791 778 989 842 οἰκείας
1044 779 1360 853 μαιεύσεως,
1426 783 1497 846 ὡς
1532 776 1836 857 ἀμϐλωθρί-

1929 775 2443 850 Quemadmodum
2478 779 2680 856 itaque
2703 775 2973 840 carnales
2998 775 3583 862 liberi,siimperfec-

172 861 251 918 δια
301 866 398 921 καὶ
462 865 805 944 ἐκτρώματι,
867 867 963 934 τὴν
1023 867 1313 946 ἀγέννητον
1381 871 1469 926 καὶ
1528 867 1695 940 ἔζωον
1751 871 1837 925 καὶ

171 954 476 1034 ἀφώτιστον
537 956 624 1012 ἐπὶ
682 961 784 1034 γῆς
845 957 1158 1014 ἀπόπτωσιν
1203 958 1329 1029 ἕξει,
1392 961 1478 1016 καὶ
1537 961 1630 1017 οὒκ
1659 959 1722 1015 ἄν
1753 981 1830 1022 τις

172 1047 441 1125 εέσρεονῶν
498 1044 673 1120 εἴποι,
736 1048 868 1122 πρὸς
922 1049 982 1103 τὸ
1012 1049 1328 1127 φαινόμενον
1362 1047 1714 1126 ἀποσκοπῶν,
1749 1047 1834 1106 ἐπὶ

173 1136 226 1189 τὸ
283 1136 403 1213 φῶς
458 1136 591 1193 αὕτα
645 1139 1006 1215 προαχθῆναι,
1059 1138 1151 1194 τοῦ
1183 1139 1318 1194 κατᾶ
1349 1139 1578 1218 γαστέρα
1611 1141 1830 1202 σκότους

1920 869 1961 930 ti
1996 878 2052 932 et
2082 869 2752 945 informes,obstetricis
2787 887 2932 933 cura
2962 870 3402 946 destituti,ante
3436 881 3592 946 tem:

1918 979 2030 1040 pus
2053 959 2690 1040 excidant,utabortivi
2717 968 2777 1023 et
2797 959 3480 1036 abortus,nativitatisac
3502 965 3584 1025 vi-

1917 1057 1988 1111 tze
2020 1049 2290 1131 lucisque
2321 1057 2622 1112 exsortem
2651 1051 2714 1112 in
2751 1058 2968 1114 terram
3021 1049 3255 1132 lapsum
3308 1051 3579 1116 habituri

1916 1149 2074 1201 sunt:
2104 1158 2302 1216 neque
2332 1139 2648 1221 quisquam
2676 1145 2774 1222 qui
2805 1148 2969 1203 recte
2991 1140 3291 1220 judicabit
3322 1142 3381 1204 id
3414 1143 3573 1223 quod

175 1223 579 1303 ἀπαλλαγέντα·
646 1227 800 1307 (φαίη
864 1228 963 1306 γὰρ
1024 1226 1085 1284 ἂν
1144 1231 1317 1296 ἡτῶν
1347 1230 1570 1302 σμᾶτων
1601 1228 1833 1296 ἐπιστη-

1929 1238 2163 1310 apparet
2187 1229 2722 1303 intuendo,dixerit
2744 1231 2800 1291 in
2819 1231 3014 1294 lucem
3038 1236 3198 1311 ipsos
3212 1249 3347 1294 esse
3361 1231 3579 1309 editos,

176 1317 370 1386 μονικὴ
437 1316 726 1386 προστάτις
786 1317 1021 1395 ἰατρικὴ,
1086 1319 1147 1374 τὸ
1205 1324 1318 1396 φῶς
1347 1321 1584 1397 ὶνεργεϊν
1615 1319 1744 1383 4εἰς
1778 1313 1839 1374 τὰ

1929 1319 2080 1399 quod
2104 1319 2226 1381 sint
2251 1320 2325 1380 ab
2353 1319 2469 1381 alvi
2500 1318 2762 1382 tenebris
2785 1319 3024 1382 liberati
3046 1319 3236 1400 (dicet
3269 1320 3430 1382 enim
3458 1340 3583 1384 me-

177 1403 391 1460 Ξεκτικᾶ
449 1413 543 1462 τοῦ
600 1404 828 1484 φωτός)
893 1406 1031 1462 οὕτω
1089 1407 1176 1462 καὶ
1237 1413 1340 1463 τῶν
1387 1409 1608 1485 ἱερῶνῆ
1641 1409 1839 1464 πάνσο-

1929 1408 2378 1488 ύίεἱιιει,ί⁹ρθι“ἱῐει
2401 1427 2717 1489 corporum
2752 1428 2992 1490 praeses,
3028 1409 3227 1472 lucem
3261 1409 3379 1472 vim
3412 1429 3581 1475 suam

173 1517 268 1573 φης
332 1493 619 1569 ἐπιστήμη
676 1501 858 1574 πρῶτα
915 1495 1010 1571 μὲν
1046 1498 1229 1559 αὖτοὺς
1291 1503 1357 1574 τῇ
1412 1504 1517 1554 τῶν
1567 1520 1839 1579 μορφωτι-

1929 1517 2178 1578 egerere
2204 1499 2263 1560 in
2294 1499 2390 1562 illa
2421 1518 2559 1582 qum
2579 1499 2732 1561 lucis
2757 1507 2896 1561 sunt
2919 1500 3180 1580 capacia)
3211 1521 3228 1582 ;
3263 1501 3347 1562 sic
3369 1520 3580 1565 sacro-

173 1591 283 1639 κὼν
344 1585 438 1640 καὶ
497 1591 779 1655 ζωοποιῶν
811 1583 1003 1662 λογίων
1049 1587 1376 1664 εἰσαγωγικῇ
1419 1594 1586 1666 τροφῇ
1619 1589 1836 1663 μαιεύε-

1929 1607 2048 1650 rum
2083 1591 2322 1670 sapiens
2352 1590 2669 1670 disciplina
2696 1591 2957 1669 primum
2992 1589 3237 1666 quidem
3287 1590 3450 1671 ipsos
3481 1594 3578 1654 in-

172 1695 278 1747 ται,
347 1671 794 1753 τελεσφορὰσασα
857 1673 911 1730 δὲ
971 1675 1070 1741 τήν
1123 1679 1254 1753 πρὸς
1304 1679 1634 1754 θεογενεσίαν
1669 1680 1839 1734 αὖτῶν

1929 1677 2292 1740 troductorio
2314 1679 2608 1741 formandi
2633 1688 2690 1740 et
2721 1677 3054 1741 vivificandi
3075 1679 3190 1741 vim
3224 1679 3576 1744 habentium

169 1763 493 1838 ὑπόστασιν,
558 1760 802 1817 ἐνδίδωσι
855 1764 1133 1841 σωτηρίως
1195 1766 1378 1827 αὖτοϊς
1435 1766 1488 1822 ἐν
1550 1766 1688 1832 τάξει
1741 1772 1839 1834 τὴν

1929 1767 2300 1846 eloquiorum
2334 1768 2467 1830 cibo
2502 1768 2678 1843 fovet,
2710 1767 2809 1830 ubi
2838 1785 2978 1830 vero
3002 1777 3216 1832 statum
3238 1788 3445 1832 eorum
3477 1771 3578 1833 di-

169 1852 300 1925 πρὸς
366 1852 437 1906 τὰ
497 1849 763 1929 φωτοειδῆ
835 1853 920 1908 καὶ
990 1853 1388 1934 ττλεσιουργικὰ
1444 1856 1476 1905 5
1535 1862 1834 1913 κοινωνίαν·

203 1948 220 1958 ιι
324 1939 367 1960 5⁸
444 1942 456 1957 ο
565 1942 576 1960 9
651 1941 706 1960 \l
893 1942 906 1958 9
997 1940 1020 1960 λ
1161 1943 1230 1960 "\
1363 1947 1374 1960 ι
1466 1945 1500 1960 l\
1696 1952 1713 1960 -

1929 1856 2074 1919 vine:
2104 1858 2544 1937 regenerationi
2575 1866 2776 1939 aptum
2801 1857 3141 1934 absolverit,
3177 1867 3302 1923 tum
3333 1861 3578 1924 demum

170 1948 256 1996 vis
318 1939 376 1996 δὲ
430 1942 506 2005 ὡς
554 1941 853 1998 ἀτελέστων
884 1940 1292 2000 ἀποδιαστὲλλει
1324 1947 1388 2002 τὰ
1420 1945 1618 2026 τέλεια,
1651 1952 1752 2014 τῆς
1781 1969 1838 2003 τε

1929 1947 1993 2008 iis
2026 1946 2347 2009 salubriter
2382 1949 2593 2011 ordine
2625 1948 2906 2011 concedit
2937 1966 3140 2011 rerum
3173 1949 3578 2014 luciformium

168 2031 460 2105 εὒιιοσμίας
524 2037 629 2087 τῶν
689 2033 842 2104 ἱερῶν
901 2037 1346 2109 προμηθουμένη,
1406 2038 1494 2092 καὶ
1559 2041 1658 2104 τῆς
1728 2044 1834 2094 τῶν

1929 2045 1983 2098 et
2017 2037 2451 2118 perficientium
2477 2038 3110 2120 communicationem;
3129 2059 3287 2103 nunc
3305 2059 3444 2103 vero
3473 2060 3584 2104 ve-

167 2120 610 2200 κατηχουμὲνων
681 2120 734 2178 ἐν
799 2121 1024 2180 θεοειδεϊ
1097 2131 1204 2180 τῶν
1280 2127 1602 2206 ἱεραρχικῶν
1691 2125 1832 2192 τάξει

1929 2124 2006 2186 Ιυῑ
2035 2125 2107 2187 ab
2143 2127 2509 2207 imperfectis
2555 2126 2820 2208 perfecta
2849 2128 3135 2204 secernit,
3172 2148 3305 2192 cum
3343 2130 3582 2196 decori

171 2235 205 2280 μ
219 2212 472 2272 ιιεῦτεως
508 2218 596 2266 καὶ
629 2215 769 2282 ζωῆς
782 2255 797 2270 .

1920 2224 2387 2290 sacrorum,tum
2414 2217 2988 2280 catechumenorum
3022 2218 3394 2282 educationis
3415 2240 3482 2283 ac
3505 2221 3586 2284 vi-

1921 2313 1993 2367 tae
2016 2323 2218 2367 curam
2251 2307 2670 2386 gerens,juxta
2701 2306 3054 2371 deiformem
3089 2308 3318 2371 ordinis
3347 2309 3581 2374 hierar-

1918 2394 2071 2457 chici
2106 2395 2619 2460 constitutionem.

1787 2530 1816 2610 §
1850 2528 1971 2594 vn.

248 2719 313 2784 Ἠ
345 2725 404 2784 δὲ
458 2728 568 2785 τῶν
625 2727 1018 2806 ἐνεργουμένων
1075 2728 1280 2797 πληθὺς
1332 2729 1535 2809 ἀνίερον
1595 2730 1693 2806 μὲν
1753 2731 1841 2786 καὶ

175 2818 328 2896 αἱτη,
365 2815 592 2895 δευτέρα
627 2815 683 2873 δὲ
715 2820 846 2889 πρὸς
895 2820 957 2875 τὸ
1007 2816 1118 2876 ἄνω
1151 2825 1249 2884 τῆς
1271 2826 1378 2877 τῶν
1411 2819 1840 2900 κατηχουμὲνων

177 2906 309 2964 ἐστὶν
342 2910 634 2985 ὶσ-χατιᾶς,
671 2906 800 2965 (δῦδὲ
831 2908 930 2988 γὰρ
960 2907 1106 2984 ἴσοι,
1141 2912 1214 2972 ὡς
1245 2909 1432 2988 οἶμαι,
1492 2917 1585 2967 τοῦ
1642 2930 1837 2966 παντε-

177 2999 281 3062 λῶς
337 2996 587 3070 ἀμυήτου
645 2999 731 3054 καὶ
788 3005 895 3054 τῶν
953 2999 1106 3056 Θείων
1136 2997 1365 3056 τελετῶν
1397 2999 1570 3078 ἄκρως
1601 2999 1837 3056 ἀκοινω-

2006 2732 2188 2793 Porro
2211 2748 2756 2811 energumenorum
2792 2731 2966 2794 turba
2991 2730 3304 2794 immunda
3332 2731 3580 2812 quidem

1924 2829 2014 2882 est
2043 2828 2100 2882 et
2125 2820 2700 2902 ipsa,verumtameu
2716 2821 3046 2885 secundum
3073 2822 3274 2884 locum
3300 2822 3580 2902 δυροτίοο

1923 2929 2048 2972 rem
2079 2929 2114 2972 a
2144 2912 2712 2974 catechumenorum
2759 2912 3142 2975 extremitate
3169 2910 3418 2976 obtinet.
3449 2915 3582 2978 Ne-

1923 3018 2041 3078 que
2055 3001 2213 3062 enim
2234 3003 2472 3082 penitus
2489 3001 3226 3084 profano,divinorumquc
3242 3019 3584 3065 sacramen-

189 3087 340 3155 νήτον
366 3089 430 3143 τὸ
481 3087 768 3162 μετοδσίαν
795 3087 913 3144 τινὰ
965 3089 1066 3146 τῶν
1113 3090 1413 3166 ίερωτάτων
1454 3089 1692 3169 ἐσχηκδς
1745 3112 1839 3147 τε⁹

185 3174 496 3253 λεστηρὶων,
565 3176 643 3233 ἔτι
702 3176 756 3234 δὲ
815 3190 934 3240 ταῖς
969 3177 1228 3244 ἐναντίαις
1259 3179 1293 3238 ii
1322 3177 1552 3245 θὲλξεσιν
1601 3180 1638 3248 ἢ
1671 3201 1838 3258 ταρα-

178 3279 311 3344 χαῖς
341 3267 743 3348 ἐνεσχημὲνον,
785 3267 925 3325 ἀλλά
955 3269 1042 3325 καὶ
1092 3271 1223 3349 πρὸς
1278 3271 1463 3334 αὖτοὺς
1494 3272 1528 3338 ἡ
1562 3277 1668 3326 τῶν
1699 3292 1839 3326 παν-

1929 3277 2118 3330 torum
2159 3277 2388 3350 partem
2423 3270 2605 3351 venit,
2637 3269 2869 3333 tametsi
2901 3269 3218 3332 contrariis
3247 3269 3580 3333 etiamnum

176 3359 329 3433 ιέρων
395 3356 493 3412 θέα
554 3359 644 3413 καὶ
703 3356 1411 3440 κοινωνίαθσυστέλλεται,
1465 3360 1552 3416 καὶ
1605 3359 1748 3434 μα’λα
1779 3381 1837 3438 γε

1929 3357 2228 3420 illecebris
2268 3359 2896 3440 perturbationibusve
2929 3358 3278 3440 implicetur
3313 3381 3329 3432 ;
3387 3377 3580 3440 quan-

174 3446 428 3509 εἰκότως.
493 3449 553 3504 Ei
609 3449 708 3526 γὰρ
766 3449 908 3506 ἐστιν
966 3448 1185 3528 ἀληθὲς,
1250 3452 1324 3514 ὡς
1383 3449 1667 3506 ὁκαθόλοο
1695 3453 1839 3512 θεῖος

1929 3465 2102 3528 quam
2125 3447 2304 3510 etiam
2338 3449 2482 3528 ipsis
2504 3466 2706 3510 rerum
2729 3447 3272 3511 sacratissimarum
3303 3457 3581 3530 aspectus

181 3535 340 3612 ἀνὴρ,
405 3538 435 3592 ὃ
494 3541 602 3592 τῶν
662 3540 814 3594 θείων
873 3537 1016 3605 ἄξιος
1073 3541 1347 3610 κοινωνὸς,
1410 3542 1438 3596 ὁ
1505 3545 1631 3616 πρὸς
1665 3541 1839 3596 τὸτοῦ

1929 3538 2394 3616 communioque
2424 3537 2800 3601 subtrahitur
2831 3546 2889 3600 et
2911 3537 3154 3618 quidem
3178 3537 3315 3617 jure
3339 3539 3578 3604 merito.

180 3623 301 3682 κατ’
336 3627 500 3682 αὸνὸν
531 3626 796 3694 θεοειδοὺς
828 3626 988 3700 ἀκρον
1031 3628 1085 3685 ἒν
1137 3628 1414 3685 παντελὲσι
1450 3630 1533 3685 καὶ
1565 3627 1839 3686 τελειωτι-

1929 3625 2073 3689 Nam
2107 3626 2157 3686 si
2190 3643 2394 3688 verum
2430 3627 2502 3687 sit
2527 3627 2790 3688 divinum
2828 3644 3077 3707 prorsus
3120 3626 3312 3688 virum
3344 3625 3583 3688 divino-

180 3729 306 3780 καῐς
371 3715 632 3774 Θεώσεσιν
688 3717 1016 3796 ἀνηγμένος,
1079 3715 1193 3774 οὐδὲ
1248 3718 1312 3774 τὰ
1347 3719 1536 3797 σαρκὸς
1576 3716 1839 3797 ἐνεργήσει

1930 3733 2061 3777 rum
2091 3717 2516 3778 communione
2536 3716 2804 3795 dignum,
2836 3735 2938 3796 pro
2958 3734 3065 3777 suo
3095 3714 3338 3777 modulo
3360 3715 3433 3777 ad
3465 3715 3584 3778 dei-

180 3808 329 3884 παρὰ
391 3806 496 3874 τὴν
555 3808 692 3862 κατὰ
748 3810 902 3886 φύσιν
958 3807 1382 3885 ἀναγκαιότητα,
1443 3809 1530 3863 καὶ
1589 3811 1741 3864 τοῦτ)
1805 3811 1839 3864 εἳ

1930 3803 2248 3866 formitatis
2292 3804 2588 3884 fastigium
2623 3805 3077 3885 perfectissimis
3125 3803 3584 3884 perfectivisque

175 3898 346 3976 τύχοι
406 3895 714 3976 παρέργως,
779 3900 901 3963 ναὸς
949 3895 1004 3954 δέ
1037 3896 1150 3972 ἅμα
1183 3899 1268 3954 καὶ
1300 3893 1496 3961 ὀπαδὸς
1523 3896 1576 3952 ἐν
1603 3898 1670 3966 τῆ
1729 3895 1839 3955 aut“

1929 3892 2409 3957 deiﬁcationibus
2441 3903 2811 3976 evectum,ea
2831 3913 2964 3976 quae
3007 3894 3205 3956 carnis
3233 3901 3373 3956 sunt
3399 3894 3580 3955 mini-

179 3989 346 4043 αὒτον
428 3987 704 4065 ἀκροτάτῃ
775 3988 961 4044 θεώσει
1039 3989 1132 4044 τοῦ
1197 3987 1488 4067 θεαρχικοῦ
1545 3989 1839 4063 Πνεύματος

1933 4001 2028 4045 me
2058 3991 2395 4045 curaturum
2442 3984 2592 4046 citra
2623 3992 2851 4046 naturae
2893 3984 3336 4060 necessitatem,
3371 3983 3579 4066 idque,

179 4076 366 4155 ἔσται,
428 4084 508 4151 τῷ
566 4078 733 4150 ὁμοίῳ
770 4079 833 4134 τὸ
863 4077 1049 4152 ὅμοιον
1081 4075 1346 4154 ἐνιδρύων*
1399 4079 1492 4134 οὐκ
1522 4075 1583 4133 ἂν
1615 4080 1641 4132 ὃ
1672 4088 1839 4138 τοιοῦ-

1936 4082 2109 4153 prout
2141 4091 2282 4136 usus
2301 4073 2776 4149 fcrt,obiter,sed
2794 4074 2854 4137 in
2879 4073 3309 4136 sublimissima
3329 4073 3431 4136 illa
3452 4093 3584 4156 qua

1933 4163 2047 4242 ipsi
2080 4163 2364 4244 competit
2390 4164 2764 4227 deiﬁcatione
2799 4163 3084 4244 templum
3118 4163 3295 4224 simul
3326 4163 3584 4244 Spiritus

1935 4253 2040 4316 Dei
2063 4252 2409 4333 principalis
2431 4262 2910 4334 sectatoremque
2935 4252 3374 4332 futurum,dum
3411 4252 3582 4314 simi-

1934 4342 1991 4404 le
2023 4342 2082 4402 in
2097 4341 2278 4403 simili
2299 4342 2502 4404 fundat
2519 4341 3184 4424 collocatquezprofecto
3206 4340 3471 4420 quisquis
3493 4349 3586 4403 est

1930 4431 2571 4511 ejusmodi,contrariis
2593 4450 2894 4513 nunquam
2929 4427 3451 4508 imaginationibus
3469 4438 3586 4492 ter-

1924 3096 2118 3150 torum
2169 3107 2419 3171 prorsus
2452 3091 2639 3153 exorti
2673 3109 2778 3172 par
2828 3099 2886 3153 et
2915 3089 3145 3171 aequale
3193 3090 3466 3153 duxerim
3521 3087 3582 3150 id

1929 3180 2062 3240 192
2094 3179 2250 3260 quod
2290 3181 2350 3241 in
2374 3180 2631 3261 aliquam
2663 3181 3204 3243 sacratissimorum
3229 3197 3582 3243 sacramen-

183 4168 278 4230 τός
346 4188 480 4223 ποτε
539 4169 670 4245 πρὸς
701 4167 806 4223 τῶν
858 4167 1107 4223 ἐναντίων
1139 4167 1449 4245 ἐνεργηοειη
1482 4169 1782 4247 φαντασιῶν
1813 4168 1848 4237 ἣ

181 4254 487 4330 δειμάτων,
522 4256 805 4334 γελάσεται
837 4257 891 4312 δὲ
946 4257 1098 4335 αὐτὰ,
1149 4259 1235 4312 καὶ
1279 4259 1569 4334 προσιόντα
1597 4279 1848 4314 καταπα-

178 4344 390 4418 λαίσει,
429 4348 519 4403 καὶ
551 4345 878 4419 ἐκδιώξεται,
921 4349 1009 4403 καὶ
1067 4344 1244 4424 δράσει
1302 4344 1507 4421 μᾶλλον
1566 4347 1600 4414 ἢ
1659 4367 1844 4402 πεισι-

175 4459 297 4509 ται,
365 4438 457 4493 καὶ
511 4439 642 4514 πρὸς
705 4441 782 4508 τῷ
831 4435 988 4502 Ἰτῆς
1053 4437 1249 4499 οἰκείας
1302 4435 1456 4502 ἕξεως
1509 4435 1704 4492 ἀπαθεῖ
1759 4437 1846 4493 καὶ

176 4524 455 4598 ἀποειδότῳ
488 4527 575 4582 καὶ
607 4525 804 4603 ἑτέροις
858 4526 1032 4604 ἰατρὸς
1086 4527 1372 4603 ὀφθήσεται
1432 4531 1536 4580 τῶν
1591 4525 1839 4581 τοιούτων

1929 4520 2286 4598 roribusque
2314 4521 2639 4589 vexabitur.
2676 4538 2879 4582 verum
2916 4518 3195 4582 irridebit
3239 4536 3366 4596 eos,
3401 4537 3582 4582 acce-

174 4616 593 4694 ἑνεργηεαάτων.
657 4615 830 4690 Οἶμαι
886 4613 939 4671 δὲ
998 4615 1107 4691 ἐγὼ
1163 4616 1294 4693 πρὸς
1325 4615 1515 4688 τούτῳ,
1553 4612 1839 4687 μᾶλλονδὲ

1929 4609 2256 4689 dentesque
2291 4610 2625 4690 profligabit
2663 4628 2730 4672 ac
2752 4616 3427 4690 persequetur,agetque
3453 4627 3585 4670 ma-

176 4704 311 4762 οἶδα
347 4712 557 4784 σαφῶς,
592 4709 664 4767 ὡς
694 4707 728 4772 ἡ
759 4711 865 4761 τῶν
914 4707 1236 4784 ίεραρχικῶν
1265 4704 1298 4754 8
1327 4704 1660 4781 ἀμιγεστάτη
1719 4703 1839 4764 διά·-

1929 4699 2015 4779 gis
2045 4717 2222 4781 quam
2257 4699 2535 4780 patietur,
2570 4708 2626 4760 et
2651 4717 2754 4778 pro
2787 4699 3032 4760 affectus
3058 4697 3149 4786 sui
3181 4697 3576 4778 impossibili-

174 4817 359 4873 κρισις
419 4797 524 4873 πρὸ
581 4795 776 4850 τούτων
837 4792 985 4852 οἶδεν
1031 4794 1432 4872 ἐνεργουμένους
1484 4793 1839 4870 ἐναγεστάτην

1929 4796 2044 4850 tate
2075 4797 2250 4870 atque
2280 4789 2615 4852 constantia
2635 4789 2770 4851 aliis
2796 4805 3036 4870 quoque
3067 4785 3354 4848 similium
3400 4807 3584 4851 vexa-

176 4882 484 4962 ἐνέργειαν,
517 4884 656 4956 ὅσοι,
689 4889 789 4950 τῆς
818 4881 1076 4946 θεοειδοῦς
1109 4883 1440 4949 ἀποστάντες
1472 4888 1639 4957 ζωῆς,
1704 4885 1839 4958 ὁμό-

1929 4878 2155 4939 tionum
2179 4878 2476 4940 medicum
2497 4897 2563 4940 se
2580 4876 3193 4958 prmbebit.Caeterum
3219 4876 3587 4960 opinor,imo

176 4977 378 5052 φρονεῖ
409 4995 468 5030 τε
499 4977 586 5031 καὶ
617 4974 906 5053 ὁμότροποι
939 4989 1056 5038 τοῖς
1091 4973 1345 5052 ὀλεθρίοις
1398 4975 1666 5050 γίγνονται
1725 4973 1839 5030 δαί-

1929 4984 2064 5029 vere
2095 4975 2467 5048 compertum
2503 4965 3210 5048 habeo,sincerissimum
3269 4985 3580 5029 sacrorum

179 5077 342 5131 μοαι,
403 5056 472 5110 τὰ
521 5057 618 5130 μὲν
671 5053 834 5120 ὅντως
893 5053 1043 5122 ὅντα,
1111 5055 1199 5110 καὶ
1230 5055 1500 5119 ἀθανάτως
1531 5055 1724 5128 κτητὰ,
1759 5059 1839 5113 καῖ

1933 5056 2210 5119 ordinum
2239 5057 2526 5134 judicium
2559 5075 2835 5134 censere,
2863 5075 2985 5138 prae
3020 5056 3143 5117 istis
3172 5054 3586 5118 detestabilis-

180 5145 422 5208 αίω-ιίως
506 5143 659 5225 ἡδέα,
730 5142 798 5200 δι’
871 5143 1112 5222 ἐσχάτην
1169 5145 1258 5200 καὶ
1331 5145 1544 5208 ἑαυτοῖς
1616 5143 1839 5224 ὀλέθριοι

1933 5148 2084 5208 sima
2105 5145 2423 5208 obsidione
2442 5147 2630 5208 teneri
2652 5147 2888 5228 eos,qui
2911 5143 3264 5208 deiformem
3294 5145 3469 5207 vitam
3485 5146 3590 5206 de-

181 5235 451 5302 ἂνοησίαν
507 5234 990 5314 ἀποστρεφόμενοι·
1046 5234 1144 5301 τὴν
1199 5231 1460 5311 πρόπυλον
1521 5230 1577 5288 δὲ
1626 5236 1712 5290 καὶ
1744 5257 1839 5291 πο-

1934 5244 2223 5316 serentes,
2260 5237 2578 5299 sententiis
2606 5237 2992 5317 moribusque
3024 5233 3274 5314 perditis
3304 5234 3592 5296 daemoni-

178 5325 602 5392 λυπαϐεστᾶτην
673 5323 983 5396 ἀλλοίωσιν,
1071 5324 1158 5380 καὶ
1229 5324 1322 5388 τὰς
1394 5320 1684 5397 ὀλλυμένας
1761 5327 1839 5382 κατ

1936 5326 2045 5388 bus
2077 5332 2458 5389 consentiunt
2478 5327 2621 5388 dum
2654 5345 2722 5388 ea
2755 5326 2996 5408 quidem
3013 5342 3146 5406 quze
3175 5331 3230 5387 et
3256 5341 3398 5388 vero
3425 5331 3587 5399 sunt,

1535 5481 1791 5548 VAIUKE
1833 5483 2275 5552 LECTIONFS.

265 5652 292 5694 3
328 5652 682 5732 προαγιιιγᾷν,
721 5650 783 5710 Ρ.
843 5646 909 5706 ί).
940 5641 1094 5732 -Ch_._
1120 5643 1524 5732 397w‘{;/.‘f,_bi.
1574 5646 1636 5708 S.
1790 5644 1839 5732 λ

1929 5651 2215 5732 ξερκίήσειν,
2251 5647 2362 5732 Ch,
2393 5649 2692 5732 ᾆνεργήτει,
2721 5648 2798 5732 Δ8.
2850 5650 2920 5713 Β.
2967 5647 3186 5732 Sar.__5
3213 5647 3345 5727 πρὸς
3395 5648 3458 5706 τδ
3485 5653 3598 5729 φῶς

183 5721 404 5801 θεοειδῆ
429 5721 518 5789 κέὶ
552 5721 1008 5806 τελεσιονργικῆν,
1042 5725 1121 5787 Μ.
1155 5721 1256 5786 Sc.
1303 5721 1342 5766 θ
1367 5725 1478 5782 Θεία
1509 5729 1758 5785 κοινωνία
1789 5728 1872 5792 Μ.
1902 5721 1984 5792 δέ
2022 5721 2052 5771 ⁷
2083 5721 2213 5808 πρὸξ
2245 5734 2303 5788 τό
2347 5731 2427 5794 Μ.
2463 5721 2534 5794 Ρξ
2565 5721 2690 5796 8οί
2717 5728 2744 5773 ⁸
2771 5733 3060 5811 ἱιραρχων,
3094 5726 3204 5793 Ch.
