4042 6448
258 362 360 425 441

1267 366 1363 425 DE
1431 362 1727 425 ECCLES.
1806 362 2253 443 HIERARCH.,
2301 366 2463 426 CAP.
2527 362 2630 426 III.

3526 370 3642 432 442

252 495 529 576 ἐσχηκυῖα
561 496 832 575 γενέσεσιν
851 498 936 555 ἐπὶ
957 500 1019 554 τὸ
1048 502 1149 564 τῆς
1180 499 1356 578 ἀρχῆς
1391 496 1729 565 κατάλληλον
1760 496 1907 553 εἰκό-

2020 496 2300 559 nteritum
2334 495 2554 574 origini
2584 514 2707 559 suae
2765 506 3231 563 consentaneum
3260 500 3401 581 jure
3433 501 3647 565 merito

249 607 357 652 τως
417 585 521 665 ἦγε
550 587 613 644 τὸ
666 587 857 667 πέρας.
889 585 1028 644 ἀλλὰ
1057 589 1146 645 καὶ
1202 588 1297 657 τῆς
1329 588 1470 651 θείας
1501 588 1590 644 καὶ
1632 585 1913 665 ἆναγίύγου

251 680 398 747 ζωῆς
476 675 785 741 ἐθελουσίως
860 676 1222 754 ἀποπεσοῦσα,
1301 678 1430 756 πρὸς
1501 677 1601 745 τὴν
1677 676 1912 734 ἐναντίαιν

252 764 519 846 ἐσχατιὰν
612 766 846 847 ἠνέχθη,
907 766 1004 835 τὴν
1074 767 1549 835 πολυπαθεστάτην
1601 765 1909 827 ἀλλοίωσιν.

254 855 593 932 Πλανωμένη
625 854 681 913 δὲ
710 858 799 913 καὶ
846 856 940 925 τῆς
974 857 1172 921 εὐθείας
1203 855 1323 916 ὁδοῦ
1364 856 1461 923 τῆς
1494 856 1578 914 ἐπὶ
1608 858 1699 913 τὸν
1748 856 1913 920 ὅντως

253 944 381 1002 ὄντα
428 948 562 1003 Θεὸν
591 945 1029 1024 ἐκτετραμμένη,
1073 948 1157 1002 καῖ
1209 958 1327 1007 ταῖς
1373 945 1632 1024 δ’λεθρίαις
1677 969 1767 1003 και
1810 969 1914 1003 κα-

253 1034 558 1115 κεργὲτισιν
630 1036 1036 1110 δποταττομένη
1124 1035 1382 1104 πληθύσιν
1415 1084 1431 1117 ,
1507 1035 1788 1093 ἐλάνθανεν
1858 1034 1917 1092 οὒ

251 1126 404 1191 θεοὺς
468 1124 585 1184 οὖδέ
635 1125 845 1207 φίλους,
879 1125 1017 1182 ἀλλὰ
1048 1124 1327 1202 δυσμενεῖς
1376 1127 1751 1206 θεραπεύουσα·
1810 1132 1917 1183 τῶν

253 1214 310 1272 δέ
370 1213 602 1295 ἀφειδῶς
635 1216 768 1293 αὐτῇ
814 1217 951 1273 κατὰ
980 1218 1041 1273 τὸ
1089 1217 1288 1274 οἰκεῖον
1333 1216 1557 1284 ἆνηλεὲς
1608 1217 1921 1297 ἀποκεχρη-

255 1305 460 1382 μὲνων,
519 1307 594 1371 εἰς
644 1305 962 1385 ἀνυπαρξίας
1020 1308 1243 1385 οἰκτρῶς
1314 1306 1654 1383 ἐμπεπτώκει
1717 1306 1771 1356 4¹
1827 1307 1913 1363 καὶ

252 1394 533 1460 ἆπωλειας
577 1395 836 1456 κίνδυνον.
892 1396 955 1454 Ἠ
986 1394 1042 1453 δὲ
1099 1401 1196 1475 τῇς
1248 1398 1539 1478 θεαρχικῆς
1588 1398 1920 1475 ἀγαθότητος

253 1485 587 1565 ἆπειροτᾶτη
648 1484 1014 1565 φιλανθρωπία
1071 1490 1163 1544 καὶ
1229 1487 1328 1554 τὴν
1400 1487 1688 1566 αὐτουργὸν
1764 1488 1919 1561 ἡμῶν

250 1575 645 1654 ἀγαθοπρεπῶς
699 1579 795 1635 οὐκ
822 1575 1139 1645 ἀπηνήνατο
1197 1576 1476 1653 πρόνοιαν,
1523 1576 1661 1633 ἀλλὰ
1696 1576 1748 1633 ἐν
1782 1575 1923 1644 ἀλη-

249 1669 340 1722 θεῖ
405 1665 609 1741 μεθέξει
645 1671 752 1723 τῶν
824 1664 943 1723 καθ’
1002 1668 1148 1742 ἡμᾶς
1207 1668 1472 1744 γενομένη
1526 1669 1740 1724 πάντων
1784 1668 1920 1723 ἀνα-

252 1757 574 1835 μαρτήτως,
607 1758 697 1813 καὶ
741 1757 874 1834 πρὸς
917 1757 980 1813 τὸ
1023 1759 1272 1813 ταπεινὸν
1317 1759 1472 1833 ἡμῶν
1517 1759 1919 1837 ἐνοποιηθεϊσα,

2000 585 2363 666 properavit,
2398 604 2509 647 nec
2543 604 2661 647 non
2716 604 2750 648 a
2781 586 2897 648 vita
2939 586 3159 668 divina,
3192 607 3323 669 quae
3351 588 3542 670 ipsam
3572 590 3648 653 ad

1998 691 2216 755 supera
2261 675 2628 757 subrigebat,
2665 676 2956 757 dilapsus,
2990 686 3049 739 et
3097 678 3170 738 ad
3203 687 3467 741 extrema
3496 699 3643 742 con-

1998 765 2188 827 traria
2213 766 2339 846 jam
2369 784 2639 849 praeceps
2660 765 2853 846 datus,
2884 766 3064 828 variis
3096 766 3650 847 perturbationibus

1998 852 2319 918 obnoxiam
2380 862 2594 920 nactus
2623 865 2713 918 est
2766 856 3267 920 immutationem.
3300 858 3448 919 Cum
3510 878 3649 922 vero

2001 944 2178 1006 etiam
2200 964 2233 1007 a
2253 954 2419 1008 recto
2445 945 2681 1008 tramite
2694 946 2764 1007 ad
2792 948 2979 1010 Deum
3003 964 3207 1007 verum
3239 946 3526 1010 tendente
3538 948 3651 1010 de-

2001 1034 2289 1108 flecteret,
2326 1044 2504 1115 atque
2535 1035 2804 1097 exitiosis
2831 1035 3239 1113 maleﬁcisque
3272 1038 3486 1099 turmis
3514 1036 3652 1098 suh~

2002 1125 2160 1188 ditus
2211 1134 2535 1207 teneretur,
2573 1125 2819 1187 minime
2851 1125 3107 1189 advertit
3150 1145 3214 1187 se
3264 1145 3382 1188 non
3429 1126 3544 1189 diis
3592 1138 3656 1191 et

2006 1214 2239 1289 amicis,
2274 1214 2380 1278 sed
2411 1215 2641 1277 infestis
2695 1214 2968 1277 lmsribus
2998 1215 3187 1277 fuisse
3244 1215 3597 1279 obsecutum
3632 1237 3651 1295 ;

2004 1303 2219 1386 quibus
2245 1324 2318 1368 eo
2350 1306 2671 1368 crudeliter
2698 1324 2803 1386 pro
2829 1305 3199 1368 immanitate
3214 1325 3322 1368 sua
3343 1305 3653 1369 abutenti-

2003 1394 2136 1467 bus,
2164 1395 2224 1456 in
2248 1403 2433 1456 status
2456 1396 3005 1475 internecionisque
3036 1395 3360 1458 discrinem
3386 1405 3650 1459 venerat.

2009 1486 2231 1546 Verum
2258 1484 2362 1548 Dei
2386 1485 2731 1567 principalis
2759 1486 3034 1548 bonitatis
3056 1486 3287 1548 inﬁnita
3319 1486 3656 1567 benignitas

2008 1573 2299 1638 benevole
2324 1594 2428 1657 per
2457 1594 2520 1638 se
2553 1575 2741 1637 nostri
2772 1595 2976 1637 curam
3010 1595 3218 1656 gerere
3253 1595 3371 1639 non
3403 1575 3650 1651 destitit,

2006 1666 2109 1729 sed
2146 1675 2483 1728 nostrorum
2519 1666 2785 1727 omnium
2810 1684 2954 1728 vere
2989 1669 3137 1729 facta
3168 1668 3488 1747 particeps,
3521 1668 3656 1729 abs-

2006 1774 2123 1838 que
2182 1766 2424 1837 peccato
2455 1758 2493 1833 ί,
2541 1756 2977 1838 humilitatique
3024 1766 3241 1819 nostra;
3285 1758 3472 1837 unita,
3522 1757 3659 1819 I96

252 1845 398 1920 μετὰ
426 1846 526 1913 τῆς
576 1851 689 1902 τῶν
720 1847 929 1903 οἰκείων
975 1845 1279 1927 ἀσυγχύτου
1338 1848 1425 1903 καὶ
1455 1845 1733 1917 ἀλωϐήτου
1779 1870 1920 1904 παν-

2013 1848 2163 1909 salvo
2198 1848 2628 1927 proprietatum
2688 1864 2928 1907 suarum
2961 1854 3138 1921 statu,
3173 1864 3367 1928 eoque
3416 1864 3659 1927 prorsus

247 1933 427 1999 τελῶς
486 1934 671 2006 ἕξεως,
730 1936 831 2001 τὴν
893 1937 1024 2015 πρὸς
1084 1938 1250 2002 αυτὴν
1314 1937 1451 2011 ἡμῖν
1507 1938 1787 1993 κοινωνίαν
1848 1938 1921 2003 ὡς

249 2023 543 2104 ὁμογενέσι
597 2024 787 2083 λοιπὸν
845 2023 1173 2106 ἐδωρήσατο,
1236 2029 1325 2083 καὶ
1382 2028 1488 2082 τῶν
1544 2028 1751 2084 οἰκείων
1793 2026 1921 2083 ὰνὲ-

249 2113 388 2180 δειξε
429 2121 702 2195 μετόχους
743 2112 948 2172 καλῶν·
983 2115 1080 2183 τῆς
1112 2116 1211 2191 μὲν
1244 2116 1614 2184 ἀποστατικῆς
1661 2115 1922 2196 πληθύος,

254 2207 331 2269 ὡς
381 2202 423 2269 ἡ
454 2203 644 2284 κρυφία
701 2202 993 2282 παράδοσις
1045 2203 1187 2286 ἔχει,
1223 2207 1285 2263 τὸ
1332 2206 1452 2263 καθ’
1484 2207 1639 2282 ἡμῶν
1688 2206 1921 2264 καταλύ-

248 2316 397 2352 σασα
456 2294 653 2371 κράτος
723 2295 785 2350 οὗ
860 2295 994 2351 κατὰ
1066 2292 1309 2370 δύναμιν,
1370 2297 1443 2358 ὡς
1503 2297 1922 2376 ὑπερισχύουσει³

252 2384 399 2443 κατὰ
452 2380 509 2439 δὲ
538 2384 600 2441 τὸ
651 2389 923 2459 μυστικῶς
952 2386 1089 2458 ἡμῖν
1134 2383 1425 2464 παραδοθὲν
1470 2383 1673 2462 λόγιον,
1709 2386 1763 2443 ἐν
1806 2386 1921 2465 κρί-

251 2496 335 2531 σει
384 2473 476 2531 καὶ
509 2470 843 2549 δικαιοσύνῃ.
893 2474 969 2531 Τὰ
1026 2474 1143 2532 καθ’
1175 2476 1321 2549 ἡμᾶς
1365 2473 1419 2530 δὲ
1464 2477 1594 2553 πρὸς
1626 2476 1926 2533 τούναντίον

253 2563 406 2621 ἅπαν
497 2561 845 2641 ἆγαθουργῶς
915 2566 1342 2639 μετεσκευάσατο
1397 2561 1473 2627 ⁴²,
1556 2565 1617 2620 τὸ
1675 2565 1772 2640 μὲν
1829 2566 1929 2645 γὰρ

252 2654 396 2711 κατᾶ
446 2658 567 2710 νοῦν
596 2653 755 2729 ἡμῶν
799 2651 1044 2727 ἀλαμπὲς
1098 2652 1386 2721 ἐνέπλησεν
1438 2650 1614 2710 ὀλϐίου
1647 2656 1731 2711 καὶ
1783 2659 1927 2712 θειο-

254 2744 424 2802 τάτου
451 2743 659 2821 φωτὸς,
691 2744 779 2798 καὶ
823 2755 940 2808 τοῖς
970 2741 1248 2800 θεοειδέσιν
1294 2744 1561 2818 ἐκόσμησε
1593 2746 1655 2800 τὸ
1698 2744 1926 2802 ἀνείδεον

254 2832 513 2892 κᾶλλεσιο
575 2833 638 2888 τὸ
694 2830 749 2888 δὲ
805 2837 904 2899 τῆς
960 2832 1144 2912 ψυχῆς
1201 2835 1508 2912 οἰκητήριον
1564 2835 1619 2888 ἐν
1675 2834 1932 2892 παντελεῖ

257 2925 504 3001 σωτηρὶᾳ
546 2924 647 2988 τῆς
701 2920 826 2979 ὅσον
885 2923 1031 2978 οὓπω
1089 2925 1497 2992 καταπεσούσης
1555 2926 1709 2999 ἡμῶν
1754 2927 1929 2992 οὐσίας

262 3012 638 3090 ἐναγεστάτων
680 3015 865 3068 παθῶν
919 3014 1008 3068 rati
1037 3014 1369 3092 φθοροποιῶν
1428 3012 1719 3089 μολυσμῶν
1762 3014 1928 3082 ἠλευ-

266 3104 511 3180 θέρωσεν,
589 3103 879 3178 ἀναγωγήν
948 3104 1085 3176 ἡμῖν
1157 3104 1518 3180 ὑπερκὸσμιον
1593 3102 1800 3169 δείξασα
1876 3103 1931 3147 η

2006 1935 2320 2000 inconfuso
2354 1943 2411 1997 et
2445 1935 2755 2017 inviolato,
2785 1937 2957 2014 cujus
3000 1935 3177 1997 etiam
3210 1936 3404 2011 nobis,
3452 1944 3661 2017 utpote

2007 2025 2721 2107 congeneis,consortium
2745 2026 3170 2107 dedit,nosque
3194 2024 3487 2088 bonorum
3510 2045 3658 2089 suo-

2008 2136 2140 2180 rum
2219 2116 2543 2199 participes
2602 2116 2944 2189 declaravit,
3015 2116 3298 2197 aposticai
3374 2117 3659 2178 nimirum

2008 2207 2495 2288 turbaaimperio,
2520 2207 2678 2284 quod
2703 2207 3020 2268 adversum
3053 2225 3162 2268 nos
3193 2205 3469 2280 habebat,
3494 2207 3663 2285 juxta

2005 2298 2385 2360 traditionem
2435 2314 2737 2375 arcanam,
2774 2297 3105 2377 proﬂigato,
3140 2314 3260 2357 non
3293 2295 3521 2357 viribus
3550 2314 3663 2358 ceu

2010 2388 2360 2469 praevalens,
2382 2386 2509 2463 sed,
2537 2385 2871 2449 secundum
2906 2386 3226 2466 mysticum
3250 2385 3577 2467 eloquium,
3599 2385 3662 2447 in

2001 2477 2231 2559 judicio
2264 2487 2321 2538 et
2349 2477 2602 2556 justitia.
2643 2474 2924 2537 Nostrum
2951 2494 3091 2537 vero
3122 2484 3339 2538 statum
3362 2494 3394 2537 e
3424 2475 3663 2537 diverso

2011 2569 2342 2630 clementer
2375 2565 2709 2628 immutavit
2736 2589 2750 2635 ;
2779 2583 2915 2627 nam
2948 2566 3166 2627 mentis
3181 2566 3421 2647 quidem
3448 2576 3665 2627 nostra;

2012 2654 2437 2718 obscuritatem
2464 2655 2636 2715 beato
2659 2654 2983 2733 divinoque
3016 2654 3239 2716 lumine
3252 2653 3521 2734 replevit,
3547 2652 3663 2716 de-

2012 2746 2495 2825 formitatemque
2546 2752 2810 2806 nostram
2858 2743 3249 2805 deitormibus
3295 2742 3667 2805 ornamentis

2014 2835 2374 2912 illustravit;
2411 2833 2594 2895 animi
2626 2844 2821 2894 autem
2848 2833 3220 2895 domicilium
3246 2852 3382 2895 cum
3402 2832 3665 2913 perfecta

2018 2926 2207 2988 salute
2229 2923 2505 2987 essentia:
2528 2932 2872 3003 naturaeque
2899 2932 3139 3003 nostrae,
3168 2941 3298 3004 quae
3318 2923 3507 2983 ferme
3536 2921 3663 2984 col-

2015 3019 2178 3097 lapsa
2209 3022 2335 3077 erat
2357 3025 2414 3076 et
2443 3013 3159 3093 conciderat,fmdissimis
3190 3013 3670 3094 quibusquepas-

2014 3105 2285 3168 sionibus
2341 3112 2516 3184 atque
2598 3103 3071 3179 inquinamentis
3126 3101 3315 3163 noxiis
3372 3101 3664 3183 liberavit,

270 3195 351 3250 καί
397 3191 679 3250 πολιτείαν
710 3190 882 3249 ἔνθεον
938 3192 995 3249 ἐν
1023 3205 1144 3256 ταῖς
1200 3197 1332 3270 πρὸς
1364 3195 1530 3263 αὐτὴν
1573 3197 1727 3270 ἡμῶν
1758 3200 1921 3276 ἱεραῖς

2013 3201 2479 3257 commonstrata
2538 3191 2712 3255 nobis
2745 3191 3223 3273 supermundiali
3281 3210 3567 3271 anagoge,
3601 3209 3670 3253 ac

263 3284 396 3341 κατὰ
426 3284 491 3340 τὸ
524 3278 746 3339 δυνατὸν
777 3282 1164 3363 ἀφομοιώσεσι.

2012 3284 2228 3347 divinae
2256 3283 2394 3345 vitae
2425 3299 2656 3355 norma,
2681 3300 2790 3361 per
2816 3300 2989 3363 quam
3022 3281 3091 3343 ad
3116 3298 3320 3344 sacras
3350 3282 3482 3360 ejus
3502 3280 3668 3342 simi-

2010 3374 2320 3452 litudines,
2355 3374 2415 3435 in
2446 3380 2736 3454 quantum
2775 3372 2902 3434 ﬁeri
2950 3380 3166 3453 potest,
3198 3372 3542 3434 evehamur.

1881 3540 1911 3620 δ
1951 3538 2085 3601 x11.

342 3697 423 3757 Τὸ
481 3695 815 3772 θεομίμητον
861 3694 917 3753 δὲ
975 3702 1088 3760 πῶς
1135 3696 1198 3751 ἂν
1224 3696 1362 3771 ἡμῖν
1414 3697 1606 3774 ἑτέρως
1638 3697 1930 3777 ἐγγένοιτο,

259 3788 339 3860 μή
390 3790 497 3853 τῆς
527 3792 637 3842 τῶν
693 3786 994 3863 ἱερωτᾶτων
1055 3790 1343 3865 θεουργιῶν
1393 3789 1614 3862 μνήμης
1678 3790 1933 3847 ἀνανεου-

258 3877 441 3951 μένης
496 3875 585 3931 ἀεῖ
655 3880 783 3940 ταῖς
834 3878 1176 3956 ἱεραρχικαϊς
1236 3875 1555 3955 ἱερολογίαις
1604 3875 1660 3919 Μ
1722 3900 1781 3935 τε
1848 3883 1934 3937 καὶ

256 3964 589 4044 ἱερουργίαις
627 3984 643 4041 ;
703 3974 871 4024 Τοῦτο
903 3964 990 4022 οὖν
1022 3963 1077 4007 ⁴⁵
1119 3973 1399 4045 ποιοῦμεν,
1433 3969 1505 4030 ὡς
1538 3968 1602 4023 τὰ
1633 3965 1790 4045 λόγια
1820 3992 1933 4049 φη-

256 4077 378 4129 σιν,
412 4056 487 4117 εἶς
518 4056 620 4122 τὴν
650 4058 816 4122 αὖτῆς
838 4054 1158 4130 ἀνάμνησιν.
1189 4053 1395 4112 ’Ἔνθεν
1426 4057 1453 4112 ὁ
1483 4060 1628 4121 θεῖος
1648 4058 1933 4140 ἱεράρχηςν

256 4146 359 4203 ἐπὶ
424 4149 523 4201 τοῦ
587 4146 727 4199 θειοῦ
797 4144 1176 4223 θυσιαστηρίου
1248 4146 1540 4225 καταστὰς,
1611 4148 1771 4222 ὑμνεῖ
1838 4149 1934 4212 τὰς

258 4233 561 4315 εἰρημένας
603 4234 747 4311 ἱερὰς
778 4232 1051 4311 θεουργίας
1116 4233 1298 4300 Ἰησοῦ
1341 4239 1438 4301 τῆς
1468 4236 1747 4303 θειοτάτης
1780 4239 1935 4310 ἡμῶν

256 4324 550 4403 προνοίας,
597 4323 659 4387 ἃς
692 4321 777 4379 ἐπὶ
834 4324 1076 4401 σωτηρίᾳ
1124 4330 1219 4381 τοῦ
1275 4324 1455 4401 γένους
1517 4327 1673 4398 ἡμῶν
1731 4326 1936 4401 εὖδοκίᾳ

256 4422 365 4473 τοῦ
426 4413 832 4491 παναγεσττίτου
878 4412 1081 4491 Πατρὸς
1141 4412 1197 4469 ἐν
1273 4414 1539 4488 Πνεύματι
1584 4416 1740 4496 ἁγίῳ,
1802 4420 1937 4474 κατὰ

258 4508 323 4563 τὸ
387 4502 598 4582 λόγιον,
645 4500 980 4566 ἐτελειωσεν,
1048 4494 1360 4573 ’Υμηνήσας
1412 4502 1467 4559 δὲ
1518 4506 1602 4561 καὶ
1644 4494 1741 4573 τὴν
1773 4505 1936 4563 σεϐα-

259 4598 439 4669 σμίαν
492 4593 665 4649 esse»
694 4591 783 4649 καὶ
816 4594 1014 4659 νοητὴν
1042 4595 1260 4672 θεωρίαν
1305 4593 1360 4649 ἐν
1400 4609 1605 4673 νοεροϊς
1639 4592 1693 4639 ιθ
1733 4596 1936 4675 ὄφθαλ-

2098 3697 2411 3761 Enimvero
2444 3693 2742 3775 quomodo
2794 3693 2975 3755 nobis
3022 3693 3221 3753 divina
3252 3691 3365 3755 ista
3416 3691 3669 3754 imitatio

2016 3789 2190 3851 aliter
2213 3782 2641 3860 obveniat,nisi
2671 3792 2785 3844 tam
2816 3788 3220 3863 praestantium
3249 3783 3533 3843 memoria
3558 3780 3672 3845 be-

2017 3878 2356 3935 neﬁciorum
2382 3875 2483 3931 Dei
2515 3873 2964 3931 sacerdotalibus
2990 3872 3483 3940 pradicationibus
3505 3882 3675 3944 atque

2021 3966 2322 4050 mysteriis
2346 3966 2570 4045 jugiter
2604 3964 2923 4026 innovetur
2952 3963 2982 4023 ?
3012 3962 3136 4025 Hoc
3168 3964 3366 4044 itaque
3394 3961 3672 4037 facimus,

2019 4065 2083 4118 ut
2134 4057 2370 4138 eloquia
2391 4054 2635 4136 jubent,
2665 4053 2725 4115 in
2773 4053 2905 4134 ejus
2959 4052 3589 4114 commemorationem
3620 4065 3670 4116 ε.

2021 4146 2394 4227 Quapropter
2412 4144 2649 4205 divinus
2680 4162 2923 4221 quoque
2949 4143 3364 4224 praesulsacris
3393 4142 3680 4205 altaribus

2019 4239 2304 4299 assistens
2337 4243 2543 4297 sancta
2586 4233 2904 4313 divinaque
2951 4230 3095 4296 Jesu
3139 4250 3322 4313 opera
3363 4231 3683 4306 collaudat,

2019 4345 2149 4407 quae
2197 4344 2266 4386 ex
2300 4323 2680 4384 divinissima
2713 4324 2899 4383 nostri
2930 4322 3302 4401 providentia
3336 4320 3395 4381 in
3430 4324 3684 4381 salutem

2019 4415 2260 4493 generis
2293 4413 2559 4491 humani,
2592 4412 2954 4473 sanctissimi
2976 4410 3166 4472 Patris
3191 4409 3589 4490 beneplacito,
3621 4410 3683 4471 in

2020 4502 2241 4583 Spiritu
2275 4512 2509 4583 sancto,
2535 4510 2596 4563 ut
2629 4501 2863 4581 eloquia
2889 4509 3198 4579 testantur,
3223 4498 3678 4561 consummavit.

2018 4592 2201 4656 Porro
2223 4592 2563 4655 veneranda
2577 4590 2953 4671 spiritalique
2982 4589 3392 4668 mysteriorum
3419 4597 3685 4659 contem-

261 4697 408 4761 μοῖς
454 4680 817 4760 ἐποπτεύσας,
852 4680 938 4737 ἐπὶ
994 4683 1093 4749 τὴν
1149 4680 1478 4757 συμϐολικὴν
1508 4685 1679 4741 αὐτῶν
1736 4687 1921 4765 ἱερουρ·

2031 4683 2494 4764 platione,quam
2515 4679 2885 4761 spiritalibus
2906 4679 3095 4741 oculis
3112 4678 3678 4758 conspexit,collau-

260 4775 397 4855 γίαν
454 4771 697 4852 ἔρχεται,
727 4774 815 4826 καὶ
868 4776 1025 4828 τοῦτο
1083 4769 1505 4849 θεοπαραδότως¹
1542 4773 1657 4829 ὅθεν
1707 4775 1943 4840 εὒλαὸῶς

259 4886 320 4921 τε
364 4861 482 4937 ἅμα
535 4860 623 4917 καὶ
653 4862 972 4937 ἱεραρχικῶς
1024 4862 1163 4931 μετὰ
1213 4862 1335 4925 τοὺς
1393 4863 1561 4941 ἱεροὺς
1595 4869 1702 4920 τῶν
1756 4868 1942 4944 θεουρ-

261 4959 411 5033 γιῶν
452 4948 646 5024 ὕμνους
697 4947 828 5025 ὑπὲρ
889 4953 989 5015 τῆς
1044 4950 1175 5026 ὑπὲρ
1240 4950 1394 5007 αὒτὸν
1451 4955 1743 5030 ἱερουργίας
1803 4954 1942 5010 ἀπο-

265 5042 527 5121 λογεῖται
563 5084 582 5115 ,

268 5133 444 5192 εἶπας
455 5145 471 5160 ⁶

678 5037 934 5116 πρότερον
1018 5039 1170 5118 ἱερῶς
1250 5042 1404 5096 αυτὸν
1504 5039 1742 5099 ἀναϐοῶν
1779 5090 1792 5105 ,
1868 5044 1942 5099 Σὺ

558 5133 730 5186 Τοῦτο
816 5140 1023 5184 ποιεῖτε
1104 5130 1177 5193 εἰς
1236 5130 1335 5197 τὴν
1416 5129 1533 5207 ἐμὶν
1617 5131 1937 5208 ἀνάμνησιν,

356 5294 379 5337 ί
405 5287 592 5354 Hebr.
623 5304 702 5363 ιγ,
742 5287 835 5351 15.
906 5300 935 5343 ε
965 5289 1101 5350 Luc.
1135 5305 1276 5364 xxu,
1315 5289 1412 5353 19.

2027 4772 2183 4846 data,
2213 4772 2285 4833 ail
2322 4769 2669 4833 eorumdem
2695 4776 3135 4832 sacrosanctam
3175 4786 3248 4829 ex
3272 4768 3471 4828 divino
3499 4767 3678 4829 insti-

2030 4869 2148 4923 tuto
2167 4859 2435 4942 procedit
2456 4858 2997 4933 consecrationem;
3024 4856 3306 4938 quocirca
3337 4866 3684 4919 reverenter

2026 4951 2230 5024 simul,
2259 4961 2319 5011 et
2348 4961 2411 5008 ut
2433 4946 2773 5029 pontiﬁcem
2800 4947 2994 5021 decet,
3026 4953 3157 5028 post
3189 4964 3387 5008 sacras
3418 4946 3552 5008 illas
3583 4945 3683 5007 di-

2026 5032 2295 5103 vinorum
2321 5055 2571 5118 operum
2607 5037 2833 5111 laudes,
2868 5037 2943 5101 de
2989 5035 3285 5099 sacriﬁcio
3327 5035 3681 5115 dignitatem

2025 5148 2192 5193 suam
2217 5136 2540 5210 superante
2570 5145 2635 5189 se
2666 5134 2896 5208 purgat,
2930 5127 3000 5189 ad
3030 5124 3326 5191 Christum
3371 5125 3537 5205 prius
3565 5143 3681 5186 ex-

1628 5443 1882 5509 VABl/E
1912 5445 2347 5510 LECTIONES.

362 5633 414 5678 ιι
447 5631 831 5704 ἐνεπεπτώκει,
865 5630 971 5693 Ch.
1005 5632 1363 5707 ἐκπεπτώκει,
1397 5633 1476 5694 Μ,
1510 5631 1571 5695 S.
1608 5636 1674 5697 B.
1737 5632 1792 5677 ‘9
1823 5637 2282 5707 μετασκευάσασα,
2318 5632 2382 5697 S.
2438 5631 2503 5693 Ρ.
2540 5632 2610 5696 Ῑ).
2646 5635 2752 5697 CII.
2792 5632 2919 5697 Sar.
2957 5641 3013 5695 et
3043 5632 3210 5695 Vien.
3286 5628 3341 5673 ⁴³
3369 5630 3681 5698 ὓποδεῖξασα

282 5718 354 5781 Ρ.
387 5714 458 5781 Β.
532 5711 588 5758 “
615 5711 935 5793 θεολογίαις,
968 5713 1034 5777 Ρ.
1109 5711 1163 5758 ιθ
1191 5721 1346 5771 τοῦτο
1376 5715 1498 5793 γάρ,
1532 5711 1639 5777 Ch.
1676 5718 1747 5779 D.
1796 5713 1856 5778 S.
1892 5714 1962 5778 Β.

2037 5714 2091 5760 46
2115 5731 2355 5798 νοητοῖς,
2391 5713 2453 5779 8.
2489 5713 2553 5777 Ρ.
2588 5716 2714 5777 Sar.
