4042 6436
372 328 489 395 443

1542 340 1602 402 S.
1668 340 2014 404 DIONYSII
2060 337 2591 406 AREOPAGITE.

3643 345 3767 409 444

380 468 715 536 clamando:
741 470 828 535 Tu
847 472 1070 538 dixisti:
1099 475 1222 540 Hoc
1238 474 1420 556 facile
1434 481 1502 539 in
1529 493 1725 540 meam
1751 492 2015 540 comme-

2104 478 2241 535 Εϊτα
2291 484 2392 545 τῆς
2420 473 2744 554 θεομιμήτου
2787 474 2983 545 ταύτης
3011 476 3305 558 ἱερουργίας
3347 477 3491 547 ἄξιος
3533 481 3769 551 αἰτήσας

379 563 843 629 mentionem“.
877 567 1189 629 Postulans
1216 566 1433 630 deinde
1454 568 1567 630 hoc
1596 565 1892 628 sacriﬁcio
1916 567 2023 629 Dei

372 651 702 716 imitatione
724 652 939 735 dignus
961 656 1138 733 eﬁici,
1167 675 1279 718 nec
1301 675 1419 719 non
1444 657 1774 719 secundum
1797 656 2023 720 Christi

369 739 824 806 similitudinem
869 745 1070 809 divina
1100 745 1430 827 celebrare,
1465 753 1832 824 omninoque
1873 765 2022 829 pure

368 829 750 915 distribuere,
785 853 1010 916 eosque
1042 838 1143 917 qui
1173 855 1480 901 sacrorum
1513 836 1698 899 futuri
1725 846 1861 900 sunt
1887 855 2022 918 par-

375 921 1269 1005 ticipeamyeteriorumjisdem
1302 928 1481 1008 digne
1506 938 1831 1009 sancteque
1860 946 2022 990 com-

374 1012 683 1077 municare
728 1015 1096 1079 divinissima
1147 1017 1250 1080 illa
1308 1018 1583 1099 mysteria
1640 1018 1930 1091 celebrat,
1963 1025 2022 1080 et

360 1100 484 1181 jam
517 1106 1005 1187 consecrata,sub
1030 1106 1317 1188 symbolis
1351 1108 1673 1189 propositis
1705 1109 1825 1171 ritu
1854 1126 2021 1171 sacro

366 1192 608 1254 visenda
641 1196 964 1275 proponit;
1022 1196 1317 1279 siquidem
1354 1206 1561 1279 operto
1595 1197 2019 1281 individucque

367 1298 517 1369 pane
538 1285 820 1360 revelato,
840 1294 899 1348 et
922 1286 983 1347 in
1013 1287 1198 1349 multa
1217 1288 1431 1359 diviso,
1467 1288 1871 1369 singularique
1915 1307 2019 1353 ca-

364 1368 482 1462 lice
511 1373 791 1436 omnibus
820 1376 1436 1458 impertito,unitatem
1460 1368 1787 1462 symbolice
1810 1378 2017 1440 multi-

367 1461 544 1541 plicat
597 1462 1044 1543 distribuitque,
1110 1477 1556 1531 sacrosanctum
1631 1468 1695 1529 in
1751 1461 1824 1529 iis
1887 1470 2018 1530 I97

363 1551 725 1615 sacriﬁcium
759 1557 1261 1620 consummando.
1295 1555 1553 1620 Unicum
1588 1559 1746 1619 enim
1773 1557 1920 1621 illud
1950 1577 2020 1621 ac

363 1639 618 1723 simplex
647 1661 1050 1727 arcanumque
1083 1648 1221 1709 Jesu
1254 1646 1517 1709 Verbum
1576 1647 2017 1711 divinissimum

366 1749 473 1812 per
523 1736 991 1815 assumptionem
1025 1737 1412 1800 humanitatis
1441 1747 1660 1799 nostrae
1680 1738 1741 1800 in
1766 1758 2017 1818 compo-

2104 569 2366 650 γενέσθαι,
2399 573 2487 626 καὶ
2545 575 2613 646 τῇ
2665 571 2794 647 πρὸς
2853 571 3009 626 αὐτὸν
3037 565 3093 611 ⁸⁷
3148 570 3378 648 Χριστὸν
3433 571 3767 652 ἀφομοιῶσαι

2104 658 2172 715 τὰ
2217 661 2339 716 θεῖα
2392 658 2628 728 τελέσαι,
2675 659 2763 715 καὶ
2827 655 3090 715 διαδοῦναι
3156 661 3461 739 πάνάγνως,
3494 663 3583 720 καὶ
3640 663 3768 727 τοὺς

2102 750 2208 804 τῶν
2253 749 2407 828 ἱερῶν
2450 745 2761 824 μεθέξοντας
2812 750 3140 828 ἱεροπρεπῶς
3191 754 3520 831 μετασχεῖν,
3552 754 3767 831 ἱερουρ-

2103 850 2195 915 γεῖ
2242 838 2306 894 τὰ
2333 837 2603 914 θειότατα,
2651 840 2741 895 καὶ
2770 838 2862 895 ὑπ’
2911 837 3036 915 ὄψιν
3078 839 3198 919 ἄγει
3243 840 3307 896 τὰ
3350 840 3632 918 ὑμνημένα
3680 840 3770 900 διὰ

2101 930 2209 985 τῶν
2265 930 2417 1006 ίερῶς
2486 928 2852 1007 προκειμένων
2913 927 3216 1005 συμϐόλων·
3279 932 3370 988 τὸν
3433 932 3535 1011 γὰρ
3597 930 3765 1011 ἔγκε-

2111 1016 2440 1093 ιιαλυμμένον
2499 1019 2585 1076 καὶ
2655 1018 2948 1098 ἀδιαίρετον
3006 1018 3163 1099 ἄρτον
3227 1019 3601 1098 ἀνακαλύψας,
3677 1015 3769 1081 καὶ

2105 1109 2182 1175 εὶς
2235 1106 2409 1165 πολλὰ
2441 1106 2649 1182 διελὼν,
2687 1111 2775 1166 καὶ
2819 1110 2880 1164 τὸ
2941 1107 3143 1166 ἔνιαῖον
3194 1115 3286 1166 τοῦ
3317 1116 3573 1190 ποτηρίου
3634 1119 3767 1170 πᾶσι

2102 1198 2482 1277 καταμερίσας,
2540 1196 2876 1273 συμϐολικῶς
2933 1199 3031 1266 τὴν
3084 1196 3314 1266 ἑνότητα
3378 1198 3632 1267 πληθύνει
3685 1199 3766 1279 ⁸8,

2101 1288 2191 1344 καὶ
2272 1286 2532 1365 διανέμει,
2593 1289 3003 1368 παναγεστάτην
3083 1289 3137 1346 έν
3205 1290 3411 1355 τούτοις
3469 1294 3768 1372 ἱερουργίαν

2100 1376 2291 1439 τελῶν.
2355 1381 2427 1437 Τὸ
2483 1381 2583 1458 γὰρ
2635 1380 2690 1436 ἓν
2759 1381 2847 1435 καὶ
2909 1379 3108 1436 ἁπλοῦν
3165 1381 3251 1438 καὶ
3306 1381 3523 1460 κρύφιον
3581 1382 3771 1450 Ἰησοό

2100 1474 2195 1524 τοῦ
2249 1470 2686 1548 θεαρχικωτάτου
2717 1467 2879 1546 λόγου
2908 1475 2977 1546 τῇ
3022 1469 3136 1526 καθ’
3171 1472 3317 1545 ἡμᾶς
3365 1469 3766 1550 ἒνανθρωπήσει

2103 1559 2233 1635 πρός
2281 1560 2341 1615 τὸ
2372 1558 2616 1615 σύνθετόν
2672 1580 2728 1614 τε
2761 1560 2847 1615 καὶ
2891 1558 3077 1636 ὁρατόν
3108 1557 3483 1624 ἀναλλοιώτως
3509 1558 3567 1605 “
3615 1562 3767 1642 ἀγα-

2103 1648 2286 1713 θότητι
2343 1649 2432 1704 καὶ
2502 1646 2862 1727 φιλανθρωπίᾳ
2918 1646 3244 1726 προελήλυθε
3299 1652 3388 1706 καὶ
3445 1652 3545 1719 τὴν
3621 1654 3759 1729 πρὸς

2104 1740 2260 1795 αὐτὸν
2308 1740 2462 1811 ἡμῶν
2496 1739 2740 1795 ἑνοποιὸν
2789 1740 3067 1796 κοινωνίαν
3107 1738 3448 1819 ἀγαθουργῶς
3496 1739 3764 1820 διεπραγ-

363 1819 641 1883 sitionem
667 1824 844 1886 simul
876 1835 935 1886 et
956 1840 1294 1907 aspectum,
1316 1828 1447 1889 sine
1467 1828 1586 1889 ulla
1617 1834 1704 1889 sui
1736 1829 2015 1891 immuta-

2108 1826 2430 1902 ματεύσατο,
2492 1829 2559 1883 τὰ
2623 1828 2739 1885 καθ’
2798 1831 2942 1905 ἡμᾶς
2999 1830 3223 1885 ταπεινά
3284 1844 3405 1894 τοῖς
3466 1832 3767 1896 θειοτάτοις

366 1911 532 1973 tione
581 1931 687 1994 pro
722 1932 829 1976 sua
861 1914 1128 1979 bonitate
1175 1916 1663 1998 benignitateque
1708 1921 2016 1999 processit,

366 2002 673 2084 nostrique
695 2023 899 2068 secum
928 2007 1210 2069 unilicam
1241 2010 1729 2070 communionem
1749 2008 2023 2071 beneﬁce

364 2092 819 2175 excogitavit,ea
844 2115 976 2177 qua:
1005 2098 1067 2159 in
1101 2097 1274 2160 nobis
1305 2098 1554 2160 humilia
1583 2109 1722 2161 sunt
1764 2099 2022 2161 divinis-

366 2182 536 2247 simis
567 2183 691 2246 suis
715 2186 932 2248 uniens
963 2188 1363 2267 excellentiis,
1396 2196 1461 2249 ut
1488 2198 1547 2251 et
1577 2207 1687 2251 nos
1715 2190 1851 2269 ipsi,
1887 2197 2022 2250 tan—

364 2284 539 2343 quam
571 2276 827 2333 membra
860 2278 1109 2350 corpori,
1135 2292 1238 2350 per
1263 2278 1517 2351 ejusdem
1550 2278 1929 2336 immaculatae
1956 2293 2023 2336 ac

364 2361 581 2425 divinas
611 2364 1138 2429 vitaaidentitatem
1174 2387 1595 2448 congruamus,
1622 2388 1699 2431 ne
1720 2368 2018 2450 corrupti-

364 2451 583 2516 bilibus
608 2456 801 2518 necati
824 2457 1225 2537 passionibus,
1249 2458 1466 2520 divinis
1487 2459 1617 2521 istis
1646 2460 2018 2521 sanissimis-

364 2562 479 2625 que
500 2545 786 2609 membris
818 2546 1136 2624 incongrui
1159 2548 1417 2626 vitasque
1447 2551 1765 2630 incapaces
1793 2551 2015 2610 exista-

360 2651 516 2710 mus;
547 2644 783 2716 oportet
815 2636 977 2699 enim
1012 2656 1144 2711 nos,
1179 2639 1229 2700 si
1262 2639 1334 2701 ad
1380 2639 1867 2701 communionem
1887 2640 2019 2719 ejus

356 2724 711 2804 aspiramus.
739 2726 1169 2790 divinissimam
1196 2730 1326 2808 ejus
1351 2730 1413 2790 in
1450 2748 1632 2793 carne
1657 2731 1831 2791 vitam
1865 2748 2016 2790 con-

360 2814 660 2896 templari,
694 2823 871 2895 atque
894 2828 1160 2878 sanctam
1192 2818 1381 2898 ipsius
1407 2817 2020 2897 impeccantiamimi-

2106 1920 2261 1976 αὐτοῦ
2319 1918 2440 1974 κατ’
2485 1917 2642 1996 ἄκρον
2682 1920 2906 1992 ἑνώσας,
2953 1920 3107 1994 εἴπερ
3155 1922 3240 1978 καὶ
3290 1922 3455 1996 ἡμεῖς
3500 1924 3575 1985 ὡς
3622 1922 3768 1998 μέλη

2105 2008 2311 2083 σώματι
2366 2009 2431 2059 50
2479 2008 3033 2088 συναρμολογηθῶμεν
3079 2014 3242 2092 αύτῷ,
3290 2012 3427 2068 κατὰ
3471 2014 3527 2069 τὸ
3571 2012 3769 2069 ταύτὸν

2104 2102 2201 2163 τῆς
2234 2095 2514 2167 ἀλωϐήτου
2568 2100 2655 2155 καὶ
2702 2101 2841 2164 θείας
2895 2100 3062 2181 ζωῆς,
3109 2103 3198 2157 ναὶ
3255 2102 3333 2175 μὴ
3390 2114 3510 2165 τοῖς
3565 2104 3768 2183 φθορο-

2105 2190 2284 2249 ποιοῖς
2369 2188 2557 2244 πάθεσι
2631 2189 3117 2269 κατανεκρωθέντες
3152 2238 3169 2271 ,
3248 2191 3571 2268 ἀνάρμοστοι
3655 2191 3759 2247 καῖ

2106 2275 2394 2344 ἀκολλητοι
2454 2279 2541 2335 καὶ
2572 2277 2798 2350 ἆσύζωοι
2855 2281 3130 2358 γενώμεθα
3160 2278 3211 2323 ⁸⁸
3272 2282 3404 2359 πρὸς
3435 2284 3559 2339 θεῖα
3620 2280 3766 2357 μέλη

2104 2369 2190 2423 καὶ
2219 2366 2503 2445 ὑγιέστατα
2552 2366 2631 2419 59⁸
2687 2370 2797 2449 χτη
2846 2371 2947 2448 γὰρ
2993 2372 3161 2447 ἡμᾶς,
3196 2373 3240 2428 εί
3291 2376 3391 2439 τῆς
3421 2373 3554 2449 πρὸς
3602 2372 3767 2430 αὖτὸδ

2104 2456 2354 2534 ἐφιέμεθα
2409 2458 2712 2534 κοινωνίας,
2774 2461 2847 2523 εἷς
2915 2460 3012 2528 τὴν
3066 2462 3344 2528 θειοτάτην
3415 2462 3576 2519 αὐτοῦ
3628 2462 3768 2518 κατά

2101 2547 2271 2625 σάρκα
2328 2549 2473 2617 ζωὴν
2533 2549 2953 2626 ἀποσκοπεῦσαι,
3015 2551 3103 2607 καὶ
3159 2557 3227 2628 τῇ
3284 2554 3414 2631 πρὸς
3478 2551 3648 2619 αὐτὴν
3701 2550 3771 2602 53

2100 2637 2427 2711 ἀφομοιώσει
2472 2637 2571 2706 τῆς
2620 2642 2759 2715 ἱερᾶς
2815 2638 3220 2719 ἀναμαρτησίας
3271 2643 3344 2707 εἷς
3402 2641 3502 2709 τὴν
3544 2640 3757 2709 θεοειδῆ

2101 2730 2189 2783 καὶ
2237 2726 2515 2794 ἀλώϐἦτον
2547 2728 2649 2795 ἕξιν
2706 2729 3052 2810 ἀναδραμεῖν
3099 2732 3236 2789 οὓτω
3281 2735 3381 2811 γὰρ
3426 2731 3754 2811 Ξναρμονίως

2100 2821 2237 2891 ἡμῖν
2263 2820 2362 2885 τὴν
2391 2821 2523 2899 πρὸς
2555 2822 2615 2875 τὸ
2647 2820 2839 2895 ὅμοιον
2869 2821 3144 2879 κοινωνίαν
3184 2819 3504 2901 δωρήσεται.

359 2903 560 2977 tando,
593 2906 667 2966 ad
690 2905 1042 2968 deiformem
1076 2915 1137 2969 et
1161 2908 1605 2969 immaculatum
1630 2916 1846 2970 statum
1877 2905 2246 2971 contendere
2273 2928 2289 2985 ;
2331 2908 2439 2971 hac
2471 2926 2735 2991 namque
2762 2911 3020 2992 ratione,
3054 2918 3232 2991 prout
3253 2910 3426 2975 nobis
3456 2911 3749 2989 congruit,

359 2992 810 3058 similitudinem
845 3013 1013 3058 suam
1045 2996 1533 3061 communicabit.

1938 3133 1967 3213 §
2000 3128 2152 3194 xm.

438 3289 577 3355 Haec
617 3291 877 3373 pontifex
908 3293 1090 3357 rebus
1142 3294 1213 3357 iis
1245 3313 1375 3376 qutc
1406 3294 1816 3357 sacriftcantur
1856 3292 2006 3355 insi-

2177 3305 2348 3355 Ταῦτα
2374 3297 2494 3362 τοῖς
2526 3301 2678 3378 ἱερῶς
2713 3297 2770 3341 ⁵⁸
2810 3298 3100 3378 δρωμένοις
3131 3302 3157 3356 ὁ
3188 3300 3449 3381 ίερᾶρχης
3482 3300 3755 3383 ἐμφαίνει,

361 3391 524 3464 nuat,
560 3383 703 3445 dum
740 3384 974 3447 obtecta
1008 3404 1256 3449 munera
1306 3386 1366 3446 itt
1406 3394 1674 3464 apertum
1710 3383 2007 3467 producit,

2102 3388 2156 3443 τὰ
2198 3388 2296 3461 μὲν
2327 3386 2769 3465 ἒγκεκαλυιλμένα
2828 3388 2967 3468 δῶρα
3016 3391 3146 3468 πρὸς
3204 3391 3266 3446 τὸ
3297 3390 3528 3472 ἐμφανὲς
3582 3392 3758 3470 ἄγων,

357 3474 749 3553 ipsorumque
772 3474 1060 3537 unitatem
1089 3476 1150 3537 in
1185 3476 1600 3557 pluratlividit,
1626 3482 1687 3539 et
1721 3494 1825 3555 per
1853 3496 2011 3539 sum-

2102 3479 2151 3532 τὸ
2206 3476 2261 3531 δὲ
2293 3478 2495 3533 ἐνιαῖον
2547 3480 2722 3535 αὒτῶν
2778 3481 2850 3541 είς
2905 3478 3081 3536 πολλὰ
3127 3477 3365 3555 διαιρῶν,
3400 3483 3490 3537 καὶ
3530 3482 3601 3559 τῇ
3650 3488 3761 3539 τῶν
3867 3542 3877 3553 ,

357 3576 509 3620 mam
533 3577 726 3620 rerum
752 3563 1193 3623 distribmarum
1218 3582 1345 3624 cum
1369 3566 1819 3638 suscipientibus
1841 3568 2011 3623 unio-

355 3672 516 3734 nem,
539 3654 885 3717 earumdem
912 3663 1223 3719 consortes
1251 3655 1451 3718 reddit
1474 3675 1575 3718 eos
1600 3656 1701 3737 qui
1730 3676 2002 3719 commu-

352 3744 579 3805 nicant.
621 3745 1091 3808 Describitenim
1126 3747 1217 3807 his
1247 3746 1618 3807 sensibilitcr
1646 3747 1788 3807 dum
1815 3747 1874 3808 in
1900 3765 2003 3808 as-

355 3841 591 3914 pectum
614 3832 778 3895 ducit
804 3838 1007 3896 Jesum
1041 3836 1369 3911 Christum,
1390 3836 1717 3914 apiritalem
1744 3847 2004 3899 nostram

352 3923 533 3986 veluti
550 3923 607 3986 in
627 3922 890 4003 imagine
904 3925 1194 4006 vitam,ex
1209 3925 1408 3987 abdito
1432 3926 1535 3989 illo
1550 3927 1876 3989 divinitatis
1900 3947 2005 4009 per

352 4012 670 4071 absolutam
693 4023 749 4071 et
771 4015 1128 4072 inconlusam
1155 4016 1527 4073 humanitatis
1548 4031 1763 4075 nosne
1785 4033 2010 4076 assum-

352 4103 645 4185 ptionem,
676 4103 935 4183 benigne
952 4117 1215 4168 nostram
1244 4107 1900 4187 Specieminduentem,
1929 4118 2012 4171 at-

356 4211 472 4275 que
489 4192 561 4255 ad
582 4192 992 4258 dividuitatem
1027 4202 1292 4259 nostram
1325 4197 1455 4259 sine
1478 4197 1572 4259 sui
1602 4197 2014 4262 immutatione

353 4302 423 4346 ex
448 4281 676 4348 unitate
699 4284 950 4347 naturali
975 4285 1630 4368 prodeuntem,perque
1653 4287 1808 4350 hanc
1831 4287 2008 4351 bene-

351 4376 524 4437 ficam
556 4375 1044 4457 clementiam,ad
1063 4377 1153 4438 sui
1175 4376 1848 4455 bonorumquesuorum
1882 4397 2014 4459 par-

356 4464 761 4539 ticipationem
814 4483 1007 4546 genus
1052 4466 1383 4528 humanum
1438 4466 1813 4547 invitantem,
1869 4470 2011 4531 dum

356 4554 530 4618 modo
580 4554 975 4618 divinissimae
1002 4555 1191 4635 ipsius
1233 4556 1368 4617 vitae
1409 4555 1866 4636 conjungamur,
1902 4578 2013 4641 pro

2093 3564 2489 3642 διανεμομένων
2547 3570 2677 3647 πρὸς
2731 3570 2796 3625 τὰ
2843 3570 2896 3625 ἐν
2941 3570 3030 3633 οἷς
3077 3569 3311 3648 γίγνεται
3342 3571 3463 3627 κατ’
3509 3570 3673 3651 ἄκρον
3700 3573 3766 3624 55

2094 3657 2304 3737 ὲνώσει,
2338 3660 2627 3724 κοινωνοὺς
2681 3661 2853 3715 αὐτῶν
2896 3657 3175 3716 ἀποτελῶν
3223 3660 3345 3725 τοὺς
3396 3661 3761 3741 μετέχοντας.

2098 3748 2388 3827 Διαγράφει
2422 3749 2521 3824 γὰρ
2578 3748 2633 3805 ἐν
2693 3750 2902 3813 τούτοις
2961 3751 3247 3822 αἰσθητῶς,
3283 3749 3371 3807 ὑπ’
3430 3749 3556 3826 ὄψιν
3613 3748 3764 3831 ἄγων

2096 3836 2303 3904 Ἰησοῦν
2356 3839 2450 3894 τὸν
2481 3840 2729 3918 Χριστὸν,
2763 3838 2863 3904 τὴν
2912 3837 3113 3905 νοητὴν
3171 3840 3326 3913 ἡμῶν
3353 3840 3427 3904 ὡς
3484 3838 3540 3895 ἐν
3592 3840 3761 3897 εἰκόσι

2094 3927 2262 4003 ζωὴν,
2296 3927 2356 3983 ἐκ
2403 3929 2498 3984 τοῦ
2528 3928 2665 3985 κατὰ
2697 3929 2788 3983 τὸν
2839 3935 2998 3985 Θεῖον
3027 3924 3094 3977 56
3121 3926 3363 4009 κρυφίου,
3395 3933 3463 3996 τῆ
3497 3927 3761 3988 παντελεῖ

2093 4017 2182 4073 καὶ
2229 4016 2520 4096 ἀσυγχύτῳ
2549 4014 2666 4073 καθ’
2720 4018 2864 4093 ἡμᾶς
2919 4017 3317 4095 ἐνανθρωπήσει
3366 4016 3754 4098 φιλανθρώπως

2096 4107 2148 4174 ἐξ
2205 4109 2360 4182 ἡμῶν
2419 4106 2480 4157 57
2532 4106 2985 4186 εἷδοποιούμενον,
3030 4109 3118 4165 καὶ
3176 4108 3308 4187 πρὸς
3381 4109 3444 4165 τὸ
3501 4111 3753 4187 μεριστὸν

2094 4200 2247 4274 ἡμῶν
2300 4197 2678 4262 ἀναλλοιώτως
2711 4198 2771 4254 ἐκ
2826 4198 2919 4255 τοῦ
2950 4198 3084 4255 κατὰ
3118 4199 3269 4277 φύσιν
3315 4197 3432 4261 ἑνὸς
3464 4200 3750 4279 προϊόντα,

2095 4292 2183 4346 καὶ
2230 4287 2315 4347 διὰ
2356 4295 2455 4357 τῆς
2487 4287 2813 4367 ἀγαθουργοῦ
2857 4288 3055 4355 ταύτης
3100 4286 3494 4367 φιλανθρωπίας
3527 4290 3602 4352 εἷς
3648 4309 3755 4367 με-

2096 4380 2305 4437 τουσίαν
2365 4380 2553 4438 ἑαυτοῦ
2581 4380 2670 4436 καὶ
2718 4383 2823 4435 τῶν
2874 4377 3080 4434 οἰκείων
3124 4378 3337 4456 ἀγαθῶν
3366 4376 3635 4437 καλοῦντα
3692 4380 3756 4438 τό

2096 4469 2417 4548 ἀνθρώπειον
2459 4467 2525 4519 58
2553 4467 2737 4548 φῦλον,
2772 4468 2928 4545 εἴπερ
2982 4470 3265 4543 ένωθῶμεν
3294 4472 3453 4527 αὖτου
3485 4471 3557 4546 τῇ
3600 4473 3752 4528 θειο-

2096 4561 2232 4635 τάτῃ
2275 4564 2410 4635 ζωῇ,
2442 4560 2571 4638 πρὸς
2632 4559 2796 4626 αὐτὴν
2842 4556 2907 4609 59
2955 4559 3112 4631 ἡμῶν
3167 4558 3305 4619 κατὰ
3346 4555 3565 4633 δονάμιν
3613 4560 3756 4641 ἀφο-

353 4641 512 4706 virili
542 4642 698 4704 illam
734 4642 1033 4705 imitando
1064 4663 1079 4706 :
1114 4663 1248 4706 nam
1282 4643 1367 4706 sic
1397 4662 1536 4707 vere
1569 4656 1877 4712 consortes
1903 4648 2013 4713 Dei

2102 4651 2344 4729 μοιώσει,
2391 4649 2480 4707 καὶ
2510 4648 2679 4726 ταύτῃ
2733 4650 2868 4729 πρὸς
2915 4646 3170 4717 ἀλήθειαν
3203 4650 3446 4707 κοινωνοὶ
3475 4655 3611 4708 Θεοῦ
3667 4652 3755 4708 καὶ

352 4731 813 4813 divinarumque
844 4749 1048 4795 rerum
1088 4733 1410 4815 participes
1437 4734 1785 4800 reddemur.

2093 4750 2197 4802 τῶν
2222 4739 2373 4798 θείω)
2400 4737 2942 4815 ἀποτελεοθησόμεθα
2968 4734 3056 4798 60.

1932 4909 1962 4988 §
2011 4907 2170 4972 x1v.

430 5032 678 5115 Sumpta
708 5036 969 5120 denique
996 5056 1066 5100 ac
1096 5040 1308 5103 tradita
1330 5040 1701 5106 divinissima
1731 5062 2002 5106 commn-

2167 5041 2469 5122 Μετασχὼν
2521 5037 2575 5096 δὲ
2606 5041 2693 5099 καὶ
2745 5039 3003 5117 μεταδοὺς
3057 5045 3154 5109 τῆς
3211 5044 3510 5121 θεαρχικῆς
3543 5063 3745 5099 κοινω-

350 5126 552 5202 nione,
589 5146 709 5192 una
736 5146 872 5191 cum
905 5129 1087 5193 totius
1119 5132 1398 5197 Ecclesia:
1430 5151 1600 5198 sacra
1626 5133 1999 5217 plenitudine

2102 5135 2220 5211 νίας,
2272 5133 2346 5195 εἰς
2396 5130 2736 5211 εὐχαριστίαν
2790 5131 2935 5209 ἱερὰν
2999 5128 3296 5210 καταλήγει
3341 5130 3479 5207 μετὰ
3547 5131 3744 5193 παντὸς

429 5307 458 5351 ¹³
486 5307 634 5371 Luc.
669 5325 815 5391 uti,
848 5310 949 5374 19.

1677 5407 1779 5470 VA
1788 5406 1947 5470 BHE
2010 5400 2423 5469 LECTIONES

433 5536 488 5621 η
532 5538 623 5594 τόν
790 5535 1112 5621 ⁴8πληθύει,
1146 5540 1258 5603 Ch.
1310 5539 1373 5604 S.
1421 5538 1487 5603 Ρ.
1524 5544 1589 5603 Β.
1664 5538 1719 5585 ‘9
1746 5540 2120 5621 (Ξιναλλοιώτῳ⁹
2152 5543 2234 5604 Μ.
2284 5539 2392 5621 δῦ.Δ
2547 5535 2917 5621 σώματρςλδσ

3114 5537 3166 5582 ⁵1
3197 5542 3478 5620 γενοίμεθα
3490 5583 3517 5620 εν
3577 5538 3635 5620 ξ’
3662 5541 3748 5599 καὶ

350 5616 634 5748 ὓξιέστατα
665 5618 815 5699 lege.
878 5618 933 5664 ⁸³
962 5616 1108 5699 πρὸς
1136 5623 1316 5696 αὐτόν,
1353 5624 1428 5684 Μ.
1463 5623 1530 5686 Ρ,
1602 5620 1657 5665 ⁵4
1684 5627 1850 5700 ἱεροῖς
1890 5625 1974 5685 Μ,
2007 5616 2117 5686 Sc;
2180 5622 2246 5672 55
2275 5619 2395 5677 κατ’
2427 5616 2666 5696 ἄκαιρον,
2701 5616 2777 5680 Μ.
2810 5616 2909 5683 Sc.
2954 5618 3020 5671 ω
3044 5622 3108 5677 τδ
3134 5616 3308 5695 θεῖον,
3341 5620 3452 5683 Ch.
3483 5618 3548 5683 S.
3579 5618 3649 5685 Ρ.
3680 5623 3749 5685 Β.

351 5697 386 5747 δ
446 5701 519 5748 εἰς
553 5701 702 5748 coriam
732 5703 890 5748 ηλιυῖω
948 5700 1018 5748 Μ-
1056 5700 1132 5748 Sp.
1226 5703 1291 5748 58
1319 5703 1644 5748 ἆυθηιῖιπιυωι
1703 5705 1746 5748 Ω
1802 5702 1847 5748 ι)
1939 5703 2005 5748 159
2032 5702 2097 5748 ττι
2131 5704 2260 5748 πῆλε
2307 5699 2493 5748 αὖε-ἧν-
2531 5696 2639 5748 Ch-
2675 5696 2743 5748 n,
2821 5697 2888 5748 ω
2916 5700 3394 5748 Ἀποεελεσιιᾶτων
3450 5701 3527 5748 Π,
3565 5702 3645 5748 Ωρ

351 5696 416 5748 8⁷
446 5701 519 5762 είς
553 5701 702 5781 φόσιν
726 5696 910 5778 ημῶν,
945 5696 1019 5765 Ml
1055 5700 1156 5767 Sc.
1226 5703 1291 5754 53
1319 5703 1667 5783 ἀνθρώπινον,
1802 5702 1869 5765 Ρ.
1939 5703 2005 5755 ΰθ
2032 5702 2099 5780 τῇ
2131 5704 2262 5782 πρὸς
2307 5699 2496 5778 αὐτήν,
2531 5696 2641 5763 Ch.
2675 5696 2748 5762 Ῑ).
2821 5697 2888 5750 θθ
2916 5700 3416 5779 Ἀποτελεσμάτων,
3449 5701 3531 5766 Μ.
3565 5702 3667 5766 Sc.
