4042 6464
348 381 459 448 451

1541 372 1601 441 S.
1665 370 2007 440 DIONYSII
2049 370 2562 440 AREOPAGITIE

3617 370 3744 440 45?

355 536 509 596 mus,
533 533 707 598 quam
733 512 809 576 ob
831 526 1067 575 causam
1102 512 1161 575 id
1192 512 1351 595 quod
1379 511 1512 575 aliis
1532 531 1768 594 quoque
1796 531 1993 576 sacra-

2080 513 2316 580 τελεταῖς
2374 512 2506 580 αὕτη
2563 511 2954 593 ἰδιοποιήσατο,
3004 512 3093 569 καὶ
3151 511 3400 569 καλεῖται
3430 510 3571 579 ἰδίως
3605 535 3739 570 κοι-

354 607 569 669 mentis
600 622 919 667 commune
950 612 1061 680 est,
1088 605 1226 666 huic
1249 605 1691 683 approprietur,
1722 614 1999 666 vocetur-

351 717 466 779 que
494 698 739 778 proprie
769 695 1112 757 communio
1148 702 1205 754 et
1229 692 1489 774 synaxis,
1524 713 1662 755 cum
1687 695 2002 770 quodlibet

348 795 815 859 sacramentum,
838 784 960 846 sive
986 782 1282 863 baptisma
1301 784 1423 845 sive
1445 782 1718 845 ordinem
1753 784 1993 855 dixeris,

352 878 530 940 etiam
564 876 709 937 illud
744 875 943 955 utique
975 873 1213 948 habeat,
1250 881 1313 934 ut
1343 882 1400 934 et
1437 882 1780 953 congreget,
1819 886 1879 936 et
1925 873 1998 935 ad

353 972 837 1030 communionem
867 963 1267 1043 unionemque
1289 962 1549 1026 inducat:
1567 969 1625 1023 in
1651 965 1813 1025 omni
1839 983 2001 1026 nam-

354 1074 471 1137 que
492 1062 864 1119 sacramcnto
897 1054 1022 1115 haec
1058 1052 1306 1115 initiatis
1329 1057 1745 1129 conteruntur,
1766 1073 1825 1116 ν.
1857 1074 1891 1133 g
1940 1054 1999 1115 in

349 1146 669 1227 baptismo,
702 1164 835 1207 cum
869 1145 983 1206 hoc
1014 1162 1254 1224 quoque
1287 1151 1729 1206 sacramentum
1752 1143 2001 1204 divisam

2086 607 2241 661 νωνία
2272 606 2359 661 καὶ
2388 602 2620 683 σύναΞις,
2652 603 2880 670 ἑκάστης
2915 602 3161 684 τελετῆς,
3193 603 3291 659 κᾶν
3320 603 3420 673 τήν
3481 609 3570 660 τοῦ
3629 604 3745 681 βα-

2084 697 2378 769 πτίσματος
2410 693 2612 772 εἴποις,
2649 692 2747 749 κᾶν
2776 694 2873 761 τὴν
2904 698 3009 749 τῶν
3039 696 3316 771 ίερατικῶν
3377 691 3745 771 τελειώσεων,

2086 786 2321 865 ἐχούσης
2352 791 2507 840 τοῦτο
2538 781 2603 849 δὴ
2634 785 2695 840 τὸ
2726 783 2967 861 συνάγειν
3000 785 3085 839 καὶ
3118 784 3190 845 εἰς
3249 785 3531 839 κοινωνίαν
3590 782 3745 862 ἄγειν

2085 879 2173 932 καὶ
2228 874 2435 932 ἕνωσιν·
2498 874 2679 930 ἅπασα
2735 873 2833 952 γὰρ
2890 872 3082 940 ’τελετή
3136 873 3299 930 ταῧτα
3334 871 3585 950 δωρεῖται
3619 888 3748 935 τοῖς

2084 963 2447 1040 τελουμένοις,
2483 966 2555 1030 ὡς
2584 962 2707 1042 φέρε
2739 964 2911 1020 εἰπεῖν
2935 965 3024 1019 ἒπὶ
3054 966 3143 1019 τοῦ
3189 963 3584 1038 βαπτίσματος’
3654 964 3750 1019 καὶ

2085 1058 2185 1135 γὰρ
2243 1056 2278 1122 ἡ
2339 1054 2558 1120 τοιαύτη
2593 1053 2780 1117 τελετὴ
2812 1054 2910 1120 τὴν
2942 1054 3197 1133 μεριστὴν
3230 1054 3375 1124 ζωὴν
3408 1061 3501 1111 τοῦ
3529 1054 3748 1132 ἀνθρώ-

2085 1167 2211 1221 που),
2245 1141 2492 1211 δηλονότι
2526 1142 2621 1209 τὴν
2651 1144 2941 1216 κοσμικὴν,
2974 1146 3060 1198 καὶ
3093 1144 3167 1207 εἰς
3226 1141 3403 1200 πολλὰ
3472 1141 3746 1211 πληθυνοο

354 1236 614 1299 hominis
649 1235 848 1315 vitam,
880 1233 939 1295 id
975 1241 1065 1295 est
1093 1232 1471 1308 saecularem,
1502 1242 1560 1294 et
1587 1234 1647 1293 in
1675 1234 1857 1295 multa
1877 1232 1993 1295 dis-

2090 1233 2280 1313 μένην,
2341 1235 2413 1296 εἰς
2471 1231 2674 1299 ἐνοειδῆ
2732 1233 2975 1310 συνάγειν
3032 1230 3246 1302 θέωσιν,
3280 1234 3367 1289 καί
3413 1232 3551 1289 κατὰ
3584 1243 3747 1291 τοῦτο

352 1335 627 1399 tractam,
653 1325 726 1388 ad
762 1323 1120 1385 uniformem
1154 1322 1385 1403 colligit
1433 1322 1905 1400 deiﬁcationem,
1938 1342 1993 1385 at

2091 1324 2296 1390 σύναξις
2326 1323 2387 1379 ἂν
2417 1320 2647 1400 λέγοιτο·
2685 1324 2771 1379 καὶ
2804 1321 2961 1378 πάλιν
2998 1321 3052 1378 ἒν
3100 1329 3169 1399 τῇ
3217 1322 3441 1398 τοιαΰτῇ
3497 1323 3747 1398 συμπτύ·

352 1416 682 1479 secundum
720 1415 831 1477 hoc
862 1412 1041 1475 etiam
1074 1412 1313 1494 synaxis
1343 1412 1462 1475 dici
1497 1413 1728 1493 possit:
1773 1421 1832 1476 et
1864 1432 1993 1474 rur-

2093 1416 2167 1483 ξει
2225 1424 2330 1472 τῶν
2378 1414 2651 1493 διαιρετῶν
2708 1417 2795 1472 καὶ
2853 1420 3125 1491 κοσμικῶν
3177 1416 3443 1483 κινήσεων
3475 1415 3574 1483 τὴν
3605 1421 3744 1487 πρὸς

353 1524 507 1588 sum,
542 1506 602 1568 iu
629 1504 968 1568 istiusmodi
1000 1503 1354 1565 collectione
1394 1502 1718 1564 divisorem
1750 1504 1993 1565 saecula-

2094 1510 2154 1564 τὸ
2187 1507 2264 1581 ἓν,
2300 1509 2390 1562 τὸν
2425 1507 2553 1562 Θεὸν
2584 1503 2814 1584 δηλαδη,
2848 1504 3123 1562 κοινωνίαν
3171 1502 3444 1588 δωρεῖται,
3497 1503 3607 1563 ἰδοὺ
3655 1507 3747 1561 καὶ

351 1576 634 1678 riumque
662 1605 928 1657 motuum
953 1594 1024 1655 ad
1051 1592 1498 1669 unum,scilicet
1522 1595 1993 1669 Deum,commu-

2088 1597 2333 1654 κοινωνία
2391 1597 2485 1654 οἰκ
2541 1595 2840 1659 ἀπεικότως
2895 1593 3112 1673 λέγοιτο
3176 1591 3261 1656 ἄν,
3323 1576 3431 1652 vlva
3465 1603 3513 1652 τι
3543 1597 3740 1674 γοῦν-ἦ

351 1686 594 1748 nionem
612 1685 1104 1765 elargitur,atque
1117 1682 1264 1745 adeo
1280 1684 1621 1745 communio
1646 1703 1765 1745 non
1781 1682 1993 1746 imme-

2088 1685 2410 1765 προκειμένη
2440 1683 2631 1751 τελετὴ
2661 1691 2767 1740 τῶν
2795 1684 3049 1741 τὸιούτων
3081 1685 3358 1757 ὀνοματων
3399 1683 3540 1750 ἰδίως
3600 1707 3743 1759 μετα

350 1776 467 1838 rito
497 1775 614 1838 dici
646 1776 851 1857 possit.
887 1774 1007 1838 Cur
1057 1775 1283 1851 itaque,
1337 1791 1599 1853 praesens
1654 1791 1993 1835 sacramen-

2088 1779 2279 1855 είληχε
2318 1796 2332 1849 ;
2397 1777 2491 1833 Καὶ
2549 1775 2746 1853 φαμὲν,
2807 1774 2889 1831 ὅτι
2938 1776 2971 1841 ἡ
3005 1775 3113 1831 τῶν
3142 1773 3370 1832 τελετῶν
3401 1774 3614 1831 ἐκείνων
3646 1795 3744 1831 τε-

352 1877 474 1928 tum
508 1864 845 1927 istiusmodi
879 1864 1122 1925 nomina
1151 1864 1392 1944 proprie
1424 1860 1535 1923 sibi
1571 1862 1866 1927 vindicat?
1899 1864 1993 1926 Οἱς

2087 1867 2295 1929 λείωσις
2327 1866 2384 1922 ἐκ
2410 1871 2515 1921 τῶν
2547 1866 2743 1931 ταύτης
2775 1862 2983 1943 δωρεῶν
3015 1865 3150 1920 ἐστι’
3183 1867 3270 1921 καὶ
3326 1867 3426 1943 γὰρ
3483 1864 3580 1920 οὒκ
3630 1864 3745 1921 ἔστι

351 1963 566 2033 cimus,
600 1956 850 2017 istorum
885 1961 1395 2015 sacramentorum
1445 1951 1872 2033 perfectionem
1930 1973 1993 2018 ex

2084 1958 2198 2035 τινὰ
2256 1954 2566 2021 τελεσθῆναι
2623 1954 2940 2033 ἱεραρχικὴν
2997 1952 3246 2028 τελετὴν,
3282 1964 3357 2029 μὴ
3392 1958 3489 2022 τῆς
3521 1956 3734 2011 θειοτᾶ-

353 2045 531 2125 bujus
561 2043 916 2107 muneribus
949 2042 1203 2108 existere
1232 2060 1246 2105 :
1285 2061 1420 2104 nam
1453 2061 1569 2103 non
1594 2042 1735 2104 licet
1756 2043 1993 2123 aliquod

2083 2070 2181 2115 της
2219 2045 2595 2126 Εὕχαριστίας,
2628 2046 2726 2110 τῆς
2755 2050 2860 2100 τῶν
2892 2047 3198 2122 μυστηρίων
3242 2041 3471 2113 δηλαδη,
3526 2048 3740 2123 ἱερουρ-

352 2145 794 2198 sacramentum
810 2132 1251 2196 hierarchicum
1274 2133 1706 2213 perﬁcere,nisi
1727 2132 1993 2196 videlicet

2082 2138 2278 2216 γούσης
2339 2137 2436 2202 τὴν
2494 2136 2579 2189 ἒπί
2636 2136 2696 2189 τὸ
2730 2134 2806 2207 ἓν,
2844 2135 2932 2189 τὸν
2966 2135 3095 2190 Θεὸν
3123 2130 3355 2213 δηλαδὴ,
3390 2136 3740 2212 συναγωγὴν⁸

347 2225 722 2287 divinissima
745 2223 1103 2286 eucharistia
1136 2241 1271 2285 cum
1302 2241 1444 2292 uno,
1481 2222 1538 2283 id
1563 2232 1653 2286 est
1682 2224 1821 2283 202
1872 2227 1996 2287 Deo

350 2314 832 2395 conjunctionem
859 2321 1167 2395 operetur;
1190 2313 1301 2374 hoc
1327 2313 1488 2375 enim
1513 2320 1605 2374 est
1628 2314 1993 2395 prmcipuum

351 2404 512 2486 quod
533 2405 595 2467 in
624 2403 876 2482 singulis
904 2402 1262 2466 celebratur.
1298 2403 1361 2466 Si
1386 2403 1584 2484 itaque
1609 2402 1995 2485 unumquod-

348 2514 466 2577 que
492 2508 959 2569 sacramentum,
992 2493 1159 2555 bisce
1190 2494 1489 2575 mysteriis
1518 2494 1887 2565 frustratum,
1921 2494 1998 2556 sit

351 2584 860 2667 imperfectum,et
884 2601 994 2646 nec
1014 2581 1254 2665 proprie
1277 2594 1715 2647 sacramentum
1740 2583 1993 2660 dicatur,

347 2693 545 2756 neque
576 2693 710 2738 cum
736 2693 853 2737 uno
875 2673 977 2735 illo
1001 2672 1405 2736 communicet
1427 2674 1762 2756 copuletve,
1785 2673 1996 2736 merito

351 2765 530 2829 etiam
545 2764 682 2828 huic
701 2764 814 2827 soli
833 2762 1139 2846 proprium
1155 2764 1270 2826 hoc
1286 2781 1505 2829 nomen
1531 2782 1823 2845 synaxeos
1833 2764 1993 2826 attri—

355 2854 577 2918 buitur.
610 2853 862 2936 Synaxis
893 2871 1068 2935 porro
1096 2853 1345 2915 minime
1375 2853 1764 2934 intelligenda
1794 2853 1997 2935 populi

346 2947 751 3025 congregatio,
792 2951 967 3026 prout
996 2944 1176 3026 aliqui
1208 2962 1366 3006 nunc
1388 2946 1677 3026 temporis
1692 2962 1899 3007 vocem
1926 2944 2001 3005 il-

347 3036 463 3097 lam
484 3035 808 3116 accipiunt,
833 3034 936 3096 sed
962 3053 1096 3095 cum
1125 3036 1243 3095 Deo
1267 3033 1615 3116 conjunctio
1628 3033 1999 3098 communio-

349 3143 487 3207 que.
513 3123 680 3187 Idem
705 3142 944 3206 quoque
962 3122 1375 3205 quisinveniat
1396 3124 1457 3185 in
1480 3123 1662 3186 divini
1682 3123 1999 3205 baptisma-

350 3216 424 3309 tis
454 3223 849 3309 sacramento:
877 3231 1010 3275 nam
1044 3212 1184 3276 licet
1211 3213 1328 3309 alia
1357 3232 1596 3297 quoque
1612 3223 1995 3309 sacramenta
2014 3257 2055 3309 ο

344 3302 862 3381 illuminent,huic
882 3312 1079 3366 tamen
1099 3304 1345 3385 proprie
1370 3323 1588 3367 nomen
1611 3304 1722 3367 hoc
1739 3304 1996 3367 illustra-

344 3392 529 3459 tionis
546 3394 898 3474 impositum
918 3402 1031 3468 est,
1048 3394 1205 3475 quod
1227 3395 1495 3458 omnium
1509 3393 1839 3458 divinarum
1860 3394 1993 3457 illu-

345 3485 694 3548 strationum
722 3484 1081 3569 principium
1109 3488 1343 3549 existat.
1378 3486 1530 3549 Nam
1564 3485 1681 3547 nisi
1710 3484 1843 3567 quis
1894 3484 1993 3547 di-

344 3574 478 3637 vino
510 3572 867 3657 baptismate
896 3572 1075 3637 fuerit
1101 3573 1383 3649 initiatus,
1428 3574 1820 3657 ejusdemque
1852 3574 1992 3637 illu-

343 3663 629 3727 stratione
658 3663 874 3744 dignus
903 3663 982 3727 sit
1013 3663 1278 3742 habitus,
1339 3683 1457 3726 non
1510 3673 1703 3744 potest
1751 3665 1994 3726 alterius

344 3754 687 3836 cujOSpiam
752 3753 1167 3818 illustrationis
1228 3756 1526 3837 particeps
1579 3756 1856 3817 existere.
1894 3754 1994 3816 llis

345 3844 565 3919 dictis,
626 3844 1081 3907 consideremus
1152 3845 1338 3927 ipsam
1398 3846 1580 3925 hujus
1637 3845 1995 3909 sacramenti

2079 2227 2235 2283 τοῦτο
2292 2227 2391 2305 γὰρ
2447 2225 2559 2282 ἐστι
2614 2225 2673 2280 τὸ
2732 2222 3263 2302 κεφαλαιωδέστερον
3321 2223 3407 2280 ἐπὶ
3440 2237 3556 2290 τοῖς
3623 2222 3741 2280 καθ’

2079 2316 2277 2373 ἕκαστα
2314 2314 2671 2391 τελουμένοις,
2731 2319 2789 2371 Εἰ
2844 2314 3015 2370 τοίνυν
3076 2314 3279 2381 ἑκάστη
3338 2316 3445 2369 τῶν
3502 2313 3741 2371 τελετῶν

2080 2405 2483 2483 ἀπολειπομένη
2534 2404 2632 2473 τὴν
2663 2402 2685 2425 ⁸
2723 2404 3057 2484 μυστηρίων,
3105 2402 3301 2471 ἀτελὴς
3350 2403 3486 2479 ἐστι,
3523 2409 3614 2463 καὶ
3644 2404 3745 2461 οὐκ

2081 2495 2197 2578 ἔχει
2229 2497 2420 2576 κυρίως
2478 2493 2595 2552 οὕτε
2651 2496 2712 2551 τὸ
2768 2493 2958 2561 τελετη
3019 2492 3290 2572 λέγεσθαι,
3354 2492 3473 2551 οὔτε
3504 2494 3613 2569 μὴν
3642 2495 3743 2563 τὴν

2081 2590 2212 2665 πρὸς
2245 2589 2304 2643 τὸ
2336 2586 2392 2642 ἓν
2420 2586 2700 2644 κοιιωνίαν
2729 2588 2817 2642 καὶ
2847 2582 3077 2657 σύναξιν,
3140 2584 3358 2649 εἰκότως
3417 2585 3587 2660 ταύτῃ
3650 2586 3744 2642 καί

2081 2677 2222 2754 μόνῃ
2255 2676 2542 2734 ἐπιτίθεται
2573 2677 2607 2742 ἡ
2638 2676 2789 2754 κυρία
2817 2673 3089 2749 ἐπωνυμία
3121 2675 3218 2739 τῆς
3254 2673 3536 2739 συνᾶΞεως.
3594 2677 3736 2731 Σύν-

2084 2767 2193 2833 αξιν
2248 2765 2303 2823 δὲ
2360 2766 2581 2833 νοητέον
2640 2768 2701 2822 ού
2760 2765 2858 2831 τὴν
2921 2770 3014 2820 τοῦ
3069 2762 3221 2839 λαοῦ,
3249 2765 3426 2829 καθὼς
3460 2765 3559 2832 τὴν
3591 2762 3736 2830 λέξιν

2081 2857 2218 2922 τινὲς
2273 2854 2961 2934 σήμερονέκλαμόάνονται,
2986 2851 3124 2910 ἀλλὰ
3155 2855 3253 2921 τὴν
3283 2855 3414 2933 πρὸς
3448 2856 3580 2910 Θεὸν
3610 2877 3739 2910 συνο

2085 2946 2307 3025 αγωγὴν
2366 2948 2456 3004 καὶ
2516 2943 2815 3003 κοινωνίαν.
2879 2942 3060 3006 Οὕτως
3118 2944 3258 3022 εὕροι
3315 2966 3394 3008 τις
3426 2943 3487 3001 ἂν
3528 2945 3619 3002 καί
3649 2944 3738 3001 ἐπὶ

2084 3042 2180 3104 τῆς
2211 3037 2433 3103 τελετῆς
2467 3041 2558 3093 τοῦ
2613 3035 2751 3091 θείου
2808 3033 3199 3109 βαπτίσματος
3261 3034 3487 3112 καὶγὰρ
3543 3036 3631 3092 καὶ
3687 3037 3739 3091 αἱ

2081 3125 2241 3187 ἄλλαι
2267 3126 2545 3208 φωνίζουσι
2581 3122 2814 3204 τελεταὶ,
2861 3121 2982 3179 ἀλλ’
3011 3122 3159 3198 ὅμως
3192 3132 3359 3199 ταύτῃ
3408 3121 3549 3188 ἰδίως
3602 3124 3738 3181 ἕπε-

2081 3216 2207 3284 τέθη
2248 3218 2300 3273 τὸ
2333 3213 2502 3290 ὄνομα
2536 3222 2625 3272 τοῦ
2656 3214 3016 3294 φωτίσματος,
3071 3211 3157 3272 διὰ
3213 3213 3275 3270 τὸ
3333 3214 3477 3270 εἶναι
3536 3214 3742 3283 ταύτην

2080 3310 2265 3365 πασῶν
2296 3311 2402 3362 τῶν
2430 3305 2583 3361 θείων
2630 3309 2997 3383 φωταγωγιῶν
3030 3302 3233 3383 ἀρχὴν.
3273 3306 3330 3361 Εἰ
3379 3304 3480 3383 γὰρ
3510 3304 3590 3380 μὴ
3642 3326 3738 3362 τε-

2077 3394 2288 3463 λεσθείη
2317 3417 2403 3460 τις
2434 3401 2512 3468 τῷ
2538 3397 2658 3469 θείῳ
2688 3391 3040 3470 ϐαπτίσματι,
3069 3395 3158 3449 καὶ
3184 3402 3279 3451 τοῦ
3322 3394 3557 3452 ἐντεῦθεν
3615 3417 3737 3475 φωο

2077 3492 2270 3561 τισμοῦ
2299 3484 2679 3565 καταξιωθείη,
2714 3487 2773 3543 οὒ
2816 3480 3030 3539 δύναται
3073 3480 3236 3541 ἄλλον
3270 3486 3409 3548 τινὸς
3455 3495 3737 3564 φωτισμοῦ

2078 3578 2320 3656 μετοχὴν
2382 3574 2648 3640 δέξασται.
2713 3582 2886 3632 Ταῦτα
2946 3573 3207 3648 εἰπόντες,
3270 3572 3567 3649 κατίδωμεν
3633 3576 3737 3650 μὲν

2077 3667 2208 3731 τέως
2240 3666 2340 3733 τὴν
2369 3665 2466 3734 τῆς
2506 3665 2757 3731 τοιαύτης
2817 3662 3039 3730 τελετῆς
3100 3665 3418 3743 ἱερουργίαν,
3481 3662 3735 3732 δηλονότι

2078 3756 2223 3819 ὅπως
2253 3754 2491 3812 τελεῖται
2522 3757 2582 3811 τὸ
2617 3755 2909 3833 μυστήριον
2942 3758 3039 3821 τῆς
3088 3753 3373 3831 συνάξεως,
3442 3753 3737 3830 μετέπειτα

2076 3845 2130 3902 δὲ
2162 3847 2228 3903 τὰ
2258 3846 2356 3914 ’τῆς
2388 3846 2605 3925 θεωρίας
2632 3844 3021 3919 ἐρευνῇσωμεν.

343 3935 884 4011 consecrationem,
934 3935 1234 4016 quomodo
1267 3934 1551 3999 videlicet
1586 3934 1929 4016 mysterium
1981 3953 2274 4018 synaxeos
2309 3932 2653 3997 celebretur
2683 3953 2698 4009 ;
2731 3932 2951 3996 deinde
2986 3952 3124 3995 vero
3158 3934 3736 4015 contemplationem

348 4026 479 4104 ejus
507 4023 878 4103 indagemus.

751 4122 824 4185 Il.
871 4123 1231 4206 Mysterium
1262 4143 1590 4206 synaxeos.

426 4213 773 4277 Hierarchia
798 4233 1038 4295 precem
1063 4234 1295 4278 sacram
1315 4217 1502 4297 (illum
1524 4216 1766 4297 inquam
1789 4215 1996 4278 introi-

348 4307 498 4386 tum)
528 4303 601 4365 ad
632 4304 818 4366 altare
850 4304 1189 4387 celebrans,
1209 4314 1267 4367 et
1292 4304 1365 4367 ab
1397 4305 1666 4386 ejusdem
1693 4304 1994 4369 sutﬁtione

347 4396 579 4457 initium
613 4394 860 4477 faciens,
895 4396 1236 4459 universum
1272 4396 1475 4476 templi
1530 4395 1816 4457 ambitum
1867 4397 1991 4458 cir-

348 4484 494 4547 cuit:
523 4483 739 4547 exinde
772 4503 1005 4548 rursum
1039 4487 1114 4546 ad
1165 4484 1433 4548 divinum
1480 4483 1667 4548 altare
1724 4484 1992 4562 rediens,

346 4592 468 4637 una
488 4592 621 4636 cum
646 4574 780 4636 aliis
807 4574 936 4637 iniit
970 4575 1332 4657 psalmorum
1369 4573 1559 4636 melos
1585 4594 1598 4635 :
1629 4581 1834 4656 postea
1857 4594 1994 4639 vero

347 4680 456 4745 per
482 4666 738 4727 lectores
773 4664 906 4745 (hos
934 4665 1184 4744 liturgos
1213 4664 1404 4745 vocat)
1438 4662 1772 4727 divinarum
1824 4666 1991 4729 Scri-

346 4760 676 4833 pturarum,
711 4761 778 4816 ut
808 4754 1290 4835 Prophetiarum,
1323 4751 1583 4834 apostoli
1604 4762 1663 4817 et
1690 4752 1991 4834 Evangelii

346 4841 530 4905 divini
552 4843 727 4906 lectio
747 4844 1067 4908 recitatur:
1094 4863 1210 4925 qua
1231 4842 1418 4919 ﬁnita,
1452 4843 1870 4907 catechumeni
1890 4862 1990 4907 ar-

346 4941 579 5010 centur,
637 4942 698 4996 et
741 4942 878 4997 ante
920 4933 1030 4996 hos
1055 4934 1470 5015 energumeni,
1501 4933 1605 5015 qui
1644 4934 1925 4996 nimirum
1955 4952 1990 4997 a

344 5023 717 5087 daemonibus
738 5023 1113 5106 infestantur,
1128 5033 1188 5087 et
1207 5030 1586 5105 pmnitentes;
1609 5034 1857 5087 manent
1876 5042 1986 5087 au-

343 5121 464 5175 tem
489 5113 592 5195 qui
617 5114 780 5191 digni
805 5122 962 5177 sunt.
995 5113 1178 5177 Porro
1209 5133 1244 5177 e
1274 5115 1532 5195 liturgis,
1593 5114 1984 5177 subdiaconi-

344 5201 458 5264 bus
485 5204 866 5284 inquam,alii
895 5202 1138 5284 quidem
1160 5204 1321 5268 fores
1351 5204 1820 5280 custodiunt,alii
1843 5219 1987 5267 vero

339 5291 502 5355 aliud
523 5292 826 5375 quidpiam
858 5303 1063 5373 agunt;
1106 5294 1208 5376 qui
1236 5303 1437 5357 autem
1492 5294 1762 5376 primarii
1821 5304 1985 5369 sunt,

342 5382 578 5447 scilicet
596 5382 856 5463 diaconi,
882 5402 1000 5447 una
1021 5402 1156 5447 cum
1173 5383 1582 5448 sacerdotibus
1602 5384 1802 5446 divino
1818 5384 1990 5447 altari

342 5490 559 5554 panem
573 5474 1161 5557 sacrum,etcalicem
1184 5473 1624 5539 benedictionis
1649 5476 1982 5557 imponunt,

339 5569 398 5624 et
428 5562 649 5627 deinde
676 5566 1017 5629 communis
1038 5564 1415 5647 hymnologia
1438 5566 1770 5647 profertur;
1800 5566 1990 5630 habe-

341 5650 487 5714 bant
510 5656 669 5717 enim
699 5657 878 5721 etiam
895 5666 1027 5720 tum
1049 5656 1289 5740 aliquod
1309 5657 1735 5720 documentum
1756 5673 1827 5721 ac
1849 5657 1992 5722 ﬁdei

418 5779 444 5807 ⁴
472 5780 608 5857 ἴσως
647 5788 780 5858 τῶν,

2536 4134 2603 4185 ll.
2640 4126 2940 4203 Μυστήριον
2971 4123 3255 4191 συνάξεως.

2160 4206 2218 4275 Ὀ
2278 4218 2375 4292 μὲν
2436 4216 2720 4296 ίεράρχης,
2780 4217 2946 4295 εὖχην
2978 4217 3120 4295 ἱερὰν
3151 4216 3298 4279 ἐντὸς
3330 4223 3422 4273 τοῦ
3449 4220 3733 4284 θυσιαστηι

2077 4307 2187 4386 ρίου
2237 4307 2627 4385 ποιησάμενος,
2687 4306 2866 4380 (αὖτὸν
2920 4304 2985 4373 δὴ
3046 4310 3201 4381 οἶμαι
3255 4309 3346 4363 τὸν
3397 4305 3737 4387 colorate-1,)

2076 4397 2164 4453 καὶ
2226 4394 2279 4461 ἒξ
2335 4400 2494 4455 αὐτοῦ
2547 4405 2641 4454 τοῦ
2668 4398 2856 4470 θυμιᾷν
2906 4395 3215 4475 ἀρξάμενος,
3255 4396 3601 4475 περιέρχεται
3635 4401 3737 4452 πᾶ-

2077 4509 2175 4542 σαν
2205 4487 2303 4554 τὴν
2334 4486 2601 4565 περιοχὴν
2630 4493 2722 4542 τοῦ
2755 4488 2900 4542 ναοῦ⁹
2941 4485 3088 4561 εἶτα,
3123 4484 3389 4548 ἀναλύσας
3434 4484 3596 4542 πάλιν
3647 4484 3736 4542 ἐπὶ

2078 4578 2138 4633 τὸ
2168 4580 2313 4634 θετον
2341 4576 2740 4654 θυσιαστήριον,
2779 4573 3084 4654 ἀπέρχεται
3116 4575 3252 4651 μετὰ
3283 4575 3389 4632 τῶν
3422 4574 3600 4632 ἄλλων
3633 4580 3735 4642 τῆς

2076 4663 2408 4742 ψαλμῳὸίας’
2472 4663 2589 4734 ἑξῆς
2645 4663 2699 4720 δὲ
2756 4661 2840 4722 διὰ
2896 4670 3000 4721 τῶν
3079 4666 3435 4744 ἀναγνωστων
3493 4665 3732 4745 (τούτους

2075 4756 2174 4835 γὰρ
2226 4754 2371 4834 λέγει
2420 4752 2780 4834 λειτουργοὺς)
2834 4755 2942 4811 τῶν
2991 4756 3143 4812 Θείων
3174 4756 3420 4836 Γραφῶν,
3453 4761 3558 4811 τῶν
3590 4778 3731 4836 προ-

2073 4851 2332 4926 φητειῶν,
2389 4851 2479 4903 τοῦ
2539 4842 2896 4926 Ἀποστόλου,
2956 4852 3050 4903 τοῦ
3104 4847 3242 4903 θείου
3296 4843 3643 4925 Εὐαγγελίου,
3694 4848 3731 4916 ἡ

2071 4937 2366 5014 ἀνάγνωσις
2399 4935 2628 5013 γίνεται·
2664 4932 2804 5011 μετᾶ
2829 4942 2993 4993 ταῦτα
3038 4932 3387 4993 ἐκϐάλλονται
3446 4937 3493 4992 οἱ
3546 4957 3731 5003 κατη·

2069 5028 2352 5105 χούμενοι,
2412 5026 2513 5106 πρὸ
2543 5026 2743 5082 τούτων
2795 5027 2842 5082 οἱ
2891 5026 3286 5105 ἒνεργούμενοι,
3366 5023 3617 5093 δηλονότι
3682 5030 3732 5085 οἱ

2069 5114 2449 5196 δαιμονῶντες,
2499 5117 2587 5172 καὶ
2637 5118 2683 5173 οἱ
2733 5114 2788 5171 ἐν
2837 5118 3092 5192 μετανοίᾳ
3146 5116 3317 5187 ὅντες,
3353 5114 3566 5192 μένουσι
3599 5113 3656 5173 δὲ
3681 5118 3731 5174 οἱ

2071 5204 2229 5272 ἄξιοι,
2293 5206 2429 5263 Ἀπὸ
2489 5203 2560 5262 δὲ’
2607 5206 2714 5263 τῶν
2744 5205 3088 5287 λειτουργῶν,
3125 5208 3265 5286 φημὶ
3295 5212 3403 5264 τῶν
3436 5203 3735 5265 ὑποδιακόν-

2070 5319 2198 5371 νων,
2234 5297 2281 5354 οἱ
2312 5295 2409 5371 μὲν
2437 5296 2532 5359 τὰς
2563 5294 2733 5360 πύλας
2764 5295 3141 5377 φυλάσσουσιν,
3173 5299 3223 5354 οἱ
3247 5294 3303 5353 δὲ
3333 5294 3467 5353 ἄλλο
3498 5318 3551 5353 τι
3611 5296 3660 5354 δι
3675 5319 3737 5357 α·

2074 5386 2415 5466 πράττονται·
2453 5387 2501 5443 οἱ
2530 5384 2585 5443 δὲ
2619 5385 2874 5465 ἔκκριτοι,
2906 5384 3155 5455 δηλονότι
3209 5387 3258 5444 οἱ
3315 5384 3575 5468 διάκονοι,
3639 5388 3733 5445 σὺν

2074 5490 2192 5544 τοῖς
2248 5478 2469 5557 ἱερεῦσιν
2527 5478 2613 5534 ἐπὶ
2668 5487 2761 5537 τοῦ
2816 5479 2954 5535 θείου
3005 5480 3381 5558 θυσιαστηριου
3415 5478 3507 5534 τὸν
3571 5476 3733 5559 ἄρτον

2073 5566 2404 5650 προτιθέασι,
2437 5566 2613 5624 καὶτὸ
2644 5572 2745 5635 τῆς
2774 5565 3017 5646 εὐλογίας
3070 5565 3347 5645 ποτήριον,
3404 5569 3491 5624 καὶ
3544 5565 3732 5626 ἔπειτα

2075 5657 2529 5741 προομολογεϊται
2559 5657 2594 5729 ἡ
2623 5657 2780 5727 κοινὴ
2808 5656 3122 5740 ὑμνολογία,
3158 5657 3333 5739 Εἶχον
3358 5657 3457 5741 γὰρ
3488 5657 3577 5716 καὶ
3606 5676 3730 5716 τοτε
