4042 6438
289 335 410 402 453

792 336 885 400 DE
929 337 1228 400 ECGLES.
1267 335 1714 411 HIERARCH.,
1764 333 1930 399 CAP.
1977 337 2088 399 III.
2138 371 2210 384 -—
2246 339 2631 402 PARAPHR.
2684 343 3199 409 PACHYMERfE.

3569 350 3683 415 454

283 469 519 546 μαθημᾶ
548 492 599 527 τι
655 471 742 526 καὶ
772 469 1106 546 σδμμᾶθημα
1141 491 1390 536 πιστεως.
1431 469 1566 547 Πρὸς
1597 474 1680 535 οἷς
1711 472 1736 527 ὁ
1766 470 1940 550 ἱεραίρ-

2029 469 2486 536 institutionem.
2511 472 2601 536 Ad
2636 474 2762 537 haec
2791 479 3081 560 pontifex,
3119 498 3350 544 sacram
3387 501 3686 564 peragens

283 585 430 642 χης,
463 561 632 642 εὖχὴν
685 561 1074 640 ποιηαάμενος,
1112 561 1211 627 τὴν
1262 562 1477 639 εἰρήνην
1512 558 1806 642 διαγγέλει,
1841 560 1945 630 δη-

284 651 473 709 λονότι
505 650 586 707 τ6⁶
636 652 833 727 Εἰρήνη
865 656 1019 706 πᾶσι’
1053 652 1139 706 καί
1169 650 1312 712 εὐθὺς
1361 651 1777 726 ἂσπασαμένων,
1810 652 1944 708 ἀνα-

282 741 647 820 γινώσκονται
678 742 744 798 τὰ
773 739 1055 821 δίπτυρχα.
1100 742 1197 800 Καὶ
1227 741 1560 822 νιψαμὲνων,
1594 745 1621 798 6
1661 743 1942 824 ἱεράρχῃς,

283 831 458 907 μέσον
508 830 816 907 ἱστάμενος,
852 829 967 909 ἔχει
1015 831 1457 907 περιισταμένους
1517 832 1782 896 κάκείνους
1825 835 1946 898 τους

283 929 397 979 τῶν
444 921 762 1001 λειτουργῶν
813 919 1102 997 ἐκκρίτους,
1140 923 1226 978 καὶ
1280 923 1544 1002 ὑμνήσας,
1572 924 1835 1001 ἱερουργεῖ
1885 923 1950 979 τὰ

282 1015 563 1094 θειότατα,
599 1013 685 1070 καὶ
727 1009 816 1067 ὑπ’
847 1009 969 1087 ὄψιν
1022 1009 1140 1089 ἄγει
1185 1013 1251 1068 τὰ
1292 1013 1592 1088 ὑμνημένα,
1623 1013 1944 1091 σαφηνίζων,

272 1105 353 1167 ὡς
412 1109 646 1180 Χριστοῦ
695 1103 793 1158 εἰσι
841 1102 907 1157 τὰ
961 1108 1182 1158 τοιαῦτα
1224 1099 1486 1178 σύμϐολα·
1544 1103 1625 1160 ὅτι
1687 1104 1823 1180 μετὰ
1886 1106 1948 1159 τὸ

275 1193 508 1250 δεῖπνον
563 1190 741 1249 λαϐὼν
800 1187 982 1272 ἄρτον,
1041 1193 1129 1250 καὶ
1184 1193 1250 1250 τὰ
1309 1190 1430 1260 ἑξῆς
1489 1195 1577 1250 καὶ
1637 1192 1720 1251 ὅτι
1785 1201 1950 1252 Τοῦτο

274 1297 497 1341 ποιεῖτε
549 1285 622 1348 εἰς
689 1284 790 1351 τὴν
845 1284 982 1358 ἐμὴν
1048 1283 1369 1359 ἀνάμνησιν,
1435 1274 1794 1341 ιΥποδείκνυσι
1865 1283 1944 1368 δὲ,

277 1373 452 1452 ἤγουν
513 1372 712 1450 ἀνυψοτ
769 1378 915 1448 τότε,
953 1372 1482 1449 ἆποκαλυπτομένων
1513 1381 1618 1431 τῶν
1675 1379 1949 1454 παναγίων

279 1462 471 1544 δώρων
519 1465 656 1541 μετὰ
699 1465 794 1529 τὰς
849 1465 1041 1546 εὺχὰς,
1093 1466 1361 1539 μενόντων
1423 1462 1476 1520 δὲ
1534 1464 1950 1541 κεκαλυμμὲνων

279 1555 386 1618 ἓως
420 1563 611 1632 καιροῦ
655 1553 1044 1631 μεταλὴψεως,
1095 1555 1241 1610 Μετὰ
1271 1561 1435 1612 ταῦτα
1486 1555 1642 1618 αὒτός
1674 1577 1731 1612 τε
1779 1577 1949 1630 μετα-

2034 564 2679 645 precationem,pacem
2712 578 3091 647 apprecatur,
3126 570 3380 634 dicendo
3409 575 3681 639 scilicet:

2033 651 2172 714 Pax
2202 656 2526 736 omnibus;
2578 655 2844 737 dumque
2876 657 3036 720 illico
3069 677 3132 720 se
3177 663 3456 736 salutant,
3491 683 3683 727 sacrae

2031 743 2244 805 tabulas
2276 744 2704 807 recitantur.Et
2736 757 3046 829 postquam
3071 750 3174 812 loti
3197 753 3684 825 sunt,hierarcba
3738 821 3744 828 _

2032 841 2196 896 stans
2222 835 2280 896 in
2319 835 2515 897 medio
2560 836 2820 899 selectos
2849 837 2986 900 illos
3033 839 3319 902 diaconos
3349 842 3463 904 sibi
3499 845 3683 908 habet

2031 925 2751 1008 assistentes,hymnoque
2771 927 2928 989 dicto
2953 928 3681 996 divinissiina205conse-

2033 1023 2631 1097 cratsacramenta,et
2649 1015 2761 1078 sub
2776 1025 3081 1098 aspectum
3102 1019 3265 1083 ducit
3289 1039 3356 1083 ea
3381 1040 3514 1102 qua;
3529 1027 3686 1085 cele«

2033 1102 2202 1167 brata
2224 1115 2386 1182 sunt,
2446 1106 2760 1168 declarans
2820 1125 2890 1168 ea
2938 1109 3156 1172 Christi
3205 1128 3338 1173 esse
3389 1113 3679 1194 symbola,

2033 1195 2310 1276 quoniam
2361 1204 2493 1276 post
2540 1215 2771 1258 coenam
2830 1208 3076 1278 accepto
3131 1219 3292 1281 pane
3322 1221 3376 1284 r,
3441 1212 3500 1266 et
3553 1221 3685 1285 qua:

2033 1294 2386 1366 sequuntur.
2423 1288 2570 1349 Item
2609 1306 2622 1350 :
2676 1287 2809 1350 Hoc
2865 1291 3046 1366 facite
3107 1293 3175 1353 in
3221 1309 3416 1355 meam
3447 1311 3682 1357 comma

2032 1379 2428 1439 morationem
2453 1383 2499 1438 (Ι.
2531 1376 2805 1440 Ostendit
2832 1389 3055 1455 autem,
3092 1380 3150 1442 id
3185 1389 3297 1456 est,
3333 1391 3473 1446 tunc
3506 1383 3681 1446 dete-

2033 1473 2128 1528 cta
2159 1476 2367 1529 sancta
2430 1468 2582 1529 dona
2645 1475 2776 1548 post
2839 1488 3048 1550 preces
3078 1472 3294 1534 attollit
3323 1491 3429 1535 seu
3461 1473 3677 1550 elevat,

2036 1555 2110 1618 de
2125 1565 2339 1619 caetero
2360 1565 2511 1620 tecta
2544 1569 2784 1621 manent
2813 1579 3000 1638 usque
3032 1561 3106 1624 ad
3133 1570 3367 1642 tempus
3389 1565 3681 1646 sumptio-

280 1643 576 1724 λαμϐάνει,
611 1647 697 1702 καὶ
750 1648 869 1709 τοὺς
900 1643 1091 1710 ἄλλους
1141 1644 1516 1723 προτρέπεται.
1555 1646 1854 1724 Μετασχὼν
1898 1644 1940 1701 δέ

2036 1647 2153 1711 nis.
2190 1646 2420 1709 Exinde
2461 1649 2857 1711 communicat
2918 1650 3068 1730 ipse,
3122 1651 3391 1733 aliosque
3445 1643 3675 1716 invitat.

278 1737 373 1792 καὶ
431 1734 719 1811 μεταδοὺς,
755 1737 828 1800 εἰς
877 1735 1222 1814 εὐχαριστίαν
1269 1733 1586 1812 καταλήγει,
1625 1737 1719 1793 Καὶ
1762 1735 1940 1791 πολλὰ

2037 1737 2298 1817 Accepta
2340 1738 2596 1818 denique
2629 1739 2885 1817 dataque
2910 1741 3430 1822 communione,in
3461 1746 3681 1822 gratia-

280 1825 388 1899 μὲν
431 1825 507 1888 εἰς
539 1825 678 1900 μόνα
708 1826 772 1882 τὰ
814 1829 935 1882 θεῖα
988 1827 1386 1902 παρακύπτουσι
1443 1824 1703 1901 σύμϐολα,
1735 1826 1827 1882 ὁίτε
1879 1825 1940 1900 μθ

2039 1849 2168 1892 rum
2184 1830 2479 1892 actionem
2496 1831 3019 1913 desinit.Cumque
3045 1834 3311 1915 plerique
3325 1835 3523 1898 divina
3544 1845 3680 1898 tan-

279 1911 567 1989 δυνάμενοι
621 1914 952 1994 ὑψηλότερόν
983 1938 1032 1972 τι
1093 1915 1365 1984 ἐννοῆσαι·
1401 1918 1555 1980 αὐτὸς
1600 1913 1654 1971 δὲ
1688 1918 1714 1972 6
1771 1917 1940 1994 ίεράρ-

2039 1929 2158 1982 tum
2193 1921 2455 2000 symbola
2476 1930 2892 1997 contueantur,
2919 1911 2993 1984 eo
3015 1911 3174 2000 quod
3198 1911 3514 1986 sublimius
3535 1927 3680 2002 quid

277 2027 398 2083 χης
433 2006 567 2081 πρός
611 2006 794 2061 ἐκεῖνα
837 2007 903 2062 τὰ
958 2007 1281 2082 πρωτότυπα
1339 2008 1464 2062 αὖτὸ
1517 2007 1577 2062 τὸ
1623 2013 1714 2064 τοῦ
1766 2007 1952 2084 Κυρίου

276 2095 462 2168 τίμιον
496 2101 653 2171 σῶμα
686 2097 773 2152 καὶ
824 2100 988 2175 αἷμα,
1025 2095 1298 2175 ἀνάγεται,
1334 2097 1622 2171 πιστεύων,
1657 2096 1736 2152 ὅτι
1771 2098 1857 2152 καὶ
1887 2098 1950 2151 τὰ

276 2184 614 2263 προκείμενα
670 2187 744 2249 εἰς
805 2185 988 2243 ἐκεῖνα
1043 2183 1448 2261 μετεϐλήθησαν
1519 2193 1594 2261 τῷ
1659 2187 1793 2265 ἁγίῳ
1861 2187 1951 2242 καὶ

276 2283 602 2354 παντουργῷ
646 2276 940 2352 Πνεύματι.

938 2393 1026 2445 III.
1068 2385 1296 2462 Θεωρία.

362 2486 394 2566 §
453 2496 499 2548 Ι.
535 2488 660 2547 Ἐπί
718 2489 818 2556 τὴ)
859 2488 1081 2565 θεωρίαν
1139 2486 1241 2555 ἤδη
1277 2485 1609 2564 μεταϐαίνων
1652 2496 1756 2546 τῶν
1811 2491 1947 2547 κατὰ

278 2576 498 2642 σύναξιν
548 2577 905 2659 τελουμένων,
941 2578 1070 2656 ὅπερ
1101 2578 1188 2634 ἐπὶ
1239 2586 1330 2634 τοῦ
1361 2581 1652 2657 μυστηρίου
1685 2591 1775 2640 τοῦ
1827 2605 1947 2662 φω-

279 2667 546 2741 τίσματος
602 2670 888 2746 πεποίηκε,
923 2670 1010 2725 καὶ
1063 2669 1184 2732 τοὺς
1217 2668 1564 2731 ἀτελειώτους
1612 2669 1686 2725 ἔτι
1731 2671 1947 2750 ἐψυχα-

281 2757 458 2836 γώγει
488 2756 572 2813 διὰ
601 2763 700 2825 τῆς
732 2760 988 2824 αἰσθητῆς
1016 2765 1119 2814 τῶν
1167 2756 1451 2832 συμϐόλων
1487 2759 1774 2824 ποικιλίας·
1811 2761 1949 2819 οὕτω

276 2848 374 2903 καὶ
417 2847 638 2904 ἐνταῦθα
667 2860 815 2904 ποιεῖ
866 2849 938 2912 εἰς
971 2849 1325 2927 ψυχαγωγίαν
1377 2854 1482 2905 τῶν
1515 2848 1590 2905 ἔτι
1637 2849 1948 2926 τελειουμέ-

278 2960 392 2993 νων
447 2939 533 2994 καὶ
563 2937 622 2994 οὗ
654 2937 759 2994 τῶν
811 2935 1026 2993 τελείων
1057 2937 1395 3016 ὲναῆμόνιον,
1430 2937 1676 3005 δηλονότι
1738 2941 1946 3016 προσή-

277 3048 485 3086 κουσαν
513 3033 581 3104 τῇ
610 3026 824 3102 δυνάμει
876 3033 974 3094 τῆς
1021 3030 1197 3084 αὐτῶν
1227 3026 1406 3094 ἕξεως.
1472 3029 1746 3087 Ποικιλίαν
1777 3030 1829 3086 δὲ
1860 3033 1946 3088 καὶ

279 3118 528 3174 σύνθεσιν
588 3115 674 3174 διὰ
737 3115 1016 3194 συμϐόλων
1073 3117 1240 3196 λέγει.
1293 3118 1442 3176 Ἐπεὶ
1508 3123 1606 3199 γὰρ
1665 3122 1699 3189 ἡ
1756 3121 1946 3200 Θεωρία

2035 2012 2424 2073 considerare
2444 2008 2905 2094 n'equeant;ipse
2930 2019 3128 2075 tamen
3154 2013 3474 2077 hierarcha
3497 2017 3569 2077 ad
3597 2017 3680 2096 ip-

2033 2109 2579 2183 sametprototypa.
2621 2121 2856 2164 sacrum
2886 2102 3163 2165 videlicet
3185 2123 3401 2183 corpus
3437 2124 3505 2167 ac
3536 2124 3676 2168 san-

1974 2191 1979 2194 ’
2035 2181 2274 2260 guinem
2304 2181 2563 2258 Domini,
2587 2181 3320 2265 adducitur,credens,res
3344 2187 3678 2267 propositas

2033 2275 2095 2335 in
2128 2275 2236 2337 illa
2263 2283 2467 2338 sancto
2497 2295 2566 2338 ac
2591 2275 2870 2347 omnilico
2898 2276 3125 2357 Spiritu
3157 2285 3378 2339 mutata
3399 2296 3554 2341 esse.

2531 2383 2632 2448 Ill.
2669 2384 3166 2462 Comtemplatio.

2113 2491 2140 2571 §
2171 2489 2314 2553 l.Ad
2345 2489 2912 2569 contemplationem
2945 2490 3122 2551 modo
3149 2496 3443 2553 transiens
3464 2510 3677 2555 eorum

2035 2599 2165 2662 quin
2192 2582 2247 2640 in
2275 2579 2985 2660 synaxicelebrantur,uti
3003 2578 3062 2640 in
3087 2578 3457 2658 baptismatis
3481 2599 3679 2644 sacra-

2034 2678 2234 2731 mento
2259 2670 2534 2732 rudiores
2551 2669 2744 2730 adhuc
2772 2669 3003 2730 animas
3033 2687 3141 2749 per
3161 2670 3444 2731 sensilem
3468 2670 3674 2750 signo-

2033 2778 2165 2821 rum
2198 2760 2541 2821 varietatem
2565 2759 2838 2833 instituit,
2858 2758 2942 2819 sic
2969 2767 3029 2819 et
3050 2758 3170 2839 hic,
3199 2760 3269 2819 ad
3296 2760 3673 2824 commodam

2034 2869 2238 2912 eorum
2272 2850 2367 2930 qui
2399 2850 2593 2910 adhuc
2625 2847 3017 2929 perficiuntur
3041 2856 3097 2910 et
3131 2848 3386 2911 necdum
3429 2851 3674 2931 perfecti

2032 2951 2169 3002 sunt
2216 2940 2702 3011 instructionem,
2751 2937 3028 2999 similiter
3058 2939 3220 3021 facit,
3269 2939 3326 2999 id
3358 2949 3449 3001 est
3474 2941 3675 3002 virtuti

2033 3030 2270 3094 habitus
2296 3031 2558 3111 ipsorum
2595 3027 3322 3090 convenientem.Variam
3355 3037 3553 3092 autem
3579 3048 3676 3092 vo-

2031 3133 2124 3182 cat
2155 3130 2211 3182 et
2242 3120 2654 3200 compositam,
2691 3127 2934 3198 propter
2966 3117 3256 3198 symbola.
3319 3116 3466 3181 Cum
3512 3121 3672 3181 enim

276 3206 434 3275 ἁπ).ἦ
488 3208 576 3265 καὶ
635 3209 825 3284 ἒνιαία²
871 3208 1089 3271 εἰκότως
1147 3209 1212 3264 τὰ
1271 3209 1510 3286 σύμϐολα
1569 3209 1806 3267 ποικιλία
1855 3212 1940 3267 καὶ

2029 3211 2450 3290 contemplatio
2471 3208 2722 3289 simplex
2754 3209 2827 3270 sit
2848 3219 2905 3269 et
2927 3209 3238 3289 unimoda,
3267 3211 3478 3271 merito
3510 3228 3674 3291 sym-

278 3299 548 3362 σύνθεσις·
613 3301 661 3355 οἱ
726 3298 826 3376 γὰρ
898 3311 1015 3362 τοῖς
1083 3296 1372 3373 συμϐόλοις
1431 3300 1788 3381 προσέχοντες
1849 3301 1943 3358 οὒκ

278 3387 476 3467 ἔχουσι
507 3388 604 3457 τὴν
637 3389 836 3445 ἑνιαίαν
865 3391 952 3446 καὶ
1002 3387 1178 3457 ἁπλῆν
1213 3393 1429 3467 γνῶσιψ
1464 3388 1585 3450 ἀλλ’
1614 3389 1793 3455 ἄλλως
1837 3389 1940 3447 ἅλ-

275 3476 376 3540 λος
408 3478 620 3557 ἀνάγει,
654 3477 832 3544 ἄλλως
876 3477 1045 3544 ἄλλος
1080 3480 1143 3535 τὰ
1176 3484 1274 3545 τῆς
1305 3479 1631 3557 ἀλληγορίας
1663 3479 1831 3556 λέγει,
1866 3483 1938 3544 ὡς

277 3566 558 3645 βούλεται,
595 3570 706 3625 Εἰσὶ
736 3565 782 3623 δ’
825 3567 1042 3643 οἵτινες,
1077 3571 1165 3626 καὶ
1189 3574 1307 3633 τοὶς
1340 3567 1625 3644 συμϐόλοις
1654 3569 1936 3626 ἐναπολει-

270 3657 516 3738 φθέντες·
544 3653 660 3714 καθ’
693 3657 879 3722 αὕτὰς⁹
924 3656 1235 3739 ἐκδέχονται
1293 3659 1357 3714 τὰ
1405 3659 1534 3736 υπέρ
1576 3662 1787 3739 αὐτοὺς,
1849 3661 1936 3717 καὶ

270 3747 487 3824 ψευδῶς
515 3749 816 3805 ὑπονοοῦσιο
855 3751 973 3804 καθ’
1011 3750 1037 3804 ὃ
1068 3749 1133 3816 δὴ
1167 3747 1353 3824 ψεῦδος
1386 3751 1476 3805 καὶ
1517 3752 1814 3825 μερίζονται
1850 3751 1935 3807 καὶ

268 3837 666 3896 ποικίλλονται.
704 3837 956 3896 Ἐνταῦθα
1018 3846 1140 3917 γοῦν
1174 3861 1333 3917 φησιν
1383 3841 1410 3894 6
1460 3838 1663 3916 Πατήρ·
1702 3831 1791 3906 Ὠς
1827 3839 1933 3899 οὔδ’

268 3928 412 3996 αὑτὴ
442 3929 479 3988 ἡ
516 3927 736 3995 ποικίλη
768 3927 850 3985 διὰ
900 3926 1183 4005 συμϐόλων
1214 3930 1448 3993 σύνθεσις
1482 3929 1706 3996 ἀνόητος
1761 3931 1934 4010 ὑπάρ-

269 4040 369 4100 χει
402 4032 523 4083 τοῖς
575 4019 939 4100 τελοδμὲνοις,
978 4022 1064 4075 καὶ
1091 4019 1254 4099 μέχρι
1285 4027 1391 4075 τῶν
1450 4021 1713 4087 αἰσθητῶν
1745 4043 1934 4101 φαινο-

272 4109 416 4185 μένη
447 4109 634 4174 μόνον·
683 4112 738 4165 αἱ
768 4111 868 4189 γὰρ
899 4110 1219 4188 ἀναγνώσεις
1279 4116 1383 4165 τῶν
1415 4109 1632 4189 λογίων,
1669 4110 1799 4168 ὅπου
1849 4115 1935 4169 καὶ

272 4199 570 4279 ἀναγωγὴν
617 4199 712 4258 οὒκ
742 4200 924 4279 εἶχον,
964 4197 1302 4256 διδασκαλίαν
1359 4199 1603 4283 ἐναρέτου
1633 4207 1760 4272 ζοῆς
1790 4204 1934 4283 ὕφη-

273 4296 498 4367 γοῦνται
544 4291 631 4347 καὶ
681 4289 1036 4369 ἀποκάθαρσιν
1067 4294 1165 4357 τῆς
1216 4291 1426 4354 κακίας.
1468 4282 1529 4347 Ἠ
1557 4290 1610 4346 δὲ
1665 4293 1817 4360 κοινὴ
1838 4282 1936 4349 καὶ

270 4381 386 4436 ἀπὸ
428 4390 523 4440 τοῦ
589 4379 746 4439 αὐτοῦ
809 4378 966 4459 ἄρτου
1024 4381 1110 4436 καὶ
1156 4381 1410 4457 ποτηρίου
1455 4379 1733 4456 μετάδοσις
1794 4385 1933 4459 ὁμο-

265 4470 496 4550 τροπίαν
555 4473 851 4546 νομοθετεϊ’
895 4472 956 4526 τὸ
1012 4470 1113 4549 γὰρ
1171 4468 1470 4546 ὁμοδίαιτον
1502 4473 1588 4527 καὶ
1634 4472 1932 4550 ὁμότροπον

2026 3301 2163 3364 bola
2194 3303 2444 3362 varietas
2471 3307 2612 3361 sunt
2642 3306 2701 3362 et
2744 3299 3096 3379 compositio
3129 3319 3141 3360 :
3182 3299 3283 3380 qui
3313 3298 3473 3361 enim
3506 3319 3671 3380 sym-

2026 3391 2178 3453 bolis
2207 3391 2541 3465 intendunt,
2579 3409 2699 3451 non
2724 3389 2949 3451 habent
2984 3395 3210 3450 unitam
3246 3397 3304 3450 et
3331 3388 3669 3470 simplicem

2023 3481 2453 3560 cognitionem,
2487 3481 2592 3543 sed
2622 3480 2774 3542 alius
2791 3480 2976 3540 aliter
3004 3479 3270 3553 adducit,
3307 3487 3483 3559 atque
3513 3479 3670 3541 alius

2021 3573 2194 3634 aliter
2214 3572 2530 3651 allegorias
2563 3572 2761 3637 tradit,
2829 3578 3004 3652 prout
3033 3569 3180 3631 vult.
3217 3567 3498 3640 Quinimo
3526 3578 3672 3632 sunt

2023 3661 2426 3742 nonnulli,qui
2459 3659 2741 3742 symbolis
2770 3661 3163 3732 inhaerentes,
3199 3657 3529 3719 secundum
3565 3658 3670 3720 illa

2018 3752 2323 3833 accipiunt
2353 3770 2422 3812 ea
2451 3769 2583 3832 quae
2604 3768 2784 3831 supra
2826 3751 2953 3829 ipsa
2987 3757 3146 3829 sunt,
3207 3757 3264 3809 et
3295 3747 3506 3809 falsum
3531 3749 3666 3829 opi-

2021 3853 2271 3917 nantur;
2302 3841 2632 3904 secundum
2661 3859 2836 3921 quam
2855 3839 3172 3901 falsitatem
3197 3843 3374 3899 etiam
3403 3839 3670 3900 dividun-

2009 3938 2115 3995 .tur
2141 3941 2199 3995 et
2225 3931 2714 4012 multiplicantur.
2749 3930 2857 3992 Hic
2884 3931 3082 4011 itaque
3115 3929 3291 3990 Pater
3311 3929 3427 3991 ait:
3463 3926 3548 3990 Ne
3569 3929 3667 3990 di-

2021 4041 2188 4084 versa
2207 4022 2310 4084 illa
2337 4021 2740 4102 symbolarum
2768 4020 3127 4102 compositio
3159 4019 3415 4099 insipida
3448 4019 3668 4081 existat

2018 4112 2094 4174 iis
2118 4113 2219 4194 qui
2242 4113 2573 4181 initiantur,
2607 4112 2656 4172 si
2682 4130 2886 4173 rerum
2921 4111 3237 4173 sensilium
3267 4117 3498 4170 tantum
3531 4128 3664 4171 esse

2017 4204 2290 4266 videatur
2326 4225 2339 4268 :
2400 4204 2849 4284 Scripturarum
2884 4201 3044 4264 enim
3079 4201 3364 4263 lectiones
3395 4208 3458 4260 ut
3484 4200 3660 4262 etiam

2019 4314 2322 4376 anagogen
2356 4313 2474 4355 non
2507 4293 2828 4364 haberent,
2865 4293 3066 4373 probas
3097 4300 3294 4351 tamen
3323 4289 3456 4350 vitae
3486 4288 3665 4351 disci-

2019 4387 2240 4467 plinam
2266 4395 2324 4448 et
2356 4384 2658 4467 pravitatis
2682 4385 2936 4467 in_nuunt
2958 4380 3636 4467 expiationemﬁommu
3653 4417 3668 4431 -

2017 4459 2112 4528 his
2142 4459 2549 4528 autem'unius
2579 4465 2972 4545 ejusdemque
2999 4459 3169 4542 panis
3199 4479 3268 4522 ac
3299 4459 3502 4522 calicis
3527 4478 3661 4541 par-

263 4563 357 4618 καὶ
393 4560 472 4616 ἔτι
527 4561 602 4623 εἰς
633 4563 857 4637 μνήμην
891 4559 1009 4640 ἄγει
1058 4560 1145 4616 νοῦ
1192 4570 1456 4638 Κυριακοῦ
1497 4559 1728 4641 δείπνου,
1761 4564 1788 4618 ὃ
1843 4563 1930 4619 καὶ

2027 4556 2280 4638 ticipatio
2316 4573 2546 4616 morum
2608 4553 3084 4652 conformitatem
3148 4549 3461 4652 praecipit:
3522 4569 3660 4652 nam

261 4647 672 4732 ἀρχισύμϐολον
723 4649 890 4730 λέγει,
927 4639 1083 4708 οἷονεί
1134 4650 1603 4732 ἀρχικοινωνικόν.
1656 4639 1928 4728 Σύμϐολον

2027 4647 2191 4708 etiam
2221 4646 2548 4707 Dominicaa
2577 4663 2762 4706 coenae
2797 4641 3132 4704 convivium
3164 4660 3234 4705 ac
3260 4639 3656 4703 conformita-

257 4745 365 4821 γὰρ
419 4743 446 4797 6
483 4740 691 4821 ἔρανος,
725 4743 814 4798 καὶ
877 4743 905 4798 6
959 4741 1195 4798 ἐντεῦθεν
1253 4743 1430 4806 κοινὸς
1489 4743 1931 4818 οἰκονομούμενος

258 4829 488 4889 δεῖπνον
542 4831 778 4910 λέγεται“
840 4829 895 4897 ἒξ
954 4833 1016 4887 οὗ
1070 4832 1157 4888 καὶ
1209 4831 1469 4907 σύμϐολον
1530 4835 1590 4888 τὸ
1633 4830 1929 4915 διδόμενοι,

259 4924 350 4979 καὶ
415 4919 720 4996 ἆσὸμϐολος
779 4923 806 4977 6
877 4919 1169 4991 ἆσυντελής
1228 4921 1342 4978 καθ’
1404 4921 1431 4978 ὃ
1483 4924 1568 4978 καὶ
1629 4924 1782 4986 αὐτὸς
1828 4926 1931 4978 τῶν

260 5009 553 5088 συμϐόλων
589 5008 910 5089 δημιουργὸς
1044 5007 1248 5078 δηλαδὴ
1295 5010 1392 5078 τῆς
1424 5013 1723 5092 κοινωνίας,
1759 5010 1794 5080 ἢ
1826 5018 1932 5069 τῶν

261 5098 727 5176 συμϐαλλομένων
758 5103 833 5166 εἰς
862 5102 923 5157 τὸ
956 5101 1151 5156 κοινόν·
1204 5098 1310 5158 εἴτι
1337 5103 1436 5180 γὰρ
1482 5100 1542 5157 ἂν
1574 5101 1665 5169 εἰή
1697 5103 1757 5158 τὸ
1788 5124 1930 5178 συμ-

261 5189 629 5270 ϐαλλόμενον,
661 5193 796 5247 Θεοῦ
851 5189 963 5248 ἐστι
996 5187 1428 5270 δημιούργημα·)
1487 5190 1795 5270 ἀποκληροῖ
1841 5195 1928 5250 καὶ

259 5278 675 5339 ἀποδιαστέλλει
722 5279 1034 5337 δικαιότατα
1091 5281 1182 5337 τὸν
1242 5283 1345 5360 οὐχ
1395 5282 1552 5346 ὁσίως
1605 5280 1924 5355 συνδειπνή-

258 5393 433 5429 σαντα
483 5368 705 5432 Ἰούδαν,
742 5371 837 5428 Καὶ
884 5373 1026 5443 αὒτῷ
1070 5370 1167 5450 γὰρ
1213 5379 1304 5427 τοῦ
1333 5377 1588 5446 μυστικοῦ
1644 5371 1800 5450 ἄρτου
1837 5374 1925 5431 καί

2017 4744 2136 4800 tem
2170 4737 2230 4798 in
2250 4737 2598 4798 memoriam
2623 4733 3058 4815 reducit,quam
3082 4731 3662 4811 etarchisymbolam

2018 4835 2205 4904 vocat,
2241 4826 2410 4910 quasi
2429 4825 2704 4906 primitus
2749 4823 3278 4886 communicatam.
3312 4820 3658 4902 Symbolum

2014 4918 2177 4982 enim
2229 4917 2560 4979 convivium
2613 4917 2856 4990 dicitur,
2894 4922 2952 4975 et
3004 4931 3195 4988 caena,
3232 4911 3509 4993 quodque
3540 4911 3664 4983 illic

2014 5009 2075 5070 in
2101 5026 2418 5070 commune
2448 5006 2772 5078 confertur,
2813 5004 2972 5065 unde
2999 5003 3175 5064 etiam
3210 5001 3541 5082 symbolum
3576 5012 3666 5065 est

2013 5099 2073 5161 id
2110 5096 2264 5178 quod
2298 5098 2494 5174 datur,
2527 5105 2583 5157 et
2614 5094 2956 5175 asymbolus
2987 5094 3127 5154 204
3153 5101 3243 5153 est
3276 5093 3660 5172 imperfectus

2012 5209 2118 5251 seu
2153 5185 2757 5268 inutilis;juxtaquod
2777 5185 2950 5246 etiam
2980 5185 3232 5264 ipsemet
3251 5181 3659 5262 symbolorum

2011 5287 2217 5341 auctor
2245 5277 2394 5354 (sive
2417 5275 2858 5337 communionis
2882 5272 3262 5344 scilicet,sive
3287 5287 3494 5332 eorum
3526 5289 3659 5353 quae

2007 5376 2067 5432 in
2102 5385 2421 5431 commune
2444 5366 2869 5444 conferuntur;
2901 5362 3192 5444 quidquid
3217 5359 3376 5423 enim
3406 5358 3466 5421 in
3485 5380 3659 5424 com-

255 5463 356 5519 τοῦ
408 5461 668 5539 ποτηρίου
721 5459 982 5537 μεταδοὺς
1031 5460 1095 5515 τὰ
1139 5449 1400 5538 μυστήρια
1434 5463 1617 5538 μόνοις
1661 5449 1778 5528 τοῖς
1812 5487 1922 5540 μα-

2027 5477 2191 5522 nune
2210 5455 2654 5528 confertur,Dei
2680 5463 2955 5520 creatura
2980 5453 3233 5532 est)jore
3264 5449 3646 5512 meritissimo

252 5555 478 5632 θηταῖς,
515 5552 653 5628 μετὰ
683 5552 743 5608 τὸ
799 5549 1031 5617 ἓξελθεῖν
1061 5551 1270 5608 ὶκεϊνον
1301 5551 1361 5609 ἐκ
1389 5559 1481 5611 τοῦ
1511 5550 1742 5635 δείπνου,
1775 5577 1917 5635 παρ-

2027 5556 2304 5614 exsortem
2341 5546 2480 5611 facit
2507 5554 2565 5609 et
2615 5545 2874 5610 excludit
2903 5543 3140 5624 ludam,
3175 5540 3274 5622 qui
3306 5558 3426 5603 non
3451 5549 3657 5606 sancte

362 5725 392 5771 P
420 5714 574 5781 Luc.
609 5725 761 5792 XXII,
808 5710 909 5776 19.
977 5707 1179 5776 ίιίὺίἀ.
1240 5717 1252 5734 ⁸
1287 5714 1422 5781 ἴσως
1465 5715 1586 5773 κατ’
1619 5719 1772 5778 αὐτά.
