4042 6428
387 318 502 384 455

1561 318 1619 384 S.
1675 320 2011 384 DIONYSII
2054 319 2566 387 AREOPAGIT/E

3649 323 3770 394 456

383 451 1067 533 cmuamfrequentabat.
1096 456 1243 517 Cum
1259 454 1420 517 enim
1444 455 1555 536 ipsi
1581 453 1895 536 mysticum
1927 473 2032 536 pa-

2124 455 2335 532 έδωκεν,
2371 460 2448 519 ὡς
2495 457 2702 525 ἀναξίου
2743 461 2928 518 τούτον
2979 461 3127 528 ὄντος
3169 465 3261 520 τοῦ
3320 462 3509 526 Ἰούδα.
3568 465 3667 522 Δια
3723 466 3778 522 τί

385 563 522 605 nem
554 544 925 624 calicemque
975 544 1336 625 tradidisset,
1373 545 1648 626 mysteria
1678 543 1821 606 solis
1849 544 2038 606 disci-

387 632 544 715 pulis
586 632 852 708 tradidit,
888 642 1197 714 postquam
1225 633 1426 708 ludas,
1465 636 1621 714 quod
1654 634 1724 694 iis
1757 633 2040 712 indignus

385 733 567 795 esset,
603 741 637 784 a
686 741 854 784 caena
883 721 1263 785 surrexisset.
1329 724 1546 802 thuid
1579 724 1777 805 itaque
1821 722 2036 786 Judam

385 823 682 877 exsortem
705 813 842 875 facit
871 811 1206 875 divinorum
1229 815 1813 895 mysteriorum,cum
1839 822 2038 875 tamen

384 922 505 967 una
535 902 824 966 ccenarit?
853 900 921 966 Ut
958 903 1317 974 ostenderet,
1351 921 1472 966 non
1497 903 1644 965 satis
1663 921 1797 965 esse
1827 920 2038 982 corpo-

379 994 590 1058 raliter
619 1001 842 1055 tantum
875 993 1088 1056 adesse
1119 1013 1188 1056 ac
1238 1013 1593 1058 concmnare
1625 999 1841 1075 (neque
1872 993 2033 1054 enim

384 1084 497 1147 hoc
517 1083 766 1164 perinde
790 1093 880 1146 est
903 1083 972 1144 ad
1001 1085 1543 1162 communionem),
1573 1085 1678 1146 sed
1705 1082 2034 1145 secundum

385 1181 645 1236 mentem
664 1173 880 1235 adesse
903 1179 1161 1254 oportet.
1187 1173 1476 1247 Quoniam
1511 1175 1634 1256 illa,
1662 1192 1794 1256 qua:
1817 1191 2040 1234 secun-

379 1265 521 1325 dum
576 1264 840 1326 habitum
874 1263 1046 1341 quasi
1079 1284 1149 1326 ex
1181 1265 1433 1327 scientia
1492 1265 1554 1327 ﬁt
1583 1263 1871 1338 acuessio,
1908 1279 2045 1325 vera

382 1365 498 1435 est,
526 1354 587 1416 id
614 1364 702 1416 est
726 1363 792 1416 ut
814 1353 948 1435 quis
977 1357 1180 1416 animo
1207 1355 1294 1416 sic
1319 1356 1682 1418 constitutus
1714 1354 1814 1427 sit,
1842 1364 1905 1415 ut
1939 1371 2046 1434 per

2121 548 2292 604 τοίνυν
2352 550 2444 604 τὸν
2475 547 2674 606 Ἰούδαν
2731 549 3038 629 ἀποπληροῖ
3080 557 3186 608 τῶν
3233 555 3382 611 θείων
3443 555 3778 634 μυστηρίων,

2121 638 2292 693 καίτοι
2325 659 2385 715 γε
2431 636 2931 721 συνδειπνήσαντα,
2978 638 3197 704 Πέντως
3231 640 3518 724 διδάσκων,
3570 647 3641 710 ὡς
3685 649 3785 704 οὒκ

2123 725 2375 806 αὔταρκες
2432 729 2492 784 τὸ
2543 731 2867 802 σωματικῶς
2900 730 3061 806 μόνον
3095 747 3453 811 συμπαρεῖναι
3498 735 3588 791 καί
3650 757 3784 791 συν-

2122 813 2382 893 δειπνεῖν,
2427 816 2570 894 (οῦδὲ
2630 819 2730 897 γάρ
2786 819 2898 877 ἐστι
2949 830 3102 879 τοῦτο
3158 824 3289 900 πρὸς
3342 823 3442 890 τὴν
3501 823 3790 880 κοινωνίαν

2120 906 2353 986 ὃμοιον,)
2411 905 2546 965 ἀλλὰ
2585 909 2646 963 τὸ
2690 909 2826 965 κατὰ
2877 907 3115 966 διάνοιαν
3147 923 3382 967 συνεῖναι
3430 915 3462 980 ἡ
3509 913 3609 991 γὰρ
3663 910 3790 970 καθ’

2120 995 2223 1061 ἕξιν
2273 999 2430 1054 οἱονεὶ
2461 998 2580 1054 κατ’
2631 997 2915 1076 ἐπίγνωσιν
2960 999 3166 1068 ἀληθὴς
3215 1000 3584 1081 προπέλευσις,
3617 1025 3785 1059 τουτ-

2120 1086 2230 1143 ἐστι
2281 1089 2340 1142 τὸ
2386 1086 2716 1168 ἐνδιαθὲτως,
2771 1088 2940 1154 οὕτως
2987 1089 3158 1170 ἔχειν,
3197 1092 3286 1147 καὶ
3330 1094 3468 1149 κατᾶ
3510 1092 3612 1160 τὴν
3661 1090 3794 1148 διά-

2125 1197 2274 1232 νοιαν
2315 1174 2399 1231 διὰ
2443 1177 2671 1240 πίστεως
2719 1177 2956 1254 εἰσιέναι,
2991 1185 3057 1247 τῆ
3116 1178 3345 1249 ἀληθινῆ
3377 1182 3627 1255 κοινωνίᾳ
3682 1181 3791 1256 ἐμ·-

2125 1278 2297 1322 ποιεϊ⁶
2346 1265 2476 1343 ὅπερ
2509 1267 2606 1323 οὒκ
2661 1268 2727 1335 ἦν
2779 1268 2900 1324 τότε
2957 1277 3032 1344 τῷ
3085 1267 3248 1343 Ἰούδα
3307 1273 3394 1326 καὶ
3451 1274 3793 1350 συμπαρόντι

2127 1361 2448 1429 σωματικῶς
2480 1358 2568 1412 καὶ
2601 1356 3012 1421 συνδειπνοῦντι.

382 1444 560 1507 tidem
589 1463 657 1506 ex
688 1443 907 1506 aﬂ‘ectu
957 1446 1222 1526 accedat,
1256 1444 1414 1522 quod
1449 1463 1647 1507 veram
1705 1444 1841 1506 iacit
1871 1442 2358 1506 communionem
2397 1463 2412 1518 ;
2448 1445 2607 1527 quod
2650 1445 2857 1527 utique
2883 1448 3056 1510 ludas
3104 1447 3331 1525 deerat,
3369 1449 3607 1511 tametsi
3655 1468 3798 1513 cor-

380 1552 524 1616 pore
555 1551 817 1615 praesens
848 1541 998 1608 erat,
1031 1542 1213 1615 atque
1245 1553 1362 1596 una
1407 1535 1702 1598 manabat.

458 1625 488 1706 §
518 1623 591 1689 ll.
618 1625 910 1687 Caeterum
945 1624 1097 1692 haec,
1124 1633 1189 1684 ut
1219 1624 1365 1704 dixi,
1391 1633 1638 1704 propter
1665 1642 1770 1686 eos
1801 1623 1905 1702 qui
1937 1622 2050 1685 ad-

2402 1623 2565 1659 ’.ιιι
2597 1624 2760 1659 -.ιπ-α·.
2793 1626 2889 1659 ..Συ
2935 1626 3020 1659 ,κη
3081 1629 3150 1659 3.-
3181 1629 3313 1659 σιμ.-.
3373 1628 3655 1659 22:111--..“
3708 1633 3757 1659 ..ρ

2402 1623 2416 1646 ν
2540 1627 2552 1643 ι
2649 1624 2688 1646 1-
2731 1633 2757 1642 ι-
2835 1626 2854 1659 ι
2963 1626 2991 1648 τ
3093 1629 3105 1645 ο
3181 1629 3203 1646 n
3376 1628 3481 1648 ανον
3742 1633 3757 1654 ς

2214 1622 2244 1703 §
2292 1635 2356 1688 ll.
2420 1624 2566 1684 Αλλα
2597 1648 2761 1684 ταυτα
2792 1651 2889 1703 μεν
2934 1650 3046 1708 ουν,
3079 1650 3150 1694 ως
3182 1651 3339 1708 εςρην,
3372 1633 3655 1708 ερρεθησαν
3703 1654 3799 1688 αι-

381 1714 861 1796 bucimperfecti
884 1724 1047 1790 sunt,
1078 1722 1137 1774 et
1159 1713 1302 1775 hinc
1331 1715 1406 1775 ad
1443 1713 1876 1776 sublimitatem
1900 1732 2039 1778 con-

2134 1716 2539 1794 σθητικωτέρως
2596 1715 2682 1774 διὰ
2711 1718 2834 1779 τοὺς
2896 1715 2971 1773 ἔτι
3019 1717 3390 1800 ἀτελειώτους,
3437 1722 3525 1776 καὶ
3581 1721 3664 1793 μὴ
3709 1720 3806 1778 δυο

380 1803 782 1886 templationis
797 1803 1126 1866 ascendere
1143 1823 1260 1865 non
1276 1804 1496 1884 valent,
1521 1803 1869 1865 sensibilius
1891 1803 2039 1865 dicta

2135 1804 2391 1880 ναμένους
2443 1809 2517 1871 εἰς
2554 1809 2614 1863 τὸ
2657 1807 2790 1882 ὕψος
2843 1807 3154 1866 ἀπεντεύθεν
3185 1813 3282 1878 τῆς
3321 1811 3537 1887 θεωρίας
3588 1811 3802 1889 ἀνάγε-

375 1898 516 1970 sint,
550 1896 624 1959 ad
655 1897 1111 1958 convenientem
1138 1897 1408 1978 ipsorum
1441 1895 1663 1957 animis
1689 1895 2044 1957 erudiendis

379 1986 845 2050 institutionem.
873 1989 999 2049 Nos
1020 1995 1216 2048 autem
1242 1985 1320 2048 iis
1347 2003 1480 2066 qum
1513 1981 1633 2064 pra:
1656 1985 1884 2047 foribus
1905 1994 2046 2046 sunt

376 2075 628 2156 relictis,
662 2075 736 2139 ad
770 2078 1089 2158 ipsatnmet
1135 2074 1703 2157 contemplationem
1737 2074 2044 2155 ingredia-

381 2185 536 2241 mur,
569 2166 646 2229 ab
671 2166 904 2230 eﬁ'ectis
932 2166 1004 2228 ad
1030 2185 1262 2246 causas,
1294 2166 1354 2228 id
1387 2177 1500 2242 est,
1528 2165 1604 2227 ab
1636 2165 1709 2227 iis
1733 2185 1871 2245 quae
1900 2165 2041 2227 visi-

381 2255 584 2318 biliter
633 2267 924 2335 geruntur
971 2257 1045 2318 ad
1098 2255 1420 2318 invisibilia
1476 2256 1864 2336 mysticaque,
1913 2275 2046 2338 quae

380 2364 574 2410 causae
600 2354 736 2408 sunt
767 2354 824 2409 et
847 2345 1211 2428 exemplaria
1250 2364 1465 2408 eorum
1493 2364 1625 2426 quae
1655 2344 1767 2408 sub
1799 2364 2041 2408 sensum

375 2435 622 2499 cadunt.
673 2435 858 2498 Porro
890 2437 1142 2499 etl‘ectus
1173 2435 1480 2516 dicuntur,
1518 2453 1589 2496 ea
1636 2454 1770 2517 quae
1797 2435 2042 2498 aliunde

379 2544 624 2590 causam
668 2526 893 2588 habent
925 2534 988 2587 ιιι
1019 2544 1258 2606 quoquo
1292 2525 1468 2587 modo
1519 2525 1661 2589 sint.
1697 2525 1801 2586 Vel
1833 2543 2040 2587 causas

380 2615 529 2678 dicit
576 2633 700 2690 eas,
736 2633 869 2696 quae
898 2614 1340 2696 quodammodo
1391 2614 1463 2676 ad
1497 2614 1774 2676 ultimum
1815 2613 2037 2676 bonum

380 2713 673 2785 spectant,
703 2714 762 2769 et
794 2723 1044 2784 quarum
1071 2703 1260 2783 gratia
1291 2722 1360 2766 ac
1393 2703 1617 2767 intuitu
1654 2704 1763 2766 hos
1793 2704 2041 2766 effectus

380 2794 564 2874 idque
587 2803 832 2876 propter
851 2793 1009 2874 ipsas
1033 2793 1530 2876 perticimus.Sed
1551 2814 1584 2856 o
1600 2793 2042 2856 divinissimum

2131 1899 2248 1953 σθαι
2309 1899 2380 1962 εἰς
2425 1899 2784 1976 ψυχαγωγίαν
2848 1897 3019 1954 αὐτῶν
3064 1901 3149 1955 καὶ
3199 1901 3568 1979 προσήκουσαν
3609 1899 3805 1964 αὗτοϊς

2131 1986 2386 2060 μάθησιν.
2451 1978 2643 2061 Ἠμεϊς
2674 1985 2754 2061 δὲ,
2789 1988 2856 2043 τὰ
2900 1988 3204 2066 προπύλαια
3244 1978 3665 2064 καταλιπόντες,
3702 1990 3800 2047 ἐν-

2129 2077 2220 2138 τὸς
2263 2081 2363 2140 τῆς
2393 2077 2611 2154 θεωρίας
2664 2075 2983 2147 εἰσέλθωμεν
3034 2077 3142 2134 ἀπὸ
3171 2085 3277 2134 τῶν
3324 2080 3576 2136 αἰτιατῶν
3619 2081 3694 2143 εἰς
3725 2082 3798 2138 τά

2129 2163 2303 2239 αἴτια,
2363 2167 2634 2223 τουτέστιν
2665 2165 2770 2223 ἀπὸ
2827 2173 2932 2223 τῶν
2963 2169 3168 2244 ὁρατῶς
3226 2167 3679 2245 τελουμένωνὲπί
3729 2172 3801 2226 τὰ

2127 2254 2327 2333 ἀόρατα
2355 2257 2443 2312 καὶ
2491 2257 2744 2332 μυστικὰ,
2779 2255 2915 2334 ἅπερ
2947 2263 3053 2313 τῶν
3101 2256 3154 2314 ἐν
3195 2259 3431 2329 αἰσθήσει
3479 2258 3632 2317 αἴτιά
3676 2261 3782 2316 εἰσι

2126 2345 2214 2401 καὶ
2265 2344 2565 2424 ἀρχέτυπα.
2601 2345 2820 2402 Αἰτιατά
2848 2343 2903 2401 δὲ
2958 2345 3326 2439 λὲγονταιντά
3384 2347 3635 2428 ἑτέρωθεν
3679 2349 3782 2416 τὴν

2126 2435 2295 2490 αἰτίαν
2351 2434 2445 2492 τοῦ
2476 2436 2720 2492 ὁπωσοῦν
2766 2436 2910 2492 εἶναι
2952 2436 3175 2517 ἔχοντα.
3219 2434 3288 2493 Ἠ
3341 2438 3493 2494 αἴτια
3523 2437 3666 2518 λέγει
3714 2441 3784 2495 τὰ

2125 2526 2317 2582 ὡσανεὶ
2373 2523 2580 2605 τελικὰ,
2641 2527 2728 2583 καὶ
2791 2529 2866 2582 ὧν
2930 2525 3110 2601 ἕνεκα,
3174 2528 3304 2604 πρὸς
3361 2528 3397 2583 ἅ
3451 2528 3780 2608 ἀφορῶντες,

2124 2617 2289 2671 ταῦτα
2321 2613 2386 2682 δὴ
2416 2615 2480 2671 τὰ
2532 2617 2762 2690 αἰτιατα,
2795 2616 2891 2672 καί
2932 2617 2996 2672 τὰ
3029 2616 3183 2673 ἕνεκα
3227 2615 3462 2692 ἐκείνων,
3497 2617 3782 2694 τελοῦμεν,

2123 2702 2278 2761 Ἀλλ’
2322 2703 2368 2759 ὦ
2396 2705 2643 2770 θειοτάτη
2695 2707 2782 2760 καὶ
2811 2704 2921 2782 ἱερά
2976 2706 3174 2772 τεΛετη
3211 2703 3225 2767 Ξ
3289 2708 3364 2768 ὡς
3395 2704 3632 2786 ἐμψύχῳ
3684 2708 3789 2784 γὰρ

2126 2795 2260 2870 αῦτῇ
2315 2791 2640 2870 διαλέγεται·
2702 2795 2790 2850 καὶ
2835 2795 3072 2868 εἰκότως,
3108 2795 3245 2850 καθά
3298 2796 3386 2851 καὶ
3439 2797 3466 2852 6
3524 2793 3780 2872 θεολόγος

381 2903 450 2948 ac
481 2897 927 2948 sacrosanctum
961 2895 1396 2948 sacramentum
1433 2885 1445 2948 !
1482 2886 1677 2966 ipsum
1713 2885 1872 2947 enim
1905 2895 2039 2947 tan-

2126 2883 2295 2962 μέγας
2339 2884 2654 2960 Γρηγόριοςο
2691 2881 2864 2962 Ἀλλ’,
2899 2885 2944 2937 ὠ
2975 2884 3162 2964 πάσχα
3192 2886 3252 2940 τὸ
3297 2883 3436 2962 μέγα
3465 2886 3553 2942 καὶ
3595 2885 3738 2963 ίερόν
3772 2891 3786 2945 ί

381 2994 560 3057 quam
615 2976 942 3037 animatum
1001 2975 1345 3056 alloquitur,
1382 2976 1566 3057 idque
1626 2976 1863 3050 merito,
1901 2993 2037 3036 cum

2127 2977 2195 3030 Τὸ
2241 2976 2498 3049 ἡμέτερον
2553 2974 2651 3051 γὰρ
2695 2973 2909 3052 πάσχα,
2941 2977 3028 3030 καὶ
3073 2976 3107 3042 ἡ
3159 2974 3379 3042 τοιαύτη
3439 2976 3553 3054 ἱερά
3596 2974 3792 3042 τελετὴ

381 3065 558 3128 etiam
592 3064 902 3144 theologus
925 3064 1024 3127 ille
1050 3084 1302 3146 magnus
1336 3064 1658 3144 Gregorius
1680 3065 1880 3128 dicat:
1923 3061 2039 3127 Sed

2127 3061 2283 3126 αὒτὸς
2337 3061 2478 3117 ἐστιν
2537 3065 2564 3118 6
2626 3063 2813 3140 Κύριος
2873 3065 3029 3135 ἡμῶν
3087 3062 3296 3131 Ἰησοῦς
3356 3066 3605 3144 Χριστὸς,
3653 3065 3789 3143 πρὸς

379 3174 415 3216 ο
462 3154 684 3235 pascha
740 3173 1016 3233 magnum
1060 3173 1129 3216 ac
1188 3155 1506 3218 sanctum!
1551 3163 1822 3218 nostrum
1880 3152 2039 3216 enim

2127 3153 2185 3209 ὃν
2237 3163 2476 3209 ποιεῖται
2505 3153 2598 3208 τὸν
2643 3149 2802 3230 λόγον
2831 3153 2859 3208 6
2889 3152 3065 3231 ἅγιος,
3096 3152 3190 3210 ἵνα
3222 3153 3546 3230 ἀποκαλύψῃ
3576 3154 3643 3211 τὰ
3673 3153 3784 3230 ἀμ-

381 3243 624 3324 pascha,
658 3253 745 3317 ut,
769 3253 827 3306 et
849 3246 963 3307 hoc
983 3253 1258 3308 sanctum
1284 3255 1752 3321 sacramentum,
1781 3244 2039 3326 ipsemet

2125 3243 2416 3324 φιέσματα,
2449 3243 2535 3298 καὶ
2567 3239 2939 3320 ἀποπληρώσῃ
2968 3249 3062 3299 τοῦ
3092 3243 3287 3300 ἑνιαξου
3317 3245 3519 3324 emam.

380 3333 672 3398 Dominus
703 3341 906 3397 noster
927 3333 1102 3398 Jesus
1127 3335 1400 3398 Christus
1432 3344 1543 3410 est,
1578 3335 1652 3398 ad
1683 3353 1860 3417 quem
1895 3333 1995 3396 hic
2021 3341 2261 3395 sanctus
2291 3347 2634 3393 sermonem
2677 3329 2879 3407 habet,
2912 3337 2977 3394 ut
3010 3331 3234 3395 revelat
3292 3331 3618 3415 involucra,
3653 3332 3788 3396 uni-

384 3442 572 3505 coque
606 3423 833 3486 lumine
854 3431 1117 3486 mentem
1151 3424 1419 3505 impleat.

460 3513 490 3594 §
522 3512 620 3575 III.
674 3514 939 3577 Primum
972 3514 1202 3595 itaque,
1237 3513 1722 3597 quandoquidem
1782 3512 2038 3594 ingressi

2195 3511 2225 3592 δ
2258 3521 2344 3574 ιιι.
2385 3521 2482 3568 Δεῖ
2511 3509 2576 3581 δὴ
2606 3511 2718 3587 οὖν,
2751 3508 2935 3579 ἐπειδὴ
2989 3510 3136 3577 ἐντὸς
3170 3512 3485 3592 ἐγενόμεθα,
3517 3513 3577 3570 τὸ
3630 3519 3783 3593 πρῶ-

380 3621 610 3684 sumus,
645 3603 1034 3666 simulacrum
1080 3604 1480 3684 detegendum
1540 3617 1653 3670 est.
1707 3603 2039 3668 Simulacra

379 3705 578 3756 autem
636 3701 804 3756 vocat
849 3693 1139 3774 imagines
1195 3713 1397 3757 rerum
1451 3697 1832 3777 mysticarum
1883 3694 2038 3756 sicut

380 3782 552 3842 etiam
586 3783 642 3839 in
675 3782 823 3842 libro
853 3784 933 3840 De
953 3784 1161 3842 divinis
1188 3785 1510 3843 nominibus
1541 3785 1598 3842 id
1621 3785 1850 3858 planius
1873 3798 2039 3840 acce-

380 3873 599 3954 pimus.
625 3871 892 3935 Primum
919 3891 1097 3955 porro
1129 3875 1342 3938 horum
1378 3893 1666 3956 synaxeos
1685 3892 2035 3938 sacramen-

383 3973 505 4024 tum
559 3961 895 4044 appellavit,
931 3965 1103 4043 cujus
1144 3983 1415 4041 sensum,
1449 3966 1572 4027 sive
1628 3965 1687 4025 id
1719 3965 1880 4042 quod
1929 3981 2038 4044 per

377 4052 942 4134 contemplationem
969 4055 1363 4134 signiﬁcatur,
1394 4054 1649 4136 postulat
1669 4055 1810 4116 205
1833 4054 2037 4135 expla-

381 4142 536 4206 nari.
571 4140 716 4205 Cum
737 4143 919 4223 igitur
939 4146 1257 4228 episcopus
1288 4146 1365 4208 sit
1387 4153 1556 4227 typus
1577 4143 1707 4221 Dei,
1733 4145 2038 4206 videamus

379 4231 1265 4315 quomodoincipiatinceusum
1293 4235 1621 4298 adolereab
1646 4235 1816 4298 altari
1849 4252 2038 4316 usque

377 4321 452 4384 ad
477 4324 885 4387 extremitates
918 4327 1149 4405 templi,
1172 4325 1510 4408 iterumque
1539 4325 1614 4388 ad
1646 4325 1910 4388 divinum
1943 4325 2037 4387 al—

375 4419 503 4476 tare
535 4422 891 4477 revertatur.
944 4418 1156 4496 Itaque
1202 4415 1313 4478 Dei
1369 4414 1602 4478 bonitas
1633 4434 1669 4479 a
1716 4414 2040 4495 semetipsa

2118 3623 2210 3658 τον
2241 3602 2347 3660 τῶν
2395 3600 2722 3678 ἀγαλμάτων
2752 3599 3161 3677 ἀπολυμνῶσαι.
3212 3599 3530 3680 Ἀγάλματα
3562 3603 3616 3659 δὲ
3647 3625 3782 3683 φησι

2118 3691 2213 3757 τάς
2277 3692 2482 3756 εἰκόνας
2539 3693 2645 3748 τῶν
2700 3693 2992 3767 μυστικῶν,
3027 3693 3203 3755 καθὼς
3258 3693 3345 3750 καὶ
3408 3691 3463 3748 ἰν
3520 3699 3598 3768 τῷ
3654 3695 3782 3771 Περὶ

2116 3783 2270 3837 θείων
2326 3781 2605 3856 όνομάτων
2661 3779 2987 3860 πλατύτερον
3042 3779 3385 3858 διελάϐομεν.
3446 3781 3665 3860 Πρῶτοι)
3725 3781 3784 3840 δὲ

2117 3874 2318 3928 τούτων
2360 3873 2422 3928 τὸ
2465 3876 2564 3938 τῆς
2617 3870 2879 3952 συνάξεως
2933 3873 3222 3952 μυστήριον
3282 3872 3634 3951 ἀπεκάλεσεν,
3686 3875 3784 3929 οῦ-

2120 3982 2263 4026 τινος
2322 3962 2382 4017 τὸ
2417 3963 2632 4036 νοηνὸν,
2670 3951 2830 4038 ἤγουν
2857 3963 2920 4018 τὸ
2981 3963 3114 4018 κατὰ
3146 3961 3364 4038 θεωρίαν
3426 3959 3782 4036 δηλούμενον,

2120 4050 2460 4131 ἀπογυμνοῦν
2525 4049 2938 4129 ἐπαγγέλλεται.
2977 4048 3198 4118 Ἐπειδὴ
3243 4073 3420 4107 τοινυν
3454 4050 3616 4115 τύπος
3673 4050 3788 4107 ἔστί

2121 4147 2213 4197 τοῦ
2265 4148 2400 4199 Θεοῦ
2459 4143 2488 4197 6
2546 4141 2860 4219 ἒπίσκοπος,
2893 4138 3094 4216 ἴδωμεν
3150 4146 3264 4206 πῶς
3314 4140 3541 4222 ἄρχεται
3595 4143 3788 4216 θυμιᾷν

2121 4233 2228 4289 ἀπὸ
2278 4239 2373 4290 τοῦ
2426 4234 2798 4314 θυσιαστηρίου
2848 4233 2948 4297 ἓως
2993 4234 3096 4290 τών
3149 4233 3422 4313 ἓσχάτών,
3486 4235 3573 4289 καὶ
3623 4231 3788 4289 παλιν

2122 4321 2503 4402 ἐπαναστρέφει
2555 4325 2628 4386 εἷς
2699 4325 2760 4380 τὸ
2827 4329 2959 4380 Πεοῦ
3019 4325 3412 4402 θυσιαστήριον,
3473 4319 3547 4384 Ἦ
3612 4323 3787 4380 τοίνυν

2120 4412 2390 4491 ἀγαθότης
2418 4419 2511 4470 τοῦ
2543 4419 2676 4470 Θεοῦ
2706 4411 2794 4493 ἀφ’
2827 4414 3020 4480 ἑαυτῆς
3054 4412 3140 4469 ἐπὶ
3184 4413 3358 4470 πάντα
3412 4414 3477 4469 τὰ
3521 4413 3786 4490 προνοού-

378 4501 453 4565 ad
487 4503 689 4600 omnia
718 4523 853 4582 quae
876 4503 1253 4600 providentia
1275 4512 1563 4584 reguntur
1585 4505 1854 4588 procedit
1880 4523 1896 4582 ;
1929 4502 2038 4565 sed

2124 4523 2260 4579 μενα
2315 4502 2576 4582 πρόεισιν,
2614 4501 2736 4560 ἀλλ’
2797 4503 2892 4560 οὐκ
2950 4501 3074 4585 ἔξω,
3113 4502 3198 4559 διὰ
3256 4503 3479 4579 τούτων,
3511 4507 3611 4571 τῆς
3660 4503 3782 4558 κατ’

377 4599 624 4674 propter
646 4593 799 4669 htec,
815 4594 1148 4658 secundum
1175 4596 1497 4657 essentiam
1519 4613 1712 4678 suam,
1734 4611 2039 4677 nunquam

2125 4592 2302 4650 οὖσίαν
2361 4593 2598 4658 στάσεως
2630 4594 2855 4672 γίνεται,
2887 4593 2954 4661 ἧς
2985 4591 3048 4660 δὴ
3095 4593 3273 4658 οὖσίας
3308 4595 3371 4650 τὸ
3429 4593 3646 4672 κρύφιον
3675 4590 3781 4660 δη-

378 4700 415 4744 a
444 4685 684 4765 propria
736 4685 992 4746 statione
1025 4685 1276 4766 recedit,
1310 4686 1480 4768 cujus
1531 4691 1735 4767 utique
1764 4684 2039 4748 essentiaa

2124 4683 2240 4758 λοτ,
2284 4683 2346 4740 τὸ
2390 4680 2576 4742 ἄδυτον
2631 4684 3028 4761 θυσιαστήριον,
3090 4683 3164 4746 εἰς
3223 4684 3252 4740 ὃ
3308 4682 3693 4764 ἐπαναστρέφει
3754 4685 3782 4738 6

375 4789 659 4834 arcanum
676 4771 1171 4852 signiﬁcataltare
1193 4774 1341 4838 illud
1363 4782 1759 4852 inaccessum,
1785 4775 1857 4837 ad
1879 4773 2039 4856 quod

2124 4771 2437 4837 ἐπίσκοπος.
2473 4780 2669 4830 Τοῦτον
2704 4772 2792 4830 οὖν
2822 4774 2912 4830 τὸν
2940 4771 3138 4853 τρόπον
3168 4772 3286 4853 ἔχει
3316 4774 3404 4830 καὶ
3433 4773 3468 4840 ὴ
3511 4774 3612 4840 τῆς
3660 4794 3784 4830 συν-

375 4860 696 4942 episcopus
714 4862 1060 4926 revertitur.
1099 4863 1188 4926 Ad
1217 4865 1378 4928 hunc
1408 4865 1613 4947 itaque
1635 4866 1879 4928 modum
1905 4881 2039 4927 sese

2124 4860 2288 4929 ἀξεως
2347 4862 2561 4930 τελετὴ·
2621 4861 2795 4927 διττὸς
2838 4863 2938 4944 γὰρ
2995 4861 3090 4930 τῆς
3133 4863 3354 4920 ἐνταῦθα
3404 4862 3694 4942 ἀναγωγῆς
3751 4865 3781 4920 6

375 4949 560 5014 habet
579 4969 871 5033 synaxeos
887 4963 1354 5030 sacramentum,
1382 4955 1665 5038 quoniam
1690 4955 1785 5018 hic
1811 4955 2035 5037 duplex

2124 4954 2338 5030 τρόπος.
2399 4952 2497 5009 Καὶ
2542 4950 2684 5007 ἔστιν
2716 4951 2868 5016 οὗτος
2926 4953 3163 5031 πρῶτος,
3195 4950 3276 5008 ὅτι
3306 4950 3406 5009 κᾶν
3452 4952 3487 5020 ἡ
3515 4951 3629 5008 θεία
3678 4957 3781 5020 τῆς

375 5049 468 5102 est
489 5039 640 5104 ratio
669 5059 990 5122 auagoges.
1024 5044 1247 5125 Estque
1265 5044 1390 5107 haec
1417 5045 1632 5128 prima.
1666 5045 1860 5122 Quod,
1896 5045 2034 5108 licet

2124 5039 2380 5107 συνάξεως
2438 5039 2629 5110 τελετῆ
2693 5041 2781 5098 καὶ
2844 5041 3043 5098 ἑνιαίαν
3098 5042 3188 5098 καὶ
3240 5039 3416 5110 ἅπλῆν
3485 5042 3574 5098 καὶ
3629 5062 3779 5098 συνε.

375 5128 643 5193 divinum
700 5150 992 5213 synaxeos
1033 5144 1475 5200 sacramentum
1535 5143 1592 5198 et
1652 5135 1920 5215 unicum,
1977 5142 2036 5198 et

2124 5130 2425 5211 πτυγμένην
2461 5129 2566 5212 ἔχῃ
2594 5131 2796 5212 ἀρχὴν,
2844 5129 3163 5199 πληθύνεται
3196 5131 3270 5194 εἰς
3320 5131 3420 5199 τὴν
3470 5129 3616 5211 ἱερὰν
3648 5153 3785 5189 ποι-

376 5219 657 5303 simplex,
688 5231 748 5285 et
772 5233 1146 5304 compactum
1170 5224 1387 5288 habeat
1416 5224 1798 5306 principium,
1831 5224 2036 5287 multi-

376 5309 635 5392 plicetur
663 5317 864 5376 tamen
894 5330 1004 5394 pro
1034 5313 1441 5395 symbolorum
1490 5316 1819 5392 varietate;
1853 5324 2037 5395 atque

377 5400 758 5466 uniformiter
787 5402 1008 5465 iterum
1041 5421 1113 5468 ex
1143 5403 1236 5466 his
1268 5404 1344 5466 ad
1387 5404 1686 5488 propriam
1722 5404 2036 5485 colligatur

375 5492 691 5574 unitatem,
723 5493 1091 5575 uniﬁcetque
1119 5492 1256 5556 illos
1287 5493 1390 5575 qui
1419 5494 1494 5556 ad
1524 5513 1589 5558 se
1620 5502 1823 5558 sancte
1851 5512 2032 5558 acce-

375 5578 546 5666 dunt.
581 5583 861 5646 Secunda
889 5602 1032 5647 vero
1057 5582 1210 5646 ratio
1235 5594 1347 5659 est,
1374 5585 1533 5666 quod
1566 5584 1808 5647 divinus
1830 5585 2031 5666 ponti-

373 5664 494 5744 fex,
519 5670 757 5732 tametsi
784 5671 1073 5752 symbolis
1101 5677 1326 5753 utatur,
1349 5664 1408 5735 et
1437 5672 1513 5736 ab
1539 5673 1718 5738 unica
1747 5664 2029 5754 sci—entia,

2119 5219 2294 5279 κιλίαν
2350 5225 2458 5277 τῶν
2503 5218 2806 5296 συμϐόλων,
2839 5223 2928 5279 καὶ
2980 5219 3222 5285 ἐνοειδῶς
3269 5221 3415 5285 αὖθις
3458 5220 3522 5278 ἐκ
3578 5223 3785 5279 τούτων

2121 5312 2194 5378 εἰς
2249 5313 2348 5380 τὴν
2394 5311 2590 5368 οἰκείαν
2638 5309 2842 5388 μονάδα
2889 5311 3194 5390 συνάγεται,
3225 5313 3313 5369 καὶ
3364 5313 3604 5370 ἐνοποιεϊ
3656 5313 3784 5377 τοὺς

2118 5400 2206 5459 ἔπ’
2267 5400 2431 5469 αὐτὴν
2489 5403 2643 5478 ἱερῶς
2696 5400 3081 5479 ἀναγομένους.
3139 5402 3395 5482 Δεύτερος
3441 5398 3496 5457 δὲ
3552 5401 3780 5479 τρόπος·

2118 5489 2200 5548 ὅτι
2240 5491 2269 5548 6
2327 5493 2472 5556 θεῖος
2503 5490 2785 5572 ἱερᾶρχης,
2831 5491 2876 5548 εἰ
2931 5496 3130 5572 χρᾶται
3161 5491 3283 5556 τοῖς
3340 5487 3656 5568 συμϐόλοις,
3687 5493 3782 5550 καὶ

2115 5581 2222 5639 ἀπὸ
2269 5580 2367 5649 τῆς
2427 5581 2624 5647 ὲνιαίας
2668 5581 2974 5658 ἐπιστήμης
3005 5581 3326 5648 πληθύνεται
3382 5579 3467 5638 δια
3511 5582 3610 5649 τὴν
3668 5587 3778 5638 τῶν

2115 5667 2526 5739 ὒποϐεϐηκότων
2569 5673 2844 5752 πρόνοιαν,
2882 5669 3004 5729 ἀλλ’
3045 5671 3134 5730 οῦν
3165 5672 3239 5736 ὡς
3278 5669 3542 5738 ἀπόλυτος
3595 5670 3773 5740 πάντη
