4042 6452
236 361 360 435 457

725 367 824 435 DE
867 370 1171 438 ECCLES.
1217 371 1666 454 mammam,
1713 347 1876 437 CAP.
1927 375 2038 436 III.
2072 407 2151 420 -
2181 374 2570 438 PARAPHR.
2615 373 3122 441 PAGHYMERE.

3493 377 3613 446 458

233 517 332 566 τοῦ
389 517 497 566 τῶν
529 507 809 584 συμϐόλων
856 508 1089 579 πληθους
1120 514 1206 570 καὶ
1252 513 1328 588 μὴ
1358 514 1716 569 ἓπικοινωντῦν
1762 523 1847 567 τοῒ

1965 519 2204 592 propter
2255 509 2623 574 subditorum
2670 510 3112 591 providentian,
3148 513 3606 596 multiplicetur,

229 601 500 679 χείροσιν,
538 601 611 663 εἷς
663 600 762 666 τὴν
794 600 988 656 οἰκείαν
1020 603 1201 682 ἀρχὴν
1246 599 1507 673 ἐπάνεισι,
1540 605 1633 659 καί
1670 604 1765 669 τὴν
1811 604 1883 666 εἰς

222 693 291 744 τὸ
346 689 406 745 ἓν
449 691 632 768 νοερόιν
683 687 894 746 εἴσοδον
949 693 1339 767 ποιησάμενος,
1373 692 1466 769 δρᾷ
1511 695 1713 758 νοητῶς
1767 693 1882 753 τοὺς

217 786 336 834 τῶν
394 777 734 853 τελουμένων
765 779 1019 844 ἐνοειδεϊς
1070 779 1281 858 λόγους,
1329 780 1494 860 πέρας
1547 788 1644 849 τῆς
1697 783 1769 843 εἷς
1819 781 1884 837 τὰ

215 868 443 946 δεύτερα
477 866 726 948 προόδου,
762 869 860 936 τὴν
891 873 962 934 εἷς
1011 872 1074 928 τὰ
1107 874 1291 950 πρῶτα
1333 872 1660 953 ἐπιστροφὴν
1691 872 1880 928 ποιού-

213 981 418 1033 μενος,

299 1229 331 1310 §
369 1230 464 1292 Ιν-
530 1231 786 1286 Ἐνταῦθα
832 1227 998 1308 λέγει,
1035 1231 1082 1285 τί
1139 1227 1300 1296 δηλοῖ
1350 1231 1385 1299 ἡ
1417 1230 1694 1310 σύμφωνος
1740 1228 1876 1306 ψαλ-

213 1319 424 1396 μῳδία.
484 1313 644 1398 ’¹Ορα
678 1318 731 1375 δέ
763 1320 822 1374 τὸ
875 1318 1294 1395 συνουσιωμένη,
1331 1318 1409 1376 ὅτι
1454 1322 1539 1378 καὶ
1589 1321 1650 1376 τὸ
1681 1317 1876 1400 σχεδὸν

212 1414 578 1488 προσέθηκεν·
642 1413 701 1468 οὖ
756 1410 856 1488 γὰρ
921 1408 1172 1476 ἀλλήλοις
1232 1407 1464 1476 ἤνωνται
1535 1418 1699 1466 ταῦτα
1756 1411 1874 1466 κατ’

210 1503 424 1580 οὗσίαν,
479 1499 617 1555 ἀλλὰ
666 1505 742 1573 τῷ
785 1500 915 1577 πρὸς
965 1498 1056 1553 ἕνα
1105 1501 1304 1555 σκοπὸν
1347 1500 1412 1555 τὰ
1472 1501 1644 1556 πάντα
1687 1521 1871 1555 συντε-

207 1589 356 1664 λεῖν,
395 1590 668 1649 τουτέστιν
720 1590 792 1650 εἰς
824 1590 922 1655 τὴν
966 1594 1072 1644 τῶν
1113 1589 1399 1667 ἀνθρώπων
1448 1590 1736 1670 σωτηρίαν,
1770 1589 1870 1669 ἔφη

203 1681 266 1734 τὸ
320 1679 756 1758 συνοδσιωμένη,
793 1677 908 1734 ὅθεν
956 1679 1100 1743 εὒθὺς
1134 1679 1373 1757 ἐπήγαγε
1427 1680 1482 1735 τὸ
1529 1677 1722 1759 σχεδον
1771 1703 1868 1736 κο-

202 1769 390 1840 λάζων
444 1773 541 1838 τὴν
574 1769 681 1825 ἀπὸ
733 1773 831 1836 τῆς
862 1767 1048 1833 λέξεως
1104 1769 1762 1846 ἐναντίωσιν.’Κατωτέρω
1815 1768 1869 1826 δὲ

201 1860 334 1930 μίαν
396 1858 686 1931 ἔμπνευσίν
759 1879 912 1936 φησι,
958 1855 1197 1914 τουτέστι
1271 1859 1394 1930 μίαν
1463 1859 1779 1932 σύμπνοιαν,
1841 1859 1868 1913 ὃ

199 1947 372 2015 δηλοῖ
435 1951 498 2004 τὸ
557 1948 649 2004 ἕνα
706 1952 921 2005 πάντων
981 1948 1203 2005 σκοπόν.
1266 1953 1384 2008 Πῶς
1445 1948 1616 2003 τοίνυν
1673 1945 1865 2022 ἔμελλε

197 2037 620 2118 διαχωρίζεσθαι
674 2039 710 2106 ἡ
760 2039 871 2115 ἱερᾶ
915 2034 1199 2111 ψαλμῳδία
1244 2041 1348 2091 τῶν
1398 2037 1724 2114 μυστηρίων,
1779 2037 1866 2092 καὶ

197 2129 281 2202 μὴ
360 2129 628 2206 παρευθὺς
687 2131 1061 2206 συναρτᾶσθαι,
1118 2127 1232 2182 ἐπεὶ
1313 2128 1444 2204 πρὸς
1514 2125 1604 2182 ἕνα
1664 2129 1863 2183 σκοπὸν

198 2218 446 2297 ἀφορῶσι
503 2219 697 2292 πάντα,
726 2218 813 2273 καὶ
862 2215 916 2272 ἕν
966 2239 1015 2272 τι
1073 2223 1178 2272 τῶν
1237 2218 1309 2280 εἷς
1372 2219 1636 2294 σωτηρίαν
1698 2216 1864 2294 ἀγόν-

197 2329 309 2362 των
365 2309 696 2388 ὑφηγοῦνται
733 2328 747 2388 ς
803 2297 948 2383 "0pc:
979 2305 1032 2362 δὲ
1089 2312 1195 2361 τῶν
1227 2306 1321 2373 τῆς
1382 2305 1617 2369 Παλαιᾶς
1649 2304 1865 2382 βιϐλίων

193 2400 272 2460 ὡς
336 2398 394 2454 ἐν
434 2400 680 2471 συντόμῳ
736 2397 1043 2473 ἐπίμνησιν.
1083 2388 1144 2453 Ἠ
1203 2403 1327 2473 γοῦν
1361 2397 1458 2461 τῆς
1504 2397 1603 2450 ὑπὸ
1660 2395 1862 2472 γένεσιν

189 2487 475 2566 ὑπάρξεως
549 2487 732 2549 δέλτος
807 2489 841 2555 ἡ
901 2487 1108 2551 Γένεσίς
1164 2485 1329 2542 ἐστιν’
1395 2487 1573 2552 ἦτῆς
1629 2487 1859 2558 νομικῆς

186 2578 500 2658 ἱεραρχίας,
552 2578 612 2634 τὸ
670 2577 948 2633 Λευιτικόν
999 2577 1110 2632 ἐστι
1163 2577 1252 2632 καὶ
1309 2577 1370 2631 τὸ
1426 2575 1855 2648 Δευτερονόμιον⁹

183 2670 218 2735 ἡ
285 2673 394 2735 τῆς
429 2665 805 2746 κληροδοσίας,
837 2670 898 2723 τὸ
943 2672 1048 2722 τῶν
1093 2665 1363 2744 Ἀριθμῶν
1406 2663 1626 2741 βιϐλίον·
1662 2666 1696 2732 ἡ
1756 2665 1861 2720 τῶν

185 2757 492 2836 Βασιλέων,
528 2760 561 2826 ἡ
622 2757 728 2813 τῶν
786 2763 986 2833 Κριτῶν
1047 2755 1158 2812 ἔστι
1211 2753 1413 2832 βίϐλος,
1482 2753 1746 2819 Παλαιοὺς
1806 2752 1860 2809 δὲ

181 2846 386 2925 ἄνδρας
442 2846 588 2925 λέγει
654 2849 742 2902 τὸν
797 2852 1052 2916 Μωυσῆν,
1089 2847 1179 2902 τὸν
1240 2844 1467 2913 Ἰησοῦν,
1500 2846 1590 2899 τὸν
1653 2838 1857 2917 Ἠλίαν,

179 2939 271 2992 καὶ
321 2938 448 2999 τοὺς
488 2935 734 3004 καθεξῆς
773 2939 892 2992 θεῖα
925 2935 980 2992 δὲ
1015 2934 1227 3007 ᾄσματα
1271 2957 1362 2990 τον
1391 2933 1652 3013 Ψαλτῆρπξ
1695 2954 1846 3013 φησι·

178 3029 270 3083 καὶ
329 3027 566 3106 εἰκόνας,
601 3029 661 3082 τὸ
697 3014 871 3102 ᾏσμα
925 3029 1028 3083 τῶν
1060 3021 1338 3102 ᾀσμάτων,
1371 3027 1500 3080 καθὸ
1545 3030 1572 3080 ὸ
1627 3025 1850 3102 Χριστὸς

181 3119 438 3198 νυμφίος,
472 3119 557 3172 καὶ
614 3117 792 3196 νύμφη
841 3118 876 3184 ἡ
935 3113 1235 3181 Ἐκκλησία
1284 3115 1612 3184 εῗκονιζεται·
1674 3135 1848 3192 προα-

1970 601 2379 673 nihilominus,
2409 621 2516 663 ceu
2539 600 2847 665 absolutus
2870 604 3114 664 omnino
3147 606 3609 684 asymbolorum

1969 691 2371 772 multitudine,
2405 710 2602 772 neque
2648 689 2830 753 rebus
2865 692 3242 772 sequioribus
3274 700 3611 760 communi-

1967 799 2129 849 cans,
2166 781 2238 843 ad
2295 781 2595 861 proprium
2630 780 2985 861 principium
3038 793 3384 866 revertatur,
3420 795 3478 849 et
3533 790 3608 851 ad

1965 887 2147 932 unum
2170 871 2497 953 spiritalem
2524 871 2748 932 faciens
2773 873 3105 953 introitum,
3129 883 3336 936 cernat
3363 877 3608 956 spirita-

1965 959 2102 1022 liter
2155 961 2484 1023 uniformes
2541 969 3055 1022 sacramentorum
3117 964 3398 1044 rationes,
3465 965 3607 1030 dum

1963 1053 2052 1111 sui
2085 1051 2157 1112 ad
2204 1051 2489 1113 inferiora
2521 1067 2873 1130 progressus
2904 1050 3110 1134 ﬁnem,
3146 1053 3500 1118 diviniorem
3531 1057 3606 1119 ad

1962 1139 2153 1220 prima
2183 1141 2320 1208 facit
2349 1140 2782 1204 reversionem.

2039 1231 2067 1310 §
2119 1229 2215 1311 1V,
2251 1230 2406 1293 Dicit
2435 1230 2534 1292 hic
2558 1231 2758 1304 etiam,
2793 1230 2936 1311 quid
2983 1251 3248 1296 consona
3269 1235 3607 1317 psalmodia

1957 1319 2271 1397 signiﬁcet.
2331 1319 2596 1384 Observa
2626 1339 2760 1381 vero
2805 1321 2949 1383 illud
2981 1328 3377 1400 συνουσιωμένη
3429 1330 3602 1406 (con-

1957 1407 2395 1491 substantiola),
2430 1410 2521 1470 cui
2573 1409 2747 1472 etiam
2780 1410 2909 1487 fere
2961 1411 3146 1475 addit:
3187 1431 3386 1490 neque
3441 1415 3601 1478 enim

1957 1496 2082 1558 haec
2115 1497 2270 1560 inter
2302 1517 2367 1562 se
2399 1517 2506 1581 per
2533 1499 2922 1561 substantiam
2956 1503 3269 1579 conjuncta
3299 1512 3461 1579 sunt,
3494 1506 3599 1568 sed

1957 1605 2026 1648 eo
2059 1589 2300 1670 quodad
2335 1608 2516 1650 unum
2535 1588 2734 1650 omnia
2757 1605 2998 1670 scopum
3027 1591 3449 1676 pertineant,id
3481 1607 3597 1672 est,

1955 1677 2028 1739 ad
2085 1679 2388 1740 hominum
2445 1680 2719 1754 salutem,
2767 1678 2916 1741 dixit
2973 1679 3117 1742 illud
3175 1687 3594 1763 συνουσιωμένη,

1953 1786 2058 1858 seu
2084 1770 2652 1858 ,consubslantiata,
2679 1770 2836 1831 unde
2868 1770 3066 1831 statim
3096 1770 3398 1850 subjunxit
3449 1779 3594 1858 fere,

1895 1888 1930 1938 Β
1955 1856 2232 1919 dictionis
2284 1858 2734 1938 repugnantiam
2768 1857 3154 1936 corrigendo.
3187 1859 3369 1922 Paulo
3401 1856 3597 1928 autem

1950 1944 2105 2008 infra
2123 1945 2392 2008 aitunam
2410 1947 2892 2028 inspirationem,
2918 1946 2975 2007 id
3000 1955 3111 2022 est,
3142 1967 3322 2011 unam
3354 1958 3596 2035 conspi-

1947 2037 2266 2110 rationem,
2288 2036 2442 2117 quod
2470 2038 2927 2099 declaratunum
2949 2036 3127 2100 ﬁnem
3144 2057 3277 2101 esse
3299 2044 3593 2109 omnium.

1949 2126 2256 2199 Quomodo
2279 2128 2481 2208 itaque
2499 2144 2672 2188 sacra
2703 2126 3028 2207 psalmodia
3047 2137 3290 2208 propter
3321 2137 3597 2211 mysteria

1950 2215 2264 2278 dissideret
2319 2227 2376 2277 et
2407 2235 2524 2276 non
2558 2217 2754 2277 statim
2811 2217 3178 2291 conveniret,
3214 2222 3594 2304 quandoqui-

1949 2305 2084 2395 dem
2118 2311 2316 2366 omnia
2353 2313 2622 2395 spectent
2654 2305 2726 2367 ad
2760 2323 2942 2368 unum
2977 2324 3250 2385 scopum,
3287 2328 3594 2395 unumque

1947 2394 2084 2473 quid
2117 2413 2318 2456 rerum
2352 2395 2422 2456 ad
2455 2394 2705 2457 salutem
2737 2395 3196 2457 conducentium
3225 2394 3596 2478 explanant?

1945 2483 2206 2546 Observa
2237 2496 2434 2545 autem
2465 2484 2751 2545 librorum
2785 2485 3049 2547 omnium
3097 2486 3345 2566 Antiqui
3376 2487 3590 2554 Testa-

1944 2573 2128 2634 menti
2142 2574 2311 2655 quasi
2326 2592 2455 2636 com
2468 2573 2688 2652 pendio
2700 2592 2827 2635 com
2839 2575 3354 2640 memoratiouem.
3373 2580 3590 2645 Textus

1943 2662 2141 2743 itaque
2199 2664 2300 2744 qui
2345 2663 2644 2726 conditam
2703 2662 2991 2725 describit
3041 2663 3456 2746 substantiam,
3497 2683 3590 2735 est

1943 2753 2323 2834 Genesis;qui
2348 2753 2596 2832 legalem
2631 2752 3052 2829 hierarchiam,
3079 2762 3170 2816 est
3202 2754 3498 2822 Leviticus
3529 2771 3587 2824 et

1943 2841 2471 2902 Deuteronomium
2499 2859 2514 2916 ;
2541 2840 2642 2920 qui
2665 2841 3080 2903 haereditatum
3106 2843 3580 2912 distributiones.

1939 2938 2027 3020 est
2060 2930 2214 2991 liber
2242 2929 2640 2992 Numerorum
2669 2951 2684 3010 ;
2740 2939 2907 2992 estet
2927 2932 3156 3009 Regum
3187 2933 3587 3020 Judicumque

1937 3019 2109 3108 liber.
2149 3021 2383 3083 Priscos
2428 3028 2627 3082 autem
2667 3022 2817 3082 viros
2869 3029 3040 3082 vocat
3077 3025 3347 3104 Moysen,
3377 3019 3579 3108 Josue,

1934 3107 2149 3191 Eliam,
2183 3119 2240 3171 et
2269 3111 2366 3191 qui
2398 3118 2730 3191 sequuntur
2760 3131 2776 3187 ;
2807 3110 3007 3172 divina
3035 3129 3171 3173 vero
3193 3113 3434 3178 Cantica
3465 3107 3576 3199 ap-é

183 3207 473 3285 ναῤῥᾶσεις
520 3213 626 3263 τῶν
685 3205 980 3287 ἐσομένων,
1025 3205 1117 3270 τὰς
1174 3206 1520 3283 προφητείας,
1577 3201 1844 3260 Ἐντεῦθεν

1936 3199 2113 3279 pellat
2142 3199 2554 3301 209Psnaltem
2583 3221 2596 3270 ;
2625 3207 2682 3261 et
2711 3201 3023 3279 imagines,
3046 3201 3362 3301 ganticum
3386 3209 3580 3269 canti-

181 3297 251 3352 τὰ
315 3302 418 3364 τῆς
482 3297 618 3361 Νέας
686 3297 908 3374 εἰσάγει,
972 3302 1061 3352 τοῦ
1118 3294 1297 3361 ἰησοῦ
1363 3296 1458 3356 τὰς
1514 3293 1846 3372 ἀνθρωπικὰς

1936 3307 2160 3363 eorum,
2195 3290 2298 3352 ubi
2350 3290 2623 3354 Christus
2653 3307 2904 3369 sponsus
2957 3297 3014 3350 et
3045 3290 3318 3353 Ecclesia
3358 3313 3578 3374 sponsa

179 3389 491 3466 θεουργίας,
557 3387 616 3448 ἃς
675 3388 804 3450 Θεὸς
863 3386 936 3442 ὢν
993 3383 1329 3463 διεπράττετο
1391 3385 1844 3464 ἀναστρεφόμενος

178 3478 326 3554 μετὰ
386 3478 658 3551 σώματος’
693 3478 785 3541 τὰς
818 3483 922 3531 τῶν
981 3478 1236 3550 μαθητῶν
1269 3473 1485 3548 Πράξεις
1547 3475 1633 3529 καὶ
1692 3471 1842 3528 διδα-

175 3567 432 3645 σκαλίας,
468 3566 567 3622 ὅσα
619 3567 716 3644 γὰρ
763 3565 1041 3643 ἐποίησαν,
1072 3567 1160 3621 καὶ
1218 3563 1316 3620 ὅσα
1369 3562 1622 3638 ἐδίδαξαν,
1683 3586 1837 3643 φησι.

175 3657 292 3724 Τὴν
353 3659 620 3731 μυστικὴν
651 3655 705 3710 δὲ
758 3655 983 3730 ἐποψίαν
1015 3655 1175 3729 οἶμαι
1233 3652 1407 3730 λέγειν
1442 3658 1540 3721 τὴν
1592 3650 1839 3708 Ἀποκα-

174 3744 349 3821 λυψιν
408 3746 500 3802 τοῦ
556 3745 693 3802 θείου
749 3745 995 3801 Ἰωάννου
1054 3744 1142 3800 καὶ
1196 3741 1598 3820 εὖαγγελιστοῦο
1674 3743 1838 3820 ὓπερ-

171 3836 414 3912 κόσμιον
447 3834 501 3893 δὲ
530 3834 802 3915 θεολογίαν
838 3835 897 3892 τὸ
927 3830 1046 3889 κατ’
1076 3832 1233 3892 αὐτὸν
1269 3831 1610 3912 Εὒαγγὲλιον,

253 4103 284 4185 §
346 4108 424 4170 V.
459 4088 521 4164 Ἃ
560 4104 625 4176 δή
677 4113 841 4164 ταῦτα
883 4103 1054 4162 πάντα
1083 4102 1120 4171 ἡ
1182 4099 1447 4182 ἱερολογία
1476 4113 1601 4161 ταῖς
1655 4102 1831 4181 ἁγίαις

163 4201 427 4260 τελεταῖς
490 4193 881 4274 συνεῤῥίζωσεν·
943 4191 1097 4249 οὐδὲν
1151 4191 1257 4270 γάα
1320 4191 1555 4249 τελεῖται
1611 4214 1830 4259 σιωπη-

163 4291 279 4356 λώς
326 4290 533 4361 πάντη,
569 4273 625 4342 εἶθ
671 4291 748 4362 μὴ
793 4283 861 4340 δι’
913 4282 1092 4359 ὕμνων
1147 4282 1296 4340 θείων
1351 4284 1440 4338 καὶ
1483 4281 1732 4358 ψαλμῶν,
1772 4273 1830 4340 ε0

162 4392 298 4460 γοῦν
344 4386 455 4437 τῶν
511 4376 741 4452 ψαλμῶν
791 4373 902 4430 ἐστι
944 4373 1144 4436 σκοπὸς
1200 4373 1261 4428 τὸ
1293 4373 1523 4448 ὑμνῆσαι
1557 4374 1684 4428 Θεόν
1745 4386 1823 4447 τε,

162 4475 256 4530 καὶ
317 4471 444 4534 τοὺς
516 4469 593 4542 τῷ
647 4470 764 4538 Θεῷ
832 4463 1082 4542 γνησίους
1142 4460 1354 4540 ἄνδρας,
1407 4463 1830 4541 ὑπαγορευτικὴν

162 4567 276 4618 τῶν
307 4558 565 4617 τοιούτων
595 4555 684 4612 καὶ
729 4553 1067 4631 περιεκτικὴν
1113 4550 1352 4630 ἐχόντων
1410 4549 1651 4630 δύναμιν,
1682 4550 1826 4625 ἥτις,

1929 3378 2570 3460 ﬁguratur;futurorum
2589 3378 3003 3458 praedictiones
3027 3384 3571 3463 vocatpropbetias.

1927 3469 2494 3531 Deindeiutroducit
2517 3486 2585 3529 ea
2609 3487 2740 3545 quae
2770 3466 3062 3530 suntNovi
3095 3468 3484 3550 Testamenti,
3511 3487 3574 3538 ut

1925 3557 2214 3620 humanas
2229 3561 2363 3622 .lesu
2381 3559 2821 3638 actiones,quas
2842 3558 2992 3620 Deus
3011 3559 3320 3634 exsistens,
3341 3581 3478 3626 cum
3507 3568 3568 3629 in

1925 3665 2175 3729 corpore
2194 3656 2559 3720 versaretur,
2595 3647 2862 3708 exercuit
2886 3696 2902 3720 ,
2925 3646 3358 3728 discipulorum
3382 3658 3567 3719 Actus

1923 3743 2102 3817 atque
2115 3738 2724 3799 doctrinaszrecenset
2739 3736 2898 3798 enim
2913 3755 3041 3816 qua;
3056 3749 3368 3816 gesserunt
3383 3751 3563 3822 atque

1921 3827 2571 3908 docueruntMysticam
2585 3844 2726 3888 vero
2743 3826 3034 3887 visionem
3057 3827 3337 3892 existimo
3352 3850 3563 3897 vocare

1918 3917 2327 3999 Apocalypsim
2353 3916 2725 3979 diviJoannis
2747 3916 3329 3999 evangelistamporro
3347 3941 3560 4004 supra-

1917 4008 2284 4070 mundialem
2316 4006 2700 4087 theologiam,
2735 4006 3008 4085 ejusdem
3039 4010 3448 4086 Evangelium.

1998 4098 2026 4177 §
2057 4097 2124 4160 V.
2153 4098 2289 4161 Haec
2313 4098 2517 4179 utique
2549 4096 2747 4158 omnia
2779 4114 2962 4158 sacra}
2993 4098 3224 4177 paginae
3248 4119 3383 4163 cum
3413 4121 3558 4167 san-

1917 4188 2028 4250 ctis
2049 4188 2438 4251 sacramentis
2467 4187 2923 4266 conjunxerunt:
2953 4187 3099 4248 nihil
3121 4191 3282 4251 enim
3311 4195 3555 4259 omnino

1915 4279 2091 4340 tacite
2144 4279 2505 4352 celebratur,
2541 4295 2737 4354 neque
2779 4277 2951 4338 aliter
2979 4296 3152 4357 quam
3187 4298 3296 4359 per
3322 4282 3556 4346 divinos

1914 4369 2164 4448 hymnos
2193 4376 2254 4429 et
2283 4369 2564 4448 psalmos.
2600 4366 2800 4446 Itaque
2831 4367 3194 4446 psalmorum
3225 4387 3442 4450 scapus
3467 4385 3556 4438 est

1912 4457 2156 4520 laudare
2194 4459 2407 4532 Deum,
2442 4456 2720 4536 virosque
2767 4455 2887 4516 Deo
2930 4465 3126 4534 gratos
3167 4458 3239 4518 ad
3285 4461 3554 4540 ejusdem

1913 4546 2121 4610 laudes
2150 4547 2474 4627 excitandi,
2499 4554 2556 4607 et
2574 4546 2634 4606 iu
2659 4546 2733 4606 iis
2759 4545 3280 4608 conveniendivim
3306 4551 3548 4630 habent,

161 4652 360 4731 φησὶν,
393 4646 698 4726 ἀναγκαίως
758 4644 811 4700 ἐν
860 4649 988 4699 πᾶσι
1023 4654 1141 4704 τοῖς
1198 4641 1519 4731 ἱεραρχικῶς
1556 4639 1831 4731 ,τελουμέ-

1936 4655 2068 4716 lure,
2094 4637 2308 4718 inquit,
2328 4637 2668 4699 necessario
2690 4634 3007 4697 adhibetur
3027 4637 3306 4700 omnibus
3331 4641 3406 4702 iis
3420 4661 3554 4721 quze

162 4728 279 4804 νοις
336 4728 843 4816 σταραλαμϐάνεται,
879 4732 1107 4809 ἔμμονον
1165 4730 1263 4798 τὴν
1317 4736 1422 4786 τῶν
1476 4728 1830 4806 ψαλλομένων

161 4832 398 4905 μνήμην
462 4827 756 4902 ἐμποιοῦσα
800 4835 918 4887 τοῖς
973 4819 1259 4900 ψάλλουσι,
1297 4821 1380 4876 καὶ
1431 4821 1525 4882 τὰς
1588 4822 1825 4900 ψυχικὰς

162 4923 326 4996 ἡμῶν
385 4915 518 4983 ἕξεις
586 4915 910 4991 ἔναρμονίως
974 4910 1269 4967 διατιθεϊσα
1327 4911 1457 4988 πρὸς
1515 4910 1580 4965 τὰ
1637 4912 1827 4989 μικρὸν

164 5008 388 5089 ὕστερον
461 5005 892 5081 τελεσθησόμενα
951 5002 1237 5080 μυστήρια,
1285 4998 1425 5089 Λάϐε
1495 4999 1550 5055 δὲ
1609 5001 1696 5056 καὶ
1766 5001 1826 5056 τὸ

163 5088 300 5168 τῆςγ
357 5093 678 5172 ψαλμῳδίας
749 5095 1029 5173 σύμφωνον
1061 5139 1076 5170 ,
1151 5093 1220 5156 εἰς
1306 5088 1643 5146 διδασκαλίαν
1725 5095 1824 5158 τῆς

164 5191 296 5268 πρὸς
363 5187 616 5268 Θεὸνῄκαὶ
673 5185 803 5264 πρὸς
835 5180 1098 5252 ἀλλήλους
1148 5182 1235 5236 καὶ
1282 5180 1412 5258 πρὸς
1444 5180 1636 5246 ἑαυτὴν
1685 5182 1821 5255 ὁμο-ν

162 5263 458 5358 ῳροσύνης.
496 5263 677 5332 ’Ὅταν
719 5263 844 5352 γοῦν
895 5271 1059 5328 ταῦτα
1111 5270 1354 5348 γένηται,
1388 5270 1538 5337 καὶὴ
1588 5268 1822 5342 ὑμνολο-

159 5368 249 5446 γία
279 5365 464 5430 καλῶς
497 5362 724 5440 διαθήσῃ
771 5364 863 5425 τὰς
897 5361 1155 5440 ἡμετέρας
1213 5360 1419 5440 ψυχὰς,
1451 5360 1536 5415 καὶ
1568 5360 1640 5422 εἷς
1683 5361 1821 5416 ὁ·αο-

159 5457 406 5537 φροσύννλ
452 5453 673 5534 συνάξη,
708 5456 781 5517 ὡς
833 5450 896 5507 ἂν
947 5451 1030 5507 διὰ
1088 5457 1214 5527 μιᾶς
1248 5452 1334 5506 καὶ
1385 5448 1649 5525 ὁμολόγου
1707 5474 1816 5531 χο-

158 5536 303 5626 ρείας
364 5547 466 5614 τὴν
517 5541 883 5609 ἀνεκλάλητον
938 5543 1096 5617 ἡμῶν
1149 5540 1332 5618 νοερὰν
1369 5536 1683 5614 ψαλμῳδίαν
1732 5540 1816 5616 (ἣν

156 5640 246 5694 καὶ
289 5634 741 5712 συντετμημὲνην
770 5633 858 5712 καὶ
893 5629 1343 5704 συνεσκιασμένην
1372 5627 1540 5706 λέγει·
1599 5630 1660 5687 te
1693 5630 1812 5706 μὲν,

156 5730 230 5792 ὡς
285 5727 475 5808 νοερὰν
529 5727 618 5781 καὶ
676 5724 898 5796 ἑνιαίαν,
950 5723 1012 5778 τὺ
1069 5719 1250 5800 δὲ,ὡς
1312 5718 1488 5798 ἀφανῆ
1548 5719 1816 5779 καὶκατὰ

487 5834 748 5894 Parum.
779 5827 891 5894 Gn.
922 5825 1029 5894 III.

1912 4726 2287 4790 hierarcliice
2303 4735 2688 4806 geruntur,eo
2705 4725 2864 4803 quod
2882 4726 3269 4805 psallentibus
3282 4739 3555 4794 constan-

1911 4825 2030 4880 tem
2077 4834 2282 4879 eorum
2316 4834 2448 4898 quae
2478 4815 2810 4896 psalluntur
2839 4816 3188 4877 memoriam
3215 4817 3550 4900 ingeneret,

1909 4915 1967 4969 et
1995 4906 2283 4969 animales
2334 4914 2564 4967 nostras
2594 4904 2936 4967 affectiones
2984 4924 3245 4984 congrue
3274 4909 3554 4987 disponat

1906 4996 1981 5060 ad
2029 4997 2330 5078 mysteria,
2367 5014 2503 5076 quae
2560 4995 2732 5075 paulo
2797 5004 2929 5076 post
2972 5006 3112 5058 sunt
3167 4997 3547 5066 celebranda.

1909 5086 2246 5160 Quinetiam
2280 5084 2622 5167 psalmodia
2651 5094 3005 5147 concentum
3045 5086 3273 5168 accipe,
3307 5091 3384 5152 ad
3415 5109 3549 5154 eam

1910 5196 2041 5258 quat
2058 5195 2194 5240 cum
2227 5175 2350 5238 Deo
2369 5184 2428 5237 et
2457 5174 2527 5237 ad
2550 5174 2829 5251 invicem,
2856 5183 2915 5237 et
2942 5195 3074 5238 cum
3105 5177 3427 5258 semetipso
3459 5190 3551 5243 est

1910 5267 2289 5329 concordiam
2316 5265 2708 5328 edocendam.
2745 5269 2886 5328 Haec
2909 5265 3012 5328 ubi
3037 5277 3276 5346 peracta
3305 5277 3465 5349 sunt,
3489 5277 3551 5333 et

1907 5357 2274 5431 hymnologia
2298 5367 2449 5414 recte
2475 5364 2698 5414 nostras
2725 5356 2949 5414 animas
2978 5357 3320 5428 composuit,
3353 5367 3406 5416 et
3437 5360 3549 5417 vel-

1908 5451 1991 5512 uti
2016 5448 2189 5510 unica
2210 5445 2614 5526 concordique
2637 5446 2856 5508 chorea
2879 5446 3256 5508 concordavit
3275 5447 3551 5512 inell'abi-

1900 5539 2019 5602 lem
2054 5538 2215 5598 illam
2248 5543 2513 5598 nostram
2547 5535 2873 5616 spiritalem
2909 5535 3302 5617 psalmodiam
3341 5537 3546 5618 (quam

1900 5637 1959 5691 et
1987 5632 2285 5690 concisam
2319 5631 2379 5687 et
2411 5624 2824 5687 obumbratam
2873 5625 3018 5688 dicit
3047 5645 3063 5696 ς
3095 5624 3241 5688 illud
3273 5627 3542 5706 quidem,

1901 5727 2177 5799 tanquam
2223 5713 2551 5796 spiritalem
2619 5715 2997 5796 unicamque,
3053 5715 3167 5778 hoc
3212 5734 3374 5800 vero,
3408 5724 3545 5783 tan-

3067 5823 3144 5886 15
