4042 6440
456 314 576 384 459

1637 313 1695 378 S.
1747 311 1926 382 ΒΙοΝ
1938 312 2091 378 YSII
2160 307 2671 378 AREOPAGlT/E

3728 300 3848 373 460

457 470 633 535 quam
665 451 981 514 obscuram
1027 458 1088 514 et
1116 450 1448 514 secundum
1496 449 1784 530 animam)
1841 446 2104 530 pluribus

2199 447 2406 528 ψυχὴν)
2461 445 2544 503 διὰ
2601 446 2861 504 πλειόνων
2912 442 3196 519 ἐξαπλώσῃ
3243 444 3484 515 εἰκόνων,
3534 442 3700 521 (ἄλλη
3750 445 3851 519 γὰρ

457 540 814 620 imaginibus
857 540 1175 621 explicavit
1219 541 1358 617 (alia
1391 547 1481 601 est
1514 540 1674 602 enim
1733 541 1919 617 ﬁgura
1951 538 2108 620 psal-

456 629 763 711 modiae,et
780 630 896 693 alia
915 630 1223 711 lectionis)
1252 647 1264 692 :
1293 648 1475 711 quare
1503 630 1678 691 etiam
1695 648 1802 711 per
1824 629 2115 690 lectiones

454 722 766 785 itiusmodi
796 720 1183 802 hymnologia
1227 720 1527 781 dilatatur.
1581 719 1809 782 Rursus
1841 724 1900 780 in
1949 717 2114 780 hisce

454 809 818 873 lectionibus
848 809 950 890 qui
980 810 1053 871 ad
1106 827 1347 870 sensum
1379 808 1656 889 attendit,
1689 807 1913 871 videbit
1955 827 2113 886 quo-

456 900 637 964 modo
663 902 775 962 rite
797 900 998 961 omnia
1027 906 1086 960 et
1108 907 1172 961 ut
1202 902 1441 979 oportet
1465 898 1739 961 ordinata
1765 896 1907 975 sint,
1936 898 2115 978 idque

459 989 788 1053 secundum
812 988 1265 1069 inspirationem
1289 995 1349 1048 et
1369 987 1717 1050 instinctum
1746 987 1931 1049 divini
1964 987 2113 1047 vivi-

458 1080 678 1161 ﬁcique
728 1078 1006 1161 Spiritus.
1048 1082 1354 1157 Leguntur
1380 1077 1539 1140 enim
1577 1078 1839 1158 primum
1873 1096 1942 1139 ea
1983 1093 2116 1158 qua)

459 1178 598 1233 sunt
618 1170 855 1235 Veteris
876 1168 1269 1248 Testamenti,
1293 1167 1512 1229 deinde
1535 1186 1672 1244 qua:
1702 1174 1842 1229 sunt
1864 1168 2011 1230 Novi
2037 1165 2115 1227 si-

458 1258 720 1323 militer:
768 1258 1049 1341 quoniam
1083 1257 1227 1320 illud
1264 1257 1507 1338 quidem
1540 1257 1615 1319 de
1644 1257 1880 1321 Christo
1914 1256 2111 1319 disse-

456 1349 599 1423 ruit,
626 1349 739 1412 hoc
765 1366 906 1410 vero
929 1348 1127 1431 ipsum
1147 1347 1455 1429 exhibuit;
1491 1358 1672 1428 atque
1694 1346 1840 1408 illud
1871 1347 2109 1428 quidem

458 1441 684 1518 ﬁguras
731 1437 1083 1517 descripsit,
1118 1438 1232 1499 hoc
1278 1455 1417 1499 vero
1449 1436 1765 1499 manifeste
1812 1436 2113 1498 veritatem

2196 539 2351 595 εἰκών
2408 542 2508 603 τῆς
2570 534 2920 612 ψαλμῳδίας,
2954 537 3043 592 καὶ
3100 533 3238 600 ἄλλη
3298 539 3394 600 τῆς
3449 533 3851 610 ἀναγνώσεως’)

2197 628 2463 705 εὐρύνεται
2520 626 2735 688 πάντως
2783 626 2816 691 ἡ
2863 625 3081 691 τοιαύτη
3132 620 3422 701 ὑμνολογία
3479 624 3566 678 καὶ
3610 619 3695 677 διὰ
3751 627 3852 676 τῶν

2196 716 2572 794 ἀναγνώσεων.
2616 714 2786 773 Πάλιν
2839 714 2891 770 ἐν
2955 714 3174 777 ταύταις
3233 725 3357 775 ταῖς
3415 711 3778 790 ἀναγνώσεσιν
3826 712 3854 766 ὁ

2197 808 2336 863 κατὰ
2391 805 2512 863 νοῦν
2560 804 2780 882 βλέπον,
2813 804 3003 881 ὄψεται
3046 809 3160 865 πῶς
3219 804 3285 859 τὰ
3345 801 3517 858 πάντα
3546 801 3726 863 καλῶς
3768 802 3853 856 καὶ

2199 897 2271 959 ὡς
2329 894 2413 952 δεῖ
2476 895 2805 975 ἐτάχθησαν,
2843 896 2929 950 καὶ
2985 894 3123 949 κατά
3168 892 3452 968 ἕμπνευσιν
3508 892 3604 947 καὶ
3646 891 3853 958 κίνησιν

2197 992 2291 1042 τοῦ
2346 986 2485 1043 θείου
2537 988 2622 1042 καὶ
2674 992 2986 1065 ζωαρχικοῦ
3045 984 3369 1056 Πνεύματος.
3422 981 3852 1059 Ἀναγινώσλον-

2197 1097 2285 1132 ται
2343 1076 2445 1153 γὰρ
2503 1076 2569 1131 τὰ
2626 1080 2726 1142 τῆς
2787 1073 3024 1138 Παλαιᾶς
3089 1073 3359 1141 Διαθήκης
3418 1073 3698 1148 πρότερον,
3750 1069 3853 1126 εἶθ’

2198 1161 2361 1227 οὕτως
2392 1171 2490 1233 τῆς
2537 1164 2695 1227 Νέας⁶
2741 1162 2821 1220 ὅτι
2864 1166 2897 1230 ἡ
2943 1164 3040 1221 μὲν
3092 1162 3218 1218 εἶπε
3262 1162 3327 1217 τὰ
3370 1161 3488 1240 περὶ
3523 1167 3774 1239 Χριστοῦ,
3817 1160 3850 1227 ἡ

2196 1252 2252 1309 δὲ
2315 1252 2547 1310 ἐτέλεσε·
2583 1256 2669 1310 καὶ
2718 1254 2751 1321 ἡ
2784 1253 2883 1328 μὶν
2937 1252 3144 1315 ετγόνας
3177 1250 3429 1329 ἔγραψεν,
3465 1252 3500 1318 ἡ
3532 1250 3586 1305 δὲ
3648 1254 3852 1327 τρανῶς

2197 1342 2431 1409 ὑπέδειξε
2487 1343 2582 1410 τὴν
2638 1342 2912 1413 ἀλήθειαν*
2948 1342 3033 1397 καὶ
3091 1343 3125 1408 ἡ
3171 1341 3268 1403 μὲν
3328 1338 3569 1417 θεολογία
3628 1338 3848 1395 καλοιτο

2199 1430 2283 1505 ἂν,
2314 1435 2345 1501 ἡ
2373 1430 2427 1488 δὲ
2451 1431 2557 1491 Νέα
2584 1434 2849 1512 θεουργία,
2880 1431 2960 1488 δτι
2994 1431 3124 1487 Θεὸν
3153 1428 3386 1495 ὑπέδειξε
3406 1429 3542 1504 μετά
3572 1427 3854 1503 σώματος,

457 1527 884 1591 demonstravit
920 1548 936 1604 ;
967 1535 1146 1608 atque
1170 1525 1316 1588 illud
1373 1527 1515 1590 item
1549 1526 1848 1605 theologia
1878 1523 2073 1587 vocari
2106 1520 2297 1603 possit
2326 1538 2434 1583 seu
2465 1538 2663 1583 sermo
2696 1521 2771 1583 de
2804 1524 2954 1596 Deo,
2990 1520 3103 1581 hoc
3134 1536 3272 1580 vero
3298 1520 3537 1599 θεουργία
3567 1535 3672 1579 seu
3701 1534 3852 1598 opus

456 1618 587 1699 Dei,
621 1618 902 1698 quoniam
933 1617 1265 1696 ipsummet
1308 1618 1497 1680 Deum
1531 1621 1589 1677 in
1622 1634 1875 1698 corpore
1918 1613 2212 1678 exhibuit.

539 1695 697 1788 ς’νῖ.
744 1708 857 1782 Qui
891 1695 1135 1783 quidem
1182 1724 1486 1768 sacrarum
1520 1695 1748 1768 harum—
1779 1706 2104 1769 lectionum

2269 1709 2297 1779 §
2323 1701 2421 1764 VI.
2453 1701 2667 1760 Τούτων
2697 1707 2803 1757 τῶν
2832 1703 2986 1779 ἱερῶν
3030 1699 3305 1777 ἀναγνώσε
3322 1704 3384 1754 ὸν
3428 1701 3475 1755 οἱ
3526 1699 3624 1773 μὲν
3651 1695 3851 1766 τελέως

458 1798 860 1878 tubarumque
896 1796 1257 1877 spiritalium
1274 1797 1512 1877 penitus
1524 1798 2108 1870 207exsortessunt,

456 1893 704 1967 neipsas
727 1889 969 1968 quidem
1000 1887 1297 1967 imagines
1318 1894 1682 1949 contuentur
1713 1907 1727 1947 :
1748 1904 1883 1949 nam
1908 1886 2113 1949 oculos

455 1978 643 2039 semel
672 1978 748 2038 ad
783 1978 985 2039 lumen
1008 1977 1217 2039 salutis
1247 1978 1651 2056 occluserunt,
1676 1978 1921 2057 Deoque
1949 1975 2112 2055 ipsos

452 2066 686 2128 vocanti
734 2066 1112 2147 obstrepunt:
1147 2066 1287 2128 Vias
1340 2074 1469 2127 tuas
1511 2065 1667 2128 scire
1717 2064 1878 2127 nolo.
1911 2064 2110 2127 Tubas

453 2164 651 2219 autem
673 2156 1009 2237 accipit,vel
1026 2163 1269 2238 prapter
1291 2155 1557 2237 spiritale
1592 2154 1813 2217 bellum
1841 2154 2104 2216 ﬁdelium

455 2245 611 2326 quod
638 2245 863 2308 habent
881 2264 1014 2307 cum
1042 2245 1409 2325 adversario,
1431 2244 1523 2306 vel
1550 2252 1794 2326 propter
1817 2244 1980 2305 illam
2007 2264 2105 2324 po-

408 2376 411 2379 η
455 2334 579 2415 puli
612 2336 674 2396 in
716 2333 859 2398 Sina
888 2334 1410 2414 congregationem
1457 2334 1787 2396 secundum
1830 2333 2101 2396 ordinem

455 2424 804 2507 dignitatis;
839 2443 979 2486 nam
1015 2424 1206 2486 ultimi
1239 2424 1477 2486 illorum
1515 2442 1693 2486 voces
1717 2442 1786 2486 ac
1811 2423 1984 2486 tubas
2006 2442 2106 2485 au-

455 2512 730 2577 diebant.
755 2516 941 2577 Porro
965 2521 1083 2576 tres
1105 2513 1351 2577 ordines
1372 2515 2100 2593 hoc,catechumenorum,

456 2609 515 2666 et
543 2621 578 2665 a
601 2603 910 2686 spiritibus
934 2603 1911 2685 obsessorum,poenitentiumque,
1936 2621 2105 2666 sacra

453 2693 693 2775 quidem
723 2694 953 2756 sanctio
987 2694 1274 2773 permittit
1305 2694 1511 2756 audire
1555 2694 1861 2771 lectiones,
1894 2712 2097 2756 verum

2198 1790 2298 1857 ἔξω
2368 1814 2469 1848 που
2540 1797 2645 1847 τῶν
2707 1797 3080 1867 πνευματικῶν
3161 1788 3468 1869 σαλπίγγων
3548 1789 3850 1866 ἱστάμενοι,

2195 1880 2313 1940 οὐδὲ
2370 1882 2465 1947 τὰς
2525 1882 2730 1944 εἰκόνας
2775 1884 2990 1960 ὁρῶσινο
3052 1881 3327 1957 ἀπέμυσαν
3386 1881 3487 1958 γὰρ
3531 1879 3671 1945 ἃπαξ
3716 1881 3851 1957 πρὸς

2195 1993 2256 2027 το
2300 1977 2407 2050 φῶς
2473 1976 2573 2038 τῆς
2605 1973 2893 2051 σωτηρίας,
2928 1973 3016 2028 καὶ
3074 1969 3396 2048 ἀπολέγουοι
3426 1971 3514 2025 καὶ
3559 1969 3848 2049 ἀντιφθέγ-

2193 2083 2376 2138 γονται
2433 2063 2567 2139 πρὸς
2598 2062 2690 2117 τὸν
2741 2060 3002 2118 καλοῦντα
3035 2062 3187 2123 Θεόν,
3246 2062 3346 2122 Τὰς
3376 2057 3522 2124 ὁδούς
3565 2080 3660 2117 σου
3705 2057 3848 2114 εἰδε-

2191 2173 2273 2207 ναι
2329 2150 2387 2208 οὗ
2418 2151 2701 2227 βούλομαι.
2768 2151 3079 2229 Σάλπιγγας
3107 2150 3164 2206 δὲ
3222 2146 3628 2227 παραλαμϐάνει
3673 2148 3709 2216 ἢ
3764 2147 3847 2206 διὰ

2187 2242 2279 2296 τὸν
2337 2242 2695 2315 πνευματικὸν
2768 2242 2875 2297 τῶν
2944 2241 3146 2297 πιστῶν
3189 2240 3450 2315 πόλεμον,
3516 2241 3573 2295 ὃν
3645 2237 3844 2318 ’έχουσι

2186 2331 2319 2407 πρὸς
2372 2332 2464 2385 τὸν
2492 2330 2878 2409 ἀντικείμενον,
2916 2328 2951 2397 ἢ
3009 2328 3097 2386 διὰ
3126 2329 3225 2397 τὴν
3257 2328 3341 2385 ἐπὶ
3371 2337 3464 2387 τοῦ
3512 2333 3643 2383 Σινᾶ
3672 2351 3842 2385 συνα-

2189 2427 2376 2505 γωγὴν
2436 2434 2529 2484 τοῦ
2557 2426 2687 2484 λαοῦ
2744 2429 2833 2484 καὶ
2862 2429 2960 2494 τὴν
3005 2426 3185 2484 ἐκεῖσε
3215 2425 3332 2482 κατ’
3388 2426 3533 2492 ἀξίαν
3577 2426 3752 2491 τάξιν·
3803 2429 3847 2483 οἱ

2188 2518 2286 2595 γὰρ
2337 2517 2557 2596 ἔσχατοι
2590 2517 2803 2574 ἐκείνων
2847 2518 2953 2573 τῶν
3011 2519 3201 2598 φωνῶν
3232 2519 3318 2574 καὶ
3370 2522 3475 2573 τῶν
3519 2515 3847 2595 σσλωίγγων

2186 2605 2511 2666 κατώκουον.
2574 2609 2775 2669 Ταύτας
2829 2605 2883 2664 δὲ
2933 2607 3025 2671 τάς
3083 2607 3233 2685 τρεῖς
3275 2605 3472 2687 τάξεις,
3507 2612 3611 2663 τῶν
3662 2628 3845 2673 κατη-

2185 2695 2491 2775 χουμένων,
2555 2701 2662 2751 τῶν
2718 2697 2819 2753 ὑπὸ
2905 2698 3222 2772 πνευμάτων
3279 2696 3696 2774 ἐνεργουμένων,
3758 2696 3848 2752 καὶ

452 2791 617 2845 arcet
641 2801 675 2844 a
696 2783 1090 2864 sequentibus
1121 2784 1439 2865 mysteriis.
1476 2782 1630 2856 Quin
1654 2791 1714 2847 et
1734 2784 1880 2846 ordo
1912 2792 2100 2847 status

2189 2786 2286 2841 τῶν
2338 2784 2394 2841 ἐν
2446 2786 2699 2861 μετανοίᾳ
2755 2784 2952 2856 ὄντων,
2988 2788 3164 2867 ἐφίησι
3227 2785 3325 2858 μὲν
3383 2788 3411 2842 ὁ
3460 2787 3595 2866 ἱερὸς
3646 2787 3847 2861 θεσμὸς

452 2888 663 2934 eorum
689 2873 1019 2935 secundum
1040 2873 1332 2953 justitiam
1354 2874 1638 2935 definitus
1661 2882 1772 2950 est;
1805 2880 1984 2954 atque
2007 2873 2096 2935 ul-

2189 2873 2462 2932 ἐπακούειν
2532 2877 2631 2942 τῆς
2703 2876 3079 2955 ἀναγνώσεως,
3141 2876 3380 2954 ἀπείργει
3450 2874 3505 2930 δὲ
3551 2880 3658 2931 τῶν
3718 2875 3847 2943 ἑξῆς

450 2959 633 3023 timus
680 2962 921 3042 quidem
954 2964 1101 3024 ordo
1148 2962 1480 3025 attributus
1500 2971 1593 3025 est
1624 2963 2099 3045 catechumenis,

2189 2965 2511 3042 μυστηρίων.
2572 2964 2718 3032 Πλὴν
2764 2967 2850 3022 καὶ
2903 2967 2938 3033 ἡ
2978 2964 3119 3032 τάξις
3179 2970 3280 3032 τῆς
3337 2966 3577 3029 στάσεως
3649 2966 3850 3022 τούτων

451 3058 658 3131 utpote
689 3051 853 3113 nullo
874 3051 1070 3114 adhuc
1099 3061 1471 3115 sacramento
1503 3052 1772 3129 initiatis,
1793 3060 1852 3115 et
1881 3071 2101 3115 secun-

2189 3075 2252 3109 κα
2266 3055 2322 3109 τὰ
2353 3053 2688 3121 δικαιοσύνην
2719 3054 2946 3135 ἐτάχθη·
3003 3057 3090 3112 καὶ
3121 3054 3328 3136 ἐσχάτη
3385 3054 3483 3130 μὲν
3513 3054 3660 3120 τάξις
3715 3069 3845 3121 τοῖς

455 3138 597 3201 dum
614 3143 802 3204 Deum
817 3142 1073 3203 necdum
1106 3143 1370 3223 perfecte
1387 3142 1559 3205 natis.
1588 3141 2101 3214 Quemadmodum

455 3229 620 3292 enim
670 3232 729 3294 in
760 3230 943 3294 rebus
993 3233 1305 3312 corporeis
1333 3232 1574 3307 accidit,
1612 3241 1673 3293 ut
1726 3232 2107 3312 imperfectos

452 3319 610 3382 fetus
641 3328 701 3383 et
720 3321 966 3384 abortus
980 3340 1155 3384 nemo
1186 3323 1480 3385 dixeritin
1515 3324 1708 3386 lucem
1730 3340 1865 3385 esse
1892 3322 2105 3403 editos,

451 3428 525 3471 eo
551 3411 704 3491 quod
732 3411 1085 3493 imperfecto
1110 3420 1381 3475 materno
1396 3421 1567 3476 utero
1586 3411 1921 3475 exciderint
1939 3412 2104 3492 (nam

448 3499 733 3581 physicus
783 3501 1172 3582 medicusque
1223 3502 1447 3577 dicent,
1483 3502 1680 3565 lucem
1736 3506 1795 3562 in
1843 3501 1915 3563 iis
1959 3502 2107 3563 nihil

448 3588 711 3670 operari,
749 3608 882 3653 cum
921 3609 955 3651 a
991 3602 1201 3653 natura
1238 3590 1476 3667 habeat,
1512 3602 1575 3653 ut
1607 3599 1889 3671 operetur
1926 3592 1985 3653 in
2036 3592 2107 3654 iis

447 3696 579 3760 qua:
597 3679 745 3742 lucis
757 3690 892 3742 sunt
908 3682 1199 3762 capacia);
1227 3681 1438 3743 eodem
1457 3680 1634 3742 modo
1660 3682 1717 3742 in
1739 3681 2106 3761 spiritalibus

447 3787 514 3831 se
544 3787 643 3831 res
686 3770 903 3833 habet:
947 3771 1361 3833 catechumeni
1407 3774 1567 3832 enim
1602 3770 1797 3833 adhuc
1826 3771 2104 3854 Eloquiis

445 3858 871 3941 informantur,
906 3878 1103 3941 neque
1125 3860 1267 3922 dum
1305 3860 1626 3940 perfectam
1663 3861 1915 3923 formam
1937 3880 2104 3925 acce-

447 3949 790 4028 perunt,sed
807 3950 1058 4028 perfecti
1072 3949 1514 4029 erunt,quando
1529 3949 1726 4011 divino
1751 3949 2103 4032 baptismate

445 4037 670 4099 fuerint
698 4039 1077 4120 regenerati;
1116 4048 1255 4101 tunc
1280 4048 1480 4100 autem
1515 4038 1612 4115 iis,
1648 4047 1924 4122 tanquam
1950 4042 2103 4105 lucis

446 4127 815 4209 excrpiendaa
839 4128 1181 4210 capacibus,
1207 4128 1543 4190 divinorum
1567 4132 1978 4211 mysteriorum
2004 4133 2100 4194 lu-

446 4218 607 4280 mina
632 4218 1019 4281 collucebunt
1044 4238 1059 4293 ;
1093 4237 1253 4279 nunc
1275 4236 1414 4281 vero
1437 4231 1741 4302 arcentur,
1765 4221 2101 4284 hierarcbia

445 4325 875 4389 sacrorumque
894 4307 1103 4370 ordine
1121 4308 1207 4370 sic
1242 4309 1613 4389 providente,
1637 4329 1713 4373 ne
1734 4312 2103 4391 quibuslibet

2189 3143 2619 3223 κατηχουμένοις
2678 3143 3098 3219 ἀπονενέμηται,
3160 3148 3233 3208 ὡς
3290 3145 3550 3218 ἀμυήτοις
3603 3144 3707 3219 ἔτι,
3754 3146 3850 3202 καὶ

2190 3231 2268 3307 μὴ
2314 3231 2521 3289 τελείαν
2552 3234 2651 3301 τὴν
2709 3234 2846 3291 κατά
2877 3236 3008 3291 Θεὸν
3067 3234 3311 3302 ἀπότεξιν
3341 3235 3577 3315 ἔχουσιν⁹
3607 3236 3684 3299 ὡς

2187 3323 2274 3378 ἐπὶ
2344 3325 2452 3379 τῶν
2523 3331 2846 3399 σωματικῶν
2915 3323 3057 3405 ἔχει,
3122 3324 3202 3383 ὅτι
3261 3326 3326 3381 τὰ
3387 3324 3696 3401 ὴλιτῦμηνα
3756 3326 3850 3382 καὶ

2190 3410 2506 3491 ἐκτρώματα
2556 3415 2649 3470 οὐκ
2680 3412 2741 3469 ἄν
2772 3436 2854 3477 τις
2892 3416 3024 3493 πρὸς
3083 3415 3142 3471 τὸ
3174 3420 3286 3495 φῶς
3318 3414 3622 3495 ἀναχθῆναι
3667 3414 3867 3495 εἴποι,·

2188 3498 2319 3557 διότι
2377 3506 2475 3569 τῆς
2535 3508 2808 3579 μητρικῆς
2860 3505 3089 3583 γαστρὸς
3147 3503 3405 3562 ἀτέλεστα
3463 3504 3848 3563 ἐκπεπτώκασι

2190 3590 2348 3672 (φαίη
2396 3593 2553 3672 γάρὸ
2602 3594 2835 3672 φυσικῶς
2885 3595 2971 3651 καὶ
3000 3594 3250 3675 ἰατρικῶς
3309 3593 3477 3675 ἔχων,
3510 3595 3583 3657 ὡς
3628 3597 3725 3653 οὒκ
3785 3597 3847 3654 ἃν

2188 3681 2261 3744 εἷς
2320 3680 2453 3737 αὒτὰ
2495 3684 2558 3738 τὸ
2612 3689 2725 3763 φῶς
2769 3682 3109 3763 ἐνεργήσειε,
3138 3684 3290 3764 φύσιν
3346 3684 3476 3765 ἔχον
3536 3686 3611 3744 εἰς
3660 3685 3848 3743 ἐκεῖνα

2186 3772 2444 3849 ἐνεργεῖν,
2495 3770 2529 3827 ἂ
2579 3771 2645 3841 δὴ
2693 3774 2780 3829 καὶ
2837 3775 3013 3853 φωτὸς
3058 3773 3275 3832 δεκτικᾶ
3328 3773 3511 3855 εἰσιν)
3572 3774 3714 3832 οὕτω
3758 3777 3847 3833 καὶ

2184 3860 2273 3917 ἐπὶ
2311 3865 2418 3917 τῶν
2476 3863 2851 3938 πνευματικῶν
2912 3862 3056 3945 ἔχει’
3112 3863 3187 3921 ἔτι
3248 3864 3348 3944 γὰρ
3379 3867 3428 3921 οἱ
3475 3866 3841 3946 κατηχούμε-

2184 3972 2266 4007 νοι
2337 3951 2440 4006 ὑπὸ
2513 3958 2621 4008 τῶν
2692 3954 2897 4031 Λογίων
2971 3954 3314 4035 μορφοῦνται,
3366 3955 3454 4012 καὶ
3510 3956 3570 4012 οὗ
3638 3954 3848 4013 τελείαν

2184 4036 2455 4098 ἀπέλαϐον
2499 4042 2798 4122 μόρφωσιν,
2834 4042 3382 4125 τελεσφορηθήσονται
3426 4043 3505 4117 δὲ,
3539 4044 3668 4102 ὅταν
3727 4048 3850 4120 θείῳ

2184 4128 2580 4207 ἀναγεννηθῶσι
2640 4132 2991 4209 βαπτίσματν
3067 4134 3187 4191 τότε
3256 4136 3346 4191 καὶ
3425 4136 3497 4201 ὡς
3572 4133 3847 4200 δεκτικοῖς

2183 4217 2369 4285 αὐτοῖς
2426 4220 2518 4277 τοῦ
2562 4223 2736 4302 φωτὸς
2785 4222 2951 4299 οὖσιν,
2988 4222 3284 4300 ἐπιλάμποι
3332 4222 3396 4279 ἂν
3443 4224 3509 4280 τὰ
3552 4231 3661 4282 τῶν
3693 4226 3847 4283 θείων

2183 4310 2489 4389 μυστηρίων
2543 4317 2715 4392 φῶτα·
2763 4320 2852 4370 νῦν
2895 4313 2951 4370 δε
3006 4312 3539 4390 ἀποδιαστέλλονται,
3577 4337 3845 4395 προνοου-

444 4397 811 4496 propaletur,
840 4399 1016 4496 etiam
1051 4399 1518 4496 catechumenis,
1554 4403 1653 4481 qui
1688 4410 1955 4484 tempore
1986 4420 2097 4482 op-

2189 4396 2349 4496 μένης
2395 4400 2491 4470 τῆς
2550 4404 2819 4484 ἱεραρχίας
2876 4405 2962 4462 καὶ
3020 4409 3119 4473 τῆς
3179 4403 3463 4480 εὗκοσμίας
3507 4411 3616 4461 τῶν
3652 4408 3838 4484 ἱερῶν,

444 4495 727 4566 portuno,
750 4485 848 4547 ubi
864 4505 971 4567 per
1000 4486 1294 4568 baptisma
1322 4491 1933 4564 renascuntur,vitam
1966 4491 2096 4571 spi-

2189 4487 2274 4545 ίνα
2333 4491 2410 4566 μὴ
2443 4491 2531 4548 καὶ
2583 4505 2703 4558 τοῖς
2737 4503 2960 4575 τυχοῦσι
3010 4492 3287 4562 κατάδηλα
3345 4494 3405 4571 ᾗ,
3439 4495 3527 4551 καὶ
3570 4498 3751 4554 αὐτῶν
3776 4493 3839 4563 δή

443 4575 676 4637 ritalem
722 4575 1038 4658 divinaque
1071 4578 1293 4641 lumina
1339 4582 1665 4663 recipiunt.
1701 4579 1897 4652 Quare
1928 4588 2094 4644 cate-

2189 4577 2286 4635 τῶν
2348 4582 2799 4662 κατηχουμένων,
2855 4590 2955 4652 τῆς
3014 4585 3152 4642 κατὰ
3208 4591 3416 4661 πνεῦμα
3465 4589 3638 4661 ζωῆς,
3702 4587 3839 4657 κατά

444 4663 876 4728 chumenorum
910 4667 1056 4729 ordo
1087 4678 1176 4732 est
1212 4679 1574 4751 postremus.

525 4933 553 5012 θ
583 4928 714 4999 VII.
741 4934 852 5008 Qui
869 4955 1007 5001 vero
1031 4956 1064 5001 a
1085 4939 1393 5020 spiritibus
1417 4937 1745 5000 immundis
1770 4939 2088 5023 agitantur,

440 5023 672 5086 ordinis
695 5028 1095 5090 suntsecundi
1121 5038 1179 5090 et
1196 5029 1534 5104 anterioris,
1552 5028 1609 5088 id
1636 5035 1725 5093 est
1742 5031 2089 5110 superioris.

439 5113 746 5194 Siquidem
780 5117 874 5178 hic
908 5118 1055 5181 ordo
1089 5117 1390 5180 secundus
1438 5128 1528 5181 est
1560 5136 1595 5181 a
1622 5121 2087 5199 catechumenis,

438 5204 546 5266 sed
576 5205 872 5285 superior,
908 5209 1186 5287 quoniam
1220 5207 1283 5269 bi
1333 5206 1546 5272 initiati
1576 5219 1718 5273 sunt
1758 5218 1818 5272 et
1846 5211 2092 5274 minime

439 5300 707 5355 exsortes
728 5297 1184 5375 sacramenti,ut
1206 5296 1316 5371 illi,
1339 5299 1572 5362 tametsi
1601 5308 1659 5362 et
1677 5299 1795 5363 illis
1825 5318 2090 5382 quoque,

438 5382 544 5463 qui
573 5385 883 5472 corporeis
914 5384 1218 5447 illecebris
1240 5395 1339 5449 aut
1369 5389 1742 5468 passionihus
1773 5389 2090 5472 perturba-

437 5471 820 5553 tionibusque
843 5472 1058 5535 irretiti
1081 5484 1244 5550 sunt,
1265 5477 1460 5540 divina
1480 5471 1821 5542 communio
1845 5482 2088 5542 subtra-

2175 4670 2358 4747 καιρὸν
2416 4671 2506 4726 τὸν
2553 4674 2894 4750 προσήκόντα
2943 4672 3252 4750 μελλόντων
3295 4673 3349 4730 ἐν
3382 4676 3458 4748 τῷ
3512 4678 3838 4753 γεννηθῆναι

2173 4755 2258 4814 διά
2300 4760 2697 4843 βαπτίσματος,
2732 4765 2820 4821 καὶ
2869 4765 2937 4823 τὰ
2997 4767 3118 4822 θεῖα
3168 4761 3466 4822 ἀπολαϐεῖν
3527 4757 3830 4845 ῳῶτα.”Η

2173 4856 2297 4927 γοῦν
2327 4850 2434 4936 τῶν
2464 4853 2889 4933 κατηχουμένων
2920 4853 3064 4921 τσίξις
3099 4854 3309 4936 ἐσχάτη
3342 4854 3505 4918 ἐστίν.

2257 4937 2287 5019 §
2343 4935 2470 5002 VH.
2527 4940 2592 4998 Ἠ
2654 4941 2708 4999 δὲ
2763 4942 2849 5001 διὰ
2913 4950 3016 5001 τῶν
3062 4935 3377 5021 πνευμάτων
3436 4944 3835 5025 ἐνεργουμένων

2175 5025 2388 5108 δευτέρα
2445 5033 2536 5089 καὶ
2583 5035 2895 5114 ἐμπροσθία’
2956 5040 3112 5092 τουτο
3169 5036 3270 5115 γὰρ
3313 5035 3426 5093 ἐστι
3483 5036 3544 5092 τὸ
3578 5037 3714 5114 πρὸς
3772 5038 3835 5093 τὸ

2176 5115 2308 5208 ἅνωο
2370 5121 2413 5177 έῖ
2468 5121 2568 5200 γὰρ
2628 5125 2717 5180 καὶ
2765 5122 2981 5204 δευτέρα
3028 5124 3136 5181 ἐστὶ
3189 5126 3320 5203 πρὸς
3367 5125 3489 5190 τοὺς
3543 5147 3836 5208 κατηχου-

2175 5207 2392 5285 μένους,
2425 5208 2564 5270 ἀλλὰ
2614 5214 2745 5291 πρὸς
2779 5215 2838 5271 τὸ
2868 5213 3001 5290 ἄνω,
3033 5212 3114 5272 ὅτι
3154 5217 3297 5274 οὗτοι
3328 5213 3711 5292 ἑτελέσθησαν,
3749 5216 3837 5273 καὶ

2176 5298 2269 5355 οὐκ
2324 5297 2557 5374 ἀμύητοι
2585 5305 2741 5381 εἰσιν,
2780 5306 2855 5369 ὡς
2917 5303 3137 5386 ἐκεῖνοι,
3172 5303 3229 5362 εἴ
3255 5327 3306 5363 τι
3335 5305 3372 5373 ἦ
3408 5305 3521 5363 θεία
3583 5307 3835 5365 κοινωνία

2175 5388 2537 5470 συστέλλεται,
2593 5396 2681 5452 καὶ
2737 5395 2842 5453 ἀπὸ
2901 5402 3009 5453 τῶν
3058 5396 3433 5477 ἐνισχημένων
3494 5409 3833 5473 σωματικοῖς

2169 5476 2524 5564 θελκτηρίοις,
2578 5483 2744 5564 ἤγουν
2788 5487 2977 5544 πάθεσι
3021 5488 3110 5544 καὶ
3166 5476 3436 5567 ταραχαῖς
3489 5482 3701 5555 ἡδονῶν
3743 5488 3833 5545 καὶ

437 5558 624 5659 bitur;
650 5579 913 5659 eumque
925 5563 1197 5659 ordinem
1221 5576 1386 5630 recte
1401 5586 1467 5630 se
1491 5569 1710 5633 habere
1732 5589 1766 5632 a
1781 5570 2083 5633 contrario

2189 5569 2415 5647 nmplver.
2468 5573 2645 5639 καλῶς
2717 5576 2866 5659 ἔχειν
2921 5577 3021 5645 τὴν
3077 5576 3226 5643 τάξιν
3297 5577 3357 5634 ἐκ
3422 5583 3516 5635 τοῦ
3571 5577 3818 5634 ἐναντίου

438 5649 771 5715 conﬁrmat.
797 5653 944 5714 Nam
970 5653 1022 5717 si
1041 5671 1242 5717 verum
1260 5666 1371 5735 est,
1398 5658 1885 5743 inquit,divinum
1913 5678 2082 5743 prors

2192 5667 2477 5743 πιχειρῶν.
2508 5665 2565 5724 Εἰ
2597 5667 2693 5750 γὰρ
2722 5649 2857 5751 ἐστι,
2890 5667 3073 5753 φησὶν,
3102 5666 3323 5753 ἀληθὲς,
3356 5668 3432 5737 ὡς
3459 5669 3488 5727 ὁ
3516 5668 3658 5728 κατὰ
3691 5668 3824 5728 Θεόν
