  <div class='ocr_page' id='page_1' title='image "/cluster/home/n/w/nwhite01/storage/ocr_20150623/3/coo.31924054872829/239.png"; bbox 0 0 4042 6418; ppageno 0'>
   <div class='ocr_carea' id='block_1_1' title="bbox 476 315 596 384">
    <p class='ocr_par' dir='ltr' id='par_1_1' title="bbox 476 315 596 384">
     <span class='ocr_line' id='line_1_1' title="bbox 476 315 596 384; baseline 0 -1"><span class='ocrx_word' id='word_1_1' title='bbox 476 315 596 384; x_wconf 82' lang='grc'><strong>463</strong></span> 
     </span>
    </p>
   </div>
   <div class='ocr_carea' id='block_1_2' title="bbox 1640 310 2673 381">
    <p class='ocr_par' dir='ltr' id='par_1_2' title="bbox 1640 310 2673 381">
     <span class='ocr_line' id='line_1_2' title="bbox 1640 310 2673 381; baseline -0.003 -3"><span class='ocrx_word' id='word_1_2' title='bbox 1640 316 1702 381; x_wconf 91' lang='lat' dir='ltr'><strong>S.</strong></span> <span class='ocrx_word' id='word_1_3' title='bbox 1750 312 2094 380; x_wconf 87' lang='lat' dir='ltr'><strong>DIONYSII</strong></span> <span class='ocrx_word' id='word_1_4' title='bbox 2138 310 2673 380; x_wconf 66' lang='lat' dir='ltr'><strong>AREOPAGITE.</strong></span> 
     </span>
    </p>
   </div>
   <div class='ocr_carea' id='block_1_3' title="bbox 3745 306 3868 379">
    <p class='ocr_par' dir='ltr' id='par_1_3' title="bbox 3745 306 3868 379">
     <span class='ocr_line' id='line_1_3' title="bbox 3745 306 3868 379; baseline 0.016 -1"><span class='ocrx_word' id='word_1_5' title='bbox 3745 306 3868 379; x_wconf 77' lang='grc'>464</span> 
     </span>
    </p>
   </div>
   <div class='ocr_carea' id='block_1_4' title="bbox 472 445 2126 528">
    <p class='ocr_par' dir='ltr' id='par_1_4' title="bbox 472 445 2126 527">
     <span class='ocr_line' id='line_1_4' title="bbox 472 445 2126 527; baseline -0.002 -13"><span class='ocrx_word' id='word_1_6' title='bbox 472 449 574 514; x_wconf 91' lang='lat' dir='ltr'><strong>alii</strong></span> <span class='ocrx_word' id='word_1_7' title='bbox 603 465 742 511; x_wconf 89' lang='lat' dir='ltr'><strong>vero</strong></span> <span class='ocrx_word' id='word_1_8' title='bbox 772 445 1049 527; x_wconf 84' lang='lat' dir='ltr'><strong>divinius,</strong></span> <span class='ocrx_word' id='word_1_9' title='bbox 1086 447 1523 515; x_wconf 87' lang='lat' dir='ltr'><strong>hierarchicam</strong></span> <span class='ocrx_word' id='word_1_10' title='bbox 1557 448 1981 513; x_wconf 77' lang='lat' dir='ltr'><strong>eucharistiam</strong></span> <span class='ocrx_word' id='word_1_11' title='bbox 2018 465 2126 510; x_wconf 92' lang='lat' dir='ltr'><strong>vo-</strong></span> 
     </span>
    </p>
   </div>
   <div class='ocr_carea' id='block_1_5' title="bbox 2210 445 3869 528">
    <p class='ocr_par' dir='ltr' id='par_1_5' title="bbox 2219 449 3869 528">
     <span class='ocr_line' id='line_1_5' title="bbox 2219 449 3869 528; baseline -0.001 -23"><span class='ocrx_word' id='word_1_12' title='bbox 2219 449 2434 526; x_wconf 77' lang='grc' dir='ltr'>τρώτως</span> <span class='ocrx_word' id='word_1_13' title='bbox 2466 451 2609 528; x_wconf 84' lang='grc' dir='ltr'>παρᾶ</span> <span class='ocrx_word' id='word_1_14' title='bbox 2638 458 2732 507; x_wconf 84' lang='grc' dir='ltr'><strong>τοῦ</strong></span> <span class='ocrx_word' id='word_1_15' title='bbox 2780 450 2974 528; x_wconf 80' lang='grc' dir='ltr'><strong>ἀγαθοῦ</strong></span> <span class='ocrx_word' id='word_1_16' title='bbox 3032 453 3165 508; x_wconf 77' lang='grc' dir='ltr'>Θεοῦ</span> <span class='ocrx_word' id='word_1_17' title='bbox 3217 450 3542 525; x_wconf 82' lang='grc' dir='ltr'>ὐπέστημεν,</span> <span class='ocrx_word' id='word_1_18' title='bbox 3597 450 3687 507; x_wconf 78' lang='grc' dir='ltr'><strong>καὶ</strong></span> <span class='ocrx_word' id='word_1_19' title='bbox 3744 463 3869 512; x_wconf 74' lang='grc' dir='ltr'>τοῖς</span> 
     </span>
    </p>
   </div>
   <div class='ocr_carea' id='block_1_6' title="bbox 467 537 2128 622">
    <p class='ocr_par' dir='ltr' id='par_1_6' title="bbox 467 537 2128 622">
     <span class='ocr_line' id='line_1_6' title="bbox 467 537 2128 622; baseline -0.002 -20"><span class='ocrx_word' id='word_1_20' title='bbox 467 545 632 615; x_wconf 88' lang='lat' dir='ltr'><strong>cant,</strong></span> <span class='ocrx_word' id='word_1_21' title='bbox 663 545 726 602; x_wconf 89' lang='lat' dir='ltr'><strong>ut</strong></span> <span class='ocrx_word' id='word_1_22' title='bbox 757 555 889 620; x_wconf 63' lang='lat' dir='ltr'><strong>quae</strong></span> <span class='ocrx_word' id='word_1_23' title='bbox 920 557 1161 601; x_wconf 89' lang='lat' dir='ltr'><strong>omnem</strong></span> <span class='ocrx_word' id='word_1_24' title='bbox 1193 559 1304 622; x_wconf 91' lang='lat' dir='ltr'><strong>pro</strong></span> <span class='ocrx_word' id='word_1_25' title='bbox 1335 559 1431 601; x_wconf 91' lang='lat' dir='ltr'><strong>om</strong></span> <span class='ocrx_word' id='word_1_26' title='bbox 1449 540 1626 602; x_wconf 89' lang='lat' dir='ltr'><strong>nibus</strong></span> <span class='ocrx_word' id='word_1_27' title='bbox 1656 557 1797 619; x_wconf 87' lang='lat' dir='ltr'><strong>erga</strong></span> <span class='ocrx_word' id='word_1_28' title='bbox 1822 558 1930 601; x_wconf 92' lang='lat' dir='ltr'><strong>nos</strong></span> <span class='ocrx_word' id='word_1_29' title='bbox 1955 537 2128 601; x_wconf 89' lang='lat' dir='ltr'><strong>bonis</strong></span> 
     </span>
    </p>
   </div>
   <div class='ocr_carea' id='block_1_7' title="bbox 470 628 2124 711">
    <p class='ocr_par' dir='ltr' id='par_1_7' title="bbox 470 628 2124 711">
     <span class='ocr_line' id='line_1_7' title="bbox 470 628 2124 711; baseline -0.001 -21"><span class='ocrx_word' id='word_1_30' title='bbox 470 629 793 709; x_wconf 83' lang='lat' dir='ltr'><strong>gratiarum</strong></span> <span class='ocrx_word' id='word_1_31' title='bbox 839 628 1138 691; x_wconf 77' lang='lat' dir='ltr'><strong>actionem</strong></span> <span class='ocrx_word' id='word_1_32' title='bbox 1163 629 1631 711; x_wconf 84' lang='lat' dir='ltr'><strong>complectatur;</strong></span> <span class='ocrx_word' id='word_1_33' title='bbox 1666 630 1932 691; x_wconf 83' lang='lat' dir='ltr'><strong>continet</strong></span> <span class='ocrx_word' id='word_1_34' title='bbox 1963 628 2124 690; x_wconf 90' lang='lat' dir='ltr'><strong>enim</strong></span> 
     </span>
    </p>
   </div>
   <div class='ocr_carea' id='block_1_8' title="bbox 469 718 2124 800">
    <p class='ocr_par' dir='ltr' id='par_1_8' title="bbox 469 718 2124 800">
     <span class='ocr_line' id='line_1_8' title="bbox 469 718 2124 800; baseline -0.002 -18"><span class='ocrx_word' id='word_1_35' title='bbox 469 719 576 782; x_wconf 87' lang='lat' dir='ltr'><strong>illa</strong></span> <span class='ocrx_word' id='word_1_36' title='bbox 606 736 776 782; x_wconf 89' lang='lat' dir='ltr'><strong>sacra</strong></span> <span class='ocrx_word' id='word_1_37' title='bbox 800 736 1055 781; x_wconf 89' lang='lat' dir='ltr'><strong>munera</strong></span> <span class='ocrx_word' id='word_1_38' title='bbox 1085 738 1217 800; x_wconf 64' lang='lat' dir='ltr'><strong>quae</strong></span> <span class='ocrx_word' id='word_1_39' title='bbox 1246 719 1537 782; x_wconf 87' lang='lat' dir='ltr'><strong>divinitus</strong></span> <span class='ocrx_word' id='word_1_40' title='bbox 1553 720 1626 781; x_wconf 88' lang='lat' dir='ltr'><strong>ad</strong></span> <span class='ocrx_word' id='word_1_41' title='bbox 1653 738 1762 781; x_wconf 90' lang='lat' dir='ltr'><strong>nos</strong></span> <span class='ocrx_word' id='word_1_42' title='bbox 1794 718 2124 789; x_wconf 88' lang='lat' dir='ltr'><strong>dimanant,</strong></span> 
     </span>
    </p>
   </div>
   <div class='ocr_carea' id='block_1_9' title="bbox 469 807 2128 890">
    <p class='ocr_par' dir='ltr' id='par_1_9' title="bbox 469 807 2128 890">
     <span class='ocr_line' id='line_1_9' title="bbox 469 807 2128 890; baseline -0.001 -19"><span class='ocrx_word' id='word_1_43' title='bbox 469 816 759 887; x_wconf 87' lang='lat' dir='ltr'><strong>recteque</strong></span> <span class='ocrx_word' id='word_1_44' title='bbox 789 826 897 890; x_wconf 92' lang='lat' dir='ltr'><strong>pro</strong></span> <span class='ocrx_word' id='word_1_45' title='bbox 925 807 1202 871; x_wconf 89' lang='lat' dir='ltr'><strong>omnibus</strong></span> <span class='ocrx_word' id='word_1_46' title='bbox 1233 809 1559 888; x_wconf 78' lang='lat' dir='ltr'><strong>gratiarum</strong></span> <span class='ocrx_word' id='word_1_47' title='bbox 1593 810 1753 873; x_wconf 89' lang='lat' dir='ltr'><strong>actio</strong></span> <span class='ocrx_word' id='word_1_48' title='bbox 1786 817 2128 889; x_wconf 83' lang='lat' dir='ltr'><strong>nuncupata</strong></span> 
     </span>
    </p>
   </div>
   <div class='ocr_carea' id='block_1_10' title="bbox 473 898 2123 980">
    <p class='ocr_par' dir='ltr' id='par_1_10' title="bbox 473 898 2123 980">
     <span class='ocr_line' id='line_1_10' title="bbox 473 898 2123 980; baseline -0.002 -18"><span class='ocrx_word' id='word_1_49' title='bbox 473 908 587 975; x_wconf 85' lang='lat' dir='ltr'><strong>est,</strong></span> <span class='ocrx_word' id='word_1_50' title='bbox 619 905 756 980; x_wconf 89' lang='lat' dir='ltr'><strong>quia</strong></span> <span class='ocrx_word' id='word_1_51' title='bbox 786 898 1072 980; x_wconf 86' lang='lat' dir='ltr'><strong>quidquid</strong></span> <span class='ocrx_word' id='word_1_52' title='bbox 1121 899 1194 960; x_wconf 87' lang='lat' dir='ltr'><strong>ad</strong></span> <span class='ocrx_word' id='word_1_53' title='bbox 1229 900 1480 961; x_wconf 86' lang='lat' dir='ltr'><strong>salutem</strong></span> <span class='ocrx_word' id='word_1_54' title='bbox 1546 907 1807 962; x_wconf 85' lang='lat' dir='ltr'><strong>nostram</strong></span> <span class='ocrx_word' id='word_1_55' title='bbox 1868 907 2123 979; x_wconf 82' lang='lat' dir='ltr'><strong>spectat,</strong></span> 
     </span>
    </p>
   </div>
   <div class='ocr_carea' id='block_1_11' title="bbox 472 988 2129 1071">
    <p class='ocr_par' dir='ltr' id='par_1_11' title="bbox 472 988 2129 1071">
     <span class='ocr_line' id='line_1_11' title="bbox 472 988 2129 1071; baseline -0.002 -20"><span class='ocrx_word' id='word_1_56' title='bbox 472 1001 718 1071; x_wconf 85' lang='lat' dir='ltr'><strong>operata</strong></span> <span class='ocrx_word' id='word_1_57' title='bbox 739 997 848 1051; x_wconf 91' lang='lat' dir='ltr'><strong>est.</strong></span> <span class='ocrx_word' id='word_1_58' title='bbox 876 988 1111 1050; x_wconf 80' lang='lat' dir='ltr'><strong>Etenim</strong></span> <span class='ocrx_word' id='word_1_59' title='bbox 1135 989 1390 1069; x_wconf 92' lang='lat' dir='ltr'><strong>primum</strong></span> <span class='ocrx_word' id='word_1_60' title='bbox 1414 1008 1448 1050; x_wconf 88' lang='lat' dir='ltr'><strong>a</strong></span> <span class='ocrx_word' id='word_1_61' title='bbox 1474 988 1640 1051; x_wconf 91' lang='lat' dir='ltr'><strong>bono</strong></span> <span class='ocrx_word' id='word_1_62' title='bbox 1662 989 1784 1052; x_wconf 90' lang='lat' dir='ltr'><strong>Deo</strong></span> <span class='ocrx_word' id='word_1_63' title='bbox 1807 988 2129 1068; x_wconf 86' lang='lat' dir='ltr'><strong>conditi,et</strong></span> 
     </span>
    </p>
   </div>
   <div class='ocr_carea' id='block_1_12' title="bbox 474 1075 2128 1161">
    <p class='ocr_par' dir='ltr' id='par_1_12' title="bbox 474 1075 2128 1161">
     <span class='ocr_line' id='line_1_12' title="bbox 474 1075 2128 1161; baseline -0.002 -19"><span class='ocrx_word' id='word_1_64' title='bbox 474 1078 847 1161; x_wconf 76' lang='lat' dir='ltr'><strong>primigeniis</strong></span> <span class='ocrx_word' id='word_1_65' title='bbox 878 1078 1431 1160; x_wconf 89' lang='lat' dir='ltr'><strong>pulchritudinibus</strong></span> <span class='ocrx_word' id='word_1_66' title='bbox 1457 1078 1531 1142; x_wconf 91' lang='lat' dir='ltr'><strong>ad</strong></span> <span class='ocrx_word' id='word_1_67' title='bbox 1560 1078 2022 1141; x_wconf 83' lang='lat' dir='ltr'><strong>deiformitatem</strong></span> <span class='ocrx_word' id='word_1_68' title='bbox 2047 1075 2128 1139; x_wconf 82' lang='lat' dir='ltr'><strong>ef-</strong></span> 
     </span>
    </p>
   </div>
   <div class='ocr_carea' id='block_1_13' title="bbox 473 1166 2129 1249">
    <p class='ocr_par' dir='ltr' id='par_1_13' title="bbox 473 1166 2129 1249">
     <span class='ocr_line' id='line_1_13' title="bbox 473 1166 2129 1249; baseline -0.002 -19"><span class='ocrx_word' id='word_1_69' title='bbox 473 1168 715 1231; x_wconf 86' lang='lat' dir='ltr'><strong>f&#39;ormati</strong></span> <span class='ocrx_word' id='word_1_70' title='bbox 744 1186 973 1230; x_wconf 89' lang='lat' dir='ltr'><strong>sumus.</strong></span> <span class='ocrx_word' id='word_1_71' title='bbox 1011 1166 1373 1245; x_wconf 83' lang='lat' dir='ltr'><strong>Primigenia</strong></span> <span class='ocrx_word' id='word_1_72' title='bbox 1401 1186 1542 1231; x_wconf 89' lang='lat' dir='ltr'><strong>vero</strong></span> <span class='ocrx_word' id='word_1_73' title='bbox 1571 1176 1742 1231; x_wconf 90' lang='lat' dir='ltr'><strong>vocat</strong></span> <span class='ocrx_word' id='word_1_74' title='bbox 1773 1186 1845 1231; x_wconf 90' lang='lat' dir='ltr'><strong>ea</strong></span> <span class='ocrx_word' id='word_1_75' title='bbox 1886 1184 2020 1249; x_wconf 74' lang='lat' dir='ltr'><strong>quae</strong></span> <span class='ocrx_word' id='word_1_76' title='bbox 2068 1166 2129 1228; x_wconf 91' lang='lat' dir='ltr'><strong>in</strong></span> 
     </span>
    </p>
   </div>
   <div class='ocr_carea' id='block_1_14' title="bbox 471 1255 2129 1338">
    <p class='ocr_par' dir='ltr' id='par_1_14' title="bbox 471 1255 2129 1338">
     <span class='ocr_line' id='line_1_14' title="bbox 471 1255 2129 1338; baseline -0.002 -18"><span class='ocrx_word' id='word_1_77' title='bbox 471 1258 673 1320; x_wconf 83' lang='lat' dir='ltr'><strong>divina</strong></span> <span class='ocrx_word' id='word_1_78' title='bbox 730 1265 941 1321; x_wconf 90' lang='lat' dir='ltr'><strong>natura</strong></span> <span class='ocrx_word' id='word_1_79' title='bbox 1000 1258 1480 1337; x_wconf 88' lang='lat' dir='ltr'><strong>conspiciuntur,</strong></span> <span class='ocrx_word' id='word_1_80' title='bbox 1543 1276 1799 1338; x_wconf 91' lang='lat' dir='ltr'><strong>quorum</strong></span> <span class='ocrx_word' id='word_1_81' title='bbox 1853 1255 2129 1319; x_wconf 85' lang='lat' dir='ltr'><strong>homines</strong></span> 
     </span>
    </p>
   </div>
   <div class='ocr_carea' id='block_1_15' title="bbox 471 1346 2126 1430">
    <p class='ocr_par' dir='ltr' id='par_1_15' title="bbox 471 1346 2126 1430">
     <span class='ocr_line' id='line_1_15' title="bbox 471 1346 2126 1430; baseline -0.001 -21"><span class='ocrx_word' id='word_1_82' title='bbox 471 1366 583 1430; x_wconf 88' lang='lat' dir='ltr'><strong>pro</strong></span> <span class='ocrx_word' id='word_1_83' title='bbox 639 1356 816 1429; x_wconf 87' lang='lat' dir='ltr'><strong>captu</strong></span> <span class='ocrx_word' id='word_1_84' title='bbox 869 1346 1166 1429; x_wconf 87' lang='lat' dir='ltr'><strong>modoque</strong></span> <span class='ocrx_word' id='word_1_85' title='bbox 1197 1367 1305 1410; x_wconf 91' lang='lat' dir='ltr'><strong>suo</strong></span> <span class='ocrx_word' id='word_1_86' title='bbox 1336 1346 1495 1411; x_wconf 90' lang='lat' dir='ltr'><strong>Deus</strong></span> <span class='ocrx_word' id='word_1_87' title='bbox 1535 1348 1853 1429; x_wconf 83' lang='lat' dir='ltr'><strong>participes</strong></span> <span class='ocrx_word' id='word_1_88' title='bbox 1901 1346 2126 1427; x_wconf 73' lang='lat' dir='ltr'><strong>effecit,</strong></span> 
     </span>
    </p>
   </div>
   <div class='ocr_carea' id='block_1_16' title="bbox 471 1435 2130 1518">
    <p class='ocr_par' dir='ltr' id='par_1_16' title="bbox 471 1435 2130 1518">
     <span class='ocr_line' id='line_1_16' title="bbox 471 1435 2130 1518; baseline -0.002 -17"><span class='ocrx_word' id='word_1_89' title='bbox 471 1446 531 1502; x_wconf 89' lang='lat' dir='ltr'><strong>et</strong></span> <span class='ocrx_word' id='word_1_90' title='bbox 559 1440 619 1500; x_wconf 86' lang='lat' dir='ltr'><strong>in</strong></span> <span class='ocrx_word' id='word_1_91' title='bbox 653 1437 928 1518; x_wconf 88' lang='lat' dir='ltr'><strong>paradiso</strong></span> <span class='ocrx_word' id='word_1_92' title='bbox 959 1437 1243 1501; x_wconf 88' lang='lat' dir='ltr'><strong>diviniori</strong></span> <span class='ocrx_word' id='word_1_93' title='bbox 1265 1438 1337 1501; x_wconf 92' lang='lat' dir='ltr'><strong>ad</strong></span> <span class='ocrx_word' id='word_1_94' title='bbox 1367 1456 1628 1518; x_wconf 92' lang='lat' dir='ltr'><strong>superna</strong></span> <span class='ocrx_word' id='word_1_95' title='bbox 1657 1438 1836 1499; x_wconf 90' lang='lat' dir='ltr'><strong>modo</strong></span> <span class='ocrx_word' id='word_1_96' title='bbox 1859 1435 2130 1516; x_wconf 88' lang='lat' dir='ltr'><strong>subrige-</strong></span> 
     </span>
    </p>
   </div>
   <div class='ocr_carea' id='block_1_17' title="bbox 469 1526 2128 1609">
    <p class='ocr_par' dir='ltr' id='par_1_17' title="bbox 469 1526 2128 1609">
     <span class='ocr_line' id='line_1_17' title="bbox 469 1526 2128 1609; baseline -0.002 -19"><span class='ocrx_word' id='word_1_97' title='bbox 469 1526 727 1602; x_wconf 89' lang='lat' dir='ltr'><strong>bamur;</strong></span> <span class='ocrx_word' id='word_1_98' title='bbox 760 1536 1040 1590; x_wconf 66' lang='lat' dir='ltr'><strong>caeterum</strong></span> <span class='ocrx_word' id='word_1_99' title='bbox 1072 1546 1208 1590; x_wconf 90' lang='lat' dir='ltr'><strong>cum</strong></span> <span class='ocrx_word' id='word_1_100' title='bbox 1242 1528 1645 1609; x_wconf 87' lang='lat' dir='ltr'><strong>imprudentia</strong></span> <span class='ocrx_word' id='word_1_101' title='bbox 1701 1537 1901 1589; x_wconf 90' lang='lat' dir='ltr'><strong>nostra</strong></span> <span class='ocrx_word' id='word_1_102' title='bbox 1955 1526 2128 1589; x_wconf 90' lang='lat' dir='ltr'><strong>bonis</strong></span> 
     </span>
    </p>
   </div>
   <div class='ocr_carea' id='block_1_18' title="bbox 472 1617 2121 1699">
    <p class='ocr_par' dir='ltr' id='par_1_18' title="bbox 472 1617 2121 1699">
     <span class='ocr_line' id='line_1_18' title="bbox 472 1617 2121 1699; baseline -0.002 -18"><span class='ocrx_word' id='word_1_103' title='bbox 472 1619 588 1689; x_wconf 88' lang='lat' dir='ltr'><strong>illis</strong></span> <span class='ocrx_word' id='word_1_104' title='bbox 617 1618 1072 1698; x_wconf 81' lang='lat' dir='ltr'><strong>excidissemus,</strong></span> <span class='ocrx_word' id='word_1_105' title='bbox 1109 1618 1452 1699; x_wconf 71' lang='lat' dir='ltr'><strong>prmparatis</strong></span> <span class='ocrx_word' id='word_1_106' title='bbox 1485 1617 1653 1681; x_wconf 85' lang='lat' dir='ltr'><strong>hisce</strong></span> <span class='ocrx_word' id='word_1_107' title='bbox 1680 1617 1855 1680; x_wconf 89' lang='lat' dir='ltr'><strong>bouis</strong></span> <span class='ocrx_word' id='word_1_108' title='bbox 1885 1620 1955 1680; x_wconf 85' lang='lat' dir='ltr'><strong>ad</strong></span> <span class='ocrx_word' id='word_1_109' title='bbox 1990 1617 2121 1698; x_wconf 88' lang='lat' dir='ltr'><strong>pri-</strong></span> 
     </span>
    </p>
   </div>
   <div class='ocr_carea' id='block_1_19' title="bbox 2210 537 3865 618">
    <p class='ocr_par' dir='ltr' id='par_1_19' title="bbox 2210 537 3865 618">
     <span class='ocr_line' id='line_1_19' title="bbox 2210 537 3865 618; baseline -0.001 -23"><span class='ocrx_word' id='word_1_110' title='bbox 2210 539 2530 618; x_wconf 50' lang='lat' dir='ltr'><strong>dplstdnmc</strong></span> <span class='ocrx_word' id='word_1_111' title='bbox 2573 539 2795 597; x_wconf 73' lang='grc' dir='ltr'>κάλλεσι</span> <span class='ocrx_word' id='word_1_112' title='bbox 2856 542 2988 618; x_wconf 83' lang='grc' dir='ltr'>πρὸς</span> <span class='ocrx_word' id='word_1_113' title='bbox 3044 542 3104 596; x_wconf 84' lang='grc' dir='ltr'>τὸ</span> <span class='ocrx_word' id='word_1_114' title='bbox 3155 537 3379 604; x_wconf 76' lang='grc' dir='ltr'>θεοειδὲς</span> <span class='ocrx_word' id='word_1_115' title='bbox 3440 539 3865 618; x_wconf 65' lang='grc' dir='ltr'>ἑμορφώθημεν,</span> 
     </span>
    </p>
   </div>
   <div class='ocr_carea' id='block_1_20' title="bbox 2210 627 3866 710">
    <p class='ocr_par' dir='ltr' id='par_1_20' title="bbox 2210 627 3866 710">
     <span class='ocr_line' id='line_1_20' title="bbox 2210 627 3866 710; baseline -0.001 -25"><span class='ocrx_word' id='word_1_116' title='bbox 2210 627 2516 709; x_wconf 80' lang='grc' dir='ltr'>Ἀρχέτυπα</span> <span class='ocrx_word' id='word_1_117' title='bbox 2545 628 2601 685; x_wconf 78' lang='grc' dir='ltr'>δὲ</span> <span class='ocrx_word' id='word_1_118' title='bbox 2630 654 2759 710; x_wconf 68' lang='grc' dir='ltr'>φησι</span> <span class='ocrx_word' id='word_1_119' title='bbox 2790 632 2856 686; x_wconf 78' lang='grc' dir='ltr'><strong>τὰ</strong></span> <span class='ocrx_word' id='word_1_120' title='bbox 2902 638 2969 708; x_wconf 75' lang='grc' dir='ltr'><strong>τῇ</strong></span> <span class='ocrx_word' id='word_1_121' title='bbox 3027 632 3139 704; x_wconf 71' lang='grc' dir='ltr'>θείᾳ</span> <span class='ocrx_word' id='word_1_122' title='bbox 3201 632 3349 710; x_wconf 70' lang='grc' dir='ltr'>φύσει</span> <span class='ocrx_word' id='word_1_123' title='bbox 3409 631 3866 709; x_wconf 76' lang='grc' dir='ltr'>ἒπιθεωρούμενα,</span> 
     </span>
    </p>
   </div>
   <div class='ocr_carea' id='block_1_21' title="bbox 2208 719 3867 801">
    <p class='ocr_par' dir='ltr' id='par_1_21' title="bbox 2208 719 3867 801">
     <span class='ocr_line' id='line_1_21' title="bbox 2208 719 3867 801; baseline 0.001 -27"><span class='ocrx_word' id='word_1_124' title='bbox 2208 722 2281 775; x_wconf 79' lang='grc' dir='ltr'>ὧν</span> <span class='ocrx_word' id='word_1_125' title='bbox 2312 721 2407 787; x_wconf 71' lang='grc' dir='ltr'><strong>τήν</strong></span> <span class='ocrx_word' id='word_1_126' title='bbox 2439 721 2574 776; x_wconf 81' lang='grc' dir='ltr'>κατὰ</span> <span class='ocrx_word' id='word_1_127' title='bbox 2625 722 2686 776; x_wconf 84' lang='grc' dir='ltr'>τὸ</span> <span class='ocrx_word' id='word_1_128' title='bbox 2736 719 3087 801; x_wconf 71' lang='grc' dir='ltr'>ἐνδεχόμενον</span> <span class='ocrx_word' id='word_1_129' title='bbox 3146 722 3425 796; x_wconf 71' lang='grc' dir='ltr'><strong>μετουσίαν</strong></span> <span class='ocrx_word' id='word_1_130' title='bbox 3482 731 3598 784; x_wconf 84' lang='grc' dir='ltr'>τοῖς</span> <span class='ocrx_word' id='word_1_131' title='bbox 3651 719 3867 796; x_wconf 77' lang='grc' dir='ltr'>ἀνθρώ-</span> 
     </span>
    </p>
   </div>
   <div class='ocr_carea' id='block_1_22' title="bbox 2212 808 3871 888">
    <p class='ocr_par' dir='ltr' id='par_1_22' title="bbox 2212 808 3871 888">
     <span class='ocr_line' id='line_1_22' title="bbox 2212 808 3871 888; baseline -0.001 -23"><span class='ocrx_word' id='word_1_132' title='bbox 2212 830 2328 872; x_wconf 85' lang='grc' dir='ltr'>ποις</span> <span class='ocrx_word' id='word_1_133' title='bbox 2363 809 2491 870; x_wconf 80' lang='grc' dir='ltr'>Θεὸς</span> <span class='ocrx_word' id='word_1_134' title='bbox 2524 808 2849 886; x_wconf 75' lang='grc' dir='ltr'>ἐδωρήσατο,</span> <span class='ocrx_word' id='word_1_135' title='bbox 2881 812 2970 866; x_wconf 84' lang='grc' dir='ltr'><strong>καὶ</strong></span> <span class='ocrx_word' id='word_1_136' title='bbox 2998 810 3268 888; x_wconf 73' lang='grc' dir='ltr'>θειοτέρας</span> <span class='ocrx_word' id='word_1_137' title='bbox 3326 810 3613 888; x_wconf 77' lang='grc' dir='ltr'>ἀναγωγῆς</span> <span class='ocrx_word' id='word_1_138' title='bbox 3669 812 3729 865; x_wconf 63' lang='grc' dir='ltr'>ἓν</span> <span class='ocrx_word' id='word_1_139' title='bbox 3789 810 3871 883; x_wconf 78' lang='grc' dir='ltr'><strong>τῷ</strong></span> 
     </span>
    </p>
   </div>
   <div class='ocr_carea' id='block_1_23' title="bbox 2209 896 3868 977">
    <p class='ocr_par' dir='ltr' id='par_1_23' title="bbox 2209 896 3868 977">
     <span class='ocr_line' id='line_1_23' title="bbox 2209 896 3868 977; baseline 0 -24"><span class='ocrx_word' id='word_1_140' title='bbox 2209 896 2509 975; x_wconf 71' lang='grc' dir='ltr'><strong>παραδείσω</strong></span> <span class='ocrx_word' id='word_1_141' title='bbox 2558 898 2991 975; x_wconf 78' lang='grc' dir='ltr'>κατηξιώθημεν.</span> <span class='ocrx_word' id='word_1_142' title='bbox 3060 900 3217 974; x_wconf 78' lang='grc' dir='ltr'>Εἶτα,</span> <span class='ocrx_word' id='word_1_143' title='bbox 3278 900 3394 955; x_wconf 68' lang='grc' dir='ltr'>επεὶ</span> <span class='ocrx_word' id='word_1_144' title='bbox 3453 897 3504 964; x_wconf 77' lang='grc' dir='ltr'>ἐξ</span> <span class='ocrx_word' id='word_1_145' title='bbox 3548 896 3868 977; x_wconf 74' lang='grc' dir='ltr'>ἆπροαεξίας</span> 
     </span>
    </p>
   </div>
   <div class='ocr_carea' id='block_1_24' title="bbox 2208 988 3868 1069">
    <p class='ocr_par' dir='ltr' id='par_1_24' title="bbox 2208 988 3868 1069">
     <span class='ocr_line' id='line_1_24' title="bbox 2208 988 3868 1069; baseline 0.001 -27"><span class='ocrx_word' id='word_1_146' title='bbox 2208 990 2313 1043; x_wconf 72' lang='grc' dir='ltr'>τῶν</span> <span class='ocrx_word' id='word_1_147' title='bbox 2345 989 2555 1066; x_wconf 80' lang='grc' dir='ltr'>ἀγαθῶν</span> <span class='ocrx_word' id='word_1_148' title='bbox 2614 989 2825 1045; x_wconf 64' lang='grc' dir='ltr'>ἐκείνων</span> <span class='ocrx_word' id='word_1_149' title='bbox 2877 989 3205 1069; x_wconf 72' lang='grc' dir='ltr'>ἐξώαθημεν,</span> <span class='ocrx_word' id='word_1_150' title='bbox 3269 990 3685 1052; x_wconf 77' lang='grc' dir='ltr'>ἑπισκευαστοῖς</span> <span class='ocrx_word' id='word_1_151' title='bbox 3718 988 3868 1065; x_wconf 79' lang='grc' dir='ltr'><strong>ἁγα-</strong></span> 
     </span>
    </p>
   </div>
   <div class='ocr_carea' id='block_1_25' title="bbox 2208 1077 3869 1158">
    <p class='ocr_par' dir='ltr' id='par_1_25' title="bbox 2208 1077 3869 1158">
     <span class='ocr_line' id='line_1_25' title="bbox 2208 1077 3869 1158; baseline 0 -25"><span class='ocrx_word' id='word_1_152' title='bbox 2208 1080 2324 1142; x_wconf 74' lang='grc' dir='ltr'>θοϊς</span> <span class='ocrx_word' id='word_1_153' title='bbox 2383 1080 2456 1141; x_wconf 85' lang='grc' dir='ltr'>εἰς</span> <span class='ocrx_word' id='word_1_154' title='bbox 2516 1080 2577 1135; x_wconf 87' lang='grc' dir='ltr'><strong>τὸ</strong></span> <span class='ocrx_word' id='word_1_155' title='bbox 2635 1078 2866 1158; x_wconf 71' lang='grc' dir='ltr'>ἀρχαῖον</span> <span class='ocrx_word' id='word_1_156' title='bbox 2924 1079 3061 1157; x_wconf 79' lang='grc' dir='ltr'>ἔγνω</span> <span class='ocrx_word' id='word_1_157' title='bbox 3095 1077 3547 1158; x_wconf 76' lang='grc' dir='ltr'>ἀνακαλέσασθαι,</span> <span class='ocrx_word' id='word_1_158' title='bbox 3578 1077 3869 1155; x_wconf 72' lang='grc' dir='ltr'>(ἐπισκευ-</span> 
     </span>
    </p>
   </div>
   <div class='ocr_carea' id='block_1_26' title="bbox 2211 1165 3873 1247">
    <p class='ocr_par' dir='ltr' id='par_1_26' title="bbox 2211 1165 3873 1247">
     <span class='ocr_line' id='line_1_26' title="bbox 2211 1165 3873 1247; baseline 0.002 -26"><span class='ocrx_word' id='word_1_159' title='bbox 2211 1166 2347 1222; x_wconf 76' lang='grc' dir='ltr'>αστὰ</span> <span class='ocrx_word' id='word_1_160' title='bbox 2407 1165 2463 1222; x_wconf 73' lang='grc' dir='ltr'>δὲ</span> <span class='ocrx_word' id='word_1_161' title='bbox 2519 1166 2661 1243; x_wconf 77' lang='grc' dir='ltr'>λέγει</span> <span class='ocrx_word' id='word_1_162' title='bbox 2720 1169 2787 1224; x_wconf 71' lang='grc' dir='ltr'>τὰ</span> <span class='ocrx_word' id='word_1_163' title='bbox 2848 1168 3039 1246; x_wconf 67' lang='grc' dir='ltr'>ἀγαθὰ,</span> <span class='ocrx_word' id='word_1_164' title='bbox 3074 1167 3178 1239; x_wconf 83' lang='grc' dir='ltr'>ὅτι,</span> <span class='ocrx_word' id='word_1_165' title='bbox 3213 1166 3517 1245; x_wconf 83' lang='grc' dir='ltr'>ἆμαρτω)οὶ</span> <span class='ocrx_word' id='word_1_166' title='bbox 3547 1166 3723 1243; x_wconf 77' lang='grc' dir='ltr'>ὄντες,</span> <span class='ocrx_word' id='word_1_167' title='bbox 3760 1168 3873 1247; x_wconf 70' lang='grc' dir='ltr'><strong>χά-</strong></span> 
     </span>
    </p>
   </div>
   <div class='ocr_carea' id='block_1_27' title="bbox 2212 1255 3869 1336">
    <p class='ocr_par' dir='ltr' id='par_1_27' title="bbox 2212 1255 3869 1336">
     <span class='ocr_line' id='line_1_27' title="bbox 2212 1255 3869 1336; baseline -0.001 -24"><span class='ocrx_word' id='word_1_168' title='bbox 2212 1278 2314 1335; x_wconf 87' lang='grc' dir='ltr'>ριτι</span> <span class='ocrx_word' id='word_1_169' title='bbox 2344 1255 2820 1333; x_wconf 74' lang='grc' dir='ltr'>ἐκάλλωπίσθτ,μεν</span> <span class='ocrx_word' id='word_1_170' title='bbox 2850 1258 2937 1315; x_wconf 84' lang='grc' dir='ltr'>καὶ</span> <span class='ocrx_word' id='word_1_171' title='bbox 2970 1256 3297 1336; x_wconf 58' lang='grc' dir='ltr'>ἐσώθημεν)</span> <span class='ocrx_word' id='word_1_172' title='bbox 3332 1259 3417 1314; x_wconf 75' lang='grc' dir='ltr'>καὶ</span> <span class='ocrx_word' id='word_1_173' title='bbox 3448 1256 3531 1313; x_wconf 76' lang='grc' dir='ltr'><strong>διὰ</strong></span> <span class='ocrx_word' id='word_1_174' title='bbox 3581 1257 3679 1325; x_wconf 75' lang='grc' dir='ltr'><strong>τῆς</strong></span> <span class='ocrx_word' id='word_1_175' title='bbox 3723 1278 3869 1313; x_wconf 85' lang='grc' dir='ltr'>παν-</span> 
     </span>
    </p>
   </div>
   <div class='ocr_carea' id='block_1_28' title="bbox 2212 1346 3865 1426">
    <p class='ocr_par' dir='ltr' id='par_1_28' title="bbox 2212 1346 3865 1426">
     <span class='ocr_line' id='line_1_28' title="bbox 2212 1346 3865 1426; baseline 0 -25"><span class='ocrx_word' id='word_1_176' title='bbox 2212 1346 2391 1411; x_wconf 83' lang='grc' dir='ltr'>τελοῦς</span> <span class='ocrx_word' id='word_1_177' title='bbox 2420 1346 2802 1424; x_wconf 70' lang='grc' dir='ltr'>προσλήψεως,</span> <span class='ocrx_word' id='word_1_178' title='bbox 2836 1352 2933 1415; x_wconf 70' lang='grc' dir='ltr'>τῆς</span> <span class='ocrx_word' id='word_1_179' title='bbox 2974 1346 3177 1413; x_wconf 84' lang='grc' dir='ltr'>τελείας</span> <span class='ocrx_word' id='word_1_180' title='bbox 3209 1346 3353 1426; x_wconf 76' lang='grc' dir='ltr'>λέγω</span> <span class='ocrx_word' id='word_1_181' title='bbox 3384 1347 3865 1425; x_wconf 76' lang='grc' dir='ltr'>ἐνανθρωπῆσεως,</span> 
     </span>
    </p>
   </div>
   <div class='ocr_carea' id='block_1_29' title="bbox 2211 1435 3869 1514">
    <p class='ocr_par' dir='ltr' id='par_1_29' title="bbox 2211 1435 3869 1514">
     <span class='ocr_line' id='line_1_29' title="bbox 2211 1435 3869 1514; baseline -0.001 -21"><span class='ocrx_word' id='word_1_182' title='bbox 2211 1438 2310 1503; x_wconf 83' lang='grc' dir='ltr'>τὴν</span> <span class='ocrx_word' id='word_1_183' title='bbox 2384 1439 2488 1492; x_wconf 81' lang='grc' dir='ltr'>τῶν</span> <span class='ocrx_word' id='word_1_184' title='bbox 2559 1436 2765 1494; x_wconf 72' lang='grc' dir='ltr'>οἰκείων</span> <span class='ocrx_word' id='word_1_185' title='bbox 2841 1435 3123 1511; x_wconf 76' lang='grc' dir='ltr'>μετάδοσιν</span> <span class='ocrx_word' id='word_1_186' title='bbox 3195 1436 3610 1514; x_wconf 75' lang='grc' dir='ltr'>ἆγαθουργῆσαι.</span> <span class='ocrx_word' id='word_1_187' title='bbox 3695 1443 3869 1495; x_wconf 78' lang='grc' dir='ltr'>Τοῦτο</span> 
     </span>
    </p>
   </div>
   <div class='ocr_carea' id='block_1_30' title="bbox 2212 1523 3864 1608">
    <p class='ocr_par' dir='ltr' id='par_1_30' title="bbox 2212 1523 3864 1608">
     <span class='ocr_line' id='line_1_30' title="bbox 2212 1523 3864 1608; baseline 0 -26"><span class='ocrx_word' id='word_1_188' title='bbox 2212 1526 2356 1605; x_wconf 80' lang='grc' dir='ltr'>λέγει</span> <span class='ocrx_word' id='word_1_189' title='bbox 2415 1528 2503 1582; x_wconf 79' lang='grc' dir='ltr'><strong>καὶ</strong></span> <span class='ocrx_word' id='word_1_190' title='bbox 2559 1527 2588 1581; x_wconf 80' lang='grc' dir='ltr'>ὃ</span> <span class='ocrx_word' id='word_1_191' title='bbox 2651 1529 2821 1605; x_wconf 81' lang='grc' dir='ltr'>μέγας</span> <span class='ocrx_word' id='word_1_192' title='bbox 2867 1528 3184 1605; x_wconf 73' lang='grc' dir='ltr'>Γρηγύριος’</span> <span class='ocrx_word' id='word_1_193' title='bbox 3219 1523 3519 1604; x_wconf 78' lang='grc' dir='ltr'>Προσέλαϐε</span> <span class='ocrx_word' id='word_1_194' title='bbox 3549 1528 3611 1583; x_wconf 83' lang='grc' dir='ltr'>τὸ</span> <span class='ocrx_word' id='word_1_195' title='bbox 3642 1540 3864 1608; x_wconf 74' lang='grc' dir='ltr'>χεῖρον,</span> 
     </span>
    </p>
   </div>
   <div class='ocr_carea' id='block_1_31' title="bbox 2210 1614 2752 1688">
    <p class='ocr_par' dir='ltr' id='par_1_31' title="bbox 2210 1614 2752 1688">
     <span class='ocr_line' id='line_1_31' title="bbox 2210 1614 2752 1688; baseline -0.009 -16"><span class='ocrx_word' id='word_1_196' title='bbox 2210 1615 2303 1672; x_wconf 70' lang='grc' dir='ltr'>’ἕνα</span> <span class='ocrx_word' id='word_1_197' title='bbox 2334 1614 2409 1688; x_wconf 83' lang='grc' dir='ltr'>δῷ</span> <span class='ocrx_word' id='word_1_198' title='bbox 2433 1618 2492 1672; x_wconf 85' lang='grc' dir='ltr'><strong>τὸ</strong></span> <span class='ocrx_word' id='word_1_199' title='bbox 2522 1614 2752 1678; x_wconf 75' lang='grc' dir='ltr'>ϐέλτιον,</span> 
     </span>
    </p>
   </div>
   <div class='ocr_carea' id='block_1_32' title="bbox 467 1703 3862 1787">
    <p class='ocr_par' dir='ltr' id='par_1_32' title="bbox 467 1703 3862 1787">
     <span class='ocr_line' id='line_1_32' title="bbox 467 1703 3862 1787; baseline -0.001 -16"><span class='ocrx_word' id='word_1_200' title='bbox 467 1711 688 1771; x_wconf 90' lang='lat' dir='ltr'><strong>stinum</strong></span> <span class='ocrx_word' id='word_1_201' title='bbox 741 1726 850 1770; x_wconf 91' lang='lat' dir='ltr'><strong>nos</strong></span> <span class='ocrx_word' id='word_1_202' title='bbox 904 1716 1125 1771; x_wconf 88' lang='lat' dir='ltr'><strong>statum</strong></span> <span class='ocrx_word' id='word_1_203' title='bbox 1175 1725 1455 1770; x_wconf 89' lang='lat' dir='ltr'><strong>revocare</strong></span> <span class='ocrx_word' id='word_1_204' title='bbox 1516 1708 1763 1770; x_wconf 90' lang='lat' dir='ltr'><strong>minime</strong></span> <span class='ocrx_word' id='word_1_205' title='bbox 1811 1706 2099 1769; x_wconf 87' lang='lat' dir='ltr'><strong>dubitavit</strong></span> <span class='ocrx_word' id='word_1_206' title='bbox 2146 1710 2493 1786; x_wconf 65' lang='lat' dir='ltr'><strong>(pratparata</strong></span> <span class='ocrx_word' id='word_1_207' title='bbox 2549 1722 2725 1785; x_wconf 91' lang='lat' dir='ltr'><strong>porro</strong></span> <span class='ocrx_word' id='word_1_208' title='bbox 2758 1712 2926 1767; x_wconf 88' lang='lat' dir='ltr'><strong>vocat</strong></span> <span class='ocrx_word' id='word_1_209' title='bbox 2970 1703 3127 1767; x_wconf 88' lang='lat' dir='ltr'><strong>bona</strong></span> <span class='ocrx_word' id='word_1_210' title='bbox 3169 1704 3269 1767; x_wconf 85' lang='lat' dir='ltr'><strong>illa</strong></span> <span class='ocrx_word' id='word_1_211' title='bbox 3310 1727 3326 1781; x_wconf 90' lang='lat'><strong>;</strong></span> <span class='ocrx_word' id='word_1_212' title='bbox 3377 1704 3657 1787; x_wconf 89' lang='lat' dir='ltr'><strong>quoniam</strong></span> <span class='ocrx_word' id='word_1_213' title='bbox 3721 1724 3862 1768; x_wconf 88' lang='lat' dir='ltr'><strong>cum</strong></span> 
     </span>
    </p>
   </div>
   <div class='ocr_carea' id='block_1_33' title="bbox 469 1795 3870 1880">
    <p class='ocr_par' dir='ltr' id='par_1_33' title="bbox 469 1795 3870 1880">
     <span class='ocr_line' id='line_1_33' title="bbox 469 1795 3870 1880; baseline -0.002 -15"><span class='ocrx_word' id='word_1_214' title='bbox 469 1815 742 1865; x_wconf 83' lang='lat' dir='ltr'><strong>essemus</strong></span> <span class='ocrx_word' id='word_1_215' title='bbox 764 1806 1134 1880; x_wconf 88' lang='lat' dir='ltr'><strong>peccatores,</strong></span> <span class='ocrx_word' id='word_1_216' title='bbox 1173 1797 1358 1877; x_wconf 87' lang='lat' dir='ltr'><strong>gratia</strong></span> <span class='ocrx_word' id='word_1_217' title='bbox 1389 1798 1594 1860; x_wconf 90' lang='lat' dir='ltr'><strong>salvati</strong></span> <span class='ocrx_word' id='word_1_218' title='bbox 1618 1807 1681 1861; x_wconf 89' lang='lat' dir='ltr'><strong>et</strong></span> <span class='ocrx_word' id='word_1_219' title='bbox 1709 1798 1902 1860; x_wconf 88' lang='lat' dir='ltr'><strong>ornati</strong></span> <span class='ocrx_word' id='word_1_220' title='bbox 1933 1801 2182 1876; x_wconf 80' lang='lat' dir='ltr'><strong>sumus),</strong></span> <span class='ocrx_word' id='word_1_221' title='bbox 2218 1803 2280 1857; x_wconf 91' lang='lat' dir='ltr'><strong>et</strong></span> <span class='ocrx_word' id='word_1_222' title='bbox 2324 1795 2669 1857; x_wconf 91' lang='lat' dir='ltr'><strong>omnimoda</strong></span> <span class='ocrx_word' id='word_1_223' title='bbox 2698 1796 3134 1876; x_wconf 84' lang='lat' dir='ltr'><strong>assumptione,</strong></span> <span class='ocrx_word' id='word_1_224' title='bbox 3169 1796 3447 1874; x_wconf 80' lang='lat' dir='ltr'><strong>perfectae</strong></span> <span class='ocrx_word' id='word_1_225' title='bbox 3479 1799 3723 1875; x_wconf 89' lang='lat' dir='ltr'><strong>inquam</strong></span> <span class='ocrx_word' id='word_1_226' title='bbox 3756 1796 3870 1859; x_wconf 82' lang='lat' dir='ltr'><strong>hu-</strong></span> 
     </span>
    </p>
   </div>
   <div class='ocr_carea' id='block_1_34' title="bbox 468 1883 3861 1970">
    <p class='ocr_par' dir='ltr' id='par_1_34' title="bbox 468 1883 3861 1970">
     <span class='ocr_line' id='line_1_34' title="bbox 468 1883 3861 1970; baseline -0 -19"><span class='ocrx_word' id='word_1_227' title='bbox 468 1887 791 1969; x_wconf 86' lang='lat' dir='ltr'><strong>manitatis,</strong></span> <span class='ocrx_word' id='word_1_228' title='bbox 839 1887 1217 1970; x_wconf 89' lang='lat' dir='ltr'><strong>propriorum</strong></span> <span class='ocrx_word' id='word_1_229' title='bbox 1254 1906 1364 1951; x_wconf 91' lang='lat' dir='ltr'><strong>nos</strong></span> <span class='ocrx_word' id='word_1_230' title='bbox 1418 1887 1710 1949; x_wconf 90' lang='lat' dir='ltr'><strong>bonorum</strong></span> <span class='ocrx_word' id='word_1_231' title='bbox 1759 1887 2086 1969; x_wconf 89' lang='lat' dir='ltr'><strong>participes</strong></span> <span class='ocrx_word' id='word_1_232' title='bbox 2144 1883 2361 1949; x_wconf 78' lang='lat' dir='ltr'><strong>effecit.</strong></span> <span class='ocrx_word' id='word_1_233' title='bbox 2426 1886 2554 1949; x_wconf 89' lang='lat' dir='ltr'><strong>Hoc</strong></span> <span class='ocrx_word' id='word_1_234' title='bbox 2587 1894 2678 1947; x_wconf 91' lang='lat' dir='ltr'><strong>est</strong></span> <span class='ocrx_word' id='word_1_235' title='bbox 2728 1887 2886 1967; x_wconf 75' lang='lat' dir='ltr'><strong>quod</strong></span> <span class='ocrx_word' id='word_1_236' title='bbox 2933 1893 2992 1947; x_wconf 90' lang='lat' dir='ltr'><strong>et</strong></span> <span class='ocrx_word' id='word_1_237' title='bbox 3054 1904 3306 1966; x_wconf 88' lang='lat' dir='ltr'><strong>magnus</strong></span> <span class='ocrx_word' id='word_1_238' title='bbox 3358 1886 3683 1968; x_wconf 77' lang='lat' dir='ltr'><strong>Gregorius</strong></span> <span class='ocrx_word' id='word_1_239' title='bbox 3734 1888 3861 1950; x_wconf 87' lang='lat' dir='ltr'><strong>ait:</strong></span> 
     </span>
    </p>
   </div>
   <div class='ocr_carea' id='block_1_35' title="bbox 466 1977 2125 2058">
    <p class='ocr_par' dir='ltr' id='par_1_35' title="bbox 466 1977 2125 2058">
     <span class='ocr_line' id='line_1_35' title="bbox 466 1977 2125 2058; baseline -0.004 -16"><span class='ocrx_word' id='word_1_240' title='bbox 466 1978 812 2057; x_wconf 82' lang='lat' dir='ltr'><strong>Assumpsit</strong></span> <span class='ocrx_word' id='word_1_241' title='bbox 846 1978 1132 2058; x_wconf 82' lang='lat' dir='ltr'><strong>deterius,</strong></span> <span class='ocrx_word' id='word_1_242' title='bbox 1164 1984 1232 2038; x_wconf 82' lang='lat' dir='ltr'><strong>ut</strong></span> <span class='ocrx_word' id='word_1_243' title='bbox 1263 1977 1443 2040; x_wconf 82' lang='lat' dir='ltr'><strong>daret</strong></span> <span class='ocrx_word' id='word_1_244' title='bbox 1473 1978 1541 2039; x_wconf 81' lang='lat' dir='ltr'><strong>id</strong></span> <span class='ocrx_word' id='word_1_245' title='bbox 1569 1978 1739 2058; x_wconf 72' lang='lat' dir='ltr'><strong>quod</strong></span> <span class='ocrx_word' id='word_1_246' title='bbox 1772 1986 1856 2040; x_wconf 82' lang='lat' dir='ltr'><strong>est</strong></span> <span class='ocrx_word' id='word_1_247' title='bbox 1887 1980 2125 2040; x_wconf 76' lang='lat' dir='ltr'><strong>melius.</strong></span> 
     </span>
    </p>
   </div>
   <div class='ocr_carea' id='block_1_36' title="bbox 549 2063 2126 2149">
    <p class='ocr_par' dir='ltr' id='par_1_36' title="bbox 549 2065 2119 2149">
     <span class='ocr_line' id='line_1_36' title="bbox 549 2065 2119 2149; baseline -0.001 -20"><span class='ocrx_word' id='word_1_248' title='bbox 549 2070 579 2149; x_wconf 87' lang='lat'><strong>§</strong></span> <span class='ocrx_word' id='word_1_249' title='bbox 603 2065 917 2131; x_wconf 85' lang='lat' dir='ltr'><strong>VllI.Nota</strong></span> <span class='ocrx_word' id='word_1_250' title='bbox 935 2084 1073 2128; x_wconf 88' lang='lat' dir='ltr'><strong>vero</strong></span> <span class='ocrx_word' id='word_1_251' title='bbox 1096 2074 1161 2126; x_wconf 90' lang='lat' dir='ltr'><strong>ut</strong></span> <span class='ocrx_word' id='word_1_252' title='bbox 1186 2068 1534 2128; x_wconf 85' lang='lat' dir='ltr'><strong>summatim</strong></span> <span class='ocrx_word' id='word_1_253' title='bbox 1557 2067 1654 2128; x_wconf 87' lang='lat' dir='ltr'><strong>his</strong></span> <span class='ocrx_word' id='word_1_254' title='bbox 1672 2066 2021 2146; x_wconf 81' lang='lat' dir='ltr'><strong>complexus</strong></span> <span class='ocrx_word' id='word_1_255' title='bbox 2041 2067 2119 2127; x_wconf 90' lang='lat' dir='ltr'><strong>sit</strong></span> 
     </span>
    </p>
   </div>
   <div class='ocr_carea' id='block_1_37' title="bbox 2210 2063 3868 2149">
    <p class='ocr_par' dir='ltr' id='par_1_37' title="bbox 2284 2063 3868 2147">
     <span class='ocr_line' id='line_1_37' title="bbox 2284 2063 3868 2147; baseline -0.001 -21"><span class='ocrx_word' id='word_1_256' title='bbox 2284 2069 2313 2144; x_wconf 67' lang='grc' dir='ltr'><em>Ξ</em></span> <span class='ocrx_word' id='word_1_257' title='bbox 2347 2064 2502 2129; x_wconf 74' lang='lat' dir='ltr'><strong>VIII.</strong></span> <span class='ocrx_word' id='word_1_258' title='bbox 2541 2066 2850 2142; x_wconf 80' lang='grc' dir='ltr'>Σημείωσαι</span> <span class='ocrx_word' id='word_1_259' title='bbox 2906 2063 2983 2139; x_wconf 79' lang='grc' dir='ltr'>δὲ,</span> <span class='ocrx_word' id='word_1_260' title='bbox 3048 2065 3129 2123; x_wconf 78' lang='grc' dir='ltr'><strong>ὅτι</strong></span> <span class='ocrx_word' id='word_1_261' title='bbox 3161 2065 3546 2147; x_wconf 74' lang='grc' dir='ltr'>κεφαλαιωδῶς</span> <span class='ocrx_word' id='word_1_262' title='bbox 3592 2069 3696 2137; x_wconf 76' lang='grc' dir='ltr'><strong>τὴν</strong></span> <span class='ocrx_word' id='word_1_263' title='bbox 3726 2071 3868 2146; x_wconf 74' lang='grc' dir='ltr'>ἱερὰν</span> 
     </span>
    </p>
   </div>
   <div class='ocr_carea' id='block_1_38' title="bbox 467 2155 2126 2238">
    <p class='ocr_par' dir='ltr' id='par_1_38' title="bbox 467 2155 2126 2237">
     <span class='ocr_line' id='line_1_38' title="bbox 467 2155 2126 2237; baseline -0.003 -15"><span class='ocrx_word' id='word_1_264' title='bbox 467 2174 697 2222; x_wconf 88' lang='lat' dir='ltr'><strong>sacram</strong></span> <span class='ocrx_word' id='word_1_265' title='bbox 711 2174 951 2218; x_wconf 89' lang='lat' dir='ltr'><strong>omnem</strong></span> <span class='ocrx_word' id='word_1_266' title='bbox 966 2157 1100 2237; x_wconf 85' lang='lat' dir='ltr'><strong>hym</strong></span> <span class='ocrx_word' id='word_1_267' title='bbox 1110 2155 1408 2236; x_wconf 86' lang='lat' dir='ltr'><strong>nologiam</strong></span> <span class='ocrx_word' id='word_1_268' title='bbox 1425 2158 1754 2220; x_wconf 91' lang='lat' dir='ltr'><strong>secundum</strong></span> <span class='ocrx_word' id='word_1_269' title='bbox 1771 2175 1945 2237; x_wconf 91' lang='lat' dir='ltr'><strong>quam</strong></span> <span class='ocrx_word' id='word_1_270' title='bbox 1965 2156 2126 2217; x_wconf 89' lang='lat' dir='ltr'><strong>beni-</strong></span> 
     </span>
    </p>
   </div>
   <div class='ocr_carea' id='block_1_39' title="bbox 2210 2155 3865 2238">
    <p class='ocr_par' dir='ltr' id='par_1_39' title="bbox 2210 2155 3865 2238">
     <span class='ocr_line' id='line_1_39' title="bbox 2210 2155 3865 2238; baseline 0.002 -25"><span class='ocrx_word' id='word_1_271' title='bbox 2210 2157 2521 2235; x_wconf 79' lang='grc' dir='ltr'>ὒμνολογίαν</span> <span class='ocrx_word' id='word_1_272' title='bbox 2580 2164 2754 2214; x_wconf 73' lang='grc' dir='ltr'>πᾶσαν</span> <span class='ocrx_word' id='word_1_273' title='bbox 2813 2155 2865 2211; x_wconf 71' lang='grc' dir='ltr'>ἐν</span> <span class='ocrx_word' id='word_1_274' title='bbox 2924 2158 3129 2219; x_wconf 79' lang='grc' dir='ltr'><strong>τούτοις</strong></span> <span class='ocrx_word' id='word_1_275' title='bbox 3184 2155 3417 2238; x_wconf 76' lang='grc' dir='ltr'>διέλαϐε,</span> <span class='ocrx_word' id='word_1_276' title='bbox 3485 2156 3604 2216; x_wconf 79' lang='grc' dir='ltr'>καθ’</span> <span class='ocrx_word' id='word_1_277' title='bbox 3656 2160 3724 2227; x_wconf 75' lang='grc' dir='ltr'>ἣν</span> <span class='ocrx_word' id='word_1_278' title='bbox 3770 2160 3865 2229; x_wconf 76' lang='grc' dir='ltr'><strong>τῆς</strong></span> 
     </span>
    </p>
   </div>
   <div class='ocr_carea' id='block_1_40' title="bbox 468 2245 2125 2330">
    <p class='ocr_par' dir='ltr' id='par_1_40' title="bbox 468 2245 2125 2330">
     <span class='ocr_line' id='line_1_40' title="bbox 468 2245 2125 2330; baseline -0.003 -19"><span class='ocrx_word' id='word_1_279' title='bbox 468 2248 696 2330; x_wconf 85' lang='lat' dir='ltr'><strong>gnitate</strong></span> <span class='ocrx_word' id='word_1_280' title='bbox 727 2246 835 2307; x_wconf 90' lang='lat' dir='ltr'><strong>Dei</strong></span> <span class='ocrx_word' id='word_1_281' title='bbox 866 2246 1221 2319; x_wconf 88' lang='lat' dir='ltr'><strong>collaudata,</strong></span> <span class='ocrx_word' id='word_1_282' title='bbox 1257 2245 1579 2327; x_wconf 88' lang='lat' dir='ltr'><strong>propositis</strong></span> <span class='ocrx_word' id='word_1_283' title='bbox 1612 2245 1969 2308; x_wconf 76' lang='lat' dir='ltr'><strong>muneribus</strong></span> <span class='ocrx_word' id='word_1_284' title='bbox 2018 2264 2125 2308; x_wconf 80' lang='lat' dir='ltr'><strong>co-</strong></span> 
     </span>
    </p>
   </div>
   <div class='ocr_carea' id='block_1_41' title="bbox 467 2334 2127 2420">
    <p class='ocr_par' dir='ltr' id='par_1_41' title="bbox 467 2334 2127 2420">
     <span class='ocr_line' id='line_1_41' title="bbox 467 2334 2127 2420; baseline -0.002 -20"><span class='ocrx_word' id='word_1_285' title='bbox 467 2338 711 2420; x_wconf 88' lang='lat' dir='ltr'><strong>opertis.</strong></span> <span class='ocrx_word' id='word_1_286' title='bbox 732 2334 1005 2397; x_wconf 83' lang='lat' dir='ltr'><strong>salutatio</strong></span> <span class='ocrx_word' id='word_1_287' title='bbox 1036 2351 1106 2398; x_wconf 91' lang='lat' dir='ltr'><strong>ac</strong></span> <span class='ocrx_word' id='word_1_288' title='bbox 1136 2334 1469 2395; x_wconf 89' lang='lat' dir='ltr'><strong>tabularum</strong></span> <span class='ocrx_word' id='word_1_289' title='bbox 1494 2335 1767 2397; x_wconf 85' lang='lat' dir='ltr'><strong>recitatio</strong></span> <span class='ocrx_word' id='word_1_290' title='bbox 1788 2335 2014 2398; x_wconf 85' lang='lat' dir='ltr'><strong>ﬁnitur.</strong></span> <span class='ocrx_word' id='word_1_291' title='bbox 2043 2334 2127 2396; x_wconf 82' lang='lat' dir='ltr'><strong>Ac</strong></span> 
     </span>
    </p>
   </div>
   <div class='ocr_carea' id='block_1_42' title="bbox 468 2423 2129 2506">
    <p class='ocr_par' dir='ltr' id='par_1_42' title="bbox 468 2423 2129 2506">
     <span class='ocr_line' id='line_1_42' title="bbox 468 2423 2129 2506; baseline -0.004 -15"><span class='ocrx_word' id='word_1_292' title='bbox 468 2426 747 2491; x_wconf 84' lang='lat' dir='ltr'><strong>salutatio</strong></span> <span class='ocrx_word' id='word_1_293' title='bbox 780 2424 1020 2506; x_wconf 83' lang='lat' dir='ltr'><strong>quidem</strong></span> <span class='ocrx_word' id='word_1_294' title='bbox 1047 2423 1338 2503; x_wconf 82' lang='lat' dir='ltr'><strong>designat,</strong></span> <span class='ocrx_word' id='word_1_295' title='bbox 1374 2424 1675 2505; x_wconf 92' lang='lat' dir='ltr'><strong>quomodo</strong></span> <span class='ocrx_word' id='word_1_296' title='bbox 1701 2425 1774 2486; x_wconf 90' lang='lat' dir='ltr'><strong>ad</strong></span> <span class='ocrx_word' id='word_1_297' title='bbox 1805 2444 1990 2487; x_wconf 90' lang='lat' dir='ltr'><strong>unum</strong></span> <span class='ocrx_word' id='word_1_298' title='bbox 2023 2425 2129 2487; x_wconf 85' lang='lat' dir='ltr'><strong>ali-</strong></span> 
     </span>
    </p>
   </div>
   <div class='ocr_carea' id='block_1_43' title="bbox 469 2513 2126 2599">
    <p class='ocr_par' dir='ltr' id='par_1_43' title="bbox 469 2513 2126 2599">
     <span class='ocr_line' id='line_1_43' title="bbox 469 2513 2126 2599; baseline -0.001 -22"><span class='ocrx_word' id='word_1_299' title='bbox 469 2535 647 2599; x_wconf 90' lang='lat' dir='ltr'><strong>quem</strong></span> <span class='ocrx_word' id='word_1_300' title='bbox 670 2523 887 2578; x_wconf 87' lang='lat' dir='ltr'><strong>statum</strong></span> <span class='ocrx_word' id='word_1_301' title='bbox 905 2532 1013 2595; x_wconf 89' lang='lat' dir='ltr'><strong>per</strong></span> <span class='ocrx_word' id='word_1_302' title='bbox 1033 2530 1263 2575; x_wconf 88' lang='lat' dir='ltr'><strong>sacram</strong></span> <span class='ocrx_word' id='word_1_303' title='bbox 1287 2513 1771 2576; x_wconf 88' lang='lat' dir='ltr'><strong>communionem</strong></span> <span class='ocrx_word' id='word_1_304' title='bbox 1792 2514 2126 2576; x_wconf 77' lang='lat' dir='ltr'><strong>adducendi</strong></span> 
     </span>
    </p>
   </div>
   <div class='ocr_carea' id='block_1_44' title="bbox 471 2603 2127 2686">
    <p class='ocr_par' dir='ltr' id='par_1_44' title="bbox 471 2603 2127 2686">
     <span class='ocr_line' id='line_1_44' title="bbox 471 2603 2127 2686; baseline -0.002 -17"><span class='ocrx_word' id='word_1_305' title='bbox 471 2606 701 2670; x_wconf 90' lang='lat' dir='ltr'><strong>sintilli</strong></span> <span class='ocrx_word' id='word_1_306' title='bbox 724 2606 826 2686; x_wconf 90' lang='lat' dir='ltr'><strong>qui</strong></span> <span class='ocrx_word' id='word_1_307' title='bbox 856 2604 948 2666; x_wconf 90' lang='lat' dir='ltr'><strong>vel</strong></span> <span class='ocrx_word' id='word_1_308' title='bbox 970 2621 1177 2666; x_wconf 88' lang='lat' dir='ltr'><strong>secum</strong></span> <span class='ocrx_word' id='word_1_309' title='bbox 1217 2603 1352 2684; x_wconf 84' lang='lat' dir='ltr'><strong>ipsi,</strong></span> <span class='ocrx_word' id='word_1_310' title='bbox 1387 2604 1479 2666; x_wconf 85' lang='lat' dir='ltr'><strong>vel</strong></span> <span class='ocrx_word' id='word_1_311' title='bbox 1511 2622 1647 2666; x_wconf 92' lang='lat' dir='ltr'><strong>cum</strong></span> <span class='ocrx_word' id='word_1_312' title='bbox 1673 2604 1805 2667; x_wconf 88' lang='lat' dir='ltr'><strong>aliis</strong></span> <span class='ocrx_word' id='word_1_313' title='bbox 1835 2603 1898 2665; x_wconf 91' lang='lat' dir='ltr'><strong>in</strong></span> <span class='ocrx_word' id='word_1_314' title='bbox 1927 2604 2127 2685; x_wconf 89' lang='lat' dir='ltr'><strong>aliquo</strong></span> 
     </span>
    </p>
   </div>
   <div class='ocr_carea' id='block_1_45' title="bbox 471 2694 2126 2775">
    <p class='ocr_par' dir='ltr' id='par_1_45' title="bbox 471 2694 2126 2775">
     <span class='ocr_line' id='line_1_45' title="bbox 471 2694 2126 2775; baseline -0.002 -15"><span class='ocrx_word' id='word_1_315' title='bbox 471 2694 994 2760; x_wconf 81' lang='lat' dir='ltr'><strong>dlssidebant.Nos</strong></span> <span class='ocrx_word' id='word_1_316' title='bbox 1023 2694 1227 2775; x_wconf 86' lang='lat' dir='ltr'><strong>itaque</strong></span> <span class='ocrx_word' id='word_1_317' title='bbox 1250 2694 1526 2757; x_wconf 87' lang='lat' dir='ltr'><strong>salutatio</strong></span> <span class='ocrx_word' id='word_1_318' title='bbox 1559 2694 1671 2755; x_wconf 90' lang='lat' dir='ltr'><strong>sibi</strong></span> <span class='ocrx_word' id='word_1_319' title='bbox 1696 2694 1951 2756; x_wconf 83' lang='lat' dir='ltr'><strong>invicem</strong></span> <span class='ocrx_word' id='word_1_320' title='bbox 1977 2713 2126 2756; x_wconf 90' lang='lat' dir='ltr'><strong>con-</strong></span> 
     </span>
    </p>
   </div>
   <div class='ocr_carea' id='block_1_46' title="bbox 2208 2247 3864 2328">
    <p class='ocr_par' dir='ltr' id='par_1_46' title="bbox 2208 2247 3864 2328">
     <span class='ocr_line' id='line_1_46' title="bbox 2208 2247 3864 2328; baseline 0.003 -26"><span class='ocrx_word' id='word_1_321' title='bbox 2208 2248 2598 2328; x_wconf 63' lang='grc' dir='ltr'><strong>φιλανθρωπίας</strong></span> <span class='ocrx_word' id='word_1_322' title='bbox 2671 2254 2765 2303; x_wconf 77' lang='grc' dir='ltr'>τοῦ</span> <span class='ocrx_word' id='word_1_323' title='bbox 2842 2253 2973 2304; x_wconf 80' lang='grc' dir='ltr'><strong>Θεοῦ</strong></span> <span class='ocrx_word' id='word_1_324' title='bbox 3043 2247 3394 2322; x_wconf 71' lang='grc' dir='ltr'>ὕμνηθεισης,</span> <span class='ocrx_word' id='word_1_325' title='bbox 3458 2249 3864 2327; x_wconf 80' lang='grc' dir='ltr'>περικεκαλυμ-</span> 
     </span>
    </p>
   </div>
   <div class='ocr_carea' id='block_1_47' title="bbox 2211 2335 3861 2421">
    <p class='ocr_par' dir='ltr' id='par_1_47' title="bbox 2211 2335 3861 2421">
     <span class='ocr_line' id='line_1_47' title="bbox 2211 2335 3861 2421; baseline 0.002 -29"><span class='ocrx_word' id='word_1_326' title='bbox 2211 2336 2383 2412; x_wconf 83' lang='grc' dir='ltr'>μένων</span> <span class='ocrx_word' id='word_1_327' title='bbox 2442 2337 2701 2411; x_wconf 75' lang='grc' dir='ltr'>κειμένων</span> <span class='ocrx_word' id='word_1_328' title='bbox 2759 2342 2865 2392; x_wconf 63' lang='grc' dir='ltr'>τ’ὒν</span> <span class='ocrx_word' id='word_1_329' title='bbox 2922 2335 3128 2415; x_wconf 81' lang='grc' dir='ltr'>δώρων,</span> <span class='ocrx_word' id='word_1_330' title='bbox 3194 2340 3222 2394; x_wconf 93' lang='grc' dir='ltr'><strong>ὁ</strong></span> <span class='ocrx_word' id='word_1_331' title='bbox 3264 2338 3544 2414; x_wconf 77' lang='grc' dir='ltr'>ἀσπασμὸς</span> <span class='ocrx_word' id='word_1_332' title='bbox 3602 2340 3861 2421; x_wconf 75' lang='grc' dir='ltr'>τελεῖται,</span> 
     </span>
    </p>
   </div>
   <div class='ocr_carea' id='block_1_48' title="bbox 2210 2425 3862 2508">
    <p class='ocr_par' dir='ltr' id='par_1_48' title="bbox 2210 2425 3862 2508">
     <span class='ocr_line' id='line_1_48' title="bbox 2210 2425 3862 2508; baseline 0.003 -26"><span class='ocrx_word' id='word_1_333' title='bbox 2210 2428 2297 2483; x_wconf 84' lang='grc' dir='ltr'><strong>καὶ</strong></span> <span class='ocrx_word' id='word_1_334' title='bbox 2328 2433 2432 2482; x_wconf 82' lang='grc' dir='ltr'>τῶν</span> <span class='ocrx_word' id='word_1_335' title='bbox 2463 2433 2692 2506; x_wconf 55' lang='grc' dir='ltr'>πηχῶν</span> <span class='ocrx_word' id='word_1_336' title='bbox 2745 2428 2779 2494; x_wconf 77' lang='grc' dir='ltr'>ἡ</span> <span class='ocrx_word' id='word_1_337' title='bbox 2814 2425 3124 2505; x_wconf 69' lang='grc' dir='ltr'>ἀνάῤῥησιςς</span> <span class='ocrx_word' id='word_1_338' title='bbox 3186 2430 3280 2486; x_wconf 81' lang='grc' dir='ltr'>Καὶ</span> <span class='ocrx_word' id='word_1_339' title='bbox 3334 2430 3363 2484; x_wconf 84' lang='grc' dir='ltr'><strong>ὁ</strong></span> <span class='ocrx_word' id='word_1_340' title='bbox 3402 2428 3500 2504; x_wconf 74' lang='grc' dir='ltr'>μὲν</span> <span class='ocrx_word' id='word_1_341' title='bbox 3553 2429 3862 2508; x_wconf 74' lang='grc' dir='ltr'>ἀσπασμὸς,</span> 
     </span>
    </p>
   </div>
   <div class='ocr_carea' id='block_1_49' title="bbox 2211 2514 3865 2595">
    <p class='ocr_par' dir='ltr' id='par_1_49' title="bbox 2211 2514 3865 2595">
     <span class='ocr_line' id='line_1_49' title="bbox 2211 2514 3865 2595; baseline 0.003 -23"><span class='ocrx_word' id='word_1_342' title='bbox 2211 2514 2290 2572; x_wconf 78' lang='grc' dir='ltr'><strong>ὅτι</strong></span> <span class='ocrx_word' id='word_1_343' title='bbox 2352 2538 2465 2577; x_wconf 79' lang='grc' dir='ltr'><strong>πως</strong></span> <span class='ocrx_word' id='word_1_344' title='bbox 2526 2517 2949 2595; x_wconf 68' lang='grc' dir='ltr'><strong>συναχθήσονται</strong></span> <span class='ocrx_word' id='word_1_345' title='bbox 3012 2517 3096 2573; x_wconf 81' lang='grc' dir='ltr'><strong>ἐπὶ</strong></span> <span class='ocrx_word' id='word_1_346' title='bbox 3162 2518 3262 2586; x_wconf 62' lang='grc' dir='ltr'>τῆν</span> <span class='ocrx_word' id='word_1_347' title='bbox 3308 2520 3507 2576; x_wconf 82' lang='grc' dir='ltr'>ἑνιαίαν</span> <span class='ocrx_word' id='word_1_348' title='bbox 3542 2519 3754 2588; x_wconf 79' lang='grc' dir='ltr'>ἐκείνην</span> <span class='ocrx_word' id='word_1_349' title='bbox 3785 2520 3865 2577; x_wconf 76' lang='grc' dir='ltr'><strong>διὰ</strong></span> 
     </span>
    </p>
   </div>
   <div class='ocr_carea' id='block_1_50' title="bbox 2210 2603 3865 2686">
    <p class='ocr_par' dir='ltr' id='par_1_50' title="bbox 2210 2603 3865 2686">
     <span class='ocr_line' id='line_1_50' title="bbox 2210 2603 3865 2686; baseline 0.004 -28"><span class='ocrx_word' id='word_1_350' title='bbox 2210 2605 2307 2669; x_wconf 78' lang='grc' dir='ltr'>τῆς</span> <span class='ocrx_word' id='word_1_351' title='bbox 2336 2604 2486 2680; x_wconf 78' lang='grc' dir='ltr'>ἁγίας</span> <span class='ocrx_word' id='word_1_352' title='bbox 2523 2603 2877 2678; x_wconf 76' lang='grc' dir='ltr'>μεταλήψεως</span> <span class='ocrx_word' id='word_1_353' title='bbox 2912 2606 3234 2662; x_wconf 79' lang='grc' dir='ltr'>κατάστασιν</span> <span class='ocrx_word' id='word_1_354' title='bbox 3283 2609 3329 2662; x_wconf 82' lang='grc' dir='ltr'><strong>οἱ</strong></span> <span class='ocrx_word' id='word_1_355' title='bbox 3388 2604 3706 2686; x_wconf 74' lang='grc' dir='ltr'><strong>διῃρημένοι</strong></span> <span class='ocrx_word' id='word_1_356' title='bbox 3766 2632 3865 2665; x_wconf 82' lang='grc' dir='ltr'>κα-</span> 
     </span>
    </p>
   </div>
   <div class='ocr_carea' id='block_1_51' title="bbox 2208 2693 3868 2778">
    <p class='ocr_par' dir='ltr' id='par_1_51' title="bbox 2208 2693 3868 2778">
     <span class='ocr_line' id='line_1_51' title="bbox 2208 2693 3868 2778; baseline 0.005 -30"><span class='ocrx_word' id='word_1_357' title='bbox 2208 2694 2275 2749; x_wconf 78' lang='grc' dir='ltr'>τὰ</span> <span class='ocrx_word' id='word_1_358' title='bbox 2306 2716 2354 2749; x_wconf 83' lang='grc' dir='ltr'><strong>τι</strong></span> <span class='ocrx_word' id='word_1_359' title='bbox 2384 2693 2420 2761; x_wconf 73' lang='grc' dir='ltr'>ἢ</span> <span class='ocrx_word' id='word_1_360' title='bbox 2454 2696 2582 2761; x_wconf 75' lang='grc' dir='ltr'>πρὸς</span> <span class='ocrx_word' id='word_1_361' title='bbox 2615 2694 2832 2759; x_wconf 54' lang='grc' dir='ltr'>ἑαυτοὺς</span> <span class='ocrx_word' id='word_1_362' title='bbox 2861 2694 2897 2762; x_wconf 74' lang='grc' dir='ltr'><strong>ἢ</strong></span> <span class='ocrx_word' id='word_1_363' title='bbox 2931 2698 3061 2771; x_wconf 82' lang='grc' dir='ltr'>πρὸς</span> <span class='ocrx_word' id='word_1_364' title='bbox 3093 2695 3384 2764; x_wconf 71' lang='grc' dir='ltr'>ἆλλὴλους.</span> <span class='ocrx_word' id='word_1_365' title='bbox 3423 2694 3504 2757; x_wconf 81' lang='grc' dir='ltr'><strong>Τὸ</strong></span> <span class='ocrx_word' id='word_1_366' title='bbox 3552 2705 3678 2778; x_wconf 76' lang='grc' dir='ltr'>γοῦν</span> <span class='ocrx_word' id='word_1_367' title='bbox 3732 2703 3868 2777; x_wconf 82' lang='grc' dir='ltr'>πρὸς</span> 
     </span>
    </p>
   </div>
   <div class='ocr_carea' id='block_1_52' title="bbox 466 2781 2126 2867">
    <p class='ocr_par' dir='ltr' id='par_1_52' title="bbox 466 2782 2126 2867">
     <span class='ocr_line' id='line_1_52' title="bbox 466 2782 2126 2867; baseline -0.002 -23"><span class='ocrx_word' id='word_1_368' title='bbox 466 2786 652 2867; x_wconf 68' lang='grc' dir='ltr'>ῇιωεί</span> <span class='ocrx_word' id='word_1_369' title='bbox 670 2782 974 2856; x_wconf 82' lang='lat' dir='ltr'><strong>signiﬁcat.</strong></span> <span class='ocrx_word' id='word_1_370' title='bbox 1001 2782 1300 2867; x_wconf 75' lang='lat' dir='ltr'><strong>Quomodo</strong></span> <span class='ocrx_word' id='word_1_371' title='bbox 1324 2790 1515 2867; x_wconf 79' lang='lat' dir='ltr'><strong>autem</strong></span> <span class='ocrx_word' id='word_1_372' title='bbox 1539 2784 1765 2867; x_wconf 82' lang='lat' dir='ltr'><strong>secum?</strong></span> <span class='ocrx_word' id='word_1_373' title='bbox 1785 2784 1928 2852; x_wconf 88' lang='lat' dir='ltr'><strong>Quia</strong></span> <span class='ocrx_word' id='word_1_374' title='bbox 1951 2785 2126 2867; x_wconf 84' lang='lat' dir='ltr'><strong>nimi-</strong></span> 
     </span>
    </p>
   </div>
   <div class='ocr_carea' id='block_1_53' title="bbox 2210 2781 3868 2867">
    <p class='ocr_par' dir='ltr' id='par_1_53' title="bbox 2210 2781 3868 2867">
     <span class='ocr_line' id='line_1_53' title="bbox 2210 2781 3868 2867; baseline 0.005 -29"><span class='ocrx_word' id='word_1_375' title='bbox 2210 2781 2475 2849; x_wconf 74' lang='grc' dir='ltr'>ἀλλιίλους</span> <span class='ocrx_word' id='word_1_376' title='bbox 2506 2786 2741 2851; x_wconf 76' lang='grc' dir='ltr'>ἡνῶσθαι</span> <span class='ocrx_word' id='word_1_377' title='bbox 2772 2785 2800 2839; x_wconf 90' lang='grc' dir='ltr'><strong>ὁ</strong></span> <span class='ocrx_word' id='word_1_378' title='bbox 2830 2784 3115 2860; x_wconf 80' lang='grc' dir='ltr'>ἀσπασμὸς</span> <span class='ocrx_word' id='word_1_379' title='bbox 3145 2784 3306 2854; x_wconf 81' lang='grc' dir='ltr'>δηλοῖ</span> <span class='ocrx_word' id='word_1_380' title='bbox 3316 2835 3328 2849; x_wconf 91' lang='grc'><strong><em>.</em></strong></span> <span class='ocrx_word' id='word_1_381' title='bbox 3365 2790 3437 2845; x_wconf 82' lang='grc' dir='ltr'><strong>Τὸ</strong></span> <span class='ocrx_word' id='word_1_382' title='bbox 3474 2785 3530 2844; x_wconf 77' lang='grc' dir='ltr'>δὲ</span> <span class='ocrx_word' id='word_1_383' title='bbox 3559 2793 3695 2867; x_wconf 76' lang='grc' dir='ltr'>πρὸς</span> <span class='ocrx_word' id='word_1_384' title='bbox 3736 2790 3868 2846; x_wconf 74' lang='grc' dir='ltr'>ἑαυ-</span> 
     </span>
    </p>
   </div>
   <div class='ocr_carea' id='block_1_54' title="bbox 472 2862 2126 2959">
    <p class='ocr_par' dir='ltr' id='par_1_54' title="bbox 472 2862 2125 2959">
     <span class='ocr_line' id='line_1_54' title="bbox 472 2862 2125 2959; baseline -0.001 -30"><span class='ocrx_word' id='word_1_385' title='bbox 472 2884 608 2929; x_wconf 89' lang='lat' dir='ltr'><strong>rum</strong></span> <span class='ocrx_word' id='word_1_386' title='bbox 640 2865 770 2945; x_wconf 92' lang='lat' dir='ltr'><strong>ipse</strong></span> <span class='ocrx_word' id='word_1_387' title='bbox 800 2882 1001 2927; x_wconf 91' lang='lat' dir='ltr'><strong>secum</strong></span> <span class='ocrx_word' id='word_1_388' title='bbox 1035 2862 1286 2941; x_wconf 88' lang='lat' dir='ltr'><strong>quilibet</strong></span> <span class='ocrx_word' id='word_1_389' title='bbox 1317 2864 1539 2940; x_wconf 90' lang='lat' dir='ltr'><strong>unitur,</strong></span> <span class='ocrx_word' id='word_1_390' title='bbox 1570 2871 1631 2927; x_wconf 91' lang='lat' dir='ltr'><strong>et</strong></span> <span class='ocrx_word' id='word_1_391' title='bbox 1659 2864 1733 2925; x_wconf 91' lang='lat' dir='ltr'><strong>ad</strong></span> <span class='ocrx_word' id='word_1_392' title='bbox 1759 2883 1943 2926; x_wconf 91' lang='lat' dir='ltr'><strong>unum</strong></span> <span class='ocrx_word' id='word_1_393' title='bbox 1975 2865 2125 2959; x_wconf 74' lang='lat' dir='ltr'><strong>affe-</strong></span> 
     </span>
    </p>
   </div>
   <div class='ocr_carea' id='block_1_55' title="bbox 2210 2862 3869 2959">
    <p class='ocr_par' dir='ltr' id='par_1_55' title="bbox 2210 2862 3869 2959">
     <span class='ocr_line' id='line_1_55' title="bbox 2210 2862 3869 2959; baseline 0.004 -30"><span class='ocrx_word' id='word_1_394' title='bbox 2210 2873 2328 2937; x_wconf 84' lang='grc' dir='ltr'>τοὺς</span> <span class='ocrx_word' id='word_1_395' title='bbox 2382 2872 2545 2945; x_wconf 72' lang='grc' dir='ltr'><strong>πῶςς</strong></span> <span class='ocrx_word' id='word_1_396' title='bbox 2600 2871 2690 2929; x_wconf 84' lang='grc' dir='ltr'><strong>’¹Η</strong></span> <span class='ocrx_word' id='word_1_397' title='bbox 2741 2870 2989 2940; x_wconf 78' lang='grc' dir='ltr'>δηλονότι</span> <span class='ocrx_word' id='word_1_398' title='bbox 3054 2876 3139 2932; x_wconf 71' lang='grc' dir='ltr'>καὶ</span> <span class='ocrx_word' id='word_1_399' title='bbox 3197 2874 3420 2941; x_wconf 78' lang='grc' dir='ltr'>ἕκαστος</span> <span class='ocrx_word' id='word_1_400' title='bbox 3476 2862 3700 2949; x_wconf 70' lang='grc' dir='ltr'>ἐνίζέται</span> <span class='ocrx_word' id='word_1_401' title='bbox 3734 2881 3869 2959; x_wconf 77' lang='grc' dir='ltr'>πρὸς</span> 
     </span>
    </p>
   </div>
   <div class='ocr_carea' id='block_1_56' title="bbox 475 2952 2126 3045">
    <p class='ocr_par' dir='ltr' id='par_1_56' title="bbox 475 2952 2124 3036">
     <span class='ocr_line' id='line_1_56' title="bbox 475 2952 2124 3036; baseline -0.001 -12"><span class='ocrx_word' id='word_1_402' title='bbox 475 2973 631 3024; x_wconf 91' lang='lat' dir='ltr'><strong>ctum</strong></span> <span class='ocrx_word' id='word_1_403' title='bbox 653 2964 851 3025; x_wconf 79' lang='lat' dir='ltr'><strong>fertur.</strong></span> <span class='ocrx_word' id='word_1_404' title='bbox 873 2962 1034 3021; x_wconf 85' lang='lat' dir='ltr'><strong>verbi</strong></span> <span class='ocrx_word' id='word_1_405' title='bbox 1055 2964 1258 3034; x_wconf 78' lang='lat' dir='ltr'><strong>gratia,</strong></span> <span class='ocrx_word' id='word_1_406' title='bbox 1280 2963 1596 3021; x_wconf 87' lang='lat' dir='ltr'><strong>fraternam</strong></span> <span class='ocrx_word' id='word_1_407' title='bbox 1619 2952 2124 3036; x_wconf 81' lang='lat' dir='ltr'><strong>conspirationem.</strong></span> 
     </span>
    </p>
   </div>
   <div class='ocr_carea' id='block_1_57' title="bbox 2210 2952 3868 3045">
    <p class='ocr_par' dir='ltr' id='par_1_57' title="bbox 2212 2952 3868 3045">
     <span class='ocr_line' id='line_1_57' title="bbox 2212 2952 3868 3045; baseline 0.005 -28"><span class='ocrx_word' id='word_1_408' title='bbox 2212 2962 2420 3035; x_wconf 66' lang='grc' dir='ltr'>ἑαυτὸν,</span> <span class='ocrx_word' id='word_1_409' title='bbox 2483 2964 2569 3019; x_wconf 84' lang='grc' dir='ltr'><strong>καὶ</strong></span> <span class='ocrx_word' id='word_1_410' title='bbox 2621 2963 2693 3025; x_wconf 78' lang='grc' dir='ltr'><strong>εἷς</strong></span> <span class='ocrx_word' id='word_1_411' title='bbox 2755 2963 2880 3036; x_wconf 85' lang='grc' dir='ltr'>μίαν</span> <span class='ocrx_word' id='word_1_412' title='bbox 2938 2964 3110 3041; x_wconf 76' lang='grc' dir='ltr'>ὁρμὴν</span> <span class='ocrx_word' id='word_1_413' title='bbox 3165 2963 3406 3045; x_wconf 72' lang='grc' dir='ltr'>φέρεται,</span> <span class='ocrx_word' id='word_1_414' title='bbox 3462 2969 3566 3036; x_wconf 75' lang='grc' dir='ltr'>τὴν</span> <span class='ocrx_word' id='word_1_415' title='bbox 3611 2970 3745 3043; x_wconf 80' lang='grc' dir='ltr'>πρὸς</span> <span class='ocrx_word' id='word_1_416' title='bbox 3777 2952 3868 3027; x_wconf 70' lang='grc' dir='ltr'><strong>τὸν</strong></span> 
     </span>
    </p>
   </div>
   <div class='ocr_carea' id='block_1_58' title="bbox 474 3048 2126 3135">
    <p class='ocr_par' dir='ltr' id='par_1_58' title="bbox 474 3053 2126 3127">
     <span class='ocr_line' id='line_1_58' title="bbox 474 3053 2126 3127; baseline -0.002 -12"><span class='ocrx_word' id='word_1_417' title='bbox 474 3055 598 3115; x_wconf 80' lang='lat' dir='ltr'><strong>Nisi</strong></span> <span class='ocrx_word' id='word_1_418' title='bbox 619 3055 774 3113; x_wconf 89' lang='lat' dir='ltr'><strong>enim</strong></span> <span class='ocrx_word' id='word_1_419' title='bbox 804 3053 878 3112; x_wconf 86' lang='lat' dir='ltr'><strong>ad</strong></span> <span class='ocrx_word' id='word_1_420' title='bbox 908 3068 1090 3112; x_wconf 90' lang='lat' dir='ltr'><strong>unum</strong></span> <span class='ocrx_word' id='word_1_421' title='bbox 1120 3055 1252 3126; x_wconf 88' lang='lat' dir='ltr'><strong>quis</strong></span> <span class='ocrx_word' id='word_1_422' title='bbox 1284 3069 1409 3113; x_wconf 89' lang='lat' dir='ltr'><strong>sese</strong></span> <span class='ocrx_word' id='word_1_423' title='bbox 1438 3054 1687 3127; x_wconf 86' lang='lat' dir='ltr'><strong>colligat,</strong></span> <span class='ocrx_word' id='word_1_424' title='bbox 1735 3063 1797 3112; x_wconf 90' lang='lat' dir='ltr'><strong>ut</strong></span> <span class='ocrx_word' id='word_1_425' title='bbox 1829 3055 1998 3112; x_wconf 86' lang='lat' dir='ltr'><strong>talem</strong></span> <span class='ocrx_word' id='word_1_426' title='bbox 2022 3054 2126 3112; x_wconf 89' lang='lat' dir='ltr'><strong>ali-</strong></span> 
     </span>
    </p>
   </div>
   <div class='ocr_carea' id='block_1_59' title="bbox 2210 3048 3869 3135">
    <p class='ocr_par' dir='ltr' id='par_1_59' title="bbox 2211 3048 3869 3135">
     <span class='ocr_line' id='line_1_59' title="bbox 2211 3048 3869 3135; baseline 0.006 -29"><span class='ocrx_word' id='word_1_427' title='bbox 2211 3049 2438 3131; x_wconf 69' lang='grc' dir='ltr'>ἆδελφὸν</span> <span class='ocrx_word' id='word_1_428' title='bbox 2496 3048 2742 3118; x_wconf 76' lang='grc' dir='ltr'>δηλονότι</span> <span class='ocrx_word' id='word_1_429' title='bbox 2779 3052 3097 3128; x_wconf 82' lang='grc' dir='ltr'>σύμπνοιαν.</span> <span class='ocrx_word' id='word_1_430' title='bbox 3156 3056 3214 3111; x_wconf 78' lang='grc' dir='ltr'>Εἰ</span> <span class='ocrx_word' id='word_1_431' title='bbox 3272 3055 3374 3135; x_wconf 74' lang='grc' dir='ltr'><strong>γὰρ</strong></span> <span class='ocrx_word' id='word_1_432' title='bbox 3432 3056 3512 3131; x_wconf 80' lang='grc' dir='ltr'>μὴ</span> <span class='ocrx_word' id='word_1_433' title='bbox 3565 3057 3755 3115; x_wconf 79' lang='grc' dir='ltr'>ἑαυτὸν</span> <span class='ocrx_word' id='word_1_434' title='bbox 3786 3080 3869 3124; x_wconf 86' lang='grc' dir='ltr'><strong>τις</strong></span> 
     </span>
    </p>
   </div>
   <div class='ocr_carea' id='block_1_60' title="bbox 475 3139 2126 3226">
    <p class='ocr_par' dir='ltr' id='par_1_60' title="bbox 475 3143 2125 3226">
     <span class='ocr_line' id='line_1_60' title="bbox 475 3143 2125 3226; baseline -0.002 -22"><span class='ocrx_word' id='word_1_435' title='bbox 475 3160 651 3226; x_wconf 86' lang='lat' dir='ltr'><strong>quem</strong></span> <span class='ocrx_word' id='word_1_436' title='bbox 676 3144 940 3204; x_wconf 71' lang='lat' dir='ltr'><strong>affectum</strong></span> <span class='ocrx_word' id='word_1_437' title='bbox 963 3143 1268 3215; x_wconf 87' lang='lat' dir='ltr'><strong>concipiat.</strong></span> <span class='ocrx_word' id='word_1_438' title='bbox 1291 3159 1589 3217; x_wconf 89' lang='lat' dir='ltr'><strong>nunquam</strong></span> <span class='ocrx_word' id='word_1_439' title='bbox 1610 3148 1797 3217; x_wconf 89' lang='lat' dir='ltr'><strong>ipsum</strong></span> <span class='ocrx_word' id='word_1_440' title='bbox 1827 3146 2125 3220; x_wconf 84' lang='lat' dir='ltr'><strong>exprimet.</strong></span> 
     </span>
    </p>
   </div>
   <div class='ocr_carea' id='block_1_61' title="bbox 2210 3139 3870 3226">
    <p class='ocr_par' dir='ltr' id='par_1_61' title="bbox 2211 3139 3870 3226">
     <span class='ocr_line' id='line_1_61' title="bbox 2211 3139 3870 3226; baseline 0.007 -31"><span class='ocrx_word' id='word_1_441' title='bbox 2211 3141 2285 3204; x_wconf 78' lang='grc' dir='ltr'>εἰς</span> <span class='ocrx_word' id='word_1_442' title='bbox 2342 3142 2404 3195; x_wconf 83' lang='grc' dir='ltr'>τὸ</span> <span class='ocrx_word' id='word_1_443' title='bbox 2465 3139 2521 3196; x_wconf 89' lang='grc' dir='ltr'>ἓν</span> <span class='ocrx_word' id='word_1_444' title='bbox 2579 3140 2785 3206; x_wconf 80' lang='grc' dir='ltr'>συνάξει</span> <span class='ocrx_word' id='word_1_445' title='bbox 2847 3143 3092 3221; x_wconf 75' lang='grc' dir='ltr'>γενέσθαι</span> <span class='ocrx_word' id='word_1_446' title='bbox 3122 3143 3336 3202; x_wconf 80' lang='grc' dir='ltr'>τοιᾶσδέ</span> <span class='ocrx_word' id='word_1_447' title='bbox 3368 3169 3512 3211; x_wconf 85' lang='grc' dir='ltr'>τινος</span> <span class='ocrx_word' id='word_1_448' title='bbox 3544 3148 3739 3226; x_wconf 75' lang='grc' dir='ltr'>ὁρμῆς,</span> <span class='ocrx_word' id='word_1_449' title='bbox 3773 3151 3870 3206; x_wconf 71' lang='grc' dir='ltr'><strong>οὔκ</strong></span> 
     </span>
    </p>
   </div>
   <div class='ocr_carea' id='block_1_62' title="bbox 476 3225 2126 3319">
    <p class='ocr_par' dir='ltr' id='par_1_62' title="bbox 476 3225 2125 3308">
     <span class='ocr_line' id='line_1_62' title="bbox 476 3225 2125 3308; baseline 0 -19"><span class='ocrx_word' id='word_1_450' title='bbox 476 3225 619 3289; x_wconf 61' lang='lat' dir='ltr'><strong>Haec</strong></span> <span class='ocrx_word' id='word_1_451' title='bbox 647 3235 845 3289; x_wconf 89' lang='lat' dir='ltr'><strong>autem</strong></span> <span class='ocrx_word' id='word_1_452' title='bbox 879 3236 1187 3305; x_wconf 85' lang='lat' dir='ltr'><strong>geruntur,</strong></span> <span class='ocrx_word' id='word_1_453' title='bbox 1223 3227 1392 3307; x_wconf 89' lang='lat' dir='ltr'><strong>quasi</strong></span> <span class='ocrx_word' id='word_1_454' title='bbox 1427 3226 1670 3289; x_wconf 88' lang='lat' dir='ltr'><strong>minime</strong></span> <span class='ocrx_word' id='word_1_455' title='bbox 1701 3228 1988 3290; x_wconf 89' lang='lat' dir='ltr'><strong>decorum</strong></span> <span class='ocrx_word' id='word_1_456' title='bbox 2030 3226 2125 3308; x_wconf 85' lang='lat' dir='ltr'><strong>sit,</strong></span> 
     </span>
    </p>
   </div>
   <div class='ocr_carea' id='block_1_63' title="bbox 2210 3225 3865 3319">
    <p class='ocr_par' dir='ltr' id='par_1_63' title="bbox 2212 3225 3865 3319">
     <span class='ocr_line' id='line_1_63' title="bbox 2212 3225 3865 3319; baseline 0.006 -33"><span class='ocrx_word' id='word_1_457' title='bbox 2212 3227 2275 3286; x_wconf 78' lang='grc' dir='ltr'><strong>ἂν</strong></span> <span class='ocrx_word' id='word_1_458' title='bbox 2306 3230 2379 3295; x_wconf 77' lang='grc' dir='ltr'>εἷς</span> <span class='ocrx_word' id='word_1_459' title='bbox 2410 3238 2561 3319; x_wconf 79' lang='grc' dir='ltr'>τοῦτο</span> <span class='ocrx_word' id='word_1_460' title='bbox 2591 3232 2856 3309; x_wconf 77' lang='grc' dir='ltr'><strong>ὁρμήσειε</strong></span> <span class='ocrx_word' id='word_1_461' title='bbox 2887 3231 3133 3296; x_wconf 79' lang='grc' dir='ltr'>πώποτε.</span> <span class='ocrx_word' id='word_1_462' title='bbox 3168 3237 3344 3293; x_wconf 75' lang='grc' dir='ltr'>Ταῦτα</span> <span class='ocrx_word' id='word_1_463' title='bbox 3405 3232 3462 3292; x_wconf 76' lang='grc' dir='ltr'>δὲ</span> <span class='ocrx_word' id='word_1_464' title='bbox 3518 3225 3865 3319; x_wconf 76' lang='grc' dir='ltr'><strong>πράττονται,</strong></span> 
     </span>
    </p>
   </div>
   <div class='ocr_carea' id='block_1_64' title="bbox 474 3315 2126 3398">
    <p class='ocr_par' dir='ltr' id='par_1_64' title="bbox 474 3315 2126 3398">
     <span class='ocr_line' id='line_1_64' title="bbox 474 3315 2126 3398; baseline -0.001 -19"><span class='ocrx_word' id='word_1_465' title='bbox 474 3333 578 3381; x_wconf 88' lang='lat' dir='ltr'><strong>eos</strong></span> <span class='ocrx_word' id='word_1_466' title='bbox 605 3318 709 3398; x_wconf 91' lang='lat' dir='ltr'><strong>qui</strong></span> <span class='ocrx_word' id='word_1_467' title='bbox 738 3315 801 3378; x_wconf 89' lang='lat' dir='ltr'><strong>in</strong></span> <span class='ocrx_word' id='word_1_468' title='bbox 828 3316 1002 3379; x_wconf 80' lang='lat' dir='ltr'><strong>altari</strong></span> <span class='ocrx_word' id='word_1_469' title='bbox 1031 3318 1380 3396; x_wconf 79' lang='lat' dir='ltr'><strong>congregati</strong></span> <span class='ocrx_word' id='word_1_470' title='bbox 1407 3317 1883 3397; x_wconf 84' lang='lat' dir='ltr'><strong>conjunguntur,</strong></span> <span class='ocrx_word' id='word_1_471' title='bbox 1909 3316 2126 3379; x_wconf 89' lang='lat' dir='ltr'><strong>iterum</strong></span> 
     </span>
    </p>
   </div>
   <div class='ocr_carea' id='block_1_65' title="bbox 2210 3315 3869 3398">
    <p class='ocr_par' dir='ltr' id='par_1_65' title="bbox 2212 3315 3869 3395">
     <span class='ocr_line' id='line_1_65' title="bbox 2212 3315 3869 3395; baseline 0.007 -20"><span class='ocrx_word' id='word_1_472' title='bbox 2212 3320 2285 3381; x_wconf 83' lang='grc' dir='ltr'><strong>ὡς</strong></span> <span class='ocrx_word' id='word_1_473' title='bbox 2342 3319 2403 3377; x_wconf 69' lang='grc' dir='ltr'><strong>οὗ</strong></span> <span class='ocrx_word' id='word_1_474' title='bbox 2460 3318 2622 3377; x_wconf 83' lang='grc' dir='ltr'>καλὸν</span> <span class='ocrx_word' id='word_1_475' title='bbox 2680 3320 2739 3377; x_wconf 73' lang='grc' dir='ltr'>ὃν</span> <span class='ocrx_word' id='word_1_476' title='bbox 2796 3322 3205 3390; x_wconf 78' lang='grc' dir='ltr'>ἐνοποιηθέντας</span> <span class='ocrx_word' id='word_1_477' title='bbox 3266 3326 3455 3391; x_wconf 69' lang='grc' dir='ltr'>αὖτοὺς</span> <span class='ocrx_word' id='word_1_478' title='bbox 3486 3315 3730 3395; x_wconf 20' lang='grc' dir='ltr'>τῆνὲντὸς</span> <span class='ocrx_word' id='word_1_479' title='bbox 3775 3315 3869 3387; x_wconf 58' lang='lat' dir='ltr'><strong>to;</strong></span> 
     </span>
    </p>
   </div>
   <div class='ocr_carea' id='block_1_66' title="bbox 474 3405 2126 3495">
    <p class='ocr_par' dir='ltr' id='par_1_66' title="bbox 474 3405 2126 3488">
     <span class='ocr_line' id='line_1_66' title="bbox 474 3405 2126 3488; baseline -0.002 -18"><span class='ocrx_word' id='word_1_480' title='bbox 474 3406 657 3470; x_wconf 87' lang='lat' dir='ltr'><strong>dilabi</strong></span> <span class='ocrx_word' id='word_1_481' title='bbox 688 3407 751 3467; x_wconf 90' lang='lat' dir='ltr'><strong>in</strong></span> <span class='ocrx_word' id='word_1_482' title='bbox 781 3407 998 3467; x_wconf 84' lang='lat' dir='ltr'><strong>divisas</strong></span> <span class='ocrx_word' id='word_1_483' title='bbox 1017 3405 1442 3488; x_wconf 80' lang='lat' dir='ltr'><strong>cupidtiates,e</strong></span> <span class='ocrx_word' id='word_1_484' title='bbox 1474 3407 1699 3485; x_wconf 90' lang='lat' dir='ltr'><strong>quibus</strong></span> <span class='ocrx_word' id='word_1_485' title='bbox 1717 3408 1963 3468; x_wconf 89' lang='lat' dir='ltr'><strong>omnino</strong></span> <span class='ocrx_word' id='word_1_486' title='bbox 1999 3425 2126 3488; x_wconf 88' lang='lat' dir='ltr'><strong>per-</strong></span> 
     </span>
    </p>
   </div>
   <div class='ocr_carea' id='block_1_67' title="bbox 2210 3405 3870 3495">
    <p class='ocr_par' dir='ltr' id='par_1_67' title="bbox 2212 3411 3870 3495">
     <span class='ocr_line' id='line_1_67' title="bbox 2212 3411 3870 3495; baseline 0.005 -30"><span class='ocrx_word' id='word_1_487' title='bbox 2212 3411 2352 3488; x_wconf 78' lang='grc' dir='ltr'>ἱεροῦ</span> <span class='ocrx_word' id='word_1_488' title='bbox 2380 3411 2747 3485; x_wconf 63' lang='grc' dir='ltr'>θηιαστηρίου</span> <span class='ocrx_word' id='word_1_489' title='bbox 2797 3418 3104 3491; x_wconf 77' lang='grc' dir='ltr'>συναγωγῇ,</span> <span class='ocrx_word' id='word_1_490' title='bbox 3174 3414 3259 3471; x_wconf 80' lang='grc' dir='ltr'>ἐπὶ</span> <span class='ocrx_word' id='word_1_491' title='bbox 3317 3417 3411 3481; x_wconf 78' lang='grc' dir='ltr'><strong>τὰς</strong></span> <span class='ocrx_word' id='word_1_492' title='bbox 3463 3419 3723 3495; x_wconf 75' lang='grc' dir='ltr'>μεριστᾶς</span> <span class='ocrx_word' id='word_1_493' title='bbox 3777 3421 3870 3476; x_wconf 80' lang='grc' dir='ltr'><strong>καὶ</strong></span> 
     </span>
    </p>
   </div>
   <div class='ocr_carea' id='block_1_68' title="bbox 475 3498 2126 3587">
    <p class='ocr_par' dir='ltr' id='par_1_68' title="bbox 475 3500 2125 3563">
     <span class='ocr_line' id='line_1_68' title="bbox 475 3500 2125 3563; baseline 0.001 -1"><span class='ocrx_word' id='word_1_494' title='bbox 475 3500 727 3562; x_wconf 64' lang='lat' dir='ltr'><strong>turbatas</strong></span> <span class='ocrx_word' id='word_1_495' title='bbox 755 3510 963 3562; x_wconf 90' lang='lat' dir='ltr'><strong>contra</strong></span> <span class='ocrx_word' id='word_1_496' title='bbox 1017 3509 1287 3561; x_wconf 88' lang='lat' dir='ltr'><strong>naturam</strong></span> <span class='ocrx_word' id='word_1_497' title='bbox 1352 3500 1682 3562; x_wconf 59' lang='lat' dir='ltr'><strong>inimicitiae</strong></span> <span class='ocrx_word' id='word_1_498' title='bbox 1736 3501 2125 3563; x_wconf 81' lang='lat' dir='ltr'><strong>suscitantur.</strong></span> 
     </span>
    </p>
   </div>
   <div class='ocr_carea' id='block_1_69' title="bbox 2210 3498 3867 3587">
    <p class='ocr_par' dir='ltr' id='par_1_69' title="bbox 2212 3498 3867 3587">
     <span class='ocr_line' id='line_1_69' title="bbox 2212 3498 3867 3587; baseline 0.005 -31"><span class='ocrx_word' id='word_1_499' title='bbox 2212 3498 2371 3556; x_wconf 71' lang='grc' dir='ltr'><strong>⁴¹ιιπίλιν</strong></span> <span class='ocrx_word' id='word_1_500' title='bbox 2399 3502 2747 3557; x_wconf 81' lang='grc' dir='ltr'>καταπίπτειν</span> <span class='ocrx_word' id='word_1_501' title='bbox 2778 3500 3055 3578; x_wconf 77' lang='grc' dir='ltr'>ἐπιθυμίας</span> <span class='ocrx_word' id='word_1_502' title='bbox 3089 3502 3140 3569; x_wconf 67' lang='grc' dir='ltr'><strong>ἐξ</strong></span> <span class='ocrx_word' id='word_1_503' title='bbox 3196 3506 3270 3560; x_wconf 82' lang='grc' dir='ltr'>ὧν</span> <span class='ocrx_word' id='word_1_504' title='bbox 3328 3505 3541 3570; x_wconf 68' lang='grc' dir='ltr'>πάντως</span> <span class='ocrx_word' id='word_1_505' title='bbox 3601 3506 3867 3587; x_wconf 79' lang='grc' dir='ltr'>δημιουρ-</span> 
     </span>
    </p>
   </div>
   <div class='ocr_carea' id='block_1_70' title="bbox 471 3589 2126 3677">
    <p class='ocr_par' dir='ltr' id='par_1_70' title="bbox 471 3591 2126 3672">
     <span class='ocr_line' id='line_1_70' title="bbox 471 3591 2126 3672; baseline -0.001 -16"><span class='ocrx_word' id='word_1_506' title='bbox 471 3593 773 3656; x_wconf 87' lang='lat' dir='ltr'><strong>Adversus</strong></span> <span class='ocrx_word' id='word_1_507' title='bbox 794 3601 992 3655; x_wconf 89' lang='lat' dir='ltr'><strong>autem</strong></span> <span class='ocrx_word' id='word_1_508' title='bbox 1018 3592 1278 3672; x_wconf 62' lang='lat' dir='ltr'><strong>aequales</strong></span> <span class='ocrx_word' id='word_1_509' title='bbox 1300 3592 1533 3669; x_wconf 77' lang='lat' dir='ltr'><strong>dicit,i.l</strong></span> <span class='ocrx_word' id='word_1_510' title='bbox 1559 3604 1657 3655; x_wconf 89' lang='lat' dir='ltr'><strong>est</strong></span> <span class='ocrx_word' id='word_1_511' title='bbox 1674 3594 1985 3655; x_wconf 89' lang='lat' dir='ltr'><strong>hominum</strong></span> <span class='ocrx_word' id='word_1_512' title='bbox 2016 3591 2126 3654; x_wconf 91' lang='lat' dir='ltr'><strong>ad-</strong></span> 
     </span>
    </p>
   </div>
   <div class='ocr_carea' id='block_1_71' title="bbox 2210 3589 3865 3677">
    <p class='ocr_par' dir='ltr' id='par_1_71' title="bbox 2210 3589 3865 3677">
     <span class='ocr_line' id='line_1_71' title="bbox 2210 3589 3865 3677; baseline 0.005 -30"><span class='ocrx_word' id='word_1_513' title='bbox 2210 3596 2423 3677; x_wconf 75' lang='grc' dir='ltr'>γοῦνται</span> <span class='ocrx_word' id='word_1_514' title='bbox 2477 3592 2529 3647; x_wconf 76' lang='grc' dir='ltr'>αἱ</span> <span class='ocrx_word' id='word_1_515' title='bbox 2585 3589 2846 3666; x_wconf 71' lang='grc' dir='ltr'>ἐμπαθεῖς</span> <span class='ocrx_word' id='word_1_516' title='bbox 2909 3591 3195 3673; x_wconf 84' lang='grc' dir='ltr'>ἀπέχθειαι</span> <span class='ocrx_word' id='word_1_517' title='bbox 3254 3596 3388 3673; x_wconf 74' lang='grc' dir='ltr'>πρὸς</span> <span class='ocrx_word' id='word_1_518' title='bbox 3422 3597 3483 3653; x_wconf 84' lang='grc' dir='ltr'>τὸ</span> <span class='ocrx_word' id='word_1_519' title='bbox 3516 3597 3655 3654; x_wconf 79' lang='grc' dir='ltr'>κατὰ</span> <span class='ocrx_word' id='word_1_520' title='bbox 3684 3598 3865 3677; x_wconf 75' lang='grc' dir='ltr'>φύσιν,</span> 
     </span>
    </p>
   </div>
   <div class='ocr_carea' id='block_1_72' title="bbox 473 3672 2126 3766">
    <p class='ocr_par' dir='ltr' id='par_1_72' title="bbox 473 3681 2124 3759">
     <span class='ocr_line' id='line_1_72' title="bbox 473 3681 2124 3759; baseline 0.001 -16"><span class='ocrx_word' id='word_1_521' title='bbox 473 3701 680 3746; x_wconf 85' lang='lat' dir='ltr'><strong>versus</strong></span> <span class='ocrx_word' id='word_1_522' title='bbox 708 3683 1004 3744; x_wconf 89' lang='lat' dir='ltr'><strong>homines.</strong></span> <span class='ocrx_word' id='word_1_523' title='bbox 1042 3682 1200 3745; x_wconf 89' lang='lat' dir='ltr'><strong>Illud</strong></span> <span class='ocrx_word' id='word_1_524' title='bbox 1232 3691 1430 3745; x_wconf 89' lang='lat' dir='ltr'><strong>autem</strong></span> <span class='ocrx_word' id='word_1_525' title='bbox 1468 3684 1610 3744; x_wconf 76' lang='lat' dir='ltr'><strong>2w</strong></span> <span class='ocrx_word' id='word_1_526' title='bbox 1638 3683 1711 3744; x_wconf 89' lang='lat' dir='ltr'><strong>ad</strong></span> <span class='ocrx_word' id='word_1_527' title='bbox 1742 3681 1803 3743; x_wconf 89' lang='lat' dir='ltr'><strong>id</strong></span> <span class='ocrx_word' id='word_1_528' title='bbox 1826 3682 1989 3759; x_wconf 87' lang='lat' dir='ltr'><strong>quod</strong></span> <span class='ocrx_word' id='word_1_529' title='bbox 2022 3701 2124 3745; x_wconf 84' lang='lat' dir='ltr'><strong>se-</strong></span> 
     </span>
    </p>
   </div>
   <div class='ocr_carea' id='block_1_73' title="bbox 2210 3672 3865 3766">
    <p class='ocr_par' dir='ltr' id='par_1_73' title="bbox 2213 3672 3865 3766">
     <span class='ocr_line' id='line_1_73' title="bbox 2213 3672 3865 3766; baseline 0.004 -27"><span class='ocrx_word' id='word_1_530' title='bbox 2213 3672 2507 3754; x_wconf 79' lang='grc' dir='ltr'>Ὀμοειδεῖς</span> <span class='ocrx_word' id='word_1_531' title='bbox 2566 3678 2621 3736; x_wconf 74' lang='grc' dir='ltr'>δὲ</span> <span class='ocrx_word' id='word_1_532' title='bbox 2678 3678 2822 3761; x_wconf 82' lang='grc' dir='ltr'>λέγει</span> <span class='ocrx_word' id='word_1_533' title='bbox 2880 3672 3079 3747; x_wconf 85' lang='grc' dir='ltr'>ταύτας</span> <span class='ocrx_word' id='word_1_534' title='bbox 3137 3684 3212 3749; x_wconf 82' lang='grc' dir='ltr'>ὡς</span> <span class='ocrx_word' id='word_1_535' title='bbox 3274 3672 3565 3764; x_wconf 69' lang='grc' dir='ltr'>ανθρώπων</span> <span class='ocrx_word' id='word_1_536' title='bbox 3606 3672 3741 3766; x_wconf 75' lang='grc' dir='ltr'><strong>πρὸς</strong></span> <span class='ocrx_word' id='word_1_537' title='bbox 3772 3689 3865 3745; x_wconf 78' lang='grc' dir='ltr'><strong>ἇν-</strong></span> 
     </span>
    </p>
   </div>
   <div class='ocr_carea' id='block_1_74' title="bbox 475 3768 2126 3857">
    <p class='ocr_par' dir='ltr' id='par_1_74' title="bbox 475 3771 2123 3852">
     <span class='ocr_line' id='line_1_74' title="bbox 475 3771 2123 3852; baseline -0.001 -17"><span class='ocrx_word' id='word_1_538' title='bbox 475 3772 735 3835; x_wconf 88' lang='lat' dir='ltr'><strong>cundum</strong></span> <span class='ocrx_word' id='word_1_539' title='bbox 768 3779 1038 3834; x_wconf 83' lang='lat' dir='ltr'><strong>naturam</strong></span> <span class='ocrx_word' id='word_1_540' title='bbox 1071 3783 1187 3847; x_wconf 89' lang='lat' dir='ltr'><strong>est,</strong></span> <span class='ocrx_word' id='word_1_541' title='bbox 1217 3771 1276 3834; x_wconf 90' lang='lat' dir='ltr'><strong>id</strong></span> <span class='ocrx_word' id='word_1_542' title='bbox 1307 3771 1491 3834; x_wconf 84' lang='lat' dir='ltr'><strong>estad</strong></span> <span class='ocrx_word' id='word_1_543' title='bbox 1518 3772 1766 3852; x_wconf 89' lang='lat' dir='ltr'><strong>bonum;</strong></span> <span class='ocrx_word' id='word_1_544' title='bbox 1796 3772 2123 3834; x_wconf 87' lang='lat' dir='ltr'><strong>humanum</strong></span> 
     </span>
    </p>
   </div>
   <div class='ocr_carea' id='block_1_75' title="bbox 2210 3768 3868 3857">
    <p class='ocr_par' dir='ltr' id='par_1_75' title="bbox 2210 3768 3868 3857">
     <span class='ocr_line' id='line_1_75' title="bbox 2210 3768 3868 3857; baseline 0.004 -30"><span class='ocrx_word' id='word_1_545' title='bbox 2210 3771 2472 3849; x_wconf 83' lang='grc' dir='ltr'>θρώπους.</span> <span class='ocrx_word' id='word_1_546' title='bbox 2533 3772 2606 3829; x_wconf 83' lang='grc' dir='ltr'><strong>Τὸ</strong></span> <span class='ocrx_word' id='word_1_547' title='bbox 2661 3768 2717 3827; x_wconf 79' lang='grc' dir='ltr'>δὲ</span> <span class='ocrx_word' id='word_1_548' title='bbox 2776 3772 2910 3850; x_wconf 84' lang='grc' dir='ltr'>πρὸς</span> <span class='ocrx_word' id='word_1_549' title='bbox 2965 3774 3027 3830; x_wconf 72' lang='grc' dir='ltr'>τὸ</span> <span class='ocrx_word' id='word_1_550' title='bbox 3082 3775 3220 3831; x_wconf 77' lang='grc' dir='ltr'>κατὰ</span> <span class='ocrx_word' id='word_1_551' title='bbox 3276 3776 3453 3856; x_wconf 76' lang='grc' dir='ltr'>φύσιν,</span> <span class='ocrx_word' id='word_1_552' title='bbox 3539 3778 3600 3833; x_wconf 83' lang='grc' dir='ltr'><strong>τὸ</strong></span> <span class='ocrx_word' id='word_1_553' title='bbox 3672 3778 3868 3857; x_wconf 77' lang='grc' dir='ltr'>ἀγαθὸν</span> 
     </span>
    </p>
   </div>
   <div class='ocr_carea' id='block_1_76' title="bbox 475 3858 2126 3948">
    <p class='ocr_par' dir='ltr' id='par_1_76' title="bbox 475 3860 2126 3937">
     <span class='ocr_line' id='line_1_76' title="bbox 475 3860 2126 3937; baseline 0 -13"><span class='ocrx_word' id='word_1_554' title='bbox 475 3862 636 3924; x_wconf 91' lang='lat' dir='ltr'><strong>enim</strong></span> <span class='ocrx_word' id='word_1_555' title='bbox 666 3860 885 3925; x_wconf 88' lang='lat' dir='ltr'><strong>bonum</strong></span> <span class='ocrx_word' id='word_1_556' title='bbox 916 3880 1096 3924; x_wconf 87' lang='lat' dir='ltr'><strong>omne</strong></span> <span class='ocrx_word' id='word_1_557' title='bbox 1143 3870 1234 3925; x_wconf 91' lang='lat' dir='ltr'><strong>est</strong></span> <span class='ocrx_word' id='word_1_558' title='bbox 1265 3861 1599 3923; x_wconf 90' lang='lat' dir='ltr'><strong>secundum</strong></span> <span class='ocrx_word' id='word_1_559' title='bbox 1643 3868 1937 3937; x_wconf 89' lang='lat' dir='ltr'><strong>naturam,</strong></span> <span class='ocrx_word' id='word_1_560' title='bbox 1972 3861 2126 3924; x_wconf 90' lang='lat' dir='ltr'><strong>sicut</strong></span> 
     </span>
    </p>
   </div>
   <div class='ocr_carea' id='block_1_77' title="bbox 2210 3858 3860 3948">
    <p class='ocr_par' dir='ltr' id='par_1_77' title="bbox 2210 3858 3860 3948">
     <span class='ocr_line' id='line_1_77' title="bbox 2210 3858 3860 3948; baseline 0.004 -32"><span class='ocrx_word' id='word_1_561' title='bbox 2210 3858 2477 3929; x_wconf 78' lang='grc' dir='ltr'>δηλονότι*</span> <span class='ocrx_word' id='word_1_562' title='bbox 2540 3866 2645 3918; x_wconf 84' lang='grc' dir='ltr'><strong>πᾶν</strong></span> <span class='ocrx_word' id='word_1_563' title='bbox 2690 3861 2791 3940; x_wconf 72' lang='grc' dir='ltr'><strong>γὰρ</strong></span> <span class='ocrx_word' id='word_1_564' title='bbox 2847 3861 3174 3943; x_wconf 78' lang='grc' dir='ltr'>ἀνθρώπινον</span> <span class='ocrx_word' id='word_1_565' title='bbox 3229 3864 3429 3945; x_wconf 78' lang='grc' dir='ltr'>ἆγαθὸν</span> <span class='ocrx_word' id='word_1_566' title='bbox 3486 3867 3627 3923; x_wconf 77' lang='grc' dir='ltr'>κατὰ</span> <span class='ocrx_word' id='word_1_567' title='bbox 3685 3869 3860 3948; x_wconf 71' lang='grc' dir='ltr'>φύσιν,</span> 
     </span>
    </p>
   </div>
   <div class='ocr_carea' id='block_1_78' title="bbox 477 3950 2126 4033">
    <p class='ocr_par' dir='ltr' id='par_1_78' title="bbox 477 3950 2126 4031">
     <span class='ocr_line' id='line_1_78' title="bbox 477 3950 2126 4031; baseline 0.002 -18"><span class='ocrx_word' id='word_1_568' title='bbox 477 3951 697 4014; x_wconf 88' lang='lat' dir='ltr'><strong>malum</strong></span> <span class='ocrx_word' id='word_1_569' title='bbox 732 3960 938 4014; x_wconf 91' lang='lat' dir='ltr'><strong>contra</strong></span> <span class='ocrx_word' id='word_1_570' title='bbox 967 3959 1266 4015; x_wconf 90' lang='lat' dir='ltr'><strong>naturam.</strong></span> <span class='ocrx_word' id='word_1_571' title='bbox 1292 3950 1403 4014; x_wconf 85' lang='lat' dir='ltr'><strong>Vel</strong></span> <span class='ocrx_word' id='word_1_572' title='bbox 1432 3957 1610 4014; x_wconf 83' lang='lat' dir='ltr'><strong>etiam</strong></span> <span class='ocrx_word' id='word_1_573' title='bbox 1643 3952 1930 4031; x_wconf 68' lang='lat' dir='ltr'><strong>aequalem</strong></span> <span class='ocrx_word' id='word_1_574' title='bbox 1952 3961 2126 4016; x_wconf 86' lang='lat' dir='ltr'><strong>vocat</strong></span> 
     </span>
    </p>
   </div>
   <div class='ocr_carea' id='block_1_79' title="bbox 2210 3950 3864 4033">
    <p class='ocr_par' dir='ltr' id='par_1_79' title="bbox 2210 3950 3864 4033">
     <span class='ocr_line' id='line_1_79' title="bbox 2210 3950 3864 4033; baseline 0.004 -24"><span class='ocrx_word' id='word_1_575' title='bbox 2210 3954 2282 4016; x_wconf 81' lang='grc' dir='ltr'>ὡς</span> <span class='ocrx_word' id='word_1_576' title='bbox 2312 3952 2374 4009; x_wconf 90' lang='grc' dir='ltr'><strong>τὸ</strong></span> <span class='ocrx_word' id='word_1_577' title='bbox 2402 3951 2565 4009; x_wconf 80' lang='grc' dir='ltr'>κακὸν</span> <span class='ocrx_word' id='word_1_578' title='bbox 2595 3952 2739 4031; x_wconf 76' lang='grc' dir='ltr'>παρὰ</span> <span class='ocrx_word' id='word_1_579' title='bbox 2768 3951 2943 4031; x_wconf 78' lang='grc' dir='ltr'>φύσιν,</span> <span class='ocrx_word' id='word_1_580' title='bbox 3001 3950 3096 4011; x_wconf 79' lang='lat' dir='ltr'><strong>&quot;ﬂ</strong></span> <span class='ocrx_word' id='word_1_581' title='bbox 3127 3954 3237 4031; x_wconf 68' lang='grc' dir='ltr'>μὴν</span> <span class='ocrx_word' id='word_1_582' title='bbox 3268 3955 3359 4012; x_wconf 83' lang='grc' dir='ltr'><strong>τὸν</strong></span> <span class='ocrx_word' id='word_1_583' title='bbox 3390 3954 3614 4033; x_wconf 77' lang='grc' dir='ltr'>ὁμοειδῆ</span> <span class='ocrx_word' id='word_1_584' title='bbox 3647 3959 3738 4015; x_wconf 78' lang='grc' dir='ltr'><strong>καὶ</strong></span> <span class='ocrx_word' id='word_1_585' title='bbox 3769 3958 3864 4028; x_wconf 76' lang='grc' dir='ltr'><strong>τῆς</strong></span> 
     </span>
    </p>
   </div>
   <div class='ocr_carea' id='block_1_80' title="bbox 475 4040 2126 4123">
    <p class='ocr_par' dir='ltr' id='par_1_80' title="bbox 475 4040 1917 4123">
     <span class='ocr_line' id='line_1_80' title="bbox 475 4040 1917 4123; baseline -0.001 -19"><span class='ocrx_word' id='word_1_586' title='bbox 475 4040 748 4123; x_wconf 85' lang='lat' dir='ltr'><strong>ejusdem</strong></span> <span class='ocrx_word' id='word_1_587' title='bbox 779 4048 1005 4104; x_wconf 63' lang='lat' dir='ltr'><strong>natura;</strong></span> <span class='ocrx_word' id='word_1_588' title='bbox 1034 4041 1367 4115; x_wconf 87' lang='lat' dir='ltr'><strong>hominem,</strong></span> <span class='ocrx_word' id='word_1_589' title='bbox 1402 4040 1528 4102; x_wconf 82' lang='lat' dir='ltr'><strong>sive</strong></span> <span class='ocrx_word' id='word_1_590' title='bbox 1558 4042 1917 4122; x_wconf 83' lang='lat' dir='ltr'><strong>proximum.</strong></span> 
     </span>
    </p>
   </div>
   <div class='ocr_carea' id='block_1_81' title="bbox 2210 4040 3555 4123">
    <p class='ocr_par' dir='ltr' id='par_1_81' title="bbox 2210 4040 3555 4121">
     <span class='ocr_line' id='line_1_81' title="bbox 2210 4040 3555 4121; baseline 0.007 -24"><span class='ocrx_word' id='word_1_591' title='bbox 2210 4041 2373 4110; x_wconf 75' lang='grc' dir='ltr'>αὖτῆς</span> <span class='ocrx_word' id='word_1_592' title='bbox 2403 4042 2607 4121; x_wconf 75' lang='grc' dir='ltr'>φύσεως</span> <span class='ocrx_word' id='word_1_593' title='bbox 2633 4040 2928 4121; x_wconf 76' lang='grc' dir='ltr'>ἄνθρωπον,</span> <span class='ocrx_word' id='word_1_594' title='bbox 2963 4040 3144 4101; x_wconf 70' lang='grc' dir='ltr'>είτουν</span> <span class='ocrx_word' id='word_1_595' title='bbox 3172 4047 3265 4103; x_wconf 70' lang='grc' dir='ltr'><strong>τὸν</strong></span> <span class='ocrx_word' id='word_1_596' title='bbox 3298 4045 3555 4115; x_wconf 76' lang='grc' dir='ltr'>πλησίον.</span> 
     </span>
    </p>
   </div>
   <div class='ocr_carea' id='block_1_82' title="bbox 555 4128 2126 4216">
    <p class='ocr_par' dir='ltr' id='par_1_82' title="bbox 555 4128 2121 4212">
     <span class='ocr_line' id='line_1_82' title="bbox 555 4128 2121 4212; baseline 0.001 -20"><span class='ocrx_word' id='word_1_597' title='bbox 555 4130 584 4210; x_wconf 85' lang='lat'><strong>§</strong></span> <span class='ocrx_word' id='word_1_598' title='bbox 616 4131 717 4192; x_wconf 86' lang='lat' dir='ltr'><strong>1X.</strong></span> <span class='ocrx_word' id='word_1_599' title='bbox 753 4128 919 4192; x_wconf 85' lang='lat' dir='ltr'><strong>Hanc</strong></span> <span class='ocrx_word' id='word_1_600' title='bbox 946 4130 1150 4212; x_wconf 85' lang='lat' dir='ltr'><strong>itaque</strong></span> <span class='ocrx_word' id='word_1_601' title='bbox 1181 4130 1562 4209; x_wconf 87' lang='lat' dir='ltr'><strong>conjunctam</strong></span> <span class='ocrx_word' id='word_1_602' title='bbox 1611 4129 1790 4192; x_wconf 90' lang='lat' dir='ltr'><strong>vitam</strong></span> <span class='ocrx_word' id='word_1_603' title='bbox 1849 4130 2121 4193; x_wconf 86' lang='lat' dir='ltr'><strong>salutatio</strong></span> 
     </span>
    </p>
   </div>
   <div class='ocr_carea' id='block_1_83' title="bbox 2210 4128 3864 4216">
    <p class='ocr_par' dir='ltr' id='par_1_83' title="bbox 2288 4130 3864 4216">
     <span class='ocr_line' id='line_1_83' title="bbox 2288 4130 3864 4216; baseline 0.006 -28"><span class='ocrx_word' id='word_1_604' title='bbox 2288 4133 2437 4207; x_wconf 70' lang='lat' dir='ltr'><strong>51x.</strong></span> <span class='ocrx_word' id='word_1_605' title='bbox 2493 4132 2702 4199; x_wconf 80' lang='grc' dir='ltr'>Ταύτην</span> <span class='ocrx_word' id='word_1_606' title='bbox 2759 4130 2850 4188; x_wconf 76' lang='grc' dir='ltr'>οὖν</span> <span class='ocrx_word' id='word_1_607' title='bbox 2905 4132 3002 4201; x_wconf 73' lang='grc' dir='ltr'>τὴν</span> <span class='ocrx_word' id='word_1_608' title='bbox 3062 4134 3261 4191; x_wconf 79' lang='grc' dir='ltr'>ἑνιαίαν</span> <span class='ocrx_word' id='word_1_609' title='bbox 3318 4136 3465 4208; x_wconf 75' lang='grc' dir='ltr'>ζωὴν</span> <span class='ocrx_word' id='word_1_610' title='bbox 3519 4140 3550 4194; x_wconf 91' lang='grc' dir='ltr'><strong>ὁ</strong></span> <span class='ocrx_word' id='word_1_611' title='bbox 3578 4136 3864 4216; x_wconf 76' lang='grc' dir='ltr'>ἀσπασμὸς</span> 
     </span>
    </p>
   </div>
   <div class='ocr_carea' id='block_1_84' title="bbox 476 4219 2126 4307">
    <p class='ocr_par' dir='ltr' id='par_1_84' title="bbox 476 4219 2126 4297">
     <span class='ocr_line' id='line_1_84' title="bbox 476 4219 2126 4297; baseline 0.002 -16"><span class='ocrx_word' id='word_1_612' title='bbox 476 4220 687 4297; x_wconf 89' lang='lat' dir='ltr'><strong>sancit,</strong></span> <span class='ocrx_word' id='word_1_613' title='bbox 721 4219 862 4282; x_wconf 92' lang='lat' dir='ltr'><strong>dum</strong></span> <span class='ocrx_word' id='word_1_614' title='bbox 895 4220 1091 4282; x_wconf 88' lang='lat' dir='ltr'><strong>simile</strong></span> <span class='ocrx_word' id='word_1_615' title='bbox 1136 4220 1195 4281; x_wconf 91' lang='lat' dir='ltr'><strong>in</strong></span> <span class='ocrx_word' id='word_1_616' title='bbox 1245 4219 1429 4280; x_wconf 90' lang='lat' dir='ltr'><strong>simili</strong></span> <span class='ocrx_word' id='word_1_617' title='bbox 1475 4219 1752 4296; x_wconf 90' lang='lat' dir='ltr'><strong>collocat,</strong></span> <span class='ocrx_word' id='word_1_618' title='bbox 1807 4229 1866 4283; x_wconf 87' lang='lat' dir='ltr'><strong>et</strong></span> <span class='ocrx_word' id='word_1_619' title='bbox 1925 4221 2126 4284; x_wconf 83' lang='lat' dir='ltr'><strong>divina</strong></span> 
     </span>
    </p>
   </div>
   <div class='ocr_carea' id='block_1_85' title="bbox 2210 4219 3863 4307">
    <p class='ocr_par' dir='ltr' id='par_1_85' title="bbox 2210 4220 3863 4307">
     <span class='ocr_line' id='line_1_85' title="bbox 2210 4220 3863 4307; baseline 0.007 -30"><span class='ocrx_word' id='word_1_620' title='bbox 2210 4225 2509 4302; x_wconf 76' lang='grc' dir='ltr'>νομοθετεῖ,</span> <span class='ocrx_word' id='word_1_621' title='bbox 2566 4220 2809 4300; x_wconf 76' lang='grc' dir='ltr'>ἐνιδρύων</span> <span class='ocrx_word' id='word_1_622' title='bbox 2865 4227 2943 4296; x_wconf 83' lang='grc' dir='ltr'><strong>τῷ</strong></span> <span class='ocrx_word' id='word_1_623' title='bbox 3000 4225 3168 4300; x_wconf 85' lang='grc' dir='ltr'>ὁμοίῳ</span> <span class='ocrx_word' id='word_1_624' title='bbox 3226 4226 3285 4282; x_wconf 79' lang='grc' dir='ltr'><strong>τὸ</strong></span> <span class='ocrx_word' id='word_1_625' title='bbox 3351 4224 3564 4307; x_wconf 75' lang='grc' dir='ltr'>ὅμοιον,</span> <span class='ocrx_word' id='word_1_626' title='bbox 3599 4230 3691 4286; x_wconf 71' lang='grc' dir='ltr'><strong>καὶ</strong></span> <span class='ocrx_word' id='word_1_627' title='bbox 3723 4228 3863 4287; x_wconf 71' lang='grc' dir='ltr'>ἄπο-</span> 
     </span>
    </p>
   </div>
   <div class='ocr_carea' id='block_1_86' title="bbox 470 4308 2126 4394">
    <p class='ocr_par' dir='ltr' id='par_1_86' title="bbox 470 4308 2121 4391">
     <span class='ocr_line' id='line_1_86' title="bbox 470 4308 2121 4391; baseline 0.002 -20"><span class='ocrx_word' id='word_1_628' title='bbox 470 4309 900 4389; x_wconf 87' lang='lat' dir='ltr'><strong>individuaque</strong></span> <span class='ocrx_word' id='word_1_629' title='bbox 954 4327 988 4370; x_wconf 90' lang='lat' dir='ltr'><strong>a</strong></span> <span class='ocrx_word' id='word_1_630' title='bbox 1046 4308 1302 4371; x_wconf 90' lang='lat' dir='ltr'><strong>dividuis</strong></span> <span class='ocrx_word' id='word_1_631' title='bbox 1359 4309 1755 4391; x_wconf 89' lang='lat' dir='ltr'><strong>humanisque</strong></span> <span class='ocrx_word' id='word_1_632' title='bbox 1835 4311 2121 4377; x_wconf 85' lang='lat' dir='ltr'><strong>secernit.</strong></span> 
     </span>
    </p>
   </div>
   <div class='ocr_carea' id='block_1_87' title="bbox 2210 4308 3864 4394">
    <p class='ocr_par' dir='ltr' id='par_1_87' title="bbox 2210 4309 3864 4394">
     <span class='ocr_line' id='line_1_87' title="bbox 2210 4309 3864 4394; baseline 0.006 -27"><span class='ocrx_word' id='word_1_633' title='bbox 2210 4309 2529 4369; x_wconf 67' lang='grc' dir='ltr'>διαστέλλων</span> <span class='ocrx_word' id='word_1_634' title='bbox 2556 4311 2623 4368; x_wconf 78' lang='grc' dir='ltr'><strong>ταὶ</strong></span> <span class='ocrx_word' id='word_1_635' title='bbox 2644 4316 2765 4369; x_wconf 80' lang='grc' dir='ltr'>θεῖα</span> <span class='ocrx_word' id='word_1_636' title='bbox 2792 4313 2880 4370; x_wconf 81' lang='grc' dir='ltr'><strong>καὶ</strong></span> <span class='ocrx_word' id='word_1_637' title='bbox 2937 4313 3113 4370; x_wconf 81' lang='grc' dir='ltr'>ὲνιαϊα</span> <span class='ocrx_word' id='word_1_638' title='bbox 3170 4315 3277 4372; x_wconf 80' lang='grc' dir='ltr'><strong>τῶν</strong></span> <span class='ocrx_word' id='word_1_639' title='bbox 3332 4319 3568 4394; x_wconf 77' lang='grc' dir='ltr'><strong>μερικῶν</strong></span> <span class='ocrx_word' id='word_1_640' title='bbox 3625 4320 3719 4376; x_wconf 78' lang='grc' dir='ltr'><strong>καὶ</strong></span> <span class='ocrx_word' id='word_1_641' title='bbox 3774 4319 3864 4376; x_wconf 83' lang='grc' dir='ltr'><strong>ἆν-</strong></span> 
     </span>
    </p>
   </div>
   <div class='ocr_carea' id='block_1_88' title="bbox 470 4398 2126 4482">
    <p class='ocr_par' dir='ltr' id='par_1_88' title="bbox 470 4398 2120 4480">
     <span class='ocr_line' id='line_1_88' title="bbox 470 4398 2120 4480; baseline 0.001 -18"><span class='ocrx_word' id='word_1_642' title='bbox 470 4398 544 4462; x_wconf 84' lang='grc' dir='ltr'>Ει</span> <span class='ocrx_word' id='word_1_643' title='bbox 600 4399 690 4463; x_wconf 91' lang='lat' dir='ltr'><strong>sic</strong></span> <span class='ocrx_word' id='word_1_644' title='bbox 746 4401 995 4477; x_wconf 89' lang='lat' dir='ltr'><strong>quidem</strong></span> <span class='ocrx_word' id='word_1_645' title='bbox 1053 4400 1279 4480; x_wconf 86' lang='lat' dir='ltr'><strong>hasque</strong></span> <span class='ocrx_word' id='word_1_646' title='bbox 1336 4400 1410 4460; x_wconf 93' lang='lat' dir='ltr'><strong>ob</strong></span> <span class='ocrx_word' id='word_1_647' title='bbox 1464 4415 1675 4462; x_wconf 89' lang='lat' dir='ltr'><strong>causas</strong></span> <span class='ocrx_word' id='word_1_648' title='bbox 1704 4401 1769 4462; x_wconf 89' lang='lat' dir='ltr'><strong>fit</strong></span> <span class='ocrx_word' id='word_1_649' title='bbox 1796 4401 2120 4478; x_wconf 86' lang='lat' dir='ltr'><strong>salutatio;</strong></span> 
     </span>
    </p>
   </div>
   <div class='ocr_carea' id='block_1_89' title="bbox 2210 4398 3864 4482">
    <p class='ocr_par' dir='ltr' id='par_1_89' title="bbox 2210 4402 3864 4482">
     <span class='ocr_line' id='line_1_89' title="bbox 2210 4402 3864 4482; baseline 0.004 -23"><span class='ocrx_word' id='word_1_650' title='bbox 2210 4404 2500 4479; x_wconf 83' lang='grc' dir='ltr'>θρωπίνων,</span> <span class='ocrx_word' id='word_1_651' title='bbox 2605 4404 2703 4461; x_wconf 80' lang='grc' dir='ltr'>Καὶ</span> <span class='ocrx_word' id='word_1_652' title='bbox 2773 4404 2799 4459; x_wconf 76' lang='grc' dir='ltr'><strong>ὁ</strong></span> <span class='ocrx_word' id='word_1_653' title='bbox 2891 4402 2990 4479; x_wconf 81' lang='grc' dir='ltr'>μὲν</span> <span class='ocrx_word' id='word_1_654' title='bbox 3059 4404 3340 4482; x_wconf 75' lang='grc' dir='ltr'>ἀσπασμὸς</span> <span class='ocrx_word' id='word_1_655' title='bbox 3417 4405 3540 4464; x_wconf 80' lang='grc' dir='ltr'>οὖτο</span> <span class='ocrx_word' id='word_1_656' title='bbox 3612 4410 3707 4465; x_wconf 83' lang='grc' dir='ltr'><strong>καὶ</strong></span> <span class='ocrx_word' id='word_1_657' title='bbox 3780 4408 3864 4466; x_wconf 73' lang='grc' dir='ltr'><strong>διὰ</strong></span> 
     </span>
    </p>
   </div>
   <div class='ocr_carea' id='block_1_90' title="bbox 472 4491 2126 4577">
    <p class='ocr_par' dir='ltr' id='par_1_90' title="bbox 472 4493 2121 4577">
     <span class='ocr_line' id='line_1_90' title="bbox 472 4493 2121 4577; baseline 0.001 -22"><span class='ocrx_word' id='word_1_658' title='bbox 472 4493 805 4557; x_wconf 83' lang='lat' dir='ltr'><strong>tabularum</strong></span> <span class='ocrx_word' id='word_1_659' title='bbox 833 4511 971 4555; x_wconf 90' lang='lat' dir='ltr'><strong>vero</strong></span> <span class='ocrx_word' id='word_1_660' title='bbox 996 4493 1268 4554; x_wconf 84' lang='lat' dir='ltr'><strong>recitatio</strong></span> <span class='ocrx_word' id='word_1_661' title='bbox 1294 4493 1656 4573; x_wconf 72' lang='lat' dir='ltr'><strong>deprmdicat</strong></span> <span class='ocrx_word' id='word_1_662' title='bbox 1697 4512 1799 4557; x_wconf 94' lang='lat' dir='ltr'><strong>eos</strong></span> <span class='ocrx_word' id='word_1_663' title='bbox 1828 4494 1929 4577; x_wconf 92' lang='lat' dir='ltr'><strong>qui</strong></span> <span class='ocrx_word' id='word_1_664' title='bbox 1985 4513 2121 4557; x_wconf 89' lang='lat' dir='ltr'><strong>san-</strong></span> 
     </span>
    </p>
   </div>
   <div class='ocr_carea' id='block_1_91' title="bbox 2210 4491 3861 4577">
    <p class='ocr_par' dir='ltr' id='par_1_91' title="bbox 2210 4491 3861 4573">
     <span class='ocr_line' id='line_1_91' title="bbox 2210 4491 3861 4573; baseline 0.004 -24"><span class='ocrx_word' id='word_1_665' title='bbox 2210 4498 2388 4549; x_wconf 73' lang='grc' dir='ltr'>ταῦτα*</span> <span class='ocrx_word' id='word_1_666' title='bbox 2423 4494 2455 4561; x_wconf 81' lang='grc' dir='ltr'>ἠ</span> <span class='ocrx_word' id='word_1_667' title='bbox 2492 4491 2546 4547; x_wconf 76' lang='grc' dir='ltr'>δὲ</span> <span class='ocrx_word' id='word_1_668' title='bbox 2576 4497 2681 4549; x_wconf 81' lang='grc' dir='ltr'>τῶν</span> <span class='ocrx_word' id='word_1_669' title='bbox 2714 4496 2938 4573; x_wconf 80' lang='grc' dir='ltr'>πτυχῶν</span> <span class='ocrx_word' id='word_1_670' title='bbox 2976 4493 3261 4573; x_wconf 78' lang='grc' dir='ltr'>ἀνάῤῥησις</span> <span class='ocrx_word' id='word_1_671' title='bbox 3320 4498 3674 4570; x_wconf 81' lang='grc' dir='ltr'>ὰνακηρύττει</span> <span class='ocrx_word' id='word_1_672' title='bbox 3736 4500 3861 4565; x_wconf 78' lang='grc' dir='ltr'>τοὺς</span> 
     </span>
    </p>
   </div>
   <div class='ocr_carea' id='block_1_92' title="bbox 471 4579 2126 4664">
    <p class='ocr_par' dir='ltr' id='par_1_92' title="bbox 471 4583 2120 4664">
     <span class='ocr_line' id='line_1_92' title="bbox 471 4583 2120 4664; baseline 0.001 -18"><span class='ocrx_word' id='word_1_673' title='bbox 471 4591 565 4646; x_wconf 91' lang='lat' dir='ltr'><strong>cte</strong></span> <span class='ocrx_word' id='word_1_674' title='bbox 622 4583 1194 4664; x_wconf 85' lang='lat' dir='ltr'><strong>vixerunt,quinimo</strong></span> <span class='ocrx_word' id='word_1_675' title='bbox 1246 4583 1423 4646; x_wconf 90' lang='lat' dir='ltr'><strong>etiam</strong></span> <span class='ocrx_word' id='word_1_676' title='bbox 1475 4586 1739 4647; x_wconf 89' lang='lat' dir='ltr'><strong>viventes</strong></span> <span class='ocrx_word' id='word_1_677' title='bbox 1785 4585 2003 4648; x_wconf 84' lang='lat' dir='ltr'><strong>excitat</strong></span> <span class='ocrx_word' id='word_1_678' title='bbox 2041 4586 2120 4647; x_wconf 91' lang='lat' dir='ltr'><strong>ad</strong></span> 
     </span>
    </p>
   </div>
   <div class='ocr_carea' id='block_1_93' title="bbox 2210 4579 3861 4664">
    <p class='ocr_par' dir='ltr' id='par_1_93' title="bbox 2210 4579 3861 4664">
     <span class='ocr_line' id='line_1_93' title="bbox 2210 4579 3861 4664; baseline 0.005 -27"><span class='ocrx_word' id='word_1_679' title='bbox 2210 4579 2524 4658; x_wconf 77' lang='grc' dir='ltr'>βεϐιωκότας</span> <span class='ocrx_word' id='word_1_680' title='bbox 2584 4583 2765 4662; x_wconf 76' lang='grc' dir='ltr'>ὁσίως,</span> <span class='ocrx_word' id='word_1_681' title='bbox 2822 4587 2884 4643; x_wconf 77' lang='grc' dir='ltr'><strong>οὖ</strong></span> <span class='ocrx_word' id='word_1_682' title='bbox 2940 4584 3047 4659; x_wconf 77' lang='grc' dir='ltr'>μὴν</span> <span class='ocrx_word' id='word_1_683' title='bbox 3078 4583 3155 4664; x_wconf 73' lang='grc' dir='ltr'>δὲ,</span> <span class='ocrx_word' id='word_1_684' title='bbox 3209 4584 3353 4642; x_wconf 78' lang='grc' dir='ltr'>ἀλλὰ</span> <span class='ocrx_word' id='word_1_685' title='bbox 3381 4588 3624 4651; x_wconf 78' lang='grc' dir='ltr'>καὶτοὺς</span> <span class='ocrx_word' id='word_1_686' title='bbox 3654 4589 3861 4660; x_wconf 82' lang='grc' dir='ltr'>ζῶντας</span> 
     </span>
    </p>
   </div>
   <div class='ocr_carea' id='block_1_94' title="bbox 471 4672 2126 4757">
    <p class='ocr_par' dir='ltr' id='par_1_94' title="bbox 471 4673 2121 4755">
     <span class='ocr_line' id='line_1_94' title="bbox 471 4673 2121 4755; baseline 0.001 -19"><span class='ocrx_word' id='word_1_687' title='bbox 471 4674 843 4755; x_wconf 88' lang='lat' dir='ltr'><strong>ejuscemodi</strong></span> <span class='ocrx_word' id='word_1_688' title='bbox 863 4673 1327 4749; x_wconf 67' lang='lat' dir='ltr'><strong>aemulationem;</strong></span> <span class='ocrx_word' id='word_1_689' title='bbox 1360 4692 1477 4735; x_wconf 91' lang='lat' dir='ltr'><strong>non</strong></span> <span class='ocrx_word' id='word_1_690' title='bbox 1499 4677 1655 4736; x_wconf 88' lang='lat' dir='ltr'><strong>enim</strong></span> <span class='ocrx_word' id='word_1_691' title='bbox 1684 4685 1922 4737; x_wconf 88' lang='lat' dir='ltr'><strong>sanctos</strong></span> <span class='ocrx_word' id='word_1_692' title='bbox 1950 4675 2121 4755; x_wconf 91' lang='lat' dir='ltr'><strong>quasi</strong></span> 
     </span>
    </p>
   </div>
   <div class='ocr_carea' id='block_1_95' title="bbox 2210 4672 3864 4757">
    <p class='ocr_par' dir='ltr' id='par_1_95' title="bbox 2210 4672 3864 4757">
     <span class='ocr_line' id='line_1_95' title="bbox 2210 4672 3864 4757; baseline 0.005 -27"><span class='ocrx_word' id='word_1_693' title='bbox 2210 4672 2440 4752; x_wconf 70' lang='grc' dir='ltr'>διεγείρει</span> <span class='ocrx_word' id='word_1_694' title='bbox 2471 4676 2543 4739; x_wconf 81' lang='grc' dir='ltr'>εἰς</span> <span class='ocrx_word' id='word_1_695' title='bbox 2574 4675 2666 4729; x_wconf 84' lang='grc' dir='ltr'>τὸν</span> <span class='ocrx_word' id='word_1_696' title='bbox 2707 4695 2799 4730; x_wconf 71' lang='grc' dir='ltr'>το.)</span> <span class='ocrx_word' id='word_1_697' title='bbox 2827 4674 3013 4751; x_wconf 82' lang='grc' dir='ltr'>ὁμοίου</span> <span class='ocrx_word' id='word_1_698' title='bbox 3052 4675 3239 4747; x_wconf 62' lang='grc' dir='ltr'>ζῆλον·</span> <span class='ocrx_word' id='word_1_699' title='bbox 3287 4675 3404 4737; x_wconf 70' lang='grc' dir='ltr'>οὐδὲ</span> <span class='ocrx_word' id='word_1_700' title='bbox 3464 4679 3567 4757; x_wconf 80' lang='grc' dir='ltr'><strong>γὰρ</strong></span> <span class='ocrx_word' id='word_1_701' title='bbox 3625 4681 3705 4745; x_wconf 83' lang='grc' dir='ltr'>ὡς</span> <span class='ocrx_word' id='word_1_702' title='bbox 3764 4700 3864 4738; x_wconf 83' lang='grc' dir='ltr'><strong>τε-</strong></span> 
     </span>
    </p>
   </div>
   <div class='ocr_carea' id='block_1_96' title="bbox 469 4760 2126 4866">
    <p class='ocr_par' dir='ltr' id='par_1_96' title="bbox 469 4760 2115 4844">
     <span class='ocr_line' id='line_1_96' title="bbox 469 4760 2115 4844; baseline 0.002 -19"><span class='ocrx_word' id='word_1_703' title='bbox 469 4772 736 4826; x_wconf 89' lang='lat' dir='ltr'><strong>mortuos</strong></span> <span class='ocrx_word' id='word_1_704' title='bbox 758 4760 1070 4844; x_wconf 83' lang='lat' dir='ltr'><strong>habemus,</strong></span> <span class='ocrx_word' id='word_1_705' title='bbox 1096 4764 1200 4824; x_wconf 86' lang='lat' dir='ltr'><strong>sed</strong></span> <span class='ocrx_word' id='word_1_706' title='bbox 1228 4772 1289 4824; x_wconf 91' lang='lat' dir='ltr'><strong>ut</strong></span> <span class='ocrx_word' id='word_1_707' title='bbox 1306 4764 1572 4827; x_wconf 86' lang='lat' dir='ltr'><strong>viventes</strong></span> <span class='ocrx_word' id='word_1_708' title='bbox 1602 4764 1779 4826; x_wconf 88' lang='lat' dir='ltr'><strong>vitam</strong></span> <span class='ocrx_word' id='word_1_709' title='bbox 1805 4765 2115 4829; x_wconf 87' lang='lat' dir='ltr'><strong>meliorem</strong></span> 
     </span>
    </p>
   </div>
   <div class='ocr_carea' id='block_1_97' title="bbox 2210 4760 3861 4866">
    <p class='ocr_par' dir='ltr' id='par_1_97' title="bbox 2210 4762 3861 4866">
     <span class='ocr_line' id='line_1_97' title="bbox 2210 4762 3861 4866; baseline 0.003 -46"><span class='ocrx_word' id='word_1_710' title='bbox 2210 4762 2560 4833; x_wconf 75' lang='grc' dir='ltr'>λευτήσαντας</span> <span class='ocrx_word' id='word_1_711' title='bbox 2617 4762 2815 4843; x_wconf 75' lang='grc' dir='ltr'>ἔχομεν</span> <span class='ocrx_word' id='word_1_712' title='bbox 2866 4767 2986 4866; x_wconf 68' lang='grc' dir='ltr'>τοὺέ</span> <span class='ocrx_word' id='word_1_713' title='bbox 3058 4765 3265 4846; x_wconf 80' lang='grc' dir='ltr'>ἁγίους,</span> <span class='ocrx_word' id='word_1_714' title='bbox 3338 4765 3459 4824; x_wconf 78' lang='grc' dir='ltr'>ἀλλ’</span> <span class='ocrx_word' id='word_1_715' title='bbox 3531 4769 3607 4833; x_wconf 81' lang='grc' dir='ltr'>ὡς</span> <span class='ocrx_word' id='word_1_716' title='bbox 3658 4774 3861 4841; x_wconf 78' lang='grc' dir='ltr'>ζῶντας</span> 
     </span>
    </p>
   </div>
   <div class='ocr_carea' id='block_1_98' title="bbox 468 4853 2126 4933">
    <p class='ocr_par' dir='ltr' id='par_1_98' title="bbox 468 4853 2119 4933">
     <span class='ocr_line' id='line_1_98' title="bbox 468 4853 2119 4933; baseline 0.002 -19"><span class='ocrx_word' id='word_1_717' title='bbox 468 4861 646 4932; x_wconf 89' lang='lat' dir='ltr'><strong>atque</strong></span> <span class='ocrx_word' id='word_1_718' title='bbox 671 4853 1123 4932; x_wconf 89' lang='lat' dir='ltr'><strong>sempiternam.</strong></span> <span class='ocrx_word' id='word_1_719' title='bbox 1157 4853 1390 4933; x_wconf 88' lang='lat' dir='ltr'><strong>Accipit</strong></span> <span class='ocrx_word' id='word_1_720' title='bbox 1417 4867 1616 4917; x_wconf 88' lang='lat' dir='ltr'><strong>autem</strong></span> <span class='ocrx_word' id='word_1_721' title='bbox 1652 4856 1761 4917; x_wconf 90' lang='lat' dir='ltr'><strong>hoc</strong></span> <span class='ocrx_word' id='word_1_722' title='bbox 1825 4874 1896 4917; x_wconf 77' lang='lat' dir='ltr'><strong>ex</strong></span> <span class='ocrx_word' id='word_1_723' title='bbox 1944 4855 2119 4919; x_wconf 86' lang='lat' dir='ltr'><strong>Salo-</strong></span> 
     </span>
    </p>
   </div>
   <div class='ocr_carea' id='block_1_99' title="bbox 2210 4853 3862 4933">
    <p class='ocr_par' dir='ltr' id='par_1_99' title="bbox 2210 4853 3862 4933">
     <span class='ocr_line' id='line_1_99' title="bbox 2210 4853 3862 4933; baseline 0.003 -22"><span class='ocrx_word' id='word_1_724' title='bbox 2210 4855 2479 4933; x_wconf 79' lang='grc' dir='ltr'>κρείττονα</span> <span class='ocrx_word' id='word_1_725' title='bbox 2534 4854 2678 4925; x_wconf 79' lang='grc' dir='ltr'>ζωὴν</span> <span class='ocrx_word' id='word_1_726' title='bbox 2736 4856 2823 4911; x_wconf 82' lang='grc' dir='ltr'><strong>καὶ</strong></span> <span class='ocrx_word' id='word_1_727' title='bbox 2879 4853 3075 4915; x_wconf 74' lang='grc' dir='ltr'>ἀΐδιον.</span> <span class='ocrx_word' id='word_1_728' title='bbox 3139 4854 3412 4932; x_wconf 78' lang='grc' dir='ltr'>Λαμϐάνει</span> <span class='ocrx_word' id='word_1_729' title='bbox 3472 4856 3529 4914; x_wconf 73' lang='grc' dir='ltr'>δὲ</span> <span class='ocrx_word' id='word_1_730' title='bbox 3585 4866 3749 4918; x_wconf 76' lang='grc' dir='ltr'>τοῦτο</span> <span class='ocrx_word' id='word_1_731' title='bbox 3804 4860 3862 4917; x_wconf 65' lang='grc' dir='ltr'>ἐκ</span> 
     </span>
    </p>
   </div>
   <div class='ocr_carea' id='block_1_100' title="bbox 468 4940 2126 5028">
    <p class='ocr_par' dir='ltr' id='par_1_100' title="bbox 468 4940 2123 5027">
     <span class='ocr_line' id='line_1_100' title="bbox 468 4940 2123 5027; baseline 0.003 -23"><span class='ocrx_word' id='word_1_732' title='bbox 468 4959 649 5005; x_wconf 89' lang='lat' dir='ltr'><strong>mone</strong></span> <span class='ocrx_word' id='word_1_733' title='bbox 671 4941 943 5006; x_wconf 87' lang='lat' dir='ltr'><strong>dicente;</strong></span> <span class='ocrx_word' id='word_1_734' title='bbox 984 4940 1149 5004; x_wconf 72' lang='lat' dir='ltr'><strong>Iusti</strong></span> <span class='ocrx_word' id='word_1_735' title='bbox 1189 4946 1257 5004; x_wconf 79' lang='lat' dir='ltr'><strong>in</strong></span> <span class='ocrx_word' id='word_1_736' title='bbox 1304 4952 1655 5023; x_wconf 81' lang='lat' dir='ltr'><strong>perpetuum</strong></span> <span class='ocrx_word' id='word_1_737' title='bbox 1699 4947 1986 5027; x_wconf 78' lang='lat' dir='ltr'><strong>vivunt&#39;;</strong></span> <span class='ocrx_word' id='word_1_738' title='bbox 2051 4964 2123 5009; x_wconf 79' lang='lat' dir='ltr'><strong>ex</strong></span> 
     </span>
    </p>
   </div>
   <div class='ocr_carea' id='block_1_101' title="bbox 2210 4940 3858 5028">
    <p class='ocr_par' dir='ltr' id='par_1_101' title="bbox 2210 4943 3858 5028">
     <span class='ocr_line' id='line_1_101' title="bbox 2210 4943 3858 5028; baseline 0.004 -28"><span class='ocrx_word' id='word_1_739' title='bbox 2210 4943 2576 5020; x_wconf 82' lang='grc' dir='ltr'>Σολομῶντος·</span> <span class='ocrx_word' id='word_1_740' title='bbox 2636 4952 2866 5022; x_wconf 88' lang='grc' dir='ltr'>Δικαιοι,</span> <span class='ocrx_word' id='word_1_741' title='bbox 2927 4944 3199 5023; x_wconf 79' lang='grc' dir='ltr'>λέγοντος,</span> <span class='ocrx_word' id='word_1_742' title='bbox 3264 4948 3339 5013; x_wconf 83' lang='grc' dir='ltr'><strong>εἰς</strong></span> <span class='ocrx_word' id='word_1_743' title='bbox 3367 4948 3460 5004; x_wconf 80' lang='grc' dir='ltr'><strong>τὸν</strong></span> <span class='ocrx_word' id='word_1_744' title='bbox 3499 4949 3667 5005; x_wconf 78' lang='grc' dir='ltr'>αἰῶνα</span> <span class='ocrx_word' id='word_1_745' title='bbox 3708 4956 3858 5028; x_wconf 81' lang='grc' dir='ltr'>ζῶσι,</span> 
     </span>
    </p>
   </div>
   <div class='ocr_carea' id='block_1_102' title="bbox 464 5031 2126 5115">
    <p class='ocr_par' dir='ltr' id='par_1_102' title="bbox 464 5031 2121 5112">
     <span class='ocr_line' id='line_1_102' title="bbox 464 5031 2121 5112; baseline 0.003 -19"><span class='ocrx_word' id='word_1_746' title='bbox 464 5031 655 5093; x_wconf 89' lang='lat' dir='ltr'><strong>sacris</strong></span> <span class='ocrx_word' id='word_1_747' title='bbox 704 5031 1075 5111; x_wconf 86' lang='lat' dir='ltr'><strong>Evangeliis:</strong></span> <span class='ocrx_word' id='word_1_748' title='bbox 1115 5034 1236 5108; x_wconf 78' lang='lat' dir='ltr'><strong>Qui</strong></span> <span class='ocrx_word' id='word_1_749' title='bbox 1287 5036 1483 5097; x_wconf 66' lang='lat' dir='ltr'><strong>credit</strong></span> <span class='ocrx_word' id='word_1_750' title='bbox 1533 5036 1607 5097; x_wconf 75' lang='lat' dir='ltr'><strong>in</strong></span> <span class='ocrx_word' id='word_1_751' title='bbox 1663 5053 1779 5112; x_wconf 84' lang='lat' dir='ltr'><strong>mc,</strong></span> <span class='ocrx_word' id='word_1_752' title='bbox 1834 5038 2020 5098; x_wconf 63' lang='lat' dir='ltr'><strong>etiam</strong></span> <span class='ocrx_word' id='word_1_753' title='bbox 2064 5039 2121 5099; x_wconf 79' lang='lat' dir='ltr'><strong>si</strong></span> 
     </span>
    </p>
   </div>
   <div class='ocr_carea' id='block_1_103' title="bbox 2210 5031 3860 5115">
    <p class='ocr_par' dir='ltr' id='par_1_103' title="bbox 2210 5034 3860 5115">
     <span class='ocr_line' id='line_1_103' title="bbox 2210 5034 3860 5115; baseline 0.002 -23"><span class='ocrx_word' id='word_1_754' title='bbox 2210 5037 2291 5093; x_wconf 77' lang='grc' dir='ltr'><strong>καὶ</strong></span> <span class='ocrx_word' id='word_1_755' title='bbox 2341 5035 2447 5091; x_wconf 82' lang='grc' dir='ltr'><strong>ἀπὸ</strong></span> <span class='ocrx_word' id='word_1_756' title='bbox 2516 5039 2623 5091; x_wconf 83' lang='grc' dir='ltr'><strong>τῶν</strong></span> <span class='ocrx_word' id='word_1_757' title='bbox 2692 5035 2846 5113; x_wconf 77' lang='grc' dir='ltr'>ἱερῶν</span> <span class='ocrx_word' id='word_1_758' title='bbox 2920 5034 3278 5115; x_wconf 64' lang='grc' dir='ltr'>Εὔαγγελίωψ</span> <span class='ocrx_word' id='word_1_759' title='bbox 3343 5037 3405 5095; x_wconf 80' lang='grc' dir='ltr'><strong>Ὀ</strong></span> <span class='ocrx_word' id='word_1_760' title='bbox 3457 5038 3734 5096; x_wconf 77' lang='grc' dir='ltr'>πιστεύων</span> <span class='ocrx_word' id='word_1_761' title='bbox 3791 5041 3860 5105; x_wconf 81' lang='grc' dir='ltr'><strong>εἷς</strong></span> 
     </span>
    </p>
   </div>
   <div class='ocr_carea' id='block_1_104' title="bbox 465 5122 2126 5207">
    <p class='ocr_par' dir='ltr' id='par_1_104' title="bbox 465 5122 2121 5207">
     <span class='ocr_line' id='line_1_104' title="bbox 465 5122 2121 5207; baseline 0.002 -22"><span class='ocrx_word' id='word_1_762' title='bbox 465 5127 740 5186; x_wconf 81' lang='lat' dir='ltr'><strong>mortuus</strong></span> <span class='ocrx_word' id='word_1_763' title='bbox 791 5122 1006 5202; x_wconf 81' lang='lat' dir='ltr'><strong>fuerit,</strong></span> <span class='ocrx_word' id='word_1_764' title='bbox 1062 5124 1222 5186; x_wconf 80' lang='lat' dir='ltr'><strong>vivet</strong></span> <span class='ocrx_word' id='word_1_765' title='bbox 1245 5132 1287 5183; x_wconf 84' lang='lat'><strong>&#39;.</strong></span> <span class='ocrx_word' id='word_1_766' title='bbox 1346 5126 1478 5187; x_wconf 90' lang='lat' dir='ltr'><strong>Non</strong></span> <span class='ocrx_word' id='word_1_767' title='bbox 1535 5125 1730 5187; x_wconf 90' lang='lat' dir='ltr'><strong>solum</strong></span> <span class='ocrx_word' id='word_1_768' title='bbox 1778 5127 1980 5207; x_wconf 87' lang='lat' dir='ltr'><strong>itaque</strong></span> <span class='ocrx_word' id='word_1_769' title='bbox 2012 5145 2121 5190; x_wconf 91' lang='lat' dir='ltr'><strong>nos</strong></span> 
     </span>
    </p>
   </div>
   <div class='ocr_carea' id='block_1_105' title="bbox 2210 5122 3861 5207">
    <p class='ocr_par' dir='ltr' id='par_1_105' title="bbox 2210 5124 3861 5206">
     <span class='ocr_line' id='line_1_105' title="bbox 2210 5124 3861 5206; baseline 0.003 -25"><span class='ocrx_word' id='word_1_770' title='bbox 2210 5124 2324 5202; x_wconf 77' lang='grc' dir='ltr'>ἐμὲ,</span> <span class='ocrx_word' id='word_1_771' title='bbox 2384 5124 2481 5182; x_wconf 73' lang='grc' dir='ltr'><strong>κόἱν</strong></span> <span class='ocrx_word' id='word_1_772' title='bbox 2530 5124 2794 5201; x_wconf 72' lang='grc' dir='ltr'>ἀποθάνῃ,</span> <span class='ocrx_word' id='word_1_773' title='bbox 2855 5125 3099 5195; x_wconf 83' lang='grc' dir='ltr'>ζήσεται.</span> <span class='ocrx_word' id='word_1_774' title='bbox 3162 5127 3251 5193; x_wconf 79' lang='grc' dir='ltr'><strong>Μὴ</strong></span> <span class='ocrx_word' id='word_1_775' title='bbox 3310 5128 3474 5203; x_wconf 85' lang='grc' dir='ltr'>μόνον</span> <span class='ocrx_word' id='word_1_776' title='bbox 3539 5134 3666 5206; x_wconf 75' lang='grc' dir='ltr'>γοῦν</span> <span class='ocrx_word' id='word_1_777' title='bbox 3699 5131 3861 5206; x_wconf 71' lang='grc' dir='ltr'>ἡμεῖς</span> 
     </span>
    </p>
   </div>
   <div class='ocr_carea' id='block_1_106' title="bbox 464 5211 2126 5296">
    <p class='ocr_par' dir='ltr' id='par_1_106' title="bbox 464 5211 2120 5287">
     <span class='ocr_line' id='line_1_106' title="bbox 464 5211 2120 5287; baseline 0.002 -12"><span class='ocrx_word' id='word_1_778' title='bbox 464 5220 803 5275; x_wconf 86' lang='lat' dir='ltr'><strong>sanctorum</strong></span> <span class='ocrx_word' id='word_1_779' title='bbox 835 5211 1200 5276; x_wconf 90' lang='lat' dir='ltr'><strong>mentionem</strong></span> <span class='ocrx_word' id='word_1_780' title='bbox 1254 5213 1525 5287; x_wconf 85' lang='lat' dir='ltr'><strong>facimus,</strong></span> <span class='ocrx_word' id='word_1_781' title='bbox 1560 5232 1766 5277; x_wconf 88' lang='lat' dir='ltr'><strong>verum</strong></span> <span class='ocrx_word' id='word_1_782' title='bbox 1803 5215 1978 5278; x_wconf 91' lang='lat' dir='ltr'><strong>etiam</strong></span> <span class='ocrx_word' id='word_1_783' title='bbox 2011 5217 2120 5279; x_wconf 89' lang='lat' dir='ltr'><strong>hos</strong></span> 
     </span>
    </p>
   </div>
   <div class='ocr_carea' id='block_1_107' title="bbox 2210 5211 3857 5296">
    <p class='ocr_par' dir='ltr' id='par_1_107' title="bbox 2210 5213 3857 5296">
     <span class='ocr_line' id='line_1_107' title="bbox 2210 5213 3857 5296; baseline 0.002 -23"><span class='ocrx_word' id='word_1_784' title='bbox 2210 5221 2308 5273; x_wconf 83' lang='grc' dir='ltr'><strong>τῶν</strong></span> <span class='ocrx_word' id='word_1_785' title='bbox 2340 5216 2497 5273; x_wconf 84' lang='grc' dir='ltr'>ὁσίων</span> <span class='ocrx_word' id='word_1_786' title='bbox 2532 5216 2962 5291; x_wconf 81' lang='grc' dir='ltr'>μνημονεύομεν,</span> <span class='ocrx_word' id='word_1_787' title='bbox 3020 5213 3162 5272; x_wconf 80' lang='grc' dir='ltr'><strong>ἀλλᾶ</strong></span> <span class='ocrx_word' id='word_1_788' title='bbox 3212 5216 3302 5273; x_wconf 85' lang='grc' dir='ltr'><strong>καὶ</strong></span> <span class='ocrx_word' id='word_1_789' title='bbox 3331 5218 3398 5285; x_wconf 75' lang='grc' dir='ltr'><strong>τῇ</strong></span> <span class='ocrx_word' id='word_1_790' title='bbox 3428 5224 3521 5275; x_wconf 82' lang='grc' dir='ltr'>τοῦ</span> <span class='ocrx_word' id='word_1_791' title='bbox 3553 5224 3688 5277; x_wconf 80' lang='grc' dir='ltr'><strong>Θεοῦ</strong></span> <span class='ocrx_word' id='word_1_792' title='bbox 3718 5242 3857 5296; x_wconf 79' lang='grc' dir='ltr'>μνη-</span> 
     </span>
    </p>
   </div>
   <div class='ocr_carea' id='block_1_108' title="bbox 462 5301 2126 5389">
    <p class='ocr_par' dir='ltr' id='par_1_108' title="bbox 462 5301 2119 5389">
     <span class='ocr_line' id='line_1_108' title="bbox 462 5301 2119 5389; baseline 0.004 -25"><span class='ocrx_word' id='word_1_793' title='bbox 462 5303 682 5365; x_wconf 66' lang='lat' dir='ltr'><strong>divinaa</strong></span> <span class='ocrx_word' id='word_1_794' title='bbox 711 5302 1018 5365; x_wconf 64' lang='lat' dir='ltr'><strong>memoria;</strong></span> <span class='ocrx_word' id='word_1_795' title='bbox 1062 5301 1440 5367; x_wconf 85' lang='lat' dir='ltr'><strong>exhibemus.</strong></span> <span class='ocrx_word' id='word_1_796' title='bbox 1501 5307 1641 5367; x_wconf 88' lang='lat' dir='ltr'><strong>Post</strong></span> <span class='ocrx_word' id='word_1_797' title='bbox 1692 5305 1817 5368; x_wconf 66' lang='lat' dir='ltr'><strong>haec</strong></span> <span class='ocrx_word' id='word_1_798' title='bbox 1877 5325 2119 5389; x_wconf 90' lang='lat' dir='ltr'><strong>quoque</strong></span> 
     </span>
    </p>
   </div>
   <div class='ocr_carea' id='block_1_109' title="bbox 2210 5301 3857 5389">
    <p class='ocr_par' dir='ltr' id='par_1_109' title="bbox 2210 5304 3857 5389">
     <span class='ocr_line' id='line_1_109' title="bbox 2210 5304 3857 5389; baseline 0.002 -25"><span class='ocrx_word' id='word_1_799' title='bbox 2210 5305 2407 5383; x_wconf 75' lang='grc' dir='ltr'>μοσύνῃ</span> <span class='ocrx_word' id='word_1_800' title='bbox 2437 5306 2655 5370; x_wconf 77' lang='grc' dir='ltr'>τούτους</span> <span class='ocrx_word' id='word_1_801' title='bbox 2686 5304 3015 5370; x_wconf 78' lang='grc' dir='ltr'>ἂνατίθεμεν.</span> <span class='ocrx_word' id='word_1_802' title='bbox 3078 5306 3227 5364; x_wconf 79' lang='grc' dir='ltr'><strong>Μετᾶ</strong></span> <span class='ocrx_word' id='word_1_803' title='bbox 3280 5314 3466 5389; x_wconf 80' lang='grc' dir='ltr'>ταῦτα,</span> <span class='ocrx_word' id='word_1_804' title='bbox 3528 5311 3623 5366; x_wconf 84' lang='grc' dir='ltr'>καὶ</span> <span class='ocrx_word' id='word_1_805' title='bbox 3677 5311 3857 5381; x_wconf 74' lang='grc' dir='ltr'><strong>πῶςῆ</strong></span> 
     </span>
    </p>
   </div>
   <div class='ocr_carea' id='block_1_110' title="bbox 460 5390 2126 5479">
    <p class='ocr_par' dir='ltr' id='par_1_110' title="bbox 460 5390 2116 5479">
     <span class='ocr_line' id='line_1_110' title="bbox 460 5390 2116 5479; baseline 0.004 -25"><span class='ocrx_word' id='word_1_806' title='bbox 460 5390 612 5455; x_wconf 87' lang='lat' dir='ltr'><strong>dicit</strong></span> <span class='ocrx_word' id='word_1_807' title='bbox 635 5391 938 5473; x_wconf 89' lang='lat' dir='ltr'><strong>quomodo</strong></span> <span class='ocrx_word' id='word_1_808' title='bbox 968 5391 1170 5455; x_wconf 90' lang='lat' dir='ltr'><strong>divina</strong></span> <span class='ocrx_word' id='word_1_809' title='bbox 1227 5394 1331 5456; x_wconf 84' lang='lat' dir='ltr'><strong>fiat</strong></span> <span class='ocrx_word' id='word_1_810' title='bbox 1386 5398 1919 5460; x_wconf 87' lang='lat' dir='ltr'><strong>commemoratio:</strong></span> <span class='ocrx_word' id='word_1_811' title='bbox 1955 5398 2116 5479; x_wconf 89' lang='lat' dir='ltr'><strong>quod</strong></span> 
     </span>
    </p>
   </div>
   <div class='ocr_carea' id='block_1_111' title="bbox 2210 5390 3864 5479">
    <p class='ocr_par' dir='ltr' id='par_1_111' title="bbox 2210 5394 3864 5479">
     <span class='ocr_line' id='line_1_111' title="bbox 2210 5394 3864 5479; baseline 0.002 -26"><span class='ocrx_word' id='word_1_812' title='bbox 2210 5398 2309 5454; x_wconf 70' lang='lat' dir='ltr'><strong>ista</strong></span> <span class='ocrx_word' id='word_1_813' title='bbox 2341 5398 2531 5473; x_wconf 77' lang='grc' dir='ltr'>μνήμη</span> <span class='ocrx_word' id='word_1_814' title='bbox 2586 5397 2811 5477; x_wconf 82' lang='grc' dir='ltr'>γίνεται,</span> <span class='ocrx_word' id='word_1_815' title='bbox 2844 5394 3016 5475; x_wconf 80' lang='grc' dir='ltr'>λέγει·</span> <span class='ocrx_word' id='word_1_816' title='bbox 3055 5398 3118 5453; x_wconf 81' lang='grc' dir='ltr'>τὸ</span> <span class='ocrx_word' id='word_1_817' title='bbox 3153 5398 3254 5474; x_wconf 81' lang='grc' dir='ltr'>γὰρ</span> <span class='ocrx_word' id='word_1_818' title='bbox 3284 5394 3580 5476; x_wconf 70' lang='grc' dir='ltr'>λεγόμενον</span> <span class='ocrx_word' id='word_1_819' title='bbox 3613 5398 3670 5455; x_wconf 75' lang='grc' dir='ltr'>ἐν</span> <span class='ocrx_word' id='word_1_820' title='bbox 3735 5422 3864 5479; x_wconf 71' lang='grc' dir='ltr'>προσ</span> 
     </span>
    </p>
   </div>
   <div class='ocr_carea' id='block_1_112' title="bbox 460 5482 2126 5570">
    <p class='ocr_par' dir='ltr' id='par_1_112' title="bbox 460 5482 2112 5565">
     <span class='ocr_line' id='line_1_112' title="bbox 460 5482 2112 5565; baseline 0.002 -20"><span class='ocrx_word' id='word_1_821' title='bbox 460 5482 620 5545; x_wconf 89' lang='lat' dir='ltr'><strong>enim</strong></span> <span class='ocrx_word' id='word_1_822' title='bbox 652 5484 712 5545; x_wconf 93' lang='lat' dir='ltr'><strong>in</strong></span> <span class='ocrx_word' id='word_1_823' title='bbox 742 5482 1052 5565; x_wconf 85' lang='lat' dir='ltr'><strong>prophetis</strong></span> <span class='ocrx_word' id='word_1_824' title='bbox 1075 5482 1294 5547; x_wconf 90' lang='lat' dir='ltr'><strong>dicitur</strong></span> <span class='ocrx_word' id='word_1_825' title='bbox 1319 5504 1334 5547; x_wconf 74' lang='grc' dir='ltr'>ε</span> <span class='ocrx_word' id='word_1_826' title='bbox 1391 5483 1735 5550; x_wconf 75' lang='lat' dir='ltr'><strong>Meminisse</strong></span> <span class='ocrx_word' id='word_1_827' title='bbox 1755 5504 1957 5550; x_wconf 90' lang='lat' dir='ltr'><strong>coram</strong></span> <span class='ocrx_word' id='word_1_828' title='bbox 1987 5487 2112 5552; x_wconf 89' lang='lat' dir='ltr'><strong>Do-</strong></span> 
     </span>
    </p>
   </div>
   <div class='ocr_carea' id='block_1_113' title="bbox 2210 5482 3858 5570">
    <p class='ocr_par' dir='ltr' id='par_1_113' title="bbox 2210 5483 3858 5570">
     <span class='ocr_line' id='line_1_113' title="bbox 2210 5483 3858 5570; baseline 0.002 -27"><span class='ocrx_word' id='word_1_829' title='bbox 2210 5489 2417 5566; x_wconf 69' lang='grc' dir='ltr'>ρήταις,</span> <span class='ocrx_word' id='word_1_830' title='bbox 2477 5483 2812 5565; x_wconf 81' lang='grc' dir='ltr'>Ἀναμνῆσαι</span> <span class='ocrx_word' id='word_1_831' title='bbox 2870 5483 3119 5561; x_wconf 35' lang='grc' dir='ltr'>ὁνώπιον,</span> <span class='ocrx_word' id='word_1_832' title='bbox 3161 5487 3375 5569; x_wconf 83' lang='grc' dir='ltr'>Κυρίου,</span> <span class='ocrx_word' id='word_1_833' title='bbox 3440 5492 3547 5570; x_wconf 69' lang='grc' dir='ltr'><strong>οὐχ</strong></span> <span class='ocrx_word' id='word_1_834' title='bbox 3604 5487 3858 5558; x_wconf 69' lang='grc' dir='ltr'>οὕτωςδὶ</span> 
     </span>
    </p>
   </div>
   <div class='ocr_carea' id='block_1_114' title="bbox 538 5673 1537 5758">
    <p class='ocr_par' dir='ltr' id='par_1_114' title="bbox 538 5673 1537 5758">
     <span class='ocr_line' id='line_1_114' title="bbox 538 5673 1537 5758; baseline 0.004 -20"><span class='ocrx_word' id='word_1_835' title='bbox 538 5681 555 5707; x_wconf 73' lang='grc' dir='ltr'><em>τ</em></span> <span class='ocrx_word' id='word_1_836' title='bbox 585 5674 730 5758; x_wconf 82' lang='lat' dir='ltr'><strong>Sap.</strong></span> <span class='ocrx_word' id='word_1_837' title='bbox 777 5694 838 5755; x_wconf 88' lang='lat' dir='ltr'><strong>v,</strong></span> <span class='ocrx_word' id='word_1_838' title='bbox 878 5676 982 5741; x_wconf 81' lang='grc'><strong>16.</strong></span> <span class='ocrx_word' id='word_1_839' title='bbox 1066 5673 1289 5740; x_wconf 63' lang='lat' dir='ltr'><strong>1*Joan.</strong></span> <span class='ocrx_word' id='word_1_840' title='bbox 1328 5692 1408 5754; x_wconf 71' lang='grc' dir='ltr'><strong>ιι,</strong></span> <span class='ocrx_word' id='word_1_841' title='bbox 1437 5675 1537 5745; x_wconf 71' lang='grc'><strong>25.</strong></span> 
     </span>
    </p>
   </div>
  </div>
