4042 6444
163 403 289 470 465
652 410 750 473 DE
793 410 1092 474 ECCLES.
1143 411 1596 488 HIERARCH.,
1641 411 1805 471 CAP.
1856 410 1967 471 IIl.
2018 442 2092 453 —-
2139 410 2528 472 PARAPHR.
2583 408 3099 475 PACHYMERE.
3471 410 3588 479 466

164 558 339 618 νοεῖν,
379 548 455 611 ὡς
505 552 604 613 τῆς
639 569 858 623 [unum
918 550 1010 605 τοῦ
1064 557 1196 607 Θεοῦ
1228 550 1614 626 ἀνανεουμὲνης
1648 552 1702 604 ἓν
1757 553 1825 623 τῇ

1912 546 2097 622 mino,
2136 563 2253 607 non
2287 547 2367 609 ita
2396 546 2880 625 intelligendum,
2914 550 3089 625 quasi
3122 549 3233 612 Dei
3292 552 3581 614 memoria

165 638 435 713 φαντασίᾳ
490 644 582 694 τοῦ
632 636 971 714 ἅγεμονικοῦ,
1007 638 1136 717 ὅπερ
1181 640 1265 696 ἐπὶ
1304 648 1410 696 τῶν
1450 642 1603 717 σαρκὶ
1658 660 1826 711 προσ-

1915 642 2233 696 renovetur
2246 635 2303 696 in
2324 638 2631 716 phantasia
2644 655 2677 697 a
2691 640 3258 720 memorativa,qucd
3275 641 3575 704 mentibus

165 723 472 798 δεδεμένων
544 733 761 805 νοερῶν,
837 728 980 786 τοῦτ’
1064 728 1205 787 ἔστιν
1278 731 1455 809 ἡμῶν,
1529 728 1824 805 συμϐαίνει·

165 813 304 871 ἀλλὰ
339 818 537 890 μνήμη
586 824 716 875 Θεοῦ
772 816 985 895 λέγοιτο
1030 818 1092 874 ἂν
1152 821 1369 884 εἰκότως
1413 824 1447 889 ἡ
1484 826 1675 896 γνῶσις
1736 815 1829 874 τοῦ

167 911 325 984 Θεοῦ,
384 903 505 961 καθ’
565 910 630 973 ἦν
690 910 935 984 γινώσκει
993 910 1113 973 τοὺς
1175 909 1431 984 τελείους,
1476 906 1728 972 θεοειδεῖς
1774 909 1828 964 ἐν

164 995 310 1068 αεὶτῷ
371 995 721 1072 γιγνομένους
784 994 849 1052 δι’
908 998 1151 1076 ἐναρέτου
1208 1000 1344 1078 βίον,
1381 1001 1466 1056 καὶ
1511 997 1828 1065 ἀξιωθέντας

162 1089 259 1150 τῆς
326 1085 694 1156 ἀνεπιλήστου
744 1088 861 1166 περὶ
923 1088 1094 1145 αὒτῶν
1138 1089 1409 1165 γνώσεως,
1454 1090 1627 1150 καθὼς
1686 1111 1828 1164 1119-

166 1175 353 1230 ιστῶσι
410 1176 499 1232 καὶ
556 1177 621 1232 τὰ
692 1178 1047 1255 παρατεθέντα
1103 1183 1222 1235 θεῖα
1294 1181 1451 1256 ginta"
1530 1180 1712 1254 Τίμιος
1771 1177 1825 1234 δὲ

165 1264 422 1319 ἐνιντίων
510 1267 696 1344 Καρίου
770 1268 797 1322 6
868 1274 972 1323 τῶν
1039 1270 1197 1326 ὁσίων
1268 1270 1514 1345 θάνατος,
1577 1272 1635 1325 οὖ
1705 1267 1822 1324 καθ’

165 1355 191 1409 ὃ
222 1353 417 1419 ἁπλῶς
463 1356 684 1422 θάνατος
744 1359 831 1413 καὶ
886 1355 1137 1428 διάζευξις
1177 1364 1362 1438 ψυχῆς
1396 1359 1501 1415 ἀπὸ
1546 1360 1820 1437 σώματος,

167 1443 301 1499 ἀλλὰ
365 1446 552 1502 καθότι
580 1448 626 1503 οἱ
684 1450 818 1504 θεῖοι
851 1446 1031 1523 ἄνδρες
1088 1446 1410 1507 τελειοῦντχι
1456 1448 1508 1506 ἐν
1554 1448 1816 1516 ὁσιότητι⁶

167 1535 352 1614 ὥσπερ
400 1534 629 1613 λέγομεν
663 1539 751 1593 καὶ
807 1538 983 1609 τιμίαν
1027 1536 1231 1613 ἅλυσιν,
1267 1541 1326 1596 οὒ
1375 1538 1490 1597 καθ’
1549 1541 1710 1609 αὒτὴν
1759 1541 1819 1597 τὸ

165 1625 345 1697 τίμιον
406 1625 661 1705 ἔχουσαν,
697 1626 833 1683 ἀλλὰ
864 1626 997 1684 διότι
1043 1629 1319 1707 περιετέθη
1351 1629 1480 1709 ὑπὲρ
1512 1630 1672 1696 αὐτῆς
1730 1630 1826 1697 τῆς

169 1712 439 1779 εὖσεϐείπις
492 1722 569 1772 τῶ
614 1718 925 1794 κηρύττοντι
981 1719 1081 1784 τὴν
1140 1717 1428 1780 εὐσέϐειαν,
1495 1720 1725 1777 Κάκεϊνο
1774 1718 1828 1775 δὲ

166 1806 226 1861 τὸ
270 1811 380 1873 τῆς
440 1808 576 1884 πρὸς
632 1808 724 1864 τὸν
785 1809 1011 1886 Χριστὸν
1082 1808 1320 1874 ἑνώσεως
1378 1808 1667 1889 ἀδιαίρετον
1724 1813 1829 1866 τῶν

1915 726 2083 786 carni
2120 727 2392 803 alligatis,
2427 727 2485 786 id
2520 736 2608 788 est
2656 726 2850 807 nobis,
2888 747 2996 790 usu
3042 731 3241 807 venit;
3276 732 3382 793 sed
3414 731 3571 813 quod

1914 817 2204 877 memoria
2222 815 2328 877 Dei
2350 824 2513 878 recte
2533 816 2765 880 dicatur
2788 820 2893 881 Dei
2910 820 3178 894 scientia,
3207 839 3321 901 qua
3342 840 3568 901 cogno-

1912 906 2028 967 scit
2045 924 2146 967 eos
2168 906 2268 986 qui
2285 907 2530 986 perfecti
2548 916 2707 980 sunt,
2736 908 3058 971 deiformes
3087 910 3225 973 inse
3247 911 3433 973 factos
3464 930 3573 993 per

1912 994 2082 1056 vitam
2115 996 2429 1057 virtutibus
2484 997 2799 1078 illustrem,
2834 998 3164 1081 dignosque
3219 1001 3473 1080 habitos,
3506 1010 3572 1066 ut

1912 1085 2195 1165 perennis
2246 1104 2451 1148 eorum
2497 1089 2788 1149 memoria
2840 1107 2948 1151 seu
2993 1090 3197 1152 notitia
3251 1092 3565 1170 habeatur,

1910 1175 2410 1254 quemadmodum
2457 1177 2656 1238 divina
2688 1198 2925 1259 quoque
2957 1181 3200 1243 oracula
3233 1190 3519 1245 testantur
3547 1205 3562 1248 :

1908 1263 2189 1327 Pretiosa
2222 1269 2287 1327 in
2318 1276 2637 1347 conspectu
2673 1268 2918 1331 Domi-ni
2950 1289 3117 1333 mors
3147 1279 3503 1336 sanctorum
3525 1287 3563 1357 t,

1907 1372 2023 1415 non
2057 1355 2115 1416 in
2151 1363 2439 1436 quantum
2492 1357 2849 1438 simpliciter
2882 1378 3043 1421 mors
3094 1371 3205 1437 est,
3243 1370 3301 1423 et
3353 1355 3568 1425 animai

1904 1462 1938 1505 a
1985 1463 2235 1525 corpore
2298 1447 2617 1526 separatio,
2675 1449 2779 1510 sed
2849 1458 3140 1530 quatenus
3199 1452 3384 1513 divini
3453 1451 3565 1513 viri

1908 1533 1967 1594 in
1981 1542 2291 1598 sanctitate
2306 1545 2813 1613 consummantur;
2840 1539 3185 1602 sicutetiam
3203 1541 3560 1603 vinctionem

1911 1625 2230 1702 pretiosam
2265 1626 2542 1700 dicimus,
2580 1647 2697 1689 non
2735 1629 2893 1710 quod
2928 1648 3033 1709 per
3078 1650 3143 1693 se
3173 1632 3432 1711 pretiosa
3459 1632 3557 1712 sit,

1909 1713 2016 1776 sed
2056 1716 2212 1795 quod
2248 1732 2352 1794 pro
2406 1717 2699 1796 religione
2756 1719 3049 1799 applicata
3078 1721 3154 1781 sit
3207 1722 3559 1800 religionem

1914 1804 2282 1883 praedicanti.
2329 1804 2480 1879 Quin
2515 1816 2573 1867 et
2603 1808 2717 1868 hoc
2777 1827 3011 1888 quoque
3041 1818 3377 1875 sanctorum
3426 1828 3561 1873 cum

166 1895 333 1972 ἁγίων
407 1896 749 1968 παρίστησιν,
788 1894 867 1952 ὅτι
912 1904 1016 1954 τῶν
1062 1898 1251 1973 τιμίων
1313 1895 1519 1975 δωρεῶν
1564 1897 1825 1955 ἐπιτεθει-

1913 1892 2145 1956 Christo
2174 1895 2455 1958 unionem
2498 1897 2814 1979 signiﬁcat,
2851 1899 3010 1979 quod
3040 1901 3325 1981 appositis
3353 1918 3564 1963 mune-

168 1986 299 2059 σῶν,
334 1983 673 2051 ἇδιιστάτως
725 1988 758 2054 ἡ
791 1993 895 2043 τῶν
928 1987 1205 2063 ὀνομάτων
1234 1985 1548 2067 ἁνακήρυξις
1602 1988 1823 2066 γίνεται.

248 2079 278 2152 ἕ
316 2083 387 2134 Χ.
452 2076 667 2133 Τούτων
717 2078 804 2133 οὖν
846 2079 1168 2155 γεγονότων.
1209 2079 1444 2134 νίπτεταιι
1477 2079 1570 2141 τὰς
1631 2090 1825 2158 χεῖρας

169 2170 193 2223 '0
235 2167 504 2245 ἱερὰρχης
539 2165 830 2244 ἔμπροσθεν
872 2166 979 2223 τῶν
1006 2169 1160 2245 ἱερῶν
1191 2164 1470 2241 συμϐόλων
1523 2168 1712 2241 ἑστὼς,
1738 2169 1825 2224 καὶ

166 2256 284 2332 μετ’
350 2260 516 2315 αὖτοῦ
574 2255 804 2319 ἅπαντες
837 2259 884 2313 οἱ
936 2256 1121 2335 ἱερεῖς,
1158 2257 1222 2313 Ἢ
1267 2256 1322 2312 δὲ
1370 2262 1469 2324 τῆς
1529 2257 1820 2323 συντάξεως

163 2347 471 2423 ἀνάγνωσις
517 2345 632 2402 καθ’
676 2344 967 2423 ὑπερϐατόν
1026 2346 1189 2422 ἐστιν,
1224 2347 1302 2404 ὅτι
1353 2348 1451 2423 μὲν
1508 2347 1593 2403 οὖν
1654 2350 1681 2403 6
1724 2346 1820 2403 λε-

163 2436 429 2511 λουμένος
473 2439 536 2494 οὐ
587 2434 777 2515 χρῇζει
836 2436 1212 2493 ἀπονίπτεσθαι
1270 2436 1421 2515 ἓτερα
1467 2437 1625 2514 μέρη,
1657 2438 1699 2493 εἰ
1743 2439 1820 2512 μὴ

165 2528 228 2584 τὰ
279 2526 421 2602 ἄκρα
453 2528 542 2583 καὶ
574 2528 641 2582 τὰ
691 2525 918 2606 ἔσχατον
957 2526 1047 2606 ἀφ’
1087 2529 1155 2593 ἧς
1184 2526 1251 2595 δη
1302 2527 1602 2603 ἀπονίιξιεως
1634 2526 1687 2583 ἐν
1719 2550 1820 2583 κα-

166 2620 294 2694 θαρᾷ
353 2616 459 2682 ἕξει
514 2615 825 2693 γενόμενος,
873 2616 1141 2696 ἄχραντον
1196 2618 1485 2685 ποιήσεται
1533 2618 1633 2683 τὴν
1692 2618 1821 2695 πρὸς

168 2709 252 2763 τὸν
287 2706 428 2762 Θεὸν
472 2706 824 2784 ἐπιστροφὴν,
861 2710 874 2724 ⁸
936 2710 963 2763 6
1006 2708 1143 2785 ἱερὸς
1173 2705 1368 2786 λουτὴρ
1401 2709 1427 2763 ὁ
1460 2706 1512 2764 ἐν
1542 2709 1618 2765 τῶ
1677 2708 1826 2781 νόμῳ

170 2796 480 2875 εἰρημένος,
528 2797 616 2852 καὶ
666 2798 701 2865 ἡ
760 2805 845 2855 νῦν
894 2796 1152 2872 ἆπόνιῴις
1200 2803 1303 2853 τῶν
1357 2802 1577 2877 χειρῶν,
1626 2794 1813 2863 δηλοϊ⁶

169 2895 323 2945 τοῦτο
385 2886 489 2965 γάρ
546 2886 657 2942 ἐστι
715 2886 776 2942 τὸ
838 2887 1221 2944 ὃπαινίσσετσιι.
1279 2886 1373 2951 Ὠς
1420 2888 1519 2966 γὰρ
1578 2889 1605 2942 6
1664 2888 1825 2961 νόμος

170 2978 296 3057 εἶχε
345 2976 605 3055 λουτῆρκ,
641 2976 807 3039 οὕτως
846 2976 1067 3034 ἐνταῦθα
1099 2979 1131 3046 ἡ
1177 2977 1428 3053 ἀπόνιψις
1461 2976 1661 3055 γίνεται
1719 2982 1825 3032 τῶν

171 3073 396 3146 χειρῶν,
466 3057 523 3121 Ὀ
581 3063 636 3121 δὲ
695 3066 844 3144 ἅγιος
901 3067 988 3122 καὶ
1031 3068 1093 3122 τὸ
1148 3067 1239 3131 τὰς
1300 3080 1495 3147 χεῖρας
1557 3067 1825 3123 νίπτεσθαι

170 3156 376 3232 ἀνάγει·
417 3153 671 3223 δηλοῦται
727 3157 827 3234 γὰρ
877 3156 1111 3215 ἐντεῦθεν
1140 3158 1174 3225 ἡ
1222 3156 1386 3237 μέχρι
1429 3164 1535 3213 τῶν
1580 3156 1828 3235 ἐσχατων

171 3246 443 3324 ἀκροτάτη
475 3246 746 3318 κάθαρσις·
798 3246 1006 3326 ἔσχαται
1062 3248 1280 3325 γὰρκαὶ
1324 3246 1457 3326 ἄκρα
1487 3257 1580 3307 τοῦ
1635 3248 1826 3322 σώμα-

166 3359 255 3402 τος
292 3340 345 3392 αἱ
391 3337 578 3416 χεῖρές
609 3338 729 3399 εἰσι,
769 3337 866 3392 Διὰ
896 3344 1054 3393 τοῦτο
1085 3338 1183 3414 γὰρ
1210 3337 1355 3415 λέγει
1385 3339 1469 3394 καὶ
1500 3339 1560 3393 τὸ
1605 3336 1830 3415 "one-

166 3448 254 3489 τος
290 3425 467 3499 ἔσται,
503 3423 749 3492 δηλονότι
782 3423 1067 3499 ἁπόλυτος,
1102 3427 1173 3487 ὡς
1206 3427 1283 3501 μὴ
1316 3428 1382 3502 τῇ
1433 3426 1612 3493 ἥττονι
1644 3426 1829 3502 ἀίωγῇ

164 3518 253 3573 καὶ
300 3513 530 3571 διαθέσει
568 3515 951 3594 συνεχόμενος,
988 3517 1047 3572 Εἰ
1078 3516 1177 3592 γὰρ
1217 3517 1303 3572 καὶ
1333 3517 1424 3580 τὰς
1459 3514 1694 3594 ἐσχάτας
1727 3518 1825 3580 τῆς

164 3612 353 3686 ψυχῆς
416 3605 709 3685 φαντασίας
755 3606 1198 3684 καθαρθήσονται,
1232 3605 1596 3685 φανερωτέρας
1656 3603 1826 3668 ἕξουσι

163 3700 256 3762 τὰς
303 3696 645 3775 θεοφινείπις,
701 3702 806 3752 τῶν
844 3697 1214 3776 ὑπερκοσμίων
1258 3699 1345 3754 καὶ
1403 3698 1554 3754 θείων
1614 3717 1825 3772 μαρμα-

164 3793 342 3865 ρυγὼν
413 3785 666 3865 ἐφιέντων
737 3785 875 3865 (ἀντὶ
954 3795 1045 3845 105
1118 3784 1386 3866 ἐφιεισῶν)
1463 3787 1560 3855 τὴν
1629 3786 1826 3842 οἰκείπιν

166 3877 374 3955 α’ἰγλην
410 3876 483 3939 εἷς
535 3876 636 3942 τὴν
687 3877 793 3932 τῶν
852 3875 1111 3949 ὁμοειδῶν
1169 3877 1303 3932 κατὰ
1334 3876 1495 3955 χάριν
1555 3876 1825 3955 ἐσόπτρων

166 3969 433 4045 ἂγλαῖαν.
498 3963 818 4042 ’Ἕσοπτρας
850 3963 904 4020 δὲ
948 3964 1093 4042 λέγει
1125 3965 1219 4029 τᾶς
1268 3971 1373 4023 τῶν
1406 3967 1569 4044 ἁγίων
1618 3966 1823 4044 ψυχὰς,

164 4060 236 4120 ὡς
288 4062 384 4113 τοῦ
414 4054 558 4111 θείου
610 4056 788 4134 φωτὸς
822 4053 1081 4133 δικτικὰς,
1116 4057 1204 4111 καὶ
1247 4061 1345 4122 τῆς
1378 4056 1675 4133 κρείττονος
1721 4054 1827 4124 λή-

166 4147 298 4214 ξεως
362 4146 874 4225 ἀφομοιωματικάς.
910 4142 1219 4217 Ἀττικίζων
1270 4143 1346 4220 δὲ,
1383 4149 1456 4211 ὡς
1511 4145 1826 4221 Ἀθηναῖος,

166 4235 412 4301 συνέταξε
470 4238 531 4292 τὸ
589 4235 774 4314 ῥητὸν,
804 4236 1043 4313 φάσκων,
1078 4242 1185 4292 τῶν
1238 4242 1597 4316 μαρμαρυγῶν
1655 4234 1828 4314 ἐφιέν-

166 4350 270 4383 των
316 4327 419 4393 τὴν
451 4327 647 4382 οἷκεὶαιν
678 4324 899 4403 αἴγλην.
955 4326 1093 4383 οὕτω
1122 4328 1221 4405 γὰρ
1252 4328 1340 4382 καὶ
1385 4325 1437 4382 ἐν
1484 4329 1562 4400 τῷ
1590 4324 1637 4397 ζ’
1668 4348 1830 4404 κειρα-

163 4416 298 4489 λιίσρ
357 4416 458 4483 τῆς
518 4417 769 4493 Οὔρεινίου
839 4417 1113 4495 ἱεραρχίας
1186 4416 1469 4490 πεποίηκε,
1529 4417 1669 4472 κατὰ
1740 4416 1823 4493 τὸ,

164 4507 372 4569 κλυτὸς
431 4503 810 4581 Ἰπποὲάμεια,
853 4507 941 4562 καὶ
987 4504 1289 4570 Ψολόέντος
1341 4503 1586 4585 ἐχίδνης.
1642 4506 1741 4562 Διὰ
1786 4507 1833 4561 τί

1911 1983 2077 2046 ribus
2094 1985 2371 2064 pretiosis
2391 1986 2664 2067 protinus
2686 2007 2924 2068 quoque
2941 1989 3183 2053 nomina
3209 1991 3559 2053 recitantur.

1988 2075 2017 2154 §
2043 2077 2091 2137 Χ
2144 2075 2249 2137 His
2280 2075 2476 2155 itaque
2512 2079 2785 2157 paractis,
2814 2087 3012 2141 astans
3042 2098 3243 2141 coram
3274 2080 3563 2162 symbolis

1906 2163 2219 2226 hierarcha
2238 2184 2448 2227 manus
2470 2166 2679 2247 abluit,
2706 2175 2896 2230 etuna
2923 2187 3059 2233 cum
3076 2170 3205 2250 ipso
3222 2190 3435 2233 omnes
3456 2188 3560 2233 sa-

1905 2254 2413 2317 cerdotes.Lectio
2428 2258 2894 2319 constructionis
2908 2258 3084 2337 hujus
3111 2260 3432 2341 hyperbato
3455 2278 3561 2323 seu

1907 2346 2381 2423 transgressione
2439 2353 2689 2421 constat,
2724 2348 2880 2427 quod
2940 2348 3222 2411 nimirum
3253 2350 3355 2430 qui
3408 2350 3562 2412 lotus

1908 2442 2021 2507 est,
2057 2452 2177 2495 non
2235 2453 2382 2514 opus
2432 2434 2648 2495 habeat
2691 2436 2939 2498 aliorum
3000 2439 3407 2500 membrorum
3465 2439 3561 2501 lo-

1911 2523 2091 2598 tione,
2142 2542 2320 2600 quam
2381 2523 2783 2587 summitatum
2850 2544 2960 2588 seu
3014 2528 3455 2591 extremitatum
3512 2540 3560 2610 ιι,

1908 2631 1941 2674 a
1999 2612 2349 2692 quantique
2412 2614 2631 2676 lotione
2691 2634 2901 2696 purum
2952 2616 3219 2679 habitum
3268 2636 3563 2681 consecu-

1909 2710 2030 2782 tus,
2063 2702 2499 2765 immaculatam
2537 2704 2715 2767 faciet
2745 2705 2818 2767 ad
2860 2709 3050 2769 Deum
3083 2709 3563 2786 conversionem,

1910 2792 1992 2852 uti
2026 2810 2260 2853 sacrum
2309 2792 2634 2874 lavacrum,
2671 2794 2747 2855 de
2781 2814 2898 2874 quo
2942 2802 3002 2856 in
3038 2797 3164 2876 lege
3200 2798 3419 2861 dictum
3451 2806 3565 2878 est,

1913 2889 1972 2943 et
2002 2880 2127 2942 haec
2153 2899 2434 2942 manuum
2466 2882 2912 2945 lotiodeclarat.
2948 2884 3073 2947 Hoc
3097 2886 3259 2949 enim
3293 2896 3382 2948 est
3403 2888 3568 2968 quod

1911 2971 2269 3034 insinuatur.
2296 2969 2810 3043 Quemadmodum
2838 2977 2969 3036 2H
3008 2977 3167 3038 enim
3191 2978 3281 3038 lex
3310 2977 3570 3040 habebat

1913 3062 2234 3135 lavacrum,
2261 3062 2341 3122 sic
2357 3060 2597 3124 ethictit
2622 3082 2903 3125 manuum
2928 3065 3171 3127 ablutio.
3201 3070 3312 3130 Hic
3333 3075 3570 3129 sanctus

1912 3158 2113 3213 autem
2129 3169 2407 3212 manuum
2427 3153 2709 3215 lotionem
2726 3154 2989 3235 adducit,
3015 3156 3153 3237 quia
3173 3157 3314 3221 hinc
3336 3175 3573 3239 quoque

1914 3258 2143 3302 summa
2164 3242 2606 3303 extremitatum
2635 3244 2887 3324 expiatio
2903 3245 3574 3325 designatur;siquidem

1915 3350 2124 3393 manus
2152 3341 2288 3392 sunt
2312 3333 2580 3410 corporis
2605 3335 2975 3397 summitates
3001 3355 3108 3398 seu
3140 3338 3579 3403 extremitates.

1914 3420 2151 3488 Idcrrco
2177 3421 2351 3482 etiam
2382 3421 2525 3482 dicit
2556 3424 2749 3502 ipsum
2785 3424 3040 3488 liberum
3072 3428 3359 3500 futurum,
3390 3428 3454 3488 id
3489 3437 3583 3489 est

1912 3508 2287 3588 expeditum,
2313 3519 2378 3572 ut
2408 3510 2506 3590 qui
2543 3512 2704 3573 nulla
2736 3512 3007 3576 inferiori
3042 3515 3497 3578 conversatione
3520 3526 3583 3580 et

1912 3598 2297 3659 aﬂectatione
2311 3599 2668 3661 detineatur.
2682 3602 2977 3664 Extremis
2995 3606 3152 3665 enim
3171 3605 3385 3666 animae
3402 3606 3583 3687 phan-

1908 3690 2073 3749 tasiis
2091 3687 2309 3768 expiati
2333 3688 2687 3751 clarioribus
2709 3710 2943 3772 quoque
2976 3693 3077 3755 Dei
3103 3694 3580 3774 apparitionibus

1904 3775 2879 3857 gaudebunt,supermundialibus
2899 3782 3029 3844 istis
3051 3782 3389 3863 divinisque
3408 3802 3579 3847 coru-

1907 3865 2274 3929 scationibus
2301 3868 2708 3931 etconsimilis
2723 3871 2946 3951 speciei
2968 3873 3571 3953 specula,secundum

1909 3956 2396 4037 gratiam,lumen
2422 3977 2596 4019 suum
2632 3958 3044 4024 evibruntibus
3065 3964 3349 4044 (ἐφιέντων
3372 3964 3584 4027 dicens

1913 4064 2017 4127 pro
2050 4048 2328 4128 ἒιριεισῶν,
2367 4048 2765 4111 masculinum
2820 4071 2926 4133 pro
2958 4053 3298 4127 feminino).
3333 4055 3589 4133 Specula

1912 4144 2111 4197 autem
2144 4136 2449 4218 appellant
2476 4146 2821 4202 sanctorum
2851 4142 3110 4215 animas,
3138 4151 3345 4223 utpote
3367 4143 3587 4209 divina)

1913 4225 2066 4291 lucis
2086 4244 2359 4306 capaces,
2388 4235 2447 4289 et
2469 4228 2540 4289 ad
2560 4230 2869 4292 meliorem
2899 4232 3058 4293 illam
3092 4240 3312 4294 sortem
3341 4252 3586 4313 compa-

1912 4324 2089 4377 ratas.
2127 4314 2404 4395 Loquens
2434 4327 2630 4377 autem
2669 4318 2867 4399 Alice,
2902 4330 2965 4380 ut
3007 4320 3411 4391 Atheniensis,
3448 4339 3583 4382 ver-

1914 4402 2058 4466 bum
2084 4407 2199 4468 hoc
2219 4406 3352 4487 construxit,dicens,coruscationibus
3374 4410 3584 4489 splen-

1919 4496 2123 4556 dorem
2163 4514 2337 4556 suum
2376 4496 2858 4573 evibrantitibus;
2896 4500 3106 4559 eodem
3138 4498 3312 4561 modo
3336 4499 3587 4561 fecitca-

162 4594 215 4651 δὲ
274 4595 601 4672 ἐπίπροσθεν
655 4601 761 4650 τῶν
817 4597 971 4669 ἱερῶν
1030 4592 1313 4668 συμϐόλων
1358 4598 1393 4664 ἦ
1462 4599 1569 4648 τῶν
1643 4592 1826 4671 ἱερέων

1918 4594 2038 4676 pite
2054 4594 2306 4675 septimo
2332 4594 2595 4657 Caelestis
2610 4597 2893 4659 hierarch
2906 4599 3000 4671 iw,
3017 4599 3187 4677 juxta
3208 4598 3351 4659 illud
3382 4599 3583 4661 κλυτὸς

158 4662 427 4759 ἀπονιψις
494 4684 736 4760 γίνεται,
777 4662 876 4748 Ως.
910 4684 997 4740 ἐπὶ
1048 4686 1273 4759 Χριστοῦ
1330 4691 1420 4739 ὀὗ
1481 4682 1655 4747 πάσας
1695 4662 2272 4759 ὲωο-οιιπποδὲίμεικ
2302 4685 2376 4761 α’,
2416 4693 2475 4745 et
2527 4685 2828 4748 Ψολόεντος
2862 4687 3102 4767 ἐχίδνης,
3139 4688 3427 4751 Caeterum
3480 4707 3587 4752 cur

161 4781 369 4854 ρῶντος
427 4773 527 4836 τὰς
574 4774 900 4852 ἀνθρωπίνας
957 4773 1181 4848 ἐννοίας,
1212 4779 1312 4840 τῆς
1356 4774 1652 4851 ἀκροτάτης
1713 4776 1826 4850 ὁρι-

1914 4788 2113 4831 coram
2139 4778 2320 4831 sacris
2343 4775 2621 4847 symbolis
2646 4774 2744 4831 illa
2779 4777 3144 4835 sacerdotum
3173 4777 3389 4835 ablutio
3421 4779 3587 4836 insti-

161 4865 402 4940 ζομὲνης
465 4866 765 4941 καθάρσεως
828 4864 883 4919 ἐν
953 4877 1072 4929 τοῖς
1144 4864 1561 4928 πανεπισκόποις
1606 4859 1826 4941 ἀκριϐκ-

1915 4865 2133 4926 tuitur‘?
2164 4866 2304 4946 quia
2332 4866 2618 4927 nimirum
2644 4884 2846 4928 coram
2881 4869 3139 4947 Christo,
3176 4868 3275 4948 qui
3296 4869 3584 4932 occultis-

164 4968 358 5030 σμοῖς,
420 4954 508 5008 καὶ
569 4967 692 5016 ταῖς
753 4951 1061 5018 ἀδεκάστοις
1121 4956 1308 5011 τούτου
1367 4955 1625 5030 κρίσεσινο
1695 4952 1832 5010 οὕτω

165 5049 454 5121 τοιγαροῦν
508 5043 706 5107 ἑνοθεὶς
766 5046 793 5100 6
850 5046 1108 5123 ἱερπιρχης
1157 5058 1276 5107 τοῖς
1335 5044 1516 5118 θείοις,
1570 5047 1834 5123 ἱερουργεϊ

164 5136 231 5191 τὰ
275 5133 552 5196 θειότατκ.
617 5133 768 5197 Τίνας
814 5133 911 5207 μὶν
945 5134 1033 5190 οὖν
1090 5134 1185 5195 τὰς
1237 5136 1307 5198 εἰς
1362 5136 1505 5208 ἡμᾶς
1563 5135 1830 5212 θεουργίαις

166 5224 351 5305 φαμὲν
405 5220 677 5297 (δηλονότι
749 5224 844 5286 τὰς
903 5230 996 5281 τοῦ
1059 5222 1237 5290 Ἰησοῦ
1288 5230 1381 5280 τοῦ
1439 5227 1623 5299 Κυρίου
1676 5225 1832 5299 ἡμῶν

165 5319 405 5394 Χριστοῦ
461 5315 583 5391 περὶ
636 5316 784 5388 ἡμας
840 5314 1111 5388 προνοίαις,
1176 5314 1236 5375 ἃς
1301 5313 1387 5369 ἐπὶ
1446 5313 1681 5391 σωτηρίᾳ
1740 5320 1832 5370 τοῦ

163 5404 353 5483 γένους
403 5404 586 5477 ὴμῶν,
621 5402 830 5469 εὖδοκίᾳ
868 5410 963 5460 τοῦ
1018 5404 1223 5482 Πκτρὸς
1282 5407 1340 5459 ἓν
1374 5404 1640 5478 [Ινεύματι
1694 5403 1830 5481 ἆγίῳ

1916 4955 2100 5016 simas
2130 4974 2398 5035 quasque
2430 4956 2725 5016 humanas
2749 4958 3140 5036 cogitationes
3169 4958 3453 5033 intuetur,
3476 4978 3580 5021 su-

1920 5059 2117 5115 prema
2144 5044 2236 5102 illa
2273 5045 2523 5115 expiatio
2558 5046 3077 5117 perspicacissimis
3107 5049 3579 5119 scrutationibus,

1919 5134 2417 5205 exactissimisque
2446 5143 2501 5191 ct
2530 5136 2921 5207 integerrimis
2946 5138 3183 5210 jutliciis
3212 5138 3529 5197 absolvitur
3562 5160 3575 5193 :

1914 5226 2027 5288 hoc
2055 5225 2217 5286 enim
2248 5225 2421 5286 modo
2456 5225 2771 5288 hierarcha
2797 5228 3018 5290 divinis
3047 5226 3230 5291 rebus
3254 5228 3458 5289 unitus
3487 5228 3581 5290 di-

1915 5314 2224 5376 vinissima
2254 5324 2570 5377 consecrat
2591 5318 2893 5396 mysteria.
2931 5319 3226 5392 Quasnam
3252 5325 3448 5379 autem
3477 5317 3573 5379 di-

1911 5406 2076 5466 vinas
2126 5405 2187 5466 in
2238 5422 2346 5466 nos
2394 5406 2775 5485 operationes
2816 5408 3076 5472 dicimus
3127 5406 3386 5487 (scilicet
3428 5407 3575 5471 Jesu

162 5493 534 5571 ὶτελείωσεν),
567 5492 691 5559 ἑξῆς
741 5494 875 5552 κατὰ
934 5492 1152 5569 δύναμιν
1204 5491 1448 5569 εἴπωμεν
1497 5496 1612 5571 περὶ
1642 5495 1714 5550 ὧν
1765 5493 1826 5549 ἂν

1912 5492 2129 5559 Christi
2160 5492 2400 5557 Domini
2423 5495 2611 5558 nostri
2641 5496 2802 5559 circa
2831 5516 2940 5561 nos
2972 5496 3393 5578 providentias,
3428 5506 3578 5581 quas

256 5660 274 5697 ί
319 5654 481 5717 Psal.
517 5670 658 5728 cvv,
700 5653 793 5716 l5.
843 5665 869 5695 υ
897 5656 1065 5717 Joan.
1101 5671 1228 5729 xm,
1271 5653 1359 5716 10.
1407 5666 1433 5698 α
1468 5658 1480 5672 ⁸
1518 5652 1595 5716 ιι.
1631 5672 1695 5727 ιι,
1732 5654 1873 5718 742.

249 5779 266 5797 ⁸
304 5778 530 5840 Deesse
566 5771 798 5836 videtur
830 5773 1114 5854 particula
1145 5773 1547 5853 conjunctiva,
1583 5791 1755 5853 quam
1792 5773 1932 5855 legit
1961 5773 2281 5855 interpres.
2325 5774 2431 5838 Eo.
2473 5776 2743 5843 PATROL.
