  <div class='ocr_page' id='page_1' title='image "/cluster/home/n/w/nwhite01/storage/ocr_20150623/3/coo.31924054872829/241.png"; bbox 0 0 4042 6424; ppageno 0'>
   <div class='ocr_carea' id='block_1_1' title="bbox 441 400 2136 476">
    <p class='ocr_par' dir='ltr' id='par_1_1' title="bbox 441 402 2136 470">
     <span class='ocr_line' id='line_1_1' title="bbox 441 402 2136 470; baseline -0.001 0"><span class='ocrx_word' id='word_1_1' title='bbox 441 402 560 470; x_wconf 81' lang='grc'><strong>46⁸7</strong></span> <span class='ocrx_word' id='word_1_2' title='bbox 1600 406 1661 469; x_wconf 90' lang='lat' dir='ltr'><strong>S.</strong></span> <span class='ocrx_word' id='word_1_3' title='bbox 1727 403 2071 470; x_wconf 86' lang='lat' dir='ltr'><strong>DIONYSII</strong></span> <span class='ocrx_word' id='word_1_4' title='bbox 2121 430 2136 469; x_wconf 64' lang='grc' dir='ltr'><em>Α</em></span> 
     </span>
    </p>
   </div>
   <div class='ocr_carea' id='block_1_2' title="bbox 2223 400 3843 476">
    <p class='ocr_par' dir='ltr' id='par_1_2' title="bbox 2223 400 3843 476">
     <span class='ocr_line' id='line_1_2' title="bbox 2223 400 3843 476; baseline 0 -8"><span class='ocrx_word' id='word_1_5' title='bbox 2223 408 2657 476; x_wconf 61' lang='lat' dir='ltr'><strong>.EOPAGITIE.</strong></span> <span class='ocrx_word' id='word_1_6' title='bbox 3721 400 3843 468; x_wconf 83' lang='grc'>468</span> 
     </span>
    </p>
   </div>
   <div class='ocr_carea' id='block_1_3' title="bbox 442 527 2136 623">
    <p class='ocr_par' dir='ltr' id='par_1_3' title="bbox 442 538 2136 622">
     <span class='ocr_line' id='line_1_3' title="bbox 442 538 2136 622; baseline -0.003 -16"><span class='ocrx_word' id='word_1_7' title='bbox 442 544 505 607; x_wconf 88' lang='lat' dir='ltr'><strong>in</strong></span> <span class='ocrx_word' id='word_1_8' title='bbox 554 540 739 604; x_wconf 98' lang='lat' dir='ltr'><strong>nostri</strong></span> <span class='ocrx_word' id='word_1_9' title='bbox 770 538 1012 621; x_wconf 81' lang='lat' dir='ltr'><strong>generis</strong></span> <span class='ocrx_word' id='word_1_10' title='bbox 1052 542 1327 615; x_wconf 75' lang='lat' dir='ltr'><strong>salutem,</strong></span> <span class='ocrx_word' id='word_1_11' title='bbox 1367 538 1741 622; x_wconf 91' lang='lat' dir='ltr'><strong>beneplacito</strong></span> <span class='ocrx_word' id='word_1_12' title='bbox 1773 539 1992 616; x_wconf 81' lang='lat' dir='ltr'><strong>Patris,</strong></span> <span class='ocrx_word' id='word_1_13' title='bbox 2038 538 2136 602; x_wconf 71' lang='lat' dir='ltr'><strong>int</strong></span> 
     </span>
    </p>
   </div>
   <div class='ocr_carea' id='block_1_4' title="bbox 2223 527 3840 623">
    <p class='ocr_par' dir='ltr' id='par_1_4' title="bbox 2223 527 3840 623">
     <span class='ocr_line' id='line_1_4' title="bbox 2223 527 3840 623; baseline -0.004 -22"><span class='ocrx_word' id='word_1_14' title='bbox 2223 544 2273 601; x_wconf 78' lang='grc' dir='ltr'><strong>αὶ</strong></span> <span class='ocrx_word' id='word_1_15' title='bbox 2354 544 2723 621; x_wconf 74' lang='grc' dir='ltr'>δυνηθείημεν.</span> <span class='ocrx_word' id='word_1_16' title='bbox 2797 527 2932 603; x_wconf 58' lang='lat' dir='ltr'><strong>&quot;Ou</strong></span> <span class='ocrx_word' id='word_1_17' title='bbox 2963 542 3019 600; x_wconf 76' lang='grc' dir='ltr'>δὲ</span> <span class='ocrx_word' id='word_1_18' title='bbox 3063 543 3207 623; x_wconf 77' lang='grc' dir='ltr'>παρὰ</span> <span class='ocrx_word' id='word_1_19' title='bbox 3251 542 3358 601; x_wconf 79' lang='grc' dir='ltr'>τῶν</span> <span class='ocrx_word' id='word_1_20' title='bbox 3398 539 3591 598; x_wconf 74' lang='grc' dir='ltr'>ἒνθέων</span> <span class='ocrx_word' id='word_1_21' title='bbox 3657 541 3840 618; x_wconf 80' lang='grc' dir='ltr'>ἱεραρ-</span> 
     </span>
    </p>
   </div>
   <div class='ocr_carea' id='block_1_5' title="bbox 445 630 2136 715">
    <p class='ocr_par' dir='ltr' id='par_1_5' title="bbox 445 630 2106 715">
     <span class='ocr_line' id='line_1_5' title="bbox 445 630 2106 715; baseline -0.005 -16"><span class='ocrx_word' id='word_1_22' title='bbox 445 633 674 715; x_wconf 90' lang='lat' dir='ltr'><strong>Spiritu</strong></span> <span class='ocrx_word' id='word_1_23' title='bbox 701 638 907 693; x_wconf 87' lang='lat' dir='ltr'><strong>sancto</strong></span> <span class='ocrx_word' id='word_1_24' title='bbox 930 632 1307 713; x_wconf 86' lang='lat' dir='ltr'><strong>perfecit),de</strong></span> <span class='ocrx_word' id='word_1_25' title='bbox 1325 630 1418 693; x_wconf 85' lang='lat' dir='ltr'><strong>his</strong></span> <span class='ocrx_word' id='word_1_26' title='bbox 1451 638 1891 713; x_wconf 72' lang='lat' dir='ltr'><strong>consequenter</strong></span> <span class='ocrx_word' id='word_1_27' title='bbox 1907 648 2012 712; x_wconf 90' lang='lat' dir='ltr'><strong>pro</strong></span> <span class='ocrx_word' id='word_1_28' title='bbox 2030 630 2106 691; x_wconf 88' lang='lat' dir='ltr'><strong>vi-</strong></span> 
     </span>
    </p>
   </div>
   <div class='ocr_carea' id='block_1_6' title="bbox 2223 630 3841 715">
    <p class='ocr_par' dir='ltr' id='par_1_6' title="bbox 2223 632 3841 715">
     <span class='ocr_line' id='line_1_6' title="bbox 2223 632 3841 715; baseline -0.004 -23"><span class='ocrx_word' id='word_1_29' title='bbox 2223 642 2323 715; x_wconf 47' lang='lat' dir='ltr'><strong>;t‘bv-</strong></span> <span class='ocrx_word' id='word_1_30' title='bbox 2367 638 2771 715; x_wconf 71' lang='grc' dir='ltr'>ἱερουργούντων</span> <span class='ocrx_word' id='word_1_31' title='bbox 2813 635 2913 703; x_wconf 77' lang='grc' dir='ltr'>τὴν</span> <span class='ocrx_word' id='word_1_32' title='bbox 2955 634 3281 711; x_wconf 76' lang='grc' dir='ltr'><strong>ἀναίμακτον</strong></span> <span class='ocrx_word' id='word_1_33' title='bbox 3324 632 3504 691; x_wconf 81' lang='grc' dir='ltr'><strong>θυσίαν</strong></span> <span class='ocrx_word' id='word_1_34' title='bbox 3562 632 3841 707; x_wconf 78' lang='grc' dir='ltr'><strong>ὑμνεῖται,</strong></span> 
     </span>
    </p>
   </div>
   <div class='ocr_carea' id='block_1_7' title="bbox 443 718 2136 806">
    <p class='ocr_par' dir='ltr' id='par_1_7' title="bbox 443 718 2110 803">
     <span class='ocr_line' id='line_1_7' title="bbox 443 718 2110 803; baseline -0.004 -16"><span class='ocrx_word' id='word_1_35' title='bbox 443 725 544 787; x_wconf 90' lang='lat' dir='ltr'><strong>rili</strong></span> <span class='ocrx_word' id='word_1_36' title='bbox 573 724 844 786; x_wconf 85' lang='lat' dir='ltr'><strong>dicamus</strong></span> <span class='ocrx_word' id='word_1_37' title='bbox 878 730 1055 802; x_wconf 84' lang='lat' dir='ltr'><strong>prout</strong></span> <span class='ocrx_word' id='word_1_38' title='bbox 1084 720 1439 803; x_wconf 84' lang='lat' dir='ltr'><strong>poterimus.</strong></span> <span class='ocrx_word' id='word_1_39' title='bbox 1485 718 1631 792; x_wconf 88' lang='lat' dir='ltr'><strong>Quae</strong></span> <span class='ocrx_word' id='word_1_40' title='bbox 1660 738 1798 783; x_wconf 86' lang='lat' dir='ltr'><strong>vero</strong></span> <span class='ocrx_word' id='word_1_41' title='bbox 1829 739 1863 781; x_wconf 89' lang='lat' dir='ltr'><strong>a</strong></span> <span class='ocrx_word' id='word_1_42' title='bbox 1892 719 2110 781; x_wconf 80' lang='lat' dir='ltr'><strong>divinis</strong></span> 
     </span>
    </p>
   </div>
   <div class='ocr_carea' id='block_1_8' title="bbox 2223 718 2965 806">
    <p class='ocr_par' dir='ltr' id='par_1_8' title="bbox 2223 726 2965 806">
     <span class='ocr_line' id='line_1_8' title="bbox 2223 726 2965 806; baseline 0.001 -26"><span class='ocrx_word' id='word_1_43' title='bbox 2223 746 2265 789; x_wconf 74' lang='grc' dir='ltr'>»ς</span> <span class='ocrx_word' id='word_1_44' title='bbox 2293 727 2430 801; x_wconf 81' lang='grc' dir='ltr'>ἡμῖν</span> <span class='ocrx_word' id='word_1_45' title='bbox 2460 726 2698 806; x_wconf 76' lang='grc' dir='ltr'>ἐφικτὸν,</span> <span class='ocrx_word' id='word_1_46' title='bbox 2722 727 2965 805; x_wconf 79' lang='grc' dir='ltr'>ἐροῦμεν.</span> 
     </span>
    </p>
   </div>
   <div class='ocr_carea' id='block_1_9' title="bbox 445 808 2109 877">
    <p class='ocr_par' dir='ltr' id='par_1_9' title="bbox 445 808 2109 877">
     <span class='ocr_line' id='line_1_9' title="bbox 445 808 2109 877; baseline -0.004 1"><span class='ocrx_word' id='word_1_47' title='bbox 445 811 779 877; x_wconf 85' lang='lat' dir='ltr'><strong>hierarcbis</strong></span> <span class='ocrx_word' id='word_1_48' title='bbox 814 812 1188 875; x_wconf 85' lang='lat' dir='ltr'><strong>incruentam</strong></span> <span class='ocrx_word' id='word_1_49' title='bbox 1216 810 1471 873; x_wconf 83' lang='lat' dir='ltr'><strong>hostiam</strong></span> <span class='ocrx_word' id='word_1_50' title='bbox 1498 808 1971 873; x_wconf 76' lang='lat' dir='ltr'><strong>sacriﬁcantibus</strong></span> <span class='ocrx_word' id='word_1_51' title='bbox 2002 826 2109 872; x_wconf 85' lang='lat' dir='ltr'><strong>ce-</strong></span> 
     </span>
    </p>
   </div>
   <div class='ocr_carea' id='block_1_10' title="bbox 445 900 1805 984">
    <p class='ocr_par' dir='ltr' id='par_1_10' title="bbox 445 900 1805 984">
     <span class='ocr_line' id='line_1_10' title="bbox 445 900 1805 984; baseline -0.003 -15"><span class='ocrx_word' id='word_1_52' title='bbox 445 904 781 984; x_wconf 88' lang='lat' dir='ltr'><strong>lebrentur,</strong></span> <span class='ocrx_word' id='word_1_53' title='bbox 813 901 1007 983; x_wconf 87' lang='lat' dir='ltr'><strong>quoad</strong></span> <span class='ocrx_word' id='word_1_54' title='bbox 1036 918 1373 982; x_wconf 86' lang='lat' dir='ltr'><strong>possumus,</strong></span> <span class='ocrx_word' id='word_1_55' title='bbox 1407 900 1805 981; x_wconf 83' lang='lat' dir='ltr'><strong>proferemus.</strong></span> 
     </span>
    </p>
   </div>
   <div class='ocr_carea' id='block_1_11' title="bbox 529 988 2136 1075">
    <p class='ocr_par' dir='ltr' id='par_1_11' title="bbox 529 988 2109 1075">
     <span class='ocr_line' id='line_1_11' title="bbox 529 988 2109 1075; baseline -0.003 -20"><span class='ocrx_word' id='word_1_56' title='bbox 529 995 559 1075; x_wconf 82' lang='lat'><strong>§</strong></span> <span class='ocrx_word' id='word_1_57' title='bbox 589 992 689 1057; x_wconf 82' lang='lat' dir='ltr'><strong>XI.</strong></span> <span class='ocrx_word' id='word_1_58' title='bbox 714 994 936 1056; x_wconf 90' lang='lat' dir='ltr'><strong>Natura</strong></span> <span class='ocrx_word' id='word_1_59' title='bbox 964 991 1223 1053; x_wconf 89' lang='lat' dir='ltr'><strong>humana</strong></span> <span class='ocrx_word' id='word_1_60' title='bbox 1248 990 1322 1053; x_wconf 86' lang='lat' dir='ltr'><strong>ab</strong></span> <span class='ocrx_word' id='word_1_61' title='bbox 1353 990 1519 1052; x_wconf 91' lang='lat' dir='ltr'><strong>initio</strong></span> <span class='ocrx_word' id='word_1_62' title='bbox 1547 1000 1613 1053; x_wconf 91' lang='lat' dir='ltr'><strong>ut</strong></span> <span class='ocrx_word' id='word_1_63' title='bbox 1649 990 1920 1071; x_wconf 88' lang='lat' dir='ltr'><strong>paradiso</strong></span> <span class='ocrx_word' id='word_1_64' title='bbox 1952 988 2109 1050; x_wconf 84' lang='lat' dir='ltr'><strong>exci-</strong></span> 
     </span>
    </p>
   </div>
   <div class='ocr_carea' id='block_1_12' title="bbox 2223 988 3849 1075">
    <p class='ocr_par' dir='ltr' id='par_1_12' title="bbox 2272 992 3849 1075">
     <span class='ocr_line' id='line_1_12' title="bbox 2272 992 3849 1075; baseline -0.002 -25"><span class='ocrx_word' id='word_1_65' title='bbox 2272 998 2299 1070; x_wconf 86' lang='lat'><strong>§</strong></span> <span class='ocrx_word' id='word_1_66' title='bbox 2330 1001 2421 1074; x_wconf 82' lang='lat' dir='ltr'><strong>Xl,</strong></span> <span class='ocrx_word' id='word_1_67' title='bbox 2468 993 2535 1054; x_wconf 84' lang='grc' dir='ltr'><strong>Ἠ</strong></span> <span class='ocrx_word' id='word_1_68' title='bbox 2568 994 2863 1075; x_wconf 82' lang='grc' dir='ltr'>ἀνθρωπεία</span> <span class='ocrx_word' id='word_1_69' title='bbox 2923 994 3097 1075; x_wconf 74' lang='grc' dir='ltr'>φύσις,</span> <span class='ocrx_word' id='word_1_70' title='bbox 3133 995 3368 1075; x_wconf 75' lang='grc' dir='ltr'><strong>ἀρχῆθεν</strong></span> <span class='ocrx_word' id='word_1_71' title='bbox 3394 1001 3487 1051; x_wconf 77' lang='grc' dir='ltr'><strong>τοῦ</strong></span> <span class='ocrx_word' id='word_1_72' title='bbox 3529 992 3849 1071; x_wconf 80' lang='grc' dir='ltr'>παραδείσου</span> 
     </span>
    </p>
   </div>
   <div class='ocr_carea' id='block_1_13' title="bbox 447 1077 2136 1167">
    <p class='ocr_par' dir='ltr' id='par_1_13' title="bbox 447 1077 2107 1162">
     <span class='ocr_line' id='line_1_13' title="bbox 447 1077 2107 1162; baseline -0.006 -14"><span class='ocrx_word' id='word_1_73' title='bbox 447 1085 553 1160; x_wconf 91' lang='lat' dir='ltr'><strong>dit,</strong></span> <span class='ocrx_word' id='word_1_74' title='bbox 586 1088 762 1146; x_wconf 84' lang='lat' dir='ltr'><strong>morti</strong></span> <span class='ocrx_word' id='word_1_75' title='bbox 784 1081 996 1146; x_wconf 86' lang='lat' dir='ltr'><strong>tradita</strong></span> <span class='ocrx_word' id='word_1_76' title='bbox 1016 1088 1577 1162; x_wconf 88' lang='lat' dir='ltr'><strong>est;consequenter</strong></span> <span class='ocrx_word' id='word_1_77' title='bbox 1605 1079 1785 1142; x_wconf 90' lang='lat' dir='ltr'><strong>etiam</strong></span> <span class='ocrx_word' id='word_1_78' title='bbox 1813 1077 2107 1161; x_wconf 87' lang='lat' dir='ltr'><strong>praevari—</strong></span> 
     </span>
    </p>
   </div>
   <div class='ocr_carea' id='block_1_14' title="bbox 2223 1077 3852 1167">
    <p class='ocr_par' dir='ltr' id='par_1_14' title="bbox 2223 1082 3852 1167">
     <span class='ocr_line' id='line_1_14' title="bbox 2223 1082 3852 1167; baseline -0.002 -26"><span class='ocrx_word' id='word_1_79' title='bbox 2223 1082 2600 1167; x_wconf 77' lang='grc' dir='ltr'>Εολισθήσασα,</span> <span class='ocrx_word' id='word_1_80' title='bbox 2648 1083 2917 1165; x_wconf 77' lang='grc' dir='ltr'><strong>παρεδόθη</strong></span> <span class='ocrx_word' id='word_1_81' title='bbox 2974 1086 3052 1160; x_wconf 80' lang='grc' dir='ltr'><strong>τῷ</strong></span> <span class='ocrx_word' id='word_1_82' title='bbox 3107 1086 3338 1159; x_wconf 76' lang='grc' dir='ltr'>θανάτῳ·</span> <span class='ocrx_word' id='word_1_83' title='bbox 3387 1084 3690 1147; x_wconf 74' lang='grc' dir='ltr'><strong>ἀκολούθως</strong></span> <span class='ocrx_word' id='word_1_84' title='bbox 3750 1086 3852 1160; x_wconf 78' lang='grc' dir='ltr'><strong>γὰρ</strong></span> 
     </span>
    </p>
   </div>
   <div class='ocr_carea' id='block_1_15' title="bbox 448 1168 2136 1255">
    <p class='ocr_par' dir='ltr' id='par_1_15' title="bbox 448 1168 2109 1255">
     <span class='ocr_line' id='line_1_15' title="bbox 448 1168 2109 1255; baseline -0.004 -18"><span class='ocrx_word' id='word_1_85' title='bbox 448 1174 601 1237; x_wconf 87' lang='lat' dir='ltr'><strong>catio</strong></span> <span class='ocrx_word' id='word_1_86' title='bbox 628 1172 889 1255; x_wconf 83' lang='lat' dir='ltr'><strong>primum</strong></span> <span class='ocrx_word' id='word_1_87' title='bbox 923 1177 1231 1252; x_wconf 86' lang='lat' dir='ltr'><strong>parentem</strong></span> <span class='ocrx_word' id='word_1_88' title='bbox 1255 1169 1820 1248; x_wconf 89' lang='lat' dir='ltr'><strong>nostrum,divinam</strong></span> <span class='ocrx_word' id='word_1_89' title='bbox 1845 1168 2109 1230; x_wconf 86' lang='lat' dir='ltr'><strong>volunta-</strong></span> 
     </span>
    </p>
   </div>
   <div class='ocr_carea' id='block_1_16' title="bbox 2223 1168 3851 1255">
    <p class='ocr_par' dir='ltr' id='par_1_16' title="bbox 2223 1173 3851 1254">
     <span class='ocr_line' id='line_1_16' title="bbox 2223 1173 3851 1254; baseline -0.001 -24"><span class='ocrx_word' id='word_1_90' title='bbox 2223 1216 2228 1242; x_wconf 58' lang='grc' dir='ltr'>ι</span> <span class='ocrx_word' id='word_1_91' title='bbox 2266 1174 2559 1254; x_wconf 75' lang='grc' dir='ltr'>παράϐασις</span> <span class='ocrx_word' id='word_1_92' title='bbox 2616 1177 2707 1233; x_wconf 79' lang='grc' dir='ltr'>τὸν</span> <span class='ocrx_word' id='word_1_93' title='bbox 2757 1174 3168 1253; x_wconf 80' lang='grc' dir='ltr'>ἐξοιστρήσαντα</span> <span class='ocrx_word' id='word_1_94' title='bbox 3215 1182 3303 1232; x_wconf 80' lang='grc' dir='ltr'>τοῦ</span> <span class='ocrx_word' id='word_1_95' title='bbox 3346 1175 3486 1231; x_wconf 90' lang='grc' dir='ltr'>θείου</span> <span class='ocrx_word' id='word_1_96' title='bbox 3540 1173 3851 1248; x_wconf 71' lang='grc' dir='ltr'><strong>θελήματος</strong></span> 
     </span>
    </p>
   </div>
   <div class='ocr_carea' id='block_1_17' title="bbox 448 1258 2136 1341">
    <p class='ocr_par' dir='ltr' id='par_1_17' title="bbox 448 1258 2111 1341">
     <span class='ocr_line' id='line_1_17' title="bbox 448 1258 2111 1341; baseline -0.005 -14"><span class='ocrx_word' id='word_1_97' title='bbox 448 1274 566 1327; x_wconf 91' lang='lat' dir='ltr'><strong>tem</strong></span> <span class='ocrx_word' id='word_1_98' title='bbox 627 1271 1086 1339; x_wconf 83' lang='lat' dir='ltr'><strong>transgressum,</strong></span> <span class='ocrx_word' id='word_1_99' title='bbox 1120 1259 1580 1341; x_wconf 89' lang='lat' dir='ltr'><strong>deceptionibus</strong></span> <span class='ocrx_word' id='word_1_100' title='bbox 1640 1258 1885 1332; x_wconf 91' lang='lat' dir='ltr'><strong>erroris,</strong></span> <span class='ocrx_word' id='word_1_101' title='bbox 1917 1258 2111 1339; x_wconf 90' lang='lat' dir='ltr'><strong>iisque</strong></span> 
     </span>
    </p>
   </div>
   <div class='ocr_carea' id='block_1_18' title="bbox 2223 1258 3854 1341">
    <p class='ocr_par' dir='ltr' id='par_1_18' title="bbox 2223 1263 3854 1340">
     <span class='ocr_line' id='line_1_18' title="bbox 2223 1263 3854 1340; baseline -0.001 -20"><span class='ocrx_word' id='word_1_102' title='bbox 2223 1264 2500 1340; x_wconf 68' lang='grc' dir='ltr'>προπάτορα</span> <span class='ocrx_word' id='word_1_103' title='bbox 2557 1278 2682 1330; x_wconf 85' lang='grc' dir='ltr'>ταῖς</span> <span class='ocrx_word' id='word_1_104' title='bbox 2726 1266 2956 1328; x_wconf 77' lang='grc' dir='ltr'>ἀπάταις</span> <span class='ocrx_word' id='word_1_105' title='bbox 3015 1271 3108 1321; x_wconf 80' lang='grc' dir='ltr'>τοῦ</span> <span class='ocrx_word' id='word_1_106' title='bbox 3161 1263 3387 1339; x_wconf 78' lang='grc' dir='ltr'><strong>πλάνου,</strong></span> <span class='ocrx_word' id='word_1_107' title='bbox 3415 1276 3534 1328; x_wconf 76' lang='grc' dir='ltr'>τοῖς</span> <span class='ocrx_word' id='word_1_108' title='bbox 3592 1264 3854 1326; x_wconf 79' lang='grc' dir='ltr'>ἐναντίοις</span> 
     </span>
    </p>
   </div>
   <div class='ocr_carea' id='block_1_19' title="bbox 452 1347 2136 1437">
    <p class='ocr_par' dir='ltr' id='par_1_19' title="bbox 452 1347 2113 1437">
     <span class='ocr_line' id='line_1_19' title="bbox 452 1347 2113 1437; baseline -0.005 -21"><span class='ocrx_word' id='word_1_109' title='bbox 452 1372 579 1437; x_wconf 65' lang='lat' dir='ltr'><strong>quas</strong></span> <span class='ocrx_word' id='word_1_110' title='bbox 608 1352 822 1416; x_wconf 83' lang='lat' dir='ltr'><strong>divinis</strong></span> <span class='ocrx_word' id='word_1_111' title='bbox 854 1350 1023 1413; x_wconf 89' lang='lat' dir='ltr'><strong>bonis</strong></span> <span class='ocrx_word' id='word_1_112' title='bbox 1053 1350 1470 1426; x_wconf 81' lang='lat' dir='ltr'><strong>adversantur,</strong></span> <span class='ocrx_word' id='word_1_113' title='bbox 1504 1358 1570 1411; x_wconf 91' lang='lat' dir='ltr'><strong>ut</strong></span> <span class='ocrx_word' id='word_1_114' title='bbox 1609 1347 1783 1410; x_wconf 87' lang='lat' dir='ltr'><strong>morti</strong></span> <span class='ocrx_word' id='word_1_115' title='bbox 1806 1359 1869 1409; x_wconf 89' lang='lat' dir='ltr'><strong>et</strong></span> <span class='ocrx_word' id='word_1_116' title='bbox 1900 1365 2113 1408; x_wconf 89' lang='lat' dir='ltr'><strong>corru-</strong></span> 
     </span>
    </p>
   </div>
   <div class='ocr_carea' id='block_1_20' title="bbox 2223 1347 3851 1437">
    <p class='ocr_par' dir='ltr' id='par_1_20' title="bbox 2223 1353 3851 1436">
     <span class='ocr_line' id='line_1_20' title="bbox 2223 1353 3851 1436; baseline 0 -25"><span class='ocrx_word' id='word_1_117' title='bbox 2223 1360 2297 1411; x_wconf 85' lang='grc' dir='ltr'><strong>ῶν</strong></span> <span class='ocrx_word' id='word_1_118' title='bbox 2325 1356 2476 1411; x_wconf 81' lang='grc' dir='ltr'>θείων</span> <span class='ocrx_word' id='word_1_119' title='bbox 2507 1355 2747 1436; x_wconf 80' lang='grc' dir='ltr'>ἀγαθῶν,</span> <span class='ocrx_word' id='word_1_120' title='bbox 2776 1355 2853 1430; x_wconf 78' lang='grc' dir='ltr'><strong>τῷ</strong></span> <span class='ocrx_word' id='word_1_121' title='bbox 2882 1354 3092 1429; x_wconf 78' lang='grc' dir='ltr'>θανσίτῳ</span> <span class='ocrx_word' id='word_1_122' title='bbox 3118 1374 3125 1377; x_wconf 78' lang='lat'>‘</span> <span class='ocrx_word' id='word_1_123' title='bbox 3149 1353 3396 1422; x_wconf 83' lang='grc' dir='ltr'>δηλονότι</span> <span class='ocrx_word' id='word_1_124' title='bbox 3428 1356 3515 1410; x_wconf 82' lang='grc' dir='ltr'><strong>καὶ</strong></span> <span class='ocrx_word' id='word_1_125' title='bbox 3557 1360 3626 1430; x_wconf 82' lang='grc' dir='ltr'><strong>τῇ</strong></span> <span class='ocrx_word' id='word_1_126' title='bbox 3659 1357 3851 1433; x_wconf 70' lang='grc' dir='ltr'>φθορᾷ,</span> 
     </span>
    </p>
   </div>
   <div class='ocr_carea' id='block_1_21' title="bbox 449 1436 2136 1525">
    <p class='ocr_par' dir='ltr' id='par_1_21' title="bbox 449 1436 2107 1525">
     <span class='ocr_line' id='line_1_21' title="bbox 449 1436 2107 1525; baseline -0.005 -19"><span class='ocrx_word' id='word_1_127' title='bbox 449 1436 660 1525; x_wconf 86' lang='lat' dir='ltr'><strong>ptioni,</strong></span> <span class='ocrx_word' id='word_1_128' title='bbox 689 1442 945 1524; x_wconf 88' lang='lat' dir='ltr'><strong>propriis</strong></span> <span class='ocrx_word' id='word_1_129' title='bbox 966 1441 1090 1503; x_wconf 89' lang='lat' dir='ltr'><strong>suis</strong></span> <span class='ocrx_word' id='word_1_130' title='bbox 1115 1439 1620 1522; x_wconf 90' lang='lat' dir='ltr'><strong>propensionibus</strong></span> <span class='ocrx_word' id='word_1_131' title='bbox 1652 1436 1919 1501; x_wconf 76' lang='lat' dir='ltr'><strong>tradidit.</strong></span> <span class='ocrx_word' id='word_1_132' title='bbox 1955 1436 2107 1510; x_wconf 84' lang='lat' dir='ltr'><strong>Quid</strong></span> 
     </span>
    </p>
   </div>
   <div class='ocr_carea' id='block_1_22' title="bbox 2223 1436 3855 1525">
    <p class='ocr_par' dir='ltr' id='par_1_22' title="bbox 2223 1442 3855 1525">
     <span class='ocr_line' id='line_1_22' title="bbox 2223 1442 3855 1525; baseline 0 -26"><span class='ocrx_word' id='word_1_133' title='bbox 2223 1442 2342 1508; x_wconf 71' lang='grc' dir='ltr'>Βίαις</span> <span class='ocrx_word' id='word_1_134' title='bbox 2402 1445 2618 1510; x_wconf 74' lang='grc' dir='ltr'>ἑαυτοῖς</span> <span class='ocrx_word' id='word_1_135' title='bbox 2688 1446 2878 1523; x_wconf 77' lang='grc' dir='ltr'>ῥοπαις</span> <span class='ocrx_word' id='word_1_136' title='bbox 2935 1442 3305 1525; x_wconf 76' lang='grc' dir='ltr'>παραδέδωκε.</span> <span class='ocrx_word' id='word_1_137' title='bbox 3353 1446 3413 1503; x_wconf 79' lang='grc' dir='ltr'>Τί</span> <span class='ocrx_word' id='word_1_138' title='bbox 3469 1442 3524 1501; x_wconf 79' lang='grc' dir='ltr'>δέ</span> <span class='ocrx_word' id='word_1_139' title='bbox 3595 1444 3708 1501; x_wconf 75' lang='grc' dir='ltr'>ἐστι</span> <span class='ocrx_word' id='word_1_140' title='bbox 3766 1446 3855 1524; x_wconf 74' lang='grc' dir='ltr'>τὸ,</span> 
     </span>
    </p>
   </div>
   <div class='ocr_carea' id='block_1_23' title="bbox 448 1526 2136 1615">
    <p class='ocr_par' dir='ltr' id='par_1_23' title="bbox 448 1526 2111 1613">
     <span class='ocr_line' id='line_1_23' title="bbox 448 1526 2111 1613; baseline -0.005 -17"><span class='ocrx_word' id='word_1_141' title='bbox 448 1541 647 1596; x_wconf 91' lang='lat' dir='ltr'><strong>autem</strong></span> <span class='ocrx_word' id='word_1_142' title='bbox 677 1539 790 1608; x_wconf 87' lang='lat' dir='ltr'><strong>est,</strong></span> <span class='ocrx_word' id='word_1_143' title='bbox 825 1531 1084 1613; x_wconf 86' lang='lat' dir='ltr'><strong>propriis</strong></span> <span class='ocrx_word' id='word_1_144' title='bbox 1117 1528 1672 1611; x_wconf 74' lang='lat' dir='ltr'><strong>propensionibus?</strong></span> <span class='ocrx_word' id='word_1_145' title='bbox 1704 1528 1850 1590; x_wconf 89' lang='lat' dir='ltr'><strong>Cum</strong></span> <span class='ocrx_word' id='word_1_146' title='bbox 1884 1526 2111 1589; x_wconf 82' lang='lat' dir='ltr'><strong>scilicet</strong></span> 
     </span>
    </p>
   </div>
   <div class='ocr_carea' id='block_1_24' title="bbox 2223 1526 3862 1615">
    <p class='ocr_par' dir='ltr' id='par_1_24' title="bbox 2225 1533 3862 1615">
     <span class='ocr_line' id='line_1_24' title="bbox 2225 1533 3862 1615; baseline 0 -26"><span class='ocrx_word' id='word_1_147' title='bbox 2225 1535 2390 1598; x_wconf 83' lang='grc' dir='ltr'>ἰκείας</span> <span class='ocrx_word' id='word_1_148' title='bbox 2421 1534 2613 1611; x_wconf 82' lang='grc' dir='ltr'>ῥοπαῖς</span> <span class='ocrx_word' id='word_1_149' title='bbox 2640 1555 2657 1609; x_wconf 84' lang='lat'><strong>;</strong></span> <span class='ocrx_word' id='word_1_150' title='bbox 2717 1533 2928 1613; x_wconf 81' lang='grc' dir='ltr'>’Ἡγουν</span> <span class='ocrx_word' id='word_1_151' title='bbox 2961 1534 3145 1603; x_wconf 78' lang='grc' dir='ltr'>ἐπειδή</span> <span class='ocrx_word' id='word_1_152' title='bbox 3208 1536 3386 1615; x_wconf 78' lang='grc' dir='ltr'><strong>ἀρχὴν</strong></span> <span class='ocrx_word' id='word_1_153' title='bbox 3415 1536 3511 1603; x_wconf 80' lang='grc' dir='ltr'><strong>τῆς</strong></span> <span class='ocrx_word' id='word_1_154' title='bbox 3555 1535 3862 1600; x_wconf 82' lang='grc' dir='ltr'><strong>συστάσεως</strong></span> 
     </span>
    </p>
   </div>
   <div class='ocr_carea' id='block_1_25' title="bbox 449 1617 2136 1704">
    <p class='ocr_par' dir='ltr' id='par_1_25' title="bbox 449 1617 2111 1699">
     <span class='ocr_line' id='line_1_25' title="bbox 449 1617 2111 1699; baseline -0.005 -13"><span class='ocrx_word' id='word_1_155' title='bbox 449 1630 633 1685; x_wconf 88' lang='lat' dir='ltr'><strong>status</strong></span> <span class='ocrx_word' id='word_1_156' title='bbox 680 1623 866 1684; x_wconf 89' lang='lat' dir='ltr'><strong>nostri</strong></span> <span class='ocrx_word' id='word_1_157' title='bbox 918 1620 1209 1699; x_wconf 82' lang='lat' dir='ltr'><strong>originem</strong></span> <span class='ocrx_word' id='word_1_158' title='bbox 1244 1639 1277 1681; x_wconf 91' lang='lat' dir='ltr'><strong>e</strong></span> <span class='ocrx_word' id='word_1_159' title='bbox 1331 1628 1490 1682; x_wconf 89' lang='lat' dir='ltr'><strong>terra</strong></span> <span class='ocrx_word' id='word_1_160' title='bbox 1542 1623 1830 1680; x_wconf 85' lang='lat' dir='ltr'><strong>ducamus</strong></span> <span class='ocrx_word' id='word_1_161' title='bbox 1870 1617 2111 1695; x_wconf 77' lang='lat' dir='ltr'><strong>(corpus</strong></span> 
     </span>
    </p>
   </div>
   <div class='ocr_carea' id='block_1_26' title="bbox 2223 1617 3863 1704">
    <p class='ocr_par' dir='ltr' id='par_1_26' title="bbox 2223 1624 3863 1704">
     <span class='ocr_line' id='line_1_26' title="bbox 2223 1624 3863 1704; baseline 0.006 -25"><span class='ocrx_word' id='word_1_162' title='bbox 2223 1646 2252 1679; x_wconf 89' lang='grc' dir='ltr'><strong>κ</strong></span> <span class='ocrx_word' id='word_1_163' title='bbox 2298 1624 2397 1702; x_wconf 74' lang='grc' dir='ltr'><strong>γῆς</strong></span> <span class='ocrx_word' id='word_1_164' title='bbox 2458 1624 2718 1704; x_wconf 58' lang='grc' dir='ltr'>ἔσχομεν,</span> <span class='ocrx_word' id='word_1_165' title='bbox 2756 1626 2814 1682; x_wconf 83' lang='grc' dir='ltr'>τὸ</span> <span class='ocrx_word' id='word_1_166' title='bbox 2847 1626 2947 1704; x_wconf 78' lang='grc' dir='ltr'><strong>γὰρ</strong></span> <span class='ocrx_word' id='word_1_167' title='bbox 2985 1627 3297 1701; x_wconf 77' lang='grc' dir='ltr'>σωματιγὸν</span> <span class='ocrx_word' id='word_1_168' title='bbox 3342 1626 3499 1700; x_wconf 76' lang='grc' dir='ltr'>ἡμῶν</span> <span class='ocrx_word' id='word_1_169' title='bbox 3528 1624 3582 1692; x_wconf 74' lang='grc' dir='ltr'>ἐξ</span> <span class='ocrx_word' id='word_1_170' title='bbox 3638 1625 3863 1703; x_wconf 73' lang='grc' dir='ltr'>αὒτῆς’)</span> 
     </span>
    </p>
   </div>
   <div class='ocr_carea' id='block_1_27' title="bbox 452 1708 2136 1794">
    <p class='ocr_par' dir='ltr' id='par_1_27' title="bbox 452 1708 2111 1789">
     <span class='ocr_line' id='line_1_27' title="bbox 452 1708 2111 1789; baseline -0.005 -14"><span class='ocrx_word' id='word_1_171' title='bbox 452 1712 615 1775; x_wconf 88' lang='lat' dir='ltr'><strong>enim</strong></span> <span class='ocrx_word' id='word_1_172' title='bbox 633 1719 904 1774; x_wconf 87' lang='lat' dir='ltr'><strong>nostrum</strong></span> <span class='ocrx_word' id='word_1_173' title='bbox 918 1728 988 1773; x_wconf 79' lang='lat' dir='ltr'><strong>ex</strong></span> <span class='ocrx_word' id='word_1_174' title='bbox 1002 1730 1069 1772; x_wconf 77' lang='lat' dir='ltr'><strong>ea</strong></span> <span class='ocrx_word' id='word_1_175' title='bbox 1082 1710 1361 1789; x_wconf 89' lang='lat' dir='ltr'><strong>constat),</strong></span> <span class='ocrx_word' id='word_1_176' title='bbox 1383 1708 1597 1771; x_wconf 91' lang='lat' dir='ltr'><strong>merito</strong></span> <span class='ocrx_word' id='word_1_177' title='bbox 1616 1716 1745 1789; x_wconf 89' lang='lat' dir='ltr'><strong>post</strong></span> <span class='ocrx_word' id='word_1_178' title='bbox 1771 1715 2111 1785; x_wconf 83' lang='lat' dir='ltr'><strong>transgres-</strong></span> 
     </span>
    </p>
   </div>
   <div class='ocr_carea' id='block_1_28' title="bbox 2223 1708 3859 1794">
    <p class='ocr_par' dir='ltr' id='par_1_28' title="bbox 2223 1714 3859 1794">
     <span class='ocr_line' id='line_1_28' title="bbox 2223 1714 3859 1794; baseline 0.001 -24"><span class='ocrx_word' id='word_1_179' title='bbox 2223 1714 2413 1779; x_wconf 83' lang='grc' dir='ltr'>ἱκὸτως</span> <span class='ocrx_word' id='word_1_180' title='bbox 2473 1716 2609 1790; x_wconf 82' lang='grc' dir='ltr'>μετὰ</span> <span class='ocrx_word' id='word_1_181' title='bbox 2638 1716 2735 1783; x_wconf 76' lang='grc' dir='ltr'>τὴν</span> <span class='ocrx_word' id='word_1_182' title='bbox 2798 1714 3119 1794; x_wconf 80' lang='grc' dir='ltr'>παράϐασιν,</span> <span class='ocrx_word' id='word_1_183' title='bbox 3157 1715 3249 1772; x_wconf 76' lang='grc' dir='ltr'>καὶ</span> <span class='ocrx_word' id='word_1_184' title='bbox 3298 1717 3359 1772; x_wconf 77' lang='grc' dir='ltr'><strong>τὸ</strong></span> <span class='ocrx_word' id='word_1_185' title='bbox 3406 1715 3556 1781; x_wconf 84' lang='grc' dir='ltr'>τέλος</span> <span class='ocrx_word' id='word_1_186' title='bbox 3611 1717 3859 1794; x_wconf 72' lang='grc' dir='ltr'>πρόσφο-</span> 
     </span>
    </p>
   </div>
   <div class='ocr_carea' id='block_1_29' title="bbox 450 1796 2136 1885">
    <p class='ocr_par' dir='ltr' id='par_1_29' title="bbox 450 1796 2107 1880">
     <span class='ocr_line' id='line_1_29' title="bbox 450 1796 2107 1880; baseline -0.005 -15"><span class='ocrx_word' id='word_1_187' title='bbox 450 1802 681 1865; x_wconf 87' lang='lat' dir='ltr'><strong>sionem</strong></span> <span class='ocrx_word' id='word_1_188' title='bbox 712 1801 892 1862; x_wconf 83' lang='lat' dir='ltr'><strong>ﬁnem</strong></span> <span class='ocrx_word' id='word_1_189' title='bbox 917 1818 1153 1880; x_wconf 84' lang='lat' dir='ltr'><strong>quoque</strong></span> <span class='ocrx_word' id='word_1_190' title='bbox 1177 1800 1391 1880; x_wconf 75' lang='lat' dir='ltr'><strong>origini</strong></span> <span class='ocrx_word' id='word_1_191' title='bbox 1415 1808 1888 1861; x_wconf 88' lang='lat' dir='ltr'><strong>consentaneum</strong></span> <span class='ocrx_word' id='word_1_192' title='bbox 1919 1796 2107 1858; x_wconf 88' lang='lat' dir='ltr'><strong>babe-</strong></span> 
     </span>
    </p>
   </div>
   <div class='ocr_carea' id='block_1_30' title="bbox 2223 1796 3861 1885">
    <p class='ocr_par' dir='ltr' id='par_1_30' title="bbox 2228 1804 3861 1885">
     <span class='ocr_line' id='line_1_30' title="bbox 2228 1804 3861 1885; baseline 0.001 -24"><span class='ocrx_word' id='word_1_193' title='bbox 2228 1828 2284 1861; x_wconf 84' lang='lat' dir='ltr'><strong>ov</strong></span> <span class='ocrx_word' id='word_1_194' title='bbox 2343 1804 2580 1885; x_wconf 73' lang='grc' dir='ltr'>ἔσχομεν</span> <span class='ocrx_word' id='word_1_195' title='bbox 2636 1811 2705 1881; x_wconf 81' lang='grc' dir='ltr'>τῇ</span> <span class='ocrx_word' id='word_1_196' title='bbox 2765 1806 2941 1885; x_wconf 80' lang='grc' dir='ltr'>ἀρχῆ,</span> <span class='ocrx_word' id='word_1_197' title='bbox 3003 1808 3075 1871; x_wconf 86' lang='grc' dir='ltr'>εἷς</span> <span class='ocrx_word' id='word_1_198' title='bbox 3128 1806 3232 1883; x_wconf 74' lang='grc' dir='ltr'><strong>γῆν</strong></span> <span class='ocrx_word' id='word_1_199' title='bbox 3292 1804 3631 1881; x_wconf 78' lang='grc' dir='ltr'>ἀναλύοντες,</span> <span class='ocrx_word' id='word_1_200' title='bbox 3669 1805 3861 1872; x_wconf 75' lang='grc' dir='ltr'>ἐπειδὴ</span> 
     </span>
    </p>
   </div>
   <div class='ocr_carea' id='block_1_31' title="bbox 452 1887 2136 1974">
    <p class='ocr_par' dir='ltr' id='par_1_31' title="bbox 452 1887 2108 1965">
     <span class='ocr_line' id='line_1_31' title="bbox 452 1887 2108 1965; baseline -0.003 -12"><span class='ocrx_word' id='word_1_201' title='bbox 452 1909 587 1955; x_wconf 87' lang='lat' dir='ltr'><strong>mus</strong></span> <span class='ocrx_word' id='word_1_202' title='bbox 616 1890 679 1952; x_wconf 92' lang='lat' dir='ltr'><strong>in</strong></span> <span class='ocrx_word' id='word_1_203' title='bbox 732 1899 953 1952; x_wconf 83' lang='lat' dir='ltr'><strong>terram</strong></span> <span class='ocrx_word' id='word_1_204' title='bbox 985 1888 1255 1965; x_wconf 89' lang='lat' dir='ltr'><strong>resoluti,</strong></span> <span class='ocrx_word' id='word_1_205' title='bbox 1292 1907 1428 1951; x_wconf 89' lang='lat' dir='ltr'><strong>cum</strong></span> <span class='ocrx_word' id='word_1_206' title='bbox 1474 1889 1698 1950; x_wconf 91' lang='lat' dir='ltr'><strong>dictum</strong></span> <span class='ocrx_word' id='word_1_207' title='bbox 1732 1893 1808 1948; x_wconf 86' lang='lat' dir='ltr'><strong>sit</strong></span> <span class='ocrx_word' id='word_1_208' title='bbox 1843 1905 1856 1951; x_wconf 90' lang='lat'>:</span> <span class='ocrx_word' id='word_1_209' title='bbox 1927 1887 2108 1949; x_wconf 82' lang='lat' dir='ltr'><strong>Terra</strong></span> 
     </span>
    </p>
   </div>
   <div class='ocr_carea' id='block_1_32' title="bbox 2223 1887 3864 1974">
    <p class='ocr_par' dir='ltr' id='par_1_32' title="bbox 2223 1894 3864 1974">
     <span class='ocr_line' id='line_1_32' title="bbox 2223 1894 3864 1974; baseline -0.012 -2"><span class='ocrx_word' id='word_1_210' title='bbox 2223 1894 2401 1974; x_wconf 62' lang='grc' dir='ltr'><strong>ῤῥέθηθ</strong></span> <span class='ocrx_word' id='word_1_211' title='bbox 2449 1901 2525 1971; x_wconf 70' lang='grc' dir='ltr'><strong>Γῇ</strong></span> <span class='ocrx_word' id='word_1_212' title='bbox 2587 1895 2669 1969; x_wconf 55' lang='grc' dir='ltr'><strong>εἴ,</strong></span> <span class='ocrx_word' id='word_1_213' title='bbox 2715 1898 2803 1951; x_wconf 67' lang='grc' dir='ltr'><strong>καὶ</strong></span> <span class='ocrx_word' id='word_1_214' title='bbox 2848 1897 2922 1960; x_wconf 72' lang='grc' dir='ltr'>εἷς</span> <span class='ocrx_word' id='word_1_215' title='bbox 2981 1901 3085 1974; x_wconf 68' lang='grc' dir='ltr'>γῆν</span> <span class='ocrx_word' id='word_1_216' title='bbox 3143 1895 3435 1973; x_wconf 76' lang='grc' dir='ltr'>ἅπελεύσῃ.</span> <span class='ocrx_word' id='word_1_217' title='bbox 3490 1895 3719 1973; x_wconf 78' lang='grc' dir='ltr'><strong>’ΊΞΙγουν</strong></span> <span class='ocrx_word' id='word_1_218' title='bbox 3776 1894 3864 1953; x_wconf 68' lang='grc' dir='ltr'><strong>διὰ</strong></span> 
     </span>
    </p>
   </div>
   <div class='ocr_carea' id='block_1_33' title="bbox 455 1977 2136 2066">
    <p class='ocr_par' dir='ltr' id='par_1_33' title="bbox 455 1977 2110 2066">
     <span class='ocr_line' id='line_1_33' title="bbox 455 1977 2110 2066; baseline -0.004 -21"><span class='ocrx_word' id='word_1_219' title='bbox 455 1998 542 2062; x_wconf 85' lang='lat' dir='ltr'><strong>es,</strong></span> <span class='ocrx_word' id='word_1_220' title='bbox 574 1986 630 2044; x_wconf 86' lang='lat' dir='ltr'><strong>et</strong></span> <span class='ocrx_word' id='word_1_221' title='bbox 680 1982 747 2042; x_wconf 80' lang='lat' dir='ltr'><strong>in</strong></span> <span class='ocrx_word' id='word_1_222' title='bbox 802 1988 1034 2043; x_wconf 74' lang='lat' dir='ltr'><strong>terram</strong></span> <span class='ocrx_word' id='word_1_223' title='bbox 1080 1980 1414 2043; x_wconf 78' lang='lat' dir='ltr'><strong>reverteris</strong></span> <span class='ocrx_word' id='word_1_224' title='bbox 1448 1990 1493 2039; x_wconf 72' lang='grc' dir='ltr'><strong>ν.</strong></span> <span class='ocrx_word' id='word_1_225' title='bbox 1550 1977 1659 2040; x_wconf 84' lang='lat' dir='ltr'><strong>Vel</strong></span> <span class='ocrx_word' id='word_1_226' title='bbox 1705 1978 1907 2054; x_wconf 87' lang='lat' dir='ltr'><strong>itaque</strong></span> <span class='ocrx_word' id='word_1_227' title='bbox 1964 1995 2110 2066; x_wconf 81' lang='lat' dir='ltr'><strong>pro-</strong></span> 
     </span>
    </p>
   </div>
   <div class='ocr_carea' id='block_1_34' title="bbox 2223 1977 3865 2066">
    <p class='ocr_par' dir='ltr' id='par_1_34' title="bbox 2223 1984 3865 2066">
     <span class='ocr_line' id='line_1_34' title="bbox 2223 1984 3865 2066; baseline 0 -26"><span class='ocrx_word' id='word_1_228' title='bbox 2223 1987 2257 2040; x_wconf 67' lang='lat' dir='ltr'><strong>b</strong></span> <span class='ocrx_word' id='word_1_229' title='bbox 2289 1985 2671 2065; x_wconf 61' lang='grc' dir='ltr'>ἐπιφερόμενον</span> <span class='ocrx_word' id='word_1_230' title='bbox 2731 1987 2927 2042; x_wconf 83' lang='grc' dir='ltr'>τίθεται</span> <span class='ocrx_word' id='word_1_231' title='bbox 2959 1988 3021 2041; x_wconf 84' lang='grc' dir='ltr'><strong>τὸ</strong></span> <span class='ocrx_word' id='word_1_232' title='bbox 3053 1987 3270 2051; x_wconf 87' lang='grc' dir='ltr'>οἰκείαις</span> <span class='ocrx_word' id='word_1_233' title='bbox 3320 1988 3543 2066; x_wconf 77' lang='grc' dir='ltr'>ὁρμαῖς,</span> <span class='ocrx_word' id='word_1_234' title='bbox 3578 1987 3614 2054; x_wconf 78' lang='grc' dir='ltr'><strong>ἢ</strong></span> <span class='ocrx_word' id='word_1_235' title='bbox 3659 1984 3865 2052; x_wconf 81' lang='grc' dir='ltr'>δηλον-</span> 
     </span>
    </p>
   </div>
   <div class='ocr_carea' id='block_1_35' title="bbox 460 2064 2136 2155">
    <p class='ocr_par' dir='ltr' id='par_1_35' title="bbox 460 2064 2113 2154">
     <span class='ocr_line' id='line_1_35' title="bbox 460 2064 2113 2154; baseline -0.005 -21"><span class='ocrx_word' id='word_1_236' title='bbox 460 2080 592 2154; x_wconf 84' lang='lat' dir='ltr'><strong>pter</strong></span> <span class='ocrx_word' id='word_1_237' title='bbox 643 2070 703 2132; x_wconf 91' lang='lat' dir='ltr'><strong>id</strong></span> <span class='ocrx_word' id='word_1_238' title='bbox 755 2069 915 2147; x_wconf 89' lang='lat' dir='ltr'><strong>quod</strong></span> <span class='ocrx_word' id='word_1_239' title='bbox 964 2068 1239 2148; x_wconf 84' lang='lat' dir='ltr'><strong>infertur,</strong></span> <span class='ocrx_word' id='word_1_240' title='bbox 1273 2067 1614 2149; x_wconf 85' lang='lat' dir='ltr'><strong>apponitur,</strong></span> <span class='ocrx_word' id='word_1_241' title='bbox 1648 2067 1789 2128; x_wconf 76' lang='grc'><strong>212</strong></span> <span class='ocrx_word' id='word_1_242' title='bbox 1853 2064 2113 2146; x_wconf 88' lang='lat' dir='ltr'><strong>prOpriis</strong></span> 
     </span>
    </p>
   </div>
   <div class='ocr_carea' id='block_1_36' title="bbox 2223 2064 3859 2155">
    <p class='ocr_par' dir='ltr' id='par_1_36' title="bbox 2229 2064 3859 2155">
     <span class='ocr_line' id='line_1_36' title="bbox 2229 2064 3859 2155; baseline 0.001 -25"><span class='ocrx_word' id='word_1_243' title='bbox 2229 2097 2278 2130; x_wconf 89' lang='grc' dir='ltr'><strong>τι</strong></span> <span class='ocrx_word' id='word_1_244' title='bbox 2336 2064 2737 2154; x_wconf 80' lang='grc' dir='ltr'>προαιρετικαῖς</span> <span class='ocrx_word' id='word_1_245' title='bbox 2794 2078 2880 2131; x_wconf 82' lang='grc' dir='ltr'>καὶ</span> <span class='ocrx_word' id='word_1_246' title='bbox 2929 2075 3304 2155; x_wconf 72' lang='grc' dir='ltr'>αὐτεξουσίοις,</span> <span class='ocrx_word' id='word_1_247' title='bbox 3335 2078 3423 2134; x_wconf 81' lang='grc' dir='ltr'>καὶ</span> <span class='ocrx_word' id='word_1_248' title='bbox 3479 2064 3539 2133; x_wconf 67' lang='grc' dir='ltr'>τό</span> <span class='ocrx_word' id='word_1_249' title='bbox 3596 2077 3859 2155; x_wconf 67' lang='grc' dir='ltr'>ἑπιιρερό-</span> 
     </span>
    </p>
   </div>
   <div class='ocr_carea' id='block_1_37' title="bbox 458 2150 2136 2244">
    <p class='ocr_par' dir='ltr' id='par_1_37' title="bbox 458 2150 2116 2243">
     <span class='ocr_line' id='line_1_37' title="bbox 458 2150 2116 2243; baseline -0.005 -20"><span class='ocrx_word' id='word_1_250' title='bbox 458 2150 984 2243; x_wconf 84' lang='lat' dir='ltr'><strong>propensionibus,</strong></span> <span class='ocrx_word' id='word_1_251' title='bbox 1009 2156 1104 2219; x_wconf 85' lang='lat' dir='ltr'><strong>vel</strong></span> <span class='ocrx_word' id='word_1_252' title='bbox 1131 2162 1311 2220; x_wconf 84' lang='lat' dir='ltr'><strong>etiam</strong></span> <span class='ocrx_word' id='word_1_253' title='bbox 1343 2156 1551 2219; x_wconf 82' lang='lat' dir='ltr'><strong>liberis</strong></span> <span class='ocrx_word' id='word_1_254' title='bbox 1568 2175 1635 2218; x_wconf 89' lang='lat' dir='ltr'><strong>ac</strong></span> <span class='ocrx_word' id='word_1_255' title='bbox 1665 2155 2032 2237; x_wconf 84' lang='lat' dir='ltr'><strong>spontaneis,</strong></span> <span class='ocrx_word' id='word_1_256' title='bbox 2057 2161 2116 2215; x_wconf 91' lang='lat' dir='ltr'><strong>et</strong></span> 
     </span>
    </p>
   </div>
   <div class='ocr_carea' id='block_1_38' title="bbox 2223 2150 3868 2244">
    <p class='ocr_par' dir='ltr' id='par_1_38' title="bbox 2223 2150 3868 2244">
     <span class='ocr_line' id='line_1_38' title="bbox 2223 2150 3868 2244; baseline 0.002 -25"><span class='ocrx_word' id='word_1_257' title='bbox 2223 2185 2357 2221; x_wconf 87' lang='grc' dir='ltr'>ιενον</span> <span class='ocrx_word' id='word_1_258' title='bbox 2415 2163 2577 2220; x_wconf 75' lang='grc' dir='ltr'>πάλιν</span> <span class='ocrx_word' id='word_1_259' title='bbox 2607 2168 2728 2238; x_wconf 80' lang='grc' dir='ltr'>καθ,</span> <span class='ocrx_word' id='word_1_260' title='bbox 2760 2166 2892 2221; x_wconf 75' lang='grc' dir='ltr'>αὐτὸ</span> <span class='ocrx_word' id='word_1_261' title='bbox 2926 2178 3154 2225; x_wconf 85' lang='grc' dir='ltr'>νοεῖται.</span> <span class='ocrx_word' id='word_1_262' title='bbox 3210 2150 3341 2244; x_wconf 63' lang='grc' dir='ltr'>”Ορα</span> <span class='ocrx_word' id='word_1_263' title='bbox 3370 2164 3425 2222; x_wconf 80' lang='grc' dir='ltr'>δέ</span> <span class='ocrx_word' id='word_1_264' title='bbox 3468 2169 3585 2229; x_wconf 74' lang='grc' dir='ltr'>πῶς</span> <span class='ocrx_word' id='word_1_265' title='bbox 3618 2150 3769 2223; x_wconf 32' lang='grc' dir='ltr'>εἶπε-</span> <span class='ocrx_word' id='word_1_266' title='bbox 3807 2169 3868 2222; x_wconf 83' lang='grc' dir='ltr'>τὸ</span> 
     </span>
    </p>
   </div>
   <div class='ocr_carea' id='block_1_39' title="bbox 459 2243 2136 2335">
    <p class='ocr_par' dir='ltr' id='par_1_39' title="bbox 459 2244 2109 2335">
     <span class='ocr_line' id='line_1_39' title="bbox 459 2244 2109 2335; baseline -0.003 -23"><span class='ocrx_word' id='word_1_267' title='bbox 459 2249 520 2312; x_wconf 90' lang='lat' dir='ltr'><strong>id</strong></span> <span class='ocrx_word' id='word_1_268' title='bbox 551 2248 707 2331; x_wconf 90' lang='lat' dir='ltr'><strong>quod</strong></span> <span class='ocrx_word' id='word_1_269' title='bbox 740 2248 994 2311; x_wconf 89' lang='lat' dir='ltr'><strong>infertur</strong></span> <span class='ocrx_word' id='word_1_270' title='bbox 1026 2246 1243 2309; x_wconf 90' lang='lat' dir='ltr'><strong>iterum</strong></span> <span class='ocrx_word' id='word_1_271' title='bbox 1275 2247 1485 2309; x_wconf 91' lang='lat' dir='ltr'><strong>eodem</strong></span> <span class='ocrx_word' id='word_1_272' title='bbox 1523 2246 1702 2308; x_wconf 90' lang='lat' dir='ltr'><strong>modo</strong></span> <span class='ocrx_word' id='word_1_273' title='bbox 1732 2244 2109 2335; x_wconf 80' lang='lat' dir='ltr'><strong>intelligitur.</strong></span> 
     </span>
    </p>
   </div>
   <div class='ocr_carea' id='block_1_40' title="bbox 2223 2243 3867 2335">
    <p class='ocr_par' dir='ltr' id='par_1_40' title="bbox 2223 2243 3867 2335">
     <span class='ocr_line' id='line_1_40' title="bbox 2223 2243 3867 2335; baseline 0 -24"><span class='ocrx_word' id='word_1_274' title='bbox 2223 2254 2512 2333; x_wconf 66' lang='grc' dir='ltr'>Αναγώγου</span> <span class='ocrx_word' id='word_1_275' title='bbox 2571 2259 2738 2324; x_wconf 69' lang='grc' dir='ltr'>ζωῆςσ</span> <span class='ocrx_word' id='word_1_276' title='bbox 2788 2256 3063 2334; x_wconf 82' lang='grc' dir='ltr'>ἀνάγωγος</span> <span class='ocrx_word' id='word_1_277' title='bbox 3108 2256 3207 2335; x_wconf 76' lang='grc' dir='ltr'><strong>γὰρ</strong></span> <span class='ocrx_word' id='word_1_278' title='bbox 3269 2243 3382 2327; x_wconf 77' lang='grc' dir='ltr'>ζωὴ</span> <span class='ocrx_word' id='word_1_279' title='bbox 3427 2254 3640 2335; x_wconf 75' lang='grc' dir='ltr'>λέγεται</span> <span class='ocrx_word' id='word_1_280' title='bbox 3684 2257 3787 2313; x_wconf 78' lang='grc' dir='ltr'><strong>καί</strong></span> <span class='ocrx_word' id='word_1_281' title='bbox 3831 2261 3867 2326; x_wconf 82' lang='grc' dir='ltr'><strong>ἡ</strong></span> 
     </span>
    </p>
   </div>
   <div class='ocr_carea' id='block_1_41' title="bbox 463 2334 2136 2426">
    <p class='ocr_par' dir='ltr' id='par_1_41' title="bbox 463 2334 2119 2426">
     <span class='ocr_line' id='line_1_41' title="bbox 463 2334 2119 2426; baseline -0.007 -21"><span class='ocrx_word' id='word_1_282' title='bbox 463 2338 726 2405; x_wconf 88' lang='lat' dir='ltr'><strong>Observa</strong></span> <span class='ocrx_word' id='word_1_283' title='bbox 752 2356 891 2400; x_wconf 84' lang='lat' dir='ltr'><strong>vero</strong></span> <span class='ocrx_word' id='word_1_284' title='bbox 922 2335 1220 2420; x_wconf 89' lang='lat' dir='ltr'><strong>quomodo</strong></span> <span class='ocrx_word' id='word_1_285' title='bbox 1251 2336 1492 2400; x_wconf 88' lang='lat' dir='ltr'><strong>dixerit:</strong></span> <span class='ocrx_word' id='word_1_286' title='bbox 1528 2339 1579 2397; x_wconf 83' lang='grc' dir='ltr'><strong>Α</strong></span> <span class='ocrx_word' id='word_1_287' title='bbox 1610 2336 1888 2426; x_wconf 74' lang='lat' dir='ltr'><strong>vitaquae</strong></span> <span class='ocrx_word' id='word_1_288' title='bbox 1918 2334 1989 2396; x_wconf 91' lang='lat' dir='ltr'><strong>ad</strong></span> <span class='ocrx_word' id='word_1_289' title='bbox 2024 2353 2119 2426; x_wconf 84' lang='lat' dir='ltr'><strong>su-</strong></span> 
     </span>
    </p>
   </div>
   <div class='ocr_carea' id='block_1_42' title="bbox 2223 2334 3863 2426">
    <p class='ocr_par' dir='ltr' id='par_1_42' title="bbox 2223 2334 3863 2426">
     <span class='ocr_line' id='line_1_42' title="bbox 2223 2334 3863 2426; baseline 0.002 -27"><span class='ocrx_word' id='word_1_290' title='bbox 2223 2342 2497 2409; x_wconf 79' lang='grc' dir='ltr'>ικὸλαστος</span> <span class='ocrx_word' id='word_1_291' title='bbox 2526 2346 2616 2400; x_wconf 83' lang='grc' dir='ltr'><strong>καὶ</strong></span> <span class='ocrx_word' id='word_1_292' title='bbox 2675 2343 3014 2417; x_wconf 84' lang='grc' dir='ltr'>ἀπαίδευτος,</span> <span class='ocrx_word' id='word_1_293' title='bbox 3049 2347 3122 2409; x_wconf 85' lang='grc' dir='ltr'>ὡς</span> <span class='ocrx_word' id='word_1_294' title='bbox 3155 2334 3328 2412; x_wconf 81' lang='grc' dir='ltr'>κακὴν</span> <span class='ocrx_word' id='word_1_295' title='bbox 3360 2334 3579 2424; x_wconf 68' lang='grc' dir='ltr'>ἀγωγήν</span> <span class='ocrx_word' id='word_1_296' title='bbox 3629 2346 3863 2426; x_wconf 79' lang='grc' dir='ltr'>ἔχουσα’</span> 
     </span>
    </p>
   </div>
   <div class='ocr_carea' id='block_1_43' title="bbox 464 2424 2136 2515">
    <p class='ocr_par' dir='ltr' id='par_1_43' title="bbox 464 2424 2123 2511">
     <span class='ocr_line' id='line_1_43' title="bbox 464 2424 2123 2511; baseline -0.004 -19"><span class='ocrx_word' id='word_1_297' title='bbox 464 2446 648 2511; x_wconf 89' lang='lat' dir='ltr'><strong>perna</strong></span> <span class='ocrx_word' id='word_1_298' title='bbox 680 2426 988 2504; x_wconf 87' lang='lat' dir='ltr'><strong>tendebat;</strong></span> <span class='ocrx_word' id='word_1_299' title='bbox 1021 2429 1301 2507; x_wconf 63' lang='grc' dir='ltr'>ἀνάγωγος</span> <span class='ocrx_word' id='word_1_300' title='bbox 1344 2426 1503 2488; x_wconf 91' lang='lat' dir='ltr'><strong>enim</strong></span> <span class='ocrx_word' id='word_1_301' title='bbox 1537 2444 1641 2488; x_wconf 91' lang='lat' dir='ltr'><strong>seu</strong></span> <span class='ocrx_word' id='word_1_302' title='bbox 1671 2425 1976 2487; x_wconf 89' lang='lat' dir='ltr'><strong>adducens</strong></span> <span class='ocrx_word' id='word_1_303' title='bbox 2007 2424 2123 2487; x_wconf 87' lang='lat' dir='ltr'><strong>vita</strong></span> 
     </span>
    </p>
   </div>
   <div class='ocr_carea' id='block_1_44' title="bbox 2223 2424 3866 2515">
    <p class='ocr_par' dir='ltr' id='par_1_44' title="bbox 2223 2424 3866 2515">
     <span class='ocr_line' id='line_1_44' title="bbox 2223 2424 3866 2515; baseline 0.002 -26"><span class='ocrx_word' id='word_1_304' title='bbox 2223 2437 2423 2491; x_wconf 85' lang='grc' dir='ltr'>;νταῦθα</span> <span class='ocrx_word' id='word_1_305' title='bbox 2466 2431 2520 2489; x_wconf 82' lang='grc' dir='ltr'>δὲ</span> <span class='ocrx_word' id='word_1_306' title='bbox 2550 2435 2645 2501; x_wconf 80' lang='grc' dir='ltr'>τὴν</span> <span class='ocrx_word' id='word_1_307' title='bbox 2676 2435 2741 2490; x_wconf 77' lang='grc' dir='ltr'>τὰ</span> <span class='ocrx_word' id='word_1_308' title='bbox 2784 2431 2893 2491; x_wconf 78' lang='grc' dir='ltr'><strong>ἄνω</strong></span> <span class='ocrx_word' id='word_1_309' title='bbox 2925 2442 3212 2515; x_wconf 77' lang='grc' dir='ltr'>ζητοῦσαν,</span> <span class='ocrx_word' id='word_1_310' title='bbox 3249 2438 3333 2494; x_wconf 81' lang='grc' dir='ltr'><strong>καὶ</strong></span> <span class='ocrx_word' id='word_1_311' title='bbox 3386 2437 3515 2515; x_wconf 81' lang='grc' dir='ltr'>πρὸς</span> <span class='ocrx_word' id='word_1_312' title='bbox 3543 2424 3699 2494; x_wconf 69' lang='grc' dir='ltr'>Θεὸν</span> <span class='ocrx_word' id='word_1_313' title='bbox 3730 2437 3866 2493; x_wconf 75' lang='grc' dir='ltr'>ἑπε-</span> 
     </span>
    </p>
   </div>
   <div class='ocr_carea' id='block_1_45' title="bbox 464 2516 2124 2601">
    <p class='ocr_par' dir='ltr' id='par_1_45' title="bbox 464 2516 2124 2601">
     <span class='ocr_line' id='line_1_45' title="bbox 464 2516 2124 2601; baseline -0.002 -20"><span class='ocrx_word' id='word_1_314' title='bbox 464 2535 701 2601; x_wconf 92' lang='lat' dir='ltr'><strong>qnoque</strong></span> <span class='ocrx_word' id='word_1_315' title='bbox 733 2517 953 2580; x_wconf 90' lang='lat' dir='ltr'><strong>dicitur</strong></span> <span class='ocrx_word' id='word_1_316' title='bbox 986 2516 1275 2579; x_wconf 89' lang='lat' dir='ltr'><strong>dissoluta</strong></span> <span class='ocrx_word' id='word_1_317' title='bbox 1301 2525 1359 2579; x_wconf 91' lang='lat' dir='ltr'><strong>et</strong></span> <span class='ocrx_word' id='word_1_318' title='bbox 1392 2516 1796 2595; x_wconf 81' lang='lat' dir='ltr'><strong>immorigera,</strong></span> <span class='ocrx_word' id='word_1_319' title='bbox 1829 2533 1958 2596; x_wconf 66' lang='lat' dir='ltr'><strong>quae</strong></span> <span class='ocrx_word' id='word_1_320' title='bbox 1990 2533 2124 2594; x_wconf 85' lang='lat' dir='ltr'><strong>pra-</strong></span> 
     </span>
    </p>
   </div>
   <div class='ocr_carea' id='block_1_46' title="bbox 464 2605 2123 2688">
    <p class='ocr_par' dir='ltr' id='par_1_46' title="bbox 464 2605 2123 2688">
     <span class='ocr_line' id='line_1_46' title="bbox 464 2605 2123 2688; baseline -0.003 -16"><span class='ocrx_word' id='word_1_321' title='bbox 464 2627 600 2672; x_wconf 79' lang='lat' dir='ltr'><strong>vum</strong></span> <span class='ocrx_word' id='word_1_322' title='bbox 631 2608 877 2672; x_wconf 92' lang='lat' dir='ltr'><strong>ductum</strong></span> <span class='ocrx_word' id='word_1_323' title='bbox 912 2605 1186 2688; x_wconf 89' lang='lat' dir='ltr'><strong>sequitur</strong></span> <span class='ocrx_word' id='word_1_324' title='bbox 1216 2624 1237 2683; x_wconf 89' lang='lat'><strong><em>;</em></strong></span> <span class='ocrx_word' id='word_1_325' title='bbox 1278 2606 1376 2668; x_wconf 86' lang='lat' dir='ltr'><strong>hic</strong></span> <span class='ocrx_word' id='word_1_326' title='bbox 1407 2616 1605 2667; x_wconf 88' lang='lat' dir='ltr'><strong>autem</strong></span> <span class='ocrx_word' id='word_1_327' title='bbox 1642 2605 1939 2685; x_wconf 79' lang='lat' dir='ltr'><strong>signiﬁcat</strong></span> <span class='ocrx_word' id='word_1_328' title='bbox 1987 2623 2123 2667; x_wconf 85' lang='lat' dir='ltr'><strong>eam</strong></span> 
     </span>
    </p>
   </div>
   <div class='ocr_carea' id='block_1_47' title="bbox 468 2696 2123 2782">
    <p class='ocr_par' dir='ltr' id='par_1_47' title="bbox 468 2696 2123 2782">
     <span class='ocr_line' id='line_1_47' title="bbox 468 2696 2123 2782; baseline -0.003 -20"><span class='ocrx_word' id='word_1_329' title='bbox 468 2717 602 2782; x_wconf 65' lang='lat' dir='ltr'><strong>quae</strong></span> <span class='ocrx_word' id='word_1_330' title='bbox 657 2699 973 2780; x_wconf 89' lang='lat' dir='ltr'><strong>superiora</strong></span> <span class='ocrx_word' id='word_1_331' title='bbox 1026 2696 1262 2778; x_wconf 74' lang='lat' dir='ltr'><strong>quaerit,</strong></span> <span class='ocrx_word' id='word_1_332' title='bbox 1307 2704 1365 2759; x_wconf 87' lang='lat' dir='ltr'><strong>et</strong></span> <span class='ocrx_word' id='word_1_333' title='bbox 1421 2698 1610 2760; x_wconf 84' lang='lat' dir='ltr'><strong>Deum</strong></span> <span class='ocrx_word' id='word_1_334' title='bbox 1670 2713 1959 2758; x_wconf 83' lang='lat' dir='ltr'><strong>conversa</strong></span> <span class='ocrx_word' id='word_1_335' title='bbox 2008 2703 2123 2758; x_wconf 89' lang='lat' dir='ltr'><strong>est.</strong></span> 
     </span>
    </p>
   </div>
   <div class='ocr_carea' id='block_1_48' title="bbox 468 2785 2123 2859">
    <p class='ocr_par' dir='ltr' id='par_1_48' title="bbox 468 2785 2123 2859">
     <span class='ocr_line' id='line_1_48' title="bbox 468 2785 2123 2859; baseline -0.005 -5"><span class='ocrx_word' id='word_1_336' title='bbox 468 2791 623 2854; x_wconf 87' lang='lat' dir='ltr'><strong>Hinc</strong></span> <span class='ocrx_word' id='word_1_337' title='bbox 669 2805 805 2850; x_wconf 88' lang='lat' dir='ltr'><strong>cum</strong></span> <span class='ocrx_word' id='word_1_338' title='bbox 837 2795 1049 2849; x_wconf 88' lang='lat' dir='ltr'><strong>natura</strong></span> <span class='ocrx_word' id='word_1_339' title='bbox 1077 2804 1111 2848; x_wconf 90' lang='lat' dir='ltr'><strong>a</strong></span> <span class='ocrx_word' id='word_1_340' title='bbox 1139 2794 1305 2848; x_wconf 87' lang='lat' dir='ltr'><strong>recta</strong></span> <span class='ocrx_word' id='word_1_341' title='bbox 1339 2785 1411 2847; x_wconf 91' lang='lat' dir='ltr'><strong>ad</strong></span> <span class='ocrx_word' id='word_1_342' title='bbox 1459 2786 1644 2848; x_wconf 91' lang='lat' dir='ltr'><strong>Deum</strong></span> <span class='ocrx_word' id='word_1_343' title='bbox 1676 2787 1769 2847; x_wconf 87' lang='lat' dir='ltr'><strong>via</strong></span> <span class='ocrx_word' id='word_1_344' title='bbox 1796 2785 2123 2859; x_wconf 88' lang='lat' dir='ltr'><strong>aberraret,</strong></span> 
     </span>
    </p>
   </div>
   <div class='ocr_carea' id='block_1_49' title="bbox 470 2874 2125 2957">
    <p class='ocr_par' dir='ltr' id='par_1_49' title="bbox 470 2874 2125 2957">
     <span class='ocr_line' id='line_1_49' title="bbox 470 2874 2125 2957; baseline -0.003 -17"><span class='ocrx_word' id='word_1_345' title='bbox 470 2877 720 2940; x_wconf 84' lang='lat' dir='ltr'><strong>minime</strong></span> <span class='ocrx_word' id='word_1_346' title='bbox 736 2876 1014 2957; x_wconf 85' lang='lat' dir='ltr'><strong>advertit,</strong></span> <span class='ocrx_word' id='word_1_347' title='bbox 1046 2894 1110 2937; x_wconf 89' lang='lat' dir='ltr'><strong>se</strong></span> <span class='ocrx_word' id='word_1_348' title='bbox 1132 2893 1251 2936; x_wconf 91' lang='lat' dir='ltr'><strong>non</strong></span> <span class='ocrx_word' id='word_1_349' title='bbox 1276 2874 1390 2937; x_wconf 89' lang='lat' dir='ltr'><strong>diis</strong></span> <span class='ocrx_word' id='word_1_350' title='bbox 1418 2875 1720 2955; x_wconf 82' lang='lat' dir='ltr'><strong>etamicis,</strong></span> <span class='ocrx_word' id='word_1_351' title='bbox 1754 2874 1861 2937; x_wconf 90' lang='lat' dir='ltr'><strong>sed</strong></span> <span class='ocrx_word' id='word_1_352' title='bbox 1889 2874 2125 2935; x_wconf 87' lang='lat' dir='ltr'><strong>infestis</strong></span> 
     </span>
    </p>
   </div>
   <div class='ocr_carea' id='block_1_50' title="bbox 468 2962 2128 3046">
    <p class='ocr_par' dir='ltr' id='par_1_50' title="bbox 468 2962 2128 3046">
     <span class='ocr_line' id='line_1_50' title="bbox 468 2962 2128 3046; baseline -0.002 -17"><span class='ocrx_word' id='word_1_353' title='bbox 468 2966 743 3029; x_wconf 86' lang='lat' dir='ltr'><strong>hostibus</strong></span> <span class='ocrx_word' id='word_1_354' title='bbox 773 2964 956 3029; x_wconf 88' lang='lat' dir='ltr'><strong>fuisse</strong></span> <span class='ocrx_word' id='word_1_355' title='bbox 997 2968 1365 3045; x_wconf 87' lang='lat' dir='ltr'><strong>obsecutam,</strong></span> <span class='ocrx_word' id='word_1_356' title='bbox 1402 2964 1769 3046; x_wconf 87' lang='lat' dir='ltr'><strong>quibusipsa</strong></span> <span class='ocrx_word' id='word_1_357' title='bbox 1798 2962 2128 3025; x_wconf 86' lang='lat' dir='ltr'><strong>crudeliter</strong></span> 
     </span>
    </p>
   </div>
   <div class='ocr_carea' id='block_1_51' title="bbox 473 3046 2122 3140">
    <p class='ocr_par' dir='ltr' id='par_1_51' title="bbox 473 3046 2122 3140">
     <span class='ocr_line' id='line_1_51' title="bbox 473 3046 2122 3140; baseline -0.003 -20"><span class='ocrx_word' id='word_1_358' title='bbox 473 3075 582 3140; x_wconf 88' lang='lat' dir='ltr'><strong>pro</strong></span> <span class='ocrx_word' id='word_1_359' title='bbox 614 3056 984 3118; x_wconf 87' lang='lat' dir='ltr'><strong>immanitate</strong></span> <span class='ocrx_word' id='word_1_360' title='bbox 1012 3074 1119 3118; x_wconf 89' lang='lat' dir='ltr'><strong>sua</strong></span> <span class='ocrx_word' id='word_1_361' title='bbox 1147 3053 1558 3134; x_wconf 89' lang='lat' dir='ltr'><strong>abutentibus,</strong></span> <span class='ocrx_word' id='word_1_362' title='bbox 1597 3053 1761 3134; x_wconf 88' lang='lat' dir='ltr'><strong>(quid</strong></span> <span class='ocrx_word' id='word_1_363' title='bbox 1796 3055 1954 3116; x_wconf 90' lang='lat' dir='ltr'><strong>enim</strong></span> <span class='ocrx_word' id='word_1_364' title='bbox 1987 3046 2122 3115; x_wconf 79' lang='lat' dir='ltr'><strong>mali</strong></span> 
     </span>
    </p>
   </div>
   <div class='ocr_carea' id='block_1_52' title="bbox 473 3145 1032 3228">
    <p class='ocr_par' dir='ltr' id='par_1_52' title="bbox 473 3145 1032 3228">
     <span class='ocr_line' id='line_1_52' title="bbox 473 3145 1032 3228; baseline -0.004 -19"><span class='ocrx_word' id='word_1_365' title='bbox 473 3166 595 3209; x_wconf 91' lang='lat' dir='ltr'><strong>non</strong></span> <span class='ocrx_word' id='word_1_366' title='bbox 648 3145 1032 3228; x_wconf 85' lang='lat' dir='ltr'><strong>intulerunt?)</strong></span> 
     </span>
    </p>
   </div>
   <div class='ocr_carea' id='block_1_53' title="bbox 473 3233 2127 3319">
    <p class='ocr_par' dir='ltr' id='par_1_53' title="bbox 473 3233 2127 3319">
     <span class='ocr_line' id='line_1_53' title="bbox 473 3233 2127 3319; baseline -0.003 -20"><span class='ocrx_word' id='word_1_367' title='bbox 473 3236 665 3313; x_wconf 85' lang='lat' dir='ltr'><strong>derat,</strong></span> <span class='ocrx_word' id='word_1_368' title='bbox 698 3236 855 3319; x_wconf 91' lang='lat' dir='ltr'><strong>quod</strong></span> <span class='ocrx_word' id='word_1_369' title='bbox 890 3234 1070 3298; x_wconf 90' lang='lat' dir='ltr'><strong>etiam</strong></span> <span class='ocrx_word' id='word_1_370' title='bbox 1102 3241 1287 3297; x_wconf 89' lang='lat' dir='ltr'><strong>status</strong></span> <span class='ocrx_word' id='word_1_371' title='bbox 1309 3233 1695 3314; x_wconf 83' lang='lat' dir='ltr'><strong>privationem</strong></span> <span class='ocrx_word' id='word_1_372' title='bbox 1726 3243 1918 3314; x_wconf 87' lang='lat' dir='ltr'><strong>vocat,</strong></span> <span class='ocrx_word' id='word_1_373' title='bbox 1955 3233 2127 3296; x_wconf 90' lang='lat' dir='ltr'><strong>scili-</strong></span> 
     </span>
    </p>
   </div>
   <div class='ocr_carea' id='block_1_54' title="bbox 474 3322 2131 3407">
    <p class='ocr_par' dir='ltr' id='par_1_54' title="bbox 474 3322 2131 3407">
     <span class='ocr_line' id='line_1_54' title="bbox 474 3322 2131 3407; baseline -0.003 -17"><span class='ocrx_word' id='word_1_374' title='bbox 474 3334 572 3390; x_wconf 89' lang='lat' dir='ltr'><strong>cet</strong></span> <span class='ocrx_word' id='word_1_375' title='bbox 604 3336 860 3389; x_wconf 89' lang='lat' dir='ltr'><strong>mortem</strong></span> <span class='ocrx_word' id='word_1_376' title='bbox 892 3322 1478 3407; x_wconf 84' lang='lat' dir='ltr'><strong>spiritalem.Verum</strong></span> <span class='ocrx_word' id='word_1_377' title='bbox 1501 3322 1661 3386; x_wconf 87' lang='lat' dir='ltr'><strong>Deus</strong></span> <span class='ocrx_word' id='word_1_378' title='bbox 1677 3331 1877 3384; x_wconf 90' lang='lat' dir='ltr'><strong>noster</strong></span> <span class='ocrx_word' id='word_1_379' title='bbox 1890 3331 2131 3405; x_wconf 85' lang='lat' dir='ltr'><strong>propter</strong></span> 
     </span>
    </p>
   </div>
   <div class='ocr_carea' id='block_1_55' title="bbox 475 3413 2131 3494">
    <p class='ocr_par' dir='ltr' id='par_1_55' title="bbox 475 3413 2131 3494">
     <span class='ocr_line' id='line_1_55' title="bbox 475 3413 2131 3494; baseline -0.002 -16"><span class='ocrx_word' id='word_1_380' title='bbox 475 3415 770 3479; x_wconf 89' lang='lat' dir='ltr'><strong>inﬁnitam</strong></span> <span class='ocrx_word' id='word_1_381' title='bbox 802 3433 968 3478; x_wconf 89' lang='lat' dir='ltr'><strong>suam</strong></span> <span class='ocrx_word' id='word_1_382' title='bbox 991 3414 1342 3488; x_wconf 90' lang='lat' dir='ltr'><strong>bonitatem,</strong></span> <span class='ocrx_word' id='word_1_383' title='bbox 1370 3430 1478 3494; x_wconf 89' lang='lat' dir='ltr'><strong>per</strong></span> <span class='ocrx_word' id='word_1_384' title='bbox 1506 3430 1570 3476; x_wconf 91' lang='lat' dir='ltr'><strong>se</strong></span> <span class='ocrx_word' id='word_1_385' title='bbox 1589 3413 1774 3474; x_wconf 90' lang='lat' dir='ltr'><strong>nostri</strong></span> <span class='ocrx_word' id='word_1_386' title='bbox 1796 3431 1999 3475; x_wconf 90' lang='lat' dir='ltr'><strong>curam</strong></span> <span class='ocrx_word' id='word_1_387' title='bbox 2031 3431 2131 3493; x_wconf 81' lang='lat' dir='ltr'><strong>ge-</strong></span> 
     </span>
    </p>
   </div>
   <div class='ocr_carea' id='block_1_56' title="bbox 474 3502 2131 3584">
    <p class='ocr_par' dir='ltr' id='par_1_56' title="bbox 474 3502 2131 3584">
     <span class='ocr_line' id='line_1_56' title="bbox 474 3502 2131 3584; baseline -0.004 -14"><span class='ocrx_word' id='word_1_388' title='bbox 474 3523 614 3570; x_wconf 88' lang='lat' dir='ltr'><strong>rere</strong></span> <span class='ocrx_word' id='word_1_389' title='bbox 637 3524 759 3568; x_wconf 91' lang='lat' dir='ltr'><strong>non</strong></span> <span class='ocrx_word' id='word_1_390' title='bbox 791 3503 1041 3581; x_wconf 87' lang='lat' dir='ltr'><strong>destitit;</strong></span> <span class='ocrx_word' id='word_1_391' title='bbox 1066 3507 1347 3584; x_wconf 83' lang='lat' dir='ltr'><strong>quoniam</strong></span> <span class='ocrx_word' id='word_1_392' title='bbox 1381 3502 1663 3565; x_wconf 89' lang='lat' dir='ltr'><strong>nimirum</strong></span> <span class='ocrx_word' id='word_1_393' title='bbox 1688 3503 2131 3584; x_wconf 85' lang='lat' dir='ltr'><strong>ipsummetDei</strong></span> 
     </span>
    </p>
   </div>
   <div class='ocr_carea' id='block_1_57' title="bbox 475 3592 2135 3678">
    <p class='ocr_par' dir='ltr' id='par_1_57' title="bbox 475 3592 2135 3678">
     <span class='ocr_line' id='line_1_57' title="bbox 475 3592 2135 3678; baseline -0.002 -18"><span class='ocrx_word' id='word_1_394' title='bbox 475 3595 742 3661; x_wconf 84' lang='lat' dir='ltr'><strong>Verbum</strong></span> <span class='ocrx_word' id='word_1_395' title='bbox 774 3613 846 3658; x_wconf 87' lang='lat' dir='ltr'><strong>ea</strong></span> <span class='ocrx_word' id='word_1_396' title='bbox 881 3612 1011 3678; x_wconf 69' lang='lat' dir='ltr'><strong>quae</strong></span> <span class='ocrx_word' id='word_1_397' title='bbox 1040 3598 1393 3656; x_wconf 88' lang='lat' dir='ltr'><strong>nostrasunt</strong></span> <span class='ocrx_word' id='word_1_398' title='bbox 1419 3592 1972 3672; x_wconf 88' lang='lat' dir='ltr'><strong>assumensabsque</strong></span> <span class='ocrx_word' id='word_1_399' title='bbox 2000 3612 2135 3676; x_wconf 87' lang='lat' dir='ltr'><strong>pec-</strong></span> 
     </span>
    </p>
   </div>
   <div class='ocr_carea' id='block_1_58' title="bbox 477 3683 2135 3768">
    <p class='ocr_par' dir='ltr' id='par_1_58' title="bbox 477 3683 2135 3768">
     <span class='ocr_line' id='line_1_58' title="bbox 477 3683 2135 3768; baseline -0.004 -16"><span class='ocrx_word' id='word_1_400' title='bbox 477 3692 863 3768; x_wconf 88' lang='lat' dir='ltr'><strong>cato,qutppe</strong></span> <span class='ocrx_word' id='word_1_401' title='bbox 885 3684 1017 3746; x_wconf 92' lang='lat' dir='ltr'><strong>sine</strong></span> <span class='ocrx_word' id='word_1_402' title='bbox 1042 3683 1699 3765; x_wconf 87' lang='lat' dir='ltr'><strong>mutilatione,manens</strong></span> <span class='ocrx_word' id='word_1_403' title='bbox 1718 3684 1962 3746; x_wconf 89' lang='lat' dir='ltr'><strong>omnino</strong></span> <span class='ocrx_word' id='word_1_404' title='bbox 1976 3683 2135 3766; x_wconf 92' lang='lat' dir='ltr'><strong>quod</strong></span> 
     </span>
    </p>
   </div>
   <div class='ocr_carea' id='block_1_59' title="bbox 480 3772 2138 3858">
    <p class='ocr_par' dir='ltr' id='par_1_59' title="bbox 480 3772 2138 3858">
     <span class='ocr_line' id='line_1_59' title="bbox 480 3772 2138 3858; baseline -0.004 -17"><span class='ocrx_word' id='word_1_405' title='bbox 480 3785 630 3858; x_wconf 88' lang='lat' dir='ltr'><strong>erat,</strong></span> <span class='ocrx_word' id='word_1_406' title='bbox 666 3794 775 3838; x_wconf 92' lang='lat' dir='ltr'><strong>nec</strong></span> <span class='ocrx_word' id='word_1_407' title='bbox 803 3793 838 3838; x_wconf 90' lang='lat' dir='ltr'><strong>a</strong></span> <span class='ocrx_word' id='word_1_408' title='bbox 867 3772 1110 3856; x_wconf 90' lang='lat' dir='ltr'><strong>proprio</strong></span> <span class='ocrx_word' id='word_1_409' title='bbox 1142 3781 1298 3835; x_wconf 87' lang='lat' dir='ltr'><strong>statu</strong></span> <span class='ocrx_word' id='word_1_410' title='bbox 1342 3772 1637 3835; x_wconf 89' lang='lat' dir='ltr'><strong>deﬁciens</strong></span> <span class='ocrx_word' id='word_1_411' title='bbox 1666 3774 1911 3854; x_wconf 85' lang='lat' dir='ltr'><strong>(statum</strong></span> <span class='ocrx_word' id='word_1_412' title='bbox 1940 3782 2138 3836; x_wconf 89' lang='lat' dir='ltr'><strong>autem</strong></span> 
     </span>
    </p>
   </div>
   <div class='ocr_carea' id='block_1_60' title="bbox 483 3862 2137 3946">
    <p class='ocr_par' dir='ltr' id='par_1_60' title="bbox 483 3862 2137 3946">
     <span class='ocr_line' id='line_1_60' title="bbox 483 3862 2137 3946; baseline -0.004 -15"><span class='ocrx_word' id='word_1_413' title='bbox 483 3868 583 3932; x_wconf 89' lang='lat' dir='ltr'><strong>bic</strong></span> <span class='ocrx_word' id='word_1_414' title='bbox 614 3884 734 3928; x_wconf 92' lang='lat' dir='ltr'><strong>non</strong></span> <span class='ocrx_word' id='word_1_415' title='bbox 778 3864 1037 3946; x_wconf 89' lang='lat' dir='ltr'><strong>aliquam</strong></span> <span class='ocrx_word' id='word_1_416' title='bbox 1070 3862 1418 3941; x_wconf 86' lang='lat' dir='ltr'><strong>qualitatem</strong></span> <span class='ocrx_word' id='word_1_417' title='bbox 1467 3863 1892 3924; x_wconf 89' lang='lat' dir='ltr'><strong>immanentem</strong></span> <span class='ocrx_word' id='word_1_418' title='bbox 1945 3873 2137 3941; x_wconf 86' lang='lat' dir='ltr'><strong>vocat,</strong></span> 
     </span>
    </p>
   </div>
   <div class='ocr_carea' id='block_1_61' title="bbox 484 3952 2142 4033">
    <p class='ocr_par' dir='ltr' id='par_1_61' title="bbox 484 3952 2142 4033">
     <span class='ocr_line' id='line_1_61' title="bbox 484 3952 2142 4033; baseline -0.004 -12"><span class='ocrx_word' id='word_1_419' title='bbox 484 3957 590 4022; x_wconf 89' lang='lat' dir='ltr'><strong>sed</strong></span> <span class='ocrx_word' id='word_1_420' title='bbox 614 3955 945 4019; x_wconf 88' lang='lat' dir='ltr'><strong>naturalem</strong></span> <span class='ocrx_word' id='word_1_421' title='bbox 980 3971 1149 4015; x_wconf 90' lang='lat' dir='ltr'><strong>suam</strong></span> <span class='ocrx_word' id='word_1_422' title='bbox 1180 3953 1653 4033; x_wconf 88' lang='lat' dir='ltr'><strong>permanentiam</strong></span> <span class='ocrx_word' id='word_1_423' title='bbox 1687 3961 1745 4013; x_wconf 90' lang='lat' dir='ltr'><strong>et</strong></span> <span class='ocrx_word' id='word_1_424' title='bbox 1765 3952 2142 4015; x_wconf 88' lang='lat' dir='ltr'><strong>constitutio-</strong></span> 
     </span>
    </p>
   </div>
   <div class='ocr_carea' id='block_1_62' title="bbox 484 4041 2144 4128">
    <p class='ocr_par' dir='ltr' id='par_1_62' title="bbox 484 4041 2144 4128">
     <span class='ocr_line' id='line_1_62' title="bbox 484 4041 2144 4128; baseline -0.004 -19"><span class='ocrx_word' id='word_1_425' title='bbox 484 4043 941 4128; x_wconf 86' lang='lat' dir='ltr'><strong>nem)suinobis</strong></span> <span class='ocrx_word' id='word_1_426' title='bbox 970 4042 1346 4104; x_wconf 89' lang='lat' dir='ltr'><strong>consortium</strong></span> <span class='ocrx_word' id='word_1_427' title='bbox 1381 4041 1647 4122; x_wconf 88' lang='lat' dir='ltr'><strong>tradidit,</strong></span> <span class='ocrx_word' id='word_1_428' title='bbox 1679 4060 1789 4104; x_wconf 85' lang='lat' dir='ltr'><strong>nec</strong></span> <span class='ocrx_word' id='word_1_429' title='bbox 1811 4056 1929 4103; x_wconf 90' lang='lat' dir='ltr'><strong>non</strong></span> <span class='ocrx_word' id='word_1_430' title='bbox 1963 4042 2144 4103; x_wconf 85' lang='lat' dir='ltr'><strong>virtu-</strong></span> 
     </span>
    </p>
   </div>
   <div class='ocr_carea' id='block_1_63' title="bbox 483 4130 2142 4217">
    <p class='ocr_par' dir='ltr' id='par_1_63' title="bbox 483 4130 2142 4217">
     <span class='ocr_line' id='line_1_63' title="bbox 483 4130 2142 4217; baseline -0.004 -17"><span class='ocrx_word' id='word_1_431' title='bbox 483 4137 562 4201; x_wconf 89' lang='lat' dir='ltr'><strong>tis</strong></span> <span class='ocrx_word' id='word_1_432' title='bbox 614 4133 955 4217; x_wconf 64' lang='lat' dir='ltr'><strong>apostaticw</strong></span> <span class='ocrx_word' id='word_1_433' title='bbox 1014 4132 1297 4194; x_wconf 87' lang='lat' dir='ltr'><strong>adversus</strong></span> <span class='ocrx_word' id='word_1_434' title='bbox 1344 4149 1455 4192; x_wconf 90' lang='lat' dir='ltr'><strong>nos</strong></span> <span class='ocrx_word' id='word_1_435' title='bbox 1511 4130 1830 4211; x_wconf 88' lang='lat' dir='ltr'><strong>imperium</strong></span> <span class='ocrx_word' id='word_1_436' title='bbox 1876 4131 2142 4194; x_wconf 89' lang='lat' dir='ltr'><strong>dissolvit</strong></span> 
     </span>
    </p>
   </div>
   <div class='ocr_carea' id='block_1_64' title="bbox 487 4218 2145 4309">
    <p class='ocr_par' dir='ltr' id='par_1_64' title="bbox 487 4218 2145 4309">
     <span class='ocr_line' id='line_1_64' title="bbox 487 4218 2145 4309; baseline -0.005 -20"><span class='ocrx_word' id='word_1_437' title='bbox 487 4228 685 4309; x_wconf 91' lang='lat' dir='ltr'><strong>(quam</strong></span> <span class='ocrx_word' id='word_1_438' title='bbox 711 4232 769 4286; x_wconf 91' lang='lat' dir='ltr'><strong>et</strong></span> <span class='ocrx_word' id='word_1_439' title='bbox 798 4220 1239 4284; x_wconf 90' lang='lat' dir='ltr'><strong>multitudinem</strong></span> <span class='ocrx_word' id='word_1_440' title='bbox 1261 4239 1365 4282; x_wconf 91' lang='lat' dir='ltr'><strong>seu</strong></span> <span class='ocrx_word' id='word_1_441' title='bbox 1396 4218 1630 4282; x_wconf 88' lang='lat' dir='ltr'><strong>turbam</strong></span> <span class='ocrx_word' id='word_1_442' title='bbox 1657 4232 1849 4301; x_wconf 89' lang='lat' dir='ltr'><strong>vocat,</strong></span> <span class='ocrx_word' id='word_1_443' title='bbox 1879 4240 1998 4283; x_wconf 89' lang='lat' dir='ltr'><strong>non</strong></span> <span class='ocrx_word' id='word_1_444' title='bbox 2020 4239 2145 4282; x_wconf 88' lang='lat' dir='ltr'><strong>om-</strong></span> 
     </span>
    </p>
   </div>
   <div class='ocr_carea' id='block_1_65' title="bbox 484 4309 2142 4396">
    <p class='ocr_par' dir='ltr' id='par_1_65' title="bbox 484 4309 2142 4396">
     <span class='ocr_line' id='line_1_65' title="bbox 484 4309 2142 4396; baseline -0.004 -17"><span class='ocrx_word' id='word_1_445' title='bbox 484 4318 628 4379; x_wconf 87' lang='lat' dir='ltr'><strong>nino</strong></span> <span class='ocrx_word' id='word_1_446' title='bbox 662 4321 907 4396; x_wconf 88' lang='lat' dir='ltr'><strong>propter</strong></span> <span class='ocrx_word' id='word_1_447' title='bbox 954 4327 1297 4385; x_wconf 88' lang='lat' dir='ltr'><strong>numerum,</strong></span> <span class='ocrx_word' id='word_1_448' title='bbox 1329 4311 1434 4372; x_wconf 89' lang='lat' dir='ltr'><strong>sed</strong></span> <span class='ocrx_word' id='word_1_449' title='bbox 1481 4310 1635 4390; x_wconf 91' lang='lat' dir='ltr'><strong>quod</strong></span> <span class='ocrx_word' id='word_1_450' title='bbox 1682 4309 1755 4371; x_wconf 89' lang='lat' dir='ltr'><strong>ab</strong></span> <span class='ocrx_word' id='word_1_451' title='bbox 1787 4310 1887 4372; x_wconf 89' lang='lat' dir='ltr'><strong>illo</strong></span> <span class='ocrx_word' id='word_1_452' title='bbox 1939 4311 2142 4392; x_wconf 90' lang='lat' dir='ltr'><strong>unico,</strong></span> 
     </span>
    </p>
   </div>
   <div class='ocr_carea' id='block_1_66' title="bbox 1068 3144 2184 3207">
    <p class='ocr_par' dir='ltr' id='par_1_66' title="bbox 1068 3144 2184 3207">
     <span class='ocr_line' id='line_1_66' title="bbox 1068 3144 2184 3207; baseline 0.001 -1"><span class='ocrx_word' id='word_1_453' title='bbox 1068 3145 1129 3206; x_wconf 93' lang='lat' dir='ltr'><strong>in</strong></span> <span class='ocrx_word' id='word_1_454' title='bbox 1159 3144 1490 3207; x_wconf 89' lang='lat' dir='ltr'><strong>discrimen</strong></span> <span class='ocrx_word' id='word_1_455' title='bbox 1521 3144 1947 3206; x_wconf 81' lang='lat' dir='ltr'><strong>internecionis</strong></span> <span class='ocrx_word' id='word_1_456' title='bbox 1976 3144 2126 3206; x_wconf 91' lang='lat' dir='ltr'><strong>inci-</strong></span> <span class='ocrx_word' id='word_1_457' title='bbox 2151 3188 2184 3207; x_wconf 61' lang='grc' dir='ltr'>,η</span> 
     </span>
    </p>
   </div>
   <div class='ocr_carea' id='block_1_67' title="bbox 2208 2522 3867 2604">
    <p class='ocr_par' dir='ltr' id='par_1_67' title="bbox 2208 2522 3867 2604">
     <span class='ocr_line' id='line_1_67' title="bbox 2208 2522 3867 2604; baseline 0.002 -25"><span class='ocrx_word' id='word_1_458' title='bbox 2208 2523 2555 2602; x_wconf 83' lang='grc' dir='ltr'>στραμμὲνην</span> <span class='ocrx_word' id='word_1_459' title='bbox 2611 2524 2799 2603; x_wconf 76' lang='grc' dir='ltr'>φησίν,</span> <span class='ocrx_word' id='word_1_460' title='bbox 2869 2522 3143 2581; x_wconf 83' lang='grc' dir='ltr'>Ἐντεῦθεν</span> <span class='ocrx_word' id='word_1_461' title='bbox 3213 2529 3248 2596; x_wconf 75' lang='grc' dir='ltr'>ἦ</span> <span class='ocrx_word' id='word_1_462' title='bbox 3308 2526 3458 2604; x_wconf 78' lang='grc' dir='ltr'>φύσις</span> <span class='ocrx_word' id='word_1_463' title='bbox 3529 2525 3867 2602; x_wconf 64' lang='grc' dir='ltr'><strong>⁸πλανωμένη</strong></span> 
     </span>
    </p>
   </div>
   <div class='ocr_carea' id='block_1_68' title="bbox 2207 2612 3868 2695">
    <p class='ocr_par' dir='ltr' id='par_1_68' title="bbox 2207 2612 3868 2695">
     <span class='ocr_line' id='line_1_68' title="bbox 2207 2612 3868 2695; baseline 0.001 -25"><span class='ocrx_word' id='word_1_464' title='bbox 2207 2619 2305 2680; x_wconf 79' lang='grc' dir='ltr'>τῆς</span> <span class='ocrx_word' id='word_1_465' title='bbox 2363 2614 2491 2689; x_wconf 77' lang='grc' dir='ltr'>πρὸς</span> <span class='ocrx_word' id='word_1_466' title='bbox 2554 2614 2685 2669; x_wconf 84' lang='grc' dir='ltr'>Θεὸν</span> <span class='ocrx_word' id='word_1_467' title='bbox 2745 2613 2943 2677; x_wconf 74' lang='grc' dir='ltr'>εὐθείας</span> <span class='ocrx_word' id='word_1_468' title='bbox 2975 2612 3118 2687; x_wconf 82' lang='grc' dir='ltr'>ὁδου,</span> <span class='ocrx_word' id='word_1_469' title='bbox 3153 2612 3433 2671; x_wconf 70' lang='grc' dir='ltr'>ἐλάνθανεν</span> <span class='ocrx_word' id='word_1_470' title='bbox 3480 2617 3539 2672; x_wconf 84' lang='grc' dir='ltr'>οὒ</span> <span class='ocrx_word' id='word_1_471' title='bbox 3593 2617 3773 2695; x_wconf 84' lang='grc' dir='ltr'>θεοὺς,</span> <span class='ocrx_word' id='word_1_472' title='bbox 3810 2616 3868 2673; x_wconf 74' lang='grc' dir='ltr'><strong>οὗ</strong></span> 
     </span>
    </p>
   </div>
   <div class='ocr_carea' id='block_1_69' title="bbox 2209 2700 3869 2783">
    <p class='ocr_par' dir='ltr' id='par_1_69' title="bbox 2209 2700 3869 2783">
     <span class='ocr_line' id='line_1_69' title="bbox 2209 2700 3869 2783; baseline 0.002 -25"><span class='ocrx_word' id='word_1_473' title='bbox 2209 2702 2414 2782; x_wconf 78' lang='grc' dir='ltr'>φίλους,</span> <span class='ocrx_word' id='word_1_474' title='bbox 2476 2701 2614 2758; x_wconf 82' lang='grc' dir='ltr'>ἀλλὰ</span> <span class='ocrx_word' id='word_1_475' title='bbox 2673 2700 2955 2777; x_wconf 82' lang='grc' dir='ltr'>δυσμενεῖς</span> <span class='ocrx_word' id='word_1_476' title='bbox 3036 2705 3419 2783; x_wconf 77' lang='grc' dir='ltr'>θεραπεύουσα,</span> <span class='ocrx_word' id='word_1_477' title='bbox 3475 2707 3550 2759; x_wconf 80' lang='grc' dir='ltr'><strong>ὧν</strong></span> <span class='ocrx_word' id='word_1_478' title='bbox 3636 2703 3706 2773; x_wconf 79' lang='grc' dir='ltr'>δὴ</span> <span class='ocrx_word' id='word_1_479' title='bbox 3781 2708 3869 2763; x_wconf 84' lang='grc' dir='ltr'><strong>καὶ</strong></span> 
     </span>
    </p>
   </div>
   <div class='ocr_carea' id='block_1_70' title="bbox 2210 2791 3872 2873">
    <p class='ocr_par' dir='ltr' id='par_1_70' title="bbox 2210 2791 3872 2873">
     <span class='ocr_line' id='line_1_70' title="bbox 2210 2791 3872 2873; baseline 0.001 -25"><span class='ocrx_word' id='word_1_480' title='bbox 2210 2791 2436 2872; x_wconf 74' lang='grc' dir='ltr'>ἀφειδῶς</span> <span class='ocrx_word' id='word_1_481' title='bbox 2493 2796 2625 2869; x_wconf 72' lang='grc' dir='ltr'>αὐτῇ</span> <span class='ocrx_word' id='word_1_482' title='bbox 2653 2794 3150 2873; x_wconf 79' lang='grc' dir='ltr'>κατα-κεχρημένων</span> <span class='ocrx_word' id='word_1_483' title='bbox 3201 2795 3338 2851; x_wconf 76' lang='grc' dir='ltr'>κατὰ</span> <span class='ocrx_word' id='word_1_484' title='bbox 3367 2796 3429 2853; x_wconf 82' lang='grc' dir='ltr'><strong>τὸ</strong></span> <span class='ocrx_word' id='word_1_485' title='bbox 3480 2797 3680 2852; x_wconf 80' lang='grc' dir='ltr'>οἰκεῖον</span> <span class='ocrx_word' id='word_1_486' title='bbox 3738 2796 3872 2862; x_wconf 56' lang='lat' dir='ltr'><strong>am-</strong></span> 
     </span>
    </p>
   </div>
   <div class='ocr_carea' id='block_1_71' title="bbox 2209 2882 3873 2961">
    <p class='ocr_par' dir='ltr' id='par_1_71' title="bbox 2209 2882 3873 2961">
     <span class='ocr_line' id='line_1_71' title="bbox 2209 2882 3873 2961; baseline 0.002 -22"><span class='ocrx_word' id='word_1_487' title='bbox 2209 2882 2349 2957; x_wconf 81' lang='grc' dir='ltr'>λεὲς,</span> <span class='ocrx_word' id='word_1_488' title='bbox 2387 2882 2457 2960; x_wconf 84' lang='grc' dir='ltr'>(τί</span> <span class='ocrx_word' id='word_1_489' title='bbox 2491 2883 2591 2961; x_wconf 75' lang='grc' dir='ltr'><strong>γὰρ</strong></span> <span class='ocrx_word' id='word_1_490' title='bbox 2628 2885 2793 2939; x_wconf 83' lang='grc' dir='ltr'>κακὸν</span> <span class='ocrx_word' id='word_1_491' title='bbox 2825 2885 2920 2940; x_wconf 81' lang='grc' dir='ltr'><strong>οὐκ</strong></span> <span class='ocrx_word' id='word_1_492' title='bbox 2968 2883 3219 2951; x_wconf 76' lang='grc' dir='ltr'>ἐποίησεν</span> <span class='ocrx_word' id='word_1_493' title='bbox 3253 2893 3299 2957; x_wconf 75' lang='lat' dir='ltr'><strong>;l</strong></span> <span class='ocrx_word' id='word_1_494' title='bbox 3332 2886 3405 2948; x_wconf 82' lang='grc' dir='ltr'><strong>εἰς</strong></span> <span class='ocrx_word' id='word_1_495' title='bbox 3434 2882 3671 2941; x_wconf 83' lang='grc' dir='ltr'>κίνδυνον</span> <span class='ocrx_word' id='word_1_496' title='bbox 3720 2887 3873 2942; x_wconf 80' lang='grc' dir='ltr'>ἄπω-</span> 
     </span>
    </p>
   </div>
   <div class='ocr_carea' id='block_1_72' title="bbox 2209 2972 3871 3053">
    <p class='ocr_par' dir='ltr' id='par_1_72' title="bbox 2209 2972 3871 3053">
     <span class='ocr_line' id='line_1_72' title="bbox 2209 2972 3871 3053; baseline 0.002 -25"><span class='ocrx_word' id='word_1_497' title='bbox 2209 2972 2353 3035; x_wconf 85' lang='grc' dir='ltr'>λείας</span> <span class='ocrx_word' id='word_1_498' title='bbox 2384 2974 2751 3047; x_wconf 73' lang='grc' dir='ltr'>ἓμτιεπτώκει,</span> <span class='ocrx_word' id='word_1_499' title='bbox 2788 2974 2848 3029; x_wconf 83' lang='grc' dir='ltr'>ὃν</span> <span class='ocrx_word' id='word_1_500' title='bbox 2878 2972 2943 3041; x_wconf 74' lang='grc' dir='ltr'>δὴ</span> <span class='ocrx_word' id='word_1_501' title='bbox 2970 2976 3056 3030; x_wconf 82' lang='grc' dir='ltr'><strong>καὶ</strong></span> <span class='ocrx_word' id='word_1_502' title='bbox 3074 2972 3391 3053; x_wconf 70' lang='grc' dir='ltr'>ἀνύπαρξίαν</span> <span class='ocrx_word' id='word_1_503' title='bbox 3415 2972 3584 3053; x_wconf 82' lang='grc' dir='ltr'>λέγει,</span> <span class='ocrx_word' id='word_1_504' title='bbox 3617 2973 3871 3042; x_wconf 82' lang='grc' dir='ltr'>δηλονότι</span> 
     </span>
    </p>
   </div>
   <div class='ocr_carea' id='block_1_73' title="bbox 2209 3059 3873 3143">
    <p class='ocr_par' dir='ltr' id='par_1_73' title="bbox 2209 3059 3873 3143">
     <span class='ocr_line' id='line_1_73' title="bbox 2209 3059 3873 3143; baseline 0 -25"><span class='ocrx_word' id='word_1_505' title='bbox 2209 3062 2426 3119; x_wconf 77' lang='grc' dir='ltr'>θάνατον</span> <span class='ocrx_word' id='word_1_506' title='bbox 2487 3062 2742 3143; x_wconf 77' lang='grc' dir='ltr'>ψυχικόν·</span> <span class='ocrx_word' id='word_1_507' title='bbox 2821 3059 2880 3121; x_wconf 85' lang='grc' dir='ltr'><strong>Ὀ</strong></span> <span class='ocrx_word' id='word_1_508' title='bbox 2942 3065 3066 3141; x_wconf 70' lang='grc' dir='ltr'><strong>γοῦν</strong></span> <span class='ocrx_word' id='word_1_509' title='bbox 3139 3065 3269 3126; x_wconf 81' lang='grc' dir='ltr'>Θεὸς</span> <span class='ocrx_word' id='word_1_510' title='bbox 3327 3064 3486 3139; x_wconf 76' lang='grc' dir='ltr'>ἡμῶν</span> <span class='ocrx_word' id='word_1_511' title='bbox 3542 3062 3610 3119; x_wconf 85' lang='grc' dir='ltr'><strong>δι’</strong></span> <span class='ocrx_word' id='word_1_512' title='bbox 3668 3068 3873 3122; x_wconf 64' lang='grc' dir='ltr'>οἰκείαν</span> 
     </span>
    </p>
   </div>
   <div class='ocr_carea' id='block_1_74' title="bbox 2210 3150 3873 3231">
    <p class='ocr_par' dir='ltr' id='par_1_74' title="bbox 2210 3150 3873 3231">
     <span class='ocr_line' id='line_1_74' title="bbox 2210 3150 3873 3231; baseline 0.001 -23"><span class='ocrx_word' id='word_1_513' title='bbox 2210 3151 2563 3228; x_wconf 77' lang='grc' dir='ltr'>ἁπειροτάτην</span> <span class='ocrx_word' id='word_1_514' title='bbox 2642 3150 2970 3231; x_wconf 79' lang='grc' dir='ltr'>ἂγαθότητα,</span> <span class='ocrx_word' id='word_1_515' title='bbox 3032 3153 3132 3220; x_wconf 82' lang='grc' dir='ltr'><strong>τὴν</strong></span> <span class='ocrx_word' id='word_1_516' title='bbox 3210 3153 3496 3231; x_wconf 74' lang='grc' dir='ltr'>αὗτουργὸν</span> <span class='ocrx_word' id='word_1_517' title='bbox 3562 3154 3660 3210; x_wconf 77' lang='grc' dir='ltr'><strong>οὒκ</strong></span> <span class='ocrx_word' id='word_1_518' title='bbox 3717 3155 3873 3221; x_wconf 77' lang='grc' dir='ltr'><strong>ἀπη-</strong></span> 
     </span>
    </p>
   </div>
   <div class='ocr_carea' id='block_1_75' title="bbox 2214 3241 3873 3321">
    <p class='ocr_par' dir='ltr' id='par_1_75' title="bbox 2214 3241 3873 3321">
     <span class='ocr_line' id='line_1_75' title="bbox 2214 3241 3873 3321; baseline 0.001 -22"><span class='ocrx_word' id='word_1_519' title='bbox 2214 3241 2407 3311; x_wconf 79' lang='grc' dir='ltr'>νήνατο</span> <span class='ocrx_word' id='word_1_520' title='bbox 2465 3244 2741 3321; x_wconf 79' lang='grc' dir='ltr'>πρόνοιαν·</span> <span class='ocrx_word' id='word_1_521' title='bbox 2794 3241 2875 3299; x_wconf 75' lang='grc' dir='ltr'><strong>ὅτι</strong></span> <span class='ocrx_word' id='word_1_522' title='bbox 2919 3242 3124 3311; x_wconf 64' lang='grc' dir='ltr'>δηλαδὴ</span> <span class='ocrx_word' id='word_1_523' title='bbox 3185 3245 3339 3309; x_wconf 73' lang='grc' dir='ltr'>αὒτὸς</span> <span class='ocrx_word' id='word_1_524' title='bbox 3395 3244 3460 3311; x_wconf 77' lang='grc' dir='ltr'>ἦν</span> <span class='ocrx_word' id='word_1_525' title='bbox 3519 3246 3547 3300; x_wconf 78' lang='grc' dir='ltr'>ὁ</span> <span class='ocrx_word' id='word_1_526' title='bbox 3589 3248 3683 3301; x_wconf 67' lang='grc' dir='ltr'><strong>τοῦ</strong></span> <span class='ocrx_word' id='word_1_527' title='bbox 3738 3253 3873 3303; x_wconf 78' lang='grc' dir='ltr'>Θεοῦ</span> 
     </span>
    </p>
   </div>
   <div class='ocr_carea' id='block_1_76' title="bbox 2216 3334 3874 3418">
    <p class='ocr_par' dir='ltr' id='par_1_76' title="bbox 2216 3334 3874 3418">
     <span class='ocr_line' id='line_1_76' title="bbox 2216 3334 3874 3418; baseline 0.001 -26"><span class='ocrx_word' id='word_1_528' title='bbox 2216 3337 2412 3414; x_wconf 81' lang='grc' dir='ltr'>Δὸγος,</span> <span class='ocrx_word' id='word_1_529' title='bbox 2446 3337 2474 3390; x_wconf 84' lang='grc' dir='ltr'>ὁ</span> <span class='ocrx_word' id='word_1_530' title='bbox 2522 3335 2908 3414; x_wconf 72' lang='grc' dir='ltr'>ἀναμαρτήτως</span> <span class='ocrx_word' id='word_1_531' title='bbox 2956 3334 3338 3411; x_wconf 76' lang='grc' dir='ltr'>ἀναδεξάμενος</span> <span class='ocrx_word' id='word_1_532' title='bbox 3388 3338 3455 3395; x_wconf 81' lang='grc' dir='ltr'>τὰ</span> <span class='ocrx_word' id='word_1_533' title='bbox 3516 3338 3782 3418; x_wconf 77' lang='grc' dir='ltr'>ἡμέτερα,</span> <span class='ocrx_word' id='word_1_534' title='bbox 3817 3340 3874 3404; x_wconf 80' lang='grc' dir='ltr'>ὃς</span> 
     </span>
    </p>
   </div>
   <div class='ocr_carea' id='block_1_77' title="bbox 2216 3423 3873 3506">
    <p class='ocr_par' dir='ltr' id='par_1_77' title="bbox 2216 3423 3873 3506">
     <span class='ocr_line' id='line_1_77' title="bbox 2216 3423 3873 3506; baseline 0.002 -25"><span class='ocrx_word' id='word_1_535' title='bbox 2216 3424 2281 3491; x_wconf 75' lang='grc' dir='ltr'>δῆ</span> <span class='ocrx_word' id='word_1_536' title='bbox 2304 3425 2392 3481; x_wconf 80' lang='grc' dir='ltr'><strong>καὶ</strong></span> <span class='ocrx_word' id='word_1_537' title='bbox 2446 3425 2626 3498; x_wconf 86' lang='grc' dir='ltr'>μείνας</span> <span class='ocrx_word' id='word_1_538' title='bbox 2660 3423 2941 3492; x_wconf 79' lang='grc' dir='ltr'>ἀλωὸητος</span> <span class='ocrx_word' id='word_1_539' title='bbox 2969 3426 3146 3493; x_wconf 83' lang='grc' dir='ltr'>πάντη</span> <span class='ocrx_word' id='word_1_540' title='bbox 3177 3424 3306 3506; x_wconf 81' lang='grc' dir='ltr'>ὅπερ</span> <span class='ocrx_word' id='word_1_541' title='bbox 3339 3426 3515 3502; x_wconf 81' lang='grc' dir='ltr'>ἧν,μὴ</span> <span class='ocrx_word' id='word_1_542' title='bbox 3547 3427 3741 3494; x_wconf 76' lang='grc' dir='ltr'>ἐκστὰς</span> <span class='ocrx_word' id='word_1_543' title='bbox 3772 3428 3873 3496; x_wconf 71' lang='grc' dir='ltr'><strong>τῆς</strong></span> 
     </span>
    </p>
   </div>
   <div class='ocr_carea' id='block_1_78' title="bbox 2216 3510 3876 3592">
    <p class='ocr_par' dir='ltr' id='par_1_78' title="bbox 2216 3510 3876 3592">
     <span class='ocr_line' id='line_1_78' title="bbox 2216 3510 3876 3592; baseline 0.001 -23"><span class='ocrx_word' id='word_1_544' title='bbox 2216 3511 2347 3575; x_wconf 80' lang='grc' dir='ltr'>ἰδίας</span> <span class='ocrx_word' id='word_1_545' title='bbox 2390 3510 2574 3591; x_wconf 77' lang='grc' dir='ltr'>ἕξεως,</span> <span class='ocrx_word' id='word_1_546' title='bbox 2608 3511 2741 3591; x_wconf 74' lang='grc' dir='ltr'>(ἕξιν</span> <span class='ocrx_word' id='word_1_547' title='bbox 2769 3511 2825 3569; x_wconf 78' lang='grc' dir='ltr'>δὲ</span> <span class='ocrx_word' id='word_1_548' title='bbox 2873 3512 3018 3592; x_wconf 82' lang='grc' dir='ltr'>λέγει</span> <span class='ocrx_word' id='word_1_549' title='bbox 3070 3514 3287 3571; x_wconf 77' lang='grc' dir='ltr'>ἐνταῦθα</span> <span class='ocrx_word' id='word_1_550' title='bbox 3336 3515 3397 3570; x_wconf 79' lang='grc' dir='ltr'><strong>ού</strong></span> <span class='ocrx_word' id='word_1_551' title='bbox 3439 3515 3705 3582; x_wconf 80' lang='grc' dir='ltr'>ποιότητά</span> <span class='ocrx_word' id='word_1_552' title='bbox 3757 3538 3876 3573; x_wconf 86' lang='grc' dir='ltr'>τινα</span> 
     </span>
    </p>
   </div>
   <div class='ocr_carea' id='block_1_79' title="bbox 2216 3599 3875 3683">
    <p class='ocr_par' dir='ltr' id='par_1_79' title="bbox 2216 3599 3875 3683">
     <span class='ocr_line' id='line_1_79' title="bbox 2216 3599 3875 3683; baseline 0.003 -26"><span class='ocrx_word' id='word_1_553' title='bbox 2216 3600 2469 3677; x_wconf 73' lang='grc' dir='ltr'>ἔμμονον,</span> <span class='ocrx_word' id='word_1_554' title='bbox 2505 3599 2641 3660; x_wconf 79' lang='grc' dir='ltr'>ἀλλὰ</span> <span class='ocrx_word' id='word_1_555' title='bbox 2674 3601 2798 3670; x_wconf 68' lang='grc' dir='ltr'>’τήν</span> <span class='ocrx_word' id='word_1_556' title='bbox 2829 3602 3054 3683; x_wconf 74' lang='grc' dir='ltr'>φυσικὴν</span> <span class='ocrx_word' id='word_1_557' title='bbox 3116 3603 3280 3669; x_wconf 70' lang='grc' dir='ltr'>αὐτὴν</span> <span class='ocrx_word' id='word_1_558' title='bbox 3329 3600 3592 3679; x_wconf 78' lang='grc' dir='ltr'>διαμονὴν</span> <span class='ocrx_word' id='word_1_559' title='bbox 3620 3605 3712 3662; x_wconf 80' lang='grc' dir='ltr'><strong>καὶ</strong></span> <span class='ocrx_word' id='word_1_560' title='bbox 3768 3629 3875 3662; x_wconf 86' lang='grc' dir='ltr'>κα-</span> 
     </span>
    </p>
   </div>
   <div class='ocr_carea' id='block_1_80' title="bbox 2219 3690 3872 3774">
    <p class='ocr_par' dir='ltr' id='par_1_80' title="bbox 2219 3690 3872 3774">
     <span class='ocr_line' id='line_1_80' title="bbox 2219 3690 3872 3774; baseline 0.002 -27"><span class='ocrx_word' id='word_1_561' title='bbox 2219 3690 2528 3771; x_wconf 61' lang='grc' dir='ltr'>τάσχεσιν)</span> <span class='ocrx_word' id='word_1_562' title='bbox 2561 3692 2657 3759; x_wconf 74' lang='grc' dir='ltr'><strong>τὴν</strong></span> <span class='ocrx_word' id='word_1_563' title='bbox 2701 3693 2832 3771; x_wconf 81' lang='grc' dir='ltr'>πρὸς</span> <span class='ocrx_word' id='word_1_564' title='bbox 2891 3693 3053 3760; x_wconf 78' lang='grc' dir='ltr'>αὗτὴν</span> <span class='ocrx_word' id='word_1_565' title='bbox 3087 3692 3230 3768; x_wconf 74' lang='grc' dir='ltr'>ἡμῖν</span> <span class='ocrx_word' id='word_1_566' title='bbox 3260 3694 3509 3750; x_wconf 82' lang='grc' dir='ltr'>κοινωνία</span> <span class='ocrx_word' id='word_1_567' title='bbox 3537 3692 3872 3774; x_wconf 75' lang='grc' dir='ltr'>ἐδωρήσατο,</span> 
     </span>
    </p>
   </div>
   <div class='ocr_carea' id='block_1_81' title="bbox 2223 3780 3876 3860">
    <p class='ocr_par' dir='ltr' id='par_1_81' title="bbox 2223 3780 3876 3860">
     <span class='ocr_line' id='line_1_81' title="bbox 2223 3780 3876 3860; baseline 0.003 -22"><span class='ocrx_word' id='word_1_568' title='bbox 2223 3782 2311 3838; x_wconf 87' lang='grc' dir='ltr'><strong>καὶ</strong></span> <span class='ocrx_word' id='word_1_569' title='bbox 2352 3780 2608 3838; x_wconf 81' lang='grc' dir='ltr'>κατέλυσε</span> <span class='ocrx_word' id='word_1_570' title='bbox 2671 3783 2732 3837; x_wconf 79' lang='grc' dir='ltr'><strong>τὸ</strong></span> <span class='ocrx_word' id='word_1_571' title='bbox 2779 3781 2897 3839; x_wconf 83' lang='grc' dir='ltr'>καθ’</span> <span class='ocrx_word' id='word_1_572' title='bbox 2929 3784 3087 3858; x_wconf 79' lang='grc' dir='ltr'>ἡμῶν</span> <span class='ocrx_word' id='word_1_573' title='bbox 3130 3782 3321 3860; x_wconf 66' lang='grc' dir='ltr'>κράτος</span> <span class='ocrx_word' id='word_1_574' title='bbox 3351 3787 3454 3851; x_wconf 79' lang='grc' dir='ltr'>τῆς</span> <span class='ocrx_word' id='word_1_575' title='bbox 3509 3784 3876 3853; x_wconf 64' lang='grc' dir='ltr'>ἀποστατικῖκ</span> 
     </span>
    </p>
   </div>
   <div class='ocr_carea' id='block_1_82' title="bbox 2225 3869 3878 3954">
    <p class='ocr_par' dir='ltr' id='par_1_82' title="bbox 2225 3869 3878 3954">
     <span class='ocr_line' id='line_1_82' title="bbox 2225 3869 3878 3954; baseline 0.002 -28"><span class='ocrx_word' id='word_1_576' title='bbox 2225 3869 2493 3945; x_wconf 58' lang='grc' dir='ltr'>δυνάμεως</span> <span class='ocrx_word' id='word_1_577' title='bbox 2547 3871 2644 3950; x_wconf 76' lang='grc' dir='ltr'><strong>(ἣν</strong></span> <span class='ocrx_word' id='word_1_578' title='bbox 2701 3873 2788 3929; x_wconf 84' lang='grc' dir='ltr'><strong>καὶ</strong></span> <span class='ocrx_word' id='word_1_579' title='bbox 2845 3871 3053 3940; x_wconf 80' lang='grc' dir='ltr'>πληθὺν</span> <span class='ocrx_word' id='word_1_580' title='bbox 3110 3871 3284 3951; x_wconf 80' lang='grc' dir='ltr'>λέγει,</span> <span class='ocrx_word' id='word_1_581' title='bbox 3342 3876 3404 3932; x_wconf 77' lang='grc' dir='ltr'>οὒ</span> <span class='ocrx_word' id='word_1_582' title='bbox 3473 3872 3593 3930; x_wconf 83' lang='grc' dir='ltr'>κατ’</span> <span class='ocrx_word' id='word_1_583' title='bbox 3656 3874 3878 3954; x_wconf 64' lang='grc' dir='ltr'>ἀριθμὸν</span> 
     </span>
    </p>
   </div>
   <div class='ocr_carea' id='block_1_83' title="bbox 2224 3959 3880 4042">
    <p class='ocr_par' dir='ltr' id='par_1_83' title="bbox 2224 3959 3880 4042">
     <span class='ocr_line' id='line_1_83' title="bbox 2224 3959 3880 4042; baseline 0.002 -25"><span class='ocrx_word' id='word_1_584' title='bbox 2224 3960 2463 4039; x_wconf 83' lang='grc' dir='ltr'>πάντως,</span> <span class='ocrx_word' id='word_1_585' title='bbox 2536 3959 2675 4018; x_wconf 76' lang='grc' dir='ltr'>ἀλλὰ</span> <span class='ocrx_word' id='word_1_586' title='bbox 2726 3959 2811 4018; x_wconf 82' lang='grc' dir='ltr'><strong>διὰ</strong></span> <span class='ocrx_word' id='word_1_587' title='bbox 2883 3965 2943 4018; x_wconf 73' lang='grc' dir='ltr'>τὸ</span> <span class='ocrx_word' id='word_1_588' title='bbox 3024 3962 3329 4030; x_wconf 79' lang='grc' dir='ltr'>ἀποστῆναι</span> <span class='ocrx_word' id='word_1_589' title='bbox 3399 3962 3732 4042; x_wconf 77' lang='grc' dir='ltr'>ποῤῥωτάτω</span> <span class='ocrx_word' id='word_1_590' title='bbox 3788 3972 3880 4022; x_wconf 77' lang='grc' dir='ltr'>τοῦ</span> 
     </span>
    </p>
   </div>
   <div class='ocr_carea' id='block_1_84' title="bbox 2224 4051 3876 4134">
    <p class='ocr_par' dir='ltr' id='par_1_84' title="bbox 2224 4051 3876 4134">
     <span class='ocr_line' id='line_1_84' title="bbox 2224 4051 3876 4134; baseline 0.003 -28"><span class='ocrx_word' id='word_1_591' title='bbox 2224 4051 2420 4109; x_wconf 80' lang='grc' dir='ltr'>ἑνιαὶου</span> <span class='ocrx_word' id='word_1_592' title='bbox 2459 4051 2547 4107; x_wconf 75' lang='grc' dir='ltr'><strong>καὶ</strong></span> <span class='ocrx_word' id='word_1_593' title='bbox 2575 4052 2705 4129; x_wconf 70' lang='grc' dir='ltr'><strong>ὑπὲρ</strong></span> <span class='ocrx_word' id='word_1_594' title='bbox 2730 4052 2791 4107; x_wconf 77' lang='grc' dir='ltr'>τὸ</span> <span class='ocrx_word' id='word_1_595' title='bbox 2830 4051 2887 4109; x_wconf 88' lang='grc' dir='ltr'>ἓν</span> <span class='ocrx_word' id='word_1_596' title='bbox 2946 4056 3124 4133; x_wconf 81' lang='grc' dir='ltr'>Θεοῦ),</span> <span class='ocrx_word' id='word_1_597' title='bbox 3157 4051 3251 4109; x_wconf 74' lang='grc' dir='ltr'>οὒκ</span> <span class='ocrx_word' id='word_1_598' title='bbox 3294 4051 3348 4108; x_wconf 69' lang='grc' dir='ltr'>ἐν</span> <span class='ocrx_word' id='word_1_599' title='bbox 3383 4054 3543 4134; x_wconf 82' lang='grc' dir='ltr'>ἰσχύῖ</span> <span class='ocrx_word' id='word_1_600' title='bbox 3596 4054 3876 4128; x_wconf 82' lang='grc' dir='ltr'>θεότητος,</span> 
     </span>
    </p>
   </div>
   <div class='ocr_carea' id='block_1_85' title="bbox 2224 4137 3880 4221">
    <p class='ocr_par' dir='ltr' id='par_1_85' title="bbox 2224 4137 3880 4221">
     <span class='ocr_line' id='line_1_85' title="bbox 2224 4137 3880 4221; baseline 0.003 -26"><span class='ocrx_word' id='word_1_601' title='bbox 2224 4137 2344 4195; x_wconf 84' lang='grc' dir='ltr'>ἀλλ’</span> <span class='ocrx_word' id='word_1_602' title='bbox 2397 4138 2451 4195; x_wconf 78' lang='grc' dir='ltr'>ἐν</span> <span class='ocrx_word' id='word_1_603' title='bbox 2483 4140 2648 4213; x_wconf 77' lang='grc' dir='ltr'>κρίσει</span> <span class='ocrx_word' id='word_1_604' title='bbox 2700 4142 2788 4197; x_wconf 79' lang='grc' dir='ltr'><strong>καὶ</strong></span> <span class='ocrx_word' id='word_1_605' title='bbox 2847 4139 3175 4218; x_wconf 78' lang='grc' dir='ltr'>δικαιοσύνῃ.</span> <span class='ocrx_word' id='word_1_606' title='bbox 3214 4138 3370 4198; x_wconf 83' lang='grc' dir='ltr'><strong>Ἐπεῖ</strong></span> <span class='ocrx_word' id='word_1_607' title='bbox 3424 4144 3525 4221; x_wconf 79' lang='grc' dir='ltr'><strong>γὰρ</strong></span> <span class='ocrx_word' id='word_1_608' title='bbox 3582 4141 3653 4199; x_wconf 85' lang='grc' dir='ltr'>δι’</span> <span class='ocrx_word' id='word_1_609' title='bbox 3710 4145 3880 4220; x_wconf 77' lang='grc' dir='ltr'>ἁμαρο</span> 
     </span>
    </p>
   </div>
   <div class='ocr_carea' id='block_1_86' title="bbox 2224 4227 3880 4311">
    <p class='ocr_par' dir='ltr' id='par_1_86' title="bbox 2224 4227 3880 4311">
     <span class='ocr_line' id='line_1_86' title="bbox 2224 4227 3880 4311; baseline 0.001 -25"><span class='ocrx_word' id='word_1_610' title='bbox 2224 4231 2339 4286; x_wconf 88' lang='grc' dir='ltr'>τίαν</span> <span class='ocrx_word' id='word_1_611' title='bbox 2397 4227 2766 4308; x_wconf 86' lang='grc' dir='ltr'>παρεδόθημεν</span> <span class='ocrx_word' id='word_1_612' title='bbox 2821 4237 2899 4306; x_wconf 81' lang='grc' dir='ltr'>τῷ</span> <span class='ocrx_word' id='word_1_613' title='bbox 2955 4230 3191 4306; x_wconf 65' lang='grc' dir='ltr'>θανάτῳ,</span> <span class='ocrx_word' id='word_1_614' title='bbox 3239 4231 3421 4311; x_wconf 80' lang='grc' dir='ltr'>εὑρέθη</span> <span class='ocrx_word' id='word_1_615' title='bbox 3477 4232 3634 4296; x_wconf 71' lang='grc' dir='ltr'>αὐτὸς</span> <span class='ocrx_word' id='word_1_616' title='bbox 3695 4236 3724 4289; x_wconf 81' lang='grc' dir='ltr'><strong>ὁ</strong></span> <span class='ocrx_word' id='word_1_617' title='bbox 3772 4244 3880 4292; x_wconf 76' lang='grc' dir='ltr'><strong>Κυ-</strong></span> 
     </span>
    </p>
   </div>
   <div class='ocr_carea' id='block_1_87' title="bbox 2227 4319 3881 4400">
    <p class='ocr_par' dir='ltr' id='par_1_87' title="bbox 2227 4319 3881 4400">
     <span class='ocr_line' id='line_1_87' title="bbox 2227 4319 3881 4400; baseline 0.003 -26"><span class='ocrx_word' id='word_1_618' title='bbox 2227 4337 2334 4398; x_wconf 85' lang='grc' dir='ltr'>ριος</span> <span class='ocrx_word' id='word_1_619' title='bbox 2388 4319 2786 4398; x_wconf 73' lang='grc' dir='ltr'>ἂναμάρτητος,</span> <span class='ocrx_word' id='word_1_620' title='bbox 2819 4322 2906 4393; x_wconf 72' lang='grc' dir='ltr'><strong>καὶ</strong></span> <span class='ocrx_word' id='word_1_621' title='bbox 2935 4326 3029 4376; x_wconf 79' lang='grc' dir='ltr'>τοῦ</span> <span class='ocrx_word' id='word_1_622' title='bbox 3072 4321 3297 4377; x_wconf 67' lang='grc' dir='ltr'>θανάτου</span> <span class='ocrx_word' id='word_1_623' title='bbox 3343 4319 3558 4387; x_wconf 82' lang='grc' dir='ltr'>δικαίως</span> <span class='ocrx_word' id='word_1_624' title='bbox 3616 4322 3881 4400; x_wconf 81' lang='grc' dir='ltr'>ἆνώτερος</span> 
     </span>
    </p>
   </div>
   <div class='ocr_carea' id='block_1_88' title="bbox 487 4401 2136 4489">
    <p class='ocr_par' dir='ltr' id='par_1_88' title="bbox 487 4401 2136 4489">
     <span class='ocr_line' id='line_1_88' title="bbox 487 4401 2136 4489; baseline -0.003 -21"><span class='ocrx_word' id='word_1_625' title='bbox 487 4406 709 4489; x_wconf 90' lang='lat' dir='ltr'><strong>quippe</strong></span> <span class='ocrx_word' id='word_1_626' title='bbox 730 4421 910 4485; x_wconf 88' lang='lat' dir='ltr'><strong>supra</strong></span> <span class='ocrx_word' id='word_1_627' title='bbox 939 4420 1121 4464; x_wconf 92' lang='lat' dir='ltr'><strong>unum</strong></span> <span class='ocrx_word' id='word_1_628' title='bbox 1144 4410 1233 4461; x_wconf 90' lang='lat' dir='ltr'><strong>est</strong></span> <span class='ocrx_word' id='word_1_629' title='bbox 1257 4401 1585 4481; x_wconf 89' lang='lat' dir='ltr'><strong>Deo,quam</strong></span> <span class='ocrx_word' id='word_1_630' title='bbox 1613 4401 2019 4464; x_wconf 80' lang='lat' dir='ltr'><strong>remotissima</strong></span> <span class='ocrx_word' id='word_1_631' title='bbox 2048 4402 2136 4463; x_wconf 91' lang='lat' dir='ltr'><strong>de-</strong></span> 
     </span>
    </p>
   </div>
   <div class='ocr_carea' id='block_1_89' title="bbox 2223 4401 3881 4489">
    <p class='ocr_par' dir='ltr' id='par_1_89' title="bbox 2227 4406 3881 4487">
     <span class='ocr_line' id='line_1_89' title="bbox 2227 4406 3881 4487; baseline 0.003 -25"><span class='ocrx_word' id='word_1_632' title='bbox 2227 4406 2435 4485; x_wconf 84' lang='grc' dir='ltr'>γέγονε,</span> <span class='ocrx_word' id='word_1_633' title='bbox 2496 4408 2601 4465; x_wconf 79' lang='grc' dir='ltr'>Καΐ</span> <span class='ocrx_word' id='word_1_634' title='bbox 2646 4408 2824 4487; x_wconf 81' lang='grc' dir='ltr'>ὥσπερ</span> <span class='ocrx_word' id='word_1_635' title='bbox 2874 4407 2925 4473; x_wconf 79' lang='grc' dir='ltr'><strong>ἐξ</strong></span> <span class='ocrx_word' id='word_1_636' title='bbox 2956 4407 3073 4472; x_wconf 74' lang='grc' dir='ltr'>ἐνὸς</span> <span class='ocrx_word' id='word_1_637' title='bbox 3118 4418 3211 4468; x_wconf 73' lang='grc' dir='ltr'>τοῦ</span> <span class='ocrx_word' id='word_1_638' title='bbox 3254 4410 3465 4481; x_wconf 83' lang='grc' dir='ltr'>πρώτου</span> <span class='ocrx_word' id='word_1_639' title='bbox 3493 4409 3671 4487; x_wconf 77' lang='grc' dir='ltr'>’Λδὰμ</span> <span class='ocrx_word' id='word_1_640' title='bbox 3728 4411 3881 4478; x_wconf 70' lang='grc' dir='ltr'>ἦλθεν</span> 
     </span>
    </p>
   </div>
   <div class='ocr_carea' id='block_1_90' title="bbox 485 4486 2136 4576">
    <p class='ocr_par' dir='ltr' id='par_1_90' title="bbox 485 4486 2136 4573">
     <span class='ocr_line' id='line_1_90' title="bbox 485 4486 2136 4573; baseline -0.007 -10"><span class='ocrx_word' id='word_1_641' title='bbox 485 4486 848 4573; x_wconf 65' lang='lat' dir='ltr'><strong>fecerit)non</strong></span> <span class='ocrx_word' id='word_1_642' title='bbox 877 4493 939 4554; x_wconf 95' lang='lat' dir='ltr'><strong>in</strong></span> <span class='ocrx_word' id='word_1_643' title='bbox 961 4496 1226 4572; x_wconf 89' lang='lat' dir='ltr'><strong>potentia</strong></span> <span class='ocrx_word' id='word_1_644' title='bbox 1257 4491 1719 4565; x_wconf 87' lang='lat' dir='ltr'><strong>divinitatis,sed</strong></span> <span class='ocrx_word' id='word_1_645' title='bbox 1755 4491 1815 4552; x_wconf 91' lang='lat' dir='ltr'><strong>in</strong></span> <span class='ocrx_word' id='word_1_646' title='bbox 1833 4491 2064 4572; x_wconf 90' lang='lat' dir='ltr'><strong>judicio</strong></span> <span class='ocrx_word' id='word_1_647' title='bbox 2090 4499 2136 4553; x_wconf 86' lang='lat' dir='ltr'><strong>et</strong></span> 
     </span>
    </p>
   </div>
   <div class='ocr_carea' id='block_1_91' title="bbox 2223 4486 3885 4576">
    <p class='ocr_par' dir='ltr' id='par_1_91' title="bbox 2230 4486 3885 4576">
     <span class='ocr_line' id='line_1_91' title="bbox 2230 4486 3885 4576; baseline 0.002 -23"><span class='ocrx_word' id='word_1_648' title='bbox 2230 4496 2315 4553; x_wconf 73' lang='grc' dir='ltr'>ἐπὶ</span> <span class='ocrx_word' id='word_1_649' title='bbox 2366 4496 2570 4561; x_wconf 84' lang='grc' dir='ltr'>πάντας</span> <span class='ocrx_word' id='word_1_650' title='bbox 2614 4499 2679 4553; x_wconf 80' lang='grc' dir='ltr'>τὸ</span> <span class='ocrx_word' id='word_1_651' title='bbox 2735 4486 3017 4576; x_wconf 79' lang='grc' dir='ltr'>βλαϐερὸν,</span> <span class='ocrx_word' id='word_1_652' title='bbox 3080 4496 3247 4562; x_wconf 65' lang='grc' dir='ltr'>οὕτως</span> <span class='ocrx_word' id='word_1_653' title='bbox 3304 4497 3358 4565; x_wconf 75' lang='grc' dir='ltr'>ἐξ</span> <span class='ocrx_word' id='word_1_654' title='bbox 3414 4499 3530 4561; x_wconf 77' lang='grc' dir='ltr'>ἑνὸς</span> <span class='ocrx_word' id='word_1_655' title='bbox 3589 4486 3757 4557; x_wconf 66' lang='grc' dir='ltr'>πάλιν</span> <span class='ocrx_word' id='word_1_656' title='bbox 3796 4504 3885 4557; x_wconf 71' lang='grc' dir='ltr'>τοῦ</span> 
     </span>
    </p>
   </div>
   <div class='ocr_carea' id='block_1_92' title="bbox 484 4580 2149 4665">
    <p class='ocr_par' dir='ltr' id='par_1_92' title="bbox 484 4580 2149 4665">
     <span class='ocr_line' id='line_1_92' title="bbox 484 4580 2149 4665; baseline -0.003 -17"><span class='ocrx_word' id='word_1_657' title='bbox 484 4585 737 4665; x_wconf 89' lang='lat' dir='ltr'><strong>justitia.</strong></span> <span class='ocrx_word' id='word_1_658' title='bbox 771 4582 915 4646; x_wconf 88' lang='lat' dir='ltr'><strong>Cum</strong></span> <span class='ocrx_word' id='word_1_659' title='bbox 947 4582 1110 4643; x_wconf 88' lang='lat' dir='ltr'><strong>enim</strong></span> <span class='ocrx_word' id='word_1_660' title='bbox 1139 4589 1380 4661; x_wconf 82' lang='lat' dir='ltr'><strong>propter</strong></span> <span class='ocrx_word' id='word_1_661' title='bbox 1402 4599 1584 4662; x_wconf 89' lang='lat' dir='ltr'><strong>pecca</strong></span> <span class='ocrx_word' id='word_1_662' title='bbox 1596 4590 1719 4644; x_wconf 92' lang='lat' dir='ltr'><strong>tum</strong></span> <span class='ocrx_word' id='word_1_663' title='bbox 1746 4581 1924 4643; x_wconf 91' lang='lat' dir='ltr'><strong>morti</strong></span> <span class='ocrx_word' id='word_1_664' title='bbox 1951 4580 2149 4644; x_wconf 86' lang='lat' dir='ltr'><strong>traditi</strong></span> 
     </span>
    </p>
   </div>
   <div class='ocr_carea' id='block_1_93' title="bbox 491 4670 2146 4753">
    <p class='ocr_par' dir='ltr' id='par_1_93' title="bbox 491 4670 2146 4753">
     <span class='ocr_line' id='line_1_93' title="bbox 491 4670 2146 4753; baseline -0.003 -15"><span class='ocrx_word' id='word_1_665' title='bbox 491 4692 783 4753; x_wconf 86' lang='lat' dir='ltr'><strong>essemus,</strong></span> <span class='ocrx_word' id='word_1_666' title='bbox 808 4672 1084 4733; x_wconf 64' lang='lat' dir='ltr'><strong>invisntus</strong></span> <span class='ocrx_word' id='word_1_667' title='bbox 1106 4681 1196 4734; x_wconf 88' lang='lat' dir='ltr'><strong>est</strong></span> <span class='ocrx_word' id='word_1_668' title='bbox 1219 4672 1350 4753; x_wconf 90' lang='lat' dir='ltr'><strong>ipse</strong></span> <span class='ocrx_word' id='word_1_669' title='bbox 1386 4672 1677 4735; x_wconf 90' lang='lat' dir='ltr'><strong>Dominus</strong></span> <span class='ocrx_word' id='word_1_670' title='bbox 1710 4670 2146 4753; x_wconf 87' lang='lat' dir='ltr'><strong>impeccabilis,</strong></span> 
     </span>
    </p>
   </div>
   <div class='ocr_carea' id='block_1_94' title="bbox 492 4759 2151 4845">
    <p class='ocr_par' dir='ltr' id='par_1_94' title="bbox 492 4759 2151 4845">
     <span class='ocr_line' id='line_1_94' title="bbox 492 4759 2151 4845; baseline 0.001 -20"><span class='ocrx_word' id='word_1_671' title='bbox 492 4771 671 4845; x_wconf 85' lang='lat' dir='ltr'><strong>atque</strong></span> <span class='ocrx_word' id='word_1_672' title='bbox 694 4762 830 4842; x_wconf 89' lang='lat' dir='ltr'><strong>jure</strong></span> <span class='ocrx_word' id='word_1_673' title='bbox 865 4761 1074 4822; x_wconf 89' lang='lat' dir='ltr'><strong>merito</strong></span> <span class='ocrx_word' id='word_1_674' title='bbox 1107 4772 1302 4824; x_wconf 82' lang='lat' dir='ltr'><strong>morie</strong></span> <span class='ocrx_word' id='word_1_675' title='bbox 1344 4760 1621 4841; x_wconf 89' lang='lat' dir='ltr'><strong>superior</strong></span> <span class='ocrx_word' id='word_1_676' title='bbox 1649 4764 1851 4825; x_wconf 84' lang='lat' dir='ltr'><strong>evasit.</strong></span> <span class='ocrx_word' id='word_1_677' title='bbox 1896 4759 1969 4823; x_wconf 88' lang='lat' dir='ltr'><strong>Et</strong></span> <span class='ocrx_word' id='word_1_678' title='bbox 1997 4762 2151 4826; x_wconf 90' lang='lat' dir='ltr'><strong>sicut</strong></span> 
     </span>
    </p>
   </div>
   <div class='ocr_carea' id='block_1_95' title="bbox 494 4849 2152 4934">
    <p class='ocr_par' dir='ltr' id='par_1_95' title="bbox 494 4849 2152 4934">
     <span class='ocr_line' id='line_1_95' title="bbox 494 4849 2152 4934; baseline -0.002 -17"><span class='ocrx_word' id='word_1_679' title='bbox 494 4851 568 4917; x_wconf 88' lang='lat' dir='ltr'><strong>ab</strong></span> <span class='ocrx_word' id='word_1_680' title='bbox 592 4870 709 4913; x_wconf 93' lang='lat' dir='ltr'><strong>uno</strong></span> <span class='ocrx_word' id='word_1_681' title='bbox 731 4850 922 4934; x_wconf 85' lang='lat' dir='ltr'><strong>primo</strong></span> <span class='ocrx_word' id='word_1_682' title='bbox 937 4849 1168 4913; x_wconf 87' lang='lat' dir='ltr'><strong>Adamo</strong></span> <span class='ocrx_word' id='word_1_683' title='bbox 1186 4849 1258 4911; x_wconf 86' lang='lat' dir='ltr'><strong>nd</strong></span> <span class='ocrx_word' id='word_1_684' title='bbox 1274 4866 1484 4914; x_wconf 90' lang='lat' dir='ltr'><strong>omnes</strong></span> <span class='ocrx_word' id='word_1_685' title='bbox 1502 4869 1659 4913; x_wconf 83' lang='lat' dir='ltr'><strong>noxa</strong></span> <span class='ocrx_word' id='word_1_686' title='bbox 1686 4850 2152 4921; x_wconf 90' lang='lat' dir='ltr'><strong>venit,similiter</strong></span> 
     </span>
    </p>
   </div>
   <div class='ocr_carea' id='block_1_96' title="bbox 493 4938 2150 5014">
    <p class='ocr_par' dir='ltr' id='par_1_96' title="bbox 493 4938 2150 5014">
     <span class='ocr_line' id='line_1_96' title="bbox 493 4938 2150 5014; baseline -0.001 -14"><span class='ocrx_word' id='word_1_687' title='bbox 493 4957 565 5001; x_wconf 80' lang='lat' dir='ltr'><strong>ex</strong></span> <span class='ocrx_word' id='word_1_688' title='bbox 588 4954 705 4999; x_wconf 90' lang='lat' dir='ltr'><strong>uno</strong></span> <span class='ocrx_word' id='word_1_689' title='bbox 724 4954 951 5014; x_wconf 83' lang='lat' dir='ltr'><strong>quoque</strong></span> <span class='ocrx_word' id='word_1_690' title='bbox 969 4938 1229 4997; x_wconf 88' lang='lat' dir='ltr'><strong>secundo</strong></span> <span class='ocrx_word' id='word_1_691' title='bbox 1250 4940 1452 5008; x_wconf 85' lang='lat' dir='ltr'><strong>Adam,</strong></span> <span class='ocrx_word' id='word_1_692' title='bbox 1481 4941 1770 4999; x_wconf 89' lang='lat' dir='ltr'><strong>Salvatore</strong></span> <span class='ocrx_word' id='word_1_693' title='bbox 1791 4951 1990 5000; x_wconf 88' lang='lat' dir='ltr'><strong>nostro</strong></span> <span class='ocrx_word' id='word_1_694' title='bbox 2021 4942 2150 5000; x_wconf 85' lang='lat' dir='ltr'><strong>Jesu</strong></span> 
     </span>
    </p>
   </div>
   <div class='ocr_carea' id='block_1_97' title="bbox 496 5029 2150 5112">
    <p class='ocr_par' dir='ltr' id='par_1_97' title="bbox 496 5029 2150 5112">
     <span class='ocr_line' id='line_1_97' title="bbox 496 5029 2150 5112; baseline -0.003 -13"><span class='ocrx_word' id='word_1_695' title='bbox 496 5030 755 5112; x_wconf 89' lang='lat' dir='ltr'><strong>Christo,</strong></span> <span class='ocrx_word' id='word_1_696' title='bbox 792 5030 865 5093; x_wconf 89' lang='lat' dir='ltr'><strong>ad</strong></span> <span class='ocrx_word' id='word_1_697' title='bbox 897 5048 1107 5092; x_wconf 92' lang='lat' dir='ltr'><strong>omnes</strong></span> <span class='ocrx_word' id='word_1_698' title='bbox 1127 5029 1288 5092; x_wconf 85' lang='lat' dir='ltr'><strong>salus</strong></span> <span class='ocrx_word' id='word_1_699' title='bbox 1319 5031 1579 5094; x_wconf 88' lang='lat' dir='ltr'><strong>transiit.</strong></span> <span class='ocrx_word' id='word_1_700' title='bbox 1605 5031 1758 5094; x_wconf 81' lang='lat' dir='ltr'><strong>Hinc</strong></span> <span class='ocrx_word' id='word_1_701' title='bbox 1789 5043 1848 5094; x_wconf 91' lang='lat' dir='ltr'><strong>et</strong></span> <span class='ocrx_word' id='word_1_702' title='bbox 1878 5040 2150 5094; x_wconf 87' lang='lat' dir='ltr'><strong>naturam</strong></span> 
     </span>
    </p>
   </div>
   <div class='ocr_carea' id='block_1_98' title="bbox 494 5118 2152 5199">
    <p class='ocr_par' dir='ltr' id='par_1_98' title="bbox 494 5118 2152 5199">
     <span class='ocr_line' id='line_1_98' title="bbox 494 5118 2152 5199; baseline -0.002 -12"><span class='ocrx_word' id='word_1_703' title='bbox 494 5130 759 5188; x_wconf 89' lang='lat' dir='ltr'><strong>nostram</strong></span> <span class='ocrx_word' id='word_1_704' title='bbox 790 5119 1147 5193; x_wconf 89' lang='lat' dir='ltr'><strong>immutavit,</strong></span> <span class='ocrx_word' id='word_1_705' title='bbox 1179 5118 1240 5181; x_wconf 90' lang='lat' dir='ltr'><strong>id</strong></span> <span class='ocrx_word' id='word_1_706' title='bbox 1263 5120 1421 5199; x_wconf 86' lang='lat' dir='ltr'><strong>quod</strong></span> <span class='ocrx_word' id='word_1_707' title='bbox 1445 5122 1731 5183; x_wconf 89' lang='lat' dir='ltr'><strong>obcurum</strong></span> <span class='ocrx_word' id='word_1_708' title='bbox 1766 5130 1892 5184; x_wconf 87' lang='lat' dir='ltr'><strong>erat</strong></span> <span class='ocrx_word' id='word_1_709' title='bbox 1922 5122 2152 5185; x_wconf 90' lang='lat' dir='ltr'><strong>lumine</strong></span> 
     </span>
    </p>
   </div>
   <div class='ocr_carea' id='block_1_99' title="bbox 2231 4585 3881 4668">
    <p class='ocr_par' dir='ltr' id='par_1_99' title="bbox 2231 4585 3881 4668">
     <span class='ocr_line' id='line_1_99' title="bbox 2231 4585 3881 4668; baseline 0.002 -26"><span class='ocrx_word' id='word_1_710' title='bbox 2231 4585 2473 4664; x_wconf 77' lang='grc' dir='ltr'>δευτέρου</span> <span class='ocrx_word' id='word_1_711' title='bbox 2524 4585 2717 4668; x_wconf 82' lang='grc' dir='ltr'>Ἀδὰμ,</span> <span class='ocrx_word' id='word_1_712' title='bbox 2751 4590 2843 4645; x_wconf 78' lang='grc' dir='ltr'>τοῦ</span> <span class='ocrx_word' id='word_1_713' title='bbox 2893 4593 3146 4667; x_wconf 82' lang='grc' dir='ltr'>Σωτῆρος</span> <span class='ocrx_word' id='word_1_714' title='bbox 3198 4588 3356 4663; x_wconf 82' lang='grc' dir='ltr'>ἡμῶν</span> <span class='ocrx_word' id='word_1_715' title='bbox 3399 4587 3581 4656; x_wconf 72' lang='grc' dir='ltr'>Ἰησοῦ</span> <span class='ocrx_word' id='word_1_716' title='bbox 3631 4593 3881 4667; x_wconf 74' lang='grc' dir='ltr'>Χριστοῦ,</span> 
     </span>
    </p>
   </div>
   <div class='ocr_carea' id='block_1_100' title="bbox 2231 4675 3881 4757">
    <p class='ocr_par' dir='ltr' id='par_1_100' title="bbox 2231 4675 3881 4757">
     <span class='ocr_line' id='line_1_100' title="bbox 2231 4675 3881 4757; baseline 0.002 -24"><span class='ocrx_word' id='word_1_717' title='bbox 2231 4676 2316 4733; x_wconf 75' lang='grc' dir='ltr'>ἐπὶ</span> <span class='ocrx_word' id='word_1_718' title='bbox 2346 4678 2546 4741; x_wconf 83' lang='grc' dir='ltr'>πάντας</span> <span class='ocrx_word' id='word_1_719' title='bbox 2578 4675 2724 4744; x_wconf 77' lang='grc' dir='ltr'>διέϐη</span> <span class='ocrx_word' id='word_1_720' title='bbox 2755 4678 2815 4733; x_wconf 83' lang='grc' dir='ltr'>τὸ</span> <span class='ocrx_word' id='word_1_721' title='bbox 2848 4679 3131 4757; x_wconf 72' lang='grc' dir='ltr'>σωτήριον,</span> <span class='ocrx_word' id='word_1_722' title='bbox 3169 4679 3438 4736; x_wconf 78' lang='grc' dir='ltr'>Ἐντεῦθεν</span> <span class='ocrx_word' id='word_1_723' title='bbox 3480 4680 3571 4735; x_wconf 83' lang='grc' dir='ltr'><strong>καὶ</strong></span> <span class='ocrx_word' id='word_1_724' title='bbox 3598 4680 3703 4748; x_wconf 76' lang='grc' dir='ltr'><strong>τὴν</strong></span> <span class='ocrx_word' id='word_1_725' title='bbox 3741 4684 3881 4757; x_wconf 73' lang='grc' dir='ltr'>ἠμε-</span> 
     </span>
    </p>
   </div>
   <div class='ocr_carea' id='block_1_101' title="bbox 2230 4766 3884 4850">
    <p class='ocr_par' dir='ltr' id='par_1_101' title="bbox 2230 4766 3884 4850">
     <span class='ocr_line' id='line_1_101' title="bbox 2230 4766 3884 4850; baseline 0.003 -28"><span class='ocrx_word' id='word_1_726' title='bbox 2230 4767 2384 4847; x_wconf 84' lang='grc' dir='ltr'>τέραν</span> <span class='ocrx_word' id='word_1_727' title='bbox 2445 4767 2800 4843; x_wconf 77' lang='grc' dir='ltr'>μετεσκεύασε</span> <span class='ocrx_word' id='word_1_728' title='bbox 2830 4767 3004 4847; x_wconf 74' lang='grc' dir='ltr'>φύσιν,</span> <span class='ocrx_word' id='word_1_729' title='bbox 3042 4769 3104 4824; x_wconf 82' lang='grc' dir='ltr'>τὸ</span> <span class='ocrx_word' id='word_1_730' title='bbox 3152 4766 3397 4843; x_wconf 74' lang='grc' dir='ltr'>ἀλαμπὲς</span> <span class='ocrx_word' id='word_1_731' title='bbox 3428 4768 3720 4845; x_wconf 65' lang='grc' dir='ltr'>ἐμπλήσας</span> <span class='ocrx_word' id='word_1_732' title='bbox 3770 4793 3884 4850; x_wconf 73' lang='grc' dir='ltr'><strong>φω-</strong></span> 
     </span>
    </p>
   </div>
   <div class='ocr_carea' id='block_1_102' title="bbox 2231 4855 3878 4936">
    <p class='ocr_par' dir='ltr' id='par_1_102' title="bbox 2231 4855 3878 4936">
     <span class='ocr_line' id='line_1_102' title="bbox 2231 4855 3878 4936; baseline 0.002 -23"><span class='ocrx_word' id='word_1_733' title='bbox 2231 4858 2341 4927; x_wconf 81' lang='grc' dir='ltr'>τὸς,</span> <span class='ocrx_word' id='word_1_734' title='bbox 2387 4858 2450 4913; x_wconf 87' lang='grc' dir='ltr'><strong>τὸ</strong></span> <span class='ocrx_word' id='word_1_735' title='bbox 2481 4855 2710 4914; x_wconf 71' lang='grc' dir='ltr'>ἀνείδεον</span> <span class='ocrx_word' id='word_1_736' title='bbox 2758 4859 2846 4915; x_wconf 85' lang='grc' dir='ltr'><strong>καὶ</strong></span> <span class='ocrx_word' id='word_1_737' title='bbox 2890 4856 3121 4922; x_wconf 75' lang='grc' dir='ltr'>ἀκαλλὲς</span> <span class='ocrx_word' id='word_1_738' title='bbox 3178 4860 3458 4935; x_wconf 76' lang='grc' dir='ltr'>κοσμήσας</span> <span class='ocrx_word' id='word_1_739' title='bbox 3517 4861 3579 4915; x_wconf 80' lang='grc' dir='ltr'>τὸ</span> <span class='ocrx_word' id='word_1_740' title='bbox 3610 4865 3713 4927; x_wconf 77' lang='grc' dir='ltr'>τῆς</span> <span class='ocrx_word' id='word_1_741' title='bbox 3776 4866 3878 4936; x_wconf 76' lang='grc' dir='ltr'>ψυ-</span> 
     </span>
    </p>
   </div>
   <div class='ocr_carea' id='block_1_103' title="bbox 2232 4946 3887 5029">
    <p class='ocr_par' dir='ltr' id='par_1_103' title="bbox 2232 4946 3887 5029">
     <span class='ocr_line' id='line_1_103' title="bbox 2232 4946 3887 5029; baseline 0.002 -28"><span class='ocrx_word' id='word_1_742' title='bbox 2232 4948 2375 5027; x_wconf 29' lang='grc' dir='ltr'><strong>χῆς.</strong></span> <span class='ocrx_word' id='word_1_743' title='bbox 2404 4948 2713 5026; x_wconf 69' lang='grc' dir='ltr'>οἰκητήριον</span> <span class='ocrx_word' id='word_1_744' title='bbox 2764 4951 2944 5027; x_wconf 72' lang='grc' dir='ltr'>σῶμα,</span> <span class='ocrx_word' id='word_1_745' title='bbox 2981 4948 3192 5013; x_wconf 82' lang='grc' dir='ltr'>πάντως</span> <span class='ocrx_word' id='word_1_746' title='bbox 3237 4946 3512 5024; x_wconf 68' lang='grc' dir='ltr'>μολυσμοό</span> <span class='ocrx_word' id='word_1_747' title='bbox 3569 4951 3887 5029; x_wconf 72' lang='grc' dir='ltr'>φθοροποιοῦ</span> 
     </span>
    </p>
   </div>
   <div class='ocr_carea' id='block_1_104' title="bbox 2235 5034 3889 5120">
    <p class='ocr_par' dir='ltr' id='par_1_104' title="bbox 2235 5034 3889 5120">
     <span class='ocr_line' id='line_1_104' title="bbox 2235 5034 3889 5120; baseline 0.002 -28"><span class='ocrx_word' id='word_1_748' title='bbox 2235 5036 2613 5114; x_wconf 72' lang='grc' dir='ltr'>ἐλευθερώσας·</span> <span class='ocrx_word' id='word_1_749' title='bbox 2667 5039 2754 5094; x_wconf 81' lang='grc' dir='ltr'><strong>καὶ</strong></span> <span class='ocrx_word' id='word_1_750' title='bbox 2810 5034 2997 5102; x_wconf 75' lang='grc' dir='ltr'>ἔδειξεν</span> <span class='ocrx_word' id='word_1_751' title='bbox 3050 5039 3183 5109; x_wconf 72' lang='grc' dir='ltr'>ἡμῖν</span> <span class='ocrx_word' id='word_1_752' title='bbox 3249 5035 3369 5093; x_wconf 85' lang='grc' dir='ltr'>ὁδὸν</span> <span class='ocrx_word' id='word_1_753' title='bbox 3425 5037 3705 5118; x_wconf 80' lang='grc' dir='ltr'>ἀναγογῆς</span> <span class='ocrx_word' id='word_1_754' title='bbox 3763 5046 3889 5120; x_wconf 73' lang='grc' dir='ltr'>πρὸς</span> 
     </span>
    </p>
   </div>
   <div class='ocr_carea' id='block_1_105' title="bbox 2236 5124 3443 5206">
    <p class='ocr_par' dir='ltr' id='par_1_105' title="bbox 2236 5124 3443 5206">
     <span class='ocr_line' id='line_1_105' title="bbox 2236 5124 3443 5206; baseline 0.003 -24"><span class='ocrx_word' id='word_1_755' title='bbox 2236 5126 2416 5205; x_wconf 69' lang='grc' dir='ltr'>αὺτὸν,</span> <span class='ocrx_word' id='word_1_756' title='bbox 2454 5126 2590 5181; x_wconf 77' lang='grc' dir='ltr'>κατὰ</span> <span class='ocrx_word' id='word_1_757' title='bbox 2620 5138 2720 5201; x_wconf 57' lang='grc' dir='ltr'><strong>ταν</strong></span> <span class='ocrx_word' id='word_1_758' title='bbox 2750 5128 2821 5189; x_wconf 83' lang='grc' dir='ltr'>ὡς</span> <span class='ocrx_word' id='word_1_759' title='bbox 2853 5124 3070 5183; x_wconf 82' lang='grc' dir='ltr'>δυνατὸν</span> <span class='ocrx_word' id='word_1_760' title='bbox 3094 5126 3443 5206; x_wconf 76' lang='grc' dir='ltr'>ἀφομοίωσιν.</span> 
     </span>
    </p>
   </div>
   <div class='ocr_carea' id='block_1_106' title="bbox 500 5208 3887 5297">
    <p class='ocr_par' dir='ltr' id='par_1_106' title="bbox 500 5208 3887 5297">
     <span class='ocr_line' id='line_1_106' title="bbox 500 5208 3887 5297; baseline 0.001 -21"><span class='ocrx_word' id='word_1_761' title='bbox 500 5211 862 5295; x_wconf 90' lang='lat' dir='ltr'><strong>adimplens,</strong></span> <span class='ocrx_word' id='word_1_762' title='bbox 900 5216 959 5271; x_wconf 92' lang='lat' dir='ltr'><strong>et</strong></span> <span class='ocrx_word' id='word_1_763' title='bbox 988 5212 1149 5291; x_wconf 90' lang='lat' dir='ltr'><strong>quod</strong></span> <span class='ocrx_word' id='word_1_764' title='bbox 1181 5208 1438 5271; x_wconf 83' lang='lat' dir='ltr'><strong>informe</strong></span> <span class='ocrx_word' id='word_1_765' title='bbox 1467 5220 1645 5292; x_wconf 89' lang='lat' dir='ltr'><strong>atque</strong></span> <span class='ocrx_word' id='word_1_766' title='bbox 1698 5210 2052 5275; x_wconf 85' lang='lat' dir='ltr'><strong>indecorum</strong></span> <span class='ocrx_word' id='word_1_767' title='bbox 2086 5221 2215 5275; x_wconf 90' lang='lat' dir='ltr'><strong>erat</strong></span> <span class='ocrx_word' id='word_1_768' title='bbox 2243 5232 2487 5292; x_wconf 86' lang='lat' dir='ltr'><strong>ornans,</strong></span> <span class='ocrx_word' id='word_1_769' title='bbox 2522 5226 2704 5293; x_wconf 86' lang='lat' dir='ltr'><strong>atque</strong></span> <span class='ocrx_word' id='word_1_770' title='bbox 2733 5233 2952 5297; x_wconf 89' lang='lat' dir='ltr'><strong>corpus</strong></span> <span class='ocrx_word' id='word_1_771' title='bbox 2976 5214 3191 5277; x_wconf 84' lang='lat' dir='ltr'><strong>animae</strong></span> <span class='ocrx_word' id='word_1_772' title='bbox 3219 5214 3590 5278; x_wconf 90' lang='lat' dir='ltr'><strong>domicilium</strong></span> <span class='ocrx_word' id='word_1_773' title='bbox 3620 5215 3700 5278; x_wconf 88' lang='lat' dir='ltr'><strong>ab</strong></span> <span class='ocrx_word' id='word_1_774' title='bbox 3731 5211 3887 5279; x_wconf 83' lang='lat' dir='ltr'><strong>omni</strong></span> 
     </span>
    </p>
   </div>
   <div class='ocr_carea' id='block_1_107' title="bbox 502 5297 3888 5387">
    <p class='ocr_par' dir='ltr' id='par_1_107' title="bbox 502 5297 3888 5387">
     <span class='ocr_line' id='line_1_107' title="bbox 502 5297 3888 5387; baseline 0 -19"><span class='ocrx_word' id='word_1_775' title='bbox 502 5300 790 5386; x_wconf 84' lang='lat' dir='ltr'><strong>spurcitia</strong></span> <span class='ocrx_word' id='word_1_776' title='bbox 838 5307 1267 5378; x_wconf 87' lang='lat' dir='ltr'><strong>corrumpente</strong></span> <span class='ocrx_word' id='word_1_777' title='bbox 1297 5297 1557 5362; x_wconf 87' lang='lat' dir='ltr'><strong>liberans</strong></span> <span class='ocrx_word' id='word_1_778' title='bbox 1590 5323 1605 5373; x_wconf 90' lang='lat'><strong>;</strong></span> <span class='ocrx_word' id='word_1_779' title='bbox 1657 5300 1833 5364; x_wconf 87' lang='lat' dir='ltr'><strong>nobis</strong></span> <span class='ocrx_word' id='word_1_780' title='bbox 1864 5320 2099 5384; x_wconf 83' lang='lat' dir='ltr'><strong>quoque</strong></span> <span class='ocrx_word' id='word_1_781' title='bbox 2126 5303 2276 5366; x_wconf 87' lang='lat' dir='ltr'><strong>viam</strong></span> <span class='ocrx_word' id='word_1_782' title='bbox 2309 5322 2446 5383; x_wconf 70' lang='lat' dir='ltr'><strong>quas</strong></span> <span class='ocrx_word' id='word_1_783' title='bbox 2477 5305 2551 5367; x_wconf 87' lang='lat' dir='ltr'><strong>ad</strong></span> <span class='ocrx_word' id='word_1_784' title='bbox 2610 5306 2807 5387; x_wconf 89' lang='lat' dir='ltr'><strong>ipsum</strong></span> <span class='ocrx_word' id='word_1_785' title='bbox 2839 5305 3006 5369; x_wconf 88' lang='lat' dir='ltr'><strong>ducit</strong></span> <span class='ocrx_word' id='word_1_786' title='bbox 3054 5304 3337 5382; x_wconf 86' lang='lat' dir='ltr'><strong>ostendit,</strong></span> <span class='ocrx_word' id='word_1_787' title='bbox 3372 5305 3707 5369; x_wconf 86' lang='lat' dir='ltr'><strong>secundum</strong></span> <span class='ocrx_word' id='word_1_788' title='bbox 3763 5323 3888 5370; x_wconf 89' lang='lat' dir='ltr'><strong>eam</strong></span> 
     </span>
    </p>
   </div>
   <div class='ocr_carea' id='block_1_108' title="bbox 502 5387 1793 5476">
    <p class='ocr_par' dir='ltr' id='par_1_108' title="bbox 502 5387 1793 5476">
     <span class='ocr_line' id='line_1_108' title="bbox 502 5387 1793 5476; baseline -0.002 -20"><span class='ocrx_word' id='word_1_789' title='bbox 502 5410 634 5476; x_wconf 71' lang='lat' dir='ltr'><strong>quae</strong></span> <span class='ocrx_word' id='word_1_790' title='bbox 666 5387 967 5471; x_wconf 87' lang='lat' dir='ltr'><strong>possibilis</strong></span> <span class='ocrx_word' id='word_1_791' title='bbox 997 5395 1088 5450; x_wconf 90' lang='lat' dir='ltr'><strong>est</strong></span> <span class='ocrx_word' id='word_1_792' title='bbox 1119 5389 1254 5469; x_wconf 90' lang='lat' dir='ltr'><strong>ejus</strong></span> <span class='ocrx_word' id='word_1_793' title='bbox 1280 5388 1793 5455; x_wconf 84' lang='lat' dir='ltr'><strong>assimilationem.</strong></span> 
     </span>
    </p>
   </div>
   <div class='ocr_carea' id='block_1_109' title="bbox 586 5476 2159 5562">
    <p class='ocr_par' dir='ltr' id='par_1_109' title="bbox 586 5476 2159 5562">
     <span class='ocr_line' id='line_1_109' title="bbox 586 5476 2159 5562; baseline 0.001 -17"><span class='ocrx_word' id='word_1_794' title='bbox 586 5483 616 5562; x_wconf 86' lang='lat'>§</span> <span class='ocrx_word' id='word_1_795' title='bbox 643 5479 766 5544; x_wconf 85' lang='lat' dir='ltr'><strong>XII.</strong></span> <span class='ocrx_word' id='word_1_796' title='bbox 798 5476 1089 5541; x_wconf 74' lang='lat' dir='ltr'><strong>Caeterum</strong></span> <span class='ocrx_word' id='word_1_797' title='bbox 1120 5478 1420 5558; x_wconf 90' lang='lat' dir='ltr'><strong>quomodo</strong></span> <span class='ocrx_word' id='word_1_798' title='bbox 1452 5479 1629 5543; x_wconf 87' lang='lat' dir='ltr'><strong>aliter</strong></span> <span class='ocrx_word' id='word_1_799' title='bbox 1656 5480 1857 5545; x_wconf 88' lang='lat' dir='ltr'><strong>divina</strong></span> <span class='ocrx_word' id='word_1_800' title='bbox 1876 5482 1988 5545; x_wconf 89' lang='lat' dir='ltr'><strong>ista</strong></span> <span class='ocrx_word' id='word_1_801' title='bbox 2017 5483 2159 5547; x_wconf 88' lang='lat' dir='ltr'><strong>imi-</strong></span> 
     </span>
    </p>
   </div>
   <div class='ocr_carea' id='block_1_110' title="bbox 2322 5484 3889 5569">
    <p class='ocr_par' dir='ltr' id='par_1_110' title="bbox 2322 5484 3889 5569">
     <span class='ocr_line' id='line_1_110' title="bbox 2322 5484 3889 5569; baseline -0.001 -24"><span class='ocrx_word' id='word_1_802' title='bbox 2322 5487 2352 5569; x_wconf 83' lang='lat'>§</span> <span class='ocrx_word' id='word_1_803' title='bbox 2406 5496 2520 5552; x_wconf 81' lang='lat' dir='ltr'><strong>XII.</strong></span> <span class='ocrx_word' id='word_1_804' title='bbox 2555 5493 2676 5551; x_wconf 82' lang='grc' dir='ltr'>Πῶς</span> <span class='ocrx_word' id='word_1_805' title='bbox 2725 5485 2779 5542; x_wconf 78' lang='grc' dir='ltr'>δὲ</span> <span class='ocrx_word' id='word_1_806' title='bbox 2810 5484 2987 5549; x_wconf 77' lang='grc' dir='ltr'>ἄλλως</span> <span class='ocrx_word' id='word_1_807' title='bbox 3014 5484 3238 5563; x_wconf 72' lang='grc' dir='ltr'>ἔμελλεν</span> <span class='ocrx_word' id='word_1_808' title='bbox 3293 5489 3328 5555; x_wconf 83' lang='grc' dir='ltr'>ἦ</span> <span class='ocrx_word' id='word_1_809' title='bbox 3357 5486 3683 5563; x_wconf 83' lang='grc' dir='ltr'>θεομιμησία</span> <span class='ocrx_word' id='word_1_810' title='bbox 3745 5489 3889 5567; x_wconf 75' lang='grc' dir='ltr'>γίνεα-</span> 
     </span>
    </p>
   </div>
   <div class='ocr_carea' id='block_1_111' title="bbox 503 5567 2136 5654">
    <p class='ocr_par' dir='ltr' id='par_1_111' title="bbox 503 5567 2136 5651">
     <span class='ocr_line' id='line_1_111' title="bbox 503 5567 2136 5651; baseline 0 -16"><span class='ocrx_word' id='word_1_811' title='bbox 503 5572 644 5635; x_wconf 82' lang='lat' dir='ltr'><strong>talio</strong></span> <span class='ocrx_word' id='word_1_812' title='bbox 676 5569 869 5643; x_wconf 89' lang='lat' dir='ltr'><strong>tieret,</strong></span> <span class='ocrx_word' id='word_1_813' title='bbox 903 5567 1015 5629; x_wconf 87' lang='lat' dir='ltr'><strong>nisi</strong></span> <span class='ocrx_word' id='word_1_814' title='bbox 1047 5567 1344 5630; x_wconf 89' lang='lat' dir='ltr'><strong>innovatis</strong></span> <span class='ocrx_word' id='word_1_815' title='bbox 1376 5586 1619 5651; x_wconf 91' lang='lat' dir='ltr'><strong>semper</strong></span> <span class='ocrx_word' id='word_1_816' title='bbox 1646 5570 1984 5635; x_wconf 87' lang='lat' dir='ltr'><strong>istiusmodi</strong></span> <span class='ocrx_word' id='word_1_817' title='bbox 2015 5592 2136 5636; x_wconf 86' lang='lat' dir='ltr'><strong>san-</strong></span> 
     </span>
    </p>
   </div>
   <div class='ocr_carea' id='block_1_112' title="bbox 2223 5567 3893 5654">
    <p class='ocr_par' dir='ltr' id='par_1_112' title="bbox 2245 5574 3893 5654">
     <span class='ocr_line' id='line_1_112' title="bbox 2245 5574 3893 5654; baseline -0.001 -20"><span class='ocrx_word' id='word_1_818' title='bbox 2245 5582 2381 5653; x_wconf 86' lang='grc' dir='ltr'>σθαι,</span> <span class='ocrx_word' id='word_1_819' title='bbox 2430 5579 2507 5653; x_wconf 80' lang='grc' dir='ltr'>μὴ</span> <span class='ocrx_word' id='word_1_820' title='bbox 2563 5574 2957 5652; x_wconf 74' lang='grc' dir='ltr'>ἂνανεουμένων</span> <span class='ocrx_word' id='word_1_821' title='bbox 3003 5576 3085 5632; x_wconf 81' lang='grc' dir='ltr'>ἀεὶ</span> <span class='ocrx_word' id='word_1_822' title='bbox 3140 5580 3247 5631; x_wconf 82' lang='grc' dir='ltr'>τῶν</span> <span class='ocrx_word' id='word_1_823' title='bbox 3301 5577 3559 5633; x_wconf 86' lang='grc' dir='ltr'>τοιούτων</span> <span class='ocrx_word' id='word_1_824' title='bbox 3586 5575 3744 5654; x_wconf 77' lang='grc' dir='ltr'>ἱερῶν</span> <span class='ocrx_word' id='word_1_825' title='bbox 3803 5598 3893 5633; x_wconf 85' lang='grc' dir='ltr'><strong>τε-</strong></span> 
     </span>
    </p>
   </div>
   <div class='ocr_carea' id='block_1_113' title="bbox 508 5656 2136 5748">
    <p class='ocr_par' dir='ltr' id='par_1_113' title="bbox 508 5656 2136 5742">
     <span class='ocr_line' id='line_1_113' title="bbox 508 5656 2136 5742; baseline 0.002 -17"><span class='ocrx_word' id='word_1_826' title='bbox 508 5660 618 5725; x_wconf 87' lang='lat' dir='ltr'><strong>ctis</strong></span> <span class='ocrx_word' id='word_1_827' title='bbox 639 5656 1059 5723; x_wconf 82' lang='lat' dir='ltr'><strong>sacramentis?</strong></span> <span class='ocrx_word' id='word_1_828' title='bbox 1085 5656 1215 5722; x_wconf 78' lang='lat' dir='ltr'><strong>Hoc</strong></span> <span class='ocrx_word' id='word_1_829' title='bbox 1235 5657 1394 5722; x_wconf 90' lang='lat' dir='ltr'><strong>enim</strong></span> <span class='ocrx_word' id='word_1_830' title='bbox 1404 5658 1641 5742; x_wconf 88' lang='lat' dir='ltr'><strong>,inquit,</strong></span> <span class='ocrx_word' id='word_1_831' title='bbox 1665 5660 1855 5741; x_wconf 68' lang='lat' dir='ltr'><strong>facile</strong></span> <span class='ocrx_word' id='word_1_832' title='bbox 1879 5665 1945 5729; x_wconf 74' lang='lat' dir='ltr'><strong>in</strong></span> <span class='ocrx_word' id='word_1_833' title='bbox 1968 5681 2136 5730; x_wconf 79' lang='lat' dir='ltr'><strong>mean</strong></span> 
     </span>
    </p>
   </div>
   <div class='ocr_carea' id='block_1_114' title="bbox 2223 5656 3889 5748">
    <p class='ocr_par' dir='ltr' id='par_1_114' title="bbox 2245 5664 3889 5748">
     <span class='ocr_line' id='line_1_114' title="bbox 2245 5664 3889 5748; baseline -0.002 -22"><span class='ocrx_word' id='word_1_834' title='bbox 2245 5667 2453 5743; x_wconf 81' lang='grc' dir='ltr'>λετῶν;</span> <span class='ocrx_word' id='word_1_835' title='bbox 2529 5669 2691 5726; x_wconf 77' lang='grc' dir='ltr'>Τοῦτο</span> <span class='ocrx_word' id='word_1_836' title='bbox 2745 5667 2843 5746; x_wconf 79' lang='grc' dir='ltr'>γὰρ</span> <span class='ocrx_word' id='word_1_837' title='bbox 2906 5664 3143 5742; x_wconf 85' lang='grc' dir='ltr'>ποιεῖτε,</span> <span class='ocrx_word' id='word_1_838' title='bbox 3205 5665 3364 5748; x_wconf 81' lang='grc' dir='ltr'>ιρῆσὶν</span> <span class='ocrx_word' id='word_1_839' title='bbox 3442 5667 3513 5729; x_wconf 87' lang='grc' dir='ltr'><strong>εἰς</strong></span> <span class='ocrx_word' id='word_1_840' title='bbox 3583 5666 3683 5735; x_wconf 77' lang='grc' dir='ltr'><strong>τήν</strong></span> <span class='ocrx_word' id='word_1_841' title='bbox 3757 5666 3889 5744; x_wconf 67' lang='grc' dir='ltr'>ἐμὴν</span> 
     </span>
    </p>
   </div>
   <div class='ocr_carea' id='block_1_115' title="bbox 587 5801 1078 5885">
    <p class='ocr_par' dir='ltr' id='par_1_115' title="bbox 587 5801 1078 5885">
     <span class='ocr_line' id='line_1_115' title="bbox 587 5801 1078 5885; baseline -0.012 -13"><span class='ocrx_word' id='word_1_842' title='bbox 587 5823 613 5855; x_wconf 78' lang='grc' dir='ltr'><strong>ν</strong></span> <span class='ocrx_word' id='word_1_843' title='bbox 669 5802 820 5870; x_wconf 88' lang='lat' dir='ltr'><strong>Gen.</strong></span> <span class='ocrx_word' id='word_1_844' title='bbox 854 5818 941 5885; x_wconf 75' lang='lat' dir='ltr'><strong>tu,</strong></span> <span class='ocrx_word' id='word_1_845' title='bbox 982 5801 1078 5866; x_wconf 86' lang='lat'><strong>19.</strong></span> 
     </span>
    </p>
   </div>
  </div>
