4042 6478
257 427 380 496 469

255 567 586 642 ἀνάμνησιν.
658 555 806 643 ΗΟρσι
849 563 925 638 δὲ,
965 563 1046 620 ὅτι
1108 564 1160 620 ἐν
1212 563 1418 625 τούτοις
1453 561 1628 618 πάντα
1659 562 1750 617 τὸν
1797 560 1913 614 νοῦν

2001 559 2628 620 commemorationem
2660 569 2689 600 κ
2723 605 2736 620 .

249 663 352 724 τῆς
413 661 679 732 μυστικῆς
741 657 911 734 εὒχῆς
965 651 1350 732 περιλαμϐάνει
1405 651 1634 729 ὁὸίγιος.
1713 651 1914 708 ’Ἔνθεν

249 750 278 802 ὁ
309 751 462 810 θεῖος
497 746 754 824 ἱεράρχης
813 747 902 807 τὰς
935 755 1030 804 τοῦ
1079 744 1320 822 Ζωτῆρος
1383 745 1532 818 ἡμῶν
1570 743 1744 808 Ἰησοῦ
1779 749 1914 820 Χρι-

249 845 384 893 στοῦ
443 836 698 912 προνοίας
735 835 1000 908 ὑμνήσας,
1053 834 1114 896 ἃς
1147 832 1354 907 εὕδοκίᾳ
1407 833 1608 909 Πατρὸς
1657 831 1710 888 ἐν
1741 833 1912 888 Πνεύ..

249 948 386 1000 ματι
425 926 564 1003 ἁγίῳ
590 923 892 998 ἓτελείωσε,
956 927 1043 980 καὶ
1093 924 1436 985 ἀνατατικοϊς
1482 922 1778 1000 ὀφθαλμοῖς
1808 921 1906 987 τὴν

245 1020 456 1086 νοητὴν
489 1016 708 1094 θεωρίαν
758 1015 1110 1094 ἐποπτεύσας,
1171 1014 1256 1070 ἐπὶ
1313 1013 1410 1078 τὴν
1464 1011 1794 1087 συμϐολικην
1825 1015 1907 1067 ἱε-

245 1111 528 1186 ρουργὶαν,
561 1103 804 1163 τουτέστι
849 1107 940 1163 τὸν
971 1105 1126 1184 ἄρτον
1177 1105 1264 1160 καὶ
1307 1105 1367 1159 τό
1417 1103 1695 1181 ποτήριον,
1750 1100 1909 1179 ἕρκύε..

243 1221 360 1261 ται.
429 1197 822 1276 Ἐξηγούμενος
876 1195 932 1251 δὲ
975 1201 1087 1258 πῶς
1149 1195 1233 1250 καὶ
1293 1201 1447 1249 τοῦτο
1506 1191 1910 1270 θεοπαραόότως

249 1300 432 1360 ποιεῖ,
472 1289 632 1365 φησὶν
659 1285 1094 1362 ἀπολογούμενος
1129 1283 1214 1338 καὶ
1258 1279 1496 1336 ἀναϐοῶν
1547 1281 1680 1357 πρὸς
1729 1279 1907 1347 αὐτὸν,

245 1379 334 1450 τδ,
431 1378 507 1432 Σῦ
589 1377 690 1454 γὰρ
774 1376 958 1436 εἶπας.
1041 1381 1205 1431 Τοῦτο
1263 1371 1474 1426 ποιεῖτε
1524 1370 1596 1432 εἷς
1635 1369 1732 1435 τὴν
1777 1367 1912 1443 ἐμὴν

247 1464 584 1540 ἀνέμνησιν.
651 1466 814 1540 Εἶτα,
877 1465 1098 1533 αἰτήσας
1153 1461 1292 1527 ἄξιος
1367 1459 1606 1538 γενέσθαι
1670 1460 1756 1514 καὶ
1815 1463 1912 1524 τῆς

251 1557 540 1620 κοινωνίας
599 1557 684 1611 καὶ
755 1561 856 1621 τῆς
913 1550 1274 1626 μεταδόσεως,
1335 1548 1427 1606 ὑπ’
1485 1550 1607 1626 ὄψιν
1663 1545 1782 1626 ἄγει
1849 1548 1916 1604 τὰ

247 1647 564 1726 ὑμνημὲνα,
632 1644 1018 1701 ἀνακαλύπτων
1075 1643 1167 1699 τὸν
1236 1639 1529 1719 ἀδιάίρετον
1589 1639 1768 1718 ἄρτον,
1827 1639 1913 1693 καὶ

249 1739 326 1801 εἰς
364 1735 542 1792 πολλὰ
573 1733 811 1813 διαιρῶν.
873 1731 1149 1792 Ἐντεῦθεν
1182 1733 1272 1788 καὶ
1320 1733 1382 1787 τὸ
1415 1733 1612 1787 ἑνιαῖον
1669 1731 1762 1784 τοῦ
1805 1749 1909 1784 πο-

248 1829 464 1906 τηρίου,
509 1833 638 1883 πᾶσι
689 1823 1024 1902 καταμερίξει
1073 1825 1211 1879 κατά
1271 1845 1390 1878 τινα
1442 1820 1602 1898 λόγον
1663 1817 1916 1894 μυστικὸν

751 431 848 494 DE
893 427 1199 493 ECCLES.
1233 425 1684 501 HIERARCH,
1731 427 1895 488 CAP.
1943 421 2048 488 III.
2098 457 2171 470 -—
2203 419 2586 488 PARAPHR.
2635 419 3153 486 PACHYMERE.

3521 421 3640 492 470

2834 560 3100 625 Observa
3151 577 3282 621 vero
3341 559 3500 640 quod
3547 559 3643 622 hic

2001 657 2242 710 sanctus
2273 657 2532 709 mentem
2565 667 2803 710 omnem
2838 651 3095 729 mystica
3130 669 3312 731 prece
3357 667 3642 728 compre-

2003 736 2248 800 hendat.
2286 737 2512 799 Deinde
2543 737 2777 800 divinus
2799 741 3120 802 hierarcha
3165 739 3484 802 Salvatoris
3528 757 3642 802 no-

2001 829 2108 889 stri
2165 831 2305 890 .lesu
2363 825 2580 890 Christi
2623 829 3027 908 providentias
3085 830 3459 910 collaudans,
3495 848 3642 910 quas

2001 914 2189 978 Patris
2209 917 2582 996 beneplacito
2607 919 2664 979 in
2687 917 2911 1000 Spiritu
2958 929 3162 983 sancto
3185 921 3642 1001 consummavit,

1995 1010 2133 1066 215
2165 1015 2223 1069 et
2249 1007 2498 1070 intentis
2550 1009 2738 1070 oculis
2780 1009 3108 1091 spiritalem
3161 1011 3460 1074 contuitus
3490 1029 3642 1072 con-

1994 1097 2440 1176 templationem
2471 1145 2484 1169 ,
2513 1097 2587 1158 ad
2639 1117 2949 1162 sacrorum
2983 1099 3412 1180 symbolorum,
3477 1103 3646 1180 panis

1995 1186 2227 1248 scilicet
2257 1195 2317 1248 et
2347 1187 3102 1262 calicis,c0nsecrali0nem
3131 1189 3638 1270 procedit.Expli-

2002 1297 2142 1340 cans
2175 1297 2312 1338 vero
2347 1277 2646 1358 quomodo
2679 1280 2878 1342 ethoc
2939 1299 3008 1343 ex
3064 1281 3262 1341 divina
3321 1280 3642 1344 traditione

1999 1367 2270 1437 faciat.se
2301 1369 2608 1447 purgando
2627 1380 2685 1430 et
2706 1371 2780 1431 ad
2803 1369 2997 1450 ipsum
3025 1370 3644 1446 exclamando,ait:Tu

2001 1459 2158 1519 enim
2183 1459 2407 1520 dixisti
2442 1481 2454 1522 :
2503 1459 2636 1522 [loc
2667 1461 2850 1538 facile
2881 1462 2946 1523 in
2978 1479 3170 1523 meam
3194 1478 3643 1524 conmemora-

2000 1549 2250 1610 tionem.
2287 1549 2598 1611 Postulans
2647 1549 2870 1612 deinde
2901 1569 3035 1611 cum
3062 1551 3487 1613 communione
3519 1559 3640 1612 tum

1997 1661 2020 1692 ρ
2028 1639 2128 1718 jus
2159 1638 2579 1700 distributione
2611 1639 2826 1716 dignus
2857 1641 3032 1716 ellici,
3061 1640 3171 1702 sub
3196 1649 3498 1720 aspectum
3523 1641 3640 1705 du-

1999 1729 2080 1790 cit
2113 1746 2182 1790 ea
2209 1747 2340 1808 qum
2370 1729 2718 1810 celebravit,
2760 1731 3036 1792 revelans
3095 1731 3262 1792 illum
3296 1748 3507 1810 panem
3541 1731 3644 1793 in-

1999 1817 2276 1890 divisum,
2312 1825 2371 1879 et
2401 1818 2460 1879 in
2495 1819 2680 1880 multa
2710 1818 3100 1881 distribuens.
3148 1821 3380 1882 Exinde
3407 1840 3643 1902 quoque

249 1921 340 1975 καὶ
371 1919 508 1973 αὒτὸ
539 1919 882 1992 ποιούμενος·
935 1917 994 1971 τὸ
1039 1915 1138 1994 γὰρ
1169 1914 1224 1969 ἓν
1269 1915 1356 1970 καὶ
1389 1911 1587 1968 ἁπλοῦν
1632 1918 1722 1966 τοῦ
1755 1913 1913 1985 θεαρ-

2000 1907 2364 1985 singularem
2395 1908 2562 1969 illum
2595 1909 2844 1971 calicem
2879 1909 3157 1971 omnibus
3187 1909 3509 1986 distribuit,
3543 1928 3644 1974 se-

254 2008 574 2088 χικωτάτοσ
605 2007 778 2086 Λόγου
809 2008 940 2084 πρὸς
972 2007 1032 2062 τὸ
1064 2005 1306 2060 σύνθετον
1355 2004 1442 2058 καὶ
1500 2003 1687 2080 ὁρατὸν
1743 1997 1913 2056 ἀναλ-

253 2087 502 2162 λοιώτως
555 2098 691 2154 κατὰ
758 2097 855 2164 τὴν
934 2093 1332 2172 ἐνανθρώπησιν
1420 2089 1776 2170 προελήλυθε,
1851 2087 1916 2144 τὰ

251 2189 374 2246 καθ’
432 2189 580 2262 ἡμᾶς
637 2187 864 2244 ταπεινά
935 2199 1052 2248 τοῖς
1100 2185 1398 2246 θειοτάτοις
1471 2183 1629 2238 αὐτοῦ
1689 2179 1912 2242 ἕνῶσας.

257 2277 420 2336 (νῦτω
449 2279 550 2356 γὰρ
583 2277 838 2352 ἑνούμεθα
898 2277 984 2331 καὶ
1047 2275 1208 2350 ἡμεῖς
1243 2277 1404 2348 αύτῷ,
1440 2272 1594 2348 εἴπερ
1646 2272 1718 2333 ὡς
1774 2267 1911 2345 μέλη

253 2367 803 2446 συναρμολόγούμεθα
845 2365 980 2422 κατά
1023 2366 1084 2420 τὸ
1115 2365 1302 2420 ταῦτὸν
1335 2369 1432 2430 τῆς
1492 2358 1774 2430 ἀλωϐήτου
1825 2361 1914 2416 καὶ

251 2459 522 2536 μακαρίας
555 2463 723 2528 ζωῆς·
788 2457 877 2511 καὶ
934 2455 1012 2530 μὴ
1073 2454 1332 2528 πάθοιμεν
1362 2453 1492 2528 ὅπερ
1523 2451 1706 2526 νεκρὸν
1743 2447 1904 2526 μέρος

253 2547 674 2626 σώματος,πρὸς
705 2553 806 2617 ζῶν
830 2542 1222 2618 συντιθέμενον.
1281 2532 1374 2603 Ὠς
1408 2543 1507 2620 γὰρ
1540 2540 1715 2596 ἐκεῖνο
1749 2539 1916 2615 ἀνάρ-

253 2659 460 2712 μοστον
518 2638 694 2702 πάντη
755 2637 844 2691 καὶ
905 2633 1202 2700 ἀκόλλητον
1260 2633 1350 2690 καὶ
1389 2633 1625 2702 ἀσύζωον
1685 2630 1910 2706 γίνεται,

251 2727 396 2784 ούτω
443 2729 530 2783 καὶ
570 2729 762 2801 ἡμεῖς,
797 2723 952 2802 εἴπερ
996 2723 1134 2780 οὕτω
1185 2725 1379 2793 vexo-fu;
1413 2721 1637 2801 ἔχομεν,
1673 2719 1731 2774 οῦ
1783 2739 1912 2774 συν-

253 2817 824 2895 αρμολογηθησόμεθα
883 2819 956 2887 τῷ
1007 2821 1162 2884 ζῶντι
1239 2819 1450 2888 Χριστῷ
1494 2811 1734 2866 πώποτε·
1799 2807 1912 2887 χρὴ

253 2909 380 2986 γὰρ,
417 2909 464 2964 εἶ
509 2911 609 2973 τῆς
641 2906 922 2970 κοινωνίας
955 2903 1230 2984 ἐφιέμεθα,
1289 2905 1361 2966 εἷς
1406 2903 1504 2970 τὴν
1549 2899 1710 2956 αῦτοῦ
1765 2901 1906 2954 θειοσ

255 2999 430 3065 τάτην
465 2996 610 3068 ζωὰν
665 2997 1088 3066 ἀποσκοπεῦσαι,
1137 2995 1224 3049 καὶ
1275 2993 1414 3050 οὕτω
1471 2997 1539 3066 τῇ
1569 2991 1703 3067 πρὸς
1741 2987 1905 3054 αὒτὴν

251 3087 587 3166 ἀφομοιώσει
620 3087 694 3148 εἷς
719 3085 814 3153 τὴν
859 3081 1064 3149 θεοειδῆ
1110 3081 1216 3148 ἓξιν
1275 3079 1630 3158 ἀναδραμεῖν,
1670 3079 1906 3156 ἐναρμοιο

251 3177 376 3238 vim;
406 3173 732 3254 δωρηθείσης
761 3174 900 3248 ἡμῖν
953 3177 1052 3241 τῆς
1084 3173 1213 3250 πρὸς
1258 3174 1318 3228 τὸ
1373 3169 1554 3246 ὅμοιον
1587 3167 1904 3231 κοινωνίας.

2001 1999 2263 2059 cundum
2300 1998 2541 2060 modum
2579 1999 2898 2078 quemdam
2935 2000 3251 2080 mysticum
3285 2001 3396 2061 hoc
3419 1999 3642 2062 faciens

1999 2107 2137 2150 nam
2165 2107 2348 2148 unum
2376 2097 2434 2150 et
2460 2088 2714 2168 simplex
2738 2091 2842 2151 Dei
2871 2090 3132 2152 Verbum
3152 2109 3256 2170 per
3274 2090 3643 2152 incarnatio-

1999 2197 2161 2254 nem,
2201 2177 2262 2238 in
2289 2178 2786 2258 compositionem
2841 2179 3014 2240 simul
3066 2187 3125 2242 et
3173 2189 3479 2260 aspectum
3513 2182 3646 2242 sine

2001 2267 2118 2328 ulla
2146 2267 2238 2328 sui
2288 2267 2704 2329 immutatione
2757 2269 3072 2347 processit,
3108 2270 3352 2331 humilia
3383 2271 3510 2332 hmc
3541 2289 3643 2332 no-

1997 2367 2119 2419 stra
2148 2377 2280 2418 cum
2309 2357 2704 2419 divinissimis
2735 2359 2860 2420 suis
2893 2365 3105 2420 uniens
3137 2358 3647 2423 excellentiis.Sic

1999 2449 2160 2509 enim
2193 2455 2250 2508 et
2279 2465 2385 2507 nos
2419 2446 2531 2526 ipsi
2569 2447 2834 2522 unimur,
2859 2449 2908 2509 si
2947 2459 3222 2525 tanquam
3271 2449 3647 2511 membrailli

2000 2537 2327 2598 secundum
2371 2537 2451 2599 im
2467 2537 2774 2598 maculata:
2793 2557 2860 2599 ac
2893 2537 3082 2600 beatae
3108 2539 3241 2600 vitae
3268 2539 3640 2601 identitatcm

2001 2643 2258 2702 congrua
2271 2643 2426 2687 mus:
2449 2644 2524 2686 ne
2542 2625 2700 2688 idem
2735 2625 2910 2688 nobis
2932 2627 3346 2708 accidat,quod
3373 2627 3644 2690 membro

1999 2723 2232 2776 mortuo
2246 2715 2378 2776 vivo
2395 2717 2629 2795 corpori
2643 2716 3216 2796 apposito.Quemad
3229 2717 3466 2780 modum
3483 2716 3645 2779 enim

1995 2805 2142 2866 illud
2173 2805 2564 2883 incongruum
2611 2806 2856 2867 omnino
2901 2807 3266 2898 minimeque
3310 2807 3643 2883 cohaerens,

1997 2897 2244 2974 vitaeque
2267 2912 2484 2974 expers
2517 2894 2756 2958 exsistit
2793 2917 2809 2970 ;
2841 2896 2926 2957 sic
2957 2905 3012 2957 et
3045 2894 3260 2976 nos,'si
3291 2899 3372 2958 ita
3423 2900 3644 2959 mortui

1995 2985 2311 3064 fuerimus,
2351 3003 2657 3062 nunquam
2711 2986 2836 3047 vivo
2894 2985 3125 3050 Christo
3185 3007 3639 3066 congruamus:

1995 3083 2230 3156 oportet
2257 3077 2414 3136 enim
2443 3093 2574 3149 nos,
2609 3076 2660 3136 si
2698 3075 3185 3140 communionem
3238 3079 3370 3156 ejus
3394 3086 3644 3158 appeta-

2002 3164 2236 3238 mus,ad
2273 3163 2700 3228 divinissimam
2754 3170 2884 3244 ejus
2911 3165 3086 3228 vitam
3111 3167 3440 3246 collimare,
3479 3177 3534 3229 et
3556 3169 3644 3230 sic

261 3283 372 3346 per
397 3265 530 3346 ejus
563 3262 1054 3326 assimilationem
1087 3261 1158 3322 ad
1193 3258 1540 3322 deiiormem
1559 3265 1772 3320 statum
1807 3255 2194 3327 contendere,
2207 3263 2380 3334 prout
2411 3254 2582 3316 nobis
2613 3256 3456 3338 congruit,similitudineejus
3471 3258 3646 3322 nobis

255 3353 730 3419 communicata.

337 3449 366 3520 §
417 3441 580 3506 XI”.
643 3445 818 3502 Ταῦτα
872 3441 956 3498 διὰ
1011 3447 1117 3498 τῶν
1173 3439 1508 3516 τελουμένων
1566 3441 1592 3494 ὃ
1651 3437 1913 3516 ἱεράρχης

2089 3433 2304 3512 §Xlll.
2365 3431 2502 3494 Han:
2551 3433 2810 3513 pontifex
2855 3453 2962 3514 per
3010 3453 3080 3497 ea
3112 3455 3241 3515 qua;
3265 3435 3645 3500 celebrantur

255 3537 530 3614 ἐμφαίνει,
564 3533 956 3590 ἀνακαλύπτων
1011 3533 1102 3588 καὶ
1161 3529 1400 3609 διαιρῶν,
1436 3530 1654 3594 καὶτῆς
1716 3547 1916 3582 κοινω-

258 3625 376 3690 νίας
423 3621 756 3700 μεταδιδούς⁶
823 3623 1197 3700 ἀναζωγραφεῑ
1257 3622 1356 3698 γὰρ
1421 3618 1474 3674 ὲν
1531 3630 1648 3681 τοῖς
1714 3611 1916 3690 συμϐό-

253 3717 376 3780 λοις
430 3715 696 3780 αἰσθητῶς
758 3712 858 3780 τὴν
903 3712 1104 3778 νοητὴν
1153 3709 1312 3785 ἡμῶν
1369 3708 1534 3778 ζωὴν,
1579 3707 1670 3762 τὸν
1723 3705 1918 3778 Κύριον

253 3808 414 3878 ὴμῶν
476 3805 687 3870 Ἰησοῦν
747 3803 998 3881 Χριστὸν,
1053 3800 1114 3858 ἐκ
1155 3801 1248 3856 τοῦ
1305 3799 1442 3854 κατὰ
1498 3797 1559 3852 τὸ
1607 3799 1752 3852 θετον
1785 3815 1915 3872 κρυ-

253 3897 400 3974 φίου,
463 3891 708 3961 δηλονότι
791 3897 892 3958 τῆς
951 3887 1326 3965 ἀμεταϐλήτου
1381 3886 1664 3953 θεότητος;
1739 3887 1796 3940 ἓν
1849 3887 1918 3957 τῇ

253 3983 521 4042 παντελεῖ
567 3984 652 4039 καὶ
709 3981 936 4047 ἀληθινῆ
995 3981 1082 4036 καὶ
1125 3977 1304 4051 τελείᾳ
1347 3977 1637 4054 σαρκώσει,
1700 3974 1762 4030 ἐκ
1817 3977 1916 4038 τῆς

251 4073 528 4152 ἡμετέρας
587 4073 791 4152 φύσεως
849 4068 1268 4143 εἰδοποιηθέντα,
1334 4069 1421 4124 καὶ
1478 4067 1608 4143 πρὸς
1662 4065 1762 4131 τὴν
1813 4083 1916 4138 με-

251 4167 446 4240 ριστὴν
502 4165 575 4226 ὡς
636 4161 822 4228 ῦλικήν
877 4161 1030 4227 ἡμῶν
1075 4160 1228 4239 φύσιν
1276 4155 1654 4218 ἀναλλοιώτως
1698 4157 1762 4210 ὲκ
1819 4161 1914 4210 τοῦ

253 4258 396 4314 κατὰ
447 4254 602 4334 φύσιν
665 4253 806 4322 ἐνὸς,
862 4247 1004 4309 τοῦτ’
1077 4249 1186 4306 ἔστι
1263 4249 1363 4314 τῆς
1419 4246 1576 4302 αὐτοῦ
1633 4245 1912 4334 θεότητος,

252 4331 612 4416 προελθῦντα,
648 4343 735 4397 καὶ
784 4341 858 4402 εἰς
918 4341 1197 4413 μετουσίαν
1227 4343 1332 4392 τῶν
1361 4336 1568 4414 ἀγαθῶν
1599 4333 1758 4390 αὐτοῦ
1815 4331 1914 4398 τὴν

255 4435 604 4514 ἀνθρωπίνην
663 4429 930 4488 καλοῦντα
983 4426 1369 4506 ταπεινότητα,
1421 4424 1575 4497 εἴπερ
1619 4425 1708 4480 καὶ
1747 4425 1912 4496 ἡμεῖς

253 4511 556 4594 ἔπιτήδειοι
615 4521 927 4602 φαινοίμεθα
985 4521 1114 4598 πρὸς
1170 4519 1268 4584 τὴν
1330 4515 1466 4574 κατὰ
1517 4511 1736 4588 δύναμιν
1770 4511 1910 4590 ἀφοο

255 4618 518 4692 μοίωσιν,

2003 3523 2290 3593 insinuat,
2324 3522 2466 3582 dum
2503 3523 2710 3584 eadem
2766 3524 3010 3598 revelat,
3049 3534 3107 3585 et
3135 3524 3368 3604 dividit,
3402 3535 3459 3586 et
3482 3544 3649 3586 com-

2003 3611 2350 3673 munionem
2374 3611 3078 3686 distribuit,sensibiliter
3099 3613 3256 3675 enim
3275 3614 3338 3674 in
3359 3613 3644 3692 symbolis

2001 3703 2072 3763 ad
2094 3702 2283 3762 vivum
2313 3701 2591 3780 exprimit
2644 3701 2822 3762 vitam
2849 3711 3110 3764 nostram
3135 3701 3492 3782 spiritalem,
3525 3706 3645 3764 Do-

2001 3790 2226 3852 minum
2262 3797 2530 3851 nostrum
2574 3791 2778 3852 Jesum
2811 3791 3140 3866 Christum,
3176 3811 3246 3853 ex
3301 3791 3505 3856 abdito
3539 3792 3643 3855 illo

2003 3879 2230 3954 divino,
2266 3879 2494 3942 scilicet
2519 3879 2908 3942 immutabilis
2923 3881 3269 3961 divinitatis,
3299 3881 3642 3946 omnimoda

2003 3986 2258 4045 veraque
2280 3977 2338 4030 et
2363 3969 2626 4048 perfecta
2669 3969 3079 4033 incarnatione
3123 3991 3194 4034 ex
3216 3981 3420 4034 nostra
3439 3981 3648 4036 natura

2003 4060 2402 4134 eﬂ‘ormatum,
2433 4067 2488 4119 et
2521 4059 2594 4120 ad
2627 4057 2954 4141 dividuam,
3002 4060 3232 4122 scilicet
3269 4062 3641 4125 materiatam

2002 4157 2266 4212 nostram
2295 4157 2591 4220 naturam,
2627 4147 2988 4212 immutabili
3011 4151 3240 4213 ratione
3270 4169 3341 4213 ex
3379 4172 3450 4214 eo
3484 4153 3646 4233 quod

1998 4247 2311 4301 estnatura
2331 4257 2436 4298 sua
2453 4257 2660 4313 unum,
2693 4238 2748 4300 id
2769 4248 2860 4300 est
2889 4245 3144 4319 ipsamet
3170 4241 3476 4302 divinitate
3511 4260 3648 4321 pro-

1995 4329 2378 4401 deuntem,et
2401 4327 2718 4388 humanam
2751 4339 3013 4390 nostram
3033 4331 3429 4392 humilitatem
3456 4333 3526 4392 ad
3546 4333 3646 4392 bo-

1998 4437 2210 4480 norum
2235 4435 2480 4478 suorum
2517 4417 3036 4497 participationem
3069 4419 3439 4494 invitantem,
3475 4421 3646 4482 dum-

2001 4507 2175 4570 modo
2210 4515 2265 4568 et
2298 4525 2405 4566 nos
2439 4525 2556 4566 non
2591 4505 2775 4585 inepti
2813 4507 3116 4570 videamur
3136 4508 3212 4568 ad
3265 4509 3422 4590 ejus,
3448 4509 3646 4586 quoad

2001 4597 2130 4658 ﬂeri
2165 4603 2380 4677 potest,
2416 4594 2898 4656 similitudinem.

339 4703 554 4780 §XIV.
619 4704 868 4760 Εντεῦθεν
921 4699 1213 4788 μετασχὼν
1271 4699 1298 4753 ὁ
1355 4695 1639 4774 ἱεράρχης,
1670 4692 1762 4788 K91}-
1815 4712 1913 4766 με-

2081 4687 2110 4766 §
2139 4682 2634 4747 XIVJlierarcha
2665 4685 2883 4747 deinde
2905 4688 3649 4762 communicaus,commu-

253 4779 476 4866 ταὲίσὺς,
535 4794 608 4856 εἷς
656 4789 998 4870 εὐχαριστίαν
1057 4785 1378 4864 καταλήγει·
1445 4790 1660 4861 Πρῶτον
1720 4779 1774 4836 δὲ
1818 4801 1918 4854 με’

253 4881 620 4960 ταλαμϐανει,
665 4883 756 4938 καὶ
814 4879 952 4937 οὕτω
1015 4875 1381 4954 μεταδίδωσιν·
1437 4873 1516 4930 ὅτι
1567 4871 1650 4928 δεῖ
1709 4873 1918 4949 πρῶτον

253 4977 312 5034 ἐν
375 4975 630 5051 μετουσίᾳ
681 4970 920 5050 γενέσθαι
981 4969 1069 5024 καὶ
1113 4963 1496 5044 ἀποπληρώσει
1545 4969 1652 5019 τῶν
1685 4961 1916 5038 ἀγαθῶν,

251 5068 348 5124 καὶ
378 5049 506 5120 εἷθ’
562 5049 705 5120 οῦτωγ
745 5055 1103 5136 μεταδιδόναι·
1159 5059 1367 5126 πρῶτον
1421 5057 1779 5133 φωτισθῆναι,
1836 5049 1922 5104 καὶ

253 5157 404 5214 οὕτω
435 5151 690 5228 φωτίσαι,
729 5151 822 5206 Διὸ
853 5151 941 5204 καί
971 5155 1125 5205 τοῦτο
1157 5145 1222 5214 δὴ
1254 5145 1601 5225 ποριζόμεθα,
1627 5140 1711 5197 ὅτι
1741 5139 1920 5200 κακῶς

253 5252 510 5304 ποιοῦσιν
556 5241 780 5312 οἵτινες,
817 5237 1048 5294 διδακτοὶ
1110 5239 1186 5312 μὴ
1241 5233 1388 5298 ὄντες
1445 5243 1600 5312 Θεοῦ,
1665 5229 1922 5287 διδάσκειν

254 5337 656 5414 ἐπιχειροῦσιν.
731 5340 804 5391 Ως
853 5329 953 5406 γὰρ
1016 5326 1101 5382 ἐπὶ
1143 5327 1250 5383 τῶν
1280 5325 1520 5394 ἡλιακῶν
1579 5321 1803 5377 ἀκτίνων
1839 5317 1925 5374 καὶ

249 5408 568 5482 νῦέλων
591 5419 736 5499 ἔχει,
772 5417 852 5474 ὅτι
885 5417 1098 5494 πρῶτον
1129 5417 1189 5472 τὸ
1215 5423 1326 5496 φῶς
1363 5413 1620 5494 δέχονται
1654 5413 1700 5467 οἱ
1750 5408 1920 5478 ὕελοι,

251 5518 294 5584 ἧ
325 5517 392 5571 τὸ
422 5512 610 5590 κέρας,
641 5511 677 5574 ἦ
729 5507 858 5564 ἄλλο
902 5529 952 5563 τι
983 5512 1088 5562 τῶν
1117 5503 1411 5586 διαφανῶς),
1443 5505 1528 5560 καὶ
1555 5500 1660 5558 εἶθ’
1693 5499 1830 5556 οὕτω
1862 5499 1922 5553 τὸ

255 5610 373 5670 φῶς
408 5589 542 5681 προς
575 5600 644 5655 τά
685 5597 821 5654 ἄλλα
879 5595 1310 5675 ἕποχετεύουσιψ
1365 5592 1503 5650 οἶὶτω
1561 5591 1648 5648 καὶ
1707 5589 1794 5645 ἐπὶ
1830 5595 1924 5647 τοῦ

343 5797 368 5828 ι
407 5783 548 5845 Luc.
587 5793 739 5854 χχιι,
781 5775 878 5838 19.

2005 4778 2368 4856 nionemque
2387 4773 3083 4850 distribuens,desinitin
3109 4781 3430 4855 gratiarum
3458 4779 3648 4840 actio-

2003 4864 2435 4928 nem.Primum
2471 4869 2668 4926 autem
2701 4864 2827 4944 ipse
2851 4869 3276 4947 communicat,
3311 4881 3372 4930 et
3402 4869 3488 4929 sic
3516 4867 3648 4930 dis-

2006 4954 2214 5018 tribuit
2243 4978 2258 5032 ;
2291 4963 2525 5034 oportet
2547 4954 2707 5015 enim
2737 4955 2994 5034 primum
3019 4975 3150 5018 esse
3196 4959 3546 5039 participem
3578 4977 3647 5021 ac

2006 5047 2246 5128 plenum
2280 5044 2596 5118 bonorum,
2633 5063 2698 5105 ac
2723 5045 2946 5108 deinde
2971 5048 3058 5108 sic
3090 5047 3491 5124 distribuere;
3523 5048 3652 5128 pri-

2008 5153 2167 5196 mum
2195 5131 2548 5204 illuminari,
2582 5151 2650 5194 ac
2684 5134 2904 5197 deinde
2937 5135 3300 5201 illuminare.
3363 5137 3652 5210 Quocirca

2009 5225 2150 5288 214
2183 5239 2500 5285 censemus
2523 5221 2656 5283 illos
2683 5225 2838 5287 male
2861 5243 3062 5307 agere,
3098 5227 3198 5307 qui
3221 5245 3358 5287 cum
3385 5245 3504 5287 non
3534 5227 3656 5288 sint

2009 5315 2170 5378 docti
2202 5331 2233 5374 a
2259 5313 2402 5382 Deo.
2436 5313 2654 5374 docere
2688 5325 3079 5394 praesumunt.
3135 5315 3654 5388 Quemadmodum

2009 5405 2170 5468 enim
2204 5403 2262 5462 in
2291 5400 2587 5462 solaribus
2619 5403 2800 5464 radiis
2833 5422 2901 5466 ac
2933 5405 3098 5467 vitris
3128 5423 3192 5467 se
3233 5423 3328 5466 res
3357 5404 3558 5480 habet,
3593 5413 3656 5467 ut

2007 5497 2156 5558 vitra
2191 5509 2511 5572 cornuave,
2537 5493 2628 5554 vel
2647 5492 2776 5555 alia)
2809 5513 2906 5556 res
2933 5501 3374 5575 transparentes
3397 5493 3656 5576 primum

2009 5585 2211 5648 lumen
2231 5579 2620 5662 recipiant,ac
2641 5581 2860 5646 deinde
2885 5582 2971 5645 sic
2997 5583 3202 5648 lumen
3223 5583 3296 5648 ad
3319 5583 3434 5648 alia
3454 5591 3653 5648 trans-
