4042 6490
277 407 389 471 477
1286 406 1385 469 DE
1431 405 1738 468 ECCLES.
1808 405 2258 485 HlERARCH,
2303 405 2467 470 CAP.
2517 405 2622 471 1V.
3539 407 3656 476 478

273 546 399 621 πρὸς
490 539 762 620 ζωηφόρον
846 540 1127 621 υἱοθεσίαν,
1213 540 1539 621 ἐπιστροφὴν
1623 539 1677 597 δὲ
1773 541 1918 620 ἱερὰν

2011 540 2138 604 Pari
2168 558 2376 602 rursus
2402 541 2577 604 modo
2603 540 2834 605 cantica
2864 540 3316 623 Scripturarum
3347 552 3528 624 atque
3560 547 3651 610 le-

276 642 543 692 ποιοῦνται
599 634 702 688 τῶν
761 631 960 710 ἐναγῶς
1051 632 1468 710 ἐνεργουμένων,
1532 632 1809 712 ἀφαιροῦσι
1870 630 1922 686 δὲ

2011 630 2234 692 ctiones
2265 630 2516 692 rudibus
2545 633 2741 694 adhuc
2770 633 2984 695 animis
3017 634 3089 696 ad
3112 635 3344 698 vitalem
3378 637 3656 718 adoptio-

274 723 368 790 τήν
425 721 664 779 ἓναντίαν
713 723 900 779 πτοίαν
945 722 1033 778 καὶ
1094 720 1260 787 θέλειν
1290 719 1356 772 95
1409 723 1469 776 ὲκ
1516 727 1623 776 τῶν
1658 719 1922 800 ἀνάνδρως

2011 738 2143 781 nem
2193 720 2678 794 obstetricantur,
2719 732 2776 785 et
2821 742 3025 785 eorum
3077 725 3244 806 quia
3287 726 3656 790 daemonibus

276 811 688 890 ἐνεργουμένων,
744 813 805 868 τὸ
865 816 963 879 τῆς
1008 809 1266 873 θεοειδοῦς
1313 810 1467 876 ἕξεως
1511 813 1598 867 καὶ
1653 809 1922 883 δυνάμεως

2011 818 2581 887 vexantur,sanctam
2599 816 3443 894 promoventconversionem,
3472 835 3656 898 pavo—

274 900 562 965 ἀκρότατον
632 900 910 978 ἇναλόγως
982 905 1163 963 αὐτοῖς
1223 899 1613 960 ὐποδεικνῦσαι·
1678 898 1793 957 καθ’
1853 900 1919 968 ἢν

2011 916 2253 980 remque
2268 901 2633 963 contrarium
2657 911 2714 964 et
2729 903 3066 982 pellicatum
3079 905 3542 968 abolenteorum
3558 907 3659 986 qui

271 989 714 1067 ἑκδειματώσουσι
772 990 978 1066 μᾶλλον
1032 989 1097 1041 96
1149 993 1294 1051 αὐτοὶ
1322 991 1414 1056 τὰς
1465 990 1698 1054 ἐναντίας
1759 988 1919 1045 δυνά-

2011 1007 2037 1049 a
2059 989 2326 1051 daemone
2353 993 2893 1070 propterignaviam
2923 995 3316 1075 arripiuntur,
3345 997 3486 1057 dum
3524 997 3666 1057 218

272 1103 410 1160 μεις,
444 1082 534 1137 καὶ
585 1082 682 1149 τῆς
713 1082 907 1158 ἑτέρων
950 1082 1176 1160 ἰατρείας
1236 1083 1647 1161 προστήσονται,
1678 1082 1740 1137 τὸ
1798 1083 1921 1136 θεο-

275 1173 524 1246 μιμῆτως
582 1172 835 1239 ἀκίνητον
869 1172 967 1248 μὲν
1012 1171 1071 1227 ἐκ
1127 1179 1234 1228 τῶν
1290 1172 1496 1227 οἰκείων
1557 1170 1758 1241 καλῶν,
1793 1172 1922 1248 πρὸς

273 1260 320 1318 δὲ
360 1262 455 1326 τὰς
508 1261 751 1326 ἐναντίας
795 1265 979 1328 πτοίας
1034 1259 1348 1341 δραστήριον
1406 1264 1502 1320 οὒκ
1550 1260 1768 1340 ἔχοντες
1814 1262 1918 1335 μό-

273 1373 378 1425 νον,
409 1350 549 1407 ἀλλὰ
599 1353 688 1408 καὶ
739 1351 1077 1428 δωρούμενοι·
1147 1365 1267 1417 τοῖς
1305 1350 1360 1407 δὲ
1405 1353 1477 1413 εἰς
1527 1351 1645 1407 νοῦν
1676 1351 1814 1428 ἱερὸν
1866 1348 1926 1406 ἐκ

274 1447 372 1498 τῶν
425 1443 698 1520 χειρόνων
755 1443 1210 1522 μεταφοιτήσασιν
1270 1439 1375 1507 ἓξιν
1445 1443 1587 1520 ἱερὰν
1644 1441 1924 1497 ἆντίθενται

275 1532 395 1609 πρὸς
425 1537 502 1603 τῷ
524 1529 590 1581 97
623 1531 703 1606 μὴ
733 1529 880 1595 αὗθις
931 1533 1034 1587 ὑπὸ
1063 1531 1250 1594 κακίας
1283 1530 1507 1587 ἁλῶναι·
1561 1531 1679 1592 τοὺς
1711 1528 1763 1586 δὲ
1795 1530 1926 1606 πρὸς

276 1621 331 1675 τὸ
379 1619 524 1676 εἶναι
585 1621 890 1699 πανάγνους
963 1618 1163 1686 ἐνδεεῖς
1223 1619 1416 1683 τελέως
1491 1619 1924 1698 ἂπακαθαίρουσι⁹

2008 1080 2292 1140 nimirum
2320 1080 2461 1160 illis,
2491 1090 2560 1141 ad
2598 1082 2832 1142 illorum
2879 1091 3138 1162 captum,
3164 1093 3318 1147 statu
3354 1085 3666 1148 deiformis

2008 1185 2077 1231 ac
2107 1168 2337 1230 virtutis
2377 1170 2660 1232 verticem
2695 1180 3074 1252 proponunt;
3129 1175 3287 1236 unde
3319 1176 3404 1248 fit,
3445 1183 3508 1236 ut
3537 1174 3656 1255 ipsi

2009 1259 2202 1339 potius
2225 1259 2488 1321 adversis
2510 1261 2909 1340 potestatibus
2931 1265 3148 1325 terrori
3171 1267 3500 1346 sint,atque
3531 1283 3653 1327 caa-

2008 1349 2150 1409 teris
2175 1367 2416 1428 quoque
2437 1350 2716 1412 curandis
2740 1353 3157 1432 prmliciantur,
3182 1355 3254 1415 ad
3275 1354 3382 1418 Dei
3408 1354 3650 1434 quidem

2009 1437 2398 1500 imitationem
2434 1437 2606 1500 bonis
2633 1441 2892 1520 pr0priis
2941 1443 3208 1519 stabiliti,
3241 1444 3525 1506 adversus
3553 1463 3655 1506 au-

2014 1537 2132 1591 tem
2167 1535 2426 1589 terrores
2456 1529 2788 1591 contrarios
2821 1550 2939 1592 non
2975 1539 3198 1595 tantum
3244 1533 3652 1598 eﬂicacitatem

2013 1616 2371 1694 obtinentes,
2406 1637 2608 1681 verum
2643 1620 2816 1681 etiam
2861 1620 3216 1700 largientes:
3249 1623 3322 1684 iis
3353 1642 3493 1686 vero
3551 1623 3656 1700 qui

277 1719 390 1772 τοὺς
450 1707 506 1765 δὲ
563 1711 736 1790 ἱεροὺς
797 1711 1015 1790 ἄγουσιν
1087 1711 1172 1768 ἐπὶ
1230 1711 1325 1773 τὰς
1395 1711 1534 1775 θείας
1587 1710 1790 1774 εἰκόνας
1843 1711 1922 1766 καῖ

2014 1724 2086 1768 ex
2115 1707 2528 1786 iniquitatibus
2541 1708 2611 1769 ad
2633 1718 2892 1771 mentem
2925 1721 3186 1773 sanctam
3210 1713 3659 1789 redierunt,ha-

277 1797 496 1874 ὲποψίας
545 1805 721 1861 αὐτῶν
766 1803 853 1858 καὶ
911 1802 1214 1858 κοινωνίας⁶
1271 1802 1489 1857 ἒστιῶσι
1536 1798 1589 1856 δὲ
1632 1800 1752 1865 τοὺς
1791 1823 1922 1855 παν-

2013 1795 2198 1858 bitum
2233 1798 2550 1878 quemdam
2599 1808 2867 1860 sanctum
2902 1799 3191 1876 inferunt,
3225 1821 3302 1862 ne
3343 1803 3658 1883 iniquitate

277 1889 430 1966 ιέρους
456 1888 544 1963 98,
610 1890 665 1947 ἒν
722 1891 1000 1968 μάκαρίοις
1045 1892 1133 1948 καὶ
1176 1903 1396 1957 νοητοῖς
1447 1890 1705 1964 θέάμασιν
1782 1889 1922 1946 ἄλο-

2013 1888 2208 1949 denuo
2223 1888 2779 1970 capiantur;quibus
2795 1897 2988 1952 autem
3017 1891 3089 1952 ad
3115 1891 3518 1954 omnimodam
3547 1911 3660 1971 pu-

271 1979 564 2059 πληροῦσαι
611 1981 672 2037 τὸ
703 1979 925 2047 ἔνοειδὲς
983 1983 1154 2039 αὐτῶν
1183 1987 1275 2038 τοῦ
1325 1980 1464 2061 ἐνὸς,
1499 1982 1586 2037 καὶ
1644 1979 1922 2037 ἆνοποιοῦ-

270 2092 372 2133 σαι,

2007 1977 2243 2039 ritatem
2302 1977 2628 2060 quidquam
2685 1978 2874 2060 deest,
2911 1980 3044 2040 illos
3074 1980 3333 2056 perfecte
3377 1987 3664 2063 expiant;

2004 2077 2241 2129 sanctos
2287 2086 2431 2130 vero
2488 2069 2562 2130 ad
2592 2068 2881 2148 imagines
2929 2070 3158 2132 divinas
3193 2082 3251 2134 et
3309 2073 3658 2134 earumdem

268 2159 592 2220 contuitum
626 2165 802 2241 atque
832 2161 1198 2223 consortium
1231 2169 1624 2244 promovent;
1660 2166 1908 2242 pascunt
1940 2158 2148 2219 itidem
2182 2177 2285 2219 eos
2333 2158 2433 2238 qui
2456 2159 2579 2238 jam
2615 2159 2787 2238 plane
2819 2161 3004 2221 sancti
3039 2170 3195 2238 sunt,
3233 2161 3422 2224 beatis
3451 2180 3519 2224 ac
3545 2161 3668 2242 spi-

268 2247 527 2312 ritalibus
573 2250 1013 2331 spectaculibus
1038 2268 1246 2315 eorum
1280 2251 1746 2314 uniformitatem
1782 2268 1900 2310 uno
1947 2248 2048 2310 illo
2077 2248 2476 2329 adimplentes
2503 2256 2562 2308 et
2593 2248 2964 2312 unificantes.

1857 2411 1887 2492 δ
1935 2410 2035 2474 1v.

346 2535 401 2592 Τί
453 2533 508 2592 δέ
545 2558 567 2611 ;
617 2536 753 2617 Οὗχὶ
784 2540 870 2595 καὶ
924 2539 1017 2603 τὰς
1064 2539 1140 2614 μὴ
1198 2541 1372 2607 πάντη
1416 2540 1670 2618 καθαρὰς,
1705 2541 1778 2595 ὧν
1819 2535 1921 2604 ἤδη

277 2628 480 2702 μνήμην
539 2625 942 2703 ἐποιησάμεθα,
992 2630 1187 2709 τάξεις,
1247 2631 1456 2707 ἆμιγῶς
1505 2627 1748 2708 ἀπολύει,
1787 2627 1923 2684 κατὰ

276 2718 357 2772 τὸν
399 2715 557 2772 αὑτὸν
591 2722 689 2784 τῆς
736 2717 995 2784 συνάξεως
1043 2721 1266 2798 τρόπον,
1300 2723 1332 2788 ἡ
1379 2726 1616 2798 παροῦσα
1662 2722 1748 2773 νῦν
1812 2717 1923 2794 ἱερᾶ

277 2804 606 2880 τελετουργία
661 2806 748 2880 99,
783 2809 964 2885 μόνοις
1023 2809 1076 2864 ἓν
1121 2808 1314 2865 εἰκόσιν
1369 2809 1616 2888 ὁρωμένη
1673 2820 1791 2870 τοῖς
1847 2809 1925 2864 ἰε-

280 2908 381 2973 ροῖς
442 2895 553 2970 ίθθ,
618 2899 706 2953 καὶ
763 2902 893 2976 πρὸς
976 2901 1156 2973 μόνων
1227 2898 1439 2974 ἀμέσως
1499 2904 1604 2953 τῶν
1662 2897 1923 2975 πανιέρων

279 2987 610 3066 ίεραρχικαῒς
703 2987 1011 3067 ἀναγωγαῖς
1087 2988 1486 3063 ὲποπτευομένη
1558 2989 1643 3043 καὶ
1713 2990 1922 3066 ἱερουρ-

279 3075 555 3152 γουμένη;
626 3079 800 3134 Ταῦτα
836 3079 933 3150 μὲν
991 3077 1079 3134 οὖν
1109 3076 1211 3146 ἤδη
1257 3077 1515 3138 πολλάκις
1575 3079 1712 3152 ἡμῖν
1770 3079 1922 3154 εἰρη-

279 3163 397 3238 μένα
443 3167 696 3244 περιττόν
728 3166 869 3224 ἐστιν
899 3167 946 3243 ί,
983 3170 1053 3231 ὼς
1109 3168 1290 3247 οἶμαι,
1323 3181 1440 3230 τοῖς
1495 3170 1675 3232 αὐτοῖς
1719 3167 1922 3222 ἐπάνα-

276 3254 477 3311 κυκλεϊν
505 3255 538 3306 3
593 3256 799 3338 λόγοις,
836 3261 922 3315 καὶ
953 3260 1028 3334 μὴ
1064 3259 1192 3337 πρὸς
1242 3260 1306 3314 τὰ
1340 3257 1460 3324 eam
1507 3256 1802 3332 μεταϐῆναι
1833 3259 1924 3312 τὸν

276 3343 517 3425 ἷεράρχην
589 3346 778 3408 ἐνθέως
871 3350 1098 3426 δρῶντας
1179 3349 1281 3403 ὑπὸ
1352 3345 1658 3406 δυοκαίδεκα
1716 3344 1922 3423 πτέρυξι

277 3435 800 3511 περικεκαλυμμένον
861 3435 1058 3518 ἔχοντα
1123 3438 1182 3493 td
1239 3441 1386 3494 Oa‘ov
1447 3438 1630 3516 μύρον,
1679 3441 1764 3490 καὶ
1823 3427 1981 3500 τήνο

279 3527 677 3601 παναγεστάτην
762 3523 845 3583 ἐπ’
934 3529 1076 3600 αὖτῷ
1177 3527 1447 3582 τελείωσιν
1530 3529 1915 3605 ἱερουργοῦντα.

277 3613 504 3688 Τέλωμεν
559 3616 759 3685 τοίνυν,
821 3618 894 3678 ὡς
966 3623 1000 3684 ἡ
1066 3625 1157 3674 τοῦ
1226 3618 1390 3696 μύρου
1467 3615 1701 3678 σῦνθεσις
1766 3637 1920 3670 συνα-

279 3705 416 3780 γωγή
488 3705 571 3770 τίς
623 3705 766 3761 ἐστιν
824 3706 1061 3763 εὖπνόων
1125 3705 1262 3763 δλιῦν
1321 3707 1376 3763 ἐν
1436 3708 1596 3782 ἑαυτῇ
1653 3703 1918 3768 πλουσίως

281 3790 469 3871 ἔχουσα
513 3796 816 3861 ποιότητας
850 3797 1127 3872 εὖόσμους,
1163 3801 1226 3864 ἧς
1280 3798 1326 3852 οἱ
1359 3798 1724 3875 μετασχόντες
1780 3794 1918 3850 55w-

285 3879 559 3963 διὰζονται,
594 3887 729 3942 κατὰ
759 3890 857 3953 τὴν
904 3886 1186 3964 ἀναλογίαν
1239 3894 1330 3942 τοῦ
1360 3893 1527 3943 ποσοῦ
1556 3888 1656 3952 τῆς
1701 3885 1921 3962 ἐγγενο-

288 3971 437 4044 μένης
495 3979 686 4038 αὗτοϊς
726 3983 818 4032 τοῦ
876 3975 1098 4039 εὐώδους
1163 3975 1446 4051 μεθέξεως,
1486 3975 1817 4049 Πεπείσμεθα
1870 3972 1924 4028 δὲ

289 4062 420 4117 εἶναι
467 4067 563 4120 τὸν
611 4066 1042 4145 θεαρχικώτατον
1102 4065 1306 4133 ἰησοῦν
1355 4066 1672 4144 ὑπερουσίως
1729 4061 1922 4142 εὒώδη,

290 4168 499 4220 νοηταῖς
574 4152 846 4212 διαδόσεσι
908 4157 967 4213 τὸ
1044 4157 1224 4234 νοερὸν
1296 4158 1451 4230 ἡμῶν
1522 4153 1931 4231 ἀποπληροῦντα

285 4245 412 4308 θείας
442 4243 670 4312 ἡδονῆς.
710 4247 765 4301 Εἰ
802 4246 896 4324 γάρ
956 4245 984 4312 ἦ
1031 4251 1138 4300 τῶν
1170 4249 1433 4313 αἰσθητῶν
1466 4243 1672 4300 εὒωδῶν
1702 4244 1733 4293 ὅ
1781 4242 1930 4298 ἀντί-

279 4330 462 4414 ληψις,
494 4335 750 4391 εὒπαθεϊν
811 4335 963 4392 ποιεί
995 4337 1082 4392 καὶ
1126 4335 1308 4414 τρέφει
1349 4336 1442 4390 σὺν
1478 4333 1635 4409 ἣδονῇ
1663 4332 1840 4409 πολλῇ
1872 4334 1931 4388 τὸ

276 4429 371 4476 τὼν
401 4426 716 4504 ὀσφραντιιιν
774 4427 929 4500 ἡμῶν
963 4423 1285 4500 διακριτικὸν

1296 4475 1310 4505 ,
1343 4424 1498 4504 εἴπερ
1555 4422 1780 4486 ἀϐλαϐές
1813 4444 1868 4480 τε
1900 4423 1932 4471 4

273 4511 356 4578 εἴη
399 4516 482 4570 καὶ
537 4516 671 4592 πρὸς
732 4516 794 4571 τὸ
856 4514 1046 4578 εὒῶδες
1094 4515 1148 4571 ἐν
1208 4515 1502 4592 συμμετρίᾳ
1559 4511 1923 4598 κατάλληλον,

2088 2533 2239 2606 Quid
2263 2534 2479 2614 porro?
2499 2535 2776 2615 Nunquid
2813 2535 2990 2597 etiam
3026 2554 3288 2617 praesens
3309 2553 3440 2617 qum
3474 2533 3654 2595 modo

2009 2623 2346 2685 celebratur
2372 2625 2746 2688 consecratio
2772 2626 3016 2687 ordines
3047 2626 3181 2688 illos
3201 2627 3300 2707 qui
3335 2644 3449 2685 non
3482 2624 3657 2704 plane

2009 2714 2212 2774 mundi
2251 2723 2410 2787 sunt,
2450 2733 2702 2794 quorum
2748 2723 2922 2776 antea
2966 2717 3327 2777 mentionem
3378 2714 3654 2789 fecimus,

2007 2805 2433 2884 impromiscue
2457 2804 2803 2885 dimittit,eo
2829 2806 3004 2866 modo
3024 2825 3138 2886 quo
3167 2808 3226 2869 fit
3262 2808 3321 2866 in
3340 2805 3566 2885 synaxi,
3599 2812 3660 2865 et

2005 2897 2062 2954 in
2084 2893 2267 2955 sacris
2291 2902 2516 2954 tantum
2551 2895 2910 2971 imaginibus
2935 2897 3343 2976 cernitur400‘,
3369 2904 3427 2957 et
3459 2913 3492 2954 a
3512 2893 3657 2954 solis

2008 2985 2146 3046 viris
2170 2985 2570 3048 sanctissimis
2593 2987 2652 3046 in
2685 2988 3077 3048 hierarchicis
3103 2987 3406 3067 anagogiis
3436 2993 3656 3047 imme-

2004 3075 2162 3135 diate
2189 3076 2557 3154 conspicitur
2585 3095 2652 3137 ac
2673 3076 3010 3139 celebratur
3032 3083 3060 3139 ?
3089 3078 3338 3150 Verum,
3367 3077 3490 3138 haec
3520 3092 3655 3136 cum

2007 3164 2648 3244 anobissznpenumero
2664 3165 2824 3227 dicta
2847 3166 3497 3247 sint,supervacaneum
3524 3181 3658 3225 esse

2007 3254 2266 3316 arbitror
2286 3255 2498 3316 iisdem
2534 3256 2728 3316 verbis
2754 3265 3054 3336 repetere,
3083 3259 3225 3337 quin
3253 3258 3450 3336 potius
3474 3255 3546 3316 ad
3581 3272 3654 3316 ea

2009 3363 2140 3424 quze
2169 3357 2505 3425 sequuntur
2551 3346 2934 3426 transeundo,
2970 3347 3308 3426 pontificem
3356 3346 3657 3407 videamus

2007 3434 2114 3494 alis
2147 3433 2464 3495 duodecim
2500 3433 2834 3496 obvelatum
2899 3445 3264 3514 unguentum
3299 3453 3530 3497 sacrum
3563 3441 3658 3495 te-

2009 3532 2274 3592 nentem,
2303 3540 2368 3583 ac
2390 3522 2770 3602 purissimum
2800 3526 2858 3585 in
2884 3544 2953 3586 eo
2976 3533 3408 3586 sacramentum
3439 3541 3657 3584 conse-

2005 3625 2300 3673 crantem.
2335 3612 2616 3674 Dicamus
2645 3614 3140 3694 igitur,nnguenti
3165 3613 3656 3696 compositionem

2003 3702 2411 3763 collectionem
2445 3703 2760 3782 quamdam
2787 3723 2916 3764 esse
2946 3704 3328 3780 fragrantium
3377 3700 3659 3763 materia-

2004 3810 2164 3872 rum,
2190 3810 2323 3871 qua:
2353 3792 2412 3851 in
2437 3809 2500 3852 se
2513 3793 2731 3854 affatim
2753 3794 3164 3855 suaveolentes
3186 3793 3456 3855 continet
3474 3790 3660 3871 quali-

2011 3891 2182 3956 tates,
2209 3881 2380 3960 cujus
2407 3881 2506 3962 qui
2535 3884 2849 3963 participes
2881 3884 3196 3957 exsistnnt,
3232 3884 3430 3944 odoris
3459 3881 3657 3942 suavi-

2010 3977 2128 4031 tate
2149 3970 2444 4044 aﬂlantur,
2483 3974 2868 4051 proportione
2898 3972 3212 4050 fragrantis
3245 3991 3376 4053 quae
3406 3972 3520 4033 illis
3557 3970 3655 4032 in-

2010 4069 2100 4122 est
2147 4060 2637 4141 participationis.
2686 4065 2914 4123 Scimus
2958 4075 3182 4143 autem,
3227 4062 3658 4123 divinissimum

2018 4150 2392 4212 illumJesum
2408 4151 3063 4231 suprasubstantialiter
3083 4153 3440 4230 fragrantem
3455 4150 3660 4230 ,spiri-

2014 4240 2234 4300 talibus
2287 4239 2811 4302 distributionibus
2842 4250 3067 4320 partem
3115 4243 3299 4303 nostri
3329 4242 3658 4322 spiritalem

2015 4330 2213 4389 divina
2248 4330 2538 4408 voluptate
2556 4348 2854 4392 recreare.
2891 4329 2948 4392 Si
2972 4331 3128 4391 enim
3163 4350 3361 4391 rerum
3395 4329 3660 4390 sensibio

2017 4419 2159 4480 lium
2215 4419 2616 4479 suaveolentia
2669 4429 2959 4498 nostrum,
2999 4421 3173 4480 modo
3236 4438 3414 4480 sanus
3467 4428 3525 4479 et
3574 4419 3660 4479 rei

2011 4508 2326 4568 odoriferae
2344 4507 2540 4567 debita
2557 4509 2944 4587 proportione
2975 4510 3458 4569 accommodatus
3470 4509 3546 4569 sit
3575 4509 3662 4569 ol-

274 4601 538 4682 ἆναλόγως
597 4603 658 4659 ἄν
687 4627 768 4668 τις
813 4606 942 4685 φαίη
979 4609 1066 4662 καὶ
1110 4607 1203 4669 τὰς
1252 4605 1436 4683 νοερᾶς
1477 4608 1632 4678 ἡμῶν
1684 4602 1922 4677 δυνάμεις

2011 4598 2228 4659 factum
2268 4596 2418 4659 bene
2451 4596 2658 4668 afficit,
2697 4606 2754 4657 et
2789 4617 2996 4676 magna
3031 4617 3167 4659 cum
3203 4599 3500 4679 voluptate
3532 4601 3659 4678 alit,

275 4693 394 4768 πρὸς
436 4696 533 4762 τὴν
598 4695 684 4752 ἐπὶ
713 4697 777 4752 τὸ
832 4709 1022 4775 χεῖρον
1048 4694 1227 4774 ὕφεσιν
1289 4695 1709 4774 ἆπαραφθάρτως
1755 4693 1786 4741 5
1815 4691 1922 4747 3L1-

2013 4689 2217 4749 eadem
2255 4691 2457 4766 utique
2489 4687 2722 4747 ratione
2754 4687 2912 4762 dicat
2944 4688 3181 4767 aliquis,
3214 4690 3517 4766 spiritales
3547 4708 3658 4749 no-

277 4783 546 4865 κειμένας,
581 4786 632 4841 ἐν
682 4791 750 4861 τῇ
805 4786 899 4842 τοῦ
943 4784 996 4841 ἐν
1054 4787 1187 4859 ἡμῖν
1248 4791 1482 4863 κριτικοῦ
1513 4789 1708 4864 φασικῇ
1737 4782 1918 4860 ῥώσει,

2011 4789 2156 4838 stras
2205 4777 2535 4851 facultates,
2572 4776 2621 4835 si
2674 4775 2833 4837 nulla
2882 4778 2940 4837 in
2987 4777 3203 4838 malum
3263 4779 3662 4859 propensioae

276 4873 402 4926 κατὰ
444 4876 510 4930 τὰ
565 4876 846 4953 θεουργικᾶ
903 4875 1070 4950 μέτρα
1132 4876 1219 4930 καὶ
1274 4875 1373 4940 τὴν
1429 4871 1773 4939 κατάλληλον
1831 4878 1922 4928 τοῦ

2011 4875 2304 4946 corruptae
2335 4865 2580 4942 fuerint,
2617 4867 2873 4927 naturali
2907 4868 3162 4942 quodam
3189 4868 3400 4947 judicii
3433 4869 3657 4948 vigore,

281 4962 387 5022 νοὸς
445 4966 575 5042 πρὸς
645 4966 707 5020 τὸ
766 4968 912 5021 θεῖον
977 4965 1326 5042 ἐπιστροφὴν,
1382 4963 1434 5020 ἐν
1495 4962 1780 5037 ἀντιλήψει
1826 4963 1922 5027 τῆς

2011 4957 2341 5020 secundum
2368 4955 2586 5016 divina:
2612 4956 2973 5035 operationis
2998 4959 3204 5018 modos
3219 4977 3663 5039 congruamque

281 5051 560 5132 θεαρχικῆς
642 5053 854 5118 εὐωδίας
926 5055 1180 5133 γίνεσθαι,
1257 5055 1346 5110 καὶ
1433 5055 1710 5115 εὐπαθείας
1784 5055 1922 5129 ἱερᾶς

2013 5048 2226 5108 mentis
2247 5046 2318 5107 ad
2351 5044 2536 5106 Deum
2570 5047 3047 5121 conversionem,
3077 5048 3260 5109 divini
3282 5048 3487 5110 odoris
3518 5067 3658 5112 sua-

1591 5168 1849 5235 VARLZE
1892 5165 2326 5233 LECTIONES.

357 5275 418 5360 9§
447 5278 656 5360 φέρουσι
701 5279 756 5336 δὲ
789 5281 884 5348 τὴν
919 5279 1156 5337 ἐναντίαν
1187 5279 1221 5348 ἣ
1244 5277 1450 5336 τοιάνδε
1487 5277 1747 5360 κάθελξιν,
1781 5278 1854 5342 Μ,
1891 5277 1984 5341 Sc.
2013 5276 2077 5326 96
2107 5275 2363 5360 μάλιῖτα,
2401 5275 2476 5337 Μ.
2523 5273 2584 5360 97
2614 5277 2744 5352 πρὸς
2768 5275 2850 5354 τό,
2887 5274 3252 5360 δοκξδιιὶᾳθθ
3281 5277 3442 5338 hunc
3468 5278 3661 5338 locum

288 5354 360 5416 ita
388 5354 564 5420 ha'bél
593 5363 669 5423 Μ.
700 5363 912 5434 ἑστιῷαι
945 5360 998 5416 δὲ
1027 5362 1171 5438 τοὺς,
1207 5360 1466 5439 πανιέρως
1499 5363 1552 5415 ἓν
1584 5354 1861 5437 μακαρίοις
1894 5361 1981 5416 καὶ
2014 5365 2215 5429 νοητῷς
2247 5357 2522 5439 θεάμασιν,
2554 5355 2957 5439 itaquevertit
2995 5356 3090 5418 SC.
3130 5355 3433 5439 lie/icitur!
3464 5368 3665 5421 autem

291 5440 570 5514 quosdam
602 5441 1020 5503 sacratissime
1050 5441 1113 5500 in
1159 5435 1814 5513 beatisinvisibiliter,
1853 5451 1967 5502 etc.
2031 5440 2093 5489 99
2127 5438 2509 5514 τεκιεσιουργία,
2543 5435 2672 5517 (ἰὴν
2712 5435 2792 5480 ¹⁰⁰
2820 5450 2936 5501 τοῖς
2973 5435 3283 5517 ὁρωπένοὶς,
3325 5438 3432 5499 Ch.
3479 5439 3548 5500 D.
3583 5442 3662 5502 Μ.

289 5519 419 5601 Scot
442 5521 631 5595 vertit,
668 5521 974 5584 obtutibus
995 5521 1249 5582 divinis.
1289 5519 1385 5564 400'
1426 5521 1959 5601 Refertinterpres
1995 5518 2388 5601 masculinum
2422 5516 2679 5601 ἱεροῖς,βά
2712 5516 3063 5577 femininum
3115 5516 3302 5580 εἰκόσι.
3331 5517 3503 5580 Unde
3527 5539 3664 5582 sus-

294 5597 431 5674 picio
465 5603 644 5662 oritur
674 5604 818 5664 verti
853 5619 1047 5682 posse:
1073 5620 1108 5661 a
1131 5617 1358 5662 SANCTIS
1387 5596 1839 5682 inimaginibus
1872 5611 2096 5662 tantum
2127 5599 2465 5682 cernityga
2487 5596 2872 5682 solis_nzttem_
2900 5613 3289 5682 sithrtsstMts
3320 5601 3670 5663 immediate

292 5683 727 5761 conspicitur...
917 5685 1181 5745 PATROL.
1245 5683 1263 5723 Ῑ
1295 5685 1431 5761 ἡμῖν
1461 5675 1629 5761 ἐστιν,
1663 5682 1740 5746 Μ.
1803 5683 1831 5725 2
1861 5680 2277 5761 ἐπανακδκλουν,
2314 5677 2423 5740 Cll.
2485 5675 2762 5761 θεῦωδίας-
2794 5680 2881 5736 καὶ
2912 5676 3126 5754 ἡδονῆς,
3163 5680 3228 5744 D,
3255 5688 3362 5757 τῷν
3396 5684 3665 5757 αἱσθητῷς

295 5757 487 5836 εὒωδῷν
517 5764 578 5827 S,
614 5767 642 5834 ἡ
675 5768 774 5845 γὰρ
804 5771 910 5839 τῷν
942 5765 1230 5839 αἰσθητῴν,
1269 5764 1344 5824 Μ.
1378 5760 1477 5825 Sc.
1537 5760 1564 5803 ⁴
1591 5757 1646 5819 τέ
1678 5781 1796 5826 ηοη
1824 5762 2000 5825 habet
2031 5763 2111 5826 Μ.
2170 5760 2197 5801 ⁵
2228 5757 2698 5837 ἀπαραθραύστως,
2735 5759 2807 5820 D.
