4042 6462
357 362 475 427 4⁵19

1529 365 1590 426 S.
1643 362 1982 426 DIONYSII
2017 363 2546 428 AREOPAGITIE.

3623 362 3750 430 480

357 502 532 564 vitate
550 499 1023 582 perfundi,atque
1037 516 1206 563 sacra
1237 498 1493 581 quadam
1510 497 1814 578 voluptate
1835 502 1895 558 et
1916 496 2012 558 di-

2097 496 2424 574 πληροῦσθαι
2469 501 2556 556 καί
2584 499 2859 568 θειοτάτης
2904 497 3126 582 τροφῆς.
3163 500 3362 560 Οὑκοῦν
3390 501 3424 570 ἡ
3453 506 3546 558 τοῦ
3578 500 3749 581 μύρου

360 589 666 653 vinissimo
683 589 964 653 alimento
987 591 1212 653 satiari.
1246 589 1505 670 lpsamet
1526 589 1699 667 igitur
1726 591 2009 666 unguenti

361 681 612 760 mystica
641 681 1016 759 compositio,
1051 681 1192 741 2I9
1222 679 1393 756 quasi
1433 681 1492 741 in
1526 677 1879 754 ﬁguratione
1907 695 2008 739 re-

356 789 488 833 rum
505 768 1532 850 inﬁgurabilium,ipsummet.Iesum
1552 767 1724 829 nobis
1741 767 2011 846 depingit

357 879 492 923 esse
511 860 732 921 fontem
760 859 1078 934 uberem,e
1102 878 1222 937 quo
1245 858 1579 919 divinorum
1606 857 2007 918 odorumsua-

355 950 563 1013 vitates
579 949 1104 1024 liauriuntur,dum
1123 946 1607 1029 proportionibus
1626 945 2003 1026 divinoprin-

359 1039 652 1120 cipalibus
682 1039 741 1100 in
774 1047 1004 1100 mentes
1036 1039 1291 1100 maxime
1336 1037 1664 1099 deiformes
1696 1035 2002 1097 divinissi-

361 1149 490 1192 mos
516 1129 650 1192 illos
669 1129 913 1210 spiritus
939 1128 1215 1204 infundit,
1243 1126 1458 1208 quibus
1479 1125 1736 1188 suaviter
1764 1125 2010 1202 affecta},

356 1219 662 1298 sacrisque
690 1217 1179 1299 perceptionibus
1209 1218 1423 1298 plenae,
1453 1216 1709 1297 spiritali
1729 1215 2014 1279 alimonia

359 1309 769 1390 perfruuntur,
794 1308 931 1368 dum
966 1307 1384 1369 suaveolentes
1407 1307 1531 1368 istae
1561 1304 2014 1369 distributiones

358 1399 554 1463 divina
613 1397 934 1478 largitione
992 1397 1323 1479 spiritalem
1383 1397 1600 1461 animae
1672 1396 2010 1477 portionem

361 1487 642 1557 subeunt.
1414 1522 1417 1526 -

2090 586 2385 664 συμϐολική
2442 590 2696 661 σύνθεσις,
2745 592 2818 656 ὡς
2875 590 2929 648 ὲν
2973 590 3246 672 μορφώσει
3308 595 3414 648 τῶν
3478 590 3748 671 ἄμορφό-

2087 699 2221 755 των,
2251 679 2408 735 αὑτὸν
2463 681 2600 754 ἡμῖν
2630 680 2922 760 ὑπογρέφει
2980 681 3070 736 tbi
3106 677 3307 747 Ἰησοῦν
3341 694 3583 758 πηγαῖον
3615 679 3749 739 ὄντα

2087 774 2194 824 τῶν
2263 767 2416 824 θείων
2500 765 2706 825 εὑωδῶν
2776 767 3112 845 ἀντιλήψεων
3187 767 3370 846 ὄλϐον,
3433 769 3749 848 ἂναλογίαις

2085 860 2405 936 θεαρχικαϊς
2455 858 2527 922 εἷς
2558 859 2622 914 τὰ
2673 855 3100 916 θεοειδέσταταδ
3154 864 3260 915 τῶν
3310 859 3502 936 νοερῶν
3558 857 3747 916 ἀναδι-

2087 944 2242 1004 δόντο,
2271 947 2390 1013 τοὺς
2439 949 2736 1012 θειοτάτους
2779 949 2999 1025 ἀτμοὺς,
3048 949 3128 1028 ἐφ’
3174 952 3260 1012 οἷς
3313 951 3359 1006 οἱ
3403 950 3518 1013 νόες
3570 951 3747 1006 εὑπα-

2086 1040 2189 1102 θῶς
2245 1035 2518 1112 ἡδόμενοι,
2564 1039 2652 1094 καὶ
2705 1045 2812 1095 τῶν
2873 1041 3026 1118 ἱερῶν
3083 1039 3423 1115 ἀντιλήψεων
3482 1038 3748 1107 ἀποπλη-

2099 1127 2364 1206 ρούμενοί,
2396 1133 2565 1206 τροφῇ
2622 1134 2787 1205 νοητῇ
2839 1133 3205 1208 χρῶνται,τῆ
3261 1130 3392 1208 πρὸς
3452 1151 3513 1186 τ’)
3559 1131 3750 1204 νοερὸν

2100 1217 2268 1274 αὐτῶν
2325 1215 2544 1275 εἷσδύσει
2598 1223 2702 1276 τῶν
2748 1219 2884 1276 κατὰ
2929 1218 3070 1276 θείαν
3113 1216 3316 1295 μέθεξιν
3357 1216 3564 1278 εὐωδῶν
3617 1217 3750 1276 δια-

2097 1304 2316 1371 δόσεων,

1980 1622 2122 1701 5v.

437 1758 726 1826 Existimo
758 1771 953 1826 autem
987 1781 1118 1825 esse
1155 1769 1560 1846 perspicuum,
1595 1758 2008 1843 superioribus
2030 1763 2069 1815 Β

360 1852 666 1929 essentiis,
704 1861 907 1934 utpote
966 1853 1380 1922 divinioribus,
1415 1853 1654 1916 fontalis
1684 1849 2018 1931 fragrantia;

358 1938 821 2000 distributionem
855 1945 1331 2015 propinquiorem
1361 1942 1784 2017 quodammodo
1814 1941 2018 1997 existe-

358 2045 449 2105 re,
483 2031 795 2111 magisque
841 2052 906 2096 se
938 2034 1054 2096 illis
1104 2053 1458 2115 expromere
1509 2053 1578 2096 ac
1627 2032 2010 2106 distribuere,

361 2128 586 2200 partem
614 2123 964 2185 eorumdem
993 2126 1247 2188 maxime
1275 2125 1628 2187 deiiormem
1660 2121 2014 2202 virtutisque

362 2209 648 2288 spiritalis
669 2215 1121 2292 capacissimam
1141 2215 1364 2276 aﬁ‘atim
1389 2214 1832 2286 mundando,ac
1859 2211 1978 2272 mul
1996 2247 2012 2258 -

361 2299 651 2381 tipliciter
669 2301 1012 2384 subeundo;
1039 2305 1110 2366 ad
1132 2304 1754 2382 inferioresautem,et
1776 2303 1875 2382 qui
1896 2320 2014 2362 non

361 2405 530 2471 atque
547 2409 793 2473 capaces
815 2404 979 2473 sunt,
1003 2412 1341 2475 supremam
1369 2394 1527 2455 illam
1553 2391 2015 2474 contemplatio-

361 2496 496 2540 nem
521 2487 699 2562 atque
712 2485 1198 2546 communionem
1215 2493 1562 2545 reverenter
1581 2481 2014 2561 contrahendo,

361 2569 638 2649 ejusdem
659 2573 1694 2654 participrtionem,instillationibus
1707 2590 1908 2634 eorum
1925 2589 2018 2633 ca-

359 2659 481 2739 ptui
499 2663 984 2743 accommodatis,
1015 2663 1479 2744 divinaquadam
1501 2663 1883 2744 proportione
1904 2660 2014 2722 de-

351 2748 566 2811 rivare.
631 2750 794 2814 Ordo
825 2752 1026 2832 itaque
1069 2752 1417 2834 Seraphim,
1447 2752 1547 2834 qui
1595 2760 1832 2814 sanctas
1885 2750 2016 2812 illas

352 2839 520 2895 nobis
539 2841 978 2900 excellentiores
996 2845 1273 2900 essentias
1304 2858 1475 2913 supra
1509 2844 1739 2899 modum
1760 2849 2011 2912 superat,

352 2929 412 2991 in
435 2929 547 2991 alis
577 2930 899 2994 duodecim
935 2933 1327 3012 signiﬁcatur,
1347 2942 1545 2994 astans
1571 2934 1709 2995 Jesu
1741 2940 1798 2992 et
1830 2949 2014 3010 prope

354 3019 550 3098 ipsum
579 3021 928 3103 collocatus,
946 3022 1303 3084 beatissimis
1328 3023 1458 3101 ejus
1480 3021 2012 3101 contemplationi-

2172 1756 2338 1816 ’Ἐστι
2368 1758 2448 1835 δὲ,
2482 1759 2556 1822 ὡς
2587 1758 2984 1837 οϊμαι,“δῆλον,
3017 1759 3098 1818 ὅτι
3144 1764 3268 1826 ταῖς
3301 1760 3429 1839 ὑπὲρ
3476 1761 3616 1836 ἡμᾶς
3651 1762 3750 1820 οὑ-

2100 1850 2260 1918 σίαις,
2297 1852 2366 1916 ὡς
2423 1849 2742 1931 θειοτέραὶς,
2788 1852 2821 1918 ἡ
2853 1853 2952 1918 τῆς
2997 1851 3234 1930 πηγαίοις
3295 1848 3511 1915 εὒωδίας
3550 1847 3750 1907 ἀνάδο-

2099 1961 2180 2004 σις
2240 1939 2492 2018 ἐγγδτὲρα
2522 1940 2637 2004 πώς
2687 1940 2821 2015 ἰστι,
2856 1943 2942 1997 καὶ
2989 1941 3192 2016 μᾶλλον
3241 1940 3406 2009 αὑτὴν
3433 1941 3464 1990 7
3511 1940 3751 2021 ἔκφαίνει

2098 2030 2183 2085 καὶ
2243 2027 2536 2086 διαδίδωσιν
2566 2030 2598 2079 8
2655 2031 2728 2094 εἷς
2773 2033 2834 2087 τὸ
2879 2028 3233 2087 διειδέστατον
3293 2032 3486 2110 αὑτῶν,
3519 2032 3609 2088 καὶ
3659 2031 3752 2088 εὖ·

2098 2121 2308 2177 εκτικὸν
2349 2123 2449 2188 τῆς
2493 2120 2628 2177 κατὰ
2659 2127 2779 2176 vo’iv
2831 2119 3218 2188 ἀντιληπτιχῆς
3252 2118 3523 2196 δυνάμεως
3579 2121 3754 2201 ἀφθό-

2098 2230 2202 2275 νως
2260 2207 2672 2288 ὑπερϐλὺζουσα,
2733 2212 2820 2268 καὶ
2879 2210 3256 2276 πολυπλασίως
3321 2210 3355 2261 9
3412 2209 3750 2286 εἷσδυομὲνηο

2100 2301 2229 2378 πρὸς
2262 2297 2314 2356 δὲ
2345 2301 2411 2356 τὸ.
2465 2302 2570 2357 τῶι
2627 2307 2822 2380 νοερῶν
2881 2300 2940 2351 10
2995 2301 3272 2380 ὑφειμένα,
3319 2302 3513 2377 καὶμὴ
3567 2302 3752 2359 ὡσαύ-

2099 2410 2204 2453 τως
2240 2388 2478 2470 δεκτικὰ,
2510 2391 2611 2458 τὴν
2656 2390 2953 2468 ὑπερτάτην
2983 2389 3031 2432 Η
3064 2392 3344 2470 ἄχράντως
3398 2391 3755 2466 ἀποκρύψασα

2100 2477 2230 2535 θείαν
2282 2480 2370 2535 καὶ
2419 2477 2646 2553 μέθεξιν,
2679 2478 2965 2556 ἆναλόγοις
3022 2485 3128 2534 τῶν
3177 2478 3521 2558 μετεχόντων
3552 2479 3755 2554 ἆτμοτς

2099 2568 2154 2623 ἓν
2215 2568 2507 2646 συμμετρίᾳ
2557 2571 2820 2648 θεαριικῂ
2888 2565 3193 2627 διαδίδοται.
3244 2575 3360 2626 Τῶν
3415 2567 3545 2646 ὑπὲρ
3604 2569 3752 2645 ἡμᾶς

2103 2657 2194 2716 οὗν
2255 2659 2420 2736 ἁγίων
2453 2659 2640 2715 οὑσιῶν
2699 2660 2733 2725 ἡ
2769 2658 2926 2715 τόσον
2989 2657 3344 2735 ὑπερκειμένη
3377 2663 3482 2715 τῶν
3511 2660 3755 2739 Σεραφὶμ.

2098 2748 2265 2823 τάξις,
2301 2748 2354 2804 ἐν
2400 2755 2465 2826 τῇ
2520 2754 2623 2805 τῶν
2678 2749 2952 2827 πτερύγων
2985 2747 3045 2798 12
3093 2747 3453 2806 δυοκαιδεκάδι
3487 2749 3755 2825 σημαίνε-

2097 2860 2206 2911 ται,
2240 2840 2354 2917 περὶ
2397 2841 2488 2894 τὸν
2519 2837 2725 2904 Ἰησοῦν
2775 2839 2981 2895 ἑστῶσα
3032 2841 3122 2895 καὶ
3169 2836 3443 2918 ἱδρυμένη,
3476 2851 3595 2902 τοῖς
3642 2861 3757 2914 μα-

2097 2929 2444 3006 καριωτάτοις
2501 2930 2657 2985 αὑτοῦ
2690 2928 2970 3008 θεάμασιν,
3003 2929 3076 2992 ὡς
3132 2930 3369 3004 θεμιτὸν,
3418 2925 3750 2986 ἐπιϐάλλουσι

2096 3040 2185 3089 σα,
2237 3019 2324 3073 καὶ
2381 3017 2478 3084 τῆς
2536 3023 2737 3085 νοητῆς
2795 3016 3084 3082 διαδόσεως
3141 3019 3296 3098 ἱερῶς
3354 3018 3406 3076 ἐν
3461 3019 3758 3097 πανάγνοις

359 3108 494 3185 bus,
523 3119 807 3189 quantum
839 3113 922 3173 fas
955 3121 1286 3186 est,vacans
1312 3121 1370 3174 et
1402 3110 1686 3192 spiritalis
1719 3107 2009 3171 distribu-

2097 3105 2396 3187 ὑποδοχαῖς
2429 3107 2911 3187 ἀποπληρουμένη,
2946 3109 3034 3164 καὶ
3077 3109 3177 3174 τὴν
3231 3107 3632 3188 πολυύμθητον,
3667 3109 3762 3164 αἱ-

357 3198 604 3260 tionisin
626 3201 1430 3284 sanctissimisreceptaculis
1455 3210 1659 3262 sancte
1685 3199 2010 3279 plenus,et,

357 3299 424 3350 ut
447 3288 712 3351 sensibili
736 3292 910 3353 modo
936 3291 1152 3372 dicam,
1173 3293 1416 3353 multam
1444 3290 1814 3352 decantatam
1848 3290 2010 3351 illam

353 3377 461 3440 Dei
492 3378 725 3442 laudem
754 3381 1257 3443 incessabilivoce
1273 3382 1650 3462 proclamans
1677 3400 1690 3457 ;
1729 3397 1896 3440 sacra
1926 3379 2010 3440 si-

352 3467 596 3546 quidem
624 3471 995 3533 cmlestiuum
1021 3471 1339 3552 spirituum
1362 3471 1616 3548 cognitio
1639 3480 1697 3532 et
1715 3468 2012 3531 indefessa

352 3565 529 3634 est,et
547 3559 813 3622 divinum
831 3561 1012 3623 liabet
1035 3580 1299 3622 amorem
1322 3560 1786 3634 indeﬁcientem;
1813 3559 2003 3620 omni-

353 3667 470 3729 que
489 3650 711 3713 malitia
729 3656 792 3714 et
813 3651 1107 3713 oblivione
1132 3651 1409 3731 superior
1431 3650 1629 3712 existit
1658 3669 1672 3723 ;
1705 3649 1860 3712 unde
1885 3649 2010 3711 cla-

355 3756 486 3799 mor
507 3738 608 3800 ille
629 3739 1024 3815 incessabilis,
1057 3759 1190 3801 meo
1216 3739 1455 3822 quidem
1478 3739 2010 3820 judicio,designat

351 3828 778 3908 sempiternam
811 3847 1018 3891 eorum
1065 3839 1126 3892 et
1159 3829 1614 3904 immutabilem,
1649 3847 1783 3890 cum
1846 3827 2010 3890 omni

353 3917 739 3980 contentione
793 3929 968 4000 atque
1001 3919 1327 3997 gratiarum
1375 3920 1639 3993 actione,
1673 3936 1877 3980 rerum
1910 3916 2008 3979 di-

347 4005 616 4069 vinarum
651 4008 960 4071 scientiam
995 4018 1173 4091 atque
1206 4011 1639 4090 cognitionem.

2096 3198 2301 3263 σθητῶς
2358 3198 2553 3270 εἰπεῖν,
2584 3197 2862 3274 ἆσιγήτοις
2909 3197 3166 3273 στόμασιν
3212 3197 3577 3274 ἆνακράζουσα
3627 3201 3756 3255 θεο-

2095 3285 2299 3366 λογίαν
2375 3288 2405 3355 ἓ,
2458 3287 2556 3365 γὰρ
2613 3288 2726 3365 ἱερὰ
2781 3294 2887 3344 τῶν
2937 3287 3305 3364 ὑπερκοσμίων
3361 3295 3498 3344 νοῶν
3555 3293 3756 3366 γνῶσις

2096 3377 2368 3451 ἆκάματός
2431 3377 2488 3433 τέ
2547 3376 2682 3449 ἐστι,
2730 3378 2817 3433 γαὶ
2873 3376 3244 3444 ἀκατάληκτον
3297 3375 3415 3456 ἔχει
3460 3378 3551 3433 τὸν
3609 3381 3755 3436 θετον

2096 3466 2288 3547 ἔρωτα,
2345 3467 2529 3532 κακίας
2585 3488 2643 3523 τε
2687 3466 2799 3540 ἅμα
2843 3465 3020 3533 πάσης
3080 3467 3379 3546 ὑπέρκειται
3425 3469 3510 3524 καὶ
3553 3465 3752 3536 λήθης.

2093 3557 2234 3638 ὅθεν,
2269 3559 2340 3621 ὡς
2389 3557 2572 3634 οἶμαι,
2607 3557 2667 3612 τὸ
2723 3561 2820 3622 τῆς
2867 3556 3126 3636 ἂσιγήτου
3154 3562 3391 3636 κραυγῆς
3444 3558 3758 3614 ὑπαινίσσε-

2093 3669 2179 3707 ται
2234 3648 2334 3714 τὴν
2386 3645 2594 3703 αἷώνιον
2650 3650 2820 3705 αὒτῶν
2875 3647 2965 3702 καὶ
3025 3645 3390 3722 ἀμετάστατον
3443 3645 3499 3702 ἐν
3557 3669 3754 3705 συντο-

2094 3737 2176 3810 vi;
2234 3738 2380 3814 πάσῃ
2439 3737 2525 3792 καὶ
2581 3736 2893 3816 εὐχαριστίᾳ
2938 3742 3043 3793 τῶν
3101 3737 3252 3793 θείων
3296 3737 3613 3812 επιστήμην
3667 3737 3756 3794 καὶ

2094 3828 2278 3894 νόησιν
2291 3869 2306 3887 ο

1974 4170 2003 4250 §
2046 4169 2146 4232 Vl.

435 4331 825 4414 Incorporeas
884 4333 1126 4414 quidem
1183 4333 1572 4414 proprietates
1631 4331 1936 4412 serapbim
1984 4347 2012 4392 a

2181 4330 2286 4396 Τὰς
2331 4330 2427 4406 μὲν
2471 4329 2559 4388 οὖν
2590 4330 2901 4404 ἀσωμάτους
2959 4336 3065 4387 τῶν
3097 4331 3326 4410 σεραφὶμ
3351 4328 3624 4397 ἰδιότητας
3696 4328 3755 4386 ἐν

356 4420 664 4495 Scripturis
696 4431 888 4481 sancte
919 4424 1231 4481 sensilibus
1257 4422 1460 4494 ﬁguris
1490 4421 1701 4493 quibus
1731 4435 1824 4478 res
1847 4419 2012 4477 intel-

2098 4435 2217 4486 τοῖς
2248 4421 2458 4500 Λογίοις
2489 4422 2770 4487 αἰσθηταῖς
2816 4421 2982 4476 εἰκόσι
3012 4426 3117 4477 τῶν
3147 4420 3354 4486 νοητῶν
3386 4419 3444 4469 15
3485 4420 3748 4500 imputo-

359 4511 573 4571 lectiles
601 4515 931 4584 exprimunt
957 4514 1212 4584 depictas
1238 4515 1293 4570 in
1327 4513 1636 4569 caelestium
1657 4510 2012 4568 hierarchia-

2099 4523 2274 4590 ρικατς
2307 4513 2458 4589 ἱερῶς
2502 4508 3006 4589 ἀναγεγραμμένας,
3041 4509 3097 4565 ὲν
3126 4523 3245 4574 τοῖς
3296 4507 3617 4584 διακόσμοις
3648 4510 3755 4566 τῶν

355 4621 485 4664 rum
518 4602 1030 4682 descriptionibus
1064 4601 1376 4682 praeclare,
1411 4601 1493 4663 uti
1530 4611 1694 4678 puto,
1729 4601 2012 4680 spectavi-

2099 4601 2478 4680 ὑπερουρανίων
2535 4599 2844 4679 ἱεραρχιῶν,
2883 4600 2958 4664 ὡς
3012 4599 3196 4672 οἶμαι,
3229 4597 3407 4656 καλῶς
3453 4597 3755 4674 ἐθεασάμε-

357 4711 510 4772 mus,
543 4692 777 4772 tuisque
807 4691 1178 4771 spiritalibus
1209 4691 1397 4752 oculis
1428 4689 1818 4752 exhibuimus
1852 4707 1867 4764 ;
1905 4689 2008 4750 sed

2097 4693 2182 4765 θα,
2248 4692 2335 4746 καὶ
2397 4702 2517 4752 τοῖς
2561 4701 2681 4752 σοῖς
2737 4701 2944 4765 νοεροϊς
3008 4686 3311 4766 ὀφθαλμοῖς
3369 4686 3750 4762 ’ὑπεδείξαμεν

355 4781 634 4863 quoniam
669 4781 996 4842 etiamnum
1020 4781 1093 4842 iis
1121 4781 1220 4861 qui
1255 4780 1521 4860 pontiﬁci
1551 4789 1900 4842 reverenter
1919 4797 2010 4842 as-

2097 4780 2238 4857 δμως
2269 4777 2452 4847 ἐπειδὴ
2479 4781 2567 4834 καὶ
2616 4784 2703 4834 νῦν
2747 4779 2794 4833 οἱ
2825 4779 2918 4833 τὸν
2948 4778 3208 4857 ίερᾶρχην
3253 4777 3408 4856 ἱερῶς
3443 4780 3748 4856 περιεστῶ-

357 4871 591 4936 sistunt.
615 4869 775 4930 illam
809 4870 998 4947 ipsam
1032 4870 1526 4932 sublimissimam
1559 4869 2002 4931 distinctionem

2097 4892 2203 4950 τες,
2264 4871 2426 4936 αὑτὴν
2477 4871 2611 4944 ἡμῖν
2657 4867 2864 4934 ἐκείνην
2909 4874 3236 4924 ἀποτυποῦτι
3289 4869 3388 4935 τὴν
3443 4868 3751 4946 ὑπερτάτην

357 4957 531 5022 nobis
560 4967 991 5039 repraesentant
1034 4959 1326 5034 breviter,
1361 4959 1576 5020 iterum
1630 4958 2004 5020 immateria-

2097 4958 2439 5034 Βιακότμησιν
2469 4959 2526 5015 ἒτ
2581 4957 2844 5033 ἆπιτομῇ,
2876 4959 2962 5014 καὶ
3004 4963 3092 5014 νῦν
3122 4955 3439 5021 ἆϋλοτάταις
3473 4955 3530 5007 ¹4
3586 4955 3749 5033 ὄψεσι

359 5047 518 5112 libus
571 5047 761 5111 oculis
829 5067 1003 5130 quam
1068 5049 1322 5112 maxime
1383 5049 1732 5112 deiformem
1795 5067 2006 5112 eorum

2097 5051 2188 5119 τὴν
2217 5047 2617 5115 θεοειδεστάτην
2663 5050 2834 5106 αὑτῶν
2879 5045 3115 5126 ἀγλαΐαν
3147 5045 3420 5122 ὀψόμεθα.

359 5137 746 5218 splendorem
781 5137 1284 5222 contemplemur.

1650 5358 1653 5360 -
1683 5317 1951 5384 VARIIE
1992 5316 2436 5384 LECTIONES.

439 5487 475 5540 ϐ
502 5492 574 5554 εἷς
607 5507 726 5552 non
752 5487 934 5552 habet
963 5490 1072 5567 M.,
1105 5489 1212 5553 sed
1236 5489 1516 5553 duntaxat
1543 5489 1922 5567 θεοειδέστερα,
1957 5497 2014 5551 et
2047 5507 2206 5566 mox,
2240 5489 2357 5554 τοὺς
2391 5486 2913 5568 θειοτείτουςδηλοῦν
2945 5486 3172 5568 ατμοὺς,
3203 5501 3335 5568 qua
3364 5485 3571 5568 omnia
3598 5485 3748 5568 red-

369 5566 453 5652 an
500 5533 726 5634 §;,‘.'f"
743 5533 1072 5642 $22313"?
1091 5533 1768 5652 ἕῖἒτῗᾜῗδῗέιδέἓξᾶῖξξ
1784 5533 1922 5652 iii
1957 5533 2014 5622 ξ’
2040 5533 2500 5652 ἐέἐῖῑέιπῖξὲιῷἒξ
2514 5533 2923 5652 ξῦψῖρξίέξῷἷ,
2959 5533 3083 5630 of"
3121 5533 3172 5609 ii
3203 5533 3746 5652 ’ίὲξρῖῖρζέξνζῖἰ

371 5649 494 5722 Sc.;
526 5657 839 5794 untlragque
867 5651 1188 5716 lectionem
1238 5651 1372 5717 Sar.
1407 5645 1756 5736 expressitf
1789 5649 1845 5695 ⁸³
1876 5657 2108 5730 neptim.
2139 5651 2250 5714 Ch.
2286 5648 2346 5714 S.
2409 5650 2483 5711 Μ.
2519 5647 2616 5712 Sc.
2683 5647 2737 5692 43
2761 5645 2847 5706 καὶ
2875 5653 2983 5724 τῷν
3012 5655 3242 5724 νοητῷν,
3279 5647 3362 5711 Μ.
3432 5645 3485 5691 η
3516 5647 3754 5728 ἆγιωτα-

369 5751 513 5794 ταις.
609 5778 622 5793 .
701 5748 755 5794 o.

497 5778 513 5806 ,
544 5778 622 5794 δ’..
660 5778 755 5797 νυ.
