  <div class='ocr_page' id='page_1' title='image "/cluster/home/n/w/nwhite01/storage/ocr_20150623/3/coo.31924054872829/252.png"; bbox 0 0 4042 6416; ppageno 0'>
   <div class='ocr_carea' id='block_1_1' title="bbox 198 313 316 377">
    <p class='ocr_par' dir='ltr' id='par_1_1' title="bbox 198 313 316 377">
     <span class='ocr_line' id='line_1_1' title="bbox 198 313 316 377; baseline 0 -1"><span class='ocrx_word' id='word_1_1' title='bbox 198 313 316 377; x_wconf 81' lang='grc'><strong>489</strong></span> 
     </span>
    </p>
   </div>
   <div class='ocr_carea' id='block_1_2' title="bbox 685 313 3100 400">
    <p class='ocr_par' dir='ltr' id='par_1_2' title="bbox 685 313 3100 400">
     <span class='ocr_line' id='line_1_2' title="bbox 685 313 3100 400; baseline 0 -20"><span class='ocrx_word' id='word_1_2' title='bbox 685 313 783 380; x_wconf 86' lang='lat' dir='ltr'><strong>DE</strong></span> <span class='ocrx_word' id='word_1_3' title='bbox 830 313 1126 382; x_wconf 85' lang='lat' dir='ltr'><strong>ECGLES.</strong></span> <span class='ocrx_word' id='word_1_4' title='bbox 1177 315 1623 400; x_wconf 83' lang='lat' dir='ltr'><strong>HIERARCH.,</strong></span> <span class='ocrx_word' id='word_1_5' title='bbox 1679 321 1842 382; x_wconf 83' lang='lat' dir='ltr'><strong>CAP.</strong></span> <span class='ocrx_word' id='word_1_6' title='bbox 1893 316 1996 383; x_wconf 87' lang='lat' dir='ltr'><strong>IV.</strong></span> <span class='ocrx_word' id='word_1_7' title='bbox 2045 351 2120 364; x_wconf 84' lang='lat'><strong>—-</strong></span> <span class='ocrx_word' id='word_1_8' title='bbox 2151 318 2537 381; x_wconf 81' lang='lat' dir='ltr'><strong>PARAPHR.</strong></span> <span class='ocrx_word' id='word_1_9' title='bbox 2606 317 3100 381; x_wconf 67' lang='lat' dir='ltr'><strong>PACHYMERE</strong></span> 
     </span>
    </p>
   </div>
   <div class='ocr_carea' id='block_1_3' title="bbox 3469 317 3588 385">
    <p class='ocr_par' dir='ltr' id='par_1_3' title="bbox 3469 317 3588 385">
     <span class='ocr_line' id='line_1_3' title="bbox 3469 317 3588 385; baseline 0.017 -2"><span class='ocrx_word' id='word_1_10' title='bbox 3469 317 3588 385; x_wconf 81' lang='grc'><strong>490</strong></span> 
     </span>
    </p>
   </div>
   <div class='ocr_carea' id='block_1_4' title="bbox 197 446 1853 534">
    <p class='ocr_par' dir='ltr' id='par_1_4' title="bbox 197 446 1847 534">
     <span class='ocr_line' id='line_1_4' title="bbox 197 446 1847 534; baseline 0.005 -33"><span class='ocrx_word' id='word_1_11' title='bbox 197 447 254 502; x_wconf 74' lang='grc' dir='ltr'>αῖ</span> <span class='ocrx_word' id='word_1_12' title='bbox 285 469 344 502; x_wconf 87' lang='grc' dir='ltr'><strong>τε</strong></span> <span class='ocrx_word' id='word_1_13' title='bbox 375 446 531 522; x_wconf 77' lang='grc' dir='ltr'>ᾠδαὶ,</span> <span class='ocrx_word' id='word_1_14' title='bbox 565 450 652 504; x_wconf 83' lang='grc' dir='ltr'><strong>καὶ</strong></span> <span class='ocrx_word' id='word_1_15' title='bbox 683 452 734 505; x_wconf 79' lang='grc' dir='ltr'><strong>αἱ</strong></span> <span class='ocrx_word' id='word_1_16' title='bbox 783 448 1132 530; x_wconf 73' lang='grc' dir='ltr'>ἀναγνώσεις,</span> <span class='ocrx_word' id='word_1_17' title='bbox 1168 454 1254 508; x_wconf 88' lang='grc' dir='ltr'><strong>καὶ</strong></span> <span class='ocrx_word' id='word_1_18' title='bbox 1312 455 1346 520; x_wconf 83' lang='grc' dir='ltr'>ἡ</span> <span class='ocrx_word' id='word_1_19' title='bbox 1405 459 1513 510; x_wconf 82' lang='grc' dir='ltr'><strong>τῶν</strong></span> <span class='ocrx_word' id='word_1_20' title='bbox 1567 475 1847 534; x_wconf 50' lang='lat' dir='ltr'><strong>men-Aou-</strong></span> 
     </span>
    </p>
   </div>
   <div class='ocr_carea' id='block_1_5' title="bbox 1941 446 3584 534">
    <p class='ocr_par' dir='ltr' id='par_1_5' title="bbox 1941 450 3584 533">
     <span class='ocr_line' id='line_1_5' title="bbox 1941 450 3584 533; baseline 0.003 -21"><span class='ocrx_word' id='word_1_21' title='bbox 1941 469 2001 514; x_wconf 82' lang='lat' dir='ltr'><strong>ac</strong></span> <span class='ocrx_word' id='word_1_22' title='bbox 2032 453 2494 515; x_wconf 88' lang='lat' dir='ltr'><strong>catechumenos</strong></span> <span class='ocrx_word' id='word_1_23' title='bbox 2511 451 2751 530; x_wconf 91' lang='lat' dir='ltr'><strong>dimitti,</strong></span> <span class='ocrx_word' id='word_1_24' title='bbox 2781 450 2992 513; x_wconf 86' lang='lat' dir='ltr'><strong>eodem</strong></span> <span class='ocrx_word' id='word_1_25' title='bbox 3025 469 3258 533; x_wconf 88' lang='lat' dir='ltr'><strong>quoque</strong></span> <span class='ocrx_word' id='word_1_26' title='bbox 3281 453 3379 515; x_wconf 91' lang='lat' dir='ltr'><strong>hic</strong></span> <span class='ocrx_word' id='word_1_27' title='bbox 3406 453 3584 518; x_wconf 90' lang='lat' dir='ltr'><strong>modo</strong></span> 
     </span>
    </p>
   </div>
   <div class='ocr_carea' id='block_1_6' title="bbox 191 537 1844 617">
    <p class='ocr_par' dir='ltr' id='par_1_6' title="bbox 191 537 1844 617">
     <span class='ocr_line' id='line_1_6' title="bbox 191 537 1844 617; baseline 0.007 -27"><span class='ocrx_word' id='word_1_28' title='bbox 191 537 370 610; x_wconf 83' lang='grc' dir='ltr'>μένων</span> <span class='ocrx_word' id='word_1_29' title='bbox 437 539 692 602; x_wconf 68' lang='grc' dir='ltr'>ἀπόλυσις</span> <span class='ocrx_word' id='word_1_30' title='bbox 751 541 974 617; x_wconf 81' lang='grc' dir='ltr'>γίνεται·</span> <span class='ocrx_word' id='word_1_31' title='bbox 1035 543 1125 597; x_wconf 83' lang='grc' dir='ltr'>τὸν</span> <span class='ocrx_word' id='word_1_32' title='bbox 1183 543 1340 598; x_wconf 65' lang='grc' dir='ltr'>αὺτὸν</span> <span class='ocrx_word' id='word_1_33' title='bbox 1400 545 1594 616; x_wconf 70' lang='grc' dir='ltr'>τρόπον</span> <span class='ocrx_word' id='word_1_34' title='bbox 1637 547 1724 600; x_wconf 82' lang='grc' dir='ltr'><strong>καὶ</strong></span> <span class='ocrx_word' id='word_1_35' title='bbox 1755 546 1844 601; x_wconf 81' lang='grc' dir='ltr'>ἑν-</span> 
     </span>
    </p>
   </div>
   <div class='ocr_carea' id='block_1_7' title="bbox 190 628 1842 714">
    <p class='ocr_par' dir='ltr' id='par_1_7' title="bbox 190 628 1842 714">
     <span class='ocr_line' id='line_1_7' title="bbox 190 628 1842 714; baseline 0.005 -33"><span class='ocrx_word' id='word_1_36' title='bbox 190 632 354 684; x_wconf 75' lang='grc' dir='ltr'>ταῦθα</span> <span class='ocrx_word' id='word_1_37' title='bbox 411 631 476 683; x_wconf 75' lang='grc' dir='ltr'><strong>τα</strong></span> <span class='ocrx_word' id='word_1_38' title='bbox 525 635 741 685; x_wconf 85' lang='grc' dir='ltr'>τοιαῦτα</span> <span class='ocrx_word' id='word_1_39' title='bbox 774 628 1072 692; x_wconf 85' lang='grc' dir='ltr'>τελοῦνται.</span> <span class='ocrx_word' id='word_1_40' title='bbox 1115 635 1272 711; x_wconf 79' lang='grc' dir='ltr'>Εἶτα,</span> <span class='ocrx_word' id='word_1_41' title='bbox 1303 634 1366 688; x_wconf 78' lang='grc' dir='ltr'>τὸ</span> <span class='ocrx_word' id='word_1_42' title='bbox 1396 633 1610 713; x_wconf 82' lang='grc' dir='ltr'>μύρονὸ</span> <span class='ocrx_word' id='word_1_43' title='bbox 1667 635 1842 714; x_wconf 76' lang='grc' dir='ltr'>ἱεράρ-</span> 
     </span>
    </p>
   </div>
   <div class='ocr_carea' id='block_1_8' title="bbox 189 717 1840 802">
    <p class='ocr_par' dir='ltr' id='par_1_8' title="bbox 189 717 1840 802">
     <span class='ocr_line' id='line_1_8' title="bbox 189 717 1840 802; baseline 0.015 -32"><span class='ocrx_word' id='word_1_44' title='bbox 189 739 303 794; x_wconf 74' lang='grc' dir='ltr'>χης</span> <span class='ocrx_word' id='word_1_45' title='bbox 359 717 566 798; x_wconf 70' lang='grc' dir='ltr'>λαϐὼν,</span> <span class='ocrx_word' id='word_1_46' title='bbox 627 718 890 786; x_wconf 76' lang='grc' dir='ltr'>ἐπιτίθησί</span> <span class='ocrx_word' id='word_1_47' title='bbox 951 728 1028 794; x_wconf 83' lang='grc' dir='ltr'>τῷ</span> <span class='ocrx_word' id='word_1_48' title='bbox 1083 721 1205 796; x_wconf 86' lang='grc' dir='ltr'>θείῳ</span> <span class='ocrx_word' id='word_1_49' title='bbox 1255 725 1633 802; x_wconf 76' lang='grc' dir='ltr'>Θυσιαστηρίῳ,</span> <span class='ocrx_word' id='word_1_50' title='bbox 1689 745 1840 798; x_wconf 77' lang='grc' dir='ltr'>περι-</span> 
     </span>
    </p>
   </div>
   <div class='ocr_carea' id='block_1_9' title="bbox 189 809 1838 894">
    <p class='ocr_par' dir='ltr' id='par_1_9' title="bbox 189 809 1838 894">
     <span class='ocr_line' id='line_1_9' title="bbox 189 809 1838 894; baseline 0.004 -32"><span class='ocrx_word' id='word_1_51' title='bbox 189 809 596 884; x_wconf 63' lang='grc' dir='ltr'><strong>κεκαλυμμένον</strong></span> <span class='ocrx_word' id='word_1_52' title='bbox 653 810 846 885; x_wconf 75' lang='grc' dir='ltr'>ῥιπίσιν</span> <span class='ocrx_word' id='word_1_53' title='bbox 905 813 1078 887; x_wconf 76' lang='grc' dir='ltr'>ἁγίαις</span> <span class='ocrx_word' id='word_1_54' title='bbox 1133 814 1206 876; x_wconf 85' lang='grc' dir='ltr'>ὡς</span> <span class='ocrx_word' id='word_1_55' title='bbox 1237 812 1446 892; x_wconf 77' lang='grc' dir='ltr'>πτέρυξι</span> <span class='ocrx_word' id='word_1_56' title='bbox 1508 812 1838 894; x_wconf 72' lang='grc' dir='ltr'>δυοκαίδεκα,</span> 
     </span>
    </p>
   </div>
   <div class='ocr_carea' id='block_1_10' title="bbox 185 896 1840 984">
    <p class='ocr_par' dir='ltr' id='par_1_10' title="bbox 185 896 1840 984">
     <span class='ocr_line' id='line_1_10' title="bbox 185 896 1840 984; baseline 0.005 -32"><span class='ocrx_word' id='word_1_57' title='bbox 185 896 542 955; x_wconf 64' lang='grc' dir='ltr'>ἀναϐοώντων</span> <span class='ocrx_word' id='word_1_58' title='bbox 603 901 815 956; x_wconf 81' lang='grc' dir='ltr'>πάντων</span> <span class='ocrx_word' id='word_1_59' title='bbox 852 903 911 956; x_wconf 80' lang='grc' dir='ltr'>τὸ</span> <span class='ocrx_word' id='word_1_60' title='bbox 945 899 1272 968; x_wconf 80' lang='grc' dir='ltr'>Ἀλληλούϊα</span> <span class='ocrx_word' id='word_1_61' title='bbox 1305 909 1482 972; x_wconf 77' lang='grc' dir='ltr'>(τ;ῦτο</span> <span class='ocrx_word' id='word_1_62' title='bbox 1541 905 1640 984; x_wconf 76' lang='grc' dir='ltr'>γὰρ</span> <span class='ocrx_word' id='word_1_63' title='bbox 1699 903 1840 980; x_wconf 79' lang='grc' dir='ltr'>λέγει</span> 
     </span>
    </p>
   </div>
   <div class='ocr_carea' id='block_1_11' title="bbox 186 986 1842 1071">
    <p class='ocr_par' dir='ltr' id='par_1_11' title="bbox 186 986 1842 1071">
     <span class='ocr_line' id='line_1_11' title="bbox 186 986 1842 1071; baseline 0.003 -30"><span class='ocrx_word' id='word_1_64' title='bbox 186 986 492 1064; x_wconf 75' lang='grc' dir='ltr'>πελῴδημα</span> <span class='ocrx_word' id='word_1_65' title='bbox 544 989 638 1056; x_wconf 70' lang='grc' dir='ltr'>τῆς</span> <span class='ocrx_word' id='word_1_66' title='bbox 685 987 738 1044; x_wconf 84' lang='grc' dir='ltr'><strong>ἐν</strong></span> <span class='ocrx_word' id='word_1_67' title='bbox 787 1003 905 1055; x_wconf 72' lang='grc' dir='ltr'>τοῖς</span> <span class='ocrx_word' id='word_1_68' title='bbox 939 990 1238 1071; x_wconf 69' lang='grc' dir='ltr'>προφήταις</span> <span class='ocrx_word' id='word_1_69' title='bbox 1267 992 1543 1056; x_wconf 83' lang='grc' dir='ltr'>ἐπιπνοίας</span> <span class='ocrx_word' id='word_1_70' title='bbox 1577 1000 1668 1049; x_wconf 87' lang='grc' dir='ltr'><strong>τοῦ</strong></span> <span class='ocrx_word' id='word_1_71' title='bbox 1701 1015 1842 1049; x_wconf 70' lang='grc' dir='ltr'>παν-</span> 
     </span>
    </p>
   </div>
   <div class='ocr_carea' id='block_1_12' title="bbox 187 1079 1842 1161">
    <p class='ocr_par' dir='ltr' id='par_1_12' title="bbox 187 1079 1842 1161">
     <span class='ocr_line' id='line_1_12' title="bbox 187 1079 1842 1161; baseline 0.005 -29"><span class='ocrx_word' id='word_1_72' title='bbox 187 1079 342 1155; x_wconf 83' lang='grc' dir='ltr'>αγίου</span> <span class='ocrx_word' id='word_1_73' title='bbox 397 1079 749 1156; x_wconf 84' lang='grc' dir='ltr'>Πνεύματος),</span> <span class='ocrx_word' id='word_1_74' title='bbox 811 1083 898 1137; x_wconf 69' lang='grc' dir='ltr'><strong>καὶ</strong></span> <span class='ocrx_word' id='word_1_75' title='bbox 953 1081 1354 1161; x_wconf 75' lang='grc' dir='ltr'><strong>ἀποπληρώσας</strong></span> <span class='ocrx_word' id='word_1_76' title='bbox 1411 1083 1514 1150; x_wconf 76' lang='grc' dir='ltr'>τὴν</span> <span class='ocrx_word' id='word_1_77' title='bbox 1568 1080 1652 1139; x_wconf 69' lang='grc' dir='ltr'><strong>ἔπ’</strong></span> <span class='ocrx_word' id='word_1_78' title='bbox 1699 1083 1842 1158; x_wconf 75' lang='grc' dir='ltr'>αὒτῷ</span> 
     </span>
    </p>
   </div>
   <div class='ocr_carea' id='block_1_13' title="bbox 187 1168 1843 1253">
    <p class='ocr_par' dir='ltr' id='par_1_13' title="bbox 187 1168 1843 1253">
     <span class='ocr_line' id='line_1_13' title="bbox 187 1168 1843 1253; baseline 0.005 -31"><span class='ocrx_word' id='word_1_79' title='bbox 187 1169 386 1246; x_wconf 70' lang='grc' dir='ltr'>ε-ὅχὴν,</span> <span class='ocrx_word' id='word_1_80' title='bbox 427 1174 630 1248; x_wconf 74' lang='grc' dir='ltr'>χρῆται</span> <span class='ocrx_word' id='word_1_81' title='bbox 663 1168 852 1227; x_wconf 81' lang='grc' dir='ltr'>λοιπὸν</span> <span class='ocrx_word' id='word_1_82' title='bbox 885 1172 1016 1247; x_wconf 84' lang='grc' dir='ltr'>πρὸς</span> <span class='ocrx_word' id='word_1_83' title='bbox 1071 1177 1245 1230; x_wconf 79' lang='grc' dir='ltr'>πᾶσαν</span> <span class='ocrx_word' id='word_1_84' title='bbox 1302 1171 1498 1253; x_wconf 78' lang='grc' dir='ltr'>σχεδὸν</span> <span class='ocrx_word' id='word_1_85' title='bbox 1559 1175 1843 1252; x_wconf 80' lang='grc' dir='ltr'>ἱεραρχικὴ</span> 
     </span>
    </p>
   </div>
   <div class='ocr_carea' id='block_1_14' title="bbox 187 1257 612 1338">
    <p class='ocr_par' dir='ltr' id='par_1_14' title="bbox 187 1257 612 1338">
     <span class='ocr_line' id='line_1_14' title="bbox 187 1257 612 1338; baseline 0.002 -26"><span class='ocrx_word' id='word_1_86' title='bbox 187 1257 588 1338; x_wconf 74' lang='grc' dir='ltr'>τελεσιουργίαν</span> <span class='ocrx_word' id='word_1_87' title='bbox 599 1308 612 1322; x_wconf 86' lang='grc'><strong>,</strong></span> 
     </span>
    </p>
   </div>
   <div class='ocr_carea' id='block_1_15' title="bbox 843 1353 1196 1432">
    <p class='ocr_par' dir='ltr' id='par_1_15' title="bbox 843 1353 1196 1432">
     <span class='ocr_line' id='line_1_15' title="bbox 843 1353 1196 1432; baseline 0.014 -23"><span class='ocrx_word' id='word_1_88' title='bbox 843 1361 932 1414; x_wconf 89' lang='lat' dir='ltr'><strong>lll.</strong></span> <span class='ocrx_word' id='word_1_89' title='bbox 973 1353 1196 1432; x_wconf 78' lang='grc' dir='ltr'>Θεωρία.</span> 
     </span>
    </p>
   </div>
   <div class='ocr_carea' id='block_1_16' title="bbox 264 1443 1843 1525">
    <p class='ocr_par' dir='ltr' id='par_1_16' title="bbox 264 1443 1843 1525">
     <span class='ocr_line' id='line_1_16' title="bbox 264 1443 1843 1525; baseline 0.003 -23"><span class='ocrx_word' id='word_1_90' title='bbox 264 1443 296 1522; x_wconf 78' lang='lat'>§</span> <span class='ocrx_word' id='word_1_91' title='bbox 359 1454 400 1507; x_wconf 90' lang='grc'><strong>1.</strong></span> <span class='ocrx_word' id='word_1_92' title='bbox 471 1446 656 1511; x_wconf 83' lang='grc' dir='ltr'>Καθὼς</span> <span class='ocrx_word' id='word_1_93' title='bbox 717 1447 807 1502; x_wconf 84' lang='grc' dir='ltr'><strong>καὶ</strong></span> <span class='ocrx_word' id='word_1_94' title='bbox 863 1447 918 1502; x_wconf 82' lang='grc' dir='ltr'><strong>ἐν</strong></span> <span class='ocrx_word' id='word_1_95' title='bbox 976 1461 1093 1510; x_wconf 84' lang='grc' dir='ltr'>τοῖς</span> <span class='ocrx_word' id='word_1_96' title='bbox 1151 1455 1346 1525; x_wconf 81' lang='grc' dir='ltr'>προτοῦ</span> <span class='ocrx_word' id='word_1_97' title='bbox 1412 1449 1693 1524; x_wconf 85' lang='grc' dir='ltr'>πεποίηκε,</span> <span class='ocrx_word' id='word_1_98' title='bbox 1757 1451 1843 1506; x_wconf 85' lang='grc' dir='ltr'><strong>καὶ</strong></span> 
     </span>
    </p>
   </div>
   <div class='ocr_carea' id='block_1_17' title="bbox 183 1535 1847 1618">
    <p class='ocr_par' dir='ltr' id='par_1_17' title="bbox 183 1535 1847 1618">
     <span class='ocr_line' id='line_1_17' title="bbox 183 1535 1847 1618; baseline 0.004 -28"><span class='ocrx_word' id='word_1_99' title='bbox 183 1541 403 1614; x_wconf 77' lang='grc' dir='ltr'>πρῶτον</span> <span class='ocrx_word' id='word_1_100' title='bbox 495 1535 646 1614; x_wconf 78' lang='grc' dir='ltr'>ἔλεγε</span> <span class='ocrx_word' id='word_1_101' title='bbox 737 1537 834 1604; x_wconf 77' lang='grc' dir='ltr'>τὴν</span> <span class='ocrx_word' id='word_1_102' title='bbox 929 1539 1286 1616; x_wconf 69' lang='grc' dir='ltr'><strong>εἰσαγωγικὴν</strong></span> <span class='ocrx_word' id='word_1_103' title='bbox 1357 1538 1646 1618; x_wconf 75' lang='grc' dir='ltr'>ἀναγωγὴν</span> <span class='ocrx_word' id='word_1_104' title='bbox 1715 1542 1847 1618; x_wconf 85' lang='grc' dir='ltr'>πρὸς</span> 
     </span>
    </p>
   </div>
   <div class='ocr_carea' id='block_1_18' title="bbox 181 1625 1844 1706">
    <p class='ocr_par' dir='ltr' id='par_1_18' title="bbox 181 1625 1844 1706">
     <span class='ocr_line' id='line_1_18' title="bbox 181 1625 1844 1706; baseline 0.003 -24"><span class='ocrx_word' id='word_1_105' title='bbox 181 1625 552 1704; x_wconf 75' lang='grc' dir='ltr'>ψυχαγωγίαν</span> <span class='ocrx_word' id='word_1_106' title='bbox 582 1633 688 1682; x_wconf 79' lang='grc' dir='ltr'><strong>τῶν</strong></span> <span class='ocrx_word' id='word_1_107' title='bbox 719 1625 796 1683; x_wconf 76' lang='grc' dir='ltr'>ἔτι</span> <span class='ocrx_word' id='word_1_108' title='bbox 839 1625 1195 1706; x_wconf 83' lang='grc' dir='ltr'>τελουμένων,</span> <span class='ocrx_word' id='word_1_109' title='bbox 1261 1631 1347 1684; x_wconf 82' lang='grc' dir='ltr'><strong>καὶ</strong></span> <span class='ocrx_word' id='word_1_110' title='bbox 1407 1629 1484 1702; x_wconf 75' lang='grc' dir='ltr'>μὴ</span> <span class='ocrx_word' id='word_1_111' title='bbox 1543 1628 1844 1706; x_wconf 85' lang='grc' dir='ltr'>δυναμένων</span> 
     </span>
    </p>
   </div>
   <div class='ocr_carea' id='block_1_19' title="bbox 181 1715 1844 1796">
    <p class='ocr_par' dir='ltr' id='par_1_19' title="bbox 181 1715 1844 1796">
     <span class='ocr_line' id='line_1_19' title="bbox 181 1715 1844 1796; baseline 0.003 -24"><span class='ocrx_word' id='word_1_112' title='bbox 181 1718 320 1794; x_wconf 70' lang='grc' dir='ltr'>πρὸς</span> <span class='ocrx_word' id='word_1_113' title='bbox 353 1715 696 1795; x_wconf 74' lang='grc' dir='ltr'>ὑψηλοτέραν</span> <span class='ocrx_word' id='word_1_114' title='bbox 727 1717 1023 1796; x_wconf 74' lang='grc' dir='ltr'>ἀναχθῆναι</span> <span class='ocrx_word' id='word_1_115' title='bbox 1069 1720 1308 1795; x_wconf 75' lang='grc' dir='ltr'>θεωρίαν·</span> <span class='ocrx_word' id='word_1_116' title='bbox 1365 1717 1499 1775; x_wconf 68' lang='grc' dir='ltr'>οὕτω</span> <span class='ocrx_word' id='word_1_117' title='bbox 1555 1735 1702 1776; x_wconf 83' lang='grc' dir='ltr'>ποιεῖ</span> <span class='ocrx_word' id='word_1_118' title='bbox 1759 1723 1844 1777; x_wconf 77' lang='grc' dir='ltr'>καὶ</span> 
     </span>
    </p>
   </div>
   <div class='ocr_carea' id='block_1_20' title="bbox 1931 541 3584 629">
    <p class='ocr_par' dir='ltr' id='par_1_20' title="bbox 1931 541 3584 629">
     <span class='ocr_line' id='line_1_20' title="bbox 1931 541 3584 629; baseline 0.002 -27"><span class='ocrx_word' id='word_1_119' title='bbox 1931 542 2046 602; x_wconf 84' lang='lat' dir='ltr'><strong>ista</strong></span> <span class='ocrx_word' id='word_1_120' title='bbox 2079 543 2250 604; x_wconf 79' lang='lat' dir='ltr'><strong>fiunt.</strong></span> <span class='ocrx_word' id='word_1_121' title='bbox 2293 542 2520 604; x_wconf 85' lang='lat' dir='ltr'><strong>Deinde</strong></span> <span class='ocrx_word' id='word_1_122' title='bbox 2556 542 2814 622; x_wconf 77' lang='lat' dir='ltr'><strong>pontifex</strong></span> <span class='ocrx_word' id='word_1_123' title='bbox 2845 541 3145 620; x_wconf 87' lang='lat' dir='ltr'><strong>accipiens</strong></span> <span class='ocrx_word' id='word_1_124' title='bbox 3185 555 3584 629; x_wconf 73' lang='lat' dir='ltr'><strong>unguentum,</strong></span> 
     </span>
    </p>
   </div>
   <div class='ocr_carea' id='block_1_21' title="bbox 1930 631 3587 712">
    <p class='ocr_par' dir='ltr' id='par_1_21' title="bbox 1930 631 3587 712">
     <span class='ocr_line' id='line_1_21' title="bbox 1930 631 3587 712; baseline 0.005 -20"><span class='ocrx_word' id='word_1_125' title='bbox 1930 632 2184 712; x_wconf 81' lang='lat' dir='ltr'><strong>imponit</strong></span> <span class='ocrx_word' id='word_1_126' title='bbox 2244 633 2386 694; x_wconf 89' lang='lat' dir='ltr'><strong>illud</strong></span> <span class='ocrx_word' id='word_1_127' title='bbox 2443 633 2642 694; x_wconf 90' lang='lat' dir='ltr'><strong>divino</strong></span> <span class='ocrx_word' id='word_1_128' title='bbox 2696 631 2888 712; x_wconf 92' lang='lat' dir='ltr'><strong>altari,</strong></span> <span class='ocrx_word' id='word_1_129' title='bbox 2923 631 3239 693; x_wconf 82' lang='lat' dir='ltr'><strong>duodecim</strong></span> <span class='ocrx_word' id='word_1_130' title='bbox 3263 637 3446 698; x_wconf 76' lang='lat' dir='ltr'><strong>sacris</strong></span> <span class='ocrx_word' id='word_1_131' title='bbox 3475 637 3587 701; x_wconf 85' lang='lat' dir='ltr'><strong>alis</strong></span> 
     </span>
    </p>
   </div>
   <div class='ocr_carea' id='block_1_22' title="bbox 1929 720 3586 802">
    <p class='ocr_par' dir='ltr' id='par_1_22' title="bbox 1929 720 3586 802">
     <span class='ocr_line' id='line_1_22' title="bbox 1929 720 3586 802; baseline 0.004 -20"><span class='ocrx_word' id='word_1_132' title='bbox 1929 739 2035 782; x_wconf 86' lang='lat' dir='ltr'><strong>seu</strong></span> <span class='ocrx_word' id='word_1_133' title='bbox 2071 720 2282 800; x_wconf 87' lang='lat' dir='ltr'><strong>pennis</strong></span> <span class='ocrx_word' id='word_1_134' title='bbox 2326 721 2684 794; x_wconf 90' lang='lat' dir='ltr'><strong>obvelatum,</strong></span> <span class='ocrx_word' id='word_1_135' title='bbox 2719 720 2998 802; x_wconf 80' lang='lat' dir='ltr'><strong>omnibus</strong></span> <span class='ocrx_word' id='word_1_136' title='bbox 3049 720 3309 784; x_wconf 85' lang='lat' dir='ltr'><strong>Alleluia</strong></span> <span class='ocrx_word' id='word_1_137' title='bbox 3341 727 3586 789; x_wconf 86' lang='lat' dir='ltr'><strong>concla-</strong></span> 
     </span>
    </p>
   </div>
   <div class='ocr_carea' id='block_1_23' title="bbox 1932 809 3584 898">
    <p class='ocr_par' dir='ltr' id='par_1_23' title="bbox 1932 809 3584 898">
     <span class='ocr_line' id='line_1_23' title="bbox 1932 809 3584 898; baseline 0.007 -29"><span class='ocrx_word' id='word_1_138' title='bbox 1932 811 2228 872; x_wconf 89' lang='lat' dir='ltr'><strong>mantibus</strong></span> <span class='ocrx_word' id='word_1_139' title='bbox 2261 813 2400 892; x_wconf 48' lang='lat' dir='ltr'><strong>rhoc</strong></span> <span class='ocrx_word' id='word_1_140' title='bbox 2438 812 2600 872; x_wconf 87' lang='lat' dir='ltr'><strong>enim</strong></span> <span class='ocrx_word' id='word_1_141' title='bbox 2633 821 2798 872; x_wconf 63' lang='lat' dir='ltr'><strong>iocat</strong></span> <span class='ocrx_word' id='word_1_142' title='bbox 2829 809 3136 874; x_wconf 73' lang='lat' dir='ltr'><strong>Canticum</strong></span> <span class='ocrx_word' id='word_1_143' title='bbox 3191 814 3382 874; x_wconf 86' lang='lat' dir='ltr'><strong>sancti</strong></span> <span class='ocrx_word' id='word_1_144' title='bbox 3441 817 3584 898; x_wconf 89' lang='lat' dir='ltr'><strong>Spi-</strong></span> 
     </span>
    </p>
   </div>
   <div class='ocr_carea' id='block_1_24' title="bbox 1927 899 3588 984">
    <p class='ocr_par' dir='ltr' id='par_1_24' title="bbox 1927 899 3588 984">
     <span class='ocr_line' id='line_1_24' title="bbox 1927 899 3588 984; baseline 0.007 -26"><span class='ocrx_word' id='word_1_145' title='bbox 1927 899 2072 960; x_wconf 80' lang='lat' dir='ltr'><strong>ritus</strong></span> <span class='ocrx_word' id='word_1_146' title='bbox 2105 911 2164 962; x_wconf 89' lang='lat' dir='ltr'><strong>et</strong></span> <span class='ocrx_word' id='word_1_147' title='bbox 2191 902 2575 981; x_wconf 65' lang='lat' dir='ltr'><strong>aspirationis</strong></span> <span class='ocrx_word' id='word_1_148' title='bbox 2631 899 3109 982; x_wconf 88' lang='lat' dir='ltr'><strong>prophetarum),</strong></span> <span class='ocrx_word' id='word_1_149' title='bbox 3169 903 3588 984; x_wconf 88' lang='lat' dir='ltr'><strong>completaque</strong></span> 
     </span>
    </p>
   </div>
   <div class='ocr_carea' id='block_1_25' title="bbox 1926 990 3582 1071">
    <p class='ocr_par' dir='ltr' id='par_1_25' title="bbox 1926 990 3582 1071">
     <span class='ocr_line' id='line_1_25' title="bbox 1926 990 3582 1071; baseline 0.005 -21"><span class='ocrx_word' id='word_1_150' title='bbox 1926 1008 2108 1070; x_wconf 83' lang='lat' dir='ltr'><strong>super</strong></span> <span class='ocrx_word' id='word_1_151' title='bbox 2138 1009 2208 1051; x_wconf 91' lang='lat' dir='ltr'><strong>eo</strong></span> <span class='ocrx_word' id='word_1_152' title='bbox 2241 992 2526 1062; x_wconf 75' lang='lat' dir='ltr'><strong>oratione,</strong></span> <span class='ocrx_word' id='word_1_153' title='bbox 2559 1003 2766 1071; x_wconf 88' lang='lat' dir='ltr'><strong>postea</strong></span> <span class='ocrx_word' id='word_1_154' title='bbox 2803 990 2902 1052; x_wconf 93' lang='lat' dir='ltr'><strong>illo</strong></span> <span class='ocrx_word' id='word_1_155' title='bbox 2965 991 3150 1054; x_wconf 79' lang='lat' dir='ltr'><strong>utitur</strong></span> <span class='ocrx_word' id='word_1_156' title='bbox 3204 992 3276 1053; x_wconf 89' lang='lat' dir='ltr'><strong>ad</strong></span> <span class='ocrx_word' id='word_1_157' title='bbox 3339 1013 3582 1059; x_wconf 88' lang='lat' dir='ltr'><strong>omnem</strong></span> 
     </span>
    </p>
   </div>
   <div class='ocr_carea' id='block_1_26' title="bbox 1929 1081 3394 1162">
    <p class='ocr_par' dir='ltr' id='par_1_26' title="bbox 1929 1081 3394 1162">
     <span class='ocr_line' id='line_1_26' title="bbox 1929 1081 3394 1162; baseline 0.004 -20"><span class='ocrx_word' id='word_1_158' title='bbox 1929 1081 2358 1162; x_wconf 81' lang='lat' dir='ltr'><strong>propemodum</strong></span> <span class='ocrx_word' id='word_1_159' title='bbox 2390 1081 2823 1144; x_wconf 90' lang='lat' dir='ltr'><strong>hierarchicam</strong></span> <span class='ocrx_word' id='word_1_160' title='bbox 2856 1083 3394 1150; x_wconf 83' lang='lat' dir='ltr'><strong>consecrationem.</strong></span> 
     </span>
    </p>
   </div>
   <div class='ocr_carea' id='block_1_27' title="bbox 2453 1340 3063 1424">
    <p class='ocr_par' dir='ltr' id='par_1_27' title="bbox 2453 1340 3063 1424">
     <span class='ocr_line' id='line_1_27' title="bbox 2453 1340 3063 1424; baseline 0 -20"><span class='ocrx_word' id='word_1_161' title='bbox 2453 1340 2554 1404; x_wconf 89' lang='lat' dir='ltr'><strong>Ill.</strong></span> <span class='ocrx_word' id='word_1_162' title='bbox 2597 1344 3063 1424; x_wconf 81' lang='lat' dir='ltr'><strong>Contemplatio.</strong></span> 
     </span>
    </p>
   </div>
   <div class='ocr_carea' id='block_1_28' title="bbox 2009 1437 3586 1520">
    <p class='ocr_par' dir='ltr' id='par_1_28' title="bbox 2009 1437 3586 1520">
     <span class='ocr_line' id='line_1_28' title="bbox 2009 1437 3586 1520; baseline 0.005 -21"><span class='ocrx_word' id='word_1_163' title='bbox 2009 1437 2114 1515; x_wconf 83' lang='lat' dir='ltr'><strong>§l.</strong></span> <span class='ocrx_word' id='word_1_164' title='bbox 2172 1437 2686 1510; x_wconf 81' lang='lat' dir='ltr'><strong>Quemadmodum</strong></span> <span class='ocrx_word' id='word_1_165' title='bbox 2753 1437 2926 1500; x_wconf 89' lang='lat' dir='ltr'><strong>etiam</strong></span> <span class='ocrx_word' id='word_1_166' title='bbox 2986 1447 3160 1502; x_wconf 81' lang='lat' dir='ltr'><strong>antea</strong></span> <span class='ocrx_word' id='word_1_167' title='bbox 3214 1439 3492 1520; x_wconf 79' lang='lat' dir='ltr'><strong>faciebat,</strong></span> <span class='ocrx_word' id='word_1_168' title='bbox 3525 1453 3586 1507; x_wconf 90' lang='lat' dir='ltr'><strong>et</strong></span> 
     </span>
    </p>
   </div>
   <div class='ocr_carea' id='block_1_29' title="bbox 1933 1527 3583 1614">
    <p class='ocr_par' dir='ltr' id='par_1_29' title="bbox 1933 1527 3583 1614">
     <span class='ocr_line' id='line_1_29' title="bbox 1933 1527 3583 1614; baseline 0.007 -28"><span class='ocrx_word' id='word_1_169' title='bbox 1933 1527 2189 1605; x_wconf 91' lang='lat' dir='ltr'><strong>primum</strong></span> <span class='ocrx_word' id='word_1_170' title='bbox 2225 1527 2594 1608; x_wconf 87' lang='lat' dir='ltr'><strong>proponebat</strong></span> <span class='ocrx_word' id='word_1_171' title='bbox 2620 1528 3114 1592; x_wconf 65' lang='lat' dir='ltr'><strong>introtluctoriam</strong></span> <span class='ocrx_word' id='word_1_172' title='bbox 3147 1548 3480 1614; x_wconf 82' lang='lat' dir='ltr'><strong>auagogen,</strong></span> <span class='ocrx_word' id='word_1_173' title='bbox 3505 1534 3583 1597; x_wconf 88' lang='lat' dir='ltr'><strong>ad</strong></span> 
     </span>
    </p>
   </div>
   <div class='ocr_carea' id='block_1_30' title="bbox 1930 1616 3586 1702">
    <p class='ocr_par' dir='ltr' id='par_1_30' title="bbox 1930 1616 3586 1702">
     <span class='ocr_line' id='line_1_30' title="bbox 1930 1616 3586 1702; baseline 0.007 -27"><span class='ocrx_word' id='word_1_174' title='bbox 1930 1616 2364 1678; x_wconf 86' lang='lat' dir='ltr'><strong>institutionem</strong></span> <span class='ocrx_word' id='word_1_175' title='bbox 2398 1635 2602 1679; x_wconf 88' lang='lat' dir='ltr'><strong>eorum</strong></span> <span class='ocrx_word' id='word_1_176' title='bbox 2638 1618 2738 1698; x_wconf 91' lang='lat' dir='ltr'><strong>qui</strong></span> <span class='ocrx_word' id='word_1_177' title='bbox 2771 1617 2966 1680; x_wconf 87' lang='lat' dir='ltr'><strong>adhuc</strong></span> <span class='ocrx_word' id='word_1_178' title='bbox 2999 1619 3331 1702; x_wconf 85' lang='lat' dir='ltr'><strong>initiantur,</strong></span> <span class='ocrx_word' id='word_1_179' title='bbox 3367 1641 3480 1686; x_wconf 87' lang='lat' dir='ltr'><strong>nec</strong></span> <span class='ocrx_word' id='word_1_180' title='bbox 3510 1623 3586 1686; x_wconf 88' lang='lat' dir='ltr'><strong>ad</strong></span> 
     </span>
    </p>
   </div>
   <div class='ocr_carea' id='block_1_31' title="bbox 1927 1705 3586 1794">
    <p class='ocr_par' dir='ltr' id='par_1_31' title="bbox 1927 1705 3586 1794">
     <span class='ocr_line' id='line_1_31' title="bbox 1927 1705 3586 1794; baseline 0.006 -28"><span class='ocrx_word' id='word_1_181' title='bbox 1927 1705 2339 1769; x_wconf 86' lang='lat' dir='ltr'><strong>sublimiorem</strong></span> <span class='ocrx_word' id='word_1_182' title='bbox 2366 1707 2932 1789; x_wconf 81' lang='lat' dir='ltr'><strong>contemplationem</strong></span> <span class='ocrx_word' id='word_1_183' title='bbox 2954 1710 3166 1772; x_wconf 88' lang='lat' dir='ltr'><strong>adduci</strong></span> <span class='ocrx_word' id='word_1_184' title='bbox 3199 1721 3473 1794; x_wconf 90' lang='lat' dir='ltr'><strong>possunt,</strong></span> <span class='ocrx_word' id='word_1_185' title='bbox 3499 1716 3586 1778; x_wconf 87' lang='lat' dir='ltr'><strong>sic</strong></span> 
     </span>
    </p>
   </div>
   <div class='ocr_carea' id='block_1_32' title="bbox 179 1797 1853 1898">
    <p class='ocr_par' dir='ltr' id='par_1_32' title="bbox 179 1797 1841 1888">
     <span class='ocr_line' id='line_1_32' title="bbox 179 1797 1841 1888; baseline 0.003 -26"><span class='ocrx_word' id='word_1_186' title='bbox 179 1806 435 1866; x_wconf 71' lang='grc' dir='ltr'>ἐνταῦθα.</span> <span class='ocrx_word' id='word_1_187' title='bbox 474 1797 536 1861; x_wconf 67' lang='grc' dir='ltr'>Ἠ</span> <span class='ocrx_word' id='word_1_188' title='bbox 569 1815 694 1882; x_wconf 70' lang='grc' dir='ltr'>γοῦν</span> <span class='ocrx_word' id='word_1_189' title='bbox 725 1813 816 1862; x_wconf 87' lang='grc' dir='ltr'><strong>τοῦ</strong></span> <span class='ocrx_word' id='word_1_190' title='bbox 845 1807 982 1862; x_wconf 74' lang='grc' dir='ltr'>θείου</span> <span class='ocrx_word' id='word_1_191' title='bbox 1037 1808 1228 1886; x_wconf 75' lang='grc' dir='ltr'>μύρου,</span> <span class='ocrx_word' id='word_1_192' title='bbox 1280 1810 1433 1888; x_wconf 79' lang='grc' dir='ltr'>φησί,</span> <span class='ocrx_word' id='word_1_193' title='bbox 1488 1809 1841 1888; x_wconf 75' lang='grc' dir='ltr'>περίκάλυψις</span> 
     </span>
    </p>
   </div>
   <div class='ocr_carea' id='block_1_33' title="bbox 1941 1797 3588 1898">
    <p class='ocr_par' dir='ltr' id='par_1_33' title="bbox 1941 1797 3588 1898">
     <span class='ocr_line' id='line_1_33' title="bbox 1941 1797 3588 1898; baseline 0.005 -41"><span class='ocrx_word' id='word_1_194' title='bbox 1941 1797 2102 1898; x_wconf 68' lang='lat' dir='ltr'><strong>aliam</strong></span> <span class='ocrx_word' id='word_1_195' title='bbox 2130 1797 2228 1897; x_wconf 67' lang='lat' dir='ltr'><strong>hic</strong></span> <span class='ocrx_word' id='word_1_196' title='bbox 2249 1797 2413 1859; x_wconf 82' lang='lat' dir='ltr'><strong>facit.</strong></span> <span class='ocrx_word' id='word_1_197' title='bbox 2438 1797 2585 1898; x_wconf 45' lang='grc' dir='ltr'><strong>,ΙΙωο</strong></span> <span class='ocrx_word' id='word_1_198' title='bbox 2611 1798 2809 1879; x_wconf 84' lang='lat' dir='ltr'><strong>igitur,</strong></span> <span class='ocrx_word' id='word_1_199' title='bbox 2847 1797 3062 1880; x_wconf 86' lang='lat' dir='ltr'><strong>inquit,</strong></span> <span class='ocrx_word' id='word_1_200' title='bbox 3084 1800 3272 1898; x_wconf 77' lang='lat' dir='ltr'><strong>divini</strong></span> <span class='ocrx_word' id='word_1_201' title='bbox 3298 1810 3588 1882; x_wconf 83' lang='lat' dir='ltr'><strong>unguenti</strong></span> 
     </span>
    </p>
   </div>
   <div class='ocr_carea' id='block_1_34' title="bbox 180 1895 1066 1975">
    <p class='ocr_par' dir='ltr' id='par_1_34' title="bbox 180 1895 1066 1975">
     <span class='ocr_line' id='line_1_34' title="bbox 180 1895 1066 1975; baseline -0.003 -23"><span class='ocrx_word' id='word_1_202' title='bbox 180 1897 322 1952; x_wconf 77' lang='grc' dir='ltr'>κατὰ</span> <span class='ocrx_word' id='word_1_203' title='bbox 355 1895 648 1972; x_wconf 79' lang='grc' dir='ltr'>ἀναγωγὴν</span> <span class='ocrx_word' id='word_1_204' title='bbox 683 1897 1066 1975; x_wconf 76' lang='grc' dir='ltr'>εἰσαγωγικὴν,</span> 
     </span>
    </p>
   </div>
   <div class='ocr_carea' id='block_1_35' title="bbox 181 1985 1840 2065">
    <p class='ocr_par' dir='ltr' id='par_1_35' title="bbox 181 1985 1840 2065">
     <span class='ocr_line' id='line_1_35' title="bbox 181 1985 1840 2065; baseline 0 -23"><span class='ocrx_word' id='word_1_205' title='bbox 181 1985 640 2062; x_wconf 62' lang='grc' dir='ltr'>περικεκαλύφθαι</span> <span class='ocrx_word' id='word_1_206' title='bbox 675 1992 846 2042; x_wconf 82' lang='grc' dir='ltr'>πᾶσαν</span> <span class='ocrx_word' id='word_1_207' title='bbox 879 1987 1012 2044; x_wconf 71' lang='grc' dir='ltr'>κατὰ</span> <span class='ocrx_word' id='word_1_208' title='bbox 1050 1993 1170 2044; x_wconf 88' lang='grc' dir='ltr'>νοῦν</span> <span class='ocrx_word' id='word_1_209' title='bbox 1221 1987 1404 2065; x_wconf 78' lang='grc' dir='ltr'>πρᾶξιν</span> <span class='ocrx_word' id='word_1_210' title='bbox 1465 1987 1658 2056; x_wconf 70' lang='grc' dir='ltr'><strong>εὗώδη’</strong></span> <span class='ocrx_word' id='word_1_211' title='bbox 1721 1987 1840 2055; x_wconf 71' lang='grc' dir='ltr'>’ἥτις</span> 
     </span>
    </p>
   </div>
   <div class='ocr_carea' id='block_1_36' title="bbox 181 2074 1842 2158">
    <p class='ocr_par' dir='ltr' id='par_1_36' title="bbox 181 2074 1842 2158">
     <span class='ocr_line' id='line_1_36' title="bbox 181 2074 1842 2158; baseline 0.004 -28"><span class='ocrx_word' id='word_1_212' title='bbox 181 2074 238 2130; x_wconf 81' lang='grc' dir='ltr'>δέ</span> <span class='ocrx_word' id='word_1_213' title='bbox 269 2077 306 2141; x_wconf 68' lang='grc' dir='ltr'><strong>η</strong></span> <span class='ocrx_word' id='word_1_214' title='bbox 347 2075 611 2152; x_wconf 76' lang='grc' dir='ltr'>ἀναγωγὴ</span> <span class='ocrx_word' id='word_1_215' title='bbox 645 2075 1002 2154; x_wconf 80' lang='grc' dir='ltr'>ἐγκελεύεται,</span> <span class='ocrx_word' id='word_1_216' title='bbox 1039 2077 1115 2151; x_wconf 77' lang='grc' dir='ltr'>μὴ</span> <span class='ocrx_word' id='word_1_217' title='bbox 1169 2081 1489 2156; x_wconf 71' lang='grc' dir='ltr'>φαινομένας</span> <span class='ocrx_word' id='word_1_218' title='bbox 1551 2078 1699 2158; x_wconf 77' lang='grc' dir='ltr'>ἔχειν</span> <span class='ocrx_word' id='word_1_219' title='bbox 1756 2082 1842 2136; x_wconf 70' lang='grc' dir='ltr'><strong>επὶ</strong></span> 
     </span>
    </p>
   </div>
   <div class='ocr_carea' id='block_1_37' title="bbox 1101 1886 1853 1978">
    <p class='ocr_par' dir='ltr' id='par_1_37' title="bbox 1101 1886 1844 1978">
     <span class='ocr_line' id='line_1_37' title="bbox 1101 1886 1844 1978; baseline 0.004 -26"><span class='ocrx_word' id='word_1_220' title='bbox 1101 1886 1304 1974; x_wconf 64' lang='grc' dir='ltr'>ἐκεῖνο,</span> <span class='ocrx_word' id='word_1_221' title='bbox 1338 1899 1523 1978; x_wconf 80' lang='grc' dir='ltr'>οἶμαι,</span> <span class='ocrx_word' id='word_1_222' title='bbox 1555 1886 1739 1976; x_wconf 76' lang='grc' dir='ltr'>δηλοῖ,</span> <span class='ocrx_word' id='word_1_223' title='bbox 1782 1903 1844 1956; x_wconf 79' lang='grc' dir='ltr'><strong>τί)</strong></span> 
     </span>
    </p>
   </div>
   <div class='ocr_carea' id='block_1_38' title="bbox 1941 1886 3584 1978">
    <p class='ocr_par' dir='ltr' id='par_1_38' title="bbox 1941 1886 3584 1968">
     <span class='ocr_line' id='line_1_38' title="bbox 1941 1886 3584 1968; baseline 0.004 -20"><span class='ocrx_word' id='word_1_224' title='bbox 1941 1886 2216 1948; x_wconf 75' lang='lat' dir='ltr'><strong>)bvelatio</strong></span> <span class='ocrx_word' id='word_1_225' title='bbox 2231 1888 2559 1950; x_wconf 86' lang='lat' dir='ltr'><strong>secundum</strong></span> <span class='ocrx_word' id='word_1_226' title='bbox 2579 1907 2885 1968; x_wconf 80' lang='lat' dir='ltr'><strong>anagogen</strong></span> <span class='ocrx_word' id='word_1_227' title='bbox 2907 1890 3424 1966; x_wconf 89' lang='lat' dir='ltr'><strong>introductoriam,</strong></span> <span class='ocrx_word' id='word_1_228' title='bbox 3450 1895 3584 1955; x_wconf 83' lang='lat' dir='ltr'><strong>exi-</strong></span> 
     </span>
    </p>
   </div>
   <div class='ocr_carea' id='block_1_39' title="bbox 1927 1987 3588 2059">
    <p class='ocr_par' dir='ltr' id='par_1_39' title="bbox 1927 1987 3588 2059">
     <span class='ocr_line' id='line_1_39' title="bbox 1927 1987 3588 2059; baseline 0.005 -18"><span class='ocrx_word' id='word_1_229' title='bbox 1927 1987 2118 2052; x_wconf 82' lang='lat' dir='ltr'><strong>stimo,</strong></span> <span class='ocrx_word' id='word_1_230' title='bbox 2143 1987 2429 2058; x_wconf 77' lang='lat' dir='ltr'><strong>signiﬁcat</strong></span> <span class='ocrx_word' id='word_1_231' title='bbox 2455 1989 2804 2059; x_wconf 80' lang='lat' dir='ltr'><strong>fragrantem</strong></span> <span class='ocrx_word' id='word_1_232' title='bbox 2825 2003 3053 2046; x_wconf 84' lang='lat' dir='ltr'><strong>omnem</strong></span> <span class='ocrx_word' id='word_1_233' title='bbox 3077 1990 3382 2048; x_wconf 87' lang='lat' dir='ltr'><strong>mentalem</strong></span> <span class='ocrx_word' id='word_1_234' title='bbox 3407 1991 3588 2050; x_wconf 87' lang='lat' dir='ltr'><strong>actio-</strong></span> 
     </span>
    </p>
   </div>
   <div class='ocr_carea' id='block_1_40' title="bbox 1929 2068 3584 2151">
    <p class='ocr_par' dir='ltr' id='par_1_40' title="bbox 1929 2068 3584 2151">
     <span class='ocr_line' id='line_1_40' title="bbox 1929 2068 3584 2151; baseline 0.007 -24"><span class='ocrx_word' id='word_1_235' title='bbox 1929 2087 2062 2128; x_wconf 86' lang='lat' dir='ltr'><strong>nem</strong></span> <span class='ocrx_word' id='word_1_236' title='bbox 2098 2068 2237 2127; x_wconf 72' lang='lat'><strong>22‘5</strong></span> <span class='ocrx_word' id='word_1_237' title='bbox 2271 2087 2404 2130; x_wconf 88' lang='lat' dir='ltr'><strong>esse</strong></span> <span class='ocrx_word' id='word_1_238' title='bbox 2435 2068 2826 2132; x_wconf 85' lang='lat' dir='ltr'><strong>obvelandam</strong></span> <span class='ocrx_word' id='word_1_239' title='bbox 2863 2091 2878 2150; x_wconf 86' lang='lat'><strong>;</strong></span> <span class='ocrx_word' id='word_1_240' title='bbox 2915 2071 3212 2151; x_wconf 83' lang='lat' dir='ltr'><strong>siquidem</strong></span> <span class='ocrx_word' id='word_1_241' title='bbox 3267 2071 3390 2134; x_wconf 63' lang='lat' dir='ltr'><strong>haec</strong></span> <span class='ocrx_word' id='word_1_242' title='bbox 3435 2092 3584 2138; x_wconf 83' lang='lat' dir='ltr'><strong>ana-</strong></span> 
     </span>
    </p>
   </div>
   <div class='ocr_carea' id='block_1_41' title="bbox 185 2165 1853 2247">
    <p class='ocr_par' dir='ltr' id='par_1_41' title="bbox 185 2165 1844 2247">
     <span class='ocr_line' id='line_1_41' title="bbox 185 2165 1844 2247; baseline 0.002 -25"><span class='ocrx_word' id='word_1_243' title='bbox 185 2165 308 2242; x_wconf 73' lang='grc' dir='ltr'>ὂόξῃ</span> <span class='ocrx_word' id='word_1_244' title='bbox 373 2171 507 2242; x_wconf 82' lang='grc' dir='ltr'>κενῇ</span> <span class='ocrx_word' id='word_1_245' title='bbox 565 2167 658 2229; x_wconf 81' lang='grc' dir='ltr'><strong>τὰς</strong></span> <span class='ocrx_word' id='word_1_246' title='bbox 719 2167 912 2233; x_wconf 81' lang='grc' dir='ltr'>νοητὰς</span> <span class='ocrx_word' id='word_1_247' title='bbox 966 2165 1204 2238; x_wconf 70' lang='grc' dir='ltr'>εὐωδίας,</span> <span class='ocrx_word' id='word_1_248' title='bbox 1240 2171 1327 2224; x_wconf 80' lang='grc' dir='ltr'><strong>καὶ</strong></span> <span class='ocrx_word' id='word_1_249' title='bbox 1359 2169 1721 2247; x_wconf 69' lang='grc' dir='ltr'>ἀφομοιώσεις</span> <span class='ocrx_word' id='word_1_250' title='bbox 1753 2179 1844 2226; x_wconf 83' lang='grc' dir='ltr'><strong>τοῦ</strong></span> 
     </span>
    </p>
   </div>
   <div class='ocr_carea' id='block_1_42' title="bbox 1941 2165 3588 2247">
    <p class='ocr_par' dir='ltr' id='par_1_42' title="bbox 1941 2169 3588 2241">
     <span class='ocr_line' id='line_1_42' title="bbox 1941 2169 3588 2241; baseline 0.006 -18"><span class='ocrx_word' id='word_1_251' title='bbox 1941 2169 2274 2238; x_wconf 66' lang='lat' dir='ltr'><strong>gogejubet,</strong></span> <span class='ocrx_word' id='word_1_252' title='bbox 2313 2170 2550 2226; x_wconf 87' lang='lat' dir='ltr'><strong>minime</strong></span> <span class='ocrx_word' id='word_1_253' title='bbox 2592 2169 2664 2226; x_wconf 88' lang='lat' dir='ltr'><strong>ad</strong></span> <span class='ocrx_word' id='word_1_254' title='bbox 2695 2171 2926 2226; x_wconf 84' lang='lat' dir='ltr'><strong>inanem</strong></span> <span class='ocrx_word' id='word_1_255' title='bbox 2959 2170 3199 2241; x_wconf 78' lang='lat' dir='ltr'><strong>giarium</strong></span> <span class='ocrx_word' id='word_1_256' title='bbox 3251 2179 3588 2241; x_wconf 75' lang='lat' dir='ltr'><strong>apparentes</strong></span> 
     </span>
    </p>
   </div>
   <div class='ocr_carea' id='block_1_43' title="bbox 185 2255 1848 2336">
    <p class='ocr_par' dir='ltr' id='par_1_43' title="bbox 185 2255 1848 2336">
     <span class='ocr_line' id='line_1_43' title="bbox 185 2255 1848 2336; baseline 0.002 -24"><span class='ocrx_word' id='word_1_257' title='bbox 185 2257 409 2335; x_wconf 58' lang='grc' dir='ltr'>κρυφίου</span> <span class='ocrx_word' id='word_1_258' title='bbox 447 2259 602 2318; x_wconf 75' lang='grc' dir='ltr'>Θεοῦ,</span> <span class='ocrx_word' id='word_1_259' title='bbox 639 2255 956 2336; x_wconf 76' lang='grc' dir='ltr'>’¹Αχραντοι</span> <span class='ocrx_word' id='word_1_260' title='bbox 989 2258 1088 2335; x_wconf 81' lang='grc' dir='ltr'><strong>γὰρ</strong></span> <span class='ocrx_word' id='word_1_261' title='bbox 1126 2259 1254 2313; x_wconf 86' lang='grc' dir='ltr'>εἰσιν</span> <span class='ocrx_word' id='word_1_262' title='bbox 1287 2258 1390 2314; x_wconf 73' lang='grc' dir='ltr'>ἀπὸ</span> <span class='ocrx_word' id='word_1_263' title='bbox 1446 2266 1552 2314; x_wconf 79' lang='grc' dir='ltr'>τῶν</span> <span class='ocrx_word' id='word_1_264' title='bbox 1600 2265 1692 2315; x_wconf 84' lang='grc' dir='ltr'><strong>τοῦ</strong></span> <span class='ocrx_word' id='word_1_265' title='bbox 1751 2261 1848 2316; x_wconf 75' lang='grc' dir='ltr'><strong>γό-</strong></span> 
     </span>
    </p>
   </div>
   <div class='ocr_carea' id='block_1_44' title="bbox 187 2346 1851 2425">
    <p class='ocr_par' dir='ltr' id='par_1_44' title="bbox 187 2346 1851 2425">
     <span class='ocr_line' id='line_1_44' title="bbox 187 2346 1851 2425; baseline 0.002 -23"><span class='ocrx_word' id='word_1_266' title='bbox 187 2369 354 2419; x_wconf 80' lang='grc' dir='ltr'>σμου,</span> <span class='ocrx_word' id='word_1_267' title='bbox 391 2347 484 2402; x_wconf 86' lang='grc' dir='ltr'><strong>καὶ</strong></span> <span class='ocrx_word' id='word_1_268' title='bbox 516 2348 700 2420; x_wconf 75' lang='grc' dir='ltr'>μόνοις</span> <span class='ocrx_word' id='word_1_269' title='bbox 737 2361 854 2410; x_wconf 73' lang='grc' dir='ltr'>τοῖς</span> <span class='ocrx_word' id='word_1_270' title='bbox 885 2360 1090 2425; x_wconf 81' lang='grc' dir='ltr'>νοεροτς</span> <span class='ocrx_word' id='word_1_271' title='bbox 1124 2346 1462 2425; x_wconf 78' lang='grc' dir='ltr'>ἐμφαίνονται</span> <span class='ocrx_word' id='word_1_272' title='bbox 1497 2351 1546 2404; x_wconf 84' lang='grc' dir='ltr'>αἱ</span> <span class='ocrx_word' id='word_1_273' title='bbox 1579 2352 1716 2405; x_wconf 78' lang='grc' dir='ltr'>θεῖαι</span> <span class='ocrx_word' id='word_1_274' title='bbox 1765 2353 1851 2406; x_wconf 88' lang='grc' dir='ltr'><strong>καὶ</strong></span> 
     </span>
    </p>
   </div>
   <div class='ocr_carea' id='block_1_45' title="bbox 187 2435 1852 2518">
    <p class='ocr_par' dir='ltr' id='par_1_45' title="bbox 187 2435 1852 2518">
     <span class='ocr_line' id='line_1_45' title="bbox 187 2435 1852 2518; baseline 0.001 -26"><span class='ocrx_word' id='word_1_275' title='bbox 187 2435 414 2498; x_wconf 66' lang='grc' dir='ltr'>εὐώδεις</span> <span class='ocrx_word' id='word_1_276' title='bbox 480 2435 810 2510; x_wconf 72' lang='grc' dir='ltr'>εὖπρέπειαι,</span> <span class='ocrx_word' id='word_1_277' title='bbox 869 2439 957 2492; x_wconf 84' lang='grc' dir='ltr'><strong>καὶ</strong></span> <span class='ocrx_word' id='word_1_278' title='bbox 989 2437 1253 2511; x_wconf 68' lang='grc' dir='ltr'>ὁμοειδεῖς</span> <span class='ocrx_word' id='word_1_279' title='bbox 1285 2437 1522 2494; x_wconf 80' lang='grc' dir='ltr'>θέλουσιν</span> <span class='ocrx_word' id='word_1_280' title='bbox 1554 2437 1723 2518; x_wconf 67' lang='grc' dir='ltr'>ἔχειν,</span> <span class='ocrx_word' id='word_1_281' title='bbox 1759 2439 1852 2494; x_wconf 67' lang='grc' dir='ltr'><strong>οὐκ</strong></span> 
     </span>
    </p>
   </div>
   <div class='ocr_carea' id='block_1_46' title="bbox 185 2524 1850 2607">
    <p class='ocr_par' dir='ltr' id='par_1_46' title="bbox 185 2524 1850 2607">
     <span class='ocr_line' id='line_1_46' title="bbox 185 2524 1850 2607; baseline 0.002 -25"><span class='ocrx_word' id='word_1_282' title='bbox 185 2524 506 2604; x_wconf 72' lang='grc' dir='ltr'>ἀνθρώπους</span> <span class='ocrx_word' id='word_1_283' title='bbox 544 2529 696 2602; x_wconf 83' lang='grc' dir='ltr'>σαρκὶ</span> <span class='ocrx_word' id='word_1_284' title='bbox 727 2533 951 2605; x_wconf 76' lang='grc' dir='ltr'>ζῶντας,</span> <span class='ocrx_word' id='word_1_285' title='bbox 1011 2526 1150 2582; x_wconf 78' lang='grc' dir='ltr'>ἀλλὰ</span> <span class='ocrx_word' id='word_1_286' title='bbox 1202 2529 1297 2590; x_wconf 76' lang='grc' dir='ltr'><strong>τὰς</strong></span> <span class='ocrx_word' id='word_1_287' title='bbox 1342 2528 1396 2582; x_wconf 81' lang='grc' dir='ltr'><strong>ἐν</strong></span> <span class='ocrx_word' id='word_1_288' title='bbox 1443 2530 1680 2607; x_wconf 62' lang='grc' dir='ltr'>κρυφίαις</span> <span class='ocrx_word' id='word_1_289' title='bbox 1743 2533 1850 2603; x_wconf 75' lang='grc' dir='ltr'><strong>ψυ-</strong></span> 
     </span>
    </p>
   </div>
   <div class='ocr_carea' id='block_1_47' title="bbox 187 2617 1850 2696">
    <p class='ocr_par' dir='ltr' id='par_1_47' title="bbox 187 2617 1850 2696">
     <span class='ocr_line' id='line_1_47' title="bbox 187 2617 1850 2696; baseline 0.002 -25"><span class='ocrx_word' id='word_1_290' title='bbox 187 2630 330 2694; x_wconf 75' lang='grc' dir='ltr'>χαῖς</span> <span class='ocrx_word' id='word_1_291' title='bbox 365 2617 811 2696; x_wconf 72' lang='grc' dir='ltr'>ἀπαραφθάρτους</span> <span class='ocrx_word' id='word_1_292' title='bbox 843 2617 1072 2692; x_wconf 85' lang='grc' dir='ltr'>εἰκόνας,</span> <span class='ocrx_word' id='word_1_293' title='bbox 1107 2617 1194 2674; x_wconf 81' lang='grc' dir='ltr'>ὅτε</span> <span class='ocrx_word' id='word_1_294' title='bbox 1225 2617 1432 2685; x_wconf 73' lang='grc' dir='ltr'>δηλαΒῆ</span> <span class='ocrx_word' id='word_1_295' title='bbox 1464 2621 1524 2674; x_wconf 80' lang='grc' dir='ltr'>τὸ</span> <span class='ocrx_word' id='word_1_296' title='bbox 1587 2619 1708 2676; x_wconf 82' lang='grc' dir='ltr'>κατ’</span> <span class='ocrx_word' id='word_1_297' title='bbox 1771 2622 1850 2675; x_wconf 82' lang='grc' dir='ltr'><strong>εἶ-</strong></span> 
     </span>
    </p>
   </div>
   <div class='ocr_carea' id='block_1_48' title="bbox 185 2704 1856 2786">
    <p class='ocr_par' dir='ltr' id='par_1_48' title="bbox 185 2704 1856 2786">
     <span class='ocr_line' id='line_1_48' title="bbox 185 2704 1856 2786; baseline 0.002 -25"><span class='ocrx_word' id='word_1_298' title='bbox 185 2708 320 2762; x_wconf 71' lang='grc' dir='ltr'>κόνα</span> <span class='ocrx_word' id='word_1_299' title='bbox 357 2706 509 2780; x_wconf 84' lang='grc' dir='ltr'>μένει</span> <span class='ocrx_word' id='word_1_300' title='bbox 548 2704 852 2772; x_wconf 75' lang='grc' dir='ltr'>ὰλώϐητονο</span> <span class='ocrx_word' id='word_1_301' title='bbox 900 2709 960 2762; x_wconf 83' lang='grc' dir='ltr'>τὸ</span> <span class='ocrx_word' id='word_1_302' title='bbox 1019 2709 1120 2786; x_wconf 84' lang='grc' dir='ltr'>γὰρ</span> <span class='ocrx_word' id='word_1_303' title='bbox 1177 2707 1390 2785; x_wconf 79' lang='grc' dir='ltr'>ἄγαλμα</span> <span class='ocrx_word' id='word_1_304' title='bbox 1445 2708 1541 2774; x_wconf 74' lang='grc' dir='ltr'>τῆς</span> <span class='ocrx_word' id='word_1_305' title='bbox 1600 2709 1856 2774; x_wconf 63' lang='grc' dir='ltr'>θείδειδοῦς</span> 
     </span>
    </p>
   </div>
   <div class='ocr_carea' id='block_1_49' title="bbox 1935 2249 3589 2330">
    <p class='ocr_par' dir='ltr' id='par_1_49' title="bbox 1935 2249 3589 2330">
     <span class='ocr_line' id='line_1_49' title="bbox 1935 2249 3589 2330; baseline 0.004 -20"><span class='ocrx_word' id='word_1_306' title='bbox 1935 2249 2155 2310; x_wconf 85' lang='lat' dir='ltr'><strong>habere</strong></span> <span class='ocrx_word' id='word_1_307' title='bbox 2185 2249 2536 2327; x_wconf 82' lang='lat' dir='ltr'><strong>fragrantias</strong></span> <span class='ocrx_word' id='word_1_308' title='bbox 2573 2251 2962 2330; x_wconf 82' lang='lat' dir='ltr'><strong>Spiritales,et</strong></span> <span class='ocrx_word' id='word_1_309' title='bbox 2991 2251 3214 2313; x_wconf 85' lang='lat' dir='ltr'><strong>occulti</strong></span> <span class='ocrx_word' id='word_1_310' title='bbox 3245 2250 3352 2312; x_wconf 91' lang='lat' dir='ltr'><strong>Dei</strong></span> <span class='ocrx_word' id='word_1_311' title='bbox 3375 2254 3589 2316; x_wconf 88' lang='lat' dir='ltr'><strong>simili-</strong></span> 
     </span>
    </p>
   </div>
   <div class='ocr_carea' id='block_1_50' title="bbox 1935 2337 3589 2423">
    <p class='ocr_par' dir='ltr' id='par_1_50' title="bbox 1935 2337 3589 2423">
     <span class='ocr_line' id='line_1_50' title="bbox 1935 2337 3589 2423; baseline 0.005 -25"><span class='ocrx_word' id='word_1_312' title='bbox 1935 2337 2192 2400; x_wconf 86' lang='lat' dir='ltr'><strong>tudines.</strong></span> <span class='ocrx_word' id='word_1_313' title='bbox 2227 2339 2396 2402; x_wconf 72' lang='lat' dir='ltr'><strong>Purze</strong></span> <span class='ocrx_word' id='word_1_314' title='bbox 2419 2340 2578 2400; x_wconf 89' lang='lat' dir='ltr'><strong>enim</strong></span> <span class='ocrx_word' id='word_1_315' title='bbox 2609 2351 2750 2402; x_wconf 91' lang='lat' dir='ltr'><strong>sunt</strong></span> <span class='ocrx_word' id='word_1_316' title='bbox 2800 2359 2832 2402; x_wconf 88' lang='lat' dir='ltr'><strong>a</strong></span> <span class='ocrx_word' id='word_1_317' title='bbox 2855 2340 3098 2414; x_wconf 68' lang='lat' dir='ltr'><strong>saeculo,</strong></span> <span class='ocrx_word' id='word_1_318' title='bbox 3135 2341 3395 2423; x_wconf 87' lang='lat' dir='ltr'><strong>solisque</strong></span> <span class='ocrx_word' id='word_1_319' title='bbox 3443 2344 3589 2407; x_wconf 87' lang='lat' dir='ltr'><strong>viris</strong></span> 
     </span>
    </p>
   </div>
   <div class='ocr_carea' id='block_1_51' title="bbox 1935 2427 3587 2510">
    <p class='ocr_par' dir='ltr' id='par_1_51' title="bbox 1935 2427 3587 2510">
     <span class='ocr_line' id='line_1_51' title="bbox 1935 2427 3587 2510; baseline 0.005 -24"><span class='ocrx_word' id='word_1_320' title='bbox 1935 2427 2300 2507; x_wconf 82' lang='lat' dir='ltr'><strong>spiritalibus</strong></span> <span class='ocrx_word' id='word_1_321' title='bbox 2325 2437 2614 2510; x_wconf 80' lang='lat' dir='ltr'><strong>apparent</strong></span> <span class='ocrx_word' id='word_1_322' title='bbox 2662 2429 2778 2490; x_wconf 66' lang='lat' dir='ltr'><strong>illa)</strong></span> <span class='ocrx_word' id='word_1_323' title='bbox 2797 2429 3017 2490; x_wconf 72' lang='lat' dir='ltr'><strong>divinae</strong></span> <span class='ocrx_word' id='word_1_324' title='bbox 3044 2448 3110 2490; x_wconf 91' lang='lat' dir='ltr'><strong>ac</strong></span> <span class='ocrx_word' id='word_1_325' title='bbox 3133 2430 3460 2508; x_wconf 80' lang='lat' dir='ltr'><strong>fragrantes</strong></span> <span class='ocrx_word' id='word_1_326' title='bbox 3485 2451 3587 2495; x_wconf 84' lang='lat' dir='ltr'><strong>ve-</strong></span> 
     </span>
    </p>
   </div>
   <div class='ocr_carea' id='block_1_52' title="bbox 1937 2519 3589 2604">
    <p class='ocr_par' dir='ltr' id='par_1_52' title="bbox 1937 2519 3589 2604">
     <span class='ocr_line' id='line_1_52' title="bbox 1937 2519 3589 2604; baseline 0.005 -26"><span class='ocrx_word' id='word_1_327' title='bbox 1937 2527 2227 2599; x_wconf 83' lang='lat' dir='ltr'><strong>nustates,</strong></span> <span class='ocrx_word' id='word_1_328' title='bbox 2262 2527 2319 2580; x_wconf 89' lang='lat' dir='ltr'><strong>et</strong></span> <span class='ocrx_word' id='word_1_329' title='bbox 2351 2521 2666 2600; x_wconf 89' lang='lat' dir='ltr'><strong>requirunt</strong></span> <span class='ocrx_word' id='word_1_330' title='bbox 2687 2519 3022 2582; x_wconf 84' lang='lat' dir='ltr'><strong>uuifermes</strong></span> <span class='ocrx_word' id='word_1_331' title='bbox 3039 2520 3464 2601; x_wconf 85' lang='lat' dir='ltr'><strong>homines,non</strong></span> <span class='ocrx_word' id='word_1_332' title='bbox 3483 2523 3589 2604; x_wconf 88' lang='lat' dir='ltr'><strong>qui</strong></span> 
     </span>
    </p>
   </div>
   <div class='ocr_carea' id='block_1_53' title="bbox 1936 2609 3589 2688">
    <p class='ocr_par' dir='ltr' id='par_1_53' title="bbox 1936 2609 3589 2688">
     <span class='ocr_line' id='line_1_53' title="bbox 1936 2609 3589 2688; baseline 0.004 -20"><span class='ocrx_word' id='word_1_333' title='bbox 1936 2609 2264 2670; x_wconf 86' lang='lat' dir='ltr'><strong>secundum</strong></span> <span class='ocrx_word' id='word_1_334' title='bbox 2327 2627 2565 2670; x_wconf 90' lang='lat' dir='ltr'><strong>carnem</strong></span> <span class='ocrx_word' id='word_1_335' title='bbox 2617 2609 2834 2684; x_wconf 84' lang='lat' dir='ltr'><strong>vivant,</strong></span> <span class='ocrx_word' id='word_1_336' title='bbox 2889 2609 2993 2670; x_wconf 91' lang='lat' dir='ltr'><strong>sed</strong></span> <span class='ocrx_word' id='word_1_337' title='bbox 3043 2611 3139 2688; x_wconf 91' lang='lat' dir='ltr'><strong>qui</strong></span> <span class='ocrx_word' id='word_1_338' title='bbox 3175 2611 3234 2671; x_wconf 91' lang='lat' dir='ltr'><strong>in</strong></span> <span class='ocrx_word' id='word_1_339' title='bbox 3261 2613 3589 2675; x_wconf 85' lang='lat' dir='ltr'><strong>reconditis</strong></span> 
     </span>
    </p>
   </div>
   <div class='ocr_carea' id='block_1_54' title="bbox 1939 2697 3590 2779">
    <p class='ocr_par' dir='ltr' id='par_1_54' title="bbox 1939 2697 3590 2779">
     <span class='ocr_line' id='line_1_54' title="bbox 1939 2697 3590 2779; baseline 0.004 -21"><span class='ocrx_word' id='word_1_340' title='bbox 1939 2697 2658 2779; x_wconf 88' lang='lat' dir='ltr'><strong>animisincorruptibiles</strong></span> <span class='ocrx_word' id='word_1_341' title='bbox 2683 2707 2890 2778; x_wconf 78' lang='lat' dir='ltr'><strong>gerant</strong></span> <span class='ocrx_word' id='word_1_342' title='bbox 2912 2698 3224 2779; x_wconf 78' lang='lat' dir='ltr'><strong>imagines,</strong></span> <span class='ocrx_word' id='word_1_343' title='bbox 3251 2701 3394 2762; x_wconf 81' lang='lat' dir='ltr'><strong>dum</strong></span> <span class='ocrx_word' id='word_1_344' title='bbox 3417 2701 3590 2765; x_wconf 87' lang='lat' dir='ltr'><strong>nimi-</strong></span> 
     </span>
    </p>
   </div>
   <div class='ocr_carea' id='block_1_55' title="bbox 182 2795 1853 2878">
    <p class='ocr_par' dir='ltr' id='par_1_55' title="bbox 182 2795 1853 2877">
     <span class='ocr_line' id='line_1_55' title="bbox 182 2795 1853 2877; baseline 0.003 -27"><span class='ocrx_word' id='word_1_345' title='bbox 182 2797 388 2873; x_wconf 72' lang='grc' dir='ltr'>ἀρετῆς</span> <span class='ocrx_word' id='word_1_346' title='bbox 423 2799 520 2854; x_wconf 69' lang='grc' dir='ltr'><strong>οὐκ</strong></span> <span class='ocrx_word' id='word_1_347' title='bbox 577 2795 754 2859; x_wconf 73' lang='grc' dir='ltr'>ἄλλως</span> <span class='ocrx_word' id='word_1_348' title='bbox 808 2799 869 2852; x_wconf 81' lang='grc' dir='ltr'>τὸ</span> <span class='ocrx_word' id='word_1_349' title='bbox 920 2798 1334 2876; x_wconf 80' lang='grc' dir='ltr'>ἀπαργάρσπτον</span> <span class='ocrx_word' id='word_1_350' title='bbox 1385 2797 1507 2877; x_wconf 75' lang='grc' dir='ltr'>ἕξει,</span> <span class='ocrx_word' id='word_1_351' title='bbox 1570 2801 1613 2855; x_wconf 87' lang='grc' dir='ltr'><strong>εἰ</strong></span> <span class='ocrx_word' id='word_1_352' title='bbox 1666 2801 1744 2874; x_wconf 72' lang='grc' dir='ltr'>μὴ</span> <span class='ocrx_word' id='word_1_353' title='bbox 1803 2799 1853 2855; x_wconf 76' lang='grc' dir='ltr'>εὖ</span> 
     </span>
    </p>
   </div>
   <div class='ocr_carea' id='block_1_56' title="bbox 1941 2795 3588 2878">
    <p class='ocr_par' dir='ltr' id='par_1_56' title="bbox 1941 2797 3588 2878">
     <span class='ocr_line' id='line_1_56' title="bbox 1941 2797 3588 2878; baseline 0.004 -21"><span class='ocrx_word' id='word_1_354' title='bbox 1941 2797 2140 2858; x_wconf 88' lang='lat' dir='ltr'><strong>rumid</strong></span> <span class='ocrx_word' id='word_1_355' title='bbox 2167 2798 2322 2878; x_wconf 82' lang='lat' dir='ltr'><strong>quod</strong></span> <span class='ocrx_word' id='word_1_356' title='bbox 2349 2798 2666 2876; x_wconf 82' lang='lat' dir='ltr'><strong>imaginem</strong></span> <span class='ocrx_word' id='word_1_357' title='bbox 2693 2797 2795 2859; x_wconf 90' lang='lat' dir='ltr'><strong>Dei</strong></span> <span class='ocrx_word' id='word_1_358' title='bbox 2817 2797 3000 2859; x_wconf 86' lang='lat' dir='ltr'><strong>refert</strong></span> <span class='ocrx_word' id='word_1_359' title='bbox 3027 2809 3224 2862; x_wconf 90' lang='lat' dir='ltr'><strong>manet</strong></span> <span class='ocrx_word' id='word_1_360' title='bbox 3245 2803 3588 2864; x_wconf 90' lang='lat' dir='ltr'><strong>immacula-</strong></span> 
     </span>
    </p>
   </div>
   <div class='ocr_carea' id='block_1_57' title="bbox 185 2885 1853 2962">
    <p class='ocr_par' dir='ltr' id='par_1_57' title="bbox 185 2885 1851 2962">
     <span class='ocr_line' id='line_1_57' title="bbox 185 2885 1851 2962; baseline 0.001 -20"><span class='ocrx_word' id='word_1_361' title='bbox 185 2885 520 2961; x_wconf 70' lang='grc' dir='ltr'>μιμήσεται,</span> <span class='ocrx_word' id='word_1_362' title='bbox 556 2886 644 2941; x_wconf 82' lang='grc' dir='ltr'><strong>καὶ</strong></span> <span class='ocrx_word' id='word_1_363' title='bbox 675 2887 804 2962; x_wconf 80' lang='grc' dir='ltr'>πρὸς</span> <span class='ocrx_word' id='word_1_364' title='bbox 835 2885 1012 2942; x_wconf 77' lang='grc' dir='ltr'>ἐκεῖνο</span> <span class='ocrx_word' id='word_1_365' title='bbox 1069 2890 1128 2943; x_wconf 81' lang='grc' dir='ltr'>τὸ</span> <span class='ocrx_word' id='word_1_366' title='bbox 1155 2890 1346 2953; x_wconf 74' lang='grc' dir='ltr'>νοητὸν</span> <span class='ocrx_word' id='word_1_367' title='bbox 1379 2889 1464 2943; x_wconf 75' lang='grc' dir='ltr'><strong>καὶ</strong></span> <span class='ocrx_word' id='word_1_368' title='bbox 1495 2887 1679 2950; x_wconf 73' lang='grc' dir='ltr'>εὒὼδες</span> <span class='ocrx_word' id='word_1_369' title='bbox 1714 2889 1851 2944; x_wconf 82' lang='grc' dir='ltr'>κάλ-</span> 
     </span>
    </p>
   </div>
   <div class='ocr_carea' id='block_1_58' title="bbox 1941 2885 3589 2962">
    <p class='ocr_par' dir='ltr' id='par_1_58' title="bbox 1941 2888 3589 2960">
     <span class='ocr_line' id='line_1_58' title="bbox 1941 2888 3589 2960; baseline 0.003 -10"><span class='ocrx_word' id='word_1_370' title='bbox 1941 2895 2088 2960; x_wconf 89' lang='lat' dir='ltr'><strong>tum;</strong></span> <span class='ocrx_word' id='word_1_371' title='bbox 2123 2907 2254 2949; x_wconf 88' lang='lat' dir='ltr'><strong>nam</strong></span> <span class='ocrx_word' id='word_1_372' title='bbox 2290 2888 2524 2949; x_wconf 83' lang='lat' dir='ltr'><strong>virtutis</strong></span> <span class='ocrx_word' id='word_1_373' title='bbox 2556 2888 2866 2950; x_wconf 83' lang='lat' dir='ltr'><strong>deilormis</strong></span> <span class='ocrx_word' id='word_1_374' title='bbox 2897 2889 3283 2952; x_wconf 85' lang='lat' dir='ltr'><strong>simulacrum</strong></span> <span class='ocrx_word' id='word_1_375' title='bbox 3319 2891 3466 2954; x_wconf 89' lang='lat' dir='ltr'><strong>illud</strong></span> <span class='ocrx_word' id='word_1_376' title='bbox 3489 2893 3589 2955; x_wconf 92' lang='lat' dir='ltr'><strong>in-</strong></span> 
     </span>
    </p>
   </div>
   <div class='ocr_carea' id='block_1_59' title="bbox 182 2968 1853 3060">
    <p class='ocr_par' dir='ltr' id='par_1_59' title="bbox 182 2968 1851 3055">
     <span class='ocr_line' id='line_1_59' title="bbox 182 2968 1851 3055; baseline 0.002 -24"><span class='ocrx_word' id='word_1_377' title='bbox 182 2979 278 3040; x_wconf 65' lang='grc' dir='ltr'>λδς</span> <span class='ocrx_word' id='word_1_378' title='bbox 313 2980 556 3034; x_wconf 71' lang='grc' dir='ltr'>τυπώσει</span> <span class='ocrx_word' id='word_1_379' title='bbox 591 2977 768 3037; x_wconf 74' lang='grc' dir='ltr'>ἑαυτό.</span> <span class='ocrx_word' id='word_1_380' title='bbox 808 2968 842 2999; x_wconf 39' lang='grc' dir='ltr'><strong>τ’</strong></span> <span class='ocrx_word' id='word_1_381' title='bbox 873 2986 1052 3053; x_wconf 82' lang='grc' dir='ltr'>Ωσπερ</span> <span class='ocrx_word' id='word_1_382' title='bbox 1101 2978 1200 3055; x_wconf 76' lang='grc' dir='ltr'>γὰρ</span> <span class='ocrx_word' id='word_1_383' title='bbox 1229 2981 1314 3033; x_wconf 68' lang='grc' dir='ltr'><strong>ἰπὶ</strong></span> <span class='ocrx_word' id='word_1_384' title='bbox 1345 2985 1450 3034; x_wconf 81' lang='grc' dir='ltr'>τῶν</span> <span class='ocrx_word' id='word_1_385' title='bbox 1483 2981 1744 3046; x_wconf 76' lang='grc' dir='ltr'>αἰσθητῶν</span> <span class='ocrx_word' id='word_1_386' title='bbox 1776 2982 1851 3034; x_wconf 85' lang='grc' dir='ltr'>εἰ·</span> 
     </span>
    </p>
   </div>
   <div class='ocr_carea' id='block_1_60' title="bbox 1941 2968 3590 3060">
    <p class='ocr_par' dir='ltr' id='par_1_60' title="bbox 1941 2977 3590 3060">
     <span class='ocr_line' id='line_1_60' title="bbox 1941 2977 3590 3060; baseline 0.005 -23"><span class='ocrx_word' id='word_1_387' title='bbox 1941 2977 2460 3058; x_wconf 81' lang='lat' dir='ltr'><strong>circumscriptum</strong></span> <span class='ocrx_word' id='word_1_388' title='bbox 2502 2997 2616 3039; x_wconf 92' lang='lat' dir='ltr'><strong>non</strong></span> <span class='ocrx_word' id='word_1_389' title='bbox 2649 2978 2820 3039; x_wconf 87' lang='lat' dir='ltr'><strong>aliter</strong></span> <span class='ocrx_word' id='word_1_390' title='bbox 2856 2977 3118 3060; x_wconf 87' lang='lat' dir='ltr'><strong>habebit,</strong></span> <span class='ocrx_word' id='word_1_391' title='bbox 3147 2981 3256 3042; x_wconf 86' lang='lat' dir='ltr'><strong>nisi</strong></span> <span class='ocrx_word' id='word_1_392' title='bbox 3291 2980 3448 3043; x_wconf 88' lang='lat' dir='ltr'><strong>idem</strong></span> <span class='ocrx_word' id='word_1_393' title='bbox 3475 2983 3590 3046; x_wconf 87' lang='lat' dir='ltr'><strong>rite</strong></span> 
     </span>
    </p>
   </div>
   <div class='ocr_carea' id='block_1_61' title="bbox 187 3066 1853 3149">
    <p class='ocr_par' dir='ltr' id='par_1_61' title="bbox 187 3066 1850 3147">
     <span class='ocr_line' id='line_1_61' title="bbox 187 3066 1850 3147; baseline 0.001 -25"><span class='ocrx_word' id='word_1_394' title='bbox 187 3067 392 3146; x_wconf 76' lang='grc' dir='ltr'>κόνων,</span> <span class='ocrx_word' id='word_1_395' title='bbox 429 3069 476 3122; x_wconf 91' lang='grc' dir='ltr'><strong>εἰ</strong></span> <span class='ocrx_word' id='word_1_396' title='bbox 499 3069 629 3144; x_wconf 77' lang='grc' dir='ltr'>πρὸς</span> <span class='ocrx_word' id='word_1_397' title='bbox 659 3069 718 3124; x_wconf 80' lang='grc' dir='ltr'>τό</span> <span class='ocrx_word' id='word_1_398' title='bbox 751 3066 1056 3146; x_wconf 74' lang='grc' dir='ltr'>ἀρχέτυπον</span> <span class='ocrx_word' id='word_1_399' title='bbox 1089 3067 1281 3132; x_wconf 77' lang='grc' dir='ltr'>κάλλος</span> <span class='ocrx_word' id='word_1_400' title='bbox 1317 3071 1344 3124; x_wconf 87' lang='grc' dir='ltr'>ὁ</span> <span class='ocrx_word' id='word_1_401' title='bbox 1405 3071 1632 3147; x_wconf 75' lang='grc' dir='ltr'>γραφεὺς</span> <span class='ocrx_word' id='word_1_402' title='bbox 1693 3069 1850 3126; x_wconf 79' lang='grc' dir='ltr'>ἀκλι-</span> 
     </span>
    </p>
   </div>
   <div class='ocr_carea' id='block_1_62' title="bbox 1941 3066 3593 3149">
    <p class='ocr_par' dir='ltr' id='par_1_62' title="bbox 1941 3067 3593 3149">
     <span class='ocr_line' id='line_1_62' title="bbox 1941 3067 3593 3149; baseline 0.005 -22"><span class='ocrx_word' id='word_1_403' title='bbox 1941 3067 2115 3128; x_wconf 87' lang='lat' dir='ltr'><strong>fuerit</strong></span> <span class='ocrx_word' id='word_1_404' title='bbox 2169 3067 2457 3143; x_wconf 82' lang='lat' dir='ltr'><strong>imitatus,</strong></span> <span class='ocrx_word' id='word_1_405' title='bbox 2520 3077 2576 3128; x_wconf 88' lang='lat' dir='ltr'><strong>et</strong></span> <span class='ocrx_word' id='word_1_406' title='bbox 2635 3069 2711 3130; x_wconf 91' lang='lat' dir='ltr'><strong>ad</strong></span> <span class='ocrx_word' id='word_1_407' title='bbox 2743 3067 2938 3149; x_wconf 90' lang='lat' dir='ltr'><strong>ipsum</strong></span> <span class='ocrx_word' id='word_1_408' title='bbox 2973 3069 3298 3148; x_wconf 87' lang='lat' dir='ltr'><strong>spiritalem</strong></span> <span class='ocrx_word' id='word_1_409' title='bbox 3333 3091 3500 3133; x_wconf 90' lang='lat' dir='ltr'><strong>suam</strong></span> <span class='ocrx_word' id='word_1_410' title='bbox 3532 3080 3593 3135; x_wconf 90' lang='lat' dir='ltr'><strong>et</strong></span> 
     </span>
    </p>
   </div>
   <div class='ocr_carea' id='block_1_63' title="bbox 185 3155 1853 3258">
    <p class='ocr_par' dir='ltr' id='par_1_63' title="bbox 185 3157 1853 3238">
     <span class='ocr_line' id='line_1_63' title="bbox 185 3157 1853 3238; baseline 0.001 -26"><span class='ocrx_word' id='word_1_411' title='bbox 185 3165 291 3222; x_wconf 77' lang='grc' dir='ltr'>νῶς</span> <span class='ocrx_word' id='word_1_412' title='bbox 327 3159 512 3238; x_wconf 73' lang='grc' dir='ltr'>ἀφορᾷ</span> <span class='ocrx_word' id='word_1_413' title='bbox 545 3163 624 3232; x_wconf 83' lang='grc' dir='ltr'>μὴ</span> <span class='ocrx_word' id='word_1_414' title='bbox 683 3159 1086 3236; x_wconf 82' lang='grc' dir='ltr'>περισπώμενος</span> <span class='ocrx_word' id='word_1_415' title='bbox 1143 3157 1284 3214; x_wconf 73' lang='grc' dir='ltr'>ἔνθεν</span> <span class='ocrx_word' id='word_1_416' title='bbox 1338 3159 1608 3237; x_wconf 79' lang='grc' dir='ltr'>κάκεῖθεν,</span> <span class='ocrx_word' id='word_1_417' title='bbox 1641 3159 1853 3238; x_wconf 76' lang='grc' dir='ltr'>ἐξακρι-</span> 
     </span>
    </p>
   </div>
   <div class='ocr_carea' id='block_1_64' title="bbox 1941 3155 3592 3258">
    <p class='ocr_par' dir='ltr' id='par_1_64' title="bbox 1941 3155 3592 3258">
     <span class='ocr_line' id='line_1_64' title="bbox 1941 3155 3592 3258; baseline 0.004 -40"><span class='ocrx_word' id='word_1_418' title='bbox 1941 3155 2301 3258; x_wconf 77' lang='lat' dir='ltr'><strong>fragrantem</strong></span> <span class='ocrx_word' id='word_1_419' title='bbox 2335 3157 2840 3258; x_wconf 71' lang='lat' dir='ltr'><strong>pulchritudinem</strong></span> <span class='ocrx_word' id='word_1_420' title='bbox 2875 3160 3402 3258; x_wconf 63' lang='lat' dir='ltr'><strong>edormarit.Sicut</strong></span> <span class='ocrx_word' id='word_1_421' title='bbox 3431 3163 3592 3224; x_wconf 90' lang='lat' dir='ltr'><strong>enim</strong></span> 
     </span>
    </p>
   </div>
   <div class='ocr_carea' id='block_1_65' title="bbox 183 3245 1853 3331">
    <p class='ocr_par' dir='ltr' id='par_1_65' title="bbox 183 3245 1853 3327">
     <span class='ocr_line' id='line_1_65' title="bbox 183 3245 1853 3327; baseline 0.001 -23"><span class='ocrx_word' id='word_1_422' title='bbox 183 3245 341 3304; x_wconf 68' lang='grc' dir='ltr'>ϐάσει</span> <span class='ocrx_word' id='word_1_423' title='bbox 381 3250 444 3304; x_wconf 82' lang='grc' dir='ltr'><strong>τὸ</strong></span> <span class='ocrx_word' id='word_1_424' title='bbox 479 3249 700 3324; x_wconf 82' lang='grc' dir='ltr'>μίμημα</span> <span class='ocrx_word' id='word_1_425' title='bbox 733 3247 911 3327; x_wconf 75' lang='grc' dir='ltr'>(τοῦτο</span> <span class='ocrx_word' id='word_1_426' title='bbox 945 3249 1044 3326; x_wconf 81' lang='grc' dir='ltr'>γὰρ</span> <span class='ocrx_word' id='word_1_427' title='bbox 1075 3248 1185 3304; x_wconf 76' lang='grc' dir='ltr'>ἔστι</span> <span class='ocrx_word' id='word_1_428' title='bbox 1215 3250 1276 3306; x_wconf 72' lang='grc' dir='ltr'>τὸ</span> <span class='ocrx_word' id='word_1_429' title='bbox 1307 3247 1662 3306; x_wconf 75' lang='grc' dir='ltr'>διπλασιάσει·</span> <span class='ocrx_word' id='word_1_430' title='bbox 1695 3251 1853 3317; x_wconf 71' lang='grc' dir='ltr'>ποιή-</span> 
     </span>
    </p>
   </div>
   <div class='ocr_carea' id='block_1_66' title="bbox 1941 3245 3594 3331">
    <p class='ocr_par' dir='ltr' id='par_1_66' title="bbox 1941 3246 3594 3331">
     <span class='ocr_line' id='line_1_66' title="bbox 1941 3246 3594 3331; baseline 0.005 -25"><span class='ocrx_word' id='word_1_431' title='bbox 1941 3247 1999 3308; x_wconf 82' lang='grc' dir='ltr'><strong>ἰη</strong></span> <span class='ocrx_word' id='word_1_432' title='bbox 2034 3247 2358 3309; x_wconf 80' lang='lat' dir='ltr'><strong>sensilibus</strong></span> <span class='ocrx_word' id='word_1_433' title='bbox 2391 3246 2771 3328; x_wconf 83' lang='lat' dir='ltr'><strong>imaginibus,</strong></span> <span class='ocrx_word' id='word_1_434' title='bbox 2807 3250 2854 3308; x_wconf 91' lang='lat' dir='ltr'><strong>si</strong></span> <span class='ocrx_word' id='word_1_435' title='bbox 2892 3247 3084 3328; x_wconf 84' lang='lat' dir='ltr'><strong>pictor</strong></span> <span class='ocrx_word' id='word_1_436' title='bbox 3131 3251 3204 3311; x_wconf 88' lang='lat' dir='ltr'><strong>ad</strong></span> <span class='ocrx_word' id='word_1_437' title='bbox 3257 3252 3594 3331; x_wconf 65' lang='lat' dir='ltr'><strong>primaevam</strong></span> 
     </span>
    </p>
   </div>
   <div class='ocr_carea' id='block_1_67' title="bbox 186 3337 1856 3417">
    <p class='ocr_par' dir='ltr' id='par_1_67' title="bbox 186 3337 1856 3417">
     <span class='ocr_line' id='line_1_67' title="bbox 186 3337 1856 3417; baseline 0 -23"><span class='ocrx_word' id='word_1_438' title='bbox 186 3360 270 3396; x_wconf 85' lang='grc' dir='ltr'>σει</span> <span class='ocrx_word' id='word_1_439' title='bbox 305 3339 414 3417; x_wconf 77' lang='grc' dir='ltr'>γὰρ</span> <span class='ocrx_word' id='word_1_440' title='bbox 447 3339 537 3394; x_wconf 83' lang='grc' dir='ltr'><strong>καὶ</strong></span> <span class='ocrx_word' id='word_1_441' title='bbox 564 3337 695 3394; x_wconf 78' lang='grc' dir='ltr'>ἄλλο</span> <span class='ocrx_word' id='word_1_442' title='bbox 732 3341 848 3394; x_wconf 82' lang='grc' dir='ltr'>οἷον</span> <span class='ocrx_word' id='word_1_443' title='bbox 881 3337 1083 3410; x_wconf 70' lang='grc' dir='ltr'>ἐκεῖνο,</span> <span class='ocrx_word' id='word_1_444' title='bbox 1120 3337 1254 3404; x_wconf 77' lang='grc' dir='ltr'>πλὴν</span> <span class='ocrx_word' id='word_1_445' title='bbox 1280 3346 1372 3394; x_wconf 79' lang='grc' dir='ltr'><strong>τοῦ</strong></span> <span class='ocrx_word' id='word_1_446' title='bbox 1403 3340 1501 3405; x_wconf 78' lang='grc' dir='ltr'>τῆς</span> <span class='ocrx_word' id='word_1_447' title='bbox 1530 3339 1705 3402; x_wconf 72' lang='grc' dir='ltr'>οὐσίας</span> <span class='ocrx_word' id='word_1_448' title='bbox 1739 3343 1856 3394; x_wconf 85' lang='grc' dir='ltr'>δια-</span> 
     </span>
    </p>
   </div>
   <div class='ocr_carea' id='block_1_68' title="bbox 183 3427 1856 3510">
    <p class='ocr_par' dir='ltr' id='par_1_68' title="bbox 183 3427 1856 3510">
     <span class='ocr_line' id='line_1_68' title="bbox 183 3427 1856 3510; baseline 0 -24"><span class='ocrx_word' id='word_1_449' title='bbox 183 3430 380 3510; x_wconf 64' lang='grc' dir='ltr'>φόρου,</span> <span class='ocrx_word' id='word_1_450' title='bbox 416 3429 479 3484; x_wconf 80' lang='grc' dir='ltr'>τὸ</span> <span class='ocrx_word' id='word_1_451' title='bbox 510 3428 610 3503; x_wconf 72' lang='grc' dir='ltr'><strong>μὲι</strong></span> <span class='ocrx_word' id='word_1_452' title='bbox 639 3429 737 3506; x_wconf 75' lang='grc' dir='ltr'>γὰρ</span> <span class='ocrx_word' id='word_1_453' title='bbox 774 3427 1024 3494; x_wconf 79' lang='grc' dir='ltr'>ἀληθινὸν</span> <span class='ocrx_word' id='word_1_454' title='bbox 1061 3427 1316 3503; x_wconf 76' lang='grc' dir='ltr'>ἔμπνουν,</span> <span class='ocrx_word' id='word_1_455' title='bbox 1352 3431 1414 3484; x_wconf 75' lang='grc' dir='ltr'>τὸ</span> <span class='ocrx_word' id='word_1_456' title='bbox 1451 3427 1504 3484; x_wconf 79' lang='grc' dir='ltr'><strong>δὲ</strong></span> <span class='ocrx_word' id='word_1_457' title='bbox 1535 3437 1624 3484; x_wconf 87' lang='grc' dir='ltr'><strong>τοῦ</strong></span> <span class='ocrx_word' id='word_1_458' title='bbox 1647 3431 1856 3506; x_wconf 71' lang='grc' dir='ltr'>ζωγρά-</span> 
     </span>
    </p>
   </div>
   <div class='ocr_carea' id='block_1_69' title="bbox 187 3518 1857 3598">
    <p class='ocr_par' dir='ltr' id='par_1_69' title="bbox 187 3518 1857 3598">
     <span class='ocr_line' id='line_1_69' title="bbox 187 3518 1857 3598; baseline -0.001 -23"><span class='ocrx_word' id='word_1_459' title='bbox 187 3541 288 3598; x_wconf 66' lang='grc' dir='ltr'>φου</span> <span class='ocrx_word' id='word_1_460' title='bbox 321 3518 528 3596; x_wconf 73' lang='grc' dir='ltr'>ἔργον)·</span> <span class='ocrx_word' id='word_1_461' title='bbox 566 3519 706 3575; x_wconf 81' lang='grc' dir='ltr'>οὕτω</span> <span class='ocrx_word' id='word_1_462' title='bbox 735 3521 824 3574; x_wconf 88' lang='grc' dir='ltr'><strong>καὶ</strong></span> <span class='ocrx_word' id='word_1_463' title='bbox 855 3531 974 3582; x_wconf 75' lang='grc' dir='ltr'>τοῖς</span> <span class='ocrx_word' id='word_1_464' title='bbox 1005 3526 1264 3598; x_wconf 73' lang='grc' dir='ltr'>γραφεῦσι</span> <span class='ocrx_word' id='word_1_465' title='bbox 1295 3532 1416 3583; x_wconf 76' lang='grc' dir='ltr'>τοῖς</span> <span class='ocrx_word' id='word_1_466' title='bbox 1473 3533 1857 3594; x_wconf 74' lang='grc' dir='ltr'>πνευματικοῖς</span> 
     </span>
    </p>
   </div>
   <div class='ocr_carea' id='block_1_70' title="bbox 186 3607 1856 3688">
    <p class='ocr_par' dir='ltr' id='par_1_70' title="bbox 186 3607 1856 3688">
     <span class='ocr_line' id='line_1_70' title="bbox 186 3607 1856 3688; baseline -0.001 -22"><span class='ocrx_word' id='word_1_467' title='bbox 186 3611 222 3678; x_wconf 80' lang='grc' dir='ltr'>ἡ</span> <span class='ocrx_word' id='word_1_468' title='bbox 263 3611 402 3687; x_wconf 77' lang='grc' dir='ltr'>πρὸς</span> <span class='ocrx_word' id='word_1_469' title='bbox 433 3611 496 3664; x_wconf 83' lang='grc' dir='ltr'>τὸ</span> <span class='ocrx_word' id='word_1_470' title='bbox 526 3607 831 3688; x_wconf 74' lang='grc' dir='ltr'>ἀρχέτυπον</span> <span class='ocrx_word' id='word_1_471' title='bbox 857 3611 944 3665; x_wconf 86' lang='grc' dir='ltr'><strong>καὶ</strong></span> <span class='ocrx_word' id='word_1_472' title='bbox 977 3608 1166 3672; x_wconf 74' lang='grc' dir='ltr'>εὐῶδες</span> <span class='ocrx_word' id='word_1_473' title='bbox 1198 3607 1394 3674; x_wconf 80' lang='grc' dir='ltr'>κάλλος</span> <span class='ocrx_word' id='word_1_474' title='bbox 1443 3608 1666 3676; x_wconf 77' lang='grc' dir='ltr'>ἀκλινὴς</span> <span class='ocrx_word' id='word_1_475' title='bbox 1716 3613 1856 3665; x_wconf 77' lang='grc' dir='ltr'>θεω-</span> 
     </span>
    </p>
   </div>
   <div class='ocr_carea' id='block_1_71' title="bbox 187 3696 1858 3776">
    <p class='ocr_par' dir='ltr' id='par_1_71' title="bbox 187 3696 1858 3776">
     <span class='ocr_line' id='line_1_71' title="bbox 187 3696 1858 3776; baseline 0 -21"><span class='ocrx_word' id='word_1_476' title='bbox 187 3701 278 3776; x_wconf 76' lang='grc' dir='ltr'><strong>ρία</strong></span> <span class='ocrx_word' id='word_1_477' title='bbox 310 3700 376 3755; x_wconf 77' lang='grc' dir='ltr'>τὸ</span> <span class='ocrx_word' id='word_1_478' title='bbox 411 3697 652 3761; x_wconf 77' lang='grc' dir='ltr'>ἀπλανὲς</span> <span class='ocrx_word' id='word_1_479' title='bbox 685 3696 982 3776; x_wconf 70' lang='grc' dir='ltr'>δωρήσεται</span> <span class='ocrx_word' id='word_1_480' title='bbox 1015 3697 1274 3774; x_wconf 73' lang='grc' dir='ltr'>ἴνδαλμα.</span> <span class='ocrx_word' id='word_1_481' title='bbox 1309 3697 1496 3763; x_wconf 77' lang='grc' dir='ltr'>Καλῶς</span> <span class='ocrx_word' id='word_1_482' title='bbox 1527 3698 1616 3754; x_wconf 80' lang='grc' dir='ltr'><strong>οὖν</strong></span> <span class='ocrx_word' id='word_1_483' title='bbox 1649 3701 1694 3755; x_wconf 78' lang='grc' dir='ltr'>οἱ</span> <span class='ocrx_word' id='word_1_484' title='bbox 1721 3697 1858 3755; x_wconf 79' lang='grc' dir='ltr'>ὅσιοι</span> 
     </span>
    </p>
   </div>
   <div class='ocr_carea' id='block_1_72' title="bbox 187 3788 1859 3869">
    <p class='ocr_par' dir='ltr' id='par_1_72' title="bbox 187 3788 1859 3869">
     <span class='ocr_line' id='line_1_72' title="bbox 187 3788 1859 3869; baseline -0.001 -23"><span class='ocrx_word' id='word_1_485' title='bbox 187 3802 451 3869; x_wconf 65' lang='grc' dir='ltr'>γραφεῖς,</span> <span class='ocrx_word' id='word_1_486' title='bbox 517 3788 965 3868; x_wconf 83' lang='grc' dir='ltr'>ἆμεταστρέπτως</span> <span class='ocrx_word' id='word_1_487' title='bbox 1026 3788 1410 3854; x_wconf 75' lang='grc' dir='ltr'>εἰδοποιοῦντες</span> <span class='ocrx_word' id='word_1_488' title='bbox 1465 3792 1524 3845; x_wconf 79' lang='grc' dir='ltr'>τὸ</span> <span class='ocrx_word' id='word_1_489' title='bbox 1582 3788 1737 3863; x_wconf 75' lang='grc' dir='ltr'>ἴδιον,</span> <span class='ocrx_word' id='word_1_490' title='bbox 1799 3791 1859 3845; x_wconf 83' lang='grc' dir='ltr'><strong>τὸ</strong></span> 
     </span>
    </p>
   </div>
   <div class='ocr_carea' id='block_1_73' title="bbox 189 3871 1858 3958">
    <p class='ocr_par' dir='ltr' id='par_1_73' title="bbox 189 3871 1858 3958">
     <span class='ocr_line' id='line_1_73' title="bbox 189 3871 1858 3958; baseline 0 -24"><span class='ocrx_word' id='word_1_491' title='bbox 189 3883 405 3958; x_wconf 72' lang='grc' dir='ltr'>νοερὸν,</span> <span class='ocrx_word' id='word_1_492' title='bbox 439 3881 500 3938; x_wconf 67' lang='grc' dir='ltr'><strong>οὒ</strong></span> <span class='ocrx_word' id='word_1_493' title='bbox 531 3881 863 3957; x_wconf 73' lang='grc' dir='ltr'>φροντίσουσι</span> <span class='ocrx_word' id='word_1_494' title='bbox 899 3879 994 3947; x_wconf 73' lang='grc' dir='ltr'>τῆς</span> <span class='ocrx_word' id='word_1_495' title='bbox 1154 3879 1617 3958; x_wconf 67' lang='grc' dir='ltr'>περιπλανήσεως.</span> <span class='ocrx_word' id='word_1_496' title='bbox 1656 3871 1858 3944; x_wconf 66' lang='grc' dir='ltr'>’Ἐξω-</span> 
     </span>
    </p>
   </div>
   <div class='ocr_carea' id='block_1_74' title="bbox 191 3968 1855 4049">
    <p class='ocr_par' dir='ltr' id='par_1_74' title="bbox 191 3968 1855 4049">
     <span class='ocr_line' id='line_1_74' title="bbox 191 3968 1855 4049; baseline -0.001 -24"><span class='ocrx_word' id='word_1_497' title='bbox 191 3992 244 4025; x_wconf 83' lang='grc' dir='ltr'><strong>σι</strong></span> <span class='ocrx_word' id='word_1_498' title='bbox 279 3979 412 4048; x_wconf 76' lang='grc' dir='ltr'>γοῦν</span> <span class='ocrx_word' id='word_1_499' title='bbox 447 3970 511 4025; x_wconf 85' lang='grc' dir='ltr'>τὸ</span> <span class='ocrx_word' id='word_1_500' title='bbox 535 3971 681 4025; x_wconf 80' lang='grc' dir='ltr'>θεῖον</span> <span class='ocrx_word' id='word_1_501' title='bbox 722 3971 885 4047; x_wconf 84' lang='grc' dir='ltr'>μύρον</span> <span class='ocrx_word' id='word_1_502' title='bbox 941 3968 1466 4049; x_wconf 83' lang='grc' dir='ltr'>περικεκαλυμμένον</span> <span class='ocrx_word' id='word_1_503' title='bbox 1525 3971 1596 4033; x_wconf 82' lang='grc' dir='ltr'>ὡς</span> <span class='ocrx_word' id='word_1_504' title='bbox 1658 3969 1855 4048; x_wconf 84' lang='grc' dir='ltr'>εἰκόνα,</span> 
     </span>
    </p>
   </div>
   <div class='ocr_carea' id='block_1_75' title="bbox 193 4057 1858 4139">
    <p class='ocr_par' dir='ltr' id='par_1_75' title="bbox 193 4057 1858 4139">
     <span class='ocr_line' id='line_1_75' title="bbox 193 4057 1858 4139; baseline 0 -24"><span class='ocrx_word' id='word_1_505' title='bbox 193 4063 330 4139; x_wconf 79' lang='grc' dir='ltr'>πρὸς</span> <span class='ocrx_word' id='word_1_506' title='bbox 395 4059 494 4122; x_wconf 78' lang='grc' dir='ltr'>τὰς</span> <span class='ocrx_word' id='word_1_507' title='bbox 525 4064 625 4126; x_wconf 79' lang='grc' dir='ltr'>τῆς</span> <span class='ocrx_word' id='word_1_508' title='bbox 657 4058 982 4127; x_wconf 81' lang='grc' dir='ltr'>Ἐκκλησίας</span> <span class='ocrx_word' id='word_1_509' title='bbox 1015 4057 1296 4134; x_wconf 68' lang='grc' dir='ltr'>διατάξεις,</span> <span class='ocrx_word' id='word_1_510' title='bbox 1332 4059 1417 4116; x_wconf 76' lang='grc' dir='ltr'>ἐπὶ</span> <span class='ocrx_word' id='word_1_511' title='bbox 1457 4061 1518 4115; x_wconf 84' lang='grc' dir='ltr'><strong>τὸ</strong></span> <span class='ocrx_word' id='word_1_512' title='bbox 1576 4061 1652 4136; x_wconf 78' lang='grc' dir='ltr'><strong>μὴ</strong></span> <span class='ocrx_word' id='word_1_513' title='bbox 1710 4083 1858 4134; x_wconf 81' lang='grc' dir='ltr'>πομ-</span> 
     </span>
    </p>
   </div>
   <div class='ocr_carea' id='block_1_76' title="bbox 191 4149 1858 4229">
    <p class='ocr_par' dir='ltr' id='par_1_76' title="bbox 191 4149 1858 4229">
     <span class='ocr_line' id='line_1_76' title="bbox 191 4149 1858 4229; baseline -0.001 -23"><span class='ocrx_word' id='word_1_514' title='bbox 191 4151 381 4207; x_wconf 75' lang='grc' dir='ltr'>πεύειν</span> <span class='ocrx_word' id='word_1_515' title='bbox 440 4149 580 4206; x_wconf 74' lang='grc' dir='ltr'>ἅπαν</span> <span class='ocrx_word' id='word_1_516' title='bbox 631 4150 825 4229; x_wconf 81' lang='grc' dir='ltr'>ἀγαθὸν</span> <span class='ocrx_word' id='word_1_517' title='bbox 885 4150 1040 4229; x_wconf 76' lang='grc' dir='ltr'>ἔργον</span> <span class='ocrx_word' id='word_1_518' title='bbox 1098 4152 1170 4214; x_wconf 82' lang='grc' dir='ltr'><strong>εἰς</strong></span> <span class='ocrx_word' id='word_1_519' title='bbox 1221 4151 1382 4218; x_wconf 79' lang='grc' dir='ltr'>κενὴν</span> <span class='ocrx_word' id='word_1_520' title='bbox 1437 4153 1540 4206; x_wconf 78' lang='grc' dir='ltr'>τῶν</span> <span class='ocrx_word' id='word_1_521' title='bbox 1571 4149 1858 4224; x_wconf 83' lang='grc' dir='ltr'>ἀνθρώπων</span> 
     </span>
    </p>
   </div>
   <div class='ocr_carea' id='block_1_77' title="bbox 191 4238 1860 4317">
    <p class='ocr_par' dir='ltr' id='par_1_77' title="bbox 191 4238 1860 4317">
     <span class='ocr_line' id='line_1_77' title="bbox 191 4238 1860 4317; baseline -0.002 -20"><span class='ocrx_word' id='word_1_522' title='bbox 191 4239 375 4307; x_wconf 77' lang='grc' dir='ltr'>δόξαν·</span> <span class='ocrx_word' id='word_1_523' title='bbox 417 4239 501 4296; x_wconf 73' lang='grc' dir='ltr'><strong>διὸ</strong></span> <span class='ocrx_word' id='word_1_524' title='bbox 535 4241 622 4296; x_wconf 82' lang='grc' dir='ltr'><strong>καὶ</strong></span> <span class='ocrx_word' id='word_1_525' title='bbox 653 4241 821 4314; x_wconf 70' lang='grc' dir='ltr'>αὐτοὶ,</span> <span class='ocrx_word' id='word_1_526' title='bbox 859 4243 919 4296; x_wconf 80' lang='grc' dir='ltr'>τὸ</span> <span class='ocrx_word' id='word_1_527' title='bbox 961 4238 1077 4298; x_wconf 89' lang='grc' dir='ltr'>κατ’</span> <span class='ocrx_word' id='word_1_528' title='bbox 1139 4241 1332 4316; x_wconf 79' lang='grc' dir='ltr'>ἀρετὴν</span> <span class='ocrx_word' id='word_1_529' title='bbox 1382 4242 1520 4317; x_wconf 82' lang='grc' dir='ltr'>ἱερὸν</span> <span class='ocrx_word' id='word_1_530' title='bbox 1577 4241 1713 4296; x_wconf 80' lang='grc' dir='ltr'>εἴσω</span> <span class='ocrx_word' id='word_1_531' title='bbox 1768 4246 1860 4296; x_wconf 87' lang='grc' dir='ltr'><strong>τοῦ</strong></span> 
     </span>
    </p>
   </div>
   <div class='ocr_carea' id='block_1_78' title="bbox 189 4330 1856 4410">
    <p class='ocr_par' dir='ltr' id='par_1_78' title="bbox 189 4330 1856 4410">
     <span class='ocr_line' id='line_1_78' title="bbox 189 4330 1856 4410; baseline -0.004 -21"><span class='ocrx_word' id='word_1_532' title='bbox 189 4333 320 4395; x_wconf 83' lang='grc' dir='ltr'>νοὸς</span> <span class='ocrx_word' id='word_1_533' title='bbox 384 4330 874 4408; x_wconf 71' lang='grc' dir='ltr'>περικαλύπτοντες</span> <span class='ocrx_word' id='word_1_534' title='bbox 932 4333 1068 4387; x_wconf 82' lang='grc' dir='ltr'>κατὰ</span> <span class='ocrx_word' id='word_1_535' title='bbox 1127 4333 1189 4387; x_wconf 83' lang='grc' dir='ltr'>τὸ</span> <span class='ocrx_word' id='word_1_536' title='bbox 1244 4330 1639 4406; x_wconf 77' lang='grc' dir='ltr'>κεκαλυμμένον</span> <span class='ocrx_word' id='word_1_537' title='bbox 1674 4331 1856 4410; x_wconf 85' lang='grc' dir='ltr'>μύρον,</span> 
     </span>
    </p>
   </div>
   <div class='ocr_carea' id='block_1_79' title="bbox 191 4419 1860 4502">
    <p class='ocr_par' dir='ltr' id='par_1_79' title="bbox 191 4419 1860 4502">
     <span class='ocr_line' id='line_1_79' title="bbox 191 4419 1860 4502; baseline -0.001 -24"><span class='ocrx_word' id='word_1_538' title='bbox 191 4425 328 4502; x_wconf 75' lang='grc' dir='ltr'>πρὸς</span> <span class='ocrx_word' id='word_1_539' title='bbox 363 4421 544 4495; x_wconf 81' lang='grc' dir='ltr'>μόνην</span> <span class='ocrx_word' id='word_1_540' title='bbox 573 4421 782 4489; x_wconf 64' lang='grc' dir='ltr'>εκείνην</span> <span class='ocrx_word' id='word_1_541' title='bbox 816 4422 914 4489; x_wconf 80' lang='grc' dir='ltr'><strong>την</strong></span> <span class='ocrx_word' id='word_1_542' title='bbox 943 4420 1244 4501; x_wconf 55' lang='grc' dir='ltr'>ἀρχέτυπον</span> <span class='ocrx_word' id='word_1_543' title='bbox 1303 4419 1666 4478; x_wconf 79' lang='grc' dir='ltr'>ἁποὸλέπουσι</span> <span class='ocrx_word' id='word_1_544' title='bbox 1726 4421 1860 4488; x_wconf 83' lang='grc' dir='ltr'>νόη-</span> 
     </span>
    </p>
   </div>
   <div class='ocr_carea' id='block_1_80' title="bbox 190 4511 1862 4592">
    <p class='ocr_par' dir='ltr' id='par_1_80' title="bbox 190 4511 1862 4592">
     <span class='ocr_line' id='line_1_80' title="bbox 190 4511 1862 4592; baseline -0.001 -21"><span class='ocrx_word' id='word_1_545' title='bbox 190 4537 302 4576; x_wconf 85' lang='grc' dir='ltr'>σιν.</span> <span class='ocrx_word' id='word_1_546' title='bbox 347 4511 482 4572; x_wconf 73' lang='grc' dir='ltr'><strong>Οὐδὲ</strong></span> <span class='ocrx_word' id='word_1_547' title='bbox 510 4514 610 4592; x_wconf 82' lang='grc' dir='ltr'>γὰρ</span> <span class='ocrx_word' id='word_1_548' title='bbox 641 4513 854 4570; x_wconf 71' lang='grc' dir='ltr'>ἀθέατοι</span> <span class='ocrx_word' id='word_1_549' title='bbox 885 4515 1046 4589; x_wconf 85' lang='grc' dir='ltr'>μόνον</span> <span class='ocrx_word' id='word_1_550' title='bbox 1081 4515 1179 4571; x_wconf 81' lang='grc' dir='ltr'>εἰσὶ</span> <span class='ocrx_word' id='word_1_551' title='bbox 1209 4527 1324 4579; x_wconf 77' lang='grc' dir='ltr'>τοϊς</span> <span class='ocrx_word' id='word_1_552' title='bbox 1355 4512 1606 4591; x_wconf 77' lang='grc' dir='ltr'>πολλοῖς,</span> <span class='ocrx_word' id='word_1_553' title='bbox 1640 4515 1729 4577; x_wconf 75' lang='grc' dir='ltr'><strong>οὓς</strong></span> <span class='ocrx_word' id='word_1_554' title='bbox 1777 4516 1862 4569; x_wconf 76' lang='grc' dir='ltr'><strong>καὶ</strong></span> 
     </span>
    </p>
   </div>
   <div class='ocr_carea' id='block_1_81' title="bbox 1801 4577 1926 4628">
    <p class='ocr_par' dir='ltr' id='par_1_81' title="bbox 1801 4577 1926 4628">
     <span class='ocr_line' id='line_1_81' title="bbox 1801 4577 1926 4628; baseline 0 0"><span class='ocrx_word' id='word_1_555' title='bbox 1801 4577 1926 4628; x_wconf 54' lang='lat' dir='ltr'><strong>1--D</strong></span> 
     </span>
    </p>
   </div>
   <div class='ocr_carea' id='block_1_82' title="bbox 191 4603 1861 4683">
    <p class='ocr_par' dir='ltr' id='par_1_82' title="bbox 191 4603 1861 4683">
     <span class='ocr_line' id='line_1_82' title="bbox 191 4603 1861 4683; baseline -0.001 -22"><span class='ocrx_word' id='word_1_556' title='bbox 191 4605 485 4670; x_wconf 74' lang='grc' dir='ltr'>ἀνομοίους</span> <span class='ocrx_word' id='word_1_557' title='bbox 518 4603 686 4683; x_wconf 80' lang='grc' dir='ltr'>λέγει·</span> <span class='ocrx_word' id='word_1_558' title='bbox 722 4605 770 4662; x_wconf 76' lang='grc' dir='ltr'><strong>οἱ</strong></span> <span class='ocrx_word' id='word_1_559' title='bbox 799 4605 898 4682; x_wconf 78' lang='grc' dir='ltr'><strong>γὰρ</strong></span> <span class='ocrx_word' id='word_1_560' title='bbox 947 4604 1146 4680; x_wconf 79' lang='grc' dir='ltr'>ὅμοιοι,</span> <span class='ocrx_word' id='word_1_561' title='bbox 1199 4603 1455 4674; x_wconf 79' lang='grc' dir='ltr'>ἀλλήλοις</span> <span class='ocrx_word' id='word_1_562' title='bbox 1517 4609 1613 4673; x_wconf 75' lang='grc' dir='ltr'><strong>τῆς</strong></span> <span class='ocrx_word' id='word_1_563' title='bbox 1671 4603 1861 4681; x_wconf 76' lang='grc' dir='ltr'>ἀρετῆς</span> 
     </span>
    </p>
   </div>
   <div class='ocr_carea' id='block_1_83' title="bbox 193 4692 1862 4775">
    <p class='ocr_par' dir='ltr' id='par_1_83' title="bbox 193 4692 1862 4775">
     <span class='ocr_line' id='line_1_83' title="bbox 193 4692 1862 4775; baseline -0.001 -24"><span class='ocrx_word' id='word_1_564' title='bbox 193 4695 616 4775; x_wconf 77' lang='grc' dir='ltr'>κοινωνήσωσι,</span> <span class='ocrx_word' id='word_1_565' title='bbox 649 4696 738 4750; x_wconf 80' lang='grc' dir='ltr'><strong>καὶ</strong></span> <span class='ocrx_word' id='word_1_566' title='bbox 766 4695 826 4751; x_wconf 79' lang='grc' dir='ltr'><strong>οὗ</strong></span> <span class='ocrx_word' id='word_1_567' title='bbox 860 4693 1223 4771; x_wconf 67' lang='grc' dir='ltr'>βλαϐήσονται</span> <span class='ocrx_word' id='word_1_568' title='bbox 1255 4694 1378 4772; x_wconf 82' lang='grc' dir='ltr'>παρ’</span> <span class='ocrx_word' id='word_1_569' title='bbox 1412 4692 1688 4762; x_wconf 72' lang='grc' dir='ltr'>ἀλλήλων·</span> <span class='ocrx_word' id='word_1_570' title='bbox 1749 4693 1862 4770; x_wconf 76' lang='grc' dir='ltr'>ἅμα</span> 
     </span>
    </p>
   </div>
   <div class='ocr_carea' id='block_1_84' title="bbox 195 4782 1866 4864">
    <p class='ocr_par' dir='ltr' id='par_1_84' title="bbox 195 4782 1866 4864">
     <span class='ocr_line' id='line_1_84' title="bbox 195 4782 1866 4864; baseline -0.002 -22"><span class='ocrx_word' id='word_1_571' title='bbox 195 4787 300 4864; x_wconf 76' lang='grc' dir='ltr'>γὰρ</span> <span class='ocrx_word' id='word_1_572' title='bbox 362 4787 456 4841; x_wconf 82' lang='grc' dir='ltr'><strong>καὶ</strong></span> <span class='ocrx_word' id='word_1_573' title='bbox 513 4784 806 4864; x_wconf 78' lang='grc' dir='ltr'>ἀμφότεροι</span> <span class='ocrx_word' id='word_1_574' title='bbox 859 4785 960 4853; x_wconf 76' lang='grc' dir='ltr'><strong>τὴν</strong></span> <span class='ocrx_word' id='word_1_575' title='bbox 1021 4785 1161 4842; x_wconf 84' lang='grc' dir='ltr'>θείαν</span> <span class='ocrx_word' id='word_1_576' title='bbox 1193 4783 1446 4842; x_wconf 79' lang='grc' dir='ltr'>διώκουσι</span> <span class='ocrx_word' id='word_1_577' title='bbox 1477 4782 1656 4863; x_wconf 80' lang='grc' dir='ltr'>δόξαν,</span> <span class='ocrx_word' id='word_1_578' title='bbox 1688 4785 1775 4840; x_wconf 81' lang='grc' dir='ltr'><strong>καὶ</strong></span> <span class='ocrx_word' id='word_1_579' title='bbox 1807 4785 1866 4839; x_wconf 73' lang='grc' dir='ltr'>οὗ</span> 
     </span>
    </p>
   </div>
   <div class='ocr_carea' id='block_1_85' title="bbox 195 4873 1865 4953">
    <p class='ocr_par' dir='ltr' id='par_1_85' title="bbox 195 4873 1865 4953">
     <span class='ocr_line' id='line_1_85' title="bbox 195 4873 1865 4953; baseline -0.001 -22"><span class='ocrx_word' id='word_1_580' title='bbox 195 4877 302 4944; x_wconf 75' lang='grc' dir='ltr'>τὴν</span> <span class='ocrx_word' id='word_1_581' title='bbox 335 4877 446 4931; x_wconf 77' lang='grc' dir='ltr'><strong>τῶν</strong></span> <span class='ocrx_word' id='word_1_582' title='bbox 475 4873 793 4953; x_wconf 76' lang='grc' dir='ltr'>ἀνθρώπιον,</span> <span class='ocrx_word' id='word_1_583' title='bbox 829 4877 900 4933; x_wconf 78' lang='grc' dir='ltr'>Οὐ</span> <span class='ocrx_word' id='word_1_584' title='bbox 959 4876 1131 4932; x_wconf 78' lang='grc' dir='ltr'>τοίνυν</span> <span class='ocrx_word' id='word_1_585' title='bbox 1163 4873 1376 4932; x_wconf 78' lang='grc' dir='ltr'>ἀθέατοι</span> <span class='ocrx_word' id='word_1_586' title='bbox 1425 4876 1588 4950; x_wconf 82' lang='grc' dir='ltr'>μόνον</span> <span class='ocrx_word' id='word_1_587' title='bbox 1623 4875 1718 4930; x_wconf 84' lang='grc' dir='ltr'>εἰσὶ</span> <span class='ocrx_word' id='word_1_588' title='bbox 1747 4885 1865 4938; x_wconf 74' lang='grc' dir='ltr'>τοῖς</span> 
     </span>
    </p>
   </div>
   <div class='ocr_carea' id='block_1_86' title="bbox 199 4963 1865 5044">
    <p class='ocr_par' dir='ltr' id='par_1_86' title="bbox 199 4963 1865 5044">
     <span class='ocr_line' id='line_1_86' title="bbox 199 4963 1865 5044; baseline -0.001 -22"><span class='ocrx_word' id='word_1_589' title='bbox 199 4963 462 5036; x_wconf 72' lang='grc' dir='ltr'>πολλοῖς,</span> <span class='ocrx_word' id='word_1_590' title='bbox 487 4963 610 5020; x_wconf 75' lang='grc' dir='ltr'>ἀλλ’</span> <span class='ocrx_word' id='word_1_591' title='bbox 643 4963 747 5022; x_wconf 66' lang='grc' dir='ltr'>οὐδ’</span> <span class='ocrx_word' id='word_1_592' title='bbox 779 4967 922 5024; x_wconf 76' lang='grc' dir='ltr'>αὐτοὶ</span> <span class='ocrx_word' id='word_1_593' title='bbox 955 4965 1098 5022; x_wconf 81' lang='grc' dir='ltr'>οὗτοι</span> <span class='ocrx_word' id='word_1_594' title='bbox 1127 4972 1344 5036; x_wconf 76' lang='grc' dir='ltr'>ζητοῦσι</span> <span class='ocrx_word' id='word_1_595' title='bbox 1367 4963 1580 5040; x_wconf 65' lang='grc' dir='ltr'>βλέπειν</span> <span class='ocrx_word' id='word_1_596' title='bbox 1611 4964 1865 5044; x_wconf 79' lang='grc' dir='ltr'>ἐκείνους,</span> 
     </span>
    </p>
   </div>
   <div class='ocr_carea' id='block_1_87' title="bbox 197 5051 1864 5134">
    <p class='ocr_par' dir='ltr' id='par_1_87' title="bbox 197 5051 1864 5134">
     <span class='ocr_line' id='line_1_87' title="bbox 197 5051 1864 5134; baseline -0.013 -22"><span class='ocrx_word' id='word_1_597' title='bbox 197 5057 310 5134; x_wconf 72' lang='grc' dir='ltr'>οὐχ</span> <span class='ocrx_word' id='word_1_598' title='bbox 341 5051 424 5111; x_wconf 81' lang='grc' dir='ltr'>ὅτι</span> <span class='ocrx_word' id='word_1_599' title='bbox 458 5057 534 5128; x_wconf 79' lang='grc' dir='ltr'><strong>μὴ</strong></span> <span class='ocrx_word' id='word_1_600' title='bbox 565 5061 914 5132; x_wconf 77' lang='grc' dir='ltr'>προνοοῦντες</span> <span class='ocrx_word' id='word_1_601' title='bbox 946 5057 1184 5134; x_wconf 68' lang='grc' dir='ltr'>ὲκείνων,</span> <span class='ocrx_word' id='word_1_602' title='bbox 1219 5054 1341 5110; x_wconf 83' lang='grc' dir='ltr'>ἁλλ’</span> <span class='ocrx_word' id='word_1_603' title='bbox 1380 5054 1466 5111; x_wconf 78' lang='grc' dir='ltr'>ὅτι</span> <span class='ocrx_word' id='word_1_604' title='bbox 1503 5055 1580 5130; x_wconf 82' lang='grc' dir='ltr'>μὴ</span> <span class='ocrx_word' id='word_1_605' title='bbox 1638 5061 1864 5125; x_wconf 62' lang='grc' dir='ltr'>ζητοςν,</span> 
     </span>
    </p>
   </div>
   <div class='ocr_carea' id='block_1_88' title="bbox 195 5143 1867 5226">
    <p class='ocr_par' dir='ltr' id='par_1_88' title="bbox 195 5143 1867 5226">
     <span class='ocr_line' id='line_1_88' title="bbox 195 5143 1867 5226; baseline -0.001 -26"><span class='ocrx_word' id='word_1_606' title='bbox 195 5165 290 5208; x_wconf 87' lang='grc' dir='ltr'><strong>τες</strong></span> <span class='ocrx_word' id='word_1_607' title='bbox 323 5143 454 5224; x_wconf 89' lang='grc' dir='ltr'>παρ’</span> <span class='ocrx_word' id='word_1_608' title='bbox 485 5143 702 5202; x_wconf 77' lang='grc' dir='ltr'>ἐκείνων</span> <span class='ocrx_word' id='word_1_609' title='bbox 733 5145 1099 5226; x_wconf 71' lang='grc' dir='ltr'>ὠφεληθῆναι·</span> <span class='ocrx_word' id='word_1_610' title='bbox 1138 5145 1254 5202; x_wconf 79' lang='grc' dir='ltr'>ὅθεν</span> <span class='ocrx_word' id='word_1_611' title='bbox 1295 5145 1597 5210; x_wconf 76' lang='grc' dir='ltr'>ἀκολούθως</span> <span class='ocrx_word' id='word_1_612' title='bbox 1636 5151 1705 5221; x_wconf 76' lang='grc' dir='ltr'>τῇ</span> <span class='ocrx_word' id='word_1_613' title='bbox 1761 5143 1867 5216; x_wconf 75' lang='grc' dir='ltr'>ὶδιᾳ</span> 
     </span>
    </p>
   </div>
   <div class='ocr_carea' id='block_1_89' title="bbox 195 5233 1862 5314">
    <p class='ocr_par' dir='ltr' id='par_1_89' title="bbox 195 5233 1862 5314">
     <span class='ocr_line' id='line_1_89' title="bbox 195 5233 1862 5314; baseline -0.001 -23"><span class='ocrx_word' id='word_1_614' title='bbox 195 5234 305 5300; x_wconf 76' lang='grc' dir='ltr'>ἕξει</span> <span class='ocrx_word' id='word_1_615' title='bbox 339 5233 438 5290; x_wconf 72' lang='grc' dir='ltr'><strong>οὒκ</strong></span> <span class='ocrx_word' id='word_1_616' title='bbox 466 5234 622 5312; x_wconf 77' lang='grc' dir='ltr'>ἐρῶσι</span> <span class='ocrx_word' id='word_1_617' title='bbox 657 5240 763 5290; x_wconf 84' lang='grc' dir='ltr'><strong>τῶν</strong></span> <span class='ocrx_word' id='word_1_618' title='bbox 795 5234 1111 5311; x_wconf 82' lang='grc' dir='ltr'>δοκούντων,</span> <span class='ocrx_word' id='word_1_619' title='bbox 1145 5235 1280 5294; x_wconf 78' lang='grc' dir='ltr'>ἀλλὰ</span> <span class='ocrx_word' id='word_1_620' title='bbox 1334 5242 1440 5292; x_wconf 83' lang='grc' dir='ltr'>τῶν</span> <span class='ocrx_word' id='word_1_621' title='bbox 1499 5233 1663 5292; x_wconf 69' lang='grc' dir='ltr'>ὄντων</span> <span class='ocrx_word' id='word_1_622' title='bbox 1724 5233 1862 5314; x_wconf 79' lang='grc' dir='ltr'>(ἐπεὶ</span> 
     </span>
    </p>
   </div>
   <div class='ocr_carea' id='block_1_90' title="bbox 195 5321 1855 5406">
    <p class='ocr_par' dir='ltr' id='par_1_90' title="bbox 195 5321 1855 5406">
     <span class='ocr_line' id='line_1_90' title="bbox 195 5321 1855 5406; baseline -0.001 -26"><span class='ocrx_word' id='word_1_623' title='bbox 195 5327 302 5404; x_wconf 74' lang='grc' dir='ltr'><strong>γὰρ</strong></span> <span class='ocrx_word' id='word_1_624' title='bbox 335 5327 444 5380; x_wconf 78' lang='grc' dir='ltr'><strong>τῶν</strong></span> <span class='ocrx_word' id='word_1_625' title='bbox 477 5321 653 5382; x_wconf 72' lang='grc' dir='ltr'>ἄλλων</span> <span class='ocrx_word' id='word_1_626' title='bbox 685 5323 1002 5406; x_wconf 81' lang='grc' dir='ltr'>διίστανται,</span> <span class='ocrx_word' id='word_1_627' title='bbox 1030 5333 1143 5389; x_wconf 81' lang='grc' dir='ltr'><strong>πῶς</strong></span> <span class='ocrx_word' id='word_1_628' title='bbox 1176 5328 1466 5398; x_wconf 67' lang='grc' dir='ltr'>ζητήσουσι</span> <span class='ocrx_word' id='word_1_629' title='bbox 1529 5327 1591 5380; x_wconf 73' lang='grc' dir='ltr'>τὸ</span> <span class='ocrx_word' id='word_1_630' title='bbox 1652 5323 1855 5404; x_wconf 76' lang='grc' dir='ltr'>δοκεῖν,</span> 
     </span>
    </p>
   </div>
   <div class='ocr_carea' id='block_1_91' title="bbox 196 5413 1859 5494">
    <p class='ocr_par' dir='ltr' id='par_1_91' title="bbox 196 5413 1859 5494">
     <span class='ocr_line' id='line_1_91' title="bbox 196 5413 1859 5494; baseline 0 -24"><span class='ocrx_word' id='word_1_631' title='bbox 196 5417 278 5490; x_wconf 79' lang='grc' dir='ltr'>μὴ</span> <span class='ocrx_word' id='word_1_632' title='bbox 309 5414 481 5470; x_wconf 77' lang='grc' dir='ltr'>ὄντων</span> <span class='ocrx_word' id='word_1_633' title='bbox 513 5421 620 5471; x_wconf 84' lang='grc' dir='ltr'>τῶν</span> <span class='ocrx_word' id='word_1_634' title='bbox 651 5413 944 5473; x_wconf 78' lang='grc' dir='ltr'>δοκούντων</span> <span class='ocrx_word' id='word_1_635' title='bbox 979 5415 1225 5492; x_wconf 83' lang='grc' dir='ltr'>μηδόλως</span> <span class='ocrx_word' id='word_1_636' title='bbox 1257 5417 1296 5494; x_wconf 81' lang='grc'>;)</span> <span class='ocrx_word' id='word_1_637' title='bbox 1321 5415 1458 5472; x_wconf 76' lang='grc' dir='ltr'>ἀλλὰ</span> <span class='ocrx_word' id='word_1_638' title='bbox 1487 5416 1546 5470; x_wconf 77' lang='grc' dir='ltr'>τὸ</span> <span class='ocrx_word' id='word_1_639' title='bbox 1578 5413 1740 5471; x_wconf 81' lang='grc' dir='ltr'>καλὸν</span> <span class='ocrx_word' id='word_1_640' title='bbox 1771 5416 1859 5470; x_wconf 86' lang='grc' dir='ltr'><strong>καὶ</strong></span> 
     </span>
    </p>
   </div>
   <div class='ocr_carea' id='block_1_92' title="bbox 193 5502 1854 5586">
    <p class='ocr_par' dir='ltr' id='par_1_92' title="bbox 193 5502 1854 5586">
     <span class='ocr_line' id='line_1_92' title="bbox 193 5502 1854 5586; baseline -0.001 -25"><span class='ocrx_word' id='word_1_641' title='bbox 193 5507 258 5562; x_wconf 80' lang='grc' dir='ltr'>τὸ</span> <span class='ocrx_word' id='word_1_642' title='bbox 285 5505 367 5580; x_wconf 73' lang='grc' dir='ltr'>μὴ</span> <span class='ocrx_word' id='word_1_643' title='bbox 401 5502 484 5585; x_wconf 72' lang='grc' dir='ltr'><strong>ἐφ’</strong></span> <span class='ocrx_word' id='word_1_644' title='bbox 516 5505 724 5562; x_wconf 79' lang='grc' dir='ltr'>ἑαυτοῦ·</span> <span class='ocrx_word' id='word_1_645' title='bbox 765 5509 849 5562; x_wconf 84' lang='grc' dir='ltr'><strong>καὶ</strong></span> <span class='ocrx_word' id='word_1_646' title='bbox 885 5507 1058 5570; x_wconf 75' lang='grc' dir='ltr'>καθὼς</span> <span class='ocrx_word' id='word_1_647' title='bbox 1117 5505 1234 5586; x_wconf 74' lang='grc' dir='ltr'>ἔχει</span> <span class='ocrx_word' id='word_1_648' title='bbox 1295 5507 1500 5585; x_wconf 72' lang='grc' dir='ltr'>φύσεως</span> <span class='ocrx_word' id='word_1_649' title='bbox 1565 5504 1854 5584; x_wconf 85' lang='grc' dir='ltr'>κρίνοντες,</span> 
     </span>
    </p>
   </div>
   <div class='ocr_carea' id='block_1_93' title="bbox 197 5594 1857 5675">
    <p class='ocr_par' dir='ltr' id='par_1_93' title="bbox 197 5594 1857 5675">
     <span class='ocr_line' id='line_1_93' title="bbox 197 5594 1857 5675; baseline 0.001 -23"><span class='ocrx_word' id='word_1_650' title='bbox 197 5595 490 5674; x_wconf 68' lang='grc' dir='ltr'>ἀγάλματα</span> <span class='ocrx_word' id='word_1_651' title='bbox 549 5600 648 5662; x_wconf 69' lang='grc' dir='ltr'>τῆς</span> <span class='ocrx_word' id='word_1_652' title='bbox 708 5597 848 5662; x_wconf 74' lang='grc' dir='ltr'>θείας</span> <span class='ocrx_word' id='word_1_653' title='bbox 911 5594 1128 5659; x_wconf 76' lang='grc' dir='ltr'>εὒωδίας</span> <span class='ocrx_word' id='word_1_654' title='bbox 1188 5597 1338 5672; x_wconf 68' lang='grc' dir='ltr'>εἰσὶν,</span> <span class='ocrx_word' id='word_1_655' title='bbox 1373 5595 1534 5675; x_wconf 67' lang='grc' dir='ltr'>ἤγουν</span> <span class='ocrx_word' id='word_1_656' title='bbox 1579 5598 1736 5654; x_wconf 69' lang='grc' dir='ltr'>αὺτοῦ</span> <span class='ocrx_word' id='word_1_657' title='bbox 1765 5605 1857 5654; x_wconf 90' lang='grc' dir='ltr'><strong>τοῦ</strong></span> 
     </span>
    </p>
   </div>
   <div class='ocr_carea' id='block_1_94' title="bbox 199 5683 1856 5766">
    <p class='ocr_par' dir='ltr' id='par_1_94' title="bbox 199 5683 1856 5766">
     <span class='ocr_line' id='line_1_94' title="bbox 199 5683 1856 5766; baseline -0.002 -21"><span class='ocrx_word' id='word_1_658' title='bbox 199 5692 363 5765; x_wconf 77' lang='grc' dir='ltr'>Θεοῦ,</span> <span class='ocrx_word' id='word_1_659' title='bbox 397 5685 460 5752; x_wconf 78' lang='grc' dir='ltr'>ὃς</span> <span class='ocrx_word' id='word_1_660' title='bbox 491 5683 557 5754; x_wconf 78' lang='grc' dir='ltr'><strong>δὴ</strong></span> <span class='ocrx_word' id='word_1_661' title='bbox 596 5687 650 5744; x_wconf 81' lang='grc' dir='ltr'>τὸ</span> <span class='ocrx_word' id='word_1_662' title='bbox 677 5685 843 5744; x_wconf 82' lang='grc' dir='ltr'>καλὸν</span> <span class='ocrx_word' id='word_1_663' title='bbox 873 5686 955 5766; x_wconf 72' lang='grc' dir='ltr'><strong>ἐφ’</strong></span> <span class='ocrx_word' id='word_1_664' title='bbox 987 5688 1174 5746; x_wconf 79' lang='grc' dir='ltr'>ἑαυτοῦ</span> <span class='ocrx_word' id='word_1_665' title='bbox 1204 5693 1396 5764; x_wconf 82' lang='grc' dir='ltr'>ποιῶν,</span> <span class='ocrx_word' id='word_1_666' title='bbox 1427 5687 1500 5750; x_wconf 86' lang='grc' dir='ltr'><strong>εἰς</strong></span> <span class='ocrx_word' id='word_1_667' title='bbox 1531 5685 1731 5754; x_wconf 78' lang='grc' dir='ltr'>πάντας</span> <span class='ocrx_word' id='word_1_668' title='bbox 1761 5685 1856 5743; x_wconf 74' lang='grc' dir='ltr'><strong>οὒκ</strong></span> 
     </span>
    </p>
   </div>
   <div class='ocr_carea' id='block_1_95' title="bbox 493 5793 1045 5864">
    <p class='ocr_par' dir='ltr' id='par_1_95' title="bbox 493 5793 1045 5864">
     <span class='ocr_line' id='line_1_95' title="bbox 493 5793 1045 5864; baseline 0.007 -4"><span class='ocrx_word' id='word_1_669' title='bbox 493 5795 760 5860; x_wconf 71' lang='grc' dir='ltr'><strong>ΡΑΤιιοι.</strong></span> <span class='ocrx_word' id='word_1_670' title='bbox 802 5793 914 5862; x_wconf 80' lang='lat' dir='ltr'><strong>Gn.</strong></span> <span class='ocrx_word' id='word_1_671' title='bbox 947 5793 1045 5864; x_wconf 82' lang='lat' dir='ltr'><strong>III.</strong></span> 
     </span>
    </p>
   </div>
   <div class='ocr_carea' id='block_1_96' title="bbox 1940 3337 3596 3418">
    <p class='ocr_par' dir='ltr' id='par_1_96' title="bbox 1940 3337 3596 3418">
     <span class='ocr_line' id='line_1_96' title="bbox 1940 3337 3596 3418; baseline 0.005 -22"><span class='ocrx_word' id='word_1_672' title='bbox 1940 3337 2204 3416; x_wconf 83' lang='lat' dir='ltr'><strong>speciem</strong></span> <span class='ocrx_word' id='word_1_673' title='bbox 2229 3345 2574 3400; x_wconf 85' lang='lat' dir='ltr'><strong>constanter</strong></span> <span class='ocrx_word' id='word_1_674' title='bbox 2595 3337 2888 3414; x_wconf 72' lang='lat' dir='ltr'><strong>intendat,</strong></span> <span class='ocrx_word' id='word_1_675' title='bbox 2909 3355 3278 3418; x_wconf 86' lang='lat' dir='ltr'><strong>nequaquam</strong></span> <span class='ocrx_word' id='word_1_676' title='bbox 3297 3341 3436 3404; x_wconf 90' lang='lat' dir='ltr'><strong>hinc</strong></span> <span class='ocrx_word' id='word_1_677' title='bbox 3459 3342 3596 3405; x_wconf 90' lang='lat' dir='ltr'><strong>inde</strong></span> 
     </span>
    </p>
   </div>
   <div class='ocr_carea' id='block_1_97' title="bbox 1941 3425 3596 3508">
    <p class='ocr_par' dir='ltr' id='par_1_97' title="bbox 1941 3425 3596 3508">
     <span class='ocr_line' id='line_1_97' title="bbox 1941 3425 3596 3508; baseline 0.004 -22"><span class='ocrx_word' id='word_1_678' title='bbox 1941 3425 2291 3500; x_wconf 83' lang='lat' dir='ltr'><strong>distractus,</strong></span> <span class='ocrx_word' id='word_1_679' title='bbox 2351 3433 2628 3488; x_wconf 86' lang='lat' dir='ltr'><strong>accurate</strong></span> <span class='ocrx_word' id='word_1_680' title='bbox 2686 3428 2980 3507; x_wconf 78' lang='lat' dir='ltr'><strong>exprimet</strong></span> <span class='ocrx_word' id='word_1_681' title='bbox 3031 3429 3094 3490; x_wconf 88' lang='lat' dir='ltr'><strong>id</strong></span> <span class='ocrx_word' id='word_1_682' title='bbox 3139 3429 3296 3508; x_wconf 92' lang='lat' dir='ltr'><strong>quod</strong></span> <span class='ocrx_word' id='word_1_683' title='bbox 3331 3430 3596 3493; x_wconf 88' lang='lat' dir='ltr'><strong>imitatur</strong></span> 
     </span>
    </p>
   </div>
   <div class='ocr_carea' id='block_1_98' title="bbox 1947 3514 3594 3596">
    <p class='ocr_par' dir='ltr' id='par_1_98' title="bbox 1947 3514 3594 3596">
     <span class='ocr_line' id='line_1_98' title="bbox 1947 3514 3594 3596; baseline 0.003 -20"><span class='ocrx_word' id='word_1_684' title='bbox 1947 3515 2086 3594; x_wconf 82' lang='lat' dir='ltr'><strong>(hoc</strong></span> <span class='ocrx_word' id='word_1_685' title='bbox 2137 3514 2296 3576; x_wconf 87' lang='lat' dir='ltr'><strong>enim</strong></span> <span class='ocrx_word' id='word_1_686' title='bbox 2330 3525 2420 3577; x_wconf 92' lang='lat' dir='ltr'><strong>est</strong></span> <span class='ocrx_word' id='word_1_687' title='bbox 2447 3515 2597 3577; x_wconf 87' lang='lat' dir='ltr'><strong>illud</strong></span> <span class='ocrx_word' id='word_1_688' title='bbox 2629 3517 3001 3596; x_wconf 75' lang='lat' dir='ltr'><strong>replicabit;</strong></span> <span class='ocrx_word' id='word_1_689' title='bbox 3036 3536 3172 3578; x_wconf 91' lang='lat' dir='ltr'><strong>nam</strong></span> <span class='ocrx_word' id='word_1_690' title='bbox 3208 3518 3382 3581; x_wconf 86' lang='lat' dir='ltr'><strong>faciet</strong></span> <span class='ocrx_word' id='word_1_691' title='bbox 3428 3519 3594 3582; x_wconf 85' lang='lat' dir='ltr'><strong>aliud</strong></span> 
     </span>
    </p>
   </div>
   <div class='ocr_carea' id='block_1_99' title="bbox 1942 3604 3594 3687">
    <p class='ocr_par' dir='ltr' id='par_1_99' title="bbox 1942 3604 3594 3687">
     <span class='ocr_line' id='line_1_99' title="bbox 1942 3604 3594 3687; baseline 0.004 -21"><span class='ocrx_word' id='word_1_692' title='bbox 1942 3612 2097 3668; x_wconf 85' lang='lat' dir='ltr'><strong>sicut</strong></span> <span class='ocrx_word' id='word_1_693' title='bbox 2129 3604 2276 3666; x_wconf 89' lang='lat' dir='ltr'><strong>illud</strong></span> <span class='ocrx_word' id='word_1_694' title='bbox 2299 3606 2448 3668; x_wconf 85' lang='lat' dir='ltr'><strong>citra</strong></span> <span class='ocrx_word' id='word_1_695' title='bbox 2463 3605 2814 3669; x_wconf 62' lang='lat' dir='ltr'><strong>substantiae</strong></span> <span class='ocrx_word' id='word_1_696' title='bbox 2835 3606 3258 3685; x_wconf 71' lang='lat' dir='ltr'><strong>differentiam;</strong></span> <span class='ocrx_word' id='word_1_697' title='bbox 3294 3608 3594 3687; x_wconf 80' lang='lat' dir='ltr'><strong>siquidem</strong></span> 
     </span>
    </p>
   </div>
   <div class='ocr_carea' id='block_1_100' title="bbox 1943 3693 3596 3777">
    <p class='ocr_par' dir='ltr' id='par_1_100' title="bbox 1943 3693 3596 3777">
     <span class='ocr_line' id='line_1_100' title="bbox 1943 3693 3596 3777; baseline 0.004 -22"><span class='ocrx_word' id='word_1_698' title='bbox 1943 3693 2002 3757; x_wconf 89' lang='lat' dir='ltr'><strong>id</strong></span> <span class='ocrx_word' id='word_1_699' title='bbox 2035 3713 2172 3758; x_wconf 84' lang='lat' dir='ltr'><strong>vere</strong></span> <span class='ocrx_word' id='word_1_700' title='bbox 2207 3704 2294 3758; x_wconf 89' lang='lat' dir='ltr'><strong>est</strong></span> <span class='ocrx_word' id='word_1_701' title='bbox 2327 3699 2680 3770; x_wconf 86' lang='lat' dir='ltr'><strong>animatum,</strong></span> <span class='ocrx_word' id='word_1_702' title='bbox 2721 3697 2834 3758; x_wconf 93' lang='lat' dir='ltr'><strong>hoc</strong></span> <span class='ocrx_word' id='word_1_703' title='bbox 2865 3715 3006 3757; x_wconf 85' lang='lat' dir='ltr'><strong>vero</strong></span> <span class='ocrx_word' id='word_1_704' title='bbox 3065 3717 3214 3777; x_wconf 91' lang='lat' dir='ltr'><strong>opus</strong></span> <span class='ocrx_word' id='word_1_705' title='bbox 3271 3699 3344 3759; x_wconf 91' lang='lat' dir='ltr'><strong>ad</strong></span> <span class='ocrx_word' id='word_1_706' title='bbox 3401 3699 3596 3761; x_wconf 84' lang='lat' dir='ltr'><strong>vivum</strong></span> 
     </span>
    </p>
   </div>
   <div class='ocr_carea' id='block_1_101' title="bbox 1944 3785 3595 3867">
    <p class='ocr_par' dir='ltr' id='par_1_101' title="bbox 1944 3785 3595 3867">
     <span class='ocr_line' id='line_1_101' title="bbox 1944 3785 3595 3867; baseline 0.003 -21"><span class='ocrx_word' id='word_1_707' title='bbox 1944 3803 2335 3867; x_wconf 72' lang='lat' dir='ltr'><strong>expressum);</strong></span> <span class='ocrx_word' id='word_1_708' title='bbox 2369 3785 2456 3846; x_wconf 92' lang='lat' dir='ltr'><strong>sic</strong></span> <span class='ocrx_word' id='word_1_709' title='bbox 2487 3787 2663 3847; x_wconf 89' lang='lat' dir='ltr'><strong>etiam</strong></span> <span class='ocrx_word' id='word_1_710' title='bbox 2699 3785 3031 3866; x_wconf 79' lang='lat' dir='ltr'><strong>pictoribus</strong></span> <span class='ocrx_word' id='word_1_711' title='bbox 3070 3786 3459 3866; x_wconf 87' lang='lat' dir='ltr'><strong>spiritalibus,</strong></span> <span class='ocrx_word' id='word_1_712' title='bbox 3493 3807 3595 3851; x_wconf 82' lang='lat' dir='ltr'><strong>ar-</strong></span> 
     </span>
    </p>
   </div>
   <div class='ocr_carea' id='block_1_102' title="bbox 1943 3874 3598 3956">
    <p class='ocr_par' dir='ltr' id='par_1_102' title="bbox 1943 3874 3598 3956">
     <span class='ocr_line' id='line_1_102' title="bbox 1943 3874 3598 3956; baseline 0.002 -19"><span class='ocrx_word' id='word_1_713' title='bbox 1943 3875 2180 3955; x_wconf 76' lang='lat' dir='ltr'><strong>chetypi</strong></span> <span class='ocrx_word' id='word_1_714' title='bbox 2203 3883 2262 3936; x_wconf 92' lang='lat' dir='ltr'><strong>et</strong></span> <span class='ocrx_word' id='word_1_715' title='bbox 2283 3876 2682 3938; x_wconf 87' lang='lat' dir='ltr'><strong>suaveolentis</strong></span> <span class='ocrx_word' id='word_1_716' title='bbox 2713 3874 3176 3956; x_wconf 87' lang='lat' dir='ltr'><strong>pulchritudinis</strong></span> <span class='ocrx_word' id='word_1_717' title='bbox 3207 3877 3434 3940; x_wconf 86' lang='lat' dir='ltr'><strong>intenta</strong></span> <span class='ocrx_word' id='word_1_718' title='bbox 3457 3897 3598 3941; x_wconf 85' lang='lat' dir='ltr'><strong>con-</strong></span> 
     </span>
    </p>
   </div>
   <div class='ocr_carea' id='block_1_103' title="bbox 1943 3965 3597 4046">
    <p class='ocr_par' dir='ltr' id='par_1_103' title="bbox 1943 3965 3597 4046">
     <span class='ocr_line' id='line_1_103' title="bbox 1943 3965 3597 4046; baseline 0.002 -20"><span class='ocrx_word' id='word_1_719' title='bbox 1943 3973 2222 4046; x_wconf 85' lang='lat' dir='ltr'><strong>stansque</strong></span> <span class='ocrx_word' id='word_1_720' title='bbox 2253 3965 2677 4046; x_wconf 81' lang='lat' dir='ltr'><strong>contemplatio</strong></span> <span class='ocrx_word' id='word_1_721' title='bbox 2711 3967 2986 4028; x_wconf 88' lang='lat' dir='ltr'><strong>eonferet</strong></span> <span class='ocrx_word' id='word_1_722' title='bbox 3045 3966 3163 4028; x_wconf 91' lang='lat' dir='ltr'><strong>illis</strong></span> <span class='ocrx_word' id='word_1_723' title='bbox 3218 3967 3597 4030; x_wconf 84' lang='lat' dir='ltr'><strong>infallibilem</strong></span> 
     </span>
    </p>
   </div>
   <div class='ocr_carea' id='block_1_104' title="bbox 1943 4055 3598 4136">
    <p class='ocr_par' dir='ltr' id='par_1_104' title="bbox 1943 4055 3598 4136">
     <span class='ocr_line' id='line_1_104' title="bbox 1943 4055 3598 4136; baseline 0.001 -19"><span class='ocrx_word' id='word_1_724' title='bbox 1943 4055 2426 4117; x_wconf 88' lang='lat' dir='ltr'><strong>similitudinem.</strong></span> <span class='ocrx_word' id='word_1_725' title='bbox 2483 4055 2671 4118; x_wconf 81' lang='lat' dir='ltr'><strong>Recte</strong></span> <span class='ocrx_word' id='word_1_726' title='bbox 2715 4057 2892 4136; x_wconf 84' lang='lat' dir='ltr'><strong>igitur</strong></span> <span class='ocrx_word' id='word_1_727' title='bbox 2916 4056 3178 4136; x_wconf 89' lang='lat' dir='ltr'><strong>pictores</strong></span> <span class='ocrx_word' id='word_1_728' title='bbox 3209 4057 3420 4132; x_wconf 84' lang='lat' dir='ltr'><strong>sancti,</strong></span> <span class='ocrx_word' id='word_1_729' title='bbox 3456 4058 3598 4120; x_wconf 92' lang='lat' dir='ltr'><strong>dum</strong></span> 
     </span>
    </p>
   </div>
   <div class='ocr_carea' id='block_1_105' title="bbox 1943 4145 3603 4226">
    <p class='ocr_par' dir='ltr' id='par_1_105' title="bbox 1943 4145 3603 4226">
     <span class='ocr_line' id='line_1_105' title="bbox 1943 4145 3603 4226; baseline 0.002 -20"><span class='ocrx_word' id='word_1_730' title='bbox 1943 4145 2262 4225; x_wconf 75' lang='lat' dir='ltr'><strong>imaginem</strong></span> <span class='ocrx_word' id='word_1_731' title='bbox 2287 4165 2452 4207; x_wconf 90' lang='lat' dir='ltr'><strong>suam</strong></span> <span class='ocrx_word' id='word_1_732' title='bbox 2479 4145 2806 4226; x_wconf 87' lang='lat' dir='ltr'><strong>spiritalem</strong></span> <span class='ocrx_word' id='word_1_733' title='bbox 2831 4165 2950 4206; x_wconf 91' lang='lat' dir='ltr'><strong>non</strong></span> <span class='ocrx_word' id='word_1_734' title='bbox 2975 4153 3309 4208; x_wconf 86' lang='lat' dir='ltr'><strong>retroversa</strong></span> <span class='ocrx_word' id='word_1_735' title='bbox 3330 4147 3480 4210; x_wconf 82' lang='lat' dir='ltr'><strong>facie</strong></span> <span class='ocrx_word' id='word_1_736' title='bbox 3503 4165 3603 4210; x_wconf 81' lang='lat' dir='ltr'><strong>ex-</strong></span> 
     </span>
    </p>
   </div>
   <div class='ocr_carea' id='block_1_106' title="bbox 1945 4243 3600 4316">
    <p class='ocr_par' dir='ltr' id='par_1_106' title="bbox 1945 4243 3600 4316">
     <span class='ocr_line' id='line_1_106' title="bbox 1945 4243 3600 4316; baseline 0.001 -14"><span class='ocrx_word' id='word_1_737' title='bbox 1945 4245 2562 4315; x_wconf 77' lang='lat' dir='ltr'><strong>primunt,extraneam</strong></span> <span class='ocrx_word' id='word_1_738' title='bbox 2596 4245 2996 4316; x_wconf 83' lang='lat' dir='ltr'><strong>deceptionem</strong></span> <span class='ocrx_word' id='word_1_739' title='bbox 3021 4243 3260 4302; x_wconf 88' lang='lat' dir='ltr'><strong>minime</strong></span> <span class='ocrx_word' id='word_1_740' title='bbox 3285 4247 3600 4304; x_wconf 83' lang='lat' dir='ltr'><strong>attendent.</strong></span> 
     </span>
    </p>
   </div>
   <div class='ocr_carea' id='block_1_107' title="bbox 1943 4325 3603 4406">
    <p class='ocr_par' dir='ltr' id='par_1_107' title="bbox 1943 4325 3603 4406">
     <span class='ocr_line' id='line_1_107' title="bbox 1943 4325 3603 4406; baseline 0.001 -20"><span class='ocrx_word' id='word_1_741' title='bbox 1943 4326 2218 4386; x_wconf 88' lang='lat' dir='ltr'><strong>Divinum</strong></span> <span class='ocrx_word' id='word_1_742' title='bbox 2250 4325 2452 4406; x_wconf 86' lang='lat' dir='ltr'><strong>itaque</strong></span> <span class='ocrx_word' id='word_1_743' title='bbox 2486 4335 2852 4405; x_wconf 81' lang='lat' dir='ltr'><strong>unguentum</strong></span> <span class='ocrx_word' id='word_1_744' title='bbox 2910 4325 3246 4387; x_wconf 90' lang='lat' dir='ltr'><strong>obvelatum</strong></span> <span class='ocrx_word' id='word_1_745' title='bbox 3299 4326 3603 4388; x_wconf 85' lang='lat' dir='ltr'><strong>habebunt</strong></span> 
     </span>
    </p>
   </div>
   <div class='ocr_carea' id='block_1_108' title="bbox 1949 4415 3601 4495">
    <p class='ocr_par' dir='ltr' id='par_1_108' title="bbox 1949 4415 3601 4495">
     <span class='ocr_line' id='line_1_108' title="bbox 1949 4415 3601 4495; baseline -0.001 -17"><span class='ocrx_word' id='word_1_746' title='bbox 1949 4424 2227 4493; x_wconf 87' lang='lat' dir='ltr'><strong>tanquam</strong></span> <span class='ocrx_word' id='word_1_747' title='bbox 2262 4416 2584 4495; x_wconf 80' lang='lat' dir='ltr'><strong>imaginem</strong></span> <span class='ocrx_word' id='word_1_748' title='bbox 2616 4417 2896 4477; x_wconf 90' lang='lat' dir='ltr'><strong>ordinum</strong></span> <span class='ocrx_word' id='word_1_749' title='bbox 2927 4415 3499 4492; x_wconf 74' lang='lat' dir='ltr'><strong>ecclesiasticarum,</strong></span> <span class='ocrx_word' id='word_1_750' title='bbox 3525 4434 3601 4477; x_wconf 90' lang='lat' dir='ltr'><strong>ne</strong></span> 
     </span>
    </p>
   </div>
   <div class='ocr_carea' id='block_1_109' title="bbox 1948 4505 3600 4587">
    <p class='ocr_par' dir='ltr' id='par_1_109' title="bbox 1948 4505 3600 4587">
     <span class='ocr_line' id='line_1_109' title="bbox 1948 4505 3600 4587; baseline 0 -19"><span class='ocrx_word' id='word_1_751' title='bbox 1948 4525 2127 4568; x_wconf 92' lang='lat' dir='ltr'><strong>omne</strong></span> <span class='ocrx_word' id='word_1_752' title='bbox 2159 4524 2306 4587; x_wconf 89' lang='lat' dir='ltr'><strong>opus</strong></span> <span class='ocrx_word' id='word_1_753' title='bbox 2339 4506 2558 4568; x_wconf 90' lang='lat' dir='ltr'><strong>bonum</strong></span> <span class='ocrx_word' id='word_1_754' title='bbox 2591 4506 2664 4567; x_wconf 88' lang='lat' dir='ltr'><strong>ad</strong></span> <span class='ocrx_word' id='word_1_755' title='bbox 2712 4507 2951 4566; x_wconf 89' lang='lat' dir='ltr'><strong>inanem</strong></span> <span class='ocrx_word' id='word_1_756' title='bbox 2987 4505 3296 4565; x_wconf 87' lang='lat' dir='ltr'><strong>hominum</strong></span> <span class='ocrx_word' id='word_1_757' title='bbox 3344 4506 3600 4584; x_wconf 88' lang='lat' dir='ltr'><strong>gloriam</strong></span> 
     </span>
    </p>
   </div>
   <div class='ocr_carea' id='block_1_110' title="bbox 1947 4594 3602 4677">
    <p class='ocr_par' dir='ltr' id='par_1_110' title="bbox 1947 4594 3602 4677">
     <span class='ocr_line' id='line_1_110' title="bbox 1947 4594 3602 4677; baseline 0.001 -19"><span class='ocrx_word' id='word_1_758' title='bbox 1947 4605 2288 4670; x_wconf 89' lang='lat' dir='ltr'><strong>ostentent;</strong></span> <span class='ocrx_word' id='word_1_759' title='bbox 2323 4603 2500 4677; x_wconf 87' lang='lat' dir='ltr'><strong>atque</strong></span> <span class='ocrx_word' id='word_1_760' title='bbox 2533 4595 2670 4658; x_wconf 90' lang='lat' dir='ltr'><strong>ideo</strong></span> <span class='ocrx_word' id='word_1_761' title='bbox 2699 4595 2986 4676; x_wconf 89' lang='lat' dir='ltr'><strong>quidquid</strong></span> <span class='ocrx_word' id='word_1_762' title='bbox 3021 4596 3080 4656; x_wconf 88' lang='lat' dir='ltr'><strong>in</strong></span> <span class='ocrx_word' id='word_1_763' title='bbox 3115 4594 3332 4657; x_wconf 88' lang='lat' dir='ltr'><strong>virtute</strong></span> <span class='ocrx_word' id='word_1_764' title='bbox 3363 4614 3602 4659; x_wconf 86' lang='lat' dir='ltr'><strong>sacrum</strong></span> 
     </span>
    </p>
   </div>
   <div class='ocr_carea' id='block_1_111' title="bbox 1947 4685 3602 4767">
    <p class='ocr_par' dir='ltr' id='par_1_111' title="bbox 1947 4685 3602 4767">
     <span class='ocr_line' id='line_1_111' title="bbox 1947 4685 3602 4767; baseline 0.001 -19"><span class='ocrx_word' id='word_1_765' title='bbox 1947 4696 2032 4750; x_wconf 89' lang='lat' dir='ltr'><strong>est</strong></span> <span class='ocrx_word' id='word_1_766' title='bbox 2069 4687 2221 4749; x_wconf 87' lang='lat' dir='ltr'><strong>intra</strong></span> <span class='ocrx_word' id='word_1_767' title='bbox 2259 4697 2522 4748; x_wconf 83' lang='lat' dir='ltr'><strong>mentem</strong></span> <span class='ocrx_word' id='word_1_768' title='bbox 2551 4685 2972 4766; x_wconf 88' lang='lat' dir='ltr'><strong>recondentes,</strong></span> <span class='ocrx_word' id='word_1_769' title='bbox 3029 4685 3192 4765; x_wconf 84' lang='lat' dir='ltr'><strong>juxta</strong></span> <span class='ocrx_word' id='word_1_770' title='bbox 3250 4698 3602 4767; x_wconf 84' lang='lat' dir='ltr'><strong>coopertum</strong></span> 
     </span>
    </p>
   </div>
   <div class='ocr_carea' id='block_1_112' title="bbox 1951 4775 3604 4857">
    <p class='ocr_par' dir='ltr' id='par_1_112' title="bbox 1951 4775 3604 4857">
     <span class='ocr_line' id='line_1_112' title="bbox 1951 4775 3604 4857; baseline 0.002 -19"><span class='ocrx_word' id='word_1_771' title='bbox 1951 4785 2314 4856; x_wconf 84' lang='lat' dir='ltr'><strong>unguentum</strong></span> <span class='ocrx_word' id='word_1_772' title='bbox 2346 4777 2416 4838; x_wconf 86' lang='lat' dir='ltr'><strong>ad</strong></span> <span class='ocrx_word' id='word_1_773' title='bbox 2455 4778 2792 4857; x_wconf 64' lang='lat' dir='ltr'><strong>primaevam</strong></span> <span class='ocrx_word' id='word_1_774' title='bbox 2835 4776 3118 4838; x_wconf 85' lang='lat' dir='ltr'><strong>duntaxat</strong></span> <span class='ocrx_word' id='word_1_775' title='bbox 3149 4775 3604 4854; x_wconf 86' lang='lat' dir='ltr'><strong>intelligentiam</strong></span> 
     </span>
    </p>
   </div>
   <div class='ocr_carea' id='block_1_113' title="bbox 1950 4865 3605 4948">
    <p class='ocr_par' dir='ltr' id='par_1_113' title="bbox 1950 4865 3605 4948">
     <span class='ocr_line' id='line_1_113' title="bbox 1950 4865 3605 4948; baseline 0.001 -19"><span class='ocrx_word' id='word_1_776' title='bbox 1950 4867 2536 4948; x_wconf 87' lang='lat' dir='ltr'><strong>intueantur.Neque</strong></span> <span class='ocrx_word' id='word_1_777' title='bbox 2559 4867 2716 4929; x_wconf 85' lang='lat' dir='ltr'><strong>enim</strong></span> <span class='ocrx_word' id='word_1_778' title='bbox 2741 4865 3201 4948; x_wconf 87' lang='lat' dir='ltr'><strong>inaspectabiles</strong></span> <span class='ocrx_word' id='word_1_779' title='bbox 3216 4873 3442 4930; x_wconf 89' lang='lat' dir='ltr'><strong>tantum</strong></span> <span class='ocrx_word' id='word_1_780' title='bbox 3467 4875 3605 4930; x_wconf 91' lang='lat' dir='ltr'><strong>sunt</strong></span> 
     </span>
    </p>
   </div>
   <div class='ocr_carea' id='block_1_114' title="bbox 1953 4956 3600 5038">
    <p class='ocr_par' dir='ltr' id='par_1_114' title="bbox 1953 4956 3600 5038">
     <span class='ocr_line' id='line_1_114' title="bbox 1953 4956 3600 5038; baseline -0.001 -18"><span class='ocrx_word' id='word_1_781' title='bbox 1953 4958 2340 5038; x_wconf 88' lang='lat' dir='ltr'><strong>multitudini,</strong></span> <span class='ocrx_word' id='word_1_782' title='bbox 2371 4975 2545 5034; x_wconf 90' lang='lat' dir='ltr'><strong>quam</strong></span> <span class='ocrx_word' id='word_1_783' title='bbox 2572 4967 2632 5018; x_wconf 89' lang='lat' dir='ltr'><strong>et</strong></span> <span class='ocrx_word' id='word_1_784' title='bbox 2653 4957 3013 5035; x_wconf 71' lang='lat' dir='ltr'><strong>inaequalem</strong></span> <span class='ocrx_word' id='word_1_785' title='bbox 3035 4965 3208 5019; x_wconf 90' lang='lat' dir='ltr'><strong>vocat</strong></span> <span class='ocrx_word' id='word_1_786' title='bbox 3242 4975 3310 5018; x_wconf 89' lang='lat' dir='ltr'><strong>ac</strong></span> <span class='ocrx_word' id='word_1_787' title='bbox 3333 4956 3600 5019; x_wconf 91' lang='lat' dir='ltr'><strong>dissimi-</strong></span> 
     </span>
    </p>
   </div>
   <div class='ocr_carea' id='block_1_115' title="bbox 1951 5045 3601 5128">
    <p class='ocr_par' dir='ltr' id='par_1_115' title="bbox 1951 5045 3601 5128">
     <span class='ocr_line' id='line_1_115' title="bbox 1951 5045 3601 5128; baseline 0.001 -19"><span class='ocrx_word' id='word_1_788' title='bbox 1951 5047 2092 5112; x_wconf 91' lang='lat' dir='ltr'><strong>lem:</strong></span> <span class='ocrx_word' id='word_1_789' title='bbox 2119 5067 2254 5110; x_wconf 89' lang='lat' dir='ltr'><strong>nam</strong></span> <span class='ocrx_word' id='word_1_790' title='bbox 2279 5048 2380 5128; x_wconf 91' lang='lat' dir='ltr'><strong>qui</strong></span> <span class='ocrx_word' id='word_1_791' title='bbox 2418 5047 2680 5124; x_wconf 84' lang='lat' dir='ltr'><strong>aequales</strong></span> <span class='ocrx_word' id='word_1_792' title='bbox 2710 5056 2870 5120; x_wconf 88' lang='lat' dir='ltr'><strong>sunt,</strong></span> <span class='ocrx_word' id='word_1_793' title='bbox 2903 5046 3184 5110; x_wconf 77' lang='lat' dir='ltr'><strong>virtutem</strong></span> <span class='ocrx_word' id='word_1_794' title='bbox 3219 5045 3334 5108; x_wconf 89' lang='lat' dir='ltr'><strong>sibi</strong></span> <span class='ocrx_word' id='word_1_795' title='bbox 3393 5053 3601 5110; x_wconf 89' lang='lat' dir='ltr'><strong>mutue</strong></span> 
     </span>
    </p>
   </div>
   <div class='ocr_carea' id='block_1_116' title="bbox 1950 5133 3605 5218">
    <p class='ocr_par' dir='ltr' id='par_1_116' title="bbox 1950 5133 3605 5218">
     <span class='ocr_line' id='line_1_116' title="bbox 1950 5133 3605 5218; baseline -0.001 -18"><span class='ocrx_word' id='word_1_796' title='bbox 1950 5136 2702 5218; x_wconf 87' lang='lat' dir='ltr'><strong>communicabunt,neque</strong></span> <span class='ocrx_word' id='word_1_797' title='bbox 2727 5137 2844 5200; x_wconf 88' lang='lat' dir='ltr'><strong>sibi</strong></span> <span class='ocrx_word' id='word_1_798' title='bbox 2871 5145 3076 5200; x_wconf 89' lang='lat' dir='ltr'><strong>mutuo</strong></span> <span class='ocrx_word' id='word_1_799' title='bbox 3111 5133 3435 5211; x_wconf 85' lang='lat' dir='ltr'><strong>nocebunt,</strong></span> <span class='ocrx_word' id='word_1_800' title='bbox 3458 5155 3605 5218; x_wconf 87' lang='lat' dir='ltr'><strong>quo-</strong></span> 
     </span>
    </p>
   </div>
   <div class='ocr_carea' id='block_1_117' title="bbox 1949 5227 3604 5308">
    <p class='ocr_par' dir='ltr' id='par_1_117' title="bbox 1949 5227 3604 5308">
     <span class='ocr_line' id='line_1_117' title="bbox 1949 5227 3604 5308; baseline -0.001 -17"><span class='ocrx_word' id='word_1_801' title='bbox 1949 5228 2106 5292; x_wconf 91' lang='lat' dir='ltr'><strong>niam</strong></span> <span class='ocrx_word' id='word_1_802' title='bbox 2141 5229 2378 5308; x_wconf 81' lang='lat' dir='ltr'><strong>utrique</strong></span> <span class='ocrx_word' id='word_1_803' title='bbox 2406 5227 2670 5290; x_wconf 83' lang='lat' dir='ltr'><strong>divinam</strong></span> <span class='ocrx_word' id='word_1_804' title='bbox 2703 5227 2952 5306; x_wconf 88' lang='lat' dir='ltr'><strong>gloriam</strong></span> <span class='ocrx_word' id='word_1_805' title='bbox 2995 5234 3322 5306; x_wconf 89' lang='lat' dir='ltr'><strong>sectantur,</strong></span> <span class='ocrx_word' id='word_1_806' title='bbox 3372 5235 3434 5289; x_wconf 91' lang='lat' dir='ltr'><strong>et</strong></span> <span class='ocrx_word' id='word_1_807' title='bbox 3481 5243 3604 5290; x_wconf 86' lang='lat' dir='ltr'><strong>non</strong></span> 
     </span>
    </p>
   </div>
   <div class='ocr_carea' id='block_1_118' title="bbox 1947 5314 3608 5399">
    <p class='ocr_par' dir='ltr' id='par_1_118' title="bbox 1947 5314 3608 5399">
     <span class='ocr_line' id='line_1_118' title="bbox 1947 5314 3608 5399; baseline -0.001 -18"><span class='ocrx_word' id='word_1_808' title='bbox 1947 5320 2282 5381; x_wconf 88' lang='lat' dir='ltr'><strong>hominum.</strong></span> <span class='ocrx_word' id='word_1_809' title='bbox 2309 5316 2438 5380; x_wconf 85' lang='lat' dir='ltr'><strong>Non</strong></span> <span class='ocrx_word' id='word_1_810' title='bbox 2465 5318 2665 5399; x_wconf 83' lang='lat' dir='ltr'><strong>itaque</strong></span> <span class='ocrx_word' id='word_1_811' title='bbox 2685 5319 2966 5380; x_wconf 80' lang='lat' dir='ltr'><strong>duntaxat</strong></span> <span class='ocrx_word' id='word_1_812' title='bbox 2989 5314 3446 5397; x_wconf 87' lang='lat' dir='ltr'><strong>inaspectabiles</strong></span> <span class='ocrx_word' id='word_1_813' title='bbox 3468 5325 3608 5379; x_wconf 88' lang='lat' dir='ltr'><strong>sunt</strong></span> 
     </span>
    </p>
   </div>
   <div class='ocr_carea' id='block_1_119' title="bbox 1945 5405 3606 5488">
    <p class='ocr_par' dir='ltr' id='par_1_119' title="bbox 1945 5405 3606 5488">
     <span class='ocr_line' id='line_1_119' title="bbox 1945 5405 3606 5488; baseline -0.001 -17"><span class='ocrx_word' id='word_1_814' title='bbox 1945 5408 2341 5485; x_wconf 86' lang='lat' dir='ltr'><strong>multitudini,</strong></span> <span class='ocrx_word' id='word_1_815' title='bbox 2369 5409 2473 5470; x_wconf 90' lang='lat' dir='ltr'><strong>sed</strong></span> <span class='ocrx_word' id='word_1_816' title='bbox 2501 5427 2576 5470; x_wconf 92' lang='lat' dir='ltr'><strong>ne</strong></span> <span class='ocrx_word' id='word_1_817' title='bbox 2609 5409 2669 5470; x_wconf 92' lang='lat' dir='ltr'><strong>hi</strong></span> <span class='ocrx_word' id='word_1_818' title='bbox 2693 5411 2803 5488; x_wconf 87' lang='lat' dir='ltr'><strong>ipsi</strong></span> <span class='ocrx_word' id='word_1_819' title='bbox 2838 5407 3076 5488; x_wconf 88' lang='lat' dir='ltr'><strong>quidem</strong></span> <span class='ocrx_word' id='word_1_820' title='bbox 3111 5405 3246 5466; x_wconf 87' lang='lat' dir='ltr'><strong>illos</strong></span> <span class='ocrx_word' id='word_1_821' title='bbox 3275 5405 3482 5468; x_wconf 86' lang='lat' dir='ltr'><strong>videre</strong></span> <span class='ocrx_word' id='word_1_822' title='bbox 3511 5427 3606 5470; x_wconf 78' lang='lat' dir='ltr'><strong>vo-</strong></span> 
     </span>
    </p>
   </div>
   <div class='ocr_carea' id='block_1_120' title="bbox 1943 5495 3604 5576">
    <p class='ocr_par' dir='ltr' id='par_1_120' title="bbox 1943 5495 3604 5576">
     <span class='ocr_line' id='line_1_120' title="bbox 1943 5495 3604 5576; baseline -0.001 -15"><span class='ocrx_word' id='word_1_823' title='bbox 1943 5501 2094 5573; x_wconf 90' lang='lat' dir='ltr'><strong>lunt,</strong></span> <span class='ocrx_word' id='word_1_824' title='bbox 2131 5517 2248 5560; x_wconf 90' lang='lat' dir='ltr'><strong>non</strong></span> <span class='ocrx_word' id='word_1_825' title='bbox 2280 5499 2440 5576; x_wconf 87' lang='lat' dir='ltr'><strong>quod</strong></span> <span class='ocrx_word' id='word_1_826' title='bbox 2475 5499 2593 5560; x_wconf 90' lang='lat' dir='ltr'><strong>illis</strong></span> <span class='ocrx_word' id='word_1_827' title='bbox 2637 5517 2755 5560; x_wconf 90' lang='lat' dir='ltr'><strong>non</strong></span> <span class='ocrx_word' id='word_1_828' title='bbox 2789 5499 3130 5573; x_wconf 88' lang='lat' dir='ltr'><strong>consulant,</strong></span> <span class='ocrx_word' id='word_1_829' title='bbox 3161 5495 3267 5558; x_wconf 90' lang='lat' dir='ltr'><strong>sed</strong></span> <span class='ocrx_word' id='word_1_830' title='bbox 3303 5497 3460 5576; x_wconf 86' lang='lat' dir='ltr'><strong>quod</strong></span> <span class='ocrx_word' id='word_1_831' title='bbox 3493 5516 3604 5560; x_wconf 87' lang='lat' dir='ltr'><strong>no-</strong></span> 
     </span>
    </p>
   </div>
   <div class='ocr_carea' id='block_1_121' title="bbox 1943 5585 3606 5668">
    <p class='ocr_par' dir='ltr' id='par_1_121' title="bbox 1943 5585 3606 5668">
     <span class='ocr_line' id='line_1_121' title="bbox 1943 5585 3606 5668; baseline 0.001 -17"><span class='ocrx_word' id='word_1_832' title='bbox 1943 5591 2052 5652; x_wconf 89' lang='lat' dir='ltr'><strong>lint</strong></span> <span class='ocrx_word' id='word_1_833' title='bbox 2079 5589 2152 5651; x_wconf 88' lang='lat' dir='ltr'><strong>ab</strong></span> <span class='ocrx_word' id='word_1_834' title='bbox 2184 5588 2304 5650; x_wconf 83' lang='lat' dir='ltr'><strong>illis</strong></span> <span class='ocrx_word' id='word_1_835' title='bbox 2333 5589 2814 5651; x_wconf 88' lang='lat' dir='ltr'><strong>emolumentum</strong></span> <span class='ocrx_word' id='word_1_836' title='bbox 2840 5586 3082 5668; x_wconf 87' lang='lat' dir='ltr'><strong>aliquod</strong></span> <span class='ocrx_word' id='word_1_837' title='bbox 3105 5585 3419 5667; x_wconf 85' lang='lat' dir='ltr'><strong>accipere;</strong></span> <span class='ocrx_word' id='word_1_838' title='bbox 3447 5588 3606 5652; x_wconf 87' lang='lat' dir='ltr'><strong>unde</strong></span> 
     </span>
    </p>
   </div>
   <div class='ocr_carea' id='block_1_122' title="bbox 1943 5685 3602 5780">
    <p class='ocr_par' dir='ltr' id='par_1_122' title="bbox 1943 5685 3602 5780">
     <span class='ocr_line' id='line_1_122' title="bbox 1943 5685 3602 5780; baseline -0.002 -34"><span class='ocrx_word' id='word_1_839' title='bbox 1943 5687 2386 5765; x_wconf 84' lang='lat' dir='ltr'><strong>consequenter</strong></span> <span class='ocrx_word' id='word_1_840' title='bbox 2418 5697 2488 5742; x_wconf 81' lang='lat' dir='ltr'><strong>ex</strong></span> <span class='ocrx_word' id='word_1_841' title='bbox 2517 5697 2584 5742; x_wconf 91' lang='lat' dir='ltr'><strong>se</strong></span> <span class='ocrx_word' id='word_1_842' title='bbox 2617 5697 2738 5742; x_wconf 90' lang='lat' dir='ltr'><strong>non</strong></span> <span class='ocrx_word' id='word_1_843' title='bbox 2765 5685 2968 5742; x_wconf 92' lang='lat' dir='ltr'><strong>amant</strong></span> <span class='ocrx_word' id='word_1_844' title='bbox 2996 5695 3068 5741; x_wconf 89' lang='lat' dir='ltr'><strong>ea</strong></span> <span class='ocrx_word' id='word_1_845' title='bbox 3099 5693 3232 5760; x_wconf 65' lang='lat' dir='ltr'><strong>qua:</strong></span> <span class='ocrx_word' id='word_1_846' title='bbox 3279 5685 3602 5780; x_wconf 61' lang='lat' dir='ltr'><strong>apparent,</strong></span> 
     </span>
    </p>
   </div>
   <div class='ocr_carea' id='block_1_123' title="bbox 3208 5786 3280 5850">
    <p class='ocr_par' dir='ltr' id='par_1_123' title="bbox 3208 5786 3280 5850">
     <span class='ocr_line' id='line_1_123' title="bbox 3208 5786 3280 5850; baseline 0.028 -2"><span class='ocrx_word' id='word_1_847' title='bbox 3208 5786 3280 5850; x_wconf 90' lang='grc'>16</span> 
     </span>
    </p>
   </div>
  </div>
