4042 6436
422 324 533 393 491

1585 322 1645 388 S.
1715 318 2061 387 DIONYSII
2131 315 2638 386 AREOPAGITE

3677 307 3799 378 49?

416 457 520 522 sed
550 474 683 540 quas
712 462 851 518 sunt
881 459 1034 533 (cum
1065 455 1227 518 enim
1260 455 1334 519 ab
1363 454 1501 518 aliis
1533 455 1887 525 dissideant,
1915 472 2059 536 quo-
2086 500 2091 514 ι

2181 455 2540 535 πιστρὲφεται,
2573 452 2717 514 τοῦτ’
2751 452 2914 530 ἔστιν,
2968 456 3028 511 οὗ
3086 450 3343 529 φροντίζει
3374 449 3663 515 κενοδόξως
3694 457 3804 506 τῶν

416 548 594 611 modo
621 556 902 625 quaerunt
919 564 1374 627 apparere,curn
1395 565 1464 608 ea
1480 563 1611 627 quae
1631 551 1926 626 apparent
1949 564 2066 606 non

2181 551 2228 615 ,η
2268 544 2682 624 ἂποδεχομὲνων
2716 543 2824 601 ἔσθ’
2858 544 2945 599 ὅτε
2975 544 3069 608 τὰς
3104 541 3227 619 παρ’
3256 544 3412 598 ,αὗτοῦ
3453 544 3676 620 κρίσεις’
3742 544 3806 598 οὗ

413 637 533 700 sint
553 636 878 710 omnino?),
907 637 1012 698 sed
1038 635 1260 699 bonum
1288 654 1551 717 quoque,
1589 635 1748 716 quod
1773 652 1807 697 a
1836 652 1903 696 se
1933 636 2065 715 ipso

2188 637 2247 713 ἂρ
2279 634 2575 701 ἐπιτηδεύει
2608 633 2758 698 δόξαν
2794 632 2939 713 ἔχειν
2972 633 3113 711 παρὰ
3144 632 3460 709 ἀνθρώποις,

411 745 534 789 non
562 725 1102 807 est,judicantes,et
1133 725 1285 787 sicut
1316 738 1533 786 natura
1562 743 1669 786 sua
1690 743 1754 786 se
1778 724 2311 798 habet,simulacra
2341 722 2609 803 quaedam
2641 731 2779 783 sunt
2807 723 3020 783 divime
3043 720 3465 800 fragrantizeﬁd
3494 727 3583 780 est
3606 717 3807 799 ipsius

412 816 655 899 Dei,qui
682 816 903 878 bonum
952 833 1128 896 perae
1150 815 1377 877 faciens
1400 815 1476 878 ad
1499 833 1710 877 omnes
1737 814 1986 877 minime
2008 814 2469 884 convertitur,id
2500 821 2586 873 est
2610 812 2751 874 226
2776 813 3020 873 minime
3044 809 3401 883 curat,inani
3436 809 3625 889 gloria
3649 809 3808 870 duc-

416 916 649 983 tus,eos
667 905 1110 984 quialiquando
1140 924 1259 967 non
1292 905 1623 985 suscipiunt
1651 905 1780 985 ejus
1808 906 2052 967 decreta
2089 925 2102 968 :
2139 923 2256 965 non
2285 903 2445 965 enim
2469 902 2669 965 studet
2698 903 2947 981 gloaiam
2980 901 3053 964 ab
3086 900 3433 962 hominibus
3467 899 3718 961 habere.

501 998 531 1077 §
558 994 631 1058 Il.
663 999 975 1071 Caeterum,
1006 996 1220 1076 inquit,
1242 1014 1376 1058 cum
1410 995 1907 1058 introductoriam
1934 1012 2073 1057 con-

2240 998 2369 1071 ΞΗ.
2421 991 2646 1061 Ἐπειδὴ
2707 996 2802 1061 τὴν
2862 993 3219 1072 εἰσαγωγικὴν
3277 993 3495 1069 θεωρίαν
3552 992 3812 1070 εἴπομεν,

419 1085 866 1168 templationem
895 1085 1569 1163 attnlerimus,agedum
1595 1083 1888 1167 deinceps
1919 1085 2077 1148 divi-

2181 1088 2309 1159 ›ησὶ,
2375 1085 2496 1165 φέρε
2556 1083 2743 1141 λοιπὸν
2806 1086 2877 1145 εἰς
2931 1085 2992 1139 τὸ
3050 1084 3312 1158 θειότερον
3364 1085 3451 1137 καὶ
3474 1081 3815 1160 ὑψηλότερον

421 1186 631 1244 niorem
660 1183 1165 1257 sublimioremque
1195 1186 1312 1256 ejus
1356 1183 1819 1257 pulchritudinem
1861 1185 2078 1241 intuea-

421 1285 583 1343 mur,
620 1269 927 1347 ipsamque
957 1282 1064 1346 per
1109 1282 1175 1327 se
1205 1264 1401 1326 lucem
1435 1263 1791 1345 spiritalem,
1822 1264 2081 1328 sublatis

422 1365 797 1430 uelaminibus,
826 1364 1276 1435 contemplemur,
1309 1370 1366 1420 et
1395 1364 1577 1434 ipsius
1626 1364 1935 1435 fragrantia
1986 1377 2082 1421 re-

422 1455 704 1528 pleamur.
727 1452 906 1528 Neque
927 1454 1067 1511 enim
1085 1453 1356 1525 unguenti
1380 1452 1662 1525 confectio,
1688 1452 1840 1525 quod
1872 1470 1899 1511 a
1926 1451 2080 1510 mul-

428 1537 684 1600 titudine
715 1555 836 1598 non
856 1535 1153 1616 videatur,
1185 1535 1417 1597 idcirco
1444 1535 1625 1597 etiam
1646 1535 1997 1616 hierarchaa,
2023 1544 2081 1596 et

424 1628 501 1690 iis
530 1631 633 1705 qui
664 1645 804 1690 cum
834 1627 967 1707 ipso
999 1632 1163 1698 sunt,
1199 1624 1614 1706 inSpectabilis
1645 1626 1890 1687 exsistet
1923 1643 1936 1687 :
1971 1627 2076 1687 sed

429 1737 565 1781 cum
590 1718 651 1778 in
687 1717 782 1778 his
813 1715 1060 1795 quidem
1086 1714 1340 1777 excellat
1370 1714 1502 1795 ejus
1519 1715 1966 1796 contemplatio,
1992 1716 2081 1797 ip—

428 1808 608 1870 simet
637 1806 799 1868 illam
856 1813 1138 1882 tanquam
1174 1805 1521 1884 pretiosam,
1560 1813 1620 1866 et
1648 1805 1804 1884 vulgi
1834 1817 2079 1885 captum

430 1905 813 1964 excedentem
845 1902 1210 1961 abscondunt
1230 1912 1282 1959 et
1304 1919 1334 1959 a
1366 1902 1732 1960 multitudine
1753 1912 2084 1961 secernunt.

431 1997 594 2065 Saepe
642 1994 796 2050 enim
850 1994 909 2049 in
946 1992 1093 2051 libro
1114 1992 1193 2050 De
1221 1991 1422 2049 divinis
1441 1992 1741 2049 nominibus
1766 1994 2090 2063 explanavi-

432 2094 592 2151 mus,
627 2074 766 2155 quid
801 2075 874 2135 sit
904 2073 1259 2137 intellectile
1290 2081 1349 2135 et
1380 2073 1521 2152 quid
1550 2074 1917 2154 intelligens.
1966 2075 2089 2137 Hoc

430 2166 618 2246 igitur
670 2165 850 2227 etiam
882 2164 981 2226 hic
1012 2164 1180 2239 dicit,
1214 2163 1437 2227 sanctis
1470 2163 1611 2241 illis,
1656 2164 1757 2246 qui
1804 2165 2089 2246 episcopo

434 2265 650 2338 praesto
681 2264 821 2316 sunt
851 2263 1129 2335 tanquam
1158 2253 1498 2317 intellectili
1529 2254 1649 2316 luci
1681 2255 1953 2333 cognatis
1977 2254 2091 2326 (si«

432 2354 669 2429 quidem
708 2353 818 2410 diei
843 2352 1107 2425 lucisque
1134 2351 1237 2409 ﬁlii
1271 2354 1425 2421 sunt)
1456 2351 1639 2410 Deum
1668 2366 1786 2411 non
1817 2369 1919 2427 per
1944 2353 2088 2411 alte-

434 2448 559 2506 rius
580 2444 926 2511 doctrinam,
949 2442 1050 2501 sed
1072 2458 1174 2516 per
1197 2446 1567 2515 semetipsum
1596 2444 1720 2502 illos
1745 2443 2087 2503 illustrando

436 2533 776 2607 mysterium
797 2532 1296 2603 contemplationis
1329 2533 1619 2604 revelare;
1650 2535 1922 2607 quocirca
1949 2534 2089 2608 ipsis

438 2635 563 2678 non
594 2615 978 2695 circumjacet
1007 2613 1205 2676 velum
1253 2614 1313 2675 in
1360 2614 1563 2676 divino
1595 2625 1924 2697 unguento,
1985 2617 2088 2679 sed

435 2705 701 2770 revelata
728 2705 1238 2779 facie,secundum
1263 2704 1926 2787 Apostolum,mysteria
1950 2725 2093 2767 con-

443 2796 847 2877 tetnplantur;
874 2814 992 2856 non
1016 2793 1299 2877 perfectis
1328 2804 1531 2856 autem
1563 2814 1715 2875 opus
1744 2803 1838 2857 est
1880 2795 2089 2875 signis.

443 2884 680 2949 Idcirco
705 2884 819 2966 ipsi
846 2894 1005 2956 sunt,
1024 2884 1125 2965 qui
1149 2892 1518 2962 unguentum
1550 2884 1734 2947 sacris
1753 2885 1864 2947 alis
1882 2895 2094 2947 conte-

443 2982 681 3055 gunt,et
703 2992 738 3037 a
764 2973 1151 3036 multitudine
1193 2973 1871 3054 secernunt.Episcopos
1892 2984 2095 3037 autem

2160 1174 2356 1235 κάλλος
2420 1179 2590 1241 αὖτῆς
2664 1174 3083 1251 ἀποϐλέψωμεν,
3161 1174 3247 1227 καὶ
3331 1171 3816 1248 ἀποκαλυψάμενοι

2162 1268 2227 1322 τὰ
2286 1266 2775 1344 παραπετάσματα,
2832 1266 2995 1331 aut-ip:
3049 1264 3148 1330 τὴν
3203 1262 3399 1329 νοητην
3450 1260 3653 1341 αἴγλην
3681 1265 3817 1318 θεα-

2163 1356 2399 1432 σώμεθα,
2434 1357 2523 1412 καὶ
2556 1361 2652 1423 τῆς
2682 1355 2883 1411 ἐκεῖθεν
2930 1351 3146 1414 εὒωόίας
3210 1352 3618 1433 ἐμφορηθῶμεν,
3683 1350 3818 1409 οὔδε

2163 1447 2287 1525 γαρ,
2320 1446 2507 1513 ἐπειδὴ
2538 1460 2658 1510 τοῖς
2689 1446 2916 1509 πολλοῖς
2950 1445 3090 1500 ἐστιν
3125 1445 3343 1508 ἀθέατος
3408 1445 3440 1512 ἡ
3501 1453 3594 1502 τοῦ
3650 1447 3821 1521 μύρου

2163 1536 2544 1615 τελεσιουργία,
2603 1533 2705 1602 ἤδη
2763 1537 2851 1591 καὶ
2910 1543 2987 1610 τῷ
3044 1536 3270 1615 ἱερᾶρχη
3332 1534 3499 1599 οῧτως
3543 1538 3717 1614 ἔσται,
3780 1531 3816 1598 ἧ

2161 1640 2279 1691 τοῖς
2311 1630 2424 1704 περῖ
2456 1628 2633 1682 αὖτὸψ
2670 1626 2788 1681 ἀλλ’
2820 1626 2951 1694 αὕτη
2983 1627 3081 1701 μὲν
3118 1625 3278 1705 ἄχρις
3339 1630 3513 1683 αὗτίῖνι
3573 1623 3815 1702 διαφέρει

2162 1718 2260 1784 την
2292 1719 2404 1793 περὶ
2438 1716 2598 1784 αότῆς
2656 1716 2895 1793 θεωρίαι,
2961 1716 3101 1773 αὗτοὶ
3147 1714 3197 1772 δὲ
3233 1718 3304 1778 ὡς
3367 1717 3546 1791 τιμίαν
3607 1714 3818 1780 ἐκείνην

2166 1809 2255 1863 καὶ
2278 1806 2407 1883 ὑπὲρ
2438 1807 2559 1867 τοὺς
2605 1805 2836 1867 πολλοὺς
2896 1804 3363 1883 περικαλὸπτουσι,
3399 1806 3485 1861 καὶ
3544 1805 3651 1860 ἀπὸ
3710 1803 3819 1860 τῶν

2171 1895 2387 1953 πολλῶν
2414 1895 2797 1953 διαστέλλουσι.
2840 1894 3103 1958 Πολλάκις
3136 1896 3235 1974 γὰρ
3284 1896 3338 1950 ἐν
3394 1900 3471 1968 τῷ
3531 1896 3656 1973 Περὶ
3710 1900 3821 1950 τῶν

2170 1988 2320 2042 θείων
2379 1986 2655 2060 ὀνομάτων
2713 1983 3080 2059 ἐδηλώσαμεν,
3140 1990 3189 2041 τί
3248 1986 3440 2053 νοητὸν
3498 1986 3588 2041 καὶ
3617 1984 3822 2040 τίνοε-

2176 2077 2286 2154 ρον.
2322 2076 2487 2133 Τοῦτο
2517 2078 2603 2131 οὖν
2636 2076 2719 2131 καὶ
2753 2074 2993 2147 ἐνταῦθα,
3027 2097 3210 2154 φησιν,
3247 2074 3326 2130 ὅτι
3379 2087 3495 2135 τοῖς
3554 2077 3672 2151 περὶ
3732 2077 3825 2130 τὸν

2178 2165 2464 2221 ἐπίσκοπον
2497 2165 2667 2241 ἁγίοις
2698 2165 2865 2239 οὖσιν,
2905 2167 2975 2226 ὡς
3010 2165 3284 2241 συγγενέσι
3332 2172 3423 2220 τοῦ
3453 2172 3648 2230 νοητοῦ
3705 2187 3825 2244 φω-

2176 2256 2289 2326 τὸς,
2319 2256 2443 2332 (υἱοῖ
2481 2257 2579 2332 γὰρ
2610 2254 2814 2327 ἡμέρας
2867 2257 3005 2311 οὗτοι
3038 2254 3123 2310 καί
3156 2255 3311 2311 τέκνα
3343 2257 3571 2332 φωτός,)
3613 2254 3827 2310 ἀποκα-

2178 2344 2361 2400 λύπτει
2392 2346 2419 2400 ὁ
2447 2346 2593 2417 Θεὸς,
2638 2349 2697 2403 οὔ
2726 2343 2794 2399 δι’
2828 2343 3009 2423 ἑσέρου
3063 2343 3427 2417 διδασκαλῖας,
3490 2344 3613 2400 ἀλλ’
3675 2346 3828 2407 cat-315;;

2171 2436 2358 2498 αὖτοὺς
2388 2435 2625 2513 φωτίζων
2656 2436 2715 2489 τὸ
2748 2437 3037 2512 μυστήριον
3068 2440 3165 2503 τῆς
3207 2436 3450 2513 θεωρίαις⁹
3504 2433 3583 2491 διὸ
3636 2437 3828 2497 αὖτοῖς

2172 2524 2231 2579 οὔ
2254 2527 2541 2601 περίκειται
2572 2523 2825 2597 κάλυμμα
2859 2526 2992 2579 κατὰ
3036 2531 3128 2580 τοῦ
3153 2526 3291 2582 θείου
3322 2526 3512 2601 μύρον),
3546 2523 3668 2579 ἀλλ’
3706 2524 3830 2579 ἂνα-

2172 2612 2561 2687 κεοιαλυμμένῳ
2587 2613 2877 2691 προσώπῳ,
2908 2616 3044 2669 κατὰ
3073 2617 3163 2668 τὸν
3195 2613 3549 2686 Ἀπόστολον,
3569 2617 3829 2690 θεωροῦσι

2176 2704 2242 2758 τὰ
2272 2704 2559 2779 μυστήρια⁶
2594 2715 2709 2765 τοῖς
2740 2701 2793 2758 δὲ
2827 2704 2905 2777 μὴ
2936 2703 3156 2767 τελείοις
3190 2704 3345 2783 χρεία
3378 2702 3665 2780 συμϐόλων
3729 2703 3825 2758 Atri

2179 2791 2324 2848 αὖτοί
2356 2792 2485 2846 εἰσιν
2515 2794 2561 2848 οἱ
2594 2794 2651 2848 τὸ
2684 2794 2846 2869 μύρον
2899 2806 3018 2858 ταῖς
3074 2796 3244 2869 ἱεραῖς
3304 2793 3515 2872 πτέρυξι
3572 2794 3830 2871 περισκέο

2179 2901 2389 2958 ποντες,
2426 2882 2509 2936 καὶ
2542 2886 2638 2947 τῆς
2691 2880 2922 2948 πληθύος
2985 2881 3518 2945 ἁποδιαστέλλοντες.
3587 2885 3835 2960 Θεωροὺς

2179 2967 2234 3024 δὲ
2265 2968 2424 3026 καλεῖ
2452 2971 2571 3034 τοὺς
2606 2970 2949 3045 ἐπισκόπους,
3001 2970 3186 3040 ἐπειδὴ
3243 2975 3330 3029 καὶ
3388 2971 3515 3050 παρ’
3579 2965 3837 3038 "Ellum.

447 3071 630 3126 vocat
652 3063 1083 3144 speculatores,
1114 3062 1599 3143 quandoquidem
1624 3064 1800 3126 etiam
1824 3083 1859 3126 a
1878 3066 2091 3127 Graecis

2181 3060 2369 3135 θεωροὶ
2397 3059 2679 3118 ἐκαλοῦντο
2715 3064 2761 3116 οἱ
2788 3059 3211 3138 προϐαλλόμενοι
3261 3065 3403 3142 παρὰ
3448 3063 3663 3121 πάντων
3700 3062 3837 3118 ἒπε-

449 3152 776 3233 geutilibus
808 3154 893 3215 sic
938 3151 1441 3231 nuncupabantur
1469 3157 1568 3233 qui
1600 3154 1900 3235 praepositi
1932 3162 2101 3217 erant

445 3244 521 3305 ab
553 3242 854 3317 omnibus,
887 3249 951 3304 ut
979 3242 1054 3304 de
1084 3242 1296 3303 futuris
1327 3241 1517 3304 D'eum
1543 3243 2002 3323 interrogarent,
2042 3254 2100 3307 et

449 3332 679 3414 hostias
698 3350 803 3414 pro
821 3333 964 3413 ipsis
979 3332 1270 3395 offerrent
1305 3350 1374 3394 ac
1399 3332 1717 3413 propitium
1748 3335 2093 3398 redderent.

453 3412 762 3501 Ἀνομοίους
782 3412 978 3485 autem
996 3422 1381 3484 vocatminus
1420 3412 1714 3503 perfectos
1751 3425 1811 3486 in
1852 3426 2097 3506 populo;

449 3518 502 3575 is
559 3513 717 3576 enim
772 3512 826 3574 ei
877 3532 1007 3574 mos
1062 3522 1171 3575 est.
1209 3510 1414 3593 Neque
1440 3514 1622 3596 enim,
1657 3514 1874 3598 inquit,
1907 3516 1995 3578 sic
2025 3515 2098 3578 ad

448 3603 794 3666 sacerdotes
822 3602 979 3664 sicut
1004 3601 1079 3663 ad
1103 3602 1550 3665 multitudinem
1567 3604 1863 3669 obtectum
1888 3604 2099 3671 etabs-

448 3692 751 3756 conditum
784 3700 1221 3755 sacramentum
1248 3693 1652 3773 proredit,sed
1680 3696 1754 3759 ab
1809 3696 1928 3758 illis
1952 3716 2098 3776 pro-

450 3790 582 3864 pter
613 3782 1053 3844 multitudinem
1088 3782 1403 3859 occulitur,
1442 3792 1505 3844 ut
1535 3792 1593 3846 et
1624 3791 1751 3866 ipsa
1790 3804 1895 3867 pro
1922 3797 2100 3867 captu

449 3880 727 3953 statuque
757 3889 864 3934 suo
893 3890 999 3953 per
1035 3872 1346 3950 aenigmata
1380 3892 1621 3937 sursum
1655 3875 2016 3939 adducatur.

530 3963 559 4041 §
586 3960 686 4023 Ill.
722 3960 828 4024 Est
858 3960 1039 4039 igitur
1070 3962 1194 4025 haec
1224 3980 1393 4025 sacra
1446 3966 1817 4028 consecratio
1863 3984 2102 4048 quoque

450 4069 571 4114 una
601 4070 669 4114 ex
703 4052 1087 4115 hierarcbicis
1147 4052 1457 4115 ordinibus
1517 4063 1696 4132 atque
1760 4055 2102 4137 virtutibus,

453 4156 802 4223 quapropter
823 4150 993 4207 etiam
1017 4149 1271 4221 ejusdem
1296 4151 1537 4209 rationis
1559 4160 1641 4209 est
1667 4166 1797 4209 cum
1821 4167 2106 4225 synaxeos

448 4249 823 4300 sacramento.
858 4240 1006 4308 Quin
1040 4249 1096 4297 et
1125 4241 1217 4297 hic
1247 4241 1575 4312 pontificem
1631 4257 1862 4315 quoque
1912 4242 2106 4303 videas

451 4320 528 4383 ab
551 4322 724 4385 altari
739 4320 1209 4384 incensationem
1226 4323 1654 4405 ordientem,et
1672 4324 2103 4388 circumeundo

2182 3151 2353 3227 ρωτᾷν
2387 3151 2516 3205 Θεὸν
2574 3152 2692 3227 περὶ
2749 3149 3076 3227 μελλόντων,
3142 3154 3229 3209 καὶ
3288 3155 3464 3217 θυσίας
3496 3153 3627 3221 ὑπὲρ
3659 3153 3838 3209 autsz

2182 3237 2517 3319 προσφέρειν,
2604 3243 2691 3295 καὶ
2776 3238 3095 3304 ἐξιλεοῦσθαι
3180 3242 3311 3320 ὑπὲρ
3395 3243 3593 3306 αὐτῶν,
3685 3241 3842 3300 Ἀνο-

2183 3329 2363 3404 μοίους
2424 3327 2479 3385 δὲ
2537 3328 2696 3387 καλεῖ
2747 3332 2867 3394 τοὺς
2924 3331 3136 3394 ἀτελεῖς
3189 3339 3282 3389 τοῦ
3339 3332 3488 3389 λαοῦ’
3550 3336 3708 3390 τοῦτο
3740 3333 3841 3411 γὰρ

2183 3418 2327 3493 αὒτῷ
2360 3419 2497 3484 ἔθος.
2534 3418 2662 3478 Οὗδὲ
2695 3421 2794 3500 γὰρ
2823 3422 2911 3478 καὶ
2940 3435 3060 3487 τοῖς
3089 3423 3422 3501 ἱερωμένοις,
3486 3424 3643 3503 φησὶ,
3707 3424 3840 3501 πρὸς

2182 3510 2242 3567 τὸ
2298 3509 2577 3588 ὑφειμένον
2637 3512 2722 3567 καὶ
2777 3511 3301 3590 περικεκαλύμμὲνον
3352 3515 3386 3582 ἡ
3425 3512 3612 3581 τελετὴ
3643 3511 3838 3591 πρόει-

2185 3621 2290 3678 σιν,
2322 3597 2502 3679 ὥσπερ
2531 3612 2649 3665 τοῖς
2684 3597 2937 3662 πολλοῖς·
2966 3600 3101 3658 ἀλλὰ
3135 3601 3255 3680 παρ’
3304 3602 3519 3660 ἐκείνων
3574 3600 3662 3658 διὰ
3716 3604 3841 3667 τοῖος

2183 3687 2410 3755 πολλοὺς
2487 3688 2932 3771 συγκαλύπτεται,
3020 3690 3111 3749 ἵνα
3184 3694 3271 3749 καὶ
3343 3694 3492 3751 αὑτοὶ
3563 3690 3650 3748 διὰ
3733 3693 3843 3747 τῶν

2185 3779 2511 3858 αἰνιγμάτων
2540 3779 2817 3860 ἀναλόγως
2842 3782 2911 3850 τῆ
2941 3780 3042 3856 ἰδίᾳ
3071 3781 3173 3849 ἕξει
3204 3784 3532 3864 ἀνάγωνται.

2269 3960 2300 4041 §
2334 3970 2420 4021 ιιι.
2455 3961 2657 4021 ’Ἔστιν
2691 3965 2780 4022 οὗν
2811 3968 2897 4023 καὶ
2936 3968 2970 4035 ἡ
3029 3968 3249 4035 τοιαύτη
3308 3967 3420 4045 ἱερᾶ
3469 3966 3687 4041 τελετὴ,
3742 3966 3839 4042 μία

2187 4059 2295 4109 τῶν
2318 4055 2639 4133 ἱεραρχικῶν
2668 4055 2866 4121 τάξεων
2897 4057 2984 4113 καὶ
3014 4054 3305 4133 δυνάμεων,
3340 4055 3420 4114 διὸ
3475 4060 3563 4115 καὶ
3626 4059 3837 4133 ὁμοτα-

2188 4144 2290 4220 γής
2322 4141 2431 4201 ἐστι
2462 4150 2530 4221 τῇ
2560 4150 2658 4212 τῆς
2691 4145 2949 4212 συνέξεως
2985 4145 3193 4224 τελετῇ.
3234 4150 3330 4206 Καὶ
3387 4148 3506 4223 ὄψει
3567 4148 3839 4204 κάνταῦθα

2187 4234 2278 4289 τὸν
2310 4233 2563 4313 ἀρχιερέα
2594 4234 2700 4293 ἀπὸ
2728 4259 2821 4294 τοο
2850 4239 3223 4316 θυσιαστηρίου
3253 4238 3558 4319 ἀρχόμενον
3612 4242 3831 4311 θυμιᾷν,

2186 4324 2275 4381 καὶ
2304 4325 2740 4404 περιερχόμενον,
2774 4328 2862 4384 καὶ
2893 4329 2966 4391 εἷς
3028 4328 3154 4385 αὐτὸ
3211 4328 3374 4385 πάλιν
3429 4327 3834 4407 καταλήγοντα,

449 4412 513 4475 in
546 4411 762 4474 eodem
792 4429 1030 4474 rursum
1063 4412 1467 4495 desinentem,
1504 4414 1689 4477 hocce
1717 4418 1834 4478 ritu
1874 4415 2091 4478 docen-

2187 4414 2275 4469 καὶ
2332 4411 2645 4473 διδάσκοντα
2700 4414 2956 4496 ἐντεῦθεν,
3028 4418 3125 4485 τὴν
3181 4419 3323 4475 θείαν
3381 4419 3690 4492 μετουσίαν,
3753 4418 3839 4474 ἐπὶ

450 4502 863 4577 lem,divinam
886 4501 1049 4563 illam
1074 4501 1595 4583 participationem
1621 4504 1694 4566 ad
1721 4523 1931 4567 omnes
1955 4523 2097 4586 pro-

449 4600 819 4673 manantem,
874 4591 1204 4655 secundum
1266 4592 1650 4674 semetipsam
1723 4594 2098 4658 imminutam

450 4699 827 4764 permanere,
860 4700 1054 4764 neque
1085 4683 1404 4763 quidquam
1433 4702 1467 4744 a
1501 4685 1738 4765 propria
1791 4685 2101 4748 identitate

452 4771 814 4835 desciscere.
854 4771 1145 4833 Similiter
1176 4773 1355 4834 etiam
1390 4772 1735 4850 psalmodiis
1776 4774 2099 4838 lectiones-

450 4879 572 4941 que
601 4863 772 4938 ﬁunt,
811 4880 941 4942 quae
972 4870 1030 4924 et
1063 4860 1427 4942 imperlectis
1443 4864 1580 4922 297
1616 4862 2097 4943 obstetricantnr,

453 4958 516 5015 et
543 4949 819 5014 obsessos
840 4971 876 5014 a
896 4951 1205 5033 spiritibus
1239 4951 1573 5034 retrahunt,
1609 4962 1669 5017 et
1699 4953 2098 5018 adversariam

453 5043 950 5123 pressuram(hoc
987 5040 1147 5102 enim
1169 5051 1339 5103 vocat
1379 5060 1654 5122 pavorem
1685 5052 1742 5105 et
1782 5044 2102 5108 illecebras

450 5131 863 5210 peccatorum)
899 5129 1223 5210 repellunt,
1263 5131 1621 5195 insinuando
1655 5133 1823 5214 ipsis,
1875 5143 1935 5197 et
1965 5154 2101 5197 mo-

452 5219 594 5282 dum
617 5219 994 5282 ostendendo
1017 5218 1394 5283 adversarios
1422 5224 1767 5304 superandi,
1798 5233 1861 5286 ut
1887 5232 1948 5286 et
1968 5225 2101 5287 aliis

450 5308 743 5371 imitando
776 5307 965 5371 Deum
998 5308 1217 5370 medici
1249 5310 1533 5372 exsistant
1562 5331 1580 5389 ;
1625 5321 1685 5374 et
1711 5331 1831 5376 non
1870 5322 2099 5378 tantum

449 5397 565 5481 ipsi
584 5400 869 5461 adversus
885 5398 1219 5461 contrarios
1236 5418 1487 5480 pavores
1507 5419 1576 5463 ac
1601 5402 1879 5466 timorem
1903 5405 2104 5467 efﬁca-

449 5487 689 5551 citatem
718 5486 999 5565 habeant,
1026 5507 1231 5551 verum
1276 5490 1453 5553 etiam
1512 5491 1643 5554 aliis
1696 5495 2001 5556 conversis
2031 5514 2100 5558 ac

448 5577 880 5661 paenitentibus
908 5580 1025 5640 vim
1071 5579 1313 5662 addant,
1350 5600 1427 5644 ne
1468 5579 1666 5644 denuo
1697 5583 2090 5665 subigantur;

448 5683 554 5761 eos
583 5680 811 5744 autem,
845 5668 1064 5756 quibus
1094 5667 1168 5734 ad
1198 5670 1603 5737 omnimodam
1636 5674 1952 5761 puritatem
1982 5674 2093 5740 ali-

2182 4502 2383 4565 πάντας
2414 4504 2841 4586 προερχομένην,
2874 4505 2990 4563 καθ’
3053 4507 3245 4575 ἑαυτὴν
3298 4507 3565 4581 ἆμείωτον
3622 4506 3836 4586 μόνειν,

2183 4593 2270 4649 καὶ
2302 4591 2468 4669 μηδὲν
2497 4599 2596 4661 τῆς
2627 4596 2822 4661 οἰκείας
2849 4596 3176 4664 ταυτότητπ
3224 4594 3547 4663 ἐξίστασθαι.
3607 4593 3839 4663 Ἐπίσης

2184 4685 2236 4738 αἱ
2266 4680 2571 4757 ψαλμῳδίαι
2599 4686 2688 4740 καὶ
2716 4686 2768 4740 αἱ
2799 4684 3126 4764 ἀναγνώσεις
3152 4688 3407 4765 γίνονται,
3433 4687 3522 4742 καὶ
3542 4686 3669 4749 τοὺς
3706 4686 3842 4741 ἀτε-

2186 4770 2404 4836 λέστους
2436 4774 2805 4850 μαιευὸμεναι,
2841 4777 2930 4832 καὶ
2956 4777 3074 4841 τοὺς
3099 4775 3503 4857 ὲνεργουμένους
3532 4777 3637 4832 ὑπὸ
3670 4796 3839 4832 πνευ-

2185 4862 2368 4939 μάτων
2425 4862 2854 4943 ὲπιστρέφουσαι,
2929 4868 3015 4926 καὶ
3091 4867 3190 4935 τὴν
3248 4867 3487 4924 ἐναντίαν
3545 4864 3840 4940 σύμπτυξιν

2185 4955 2357 5025 (τοῦτο
2387 4954 2485 5031 γὰρ
2516 4952 2661 5033 λέγει
2690 4956 2876 5011 πτοίαν
2908 4957 2995 5012 καὶ
3023 4956 3192 5023 θέλειν
3256 4959 3362 5013 τῶν
3420 4956 3475 5013 ἐν
3526 4952 3837 5034 ἁμαρτίαις)

2185 5043 2593 5123 ἀφαιρούμεναι,
2653 5043 3019 5105 ὑποδεικνῖηαι
3080 5050 3311 5125 τούτοις,
3365 5049 3454 5104 καὶ
3500 5045 3839 5103 διδάσκουσαι

2184 5137 2300 5197 πῶς
2330 5135 2769 5213 περιγενήσονται
2802 5141 2906 5193 τῶν
2939 5136 3188 5195 ἐναντίων
3220 5140 3389 5220 αὗτοι,
3425 5138 3512 5195 καὶ
3560 5149 3682 5199 τοῖς
3735 5134 3841 5192 ἅλ-

2185 5224 2298 5289 λοις
2352 5225 2519 5300 ἰατροὶ
2577 5226 2922 5302 θιομιμήτως
2982 5230 3332 5308 φανήσονται,
3392 5229 3479 5285 καὶ
3537 5228 3618 5303 μὴ
3676 5228 3841 5303 μόνον

2184 5310 2384 5379 ἕξουσιν
2414 5314 2494 5390 ἐφ’
2526 5313 2742 5380 ἑαυτοῖς
2792 5318 2853 5373 τὺ
2910 5320 3048 5375 κατὰ
3105 5319 3204 5388 τῆς
3254 5322 3492 5381 ὶναντίας
3527 5316 3716 5380 πτοίας
3750 5317 3839 5374 καὶ

2186 5400 2349 5483 φόϐου
2379 5401 2712 5487 δραστήριον,
2774 5406 2911 5467 ἀλλὰ
2963 5410 3051 5465 καὶ
3105 5408 3289 5473 ἄλλοις
3348 5407 3679 5488 δωρήσονται
3719 5418 3839 5469 τοῖς

2187 5495 2650 5574 ἐπιστρεφομένοις
2707 5497 2797 5553 καὶ
2853 5506 3198 5576 μετανοοῦσι,
3228 5498 3450 5575 δύναμιν
3507 5498 3836 5574 ἐντιθέμενιι

2182 5586 2313 5663 πρὸς
2345 5585 2406 5641 τὸ
2429 5585 2507 5661 μὴ
2535 5587 2627 5643 καὶ
2658 5586 2802 5651 αὖθις
2827 5586 3053 5670 ἁλῶναι,
3087 5592 3210 5657 τοὺς
3240 5592 3318 5647 ἔτι
3350 5586 3550 5655 ἐνδεεῖς
3582 5589 3717 5669 πρὸς
3771 5590 3833 5645 τὸ

2178 5674 2444 5763 πάναγνον
2475 5675 2588 5761 (οὕς
2621 5674 2687 5750 δὴ
2712 5679 2800 5739 καὶ
2853 5683 2961 5738 τῶν
3026 5678 3235 5745 λατκῶν
3295 5679 3551 5767 ἐλέγομεν
3582 5676 3836 5767 ἄνωθεν),
