4042 6436
471 320 589 391 495

473 555 536 615 in
587 552 908 636 Scripturis
938 554 1178 634 efﬁgiati
1222 555 1576 636 spiritaliter
1619 557 2019 637 explicentur,
2065 560 2126 622 in

472 644 625 708 libro
660 645 739 706 De
767 648 999 708 caelesti
1028 645 1374 709 hierarchia
1410 648 1897 726 pertractavimus
1942 672 1955 713 :
2020 652 2125 713 sed

471 735 755 814 quoniam
800 733 885 796 illi
918 752 1154 816 quoque
1195 735 1295 816 qui
1321 736 1497 816 juxta
1531 738 1870 818 pontiﬁcem
1919 742 2123 803 consi-

471 834 658 908 stunt,
692 834 751 890 et
781 834 1146 907 unguentum
1199 835 1470 888 sanctum
1504 826 1815 910 obtegunt,
1852 833 2123 895 eamdem

472 915 904 998 dispositonem
961 923 1411 996 repraesentant,
1449 915 1710 979 breviter
1758 938 2001 1001 quoque
2048 922 2126 984 de

474 1006 593 1069 illis
622 1006 846 1089 aliquid
878 1006 1171 1069 dicamus.

554 1102 581 1174 §
611 1096 739 1162 VII.
795 1096 1056 1162 Diversae
1086 1098 1326 1179 quidem
1360 1099 1544 1162 facies
1587 1118 1821 1177 eorum,
1858 1108 1921 1162 ut
1949 1102 2127 1164 unius

474 1188 724 1268 quidem
774 1188 1055 1265 humana,
1089 1188 1338 1253 alterius
1368 1208 1509 1253 vero
1548 1189 1857 1273 bovina,et
1883 1191 2127 1255 alterius

1655 326 1713 393 S.
1767 330 2109 396 DIONYSII
2150 330 2659 399 AREOPAGIT/E

554 466 581 538 §
609 454 709 524 VI.
736 459 822 523 De
858 460 1082 524 sanctis
1107 458 1348 542 quidem
1379 462 1705 543 seraphim,
1733 472 1792 526 et
1819 467 2120 545 quomodo
2146 477 2181 527 Α

3753 323 3869 403 496

2288 470 2316 549 ἓ
2371 470 2468 533 Vl.
2506 474 2580 531 Τὰ
2639 474 2736 549 μὲν
2771 474 3022 552 περὶτῶν
3083 473 3247 552 ἁγίων
3281 474 3528 554 σεραφὶμ,
3566 474 3654 530 καὶ
3714 474 3861 539 ὅπως

2212 560 2266 615 ἐν
2327 576 2447 624 ταῖς
2501 569 2736 643 Γρανραῖς
2784 564 3165 637 εὶκονιζόμενοι
3226 564 3563 640 ἐκφιίνονται
3625 571 3863 647 νοητῶς,

2211 650 2265 705 ἐν
2300 657 2376 724 τῷ
2411 654 2533 729 Περὶ
2577 658 2673 719 τῆς
2705 654 2947 731 ούρανίας
2992 654 3263 732 ἱεραρχίας
3310 651 3646 728 διελάὸομε-θ·
3706 652 3858 728 ὅμως

2210 740 2394 807 ἐπειδή
2448 742 2495 798 οἱ
2536 744 2655 819 περὶ
2684 744 2775 799 τὸν
2835 743 3091 821 ἱεράρχην
3123 743 3394 817 ἱστάμενοι
3456 745 3635 799 καὶτὸ
3700 746 3864 821 μύρον

2208 830 2685 909 περικαλύπτοντες
2745 834 2954 899 εκείνην
3014 833 3336 889 ἀποτυποῦσι
3386 833 3485 900 τὴν
3550 831 3864 909 διακόσμη-

2209 943 2316 1001 σιν,
2351 921 2592 997 εἴπωμέν
2624 944 2678 978 τι
2715 921 2768 978 ἐν
2796 923 3043 998 συντόμῳ
3073 923 3189 1002 περὶ
3215 927 3404 981 αὒτῶν.

2301 968 2316 1001 ι

2291 1099 2320 1178 §
2375 1098 2498 1161 VH.
2536 1102 2607 1159 Τὸ
2654 1103 2753 1178 μὲν
2796 1102 3271 1181 ἀπειροπρόσωπον
3315 1103 3507 1177 αὐτῶν,
3547 1104 3622 1166 ὡς
3679 1111 3865 1162 τοῦτον

2212 1191 2311 1267 μὲν
2354 1192 2699 1268 ἀνθρωπείαν,
2735 1202 2921 1251 τοῦτον
2978 1191 3032 1247 δὲ
3062 1192 3293 1271 βοείων,
3325 1192 3576 1250 κάκεῖνον
3620 1191 3860 1268 λέοντος,

470 1279 686 1360 leonis,
728 1286 788 1342 et
837 1278 1085 1342 alterius
1129 1280 1363 1360 aquilae,
1426 1281 1709 1364 quodque
1751 1281 1905 1344 alius
1954 1283 2118 1346 aliter

2214 1283 2297 1338 καὶ
2341 1280 2501 1338 ἄλλον
2545 1281 2721 1357 ἀετοῦ,
2756 1285 2843 1339 καὶ
2874 1281 3036 1339 ἄλλον
3067 1280 3243 1344 ἄλλως
3275 1282 3618 1362 ἐμφαίνεσθαι
3662 1285 3726 1340 τὸ
3763 1307 3866 1341 πο-

472 1376 777 1452 appareat,
794 1387 1001 1432 eorum
1025 1369 1273 1432 videndi
1291 1372 1400 1432 vim
1421 1372 1810 1454 multiplicem
1838 1372 2118 1438 declarat:

2214 1370 2467 1447 λυθέαμον
2522 1374 2692 1429 αὒτῶν
2722 1374 3029 1451 παρίστησι“
3087 1378 3232 1429 πᾶσα
3265 1374 3364 1450 γὰρ
3400 1371 3493 1429 θέα
3542 1372 3595 1428 ἐν
3630 1379 3699 1451 τῇ
3758 1396 3863 1430 πο-

472 1461 666 1523 omnis
722 1459 883 1523 enim
934 1460 1082 1524 visio
1141 1461 1206 1522 ﬁt
1234 1461 1473 1542 aliquali
1536 1463 1729 1526 vultus
1760 1465 2118 1527 delectione.

2214 1468 2314 1527 σῶς
2349 1461 2675 1538 ἀνακαλύψει
2726 1470 2820 1520 τοῦ
2867 1462 3153 1542 προσώπου
3203 1463 3427 1538 γίνεται,
3473 1464 3545 1521 Τὸ
3577 1461 3631 1518 δὲ
3691 1462 3863 1521 πολύ-

474 1550 640 1614 Μοιιί
666 1569 805 1613 vero
840 1550 1024 1632 pedes
1061 1550 1343 1614 denotant
1367 1560 1719 1633 perpetuum
1755 1573 1963 1615 eorum
1994 1574 2118 1617 mo-

2214 1575 2339 1609 πουν
2386 1553 2445 1608 τὸ
2502 1551 2798 1618 ἀεικίνητον
2849 1553 2936 1608 καὶ
2997 1551 3294 1631 πολύπορον
3338 1554 3437 1617 τῆς
3488 1553 3631 1615 θείας
3693 1553 3867 1610 αὐτῶν

471 1649 619 1717 tum,
656 1642 899 1719 vimque
928 1641 1142 1704 divinae
1172 1643 1527 1721 cognitionis
1574 1644 1764 1706 multa
1794 1656 2118 1726 penetran-

2214 1645 2473 1713 νοήσεως’
2508 1644 2596 1698 καὶ
2624 1644 2723 1719 γὰρ
2754 1644 2815 1698 τὸ
2846 1644 2917 1704 εἷς
2951 1640 3123 1698 πολλά
3155 1644 3395 1698 νοεῖσθαι
3428 1640 3512 1699 διὰ
3545 1650 3652 1700 τῶν
3686 1642 3865 1701 ποδῶν

474 1740 591 1793 tem
641 1751 774 1795 nam
808 1732 969 1811 quod
1031 1732 1216 1793 multa
1247 1733 1467 1809 norint,
1508 1733 1622 1795 boc
1656 1744 1898 1815 propter
1943 1734 2118 1816 pedes

2214 1736 2433 1812 γίνεται.
2483 1734 2591 1800 Τὴν
2646 1731 2699 1788 δὲ
2732 1732 2965 1799 ἑξαπλῆθ
3007 1732 3146 1789 θέσιν
3194 1738 3297 1788 τῶν
3354 1739 3558 1811 πτερῶν
3591 1734 3689 1790 οὒκ
3740 1733 3865 1813 ἀρι-

470 1821 858 1886 ﬁt.Senarum
886 1840 1025 1886 vero
1057 1823 1283 1885 alarum
1319 1823 1816 1905 compositionem
1842 1845 1959 1887 non
1993 1825 2118 1887 exi-

2214 1826 2340 1900 θμὸν
2389 1824 2549 1898 οἶμαι
2578 1821 2795 1895 δηλοῦν,
2830 1822 2910 1878 ὅτι
2944 1824 3091 1887 οὗτος
3124 1824 3151 1878 ὁ
3190 1822 3403 1901 ἀριθμὸς
3437 1821 3640 1887 τέλειός
3692 1822 3862 1904 ἐστιν,

471 1918 646 1975 stimo
680 1932 1001 1976 numerum
1045 1913 1482 1989 demonstrare,
1520 1913 1679 1995 quod
1711 1915 1806 1976 hic
1842 1934 2118 1977 numerus

2214 1916 2283 1979 ὡς
2326 1927 2441 1973 τοῖς
2476 1915 2688 1975 οἰκείοις
2750 1912 2929 1990 μέρεσι
2984 1913 3381 1991 συνιστάμενος,
3419 1912 3559 1992 (τρία
3618 1914 3744 1991 γὰρ,
3778 1917 3868 1971 καὶ

472 2002 774 2083 perfectus
822 2004 922 2084 sit,
962 2011 1243 2085 tanquam
1278 2004 1377 2084 qui
1411 2002 1677 2086 partibus
1719 2004 1844 2066 suis
1897 2011 2118 2067 constet

2214 2004 2318 2080 δύο,
2353 2005 2437 2061 καὶ
2484 2003 2560 2074 ἓν,
2595 2003 2756 2059 πάλιν
2799 2002 2876 2081 ἓξ,
2909 2001 3058 2059 ἅτινά
3113 2005 3241 2059 εἰσιν
3303 2004 3493 2081 ἥμισυ,
3540 2004 3741 2082 τρίτον,
3778 2006 3868 2062 καὶ

477 2092 612 2174 (tria
644 2094 833 2174 enim,
863 2101 921 2156 et
944 2093 1085 2175 dua,
1112 2102 1169 2155 et
1190 2112 1397 2175 unum,
1422 2102 1558 2155 sunt
1590 2099 1805 2158 iterum
1842 2113 1968 2168 sex,
1996 2114 2118 2176 qua!

2214 2094 2381 2162 ἕκτον.
2416 2094 2589 2158 καθὼς
2642 2092 2837 2172 ἕτέροις
2873 2091 3035 2158 Eat-55'
3082 2094 3166 2149 καὶ
3222 2095 3389 2167 ἡμεῖς
3417 2092 3470 2149 δὲ
3516 2093 3661 2150 αὗτοὶ
3694 2093 3867 2159 οὕτως

469 2194 608 2248 sunt
631 2184 947 2247 dimidium
972 2183 1239 2266 tertium,
1261 2192 1320 2244 et
1349 2191 1610 2259 sextum;
1642 2194 1705 2246 ut
1725 2186 1857 2247 aliis
1877 2186 2118 2268 placuit,

2214 2184 2260 2239 ἓν
2292 2193 2365 2257 τῷ
2416 2186 2536 2261 Περὶ
2582 2184 2674 2250 τῆς
2716 2184 2950 2259 οὖρανὶου
3004 2184 3273 2261 ἰεραρχίας
3329 2183 3586 2260 ἐλέγομεν
3640 2184 3868 2261 ἐξηγού-

471 2276 617 2357 quin
649 2282 707 2339 et
741 2293 847 2336 nos
878 2274 991 2355 ipsi
1026 2275 1083 2335 in
1119 2272 1272 2336 libro
1309 2274 1387 2336 De
1415 2273 1640 2337 calcati
1685 2275 2029 2339 hierarcbia
2061 2276 2117 2340 id

2214 2276 2409 2349 μενον)
2444 2273 2563 2329 ἀλλ’
2590 2272 2669 2328 ὅτι
2703 2274 2767 2329 τὰ
2800 2272 2849 2338 ἓξ
2880 2274 2952 2335 εἷς
2998 2289 3139 2351 τρεῖς
3172 2271 3357 2336 δυάδας
3404 2274 3716 2347 τέμνονται,
3756 2277 3868 2332 Εἰσὶ

469 2367 553 2425 ita
576 2364 837 2427 diximus
868 2363 1200 2445 explicari),
1228 2362 1332 2424 sed
1367 2363 1523 2445 quod
1546 2383 1647 2426 sex
1682 2367 1740 2427 in
1767 2373 1886 2427 tres
1917 2364 2118 2427 duali-

2214 2364 2257 2419 δὲ
2313 2366 2400 2420 καὶ
2433 2363 2516 2420 ἐπὶ
2572 2364 2765 2425 πάσαις
2801 2364 3062 2442 οὐρανίαις
3118 2360 3398 2437 δυνάμεσιν
3432 2362 3563 2438 ἅμα,
3599 2366 3689 2420 καὶ
3753 2366 3867 2421 πά·

469 2462 622 2516 tates
666 2454 1025 2516 dividantur.
1064 2452 1217 2517 Sunt
1247 2453 1406 2514 enim
1454 2454 1514 2514 in
1565 2456 1841 2517 omnibus
1885 2473 2118 2536 quoque

2214 2456 2288 2511 λιν
2320 2456 2401 2534 ἐφ’
2453 2454 2649 2530 ἑκάστῃ
2686 2453 3058 2532 διακοσμήσει,
3092 2460 3297 2531 πρῶται
3333 2456 3418 2508 καὶ
3468 2453 3626 2527 μέσαι
3656 2456 3749 2510 καὶ
3783 2476 3868 2511 τε·

468 2545 643 2606 simul
681 2543 1028 2607 caelestibus
1059 2543 1396 2624 virtutibus,
1430 2553 1494 2605 ut
1539 2544 1717 2606 etiam
1751 2545 1812 2607 in
1861 2546 2118 2627 qualibet

2214 2546 2471 2604 λειδταῖαι.
2526 2542 2610 2599 διὰ
2644 2547 2797 2599 τοῦτο
2829 2545 3175 2620 περιτίθενται
3237 2543 3288 2608 ἓξ
3320 2543 3599 2621 πτέρυγες,
3632 2543 3731 2600 ἵνα
3762 2544 3867 2612 δη·-

472 2633 891 2713 diSpositione,
927 2634 1157 2715 primm,
1181 2641 1241 2695 et
1271 2633 1582 2709 mediae,et
1605 2643 1929 2715 postremae
1963 2654 1978 2697 :
2013 2637 2118 2697 hac

2214 2638 2350 2711 λωθῇ
2380 2642 2465 2692 καὶ
2515 2637 2571 2690 τὸ
2603 2634 2940 2712 ἀναγωγικὸν
2972 2635 3144 2689 αὗτῶν
3175 2632 3257 2689 διὰ
3287 2638 3393 2688 τῶν
3425 2631 3625 2688 διπλῶν
3659 2636 3864 2712 πτερύ-

470 2724 546 2787 de
568 2743 747 2788 causa
776 2743 880 2787 sex
895 2727 1002 2786 σιω
1032 2725 1588 2804 circumponuntur,
1622 2733 1685 2786 ut
1717 2743 1822 2805 per
1851 2724 2118 2805 duplices

2214 2748 2335 2803 γων,
2374 2727 2432 2781 οὒ
2488 2726 2587 2803 γὰρ
2621 2726 2887 2797 αὕτάρκης
2938 2725 2971 2791 ἡ
3002 2724 3116 2798 μία.
3182 2724 3275 2780 Καὶ
3305 2724 3363 2778 τὸ
3421 2724 3505 2778 καὶ
3538 2725 3601 2778 τὰ
3645 2730 3864 2800 πρῶτα,

469 2814 593 2876 alas
614 2814 960 2876 earumdem
980 2813 1051 2875 ad
1084 2833 1300 2895 supera
1325 2814 1584 2876 ducendi
1614 2814 1703 2874 vis
1727 2814 2118 2895 signiﬁcetur,

2214 2816 2291 2869 καὶ
2348 2815 2508 2889 μέσα,
2541 2815 2629 2869 καὶ
2659 2814 2723 2868 τὰ
2775 2812 3061 2869 τελευταῖα
3104 2819 3208 2869 τῶν
3252 2815 3451 2891 νοεριῦν
3480 2814 3651 2869 αὖτῶν
3699 2811 3865 2871 δυνα-

470 2922 589 2965 non
606 2903 765 2964 enim
781 2922 897 2965 una
915 2904 1155 2966 sufﬁcit.
1190 2904 1413 2977 Quinet
1432 2904 1542 2964 hoc
1556 2921 1799 2983 quoque
1822 2904 1962 2963 229
1994 2905 2118 2982 pri-

2214 2926 2372 2983 μεων,
2410 2905 2479 2965 εἰς
2532 2905 2687 2960 αὗτὸν
2719 2904 2809 2959 τὸν
2842 2905 2972 2958 Θεὸν
3028 2902 3337 2982 ἀνάγεσθαι,
3375 2903 3461 2959 καὶ
3490 2908 3596 2957 τῶν
3630 2926 3855 2983 χαμερ-

473 2994 946 3076 mas,etmedias,
963 3002 1365 3075 etpostremas
1386 2993 1638 3055 virtutes
1655 3011 1858 3055 earum
1879 2993 2118 3073 spiritao

2214 2998 2320 3048 πῶν
2378 2991 2717 3071 ἀπολύεσθαι,
2771 2998 2925 3048 τοῦτο
2984 2992 3081 3069 γὰρ
3138 2989 3302 3059 δηλοῖ
3366 2993 3420 3047 τὸ
3477 2990 3750 3073 ἀπόλυτα,
3807 2993 3865 3049 ού

473 3083 562 3146 les
575 3083 645 3145 ad
665 3084 859 3165 ipsum
879 3084 1064 3147 Deum
1079 3083 1432 3165 adduci,eta
1446 3081 1701 3145 terrenis
1718 3081 1943 3144 absolvi
1966 3082 2118 3143 insi-

2214 3079 2337 3137 διότι
2388 3083 2513 3139 εἰσὶν
2548 3080 2942 3156 ἀπολελυμέναι
2973 3083 3062 3137 καὶ
3106 3084 3156 3137 αἱ
3185 3082 3237 3146 ἓξ
3296 3083 3575 3160 πτέρυγες,
3608 3081 3735 3139 ἀλλ’
3783 3082 3864 3142 ὅτι

469 3179 638 3251 nuat,
671 3176 754 3235 uti
805 3193 912 3236 vox
958 3174 1197 3233 ἀπόλυτα
1250 3172 1551 3247 declarat;
1603 3190 1720 3232 non
1780 3171 1940 3250 quod
1974 3172 2118 3251 ipsas

2214 3176 2311 3227 τῶν
2352 3172 2652 3251 χαμέρπῶν
2702 3170 3047 3231 ἀπολύονται.
3084 3173 3156 3229 Τὸ
3201 3170 3422 3229 καθτλοο
3466 3171 3556 3227 οὖν
3587 3175 3865 3251 πτερωτὸν

471 3233 1032 3327 sesa’lzedisso—lutze
1063 3263 1203 3340 sint,
1231 3233 1515 3343 sed—quod
1538 3233 1625 3323 ’ab
1647 3233 1818 3323 humi
1849 3233 2118 3344 repenti—

2214 3233 2547 3337 αἰνισάομένιη
2606 3264 2640 3330 ἡ
2701 3262 2813 3318 θεία
2867 3261 3073 3341 Γραφὴ,
3133 3264 3429 3340 περιτίθησι
3474 3263 3564 3320 καὶ
3606 3233 3719 3320 ἅνω
3775 3264 3865 3321 καὶ

471 3350 583 3415 bus
605 3353 785 3416 rebus
809 3354 1216 3417 absolvantur.
1250 3352 1325 3416 Ut
1358 3356 1552 3433 itaque
1584 3351 1781 3414 divina
1814 3353 2118 3434 Scriptura

2214 3352 2349 3411 ιιάτω
2376 3354 2463 3413 καὶ
2493 3352 2656 3429 μέσον
2684 3352 2780 3417 τὰς
2811 3351 3102 3431 πτέρυγας,

470 3444 708 3523 penitus
756 3444 937 3506 alatas
969 3461 1102 3506 esse
1147 3442 1433 3517 insinuet,
1468 3460 1707 3505 sursum
1748 3451 1807 3505 et
1834 3442 2115 3506 deorsum

470 3541 530 3594 et
559 3534 622 3595 in
654 3533 848 3596 medio
876 3534 950 3595 iis
980 3534 1115 3595 illas
1137 3532 1402 3596 adhibet.

549 3623 753 3703 §VIIL
791 3624 1013 3689 Verum
1046 3642 1157 3685 cur
1185 3623 1499 3687 inferiores
1529 3631 1587 3686 et
1636 3623 1979 3706 superiores
2008 3626 2118 3687 alae

2278 3622 2307 3703 δ
2358 3621 2510 3686 νΙΙι.
2565 3624 2624 3683 Τί
2690 3622 2745 3680 δέ
2802 3620 2912 3679 ἐστι
2971 3621 3030 3679 τὸ
3083 3621 3176 3689 τὰς
3241 3621 3339 3699 μὲν
3398 3623 3508 3681 ἄνω
3569 3626 3660 3683 καὶ
3713 3626 3863 3684 κάτω

467 3713 1144 3795 succinguntur,medim
1165 3733 1301 3777 vero
1328 3714 1899 3796 extenduntur‘2quia
1931 3715 2116 3777 nimi-

465 3822 598 3865 rum
614 3806 764 3866 ordo
778 3803 882 3866 ille
899 3804 1246 3867 sublimiora
1262 3806 1769 3888 profundioraque
1788 3814 2113 3887 reveretur,

466 3892 816 3955 sublimiora
851 3894 1097 3955 minime
1120 3895 1466 3971 quaerendo,
1500 3903 1560 3956 et
1583 3893 1970 3975 profundiore
1999 3912 2119 3955 non

466 3982 813 4059 scrutando,
852 3983 1049 4045 media
1105 4002 1242 4045 vero
1279 3983 1391 4046 sibi
1438 4001 1781 4046 commensa
1810 3984 2117 4065 sectando,

466 4089 703 4133 sursum
726 4073 935 4148 fertur,
970 4072 1441 4153 divinaejustitim
1465 4074 1640 4135 vitam
1676 4092 1842 4135 suam
1861 4074 2119 4135 submit-

470 4170 623 4243 tens,
658 4171 715 4225 et
747 4162 1079 4225 secundum
1115 4164 1273 4225 illam
1308 4182 1414 4225 sua
1444 4163 1732 4242 dirigens.

547 4252 575 4333 §
605 4254 702 4317 IV.
740 4254 907 4327 Quod
940 4261 1138 4316 autem
1171 4254 1323 4316 alter
1342 4254 1412 4315 ad
1446 4253 1697 4316 alterum
1730 4252 1967 4333 clamet,
2001 4272 2114 4316 no-

466 4343 693 4405 tionum
726 4343 1129 4406 abundantem
1178 4342 1784 4407 communicationem
1819 4343 2113 4423 designat.

546 4432 680 4512 5X.
733 4435 1026 4497 Caeterum
1060 4454 1196 4497 cum
1244 4433 1539 4497 Hebraica
1567 4451 1809 4515 quoque
1856 4434 2115 4496 dialecto

2201 3713 2597 3794 συστέλλεσθαι,
2630 3714 2725 3779 τὰς
2771 3711 2824 3769 δὲ
2869 3717 3038 3787 μέσας
3084 3712 3446 3795 ἑκτείνεσθαι;
3497 3713 3578 3771 ὅτι
3624 3715 3862 3789 εὐλαϐής

2201 3803 2344 3861 ἑστιν
2388 3806 2422 3872 ἡ
2450 3802 2594 3870 τάξις
2654 3804 2867 3883 περὶτὰ.
2922 3802 3229 3883 ὑψηλότερα
3259 3809 3347 3860 καὶ
3394 3805 3679 3885 βαθύτερα,
3716 3809 3861 3883 ὕψη-

2203 3893 2391 3973 λότερα
2464 3898 2542 3969 μὴ
2609 3896 2863 3967 ζητοῦσα,
2922 3895 3011 3949 καὶ
3082 3895 3337 3972 βαθύτερα
3409 3897 3487 3971 μὴ
3561 3895 3855 3977 ἐρευνῶσα,

2205 3985 2341 4059 μόνα
2391 3981 2444 4038 δὲ
2474 3984 2538 4039 τὰ
2568 3983 2706 4059 μέσα
2734 3984 2821 4039 καὶ
2880 3982 3155 4061 σύμμετρα
3185 3990 3439 4066 ζητοῦσα,
3475 3985 3767 4064 ἀνάγεται,
3794 3990 3858 4064 τῇ

2201 4075 2311 4146 θείᾳ
2367 4071 2672 4149 δικαιοσύνη
2731 4074 3044 4129 ύποτιθεϊσα
3100 4074 3198 4142 τὴν
3271 4075 3467 4131 οἰκείαν
3526 4078 3701 4152 ζωὴν,
3768 4078 3855 4134 καὶ

2202 4164 2327 4241 παρ’
2359 4163 2566 4231 ἐκείνης
2600 4167 2876 4222 εὐθετοῦσα
2905 4163 2971 4220 τὰ
3003 4161 3120 4219 καθ’
3152 4165 3339 4234 αὐτήν,

2281 4252 2310 4332 §
2368 4260 2455 4313 IX.
2512 4256 2581 4312 Τὸ
2632 4252 2687 4309 δὲ
2741 4254 2949 4332 κράζειν
2994 4252 3171 4333 ἕτερον
3226 4256 3361 4333 πρὸς
3410 4255 3503 4311 τὸν
3554 4254 3769 4340 ἓτερον,
3798 4258 3856 4315 τὸ

2198 4349 2297 4411 τῆς
2333 4342 2665 4420 μεταδίισεως
2701 4350 2804 4401 τῶι
2838 4345 3072 4414 νοήυεων
3098 4340 3323 4425 ἄφθονον
3352 4351 3612 4423 παριστᾷ.

2278 4433 2307 4513 §
2365 4441 2432 4496 X.
2479 4434 2628 4492 Ἐπεὶ
2659 4432 2713 4489 δὲ
2757 4434 2845 4489 καὶ
2887 4433 3189 4513 ἐμπρησταὶ
3249 4436 3335 4490 καὶ
3365 4437 3742 4514 θερμαίνοδτες
3800 4437 3858 4495 ἐκ

460 4522 763 4581 incensore:
784 4533 837 4581 et
883 4526 1254 4596 calefacienler
1284 4526 1749 4596 interpretentur,
1776 4523 1912 4580 hinc
1938 4524 2116 4595 signi-

2214 4529 2297 4588 τῆς
2359 4522 2652 4604 Ἐϐραϊκῆς
2708 4520 2986 4580 διαλέκτου
3047 4526 3552 4605 μεθερμηνεύονται,
3602 4524 3857 4594 δηλοῦται

465 4613 677 4676 ﬁcatur
705 4614 791 4676 vis
818 4614 1056 4676 illorum
1090 4634 1325 4677 sursum
1353 4613 1668 4677 attollendi
1693 4633 1800 4695 per
1828 4614 2116 4694 unguenti

2214 4616 2431 4671 ἐντεῦθεν
2472 4615 2532 4671 τὸ
2578 4615 2952 4681 ἀνακινητικὸν
3005 4615 3173 4670 αὐτῶν
3218 4620 3326 4671 τῶν
3383 4622 3475 4671 τοῦ
3504 4615 3672 4694 μύρου
3725 4633 3859 4685 νοη-

465 4701 761 4782 spiritales
781 4703 1463 4785 distributiones;siquid
1474 4723 1565 4766 em
1590 4703 1785 4767 omnis
1801 4704 2117 4785 fragrantia

2214 4710 2302 4762 τῶν
2333 4703 2646 4761 διαδόσεωνν
2687 4703 2755 4780 τῇ
2813 4704 2980 4783 θέρμῃ
3037 4704 3138 4783 γὰρ
3180 4713 3274 4763 τοῦ
3330 4706 3492 4781 πυρὸς
3545 4711 3654 4763 πᾶν
3714 4709 3856 4766 εὐῶ-

464 4791 664 4854 calore
679 4791 834 4871 ignis
845 4793 1136 4856 dissoluta
1149 4813 1396 4876 vapores
1418 4794 1654 4873 excitat;
1680 4813 1817 4856 nam
1836 4812 2115 4876 suprema

464 4881 565 4943 illa
607 4882 992 4965 fragransque
1047 4894 1255 4947 natura
1284 4886 1361 4946 ab
1406 4884 1602 4964 ignitis
1652 4884 2113 4967 purissimisque

466 4971 847 5035 mentibusad
866 4974 1156 5055 Spiritalis
1185 4993 1305 5037 sua;
1335 4975 1713 5056 aspirationis
1734 4975 2110 5038 diﬁ'usionem

462 5071 621 5124 amat
653 5064 985 5145 provocari,
1022 5065 1181 5127 unde
1206 5065 1381 5127 etiam
1416 5065 1546 5127 illas
1574 5065 1774 5128 reddit
1794 5066 2111 5147 participes

460 5152 662 5232 gaudii
691 5171 877 5236 super
908 5172 1024 5215 uno
1076 5164 1390 5235 peccatore
1423 5156 1828 5237 paenitentiam
1875 5166 2108 5236 agente.

461 5245 849 5326 Nequaquam
874 5244 1069 5325 itaque
1090 5246 1281 5326 angeli
1309 5245 1663 5325 ignorabant
1680 5245 1876 5327 ipsum
1902 5244 2110 5310 Jesum

463 5333 565 5415 qui
618 5334 969 5416 sanctiﬁcat,
1004 5334 1326 5416 aliquando
1359 5337 1563 5416 etiam,
1598 5355 1732 5398 cum
1783 5338 2111 5400 secundum

462 5423 625 5503 quod
659 5422 839 5486 homo
885 5431 977 5487 est
1016 5424 1438 5504 baptizaretur,
1474 5426 1904 5488 sanctiﬁcatum
1953 5446 2112 5490 esse.

462 5509 611 5574 Nota
624 5530 766 5577 vero
779 5514 1095 5579 verborum
1108 5515 1550 5578 accurationem
1566 5516 1862 5597 quomodo
1876 5535 2111 5598 quoque

463 5602 662 5665 carnis
710 5604 1114 5668 differentiam
1154 5606 1425 5670 aervarit.
1475 5605 1617 5667 Nam
1666 5608 1863 5682 .lesus,
1901 5607 1997 5687 qui
2045 5611 2111 5671 ut

464 5691 629 5760 Deus
646 5697 1211 5779 omniasanctiticat,
1230 5706 1296 5759 ut
1318 5695 1494 5760 homo
1518 5696 2108 5781 quoquesanctiﬁca-

2201 4794 2290 4852 δεσ
2343 4793 2702 4871 ἀναλυόμενον
2759 4794 2881 4859 τοὺς
2939 4795 3139 4870 ἀτμοὺς
3199 4791 3509 4851 ἀναδίδωσι’
3546 4795 3702 4874 φιλεῖ
3759 4798 3857 4876 γὰρ

2199 4888 2233 4955 ἡ
2298 4885 2565 4966 ὑπερτάτη
2622 4886 2710 4941 καὶ
2768 4882 2967 4951 εὐώδης
3023 4883 3173 4941 οὒσία
3230 4886 3374 4964 παρὰ
3432 4891 3540 4941 τῶν
3588 4885 3858 4966 διαπύρων

2198 4977 2285 5033 καὶ
2315 4976 2701 5056 καθαρωτάτων
2732 4982 2867 5032 νοῶν
2919 4978 3202 5055 κινεῖσθαι,
3239 4976 3315 5039 εἷς
3372 4975 3475 5042 τὴν
3502 4974 3604 5043 τῆς
3647 4980 3855 5045 νοητῆς

2200 5066 2363 5135 αὒτῆς
2419 5066 2695 5131 ἐπιπνοίας
2775 5063 3028 5141 διάδοσιν,
3092 5065 3226 5124 ὅπου
3291 5086 3352 5145 γε
3407 5066 3495 5122 καὶ
3563 5068 3855 5131 κοινωνοὺς

2195 5157 2291 5225 τῆς
2373 5157 2697 5237 εὐφροσύνης
2774 5157 2985 5222 τούτους
3064 5168 3300 5213 ποιεῖται
3359 5155 3445 5211 ἰπὶ
3523 5156 3602 5212 ἐνὶ
3673 5158 3857 5237 ἁμαρ-

2196 5246 2338 5322 τολῷ
2409 5249 2775 5321 μετανοοῦντι.
2854 5249 3053 5304 Ούγοῦν
3126 5243 3237 5303 οὐδ’
3296 5246 3443 5304 αὖτοὶ
3512 5247 3561 5302 οἱ
3634 5244 3857 5326 ἄγγελοι

2195 5337 2530 5415 ἠγνοήκασιν
2587 5333 2672 5393 ὅτι
2705 5338 2732 5393 ὁ
2789 5334 3023 5414 ἀγιάζων
3054 5336 3212 5399 αὐτὸς
3262 5334 3471 5404 Ἰησους
3500 5336 3589 5392 καὶ
3619 5338 3852 5415 ἡγιάσθη

2195 5428 2325 5484 ποτὲ
2382 5428 2518 5483 κατά
2548 5428 2607 5483 τὸ
2661 5427 2989 5506 ἀνθρώπινον
3048 5427 3379 5502 βαπτισθείς,
3417 5426 3732 5501 Σημείωσαι
3791 5425 3848 5482 δὲ

2193 5519 2290 5585 τὴν
2348 5527 2453 5574 τῶν
2482 5517 2657 5593 ῥητῶν
2706 5514 2996 5597 ἀκρίϐειαν,
3032 5517 3118 5573 καὶ
3166 5523 3282 5581 πῶς
3311 5515 3535 5595 ἒφύλαξε
3581 5539 3682 5585 της
3714 5538 3851 5598 σαρ-

2192 5609 2283 5673 κὸς
2319 5608 2417 5676 τὴν
2472 5605 2747 5688 διαφοράν.
2782 5606 2843 5667 Ὀ
2891 5606 2992 5686 γὰρ
3041 5607 3280 5686 ἁγιάζων
3340 5607 3548 5675 Ἰησους
3579 5609 3658 5672 ὡς
3715 5616 3851 5675 Θεος

2191 5697 2386 5782 πάντα,
2428 5698 2519 5757 καὶ
2574 5699 2730 5766 αὐτὸς
2807 5699 2881 5762 ὡς
2953 5695 3228 5783 ἅνθρωπος
3287 5698 3519 5783 ἡγιάσθη
3577 5699 3683 5761 ὑπὸ
3754 5698 3850 5762 τοῧ
