4042 6438
259 379 377 445 505

1284 386 1382 450 DE
1450 385 1748 449 ECGLES.
1822 385 2274 468 HIERARCH.,
2329 389 2496 451 CAP.
2554 391 2630 454 V.

3527 390 3644 459 506

251 518 547 575 πτευθεντα
604 519 726 574 θεῖα
753 516 1020 595 θεάματαο
1081 522 1164 579 καὶ
1193 522 1255 580 τὸ
1311 523 1507 599 μυῆσαι
1539 525 1602 582 τὰ
1661 528 1904 610 ἱεραρχι-

1997 542 2130 606 que,
2163 525 2283 588 sibi
2309 535 2683 590 sacrosancte
2735 533 3047 608 perspecta
3075 525 3273 590 divina
3303 532 3644 608 spectacula

253 609 324 665 κὰ
385 611 497 665 τῶν
569 609 689 684 μετ’
749 610 1055 687 ἐπιστήμης
1109 611 1458 682 τελειωτικῆς
1529 617 1594 671 τὰ
1647 620 1767 673 θεῖα
1818 609 1913 685 τῆς

250 697 374 754 κατ’
452 699 644 789 αὒτους
717 701 991 781 ἱεραρχίας
1063 702 1268 760 ἅπαντα
1340 703 1517 771 καλῶς
1583 711 1909 789 μυηθέντων,

249 789 337 844 κα³
398 789 501 856 τὴν
533 787 905 868 τελεσιουργόν
960 799 1053 850 τοῦ
1106 794 1304 868 μυῆσαι
1354 793 1567 872 δύναμιν
1618 787 1910 876 προσειληὲ

249 878 454 956 φότων·
514 880 600 936 καὶ
661 881 722 936 τὸ
783 880 1098 955 μεταδοῦναι
1156 884 1276 940 κατ’
1336 884 1482 950 ἀξίαν
1537 887 1602 944 τὰ
1643 889 1756 965 ἱερὰ
1806 896 1912 945 τῶν

246 968 696 1060 ἕπιστημονικῷς
727 971 814 1027 καὶ
842 971 1153 1052 ὁλοκλήρως
1185 976 1576 1056 μετασχόντων
1613 985 1712 1048 τῆς
1760 981 1910 1060 ἱερα-

247 1059 408 1128 τικῆς
446 1057 803 1126 τελειώσεως.

1998 616 2324 678 insinuare:
2348 617 2568 680 docere
2581 617 2758 680 etiam
2783 635 2852 679 ea
2873 637 3004 699 qua;
3025 617 3380 681 bierarchiae
3405 623 3643 702 propria

1996 723 2154 783 sunt,
2185 725 2393 768 eorum
2424 717 2540 781 est,
2568 710 2665 788 qui
2691 727 2823 769 cum
2847 709 3192 788 perﬁciente
3222 709 3470 772 scientia
3491 711 3644 776 divi-

1997 816 2072 858 na
2102 816 2352 878 quaeque
2382 803 2534 860 sacri
2565 799 2656 860 sui
2716 797 2945 860 ordinis
2979 799 3258 880 mysteria
3291 799 3476 880 probe
3506 810 3645 864 sunt

1997 887 2215 963 edocti,
2249 897 2841 970 consummatamque
2891 889 3144 951 docendi
3173 891 3322 952 alios
3370 893 3641 954 virtutem

1997 988 2384 1060 acceperunt;
2405 989 2777 1041 sacramenta
2801 997 2936 1041 vero
2964 998 3065 1060 pro
3089 981 3372 1060 dignitate
3403 982 3644 1045 tradere

1997 1068 2231 1131 illorum
2286 1078 2398 1151 est,
2433 1070 2532 1150 qui
2583 1069 2731 1131 scite
2761 1076 2938 1150 atque
2987 1072 3216 1152 integre
3253 1071 3646 1136 sacerdotalis

1995 1157 2347 1222 initiationis
2377 1158 2702 1242 participes
2735 1160 3046 1222 exsistunt.

1881 1330 2027 1413 §V.

333 1486 544 1546 Οὖκοῦν
605 1491 640 1559 ἡ
711 1492 822 1548 θεία
865 1495 972 1547 τῶν
1029 1491 1297 1572 ἱεραρχῶν
1360 1492 1501 1559 τάξις
1562 1494 1750 1573 πρωτη
1813 1494 1910 1570 μὲν

2061 1495 2415 1558 Pontiﬁcum
2431 1495 2632 1576 itaque
2646 1493 2883 1558 divinus
2897 1496 3043 1558 ordo
3066 1497 3300 1577 primus
3321 1506 3411 1562 est
3429 1518 3640 1564 eorum

251 1576 363 1634 ἔστι
426 1585 536 1637 τῶν
565 1583 861 1638 θεοπτικῶν
920 1580 1142 1662 τάξεων,
1177 1582 1444 1661 ἀκροτάτη
1477 1581 1531 1640 δὲ
1585 1587 1672 1640 καὶ
1703 1585 1910 1665 ἐσχάτη

1997 1587 2274 1649 ordinum
2289 1586 2384 1667 qui
2405 1589 2592 1648 Deum
2626 1585 2849 1668 vident,
2874 1576 3157 1668 idemque
3190 1597 3250 1653 et
3281 1609 3554 1653 summus
3586 1601 3648 1654 et

249 1669 415 1726 πάλιν
467 1673 503 1741 ἦ
539 1671 692 1751 αὕτη,
743 1673 963 1751 καὶγὰρ
1021 1674 1094 1735 εἰς
1129 1673 1292 1740 αὖτὴν
1343 1673 1688 1732 ἀποτελεῖται
1718 1674 1782 1727 ὕῚ
1825 1677 1911 1733 καὶ

1997 1676 2261 1750 ultimus,
2296 1676 2516 1756 quippe
2561 1675 2621 1737 in
2650 1695 2768 1754 quo
2799 1685 2857 1737 et
2909 1676 3248 1741 absolvitur
3280 1686 3342 1740 et
3373 1681 3645 1762 expletur

250 1759 665 1845 ἀποπληροῦται
711 1768 855 1819 πᾶσα
885 1767 985 1830 τῆς
1048 1761 1164 1819 καθ’
1194 1765 1338 1836 ἡμᾶς
1389 1767 1667 1845 ἱεραρχίας
1721 1768 1755 1835 ἡ
1790 1765 1910 1822 δια-

1997 1767 2190 1830 omnis
2219 1766 2574 1828 hierarchiae
2607 1775 2831 1828 nostra;
2862 1766 3185 1830 distinctio.
3212 1769 3284 1832 Ut
3311 1759 3474 1832 enim
3507 1773 3644 1836 hie-

248 1854 545 1927 κόσμησις,
586 1842 679 1917 Ὠς
725 1875 825 1931 γαρ
853 1852 1068 1910 ἅπασαν
1125 1855 1396 1935 ἱεραρχὶαν
1450 1855 1658 1933 ὁρῶμεν
1690 1858 1763 1920 εἷς
1823 1858 1910 1912 τὸν

1997 1857 2290 1921 rarchiam
2325 1875 2566 1919 omnem
2599 1857 2871 1919 videmus
2903 1857 2965 1919 in
2996 1861 3196 1920 Jesum
3231 1860 3534 1937 desinere,
3560 1862 3648 1925 sic

248 1940 461 2010 Ἰησοῦν
523 1943 1050 2018 ἆποπεραιουμένην,
1085 1944 1252 2008 οὕτως
1312 1945 1540 2013 ἑκάστην
1573 1948 1646 2012 εἷς
1695 1948 1782 2004 τὸν
1828 1949 1909 2004 οἰ-

1997 1953 2551 2029 unamquamquein
2569 1965 2741 2008 suum
2767 1948 3030 2010 divinum
3059 1951 3431 2028 pontiﬁcem.
3461 1951 3646 2015 Porro

244 2047 400 2090 κεϊον
453 2033 630 2090 ἔνθεον
687 2032 970 2115 ἱεράρχην,
1027 2025 1089 2091 Ἠ
1123 2033 1176 2090 δὲ
1225 2040 1322 2103 τῆς
1356 2037 1668 2116 ἱεραρχικῆς
1715 2036 1908 2103 τάξεως

1997 2041 2176 2100 virtus
2199 2025 2430 2100 ordinis
2447 2038 2805 2100 hierarchici
2825 2038 2885 2099 in
2910 2025 3094 2102 sacris
3123 2040 3402 2104 omnibus
3424 2041 3645 2103 distin-

245 2122 469 2200 δύναμις
538 2124 592 2180 ἐν
636 2125 833 2188 πάσαις
894 2138 1071 2206 χωρεῖ
1126 2125 1254 2188 ταῖς
1311 2128 1482 2205 ἱεραῖς
1534 2126 1777 2203 ὁλοτησι,
1823 2129 1911 2187 καὶ

1997 2129 2293 2196 ctionibus
2341 2128 2593 2210 capitur,
2633 2137 2694 2191 et
2747 2148 2852 2210 per
2908 2148 3121 2191 omnes
3151 2149 3355 2193 sacros
3402 2133 3650 2195 ordines

244 2212 329 2270 διὰ
387 2215 577 2271 πασῶν
608 2220 714 2271 τῶν
775 2218 928 2293 ἱερῶν
963 2215 1164 2281 τάξεων
1195 2215 1404 2294 ἐνεργεῖ
1463 2217 1526 2272 τὰ
1556 2223 1654 2284 τῆς
1716 2219 1908 2282 οἰκείαις

242 2306 522 2386 ἱεραρχίας
582 2306 871 2385 μυστήριον
955 2305 1207 2385 ἐκκρίτως
1281 2305 1337 2362 δὲ
1397 2306 1533 2384 αὐτῇ
1598 2309 1742 2387 παρὰ
1813 2309 1906 2373 τὰς

245 2393 445 2459 λοιπὰς
500 2394 672 2462 τάξεις
704 2397 776 2460 εἷς
826 2396 1132 2474 αὐτουργίαν
1184 2397 1210 2452 ὁ
1271 2399 1415 2460 θεῖος
1459 2398 1652 2472 θεσμὸς
1707 2398 1910 2453 ἀπονε-

245 2485 454 2560 νέμηκε
504 2485 599 2550 τὰς
649 2485 914 2564 θειοτέρας
972 2487 1288 2565 ἱερουργίας·
1348 2489 1500 2542 αὗται
1568 2485 1622 2542 δὲ
1682 2486 1812 2543 εἰσιν
1859 2489 1909 2542 αἱ

245 2575 611 2654 τελεσιουργοὶ
669 2575 764 2642 τῆς
818 2579 1111 2656 θεαρχιιιῆς
1171 2574 1442 2651 δυνάμεως
1498 2576 1717 2650 εἰκόνες,
1767 2576 1908 2632 ἁπο-

246 2666 501 2723 τελοῦσαι
556 2666 620 2716 58
670 2666 843 2722 πάντα
875 2667 940 2722 τὰ
991 2667 1236 2723 θειότατα
1295 2664 1534 2742 σύμϐολα
1586 2668 1674 2723 καὶ
1732 2668 1908 2729 πάσας

1994 2219 2348 2282 hierarchiae
2374 2237 2508 2299 quae
2543 2219 2652 2296 ipsi
2673 2221 2912 2299 propria
2943 2227 3032 2280 est
3052 2221 3329 2300 mysteria
3361 2223 3636 2304 perficit;

1992 2328 2200 2373 verum
2234 2310 2372 2372 huic
2405 2309 2769 2372 excellenter
2814 2327 2934 2388 pra:
2971 2311 3203 2372 caeteris
3234 2311 3548 2375 ordinibus
3578 2313 3640 2374 in

1992 2407 2082 2463 sui
2109 2399 2506 2462 ministerium
2540 2398 2736 2460 divina
2766 2399 2860 2460 lex
2893 2399 3095 2462 olﬁcia
3118 2399 3413 2463 diviniora
3442 2401 3642 2464 distri-

1995 2491 2138 2561 buit,
2158 2510 2290 2572 quae
2310 2489 2591 2550 nimirum
2628 2497 2766 2550 sunt
2793 2489 3083 2567 imagines
3116 2491 3430 2571 praecipuae
3453 2492 3640 2572 perﬁ-

1995 2583 2206 2645 cientis
2257 2580 2491 2641 virtutis
2544 2578 2671 2659 Dei,
2702 2578 2918 2660 quibus
2970 2579 3345 2642 divinissima
3389 2601 3643 2662 quaeque

1996 2672 2252 2744 symbola
2277 2685 2566 2741 sacraeque
2589 2669 2988 2726 distinctiones
3019 2685 3219 2727 omnes
3241 2685 3642 2729 consumman-

246 2759 346 2822 τὰς
393 2759 538 2838 ἱερας
595 2758 1002 2834 διακοσμήσεις.
1067 2760 1125 2814 Εἰ
1182 2758 1282 2836 γὰρ
1344 2758 1433 2813 καὶ
1491 2758 1620 2835 πρὸς
1678 2758 1782 2814 τῶν
1833 2761 1911 2812 ἱε-

1997 2772 2115 2830 tur,
2142 2763 2301 2824 Licet
2321 2761 2479 2822 enim
2515 2780 2548 2822 a
2566 2760 2980 2823 sacerdotibus
3011 2762 3350 2822 veneranda
3371 2762 3641 2843 quaedam

248 2849 389 2928 ρέων
477 2846 749 2904 τελοῦνταί
833 2869 946 2904 τινα
1027 2851 1132 2904 τῶν
1219 2847 1521 2924 σεϐασμίων
1606 2845 1910 2923 συμϐόλων,

1998 2862 2368 2915 sacramenta
2392 2851 3122 2932 οοοίίοίίιηιι,ιιν,ηυιιίιιιοηι
3143 2860 3338 2913 tamen
3363 2852 3644 2914 sacerdos

249 2939 378 2997 ἀλλ’
428 2940 488 2996 οὗ
543 2959 672 2995 ποτε
733 2943 830 3005 τῆν
887 2939 1029 3018 ἱερὰν
1089 2938 1414 3018 θεογενεσίαν
1473 2941 1499 2994 ὁ
1559 2938 1723 3017 ἱερεὺς
1766 2940 1911 3017 ἔνερ-

1999 2942 2249 2999 divinam
2276 2941 2430 2997 illam
2464 2942 2964 3012 regenerationem
2998 2942 3122 2997 sine
3158 2940 3514 3000 divinissimo
3544 2941 3646 2999 illo

249 3033 411 3108 γήσει
483 3039 576 3088 τοῦ
649 3029 920 3084 θειοτατου
993 3029 1159 3107 μύρου
1232 3030 1426 3109 χωρὶς,
1500 3028 1614 3084 οὒδὲ
1688 3029 1753 3085 τὰ
1811 3034 1910 3096 τῆς

1997 3040 2299 3112 unguento
2323 3029 2784 3102 consummabit,
2813 3049 3006 3111 neque
3027 3030 3246 3093 divinae
3275 3051 3404 3093 com
3418 3032 3645 3093 munio-

249 3122 396 3183 θείας
482 3119 762 3182 κοινωνίας
841 3118 1044 3174 τελέσει
1114 3121 1405 3198 μυστήρια,
1457 3119 1534 3192 μὴ
1610 3125 1687 3193 τῷ
1765 3122 1909 3175 θειο-

1997 3125 2089 3185 nis
2125 3120 2812 3204 mysteriaconsecrabit,
2846 3121 2956 3183 nisi
2979 3121 3421 3184 communionis
3443 3140 3646 3184 sacra-

246 3210 397 3282 τέτορ
454 3209 812 3285 θυσιαστηρίῳ
865 3215 970 3265 τῶν
1007 3211 1330 3265 κοινωνικῶν
1397 3208 1742 3266 ἑπιτεθέντων
1772 3231 1911 3284 συμ-

1998 3221 2196 3277 menta
2252 3212 2618 3275 divinissimo
2652 3211 2792 3271 2'55
2851 3211 3021 3272 altari
3056 3210 3280 3273 fuerint
3339 3211 3642 3293 imposita,

245 3299 453 3358 ὄὸλων·
511 3297 630 3354 ἀλλ’
677 3297 793 3356 ουδὲ
852 3300 1006 3364 αὖτὸς
1051 3300 1214 3376 ἱερεὺς
1273 3297 1444 3369 ἔσται,
1480 3297 1557 3373 μὴ
1617 3301 1748 3376 πρὸς
1805 3305 1911 3354 τῶν

1998 3305 2143 3383 quin
2169 3322 2242 3364 ne
2274 3302 2554 3364 sacerdos
2578 3302 2818 3383 quidem
2855 3302 2990 3382 erit,
3027 3302 3140 3363 nisi
3176 3285 3494 3382 pontiﬁciis
3526 3285 3648 3364 ini;

245 3394 576 3469 ἱεραρχικῶν
674 3387 1006 3446 τελειώσεων
1080 3391 1152 3453 εἱς
1241 3395 1399 3445 τοῦτο
1475 3387 1909 3466 κεκληρωμένος,

2000 3393 2346 3456 tiationibus
2375 3393 2446 3454 ad
2481 3402 2706 3453 sortem
2741 3393 2909 3452 istam
2935 3393 3112 3454 fuerit
3144 3401 3472 3471 promotus.
3499 3394 3650 3466 Qua-

251 3473 424 3541 U005v
488 3483 523 3549 ἡ
587 3481 699 3536 θεία
755 3481 1090 3559 θεσμοθεσία,
1151 3481 1248 3548 τὴν
1309 3486 1416 3536 τῶν
1477 3482 1796 3558 ἱεραρχικῶν
1854 3479 1911 3529 59

1998 3493 2230 3555 propter
2249 3483 2342 3539 lex
2371 3483 2559 3539 divina
2594 3481 3129 3538 hierarcbichorum
3149 3481 3417 3538 ordinum
3435 3484 3646 3540 sancti-

247 3573 455 3639 τάξεων
523 3571 850 3650 ἁγιαστείαν,
914 3571 1002 3626 καὶ
1076 3571 1175 3637 τὴν
1234 3577 1325 3625 τοὺ
1398 3569 1535 3626 θείου
1600 3571 1763 3647 μύρου
1821 3592 1911 3624 ἰε-

1999 3567 2364 3644 ﬁcationem,
2399 3573 2459 3624 et
2509 3563 2795 3640 unguenti
2857 3561 3043 3622 divini
3104 3562 3646 3643 consecrationem,

247 3665 496 3738 λεὶωσιν,
543 3664 631 3718 καὶ
704 3661 802 3728 τὴν
862 3662 1003 3738 ἱερὰν
1062 3668 1154 3718 τοῦ
1214 3659 1582 3738 θυσιαστηρίου
1640 3657 1911 3735 τελετουρ-

1998 3674 2350 3733 sacramque
2409 3653 2608 3715 altaris
2661 3651 3140 3713 benedictionem
3204 3651 3649 3731 perﬁcientibus

247 3757 396 3834 γίαν,
446 3763 568 3815 ταῖς
628 3755 732 3806 τῶν
781 3749 971 3806 ἐνθέων
1003 3750 1274 3830 ἱεραρχῶν
1318 3748 1708 3830 τελεσιουργοῖς
1753 3747 1911 3806 δυνά-

1998 3747 2336 3808 divinorum
2425 3742 2773 3824 pontiﬁcum
2862 3741 3185 3804 virtutibus
3271 3741 3651 3821 singulariter

249 3866 411 3924 μεσιν
443 3842 649 3907 ἐνιαίως
677 3839 1083 3919 ἀπεκλήρωσεν.

1997 3835 2284 3900 attribuit.

1859 4003 1888 4084 ς
1927 4000 2029 4067 Ἦ·

339 4166 549 4226 ’Ἔστιν
580 4167 667 4224 οὗ)
711 4167 745 4235 ἡ
774 4167 1060 4246 ἱεραρχικη
1117 4165 1182 4219 60
1214 4166 1380 4246 τάξις,
1416 4168 1451 4236 ἡ
1509 4174 1603 4245 τῇς
1634 4163 1911 4222 τελειωτι-

2077 4161 2178 4224 Est
2233 4159 2414 4240 igitur
2470 4156 2825 4239 pontificalis
2883 4174 2987 4218 seu
3045 4156 3423 4237 episcopatus
3477 4159 3652 4231 ordo,

251 4264 359 4327 κῆς
415 4255 688 4331 δυνάμεως
747 4256 1234 4332 ἀναπεπλησμένη,
1281 4258 1346 4313 τὰ
1423 4255 1766 4333 τελεσιουργὰ
1822 4254 1911 4322 τῆς

1998 4253 2589 4333 qui,consummante
2611 4248 2829 4308 virtute
2856 4246 3062 4318 fultus,
3089 4248 3458 4326 perticientia
3481 4268 3651 4325 quae-

250 4349 530 4428 ἱεράρχίας
588 4348 838 4418 ἑκκρίτως
898 4345 1310 4425 τελετουργοὺσα
1368 4344 1452 4426 61,
1487 4348 1575 4403 καὶ
1635 4347 1730 4408 τὰς
1789 4343 1911 4400 ἐπι-

1999 4361 2114 4424 que
2129 4341 2280 4401 sacri
2296 4337 2521 4400 ordinis
2541 4337 2741 4396 munia
2761 4335 3215 4415 praeemincnter
3251 4342 3649 4416 consummat,

250 4441 470 4514 στήμας
529 4443 634 4494 τῶν
693 4439 846 4515 ἱερῶν
903 4438 1294 4516 ἒκφαντορικῶς
1349 4440 1572 4515 μυοῦσα,
1618 4438 1703 4491 καὶ
1768 4434 1915 4490 ἐκδι-

247 4529 520 4586 δάσκουσα
573 4528 667 4589 τὰς
700 4525 992 4604 ἀναλόγους
1037 4527 1206 4583 αὖτῶν
1269 4528 1352 4582 καὶ
1396 4529 1537 4605 ἱερὰς
1585 4525 1718 4591 ἓξεις
1750 4521 1813 4573 61
1858 4545 1915 4580 τε

245 4621 339 4677 καὶ
399 4618 647 4692 δυνάμεις
709 4614 773 4672 Ἠ
847 4614 900 4671 δὲ
959 4622 1063 4672 τῶν
1130 4616 1308 4695 ἱερέων
1354 4615 1716 4696 φωταγωγικὴ
1775 4613 1915 4678 τάξις

245 4711 338 4766 ἐπὶ
383 4710 478 4772 τὰς
510 4709 648 4772 θείας
705 4711 810 4761 τῶν
841 4705 1069 4762 τελετῶν
1115 4705 1342 4781 ἐποψίας
1403 4717 1736 4785 χειραγωγεϊ
1795 4705 1913 4766 τοὺς

245 4798 602 4873 τελουμένους
633 4798 734 4852 ὑπὸ
791 4801 858 4863 τῆ
918 4802 1025 4852 τῶν
1084 4795 1276 4852 ἒνθέων
1307 4799 1572 4875 ἱεραρχὼν
1627 4793 1792 4874 τάξει,
1827 4795 1916 4851 καὶ

249 4890 374 4967 μετ’
436 4889 599 4952 αὐτῆς
654 4888 992 4964 ἱερουργοῠσα
1046 4887 1141 4948 τὰς
1202 4888 1395 4950 οἰκείας
1467 4884 1778 4962 ἱερουργίας
1864 4883 1916 4938 ἐν

247 4985 338 5044 οἷς
400 4979 501 5056 μὲν
533 4977 666 5044 αὕτη
725 4974 818 5056 δρᾷ
847 4977 938 5042 τὰς
988 4978 1258 5055 θεουργίας
1291 4975 1699 5033 ὕποδεικνύουσα
1728 4971 1793 5024 63
1834 4971 1916 5030 διὰ

246 5079 361 5128 τῶν
449 5067 752 5143 ἱερωτάτων
842 5062 1122 5142 συμϐόλων
1206 5068 1292 5122 καὶ
1381 5066 1720 5144 θεορητικοὺς
1792 5065 1913 5127 τοὺς

249 5161 576 5241 προσιόντας
622 5156 978 5237 ἀποτελοῦσα,
1013 5159 1106 5214 καὶ
1147 5159 1253 5215 τῶν
1310 5159 1467 5215 ὁσίων
1505 5157 1734 5214 τελετῶν
1793 5178 1917 5213 κοιο

249 5253 478 5332 νωνοὺς,
515 5251 587 5316 εἷς
621 5250 711 5307 τὸν
743 5251 1000 5329 ἱεραρχην
1028 5247 1096 5298 64
1123 5246 1179 5305 δὲ
1241 5247 1628 5324 ἀναπέμπουσα
1659 5248 1780 5311 τοὺς
1816 5251 1912 5314 τῆς

2001 4442 2178 4510 atque
2193 4445 2498 4490 sacrorum
2521 4425 2871 4504 disciplinas
2899 4425 3348 4504 interpretando
3367 4425 3566 4500 tradit,
3595 4434 3654 4488 et

2002 4522 2215 4583 edocet
2235 4535 2506 4598 quamam
2533 4516 2678 4595 ipsis
2702 4533 2886 4575 sacrm
2917 4514 3652 4593 competanthabitudines

1999 4620 2174 4691 atque
2209 4611 2482 4670 virtutes.
2519 4605 2908 4668 Sacerdotium
2942 4614 3137 4665 autem
3173 4605 3341 4686 ordo,
3379 4607 3478 4686 qui
3511 4607 3652 4668 illu-

2001 4701 2210 4773 minat,
2243 4699 2314 4759 ad
2351 4715 2517 4758 sacra
2551 4693 2827 4774 mysteria
2858 4694 3198 4755 contuenda
3229 4695 3491 4758 initiatos
3528 4714 3652 4758 ma-

2001 4789 2253 4852 nuducit
2311 4786 2644 4848 divinorum
2681 4782 2876 4844 ordini
2913 4785 3263 4865 pontiﬁcum
3318 4785 3649 4868 subjectus,

2000 4899 2135 4942 cum
2164 4897 2280 4959 quo
2325 4875 2564 4956 propria
2596 4891 2701 4934 sua
2733 4873 2990 4936 celebrat
3037 4874 3441 4953 oilicia,atque
3471 4874 3532 4936 in
3583 4876 3652 4938 iis

2003 4969 2244 5052 quidem
2283 4984 2414 5048 quae
2443 4964 2582 5026 facit
2613 4963 2812 5024 divina
2834 4983 3015 5044 opera
3046 4966 3439 5028 sanctissimis
3465 4967 3651 5045 signis

1999 5069 2057 5122 et
2099 5056 2484 5120 sacramentis
2542 5053 2832 5130 ostendit,
2865 5063 3350 5136 spectatoresque
3403 5074 3507 5117 eos
3550 5057 3654 5136 qui

1997 5147 2297 5214 accedunt
2355 5143 2556 5220 efﬁcit,
2607 5150 2665 5204 et
2722 5142 2784 5204 in
2845 5152 3186 5207 sanctorum
3234 5144 3651 5224 mysteriorum

1998 5237 2346 5302 societatem
2405 5232 3013 5315 communionemque
3069 5233 3349 5308 admittit,
3412 5234 3528 5296 sed
3575 5235 3648 5296 ad

1589 5424 1850 5491 VARle
1898 5413 2215 5487 LECTION
2229 5411 2335 5475 ES.

329 5547 394 5598 57
425 5546 777 5622 ἀποτελευτᾷ,
813 5541 874 5606 S.
931 5546 1002 5607 Ι).
1056 5545 1162 5608 Ch.

281 5636 570 5709 ουργοῦσα,
603 5630 712 5709 Ch,
770 5624 830 5674 ὓί
859 5625 1158 5709 ἀναὶὸγως,
1195 5626 1304 5709 C_h,
1337 5627 1480 5709 ἱερᾲς
1513 5627 1709 5709 τάξεις,
1743 5623 1804 5687 S.

1262 5544 1785 5622 58ἆποτελειοῦσαι,
1849 5541 1956 5604 Ch.
2021 5537 2092 5599 Π.
2191 5537 2254 5581 ⁵9
2312 5537 2615 5621 ἱερατικῷν,
2666 5537 2730 5592 Ρ.
2799 5537 2867 5594 D.
2953 5537 3015 5580 (30
3067 5537 3618 5622 iegatixrﬂ,.8,‘f1

1879 5624 1943 5672 63
1974 5617 2165 5683 variat
2198 5619 2255 5672 in
2290 5611 2380 5671 liis
2423 5629 2511 5672 vei
2533 5610 2624 5675 bis
2680 5613 3030 5692 scriptura;
3080 5610 3334 5692 ,δεικνῦσα
3365 5611 3423 5692 in
3457 5609 3553 5671 his
3583 5610 3654 5672 li-

2191 5529 2254 5581 59
2312 5532 2615 5608 ἱερατικῷν,
2666 5535 2730 5592 Ρ.
2799 5531 2867 5594 D,
2953 5530 3015 5580 (Ῐο
3067 5532 3334 5604 ἱεροτικῆ,
3382 5532 3442 5589 S.
3499 5526 3654 5588 θίὶςο

292 5690 404 5782 ris;
437 5708 497 5770 in
528 5690 659 5772 aliis
690 5708 744 5766 δε
759 5690 1092 5783 «meamet
1123 5690 1200 5768 ita
1232 5707 1291 5769 in
1337 5690 1472 5769 aliis
1507 5690 1766 5768 caSibus.
1801 5704 2022 5772 Omnes
2057 5698 2218 5764 locos
2250 5700 2454 5756 notare
2483 5692 2724 5777 longum
2757 5690 2914 5756 esset
2981 5690 3038 5736 6’
3073 5691 3152 5754 ita
3180 5691 3500 5774 legendum
3535 5700 3649 5770 est,

249 5808 376 5855 non
409 5795 537 5867 τῷν.
