4042 6468
375 379 491 451 507

1582 388 1643 452 S.
1691 386 1876 453 ΒΙοΝ
1881 386 2034 452 YSII
2075 385 2610 452 AREOPAGITE.

3636 374 3757 444 508

380 520 722 606 pontiﬁcem
752 522 1002 589 remittit
1030 542 1137 590 eos
1165 525 1269 608 qui
1316 523 1693 607 disciplinam
1729 533 2043 607 expetunti

2127 528 2403 604 πιστήμης
2456 533 2563 586 τῶν
2606 529 2971 607 θεωρηθεισῶν
3041 524 3348 604 ἱερουργιῶν
3408 517 3753 604 ἐφιεμένους.

378 616 791 696 mysteriorum
821 634 952 696 quas
977 617 1271 680 viderunt.
1305 616 1526 678 Verum
1546 616 1691 677 ordo
1721 615 2019 677 ministro-

2103 616 2166 676 Ἦ
2218 617 2271 675 δὲ
2329 619 2434 675 τῶν
2489 618 2808 696 λειτουργῶν
2864 615 3029 696 τάξις,
3074 617 3108 684 ἡ
3154 612 3449 693 χαθαρτικὴ
3508 611 3601 668 καὶ
3646 617 3759 668 τῶν

374 723 512 768 rum
541 723 649 767 seu
681 707 1066 769 diaconorum
1102 716 1213 782 est,
1249 707 1346 787 qui
1377 706 1574 786 expiat
1605 718 1666 768 et
1705 704 2020 769 dissimilia

2127 710 2364 783 ινομοίων
2409 708 2727 786 διακριτικὴ,
2762 708 2861 787 πρό
2915 705 2982 757 65
3008 711 3106 773 τῆς
3139 706 3225 761 ἐπὶ
3281 704 3375 766 τὰς
3407 709 3513 759 τῶν
3570 700 3759 782 ἱερέων

376 794 685 870 discernit,
710 804 1025 877 antequam
1049 797 1120 859 ad
1145 796 1519 859 sacerdotum
1542 813 1713 858 sacra
1732 797 2019 873 veniant;

375 884 731 949 accedentes
744 886 921 949 etiam
937 887 1239 963 lustrat,ut
1269 905 1372 949 eos
1391 906 1424 948 a
1457 887 1773 948 contrariis
1794 885 2019 947 immu-

380 995 489 1038 nes
515 976 749 1052 reddat,
781 984 958 1058 atque
986 996 1293 1039 sacrorum
1329 976 1752 1055 mysteriorum
1784 984 2022 1056 specta-

380 1065 519 1129 culo
569 1077 631 1128 et
660 1068 1081 1130 communione
1111 1067 1344 1147 dignos.
1381 1069 1585 1148 Itaque
1630 1069 1687 1129 in
1719 1084 1888 1129 sacra
1917 1066 2027 1129 Dei

377 1158 831 1235 regeneratione
861 1157 1099 1219 diaconi
1130 1176 1289 1231 eum,
1324 1163 1422 1236 qui
1455 1156 1529 1218 ad
1558 1157 1723 1220 illam
1767 1157 2025 1230 accedit,

379 1248 620 1326 antiqua
649 1255 813 1309 veste
836 1257 1057 1309 exuunt
1084 1257 1264 1325 atque
1306 1246 1696 1327 discalceant,
1728 1253 1791 1309 et
1818 1247 1891 1309 ad
1923 1266 2028 1309 oc-

381 1336 680 1398 cidentem
715 1336 1179 1400 abrrnuntiandi
1210 1355 1389 1399 causa
1417 1337 1662 1408 sistunt,
1696 1355 2029 1418 rursusque

382 1426 698 1488 traducunt
721 1426 793 1489 ad
818 1428 1111 1489 orientem
1141 1428 1306 1508 (sunt
1326 1426 1488 1489 enim
1522 1426 1830 1507 purgantis
1860 1426 2026 1489 ordi-

383 1516 478 1578 nis
504 1523 684 1597 atque
711 1517 972 1596 virtutis)
1006 1518 1316 1581 hortantes
1347 1535 1451 1578 eos
1479 1521 1582 1597 qui
1613 1516 1926 1593 accedunt;
1961 1526 2027 1580 ut

385 1606 601 1688 prioris
623 1607 752 1668 vitae
781 1606 1133 1670 indumenta
1161 1607 1400 1688 penitus
1432 1605 2025 1685 deponant;erroris—

383 1715 501 1777 que
536 1697 769 1775 pristini
803 1698 1069 1760 tenebris
1112 1696 1415 1779 patefactis
1443 1697 1659 1758 docent
1689 1717 1793 1760 eos
1822 1707 1883 1759 ut
1913 1699 2026 1760 ob-

384 1786 579 1849 scuris
611 1788 789 1848 rebus
821 1787 1127 1869 ablegatis,
1154 1806 1288 1848 sese
1321 1787 1763 1849 transferantad
1798 1807 1870 1850 ea
1900 1807 2032 1869 quae

2101 802 2390 877 ἱερουργίας
2453 798 2837 877 προσαγωγῆς,
2894 795 3235 874 ἀποκαθαίρει
3317 795 3437 857 τοὺς
3497 794 3759 857 προσιόν-

2104 911 2225 964 τας,
2270 889 2488 968 ἀμιγεῖς
2550 889 2737 952 αὐτοὺς
2795 887 3127 945 ἀποτελοῦσα
3183 883 3289 942 τῶν
3341 883 3617 962 ἐναντίων,
3668 883 3761 939 καὶ

2107 982 2236 1057 πρὸς
2293 980 2623 1058 ἱερουργικὴν
2655 979 2880 1055 ἐποψίαν
2926 979 3013 1035 καὶ
3063 976 3340 1034 κοινωνίαν
3398 971 3759 1041 ἐπιτηδείους.

2108 1067 2286 1127 ’¹Οθεν
2342 1069 2428 1125 ἐπὶ
2482 1074 2582 1136 τῆς
2637 1072 2779 1147 ἱερᾶς
2835 1069 3166 1146 θεογενισίας
3219 1068 3268 1121 οἱ
3322 1063 3619 1142 λειτουργοὶ
3668 1063 3765 1119 τὸν

2111 1160 2399 1234 προσιόντα
2456 1164 2554 1226 τῆς
2610 1164 2843 1221 παλαιᾶς
2914 1157 3312 1236 ἀπογυμνοῦσιν
3381 1147 3632 1231 ἐσθῆτος,
3685 1151 3766 1208 ἔτι

2115 1250 2220 1325 μὴν
2276 1251 2359 1306 καὶ
2408 1249 2715 1328 ὑπολύουσι,
2767 1250 2855 1306 καὶ
2902 1250 3034 1327 πρὸς
3092 1245 3295 1321 δυσμὰς
3340 1245 3413 1310 εἷς
3474 1243 3763 1321 ἀποταγὴν

2111 1344 2318 1411 ἱστῶσι,
2348 1341 2433 1396 καὶ
2493 1339 2636 1403 αὖθις
2678 1340 2807 1417 πρὸς
2838 1337 2909 1394 ἕω
2968 1337 3279 1415 μετάγουσι,
3315 1333 3445 1410 (τῆς
3494 1336 3766 1412 γαθαρτι-

2108 1437 2211 1499 κῆς
2267 1430 2366 1509 γάρ
2438 1431 2534 1486 εἱσι
2620 1429 2819 1495 τάξεως
2894 1430 2981 1485 καὶ
3051 1423 3379 1502 δυνάμεως,)
3436 1420 3766 1480 ἀποϐάλλειν

2108 1521 2300 1583 ὸλικῶς
2340 1518 2739 1599 ἐγκελευόμενοι
2788 1531 2907 1582 τοῖς
2966 1524 3241 1597 προσιοῦσι
3286 1516 3379 1577 τὰς
3409 1513 3508 1582 τῆς
3561 1510 3767 1593 προτέ-

2109 1634 2201 1691 ρας
2260 1614 2402 1682 ζωῆς
2435 1609 2733 1689 ἀμφιέσεις,
2766 1611 2849 1666 καὶ
2892 1610 2955 1666 τὸ
3011 1615 3103 1664 τοὺ
3161 1604 3418 1686 προτέρου
3459 1603 3572 1680 βίου
3628 1625 3769 1660 σκο-

2109 1703 2280 1758 τεινὸν
2322 1699 2753 1776 ὕποδεικγόντες,
2787 1702 2877 1756 καὶ
2921 1696 3321 1759 ἐκδιδάσκοντες
3374 1695 3586 1769 αὐτοὺς,
3620 1693 3768 1750 ἀπο-

2113 1788 2436 1865 ταξαμένους
2492 1804 2613 1853 τοῖς
2646 1789 2970 1869 ἀλαμπέσιν,
3006 1788 3088 1844 ἐπὶ
3129 1789 3194 1842 τὰ
3254 1785 3549 1865 φωτιστικὰ
3605 1805 3775 1859 μετα-

384 1877 1150 1940 illuminant.Diaconorum
1169 1879 1367 1955 itaque
1383 1878 1528 1940 ordo
1543 1878 2028 1959 estexpiatorius,

2127 1882 2403 1961 ταχθῆναι.
2484 1881 2783 1958 Καθαρτικὴ
2859 1880 3028 1935 τοίνυν
3111 1876 3251 1933 ἐστὶν
3321 1879 3355 1944 ἡ
3431 1872 3774 1953 λειτουργική

386 1966 458 2027 ad
492 1966 775 2046 praeclara
806 1967 1182 2029 sacerdotum
1217 1986 1385 2029 sacra
1419 1968 1650 2028 ducens
1677 1985 1780 2027 eos
1806 1967 1905 2048 qui
1937 1986 2035 2029 ex-

389 2056 528 2137 piati
577 2064 735 2130 sunt,
768 2065 947 2136 atque
991 2057 1188 2138 expiat
1218 2058 1623 2137 imperfectos,
1659 2076 1808 2137 quos
1858 2064 2032 2118 etiam

388 2148 539 2203 fovet
563 2147 943 2217 purgantibus
968 2148 1334 2218 eloquiorum
1369 2147 1847 2205 “lustrationibus
1869 2156 2037 2219 atque

388 2234 701 2311 doctrinis;
734 2245 795 2298 et
828 2246 1111 2317 praeterea
1139 2239 1414 2317 profanos
1439 2258 1471 2300 a
1494 2237 1917 2300 sacerdotibus
1942 2256 2037 2299 ar-

388 2335 503 2401 cet,
541 2336 782 2405 propter
830 2328 987 2409 quod
1022 2329 1327 2409 pontiﬁcio
1358 2329 1630 2389 instituto
1658 2336 1842 2389 sacris
1886 2348 2037 2410 quo-

394 2435 513 2499 que
542 2416 770 2479 foribus
803 2419 1146 2496 praeﬁcitur,
1184 2428 1244 2479 ut
1275 2419 1661 2499 signiﬁcetur,
1700 2437 1905 2479 eorum
1941 2418 2041 2499 qui

389 2506 461 2568 ad
494 2526 659 2568 sacra
686 2508 929 2569 veniunt
961 2527 1270 2570 accessum
1306 2508 1668 2569 omnimodis
1700 2510 2043 2571 illustratio-

390 2595 565 2658 nibus
580 2615 713 2657 esse
730 2598 1114 2677 expiandum,
1140 2597 1624 2678 quandoquidem
1647 2598 1716 2658 ad
1733 2604 2037 2678 aspectum

389 2687 991 2768 communionemque
1021 2706 1331 2749 sacrorum
1369 2688 1789 2750 introducendi
1827 2707 2041 2749 munus

390 2777 733 2856 expiatoriis
763 2776 1078 2839 virtutibus
1099 2778 1174 2838 sit
1198 2778 1649 2852 commissum,a
1675 2778 1889 2857 quibus
1912 2779 2038 2861 alii,

391 2865 492 2945 qui
551 2864 625 2927 ab
655 2865 821 2926 omni
879 2867 1020 2927 256
1047 2870 1275 2930 macula
1326 2869 1589 2929 mundati
1643 2876 1800 2945 sunt,
1843 2868 2039 2930 inlro-

394 2954 725 3020 mittantur.

2117 1970 2492 2050 διακόσμησις,
2527 1970 2616 2026 ἐπὶ
2657 1971 2750 2034 τὰς
2797 1971 2963 2049 φανὰς
2995 1975 3100 2024 τῶν
3158 1966 3339 2044 ἱερέων
3370 1964 3436 2013 ῧθ
3476 1965 3773 2043 ἱερουργίας

2118 2062 2385 2138 ἀνάγουσαι
2445 2061 2565 2124 τοὺς
2625 2062 3070 2137 κεκαθαρμένους,
3125 2060 3213 2115 καὶ
3271 2057 3394 2121 τοὺς
3454 2054 3773 2119 ἀτελέστους

2120 2151 2545 2228 ἀποκαθαίρουσα
2628 2152 2711 2206 καὶ
2795 2149 3121 2225 μαιευομένη
3207 2161 3330 2210 ταῖς
3415 2150 3770 2221 καθαρτικαῖς

2122 2247 2226 2297 τῶν
2272 2240 2462 2318 λογίων
2517 2239 2814 2315 ἑλλάμψετι
2846 2242 2934 2297 καὶ
2994 2236 3376 2315 διδασκαλίαις,
3411 2235 3509 2292 καΐ
3557 2232 3777 2303 προσέτι

2122 2333 2246 2394 τοὺς
2306 2331 2540 2408 ἀνιέρους
2593 2338 2697 2405 τῷν
2741 2330 2923 2408 ἱερέων
2984 2329 3197 2406 ἀμιγῶς
3254 2324 3775 2383 ἆποδιαστέλλουσαθ

2124 2420 2203 2477 διὸ
2262 2423 2349 2477 καὶ
2378 2435 2503 2485 ταῖς
2558 2423 2728 2498 ἱεραῖς
2763 2422 2925 2487 αὐτὴν
2973 2419 3215 2499 ἐφίστησι
3274 2416 3530 2483 πύλαιςῆ
3590 2418 3778 2492 ἱεραρ-

2124 2513 2259 2591 χικὴ
2309 2512 2644 2589 θεσμοθεσία,
2676 2511 2773 2577 τὴν
2825 2511 2956 2587 πρὸς
3006 2511 3071 2566 τὰ
3116 2508 3228 2583 ἱερὰ
3285 2514 3390 2563 τῶν
3447 2506 3781 2584 προσιόντων

2123 2600 2334 2657 εἴσοδον
2387 2601 2441 2655 ἐν
2500 2614 2622 2663 ταῖς
2672 2600 2960 2655 παντελέσι
3026 2598 3338 2675 καθαρσεσιν
3400 2594 3772 2669 αἷνισσομένη,

2122 2692 2215 2749 καὶ
2265 2692 2360 2759 τὴν
2389 2693 2475 2746 ἒπὶ
2523 2691 2614 2755 τὰς
2645 2693 2785 2767 ἱερὰς
2847 2695 3017 2748 αὖτών
3069 2688 3295 2762 ἐποψῖας
3347 2687 3435 2743 καὶ
3493 2686 3782 2747 κοινωνίας

2124 2784 2481 2859 προσαγωγὴν
2564 2788 2657 2842 τᾶς
2736 2784 3079 2858 καθαρτικαῖς
3159 2777 3440 2852 δννάμεσιν
3528 2774 3778 2853 ἐγχειρί-

2125 2881 2305 2951 ζουσα,
2338 2874 2427 2928 καὶ
2481 2870 2564 2927 διὰ
2609 2870 2809 2927 τούτων
2870 2872 3053 2933 αὐτοὺς
3108 2866 3473 2935 ἀκηλιδώτους
3528 2863 3782 2945 εἰσδεχο-

2126 2961 2284 3038 μένη.

1997 3123 2025 3202 §
2068 3120 2196 3186 vn.

476 3282 957 3345 Demonstratum
982 3291 1070 3345 est
1091 3283 1272 3363 igitur
1301 3283 1647 3365 pontiﬁcum
1683 3282 1924 3363 quidem
1948 3295 2097 3346 or-C

394 3371 597 3434 dinem
624 3372 978 3453 perﬁciendi
1001 3375 1113 3435 vim
1140 3373 1386 3454 habere,
1409 3393 1476 3435 ac
1505 3373 1707 3452 reipsa
1733 3374 2045 3453 perﬁcere:

395 3462 770 3525 sacerdotum
802 3474 999 3526 autem
1034 3463 1412 3526 illuminandi
1446 3464 1557 3524 vim
1592 3461 1835 3538 habere,
1871 3474 2051 3545 atque

394 3551 761 3627 illuminare;
793 3552 1201 3616 ministrorum
1232 3572 1373 3617 vero
1407 3553 1682 3630 expiandi
1715 3572 1785 3616 ac
1815 3553 2049 3616 discer»

396 3641 933 3706 nendifacnltatem
959 3645 1257 3706 obtinere.
1294 3644 1599 3725 Siquidem
1624 3644 1769 3705 ordo
1802 3645 2049 3725 pontiﬁ-

397 3731 525 3794 cius
579 3751 697 3793 non
732 3733 1082 3813 perﬁciendi
1131 3743 1379 3805 tantum,
1417 3733 1522 3795 sed
1558 3741 1616 3795 et
1667 3733 2050 3797 illuminandi

395 3822 575 3883 simul
607 3832 782 3904 atque
812 3825 1089 3903 expiandi
1144 3825 1257 3886 vim
1293 3825 1471 3887 habet
1504 3849 1517 3901 ;
1552 3844 1620 3886 ac
1667 3836 1928 3906 potestas
1963 3843 2050 3885 sa-

402 3913 738 3992 cerdotum,
765 3924 976 3993 prazter
998 3915 1372 3977 illuminandi
1407 3906 2054 3996 facultatem,expiandi

406 4021 649 4080 quoque
697 4005 960 4065 continet
990 4005 1299 4068 scientiam
1336 4023 1349 4068 :
1398 4025 1599 4068 verum
1634 4006 1948 4067 inferiores
1978 4005 2053 4066 ad

407 4091 784 4170 superiorum
821 4093 1156 4157 functiones
1190 4097 1484 4159 transilire
1515 4115 1886 4178 nequaquam
1924 4113 2053 4175 pos-

411 4189 572 4261 sunt,
605 4200 787 4262 quare
832 4185 996 4246 nefas
1025 4186 1102 4246 sit
1149 4204 1253 4249 eos
1311 4187 1382 4248 ad
1418 4196 1637 4249 tantam
1700 4185 2052 4265 proterviam

411 4270 987 4335 devenire.Virtutes
1010 4284 1207 4337 autem
1246 4297 1377 4355 quae
1401 4278 1722 4339 diviniores
1744 4283 2059 4354 sunt,prae-

415 4368 506 4421 ter
535 4360 846 4424 facultates
878 4366 1147 4445 proprias
1188 4367 1537 4429 inferiorum
1574 4383 1811 4446 quoque
1854 4381 2059 4425 sacras

412 4451 695 4513 scientias
720 4455 1085 4532 perfectione
1117 4476 1223 4519 sua
1280 4458 1607 4519 continent.
1642 4455 1931 4528 Quoniam
1966 4464 2059 4516 ta-

2208 3286 2477 3343 Δέδεικται
2532 3287 2704 3342 τοίνυν
2751 3287 2889 3360 ἡμῖν
2944 3286 2977 3352 ἡ
3034 3283 3130 3359 μὲν
3168 3290 3277 3339 τῶν
3329 3286 3599 3360 ἱεραρχῶν
3632 3278 3785 3347 τάξις

2132 3376 2448 3444 τελειωτικὴ
2507 3380 2595 3433 καὶ
2648 3372 3039 3453 τελεσιουργός·
3088 3376 3121 3441 ἡ
3172 3371 3226 3429 δὲ
3286 3374 3390 3429 τῶν
3434 3371 3617 3450 ἱερέων
3671 3394 3790 3451 φω-

2131 3469 2343 3536 τιστικὴ
2402 3469 2489 3524 καὶ
2554 3465 2910 3547 φωταγωγόςι
2963 3467 2994 3533 ἡ
3054 3463 3108 3520 δὲ
3156 3462 3261 3519 τῶν
3314 3461 3639 3541 λειτουργῶν
3697 3484 3793 3518 κα-

2132 3558 2353 3634 θαρτική
2399 3560 2485 3615 καὶ
2538 3555 2862 3636 διακριτικὴ,
2908 3552 3114 3622 δηλαδὴ
3172 3555 3270 3619 τῆς
3328 3556 3646 3631 ἱεραρχικῆς
3690 3552 3793 3608 τά-

2135 3646 2286 3721 Ξεως,
2346 3652 2405 3706 οὔ
2483 3647 2869 3723 τελεσιουργεϊν
2950 3645 3138 3719 μόνον,
3194 3641 3331 3698 ἀλλὰ
3396 3642 3484 3697 καὶ
3547 3642 3794 3719 φωτίζειν

2135 3739 2247 3813 ἅμα
2298 3739 2385 3794 καὶ
2419 3738 2684 3815 καθαίρειν
2742 3733 3124 3813 ἐπισταμένης,
3157 3734 3252 3789 καί
3310 3736 3411 3799 τῆς
3455 3736 3563 3787 τῶν
3610 3731 3797 3809 ἱερέων

2136 3825 2404 3901 δυνάμεως
2448 3827 2679 3906 ὲχούσῃς
2713 3826 2764 3880 ἐν
2799 3825 2962 3899 ἑαυτῇ
2993 3825 3131 3899 μετὰ
3186 3826 3284 3889 τῆς
3317 3825 3648 3901 φωτιστικῆς
3707 3822 3800 3877 καὶ

2138 3917 2233 3983 τήν
2291 3916 2611 3993 καθαρτικὴν
2670 3916 2998 3988 επιστ-ήμην.
3033 3914 3096 3970 Αἱ
3147 3912 3244 3988 μὲν
3297 3913 3398 3990 γὰρ
3454 3911 3648 3977 ἥττους
3709 3912 3799 3967 ἐπὶ

2138 4007 2201 4060 τὰ
2249 4005 2467 4082 κρείττω
2509 4002 2821 4078 μεταπηδᾷν
2874 4001 3207 4075 ἀδυνατοῦσι,
3240 4003 3373 4078 πρὸς
3428 4003 3489 4056 τό
3534 3999 3600 4049 67
3659 3998 3799 4075 μηδὲ

2137 4096 2349 4167 θεμιτὸν
2402 4096 2586 4157 αὐταῖς
2618 4095 2759 4149 εἶναι
2805 4095 2938 4169 πρὸς
2991 4092 3242 4157 τοιαύτην
3274 4091 3549 4169 ἐγχειρεῖν
3605 4089 3800 4161 ἁλαζο-
3884 4086 3887 4089 ’

2139 4185 2299 4239 νεέαν·
2359 4187 2407 4239 αἱ
2439 4183 2493 4239 δέ
2544 4183 2802 4261 θειότεραι
2848 4181 3093 4255 δυνάμεις
3128 4182 3262 4256 μετὰ
3316 4186 3422 4236 τῶν
3453 4182 3661 4237 οἰκείων
3709 4176 3800 4237 καὶ

2140 4276 2235 4337 τας
2296 4274 2578 4355 ὑφειμένοις
2611 4274 2707 4340 τῆς
2766 4275 2936 4329 αὐτῶν
2985 4270 3324 4337 τελειότητος
3377 4272 3517 4349 ἱερὰς
3577 4271 3802 4341 ἐπιστή-

2765 4352 2802 4384 ”
2835 4372 2996 4433 Ομως
3058 4359 3239 4429 ἐπειδὴ
3294 4361 3446 4417 θείων
3491 4362 3619 4416 εἰσὶν
3661 4360 3802 4440 ἔνερ-

2141 4461 2301 4530 γειῶν
2357 4454 2554 4519 εἰκόνες
2621 4457 2668 4509 αἱ
2726 4454 2986 4531 ἱερατικαὶ
3047 4450 3429 4526 διακοσμήσεις
3487 4456 3589 4516 τῆς
3647 4453 3801 4509 εὐκό-

2139 4385 2246 4440 μας
2291 4364 2700 4442 γιγνώσκουσιν.

413 4559 551 4602 men
580 4542 1000 4608 ecclesiasticae
1021 4546 1455 4628 descriptiones
1484 4546 1814 4607 divinarum
1848 4545 2043 4623 imagi-

2146 4567 2280 4619 σμου
2342 4548 2425 4600 καὶ
2484 4544 2787 4623 ἀσυγχύτου
2816 4543 2923 4598 τῶν
2979 4542 3131 4598 θείων
3164 4541 3440 4619 ἐνεργειῶν
3482 4540 3710 4613 τάξεως,
3744 4543 3798 4595 ἓν

416 4647 522 4691 nes
550 4640 689 4692 sunt
719 4633 1046 4707 actionum,
1083 4625 1240 4716 quod
1271 4637 1460 4698 ornati
1496 4633 1876 4716 distinctique
1907 4634 2043 4695 divi-

2145 4636 2360 4698 ἑαυταῖς
2420 4632 2680 4690 δεικνῦσαι
2712 4633 2807 4696 τὰς
2848 4630 3177 4708 τεταγμένας
3227 4630 3522 4705 ελλαμψεις
3569 4632 3642 4695 εἷς
3703 4630 3800 4691 τὰς

415 4738 624 4781 narum
657 4724 955 4785 actionum
992 4727 1222 4788 ordinis
1255 4736 1448 4787 certas
1488 4733 1763 4803 ratasque
1795 4725 2059 4785 illustra—

415 4810 607 4872 tiones
631 4811 691 4873 in
717 4831 782 4874 se
800 4814 1103 4888 exhibent,
1139 4822 1197 4875 in
1232 4815 1475 4895 primas,
1511 4822 1568 4875 et
1606 4812 1830 4875 medias
1862 4815 2059 4874 novis-

413 4898 719 4978 simasque
747 4921 944 4965 sacras
975 4904 1310 4965 functiones
1352 4913 1528 4985 atque
1561 4904 1804 4964 ordines
1846 4904 1902 4963 in
1937 4903 2063 4965 bie-

413 4990 704 5051 rarcbicis
762 4992 1248 5055 distinctionibus
1293 5002 1432 5054 sunt
1489 4991 1839 5068 diSIributaz,
1876 4994 2058 5073 quod,

422 5079 504 5140 uti
535 5079 680 5161 dixi,
715 5082 1045 5144 divinarum
1079 5084 1379 5144 actionum
1422 5082 1695 5144 ordinem
1727 5094 1902 5163 atque
1931 5084 2059 5143 dis-

418 5169 767 5233 tinctionem
792 5172 852 5232 in
880 5174 1223 5252 semetipsis
1254 5171 1557 5234 exhibent.
1590 5171 1734 5235 Cum
1769 5173 1927 5234 enim
1963 5173 2062 5234 illa

421 5276 657 5322 summa
704 5261 904 5323 Deitas
949 5270 1182 5324 mentes
1241 5280 1362 5337 eas,
1396 5262 1610 5342 quibus
1657 5280 1724 5324 se
1776 5262 2060 5343 insinuat,

421 5350 679 5432 primum
741 5351 966 5432 expiet,
997 5370 1066 5415 ac
1096 5351 1317 5416 deinde
1368 5352 1685 5426 illuminet,
1720 5360 1902 5431 atque
1933 5353 2064 5415 illu-

2144 4724 2356 4803 πρώτας
2415 4725 2503 4781 καὶ
2584 4722 2750 4798 μέσας
2823 4723 2911 4779 καὶ
2968 4721 3271 4786 τελευταίας
3326 4721 3471 4799 ἱερὰς
3530 4719 3801 4798 ἐνεργείας

2143 4817 2230 4872 καὶ
2305 4814 2501 4885 τάξεις,
2562 4812 2617 4868 ἐν
2672 4811 2990 4889 διακρίσεσιν
3062 4813 3400 4891 ἱερτρχικαῖς
3464 4809 3800 4889 ἐτάχθησαν,

2143 4905 2509 4979 ἔμφαίνουσαι,
2568 4903 2802 4970 καθάπερ
2879 4899 3034 4981 ἔφην,
3093 4901 3146 4956 ἑν
3204 4902 3419 4964 ἑαυταῖς
3481 4901 3588 4955 τῶν
3649 4901 3802 4955 θείων

2143 4994 2417 5071 ἐνεργειῶν
2478 4995 2538 5049 τὸ
2595 4990 2914 5070 τεταγμένον
2995 4991 3081 5046 καὶ
3142 4989 3498 5068 ἀσύμφυρτον,
3567 4985 3796 5055 Ἐπειδὴ

2144 5086 2243 5163 γὰρ
2299 5086 2333 5151 ἡ
2363 5088 2588 5163 θεαρχὶα
2616 5083 2734 5144 τοὺς
2768 5081 2822 5137 ἐν
2855 5084 2941 5144 οἷς
2990 5079 3052 5134 ἂν
3084 5079 3366 5157 ἐγγένήται
3400 5079 3524 5142 νόας
3585 5080 3799 5135 ἀποκα-

2142 5175 2304 5252 θαίρει
2366 5174 2594 5249 πρῶτον,
2630 5171 2754 5227 εἷτα
2813 5171 3048 5250 φωτίζει,
3100 5171 3185 5225 καὶ
3243 5167 3601 5248 φωτισθέντας
3663 5168 3800 5225 ἀπο·

2145 5262 2345 5320 νελειοτ
2401 5265 2531 5339 πρὸς
2586 5259 2790 5329 θεοειδῆ
2839 5258 3251 5337 τελεσιουργίαν,
3286 5260 3507 5323 εἰκότως
3557 5258 3594 5325 ἢ
3624 5260 3803 5338 ἱεραρ-

2145 5355 2282 5434 χικὴ
2334 5356 2440 5410 τῶν
2469 5354 2618 5410 θείων
2664 5351 2879 5410 εἱκόνων
2911 5347 2977 5401 68
3033 5352 3105 5414 εἷς
3137 5347 3545 5429 διακεκριμένοις
3600 5349 3798 5416 ἑαυτὴν

1755 5513 2018 5579 VARUE
2074 5511 2511 5580 LECTIONES.

499 5659 565 5711 65
592 5659 745 5738 πρὸς.
830 5655 900 5710 66
952 5655 1276 5739 pavori-uc,
1303 5652 1383 5719 M.
1420 5655 1526 5731 τῷν
1554 5656 1729 5733 ἱερῷν,
1764 5650 1828 5715 Ρ.
1864 5660 1922 5714 et
1955 5670 2087 5714 mox
2120 5653 2224 5729 τῷν
2253 5655 2406 5733 iean
2438 5652 2647 5732 ἆμιγῷς
2679 5671 2695 5728 ;
2726 5649 3085 5734 astipulatur
3110 5649 3221 5712 Ch.
3256 5647 3329 5716 Ι).
3416 5645 3482 5698 6⁷
3517 5647 3652 5730 πρὸς
3697 5647 3796 5728 τῷ,

425 5738 506 5810 Μ.
531 5745 597 5809 P.
655 5743 722 5796 es
749 5743 926 5824 εἰκών,
971 5738 1080 5804 Ch.
1116 5738 1186 5804 ι).
