4042 6448
271 366 391 437 509

1304 367 1400 430 DE
1447 367 1741 431 EGCLES.
1791 368 2248 442 HIERARCH.,
2298 370 2465 432 CAP.
2529 369 2605 433 V.

3557 366 3675 437 510

264 503 466 587 διαιρεῖ
520 504 695 572 τάξεις
726 526 783 563 τε
844 504 933 562 καὶ
992 502 1261 580 δυνάμεις,
1308 502 1540 581 ἐναργῶς
1572 503 1919 563 ὑποδεικνῦσα

2020 510 2219 568 stratas
2243 506 2482 569 demum
2508 506 2579 568 ad
2595 504 2948 569 deiformem
2977 506 3295 589 quamdam
3324 516 3672 589 promoveat

264 599 363 662 τὰς
409 596 701 677 θεαρχικέις
746 595 1007 675 ἐνεργείας
1061 595 1113 651 ἐν
1163 596 1586 673 παναγεστάταις
1645 597 1731 652 καὶ
1788 596 1919 671 ἆμι-

2020 595 2466 675 perfectionem,
2497 606 2659 661 recte
2684 615 2852 661 sacer
2874 598 3042 673 ordo,
3078 599 3179 679 qui
3202 600 3419 662 divinis
3452 600 3669 682 prmesl

264 690 387 767 γέσι
461 688 671 753 τάξεσιν
742 688 1004 748 εὔσταθῶς
1076 686 1163 741 καὶ
1233 684 1546 764 ἀσυγχῦτως
1617 686 1922 752 ἑστηκυίας,

262 776 423 835 Ἀλλ’
477 775 661 844 ἒπειδὴ
690 777 784 841 τὰς
828 776 1091 855 ἱερατικὰς
1144 773 1315 839 τάξεις
1364 797 1421 831 τε
1454 775 1541 830 καὶ
1600 775 1933 851 ἀποπληρώ-

263 892 377 932 om;
407 868 496 948 69³
528 867 779 943 δυνάμεις
843 888 899 923 τε
952 866 1122 922 αὒτῶν
1174 868 1261 922 καὶ
1292 864 1553 944 ἐνεργείας
1612 867 1929 945 ειρήκαμεν,

261 963 341 1026 ὡς
394 963 535 1029 ἡμῖν
566 960 803 1039 ἐφικτὸν⁷
838 959 925 1015 καὶ
974 958 1067 1020 τὰς
1120 956 1407 1035 ἱερωτάτοις
1459 955 1659 1035 αὖτιῖον³
1691 958 1764 1019 ὡς
1816 959 1929 1012 οἷοί

261 1051 323 1107 τὲ
355 1052 539 1126 ἐσμεν.
580 1048 995 1124 ἐποπτεύσωμεν
1031 1046 1355 1109 τελειώσεις.

2016 685 2399 768 imaginibus,
2426 688 2484 748 in
2516 688 2783 749 diversos
2805 689 3195 769 semetipsum
3220 690 3459 752 ordines
3489 692 3672 753 virtu-

2017 782 2225 855 tesque
2278 777 2633 858 distinguit;
2702 789 2903 858 aperte
2961 779 3399 854 demonstrans,
3438 781 3669 846 divinas

2015 864 2146 926 illas
2160 868 2488 946 praecipuas
2503 868 2769 929 actiones
2804 870 2857 929 in
2874 868 3267 931 sanctissimis
3301 870 3669 950 purissimis-

2016 973 2130 1033 que
2162 957 2481 1018 ordinibus
2509 966 2853 1019 constanter
2886 959 3284 1040 distincteque
3315 961 3665 1025 consistere.

2013 1044 2129 1105 Sed
2152 1047 2432 1126 quoniam
2466 1048 2845 1109 sacerdotum
2865 1049 3108 1110 ordines
3140 1068 3208 1111 ac
3234 1052 3454 1125 munia,
3482 1052 3673 1115 virtu-

265 1149 483 1223 tesque
514 1156 721 1201 eorum
755 1146 813 1199 et
843 1136 1107 1199 actiones
1171 1155 1277 1218 pro
1329 1134 1482 1198 virili
1543 1134 1952 1217 exposuimus,
1986 1136 2421 1200 sacratissimas
2451 1139 2634 1201 etiam
2687 1158 2892 1201 eorum
2927 1141 3433 1219 consecrationes,
3471 1143 3668 1221 quoad

262 1248 607 1313 possumus,
638 1227 1119 1293 consideremus.

538 1404 604 1457 II.
654 1393 954 1469 Μυστήριον
987 1394 1266 1470 ἱερατικῶν
1313 1392 1648 1455 τελειώσεον,

2093 1391 2161 1448 II.
2188 1393 2512 1466 Mysterium
2542 1393 2968 1452 consecrationis
2996 1409 3283 1452 sacrorum
3311 1395 3572 1452 ordinum.

346 1520 409 1581 Ὀ
466 1523 565 1597 μὲν
622 1521 901 1601 ἱεράρχης,
960 1522 1045 1578 ἐπὶ
1104 1523 1202 1589 τὴν
1271 1522 1586 1602 ἱεραρχικὴν
1654 1522 1926 1578 τελείωσιν

2020 1524 2279 1586 Pontifex
2328 1525 2569 1606 quidem
2627 1527 2726 1602 qui
2778 1525 2847 1585 ad
2913 1525 3279 1605 pontiﬁciam
3341 1543 3665 1586 consecra-

260 1613 699 1691 προσαγόμενος,
738 1612 899 1690 ἄμφω
954 1613 1031 1668 τὼ
1082 1610 1211 1667 πόδε
1255 1610 1435 1676 κλίνας
1490 1614 1804 1689 ἒπίπροσθεν
1836 1622 1928 1671 τοῦ

2020 1617 2239 1678 tionem
2265 1625 2353 1677 est
2384 1624 2624 1679 evectus
2657 1624 2911 1695 utroque,
2928 1634 3081 1690 genu
3116 1617 3267 1675 ﬂexo
3294 1627 3431 1678 ante
3453 1618 3663 1695 altare,

261 1703 643 1780 θυσιαστηρίου
702 1702 786 1776 70,
832 1702 915 1759 ἐπὶ
973 1700 1213 1781 κεφαλῆς
1269 1702 1385 1781 ἔχει
1446 1702 1511 1758 τα
1568 1700 1926 1779 θεοπαράδοτα

2020 1724 2192 1786 supra
2225 1706 2607 1784 caputliabet
2640 1707 2979 1785 Scripturas
3010 1726 3041 1767 a
3075 1708 3194 1767 Deo
3228 1704 3499 1783 traditas,
3535 1725 3665 1767 ma-

261 1795 450 1871 Αόγια,
514 1793 607 1849 καί
665 1794 764 1860 τὴν
828 1796 1145 1872 ἱεραρχικῆν
1205 1808 1394 1873 χεῖρα,
1454 1794 1541 1849 καὶ
1612 1796 1782 1868 τούτῳ
1855 1800 1929 1867 τῷ

2020 1813 2279 1876 numque
2325 1795 2645 1875 pontiﬁcis,
2673 1804 2850 1875 atque
2896 1796 3008 1855 hoc
3067 1794 3240 1855 modo
3284 1814 3317 1855 a
3361 1796 3663 1876 pontiﬁce,

260 1885 452 1962 τρὸπώ
507 1885 638 1962 πρὸς
669 1891 761 1940 τοῦ
790 1882 1070 1949 τελοῦντος
1131 1886 1288 1940 αὑτὸν
1320 1884 1571 1963 ἱεράρχύου
1601 1883 1727 1948 ταῖς
1787 1906 1929 1940 παν-

262 1976 596 2053 αγεστάταις
642 1974 987 2044 ἐπικλήσεσιν
1040 1972 1466 2036 ἀποτελειοῦται,
1520 1972 1579 2031 Ὀ
1629 1972 1683 2029 δὲ
1737 1975 1925 2054 ἱερεὺς,

262 2066 433 2146 ἄμφω
470 2067 548 2122 τὼ
596 2063 723 2122 πόδε
754 2064 936 2128 κλίνας
983 2064 1293 2141 ἐπίπροσθεν
1327 2072 1417 2122 τοῦ
1446 2065 1583 2122 Οείοδ
1633 2070 1928 2131 Οδσιαστη-

263 2158 403 2235 ρίου,
459 2156 545 2212 ἐπὶ
598 2154 834 2235 κεφαλῆς
892 2155 1011 2235 ἔχει
1070 2156 1168 2222 τὴν
1230 2156 1547 2235 ἱεραρχνκὴν
1603 2154 1798 2229 δεξιάν,
1843 2156 1930 2212 καὶ

261 2247 444 2320 τούτῳ
492 2247 569 2309 τῷ
601 2248 782 2325 τρόπῳ
826 2248 958 2323 πρὸς
1007 2252 1095 2303 τοῦ
1156 2246 1432 2309 τελοῦντος
1465 2248 1620 2303 αὐτὸν
1678 2245 1931 2325 ἱερείρχου

262 2350 393 2399 ταῖς
433 2339 728 2410 ἷεροποιοϊς
760 2335 1105 2406 ἐπικλήσεσιν
1164 2338 1471 2413 ἁγιάζεται.
1508 2336 1567 2394 Ὀ
1600 2334 1654 2392 δὲ
1688 2335 1929 2413 λειτοῦρ-

263 2429 391 2506 γὸς,
426 2427 515 2483 ἕνα
548 2440 667 2484 τοῖν
698 2424 889 2483 ποδοῖν
942 2426 1121 2489 κλίνας
1154 2427 1464 2505 ἐπίπροσθεν
1500 2434 1589 2482 τοῦ
1640 2427 1779 2485 θείου
1836 2430 1928 2482 θυ-

260 2518 603 2597 σιαστηρίου,
678 2517 762 2572 ἐπὶ
823 2517 1059 2595 κεφαλῆς
1139 2517 1257 2596 ἔχει
1334 2517 1432 2584 τὴν
1488 2524 1578 2573 τοῦ
1655 2515 1930 2580 τελοῦντος

261 2610 428 2667 αὑτὸν
490 2609 743 2687 ἱεράρχου
805 2606 998 2687 δεξιὰν,
1050 2606 1416 2681 τελειοῦμενος
1473 2607 1556 2663 ὕπ’
1590 2609 1746 2663 αὐτοῦ
1808 2622 1930 2672 ταῖς

258 2700 373 2756 τῶν
450 2697 778 2777 λειτουργῶν
838 2698 1176 2759 τελεστὶκαϊς
1242 2697 1610 2767 ἑπικλίίσεσιδ.
1689 2696 1932 2769 Ἐκάστῳ

259 2788 313 2846 δὲ
384 2791 563 2846 aii—.th
608 2792 641 2857 ἡ
705 2788 1046 2867 σταυροειδὴς
1109 2788 1483 2863 ἐνσημαίνεται
1526 2788 1657 2865 πρὸς
1689 2794 1780 2843 τοῦ
1838 2809 1931 2844 τε-

258 2880 490 2945 λοῦντος
552 2880 803 2959 ἱεράρχου
862 2881 1110 2959 σφραγὶς,
1172 2881 1259 2935 καὶ
1312 2878 1427 2935 καθ’
1488 2877 1711 2935 ἕκαστον
1769 2877 1935 2952 ἆνάῤ-

257 2972 425 3049 ῥησις
458 2970 575 3049 ἱερὰ
606 2970 865 3050 γίγνεται,
902 2970 990 3024 καὶ
1029 2967 1391 3042 τελειωτικὸς,
1426 2969 1731 3043 ἀσπασμὸς,
1766 2967 1935 3024 ἀσπα-

2016 1885 2117 1965 qui
2142 1885 2333 1965 ipsum
2360 1895 2693 1959 consecrat,
2716 1884 3111 1947 sanctissimis
3143 1885 3667 1963 adprecationibus

2014 1983 2422 2038 consecratur.
2472 1977 2766 2038 Sacerdos
2797 1994 2939 2036 vero
2975 1984 3229 2055 utroque
3264 1976 3485 2055 poplite
3532 1984 3668 2037 ante

2013 2065 2196 2127 altare
2224 2068 2401 2139 ﬂexo,
2428 2065 2487 2126 in
2521 2066 2712 2146 capite
2758 2065 2934 2127 habet
2964 2065 3233 2126 dextram
3269 2065 3586 2144 pontiﬁcis,
3613 2074 3671 2127 et

2015 2156 2128 2218 hoc
2162 2156 2336 2216 modo
2376 2155 2449 2217 ab
2484 2157 2585 2218 illo
2632 2156 2937 2234 pontiﬁce,
2974 2155 3071 2234 qui
3106 2154 3272 2215 illum
3333 2163 3660 2231 consecrat,

2014 2246 2235 2307 sanctis
2253 2246 2726 2307 invocatiouibus
2749 2246 3277 2307 consecratur.Por
3294 2263 3359 2304 ro
3377 2244 3663 2307 diaconus

2016 2338 2151 2396 257
2178 2354 2358 2397 unum
2383 2354 2535 2411 genu
2560 2337 2805 2397 ﬂectens
2837 2342 2974 2394 ante
2999 2333 3263 2393 divinum
3279 2333 3463 2394 altare
3487 2352 3667 2413 supra

2016 2436 2196 2505 caput
2217 2425 2396 2486 habet
2413 2424 2680 2488 dextram
2702 2423 3000 2503 pontiﬁcis
3019 2422 3212 2503 ipsum
3237 2425 3666 2505 consecrantis,

2017 2525 2072 2578 et
2089 2515 2161 2577 ab
2177 2536 2245 2577 eo
2264 2524 2644 2576 consecratur
2668 2513 3145 2575 invocationibus
3160 2511 3231 2573 ad
3259 2512 3666 2574 ministrorum

2015 2605 2526 2667 consecrationem
2572 2602 3062 2665 accommodatis.
3116 2602 3441 2681 Unicuique
3471 2614 3668 2663 autem

2019 2715 2223 2757 eorum
2250 2696 2479 2773 signum
2503 2694 2695 2756 crucis
2716 2700 3151 2755 aconsecrante
3170 2692 3445 2770 pontiﬁce
3464 2692 3673 2772 impri-

2021 2786 2221 2847 mitur.
2257 2795 2313 2846 et
2343 2785 2598 2863 singulis
2630 2794 2833 2847 sancta
2866 2783 3205 2861 praedicatio
3233 2782 3671 2863 perﬁciensque

2018 2876 2297 2939 salutatio
2330 2874 2673 2955 adhibetur,
2700 2876 2933 2936 cunctis
2965 2872 3357 2955 praesentibus
3392 2872 3673 2935 ecclesia-

2018 2967 2334 3039 cticis,una
2366 2985 2498 3027 cum
2528 2965 2808 3045 pontiﬁce
2829 2961 3672 3038 consecrante,comalutanti-

258 3061 497 3135 ζομένου
583 3061 781 3123 παντὸς
876 3061 1142 3137 ἱερατικοῦ
1236 3059 1492 3134 παρόντος
1564 3056 1773 3139 ἀνδρὸς,
1846 3060 1929 3114 καὶ

2021 3056 2133 3119 bus
2183 3056 2347 3117 illum
2382 3056 2485 3136 qui
2518 3058 2575 3117 in
2622 3055 2885 3133 aliquem
2934 3055 3227 3117 dictorum
3262 3052 3536 3114 ordinum
3583 3072 3671 3116 sa-

263 3160 357 3209 τοῦ
418 3152 739 3216 τελέσαντος
769 3153 1019 3230 ἱεραρχου
1076 3150 1169 3206 τὸν
1200 3151 1328 3228 πρὸς
1390 3171 1439 3206 τι
1471 3153 1577 3206 τῶν
1636 3148 1926 3228 εἰρημένων

262 3244 553 3324 ἱερατικῶν
591 3242 874 3322 ταγμάτων
904 3238 1345 3299 ἀποτελεσθέντα.
1450 3236 1457 3247 ’

918 3376 1010 3427 III.
1059 3368 1281 3447 Θεωρία.

2017 3165 2256 3210 crorum
2290 3154 2381 3209 est
2403 3154 2737 3228 cooptatus.

2562 3368 2653 3426 ΙΙΙ.
2698 3369 3108 3442 Contemplatio.

1918 3468 2049 3548 §I.

353 3629 521 3690 Κοινά
566 3632 664 3705 μὲν
701 3630 809 3686 ἔστι
872 3629 993 3691 τοῖς
1047 3629 1322 3707 ἱεραρχαις
1354 3648 1410 3682 τε
1470 3628 1557 3681 γαὶ
1600 3628 1789 3705 ἱερεῦσι
1847 3630 1933 3684 καὶ

264 3722 617 3799 λειτουργοῖς
671 3723 723 3777 ἓν
754 3732 876 3781 ταῖς
932 3721 1228 3795 ἱερατικαῐς
1287 3716 1459 3772 αὖτῶν
1501 3715 1839 3774 τελειώσεσιν
1898 3722 1932 3785 ἡ

262 3835 402 3890 προς
449 3814 513 3867 τὸ
545 3815 690 3867 θεῖον
738 3809 1107 3883 θυσιαστήριον
1140 3810 1497 3885 προσαγωγὴ,
1533 3807 1618 3861 καὶ
1676 3808 1934 3863 ὑπόπτως

266 3927 374 3977 σις’
408 3905 445 3970 ἦ
496 3900 591 3967 τῆς
619 3900 937 3978 ἱεριιρχικῆς
968 3898 1154 3977 χειρὸς
1213 3896 1463 3967 ἐπιθεσις,
1503 3897 1536 3963 ἡ
1597 3896 1932 3973 σταυροειδῇς

261 3994 516 4073 σφραγὶς,
592 3993 626 4058 ἡ
700 3988 1029 4066 ἀνάῤῥησις,
1108 3990 1135 4043 ὁ
1201 3985 1541 4050 τελειωτικὸς
1624 3987 1926 4062 ἀσπίσμίς

263 4084 507 4161 ἐξαίρετα
562 4078 617 4136 δὲ
671 4081 758 4136 καὶ
817 4078 1036 4157 ἕκκριτα
1094 4089 1212 4139 τοῖς
1264 4077 1540 4156 ἱεράρχαις
1601 4078 1697 4153 μὲν
1729 4081 1763 4145 ἡ
1825 4084 1932 4133 τῶν

261 4174 463 4251 λογίων
526 4170 612 4226 ἐπὶ
683 4167 925 4248 κεφαλῆς
988 4166 1249 4245 ἐπιθεσις,
1315 4168 1408 4222 οὐκ
1478 4166 1718 4246 ἐχόντων
1777 4176 1929 4225 τοῦτο

260 4272 373 4321 τῶν
409 4260 709 4342 ὑνρειμένων
761 4257 1073 4335 ταγμάτων
1108 4270 1226 4319 τοῖς
1260 4254 1313 4311 δὲ
1358 4258 1607 4332 ἱερεῦσιν,
1642 4258 1676 4324 ἡ
1729 4258 1929 4333 ἀμφοῖν

260 4368 387 4411 τοῖν
448 4349 639 4407 ποδοῖν
686 4347 880 4423 γλίσις,
916 4349 1012 4405 οὒκ
1072 4348 1307 4426 ἐχούσης
1353 4354 1509 4402 τοῦτο
1552 4352 1650 4413 τῆς
1686 4353 1792 4403 τῶν
1825 4346 1933 4402 λει-

2101 3624 2455 3689 Communia
2472 3622 2710 3702 quidem
2730 3626 2945 3684 suntet
2971 3618 3438 3699 pontiﬁcibus,et
3459 3635 3666 3679 sacer-

2018 3718 2335 3787 dotibus,et
2368 3712 2653 3774 ministris
2678 3730 2809 3772 cum
2827 3721 3565 3782 consecrantur,accessus
3596 3706 3667 3767 ad

2017 3807 2279 3869 divinum
2313 3804 2527 3881 altare,
2562 3820 2817 3880 genuum
2856 3801 3053 3871 ﬂexio,
3090 3798 3403 3879 pontiﬁcim
3463 3815 3673 3857 manus

2018 3893 2556 3976 impositio,crucis
2588 3890 2926 3969 impressio,
2949 3889 3317 3968 praedicatio,
3350 3887 3670 3966 perﬁciens

2016 3988 2287 4049 salutatio
2327 4004 2341 4059 ;
2376 3988 2671 4063 praecipua
2701 3998 2841 4043 vero
2892 3990 2947 4041 et
2976 3979 3275 4059 episcopis
3304 3976 3543 4057 propria
3586 3985 3673 4037 est

2017 4077 2455 4157 Scripturarum
2491 4090 2670 4151 supra
2689 4071 3203 4150 caputimpositio,
3235 4070 3390 4148 quod
3421 4066 3670 4157 inferio-

2014 4186 2113 4230 res
2136 4156 2379 4227 ordines
2398 4182 2513 4222 non
2540 4156 3213 4230 liabent;sacerdotibus
3242 4164 3434 4218 autem
3459 4156 3673 4216 utrius-

2015 4275 2130 4336 que
2175 4252 2342 4333 pedis
2378 4250 2704 4322 inclinatio,
2742 4268 2856 4329 quo
2891 4256 3053 4309 caret
3096 4244 3465 4336 consecratio
3501 4243 3671 4304 mini-

2016 4332 2297 4416 strorum,
2338 4339 2595 4402 ministri
2646 4339 2831 4412 enim,
2867 4347 2928 4398 ut
2977 4336 3198 4397 dictum
3260 4343 3369 4411 est,
3409 4332 3661 4394 alterum

262 4444 509 4523 τουργῶν
566 4438 918 4499 τελειώσεως’
957 4439 1003 4494 οἱ
1058 4439 1157 4515 γὰρ
1211 4435 1529 4513 λειτουργυὶ,
1563 4438 1736 4503 καθὼς
1769 4439 1929 4516 εἴρη-

2020 4442 2251 4497 tantum
2283 4450 2433 4511 genu
2483 4431 2753 4491 ﬂectunt.

262 4560 380 4611 ται,
413 4535 501 4590 τὸν
539 4530 631 4588 ἕνα
660 4528 927 4587 κλίνουσιν
956 4541 1073 4584 τοῖν
1105 4524 1292 4584 ποδοὶν
1322 4526 1509 4602 μόνον,

1905 4632 1933 4712 §
1968 4632 2040 4695 ιι.

350 4775 416 4831 Ἢ
472 4776 571 4849 μὲν
621 4774 709 4831 οὖν
750 4774 834 4830 ἐπὶ
868 4775 925 4830 τὸ
988 4776 1133 4829 θετον
1175 4772 1547 4847 θυσιαστήριον
1606 4791 1774 4847 προσα
1792 4768 1931 4845 (ωγή

261 4868 355 4923 καὶ
387 4866 696 4928 ῦπὸπτωσις
758 4864 1045 4920 αἰνίσσεται
1082 4883 1209 4917 πασι
1255 4874 1373 4924 τοῖς
1419 4861 1693 4938 ἱερατικὼς
1743 4857 1929 4913 τελου-

264 4957 480 5029 μένοις,
540 4956 841 5014 ὑποτιθέναι
903 4951 1128 5009 καθόλου
1187 4950 1237 4995 ’ῖί
1300 4949 1601 5028 τελετάρχῃ
1666 4955 1782 5021 Θεῷ
1833 4948 1931 5013 τὴν

263 5047 467 5104 οἷκείαν
530 5047 694 5125 ζωὴν,
729 5047 814 5101 καὶ
872 5045 972 5109 τὴν
1022 5043 1221 5097 ἑαυτῶν
1282 5041 1464 5118 νοερὰν
1497 5039 1753 5110 ὀλότητα,
1788 5038 1926 5093 πάν-

262 5158 433 5213 αγνον
520 5137 663 5209 αὒτῷ
743 5136 831 5191 καὶ
899 5130 1298 5211 καθιερωμένην
1383 5142 1772 5208 προσαγαγεῖν,
1840 5128 1925 5182 καὶ

261 5224 491 5301 ἱμοειδῆ
543 5225 622 5298 73,
656 5226 767 5298 καὶ,
801 5227 874 5286 ὡς
931 5222 1169 5299 Ῡῧυναυὸν³
1203 5219 1348 5285 ἀξίαν
1410 5220 1569 5275 οὖσαν
1619 5221 1709 5275 τοῦ
1763 5222 1925 5293 θεαρ-

260 5325 433 5397 χικοῦ
491 5317 579 5371 καὶ
638 5314 1043 5391 παναγεστάτου
1104 5312 1192 5365 καὶ
1244 5309 1429 5386 ἱερείου
1486 5311 1572 5365 καὶ
1632 5313 1925 5372 θυσιαστη-

263 5394 380 5486 ρίου
432 5404 495 5454 75
540 5413 631 5463 τοῦ
685 5404 1049 5481 καθιεροῦντος
1091 5403 1366 5480 ἱερατικῶς
1426 5399 1545 5464 τοὺς
1598 5396 1845 5459 θεοειόεῗς
1877 5394 1931 5437 ἠ

262 5499 417 5564 νόας.

2096 4766 2298 4846 Itaque
2328 4782 2609 4827 accessus
2642 4762 2739 4823 ille
2764 4761 2833 4823 ad
2868 4758 3128 4821 divmum
3164 4757 3347 4818 altare
3378 4771 3668 4846 genuum-

2015 4875 2131 4937 que
2167 4842 2340 4917 ﬂexio
2374 4855 2632 4914 insinuat
2663 4850 2941 4912 omnibus
2991 4848 3059 4909 iis
3088 4853 3183 4927 qui
3218 4853 3403 4906 sacris
3449 4842 3671 4937 ordini-

2014 4933 2126 5007 bus
2146 4946 2470 5017 initiantur,
2490 4946 2666 5003 vitam
2705 4942 3004 5021 propriam
3032 4938 3172 5011 Deo,
3200 4933 3670 4997 consecrationis

2012 5035 2263 5109 auctori,
2293 5034 2528 5115 penitus
2556 5029 3015 5109 subjiciendam,
3052 5045 3159 5087 nec
3196 5045 3309 5085 non
3345 5022 3668 5104 spiritalem

2014 5124 2413 5204 integritatem
2462 5121 2705 5182 omnino
2763 5138 2966 5200 puram
3033 5123 3460 5204 purgatamque
3493 5120 3668 5204 atque

2013 5201 2369 5275 uniformem
2399 5210 2763 5273 oﬂ'erendam
2784 5228 2939 5278 esse,
2973 5216 3057 5277 ut,
3087 5226 3165 5282 qu
3191 5211 3372 5264 intum
3399 5201 3525 5263 ﬁeri
3553 5219 3666 5281 po-

2013 5311 2146 5375 test,
2185 5302 2363 5381 digna
2411 5301 2485 5361 sit
2516 5298 2713 5360 divino
2768 5297 2989 5378 templo
3038 5305 3098 5356 et
3140 5292 3309 5355 altari
3367 5295 3515 5371 ejus,
3553 5289 3664 5371 qui

2012 5393 2292 5455 sanctiori
2324 5391 2551 5453 ratione
2584 5389 2904 5451 deiformes
2940 5393 3169 5448 mentes
3196 5387 3537 5444 consecrat.

1606 5566 1858 5632 VABl/E
1890 5562 2325 5629 LECTlONES.

340 5685 406 5735 63
438 5683 871 5749 ἀπονριληοώτεις,
934 5682 996 5731 70
1030 5684 1087 5738 το
1118 5682 1257 5739 θείου
1294 5681 1505 5751 θησίας,
1545 5678 1653 5741 Cll.
1692 5676 1758 5739 Π.
1821 5674 1870 5717 τί
1907 5672 2049 5738 add.
2086 5679 2182 5747 τῷ.
2244 5670 2302 5721 ’τί
2334 5669 2552 5733 desunt
2584 5669 2708 5732 haec
2740 5666 2800 5728 in
2832 5664 2892 5730 S.
2924 5670 2982 5728 et
3012 5664 3081 5726 Ρ.
3114 5662 3167 5706 ⁷³
3199 5662 3286 5717 lui
3316 5661 3454 5741 ἱεροῦ
3484 5664 3672 5717 eum”

257 5770 504 5849 στηρίου,
541 5763 605 5829 S.
636 5763 701 5829 Ρ.
735 5763 808 5829 D.
956 5763 1157 5829 θείους,
