4072 6460
479 330 596 402 523
636 362 641 367 ·

1584 354 1591 361 “
1632 336 1694 405 S.
1752 336 2095 407 DIONYSII
2148 330 2680 404 AREOPAGITE.

3748 325 3866 403 524

478 472 838 555 perordines
860 472 973 535 sibi
1003 472 1276 538 subditos
1302 478 1837 558 cperetur,quibus
1866 476 2119 559 praebuit

2208 486 2447 557 γοῠντος,
2482 483 2566 541 οἷς
2601 480 2688 535 καὶ
2738 478 2980 557 παρέσχε
3010 477 3109 546 τὴν
3146 475 3365 551 δύναμιν
3392 480 3485 532 τοῦ
3514 481 3681 531 ταῦτα
3713 474 3865 553 ἐνερ-

476 576 828 649 potestatem
848 569 972 631 haec
1001 570 1507 649 agendi(r37tdmuc
1534 573 1694 634 enim
1714 582 1882 635 vocat
1913 591 2125 634 omnes

476 660 839 738 ordines,uti
854 662 1029 742 paulo
1051 678 1179 744 post
1201 663 1500 745 explicat);
1534 672 1794 727 attamen
1829 665 2126 746 przecipue

476 752 764 832 pontiﬁci,
804 753 887 814 uti
918 754 1170 834 ipsemet
1200 760 1466 835 peragat,
1503 762 1561 817 et
1584 774 1701 818 non
1736 774 1845 835 per
1872 756 2124 817 aliorum

473 841 1185 923 ministerium,attributa
1207 850 1298 905 est
1328 851 1613 922 unguenti
1643 845 2127 920 sanctiﬁcatio,et

475 932 682 994 altaris
704 932 1098 1013 consecratio,
1133 940 1190 993 et
1225 934 1771 996 ecclesiasticorum
1805 935 2123 1017 ordinatio,

475 1040 609 1103 qua:
628 1023 806 1084 etiam
832 1022 1221 1105 perfectionis
1246 1024 1576 1085 effectrices
1600 1024 1891 1102 imagines
1910 1025 2127 1088 divinae

474 1113 784 1193 potestatis
814 1112 1084 1175 vocavit:
1119 1113 1213 1174 hae
1234 1113 1395 1174 enim
1423 1123 1560 1175 sunt
1590 1133 1725 1196 quae
1747 1116 2128 1178 divinissima

471 1219 723 1283 quasque
753 1201 1024 1282 symbola
1048 1201 1524 1283 perficiunLNisi
1551 1205 1709 1266 enim
1736 1204 1815 1267 sit
1839 1224 2119 1285 unguen-

472 1291 747 1367 tum,nisi
770 1292 843 1353 sit
859 1291 1221 1374 altare,nisit
1244 1293 1318 1354 sit
1347 1293 1488 1354 2455
1517 1312 1787 1356 summus
1811 1296 2116 1373 sacerdos,

472 1381 619 1444 nihil
647 1382 827 1445 etiam
847 1382 1008 1464 quod
1031 1383 1108 1444 sit
1132 1386 1397 1446 muneris
1420 1383 1806 1447 sacerdotalis
1835 1386 2118 1465 perﬁcie-

474 1480 589 1534 tur.
631 1471 879 1553 Deinde,
907 1491 976 1534 ac
1005 1472 1055 1534 si
1089 1472 1224 1553 quis
1254 1472 1571 1554 objiceret,
1608 1476 1910 1554 quomodo
1938 1475 2115 1538 etiam

469 1562 764 1643 baptisma
795 1579 902 1643 per
918 1561 1261 1625 sacerdotes
1283 1564 1543 1627 conferri
1569 1570 1781 1646 possit,
1806 1564 2121 1648 ait,neque

470 1654 584 1715 hoc
597 1653 774 1715 etiam
792 1652 1054 1735 perfecte
1086 1671 1194 1733 per
1213 1673 1279 1716 se
1302 1654 1674 1717 sacerdotem
1704 1657 2113 1736 operari;nam

473 1750 531 1805 et
557 1742 773 1805 antiste
796 1760 948 1822 opus
969 1744 1105 1817 erit,
1139 1752 1205 1807 ut
1234 1753 1537 1824 unguento
1565 1752 1812 1824 inungat
1845 1746 2116 1828 baptiza-

2210 583 2327 645 γεῖν
2358 568 2653 648 (ὁλότητας
2685 569 2784 648 γαρ
2816 570 2992 631 πασας
3027 569 3120 631 τὰς
3181 567 3357 632 τάξεις
3390 568 3579 646 φησὶν,
3611 568 3687 629 ὡς
3718 567 3866 629 εὐθὺς

2210 657 2607 736 ὲπεξηγεϊται)·
2671 658 2808 721 τέως
2864 656 2917 713 δὲ
2966 658 3118 733 ὅμως
3173 656 3456 734 ἒξαιρέτως
3514 663 3592 730 τῷ
3635 657 3869 737 ἱεριαρχῇ

2210 750 2341 827 πρὸς
2375 750 2710 826 αὒεουργίαν,
2770 749 2857 805 διαὶ
2915 749 2974 804 οὒ
3031 746 3117 803 διὰ
3160 751 3256 813 τῆς
3301 747 3496 823 ἑτέρων
3543 747 3865 825 ὑπουργίας,

2209 838 2518 917 ἀποκεκλήρ
2536 847 2654 894 om
2699 840 2727 893 ὃ
2758 848 2849 897 τοῦ
2878 838 3041 915 μύρου
3098 838 3386 916 ἁγιασμὸς,
3533 844 3624 892 τοῦ
3672 839 3865 894 θυσια-

2210 929 2427 1009 στηρίου
2459 928 2797 1004 καθιέρωσις,
2834 929 2922 985 καὶ
2950 929 2984 997 ἡ
3016 934 3122 983 τῶν
3183 930 3461 1005 ίερατικῶν
3525 927 3863 1007 χειροτονία,

2208 1020 2362 1075 ἅτινα
2386 1020 2471 1075 καὶ
2515 1018 2919 1096 τελεσιουργοὺς
2967 1019 3174 1081 εἰκόνας
3231 1022 3331 1085 τῆς
3386 1018 3527 1080 Θείας
3585 1014 3865 1091 δυνάμεως

2208 1110 2559 1166 ἀπεκάλεσενο
2626 1107 2776 1165 αὗταὶ
2834 1109 2935 1185 γὰρ
2983 1109 3112 1164 εἰσιν
3147 1109 3198 1163 αἱ
3228 1106 3636 1164 ὰποτελειοῦσαι
3686 1107 3865 1163 πάντα

2204 1201 2270 1257 τὰ
2297 1198 2545 1257 θειότατα
2579 1195 2840 1274 σύμϐολα,
2880 1199 2935 1255 Εἰ
2966 1199 3067 1276 γὰρ
3094 1198 3172 1272 μὴ
3223 1200 3411 1276 μύρον,
3447 1198 3491 1254 εἰ
3536 1198 3613 1272 μή
3671 1200 3862 1253 Θυσια-

2204 1292 2445 1370 στήριον,
2487 1292 2535 1348 εὶ
2582 1290 2660 1365 μὴ
2693 1289 2996 1369 ἀρχιερεὺς,
3030 1288 3124 1345 οὒκ
3156 1288 3216 1344 ἄν
3249 1311 3298 1344 τι
3329 1289 3594 1366 ἱερατικὸν
3626 1287 3863 1365 ἐνεργη-

2201 1383 2443 1453 Οήσεται,
2508 1380 2645 1438 Εἶτα
2702 1378 2882 1456 ὥσπερ
2938 1380 3081 1443 τινὸς
3139 1378 3620 1458 ἀνθυποφέροντος,
3655 1375 3862 1435 ὅτικαὶ

2203 1478 2318 1535 πῶς
2350 1471 2629 1547 βάπτισμα
2677 1467 2761 1526 διὰ
2818 1476 2925 1526 τῶν
2983 1469 3164 1547 ἱερέων
3209 1467 3476 1547 τελεῖται,
3540 1490 3728 1549 φησιν,
3779 1466 3861 1523 ὅτι

2204 1559 2319 1619 οὗδὲ
2350 1573 2507 1621 τοῦτο
2565 1559 2779 1626 τελείως
2828 1558 3039 1638 ἐνεργεῖ
3073 1562 3100 1616 ὁ
3131 1557 3506 1638 πρεσϐύτερος
3568 1558 3727 1638 χρεία
3759 1558 3861 1636 γὰρ

2202 1662 2295 1711 τοῦ
2325 1651 2621 1731 ἀρχιερέως
2653 1651 2829 1730 ἔσται,
2864 1652 2935 1715 εἰς
2967 1650 3030 1706 τὸ
3090 1662 3282 1729 χρῖσαι
3346 1652 3421 1723 τῷ
3453 1649 3600 1728 μύρῳ
3633 1650 3725 1705 τὸν
3755 1648 3860 1724 βα-

2203 1742 2486 1799 πτισθέντα
2558 1740 2693 1808 αὕτη
2726 1741 2824 1819 γὰρ
2853 1740 2918 1808 ἦν
2960 1742 2994 1807 ἠ
3054 1739 3257 1819 ἀρχαία
3303 1741 3583 1809 συνήθεια.
3650 1744 3771 1803 Πῶς
3802 1736 3862 1794 δὲ

473 1832 924 1915 tum,siquidem
952 1833 1078 1895 haec
1103 1833 1348 1914 antiqua
1370 1843 1497 1896 erat
1530 1826 2081 1910 consuetudoiQuo

2210 1834 2292 1888 καὶ
2326 1834 2353 1900 ᾗ
2384 1832 2496 1888 Θεία
2526 1833 2771 1887 κοινωνία
2790 1832 3099 1910 γενήσεται,
3134 1830 3211 1904 μὴ
3254 1829 3632 1907 θυτιαστηρίου
3662 1826 3814 1886 ὄντος
3842 1847 3859 1905 ;

475 1923 862 1986 modoautem
885 1924 1067 1984 etiam
1095 1922 1296 1985 divina
1320 1924 1664 1987 communio
1682 1928 1782 1987 fiet
1817 1945 1933 1988 non
1959 1928 2119 1989 exsi-

2208 1929 2312 1979 Ποῦ
2335 1920 2389 1977 δὲ
2424 1921 2570 1978 ἔσται
2616 1924 2643 1977 ὁ
2674 1922 2864 1997 ἱερεὺς,
2899 1922 2942 1978 εἰ
2973 1920 3051 1996 μὴ
3124 1920 3407 2000 ἀρχιερεὺς
3469 1922 3627 1977 αὐτὸν
3659 1940 3860 1999 χειρο-

470 2022 665 2076 stente
686 2011 915 2075 altari?
968 2010 1084 2075 Ubi
1129 2014 1241 2076 erit
1276 2014 1584 2091 sacerdos,
1643 2016 1757 2077 nisi
1798 2016 2119 2098 episcopus

2208 2014 2417 2082 τονήσει
2447 2031 2462 2087 ;
2495 2009 2687 2078 Καλῶς
2710 2008 2808 2089 ἄρα
2838 2010 3119 2088 ἐλέγομεν,
3157 2009 3238 2066 ὅτι
3272 2010 3436 2067 ταῦτα
3494 2011 3559 2068 τὰ
3586 2010 3705 2089 τρία
3738 2033 3854 2085 μυ·-

469 2104 663 2185 ipsum
689 2103 1087 2165 ordinaverit‘?
1115 2103 1300 2166 Recte
1327 2106 1526 2185 itaque
1559 2104 1969 2181 diximus,tria
1996 2109 2117 2171 haec

2208 2104 2396 2181 στήρια
2428 2101 2852 2179 τελεσιουργικαὶ
2911 2098 3159 2175 δυνάμεις
3212 2101 3330 2174 εἰσὶ,
3366 2100 3455 2156 καὶ
3510 2100 3723 2162 ἑνιαίως
3780 2106 3862 2175 τῷ

471 2193 752 2276 mysteria
784 2193 1031 2256 virtutes
1063 2212 1197 2256 esse
1230 2196 1609 2277 perfectivas,
1644 2204 1702 2257 et
1732 2197 2120 2275 singulariter

471 2284 753 2365 episcopo
803 2283 1079 2358 attribui,
1126 2284 1182 2348 id
1215 2295 1305 2348 est
1339 2286 1802 2366 particularitcr,
1836 2297 1893 2348 et
1927 2288 2115 2351 semel

469 2373 849 2455 simpliciter,
884 2391 1004 2435 non
1027 2382 1221 2437 autem
1255 2377 1588 2438 secundum
1618 2376 1759 2458 quid
1792 2396 1860 2439 ac
1895 2380 2116 2458 partia-

469 2465 629 2529 liter.

551 2552 995 2633 §VI.Quoniam
1019 2553 1220 2617 divisit
1241 2556 1721 2621 ecclesiasticum
1747 2557 2020 2620 ordinem
2055 2558 2116 2619 in

473 2644 976 2726 perﬁcientem,in
1011 2644 1541 2727 illuminantem,in
1569 2646 2117 2728 expiantem,modo

472 2734 649 2797 tradit
670 2733 811 2814 quid
836 2735 1053 2815 cuique
1075 2735 1272 2797 ordini
1295 2736 1367 2797 sit
1401 2736 1903 2817 proprium.0rdo
1922 2739 2120 2819 itaque

473 2823 833 2904 episcopalis
882 2823 1235 2904 perﬁciendi
1270 2826 1321 2885 ιί
1357 2826 1576 2906 pollet,
1604 2836 1663 2888 et
1714 2827 2030 2907 perﬁcicns
2061 2836 2121 2890 et

473 2913 803 2997 perfectus,
835 2931 907 2974 ac
957 2912 1329 2993 disciplinas,
1366 2914 1744 2995 habitusque,
1777 2934 1845 2977 ac
1878 2915 2122 2978 virtutes

475 3020 784 3066 sacrorum
818 3002 1157 3066 conferens.
1194 3001 1353 3067 Ordo
1377 3021 1522 3066 vero
1548 3007 1952 3088 sacerdotum,
1993 3006 2122 3069 sive

477 3092 1369 3175 presbyterorum,illuminandi
1407 3112 1622 3156 munus
1649 3094 1996 3171 obtinet,ad
2019 3115 2120 3158 sa-

2208 2194 2461 2272 ὰρχιερεῖ
2510 2191 2998 2269 ἆπεκληρώῦησαν,
3060 2187 3203 2248 τοῦτ’
3251 2188 3327 2246 ἐτι
3387 2193 3697 2268 μονομερῶς
3770 2192 3863 2247 καὶ

2209 2280 2562 2357 ἁπαξαπλῶς,
2609 2283 2696 2338 καὶ
2728 2284 2788 2340 ού
2809 2281 2943 2338 κατᾶ
2975 2303 3023 2335 τι
3055 2282 3140 2337 καὶ
3172 2286 3429 2357 μερικῶς,

2286 2549 2445 2632 §VL
2480 2550 2629 2611 Ἐπεὶ
2684 2550 2851 2609 διεῖλε
2908 2552 3005 2621 τὴν
3059 2551 3330 2626 ἱερατικὴν
3370 2548 3736 2625 διακόσμησιν
3782 2550 3860 2613 εἰς

2200 2639 2571 2719 τελειωτικὴν,
2643 2642 2713 2705 εἰς
2770 2641 3121 2721 φωτιστικὴν,
3176 2641 3248 2705 εἷς
3317 2639 3670 2717 ιιαθαρτικὴν,
3749 2635 3860 2706 ἤδη

2203 2728 2379 2787 δίδωσι
2411 2733 2471 2788 τὸ
2502 2730 2701 2788 οἷκέῐον
2733 2720 2932 2807 ἑκάστῃ
2959 2732 3126 2795 τάξει.
3208 2720 3273 2799 Ἠ
3307 2731 3433 2807 γοῦι
3494 2729 3862 2808 ἀρχιερατικὴ

2205 2821 2301 2888 τὴν
2335 2820 2678 2889 τελειωτικὴν
2711 2820 2831 2901 ἔχει
2897 2820 3138 2897 δύναμιν,
3172 2819 3616 2898 τελεσιουργοῦσα
3651 2819 3717 2874 τὰ
3760 2838 3861 2875 τε-

2206 2908 2510 2990 λεσιουργᾶι,
2536 2913 2624 2968 καὶ
2675 2910 2992 2970 διδάσιουσα
3023 2913 3119 2975 τὰς
3180 2911 3487 2985 ἐπιστήμας
3538 2916 3647 2966 τῶν
3675 2911 3860 2990 ἱερῶν,

2205 3003 2293 3057 καὶ
2350 3002 2444 3066 τὰς
2500 3001 2656 3073 ἕξεις,
2719 3004 2806 3058 καὶ
2848 3003 2941 3067 τὰς
3001 2998 3278 3078 δυνάμεις⁹
3333 3002 3368 3068 ἡ
3400 2997 3455 3055 δε
3508 3000 3614 3056 τῶν
3644 2999 3859 3078 ἱερέων,

2206 3089 2369 3169 ἤγουν
2402 3099 2509 3149 τῶν
2535 3089 2923 3172 πρεσϐυτέρων,
2973 3091 3122 3157 τάξιν
3185 3092 3284 3158 τὴν
3343 3089 3676 3170 τρωτιστικήν
3708 3088 3858 3170 ἔχει,

474 3201 709 3246 crorum
728 3190 1113 3263 conspectum
1131 3183 1648 3248 manuducenseos
1666 3185 2113 3266 quiinitiantur,
2138 3225 2180 3279 α
2207 3189 2633 3279 χειραγωγοῦτα-
2686 3184 2761 3279 sic
2794 3183 2913 3279 ⁸ττὲις
2972 3182 3199 3279 ἐποψίπις
3289 3181 3411 3279 coit:
3473 3178 3857 3279 τελουμένους,

474 3273 615 3333 dum
640 3270 825 3334 sacris
878 3271 1119 3352 quidem
1173 3272 1303 3354 ipse
1333 3284 1636 3354 operatur,
1684 3284 1743 3336 et
1767 3294 1874 3355 per
1905 3294 2119 3338 manus

2208 3270 2379 3350 δρωσα
2408 3273 2506 3348 μὲν
2552 3273 2640 3330 καὶ
2689 3273 2846 3347 αὐτὴ,
2895 3272 3117 3336 καὶτὰς
3173 3271 3446 3350 οεουργίας
3503 3267 3862 3327 ὑποδεικοῖηα

473 3362 848 3424 sacerdotum
876 3362 1115 3443 propria
1136 3362 1461 3425 divinitatis
1490 3383 1673 3445 opera
1698 3364 1945 3428 exhibet
1977 3385 1989 3427 :
2015 3384 2116 3427 ve-

472 3469 606 3514 rum
619 3469 723 3514 eos
740 3455 837 3533 qui
853 3451 1186 3515 divinarum
1200 3470 1398 3515 rerum
1424 3454 1730 3517 scientiam
1746 3455 2116 3534 adipiscendi

473 3541 775 3604 desiderio
795 3542 1174 3613 tenentur,ad
1194 3543 1538 3624 episcopum
1565 3543 2118 3608 transmittit.Mini-

471 3641 731 3696 atrorum
756 3630 988 3712 vero,id
1018 3641 1109 3694 est
1133 3632 1542 3716 diaconorum,
1576 3634 1723 3696 ordo
1781 3642 1872 3697 est
1917 3634 2116 3715 expia-

475 3721 1068 3796 torius,etdiscretor
1090 3721 1377 3786 bonarum
1412 3732 1473 3785 et
1504 3723 1959 3799 malarum,sive
1992 3743 2117 3806 per-

473 3828 756 3872 sonarum
778 3810 902 3871 sive
924 3828 1123 3873 rerum
1151 3832 1166 3892 ;
1227 3811 1580 3875 discernunt
1603 3813 1765 3876 enim
1792 3813 1967 3875 etiam
1999 3823 2114 3877 tam

475 3920 765 3981 personas
793 3903 1229 3978 accedentium,
1264 3923 1439 3986 quam
1483 3906 1992 3989 virtutesrerum,
2058 3914 2118 3970 et

474 3991 671 4072 qualia
689 3993 842 4055 bona
864 3994 981 4055 sint
1007 4001 1064 4057 et
1080 3994 1280 4075 qualia
1303 4012 1499 4075 prava.
1533 3993 1705 4058 Unde
1722 4003 1782 4058 et
1815 3997 1927 4078 ipsi
1960 4017 2117 4079 quo-

473 4100 590 4162 que
636 4091 802 4143 vetus
860 4091 1275 4145 vestimentum
1322 4082 1654 4164 deponunt,
1709 4085 1866 4166 quod
1900 4087 2121 4150 veteris

473 4171 718 4233 malitiae
771 4172 1104 4254 symbolum
1135 4172 1341 4249 refert,
1374 4173 1744 4255 abluuntque
1793 4184 1851 4238 et
1880 4182 2117 4259 sistunt,

475 4262 857 4325 etadducunt
880 4281 1017 4326 eum
1046 4262 1148 4343 qui
1169 4260 1239 4324 ad
1266 4261 1627 4344 baptismum
1652 4266 1912 4343 accedit;
1931 4267 2120 4349 siqui-

473 4350 608 4414 dem
643 4352 768 4415 haec
800 4353 997 4415 omnia
1026 4352 1255 4414 virtutis
1284 4360 1342 4415 et
1370 4353 1597 4416 ordinis
1617 4364 1757 4417 sunt
1788 4356 2115 4438 expiantis.

2202 3360 2285 3418 διὰ
2319 3368 2416 3431 τῆς
2477 3361 2606 3429 ἰδίας
2664 3369 2771 3421 τῶν
2828 3365 2980 3444 ἱερῶν
3027 3361 3473 3442 μεταχειρίσεως,
3520 3360 3642 3424 τοὺς
3672 3358 3729 3416 δὲ
3758 3365 3866 3429 τῆς

2201 3451 2508 3528 ἐπιστήμης
2566 3460 2673 3510 τῶν
2759 3454 3044 3532 ἱερουργὼν
3112 3452 3421 3531 ἐφιεμένους
3489 3450 3566 3525 τῷ
3623 3451 3862 3531 ἱεράρχῃ

2201 3541 2657 3620 παραπέμπουσα.
2722 3534 2787 3599 Ἠ
2831 3540 2886 3599 δὲ
2918 3550 3024 3599 τῶν
3085 3541 3423 3621 λειτουργῶν,
3485 3537 3693 3608 δηλαδὴ
3748 3546 3864 3596 τῶν

2200 3630 2460 3690 διακόνων
2517 3631 2686 3710 τάξις,
2744 3633 3039 3714 καθαρτική
3097 3631 3208 3688 ἐστι
3263 3633 3354 3689 καὶ
3407 3629 3713 3709 διακριτική
3746 3633 3863 3688 τῶν

2202 3720 2381 3779 καλῶν
2411 3722 2637 3779 καὶτῶν
2669 3722 2958 3803 χειρόνων,
3017 3718 3131 3778 εἴτε
3192 3720 3516 3799 προσώπων,
3569 3717 3683 3775 εἴτε
3742 3719 3860 3795 μὴν

2200 3814 2288 3869 καὶ
2316 3812 2665 3892 πραγμάτων
2702 3811 3020 3893 διακρίνουσι
3054 3815 3156 3891 γὰρ
3212 3811 3303 3868 καὶ
3331 3811 3397 3866 τὰ
3457 3815 3564 3867 τῶν
3594 3811 3866 3886 προσιόν-

2201 3924 2308 3959 των
2368 3901 2652 3977 πρόσωπα.
2712 3904 2799 3961 καὶ
2853 3904 2946 3966 τὰς
3031 3902 3137 3959 τῶν
3186 3900 3518 3978 πραγμάτων
3577 3899 3865 3981 δυνάμεις,

2202 3992 2341 4049 ποῖα
2369 3991 2509 4050 καλὰ
2536 3994 2623 4052 καὶ
2647 4006 2781 4050 ποῖα
2815 3993 3053 4073 χείρονα.
3093 3983 3276 4054 ”Οθεν
3305 3991 3457 4052 αὐτοί
3510 3990 3610 4046 εἶσι
3656 3992 3751 4047 καὶ
3814 3992 3865 4048 οἱ

2204 4082 2634 4160 ἆπογυμνοῦντες
2693 4090 2793 4153 τῆς
2856 4082 3087 4149 παλαιᾶς
3148 4082 3397 4160 ἐσθῆτος,
3456 4085 3555 4148 τῆς
3615 4079 3868 4160 ἐχούσης

2206 4170 2470 4249 σύμϐολον
2495 4176 2593 4241 τῆς
2625 4171 2857 4239 παλαιᾶς
2900 4173 3112 4238 κακίας·
3175 4174 3261 4229 καὶ
3294 4173 3341 4229 οἱ
3389 4169 3735 4251 ὕπολύοντες,
3774 4174 3871 4229 καὶ

2205 4265 2480 4340 ἱστῶντες,
2514 4266 2602 4322 καὶ
2632 4266 2954 4344 μετάγοντες
3000 4266 3093 4321 τὸν
3127 4270 3205 4337 τῷ
3253 4262 3585 4340 βαπτίσματι
3616 4284 3872 4344 προσερ-

2207 4354 2467 4435 χόμενον·
2529 4365 2696 4414 ταῦτα
2768 4356 2868 4435 γὰρ
2926 4355 3121 4435 πάντα,
3177 4358 3276 4421 τῆς
3334 4355 3665 4431 καθαρτικηῖκ
3725 4353 3870 4409 εἰσιν

470 4441 701 4507 Docent
729 4443 890 4505 enim
914 4443 1142 4525 illos,ut
1165 4442 1345 4505 rebus
1367 4442 1642 4509 obscuris
1671 4448 2115 4524 renuntiantes,

2208 4444 2468 4523 ἐνεργείας
2498 4446 2585 4501 καὶ
2616 4444 2837 4511 τάξεως.
2876 4442 3273 4505 Ἐκδιδάσκουσι
3330 4444 3429 4521 γὰρ
3482 4441 3702 4523 αὐτοὺς,
3736 4439 3865 4524 ἵνα,

472 4531 545 4594 ad
577 4551 648 4594 ea
682 4552 813 4614 quae
834 4532 1174 4596 illuminant
1194 4532 1593 4598 adducantur.
1632 4536 1896 4600 Adducit
1918 4536 2117 4618 itaque

2208 4534 2594 4612 ἀποταξάμενοι
2622 4537 2689 4594 τὰ
2718 4535 2970 4614 ἀλαμπῆ,
3004 4537 3350 4615 καταχθῶσιν
3405 4532 3491 4591 ἐπὶ
3547 4533 3615 4590 τὰ
3680 4555 3863 4612 φωτι-

473 4640 539 4685 ex
549 4623 972 4704 piatos,expiat
992 4624 1399 4705 imperfectos,
1436 4625 1591 4687 fovet
1615 4627 2115 4709 institutionibus,

2208 4625 2379 4688 στικά.
2413 4624 2627 4705 Ἀνάγει
2675 4634 2800 4705 γοῦν
2864 4627 2984 4690 τοὺς
3041 4624 3483 4706 κεκαθαρμένονς,
3546 4622 3866 4681 ἀποκαθαίο

471 4714 734 4775 secernit
760 4730 966 4775 sacros
986 4732 1021 4775 a
1047 4713 1334 4795 profanis,
1367 4713 1524 4778 fores
1547 4716 1836 4781 custodit.
1870 4717 2117 4781 Diaconi

2208 4737 2278 4795 ρει
2338 4715 2458 4779 τοὺς
2514 4714 2856 4797 ἀτελέστους,
2916 4717 3192 4792 μαιεύεται
3252 4727 3377 4779 ταῖς
3452 4710 3861 4787 διδασκαλίαις,

474 4802 633 4865 enim
667 4812 806 4865 tunc
840 4802 998 4865 fores
1027 4802 1349 4881 habebant,
1386 4825 1546 4870 nunc
1590 4825 1729 4869 vero
1766 4826 1866 4869 eas
1914 4816 2119 4871 tenent

2208 4803 2613 4864 ἆποδιαστέλλει
2670 4810 2776 4863 τῶν
2829 4807 3049 4886 ἀνιέρων
3103 4807 3221 4872 τοὺς
3266 4805 3462 4885 ἱεροὺς,
3524 4805 3621 4869 τάς
3682 4805 3864 4871 πύλας

471 4892 848 4957 subdiaconi.
871 4893 988 4958 Lex
1006 4896 1205 4975 itaque
1227 4898 1637 4960 ecclesiastica
1659 4897 1942 4961 diaconos
1972 4899 2118 4962 fori-

2208 4901 2471 4977 επιτηρεϊ.
2506 4900 2566 4955 Οἱ
2610 4895 2841 4956 διάκονοι
2872 4898 2975 4977 γὰρ
3005 4897 3127 4955 τότε
3157 4897 3252 4961 τὰς
3311 4893 3479 4959 πύλας
3524 4895 3722 4975 εἶχον,
3768 4906 3864 4956 νῦν

472 4982 584 5045 bus
610 4983 875 5063 praeficit,
912 4984 1224 5048 insinuans
1254 4986 1454 5064 qualis
1504 4996 1562 5051 et
1589 4987 1749 5070 quali
1772 4987 2007 5052 futurus
2038 4991 2116 5054 sit

2208 4984 2252 5043 δὲ
2283 4989 2331 5045 οἱ
2389 4986 2750 5050 ὑποδιακονοι.
2827 4988 3106 5070 Ἐφίστησι
3164 4986 3338 5044 τοίνυν
3394 4984 3516 5050 τοὺς
3572 4983 3859 5051 διακόνους

471 5072 548 5135 ad
580 5091 751 5134 sacra
771 5074 1136 5150 introitus,et
1158 5075 1472 5140 virtutibus
1502 5079 1627 5141 istis
1661 5079 2111 5160 expiatricibus,

2208 5091 2320 5142 ταῖς
2370 5078 2562 5143 πύλαις
2621 5080 2656 5147 ἠ
2711 5077 3064 5159 ἀρχιερατικὴ
3127 5079 3430 5156 νομοθεσία,
3494 5076 3858 5153 αἰνισσομένη

471 5161 916 5246 ipsis,inquam,
951 5164 1218 5228 diaconis
1247 5168 1319 5229 ad
1344 5186 1651 5232 sacrorum
1678 5178 1988 5250 asPectum
2015 5170 2112 5233 in-

2208 5166 2358 5224 brtoiat
2385 5168 2473 5225 καὶ
2533 5169 2700 5243 ὁποίῳ
2747 5168 2893 5226 ἔσται
2949 5169 2985 5237 ἡ
3034 5168 3167 5247 πρὸς
3231 5168 3298 5223 τὰ
3326 5166 3442 5245 ἱερὰ
3472 5164 3721 5244 εἴσοδος,
3766 5167 3861 5224 καὶ

473 5255 830 5342 troducendi
849 5272 1066 5318 munus
1092 5264 1564 5339 committens,et
1601 5278 1708 5342 per
1729 5262 1972 5326 eosdem
2004 5262 2114 5325 ad-

2208 5256 2573 5337 ἐγχειρίζουσα
2602 5259 2729 5323 ταῖς
2790 5262 3148 5339 καθαρτικάτς
3193 5255 3479 5333 δυνάμεσιν
3536 5257 3738 5323 αὐτοῖς
3794 5255 3861 5323 δὴ

475 5341 722 5495 inidttens
759 5343 897 5445 illos
944 5364 1092 5426 quos
1133 5346 1250 5430 ipsi
1279 5341 1865 5434 sacrorum’aspectu
1901 5352 2117 5433 dignos

477 5450 536 5495 lu
585 5443 895 5495 tcavermt.

473 5443 895 5513 judicaverint.

557 5612 698 5674 246
729 5611 1078 5704 summatim
1111 5636 1251 5681 vero
1284 5619 1483 5683 omnia
1501 5621 1829 5704 repetendo
1851 5621 2117 5703 ait,pon-

477 5703 697 5768 ttiicem
711 5703 951 5786 quidem
968 5703 1668 5792 perficere,sacerdotem
1682 5720 1882 5778 autem
1898 5711 2118 5774 illumi-

2200 5361 2322 5412 τοῖς
2352 5346 2612 5414 διακόνοις
2644 5351 2742 5417 τὴν
2770 5348 2856 5406 ἐπὶ
2913 5349 3008 5415 τὰς
3066 5349 3209 5428 ἱερὰς
3265 5347 3493 5423 ἐποψίας
3556 5369 3858 5426 προσαγω-

2201 5438 2327 5516 γὴν,
2360 5440 2450 5495 καὶ
2481 5437 2566 5500 διὰ
2586 5441 2788 5497 τούτων
2818 5441 2988 5497 αὐτῶν
3037 5437 3418 5518 εἷσδεχομένη,
3456 5436 3620 5517 εἴπερ
3652 5458 3869 5520 μαρτυ-

2202 5531 2436 5610 ρηθεῐεν,
2468 5529 2593 5610 παρ’
2625 5533 2796 5589 αὒτῶν
2828 5527 3037 5598 δηλαδὴ
3057 5531 3159 5599 τῆς
3198 5528 3429 5605 ὲποψίας
3459 5525 3623 5592 ἄξιοι.

2285 5618 2868 5702 Ἀνακειραλαιούμενος
2897 5617 2953 5677 δὲ
3009 5620 3077 5678 τὰ
3131 5617 3306 5677 πάντα
3354 5619 3537 5699 φησὶν,
3575 5616 3663 5677 ὅτι
3695 5620 3724 5676 ὁ
3759 5617 3873 5694 μὲν

2203 5711 2488 5794 ἀρχιερεὺς
2517 5709 2745 5797 τελειοτ,
2771 5714 2799 5770 ὁ
2826 5708 2883 5770 δὲ
2910 5711 3079 5794 ἱερεὺς
3112 5709 3352 5793 φωτίζει,
3413 5710 3442 5767 ὁ
3487 5705 3542 5767 δὲ
3605 5706 3872 5779 διάκονος
