4072 6454
200 367 318 433 525

668 371 766 433 DE
815 365 1116 434 ECCLES.
1183 369 1633 452 HIERARCH.,
1681 372 1845 436 CAP.
1891 369 1964 434 V.
2031 402 2110 418 --
2155 371 2542 437 PARAPHR.
2600 369 3119 437 PAGHYMERZE.

3481 373 3599 442 526

194 507 430 582 καθαίρει
489 507 577 562 καὶ
637 505 885 577 διακρίνει
941 508 1032 564 τὸν
1091 510 1279 564 πιστὸν
1335 509 1420 563 καὶ
1469 509 1560 564 τὸν
1593 507 1838 582 ἄπιστον,

1958 507 2419 581 lare,diaconum
2445 524 2589 568 vero
2612 507 2869 586 expiare,
2903 525 2971 567 ac
3000 523 3314 587 segregare
3349 509 3597 574 ﬁdelem

195 599 283 652 τὸ)
319 595 466 661 ἄξιον
496 598 585 652 καὶ
615 598 703 651 τὸν
739 594 974 670 ἀνάξιον,
1008 595 1138 673 ὅπερ
1167 595 1306 658 ἰδίως
1361 595 1579 676 ἔχουσιν
1613 601 1660 653 οἱ
1716 599 1854 654 ὕπο-

1958 599 2016 660 ιι)
2039 597 2293 668 inﬁdeli,
2329 606 2387 659 et
2416 598 2660 677 dignum
2692 599 2768 658 ab
2803 595 3071 677 indigno,
3107 601 3264 678 quod
3292 601 3600 681 proprium

194 686 452 748 διάκονοι,
497 685 634 749 Τέως
695 683 748 741 δὲ
809 688 836 742 ὁ
864 685 962 760 μὲν
994 686 1312 758 ἐπίσκοπος,
1351 688 1442 742 καὶ
1475 688 1540 742 τὰ
1568 688 1674 743 τῶν
1703 689 1856 768 ὕφει-

1958 687 2574 750 3stsubdiaconorum.
2596 686 2842 749 [nterim
2867 687 3183 766 episcopus
3204 688 3384 751 etiam
3412 699 3604 770 potest

195 776 370 850 μένων
405 789 579 856 ποιεῖ,
613 779 673 832 ub-
703 777 810 850 μὴν
843 779 889 832 οἱ
945 779 1107 852 ἱερεῖς
1159 777 1226 833 τὰ
1256 783 1363 832 τῶν
1407 776 1736 834 ἐπισκόπων’
1771 777 1859 834 καὶ

193 866 254 921 ἐκ
281 867 478 922 τούτου
508 866 859 941 σημειωθείη,
895 867 968 929 ὡς
1001 865 1230 922 ἕκαστον
1261 868 1320 922 οὗ
1371 867 1482 946 χρὴ
1513 866 1860 941 κατατολμᾷν

195 962 299 1012 τῶν
362 956 644 1031 μειζόνων.
712 959 774 1012 Αἱ
834 954 888 1012 δὲ
947 956 1206 1035 θειότεραι
1247 953 1498 1030 δυνάμεις
1529 959 1615 1012 καὶ
1661 958 1727 1012 τὰ
1756 963 1861 1012 τῶν

192 1046 439 1113 ἡττόνων
471 1045 685 1126 ἔχουσι,
742 1046 830 1102 καὶ
861 1043 1088 1113 ἠδύνατο
1119 1046 1292 1102 πάντα
1344 1059 1521 1102 ποιεῖν
1553 1048 1581 1102 ὁ
1639 1045 1862 1103 ἐπίσκο-

198 1155 320 1201 ποςο
389 1135 509 1192 ἀλλ’
569 1133 752 1201 ἐπειδὴ
812 1137 962 1190 θείων
1023 1137 1148 1191 εἰσὶν
1207 1136 1403 1198 εἰκόνες
1475 1135 1751 1214 ἐνεργειῶν
1810 1136 1860 1190 αἱ

199 1227 464 1304 ἱερατικαὶ
495 1224 902 1300 διακοσμήσας,
940 1222 1231 1281 δεικνύεται
1274 1227 1361 1281 καὶ
1421 1224 1474 1280 ἐν
1530 1226 1744 1290 ταύταις
1799 1226 1860 1281 τὸ

196 1315 464 1387 εὔκοσμον
496 1317 581 1372 καὶ
614 1315 940 1394 ἆσύγχυτον.
976 1321 1097 1378 Πῶς
1131 1312 1158 1370 δ
1204 1315 1342 1371 κατὰ
1393 1315 1492 1381 τὴν
1553 1314 1696 1381 τάξιν
1753 1315 1860 1372 τῶν

196 1407 352 1462 θείων
387 1408 450 1462 τὰ
478 1405 713 1484 ἡμέτερα
746 1407 1000 1482 γίνονται,
1036 1403 1204 1484 λέγει,
1243 1395 1333 1470 Ὠς
1360 1403 1544 1472 ἐπειδὴ
1602 1407 1636 1473 ἡ
1698 1409 1859 1484 θεαρ-

195 1499 296 1576 “Li:
325 1497 450 1560 τοὺς
482 1499 536 1552 ἒν
568 1500 652 1560 οἷς
686 1495 748 1551 ἂν
794 1494 1077 1573 ἐγγένηται
1135 1495 1284 1568 νόας,
1344 1495 1457 1552 εἴτε
1517 1495 1855 1574 ἆγγελικοὺς,

842 1591 1098 1666 ,πρῶτον
1149 1585 1404 1665 καθαίρει,
1449 1590 1569 1642 εἶτα
1619 1585 1854 1665 φωτίζει,

197 1679 288 1733 καὶ
351 1676 539 1733 ἔκτοτε
596 1676 819 1750 τελειοϊ,
879 1677 968 1732 καὶ
1021 1673 1162 1731 ἔστιν
1203 1675 1284 1732 ἀεὶ
1327 1674 1738 1754 ἀπαράλλακτος
1771 1677 1860 1732 καὶ

198 1769 287 1823 ἐπὶ
347 1773 510 1823 πᾶσιν
568 1769 602 1835 ἡ
660 1767 879 1830 τοιαύτη
926 1764 1094 1845 τάξις,
1149 1767 1236 1822 καὶ
1293 1767 1354 1822 οὗ
1384 1767 1702 1842 μεταπίπτει
1733 1765 1861 1822 ποτὲ

198 1587 315 1642 εἴτε
346 1588 440 1644 καὶ
473 1586 830 1659 ἀνθρωπίνους

1944 778 2112 840 obire
2140 778 2782 852 munerainl‘eriorum,
2839 795 2959 838 non
2987 785 3182 838 tamen
3211 779 3499 842 sacerdos
3533 800 3604 843 ea

1944 886 2080 944 quae
2109 877 2246 929 sunt
2278 869 2736 949 episcoporum;
2774 886 2840 928 ex
2879 886 2992 948 quo
3029 867 3419 944 signiﬁcatur,
3445 889 3601 950 quo-

1947 957 2120 1018 modo
2137 977 2314 1020 nemo
2330 957 2545 1019 debeat
2566 960 2796 1036 majora
2816 975 2882 1018 se
2909 974 3269 1037 prazsumere
3290 975 3397 1019 seu
3413 966 3606 1021 atten-

1948 1056 2091 1109 tare.
2127 1049 2416 1108 Caeterum
2451 1047 2696 1110 virtutes
2727 1047 2968 1127 quidem
3010 1047 3129 1108 illae
3160 1054 3504 1128 superiores
3534 1067 3606 1112 ea

1948 1155 2078 1217 quae
2108 1136 2459 1198 inferiorum
2492 1145 2653 1210 sunt,
2688 1136 2931 1216 habent,
2966 1144 3029 1199 et
3058 1135 3381 1218 episcopus
3413 1146 3609 1218 potest

1947 1226 2168 1290 omnia.
2190 1227 2484 1301 Quoniam
2506 1237 2706 1288 tamen
2726 1226 3146 1288 ecclesiasticae
3164 1225 3605 1310 descriptiones

1945 1314 2275 1380 divinarum
2310 1316 2603 1396 imagines
2632 1327 2773 1378 sunt
2803 1316 3126 1397 actionum,
3163 1319 3225 1378 in
3275 1318 3397 1380 illis
3457 1319 3604 1399 ipsis

1945 1424 2182 1486 quoque
2206 1415 2410 1469 rectus
2426 1405 2573 1470 ordo
2597 1405 3022 1488 distinctioque
3043 1405 3405 1470 ostenditur.
3431 1409 3606 1472 Deni-

1944 1514 2062 1576 que
2082 1496 2286 1574 refert,
2317 1495 2619 1577 quomodo
2648 1497 2773 1558 haec
2797 1497 3084 1558 nostratia
3108 1516 3351 1579 quoque
3383 1517 3604 1562 secun-

1945 1585 2084 1646 dum
2102 1587 2374 1648 ordinem
2391 1586 2656 1648 divinum
2679 1587 3087 1666 ﬁant.Quippe
3101 1605 3236 1649 cum
3252 1589 3355 1650 illa
3371 1607 3609 1652 summa

1945 1673 2145 1738 Deitas
2171 1685 2402 1738 mentes
2430 1695 2530 1738 eas
2561 1676 2779 1757 quibus
2810 1695 2876 1737 se
2917 1676 3334 1749 insinuat,sive
3371 1680 3610 1758 angeli-

1945 1783 2043 1825 cas
2074 1765 2196 1828 sive
2230 1767 2538 1840 humanas,
2579 1766 2838 1846 primum
2873 1767 3093 1846 expiet,
3129 1767 3349 1830 deinde
3375 1768 3606 1832 illumi-

201 1859 340 1935 πρὸς
404 1856 625 1913 ἀλλοίαν
678 1857 1029 1918 κατάστασιν,
1086 1855 1208 1919 Πῶς
1269 1857 1368 1933 γὰρ
1416 1857 1864 1936 φωτισθήσεταιὸ

1958 1867 2074 1934 net,
2100 1865 2280 1933 atque
2305 1854 2524 1917 exinde
2552 1855 2844 1932 perficiat,
2869 1856 3015 1918 ordo
3041 1857 3138 1918 hic
3163 1858 3342 1918 etiam
3368 1876 3610 1940 semper

200 1948 280 2021 μὴ
346 1947 667 2025 καθαρθεὶςς
731 1946 822 2002 καὶ
881 1951 999 2006 πῶς
1054 1944 1464 2014 τελειωθήσεται
1519 1947 1546 2000 ο
1581 1945 1658 2020 μὴ
1690 1967 1864 2002 φωτι-

200 2040 395 2116 σθείς;
459 2037 557 2093 Διὰ
603 2041 760 2092 τοῦτο
819 2035 918 2101 τὴν
977 2035 1229 2101 τοιαύτην
1280 2033 1420 2100 τάξιν
1453 2032 1863 2112 ἀπαράλλακτον

200 2128 446 2200 μαθοῦσα
501 2126 537 2190 ἡ
597 2123 713 2180 καθ’
772 2125 916 2198 ἡμᾶς
981 2124 1247 2202 ἱεραρχία,
1310 2120 1501 2201 διαιρεῖ
1561 2124 1752 2190 ἑαυτὴν
1792 2123 1864 2184 εἰς

202 2213 612 2290 διακεκριμένας
641 2211 813 2278 τάξεις
845 2234 902 2268 τε
944 2214 1030 2268 καὶ
1082 2211 1354 2287 δυνάμεις
1418 2215 1505 2270 καὶ
1563 2214 1624 2269 τό
1681 2226 1862 2292 κρεῖτ-

199 2327 288 2361 τον
355 2305 493 2370 αὐτὴ
551 2301 670 2380 παρ’
725 2303 889 2378 ἑαυτῇ
941 2305 1456 2382 παρακατασχοῦσα,
1509 2303 1569 2358 τὸ
1601 2305 1863 2374 καθαίρειν

199 2397 290 2450 καὶ
351 2396 414 2449 τὸ
473 2395 715 2472 φωτίζειν
772 2405 890 2456 τοῖς
947 2391 1146 2470 ἑτέροις
1208 2393 1343 2448 κατὰ
1400 2391 1542 2457 τάξιν
1571 2391 1860 2451 ἀπέδωκεν.

199 2485 358 2543 Ἀλλ’
420 2483 604 2553 ἐπειδὴ
663 2486 781 2563 περὶ
835 2485 1036 2541 τούτων
1094 2487 1288 2547 ἱκανῶς
1347 2482 1551 2562 ἐρρέθη,
1615 2484 1736 2564 φέρε
1771 2485 1865 2546 τὰς

192 2577 492 2657 ἱερωτάτοις
523 2577 698 2632 αὐτῶν
730 2575 1010 2640 τελεώσεις
1048 2574 1488 2649 ἒποπτεύσωμεν.

1952 1954 2036 2006 est
2058 1944 2393 2018 inviolatus,
2426 1952 2484 2008 et
2517 1944 2575 2006 in
2602 1944 2884 2007 omnibus
2908 1954 3321 2018 servatur,nec
3341 1964 3607 2028 unquam

1949 2035 2258 2096 invertitur
2319 2045 2420 2098 aut
2471 2038 2528 2096 in
2561 2035 2740 2097 alium
2775 2044 3224 2097 transmutatur.
3293 2035 3608 2109 Quomodo

1951 2125 2109 2186 enim
2140 2125 2574 2187 illuminabitur
2596 2126 2646 2186 is
2678 2124 2780 2206 qui
2801 2144 2919 2186 non
2941 2133 3035 2188 est
3061 2127 3362 2207 expiatus?
3383 2137 3437 2188 et
3464 2147 3612 2207 quo—

1952 2215 2129 2276 modo
2164 2216 2504 2295 perﬁcietur
2530 2215 2633 2296 qui
2665 2234 2783 2276 non
2809 2223 2900 2276 est
2929 2215 3331 2279 illuminatus‘?
3377 2216 3607 2279 Idcirco

1949 2324 2081 2366 cum
2116 2305 2454 2367 hierarchia
2489 2314 2692 2366 nostra
2716 2305 2887 2385 sciat,
2938 2303 3279 2367 istiusmodi
3331 2307 3606 2369 ordinem

1947 2412 2079 2456 esse
2110 2394 2491 2470 invariatum,
2512 2394 2899 2475 semetipsam
2923 2394 3236 2474 distinguit
3268 2395 3328 2456 in
3343 2395 3607 2459 diversos

1950 2484 2192 2546 ordines
2223 2504 2290 2546 ac
2315 2485 2585 2562 virtutes;
2615 2490 2676 2547 et
2715 2483 2873 2562 quod
2899 2483 3273 2564 potissimum
3326 2494 3436 2565 est,
3503 2504 3610 2566 per

1949 2574 2331 2655 semetipsam
2360 2593 2716 2655 exsequens,
2771 2573 3150 2634 illuminandi
3211 2582 3272 2635 et
3327 2575 3608 2655 expiandi

209 2683 433 2748 munus
479 2663 712 2726 caeteris
743 2663 1074 2727 secundum
1131 2663 1425 2744 cujusque
1455 2662 1724 2724 ordinem
1775 2664 2100 2726 commisit.
2152 2665 2266 2726 Sed
2317 2665 2600 2742 quoniam
2635 2664 2709 2725 de
2762 2663 2855 2724 bis
2884 2662 3027 2724 satis
3072 2663 3295 2726 dictum
3327 2673 3438 2747 est,
3471 2683 3604 2746 age,

203 2755 643 2820 sacratissimas
673 2756 850 2817 etiam
887 2772 1095 2816 eorum
1130 2751 1611 2816 consecrationes
1644 2753 2119 2817 consideremus.

824 2873 889 2924 ll.
929 2865 1253 2942 Μυστήριον,

290 2969 352 3031 Ὀ
385 2973 487 3049 μὲν
546 2973 831 3052 ἱεραρχης,
895 2971 1296 3051 προσαγόμενος
1351 2973 1422 3037 εἷς
1451 2973 1512 3028 τὸ
1543 2993 1866 3052 χειροτονη-

2527 2871 2606 2935 II.
2644 2876 3029 2951 Mysterium.

2030 2971 2354 3035 Hierarcha
2371 2972 2609 3053 quidem
2635 2990 2742 3034 seu
2765 2972 3082 3053 episcopus
3099 2988 3234 3044 cum
3263 2973 3337 3036 ad
3360 2973 3603 3038 ordines

204 3069 390 3137 θῆναι,
428 3060 593 3140 ἄμφω
623 3063 702 3117 τὼ
731 3059 858 3118 πόδε
888 3061 1092 3135 κλίνας,
1122 3063 1206 3118 ἐπὶ
1234 3062 1473 3142 κεφαλῆς
1508 3061 1625 3142 ἔχει
1657 3064 1721 3119 τὰ
1751 3068 1864 3120 θεῖα

1958 3062 2372 3144 suscipiendos
2405 3061 2746 3133 adducitur,
2782 3071 3104 3143 utrumque
3150 3080 3304 3156 genu
3334 3064 3607 3156 ﬂectens,

207 3158 295 3212 καὶ
365 3154 482 3232 ἱερὰ
560 3151 879 3230 Εὗαγγὲλια,
954 3153 1042 3208 καὶ
1113 3154 1212 3219 τὴν
1282 3159 1374 3208 τοῦ
1434 3152 1864 3232 χειροτονοῦντος

1958 3171 2138 3233 supra
2167 3161 2347 3232 caput
2376 3153 2556 3214 habet
2586 3153 2786 3214 divina
2812 3170 3100 3232 sacraque
3150 3152 3489 3233 Evangelia,
3551 3165 3612 3218 et

204 3258 402 3325 χεῖρα,
435 3243 525 3299 καὶ
557 3239 640 3298 διὰ
671 3247 774 3297 τῶν
805 3242 1220 3320 παναγεστάτων
1280 3246 1460 3322 εὒχών
1516 3242 1864 3299 ἀποτελειοῦ-

201 3324 288 3392 ται
302 3324 319 3397 ,ί
357 3324 415 3391 Ὀ
449 3330 505 3388 δὲ
534 3333 700 3410 ἱερεὺς
732 3333 818 3388 καὶ
851 3333 1004 3396 αὐτὸς
1036 3329 1197 3412 ἄμφω
1227 3331 1390 3388 κλίνει
1438 3333 1515 3387 τὼ
1570 3331 1720 3409 πόδέ,
1744 3333 1868 3388 ικαὶ

202 3427 303 3492 τὴν
336 3430 433 3480 τοῦ
466 3421 896 3502 χειροτονοῦντος
934 3419 1102 3486 δεξιάν
1139 3423 1225 3478 επὶ
1283 3420 1520 3502 κεφαλῆς
1580 3421 1722 3502 ἔχει,
1782 3425 1868 3479 καὶ

203 3517 350 3573 οὕτω
383 3515 475 3570 καὶ
503 3514 660 3576 αὐτὸς
689 3515 1128 3590 τατςῖεροποιοϊς
1190 3515 1384 3592 εὒχαϊς
1444 3512 1742 3590 ἁγιάζεται,
1809 3503 1866 3569 ιΟ

203 3602 260 3660 δὲ
291 3603 539 3666 διάκονος
573 3601 664 3657 ἕνα
695 3615 815 3658 τοῖν
848 3601 1029 3658 ποδοῖν
1059 3600 1263 3674 κλίνας,
1316 3602 1400 3659 ἐπὶ
1453 3601 1688 3682 κεφαλῆς
1749 3601 1868 3682 ἔχει

203 3696 294 3750 καὶ
327 3695 491 3757 αιῖιτὸς
522 3692 623 3759 τὴν
651 3700 744 3750 τοῦ
773 3699 1203 3772 χειροτονοῦντος
1237 3689 1430 3772 δεξιὰν,
1487 3694 1575 3748 καὶ
1626 3691 1868 3750 τελειοῦ-

200 3808 292 3841 ται
355 3795 483 3846 ταῖς
543 3787 647 3838 τῶν
707 3782 1026 3863 λειτουργῶν
1071 3781 1413 3862 ἐπικλήσεσι,
1469 3780 1708 3853 δηλονότι
1746 3794 1871 3846 ταῖς

203 3871 531 3952 λεγομέναις
557 3872 823 3954 αἱτήσεσι,
859 3871 1243 3947 συννοουμένου
1271 3871 1458 3938 ἔξωθεν
1489 3873 1576 3928 καὶ
1624 3884 1748 3936 ταῖς
1781 3877 1874 3928 τοῦ

202 3965 466 4044 ἱεράρχου
528 3964 747 4043 εὒχατς.
814 3963 1000 4020 Κοινὸν
1053 3959 1107 4017 δὲ
1141 3969 1257 4026 τοῦς
1288 3964 1452 4042 τρισὶν
1502 3964 1616 4019 ἔστι
1649 3963 1710 4018 τὸ
1750 3962 1870 4018 ἐπί-

203 4058 444 4134 προσθεν
503 4061 596 4111 τοῦ
639 4055 780 4131 ἱεροῦ
823 4053 1194 4132 θυσιαστηρίου
1237 4055 1661 4134 χειροτονεῖσθαι
1705 4053 1794 4110 καὶ
1836 4055 1872 4123 ἦ

205 4141 555 4222 σταυροειδὴς
614 4145 858 4223 σφραγὶς,
926 4143 1009 4199 καὶ
1063 4144 1098 4211 ἡ
1131 4151 1223 4200 τοῦ
1257 4145 1518 4220 ὀνόματος
1562 4142 1872 4222 ἀνάῤῥησις,

202 4236 298 4293 καὶ
331 4237 360 4290 ὁ
391 4233 734 4296 τελειωτικὸς
761 4233 1073 4310 ἀσπασμὸς.
1108 4232 1248 4310 ’Ὀρα
1280 4232 1334 4290 δὲ
1370 4232 1450 4290 ὅτι
1481 4234 1685 4297 πάντας
1731 4232 1874 4312 λέγει

201 4325 332 4390 τοὺς
366 4322 423 4380 ἐν
447 4329 525 4398 τῷ
553 4323 794 4403 ἱερατείῳ
821 4323 912 4380 τὸν
942 4323 1421 4403 χειροτονούμενον
1444 4322 1789 4395 ἀσπάζεσθαι,

856 4513 948 4566 IIl.
997 4503 1224 4582 Θεωρία,

296 4613 327 4694 §
407 4623 448 4677 ι,
528 4611 616 4676 Εἷς
689 4611 904 4690 Θεωρίαν
978 4609 1268 4669 είσϐάλλων
1335 4615 1442 4668 τῶν
1512 4608 1870 4692 τελουμένων,

203 4709 430 4785 πρῶτον
462 4703 526 4759 τὰ
556 4700 708 4759 κοινὰ
736 4703 856 4765 τόἴς
889 4701 1022 4781 τρισὶ
1051 4702 1139 4758 καὶ
1171 4704 1237 4758 τὰ
1291 4699 1402 4758 ἴδια
1464 4699 1670 4772 ἑκάστῳ
1727 4700 1873 4757 ἀπα-

203 4801 520 4876 ριθμεϊται.
556 4792 721 4850 Κοινὰ
751 4791 875 4868 γοῦν
903 4793 936 4860 ἡ
977 4791 1062 4848 ἐπὶ
1117 4792 1211 4850 τοῦ
1264 4791 1632 4869 θυσιαστηρίου
1693 4813 1873 4872 χειρο-

199 4887 379 4966 τονία,
415 4885 452 4952 ἡ
486 4880 826 4962 σταυροειδὴς
885 4883 1123 4962 σφραγὶς,
1162 4884 1196 4951 ἡ
1240 4889 1332 4939 τοῦ
1390 4881 1648 4957 ὀνόματος
1707 4880 1872 4960 ἀνάρο

200 4979 390 5055 ῥησις,
428 4976 516 5032 καὶ
546 4975 573 5030 ὁ
604 4971 944 5036 τελειωτικος
977 4973 1284 5049 ἀσπασμός·
1319 4971 1459 5036 ἰδίως
1491 4969 1545 5028 δὲ
1603 4984 1724 5036 τοῖς
1775 4971 1873 5048 μὲν

200 5067 501 5145 ἱεράρχαις
561 5062 853 5120 ἐπιτίθεται
909 5064 970 5118 τὸ
1035 5063 1170 5142 ἱερὸν
1234 5061 1584 5141 Εὗαγγέλιονο
1641 5075 1757 5128 τοῖς
1821 5062 1873 5118 δὲ

201 5159 407 5233 ἱερεῦσι
462 5154 525 5210 τὸ
584 5151 781 5209 κλίνειν
837 5152 948 5208 ἐστὶ
989 5153 1078 5208 καὶ
1109 5152 1442 5231 ἀμφοτέρους
1501 5153 1622 5217 τοὺς
1681 5150 1867 5218 πόδας*

200 5261 331 5310 τοῖς
365 5243 426 5301 δὲ
459 5243 795 5321 λειτουργοῖς
826 5245 887 5298 τὸ
920 5241 1112 5299 κλίνειν
1144 5245 1234 5300 τὸν
1267 5242 1465 5322 ἕτερον.

292 5339 325 5414 Ξ
389 5344 458 5395 ll.
524 5333 766 5412 Δέγομεν
823 5333 912 5389 οὖν
973 5332 1184 5412 πρῶτον
1243 5334 1361 5413 περὶ
1403 5335 1500 5398 της
1531 5335 1713 5398 κοινῆς
1745 5332 1875 5410 πρὸς

204 5430 270 5486 τὸ
303 5427 463 5506 ἅγιον
523 5424 894 5504 θυσιαστήριον
952 5428 1314 5504 προσαγωγῆς
1374 5444 1430 5478 τε
1488 5423 1581 5479 καί
1615 5420 1871 5478 ὑποπτώ-

207 5533 371 5584 σεως⁶
411 5515 698 5572 αἷνίσσεται
731 5513 853 5593 γᾶρ,
890 5510 968 5569 ὅτι
1024 5515 1214 5577 πάντες
1275 5515 1416 5570 οὗτοι
1480 5510 1673 5574 ὑλικῶς
1735 5511 1873 5568 ἀνα-

208 5608 419 5667 τιθέασι
479 5627 557 5678 τῳ
613 5603 914 5683 τελετάρχῖ,
974 5610 1088 5678 Θεῴ
1145 5602 1403 5670 τὴνίξίαι
1437 5603 1605 5680 ζωὴν,
1650 5599 1874 5676 ὁμοειδῆ

1953 3260 2192 3303 manum
2220 3243 2732 3322 consecrantis,ac
2761 3240 3154 3304 sanctissimis
3171 3243 3450 3324 precibus
3473 3261 3613 3306 con-

1952 3339 2235 3394 secratur.
2276 3331 2568 3395 Sacerdos
2598 3340 2798 3393 autem
2854 3340 3176 3411 utrumque
3238 3334 3418 3394 etiam
3479 3334 3610 3415 ipse

1952 3440 2108 3501 genu
2121 3420 2395 3495 ﬂectit,et
2419 3423 2478 3482 in
2503 3423 2698 3503 capite
2722 3421 2898 3483 habet
2929 3421 3199 3482 dextram
3252 3439 3611 3486 consecran-

1953 3510 2048 3591 tis,
2085 3520 2262 3591 atque
2293 3511 2375 3571 ita
2406 3511 2582 3573 etiam
2616 3512 2744 3592 ipse
2789 3509 3300 3572 sanctiﬁcantibus
3331 3513 3611 3591 precibus

1952 3601 2377 3663 sanctiﬁcatur.
2428 3601 2728 3664 Diaconus
2760 3618 2898 3661 vero
2931 3618 3115 3660 unum
3147 3618 3303 3679 genu
3335 3602 3607 3677 ﬂectens,

1953 3709 2136 3772 super
2165 3699 2339 3771 caput
2369 3689 2545 3752 habet
2565 3690 2772 3771 etipse
2795 3690 3061 3752 dextram
3089 3692 3522 3767 consecrantis,
3551 3703 3613 3757 et

1956 3789 2346 3843 consecratur
2363 3780 2839 3843 invocationibus
2858 3779 3430 3863 ministrorum,quaa
3449 3783 3615 3845 vide-

1957 3869 2100 3933 licet
2122 3870 2183 3932 in
2206 3870 2555 3935 earumdem
2585 3869 3039 3933 consecratione
3081 3869 3357 3932 adhiberi
3389 3873 3606 3950 solent,

1958 3961 2274 4023 hierarcha
2305 3979 2543 4042 quoque
2578 3960 2860 4042 precibus
2885 3959 3259 4022 extrinsecus
3285 3972 3612 4026 annuente.

1959 4050 2063 4113 llis
2087 4051 2490 4132 tribusitaque
2504 4068 2825 4112 commune
2850 4057 3106 4130 est,ante
3137 4050 3404 4113 divinum
3428 4052 3615 4116 altare

1959 4141 2246 4217 ordinari,
2281 4149 2338 4202 et
2371 4141 2559 4202 forma
2590 4140 2788 4202 crucis
2818 4141 3061 4219 signari,
3094 4147 3152 4201 et
3201 4158 3419 4204 nomen
3450 4146 3613 4206 reci—

1961 4231 2092 4312 tari,
2130 4240 2187 4293 et
2218 4231 2279 4292 in
2310 4231 2430 4293 line
2460 4231 2731 4293 salutari.
2762 4230 3025 4294 Observa
3055 4248 3194 4292 vero
3226 4231 3384 4311 quod
3429 4231 3610 4315 dicat,

1959 4322 2098 4382 247
2133 4339 2341 4384 omnes
2359 4321 2458 4403 qui
2489 4321 2552 4382 in
2591 4321 2850 4384 sacrario
2893 4329 3031 4383 sunt
3077 4320 3414 4383 ordinatum
3446 4322 3611 4384 salu-

1896 4440 1939 4492 ι)
1958 4419 2111 4474 tare.

2480 4502 2581 4567 IIl.
2627 4503 3087 4585 Contemplatio.

2038 4612 2131 4695 ξι.
2148 4611 2519 4695 Aggrediens
2545 4630 2750 4676 eorum
2773 4612 2873 4695 qui
2899 4618 3330 4695 consecrantur
3345 4619 3616 4675 contem-

1957 4694 2307 4776 plationem,
2343 4693 2597 4775 primum
2623 4712 2693 4756 ea
2725 4692 2857 4776 quae
2889 4693 3074 4758 tribus
3105 4692 3414 4756 ordinibus
3441 4712 3614 4756 com-

1960 4784 2186 4862 munia,
2225 4803 2475 4866 quaeque
2507 4784 2756 4847 cuilibet
2803 4785 3045 4867 propria
3087 4793 3247 4865 sunt,
3313 4794 3613 4848 recenset.

1963 4874 2317 4937 Communia
2341 4873 2520 4953 igitur
2538 4875 3004 4949 sunt,ordinatio
3027 4874 3101 4935 ad
3123 4874 3384 4936 divinum
3405 4875 3615 4955 altare,

1958 4967 2167 5030 forma;
2181 4967 2378 5030 crucis
2398 4966 2747 5047 signatio,et
2771 4967 3031 5029 nominis
3053 4966 3357 5045 recitatio,
3387 4976 3444 5030 et
3465 4968 3617 5029 tina-

1961 5057 2034 5119 lis
2089 5057 2385 5120 salutatio.
2447 5056 2694 5138 Propria
2754 5075 2894 5118 vero
2941 5065 3031 5119 est
3099 5057 3400 5139 episcOpis
3458 5059 3618 5120 sacri

1960 5146 2263 5226 Evangelii
2294 5147 2617 5228 impositio,
2653 5146 3068 5209 sacerdotibus
3095 5147 3413 5228 utriusque
3447 5146 3617 5228 pedis

1959 5238 2296 5319 inclinatio,
2329 5237 2594 5300 diaconis
2627 5237 2976 5299 alterutrius
3007 5237 3276 5300 inﬂexio.

2043 5332 2070 5406 Ξ
2095 5326 2168 5390 ΙΙ.
2195 5327 2460 5390 Dicimus
2488 5327 2684 5410 itaque
2709 5328 2968 5408 primum
2993 5327 3069 5389 de
3086 5329 3391 5390 communi
3415 5327 3513 5391 illa
3543 5328 3619 5391 ad

1959 5420 2147 5482 altare
2171 5435 2405 5480 sacrum
2430 5417 2790 5480 adductione
2813 5435 2881 5479 ac
2905 5417 3487 5495 ﬂexione,insinuari
3512 5437 3622 5500 per

1957 5511 2072 5574 hoc
2094 5525 2303 5571 omnes
2327 5509 2458 5571 illos
2483 5507 2949 5571 consecrationis
2973 5508 3200 5569 auctori
3228 5508 3349 5570 Deo
3375 5527 3447 5572 ex
3471 5511 3618 5572 inte-

1961 5619 2065 5682 gro
2088 5601 2262 5661 vitam
2285 5618 2452 5662 suam
2477 5617 2855 5674 consecrare,
2891 5616 3166 5679 eamque,
3234 5601 3430 5679 quoad
3478 5601 3610 5663 ﬁeri

209 5699 350 5758 κατᾶ
409 5697 474 5754 τὸ
533 5692 752 5752 δυνατὸν
806 5692 1118 5774 ὀφείλουσαν
1181 5693 1324 5750 εἶναι
1369 5699 1444 5767 τῷ
1491 5692 1862 5769 παναγεστάτιε

1964 5697 2181 5774 potest,
2211 5690 2580 5754 conformem
2609 5707 2740 5752 esse
2760 5688 2983 5752 debere
3005 5689 3387 5755 sanctissimo
3412 5687 3500 5752 illi
3524 5689 3617 5751 al-
