4072 6434
250 6033 467 6255 Χ

504 362 624 438 527

1699 362 1759 434 S.
1808 361 2156 436 DlONYSlI
2202 354 2710 432 AREOPAGl’LE

3783 352 3902 434 598

500 508 631 579 tari,
665 506 949 569 Salvatori
998 506 1249 590 scilicet,
1302 506 1533 572 Christo
1577 525 1646 569 ac
1712 506 1985 580 Domino,
2043 505 2145 587 qui

2252 505 2608 580 υσιαστηρίιρ,
2672 510 2746 578 τῷ
2804 508 3016 580 Σωιῆρι
3082 509 3291 579 Χριστῷ
3347 504 3439 561 καὶ
3484 513 3762 581 Δεσποτῃ,
3823 511 3899 579 τῷ

501 609 816 679 consecrat
847 607 1079 660 mentes
1106 599 1459 661 deiformes.

584 686 731 763 ΞΙΠ.
757 686 961 751 Manus
985 698 1180 751 autem
1210 688 1515 768 impositio
1542 686 1754 768 partim
1782 686 2023 767 quidem
2049 685 2150 747 de.

2235 600 2560 674 zzOtcpkott
2594 598 2715 659 τοὺς
2747 594 3003 659 θεοειδεῖς
3035 597 3178 660 νόας.

2316 687 2344 765 §
2378 696 2465 744 Ill.
2504 677 2564 742 Ἠ
2597 683 2651 741 δὲ
2683 691 2780 753 τῆς
2815 687 2998 765 χειρὸς
3058 686 3284 750 ἐπίθεσις
3344 687 3476 760 ὁμο)
3538 686 3637 761 μὲν
3699 685 3900 763 ἐμφαί-

502 776 967 858 signatdivinam
984 779 1441 860 protectionem,
1466 796 1596 860 quae
1615 779 1686 841 ad
1711 797 1775 840 se
1799 776 2152 838 accedentes

2252 777 2440 843 ιειτὴν
2468 775 2529 833 ἐκ
2562 783 2692 832 Θεοῦ
2753 778 2981 856 σκέπην,
3045 776 3143 842 τὴν
3202 775 3565 853 φυλάττουσαν
3627 776 3901 853 πατριγῶς

503 876 785 949 tanquam
848 866 999 930 ﬁlios
1060 878 1304 947 paterne
1364 866 1673 948 protegit;
1740 865 1953 946 partim
2011 883 2150 926 vero

502 960 679 1021 docet
707 958 788 1020 ita
817 965 1221 1038 consecratos,
1274 968 1550 1039 tanquam
1593 957 1704 1020 sub
1739 955 1863 1020 Deo
1922 973 2151 1019 sacram

503 1067 669 1112 suam
730 1048 1093 1110 functionem
1155 1048 1328 1111 obire
1398 1049 1649 1111 debere.
1725 1047 1870 1109 Nam
1947 1063 2156 1108 manus

503 1138 839 1219 symbolum
862 1145 950 1199 est
974 1136 1363 1218 operationis.

587 1228 732 1305 §lV.
749 1227 930 1289 Porro
955 1228 1191 1307 signum
1216 1228 1412 1291 crucis
1437 1227 1712 1307 designat
1735 1228 2006 1289 omnium
2032 1244 2159 1290 car-

500 1318 725 1381 nalium
758 1317 1151 1394 cupiditatum
1187 1318 1611 1399 cessationem,
1668 1317 2000 1398 divinaeque
2027 1318 2161 1378 vitae

501 1409 896 1471 imitationem
929 1408 1059 1488 ejus
1090 1410 1190 1490 qui
1222 1408 1293 1469 ad
1327 1426 1565 1470 crucem
1599 1415 1658 1471 et
1690 1416 1942 1470 mortem
1974 1404 2154 1469 venit.

498 1498 831 1580 Episcopus
875 1508 1071 1561 autem
1089 1517 1308 1559 nomen
1324 1497 1596 1578 illiusqui
1618 1496 1926 1559 ordinatur
1941 1497 2159 1577 procla-

503 1600 648 1665 mat,
671 1588 957 1666 quoniam
988 1589 1110 1651 Deo
1127 1587 1342 1650 cbarus
1364 1588 1639 1650 ordinum
1663 1587 1914 1649 collator
1936 1595 2161 1649 tantum

500 1679 758 1761 explicat
783 1676 1049 1740 divinam
1076 1677 1458 1748 electionem,
1503 1677 1639 1756 quia
1665 1697 1781 1738 non
1809 1677 2029 1751 favore,
2056 1676 2160 1738 sed

501 1787 536 1831 a
565 1770 690 1832 Deo
718 1769 1139 1848 motus,ipsum
1166 1768 1364 1849 elegit.
1393 1767 1521 1830 Haec
1554 1768 1715 1830 enim
1740 1767 2158 1849 promulgatio,

505 1858 909 1922 manifestatio
941 1864 1036 1920 est
1066 1857 1285 1920 divinae
1310 1857 1652 1921 voluntatis.

587 2036 615 2117 §
645 2036 715 2101 V.
750 2040 873 2101 Hoc
905 2038 1082 2101 modo
1116 2040 1287 2101 etiam
1320 2038 1535 2119 legalis
1584 2038 1866 2100 ordinum
1915 2036 2164 2100 collator

502 2126 735 2210 Moyses
757 2128 998 2191 fratrem
1043 2147 1215 2190 suum
1245 2130 1467 2205 Aaron,
1521 2130 1786 2208 quamvis
1811 2146 1945 2190 eum
1979 2128 2162 2189 sciret

500 2215 616 2279 isto
653 2236 903 2280 munere
933 2219 1583 2300 dignum,nequaquam
1613 2218 1813 2298 elegit,
1844 2219 2034 2279 donec
2066 2217 2162 2277 di-

502 2306 721 2369 vinitus
738 2307 813 2368 ad
837 2309 949 2369 hoc
970 2320 1329 2371 moveretur.
1359 2310 1476 2372 Sed
1494 2308 1631 2388 quid
1663 2309 1827 2369 illum
1852 2326 2116 2369 memoro
2135 2313 2162 2369 ?

502 2415 636 2459 cum
654 2397 906 2478 ipsemet
922 2401 1148 2479 primus
1171 2398 1448 2460 ordinum
1475 2398 1725 2460 collator
1747 2398 2163 2459 ac'viviticator

500 2484 674 2551 Jesus
697 2487 769 2548 ad
791 2485 1024 2549 Patrem
1066 2488 1326 2550 clamet:
1379 2489 1580 2568 Pater,
1636 2488 1911 2568 clariﬁca
1961 2486 2161 2566 [it-ium

505 2583 729 2653 tuum“,
764 2578 1278 2639 confirmationem
1316 2577 1757 2658 quodammodo
1829 2577 1969 2639 inde
1999 2576 2157 2639 acci-

504 2666 696 2749 piens,
738 2666 1150 2729 tametsiDeus
1195 2676 1358 2729 esset
1382 2684 1451 2730 ac
1478 2667 1793 2748 Dominns,
1830 2677 1885 2728 et
1916 2666 1975 2727 in
2024 2685 2071 2727 vi
2099 2684 2161 2728 ra

504 2757 691 2837 gloria
729 2757 904 2817 simul
936 2776 1069 2817 cum
1104 2756 1274 2819 Patre
1309 2765 1366 2817 et
1397 2755 1619 2836 Spiritu
1651 2764 1855 2818 sancto
1884 2775 2015 2818 esse
2052 2776 2162 2817 no-

506 2854 803 2909 sceretur.
833 2843 891 2907 Si
912 2861 1055 2908 vero
1074 2846 1377 2909 credimus
1409 2864 1478 2907 ea
1507 2864 1641 2922 quae
1657 2847 1961 2927 prophetae
1985 2845 2163 2907 locuti

509 2933 859 3010 sunt,verba
888 2953 1019 2996 esse
1038 2935 1329 3009 Dei,sicut
1353 2952 1489 2996 vere
1508 2944 1665 3016 sunt,
1691 2943 1750 2996 et
1792 2954 1825 2997 a
1870 2937 1992 2999 Deo
2021 2954 2162 3016 pro-

512 3025 794 3087 feruntur
826 3047 841 3101 ;
874 3024 1023 3087 illud
1060 3045 1074 3087 :
1115 3026 1199 3089 Tu
1222 3043 1283 3089 es
1303 3025 1669 3088 sacerdosin
1690 3034 1994 3088 infernum
2024 3063 2072 3100 ν,
2109 3033 2167 3087 et

511 3130 645 3196 quae
674 3124 1035 3191 sequuntur,
1077 3133 1451 3197 nequaquam
1488 3116 1733 3177 omnino
1764 3115 2001 3177 Davidis
2033 3133 2166 3179 esse

516 3205 794 3285 dicimus,
837 3204 942 3266 sed
974 3204 1121 3265 248
1151 3205 1376 3267 dictum
1440 3203 1583 3267 Dei:
1635 3205 1928 3285 accipitur
1967 3215 2165 3268 autem

2236 868 2308 931 ὡς
2368 864 2566 930 παῖδας
2625 867 2743 928 τοὺς
2803 867 2944 939 αῦτῷ
3000 866 3461 946 προσανέχοντας·
3521 865 3634 938 ἅμα
3662 862 3715 920 δὲ
3761 863 3877 921 διδά

2238 978 2358 1013 σκει
2392 958 2482 1013 καὶ
2513 958 2572 1012 τὸ
2602 954 3018 1035 ἐποφειλόμενον
3051 955 3197 1035 ἔχειν
3228 957 3349 1020 τοὺς
3397 954 3744 1012 τελεσθέντας
3805 956 3903 1021 τῖιν

2240 1048 2438 1103 ἑαυτῶν
2496 1045 2788 1124 ὑπηρεσίαν
2846 1044 3024 1101 τελεῖν
3084 1049 3157 1111 ὡς
3212 1047 3314 1102 ὑπὸ
3373 1052 3489 1120 Θεῴ
3540 1067 3896 1124 πραττοντας·

2244 1133 2509 1210 σόμϐὅλον
2543 1137 2642 1214 γὰρ
2671 1137 2707 1205 ἦ
2737 1137 2859 1215 χεὶρ
2895 1135 3157 1215 πράξεως.

2322 1224 2350 1304 §
2380 1224 2481 1287 IV.
2507 1223 2573 1281 ’Π
2606 1223 2661 1279 δὲ
2688 1224 3028 1303 σταυροειὸὴς
3085 1224 3311 1305 σφραγὶς
3366 1224 3464 1293 τὴν
3520 1224 3902 1304 ἆνε-οεργησίαν

2242 1321 2347 1373 τῶν
2419 1320 2683 1394 σαρκικῶν
2754 1318 2959 1388 παθῶν,
3032 1316 3120 1372 καὶ
3192 1316 3287 1383 τὴν
3359 1317 3687 1391 θεομίμητον
3758 1320 3904 1386 ζωὴν

2243 1406 2483 1485 ἐμφαίνει
2543 1410 2610 1479 τῇ
2670 1406 2796 1482 πρὸς
2855 1406 3012 1462 αὐτὸν
3064 1405 3316 1485 μιμήσει,
3366 1405 3424 1469 ὃς
3478 1405 3641 1485 μέχρι
3675 1407 3906 1483 σταυροῦ

2245 1496 2334 1552 καὶ
2388 1493 2612 1550 θανάτου
2662 1491 2938 1563 ἐλήλυθεν.
2990 1491 3219 1566 Ἀναϐοᾷ
3272 1491 3326 1549 δὲ
3359 1496 3419 1551 τὸ
3450 1494 3616 1569 ὃνομα
3645 1504 3740 1553 τοῦ
3772 1517 3902 1575 χει-

2248 1582 2630 1664 ροτονουμένου
2685 1586 2712 1640 6
2771 1584 3057 1663 ἱεράρχης,
3131 1581 3211 1639 ὅτι
3285 1586 3312 1640 6
3381 1582 3622 1664 φιλόθεος
3692 1587 3901 1663 ἱεροτε-

2246 1674 2440 1740 λεστὴς
2498 1672 2659 1749 μόνον
2741 1673 2974 1754 ἐκφαίνει
3030 1674 3125 1739 τὴν
3182 1673 3322 1730 θείαν
3384 1672 3636 1749 ἐκλογὴν,
3700 1673 3783 1730 ὅτι
3844 1674 3904 1732 οὗ

2246 1765 2454 1845 χάριτι,
2510 1761 2628 1820 ἀλλ’
2690 1764 2791 1819 ὕπὸ
2851 1770 2980 1822 Θεοῦ
3029 1764 3339 1840 κινούμενος
3394 1764 3551 1820 αὒτὸν
3599 1762 3900 1830 ἐξελέξατο⁶

2187 1862 2402 1934 Βτοῦτο
2434 1855 2533 1934 γὰρ
2564 1854 2706 1911 ἐστιν
2737 1855 2770 1922 ἦ
2829 1852 3152 1933 ἐκφώνητις,
3209 1856 3243 1923 ἡ
3303 1853 3550 1934 ἕκφανσις
3610 1859 3707 1922 τῆς
3759 1856 3903 1919 θείας

2246 1944 2443 2022 βουλῆς
2456 1990 2466 2003 .

2330 2034 2359 2115 §
2393 2033 2469 2097 V.
2533 2034 2685 2093 Οὕτω
2742 2036 2830 2091 καὶ
2864 2038 2890 2092 6
2918 2035 3136 2112 νομικὸς
3165 2033 3530 2112 ἱεροτελεστής
3555 2039 3786 2104 Μωῦσῆς
3819 2038 3909 2093 τὸν

2248 2123 2470 2205 ἀδελφὸν
2531 2126 2689 2184 αὑτοῦ
2749 2122 2978 2205 Ἀαρὼν,
3042 2127 3130 2181 καὶ
3188 2123 3335 2186 εἰδὼς
3386 2124 3529 2190 ἄξιον
3558 2131 3656 2192 τῆς
3700 2127 3906 2201 ὑπουρ..

2247 2215 2387 2294 γίας,
2419 2219 2512 2273 οὒκ
2542 2212 2833 2289 ἐξελέξατο,
2868 2214 2967 2278 ἕως
3001 2218 3061 2271 05
3098 2218 3275 2271 θεοθεν
3310 2215 3527 2284 ἐκινήθη
3588 2218 3661 2278 εἷς
3724 2219 3904 2274 τοῖτο.

2252 2307 2346 2361 Καὶ
2410 2304 2460 2359 τί
2520 2302 2663 2381 λέγω
2720 2306 2835 2383 περὶ
2898 2304 3139 2379 τούτους
3200 2307 3414 2367 αῦτῦςὸ
3469 2311 3675 2382 πρῶτος
3706 2306 3909 2381 ἱεροέ-

2246 2392 2440 2462 λεστὴς
2497 2396 2524 2450 6
2583 2392 2883 2474 ξωαρχικὸς
2944 2391 3155 2461 Ἰησοῦς
3212 2396 3342 2472 πρὶς
3404 2397 3492 2451 τὸν
3546 2395 3751 2467 Πατέρα
3786 2397 3908 2471 βοᾷ⁵

2251 2486 2440 2562 Πέτερ,
2528 2483 2746 2549 δόξασόν
2830 2507 2925 2542 σου
2996 2488 3086 2541 τὸν
3176 2485 3315 2541 Υἳιὶν·

2246 2577 2437 2631 ὡσανεὶ
2468 2575 2670 2631 ἐκεῖθεν
2708 2573 3002 2655 δεχόμενος

3403 2486 3504 2553 τὴν
3583 2485 3670 2541 ἐπι
3679 2486 3910 2561 κύρωσιν

3014 2624 3028 2649 ,
3063 2576 3237 2632 καίτοι
3271 2577 3400 2637 Θεὸς
3449 2576 3524 2631 ὢν
3566 2578 3653 2631 καὶ
3691 2576 3908 2632 Δεσπό-

2244 2687 2366 2740 της,
2400 2665 2486 2721 καὶ
2548 2664 2603 2719 ἐν
2646 2663 2821 2737 τελείᾳ
2867 2664 2987 2745 δόξῃ
3032 2665 3145 2740 ἅμα
3187 2672 3263 2739 τῷ
3312 2667 3471 2744 Πατρὶ
3518 2666 3606 2722 καὶ
3649 2672 3729 2739 τῷ
3773 2666 3908 2745 ἁγίῳ

2247 2757 2513 2830 Πνεόματι
2586 2757 2995 2833 γνωριζόμενος.
3075 2758 3131 2813 Εἰ
3199 2755 3253 2811 δὲ
3297 2757 3643 2830 πιστεύομεν,
3715 2757 3800 2812 ὃτι
3847 2759 3909 2811 τέι

2243 2846 2346 2901 ὑπὸ
2406 2850 2693 2924 προφητῶν
2762 2843 3061 2919 λαλούμενα
3105 2844 3317 2923 ῥήματά
3358 2847 3453 2901 εἶσι
3505 2852 3659 2919 Θεοῦ,
3730 2848 3906 2910 καθὼς

2246 2936 2336 2994 καὶ
2390 2936 2509 3010 εἰσὶ,
2570 2938 2656 2992 καὶ
2718 2935 2824 2990 ἀπὸ
2883 2942 3015 2992 Θεοῦ
3071 2934 3339 3014 λέγονται·
3385 2937 3469 3009 τὸ,
3512 2936 3585 2990 Σὺ
3613 2937 3785 3011 ἱερεὺς
3838 2938 3905 2998 εἰς

2248 3027 2339 3081 τὸν
2365 3026 2552 3096 αἰῶνα,
2589 3025 2672 3081 καὶ
2704 3026 2769 3081 τὰ
2809 3024 2955 3099 ἑξῆς,
3004 3024 3062 3081 οῦ
3121 3033 3212 3082 τοῦ
3272 3022 3428 3084 Δαυῖδ
3470 3026 3680 3090 πάντως
3744 3028 3909 3105 φήσο-

2251 3135 2348 3190 μεν
2392 3114 2559 3186 εἶναι,
2606 3112 2745 3171 ἀλλὰ
2787 3116 2880 3171 τοῦ
2919 3116 3005 3171 ἐπὶ
3050 3115 3262 3171 πάντων
3311 3122 3463 3171 Θεοῦ·
3512 3113 3909 3189 ἐκλαμϐάνεται

2251 3202 2306 3260 δὲ
2335 3204 2408 3267 ὡς
2435 3202 2542 3260 ἀπὸ
2578 3211 2663 3259 τοῦ
2693 3205 2897 3281 Πατρὸς
2928 3205 3058 3283 πρὸς
3102 3204 3197 3260 τὸν
3246 3206 3363 3262 ι’ἱὸν
3420 3203 3911 3282 ἐπιμαρτυροῦντος

514 3293 589 3356 de
600 3292 774 3356 Patre
794 3294 943 3357 Filio
957 3313 1067 3356 suo
1085 3294 1493 3356 testimonium
1515 3294 1866 3375 perliibente
1885 3295 2160 3358 sacerdo-

2252 3294 2426 3367 τούτῳ
2484 3293 2580 3361 τήν
2633 3294 2706 3357 εἰς
2766 3294 2932 3349 αίῶνα
2961 3294 3250 3374 ἱερωσύνην
3279 3293 3419 3351 κατὰ
3448 3294 3547 3361 τὴν
3578 3291 3730 3359 τάξιν
3762 3295 3913 3351 Μελ-

515 3382 578 3443 tii
606 3382 766 3445 illius
790 3384 1001 3445 aeterni
1039 3382 1375 3445 secundum
1400 3383 1672 3447 ordinem
1696 3384 2164 3448 Melchisedech.

512 3472 586 3535 Et
617 3473 968 3554 discipulos,
1002 3475 1235 3536 tametsi
1260 3476 1418 3538 Deus
1438 3484 1615 3556 esset,
1651 3494 1773 3538 non
1794 3478 2168 3556 asemetipso

511 3565 757 3645 proprie
789 3564 1105 3644 ordinavit,
1140 3563 1242 3626 sed
1269 3566 1542 3646 promisit
1565 3586 1630 3628 se
1659 3570 1977 3629 missurum
2031 3566 2105 3628 iis
2135 3584 2166 3625 a

512 3656 685 3716 Patre
700 3652 989 3733 Spiritum
1014 3664 1304 3716 sanctum.
1334 3654 1488 3728 Quin
1514 3663 1575 3717 et
1609 3663 1865 3736 ipsemet
1890 3657 2169 3737 princeps

508 3742 1208 3822 apostolorum,unacum
1223 3744 2183 3826 decadediscipulorum,quand0’

486 3830 946 3895 iduodenarimn
980 3833 1148 3895 illum
1183 3832 1435 3916 implere
1463 3833 2110 3916 Volebat,nequaquam
2133 3852 2170 3898 a

510 3922 836 4002 semetipso
868 3922 1180 3986 ordinabat
1211 3942 1631 4005 quemcunque
1653 3924 1850 4001 vellet,
1868 3924 1975 3988 sed
1996 3925 2166 3988 dice-

510 4020 644 4078 bat:
679 4019 902 4077 Ostende
930 4037 1083 4094 quem
1110 4022 1331 4093 elegeris
1360 4033 1386 4065 ι
1423 4041 1437 4086 ;
1501 4032 1556 4081 et
1614 4022 1781 4081 illum
1842 4024 2160 4096 accipiebat

510 4120 691 4179 quem
719 4101 973 4183 Spiritus
1001 4112 1243 4167 sanctus
1274 4103 1644 4182 ostenderat,
1695 4105 1997 4168 Matthiam
2061 4106 2161 4169 in-

508 4194 802 4273 quam.De
817 4192 1014 4256 divina
1032 4212 1173 4256 vero
1198 4202 1357 4256 sorte
1382 4195 1439 4256 in
1465 4196 1633 4258 Actis
1657 4195 1751 4257 alii
1777 4196 2021 4278 quidem
2047 4196 2161 4259 alia

508 4281 906 4361 tradiderunt,
934 4284 1179 4346 interim
1209 4292 1405 4346 tamen
1435 4303 1555 4346 non
1587 4293 1791 4347 sancte
1823 4285 2160 4349 istiusmodi

506 4380 700 4434 sortes
728 4373 1163 4454 acciperemus,
1189 4374 1392 4454 quales
1414 4393 1574 4456 saepe
1597 4376 1773 4437 etiam
1798 4375 2026 4440 ethnici
2057 4395 2157 4458 po-

507 4461 752 4538 nebant,
786 4464 938 4525 sicut
975 4463 1130 4545 apud
1178 4467 1508 4528 Homerum
1552 4464 1815 4546 jaciebat
1865 4467 2159 4529 Gereuius

507 4569 689 4634 eques
715 4550 949 4615 Nestor.
975 4555 1096 4632 Ego
1117 4555 1497 4627 autemdico,
1565 4562 1788 4617 sortem
1836 4555 2020 4619 fuisse
2074 4556 2157 4618 si-

2254 3381 2499 3464 χισεδέκ.
2576 3385 2673 3442 Καὶ
2733 3384 2855 3444 τοῦς
2928 3384 3190 3463 μαθητὰς,
3266 3385 3439 3441 καίτοι
3505 3384 3638 3447 Θεὸς
3681 3385 3785 3460 ὢν,
3821 3388 3914 3445 οῦκ

2252 3474 2409 3539 αὒτὸς
2439 3471 2818 3553 ἐχειροτόνησε
2848 3471 2990 3537 ἰδίως
3055 3471 3145 3553 ἀφ’
3207 3473 3414 3548 ἑαυτοῦ,
3477 3472 3598 3529 ἀλλ’
3653 3474 3915 3553 ἒπηγγεί.

2253 3576 2383 3620 Λατο
2444 3564 2673 3638 πέμπειν
2731 3563 2875 3642 παρὰ
2914 3571 3005 3621 τοῦ
3036 3566 3241 3641 lin-p6:
3274 3565 3333 3620 τὸ
3368 3570 3577 3639 Πνεῦμα
3608 3565 3671 3620 τὸ
3730 3564 3910 3642 ἅγιον.

2255 3654 2352 3713 Καὶ
2383 3653 2492 3730 μὴν
2524 3654 2611 3710 καὶ
2671 3654 2827 3716 αὐτὸς
2886 3656 2915 3710 6
2972 3659 3077 3710 τῶν
3109 3656 3361 3730 μαθητῶν
3423 3666 3715 3734 κορυφαῖος
3780 3655 3919 3731 μετὰ

2250 3749 2353 3812 τῆς
2394 3741 2608 3809 δεκάδος
2652 3750 2757 3800 τῶν
2801 3747 3081 3821 μαθητῶν,
3131 3745 3246 3801 ἐπεὶ
3290 3742 3526 3820 ἤμελλεν
3569 3744 3916 3825 ἀναπληροῦν

2250 3833 2350 3901 τὴν
2393 3831 2683 3904 δωδεκάδα,
2731 3834 2826 3890 οὐκ
2854 3833 2945 3914 ἀφ’
2992 3835 3176 3892 ἑαυτοῦ
3205 3835 3533 3916 ἐχειροτόνει
3562 3834 3624 3892 ὃν
3659 3836 3723 3890 ἂν
3769 3834 3917 3893 ἐϐού-

2251 3921 2401 4004 λετο,
2461 3921 2581 3980 ἀλλ’
2643 3921 2849 4002 ἔλεγεν·
2918 3922 3217 3990 Ἀνάδιιξον
3285 3924 3343 3980 ὃν
3403 3922 3646 3990 ἐξελέξω·
3718 3926 3918 3983 κάνεῖ-

2243 4034 2332 4070 νον
2401 4009 2609 4079 ἐδέξατο
2647 4011 2707 4069 ὅν
2735 4014 2797 4069 τὸ
2844 4016 3057 4090 Πνεῦμα
3123 4015 3186 4070 16
3253 4013 3409 4091 ἅγιον
3476 4012 3737 4097 ἀνέδειξε,
3822 4018 3915 4074 τὸν

2244 4106 2478 4164 Ματθίαν
2526 4105 2688 4186 φημί.
2741 4107 2867 4187 Περὶ
2909 4104 2965 4163 δὲ
3005 4109 3102 4164 τοῦ
3141 4109 3280 4165 θείου
3310 4106 3511 4189 κλήρου
3553 4115 3645 4166 τοῦ
3688 4109 3747 4165 ἐν
3790 4124 3916 4177 ταῖς

2247 4194 2527 4277 Πράξεσιν,
2583 4195 2753 4276 ἕτεροι
2816 4196 2915 4271 μὲν
2974 4195 3112 4256 ἄλλα
3165 4199 3432 4279 εἰρήκασι,
3485 4197 3619 4264 τέως
3652 4199 3752 4257 οῦκ
3784 4199 3914 4257 εὔα-

2243 4293 2353 4365 γῶς
2411 4283 2761 4361 ἐκλαϐόμενοι
2820 4288 2972 4351 ἴσους
3025 4286 3281 4366 κλήρους,
3345 4288 3432 4350 0-3;
3479 4286 3747 4355 πολλάκις
3801 4290 3913 4348 ἐτί-

2242 4379 2387 4454 θουν,
2436 4379 2526 4433 καὶ
2577 4368 2852 4444 ’Έλληνες
2882 4378 3022 4435 κατὰ
3051 4379 3112 4435 τὸ
3155 4375 3283 4457 παρ’
3331 4370 3555 4457 Ὀμήρῷ
3598 4378 3814 4437 πάλλεν
3858 4378 3911 4435 δὲ

2244 4466 2490 4547 Γερήνιος
2523 4467 2725 4523 ἱππότα
2783 4466 3024 4547 Νέστωρ.
3087 4466 3234 4547 Ἐγὼ
3291 4465 3346 4524 δὲ
3412 4467 3578 4547 λέγω,
3642 4468 3913 4546 σύμϐολόν

2241 4579 2291 4615 τι
2350 4556 2403 4624 ἐξ
2469 4556 2857 4634 ἀποκαλύψεως
2927 4556 2991 4651 ἦ.
3032 4557 3394 4637 ἑνεργήματος
3467 4568 3561 4619 τοῦ
3635 4562 3916 4640 παναγίου

504 4666 681 4723 gnum
700 4650 931 4723 aliquod
954 4651 1764 4720 revelationls,autal'ﬂationis
1807 4656 2155 4714 sanctissimi

2252 4647 2548 4723 [Ῑνεύματός
2571 4660 2770 4707 πῖπτον
2802 4648 2888 4706 ἐπὶ
2920 4647 3009 4705 τὸν
3069 4648 3432 4727 κληρούμενον
3463 4650 3490 4706 6
3539 4648 3749 4731 κλῆρος
3812 4652 3906 4720 ἦν.

500 4731 777 4813 Spiritus,
804 4731 965 4812 quod
982 4732 1430 4816 cadebatsuper
1450 4752 1584 4797 eum
1624 4734 1725 4816 qui
1770 4735 2155 4799 sortiebatur.

501 4820 671 4885 Unde
703 4823 883 4884 etiam
918 4821 1003 4884 de
1044 4819 1328 4885 Iscariota
1359 4824 1651 4888 maximus
1676 4824 1776 4887 ille
1803 4824 2013 4888 Petrus
2031 4828 2112 4889 ait
2139 4849 2152 4893 :

501 4918 575 4978 Et
633 4924 919 4993 acceperat
964 4920 1237 4978 nobiscum
1291 4927 1489 4980 sortem
1552 4924 1847 4982 ministerii
1902 4925 2064 4999 hujus
2092 4938 2155 4998 tr;

500 5019 840 5083 quanquam
896 5001 1112 5064 usitata
1157 5003 1329 5084 vulgo
1379 5024 1508 5066 sors
1536 5024 1654 5067 non
1689 5006 1797 5069 fuit
1826 5004 2092 5070 adhibita
2122 5027 2159 5071 a

499 5089 756 5154 Domino
779 5110 914 5152 cum
936 5091 1235 5173 apostolos
1259 5094 1467 5175 elegit.
1493 5093 1764 5177 Denique
1786 5096 1859 5159 ad
1886 5100 2159 5178 praposi-

501 5187 625 5244 tum
648 5178 928 5257 dicimus,
950 5181 1295 5264 episcopum
1320 5203 1353 5247 a
1379 5184 1759 5250 sanctissimo
1785 5185 2013 5269 Spiritu
2036 5208 2160 5251 mo-

502 5281 629 5334 tum
661 5270 982 5335 electiones
1014 5271 1212 5337 facere
1242 5273 1494 5339 debere.

579 5360 609 5442 ἕ
637 5358 737 5425 VI.
765 5362 948 5424 Porro
972 5380 1205 5441 omnes,
1235 5364 1415 5428 etiam
1442 5364 1697 5447 ipsemet
1719 5368 1999 5433 ordinum
2025 5371 2155 5434 col-

498 5449 675 5530 lator,
711 5449 1049 5515 ordinatum
1068 5454 1350 5537 salutant;
1371 5456 1653 5536 quoniam
1678 5477 1813 5520 cum
1841 5461 1957 5523 hoc
1978 5461 2157 5523 modo

499 5557 672 5605 mens
712 5551 938 5620 sancta,
963 5542 1166 5608 divina
1189 5544 1503 5610 vocatione
1529 5555 1587 5610 et
1605 5550 2035 5616 ecclesiasticis
2058 5552 2156 5615 in-

574 5727 603 5761 “
628 5715 799 5784 Joan.
834 5734 977 5800 xvu,
1012 5720 1070 5786 t.
1146 5730 1169 5764 ν
1199 5721 1357 5787 Psal.
1395 5736 1517 5807 Ctx,
1550 5724 1612 5791 4.
1686 5736 1712 5769 κ
1738 5726 1874 5791 Act.
1913 5744 1954 5804 ι,
1989 5728 2090 5794 24.

1987 5862 2017 5905 Ι

2245 4735 2412 4796 ’Ὅθεν
2469 4740 2558 4794 καὶ
2619 4738 2731 4817 περὶ
2806 4745 2899 4795 τοῦ
2956 4736 3298 4819 Ἰσκαριώτου
3357 4740 3516 4817 φησὶν
3578 4742 3605 4797 6
3654 4740 3911 4820 μέγιστος

2245 4828 2467 4909 Πέτρὸς,
2554 4825 2635 4884 ὅτι
2706 4825 2925 4885 ’Ἔλαϐε
2987 4829 3081 4885 σὺν
3147 4826 3277 4906 ἥμιν
3354 4831 3446 4887 τὸν
3519 4830 3727 4909 κλῆρον
3813 4836 3913 4898 τῆς

2242 4916 2506 4983 διακονίας
2538 4917 2763 4985 ταύτης’
2809 4918 2982 4977 καίτοι
3017 4920 3249 4990 στνήθης
3300 4932 3421 4984 τοῖς
3489 4919 3723 4988 πολλοῖς
3780 4920 3913 4988 κλῆ-

2243 5030 2332 5086 ρος
2393 5010 2487 5065 οὒκ
2543 5008 2630 5065 ἐπὶ
2688 5011 2793 5065 τῶν
2850 5008 3170 5067 ἀποστόλων
3213 5009 3429 5090 γέγονεν
3457 5011 3559 5068 ὑπὸ
3592 5022 3688 5073 τοῦ
3724 5013 3913 5093 Κυρίου

2240 5108 2332 5159 τοῦ
2362 5096 2740 5174 ἐπιλεξαμένου
2769 5098 2979 5164 αὐτοὺς.
3037 5099 3187 5167 Πλὴν
3244 5098 3407 5161 πάλιν
3438 5102 3500 5159 τὸ
3544 5103 3910 5182 προκείμενον

2240 5188 2491 5269 λέγομεν,
2558 5186 2638 5245 ὅτι
2661 5189 2772 5269 χρὴ
2829 5190 2922 5245 τὸν
2978 5190 3239 5271 ἱεράρχην
3297 5191 3612 5268 κινούμενον
3639 5195 3790 5275 παρὰ
3816 5193 3907 5251 τοῦ

2239 5278 2499 5357 παναγίου
2531 5278 2836 5355 Πνεύματος
2866 5279 2962 5342 τὰς
2993 5277 3219 5359 ἐκλογὰς
3246 5285 3541 5342 ποιεῖσθαι.

2322 5366 2475 5446 ενι,
2512 5368 2709 5434 Πάντες
2742 5366 2796 5425 δὲ
2827 5368 3178 5444 ἀσπάζονται,
3213 5372 3302 5429 καὶ
3347 5373 3501 5439 αὐτὸς
3564 5375 3593 5430 6
3653 5379 3905 5456 χειροτο-

2241 5462 2435 5533 νήσας,
2509 5459 2597 5517 τὸν
2669 5457 3043 5540 τελφεσθὲντα·
3107 5459 3240 5519 διότι
3272 5462 3397 5521 ὅταν
3434 5468 3909 5545 τοφιουτοτρόπως

2241 5550 2347 5608 ἀπὸ
2405 5548 2545 5614 θείας
2609 5547 2858 5630 κλήσεως
2937 5551 3026 5611 καὶ
3094 5552 3375 5634 ἱερατικῶν
3435 5550 3715 5634 δυνάμεων
3772 5556 3909 5636 πρὸς

2166 5740 2193 5785 y
2226 5724 2413 5811 Ibid.,
2452 5724 2544 5792 17.
