4072 6412
473 354 584 424 531
1707 355 1772 420 S.
1820 356 2166 421 DIONYSII
2209 357 2719 422 AREOPAGlT/E
3761 352 3884 420 532

468 492 674 557 turbas
701 491 832 555 illas
863 510 998 574 qum
1017 510 1051 555 a
1079 490 1266 555 sacris
1295 489 1725 554 functionibus
1754 499 1811 552 et
1837 508 2076 552 consecr

2278 495 2412 549 τῶν
2471 491 2777 570 ἱερουργιῶν
2820 492 2906 548 καὶ
2937 489 3316 572 τελετουργιῶν
3368 490 3435 543 95
3460 489 3656 549 ἆποδια
3719 493 3886 549 στελ-

470 582 732 648 tionibus
755 591 1437 665 segregantur,quarum
1461 582 1743 662 superius
1768 581 2072 643 mentione

2286 604 2444 659 μεναι
2488 581 2747 661 πληθύες,
2790 584 2866 637 ὧν
2921 580 3024 649 ἤδη
3070 582 3291 658 μνήμην
3323 582 3724 657 ἐποιησάμεθα·
3784 586 3889 648 τῆς

469 674 725 739 fecimus
756 696 770 734 :
805 692 1056 755 quorum
1090 673 1240 736 alius
1297 672 1544 753 quidem
1576 690 1611 734 a
1640 673 1823 735 sacris
1873 681 2077 734 arcetu

2282 697 2341 753 ;v,
2374 676 2447 736 ὡς
2506 671 2581 728 ἒτι
2641 673 2772 750 πρὸς
2815 677 2922 729 τῶν
2982 670 3306 750 λειτουργῶν
3362 685 3484 736 τοῖς
3545 684 3890 748 μαιευτικοϊς

474 766 635 849 quod
667 764 866 828 adhuc
898 783 934 826 a
966 763 1260 827 ministris
1292 763 1365 825 ad
1410 762 1643 825 vitalem
1678 771 1909 843 partum
1940 759 2082 823 verb

2286 764 2417 842 γίοις
2471 764 2601 842 πρὸς
2659 762 2892 833 ζωτικὴν
2949 761 3193 829 ἆπότεξιν
3253 762 3630 843 μορφουμὲνης
3677 784 3738 820 τε
3797 764 3894 820 καὶ

475 853 1018 919 obstetricantibus
1041 853 1307 916 foveatur
1351 861 1527 935 atque
1559 854 1906 916 eﬂ'ut‘metur
1937 873 1954 929 ;
1986 850 2083 913 alti

2284 852 2705 928 ιπλαττομένης’
2751 853 2852 918 τῆς
2896 848 2976 932 δὲ,
3010 854 3085 916 ὡς
3144 851 3221 909 ἔτι
3270 855 3403 933 πρὸς
3460 854 3561 922 τὴν
3615 854 3785 931 ἱερὰν,
3818 854 3892 919 ἧς

473 963 639 1024 vero,
676 944 835 1027 quod
867 945 1193 1007 etiamnum
1230 942 1301 1006 ad
1326 962 1481 1025 eam,
1516 961 1551 1006 a
1574 962 1693 1024 qua
1725 941 1967 1023 defecit,
2003 940 2081 1002 vit

2286 966 2425 1024 τρστη
2515 947 2658 1015 ζωῆς
2729 940 3269 1019 ἆνακικλησκομένης
3339 949 3409 1020 τῇ
3479 949 3585 1000 τῶν
3671 943 3894 1020 ἀγαθῶν

474 1035 930 1099 sanctimoniam
978 1034 1386 1098 adhortatoria
1415 1051 1763 1096 sermonum
1828 1031 2082 1094 bonorui

2282 1036 2409 1113 γίων
2464 1034 2811 1113 ἐπιτρεπτικῇ
2868 1030 2935 1082 96
2989 1030 3320 1106 διδασκαλίᾳ·
3381 1036 3486 1098 τῶς
3531 1030 3607 1108 δὲ,
3671 1035 3749 1097 ὡς
3810 1032 3890 1090 ’ἑτι

474 1126 791 1208 disciplina
822 1124 1315 1206 revocetur;alius
1346 1124 1735 1205 autem,quod
1769 1121 1961 1184 adhuc
1994 1139 2082 1182 co:

2281 1126 2342 1186 κὸς
2403 1130 2506 1182 τῶν
2565 1123 2815 1180 ἐναντίων
2872 1128 3075 1180 πτοιῶν
3125 1121 3394 1199 ἀνένδρως
3457 1122 3889 1198 ἒκδειματουμὲ-

475 1216 672 1280 trariis
704 1216 1023 1298 pavoribus
1052 1215 1347 1294 ignaviter
1372 1221 1880 1295 terreatur,atque
1913 1219 2083 1291 poten

2287 1237 2334 1291 ε,
2371 1216 2457 1271 καὶ
2520 1215 2647 1291 πρὸς
2710 1215 2818 1269 τῶν
2879 1212 3245 1290 δυναμοποιῶν
3304 1212 3500 1292 λογίων
3558 1212 3886 1292 ἐπιῤῥωννδ-

474 1306 632 1369 tibus
655 1306 798 1368 950
824 1305 1082 1384 eloquiis
1113 1304 1583 1379 corroboretur;
1619 1304 1773 1366 alius
1797 1320 2082 1383 vero,quo

2288 1322 2412 1372 νησ·
2473 1308 2574 1370 τῆς
2619 1300 2705 1382 δὲ,
2739 1304 2811 1368 ὡς
2861 1303 2939 1360 ἔτι
2997 1304 3127 1381 πρὸς
3177 1304 3271 1367 τάς
3323 1305 3465 1381 ἱερὰς
3494 1305 3766 1382 ἓνεργείας
3830 1305 3892 1361 ἐκ

470 1397 667 1461 adhuc
685 1397 758 1460 ab
775 1395 1062 1478 operibus
1086 1396 1387 1478 perversis
1407 1396 1480 1458 ad
1497 1413 1702 1458 sacras
1734 1393 2002 1456 actiones
2020 1401 2078 1453 tr;

2284 1417 2323 1451 ιν
2356 1393 2620 1475 χειρόνων
2648 1392 3047 1472 μεταγομένης⁶
3083 1393 3178 1462 τῆς
3204 1392 3284 1469 δὲ,
3308 1397 3382 1458 ὡς
3408 1393 3774 1475 μεταχθέίσης
3825 1394 3892 1445 97

470 1487 745 1564 ducatur;
773 1486 946 1567 alius,
970 1485 1125 1565 quod
1150 1485 1273 1565 jam
1300 1484 1608 1548 traductus
1642 1482 1885 1564 quidem
1918 1482 2078 1557 sit,se

2284 1509 2317 1540 ,ν
2379 1484 2526 1541 οὔπω
2582 1482 2636 1540 δέ
2694 1485 2756 1541 τὸ
2825 1483 3110 1562 πανάγνως
3164 1483 3543 1564 ἆνεπίστροφον
3589 1485 3645 1541 ὲν
3675 1486 3892 1542 θειοτέ-

470 1576 739 1639 nondum
763 1575 1161 1640 constantiam
1195 1576 1256 1637 in
1287 1574 1506 1639 divinis
1531 1571 2078 1651 immutabilibusqi

2289 1598 2335 1640 ις
2419 1573 2558 1640 ἕξεσι
2645 1575 2732 1631 καὶ
2799 1572 3111 1639 ἀσαλεύτοις
3170 1573 3489 1655 ἐσχηκυίας,
3553 1577 3715 1631 Αὖται
3788 1577 3892 1654 γάρ

469 1667 740 1730 scientiis
769 1668 847 1728 sit
875 1664 1345 1738 consecutus.!lli
1373 1665 1534 1728 enim
1572 1671 1711 1726 sunt
1755 1662 2001 1725 ordines
2032 1680 2077 1743 ql

2285 1687 2351 1720 rw
2415 1665 2467 1720 αἱ
2521 1664 2898 1740 καθαιρόμεναι
2965 1662 3137 1728 τάξεις
3195 1665 3295 1720 ὑπὸ
3350 1664 3449 1732 τῆς
3511 1662 3893 1744 λειτουργικῆς

473 1776 617 1824 cura
648 1756 1063 1820 ministrorum
1096 1764 1156 1818 et
1188 1756 1481 1837 purgandi
1512 1755 1569 1816 vi
1615 1755 1950 1835 expiantur,
1985 1772 2081 1833 qui

2285 1754 2525 1817 ιιεύσεως
2602 1755 2690 1811 καὶ
2771 1758 3096 1831 καθαρτικῆς
3183 1752 3474 1828 δυνάμεωςο
3555 1755 3757 1818 ταύτας
3848 1759 3893 1813 οἱ

474 1850 550 1912 ad
582 1850 697 1910 hoc
727 1847 987 1910 ministri
1019 1848 1205 1910 sacris
1251 1847 1375 1909 suis
1428 1844 1742 1908 virtutibus
1773 1844 2078 1925 provehuu

2285 1846 2517 1925 ιτουργοὶ
2593 1858 2715 1907 ταῖς
2776 1846 2946 1924 ἱεραῖς
3005 1847 3179 1902 αὖτών
3249 1842 3499 1919 δυνάμεοι
3573 1843 3893 1925 τελεσιουρ-

474 1949 542 2001 ut
571 1938 838 2018 perfecte
863 1937 1205 2018 purgati,ad
1235 1936 1674 2000 illuminantem
1700 1932 2082 1998 illustrissimi

2284 1955 2367 1990 υσι
2427 1934 2560 2012 πρὸς
2623 1934 2685 1990 τὸ
2741 1932 2938 1999 τελέως
2996 1932 3061 1982 93
3121 1932 3528 2013 ἐκκαθαρθείσας
3582 1934 3749 2000 αὒτόις
3816 1938 3891 2001 εἰς

475 2045 610 2090 rum
641 2026 1069 2090 sacrificiorum
1092 2026 1657 2110 contemplationem
1676 2035 1748 2105 ‘et
1762 2024 2083 2089 communit

2282 2048 2313 2087 ην
2365 2026 2696 2103 φωτιστικην
2752 2026 2857 2080 τῶν
2915 2026 3227 2105 τρανοτάτων
3300 2027 3605 2104 ἱερουργιῶν
3661 2027 3890 2106 θεωρίαν

482 2134 620 2183 nem
653 2116 1063 2195 traducantur,

2218 2133 2274 2169 τε
2306 2114 2394 2170 καὶ
2423 2115 2703 2174 κοινωνίαν
2739 2118 3083 2193 μεταχθῆναι
3110 2112 3199 2178 99.

2112 2277 2143 2355 §
2174 2275 2254 2338 ιι.

565 2443 789 2508 Medius
818 2450 1013 2507 autem
1029 2444 1179 2507 ordo
1196 2452 1288 2507 est
1317 2444 1367 2507 is
1381 2446 1481 2528 qui
1518 2463 1823 2510 sacrorum
1851 2457 2132 2525 quorum-

2298 2440 2448 2508 Μέση
2508 2439 2563 2497 δὲ
2592 2439 2735 2505 τάξις
2781 2440 2920 2498 ἐστὶν
2951 2444 2985 2511 ἡ
3037 2440 3341 2520 θεωρητικὴ
3376 2443 3464 2498 καί
3512 2463 3673 2498 τινων
3724 2444 3888 2521 ἱερῶν

483 2536 617 2598 dam
646 2542 886 2616 aspectu
911 2534 1336 2616 gsudet,atque
1364 2536 1713 2599 earumdem
1754 2553 1860 2616 pro
1889 2530 2090 2594 modul

2284 2531 2491 2610 αΛόγως
2567 2534 2623 2588 ἓν
2700 2531 3022 2610 καθαρότητι
3093 2532 3241 2609 πάσῃ
3306 2533 3584 2604 κοινωνὸς,
3646 2532 3683 2599 ἡ
3765 2534 3890 2599 τοῖς

482 2644 594 2690 suo
621 2624 680 2686 in
710 2624 872 2686 omni
897 2623 1150 2703 puritate
1166 2624 1462 2707 particeps
1477 2623 1844 2705 exsistit,qui
1863 2620 2090 2683 luminis

2286 2624 2439 2677 »εὖσιν
2497 2623 2570 2686 εἰς
2630 2624 2691 2678 τὸ
2763 2624 3012 2701 φωτίζειν
3068 2623 3231 2690 αὐτὴν
3292 2622 3721 2698 ἀπονεμηθεῖσα.
3790 2617 3894 2683 Καὶ

480 2714 817 2796 accipiendi
841 2715 1026 2792 gratia
1043 2715 1424 2777 sacerdotum
1444 2733 1607 2777 cura;
1633 2721 1722 2776 est
1751 2731 1880 2775 com
1892 2711 2088 2773 missu:

2283 2713 2327 2789 ἱρ
2358 2711 2522 2786 ἐστιν,
2556 2715 2631 2776 ὡς
2695 2726 2876 2789 οἴμαι,
2911 2712 3097 2787 δῆλον,
3129 2715 3201 2778 ὡς
3258 2715 3292 2781 ἡ
3327 2716 3647 2792 καθαρθεϊσα
3705 2715 3891 2781 πάσης

481 2805 872 2886 Perspicuum
905 2812 996 2867 est
1026 2803 1228 2886 enim,
1283 2812 1347 2866 ut
1376 2804 1655 2886 arbitror,
1692 2804 1848 2865 hunc
1878 2801 1953 2864 ab
1983 2820 2089 2864 om;

2286 2802 2435 2882 νιέρου
2502 2801 2741 2883 κηλίδος,
2804 2805 2889 2860 καὶ
2944 2804 3214 2882 πάναγνον
3291 2803 3565 2881 ἑσγηκυϊα
3618 2805 3721 2873 τὴν
3800 2808 3894 2863 τοῦ

482 2893 620 2957 labe
645 2895 874 2958 nefaria
905 2894 1545 2977 expiatum,etcastam
1570 2904 1746 2975 atque
1776 2891 2090 2954 immobile

2283 2894 2421 2950 κείου
2480 2895 2597 2958 νοὸς
2654 2894 2904 2961 ἀκίνητον
2974 2892 3203 2973 ἵδρυσιν,
3260 2895 3347 2952 ἐπὶ
3404 2896 3498 2962 τὴν
3549 2897 3891 2974 θεωρητικὴν

483 2991 703 3048 mentis
717 3003 840 3047 suae
854 2985 1056 3047 sedem
1079 2985 1363 3066 adeptum
1378 2987 1473 3062 ,ad
1491 2983 1933 3065 contemplandi
1954 2983 2091 3044 sciei

2288 3006 2334 3037 tv
2391 2984 2478 3039 καὶ
2511 2980 2728 3058 δύναμιν
2781 2985 3122 3061 ἱερουργικῶς
3160 2982 3251 3034 100
3297 2984 3613 3064 μετάγεται,
3643 2987 3737 3042 καὶ
3770 3008 3894 3044 κοι-

486 3075 627 3137 tiam
659 3083 835 3155 atque
858 3080 1129 3137 virtutem
1158 3075 1538 3138 sacerdotum
1567 3092 1747 3156 opera
1773 3091 2094 3155 promover

2286 3085 2392 3130 ονετ
2439 3086 2557 3138 τοῖς
2590 3073 2707 3129 κατ’
2769 3073 2931 3141 αὒτὴν
2962 3075 3256 3138 θειοτάτοις
3313 3072 3622 3149 συμϐόλοις,
3659 3078 3719 3131 ἒν
3770 3090 3894 3142 ταῖς

486 3163 1027 3242 divinissimisque,
1080 3164 1298 3247 quibus
1342 3165 1429 3227 illi
1460 3166 1546 3227 fas
1589 3174 1699 3245 esl,
1759 3171 2093 3225 sacrament

2288 3164 2466 3241 ωρίαις
2517 3165 2688 3220 αὒτῶν
2761 3165 2848 3220 καὶ
2922 3166 3247 3233 κοινωνίαις,
3310 3164 3526 3231 ἁπάσης
3585 3168 3733 3244 ἱερᾶς
3802 3169 3893 3223 εὖ-

488 3254 1034 3331 communicare,in
1068 3273 1320 3336 quorum
1353 3253 2096 3336 contemplationibusdcon

2286 3254 2491 3320 ὠδύνης
2537 3252 3019 3334 ἆποπληρουμένη,
3074 3258 3163 3312 καὶ
3224 3255 3355 3332 πρὸς
3428 3256 3519 3311 τὸν
3578 3259 3729 3312 θεῖον
3792 3262 3894 3324 τῆς

489 3345 1006 3425 munionibusque
1034 3346 1198 3408 omni
1230 3364 1401 3409 sacro
1432 3346 1643 3425 gaudio
1668 3344 1956 3427 repletur,
1991 3351 2049 3405 et
2071 3361 2097 3405 a

2286 3346 2531 3419 κνήμης
2615 3349 2785 3403 αὐτῶν
2866 3343 3037 3423 ἔρωτα
3093 3358 3217 3410 ταῖς
3275 3344 3645 3423 Ξιναγωγικαῖς
3718 3350 3894 3405 abtin

491 3434 754 3498 divinum
776 3436 1126 3499 earumdem
1149 3436 1416 3499 scientiae
1432 3454 1696 3499 amorem
1732 3453 1835 3516 per
1866 3452 2092 3513 anagog

2289 3434 2506 3498 νάμεσιν
2581 3432 2857 3512 ἀναλόγως
2942 3433 3404 3513 ἆναπτεροδμένη.
3488 3435 3699 3501 Ταύτην
3784 3436 3893 3515 ἐγώ

488 3543 590 3590 cas
618 3528 869 3588 virtutes
900 3545 1006 3607 pro
1028 3526 1182 3588 virili
1203 3546 1311 3590 suo
1341 3525 1810 3590 subvolat.llunc
1838 3544 1976 3604 ergo
1996 3542 2096 3586 san

2284 3546 2365 3598 ιμι
2425 3523 2521 3590 τὴν
2580 3530 2670 3580 τοῦ
2700 3526 2839 3601 ἱερου
2864 3522 2997 3580 λαοῦ
3048 3522 3219 3592 τάξιν,
3253 3524 3326 3585 ὡς
3383 3520 3468 3579 διὰ
3516 3523 3698 3590 πάσης
3753 3524 3892 3592 ἐλη-

490 3623 602 3678 οιω
620 3613 815 3697 plebis
838 3601 1111 3679 ordinem
1140 3617 1631 3699 appello;quippe
1653 3615 1752 3696 qui
1777 3633 1885 3696 per
1901 3601 2098 3676 omne:

2286 3614 2447 3671 θυίαν
2505 3613 2828 3693 καθάρσεως,
2890 3615 2978 3671 καὶ
3034 3615 3134 3680 τῆς
3206 3615 3349 3691 ἱερᾶς
3407 3618 3513 3669 τῶν
3577 3622 3894 3691 φανοτάτων

488 3705 889 3786 expiationem
914 3724 984 3768 eo
1001 3706 1438 3787 pervenerit,ut
1458 3713 1840 3771 sacrosancto
1866 3711 2096 3786 praestai

2289 3704 2458 3761 λετιῦν
2512 3703 2741 3779 ἒποψίας
2808 3706 2893 3763 καὶ
2954 3704 3255 3780 κοινωνίας,
3304 3705 3378 3769 ὡς
3432 3704 3678 3785 θεμιτὸν,
3724 3703 3893 3773 ἠξιω-

489 3794 859 3857 tissimorum
881 3804 1390 3860 sacramentorum
1416 3805 1662 3878 aspectu
1688 3804 1748 3857 et
1768 3793 2146 3859 communio-
2230 3794 2425 3872 μένην.

491 3902 590 3963 ne,
626 3892 909 3968 quantum
942 3885 1028 3950 fas
1053 3895 1165 3970 est,
1201 3888 1417 3967 dignus
1462 3888 1539 3951 sit
1569 3886 1831 3951 habitus.

2096 4049 2124 4130 ς
2166 4048 2265 4113 ιιι.

554 4211 838 4277 Summus
856 4232 991 4277 vero
1009 4231 1217 4277 eorum
1241 4213 1509 4275 omnium
1529 4213 1628 4293 qui
1650 4212 2041 4294 perﬁciuntur
2054 4222 2144 4276 est

2312 4204 2375 4269 Ἠ
2427 4208 2483 4266 δὲ
2544 4214 2648 4266 τῶν
2701 4206 3044 4284 τελουμένων
3113 4207 3334 4264 ἀπασῶν
3389 4205 3701 4290 ὑψηλοτέρα
3759 4208 3897 4276 τάξις

487 4302 634 4365 ordo
659 4322 831 4366 sacer
852 4305 1448 4378 monachorum,cum
1476 4313 1535 4366 et
1564 4304 1726 4365 omni
1752 4304 2095 4385 piaculo,tol

2318 4308 2424 4359 τῶν
2483 4303 2741 4378 μοναχῶν
2790 4296 2934 4355 ἔστιν
2983 4298 3096 4371 ἱερᾶ
3145 4295 3528 4380 διακόσμησις,
3569 4307 3752 4359 πᾶσαν
3807 4299 3897 4375 μὲν

488 4392 861 4475 vi,omnique
890 4396 1193 4457 actionum
1228 4411 1467 4455 suarum
1516 4393 1915 4457 sanctimonia
1942 4394 2022 4457 sit
2052 4413 2096 4456 e:

2289 4392 2740 4469 ιοκεκαθαρμὲνην
2800 4388 3078 4466 κάθαρσιν,
3111 4386 3270 4464 ὁλικῇ
3328 4386 3545 4464 δυνάμει
3605 4392 3697 4449 καὶ
3758 4414 3897 4449 παν.

489 4459 705 4563 piatus,
740 4459 801 4546 et
828 4484 1026 4545 omnis
1060 4483 1347 4565 mysterii,
1380 4483 1541 4564 quod
1588 4483 1832 4565 quidem
1868 4485 1923 4547 ei
1956 4487 2039 4546 fas
2069 4503 2096 4545 s

2284 4483 2379 4540 ,λετ
2437 4488 2540 4537 τῶν
2597 4480 2803 4536 οἰκείων
2879 4479 3156 4555 ἐνεργειῶν
3215 4477 3495 4557 ἁγνότητι,
3557 4481 3743 4549 πάσης
3821 4480 3892 4554 δὲ,

487 4573 782 4654 aspicere,
817 4581 1116 4654 spectator
1146 4574 1565 4655 particepsque
1613 4575 1689 4636 sit
1714 4574 1931 4652 factus,
1959 4573 2095 4637 tradi

2287 4595 2362 4641 της
2417 4570 2634 4647 θεμιτὸν
2712 4573 2868 4646 animi},
2928 4571 3148 4647 θεωρεῖν
3225 4570 3542 4648 ἱερουργίας,
3603 4569 3660 4626 ἐν
3745 4577 3895 4650 νοερᾷ

484 4672 705 4743 tusque
735 4662 1069 4743 perﬁcienti
1099 4663 1451 4744 pontiﬁcum
1480 4664 1709 4740 ordini,
1734 4666 1912 4745 cujus
1935 4663 2092 4727 divin

2290 4664 2420 4743 ωρίᾳ
2491 4661 2578 4717 καὶ
2654 4659 2905 4731 κοινωνίᾳ
2976 4658 3340 4737 γεγενημένη,
3395 4661 3484 4715 καὶ
3563 4674 3694 4725 ταῖς
3792 4666 3895 4718 τῶν

488 4751 984 4815 illustrationibus
1028 4753 1470 4835 pontiﬁciisque
1514 4756 1804 4817 institutis
1835 4773 2096 4817 sacrorw

2283 4757 2500 4833 ραρχῶν
2599 4747 2977 4813 τελειωτικαῖς
3069 4745 3349 4823 δυνάμεσιν
3452 4749 3891 4831 ἑγχειριζοιιὲνη²

487 4843 563 4905 ad
577 4860 643 4904 se
654 4842 1052 4923 spectantium
1078 4843 1502 4925 mysteriorum
1522 4845 2011 4907 consecrationes
2026 4864 2095 4907 er

2283 4846 2325 4901 πιὶ
2381 4854 2503 4905 ταῖς
2555 4839 2748 4901 ἐνθέοις
2806 4843 2977 4898 αὐτῶν
3037 4837 3336 4915 ἐλλάμψεσι
3394 4840 3483 4914 καὶ
3552 4843 3891 4923 ἱεραρχικαϊς

489 4932 674 5009 ditus,
701 4932 774 4995 ab
806 4932 1155 4994 earumdem
1189 4950 1359 4994 sacra
1390 4935 1645 4997 scientia
1666 4934 1738 4996 ad
1775 4933 2094 5019 perfectiss

2284 4930 2588 5012 αραδόσεσιν
2667 4925 3085 5003 ἑκδιδασκομὲνη
3143 4928 3238 4990 τὰς
3310 4928 3722 4996 ὲποπτευθείσας
3793 4932 3892 4989 τῶν

490 5040 648 5084 mam
685 5040 789 5103 pro
813 5040 921 5085 suo
946 5021 1191 5085 modulo
1218 5024 1650 5103 perfectionem
1677 5017 2098 5089 eve‘batur.Hir

2283 5023 2355 5081 ιτ⁹
2408 5022 2571 5089 αὖνὴν
2602 5022 2755 5098 ἱερῶν
2812 5024 3040 5075 τελετῶν
3096 5017 3411 5097 ἱερουργίας,
3444 5018 3531 5074 καὶ
3606 5022 3742 5100 πρὸς
3803 5026 3891 5087 τῆς

491 5112 683 5182 sancti
717 5119 1115 5194 praeceptores
1146 5120 1334 5175 nostri
1355 5113 1574 5176 divinis
1601 5133 1704 5177 eos
1729 5115 2090 5196 appellation

2283 5122 2379 5196 ρᾶς
2443 5116 2614 5171 αὐτῶν
2703 5109 3007 5185 ἐπιστήμης
3066 5106 3342 5186 ἀναλόγως
3400 5109 3476 5173 εἷς
3548 5107 3890 5177 τελειοτάτην

493 5211 603 5269 bus
625 5221 765 5270 sunt
792 5211 1080 5283 prosecuti
1107 5230 1121 5279 ;
1150 5211 1247 5270 alii
1269 5212 1500 5285 quidem
1525 5211 2016 5287 therapeutas,seu
2046 5229 2101 5271 cu

2279 5202 2539 5283 ναγομένη
2597 5197 2896 5261 τελείωσιν.
2970 5196 3146 5256 Ἐνθεν
3220 5201 3268 5256 οἱ
3334 5201 3470 5256 θεῖοι
3527 5201 3887 5281 καθηγεμόνες

492 5300 754 5369 toru,alii
774 5315 909 5361 vero
939 5303 1416 5371 monachos,cum
1443 5320 1473 5362 a
1506 5306 1738 5365 sincero
1758 5303 1855 5363 Dei
1878 5304 2100 5364 aemula!

2271 5299 2385 5374 μῴν
2438 5292 2738 5367 ἐπονυμιῷν
2789 5290 2977 5354 αὐτοὺς
3032 5289 3187 5368 ἱερῷν
3242 5287 3507 5365 ἡξιωσαν,
3541 5292 3590 5346 ol
3636 5292 3745 5367 μὲν
3804 5296 3879 5349 θε.

1825 5485 2086 5552 VARUE
2125 5477 2554 5549 LECTIONES.

572 5661 638 5715 95
682 5662 1697 5759 ἱερουργικῷν,ΠΡ.“λειιτουργιῷνη
1785 5666 1850 5720 98
1891 5665 2427 5759 ’ἐπιστρεττικξιλᾼιξ
2509 5657 2576 5711 9⁷
2608 5655 3075 5759 κμετξξπχθείσης,
3128 5655 3194 5720 Ρ.
3278 5656 3344 5710 98
3397 5658 3639 5742 τελείως,
3701 5661 3766 5724 S.
3825 5656 3887 5720 Ρ.

490 5739 555 5795 99
582 5738 1089 5830 μεταέαχδῆνι“ι,’δ
1148 5747 1221 5811 D.
1254 5745 1336 5810 ita
1361 5738 1940 5813 etiam'Viennensis
1966 5738 2179 5813 codex.
2265 5738 2358 5797 λῧο
2386 5746 2703 5823 ἱερουργῷςι
2738 5738 2825 5805 Μ·

402 6166 513 6349 ι
