4072 6422
296 383 408 448 541

783 385 882 449 DE
927 382 1228 448 ECCLES.
1279 383 1676 447 HIERARGH
1714 431 1728 464 ,
1775 383 1940 446 CAP.

2054 383 2106 446 Ι.
2151 415 2229 428 -
2259 381 2656 446 PARAPHR.
2701 381 3209 446 ΡΑΟΗΥΜΕΒίΕ.

3585 375 3704 449 542

292 524 476 602 μένων
537 523 698 598 ἐστὶν,
759 523 1316 601 ἀνακεφαλαιούμενος
1366 525 1458 584 τὰς
1513 545 1615 580 των
1677 521 1954 580 τελούντων

2053 519 2152 599 qui
2185 527 2638 594 con-ecrantur,
2676 527 2794 580 tres
2819 518 2955 580 illos
2985 537 3184 580 sacros
3207 520 3448 584 ordines
3479 539 3698 587 recen-

290 629 448 694 τρετς
506 613 704 694 τάξεις,
769 615 876 672 τῶν
929 617 1217 694 ἱεραρχ’ῖ›ν,
1269 619 1370 670 τῶν
1428 613 1818 694 πρεσϐυτέρων,
1856 619 1962 670 τῶν

291 703 582 780 διακόνων,
635 709 710 762 ὦν
765 706 966 784 ἑκάστῃ
1025 705 1466 784 ἀποκεκλήρωται
1525 707 1558 773 ἡ
1617 706 1960 782 προσήκουσα

291 795 520 872 δύναμις
577 797 666 852 καὶ
697 795 956 874 ἐνέργεια,
989 799 1022 864 ἡ
1055 799 1370 872 καθαρτική,
1416 796 1583 875 φημί,
1634 798 1668 864 ἦ
1701 817 1958 876 φωτιστι-

289 887 394 962 καὶι,
428 888 519 944 καὶ
579 887 613 955 ἦ
647 884 986 956 τελειωτική·
1049 888 1093 942 εἰ
1151 887 1229 961 μὴ
1290 887 1388 965 γὰρ
1445 885 1740 967 δυνηθεῖεν,
1775 891 1869 945 οὐκ
1899 884 1960 941 ἂν

291 975 637 1056 ἐνεργήσειε.
695 975 851 1054 Λέγει
883 977 970 1032 καὶ
1026 977 1143 1055 περὶ
1192 979 1298 1032 τῶν
1346 974 1676 1051 τελουμένων
1735 975 1956 1048 τάξεων,

289 1067 503 1130 αἵτινές
550 1068 648 1123 εἶσι
695 1066 1097 1141 καθαιρόμεναι,
1132 1067 1514 1146 φωτιζόμεναι,
1563 1065 1952 1142 τελειούμεναι·

285 1165 578 1236 τοιγαροῦν
665 1158 796 1212 εἶσιν
877 1157 927 1214 αἱ
1007 1156 1421 1236 κατεχουμένων
1501 1158 1586 1213 καὶ
1657 1161 1763 1212 τῶν
1847 1154 1960 1212 ἐνο-

297 1247 618 1327 χλουμένων
653 1249 741 1304 καὶ
771 1247 848 1303 ἔτι
899 1251 1006 1302 τῶν
1037 1246 1311 1325 ἐμπαθῶν,
1346 1247 1433 1304 καὶ
1485 1251 1587 1302 τῶν
1617 1250 1672 1304 ἓν
1703 1250 1956 1324 μετανοίᾳ

287 1337 552 1418 πληθύες,
589 1339 699 1394 ἐστι
733 1339 832 1413 μὲν
863 1339 1035 1394 εἰπεῖν
1067 1338 1154 1394 καὶ
1197 1337 1318 1394 κατ’
1349 1338 1576 1415 ἀριθμὸν
1607 1344 1711 1394 τῶν
1743 1337 1953 1398 ἁπλου-

288 1429 522 1506 στέρων,
556 1426 742 1496 ἐπειδὴ
772 1429 859 1484 επὶ
911 1426 1074 1484 πλέον
1103 1429 1163 1483 τὸ
1221 1427 1410 1506 κακὸν,
1446 1425 1533 1484 ἐπ’
1565 1426 1782 1485 ἔλαττον
1813 1426 1865 1484 δέ
1895 1429 1956 1484 τό

287 1519 494 1598 ἀγαθόν
551 1517 691 1574 ἐστι·
758 1517 931 1576 ’Ἔστι
972 1515 1026 1573 δὲ
1097 1518 1182 1574 καὶ
1241 1518 1560 1596 κρειττόνως
1617 1520 1813 1598 εἰπεῖν,
1874 1517 1954 1575 ὅτι

287 1607 481 1677 ἐπειδῆ
534 1613 656 1673 τοῖς
715 1615 792 1682 τῷ
849 1612 966 1682 Θεῷ
1022 1608 1471 1686 προσεγγίζοντας
1513 1610 1582 1673 ὡς
1644 1609 1956 1683 ἐνουμένους

285 1706 370 1773 τῷ
417 1700 491 1756 ἑνὶ
524 1697 775 1764 ἑνοειδεϊς
805 1721 990 1778 φησιν,
1025 1698 1243 1762 εἰκότως
1276 1701 1319 1753 οἱ
1349 1706 1442 1755 τοῦ
1477 1699 1589 1764 ἐνὸς
1649 1699 1954 1776 ἀφιστάμε-

2045 618 2156 690 set,
2189 610 2420 674 scilicet
2443 612 2892 691 episcoporum,
2931 611 3308 671 sacerdotum
3331 613 3694 675 etdiacono-

2044 718 2466 780 rum,quorum
2487 700 2730 762 cuilibet
2755 701 2940 762 virtus
2970 699 3329 762 conveniens
3349 709 3405 763 et
3429 703 3696 784 operatio

2046 800 2134 851 est
2162 790 3052 872 attributa,expiandi,inquam,
3087 789 3460 852 illuminandi
3485 803 3540 855 et
3567 813 3700 872 per-

2045 880 2434 952 ﬁciendimisi
2457 881 2616 942 enim
2641 880 2852 942 virtute
2879 888 3251 960 praestarent,
3271 881 3352 942 nil
3369 881 3694 946 efﬁcerent.

2045 969 2174 1048 Agit
2209 971 2382 1032 etiam
2417 971 2492 1031 de
2525 969 2840 1032 ordinibus
2869 969 2972 1050 qui
2995 977 3448 1045 consecrantur,
3475 979 3536 1032 ut
3561 979 3700 1034 sunt

2042 1063 2274 1144 isti,qui
2295 1063 3502 1144 expiantur,illuminantur,perﬁciuntur;
3519 1065 3701 1146 siqui-

2041 1153 2178 1215 dem
2210 1161 2348 1214 sunt
2379 1152 2556 1216 etiam
2584 1153 3182 1232 catechumenorum,
3209 1163 3265 1214 et
3286 1154 3694 1230 obsessorum,

2041 1251 2098 1306 et
2119 1243 2536 1323 impotentium
2561 1251 2619 1304 et
2643 1243 3058 1323 pcenitentium
3090 1243 3392 1322 turbze,sic
3415 1245 3577 1307 enim
3594 1263 3695 1306 eas

2039 1333 2216 1395 liceat
2237 1332 2541 1413 appellare
2561 1341 2837 1412 respectu
2860 1334 3095 1394 numeri
3130 1333 3532 1408 innoxiorum,
3550 1355 3698 1415 quo-

2042 1423 2200 1484 niam
2235 1424 2454 1484 malum
2486 1430 2578 1484 est
2609 1423 3078 1498 frequentius,et
3107 1422 3327 1486 bonum
3359 1423 3696 1489 rarius.Vel

2043 1513 2238 1595 potius
2270 1509 2786 1594 dicendum,quod
2821 1532 2954 1574 cum
2988 1514 3060 1574 ad
3100 1515 3284 1576 Deum
3317 1516 3696 1589 accedentes,

2041 1612 2322 1685 tanquam
2357 1604 2444 1664 illi
2475 1605 2578 1665 uni
2611 1604 2987 1682 conjunctos,
3019 1611 3193 1665 etiam
3225 1605 3558 1668 uniformes
3587 1625 3696 1666 vo-

2039 1695 2375 1769 cet,merito
2407 1695 2507 1774 qui
2539 1694 2612 1754 ab
2645 1713 2766 1754 uno
2795 1695 2900 1754 illo
2927 1694 3146 1755 distant
3180 1702 3367 1757 turbze
3396 1715 3498 1758 seu
3537 1697 3692 1758 mul-

287 1813 399 1870 νοι,
449 1789 682 1858 πληθύες
714 1791 926 1868 ῥηθετεν
975 1787 1059 1844 ἅν·
1092 1789 1177 1844 καὶ
1209 1787 1318 1860 ὅσῳ
1375 1788 1728 1868 ποῤῥώτερον,
1762 1797 1953 1847 τοσοῦ-

2044 1785 2328 1846 titudines
2361 1784 2757 1864 appellentur,
2793 1784 2933 1844 256
2979 1795 3318 1865 quantoque
3353 1787 3536 1866 magis
3569 1788 3694 1849 dis-

285 1881 386 1938 τόν
444 1902 507 1958 γε
543 1879 1026 1951 πληθυνθήσονται·
1082 1881 1126 1936 εί
1156 1881 1244 1937 καὶ
1276 1883 1352 1956 μὴ
1410 1880 1530 1937 κατ’
1561 1879 1778 1957 ἀριθμόν
1825 1884 1952 1939 εἰσιν

2044 1884 2185 1948 tant,
2227 1881 2389 1936 tanto
2419 1875 2602 1952 magis
2637 1874 3128 1953 multiplicemur;
3178 1875 3314 1936 licet
3365 1877 3695 1938 secundum

285 1971 660 2051 ἐκτεταμένοι,
695 1969 817 2027 ἀλλ’
875 1971 1044 2050 ὀλίγοι
1075 1971 1214 2036 τινὲς
1267 1973 1354 2028 καὶ
1387 1971 1749 2050 εἶδαρίθμητοι,
1808 1983 1954 2031 Διαι-

2044 1981 2362 2026 numerum
2395 1983 2515 2026 non
2550 1963 2972 2032 extendantur,
2995 1965 3100 2025 sed
3141 1966 3312 2044 pauci
3343 1966 3460 2027 sint
3492 1976 3548 2026 et
3581 1985 3696 2028 nu—

285 2063 399 2141 ρῶν
450 2062 538 2118 οὖν
569 2063 664 2127 τὰς
700 2069 807 2119 τῶν
860 2061 1260 2141 καθαιρομένων
1289 2061 1489 2142 τάξεις,
1521 2065 1640 2128 τοὺς
1675 2066 1773 2140 μὲν
1817 2088 1952 2122 κατ-

2044 2063 2272 2116 meratu
2295 2053 2754 2117 faciles.Eorum
2784 2053 2984 2133 itaque
3011 2053 3111 2132 qui
3129 2055 3698 2134 expianturordines

284 2151 632 2233 ηχουμὲνους
705 2151 852 2230 λέγει
913 2153 1218 2230 μαιεύεσθαι
1291 2154 1432 2232 παρὰ
1503 2155 1607 2210 τῶν
1669 2154 1947 2230 διακόνων,

283 2246 380 2300 καὶ
435 2245 762 2322 μορφοῦσθαι
813 2245 885 2310 εἰς
943 2244 1175 2315 ζωτικὴν
1232 2243 1330 2310 τὴν
1391 2243 1472 2300 διὰ
1516 2243 1610 2313 τῆς
1669 2244 1950 2322 κολυμϐή-

281 2337 412 2414 θρας
473 2333 748 2400 ἂπότεξινο
807 2335 928 2397 τοὺς
987 2331 1042 2389 δὲ
1095 2336 1358 2409 ’ἐμπαθεῖς
1427 2335 1810 2391 ἀνακαλεῖσθαι
1869 2335 1956 2392 διὰ

285 2429 392 2491 τῆς
452 2430 560 2482 τῶν
590 2422 786 2503 λογίων
842 2425 1212 2502 ἀναγνώσεως·
1263 2425 1385 2487 τοὺς
1417 2423 1472 2480 δὲ
1530 2424 1954 2504 ἐνοχλουμένους

285 2515 436 2591 παρὰ
495 2521 600 2570 τῶν
658 2514 908 2572 ἐναντίων
975 2512 1151 2594 φόϐων
1197 2514 1654 2592 ἐπιῤῥωννύεσθαι*
1718 2517 1839 2580 τοὺς
1901 2517 1954 2572 ἐν

289 2605 555 2681 μετανοίᾳ
583 2605 645 2662 ἐκ
692 2610 798 2662 τῶν
851 2605 1111 2685 χειρόνων
1168 2606 1518 2684 μετάγεσθαι,
1551 2605 1639 2661 καὶ
1697 2607 1819 2668 τοὺς
1878 2608 1954 2682 μὴ

289 2694 573 2759 παντελῶς
634 2695 987 2774 καθαρθέντας
1020 2693 1310 2770 λαμϐάνειν
1353 2699 1414 2752 τὸ
1445 2697 1578 2773 πρὸς
1625 2696 1690 2752 τὰ
1743 2697 1960 2776 χείρονα

285 2786 702 2866 ἆνεπίστροφυν,
762 2778 1238 2844 Ὑποδιασταλτέον
1303 2785 1356 2842 δὲ
1418 2789 1490 2850 εἰς
1551 2787 1611 2842 τὸ
1667 2785 1813 2843 οὔπω
1878 2786 1955 2852 δέ,

281 2877 378 2934 καὶ
456 2875 644 2942 ἔξωθεν
732 2875 1030 2944 ἒνληπτέον
1111 2877 1215 2952 τό,
1297 2876 1499 2944 τελέως
1583 2879 1953 2958 καθαρθείσης·

285 2967 439 3026 οὕτω
467 2982 568 3046 γὰρ
597 2969 658 3024 τὸ
689 2973 786 3035 τῆς
817 2967 1019 3032 ἑννοίας
1051 2969 1373 3038 σωθήσεται,

371 3055 404 3138 §
467 3067 540 3120 II.
605 3059 780 3114 Εἰπὼν
832 3056 884 3114 δὲ
940 3058 1059 3136 περὶ
1115 3059 1220 3114 τῶν
1278 3057 1673 3136 καθαιρομένων
1736 3057 1954 3135 τοίξεων,

289 3149 354 3214 ἂς
405 3148 550 3227 παρὰ
590 3153 697 3204 τῶν
727 3146 986 3205 διακόνων
1036 3148 1164 3205 εἶπε
1199 3149 1529 3222 μαιεύεσθαι,
1578 3150 1665 3204 καὶ
1697 3153 1768 3212 εἱς
1819 3151 1955 3206 ὑπο-

2040 2144 2434 2224 distinguens,
2489 2145 2955 2206 catechumenos
3005 2143 3251 2220 quidem
3303 2145 3383 2206 ait
3431 2145 3616 2206 foveri
3659 2162 3692 2205 a

2038 2235 2408 2318 diaconis,et
2428 2235 2500 2298 ad
2527 2235 2762 2296 vitalem
2797 2244 3027 2316 partum
3065 2253 3170 2316 per
3201 2236 3495 2298 lavacrum
3520 2237 3696 2300 eli‘or-

2039 2325 2210 2406 mari;
2241 2325 2622 2405 passionibus
2669 2343 2810 2386 vero
2843 2324 3135 2386 obnoxios
3169 2328 3438 2388 revocari
3471 2327 3552 2388 ait
3585 2345 3692 2406 per

2038 2417 2418 2478 oraculorum
2471 2414 2818 2490 lectionem;
2871 2432 2975 2475 eos
3025 2433 3162 2478 vero
3217 2417 3316 2492 qui
3375 2416 3694 2478 contrariis

2045 2505 2357 2586 pavoribus
2387 2514 2687 2579 vexantur,
2725 2505 3093 2580 conﬁrmari;
3121 2507 3476 2584 posnitentes
3502 2525 3535 2568 a
3567 2525 3694 2568 ma-

2046 2596 2116 2658 lis
2148 2596 2380 2671 reduci,
2411 2603 2470 2656 et
2505 2595 2602 2675 qui
2637 2614 2753 2655 non
2789 2595 3032 2656 omnino
3071 2595 3204 2675 puri
3232 2603 3369 2656 sunt
3401 2597 3514 2658 hoc
3542 2599 3702 2659 acci-

2047 2703 2331 2765 pere,-ne
2363 2685 2422 2746 in
2453 2685 2756 2747 deteriora
2784 2683 3280 2748 relabantur.Sub
3313 2686 3694 2766 distinguen-

2045 2777 2184 2836 dum
2212 2793 2350 2836 vero
2381 2775 2526 2836 illud
2561 2777 2704 2831 οὔπω
2735 2774 2809 2849 δέ,
2849 2775 2948 2836 sed
2969 2775 3272 2850 nondum,
3307 2785 3365 2836 et
3395 2776 3696 2840 subintel-

2043 2865 2372 2946 ligendum,
2399 2865 2662 2945 perfecte
2691 2865 2944 2942 expiat-IT;
2965 2865 3050 2940 sic
3079 2867 3239 2926 enim
3271 2885 3483 2927 sensus
3509 2867 3696 2949 magis

2042 2957 2274 3036 integer
2305 2955 2445 3018 erit.

2122 3043 2251 3126 §II.
2279 3046 2539 3107 Locutus
2572 3065 2706 3108 vero
2741 3045 2816 3108 de
2849 3045 3159 3108 ordinibus
3208 3052 3306 3127 qui
3356 3049 3686 3128 expiantur,

2043 3154 2192 3217 quos
2222 3155 2254 3196 a
2286 3135 2555 3196 diaconis
2589 3137 2770 3198 foveri
2805 3135 2974 3218 dixit,
3013 3145 3071 3198 et
3099 3135 3174 3198 ad
3207 3136 3449 3198 luminis
3481 3156 3692 3200 susce-

280 3239 468 3319 δοχὴν
521 3245 615 3295 τοῦ
671 3239 846 3318 φωτὸς
897 3240 1310 3318 εὐτρεπίζεσθαι,
1341 3237 1444 3306 ἤδη
1475 3237 1820 3314 διαλαμϐάνει
1870 3232 1954 3296 καἲ

2045 3225 2304 3307 ptionem
2342 3227 2682 3307 praeparari,
2737 3227 2916 3288 modo
2968 3233 3086 3306 agit
3116 3227 3190 3288 de
3217 3227 3426 3288 ordine
3457 3227 3693 3290 illorum

279 3331 410 3407 περὶ
469 3333 569 3394 τῆς
639 3333 745 3384 τῶν
802 3328 1178 3407 φωτιζομένων
1237 3328 1456 3407 τάξεως,

283 3419 450 3500 φησὶ,
499 3423 600 3484 τῆς
634 3439 689 3474 τε
749 3417 957 3486 δηλαδὴ
991 3417 1293 3495 καθάρσεως
1325 3420 1412 3474 καὶ
1442 3417 1537 3486 τῆς
1599 3417 1951 3483 τελειώσεως’

281 3511 375 3566 καὶ
423 3510 766 3586 θεωρητικὴν
817 3505 985 3585 λέγει,
1022 3509 1098 3574 ὡς
1152 3507 1456 3584 ἠξιωμένην
1507 3513 1603 3574 τῆς
1648 3509 1785 3574 θείας
1817 3513 1954 3565 θεω-

284 3599 406 3678 ρίας
441 3599 532 3654 καὶ
585 3597 837 3674 ἐποψίας·
873 3595 1019 3676 λέγει
1053 3596 1106 3654 δὲ
1139 3599 1260 3661 τοὶς
1294 3597 1346 3654 ἕν
1397 3605 1473 3671 τῷ
1501 3599 1624 3676 ἱερῷ
1657 3599 1766 3672 λαῴ
1824 3598 1954 3654 ὁλο-

283 3688 528 3763 κλήρους
589 3689 680 3744 καὶ
762 3689 1207 3764 ἀνεπιτιμήτους·
1273 3689 1415 3746 οὗτοι
1462 3689 1582 3766 γὰρ,
1646 3689 1954 3768 ἀποκαθαρ-

285 3777 498 3854 θέντες,
529 3791 648 3841 τοῖς
712 3779 1028 3857 φωτίζουσιν
1084 3779 1497 3858 ἐγχειρίζονται.
1564 3779 1659 3835 Καὶ
1691 3778 1790 3857 γάρ
1848 3779 1958 3836 ἐστι

285 3867 480 3950 δῆλον,
511 3869 584 3934 ὡς
615 3871 650 3936 ἡ
683 3873 1010 3946 καγαρθετσα
1043 3869 1186 3936 τάξις
1250 3871 1425 3936 πάσης
1455 3867 1702 3943 κῆλϊδος,
1734 3871 1820 3925 καὶ
1860 3870 1959 3938 τὴν

283 3967 384 4018 τοῦ
417 3960 540 4022 νοὸς
569 3959 778 4026 κίνησιν
822 3960 928 4016 ἀπὸ
991 3962 1185 4026 παντὸς
1226 3960 1420 4022 πάθους
1482 3957 1842 4038 διαφυλάξασα
1874 3959 1960 4017 ἐπὶ

287 4051 395 4118 τὴν
453 4049 788 4130 θεωρητικὴν
849 4047 954 4116 ἓξιν
1025 4047 1306 4129 ἀνάγεται,
1370 4052 1459 4106 καὶ
1529 4061 1779 4105 κοινωνεῖ
1839 4063 1956 4111 τοῖς

283 4137 582 4214 συμϐόλοις
642 4142 696 4195 ἓν
726 4139 914 4218 θεωρίᾳ
964 4139 1050 4196 καὶ
1083 4141 1299 4220 μετοχῇ
1354 4140 1526 4196 αὒτῶν
1558 4137 1834 4216 γινομένη,
1871 4140 1959 4195 καὶ

283 4222 364 4286 δι’
427 4231 717 4308 ἀναγωγῆς
751 4231 1131 4308 ἀναπτεροῦται
1192 4227 1307 4286 καθ’
1369 4228 1489 4285 ὅσον
1552 4226 1625 4284 ἔνι
1683 4231 1812 4307 πρὶς
1870 4231 1959 4286 τὸν

287 4324 448 4376 θετον
481 4321 652 4376 αὐτῶν
693 4318 886 4392 ἔρωτα,
924 4310 1092 4392 ’¹Οσῳ
1145 4320 1244 4398 γὰρ
1275 4320 1340 4376 τὰ
1395 4316 1635 4394 σύμϐολα
1693 4317 1960 4375 ἂναπτύσ-

285 4432 504 4490 σονται,
541 4411 628 4466 καὶ
683 4411 744 4465 τὸ
797 4410 1100 4490 ἀπόκρυφον
1129 4413 1431 4488 θεωρεῖται,
1463 4411 1700 4470 τοσούτω
1745 4413 1898 4465 ποθεῖ
1931 4409 1958 4464 ὅ

285 4500 544 4580 μετέχων
574 4500 710 4557 κατὰ
741 4523 858 4556 τινα
900 4504 1044 4558 θεῖον
1087 4501 1174 4556 καὶ
1207 4499 1505 4578 ἂπόῤῥητον
1539 4501 1734 4576 ἓρωτα.
1781 4499 1958 4555 Εἰπὼν

1517 3329 1583 3394 ἣν
1640 3331 1726 3385 καὶ
1785 3329 1957 3404 μέσην
1989 3316 2014 3318 ’⁷
2042 3316 2143 3398 qui
2175 3316 2793 3398 illuminantur,quem
2821 3325 2876 3378 et
2895 3317 3156 3379 medium
3179 3317 3697 3396 appellat,scilicet

2043 3407 2196 3467 inter
2219 3407 2617 3486 expiationem
2645 3417 2702 3467 et
2723 3407 3242 3488 perfectionem,et
3260 3408 3694 3486 speculativum

2041 3505 2228 3574 vocat,
2257 3506 2531 3576 tanquam
2585 3497 2782 3556 divina
2825 3497 3327 3576 contemplatione
3360 3506 3417 3558 et
3445 3507 3690 3578 aspectu

2042 3586 2284 3665 dignum
2319 3585 2613 3662 habitum;
2642 3585 2916 3665 intelligit
2947 3595 3142 3648 autem
3171 3603 3272 3648 eos
3303 3585 3403 3666 qui
3435 3586 3494 3647 in
3522 3605 3692 3648 sacro

2045 3675 2258 3758 populo
2314 3674 2528 3753 integri
2564 3685 2621 3736 et
2649 3673 3221 3756 irreprehensibiles
3253 3676 3542 3736 exsistunt
3577 3696 3592 3738 :
3635 3676 3694 3736 bi

2045 3768 2207 3830 enim
2240 3768 2456 3848 expiati
2511 3769 2805 3830 accedunt
2842 3769 2912 3830 ad
2949 3787 3018 3830 ea
3052 3788 3183 3849 quae
3225 3769 3583 3830 illuminant.
3621 3769 3694 3831 Et

2045 3859 2208 3921 enim
2271 3859 2651 3920 manifestum
2697 3868 2809 3934 est,
2845 3859 3115 3920 ordinem
3177 3859 3346 3920 illum
3381 3859 3543 3920 omni
3566 3859 3692 3940 jam

2044 3949 2278 4010 macula
2330 3949 2658 4030 eXpiatum,
2685 3959 2742 4010 et
2785 3949 2999 4010 mentis
3031 3959 3257 4010 motum
3278 3949 3350 4010 ab
3369 3949 3528 4009 omni
3556 3967 3696 4029 per-

2045 4039 2378 4100 turbatione
2409 4039 2813 4116 cohibentem,
2848 4039 2920 4101 ad
2955 4039 3478 4119 contemplativum
3513 4039 3693 4100 habi-

2047 4139 2169 4191 tum
2201 4127 2625 4210 adduci,atque
2653 4129 2926 4212 ipsismet
2947 4129 3394 4210 symbolis,cum
3429 4141 3693 4192 contem-

2044 4220 2258 4300 plando
2273 4228 2394 4281 tum
2413 4220 2822 4300 participando
2847 4219 3385 4293 communicare,et
3407 4236 3514 4298 per
3544 4237 3692 4280 ana-

2043 4329 2230 4390 gogen
2263 4309 2334 4371 ad
2370 4311 2634 4372 divinum
2670 4309 3022 4372 eorumdem
3055 4327 3319 4372 amorem
3353 4309 3692 4372 subvolare.

2047 4402 2338 4474 Quantum
2377 4402 2536 4461 enim
2571 4399 2837 4481 symbola
2869 4399 3328 4480 explicantur,et
3354 4399 3506 4480 quod
3533 4417 3694 4462 arca-

2043 4510 2186 4552 num
2226 4497 2314 4550 est
2344 4491 2630 4570 cernitur,
2651 4489 3018 4551 tantumdem
3055 4489 3405 4551 eorumdem
3443 4491 3688 4569 partici-

287 4589 416 4666 περί
476 4612 534 4646 τε
567 4589 672 4646 τῶν
715 4590 1136 4666 καθαιρομένων,
1173 4590 1290 4667 περί
1346 4609 1403 4645 τε
1437 4591 1539 4644 τὼν
1584 4589 1954 4668 φωτιζομένων

2045 4599 2184 4662 ceps
2216 4579 2414 4641 divino
2445 4579 2700 4660 quodam
2727 4589 2782 4641 et
2810 4599 3028 4641 arcano
3062 4599 3266 4642 amore
3297 4579 3694 4658 ﬁagraLDixit

281 4679 514 4758 τάξεων,
549 4675 733 4746 ἐπειδὴ
767 4679 902 4736 κατὰ
933 4679 1149 4743 τούτους
1181 4681 1214 4746 ἡ
1259 4681 1364 4734 τῶν
1394 4676 1726 4752 τελουμένων
1785 4677 1949 4737 ἐστίν.

283 4770 408 4828 Εἰσὶ
465 4765 520 4824 δὲ
581 4769 716 4842 μετὰ
773 4766 1006 4832 πολλοὺς
1073 4769 1300 4846 τρόπους
1359 4771 1406 4823 οἱ
1445 4765 1788 4842 ,τελούμενον
1865 4769 1952 4824 καὶ

283 4860 384 4936 θᾶρ
446 4859 535 4916 καὶ
585 4861 632 4914 οἱ
689 4863 765 4932 τῷ
810 4859 1137 4935 βαπτίσματι
1195 4856 1574 4932 τελειούμενοι,
1612 4858 1698 4913 καὶ
1747 4861 1792 4913 οἱ
1849 4863 1954 4914 τῶν

281 4949 442 5006 θείων
500 4949 806 5026 μυστηρίων
861 4947 1210 5028 μετέχοντες,
1248 4951 1332 5004 καὶ
1391 4950 1436 5005 οἱ
1481 4947 1766 5026 ἱερωσύνην
1797 4970 1953 5021 περι-

283 5038 578 5111 τιθέμενοι,
614 5039 703 5094 καὶ
749 5041 794 5095 οἱ
839 5039 1146 5118 μοναχικῆς
1197 5037 1499 5112 ἀξιούμενοι
1551 5038 1949 5112 καταστάσεως,

284 5127 524 5191 ἂπαντες
554 5129 656 5184 ὑπὸ
685 5128 784 5196 τὴν
825 5125 971 5194 τάξιν
1003 5133 1106 5186 τῶν
1135 5127 1471 5204 τελουμένων
1505 5127 1653 5184 εἰσίν.

369 5306 398 5387 §
455 5317 545 5370 ΠΙ.
593 5308 718 5384 Περὶ
748 5306 854 5363 τῶν
903 5305 1080 5364 ἄλλων
1131 5303 1524 5388 πρυδιαλαϐὼν,
1559 5307 1646 5362 νῦν
1697 5309 1814 5386 περὶ
1854 5305 1953 5374 τῆς

285 5403 602 5477 μοναχικῇς
660 5395 875 5464 διέξεισι
917 5395 1336 5478 τελεσιουργίας,
1369 5395 1442 5452 ὥν
1472 5396 1561 5451 καὶ
1616 5393 1950 5474 ὑψηλοτέραν

281 5489 476 5569 φησὶν,
512 5489 572 5546 οὒ
614 5488 748 5566 πρὸς
781 5488 882 5556 τὴν
914 5494 1020 5544 τῶν
1073 5489 1330 5546 τοιούτων
1360 5485 1588 5543 τελετῶν
1619 5491 1724 5541 τῶν
1770 5485 1948 5561 μόνως

281 5577 670 5653 τελειουμένων
758 5579 1056 5656 σύγκρισιν,
1119 5585 1220 5635 ποῦ
1293 5577 1394 5656 γὰρ
1465 5577 1498 5643 ἡ
1579 5577 1947 5652 βαπτισματος

283 5667 534 5747 δύναμις,
572 5673 672 5724 ποῦ
729 5666 785 5723 δὲ
893 5671 989 5736 τῆς
1021 5667 1308 5746 ἱερωσύνης
1355 5665 1712 5740 ὑπερκειμένη
1775 5666 1945 5721 κατά-

288 5780 508 5838 στασις,
543 5756 680 5815 ὥστε
731 5756 989 5826 κληθῆναι
1024 5759 1217 5825 ταύτην
1247 5755 1624 5833 ὑψηλοτέραη
1675 5759 1746 5815 Οὐ
1777 5757 1948 5814 τοίνυν

2036 4671 2110 4733 de
2141 4669 2453 4730 ordinibus
2488 4669 2586 4748 qui
2633 4669 2947 4748 expiantur
2995 4678 3052 4730 et
3106 4671 3205 4751 qui
3257 4668 3692 4746 illuminantur,

2039 4759 2521 4841 quandoquidem
2538 4761 2791 4839 posthos
2807 4760 3037 4820 sitordo
3051 4767 3258 4821 eurum
3275 4761 3369 4840 qui
3387 4761 3695 4840 perﬁciun-

2038 4849 2335 4911 tur.Multi
2389 4857 2585 4909 autem
2622 4847 2778 4909 modi
2813 4857 2950 4910 sunt
2994 4849 3216 4924 quibus
3249 4849 3640 4928 perﬁciuntur
3671 4871 3686 4915 :

2041 4957 2176 5000 nam
2202 4946 2256 5002 et
2279 4935 2659 5016 inﬁbaptismo
2678 4937 2862 5018 aliqui
2892 4937 3454 5018 perﬁciuntur,etin
3487 4958 3688 5001 sacro-

2039 5045 2170 5090 rum
2231 5030 2644 5108 mystcriorum
2697 5027 3170 5109 participatione,
3207 5037 3264 5088 et
3292 5027 3354 5090 in
3385 5047 3692 5092 sacrorum

2041 5119 2322 5182 ordinum
2359 5119 2763 5199 susceptione,
2799 5129 2856 5181 et
2891 5121 2947 5181 in
3003 5121 3330 5182 monastico
3378 5127 3552 5195 statu,
3587 5122 3694 5200 qui

2040 5220 2179 5275 sunt
2213 5229 2423 5274 omnes
2454 5213 2567 5274 sub
2597 5211 2811 5275 ordine
2841 5213 3078 5274 illorum
3105 5213 3205 5294 qui
3237 5212 3648 5293 perﬁciuntur.

2117 5299 2273 5382 §IIL
2307 5302 2453 5364 Cum
2487 5311 2686 5363 autem
2743 5301 2817 5364 de
2874 5301 3010 5364 aliis
3065 5311 3240 5364 antea
3269 5302 3479 5382 egerit,
3513 5303 3690 5368 modo

2037 5401 2251 5457 tractat
2280 5394 2355 5456 de
2389 5394 2713 5457 monastica
2747 5395 3220 5470 consecratione,
3258 5413 3440 5471 quam
3494 5404 3552 5457 et
3583 5415 3688 5458 su-

2035 5483 2376 5546 blimiorem
2411 5495 2730 5560 vocat,non
2765 5485 3208 5566 comparatione
3227 5483 3464 5546 illorum
3484 5503 3687 5549 sacra-

2034 5585 2372 5636 mentorum
2417 5595 2548 5652 qutB
2586 5575 2713 5637 sola
2765 5574 3218 5637 consecratione
3272 5573 3684 5660 perﬁciuntur,

2033 5665 2132 5725 ubi
2171 5665 2332 5726 enim
2367 5675 2527 5727 esset
2571 5665 2755 5726 virtus
2790 5663 3182 5746 baptismatis,
3227 5663 3327 5724 ubi
3360 5665 3688 5730 sacerdotii

2033 5754 2307 5818 eminens
2337 5753 2440 5818 ille
2472 5762 2680 5834 status,
2721 5756 2881 5837 quod
2913 5756 3038 5818 haec
3069 5751 3382 5818 sublimior
3413 5755 3690 5820 dicatur?
