4072 6412
380 311 498 384 543

1557 318 1617 383 S.
1672 316 2015 383 DIONYSII
2058 315 2596 385 AREOPAGITIE.

3650 327 3770 397 544

375 453 511 520 Non
539 450 741 536 itaque
770 458 1211 533 comparatione
1241 455 1480 518 illorum
1512 454 1616 536 qui
1647 455 1774 517 sola
1802 472 2018 517 conse-

2109 454 2236 529 πρὸς
2291 456 2561 537 σύγκρισιν
2619 461 2726 518 τῶν
2786 457 2965 532 μόνως
3037 456 3409 539 τελειουμένον
3464 463 3775 545 ὑψηλοτέρα

373 545 640 611 cretione
690 546 1073 626 perﬁciuntur
1116 545 1434 609 sublimior
1461 555 1574 620 est,
1606 545 1711 609 sed
1745 557 2023 627 respectu

373 636 529 700 ritus
556 634 695 697 257
725 635 1077 719 expiationis
1104 645 1162 700 et
1189 646 1466 719 respectu
1498 636 1648 699 ritus
1671 634 2022 698 illustratio-

374 726 494 803 nis,
540 726 669 789 Ι]ωο
715 732 810 790 est
857 726 1197 790 sublimior.
1241 726 1550 807 Siquidem
1583 727 1709 789 haec
1739 733 2024 807 tauquam

374 816 903 900 medium,scilicet
921 835 1126 881 eorum
1152 817 1259 895 qui
1286 816 1726 899 illuminantur,
1749 816 2023 880 ordinem

371 908 829 984 transcendens,
853 917 977 971 tres
1006 908 1181 971 etiam
1213 909 1276 970 in
1306 927 1372 971 se
1403 907 1799 989 proprietates
1831 910 2027 971 conti-

372 997 812 1080 net,expiandi,
839 997 1222 1061 illuminandi
1254 1006 1314 1060 et
1347 996 1721 1078 perﬁciendi,
1753 996 1908 1061 sicut
1937 1006 2028 1061 est

373 1089 660 1169 superius
680 1088 1064 1170 etplicatum.
1098 1089 1226 1151 Non
1256 1087 1391 1151 dico
1422 1095 1700 1167 respectu
1734 1106 2025 1167 persona-

372 1197 506 1241 rum
547 1191 1220 1242 consecratarumznam
1270 1179 1371 1260 qui
1411 1177 1764 1260 baptismate
1808 1177 2023 1242 initiati

376 1279 540 1349 sunt,
571 1268 756 1332 medii
779 1278 917 1331 sunt
938 1268 1260 1342 ordinis,et
1278 1286 1413 1350 pars
1434 1286 1619 1331 sacrae
1647 1268 1861 1351 plebis;
1887 1269 2025 1347 qui-

372 1358 485 1421 bus
506 1359 681 1421 etiam
709 1359 895 1421 multa
919 1358 1590 1439 permittuntur,nempe
1616 1359 1849 1438 nuptias
1872 1358 2026 1422 cele-

373 1448 1050 1529 brare,militare,hujus
1070 1450 1200 1510 vitae
1222 1450 1456 1528 negotia
1481 1456 1755 1512 tractare.
1785 1448 1895 1522 Qui
1921 1467 2023 1512 ve-

370 1558 439 1602 ro
469 1540 806 1603 sacerdotio
837 1540 1030 1601 ornati
1062 1550 1341 1613 sunt,nec
1375 1538 1490 1620 ipsi
1522 1557 1761 1620 quoque
1792 1539 1865 1601 ab
1888 1559 2022 1601 om-

372 1629 549 1693 nibus
577 1630 882 1694 abstinere
912 1648 981 1692 ac
1014 1647 1254 1691 cessare
1286 1628 1544 1692 debent:
1572 1647 1707 1689 nam
1739 1630 2025 1692 sacerdo-

372 1731 467 1783 tes
482 1720 632 1782 alios
653 1720 1063 1802 perﬁciunt,et
1088 1720 1240 1781 hanc
1263 1718 1339 1781 ob
1361 1737 1603 1782 causam
1627 1720 1809 1781 multa
1821 1727 2022 1799 agunt.

2107 550 2265 627 αὕτη,
2299 548 2436 607 ἀλλὰ
2476 550 2608 624 πρός
2655 571 2713 608 τε
2772 551 2871 620 τὴν
2901 552 2999 621 τῆς
3049 554 3353 633 καθάρσεως
3402 552 3651 637 τελετήν,
3685 557 3776 614 καὶ

2107 642 2239 719 πρὸς
2293 640 2393 710 τὴν
2448 647 2540 698 τοῦ
2596 650 2875 721 φωτισμοῦ
2931 640 3173 725 τελετὴν,
3238 643 3372 713 αὕτη
3433 645 3767 723 ὒψηλοτέρα.

2112 731 2254 799 Αὕτη
2313 731 2413 811 γὰρ
2442 733 2515 795 ὡς
2558 728 2958 811 ὑπερϐεϐηκυῖα
2988 736 3086 803 την
3148 733 3318 809 μέσην
3359 734 3529 816 τάξιν,
3560 734 3772 805 δηλαδὴ

2108 822 2207 890 τὴν
2272 824 2373 879 τῶν
2422 822 2822 903 φωτιζομένων,
2855 824 2942 881 καὶ
2990 824 3085 890 τὰς
3144 830 3249 884 τῶν
3294 831 3453 906 τριῶν
3494 824 3772 895 ἰδιότητας

2109 912 2253 993 φέρει
2312 910 2368 969 ἐν
2423 912 2612 994 ἑαυτῇ,
2666 912 2762 982 τήν
2825 915 3102 992 κάθαρσιν,
3162 916 3251 971 τὸν
3304 917 3607 996 φωτισμὸν,
3668 919 3774 987 τὴν

2109 1001 2408 1084 τελείωσιν,
2457 1003 2632 1067 καθὼς
2690 1002 2979 1083 κατωτέρω
3040 1002 3298 1071 διέξεισιν.
3335 1003 3417 1068 Οὔ
3473 1006 3639 1088 λέγω,
3686 1007 3775 1067 ὅτι

2110 1095 2200 1151 καὶ
2256 1094 2387 1173 πρὸς
2418 1092 2517 1161 τὴν
2578 1098 2684 1151 τῶν
2717 1090 3049 1170 τελουμένων
3098 1097 3398 1174 προσώπων
3455 1101 3772 1179 παράθεσιν

2106 1181 2162 1241 oi
2195 1205 2251 1240 τε
2304 1184 2405 1262 γὰρ
2434 1180 2742 1257 τελούμενοι
2800 1189 2877 1257 τῷ
2919 1184 3248 1262 βσπτίσματι
3308 1193 3407 1257 τῆς
3440 1188 3612 1264 μέσης
3669 1190 3779 1249 εἶσὶ

2106 1272 2327 1351 τάξεως,
2388 1276 2476 1331 καὶ
2580 1280 2731 1351 ῖερᾶς
2814 1272 3049 1340 λαωδους
3134 1278 3346 1356 μοίρας,
3407 1282 3493 1346 οἷς
3550 1277 3616 1347 δὴ
3683 1283 3777 1339 καὶ

2107 1362 2283 1421 πολλὰ
2311 1364 2543 1445 ἐφεῖται,
2576 1362 2825 1432 δηλονότι
2883 1366 2943 1421 τὸ
2975 1366 3170 1444 γάμοις
3229 1366 3469 1444 δμιλεῖν,
3500 1371 3562 1426 τὰ
3596 1392 3774 1449 στρα-

2106 1453 2371 1535 τεύεσθαι,
2424 1456 2483 1511 τὸ
2547 1455 2913 1534 πραγματείας
2968 1466 3060 1516 τοῦ
3110 1456 3223 1534 βίου
3282 1461 3777 1539 μεταχειρίζεσθαι,

2109 1544 2177 1602 Οἳ
2238 1566 2294 1600 τε
2371 1545 2630 1624 ἱερωσύνῃ
2717 1546 3099 1626 κοσμούμενοι,
3162 1546 3271 1605 οὐδ’
3344 1551 3491 1608 αὐτοὶ
3544 1551 3779 1628 πάμπαν

2107 1634 2169 1689 τὸ
2222 1633 2307 1692 ἐπὶ
2338 1640 2497 1691 πᾶσιν
2543 1634 2792 1702 ἀκίνητον
2823 1635 3121 1717 ὀφείλουσιν
3165 1637 3430 1719 ἔχεινκαὶ
3475 1639 3777 1721 ἆνενέργη-

2109 1740 2222 1781 τον·
2277 1722 2607 1781 τελειωτικοὶ
2663 1725 2764 1804 γὰρ
2795 1734 2900 1783 τῶν
2963 1725 3154 1804 ἑτέρων
3213 1730 3260 1784 οἱ
3303 1731 3467 1808 ἱερεῖς
3524 1732 3652 1807 εἶσι,
3684 1732 3782 1789 καὶ

373 1809 486 1884 Qui
514 1828 652 1872 vero
684 1808 1080 1871 monasticum
1114 1810 1448 1871 institutum
1483 1813 2025 1885 sectantur,omni-

2112 1812 2194 1871 διὰ
2242 1822 2398 1872 τοῦτο
2429 1813 2605 1871 πολλὰ
2648 1816 3044 1894 ένεργῇσουσιν,
3080 1818 3139 1876 0i
3170 1816 3223 1875 δὲ
3269 1822 3403 1878 κατὰ
3436 1812 3533 1889 τὴν
3592 1843 3778 1897 μονα-

374 1919 453 1963 no
486 1900 704 1961 mortui
733 1919 871 1962 esse
900 1898 1145 1969 debent.
1180 1899 1583 1980 cruciﬁgendo
1616 1918 1856 1962 carnem
1888 1919 2022 1962 cum

376 1990 783 2070 passsionibus
816 1999 872 2052 et
903 1989 1433 2071 concupiscentiis,
1472 1998 1530 2052 et
1560 1990 1808 2053 vivendo
1832 1990 2025 2051 solum

373 2082 499 2144 Deo
532 2085 594 2143 et
617 2080 731 2142 sibi
765 2081 913 2161 ipsis
941 2101 953 2145 :
983 2081 1108 2142 haec
1140 2082 1304 2142 enim
1331 2089 1417 2141 est
1450 2080 1645 2141 totalis
1677 2080 1934 2160 expiatio
1970 2088 2029 2141 et

372 2170 715 2232 omnimoda
735 2170 960 2251 puritas
989 2171 1287 2233 actionum
1325 2171 1725 2252 propriarum.
1760 2169 1883 2235 Hoc
1909 2169 2025 2232 uti.

372 2280 490 2342 que
520 2280 639 2322 non
670 2262 827 2341 dico,
854 2262 1022 2339 quasi
1046 2262 1151 2323 viri
1183 2262 1376 2323 sancti
1398 2280 1613 2341 scopus
1638 2281 1709 2323 eo
1742 2280 1858 2322 non
1891 2280 2029 2341 spe-

372 2359 512 2424 ctet;
558 2352 663 2414 sed
712 2370 848 2414 cum
895 2351 1055 2412 aliud
1088 2351 1166 2412 sit
1195 2352 1489 2425 τελεῖσθαι,
1527 2370 1632 2413 seu
1665 2353 1937 2431 initiari,
1972 2361 2031 2414 ct

368 2440 531 2503 aliud
585 2441 934 2523 τελειοῦσθαι,
985 2461 1093 2503 seu
1141 2442 1355 2523 perﬁci
1383 2461 1450 2503 ac
1483 2442 1825 2504 consecrari
1860 2444 2025 2518 (nam

369 2530 591 2593 initiari
620 2541 709 2594 est
738 2533 863 2595 sive
896 2550 1001 2613 per
1037 2532 1434 2613 expiationem
1484 2531 1605 2593 sive
1658 2551 1764 2614 per
1795 2531 2028 2593 illumi—

370 2625 703 2707 nationem,
732 2626 938 2706 perﬁci
966 2643 1107 2687 vero
1140 2633 1227 2687 est
1261 2643 1364 2705 per
1398 2625 1583 2686 solam
1617 2624 1855 2706 proprie
1891 2624 2024 2686 dic-

371 2721 489 2776 tam
511 2714 1241 2797 perfectionem),przefert
1274 2716 1603 2776 monachos
1629 2714 1744 2775 illis
1766 2715 1868 2797 qui
1890 2713 2025 2776 sim-

370 2803 608 2884 pliciter
630 2804 847 2867 initiati
891 2809 1058 2880 sunt;
1080 2810 1332 2884 expiatis
1365 2805 1595 2867 scilicet
1626 2813 1685 2865 et
1714 2804 2025 2866 illumina-

370 2893 468 2970 tis;
513 2893 795 2976 quoniam
831 2904 888 2957 et
934 2895 1050 2975 ipsi
1109 2894 1320 2956 initiati
1370 2904 1505 2955 sunt
1561 2894 2022 2974 praistantiores,

369 3002 543 3063 quam
577 2985 989 3049 catechumeni
1021 2984 1575 3065 expiatione,atque
1607 2984 1857 3065 insuper
1880 2983 2026 3047 illu-

371 3075 732 3135 minatorum
757 3074 1033 3136 ordinem
1062 3071 1430 3151 praecedunt,
1464 3091 1639 3151 quem
1669 3082 1731 3135 et
1763 3073 2025 3136 medium

2109 1905 2276 1985 χικῆν
2339 1904 2746 1981 πολιτευόμενοι
2806 1904 3159 1976 διακόσμησιν
3218 1913 3389 1989 νεκροὶ
3433 1913 3494 1969 τὸ
3552 1910 3780 1971 σύνολον

2110 1994 2407 2072 ὀφείλουσιν
2445 2009 2587 2052 εῖναι
2619 1996 2674 2053 έν
2704 1997 2780 2072 τῷ
2813 2005 3121 2075 σταυρῶσαῖ
3172 2000 3269 2068 τὴν
3300 2000 3469 2079 σάρκα
3504 2003 3596 2059 σῦν
3648 2004 3781 2066 τοῖς

2112 2087 2390 2162 παθήμασι
2444 2087 2529 2143 καὶ
2582 2100 2703 2150 ταῖς
2764 2088 3083 2165 ἐπιθυμίαις,
3130 2090 3218 2146 καὶ
3271 2091 3369 2163 ζῆν
3430 2115 3609 2166 μονως
3656 2100 3781 2167 Θεῷ

2113 2177 2199 2232 καὶ
2258 2175 2492 2239 ἑαυτοῖς·
2556 2184 2711 2234 τοῦτο
2762 2178 2861 2257 γάρ
2894 2178 3037 2234 έστιν
3092 2181 3127 2249 ἡ
3181 2178 3339 2247 ὁλικὴ
3368 2184 3622 2260 κάθαρσις
3683 2185 3780 2240 καὶ

2112 2265 2149 2332 ἦ
2181 2265 2453 2333 παντελὴς
2488 2269 2592 2321 τῶν
2625 2268 2831 2322 οἰκείων
2889 2267 3168 2347 ένεργειών
3200 2270 3456 2349 ἁγνότης.
3506 2274 3578 2330 Οὔ
3628 2274 3780 2353 λέγω

2115 2364 2240 2434 γοῦν
2297 2363 2476 2436 τοῦτο,
2507 2356 2590 2413 ὅσι
2650 2356 2756 2413 οὐδ’
2819 2359 2844 2414 ὁ
2905 2366 2996 2414 τοῦ
3053 2359 3203 2437 ἁγίου
3255 2363 3455 2427 σκοπὸς
3486 2363 3561 2427 εἰς
3617 2372 3783 2423 τοῦτο

2110 2443 2274 2525 ῥέπει’
2308 2444 2433 2501 ἀλλ’
2466 2444 2655 2515 ἐπειδὴ
2694 2446 2826 2505 ἄλλο
2858 2447 2966 2504 ἐστὶ
2998 2449 3058 2506 τὸ
3090 2448 3385 2531 σελεῖσθαι,
3421 2455 3514 2508 καὶ
3548 2450 3684 2514 ἄλλο
3713 2455 3782 2509 τὸ

2109 2535 2438 2592 τελειοῦσθαι
2488 2535 2781 2615 (τελεῖσθαι
2837 2538 2936 2618 γὰρ
2994 2537 3105 2595 ἔστι
3163 2540 3252 2596 καὶ
3316 2542 3452 2599 κατὰ
3506 2548 3607 2610 τὴν
3672 2543 3779 2599 κά-

2109 2629 2311 2704 θαρσιν,
2348 2626 2616 2683 τελεῖσθαι
2670 2627 2784 2683 ’ἐστι
2847 2630 2937 2685 καὶ
2982 2629 3120 2686 κατὰ
3179 2631 3269 2686 τὸν
3315 2631 3613 2711 φωτισμόν⁸
3680 2654 3784 2689 τε-

2109 2714 2374 2773 λειοῦσθοι
2462 2715 2518 2773 δὲ
2589 2718 2727 2774 κατᾶ
2809 2718 2980 2792 μόνην
3052 2720 3151 2787 τὴν
3220 2723 3411 2797 κυρίως
3479 2721 3786 2800 τελείωσιν)

2110 2805 2376 2884 προκρίνει
2444 2811 2549 2863 τῶν
2605 2805 2790 2872 ἁπλῶς
2848 2807 3203 2884 τελουμένων,
3239 2817 3345 2867 τῶν
3400 2833 3458 2867 τε
3514 2816 3780 2891 καθαιρο-

2111 2895 2283 2970 μένων
2342 2894 2549 2965 δηλαδὴ
2583 2898 2667 2953 καὶ
2720 2898 2825 2954 τῶν
2857 2899 3259 2977 φωτιζομένων,
3290 2900 3411 2965 τοὺς
3466 2903 3773 2983 μοναχούς·

2110 2989 2184 3050 ὡς
2242 2986 2645 3060 τελειουμένους
2676 2986 2769 3062 μέν
2823 2990 2910 3045 καὶ
2943 2989 3156 3069 αὖτοὺς,
3194 2990 3312 3046 ἀλλ’
3362 2990 3492 3071 ὑπὲρ
3534 2992 3637 3061 τὴν
3666 3000 3778 3050 τῶν

2110 3075 2539 3156 κατηχουμένων
2614 3077 2889 3157 κάθαρσιν,
2949 3079 3037 3135 καὶ
3096 3078 3171 3135 ἔτι
3229 3080 3334 3137 τῶν
3397 3080 3778 3163 φωτιζομένων

371 3163 939 3243 appellat,vide|icet
960 3164 1273 3225 laicorum.
1305 3162 1448 3223 Cum
1481 3181 1620 3224 vero
1654 3181 1871 3225 nomen
1903 3162 2022 3227 ini-

2109 3164 2274 3246 τάξιν,
2312 3165 2374 3222 ἂν
2433 3168 2523 3223 καὶ
2552 3165 2723 3243 μέσην
2786 3169 2938 3248 φησὶ,
2975 3169 3075 3236 τὴν
3129 3174 3236 3226 τῶν
3284 3162 3490 3227 λαῖκῶν
3538 3169 3774 3239 δηλαδὴ,

372 3252 639 3314 tiationis
669 3253 809 3332 quid
851 3253 1242 3315 universalius
1270 3253 1345 3313 sit
1376 3271 1550 3333 quam
1583 3272 1801 3315 nomen
1827 3254 2024 3334 perfe—

372 3342 608 3423 ctionis,
644 3343 870 3405 idcirco
927 3363 1046 3405 non
1100 3343 1178 3405 ita
1232 3352 1394 3405 recte
1441 3361 1754 3424 possumus
1783 3363 1921 3406 cum
1952 3364 2023 3406 eo

369 3434 641 3496 conferre
671 3435 1099 3497 monachorum
1144 3434 1686 3496 consecrationem.
1729 3433 2020 3497 Caeterum

368 3524 650 3604 quoniam
684 3526 1111 3587 monachorum
1147 3524 1318 3599 ordo,
1344 3534 1587 3603 propter
1614 3524 2021 3586 omnimodam

367 3614 836 3685 sanctitatem,et
854 3614 1250 3696 expiationem
1274 3624 1331 3677 et
1352 3614 1848 3677 illuminationem
1865 3632 2025 3679 com-

370 3702 1017 3785 plectitur,ostenditur
1037 3704 1261 3766 habere
1284 3724 1351 3766 ex
1362 3705 1824 3786 piationem,per
1847 3724 2022 3786 quam

370 3793 546 3856 etiam
598 3794 1066 3857 illuminatorum
1119 3795 1540 3875 proprietatem
1600 3794 1851 3875 obtinet,
1901 3796 2022 3857 imo

372 3884 551 3946 etiam
586 3902 791 3946 eorum
814 3885 915 3965 qui
943 3884 1003 3946 in
1021 3883 1237 3965 spiritu
1275 3883 1688 3965 perficiuntur;
1716 3884 2019 3947 illumina—

371 3980 566 4034 torum
600 3973 864 4053 quidem,
901 3974 1213 4053 quoniam,
1247 3981 1538 4051 quantum
1572 3974 1656 4035 las
1689 3982 1798 4052 est,
1826 3974 2023 4037 omnis

375 4061 623 4126 actionis
652 4082 836 4126 sacrae
866 4081 973 4146 per
1003 4062 1329 4145 spiritalem
1359 4063 1925 4145 contemplationem
1963 4074 2021 4128 et

370 4153 857 4218 communionem
878 4154 1175 4235 particeps
1194 4152 1447 4231 exsistit;
1468 4153 1863 4234 perfectorum
1883 4174 2021 4218 vero

374 4250 515 4325 quia
538 4244 786 4307 virtutes
816 4243 1223 4307 bierarchicas
1262 4242 1653 4325 amplecté’ns,
1690 4244 2023 4328 iisdemque

373 4334 757 4411 exornata,ad
773 4334 1239 4397 scientiaesacrte
1263 4333 1691 4415 perfectionem
1719 4353 1823 4416 pro
1850 4345 2024 4416 captu

371 4424 721 4490 adducitur:
753 4426 832 4488 ita
849 4433 913 4487 ut
926 4425 1065 4506 jure
1087 4425 1300 4487 merito
1324 4423 1659 4487 istiusmodi
1683 4424 1917 4490 vivendi
1940 4425 2027 4489 in-

373 4516 640 4579 stitutum
664 4513 924 4578 sublime
944 4514 1089 4592 quid
1112 4514 1493 4588 habeat,cum
1525 4518 1583 4576 in
1607 4534 1672 4577 se
1689 4525 1809 4577 tres
1828 4515 2026 4579 initia-

375 4612 569 4667 torum
599 4604 841 4667 ordines
861 4603 1473 4686 complectatur.Hinc
1497 4604 1677 4666 divini
1704 4617 2030 4686 praecepto-

374 4712 474 4756 res
505 4695 689 4756 nostri
726 4693 940 4756 divinis
983 4692 1325 4755 nominibus
1368 4712 1473 4756 eos
1503 4694 1894 4770 bonorarunt,
1927 4695 2027 4757 alii

375 4784 613 4865 quidem
641 4783 927 4865 cultores,
961 4783 1058 4844 alii
1089 4802 1230 4846 vero
1274 4803 1355 4845 mi
1378 4784 1600 4845 nachos
1642 4784 2022 4865 appellando.

380 4873 656 4937 Cultores
683 4872 1021 4953 quidem,ut
1041 4874 1140 4954 qui
1170 4874 1439 4936 divinum
1468 4874 1608 4936 258
1637 4874 1869 4937 Numen
1895 4880 2023 4937 sin-

375 4980 513 5026 cere
535 4963 826 5038 colerent;
845 4964 1173 5025 monachos
1199 4980 1332 5026 vero
1356 4964 1533 5045 utqui
1555 4964 1626 5027 ad
1660 4964 2022 5027 individuam

378 5063 437 5117 et
456 5052 819 5135 singularem
845 5052 1027 5115 vitam
1054 5055 1550 5135 aspirarent,qute
1581 5054 1866 5117 nimirum
1900 5054 2028 5118 illos

377 5142 645 5218 uniﬁcet,
674 5151 732 5205 et
757 5143 1116 5205 uniformem
1159 5144 1365 5205 all‘erat
1397 5144 1801 5224 cognitionem
1831 5167 1844 5209 :
1877 5146 2030 5208 banc

376 5234 534 5299 enim
561 5232 883 5296 monadem
909 5241 1078 5295 vocat
1109 5232 1386 5311 (scientia
1417 5234 1577 5295 enim
1611 5235 1777 5298 unita
1809 5241 1923 5311 est,
1944 5236 2031 5297 si-

375 5335 475 5387 cut
504 5323 836 5404 ignorantia
893 5333 985 5385 est
1030 5321 1341 5385 multitudo
1376 5342 1580 5385 rerum
1630 5324 1690 5385 in
1725 5324 1910 5387 multa
1939 5324 2034 5387 di-

373 5432 667 5495 versaque
705 5412 1183 5494 distractarum),
1207 5412 1446 5475 unilicat
1478 5423 1677 5476 autem
1730 5414 2028 5496 quodam-

376 5503 578 5576 modo,
599 5502 740 5566 dum
773 5502 1006 5566 scilicet
1036 5503 1223 5565 sacris
1252 5520 1454 5566 rerum
1489 5502 1811 5567 divisarum
1843 5505 2027 5568 colle-

379 5590 681 5655 ctionibus
730 5610 798 5655 se
848 5592 1101 5673 perﬁcit.
1157 5591 1342 5655 Porro
1392 5592 1582 5655 divisa
1626 5593 1723 5658 hic
1754 5594 2036 5657 dicuntur

381 5680 647 5769 symbolo
665 5681 863 5761 illa,ut
891 5689 1054 5766 sunt,
1069 5682 1361 5765 cucullus,
1381 5683 1717 5768 scapulare,
1742 5684 2032 5768 cilicium,

2107 3259 2178 3314 Τὸ
2229 3255 2282 3311 δὲ
2327 3255 2596 3313 τελεῖσθαι
2651 3256 2842 3336 ὄνομα,
2880 3257 2992 3315 ἐπεὶ
3043 3259 3463 3339 καθόλικώτερόν
3506 3263 3622 3319 εστι
3681 3264 3778 3319 τοῦ

2104 3345 2454 3424 τελειοῦσθαι,
2501 3349 2637 3426 πρὸς
2700 3346 2830 3426 ὅπερ
2885 3350 2977 3405 οὒκ
3035 3347 3233 3429 ἔχομεν
3295 3350 3456 3428 Λόγον
3508 3352 3608 3419 τὴν
3665 3357 3775 3409 τῶν

2106 3438 2364 3518 μοναχῶν
2423 3437 2648 3505 τελετὴν
2708 3441 3039 3517 συγκρίνειν,
3112 3438 3264 3498 Ἀλλ’
3319 3439 3504 3508 ἐπειδὴ
3561 3443 3596 3509 ἡ
3666 3448 3775 3498 τῶν

2108 3534 2369 3607 μοναχῶν
2426 3526 2570 3593 τάξις
2603 3526 2971 3605 περιληπτική
3026 3528 3265 3586 ἐστικαὶ
3315 3535 3413 3597 τῆς
3462 3531 3772 3610 καθάρσεως

2106 3618 2194 3673 καὶ
2249 3625 2342 3674 τοῦ
2374 3639 2675 3695 φωτισμου,
2713 3615 2797 3673 διά
2842 3622 2943 3686 τῆς
2974 3617 3266 3684 παντελοῦς
3298 3619 3622 3698 ἀγνότητος,
3666 3643 3775 3689 την

2105 3708 2357 3785 κάθαρσιν
2416 3706 2564 3787 ἔχειν
2616 3709 2947 3788 ἐμφαίνεται,
2988 3708 3106 3784 μεθ’
3157 3710 3224 3776 ἦν
3254 3710 3343 3767 καὶ
3399 3711 3460 3767 τὸ
3490 3717 3599 3769 τῶδ
3660 3734 3776 3792 φω-

2106 3797 2396 3872 τιζομένιην
2455 3795 2595 3853 ἴδιον
2627 3795 2999 3871 ἐπικὲκτηται,
3034 3796 3110 3856 ἔτι
3159 3796 3214 3856 δὲ
3247 3800 3333 3856 καὶ
3364 3805 3471 3857 τῶν
3528 3799 3780 3860 τελειουο

2104 3886 2279 3963 μένων
2340 3887 2394 3944 έν
2446 3889 2731 3963 πνέύματι,
2790 3888 2899 3945 τῶν
2960 3890 3058 3965 μέν
3118 3889 3519 3969 φωτιζομένων,
3589 3891 3675 3948 ὅτι
3721 3889 3779 3947 ἒν

2103 3983 2259 4057 νοερᾷ
2315 3979 2507 4058 θεωρίᾳ
2565 3979 2657 4035 καί
2732 3979 2981 4051 κοινωνίᾳ
3062 3979 3265 4059 πάσης,
3325 3979 3457 4047 ὅσης
3525 3982 3775 4063 θεμιτὸν,

2101 4068 2397 4147 ἱερουργίας
2458 4068 2682 4145 γίνεται·
2729 4067 2837 4125 τῶν
2894 4067 2948 4124 δὲ
3000 4067 3412 4144 τελειουμένων,
3447 4067 3554 4151 ὅτι,
3589 4070 3782 4151 ἐγχει-

2106 4156 2358 4238 ριζομένη
2415 4170 2535 4224 ταῖς
2563 4159 2905 4238 ἱεραρχικαῖς
2955 4156 3206 4234 δυνάμεσι
3260 4160 3347 4216 καὶ
3380 4159 3519 4236 παρὰ
3574 4160 3778 4218 τούτων

2107 4246 2571 4324 διακοσμουμένη,
2632 4249 2763 4327 πρὸς
2833 4254 2933 4315 τῆν
2990 4253 3091 4317 τῆς
3146 4250 3285 4328 ἱερᾶς
3332 4248 3640 4326 ἐπιστήμης
3693 4272 3781 4307 τε-

2108 4336 2322 4395 λείωσιν
2364 4335 2643 4416 ἀναλόγως
2702 4337 2981 4418 ἀνάγεται,
3015 4338 3152 4397 ὥστε
3203 4336 3423 4404 εἰκότως
3456 4342 3491 4411 ἦ
3547 4340 3777 4409 τοιαύτη

2112 4427 2357 4485 πολιτεία
2402 4429 2461 4484 τὸ
2490 4426 2699 4503 ὑψηλὸν
2760 4426 2904 4509 ἔχει,
2939 4430 3030 4491 τὰς
3094 4441 3240 4507 τρεῖς
3271 4434 3375 4486 τῶν
3438 4427 3781 4506 τελουμένων

2110 4518 2282 4585 τάξείς
2325 4517 2381 4574 ἐν
2412 4518 2574 4594 ἑαυτῇ
2631 4519 3006 4598 περιφέρουσα.
3044 4516 3241 4577 ’Ἔνθεν
3271 4520 3318 4576 οἱ
3346 4521 3485 4577 θεῖοι
3526 4522 3781 4599 καθηγε-

2111 4609 2275 4685 μόνες
2329 4608 2509 4684 ἡμῶν,
2572 4609 2723 4666 θείων
2781 4608 3098 4685 ἐπωνυμιῶν
3155 4609 3341 4675 αὐτοὺς
3413 4609 3778 4688 κατηξίωσαν,

2110 4701 2158 4755 οἱ
2224 4699 2321 4774 μέν
2390 4699 2735 4778 θεραπευτὰς,
2797 4700 2843 4756 οἱ
2913 4697 2968 4754 δέ
3035 4699 3311 4779 μοναχυῦς
3386 4699 3774 4775 ὀνομάσαντες

2109 4789 2437 4867 θεραπευτὰς
2473 4789 2569 4863 μὲν
2622 4790 2696 4851 ὡς
2736 4789 2797 4845 τὸ
2858 4795 3015 4844 Θεῖον
3065 4792 3306 4867 καθαρῶς
3360 4789 3774 4868 θεραπεύοντας·

2110 4879 2389 4957 μοναχοὺς
2450 4877 2527 4959 δὲ,
2579 4880 2653 4941 ὡς
2714 4879 2844 4956 πρὸς
2900 4876 3184 4958 ἀμέριστον
3235 4879 3323 4935 καὶ
3377 4878 3576 4935 ἑνιαίαν
3632 4880 3779 4951 ζωὴν

2108 4971 2504 5044 καταντῶντας,
2560 4967 2679 5035 ἥτις
2737 4967 2804 5035 δὴ
2858 4969 3026 5025 ένιαία
3081 4968 3179 5039 ζοὴ
3230 4967 3553 5025 ένοποιοῦσα
3586 4970 3777 5033 αὐτοὺς

2111 5060 2183 5122 είς
2245 5057 2445 5130 ένοειδῆ
2478 5063 2702 5138 γνῶσιΨ
2759 5058 2955 5126 ταύτην
2989 5059 3087 5137 γὰρ
3141 5056 3289 5134 λέγει
3329 5055 3534 5132 μονάδα
3567 5059 3623 5131 (ἡ
3680 5059 3783 5137 γὰρ

2113 5154 2308 5225 γνῶσις
2364 5149 2558 5221 ένιαία,
2590 5151 2662 5210 ὡς
2694 5149 2727 5216 ἡ
2780 5147 2968 5224 Ξὶγνοια
2999 5145 3200 5216 πλῆθος
3232 5146 3638 5222 ἐσκεδασμένων
3700 5150 3777 5212 εἷς

2115 5236 2290 5295 πολλὰ
2337 5239 2426 5295 καὶ
2485 5236 2755 5318 διάφορα),
2790 5237 3103 5295 ἐνοποιοϋσα
3133 5236 3188 5294 δέ
3242 5260 3384 5314 πως,
3416 5236 3673 5303 δηλονότι
3726 5237 3783 5293 ἐν

2117 5341 2239 5393 ταῖς
2289 5331 2460 5407 ἱεραῖς
2494 5334 2599 5385 τῶν
2656 5326 2930 5407 διαιρετῶν
2975 5325 3299 5404 σύμπτύξεσι
3331 5326 3560 5389 τελειοτ.
3618 5337 3781 5385 Διαι-

2113 5417 2238 5497 ρετά
2283 5415 2338 5473 δέ
2390 5419 2489 5474 είσι
2543 5419 2609 5475 τὰ
2667 5417 2886 5476 ἐνταῦθα
2947 5416 3213 5495 σύμϐολα,
3270 5418 3331 5474 τὸ
3382 5416 3722 5495 κουκούλιον,
3754 5419 3784 5474 ὁ

2114 5504 2404 5583 ἆνάλαϐος,
2449 5509 2511 5566 τὸ
2565 5508 2827 5589 τρίχινον,
2852 5509 2914 5565 τὸ
2965 5506 3156 5584 μέλαν,
3188 5508 3275 5565 καὶ
3317 5507 3383 5564 τὰ
3431 5513 3672 5582 τοιαῦτα,
3708 5510 3786 5564 ὧν

2115 5597 2338 5654 ἕκαστον
2397 5597 2615 5674 ὕψηλῆν
2646 5598 2765 5679 ἔχει
2818 5598 2906 5656 καὶ
2950 5597 3148 5655 ἑνιαίαν
3206 5597 3308 5667 τὴν
3340 5597 3568 5656 ἔννοιαν·
3626 5600 3784 5657 τοῦτο

2116 5683 2215 5767 γάρ
2260 5685 2369 5744 ἑστι
2417 5688 2504 5757 καὶ
2536 5685 2847 5766 σύμπτυξιν.
2911 5685 3118 5745 ’Ἄλλοι
3150 5686 3204 5745 δὲ
3255 5686 3489 5768 διαιρετᾶ
3517 5687 3585 5746 τὰ
3633 5689 3775 5766 βιω-
