4072 6454
450 337 564 412 547
1627 340 1685 406 S.
1737 340 2066 406 DlONYSIl

2164 336 2650 407 tREOPAGIT/E
3704 342 3806 414 548

443 503 509 546 se
537 480 835 559 μοναδιιῷς
870 497 976 540 seu
1007 479 1291 542 solitaria
1323 479 1604 540 consistat
1636 485 1768 559 post
1813 474 2066 538 sacerdo

2183 476 2378 543 ὀπαδὸς
2427 478 2513 535 ἐπὶ
2542 479 2638 546 τὴν
2693 485 2799 535 τῶν
2828 481 2982 557 ἱερῶν
3035 478 3347 555 ἐπιστήμην
3401 481 3639 548 εὐπειθῶς
3677 484 3793 563 ἆγό..

442 584 568 634 tum
601 580 877 651 tanquam
930 569 1160 631 assecla
1192 570 1289 650 qui
1320 569 1391 630 ad
1444 584 1746 630 sacrorum
1783 564 2066 627 scientian

2182 588 2337 640 μενος
2383 568 2540 626 "005a
2570 571 2630 625 τὸ
2662 571 2957 649 μονλχικὸν
3011 569 3099 626 ἐπὶ
3126 574 3225 636 τῆς
3286 568 3476 634 τάξεως
3509 570 3704 649 λέγοιτο
3742 576 3797 631 ἃν

440 662 750 724 humiliter
778 660 1025 741 aspirat.
1060 659 1234 723 Unde
1263 662 1322 717 τὸ
1373 661 1672 739 novali-45v
1707 657 1924 719 dicitur
1957 673 2061 735 pro

2181 658 2400 735 κυρίως,
2431 661 2491 714 τὸ
2551 657 2604 714 δὲ
2636 657 2921 734 μοναδικὸν
2978 660 3062 715 ἐπὶ
3094 664 3189 727 τῆς
3237 659 3494 723 στάσεως,
3553 663 3796 733 nouam,

442 753 567 833 prie
599 753 674 813 de
694 752 933 831 ordine,
963 750 1240 826 μοναδειὸν
1265 767 1406 810 vero
1438 749 1516 809 de
1547 756 1721 809 statu.
1758 745 2066 810 Monadicu

2183 748 2389 827 σταὶσις,
2452 748 2532 805 ὅτι
2596 748 2759 825 μόνος
2814 750 2952 806 κατὰ
2999 748 3203 824 μονάδα
3248 748 3486 806 ἵσταται·
3551 756 3800 833 μοναχικὴ

442 841 724 904 nimirum
775 860 880 903 seu
912 840 1215 902 solitarius
1259 847 1442 899 status
1474 838 1715 919 dicitur,
1752 837 1895 914 quia
1937 834 2066 896 solu

2183 833 2349 916 τάξις,
2386 836 2470 892 ὅτι
2500 844 2756 917 μοναχῶς
2790 838 2877 893 καὶ
2910 835 3175 918 ένοειδως,
3206 838 3294 895 καὶ
3338 836 3397 892 οὗ
3424 834 3614 917 διχῶς,
3645 840 3677 907 ἢ
3705 862 3800 919 τρι,

437 931 771 993 secundum
790 950 963 993 mona
989 933 1100 991 lem
1118 929 1408 990 consistit.
1439 927 1813 990 Monachicus
1834 944 1940 987 seu
1965 943 2058 985 mo

2184 931 2322 1004 χῶς,
2354 926 2390 994 ἢ
2449 925 2743 1008 πολλαχῶς
2774 925 3131 985 πολιτεύεται.
3198 930 3363 985 Τοῦτο
3404 928 3501 1005 γὰρ
3530 926 3680 993 δηλοῖ
3730 940 3803 996 καὶ

439 1022 702 1084 nasticus
745 1021 889 1082 ordo
921 1011 1058 1099 quia
1102 1017 1460 1098 simpliciter
1487 1025 1546 1077 et
1594 1016 1999 1094 uniformiter,
2034 1033 2066 1075 e

2179 1018 2241 1071 τὸ
2271 1017 2689 1097 ἀμφιεννύμενον
2723 1018 2914 1094 μέλαν’
2964 1019 3029 1075 τὰ
3075 1019 3171 1093 μὲν
3203 1019 3301 1097 γὰρ
3354 1017 3489 1075 ἄλλα
3527 1026 3627 1076 τῶν
3678 1043 3802 1099 χρω-

441 1132 558 1175 ιιοη
590 1111 928 1193 dupliciter,
953 1110 1040 1170 vel
1072 1108 1415 1188 tripliciter,
1437 1106 1524 1170 vel
1556 1106 1965 1187 multipliciter
1994 1104 2066 1166 in

2177 1106 2360 1180 μάτων
2418 1110 2490 1171 εἰς
2547 1106 2698 1185 ἕτερα
2775 1115 3194 1182 μεταπεσοῦνται
3251 1106 3438 1185 ῥᾳδίως
3504 1109 3588 1165 καὶ
3654 1111 3801 1165 πάντα

438 1203 784 1264 stituiturac
814 1200 1201 1278 gubernatur.
1224 1195 1349 1258 Hoc
1382 1198 1558 1259 etiam
1591 1198 1696 1259 illa
1732 1196 1917 1257 vestis
1966 1202 2066 1255 atri

2178 1197 2249 1259 εἰς
2312 1198 2371 1251 τὸ
2422 1197 2614 1278 μέλαν,
2648 1200 2708 1254 τὸ
2734 1196 2788 1254 δὲ
2821 1197 2986 1273 μέλαν
3018 1203 3112 1258 οὐκ
3133 1197 3240 1253 ἔστι
3297 1195 3688 1272 μεταϐληθῆναι
3740 1201 3802 1263 εἰς

439 1311 568 1374 qua:
598 1290 1068 1371 circumponitur
1113 1288 1410 1367 signiﬁcat
1446 1309 1462 1357 τ,
1522 1288 1817 1369 siquidem
1862 1285 2061 1348 colore

2176 1282 2355 1374 ἕτερον
2388 1292 2585 1367 χρῷμα
2631 1288 2877 1350 πώποτε.

438 1373 538 1445 alii
583 1383 642 1443 in
691 1381 839 1443 alios
866 1379 1043 1441 facile
1097 1387 1422 1454 mutantur,
1459 1388 1517 1439 et
1546 1396 1757 1440 omnes
1799 1377 1860 1438 in
1894 1378 2151 1455 nigrum,
2186 1373 2292 1436 sed
2350 1377 2517 1455 niger
2560 1376 2724 1441 color
2770 1377 2831 1439 in
2862 1376 3042 1438 alium
3107 1395 3409 1459 nunquam
3444 1377 3655 1442 mutari
3705 1397 3799 1461 po-

439 1481 574 1539 test.

512 1563 542 1641 §
591 1559 661 1623 ΙΙ.
696 1559 1027 1621 Divisarum
1061 1568 1264 1622 autem
1318 1578 1387 1620 ac
1433 1558 1805 1620 saecularium
1838 1557 2066 1618 vitarun

2256 1559 2283 1631 δ
2312 1565 2376 1614 ιι.
2415 1549 2476 1615 ’Β
2508 1555 2560 1614 δὲ
2593 1558 2838 1636 ἀποταγῆ
2870 1565 2977 1615 τῶν
3016 1566 3280 1636 μεριστῶν
3311 1559 3400 1616 καὶ
3436 1559 3573 1617 κατὰ
3626 1559 3800 1631 κόσμον

428 1661 605 1733 atque
623 1651 870 1731 insuper
894 1649 1388 1729 imaginationum
1405 1649 1768 1710 renuntiatio
1789 1646 2066 1728 perfectis

2175 1651 2347 1719 ζωῶν,
2385 1646 2461 1702 ἔτι
2494 1646 2547 1704 δὲ
2577 1649 2663 1704 καὶ
2694 1650 3020 1728 φαντασίῶν,
3055 1649 3152 1716 τὴν
3214 1647 3560 1716 τελειοτάτην
3591 1648 3799 1728 ἐμφαίνει

430 1741 642 1802 simam
666 1741 929 1802 declarat
949 1738 1383 1820 philosophiam
1416 1761 1429 1802 :
1466 1739 1748 1819 quoniam
1779 1757 1813 1799 a
1835 1736 2066 1800 dividui

2175 1734 2509 1816 φιλοσοφίαν·
2574 1738 2900 1795 ἑνοποιεῖται
2964 1740 3063 1817 γὰρ
3121 1754 3244 1801 ταῖς
3305 1739 3525 1800 ἐνιαίαις
3586 1735 3802 1801 ἒντολαῒς

424 1830 956 1912 recedens,unicis
982 1828 1103 1891 illis
1130 1830 1347 1893 Christi
1376 1829 1612 1891 Domini
1639 1828 1930 1890 mandatis
1953 1827 2066 1889 uni

2176 1835 2266 1884 τοῦ
2328 1828 2599 1884 Δεσπότου
2680 1836 2905 1905 Χριστοῦ
2960 1835 3066 1885 τῶν
3136 1834 3400 1907 μεριστῶν
3455 1828 3799 1907 ἀφιστάμενος.

430 1924 662 1984 ﬁcatur.
685 1919 887 2001 Neque
913 1920 1071 1980 enim
1107 1929 1195 1980 est
1218 1917 1400 1979 medii
1432 1917 1664 1979 ordinis
1694 1917 2058 1980 initiatorum

2176 1914 2303 1972 Οὐδὲ
2365 1918 2465 1994 γὰρ
2522 1924 2622 1984 τῆς
2680 1919 2849 1994 μέσης
2885 1926 2992 1993 τῷν
3052 1917 3392 1994 τελουμένων
3448 1918 3557 1975 lacti
3610 1918 3800 1990 τάξεως,

426 2012 638 2069 scilicet
664 2010 1116 2067 illuminatorum
1144 2016 1197 2065 et
1234 2022 1530 2064 sacrorum
1557 2007 1872 2065 laicorum:
1910 2005 2066 2063 multa

2172 2002 2419 2072 δηλονότι
2472 2015 2576 2082 τῷν
2608 2009 2985 2089 φωτιζομένων
3039 2010 3126 2066 καὶ
3169 2010 3324 2088 ἱερῴν
3370 2008 3597 2083 λα’ίκῷνο
3654 2006 3802 2064 πολλὰ

428 2103 582 2159 enim
616 2100 881 2157 monachi
917 2098 1098 2154 facere
1129 2098 1531 2169 prohibentur,
1569 2112 1816 2169 quorum
1848 2095 2066 2154 inculta:

2169 2097 2269 2174 γὰρ
2328 2095 2591 2154 κωλύεται
2649 2101 2677 2154 ὁ
2737 2101 2984 2178 μοναγὸς
3038 2112 3243 2179 ποιεῖν,
3277 2102 3353 2154 ὧν
3397 2101 3447 2155 οἱ
3505 2098 3677 2155 λαϊκοὶ
3723 2098 3801 2164 τὴν

427 2199 487 2254 et
517 2199 774 2273 potestas
802 2189 971 2250 laicis
1017 2197 1122 2259 est,
1158 2197 1221 2249 ut
1250 2195 1406 2265 sunt,
1445 2188 1991 2269 nuptias,militiam
2027 2206 2060 2250 θ

2167 2187 2458 2263 ἐπιτροπὴν
2518 2191 2606 2245 καί
2661 2189 2757 2256 τὴν
2816 2186 3054 2253 ἐξουσίαν
3127 2187 3350 2268 ἔχουσι·
3412 2190 3474 2246 τὸ
3521 2187 3573 2243 δὲ
3615 2189 3732 2243 εἰσιν
3779 2187 3801 2243 ὁ

428 2280 789 2343 commercia
833 2279 1238 2359 frequentare,
1273 2287 1329 2339 et
1373 2278 1617 2350 similia,
1651 2298 1783 2360 qua:
1828 2279 1886 2339 in
1932 2277 2066 2339 laict

2170 2276 2367 2353 γάμος,
2400 2279 2487 2333 καὶ
2546 2278 2607 2333 τὸ
2652 2300 2951 2356 στρατειαις
2980 2280 3070 2335 καὶ
3128 2279 3408 2357 ἐμπορίαις
3460 2277 3684 2357 ὁμιλεῖν,
3728 2277 3801 2337 καὶ

427 2390 546 2433 non
598 2371 974 2435 damnantur.
1009 2366 1122 2430 Ubi
1156 2377 1293 2430 nota
1339 2369 1565 2431 dictum
1606 2368 1912 2446 quoddam
1947 2369 2066 2429 26(

2171 2365 2393 2442 ἑτέροις,
2427 2367 2481 2424 ἐν
2511 2372 2597 2431 οἷς
2628 2370 2655 2424 ὁ
2686 2366 2877 2433 λαϊκὸς
2937 2369 2996 2425 οὔ
3025 2369 3425 2447 κατακρίνεται.
3465 2371 3560 2427 Καὶ
3587 2367 3797 2444 σημείω-

429 2459 573 2521 utile
626 2466 831 2521 contra
891 2457 1332 2539 Lampetianos,
1381 2461 1506 2520 sive
1563 2457 1943 2532 Masolianos,
1986 2476 2060 2520 au

2170 2478 2258 2512 σαι
2288 2458 2350 2512 τὸ
2399 2456 2583 2533 ῥητὸν,
2620 2458 2699 2514 ὅτι
2733 2461 3005 2537 χρήσιμον
3059 2460 3196 2514 κατὰ
3250 2463 3666 2534 Λαμπετιανῷν,
3698 2454 3798 2524 ἤτοι

428 2548 863 2630 Adelphianos,
899 2547 1011 2619 vel,
1049 2548 1209 2624 quod
1244 2547 1402 2609 idem
1442 2549 1615 2624 valet,
1652 2548 2061 2610 Marcianistas

2175 2547 2552 2623 Μασαλιανῷν,
2587 2548 2623 2614 ἦ
2670 2547 3054 2629 Ἀδελφιανῷν,
3086 2551 3278 2607 ταῦτὸν
3335 2550 3391 2606 δὲ
3451 2552 3617 2605 εἰπεῖν
3670 2554 3799 2623 Μαρ-

427 2638 529 2721 qui
565 2638 887 2699 triennium
920 2639 1110 2699 solum
1146 2637 1414 2698 tribuunt
1444 2637 1805 2719 competenti
1830 2638 2066 2699 sanctiﬁ‘

2171 2640 2480 2712 κιανιστῷν,
2543 2637 2743 2702 οἵτινες
2795 2639 3027 2715 τριετίαν
3099 2640 3273 2714 μόνην
3329 2643 3682 2717 νομοθετοῦσι,
3730 2639 3802 2691 καὶ

430 2728 674 2803 cationi,
709 2747 779 2791 ac
806 2736 1009 2808 postea
1032 2728 1384 2809 permissam
1416 2727 1758 2789 existimant
1788 2745 1920 2789 esse
1950 2745 2066 2788 om-

2168 2726 2298 2802 ὑπὲρ
2352 2730 2411 2783 τὸ
2465 2733 2739 2806 προσῆκον
2791 2729 3115 2808 ἁγνίζεσθαι,
3150 2731 3237 2786 καὶ
3291 2731 3435 2805 μετὰ
3464 2736 3623 2786 ταῦτα
3678 2728 3801 2806 ἐφει-

427 2836 567 2881 nem
616 2817 940 2898 lasciviam,
974 2836 1109 2878 cum
1159 2835 1341 2879 sensu
1372 2818 1587 2896 spoliat
1610 2816 1947 2878 istiusmodi
1994 2817 2066 2879 la-

2172 2815 2337 2891 μένην
2394 2815 2578 2898 ἔχουσι
2606 2824 2779 2875 πᾶσαν
2822 2816 3128 2897 ἀσέλγειαν,
3170 2818 3510 2889 ἀναισθήτως
3558 2819 3801 2879 νοσοῦντες

425 2907 640 2971 borent
673 2915 970 2988 passione.
997 2906 1217 2970 Verum
1249 2908 1522 2970 monachi
1551 2926 1674 2988 prae
1701 2907 1933 2969 caeteris
1968 2907 2066 2969 de-

2169 2905 2269 2972 την
2326 2906 2638 2980 ἐμπάθειαν,
2690 2904 2838 2963 Ἀλλ’
2894 2909 2940 2964 οἱ
2998 2909 3231 2988 μοναχοὶ
3287 2910 3429 2988 πρὸς
3481 2920 3596 2972 τοῖς
3645 2903 3802 2969 ἄλλοις

424 3001 566 3063 bent
595 3003 662 3063 ad
691 3000 1122 3063 sacerdotalem
1156 2999 1386 3061 vivendi
1422 3000 1714 3061 rationem
1752 2999 2066 3068 eﬁ‘ormari

2171 2995 2430 3074 ὀφείλουσι
2476 2999 2605 3073 πρὸς
2680 2997 2780 3065 τὴν
2839 2998 3111 3075 ἱερατικὴν
3161 2998 3602 3078 ἂπομορφοῦσται
3659 2996 3800 3067 ζωὴν,

422 3091 643 3171 quippe
675 3091 774 3170 qui
811 3107 930 3170 pra:
961 3090 1195 3150 caeteris
1248 3088 1497 3149 initiatis
1529 3107 1666 3151 cum
1716 3088 1827 3149 isto
1870 3089 2066 3150 ordine

2169 3086 2239 3149 ὡς
2300 3085 2505 3159 μᾶλλον
2540 3090 2668 3161 αὒτῇ
2725 3087 3111 3156 πλησιάζοντες
3151 3089 3295 3164 παρὰ
3361 3090 3456 3151 τὰς
3487 3087 3671 3162 λοιμιᾶς
3715 3091 3803 3158 τῷν

428 3180 713 3259 majorem
750 3179 1005 3240 habeant
1048 3180 1414 3251 afﬁnitatem,
1451 3178 1534 3240 uti
1569 3196 1748 3260 supra
1793 3178 2066 3256 diximus,

2167 3173 2504 3250 τελουμένων
2560 3175 2757 3250 τάξεις,
2823 3176 2999 3240 καθὼς
3076 3175 3338 3255 ἐλέγομεν
3397 3177 3698 3257 ἔμπροσθεν,
3752 3173 3800 3230 οδ

422 3287 800 3347 nequaquam
859 3269 1014 3332 facta
1042 3269 1487 3349 comparatione
1545 3287 1678 3330 cum
1702 3266 1960 3329 initiatis
2013 3270 2066 3330 ii:

2170 3266 2301 3344 πρὸς
2344 3266 2440 3329 τὰς
2498 3264 2717 3332 τελετὰς
2769 3272 2877 3341 τῷν
2938 3264 3111 3343 ἄκρως
3169 3266 3531 3346 τελουμένων,
3586 3263 3800 3334 δηλονότι

422 3359 524 3440 qui
547 3379 829 3440 suprema
845 3360 1297 3421 consecratione
1319 3359 1535 3436 initiati
1556 3366 1713 3432 sunt,
1743 3357 1802 3419 id
1832 3367 1922 3419 est
1945 3377 2066 3438 per-

2171 3355 2278 3429 τῷν
2336 3353 2725 3429 τελειουμένων
2755 3356 2853 3431 τῇς
2904 3356 3225 3435 συγκρίσεως
3276 3356 3587 3436 γινομένης’
3621 3354 3676 3411 οὗ
3717 3353 3800 3431 γὰρ

421 3447 592 3513 lectis
626 3450 891 3530 (perfecti
927 3450 1086 3511 enim
1123 3457 1263 3511 sunt
1291 3449 1387 3529 qui
1424 3467 1530 3529 per
1562 3448 1946 3530 baptismum,
1983 3469 2059 3529 qu

2173 3445 2298 3501 εἶπε
2355 3451 2462 3519 τῷν
2518 3445 2904 3521 τελειουμένων
2972 3444 3359 3522 (τελειούμενοι
3438 3448 3533 3525 γάρ
3590 3447 3709 3503 εἰσιν
3762 3444 3801 3499 οἱ

423 3559 536 3619 per
556 3540 1030 3620 unctionezn,qui
1066 3558 1171 3620 per
1194 3541 1706 3618 cmnmunionem,
1732 3537 1835 3618 qni
1864 3556 1971 3618 per
1992 3558 2062 3600 or

2171 3532 2256 3591 διὰ
2282 3543 2373 3592 τοῦ
2421 3536 2814 3612 βαπτίσματος,
2848 3539 2894 3592 οἱ
2951 3534 3036 3593 διὰ
3067 3536 3165 3604 τῆς
3226 3539 3488 3617 κρίσεως,
3524 3540 3570 3594 οἱ
3597 3535 3674 3592 διὰ
3717 3539 3800 3599 τῆς

425 3630 787 3691 dinationem
821 3638 957 3690 sunt
979 3631 1404 3705 consummati)
1429 3628 1536 3691 sed
1572 3647 1704 3691 cum
1727 3628 1804 3690 iis
1832 3628 1934 3709 qui
1964 3628 2066 3691 ini-

2171 3624 2545 3700 μέταλήψεως,
2586 3628 2631 3682 δι
2662 3624 2746 3681 διὰ
2803 3625 2903 3693 τῆς
2949 3628 3335 3705 χειροτονίας),
3367 3625 3505 3684 ἀλλὰ
3563 3622 3797 3700 τελουμέ-

424 3718 723 3809 tiantur,id
738 3720 943 3799 estqui
965 3718 2066 3809 expiantur,docentur.illutninantur.

2165 3737 2290 3790 νων,
2346 3713 2550 3809 δηλαδὴ
2636 3716 3055 3795 καθαιρομένων,
3115 3714 3538 3793 διδασκομένων,
3604 3722 3797 3797 φοτιζο·

421 3806 713 3880 Quoniam
766 3809 960 3869 omnis
989 3808 1231 3889 quidem
1287 3808 1390 3888 qui
1433 3808 1736 3888 perﬁcitur
1786 3807 2066 3886 initiatur1

2164 3805 2364 3881 μένων,
2423 3803 2584 3862 Ὠστε
2614 3812 2718 3869 πᾶς
2772 3804 3135 3878 τελειοῦμενος
3167 3808 3255 3865 καὶ
3314 3806 3577 3889 τελεῖται,
3607 3810 3662 3866 οὗ
3706 3803 3799 3882 μὴν

420 3915 542 3959 non
572 3897 770 3959 omnis
789 3909 988 3959 autem
1023 3896 1127 3977 qui
1154 3897 1427 3959 initiatur
1453 3898 1626 3959 etiam
1662 3897 1994 3978 perﬁcitur.

2164 3892 2218 3951 δὲ
2262 3900 2366 3957 πᾶς
2411 3893 2724 3970 τελούμενος
2760 3895 3070 3959 τελειοῦται,

501 3986 658 4067 §Ill.
697 3985 946 4066 Signum
999 3976 1140 4047 vero
1175 3989 1373 4067 ﬁgurae
1405 3988 1600 4049 crucis
1639 3976 1911 4067 designat
1941 4007 2066 4050 ces-

2241 3982 2270 4063 §
2323 3983 2422 4047 ῘΙΙ.
2459 3976 2521 4040 Ἠ
2581 3983 2918 4064 σταυροειδὴς
2949 3983 3005 4041 δὲ
3057 3985 3219 4046 πάλιν
3264 3988 3517 4069 σφραγὶς,
3563 3984 3658 4053 τὴν
3685 3981 3796 4038 ἆνε-

420 4079 713 4139 sationem
735 4076 1059 4139 carnalium
1087 4077 1524 4139 desideriorum
1554 4098 1570 4155 ;
1607 4085 1878 4161 tonsura,
1898 4078 2066 4140 vitam

2164 4075 2444 4152 νεργησίαν
2475 4070 2636 4141 δηλοῖ
2693 4081 2797 4149 τῷν
2829 4082 3095 4153 σαρκικῷν
3127 4075 3380 4155 ὀρέξεων·
3436 4085 3472 4147 ἡ
3502 4075 3794 4153 ἀπόκαρσις,

420 4186 632 4250 puram
665 4174 724 4229 et
756 4167 1004 4229 minime
1035 4167 1288 4229 fucatam
1321 4187 1334 4230 :
1369 4188 1399 4225 a
1424 4160 1886 4248 supervacaneis
1913 4168 2066 4230 enim

2164 4163 2390 4241 καθαρὰν
2468 4164 2554 4219 καὶ
2631 4162 3045 4243 ἀσχημάτιστον
3131 4167 3305 4237 ζωήν·
3370 4168 3665 4246 καθαίρεται
3714 4160 3798 4240 γὰρ

420 4257 713 4339 expiatur,
743 4257 825 4319 ita
854 4266 917 4319 ut
947 4275 1067 4319 non
1110 4255 1289 4319 liceat
1317 4257 1639 4319 ascititium
1673 4275 1861 4319 comm
1891 4275 2066 4319 orna-

2164 4254 2261 4325 τῷν
2321 4250 2763 4331 περιττωμοίτων⁹
2797 4253 2884 4310 καὶ
2915 4257 3011 4312 οῦκ
3043 4253 3152 4311 ἔστι
3207 4252 3297 4313 διὰ
3327 4261 3429 4324 τῆς
3463 4254 3634 4330 κόμης
3689 4251 3795 4307 ἑπι-

418 4357 688 4411 mentum
731 4366 1066 4429 assumere,
1100 4348 1207 4409 sed
1241 4355 1608 4409 venustatem
1655 4347 1912 4410 maxime
1942 4347 2066 4410 ἀεὶ·

2164 4343 2363 4407 θετικὸν
2418 4340 2613 4405 κάλλος
2669 4341 2983 4420 λαμϐάνειν,
3020 4342 3156 4403 ἀλλὰ
3184 4344 3392 4413 κάλλος
3434 4342 3797 4404 θεοειδέστατιν

413 4438 694 4520 formem,
728 4438 1051 4501 mentalem
1080 4436 1314 4501 scilicet
1344 4446 1401 4500 et
1432 4436 1683 4501 unitam.

497 4530 527 4609 §
558 4532 652 4594 ιν.
688 4531 895 4592 Vestes
915 4528 1223 4591 insinuant
1246 4528 1479 4590 vivendi
1500 4529 1784 4592 rationes:
1812 4527 1911 4590 illa
1936 4529 2076 4610 qui-

2157 4433 2294 4490 κατὰ
2318 4438 2438 4490 νοῦν
2469 4433 2555 4489 καὶ
2586 4434 2820 4497 ἐνιαϊον,

2241 4520 2272 4602 §
2328 4519 2432 4585 IV.
2470 4525 2532 4580 Αἱ
2579 4524 2799 4590 ἐσθῆτες
2831 4525 2927 4589 τὰς
2957 4526 3096 4597 ζωὰς
3155 4525 3666 4607 ὒπεμφαίνουσιν·ἡ
3716 4520 3798 4599 μὲν

417 4618 547 4676 dem
579 4610 701 4690 quae
732 4618 1060 4690 deponitur,
1086 4619 1338 4689 priorem
1371 4618 1520 4676 illam
1552 4618 1779 4685 laicam,
1808 4617 1905 4675 illa
1941 4609 2066 4678 vero

2164 4613 2225 4684 ἢν
2277 4609 2666 4688 ἀποϐάλλεται,
2700 4614 2798 4680 τὴν
2856 4614 3114 4694 προτέραν
3158 4618 3248 4673 καὶ
3300 4616 3533 4687 λα’ἰκήνο
3593 4618 3626 4684 ἡ
3654 4610 3704 4669 δὲ
3744 4610 3799 4675 ἦν

416 4726 551 4790 quae
594 4708 936 4783 assumitur,
972 4708 1391 4789 perfectiorem
1423 4709 1577 4770 hanc
1622 4716 1679 4770 et
1708 4708 2018 4771 meliorem
2053 4727 2066 4772 :

415 4801 570 4861 sicut
600 4798 778 4860 etiam
801 4798 861 4858 in
897 4797 1192 4879 baptismo
1229 4799 1402 4860 vestis
1438 4798 1537 4860 illa
1567 4799 1925 4880 permutatio
1958 4798 2070 4861 de-

416 4888 684 4961 signabat
716 4887 862 4959 ejus,
885 4888 981 4960 qui
1010 4901 1111 4959 per
1134 4887 1556 4946 institutionem
1587 4888 2067 4960 expiatusfuerat,

414 4982 592 5042 vitam
625 4978 698 5040 ad
726 4976 1170 5059 contemplandi
1196 4986 1255 5040 et
1284 4977 1663 5041 illuminandi
1698 4986 1914 5040 statum
1942 4986 2067 5041 tra-

412 5069 574 5133 duci.
614 5067 955 5133 Omittenda
988 5067 1085 5130 hic
1120 5068 1313 5148 prima
1358 5068 1460 5131 illa
1490 5068 2067 5132 catechumenorum

413 5159 767 5242 denudatio,
799 5157 1097 5240 siquidem
1131 5159 1231 5221 illa
1278 5159 1545 5221 sordium
1578 5166 1962 5222 externorum
2014 5166 2075 5223 et

414 5251 637 5314 erroris
660 5248 1103 5329 depositionem
1145 5247 1406 5329 exhibet,
1425 5249 1704 5330 quocirca
1720 5249 1783 5309 ﬁt
1804 5248 2066 5326 eminus,

415 5349 471 5402 et
521 5350 689 5403 extra
719 5357 955 5402 sacrum
993 5338 1307 5418 templum.
1342 5342 1636 5402 Caeterum
1685 5356 1940 5418 agnosco
1971 5337 2069 5400 hic

411 5432 754 5496 societatem
786 5429 951 5491 illam
974 5447 1043 5491 ac
1069 5429 1328 5491 divinam
1359 5428 1616 5491 laetitiam
1650 5448 1755 5510 per
1784 5428 2056 5492 osculum

312 5524 317 5531 ’
409 5539 517 5585 seu
551 5520 888 5602 amplexum
924 5518 1324 5597 designatam.

490 5698 617 5786 ἓν.
651 5698 774 5763 Sub
806 5699 989 5764 ﬁnem
1018 5699 1275 5777 deniqne
1306 5699 1711 5765 communicat
1737 5700 1790 5763 is
1822 5700 1926 5778 qui
1954 5717 2049 5766 reo

2155 4703 2522 4783 ἀμφιέννυται,
2553 4703 2652 4772 τὴν
2712 4702 3042 4783 τελειοτέραν
3099 4706 3303 4774 ταύτην
3378 4709 3471 4764 χὰὶ
3526 4706 3795 4787 κρείττονα·

2154 4794 2389 4872 καθάπερ
2445 4795 2534 4849 καὶ
2592 4793 2677 4851 ἐπὶ
2705 4800 2800 4852 τοῦ
2855 4795 3224 4872 βαπτίσματος
3266 4797 3373 4865 τὴν
3434 4797 3543 4855 ἀπὸ
3586 4800 3677 4862 τῆς
3726 4787 3798 4846 τιλῖ

2152 4883 2469 4962 θαιρομένης
2527 4881 2612 4941 διὰ
2661 4888 2760 4951 τῆς
2820 4882 3160 4949 διδασκαλίας
3217 4891 3369 4957 ζωῆς
3422 4889 3498 4951 εἰς
3555 4889 3795 4961 θεωρητι-

2153 4975 2252 5043 κὴν
2311 4974 2398 5029 καὶ
2451 4974 2782 5053 φωτιστικὴν
2838 4973 2943 5041 ἕξιν
3001 4975 3293 5055 ἀναγωγὴν
3348 4979 3384 5047 ἡ
3446 4982 3548 5044 τῆς
3603 4973 3795 5041 ἕσθῆτος

2153 5062 2344 5134 ἐδήλου
2371 5063 2712 5139 ἀντάμειψις.
2761 5062 2981 5123 Ἐατέον
3012 5073 3098 5124 νῦν
3157 5068 3376 5136 ἰκεινην
3410 5070 3510 5136 τὴν
3555 5063 3793 5146 προτέραν

2152 5158 2257 5227 τῷν
2332 5152 2758 5233 κατηχουμένων
2842 5154 3201 5234 ἀπαμφίασιν·
3294 5155 3479 5225 ἐκείνη
3534 5156 3633 5236 γὰρ
3708 5150 3794 5218 τὴν

2151 5250 2258 5318 τῷν
2312 5242 2498 5308 ἔξωθεν
2557 5242 2918 5321 ῥυπασμάτων
2987 5246 3075 5302 καὶ
3132 5251 3232 5314 τῆς
3292 5244 3510 5314 πλάνης
3567 5246 3792 5303 ἀπόθεσιν

2152 5338 2405 5412 παριστᾷ,
2435 5333 2523 5389 καὶ
2566 5331 2651 5391 διὰ
2704 5340 2857 5391 τοῦτο
2902 5336 2990 5392 καὶ
3049 5334 3228 5414 πόρῤω
3277 5359 3386 5396 που
3439 5338 3529 5394 καὶ
3566 5334 3664 5402 ἔξω
3715 5337 3792 5389 τοῦ

2150 5431 2292 5501 ἱεροῦ
2344 5434 2467 5483 ναοῦ
2499 5424 2721 5503 γίνεται.
2759 5425 2867 5493 Τὴν
2929 5425 3110 5501 μέντοι
3139 5448 3200 5505 γε
3255 5428 3542 5485 κοινωνίαν
3573 5426 3656 5483 καὶ
3706 5422 3789 5478 τὶν

2141 5515 2285 5571 θείαν
2363 5514 2685 5594 εὐφροσύνην
2756 5515 2842 5573 διὰ
2920 5522 3013 5574 τοῦ
3097 5515 3388 5594 ἀσπασμοῦ
3475 5512 3790 5592 δηλουμένην

2143 5604 2374 5679 μάνθανε
2385 5652 2398 5667 ,

2221 5692 2359 5774 §V.
2407 5689 2526 5752 Ἐπὶ
2576 5692 2718 5753 τέλει
2749 5692 2805 5754 δε
2861 5697 2948 5756 καὶ
2978 5703 3082 5774 τῷν
3113 5695 3267 5777 ἱερῷν
3320 5696 3626 5780 μυστηρίων
3678 5689 3783 5752 χόι-
