4072 6418
251 333 370 405 549
743 335 840 410 DE
883 334 1184 412 ECCLES.
1251 341 1700 432 HIERARCH.,
1743 346 1908 418 CAP.
1958 349 2064 418 VI.
2099 384 2174 397 —
2219 347 2633 431 PARAPHR.,
2681 351 3172 418 PACHYMERzE
3514 352 3631 423 550

247 494 413 538 vobis“!
445 483 473 538 ὁ
503 482 766 548 τελεσθεὶς
796 481 925 563 ἤδη,
983 484 1063 542 ὅτι
1097 488 1184 543 καὶ
1226 489 1356 567 ὑπὲρ
1389 489 1484 558 τὴν
1514 487 1682 566 μέσην
1743 488 1885 556 τάξον

1990 486 2393 550 :ensinitiatus
2407 487 2807 569 est,quoniam
2839 488 3101 552 medium
3128 489 3294 552 illum
3321 492 3620 567 ordinem,

242 574 341 650 (ἦν
395 576 758 654 θεωρητικὴν,
816 577 888 640 ὡς
951 580 1173 652 θεωρεῖν
1231 586 1336 635 τῶν
1368 580 1544 659 θείων,
1610 582 1762 659 φησὶ,
1799 583 1897 647 τὴν

1990 577 2379 640 sacriscilicet
2416 579 2616 659 populi
2651 581 2857 659 (quem
2881 578 3095 639 divinis
3119 581 3418 659 mysteriis
3477 585 3629 663 aspi-

241 670 342 720 τοῦ
395 665 540 742 ἱεροῦ
595 664 725 721 λαοῦ
786 663 1012 736 δηλαδή)
1076 672 1102 723 ὁ
1163 669 1404 732 τοιοῦτός
1467 671 1600 726 ἐστι·
1678 671 1898 750 μετέχει

1990 667 2213 730 ciendis
2237 675 2617 730 contuentem
2643 687 2750 730 seu
2783 669 3284 749 contemplantem
3320 674 3589 753 vocat)ex
3612 707 3630 720 -

243 753 351 830 γὰρ
384 755 474 812 καὶ
503 754 752 832 γνώσεως
811 757 976 833 ἱερᾶς,
1032 759 1120 813 καὶ
1185 759 1302 815 καθ’
1334 758 1460 817 ὅσον
1505 759 1578 816 ἔνι
1624 763 1756 838 πρὸς
1801 761 1900 819 τὴν

1990 758 2311 818 ceditmam
2350 767 2411 819 et
2441 777 2626 819 sacrae
2657 757 3023 837 cognitionis
3052 759 3346 838 particeps
3377 763 3626 842 exsistit,

202 848 205 850 ’
249 845 531 921 ἱερατικὴν
591 845 902 921 ἐπιστήμην
963 848 1335 926 ἀφομοιοῦται,
1402 853 1493 907 Διὸ
1525 854 1610 908 καὶ
1642 853 1730 908 ἐπὶ
1785 857 1890 907 τῶν

1990 856 2044 909 et
2073 855 2362 930 quantum
2391 848 2475 910 fas
2511 861 2619 922 est,
2653 849 2726 909 ad
2751 847 3182 910 sacerdotalem
3204 850 3512 911 scientiam
3536 871 3634 913 ac-

242 936 538 1012 ἱερουργῶν
570 935 713 992 ἔστιν
772 935 928 1012 iactv,
982 937 1062 994 {Su
1097 938 1214 1014 μεθ’
1259 941 1286 996 ὃ
1333 940 1672 1019 πληρώσουσι
1725 948 1896 998 πᾶσαν

238 1026 344 1092 τὴν
390 1025 704 1083 ἀκολουθίαν
753 1032 856 1093 τῆς
905 1029 1238 1109 ἁγιαστείας⁷
1274 1030 1326 1087 ἐν
1367 1031 1506 1088 τέλει
1536 1033 1640 1088 τῶν
1685 1053 1897 1106 μυστη-

239 1115 371 1191 ρίων
418 1123 750 1172 κοινωνοῦσυ
814 1118 892 1190 μὴ
943 1119 1129 1198 μόνον,
1184 1119 1264 1178 ὅτι
1305 1122 1484 1189 πάσης
1542 1125 1681 1201 ἱερᾶς
1739 1122 1899 1198 μεθέ-

241 1203 376 1270 ξεως
409 1207 444 1274 ἡ
505 1208 613 1262 τῶν
643 1207 794 1264 θείων
855 1209 1160 1288 μυστηρίων
1220 1210 1522 1287 μετάληψὲς
1569 1211 1680 1268 ἐστι
1711 1214 1771 1267 τὸ
1802 1233 1898 1267 κε-

242 1293 496 1375 φάλαιον,
560 1293 682 1352 ἀλλ’
741 1296 822 1353 ὅτι
876 1299 962 1353 καὶ
1038 1298 1203 1365 αὖτῆς
1275 1307 1375 1366 τῆς
1429 1307 1752 1367 κοινωνικῆς
1811 1303 1899 1356 καὶ

239 1384 524 1451 Θειοτάτης
581 1383 780 1465 δωρεᾶς
834 1391 884 1442 αἱ
954 1389 1088 1464 ἱεραὶ
1159 1389 1448 1470 μετέχουσι
1509 1389 1705 1463 τάξεις,
1764 1390 1899 1447 κατά

243 1473 345 1541 τήν
377 1473 666 1554 ἀναλογίαν
719 1476 815 1544 τῆς
866 1477 1151 1556 ἀναγωγῆς
1185 1479 1381 1542 αὒτῶν,
1446 1480 1619 1560 ’Ἔχει
1653 1480 1706 1536 δὲ
1738 1491 1895 1540 τοῦτο

239 1562 498 1645 διαφορὰν
534 1567 663 1637 πρὸς
695 1565 752 1623 τὸ
808 1567 1086 1647 πρότερον,
1122 1567 1203 1626 ὅτι
1248 1570 1366 1627 ἐκεῖ
1395 1569 1566 1650 λέγει,
1601 1569 1685 1627 διὰ
1725 1573 1898 1627 τοι)τοὶ

237 1660 350 1710 τῶν
401 1657 706 1732 μυστηρίων
766 1655 1294 1740 μετπιλοιμϐσὶνουετιν²
1357 1658 1437 1716 ὅτι
1486 1661 1638 1717 τοῦτό
1684 1661 1794 1717 ἐστι
1839 1662 1898 1717 τὰ

244 1743 541 1824 κεφάλαιον
573 1751 673 1813 τῆς
733 1745 865 1813 ὅλης
911 1749 1081 1806 αὐτῶν
1113 1752 1254 1828 ἱερᾶς
1314 1751 1576 1828 πράξεως,
1624 1754 1696 1813 ὡς
1729 1752 1897 1830 χωρὶς

242 1839 346 1901 τῆς
384 1835 746 1910 μεταλήψεως
779 1840 967 1917 τυχὸν,
1007 1841 1084 1913 μὴ
1129 1841 1251 1897 οἶόν
1284 1863 1338 1896 τε
1376 1842 1518 1898 εἶναι
1553 1841 1896 1908 τελειωθῆναι

242 1926 346 1992 τὴν
371 1926 518 2004 ἱερὰν
550 1927 722 1983 αὐτῶν
757 1928 965 2005 πρᾶξινο
1031 1933 1250 1989 ἐνταῦθα
1281 1931 1332 1986 δὲ
1377 1930 1545 2010 λέγει,
1612 1931 1694 1987 διὰ
1747 1938 1900 1988 τοῦτο

241 2019 345 2081 τὴν
372 2016 655 2073 κοινωνίαν
685 2019 943 2095 γίνεσθαι,
979 2021 1055 2082 ὡς
1113 2019 1314 2097 δωρεὰν
1345 2019 1551 2088 δηλαδὴ
1610 2021 1702 2077 τοῦ
1761 2023 1901 2099 ἱεροῦ

241 2109 419 2165 αὖτῶν
477 2106 644 2163 κόπου
702 2110 790 2164 καὶ
840 2111 939 2174 τῆς
1005 2110 1144 2175 Οείας
1200 2115 1513 2191 ὑπηρεσίας,
1566 2114 1709 2170 Κατά
1739 2120 1901 2169 ταῦτα

241 2202 379 2274 γοῦν
436 2210 688 2253 κοινωνεῖ
746 2199 890 2255 καὶὸ
924 2198 1189 2262 τελεσοεὶς
1246 2204 1492 2282 μοναχὸς
1525 2203 1632 2258 τῶν
1690 2224 1900 2277 μυστη-

244 2287 396 2363 ρίων,
435 2287 472 2352 ἣ
502 2289 968 2365 συγκεφαλαίωσιν
1003 2289 1150 2370 ἔχων
1188 2293 1439 2348 ἁπάντων
1490 2293 1596 2348 τῶν
1653 2291 1768 2348 καθ’
1804 2294 1901 2348 αὒ-

239 2377 337 2432 τὸν
391 2376 492 2441 τὴν
552 2378 694 2454 ἱερὰν
750 2378 1079 2456 μετάληψιν,
1206 2383 1316 2456 μὴν
1373 2384 1473 2449 τὴν
1531 2383 1668 2439 Οείαν
1703 2381 1899 2458 δωρεὰν

243 2465 570 2547 δεχόμενος,
608 2466 718 2524 ἀνθ’
763 2472 837 2524 ὧν
867 2472 938 2532 εἷς
990 2471 1248 2538 τοιαύτην
1307 2472 1581 2528 πολιτείαν
1636 2472 1896 2537 κατέστη,

241 2557 472 2634 Συνάγει
528 2556 726 2631 τοίνυν,
790 2561 863 2623 ὡς
925 2563 975 2616 αἱ
1031 2562 1240 2617 τελεταὶ
1299 2562 1557 2641 κάθαρσίς
1613 2563 1736 2640 εἶσι,
1812 2563 1898 2616 καὶ

241 2647 544 2725 φωτισμὸς,
601 2648 689 2702 καὶ
743 2647 1039 2713 τελείωσις·
1105 2652 1192 2707 καὶ
1243 2653 1294 2706 αἱ
1344 2651 1521 2716 τάξεις
1581 2651 1750 2725 ἡμὲν
1793 2653 1896 2707 τῶν

240 2733 507 2792 διακὸνων
535 2739 850 2814 καθαρτικὴ,
885 2740 919 2806 ἡ
952 2737 1006 2794 δὲ
1038 2746 1143 2794 τῶν
1176 2740 1358 2818 ἱερέωι
1392 2741 1748 2820 φωτιστιιιὴν,
1785 2742 1814 2808 ἥ
1844 2738 1898 2794 δὲ

240 2831 350 2880 τῶν
395 2825 695 2905 ἀρχιερέων
752 2827 1056 2898 τελεστικήο
1112 2832 1198 2884 καὶ
1253 2833 1298 2885 οἱ
1346 2831 1686 2905 τελουμενοι,
1724 2833 1770 2886 οἱ
1803 2852 1898 2884 κα-

239 2916 576 2993 (ὶαιρόμενοι³
614 2915 727 2973 ἔστι
784 2921 872 2974 καὶ
903 2924 1003 2986 τῆς
1063 2920 1338 2986 κοινωνίας
1370 2923 1458 2977 καὶ
1506 2921 1600 2989 τῆς
1674 2920 1898 2995 ἐποψίας

1984 939 2165 999 cedit.
2191 938 2566 1017 Quapropter
2595 940 2863 1000 videmus
2887 939 3066 1000 etiam
3103 938 3161 998 in
3190 939 3378 1000 sacris
3408 942 3632 1001 ordini-

1984 1027 2118 1102 bus,
2153 1029 2262 1090 sub
2291 1030 2468 1089 linem
2500 1027 2851 1089 eorumdem
2886 1029 3285 1092 sanctissimas
3319 1047 3637 1091 consecra-

1989 1117 2168 1179 tionis
2193 1116 2679 1179 communionem
2713 1133 2949 1197 quoque
2975 1117 3277 1197 tradi,non
3300 1115 3525 1182 idcirco
3541 1136 3636 1178 so-

1988 1206 2107 1267 lum
2143 1207 2297 1287 quod
2331 1206 2669 1268 divinorum
2731 1207 3036 1287 perceptio
3097 1208 3512 1286 mysteriorum
3561 1209 3637 1270 sit

1983 1315 2216 1358 summa
2245 1297 2516 1377 quaadam
2548 1297 2867 1376 cujuslibet
2892 1295 3279 1359 hierarchicae
3308 1296 3629 1377 participa-

1985 1388 2427 1460 tionis,-verum
2461 1393 2637 1448 etiam
2673 1395 2736 1446 ut
2792 1387 2922 1446 261
2968 1385 3121 1448 sacri
3151 1386 3396 1448 ordines
3447 1387 3632 1467 ipsius

1982 1477 2142 1554 quod
2164 1477 2640 1539 communicatur
2664 1476 3026 1538 divinissimi
3051 1476 3315 1538 muneris
3334 1495 3440 1557 pro
3455 1487 3629 1557 captu

1983 1585 2089 1627 suo
2123 1566 2446 1647 participes
2490 1568 2798 1647 exsistant,
2831 1567 2900 1627 ad
2941 1567 3032 1629 sui
3059 1567 3131 1628 ad
3178 1585 3395 1647 supera
3428 1573 3631 1629 tradu-

1982 1658 2266 1720 ctionem.
2317 1659 2377 1717 ln
2412 1657 2524 1718 hoc
2554 1666 2752 1718 autem
2786 1656 2991 1718 dill‘ert
3019 1675 3052 1718 a
3091 1657 3296 1735 priori,
3333 1658 3492 1738 quod
3533 1658 3626 1718 id-

1982 1749 2139 1809 circo
2172 1747 2327 1808 dicat
2356 1765 2460 1808 eos
2489 1753 2675 1808 sacris
2699 1747 2791 1807 his
2823 1747 3116 1828 mysteriis
3146 1748 3626 1826 communicare,

1985 1856 2055 1898 eo
2076 1838 2232 1917 quod
2266 1838 2390 1899 haec
2420 1855 2655 1899 summa
2675 1837 2795 1897 sint
2826 1838 3125 1898 universae
3156 1837 3422 1917 ipsorum
3447 1855 3631 1898 sacrae

1983 1927 2421 2007 functionis,ita
2465 1936 2528 1988 ut
2549 1928 2680 1988 sine
2703 1945 2871 1988 sacra
2896 1926 3008 1988 ista
3039 1927 3466 1989 communione
3490 1927 3628 1988 illo-

1983 2035 2116 2078 rum
2141 2017 2364 2078 functio
2391 2016 3079 2094 nequeatconsummari
3115 2035 3130 2091 ;
3198 2016 3296 2078 hic
3320 2025 3517 2078 autem
3550 2015 3634 2078 ait

1984 2108 2472 2170 communionem
2516 2107 2881 2188 frequentari
2917 2125 3023 2186 per
3057 2105 3297 2166 modum
3337 2105 3626 2183 muneris,

1989 2197 2268 2258 videlicet
2295 2196 2451 2258 sacri
2482 2196 2704 2257 laboris
2736 2215 2944 2257 eorum
2968 2214 3035 2256 ac
3064 2195 3273 2256 divinae
3296 2195 3626 2258 servitutis.

1989 2287 2328 2348 Secundum
2351 2285 2475 2346 haec
2507 2285 2712 2362 itaque
2736 2286 3064 2347 monachus
3085 2285 3183 2364 qui
3215 2292 3628 2359 consecratus,

1987 2383 2097 2449 est,
2133 2374 2489 2436 divinisillis
2525 2375 2820 2455 mysteriis
2853 2374 3277 2454 communicat,
3321 2375 3405 2436 vel
3440 2383 3504 2435 ut
3528 2393 3628 2436 sa-

1985 2483 2143 2526 cram
2176 2465 2664 2526 communionem
2681 2464 2896 2525 babeat
2919 2481 3024 2544 per
3051 2465 3293 2525 modum
3319 2465 3630 2526 summarii

1983 2555 2248 2616 omnium
2272 2554 2345 2614 ad
2378 2571 2441 2614 se
2463 2554 2886 2633 spectantium,
2911 2554 3000 2614 vel
3035 2572 3141 2634 per
3171 2553 3414 2614 modum
3445 2553 3632 2616 divini

1986 2643 2129 2706 dcni
2163 2643 2470 2723 percipiat,
2505 2661 2577 2704 eo
2614 2646 2767 2724 quod
2801 2641 3140 2704 istiusmodi
3167 2642 3398 2703 vivendi
3431 2643 3620 2704 ratio-

1982 2752 2118 2794 nem
2157 2741 2233 2794 sit
2256 2733 2585 2814 amplexus.
2621 2733 2936 2794 Concludit
2964 2732 3496 2814 itaque,quomodo
3531 2753 3626 2793 sa-

1983 2842 2100 2885 crae
2131 2823 2507 2886 caeremonias
2565 2823 2684 2884 sint
2740 2823 2994 2904 expiato,
3035 2833 3094 2884 et
3149 2822 3529 2898 illuminatio,
3567 2833 3627 2885 et

1985 2913 2355 2995 perfectio,et
2385 2914 2650 2987 ordines;
2685 2933 2754 2975 ac
2785 2915 3172 2975 diaconorum
3197 2912 3441 2992 quidem
3473 2913 3626 2976 ordo

241 3004 540 3084 ἀμέτοχοι,
579 3008 624 3061 οἱ
654 3009 1087 3086 κατηχούμενοι,
1145 3011 1191 3064 οἱ
1236 3013 1576 3089 θεωρητικοὶ,
1609 3013 1636 3066 ὁ
1670 3009 1795 3074 λαὸς
1850 3031 1898 3065 οι

1990 3005 2454 3084 sitexpiatorius
2486 3023 2501 3080 ;
2535 3004 2910 3065 sacerdotum
2947 3022 3083 3065 vero
3127 3001 3628 3077 illuminatorius,

243 3093 648 3168 τετελεσμένοι,
683 3098 729 3152 οἱ
762 3097 1020 3176 μοναχοί·
1079 3098 1217 3154 οὕτω
1247 3101 1346 3178 γὰρ
1379 3102 1411 3167 ἡ
1472 3101 1588 3156 καθ’
1640 3102 1784 3174 ἡμᾶς
1819 3102 1898 3153 ἱε-

1990 3093 2401 3175 episcoporum
2424 3103 2621 3155 autem
2645 3093 2998 3174 perfectivus
3030 3113 3044 3170 ;
3079 3103 3137 3154 et
3167 3093 3472 3169 τελούμενοι
3507 3095 3630 3154 sint

249 3185 450 3262 ρκρχίκ
490 3191 555 3260 τῇ
595 3185 806 3263 οὐρανίᾳ
835 3186 1085 3262 ὁμοειδής
1132 3188 1268 3260 ἐστι,
1324 3191 1460 3245 κατά
1499 3191 1594 3254 τὰς
1648 3189 1896 3252 τοιαύτας

1990 3184 2072 3245 illi
2093 3185 2196 3263 qui
2226 3184 2558 3263 eripiantur:
2600 3191 2813 3264 praeter
2835 3203 2981 3265 quos
3005 3183 3185 3245 etiam
3211 3182 3629 3263 diviuiaspec-

244 3273 495 3354 τριάδας,
549 3277 621 3340 ὡς
680 3276 732 3332 ἐν
785 3277 1077 3356 ἀνθρώποις
1138 3280 1490 3352 ἀποσώζονται
1549 3281 1898 3362 χαρακτῆράς

1990 3282 2077 3335 tus
2108 3283 2171 3335 et
2204 3273 2645 3336 communionis
2690 3283 2960 3336 exsortes
2989 3281 3125 3335 sunt
3156 3274 3576 3335 catechumeni
3613 3295 3630 3349 ;

240 3387 394 3427 τινας
426 3372 527 3431 τῆς
559 3367 737 3422 ἐκεῖσε
769 3367 1074 3434 Οεοειδείας.

1990 3364 2087 3445 qui
2121 3382 2258 3424 vero
2277 3381 2580 3424 sacrorum
2604 3371 2849 3444 aspectu
2878 3365 3318 3443 fruuntur,sunt
3342 3364 3623 3444 populus,

246 3453 502 3533 perfecti
552 3463 691 3516 sunt
723 3456 1039 3522 monachi:
1071 3459 1180 3518 sic
1212 3459 1371 3520 enim
1423 3459 1763 3522 hierarchia
1806 3465 2032 3526 nostra,
2064 3453 2399 3515 secundum
2435 3453 2774 3515 istiusmodi
2820 3454 3150 3530 terniones,
3190 3452 3426 3514 ccelesti
3477 3472 3630 3514 con-

243 3540 466 3604 formis
499 3552 610 3621 est,
642 3553 936 3621 quantum
971 3547 1029 3608 in
1063 3547 1405 3610 hominibus
1439 3549 1566 3612 ﬁeri
1600 3558 1812 3629 potest,
1851 3547 2173 3610 deiformes
2216 3541 2498 3622 quasdam
2531 3552 2700 3604 notas
2730 3561 3118 3606 conservans.

329 3633 360 3712 ᾗ
397 3634 500 3696 VI.
536 3634 684 3690 Ἀλλ’
715 3637 919 3711 εἴποις,
955 3636 1060 3713 ὅτι,
1123 3639 1236 3695 ἐπεὶ
1286 3643 1416 3717 πρὸς
1453 3641 1657 3706 ἐκείνην
1691 3642 1786 3708 τὴν
1817 3643 1899 3695 ἱε-

242 3724 540 3804 ραρχίανῆ
592 3724 827 3804 ἡμετέρα
879 3726 1248 3808 ἀπευθύνεται,
1306 3727 1535 3809 ὤφειλον
1595 3730 1746 3786 εἷναϊ
1796 3730 1900 3785 κὰ-

243 3827 404 3870 κεϊσε
435 3814 487 3868 αἶ
518 3817 898 3890 καθαιρόμεναι
935 3817 1124 3884 τάξεις·
1189 3818 1308 3875 ἀλλ’
1345 3823 1439 3878 οὐκ
1500 3821 1650 3877 εἰσίνο
1715 3819 1772 3877 οὖ
1803 3820 1902 3897 γὰρ

242 3904 468 3980 Θεμιτόν
497 3906 670 3961 εἰπεῖν
699 3906 799 3974 τὰν
843 3909 1087 3985 οὐρανίαν
1122 3907 1479 3985 διακόσμησιν
1521 3911 1708 3988 ἐναγῇ.
1762 3909 1904 3988 Ἐγώ

242 3993 302 4050 δὲ
337 3995 471 4070 πρὸς
505 3994 624 4056 τοὺς
650 3996 920 4062 τοιούτους
968 3996 1160 4076 λόγους
1197 3999 1471 4078 ὁμολογῶ,
1505 4001 1771 4080 πάναγνοι
1805 4000 1905 4080 γὰρ

245 4085 351 4140 εἶσι
411 4085 505 4140 καὶ
531 4081 827 4153 ἀλώϐητοι*
885 4089 974 4144 καὶ
1006 4086 1142 4149 εἴτις
1205 4087 1366 4162 ἕάλω,
1403 4088 1655 4157 δηλονότι
1702 4093 1730 4148 ὁ
1789 4097 1904 4147 Σα-

242 4179 420 4238 τανᾶς
476 4176 564 4230 καὶ
639 4176 686 4230 οἱ
739 4177 858 4254 περὶ
918 4177 1098 4258 αὐτὸν,
1157 4178 1592 4238 ἐκπεπτώκεισαν
1665 4182 1753 4238 καὶ
1806 4184 1906 4248 τῆς

244 4261 553 4341 ἀγγελικῆς
587 4262 732 4328 εὐθὺς
755 4344 764 4348 Α
791 4264 1016 4342 τάξεως,
1053 4269 1139 4325 καὶ
1171 4268 1224 4325 ἐν
1257 4277 1326 4348 τῇ
1385 4269 1630 4347 ἀλαμπεῖ
1659 4271 1904 4347 μεμενή-

247 4375 437 4410 κεισαν
488 4354 713 4415 πτώσει.
753 4344 979 4436 ’Ἕτεροι
1011 4357 1066 4414 δὲ
1099 4361 1221 4423 τοὺς
1254 4360 1482 4439 χρόνους
1527 4365 1620 4417 τοῦ
1650 4383 1707 4417 τε
1738 4362 1904 4439 ὑπερ-

2066 3633 2223 3713 §Vl.
2252 3631 2369 3694 Sed
2415 3632 2688 3712 objicies,
2725 3635 2881 3714 quod
2938 3652 3072 3694 cum
3114 3633 3239 3694 haec
3299 3641 3506 3695 nostra
3549 3633 3626 3695 ad

1987 3723 2385 3787 liierarchiam
2420 3723 2588 3784 istam
2621 3731 3038 3804 componatur,
3073 3721 3295 3785 debere
3327 3723 3503 3784 etiam
3541 3722 3623 3785 ibi

1987 3833 2120 3876 esse
2148 3813 2389 3875 ordines
2416 3814 2747 3895 expiantes,
2780 3814 2880 3894 qui
2905 3814 3106 3894 utique
3139 3833 3256 3875 non
3287 3822 3426 3875 sunt
3462 3833 3476 3876 :
3513 3832 3626 3875 ne-

1987 3925 2100 3986 que
2124 3904 2283 3965 enim
2316 3904 2402 3965 l‘as
2418 3903 2712 3965 sitdicere
2737 3905 3038 3966 caelestem
3064 3903 3465 3966 hierarchiam
3494 3921 3628 3966 esse

1987 3995 2203 4058 sceleri
2234 3994 2712 4073 obnoxiam.Ego
2743 3995 2988 4073 quidem
3022 3993 3358 4056 istiusmodi
3388 4013 3629 4056 sermo-

1989 4085 2166 4147 nibus
2199 4084 2807 4166 assentior,quoniam
2843 4084 3086 4146 omnino
3115 4085 3246 4164 puri
3269 4092 3410 4146 sunt
3441 4093 3498 4146 et
3531 4084 3632 4145 in-

1991 4177 2290 4252 temerati;
2315 4183 2368 4237 et
2390 4174 2440 4236 si
2463 4176 2586 4256 qui,
2623 4174 2906 4237 nimirum
2934 4178 3179 4239 Satanas
3208 4183 3268 4237 et
3296 4175 3446 4236 socii
3471 4175 3630 4254 ejus,

1993 4266 2274 4348 pravitate
2298 4264 2458 4345 capti
2482 4273 2642 4336 sunt,
2692 4263 2779 4326 illi
2807 4265 2881 4327 ab
2932 4265 3141 4327 ordine
3172 4265 3442 4343 angelico
3473 4270 3631 4325 exci-

1989 4357 2292 4437 derunt,et
2313 4355 2374 4416 in
2398 4362 2546 4416 tetro
2577 4354 2747 4435 lapsu
2772 4367 3251 4436 permanserunt.
3287 4354 3403 4416 Alii
3421 4363 3618 4416 autem

243 4442 564 4500 συντελικοῦ
593 4451 687 4502 τοῦ
744 4445 1079 4523 ἀπεπτώκει,
1114 4451 1204 4505 καὶ
1264 4457 1356 4506 τοῦ
1416 4459 1784 4530 παρατατικοῦ
1813 4457 1902 4508 τοῦ

1991 4455 2258 4528 tempora
2278 4446 2562 4526 praeteriti
2585 4446 2900 4526 plusquam
2929 4447 3174 4527 perfecti
3196 4444 3631 4526 verbi,e.1:cide-

243 4533 497 4612 ἐφέρετο.
535 4541 945 4612 κυριολεκτικῶς
995 4537 1368 4616 ἐκλαϐόμενοι,
1414 4547 1500 4598 καὶ
1543 4543 1604 4598 τὸ
1658 4539 1720 4596 ἄν
1769 4539 1902 4606 ἕξω-

1990 4553 2161 4612 rat,et
2183 4549 2354 4616 imper
2372 4545 2522 4611 lecti,
2539 4545 2839 4626 ferebatur,
2873 4546 2929 4602 in
2950 4547 3181 4617 propria
3203 4544 3631 4617 signiﬁcatione

243 4627 341 4680 θεν
374 4625 817 4704 νοοῦντεςρῧτως
857 4627 1169 4706 ἐξηγοῦνται
1202 4632 1298 4698 τὴν
1329 4638 1422 4687 τοῦ
1451 4631 1613 4709 ῥητοῦ
1661 4630 1902 4710 ὂὶγνοιπιν1

1992 4625 2722 4708 accipientes,atqueillud
2737 4627 2797 4683 ἄν
2829 4626 3013 4692 ἔξωθεν
3046 4628 3508 4708 expendentes',
3546 4626 3630 4686 sic

244 4715 342 4771 καὶ
375 4715 517 4789 μετὰ
546 4723 731 4792 ταῦτα,
767 4719 896 4797 πρὸς
958 4721 1112 4776 τοῦτο
1168 4720 1268 4788 τὴν
1317 4720 1448 4778 ἰδίαν
1499 4721 1752 4800 ἐξήγησιν
1783 4723 1902 4778 ἐπι-

1991 4717 2458 4798 interpretantur
2483 4717 2624 4778 dicti
2659 4718 2834 4797 hujus
2864 4722 3280 4795 ignorantiam,
3316 4725 3373 4778 et
3402 4715 3476 4777 ad
3507 4715 3634 4777 hazc

242 4803 524 4884 φέρουσιν.
564 4806 618 4861 Εἰ
649 4806 749 4884 γὰρ
775 4829 880 4881 τις,
934 4811 1116 4888 φησὶν,
1181 4810 1349 4886 ἑάλω,
1414 4813 1796 4868 ἀποπεπτώκει
1843 4811 1908 4866 ἄν

243 4895 345 4951 καί
394 4893 619 4981 ἐφέρετο
679 4899 750 4960 εἰς
819 4898 919 4966 τὴν
970 4899 1197 4975 ἀλαμπῆ
1230 4907 1456 4976 πτῶσιν,
1504 4903 1718 4976 ὡσανεὶ,
1755 4903 1906 4981 φασὶ³

247 4982 460 5062 λέγων·
499 4973 631 5042 υΟτι
659 4986 709 5040 εἴ
761 5007 840 5052 τις
872 4986 1053 5066 ἁλοίη,
1088 4993 1148 5048 οὔ
1179 4991 1431 5071 κάθαρσιν
1477 4989 1527 5048 δέ
1543 4990 1708 5072 ξεται,
1765 4990 1907 5047 ἀλλὰ

247 5075 396 5152 πρὸς
427 5075 527 5141 τὴν
581 5081 786 5132 πτῶσιν
833 5076 1286 5162 ἀπενεχοήσεται,
1348 5082 1521 5146 καθὼς
1569 5083 1656 5139 καὶ
1687 5082 1773 5138 ἐπὶ
1821 5088 1915 5137 τοῦ

248 5169 441 5219 Σατᾶν
471 5162 714 5246 γέγονεν,
775 5167 845 5232 ὡς
899 5172 1195 5248 πεφυκότος
1228 5172 1395 5251 τυχὸν
1429 5170 1672 5250 γενέσθαι
1731 5171 1911 5228 τοιού-

249 5275 353 5310 του
388 5259 554 5318 τινος,
588 5253 738 5312 Οὕτω
764 5256 864 5323 τὴν
896 5257 1103 5315 ἔννοιαν
1163 5258 1538 5336 ἑκλαϐόμενοι,
1599 5261 1911 5340 ἐξηγοῦνται

252 5343 538 5422 λέγοντες·
613 5341 764 5402 Ἀλλ’
825 5346 990 5412 οὐδεὶς
1040 5350 1205 5405 οὔτῶν
1259 5352 1394 5426 μετά
1436 5352 1536 5419 τὴν
1565 5358 1671 5408 τῶν
1716 5351 1912 5426 δαιμό-

253 5456 369 5489 νων
426 5431 738 5492 ἀπόπτωσιν
797 5436 939 5494 ἑάλω
994 5437 1150 5495 ποτέ·
1234 5448 1389 5498 τοῦτο
1438 5443 1540 5521 γὰρ
1596 5441 1711 5498 οὔδε
1772 5442 1914 5520 παρὰ

257 5528 370 5591 τῆς
399 5523 587 5614 bsic;
648 5526 857 5606 Γρκφῆς
888 5527 1156 5610 ἔγνωμεν³
1191 5529 1310 5590 οὒδὲ
1339 5555 1420 5597 τις
1479 5533 1586 5589 τῶν
1644 5532 1914 5614 Θεοσόφων

259 5612 519 5692 Πατέρων
550 5613 791 5693 εἴρηκεν,
853 5616 1006 5676 Οὸτω
1069 5617 1124 5675 δὲ
1155 5622 1182 5676 ὁ
1217 5619 1391 5703 ἅγιος,
1422 5622 1572 5704 φασὶ,
1605 5622 1743 5679 κατὰ
1781 5612 1913 5701 συγ-

1994 4807 2212 4870 deinde
2235 4809 2538 4888 propriam
2565 4827 2733 4869 suam
2765 4807 3029 4870 inferunt
3061 4807 3545 4887 explicationem.
3577 4805 3640 4866 Si

1996 4898 2126 4979 quis
2150 4897 2856 4978 enim,inquit,pravitate
2888 4907 3096 4980 captus
3119 4898 3450 4976 exciderat,
3476 4903 3534 4958 et
3566 4896 3641 4956 ad

1996 4988 2309 5049 obscuram
2343 4989 2578 5050 ruinam
2604 4987 3004 5071 ferebatur;ac
3037 4988 3588 5070 si,inquiunt,dicat
3624 5008 3638 5051 :

1998 5077 2058 5141 Si
2083 5078 2219 5155 quis
2239 5077 2382 5140 vitio
2411 5090 2620 5159 captus
2643 5079 2741 5155 sit,
2778 5099 2898 5142 non
2917 5081 3187 5141 admittet
3212 5078 3640 5160 expiationem,

1997 5167 2103 5230 sed
2124 5167 2197 5230 ad
2215 5167 2452 5230 ruinam
2474 5169 2994 5247 adducetur,sicut
3018 5169 3080 5231 in
3113 5172 3327 5232 Satana
3352 5165 3598 5245 contigit
3625 5183 3642 5241 ;

1999 5258 2163 5338 quasi
2183 5277 2322 5319 vero
2350 5258 2481 5319 talis
2503 5259 2855 5340 aliquisjam
2883 5260 3014 5321 dari
3041 5259 3252 5341 possit.
3283 5257 3406 5320 Hoc
3441 5257 3643 5331 itaque

1997 5367 2178 5410 sensu
2211 5347 2269 5409 id
2302 5348 2662 5429 accipientes
2685 5349 3480 5431 iuterpretantur,dicentes:
3525 5345 3643 5408 Ve-

1997 5457 2126 5499 rum
2163 5439 2362 5499 nullus
2397 5457 2602 5500 eorum
2638 5444 2778 5520 post
2827 5443 3164 5502 daemonum
3210 5438 3349 5498 262
3383 5438 3638 5517 lapsum,

2001 5527 2139 5589 vitio
2163 5537 2369 5608 captus
2402 5537 2490 5590 est
2512 5548 2775 5611 unquam
2813 5547 2828 5594 :
2887 5531 3000 5592 hoc
3033 5529 3192 5592 enim
3216 5546 3410 5608 neque
3442 5545 3510 5589 ex
3544 5524 3643 5586 di-

2003 5623 2140 5679 vina
2157 5618 2467 5700 Scriptura
2491 5620 3105 5701 cognovimus,neque
3128 5619 3440 5702 quisquam
3474 5635 3506 5679 e
3533 5614 3650 5680 Pa-

349 5725 364 5742 '
400 5720 652 5787 Vertere
683 5724 920 5788 mallem
959 5747 974 5792 :
1022 5733 1202 5811 atque
1229 5731 1292 5788 τὸ
1416 5728 1488 5793 de
1514 5747 1624 5794 suo
1653 5731 2059 5813 imaginante:
2090 5726 2249 5792 Eurr.
2279 5727 2530 5794 ΡΑτιιοι.
