4072 6426
211 360 338 435 553

1250 365 1350 434 DE
1394 368 1689 434 ECCLES.
1736 368 2186 465 HIERARCH.,
2232 370 2402 436 CAP.
2429 368 2567 435 VII.

3487 375 3603 445 554

204 506 355 579 ἱερὰν
388 503 691 583 ἐσχηκότες
747 504 912 577 ζωὴν,
975 506 1047 566 εἰς
1106 505 1200 569 τὰς
1256 504 1478 571 ἀληθεῖς
1534 500 1854 582 ἒπαγγελίας

1961 502 2115 564 πὶιειηι
2149 506 2557 580 traduxerunt,
2594 503 2663 566 ad
2704 522 2868 567 veras
2899 503 3003 566 Dei
3038 506 3463 587 promissiones
3503 510 3602 572 in-

210 603 308 661 τῆς
360 594 619 673 θεαρχίας
670 594 1126 668 ἀποσκοποῦντες,
1182 595 1254 657 ὡς
1287 594 1385 661 τὴν
1416 593 1667 663 ἀλήθειαν
1699 594 1869 653 αὐτῶν

204 686 261 741 ἐν
324 690 395 761 τῇ
444 684 562 741 καθ’
613 684 773 751 αὐτὴν
805 683 1085 739 ἀναστάσει
1125 684 1454 759 τεθεαμένοι,
1488 683 1623 759 μετὰ
1654 682 1868 760 βεϐαίας

204 777 295 832 καὶ
328 774 562 841 ἀληθοῦς
592 773 692 840 τῆς
744 771 950 835 ἐλπὶδος
980 770 1034 815 ¹⁸
1062 773 1117 828 ὲν
1168 774 1457 853 εὐφροσύνῃ
1485 774 1596 845 θείᾳ
1650 776 1778 851 πρὸς
1808 774 1869 830 τὸ

205 868 298 922 τοῦ
332 865 560 921 θανάτου
590 862 753 941 πέρας
786 861 955 937 ἴασιν,
1014 865 1087 926 ὡς
1151 864 1234 919 ἐπὶ
1294 864 1443 929 τέλος
1499 864 1653 940 ἱερῶν
1714 863 1865 941 ἀγώ-

203 978 339 1030 νων,
375 955 432 1010 ἒν
462 952 721 1010 παντελεῖ
770 954 853 1008 καὶ
904 951 1237 1026 ἀτελευτήτῳ
1294 959 1406 1029 ζωῇ
1459 955 1546 1009 καὶ
1604 953 1861 1032 σωτηρίᾳ,

202 1049 268 1102 τα
300 1045 423 1103 κατ’
459 1044 648 1107 αὖτοὺς
680 1041 887 1099 ἔσεσθαι
918 1043 1127 1109 πάντως
1186 1040 1379 1107 εἰδότες
1439 1040 1522 1098 διὰ
1577 1047 1675 1111 τῆς
1735 1043 1865 1099 ἐσο-

205 1139 378 1212 μένης
414 1137 586 1192 αὐτῶν
636 1133 821 1198 ὁλικῆς
872 1133 1235 1197 ἀναστάσεως,
1299 1135 1359 1189 Αἱ
1422 1134 1517 1199 μὲν
1578 1134 1677 1212 γὰρ
1734 1135 1864 1211 ἱεραὶ

206 1229 384 1307 ψυχαὶ
414 1228 547 1303 πρὸς
577 1225 676 1291 τὴν
705 1223 789 1279 ἐπὶ
820 1225 885 1279 τὰ
916 1224 1083 1302 χείρω
1110 1225 1247 1280 κατὰ
1296 1225 1385 1279 τὸν
1416 1222 1539 1299 τῇδε
1597 1224 1711 1300 βιον
1767 1221 1863 1279 δυ-

209 1320 439 1393 νάμεναι
495 1313 844 1372 καταπίπτειν
894 1315 1097 1390 τροπὴν
1126 1308 1197 1387 ίθ,
1254 1312 1308 1368 ἐν
1364 1318 1431 1389 τῇ
1491 1311 1870 1391 παλιγγενεσία

210 1411 311 1471 τὴν
372 1406 459 1462 ἐπὶ
518 1406 579 1461 τὸ
629 1402 885 1481 ἄτρεπτον
930 1402 1099 1468 ἕξουσι
1132 1400 1527 1469 θεοειδεστάτην
1559 1402 1863 1478 μετάταξιν.

212 1501 288 1557 Ti:
319 1496 375 1553 δὲ
410 1496 609 1574 καθαρὰ
642 1494 749 1553 τῶν
778 1494 931 1567 ἱερῶν
964 1497 1179 1572 ψυχῶν,
1230 1492 1463 1573 ὁμόζυγα
1511 1491 1607 1549 καὶ
1659 1494 1868 1569 ὁμόπό-

212 1611 371 1667 ρευτα
447 1585 672 1661 σώματα
752 1583 1223 1662 συναπογραφέντα
1292 1588 1379 1638 καὶ
1463 1582 1870 1649 συναθλήσαντα

210 1680 353 1737 κατᾶ
402 1678 524 1739 τοὺς
585 1676 752 1738 θείους
812 1677 982 1732 αὔτῶν
1036 1671 1275 1752 ἱδρῶτας,
1339 1673 1392 1729 ἐν
1425 1679 1492 1750 τῇ
1540 1677 1644 1729 τῶν
1677 1679 1869 1755 ψυχῶν

1955 600 2211 671 tuentes,
2244 614 2493 675 quarum
2518 596 2829 657 veritatem
2856 596 3293 677 quodammodo
3317 599 3376 659 in
3403 618 3604 663 resur-

1952 685 2219 747 rectione
2240 686 2357 764 jam
2381 694 2841 767 conspexerunt,
2871 705 3005 748 cum
3032 687 3203 748 ﬁrma
3231 699 3287 748 et
3310 708 3447 751 vera
3470 710 3599 771 spe,

1951 775 2285 855 gaudioque
2304 775 2503 835 divmo
2527 775 2601 835 ad
2627 775 2834 838 mortis
2862 776 3500 857 terminum,tanquam
3528 780 3604 842 ad

1951 865 2131 926 ﬁnem
2187 866 2587 929 certaminum
2646 866 3146 948 proﬁciscuntur;
3213 867 3372 947 quod
3439 879 3601 932 certo

1948 954 2141 1017 sciant
2168 973 2273 1016 sua
2305 955 2525 1035 omnia,
2562 964 2799 1034 propter
2852 957 3109 1018 futuram
3164 975 3331 1019 suam
3393 977 3602 1019 resur-

1950 1044 2375 1117 rectionem,in
2404 1053 2528 1108 tuto
2557 1045 2683 1107 fore
2717 1045 2777 1106 in
2830 1046 2930 1108 illa
2963 1047 3224 1126 perfecta
3259 1055 3611 1129 aeternaque

1948 1133 2061 1195 vita
2078 1143 2133 1195 et
2148 1134 2535 1198 beatitudine.
2564 1137 2711 1197 Nam
2737 1143 2958 1197 sanctae
2974 1136 3217 1217 quidem
3235 1138 3449 1200 anima:
3472 1158 3608 1201 cum

1952 1224 2013 1283 in
2068 1225 2175 1285 hac
2225 1224 2338 1285 vita
2389 1224 2674 1303 degentes
2728 1226 2922 1287 adhuc
2956 1228 3213 1307 perverti
3246 1229 3504 1311 possint,
3539 1230 3604 1291 in

1951 1316 2407 1390 regeneratione
2434 1314 2535 1375 illa
2555 1314 2628 1377 ad
2653 1322 2864 1376 statum
2898 1316 3329 1379 immutabilem
3360 1320 3605 1400 Deoque

1954 1403 2208 1465 maxime
2241 1403 2609 1467 conformem
2644 1406 3095 1471 transferentur.
3136 1409 3290 1470 Pura
3334 1426 3469 1471 vero
3504 1409 3608 1471 illa

1956 1512 2228 1574 corpora,
2254 1514 2385 1576 quae
2414 1496 2636 1557 sanctis
2664 1495 2976 1558 animabus
3005 1498 3277 1577 copulata
3311 1518 3447 1561 cum
3489 1499 3603 1560 iis-

1956 1584 2090 1647 dem
2117 1585 2293 1646 simul
2320 1593 2378 1647 et
2397 1585 2798 1661 ambularunt,
2843 1598 2903 1648 et
2926 1587 3224 1667 descripta
3253 1597 3607 1669 suut,atque

1955 1694 2071 1736 una
2093 1682 2414 1755 certarunt,
2443 1693 2549 1756 pro
2574 1676 2792 1738 divinis
2832 1676 3243 1759 sudoribus,in
3270 1679 3604 1741 animarum

211 1770 461 1850 ἀτρέπτῳ
518 1766 651 1823 κατὰ
708 1766 807 1831 τὴν
864 1764 1004 1819 θείαν
1060 1764 1201 1833 ζωὴν
1233 1762 1446 1842 ἱδρύσει,
1484 1763 1865 1838 συναπολήψε-

1961 1765 2283 1827 secundum
2342 1765 2600 1826 divinam
2658 1767 2839 1828 vitam
2877 1766 3184 1841 ﬁrmitate,
3220 1768 3335 1829 sibi
3368 1785 3608 1850 quoque

209 1881 296 1914 ται
359 1857 459 1923 τὴν
519 1854 714 1910 οἰκείαν
743 1852 1051 1908 ἀνάστασιν
1106 1852 1364 1909 ἑνωθέντα
1410 1853 1508 1929 γὰρ
1540 1856 1629 1915 αῖς
1666 1852 1870 1920 ἥνωθτο

210 1947 351 2005 κατᾶ
378 1948 472 2001 τὸν
502 1940 625 2019 τῇδε
656 1942 768 2018 βίον
818 1943 985 2020 ἱεραῖς
1044 1946 1279 2021 ψυχαῖς,
1343 1945 1416 2004 ὡς
1468 1941 1605 2017 μέλη
1639 1949 1872 2021 Χριστοῦ

209 2036 500 2116 γεγονότα,
534 2037 632 2099 τὴν
661 2029 866 2098 θεοειδῆ
898 2034 984 2087 καὶ
1033 2030 1291 2110 ἔφθαρτόν
1354 2031 1609 2089 ἀθάλατὸν
1668 2053 1724 2087 τε
1780 2034 1867 2089 καὶ

210 2127 481 2204 μακαρίαν
537 2121 877 2197 ἀπολήψεται
936 2120 1107 2189 λῆξιν,
1166 2120 1258 2178 Ἐν
1318 2123 1523 2185 τούτοις
1584 2122 1680 2196 μὲν
1712 2124 1865 2190 οὖνὴ

208 2241 315 2275 των
345 2221 503 2295 ἱερῶν
545 2212 656 2269 ἐστι
716 2213 964 2287 κοίμησις
1028 2211 1080 2266 ἐν
1140 2212 1429 2292 εὖφροσύνῃ
1487 2215 1575 2269 καὶ
1638 2212 1867 2268 ἀσαλεύ-

207 2331 323 2373 τοις
357 2307 587 2381 ἐλπίσιν,
624 2306 696 2368 εἰς
739 2305 799 2359 τὸ
858 2305 961 2358 τῶν
1020 2301 1171 2358 θείων
1229 2302 1451 2381 ἀγώνων
1511 2302 1872 2382 ἀφικνουμένη

208 2400 404 2477 πέρας.

1955 1857 2254 1936 prepriam
2282 1858 2782 1918 resurrectionem
2808 1858 3130 1919 sortientur
3158 1878 3172 1918 :
3209 1858 3427 1920 sanctis
3449 1861 3608 1921 enim

1951 1945 2264 2007 animabus
2320 1947 2611 2026 copulata,
2662 1946 2878 2027 quibus
2906 1948 2971 2009 in
3000 1948 3110 2010 hac
3141 1948 3262 2012 vita
3293 1952 3615 2025 conjuncta

1951 2035 2213 2128 fuerant,
2246 2046 2308 2098 ut
2336 2056 2468 2119 quae
2494 2040 2615 2117 jam
2649 2036 2869 2100 Christi
2919 2039 3189 2101 membra
3246 2040 3398 2102 facta
3460 2040 3614 2128 sint,

1954 2126 2311 2190 deiformem
2340 2128 2851 2209 etincorruptam,
2899 2129 3041 2189 264
3072 2138 3248 2211 atque
3295 2126 3611 2192 immortaé

1956 2217 2069 2277 lem
2106 2216 2461 2295 beatamque
2485 2218 2755 2297 requiem
2783 2229 3251 2299 consequentur.
3282 2218 3433 2282 Hinc
3461 2222 3525 2281 ﬁt
3546 2228 3611 2282 ut

1960 2315 2301 2369 sanctorum
2376 2306 2740 2369 obdormitio
2786 2310 2865 2369 sit
2938 2311 2997 2369 in
3042 2309 3241 2370 laetitia
3308 2310 3611 2387 certisque

1961 2396 2208 2477 spebus,
2282 2397 2422 2458 dum
2468 2396 2539 2459 ad
2586 2398 2979 2459 certaminum
3039 2398 3377 2461 divinorum
3424 2398 3607 2460 ﬁnem

1968 2486 2151 2549 venit.
3580 2514 3589 2521 -

1857 2645 1886 2725 §
1917 2647 1991 2712 II.

294 2817 415 2870 Τῶν
475 2808 530 2865 δὲ
604 2808 824 2885 ἀνιέρων
883 2810 929 2865 οἱ
992 2808 1089 2884 μὲν
1148 2808 1220 2870 εἰς
1279 2806 1593 2886 ἀνυπαρξίαν
1662 2807 1871 2885 ἀλόγως

215 2914 429 2958 οῖονται
479 2912 711 2978 χωρεῖν,
744 2902 788 2955 οἱ
822 2897 875 2954 δὲ
911 2899 1011 2967 τὴν
1043 2899 1354 2974 σωματικὴν
1384 2898 1602 2963 εἰσάπαξ
1632 2898 1873 2976 ἀποῤῥή-

213 2994 436 3068 γνυσθαι
463 2995 569 3045 τῶν
600 2989 804 3045 οἰκείων
837 2993 1030 3067 ψυχῶν
1088 2988 1357 3067 συζυγίαν,
1414 2987 1486 3051 ὡς
1542 2987 1875 3065 ἀνάρμοστον

211 3080 435 3150 αὖταῖς,
496 3078 548 3135 ἐν
598 3076 821 3134 θεοειδεῖ
878 3076 941 3127 ἳο
995 3084 1108 3153 ζωῇ
1169 3079 1256 3134 καὶ
1308 3078 1589 3155 μακαρίαις
1638 3076 1873 3156 λήξεσιν,

212 3174 309 3228 οὒκ
342 3168 718 3243 ὲννοήσαντες,
756 3167 872 3223 οὔδε
902 3170 1097 3232 ἱκανῶς
1128 3167 1181 3223 ἐν
1227 3166 1501 3243 ἐπιστήμῃ
1561 3168 1669 3239 θείᾳ
1728 3190 1874 3242 μυη-

209 3261 419 3338 θέντες,
478 3258 774 3337 ἀρχθεϊσαν
833 3257 936 3325 ἤδη
996 3258 1096 3324 τὴν
1155 3261 1269 3334 καθ,
1331 3260 1473 3333 ἡμᾶς
1552 3256 1607 3312 ἐν
1668 3264 1876 3336 Χριστῷ

208 3348 614 3415 θεοειδεστάτην
646 3352 791 3419 ζωὴν
820 3345 894 3408 2ί.
928 3338 1133 3404 ’Ἄλλοι
1156 3345 1209 3403 δὲ
1236 3348 1501 3421 σωμάτων
1534 3346 1706 3403 ἄλλων
1740 3349 1875 3403 ἀποο

210 3440 435 3515 νέμουσι
494 3451 617 3503 ταῖς
690 3443 897 3518 ψυχαῖς
966 3438 1233 3512 συζυγίας,
1308 3436 1616 3501 ἀδοκοῦντες
1691 3435 1748 3486 39
1818 3438 1877 3493 τὸ

209 3528 299 3585 ἐπ’
331 3529 543 3606 αὐτοῖς,
575 3530 645 3592 ὡς
694 3527 876 3602 οἶμαι,
940 3525 1005 3583 τοὶ
1058 3528 1475 3602 συμπονήσαντα
1534 3540 1655 3591 ταῖς
1716 3527 1876 3590 θείαις

212 3624 457 3698 ψυχαῖς,
492 3619 579 3674 καὶ
606 3622 711 3673 τῶν
769 3618 922 3696 ἱερῶν
984 3616 1301 3674 ἀντιδὸσεων
1359 3621 1452 3675 οὒκ
1502 3618 1703 3693 εὒαιγῶς
1734 3619 1877 3672 ἀπο-

108 3726 114 3732 ’
212 3716 526 3786 στεροῦντες
587 3710 652 3765 τὰ
702 3708 833 3785 πρὸς
882 3708 942 3763 τὸ
974 3706 1136 3785 πέρας
1187 3705 1407 3763 ἐλθόντα
1460 3710 1565 3761 τῶν
1592 3706 1877 3762 θειοτάτων

211 3798 454 3876 δρόμων.
491 3786 695 3855 ’Ἄλλοι
748 3797 826 3872 δὲ,
884 3799 977 3854 οὒκ
1022 3796 1127 3853 οἶδ’
1164 3796 1310 3860 ὅπως
1344 3796 1429 3852 ἐπὶ
1475 3796 1765 3873 προσύλους
1797 3796 1879 3851 ἔνο

212 3891 361 3953 νοίας
426 3887 826 3960 ἀποκλιθέντες,
889 3889 1162 3966 εἰρήκασιν
1222 3885 1441 3962 ὁμοειδῆ
1495 3884 1554 3934 95
1611 3894 1702 3944 τοῦ
1756 3885 1877 3964 τῇδε

210 3980 330 4056 βίον
364 3979 466 4045 τὴν
498 3992 614 4042 τοῖς
646 3981 810 4043 ὁσίοις
841 3977 1253 4057 ἐπηγγελμένην
1290 3977 1594 4056 ἁγιωτάτην
1639 3978 1725 4034 καὶ
1767 4001 1878 4051 μα-

210 4070 560 4149 καριωτάτην
617 4067 677 4117 ³4
734 4067 905 4141 λῆξιν,
965 4071 1053 4125 καὶ
1110 4069 1300 4149 τροφὰς
1354 4069 1546 4132 οἰκείας
1601 4066 1880 4143 ἀλλοιωτῷ

211 4162 317 4238 βίῳ
348 4175 472 4223 τοῖς
531 4160 835 4237 ὶσαγγελοις
869 4158 1130 4234 ἀθεμίτως
1189 4156 1505 4235 ἀπέρριψαν,
1570 4155 1723 4214 Ἀλλ’
1785 4158 1879 4213 οὒκ

210 4248 666 4306 ἀποπεσεῖταίεὸ
712 4250 790 4314 τίς
840 4270 968 4305 ποτε
1024 4254 1129 4304 τῶν
1189 4248 1489 4326 ἱερωτάτων
1547 4246 1744 4321 ἀνδρῶν
1806 4249 1877 4312 εἰς

208 4343 311 4405 τὰς
370 4337 581 4395 τοιάσδε
637 4339 953 4409 πλανήσεις’
1020 4337 1139 4395 ἀλλ’
1200 4337 1354 4402 ὅλους
1414 4339 1602 4401 αὖτοὺς
1662 4337 1881 4407 ἀπολή-

208 4438 414 4508 ψεσται
480 4430 577 4497 τὴν
640 4427 951 4507 Χριστοειδῆ
1010 4426 1157 4496 λῆξιν
1220 4425 1439 4499 εἰδότες,
1498 4426 1622 4484 ὅταν
1678 4428 1763 4484 ἐπὶ
1820 4431 1879 4484 τὸ

2042 2812 2430 2874 Profanorum
2478 2822 2675 2876 autem
2699 2814 2797 2877 alii
2825 2813 3065 2895 quidem
3088 2814 3219 2877 sine
3240 2816 3468 2879 ratione
3510 2834 3617 2900 pu-

1964 2910 2084 2964 tant
2106 2921 2355 2984 corpora
2377 2913 2577 2967 nostra
2602 2907 2836 2985 penitus
2876 2905 3139 2987 aboleri;
3167 2906 3265 2968 alii
3296 2926 3434 2969 vero
3465 2926 3611 2969 cen-

1962 3001 2093 3054 sent
2122 3010 2477 3074 corporeum
2511 2996 2624 3057 hoc
2656 3015 2789 3057 cum
2826 2996 3080 3077 propriis
3130 2997 3258 3058 suis
3306 2997 3619 3060 animabus

1962 3083 2304 3162 conjugium
2338 3085 2588 3165 repudio
2623 3086 2811 3146 semel
2843 3085 3280 3164 dirimendum,
3337 3095 3618 3167 tanquam

1962 3172 2079 3234 illis
2105 3173 2163 3233 in
2188 3172 2467 3235 deiformi
2496 3176 2618 3237 vita
2651 3175 2942 3256 beataque
2973 3176 3182 3256 requie
3217 3194 3426 3256 parum
3468 3196 3617 3239 con~

1960 3270 2335 3339 sentaueum;
2364 3282 2736 3345 nequaquam
2757 3265 3189 3346 intelligentes,
3218 3267 3625 3347 nequescien-

1963 3352 2044 3413 tia
2069 3351 2266 3413 divina
2298 3352 2540 3434 eruditi,
2576 3374 2683 3415 nos
2706 3356 2829 3434 jam
2864 3355 3214 3417 deiformem
3249 3355 3309 3416 in
3376 3355 3617 3418 Christo

1962 3443 2140 3505 vitam
2161 3442 2629 3506 inchoasse.Alii
2653 3453 2847 3506 autem
2868 3445 3184 3505 animabus
3204 3444 3456 3505 aliorum
3495 3463 3626 3508 cor-

1964 3550 2173 3613 porum
2207 3534 2483 3612 conjugia
2514 3533 2863 3610 attribuunt,
2900 3535 2960 3595 in
3003 3554 3144 3615 quo,
3180 3552 3312 3595 mea
3369 3534 3618 3614 quidem

1962 3623 2589 3702 sententia,quantum
2622 3624 2683 3685 in
2708 3624 2857 3702 ipsis
2890 3632 3002 3698 est,
3034 3624 3315 3703 injuriam
3360 3630 3624 3702 irrogant

1962 3713 2335 3793 corporibus,
2361 3733 2492 3793 quae
2517 3733 2651 3775 cum
2676 3714 2894 3774 divinis
2924 3714 3241 3775 animabus
3272 3713 3615 3774 collabora-

1962 3812 2121 3878 runt,
2165 3802 2496 3884 eademque
2541 3803 2726 3865 sacris
2770 3803 2893 3864 suis
2939 3803 3202 3883 praemiis
3235 3801 3621 3883 tlcfraudant,

1963 3912 2095 3955 cum
2130 3893 2391 3955 divinum
2426 3913 2666 3956 cursum
2710 3893 3209 3957 consummarint.
3249 3892 3374 3955 Alii
3413 3912 3623 3969 porro,

1962 3982 2165 4045 nescio
2188 4004 2303 4064 quo
2325 3992 2514 4064 pacto,
2551 3985 2623 4047 ad
2654 3992 2921 4046 terrenas
2952 3984 3347 4063 cogitationes
3376 3982 3620 4064 dilapsi,

1964 4075 2259 4155 dixerunt,
2294 4076 2569 4155 praesenti
2603 4075 2731 4136 vitae
2763 4074 3022 4135 similem
3046 4073 3234 4135 beatis
3260 4074 3622 4153 promissam

1964 4182 2094 4224 esse
2126 4164 2561 4226 sanctissimam
2600 4164 3125 4244 beatissimamque
3156 4170 3401 4236 sortem,
3429 4162 3627 4224 cibos-

1963 4272 2081 4334 que
2112 4255 2240 4315 vitre
2270 4255 2533 4317 variabili
2572 4256 2841 4337 proprios
2875 4254 2943 4313 iis
2976 4252 3321 4334 quiangelis
3352 4251 3617 4331 aequales

1966 4352 2124 4420 sunt,
2161 4344 2385 4407 nefarie
2415 4346 2854 4426 applicuerunt.
2887 4344 3006 4406 Sed
3036 4342 3212 4421 absit,
3240 4350 3303 4402 ut
3361 4358 3627 4421 unquam

1967 4442 2208 4495 sanctus
2235 4434 2321 4495 vir
2344 4435 2641 4515 quispiam
2667 4434 2724 4495 in
2751 4431 3085 4495 istiusmodi
3116 4430 3629 4493 erroresincidatl

205 4523 380 4600 πέρας
440 4520 633 4577 ἔλθωσι
694 4526 786 4577 τοῦ
845 4518 969 4596 τῇδε
1026 4520 1163 4597 βίου,
1213 4518 1311 4585 τὴν
1344 4520 1415 4580 εἷς
1467 4517 1755 4597 ἀφθαρσίαν
1784 4519 1873 4575 αὖ·

1976 4541 2180 4585 verum
2208 4524 2297 4585 illi
2320 4525 2537 4601 sancti,
2572 4525 2674 4605 qui
2705 4543 2772 4586 se
2806 4532 2958 4585 totos
2989 4521 3469 4585 Christiformem
3495 4538 3628 4581 sor-

204 4616 319 4670 τῶν
352 4610 501 4686 ὁδὸν,
553 4614 626 4678 ὡς
684 4611 968 4690 ἐγγυτέραν
1027 4608 1130 4677 ¹ἤδη
1191 4607 1584 4687 γεγενημένην,
1645 4606 1883 4685 ἐμφανὲ-

203 4724 401 4781 στερον
465 4705 653 4782 ὁρῶσι,
713 4704 803 4759 καὶ
861 4702 951 4767 τὰς
986 4699 1184 4778 δωρεὰς
1214 4704 1313 4765 τῆς
1345 4700 1602 4778 θεαρχίας
1641 4699 1878 4779 ὑμνοῦσι,

202 4794 300 4851 καὶ
358 4792 503 4856 θείας
566 4791 761 4861 ἡδονῆς
820 4791 1284 4869 ἀποπληροῦνται,
1346 4790 1443 4856 τὴν
1503 4789 1589 4845 ἐπὶ
1620 4790 1686 4845 τὰ
1717 4789 1885 4869 χείρω

203 4884 427 4963 τροπὴν
457 4882 632 4939 οὒκέτι
663 4880 981 4956 δεδοικότες,
1014 4879 1135 4937 ἀλλ’
1177 4879 1235 4936 εὖ
1263 4878 1483 4960 εἱδοτες,
1518 4878 1598 4935 ὅτι
1648 4880 1715 4935 τὰ
1745 4902 1885 4946 κτη-

205 4975 372 5032 θέντα
405 4972 550 5029 me
580 4971 791 5051 βεϐαίος
848 4973 943 5031 καὶ
1002 4971 1226 5035 αἷωνίως
1283 4968 1507 5036 ἕξουσιν,
1571 4971 1629 5026 Οἱ
1689 4967 1741 5025 δὲ
1775 4993 1884 5045 μο-

208 5063 442 5140 λυσμῶν
505 5062 763 5121 ἀνάπλεοι
822 5064 908 5120 καὶ
967 5061 1186 5138 ἀνιέρων
1238 5058 1496 5137 κηλίδων,
1557 5058 1713 5139 εἴπερ
1745 5062 1886 5139 ἱερᾶς

1966 4620 2089 4674 tem
2118 4624 2507 4696 percepturos
2531 4622 2959 4695 cognoverunt,
2979 4612 3081 4673 ubi
3105 4612 3179 4675 ad
3204 4612 3386 4691 hujus
3420 4610 3637 4674 vitaeﬁ-

1969 4722 2109 4766 nem
2132 4707 2503 4769 accesserint
2536 4724 2551 4781 ;
2584 4705 2752 4767 vitam
2781 4722 2951 4765 suam
2993 4703 3064 4763 ad
3091 4702 3630 4782 incorruptionem,

1970 4793 2136 4875 quasi
2145 4795 2268 4875 jam
2292 4794 2784 4877 propinquiorem
2807 4794 3050 4869 factam,
3067 4798 3391 4867 intuentes,
3417 4789 3639 4853 summi

1968 4882 2077 4945 Dei
2115 4903 2366 4947 munera
2396 4885 2773 4961 collaudant,
2806 4882 3123 4964 divinaque
3172 4882 3471 4963 voluptate
3523 4880 3633 4943 ad-

1970 4973 2315 5054 implentur,
2352 4994 2469 5039 non
2492 4977 2615 5056 jam
2649 4973 2910 5055 amplius
2962 4971 3222 5054 perverti
3272 4979 3633 5052 metuentes,

1971 5063 2077 5125 sed
2104 5064 2290 5145 probe
2318 5074 2845 5147 cognoscentes,se
2862 5063 3017 5127 bona
3033 5072 3201 5146 parta
3217 5062 3469 5125 ﬁrmiter
3490 5079 3634 5141 per-

209 5175 364 5221 τινος
422 5155 755 5235 τετυχήκασι
818 5154 1091 5231 μυήσεως,
1153 5151 1299 5209 αὐτοὶ
1353 5148 1408 5205 δὲ
1458 5151 1655 5217 ταύτην
1710 5150 1770 5207 ἐκ
1798 5163 1873 5211 τοί

1973 5161 2271 5237 petuoque
2290 5174 2686 5238 possessuros.
2711 5157 2933 5217 Verum
2959 5155 3062 5237 qui
3093 5150 3507 5234 iniquitatibus
3532 5167 3608 5213 ne
3629 5178 3639 5192 -

1566 5310 1823 5377 VABl/E
1845 5313 2286 5381 LECTIONES.

302 5425 383 5513 4_8_
403 5423 697 5513 articulus
726 5430 825 5513 τῆς
858 5428 1101 5513 nonest
1129 5422 1191 5513 in
1221 5423 1284 5487 S.
1324 5422 1395 5485 P.
1428 5419 1498 5513 Ι)ἶ
1567 5420 1623 5471 ‘9
1650 5420 2022 5513 subiungunt
2051 5422 2230 5513 P.‘D.
2270 5425 2375 5513 (ξι).
2414 5428 2490 5513 μὴ
2521 5424 3275 5513 aeosaatﬁcotsequitur.
3307 5421 3641 5513 2flant‘iqua

224 5510 290 5572 in
327 5509 409 5573 Μ.
441 5506 596 5569 libro
629 5505 806 5568 lectio
840 5516 936 5567 est
963 5507 1037 5587 ὼς
1070 5504 1399 5587 ἀνάρμοστον
1446 5506 1631 5587 abfuit:
1669 5502 1826 5559 οὖσαν
1865 5502 1955 5587 τὴν
1974 5505 2182 5574 θεοειδῆ
2216 5510 2357 5579 ζωὴν
2388 5511 2476 5565 καὶ
2517 5511 2779 5587 μακαρίαν
2812 5507 2993 5582 λῆξιν,
3034 5502 3229 5587 quam,
3250 5502 3448 5565 reddit
3472 5502 3634 5563 δεδι.

224 5591 273 5635 εί
310 5590 371 5652 in
405 5586 589 5650 dandi
626 5604 766 5649 casu
812 5585 1145 5669 corrigitur
1173 5588 1231 5646 in
1268 5582 1477 5669 codice
1510 5583 1637 5669 sal,
1665 5586 2129 5669 capssataggzéw.
2164 5595 2299 5669 ζωῇ,
2369 5589 2426 5638 22
2459 5582 2591 5669 lege
2624 5582 2954 5667 ἀδικοῦντες,
3012 5582 3330 5669 codicibus
3376 5601 3639 5669 censen-

228 5668 546 5734 tientibus.
580 5669 667 5749 Ita
694 5669 870 5730 etiam
904 5666 1091 5731 editio
1123 5664 1406 5730 Lansellii
1438 5663 1674 5726 Parisiis
1704 5665 1877 5729 1615.
1930 5666 1992 5717 εὖ
2021 5668 2322 5746 ὁμοιοειδῆ,
2359 5670 2421 5733 Ρ.
2459 5663 2586 5733 δεῖν.
2623 5673 2680 5720 ει
2713 5663 3081 5749 μακαριστήν,
3119 5667 3182 5731 8,
3220 5666 3368 5732 PJ),
3402 5665 3466 5717 25
3494 5666 3637 5723 ἀπο-

225 5754 442 5827 nime,
479 5750 553 5816 D.
586 5746 715 5813 Ser.

552 5860 820 5923 Pareae.
856 5856 969 5925 Gn.
1005 5855 1108 5927 III.

3322 5856 3397 5920 18
