4072 6410
385 302 494 373 571

1563 308 1626 371 S.
1680 306 1862 370 ΒΙοΝ
1869 303 2018 371 YSII
2065 302 2599 369 AREOPAGlT/E.

3649 298 3770 379 572

386 447 606 531 quibus
663 446 724 510 in
784 449 893 510 hac
925 447 1040 510 vita
1093 447 1412 527 conjuncta
1450 444 1709 518 fuerant,
1742 449 2024 516 reunita;

2115 439 2363 499 ἐνωθεντα
2394 453 2515 504 ταῖς
2560 447 2797 520 ψυχαῖς,
2855 439 2947 505 αἶς
3005 438 3238 507 ἤνωνται
3298 439 3434 499 κατᾶ
3493 439 3584 498 τὸν
3638 440 3766 517 τῇδε

385 546 780 618 assequentur
806 546 1002 602 autem
1039 536 1391 602 deiformem
1424 534 1676 615 gloriam
1743 541 2026 616 tanquam

386 627 654 692 membra
683 628 813 692 Dei.

466 721 495 800 §
529 718 1003 784 ILProfanorum
1022 738 1160 782 vero
1177 719 1357 798 aliqui
1383 716 1626 798 quidem
1643 715 1775 780 sine
1797 714 2030 778 ratione

386 820 616 892 putant,
654 831 772 873 non
803 813 992 872 solum
1025 827 1344 890 corporum
1377 827 1493 869 non
1526 807 1780 870 futuram
1814 823 2026 868 resur-

383 902 735 981 rectionem,
771 919 970 962 verum
1009 901 1186 960 etiam
1215 899 1500 979 ipsasmet
1531 902 1756 959 animas
1790 894 2028 976 penitus

385 989 743 1063 aboleri,seu
775 992 832 1051 in
869 989 1120 1050 nihilum
1169 985 1464 1062 abire;alii
1498 1005 1664 1068 vero,
1698 986 1790 1047 his
1824 985 2027 1064 utique

385 1079 824 1159 prudentiores,
852 1089 914 1142 ut
951 1079 1137 1152 Plato,
1165 1079 1351 1152 aiunt,
1389 1095 1604 1157 corpus
1629 1075 1870 1157 quidem
1896 1081 2027 1153 post

386 1177 637 1230 mortem
672 1187 1042 1251 nequaquam
1075 1166 1608 1239 substiturum,sed
1626 1184 1736 1226 nec
1767 1166 1824 1226 in
1859 1173 2028 1226 aeter-

385 1277 524 1318 num
552 1260 623 1320 ad
651 1260 1092 1322 subsistentittm
1119 1277 1280 1319 suam
1304 1253 1844 1318 reversurum.Hoc
1866 1253 2026 1316 enim

390 1349 659 1428 estquod
686 1350 827 1410 dicit
885 1350 1099 1415 ἰσάπαξ.
1137 1348 1448 1426 Indignum
1485 1346 1645 1409 enim
1681 1344 2026 1419 esse,aiunt,

2110 531 2244 608 βίον.
2278 529 2653 607 ἀπολήψονται
2685 529 2740 586 δὲ
2771 530 2859 587 καὶ
2904 529 3004 600 τὴν
3061 526 3268 598 θεοειδῆ
3298 525 3449 596 δόξαν
3511 533 3586 594 ὡς
3621 529 3766 607 μέλη

2114 627 2270 683 Θεοῦ.

2195 713 2225 789 Ξ
2261 721 2325 774 ll.
2360 718 2472 770 Τῶν
2507 711 2561 769 δὲ
2606 711 2829 790 ἀνιέρων
2861 717 2906 770 οἱ
2943 712 3040 788 μὲν
3071 713 3476 789 ἀλογιστότερον
3531 710 3608 787 μὴ
3665 714 3768 788 μό-

2113 825 2202 859 νον
2263 803 2528 878 σωμάτων
2584 804 2643 860 οὗ
2699 801 3003 876 δοξάζουσιν
3063 801 3429 880 ἐξανάστασιν,
3482 799 3621 858 ἀλλὰ
3674 805 3765 859 καὶ

2109 892 2204 956 τὰς
2265 893 2444 972 ψυχὰς
2507 893 2664 959 αὐτὰς
2741 894 2813 957 εἷς
2895 892 3101 949 τελείαν
3180 891 3493 970 ἀνυπαρξίαν
3555 905 3766 971 χωρεῖν

2109 980 2344 1045 οἴονται.
2379 985 2438 1040 Οἱ
2470 981 2525 1039 δὲ
2557 983 2904 1062 λογικώτεροι
2930 981 3082 1060 δῇθεν
3117 984 3314 1058 αὐτῶν,
3347 984 3418 1048 ὡς
3451 985 3478 1038 6
3510 981 3766 1065 Πλάτων,

2109 1073 2168 1128 τὸ
2206 1074 2300 1147 μὲν
2342 1077 2496 1146 σῶμα
2527 1074 2663 1147 μετά
2694 1075 2917 1130 θάνατον
2971 1071 3144 1131 οὐκέτι
3204 1074 3328 1153 φασὶ
3381 1072 3764 1152 συστήσεσθαι,

2112 1161 2234 1217 ἀλλ’
2266 1164 2339 1227 εἰς
2368 1165 2560 1226 αἰῶνας
2589 1165 2693 1243 οὐχ
2723 1162 3066 1242 ὑποστρέφειν
3097 1161 3172 1218 ἔτι
3226 1163 3356 1241 πρὸς
3387 1163 3453 1229 ἦν
3491 1161 3608 1242 ἔχει
3663 1163 3766 1220 σύ-

2113 1272 2320 1312 στασιν⁶
2387 1260 2540 1311 τοῦτο
2599 1255 2698 1332 γσίρ
2763 1253 2904 1310 ἐστιν
2959 1253 2986 1308 ὅ
3045 1275 3205 1324 φησιν
3285 1249 3528 1317 εἰσάπαξ.
3591 1251 3768 1310 Ἀνά-

2113 1342 2220 1409 ξιον
2253 1344 2349 1424 γάρ
2380 1366 2539 1424 φασιν
2575 1344 2717 1400 εἶναι
2772 1345 2830 1400 τὸ
2872 1343 3054 1400 ὑλικὸν
3101 1343 3458 1413 συναιωνίζειν
3489 1349 3554 1420 τῇ
3607 1342 3761 1401 ἀύλώ

390 1443 454 1498 ut
472 1439 777 1501 materiale
798 1458 1015 1520 corpus
1030 1436 1639 1500 animmimmateriali
1659 1437 2021 1505 sitcomvum.

2115 1438 2293 1514 ψυχῇ,
2332 1435 2426 1501 τὴν
2471 1435 2654 1515 ψυχὴν
2685 1435 2856 1509 μόνην
2916 1430 3187 1498 ἀθανάτως
3238 1433 3524 1514 ὑπάρχειν,
3588 1433 3770 1491 Ταῦτα

387 1529 644 1591 animam
667 1549 804 1592 vero
831 1531 1016 1591 solam
1046 1548 1176 1591 esse
1201 1527 1621 1589 immortalem.
1659 1526 1821 1588 ldem
1848 1526 2024 1587 etiam

2115 1525 2196 1581 καὶ
2254 1527 2301 1580 οἱ
2345 1525 2450 1580 ἀπὸ
2511 1525 2755 1599 Σίμωνος
2816 1521 3024 1602 ἔλεγον,
3086 1523 3181 1579 οὒκ
3237 1521 3586 1592 ἐννοήσαντες
3649 1521 3769 1582 οὖδὲ

383 1616 641 1681 Simonis
665 1620 946 1702 discipuli
969 1619 1468 1690 asserebant,non
1504 1618 1852 1697 cogitantes,
1889 1635 2024 1678 nec-

2115 1613 2396 1690 μυηθέντες
2433 1615 2573 1692 παρὰ
2605 1624 2695 1672 τοῦ
2754 1613 2993 1692 μεγάλου
3047 1610 3350 1670 ἀποστόλου
3407 1613 3615 1671 Παύλου
3672 1612 3762 1670 λέο

384 1708 524 1769 dum
550 1711 744 1773 edocti
767 1731 801 1774 a
827 1701 1043 1792 magno
1066 1707 1518 1790 apostoloPaulo
1540 1706 2024 1786 dicente,pignus

2115 1726 2322 1784 γοντος,
2358 1702 2633 1784 ἀῤῥαϐὦνα
2681 1705 2774 1760 καὶ
2835 1701 3101 1768 ἀπόδειξιν
3159 1709 3255 1769 τῆν
3317 1704 3453 1777 μετὰ
3513 1703 3770 1780 σώματος

384 1806 441 1862 et
463 1801 879 1882 probationem
916 1799 1264 1862 universalis
1292 1799 1350 1861 in
1374 1799 1514 1858 274
1536 1815 1785 1877 corpore
1817 1796 2024 1858 futurae

2115 1792 2403 1862 καθολικῆς
2504 1795 2846 1856 ἀναστάσεως
2907 1795 2999 1850 τὸν
3080 1794 3267 1872 Κύριον
3325 1794 3483 1867 ὴμῶν
3557 1792 3771 1859 Ἰησοῦν

383 1891 1166 1953 resurrectionisDominum
1190 1896 1458 1951 nostrum
1483 1885 1689 1950 Jesum
1725 1885 2022 1948 Christum

2115 1887 2338 1965 Χριστὸν
2371 1885 2717 1964 γεγενῆσθαι,
2778 1885 2865 1940 καὶ
2909 1883 2990 1939 ὅτι
3053 1887 3108 1939 ὲν
3145 1884 3288 1958 αὗτῷ
3336 1886 3423 1940 νῦν
3477 1883 3768 1962 κέκρυπται

389 1980 770 2061 exstitisse;et
795 1980 954 2060 quod
981 1980 1042 2041 in
1078 1980 1204 2060 ipso
1230 1979 1404 2040 modo
1427 1977 1774 2038 abscondita
1807 1975 1882 2037 sit
1913 1976 2024 2036 vita

2115 1975 2146 2041 ἦ
2201 1976 2311 2045 ζωὴ
2369 1978 2525 2050 ἡμῶν
2582 1975 2635 2030 ἐν
2693 1975 2769 2047 τῷ
2851 1981 2966 2048 Θεῴ
3047 1973 3533 2053 φανερωθησομὲνη
3593 1975 3646 2030 ἐν
3702 1981 3772 2051 τῇ

385 2080 584 2134 nostra
617 2071 676 2133 in
712 2075 832 2136 Deo
880 2070 1197 2133 revelanda
1257 2069 1316 2129 in
1375 2066 1852 2148 regeneratione.
1909 2065 2026 2128 Alii

383 2179 522 2224 vero
549 2161 826 2223 dicebant
856 2179 1070 2241 corpus
1098 2169 1235 2221 tunc
1253 2177 1494 2219 aereum
1520 2155 1736 2218 animis
1759 2155 2022 2220 futurum

385 2253 458 2333 (si
484 2251 659 2313 modo
692 2251 952 2312 futurum
981 2251 1080 2330 sit)
1131 2261 1188 2311 et
1220 2268 1336 2310 non
1370 2255 1844 2310 resurrecturum
1871 2246 2022 2309 illud

381 2344 576 2424 ipsum
610 2342 768 2422 quod
807 2341 982 2402 modo
1012 2341 1296 2418 gerimus,
1357 2337 1707 2418 corporibus
1739 2356 1873 2414 quae
1906 2355 2022 2399 una

375 2431 758 2494 decertarunt
781 2431 1062 2511 injuriam
1088 2431 1437 2509 irrogantes.
1466 2428 1577 2488 Alii
1605 2430 2016 2508 porro,nescio

382 2541 499 2600 quo
526 2529 695 2601 pacto
717 2521 791 2583 ad
829 2532 1098 2584 terrenas
1121 2520 1508 2599 cogitationes
1535 2517 1831 2598 provocati
1864 2518 2020 2579 scri«

383 2620 628 2691 pserunt
651 2611 731 2673 ibi
774 2611 940 2674 cibos
974 2619 1266 2691 potusque
1297 2608 1549 2669 sensiles
1578 2607 1828 2668 futuros.
1865 2607 2021 2669 Insi-

383 2702 550 2763 nuari
573 2701 738 2762 aiunt
769 2719 873 2780 per
898 2701 1012 2762 hoc
1033 2697 1687 2780 Pappiam,Hierapolis
1718 2697 1874 2759 Asiae
1892 2696 2023 2776 epi-

375 2809 647 2871 scopum,
680 2790 779 2871 qui
801 2790 918 2851 dixi
947 2790 1193 2851 Joannis
1226 2789 1616 2867 exangelistm
1649 2786 2023 2865 temporibus

375 2879 708 2942 floruit.Hic
724 2879 1140 2958 enimPappias
1160 2877 1317 2940 libro
1334 2885 1544 2953 quarto
1557 2876 2021 2938 Dominicarum

377 2988 631 3033 suarum
662 2969 1172 3047 explanationum
1204 2965 1602 3046 scripsit,fore
1625 2966 1686 3026 in
1711 2982 2024 3027 resurrec-

382 3061 543 3122 tione
565 3059 895 3138 voluptates
917 3077 1047 3139 quae
1065 3056 1474 3137 percipiuntur
1493 3074 1560 3116 ex
1584 3053 1824 3116 cibiS'in
1860 3052 2022 3135 quod

2111 2065 2512 2143 παλιγγενεσία,

2111 2155 2184 2226 (εἴ
2214 2178 2273 2234 γε
2315 2156 2403 2212 καὶ
2437 2155 2668 2227 ἔσεσθαι)
2704 2160 2858 2229 σῶμα
2887 2167 3010 2216 ταῖς
3045 2154 3283 2234 ψυχαῖς,
3339 2154 3424 2211 καὶ
3485 2156 3580 2211 οὒκ
3636 2157 3770 2214 αὖτὸ

2105 2253 2259 2303 τοῦτο
2323 2245 2776 2314 ἐξαναστήσεσθαι
2837 2246 2865 2300 ὃ
2925 2245 3289 2322 περικείμεθα,
3355 2243 3660 2308 ἀδικοῦντες
3697 2247 3768 2302 τὰ

2104 2335 2502 2406 συναθλήσαντα
2559 2336 2806 2410 σώματα.
2870 2333 3070 2391 ’Ἀλλοι
3117 2325 3326 2410 δὲ,ὀῦκ
3358 2334 3466 2392 οἷδ’
3498 2334 3646 2394 ὅπως
3682 2337 3760 2401 εἰς

2103 2424 2303 2490 ἐννοίας
2362 2425 2546 2490 ὒλικάς
2631 2424 3026 2497 ἀποκλιθέντες,
3089 2427 3287 2504 τροφὰς
3365 2427 3619 2492 αἰσθητὰς
3683 2428 3779 2482 καὶ

2111 2518 2294 2580 πόσεις
2355 2519 2532 2572 ἐκεῖσε
2595 2514 2962 2594 γενησομένας
3045 2514 3378 2593 ἀνέγραψαν.
3465 2505 3772 2572 Αἰνίττεται

2106 2605 2185 2681 δὲ,
2221 2608 2400 2686 φασὶν,
2456 2608 2527 2669 εἰς
2590 2605 2839 2662 Παππίαν
2870 2605 2959 2661 τδν
2993 2595 3342 2684 Ἰεραπόλεως
3415 2607 3513 2671 τῆς
3579 2602 3778 2671 Ἀσίας

2107 2695 2420 2775 ἐπίσκοποι,
2480 2698 2572 2752 τὸν
2661 2699 2732 2770 τῷ
2785 2696 2907 2769 θείῳ
2967 2696 3052 2752 κάὶ
3106 2693 3461 2772 εὖαγγελιστῇ
3535 2695 3777 2772 Ἰωάννῃ

2107 2787 2541 2860 συνακμάσαντα.
2577 2787 2740 2848 Οὗτος
2774 2788 2874 2864 γὰρ
2925 2788 2952 2842 6
3000 2786 3248 2849 Παππίας
3294 2785 3347 2842 ἐν
3406 2790 3484 2858 τῷ
3532 2787 3780 2863 τετάρτῳ

2106 2875 2294 2953 βιϐλίῳ
2324 2876 2429 2931 τῶν
2464 2882 2738 2952 Κυριακών
2770 2874 2932 2933 αὖτοῦ
2960 2873 3266 2954 ἐξηγήσεων
3317 2876 3410 2939 τὰς
3467 2873 3556 2930 διὰ
3619 2876 3781 2952 βρω-

2111 2966 2294 3040 μάτων
2326 2965 2482 3021 εἶπεν
2544 2965 2597 3020 ἐν
2647 2971 2712 3041 τῇ
2743 2965 3031 3022 ἀναστάσει
3087 2965 3435 3028 ἀπολαύσειςο
3501 2971 3576 3030 εἰς
3639 2965 3780 3045 ὅπερ

2609 2062 2810 2120 ’Ἄλλοι
2866 2063 2919 2119 δὲ
2978 2064 3201 2136 αἰθέριον
3266 2063 3496 2145 ἔφασκον
3551 2061 3772 2122 ἔσεσθαι

2110 3053 2283 3133 δόγμα
2333 3056 2420 3110 καὶ
2470 3057 2497 3110 6
2569 3054 2972 3135 Ἀπολλινάριος
3032 3057 3169 3132 μετά
3238 3062 3403 3113 ταῦτα
3461 3055 3777 3119 ἐπίστευσε.

381 3149 626 3227 quidem
652 3146 864 3226 dogma
897 3146 1273 3228 postmodum
1321 3145 1724 3224 Apollinarius
1747 3143 2020 3208 credidit.

2115 3151 2232 3208 Πῶς
2264 3143 2351 3200 οὖν
2413 3144 2824 3224 Ἀπολλιναρίου
2883 3152 3046 3204 ταῦτα
3099 3147 3165 3202 τὰ
3209 3149 3301 3202 τοῦ
3358 3145 3506 3223 ἀγίου
3567 3154 3778 3205 Διονυ-

379 3239 687 3312 Quomodo
744 3239 924 3317 igitur
967 3236 1320 3316 Apollinarii
1382 3245 1558 3298 erunt
1590 3236 1807 3314 scripta
1837 3235 2024 3296 sancti

2115 3236 2224 3293 σίο.)
2297 3235 2687 3313 συγγράμματα
2757 3236 2892 3292 κατὰ
2976 3236 3097 3299 τούς
3177 3257 3334 3292 τινων
3419 3235 3638 3315 λήροος,
3705 3236 3780 3292 τὰ

377 3329 1002 3410 Dionysii,secundum
1031 3344 1214 3404 nugas
1241 3326 1602 3406 aliquorum,
1631 3344 1778 3406 quas
1798 3325 2024 3406 Apolli-

2115 3325 2422 3403 ἀναιροῦντα
2455 3322 2860 3401 Ἀπολλινάριον
2895 3345 2910 3401 ;
2967 3323 3118 3382 Ἀλλ’
3153 3326 3246 3382 οὒκ
3281 3323 3342 3380 ἅν
3373 3347 3452 3388 τις
3485 3324 3591 3380 τῶν
3611 3329 3778 3404 ἱερῶν

379 3419 613 3481 narium
645 3418 932 3481 refutant?
957 3416 1073 3480 Sed
1108 3435 1283 3477 nemo
1307 3416 1564 3477 virorum
1589 3414 1915 3496 proborum
1949 3415 2021 3476 ad

2115 3414 2307 3493 ἀνδρῶν
2368 3416 2442 3478 εἷς
2511 3415 2761 3478 τοιαύτας
2816 3414 3039 3480 ἀτοπίας
3115 3416 3566 3494 ἀπενεχθήσεται·
3631 3413 3783 3472 ἀλλὰ

377 3509 708 3572 istiusmodi
743 3507 1142 3570 absurditates
1169 3504 1741 3586 abducetur,verum
1773 3504 2024 3568 creden-

2115 3505 2471 3579 πιστεύοντες,
2548 3503 2627 3560 ὅτι
2691 3503 2959 3580 λήψονται
2989 3505 3088 3573 τὴν
3151 3504 3462 3584 Χριστοειδῆ
3496 3503 3674 3584 λῆξιν,
3711 3510 3781 3564 οὗ

377 3609 466 3663 tes
481 3598 1024 3662 seChristiformem
1041 3605 1258 3659 sortem
1273 3597 1617 3677 adepturus,
1629 3615 1724 3657 mu
1737 3595 2022 3658 tationem

2115 3595 2205 3663 τήν
2238 3596 2322 3652 ἐπὶ
2379 3595 2604 3652 θάνατον
2664 3592 2960 3660 δεδοικότες
3017 3596 3243 3676 τροπὴν,
3320 3594 3531 3652 ἀλλἐὗ
3567 3593 3780 3660 εἰδότες

379 3689 586 3751 mortis
607 3685 1488 3766 minimeformidabunt,probe
1501 3687 1759 3748 scientes
1787 3704 1852 3748 se
1869 3686 2024 3748 bona

2115 3687 2186 3744 ὅτι
2218 3689 2283 3744 τὰ
2317 3687 2574 3754 κτηθέντα
2620 3686 2756 3744 καλά
2785 3686 3012 3762 βεϐαίως
3063 3687 3288 3755 ἕξουσιν,
3353 3691 3412 3746 Οἱ
3473 3686 3528 3744 δὲ
3583 3689 3776 3767 ἁμαρ-

378 3785 544 3862 parta
567 3777 856 3839 stabiliter
880 3775 1650 3857 posscssuros.l‘eccalores
1673 3794 1809 3837 ver
1838 3775 2024 3857 siqui-

2115 3777 2288 3853 τωλοὶ,
2353 3777 2508 3856 εἴπερ
2569 3777 2674 3833 εἰσί
2705 3780 2791 3834 καὶ
2852 3777 3213 3855 μεμυημένοι,
3271 3779 3385 3834 ἐπεὶ
3444 3780 3578 3856 πρὸς
3638 3778 3780 3835 ἐπι-

381 3869 515 3931 dem
540 3885 768 3930 sacram
803 3867 1109 3929 hauserint
1140 3867 1791 3946 institutionem,eaque
1814 3866 2022 3944 negle-

2115 3868 2292 3942 θυμίας
2324 3866 2806 3942 ἀπηυτομόλησαν,
2871 3865 2998 3923 ὅταν
3046 3869 3177 3946 πρὸς
3245 3868 3304 3923 τὸ
3339 3865 3489 3931 τέλος
3550 3869 3779 3948 ἕρχων-

379 3957 576 4038 cta,ad
608 3957 1118 4036 concupiscentias
1177 3975 1284 4018 sua
1342 3965 1555 4036 sponte
1587 3954 1847 4017 devoluti
1879 3957 2020 4031 sint,

2115 3979 2220 4037 ται,
2280 3956 2454 4013 οὐκέτι
2536 3956 2657 4013 τότέ
2716 3955 3176 4036 εὒκαταφρόνητον
3249 3958 3340 4014 τὸν
3397 3960 3543 4014 θεῖον
3601 3957 3781 4032 νόμον

380 4067 516 4110 cum
550 4047 622 4108 ad
657 4049 785 4107 vitae
816 4047 992 4107 ﬁnem
1048 4048 1464 4126 pervenerint,
1501 4063 1618 4106 non
1671 4045 1793 4125 jam
1829 4046 2023 4124 legem

2115 4046 2407 4124 λογίζονται
2441 4048 2514 4110 ὡς
2546 4048 2632 4104 καὶ
2689 4047 2970 4126 πρότερον,
3009 4047 3130 4104 ἀλλ’
3201 4047 3401 4125 ἑτέροις
3464 4046 3781 4127 ὀφθαλμοῖς

383 4137 644 4199 divinam
675 4155 842 4217 reque
875 4143 936 4196 ut
967 4135 1132 4216 prius
1165 4134 1590 4215 despicabilem
1629 4135 1969 4197 existimant
2009 4155 2022 4212 ;

2115 4151 2315 4214 νοεροϊς
2373 4135 2560 4194 λοιπὸν
2623 4137 2708 4194 καὶ
2770 4138 2836 4192 τὰ
2907 4137 3085 4194 ἐκεῖσε
3141 4145 3453 4210 σκοποῦσιν,
3522 4138 3776 4196 ἀποσκο-

383 4225 820 4305 sedaliislouge
839 4224 1428 4307 oculis,spiritalibus
1449 4225 1690 4287 demum
1709 4233 1768 4289 et
1795 4244 1866 4288 ea
1897 4245 2024 4306 quae

2115 4235 2334 4292 ποῦντες
2422 4229 2486 4284 τὰ
2540 4226 2740 4303 ἐκεῖσε,
2814 4228 2903 4284 καὶ
2987 4231 3062 4284 ὧν
3121 4228 3524 4302 ἐκπεπτώκασι,
3585 4250 3779 4304 μακα-

384 4317 503 4379 illic
530 4324 670 4379 sunt
699 4315 1091 4397 intuentibus,
1129 4333 1200 4378 ea
1255 4333 1383 4397 qua;
1441 4315 1526 4376 ibi
1583 4324 1724 4378 sunt
1754 4316 2024 4378 conside-

2115 4319 2306 4397 ρίζουσι
2387 4317 2482 4393 μὲν
2567 4318 2690 4382 τοὺς
2779 4317 2995 4374 ἐκείνων
3100 4316 3426 4394 ἁψαμένους,
3517 4318 3778 4382 ἐλεεινῶς

382 4416 606 4485 rantes,
645 4417 704 4469 et
735 4406 951 4488 quibus
1007 4407 1182 4468 bonis
1239 4406 1572 4469 exciderint
1621 4408 2024 4488 expendentes

2115 4407 2166 4466 δὲ
2221 4414 2320 4476 τῆς
2379 4409 2656 4484 παρούσης
2733 4413 2876 4478 ζωῆς
2953 4409 3367 4488 ἀποσχίζονται,
3449 4411 3546 4468 οὐκ
3605 4408 3781 4490 ἔχον-

385 4498 592 4600 beatos
621 4496 861 4578 quidem
889 4497 1217 4600 praedicant
1240 4515 1348 4600 eos
1375 4496 1480 4598 qui
1505 4497 1608 4600 illa
1637 4496 1838 4600 adepti
1861 4505 2024 4578 sunt,

2115 4521 2200 4563 τες
2256 4496 2443 4556 ἐλπίδα
2521 4495 2790 4576 σωτηρίας
2873 4494 2957 4554 διὰ
3032 4499 3134 4566 τὴν
3219 4498 3502 4578 χειρίστην
3561 4497 3779 4577 διαγω-

383 4588 582 4649 miseri
615 4595 812 4650 autem
859 4596 918 4651 et
947 4587 1114 4648 inviti
1145 4606 1216 4649 ex
1240 4587 1346 4648 hac
1374 4588 1493 4648 vita
1523 4587 1848 4667 decedunt,
1885 4605 2030 4666 pro-
2053 4587 2095 4600 "
2114 4591 2240 4668 γήν.

385 4686 516 4759 pter
545 4678 721 4741 vitam
746 4694 911 4738 suam
936 4677 1280 4758 pessimam,
1316 4677 1480 4738 nulla
1510 4676 1718 4738 salutis
1742 4695 1848 4757 spe
1872 4677 2025 4741 fulti.

465 4770 494 4849 §
523 4767 629 4832 IlI.
677 4769 822 4831 Cum
851 4769 910 4828 in
941 4776 1281 4830 sanctorum
1312 4766 1854 4829 obdormitionibus
1880 4766 2028 4829 nihil

383 4860 596 4921 horum
629 4857 885 4934 accidat,
919 4857 968 4918 is
991 4858 1235 4935 quidem
1271 4856 1368 4937 qui
1401 4856 1475 4918 ad
1511 4856 1640 4920 vitae
1671 4857 1846 4918 ﬁnem
1883 4875 2026 4940 pro-

2190 4767 2218 4848 §
2276 4778 2366 4827 Ill.
2423 4767 2635 4825 Τούτων
2664 4765 2875 4834 οὒδενὸς
2940 4766 3235 4846 γινομένων
3323 4768 3461 4825 κατὰ
3513 4769 3610 4834 τὰς
3665 4777 3777 4828 τῶν

2110 4859 2274 4936 ἀγίων
2332 4855 2530 4934 ἀνδρῶν
2589 4857 2907 4937 κοιμήσεις,
2941 4857 3100 4922 αὐτὸς
3149 4858 3245 4934 μὲν
3304 4860 3332 4914 ὁ
3390 4859 3522 4939 πρὸς
3580 4861 3644 4916 τὸ
3670 4861 3774 4917 πέ-

385 4955 572 5031 perat,
608 4948 824 5028 gaudet
853 4967 920 5010 se
948 4950 1019 5010 ad
1053 4955 1316 5009 sanctam
1338 4947 1850 5026 regeneratianem
1885 4966 2026 5029 per-

387 5040 614 5114 venire,
646 5037 913 5101 defuncti
941 5046 1142 5100 autem
1199 5036 1542 5118 familiares,
1581 5037 1882 5119 spiritales
1915 5058 2026 5118 po-

385 5132 500 5194 tius
532 5147 708 5209 quam
742 5129 1013 5189 carnales
1058 5129 1192 5205 (hoc
1222 5129 1380 5190 enim
1413 5139 1501 5191 est
1527 5144 1631 5208 pro
1647 5128 1784 5207 jure
1815 5127 2028 5191 divina:

385 5217 1108 5302 propinquitatis)beatum
1129 5217 1326 5298 ipsum
1344 5217 1758 5299 praedicant,et
1773 5219 2028 5281 similem

385 5312 564 5372 finem
582 5307 993 5378 beatissimum
1018 5306 1132 5389 ipsi
1155 5327 1396 5390 quoque
1414 5310 1698 5390 consequi
1723 5317 2024 5391 exoptant.

2111 4971 2202 5027 ρας
2255 4948 2573 5027 ἐρχόμενος,
2633 4950 2811 5028 χαίρει
2868 4945 3152 5005 ἐπιϐαίνων
3205 4953 3303 5016 τῆς
3359 4951 3501 5028 ἱερᾶς
3567 4949 3771 5028 παλιγσ·

2111 5039 2375 5120 γενεσίας,
2443 5041 2488 5095 οἱ
2535 5036 2588 5094 δὲ
2649 5045 2743 5096 τοῦ
2801 5039 3153 5113 κοιμτιθέντος
3208 5040 3428 5118 οἰκεῖοι,
3493 5042 3541 5096 οἱ
3601 5063 3769 5096 πνευ-

2111 5131 2327 5205 ματικοὶ
2358 5127 2561 5202 μᾶλλον
2592 5128 2729 5208 ἥπερ
2759 5131 2805 5184 οἱ
2839 5129 2973 5186 κατά
3027 5131 3195 5208 σάρκα
3227 5129 3410 5208 (τοῦτο
3493 5130 3598 5210 γάρ
3659 5130 3774 5188 ἐστι

2113 5223 2175 5277 τὸ
2227 5220 2364 5276 κατά
2418 5220 2512 5286 τὴν
2573 5219 2714 5276 θείαν
2780 5218 3120 5299 οἶκειότητα)
3179 5219 3335 5278 αὐτόν
3422 5241 3480 5276 τε
3528 5222 3771 5300 μακαρί-

2112 5319 2257 5383 ζουσι
2315 5311 2403 5366 καὶ
2461 5311 2698 5366 τοιοῦτον
2759 5311 3088 5390 μακαριστὸν
3159 5307 3312 5373 τέλος
3372 5307 3622 5390 εὔχονται
3688 5313 3778 5368 καὶ

381 5399 626 5462 Portant
650 5406 849 5460 autem
869 5397 1063 5478 ipsum
1096 5398 1169 5460 ad
1195 5399 1567 5479 episcopum,
1595 5399 1764 5481 quasi
1794 5405 2024 5462 coronis

2115 5401 2262 5456 αὐτοὶ
2291 5393 2580 5474 λήψεσθαι’.
2631 5396 2870 5478 ’Ἂγουσι
2900 5398 2955 5456 δὲ
2985 5409 3170 5459 τοῦτον
3204 5397 3297 5456 ἐπῖ
3329 5401 3421 5456 τὸν
3483 5400 3771 5482 ἱεράρχην,

384 5488 818 5578 munerandum
857 5505 873 5565 ;
910 5487 1005 5552 hic
1047 5506 1196 5552 vero
1228 5489 1422 5578 ipsum
1455 5488 1758 5576 excipiens
1788 5491 1841 5551 ei
1869 5490 2024 5569 justa

2115 5493 2186 5552 ὡς
2219 5490 2304 5546 ἐπὶ
2337 5487 2478 5546 δόσιν
2525 5488 2820 5568 στεφάνων·
2882 5492 2909 5547 6
2941 5488 3021 5572 δὲ,
3054 5487 3384 5573 δεχόμενος,
3416 5487 3629 5550 ἐκτελεϊ
3685 5493 3777 5552 ἐπὶ

386 5577 685 5661 persolvit.
1260 5577 1263 5578 ⁷

2115 5580 2284 5658 τούτῳ
2313 5579 2378 5637 τὰ
2408 5577 2551 5640 ὅσια.
