4072 6456
334 372 453 441 573

954 527 1019 578 ll.
1056 519 1377 596 Μυστήριον.

404 615 732 694 Συναγαγὼν
761 616 849 671 τὸν
881 613 1079 694 κλῆρον
1115 641 1139 693 ο
1172 621 1454 699 ἱεραρχης,
1492 621 1535 675 εἰ
1556 619 1655 694 μὲν
1683 623 1787 674 τῶν
1815 619 1975 695 ἱερω-

318 706 494 781 μένων
554 706 694 762 ἐστὶν
751 708 778 762 ὁ
841 707 1260 783 κεκοιμῃμένος,
1321 709 1633 789 ἐπίπροσθεν
1688 716 1779 765 τοῦ
1841 708 1978 764 θείου

314 796 688 874 θδσιαστηρίου
741 795 1096 877 κατακλίνας,
1131 805 1237 855 τῶν
1272 801 1448 880 εὖχῶν
1507 801 1593 857 καὶ
1623 798 1717 866 τῆς
1750 798 1973 879 εὔχαρι-

315 888 461 951 στίας
518 885 848 965 ἀπάρχεται’
908 888 1084 967 ε’ὂχῶν
1126 889 1243 964 μὲν,
1276 892 1406 969 ὑπὲρ
1456 897 1560 947 τῶν
1617 889 1974 967 ἀγνοημάτων

312 978 403 1034 τοῦ
456 976 877 1051 κεκοιμημὲιου’
936 980 1279 1058 εὐχαριστίας
1336 979 1411 1056 δὲ,

312 1068 374 1123 τὸ
406 1074 499 1123 τοῦ
546 1067 768 1124 θανάτου
801 1066 1043 1145 κέντρον,
1075 1070 1161 1125 καὶ
1205 1069 1371 1135 οὕτως
1421 1070 1657 1141 ἠδυνήθη
1704 1067 1827 1147 παρ’
1875 1072 1974 1126 αὖ·

314 1168 408 1216 τοῦ
438 1158 799 1234 βοηθούμενος
833 1162 1162 1236 κατορθῶσαι
1200 1183 1341 1226 τινα,
1376 1164 1433 1220 Εἰ
1464 1160 1517 1217 δὲ
1560 1161 1802 1241 μοναχός
1835 1160 1973 1216 ἐστιν

313 1246 351 1315 ἢ
384 1248 574 1311 πιστὸς
607 1248 669 1303 ἑκ
700 1258 789 1306 τοῦ
824 1249 967 1326 ἱεροῦ
1014 1248 1166 1331 λαοῦ,
1200 1251 1341 1328 παρά
1390 1254 1480 1309 τὸν
1513 1252 1744 1331 νάρθηκα
1800 1272 1972 1307 κατα-

313 1337 506 1397 κλίνει.
557 1338 626 1395 Τὸ
683 1335 737 1393 δὲ
780 1340 883 1414 πρὸ
928 1345 1026 1406 τῆς
1086 1343 1359 1420 ἱερατικῆς
1414 1341 1753 1404 εἶσελεύσεως
1816 1339 1975 1407 δηλοῖ

314 1426 400 1485 ὅτι
452 1427 763 1507 ἐπίπροσθεν
796 1434 901 1485 τῶν
963 1429 1279 1505 ψαλλόντῶν
1312 1432 1508 1512 ὀφείλει
1539 1436 1769 1490 κεῖσθαι.
1836 1432 1973 1488 Εἶτα

313 1520 341 1575 δ
388 1519 487 1593 μὲν
530 1520 793 1598 ἱερκρχης
840 1520 930 1575 τὸν
991 1519 1283 1599 εὖλογητὸν
1335 1523 1598 1603 ἐκφωνεῖ,
1632 1521 1752 1588 ἑξῆς
1813 1520 1866 1577 δὲ
1929 1523 1975 1579 οἱ

313 1606 547 1666 διάκονοι
595 1610 655 1664 τὰ
703 1609 976 1689 πρόσφορα
1034 1612 1187 1687 ἱερῶς
1246 1611 1453 1683 ᾅδουσι.
1513 1613 1676 1670 ταῦτα
1722 1613 1819 1691 γάρ
1875 1612 1973 1666 εἶσι

311 1700 379 1755 τὰ
408 1696 778 1773 ταύτοδύναμα
834 1702 920 1756 καὶ
968 1700 1235 1780 ὁμόλογα,
1274 1701 1524 1770 δηλονότι
1570 1704 1633 1759 τὰ
1672 1717 1788 1766 τοῖς
1837 1724 1973 1780 προτ-

311 1787 581 1862 κειμένοις
614 1789 895 1867 σύμφωνα.
946 1791 1086 1847 Εἶτα
1119 1794 1146 1848 ὁ
1208 1791 1583 1873 ἀρχιδιάκονος
1627 1792 1845 1849 ἀπολύει
1877 1790 1973 1867 μὲν

1448 981 1577 1057 ύπὲρ
1621 982 1694 1033 ὧν
1743 977 1975 1054 ἤμϐλυνε

826 378 924 441 DE
969 374 1267 442 ECCLES.
1318 375 1766 457 HIERABCH.,
1806 377 1969 440 CAP.
2019 376 2154 441 VII.
2203 412 2269 426 -—
2310 381 2693 445 PARAPHR.
2731 383 3221 451 PACHYMERE

3591 384 3709 455 574

2548 520 2687 579 975
2719 522 2789 584 ll.
2828 522 3207 601 Mysterium.

2143 617 2473 698 Episcopus
2492 621 2717 682 clerum
2732 622 3427 704 congregans,siquidem
3448 628 3507 689 in
3523 626 3711 692 sacris

2060 708 2251 800 fuerat
2275 710 2377 790 qui
2411 710 2792 786 obdormivit,
2828 720 2965 774 ante
2997 712 3261 775 divinum
3293 717 3479 781 altare
3508 722 3706 800 ipsum

2058 795 2378 875 inclinans,
2396 800 2530 864 inﬁt
2558 801 2935 881 precationes
2949 809 3004 863 et
3022 803 3342 882 gratiarum
3367 795 3660 871 actionem
3687 825 3704 873 :

2061 907 2270 979 preces
2300 890 2565 970 quidem,
2601 910 2781 972 super
2811 893 3175 972 ignorantias
3206 896 3471 959 defuncti
3499 916 3514 971 ;
3571 919 3709 979 gra-

2064 978 2277 1040 tiarum
2311 999 2445 1042 vero
2468 981 2786 1057 actionem,
2816 983 2954 1063 quia
2995 984 3308 1065 (Christus)
3352 989 3557 1049 mortis
3584 978 3703 1052 isti-

2062 1069 2287 1131 mulum
2321 1069 2644 1152 hebetavit,
2670 1080 2845 1151 atque
2868 1071 2945 1133 ita
2969 1074 3099 1153 ejus
3121 1075 3339 1137 auxilio
3366 1076 3548 1138 fretus
3568 1078 3706 1140 boni

2062 1159 2369 1239 quidpiam
2404 1179 2582 1239 agere
2612 1163 2820 1241 potuit.
2868 1162 2972 1224 Sin
3031 1172 3226 1225 autem
3292 1166 3513 1229 sanctis
3573 1186 3709 1230 mo-

2058 1250 2266 1311 nachis
2296 1260 2579 1312 sanctove
2614 1253 2831 1331 populo
2866 1262 3212 1333 aggregatus
3238 1264 3383 1330 erat,
3413 1258 3582 1336 juxta
3604 1276 3707 1321 sa-

2056 1340 2314 1403 crarium
2340 1340 2613 1405 collocat.
2642 1342 2790 1403 Illud
2813 1351 3033 1423 autem,
3062 1346 3142 1406 ad
3170 1346 3546 1409 sacerdotum
3604 1354 3709 1410 in-

2055 1433 2655 1511 gressum,significat
2678 1432 2845 1494 illum
2872 1452 3065 1495 coram
3094 1436 3484 1515 psallentibus
3503 1439 3703 1516 jacere

2057 1521 2302 1585 debere.
2327 1520 2545 1585 Praesul
2580 1522 2799 1584 deinde
2831 1522 3307 1587 benedictionem
3338 1528 3702 1605 pronuntiat,

2057 1612 2342 1692 deinceps
2372 1631 2510 1674 vero
2544 1613 2780 1674 diaconi
2817 1632 2882 1674 ea
2924 1633 3060 1690 quae
3113 1617 3472 1678 conveniunt
3502 1628 3706 1681 sancte

2057 1712 2373 1769 concinunt
2398 1735 2409 1767 :
2436 1711 2527 1768 illa
2552 1713 2703 1768 enim
2728 1718 2862 1770 sunt
2881 1714 3274 1784 aaquivalentia
3301 1725 3355 1773 et
3377 1717 3703 1787 synonima,

2058 1812 2195 1871 quae
2225 1794 2505 1855 nimirum
2534 1801 2873 1871 congruunt
2894 1794 3212 1863 defunctis.
3238 1797 3385 1857 Tum
3405 1798 3703 1860 archidia-

308 1880 438 1942 τοὺς
495 1877 963 1960 κατηχοιλμένους,
1000 1881 1121 1937 εἶτα
1157 1881 1511 1962 ἆνακηρύττει
1557 1884 1621 1939 τὰ
1651 1890 1757 1939 τῶν
1817 1883 1968 1961 ἁγίων

2060 1902 2248 1947 conus
2280 1885 2741 1946 catechumenos
2771 1884 3033 1958 dimittit,
3086 1894 3545 1963 sanctorumque
3576 1889 3701 1967 jam

310 1967 512 2048 ἀνδρῶν
558 1971 646 2025 καὶ
696 1971 1111 2047 κεκοιμημένων
1154 1973 1415 2053 ὀνόματα,
1447 1973 1564 2045 μεθ’
1594 1976 1666 2029 ὧν
1712 1973 1854 2039 ἀξιοῖ
1882 1976 1972 2029 τὸν

309 2062 663 2139 προκείμενον
721 2066 817 2125 τῆς
855 2060 1191 2140 ἀναρρήσεως
1242 2065 1465 2138 ταύτης,
1500 2066 1587 2120 καὶ
1622 2064 1971 2142 προτρέπεται

310 2151 513 2215 πάντας
555 2150 685 2226 ὑπὲρ
717 2150 876 2205 αὑτοῦ
924 2151 1137 2219 αἰτῆσαι
1170 2153 1272 2220 τὴν
1324 2153 1377 2209 ἐν
1408 2159 1619 2231 Χριστῷ
1674 2152 1966 2210 τελείωσιν.

310 2244 450 2299 Εἶτα
502 2242 529 2295 ὸ
558 2240 817 2319 ἱεράρχης
863 2242 1033 2319 εὖγὴν
1064 2243 1196 2317 ὑπὲρ
1261 2250 1351 2300 τοῦ
1414 2242 1808 2319 κεκοιμημένον
1844 2264 1973 2298 ποι-

309 2344 478 2405 εῖται,
513 2331 601 2387 καὶ
658 2330 953 2400 ἀσπάζεται
1000 2340 1210 2408 τοῦτον,
1248 2336 1332 2390 καὶ
1385 2336 1483 2389 σὺν
1516 2335 1656 2396 αὒτῷ
1688 2336 1734 2388 οἱ
1783 2332 1972 2407 ἕτεροι,

308 2422 461 2477 Μετὰ
515 2430 680 2479 ταῦτα
712 2419 925 2500 ἑπιχέει
976 2424 1145 2495 τούτῳ
1176 2424 1236 2479 τὸ
1288 2423 1437 2500 ἅγιον
1500 2422 1702 2496 ἔλαιον,
1734 2424 1821 2479 καὶ
1878 2422 1976 2488 τὴν

308 2510 593 2581 ἀπόλυσιν,
629 2509 747 2578 ἥτις
795 2510 1011 2589 λέγεται
1066 2513 1195 2589 ὑπὲρ
1249 2514 1462 2570 πάντων
1525 2512 1690 2592 εὒχὴ,
1736 2511 1972 2578 ποιησά-

305 2625 492 2684 μενος,
525 2603 813 2671 ἆποτίθηπι
849 2606 909 2660 τὸ
942 2604 1099 2679 σῶμα
1160 2605 1213 2663 ἒν
1246 2604 1385 2680 οἴκῳ
1415 2606 1573 2681 τιμίῳ
1626 2602 1741 2681 μεθ’
1775 2603 1965 2682 ἐτέρων

304 2694 587 2773 ὁμοταγῶν
620 2697 773 2773 ἱερῶν
804 2716 1099 2769 σωματων,

955 2886 1051 2935 III.
1100 2876 1322 2955 Θεωρία.

390 2963 421 3044 §
456 2975 507 3024 Ι.
556 2971 737 3022 Ταῦτα
770 2964 867 3039 μὲν
900 2965 1052 3044 εἴπερ
1084 2964 1251 3023 ἴδοιεν
1294 2966 1328 3034 ἢ
1382 2966 1658 3023 ἀκούσαιεν
1688 2967 1735 3023 οἱ
1764 2950 1969 3032 Ἕλλη-

308 3078 396 3119 νες
443 3052 739 3129 τελούμενα
787 3053 919 3134 παρ’
981 3058 1158 3135 ἡμῶν,
1192 3056 1364 3113 πλατὺ
1410 3055 1744 3135 γελάσουσιν·
1808 3058 1971 3131 ἡμεῖς

304 3145 389 3224 δὲ,
423 3146 515 3201 τὸν
571 3154 907 3224 φωταγωγὸν
962 3143 1172 3211 Ἰησοῦν
1218 3144 1661 3220 ἐπικαλεσάμενοι
1721 3146 1970 3224 λέγομεν,

2057 1974 2473 2036 defunctorum
2508 1980 2749 2035 nomina
2769 1984 3069 2055 recenset,
3094 1974 3309 2057 quibus
3342 1987 3702 2056 praesentem

2056 2065 2397 2127 defunctum
2434 2064 2642 2126 eadem
2674 2068 3249 2128 commemoratione
3266 2085 3585 2146 aggregare
3616 2066 3706 2127 di-

2055 2163 2289 2236 gnatur,
2324 2156 2709 2235 hortaturque
2758 2174 2988 2229 omnes,
3048 2155 3165 2236 ipsi
3223 2164 3285 2216 ut
3343 2154 3582 2217 beatum
3640 2157 3704 2217 in

2060 2245 2292 2308 Christo
2355 2247 2535 2307 ﬁnem
2598 2253 2818 2326 petant.
2872 2244 3020 2306 Tum
3081 2246 3374 2307 accedens
3423 2248 3699 2317 antistes.

2061 2355 2297 2417 precem
2332 2354 2564 2398 sacram
2608 2354 2795 2415 auper
2835 2336 3117 2396 defuncto
3166 2335 3410 2415 peragit,
3447 2352 3704 2416 eumque

2058 2427 2290 2502 salutat,
2328 2434 2548 2488 etcum
2583 2428 2710 2507 ipso
2743 2426 2965 2487 caeteri.
3010 2425 3221 2487 Postea
3278 2424 3529 2486 atl‘undit
3588 2425 3701 2504 ipsi

2057 2535 2289 2579 sacrum
2320 2516 2541 2595 oleum,
2578 2524 2635 2577 et
2666 2514 3020 2596 impertiens
3049 2514 3506 2588 absolutionem,
3570 2532 3703 2594 qua:

2055 2607 2387 2669 communis
2410 2605 2597 2667 oratio
2629 2612 2888 2675 vocatur,
2950 2605 3080 2666 loco
3138 2604 3428 2665 honorato
3482 2620 3701 2683 corpus

2055 2696 2307 2758 collocat
2365 2713 2482 2757 una
2548 2714 2680 2757 cum
2721 2693 3048 2775 aequalibus
3130 2694 3263 2755 aliis
3345 2692 3698 2774 corporibus

2051 2787 2297 2849 sanctis.

2574 2868 2678 2930 III.
2715 2864 3180 2947 Contemplatio.

2133 2964 2162 3042 §
2194 2964 2239 3025 Ι.
2294 2961 2431 3024 Haec
2480 2961 2721 3042 quidem
2774 2960 2823 3022 si
2854 2960 3193 3040 aspexerint
3235 2959 3509 3039 gentiles,
3542 2957 3635 3021 vel
3666 2976 3702 3020 a

2055 3052 2226 3114 nobis
2253 3052 2381 3125 fieri
2414 3051 2829 3125 inaudiverint,
2868 3050 3104 3131 profuse
3121 3050 3434 3112 ridebunt:
3471 3067 3580 3110 nos
3601 3068 3705 3110 au-

2056 3152 2174 3206 tem
2209 3143 2357 3204 lucis
2387 3142 2660 3204 datorem
2693 3141 2893 3204 Jesum
2918 3140 3267 3202 invocantes
3296 3139 3553 3201 dicimus
3585 3140 3700 3201 rite

302 3236 386 3293 6n
422 3232 607 3299 καλῶς
646 3237 672 3290 ὁ
704 3236 967 3315 ἱεράρχης
1028 3236 1111 3293 ἐπὶ
1143 3239 1232 3293 τὸν
1263 3236 1403 3302 ἄξιον
1461 3237 1622 3293 τόπον
1654 3238 1745 3293 τὸν
1789 3258 1968 3292 κεκοι·¹

2062 3234 2372 3313 praesulem
2411 3252 2545 3296 eum
2571 3233 2673 3313 qui
2697 3232 3012 3293 defunctus
3035 3241 3123 3291 est
3151 3231 3279 3293 loco
3303 3230 3479 3308 digno
3512 3229 3701 3291 collo-

305 3326 553 3402 μημένον
598 3324 889 3405 ἐπιτίθησι,
940 3325 1192 3393 δηλονότι
1245 3327 1336 3383 τόν
1394 3326 1491 3401 μὲν
1545 3327 1827 3405 ἱερωμένον
1884 3332 1973 3382 τοῦ

300 3417 676 3494 θδσιαστηρίοιι
722 3418 1057 3491 ἐπίπροσθεν,
1093 3418 1184 3472 τὸν
1244 3416 1298 3473 δὲ
1332 3418 1575 3495 μοναχὸν
1632 3418 1667 3484 ἢ
1697 3418 1788 3473 τὸν
1844 3416 1973 3473 λα’ί.

300 3508 400 3563 κὸν
459 3505 513 3560 ἐν
539 3512 617 3579 τῷ
676 3506 937 3582 ἱερατείῳ,
995 3506 1278 3587 Ἐμφαίνει
1312 3508 1411 3585 γὰρ
1469 3506 1548 3562 ὅτι
1580 3505 1715 3561 κατά
1742 3509 1833 3563 τὸν
1880 3508 1970 3563 ὲν-

299 3600 468 3653 ταῦθα
525 3598 640 3672 βίον
685 3598 772 3652 καὶ
834 3596 899 3653 τοὶ
955 3597 1193 3673 πρακτέα
1251 3599 1285 3664 ἡ
1345 3597 1522 3652 ἐκεῖσε
1573 3600 1772 3674 γίνεται
1828 3596 1969 3653 ἀπο-

302 3685 604 3761 κλήρωσις·
653 3687 698 3743 εἷ
757 3687 855 3761 μὲν
916 3689 1132 3743 ἐνταῦθα
1192 3685 1429 3755 θεοειδής
1486 3708 1566 3748 τις
1625 3685 1855 3763 ἐγένετο,
1917 3684 1970 3740 ἐν

299 3780 472 3840 θείαις
543 3778 627 3834 καὶ
666 3778 802 3834 κατὰ
845 3779 905 3835 τὸ
963 3776 1161 3853 μέλλον
1210 3776 1449 3846 λήξεσιν*
1512 3780 1554 3831 εἱ
1587 3774 1641 3832 δὲ
1700 3780 1970 3854 καθυφῆκε

303 3874 407 3935 τῆς
455 3866 725 3946 ἀκριϐείας
786 3867 1028 3947 ἐνταῦθα,
1078 3867 1201 3925 κατ’
1251 3866 1400 3931 ἀξιαν
1459 3867 1678 3923 κάκεῖσε
1737 3865 1969 3942 λήψεται

305 3960 402 4021 τὰς
434 3956 865 4037 ἆποκληρώσεις.
918 3960 1243 4037 Εὖχαριστεῐ
1288 3980 1459 4015 τοινυν
1506 3959 1533 4013 ὁ
1576 3958 1837 4037 ἱεράρχης
1882 3958 1968 4013 καὶ

300 4050 433 4127 ὅπερ
478 4048 575 4116 τῆς
628 4048 879 4115 τοιαύτης
937 4046 1300 4122 δικαιοσύνης,
1336 4046 1471 4103 ἀλλὰ
1526 4046 1622 4104 καῗ
1672 4050 1752 4103 ὃτι
1801 4070 1967 4104 κατε-

298 4138 434 4199 λύθη
490 4141 551 4195 τὸ
584 4148 674 4197 τοῦ
703 4140 958 4217 τυράννου
1007 4138 1225 4218 κράτος,
1257 4138 1344 4194 καὶ
1377 4140 1403 4193 ὁ
1434 4136 1655 4201 Θάνατος
1701 4137 1796 4195 οὒκ
1854 4137 1965 4194 ἔστι

294 4230 547 4305 Θάνατος,
594 4227 731 4285 ἀλλὰ
764 4229 902 4300 ζωή.

378 4317 409 4397 §
470 4328 535 4380 II.
594 4320 656 4375 At
714 4315 769 4373 δὲ
848 4316 977 4392 ᾠδαὶ
1020 4319 1108 4373 καὶ
1170 4320 1218 4375 αἱ
1281 4316 1607 4394 ἀναγνώσεις
1660 4317 1969 4396 ἒκφαντικαί

296 4411 398 4467 εἶσι
452 4415 555 4466 τῶν
604 4410 784 4465 ἐκεῖσε
826 4410 1051 4465 αἰωνίων
1107 4414 1306 4483 μονῶν,
1357 4406 1694 4463 ἆποδεκτικαῖ
1740 4408 1835 4482 μὲν
1880 4413 1970 4463 τοῦ

294 4502 676 4575 κοιμηθέντος,
744 4504 849 4554 τῶν
882 4496 935 4553 δὲ
993 4497 1068 4554 ἔτι
1128 4497 1342 4569 ζώντων
1401 4498 1779 4576 προτρεπτικαὶ
1840 4498 1969 4575 πρὸς

294 4592 395 4660 τὴν
423 4590 613 4665 ὁμοίαν
656 4589 955 4648 τελείωσιν.

380 4680 409 4760 §
444 4690 535 4742 IlI.
574 4680 776 4737 Σκόπει
811 4677 888 4760 δὲ,
924 4679 1005 4736 ὅτι
1065 4686 1158 4736 νῦν
1188 4678 1245 4735 ού
1277 4684 1455 4735 πᾶσαι
1498 4680 1548 4734 αἱ
1593 4678 1966 4755 καθαιρόμεναι

296 4770 479 4837 τάξεις
533 4769 892 4843 ἀπολύονται,
924 4768 1086 4847 ἤγουν
1130 4770 1211 4825 κοὶ
1272 4770 1323 4825 αἰ
1366 4774 1473 4824 τῶν
1532 4766 1963 4848 ἐνοχλουμένων,

298 4862 390 4919 καὶ
448 4863 499 4917 αἱ
560 4862 666 4916 τῶν
716 4860 772 4916 ἒν
828 4860 1081 4935 μετανοίᾳ
1120 4858 1258 4915 ἀλλὰ
1313 4860 1488 4933 μόνων
1520 4863 1627 4913 τῶν
1682 4880 1965 4937 κατηχου-

301 4952 500 5025 μένων⁶
538 4950 767 5025 ἀμύητοι
814 4951 913 5028 γὰρ
962 4951 1127 5023 οὗτοι,
1162 4949 1252 5005 καὶ
1307 4949 1486 5015 πάσης
1518 4947 1741 5023 ἐποψίας
1794 4946 1964 5021 ἆμέθο

301 5063 473 5101 εκτοι.
535 5039 694 5098 Οὐδὲν
726 5038 779 5096 δὲ
811 5047 1000 5117 μικρὸν
1045 5039 1096 5095 ἐν
1131 5052 1249 5102 τοῖς
1310 5037 1426 5095 καθ’
1460 5040 1603 5113 ἡμᾶς
1659 5037 1965 5115 μυστηρίοις

300 5130 601 5210 λογίζεσθαι
664 5134 799 5210 χρὴ,
852 5128 990 5186 ἄλλὰ
1046 5130 1218 5186 πάντα
1277 5127 1507 5205 μεγάλα’
1569 5127 1699 5183 αὐτὰ
1758 5126 1960 5202 μέντοι,

301 5222 432 5300 πρύς
465 5220 677 5288 ἄλληλα
736 5220 1149 5298 συγκρινόμενα,
1186 5217 1439 5299 διαφορὰν
1474 5216 1667 5282 ἕξουσι,
1729 5218 1964 5294 Μέγιστα

300 5312 403 5389 γὰρ
460 5312 548 5367 καὶ
606 5307 988 5385 ἂπαράὸλητα,
1051 5310 1115 5365 τὰ
1171 5308 1277 5364 τῶν
1336 5307 1509 5364 θείων.
1572 5308 1633 5363 Αἱ
1676 5304 1730 5361 δὲ
1786 5305 1957 5384 ἕτεραι

296 5400 498 5475 τάξεις,
536 5403 583 5457 οἱ
644 5400 1040 5477 ἐνεργούμενοι,
1088 5400 1133 5455 οἱ
1192 5397 1244 5454 ἒν
1306 5398 1556 5473 μετανοίᾳ
1600 5398 1956 5475 συνίστανται,

296 5494 376 5553 ὡς
433 5490 721 5563 μύηθεῖσαι
756 5490 880 5563 μὲν,
912 5490 1152 5566 ἀνομτως
1183 5485 1237 5542 δὲ
1290 5490 1421 5566 πρὸς
1455 5487 1521 5552 τὴ
1568 5485 1735 5565 χείρω
1768 5485 1957 5541 παλιν-

295 5580 660 5657 δρομήσασαι.
720 5585 824 5635 τῶν
856 5587 980 5658 γοῦν
1030 5582 1332 5658 θεαρχικῶν
1394 5577 1687 5647 ἐποπτιῶν,
1720 5577 1807 5631 καὶ
1863 5577 1960 5643 τῆς

297 5671 441 5734 θείας
503 5670 861 5747 μεταλτίψεως
908 5669 1388 5748 ἆπειρχθήσονται.
1451 5658 1508 5724 ’0
1581 5667 1680 5743 γὰρ
1739 5663 1958 5730 ἀναξίως

298 5760 488 5824 ὶσθίων
543 5761 631 5818 καὶ
693 5759 874 5837 κίνων,
933 5760 1006 5824 εἰς
1064 5772 1235 5839 κρῖμα
1296 5756 1466 5833 ἐαυτῷ
1522 5756 1677 5813 ἐσθίει
1727 5756 1813 5815 καὶ
1860 5756 1957 5812 πί-

2058 3342 2215 3403 care;
2248 3342 2464 3403 nempe
2498 3323 2660 3384 illum
2694 3322 2794 3402 qui
2828 3323 2889 3383 in
2919 3321 3103 3386 sacris
3130 3328 3247 3401 est,
3279 3328 3417 3381 ante
3463 3320 3647 3383 altare
3679 3340 3693 3395 ;

2059 3416 2417 3476 monachum
2453 3432 2589 3475 vero
2618 3413 2710 3475 vel
2742 3414 2981 3493 laicum,
3018 3413 3077 3472 in
3108 3411 3387 3473 sacrario.
3426 3410 3702 3473 Declarat

2055 3507 2239 3585 enim,
2271 3503 2597 3566 secundum
2632 3506 2783 3566 hanc
2814 3505 2991 3565 vitam
3025 3510 3083 3563 et
3130 3520 3262 3582 quae
3318 3507 3481 3579 gesta
3536 3507 3697 3579 sunt,

2055 3595 2136 3657 ibi
2168 3604 2391 3656 sortem
2424 3594 2677 3656 retribui
2704 3614 2717 3657 :
2754 3602 2814 3655 ut
2842 3594 2891 3655 si
2923 3594 3053 3674 quis
3104 3593 3200 3655 hic
3248 3589 3557 3653 deiformis
3589 3607 3701 3653 ex-

2055 3685 2292 3758 stiterit,
2326 3685 2385 3746 in
2416 3685 2617 3747 futuro
2652 3702 2884 3765 quoque
2908 3682 3125 3745 saeculo
3149 3683 3204 3742 in
3229 3680 3443 3741 divinis
3464 3679 3577 3741 erit
3598 3679 3701 3743 de-

2054 3774 2466 3837 lectationibus
2494 3796 2508 3850 ;
2537 3775 2630 3835 sin
2666 3776 2760 3836 hic
2787 3772 3055 3835 nonnihil
3081 3770 3344 3833 studium
3368 3769 3691 3843 remiserit,

2056 3883 2159 3945 pro
2191 3866 2419 3928 meritis
2452 3865 2533 3925 ibi
2582 3882 2818 3945 quoque
2868 3872 3058 3925 sortes
3091 3860 3371 3941 accipiet.
3432 3860 3696 3922 Antistes

2053 3962 2253 4037 itaque
2278 3974 2380 4035 pro
2412 3956 2608 4017 divina
2633 3954 2864 4035 justitia
2895 3955 3147 4027 hac,nec
3192 3970 3311 4013 non
3357 3951 3431 4012 de
3464 3949 3696 4031 tyranni

2052 4047 2306 4127 imperio
2330 4046 2636 4125 proﬂigato
2661 4045 2877 4125 gratias
2900 4045 3039 4123 agit,
3065 4042 3343 4124 quodque
3373 4056 3533 4103 mors
3575 4057 3695 4103 non

2047 4138 2171 4216 jam
2204 4136 2457 4217 amplius
2490 4154 2647 4199 mors
2678 4135 2776 4210 sit,
2810 4134 2916 4197 sed
2949 4134 3090 4197 vita.

2132 4309 2270 4369 276
2299 4309 2327 4388 §
2355 4306 2426 4371 II.
2461 4306 2645 4368 Porro
2671 4305 2901 4369 cantica
2932 4312 2990 4367 et
3039 4303 3331 4366 lectiones
3387 4306 3700 4381 exponunt

2052 4399 2182 4460 illas
2212 4407 2463 4459 aaternas
2492 4397 2853 4468 mansiones,
2918 4413 3052 4473 quas
3105 4393 3420 4454 defunctos
3450 4390 3694 4471 quidem

2053 4488 2374 4569 excipiunt,
2410 4488 2670 4550 viventes
2699 4494 2896 4547 autem
2927 4483 3001 4545 ad
3035 4483 3295 4545 similem
3328 4480 3458 4543 vitae
3512 4480 3694 4542 finem

1981 4587 2024 4638 D
2043 4580 2457 4643 adhortantur.

2130 4670 2160 4749 §
2190 4668 2287 4733 IlI.
2321 4670 2612 4732 Caeterum
2646 4666 2916 4739 observa,
2949 4662 3249 4744 quomodo
3311 4680 3430 4723 non
3485 4676 3695 4722 omnes

2052 4761 2152 4842 qui
2182 4758 2507 4839 expiationi
2538 4764 2744 4819 vocant
2774 4755 3014 4817 ordines
3037 4755 3163 4835 jam
3206 4751 3603 4827 dimittantur,
3632 4757 3695 4842 ut

2051 4839 2575 4914 suntdaamonibus
2592 4846 2985 4909 obnoxiorum
3010 4854 3069 4905 et
3092 4842 3533 4923 pcenitentium,
3582 4839 3690 4902 sed

2050 4940 2160 5003 soli
2194 4937 2650 5011 catechumeni;
2681 4936 2960 5017 quoniam
2996 4934 3055 4995 hi
3106 4932 3269 4994 nullo
3323 4936 3693 4992 sacramento

2048 5040 2186 5091 sunt
2217 5029 2458 5108 initiati,
2521 5034 2579 5088 et
2630 5025 2824 5088 omnis
2874 5032 3149 5104 aspectus
3207 5020 3361 5083 sacri
3394 5026 3690 5102 expertes.

2048 5119 2285 5182 Nullum
2318 5122 2519 5180 autem
2545 5136 2578 5179 θ
2603 5115 2895 5197 mysteriis
2919 5113 3139 5175 nostris
3161 5117 3319 5191 parvi
3351 5108 3694 5197 faciendum

2048 5218 2159 5283 est,
2192 5210 2471 5290 quoniam
2506 5196 2729 5285 magna~
2750 5214 2886 5267 sunt
2908 5202 3133 5282 omnia,
3168 5202 3306 5264 licet
3332 5198 3407 5261 ad
3433 5196 3694 5290 invicem

2045 5287 2258 5363 collata
2279 5299 2513 5360 diversa
2532 5298 2669 5359 sint.
2702 5295 2955 5359 Maxima
2978 5294 3135 5355 enim
3164 5301 3221 5352 et
3246 5287 3691 5368 incomparabi-

2044 5390 2119 5452 lia
2152 5399 2311 5465 sunt,
2347 5406 2721 5467 quaecunque
2762 5385 2962 5447 divina
3016 5390 3174 5445 sunt.
3238 5378 3431 5443 Cateri
3490 5389 3692 5439 autem

2044 5480 2313 5552 ordines,
2348 5486 2413 5539 ut
2442 5476 2831 5556 energumeni
2862 5482 2921 5537 et
2954 5473 3537 5554 pcenitentes,astant
3568 5468 3700 5548 qui-

2045 5572 2179 5633 dem
2215 5579 2489 5649 tanquam
2539 5573 2910 5629 sacramento
2963 5561 3203 5633 initiati,
3262 5566 3693 5649 verumtamen,

2047 5680 2179 5723 cum
2202 5647 2615 5738 imprudenter
2644 5658 2703 5719 in
2736 5655 2958 5717 malum
2982 5651 3200 5732 relapsi
3227 5650 3368 5725 sint,
3401 5668 3435 5711 a
3456 5647 3695 5710 divino-

2043 5769 2178 5816 rum
2211 5750 2627 5832 mysteriorum
2655 5743 2994 5831 aspectibus
3039 5741 3361 5822 divinaque
3416 5754 3698 5808 commu-
