4072 6412
426 325 547 394 575

1630 325 1692 389 S.
1738 319 2080 390 DIONYSII
2121 319 2632 389 AREOPAGITIE

3696 317 3816 388 576

428 475 602 532 nione
631 471 1003 530 arcebuntur.
1056 468 1162 536 Qui
1208 466 1362 525 enim
1416 465 1631 538 indigne
1683 465 1976 522 manducat
2025 470 2068 521 et

2158 482 2256 537 νει,
2305 463 2474 524 mea;
2531 463 2586 518 ἀν
2630 465 2698 539 τῇ
2758 459 2890 539 πρὸς
2954 457 3252 538 Κορινθίους
3320 456 3506 538 πρώτῃ
3565 461 3726 540 φησὶν
3787 463 3816 519 6

425 563 581 628 bibit,
625 563 896 636 judicium
951 560 1057 619 sibi
1107 558 1400 617 manducet
1471 562 1521 614 et
1593 555 1752 625 bibit,
1811 557 1958 614 sicut
2012 557 2072 616 in

429 654 620 736 prima
644 670 750 715 sua
774 651 846 713 ad
870 650 1211 714 Corinthios
1232 647 1550 728 Apostolus
1571 646 1681 736 ait.
1701 645 1830 709 Non
1857 645 2074 708 incon-

424 735 572 823 grue
593 751 791 806 autem
821 741 1216 802 admittuntur
1243 738 1314 800 ad
1349 756 1418 799 ea
1449 754 1578 814 quas
1627 735 1724 800 hic
1756 744 2070 817 geruntur,

423 834 733 897 utdiscaut
757 832 964 894 mortis
981 828 1497 899 incertitudinem,
1522 835 1580 888 et
1611 826 1860 907 praemia
1876 828 2072 907 justo-

426 944 559 988 rum
579 943 648 987 ac
666 932 1044 1004 peccatorum
1070 938 1296 1001 pmnas.
1328 916 1800 997 Adsuntitaque,
1832 926 1895 978 ut
1932 917 2072 982 hinc

423 1015 647 1097 aliquid
666 1012 936 1078 utilitatis
959 1012 1171 1092 ferant,
1203 1018 1261 1073 et
1285 1009 1419 1073 illos
1440 1009 1593 1073 forte
1636 1007 1924 1071 similium
1959 1007 2070 1072 de-

423 1106 715 1170 siderium
749 1104 1046 1168 excitabit.

507 1286 665 1368 διν.
715 1287 944 1351 Deinde
993 1294 1198 1350 tractat
1251 1286 1426 1350 etiam
1477 1285 1554 1347 de
1605 1281 1968 1347 salutatione
2016 1287 2078 1345 et

427 1379 740 1442 oratione:
776 1383 838 1441 et
866 1377 1054 1441 oratio
1085 1377 1326 1459 quidem
1364 1381 1626 1458 precatio
1657 1382 1749 1438 est
1797 1392 1901 1456 pro
1961 1373 2073 1437 de-

423 1471 654 1544 functo,
687 1479 754 1530 ut
783 1471 1178 1531 constituatur
1213 1468 1273 1530 in
1305 1469 1436 1529 sinu
1465 1465 1960 1548 patriarcharum,
2009 1464 2072 1527 in

427 1557 561 1620 loco
589 1576 621 1620 a
647 1577 766 1639 quo
799 1559 1032 1620 tristitia
1063 1559 1260 1620 omnis
1289 1557 1482 1639 abest.

509 1639 539 1720 ἓ
569 1639 640 1700 ν.
668 1637 1190 1711 Quemadmodum
1221 1639 1378 1701 enim
1407 1637 1484 1700 ab
1517 1639 1588 1700 iis
1619 1656 1750 1718 quas
1784 1637 1955 1700 nobis
1979 1637 2078 1716 ju-

2158 548 2509 616 Ἀπόστολος.
2545 551 2654 610 Οὐκ
2683 551 2982 615 ἇπειγότως
3040 547 3096 606 δὲ
3125 549 3213 607 ἐπὶ
3243 561 3363 615 τοῖς
3404 558 3490 610 νῦν
3550 548 3814 628 τελουμέ-

2157 664 2266 707 νοις
2299 643 2387 699 καὶ
2418 644 2558 700 οὗτοι
2611 641 2877 720 πάρεισιν,
2911 639 3281 714 διδασκόμενοι
3311 639 3412 708 τὴν
3441 637 3667 709 ἀδηλίαν
3722 643 3817 700 τοῦ

2155 732 2402 810 θανάτου,
2460 732 2526 790 τά
2580 753 2638 788 τε
2697 729 2923 810 βραϐεϊα
2973 737 3080 787 τῶν
3135 727 3374 805 δικαίων,
3426 731 3516 788 καὶ
3561 731 3656 798 τὰς
3710 738 3818 789 τῶν

2157 821 2492 902 ἁμαρτωλῶν
2550 819 2742 885 λύπας,
2781 822 2879 878 Διὰ
2937 827 3063 900 γοῦν
3100 821 3161 878 τὸ
3192 819 3426 878 ἐντεῦθεν
3483 819 3695 904 ὄφελος,
3725 823 3821 880 καὶ

2157 913 2250 970 ’ίνα
2279 913 2426 993 τάχα
2469 910 2568 970 καί
2607 914 2748 970 οὗτοι
2779 913 2915 994 πρὸς
2959 911 3056 981 τὴν
3087 917 3192 969 τῶν
3234 912 3432 989 ὁμοίων
3463 911 3644 994 ἔφεσιν
3699 911 3817 972 διε-

2157 1005 2408 1083 γερθῶσι,
2441 1003 2684 1081 πάρεισιν
2695 1046 2710 1063 .

2238 1183 2269 1264 §
2322 1183 2420 1247 IV.
2485 1180 2647 1251 ’Ἦδη
2695 1177 3045 1260 διαλαμϐάνει
3095 1182 3184 1273 καί
3239 1182 3502 1273 περὶᾼτοῦ
3529 1182 3819 1273 ἀσπασμοῦ
3852 1259 3867 1273 ⁸

2157 1276 2244 1334 καὶ
2292 1279 2388 1344 τῆς
2418 1275 2615 1355 εὐχῆς·
2676 1274 2765 1332 καὶ
2794 1274 2829 1343 ἡ
2861 1273 2960 1350 μὲν
2993 1273 3132 1353 εὐχὴ
3163 1270 3345 1341 δέησις
3376 1271 3520 1331 εστιν
3563 1272 3696 1354 ὑπὲρ
3723 1283 3820 1336 τοῦ

2157 1364 2574 1445 κεκοιμημένου,
2653 1363 2747 1422 ἵνα
2823 1364 3188 1443 καταταχθείη
3272 1363 3326 1420 ὲν
3410 1363 3635 1429 κόλποις
3706 1364 3817 1424 τῶν

2157 1462 2528 1538 πατριαρχῶν,
2611 1453 2666 1510 ἑν
2756 1453 2906 1529 τόπῳ
2979 1452 3101 1510 ἔνθα
3171 1451 3372 1535 ἂπὲδρα
3445 1451 3511 1512 τὰ
3585 1453 3817 1531 ὁδύνηρᾶ

2157 1549 2354 1608 πάντα.

2239 1636 2268 1717 §
2297 1634 2370 1698 ν.
2409 1625 2628 1714 ιὨσπερ
2673 1633 2772 1714 γὰρ
2801 1634 2907 1691 ἀπὸ
2936 1639 3044 1690 τῶν
3101 1635 3236 1710 ἡμῖν
3268 1631 3467 1716 ἡδέων,
3497 1640 3594 1702 τῆς
3650 1635 3816 1712 βασι-

425 1729 624 1791 cunde
670 1738 830 1803 sunt,
867 1737 928 1790 ut
957 1749 1165 1808 regno,
1213 1749 1404 1808 caena,
1437 1729 1591 1810 luce,
1618 1729 1830 1809 gloria,
1866 1728 2068 1808 splen-

2160 1728 2328 1807 λείας,
2361 1735 2454 1786 τοῦ
2510 1725 2744 1804 δείπνου,
2777 1723 2871 1782 τοῦ
2913 1724 3113 1805 φωτὸς,
3147 1730 3245 1791 τῆς
3307 1722 3487 1806 δόξης,
3519 1730 3619 1792 τῆς
3663 1727 3819 1802 λαμ...

429 1818 599 1899 dore,
619 1838 766 1909 quae
794 1819 875 1880 ibi
914 1829 1051 1881 sunt
1078 1819 1233 1881 bona
1279 1820 1684 1900 designantur,
1717 1838 1849 1901 qum
1869 1818 2068 1909 oculus

2159 1818 2451 1893 πρότητος,
2520 1817 2587 1872 τὰ
2665 1815 2846 1873 ἐκεῖσε
2940 1815 3426 1895 χαρακτηρίζονται
3515 1815 3706 1890 ἀγαθὲ,
3784 1815 3820 1873 ἂ

427 1926 548 1968 non
575 1907 744 1983 vidit,
781 1927 893 1970 nec
941 1909 1101 1970 auris
1142 1909 1407 1981 audivit;
1454 1912 1540 1972 sic
1582 1911 1759 1972 etiam
1809 1928 1942 1990 quas
1988 1907 2068 1970 ibi

2159 1906 2428 1987 ὸφθαλμὸς
2488 1907 2582 1962 οὐκ
2633 1903 2757 1979 εἶδε,
2792 1907 2878 1962 καὶ
2937 1905 3024 1970 οὖς
3087 1909 3180 1964 οὐκ
3238 1903 3485 1972 ἤκουσενο
3534 1903 3673 1963 οὕτω
3727 1907 3823 1962 καὶ

431 1997 700 2058 modesta
726 2007 882 2074 sunt,
906 1998 979 2061 ab
1004 1999 1169 2061 hisce
1189 1998 1477 2063 molestiis
1503 1999 1885 2062 denominata
1906 2007 2068 2076 sunt,

2157 2000 2220 2054 τὰ
2249 1999 2426 2055 ἐκεῖσε
2457 1995 2694 2076 δυσχερῆ
2728 1995 2834 2053 ἀπὸ
2892 2001 2997 2052 τῶν
3037 1995 3254 2052 ἐνταῦθα
3312 1991 3586 2076 δυσχερῶν
3629 2018 3824 2054 κατωο

426 2085 696 2148 tenebras
723 2093 783 2148 ct
813 2087 1035 2150 stridor
1057 2088 1346 2164 dentium,
1374 2097 1433 2150 et
1457 2088 1649 2164 dolor,
1697 2099 1758 2150 et
1801 2085 2068 2167 tristitia,

2157 2090 2520 2166 νομάσθησαν,
2556 2086 2771 2158 σκότος,
2805 2087 2892 2142 καὶ
2939 2086 3173 2164 βρυγμὸς
3204 2083 3458 2166 ὀδόντων,
3493 2087 3580 2143 καὶ
3624 2085 3821 2167 ὀδύνη,

428 2183 488 2237 et
531 2175 858 2254 singultus:
894 2178 1020 2240 haec
1041 2179 1200 2240 enim
1225 2187 1362 2240 sunt
1383 2179 1646 2258 analogaa
1674 2177 2070 2254 significatio-

428 2282 561 2346 nes,
581 2285 711 2346 quae
739 2285 773 2327 a
796 2268 1046 2330 veritate
1069 2267 1362 2331 bonorum
1387 2288 1455 2330 ac
1489 2268 1890 2330 molestiarum
1922 2267 2070 2329 ista-

429 2377 557 2421 rum
583 2367 820 2424 omnino
843 2365 1376 2437 discrepant,Sinus
1408 2379 1595 2426 autem
1620 2367 2072 2438 patriarcharum

424 2452 901 2529 ceterorumque
931 2458 1269 2514 sanctorum
1301 2460 1439 2513 sunt
1487 2449 1849 2512 beatissima
1897 2467 2070 2510 man-

426 2536 650 2612 siones,
687 2555 843 2619 quaa,
898 2549 961 2601 ut
1003 2542 1239 2621 opinor,
1271 2561 1305 2603 a
1333 2542 1593 2603 sinuosis
1622 2541 1801 2602 maris
1828 2538 2072 2619 gremiis

424 2641 494 2685 ac
527 2624 812 2704 portubus
859 2635 1091 2690 navium
1127 2631 1323 2710 potius
1371 2631 1791 2708 desumuntur,
1829 2646 2006 2710 quam
2037 2646 2072 2690 a

424 2713 560 2775 sinu
595 2719 865 2792 vestium,
904 2719 1416 2791 Quemadmodum
1453 2720 1615 2782 enim
1646 2722 1748 2800 qui
1780 2719 1841 2780 in
1887 2719 2071 2781 maris

423 2811 776 2883 tempestate
797 2818 1127 2889 versantur,
1142 2811 1216 2872 ad
1237 2811 1499 2872 marinos
1539 2811 1706 2872 sinus
1728 2809 2064 2889 attendunt,

427 2891 489 2952 in
523 2893 738 2974 quibus
771 2904 828 2957 et
859 2898 1135 2976 quietiori
1165 2919 1312 2962 aura
1347 2901 1641 2976 fruuntur,
1687 2907 1746 2962 et
1774 2899 1847 2961 ab
1880 2899 2072 2978 agita-

429 2983 693 3046 tionibus
739 2986 1095 3066 quiescunt;
1157 2990 1239 3052 ita
1297 3009 1540 3069 quoque
1597 2990 1793 3073 quiin
1825 2991 1932 3052 hac
1960 2989 2076 3050 vita

425 3075 877 3153 tempestatibus
924 3078 1131 3158 jactati
1197 3088 1359 3160 sunt,
1419 3086 1480 3141 in
1511 3079 1740 3142 sinibus
1774 3080 1913 3141 977
1945 3080 2074 3142 istis

2154 2181 2240 2235 καὶ
2291 2178 2457 2257 λύπη,
2488 2177 2576 2232 καὶ
2620 2177 2942 2254 στεναγμὸς’
3003 2183 3168 2232 ταῦτα
3213 2175 3313 2254 γάρ
3344 2176 3473 2232 εἰσιν
3506 2177 3557 2233 αἱ
3613 2176 3821 2235 ἀναλο-

2156 2291 2241 2347 γοι
2301 2273 2582 2343 σημασίαι,
2645 2267 2730 2322 ταὶ
2791 2273 2896 2322 τῶν
2954 2267 3164 2344 ἀγαθῶν
3226 2269 3315 2324 καὶ
3373 2267 3480 2324 τῶν
3537 2265 3820 2348 δυσχερῶν

2155 2355 2473 2415 ἀποδέουσαι
2531 2356 2745 2421 πάντως
2772 2360 2874 2422 τῆς
2918 2353 3196 2422 ἀληθείας,
3237 2356 3438 2414 ΚόΑποι
3481 2353 3535 2412 δέ
3571 2358 3670 2413 εἶσι
3705 2357 3821 2414 τῶν

2155 2449 2503 2527 πατριαρχῶν
2576 2446 2662 2502 καὶ
2718 2450 2823 2504 τῶν
2895 2444 3089 2520 ἑτέρων
3153 2445 3319 2523 ἁγίων
3376 2449 3428 2502 αἱ
3491 2449 3823 2526 μακαρισταὶ

2155 2537 2333 2613 μοναί·
2369 2539 2421 2594 οἳ
2471 2537 2579 2615 καὶ,
2607 2538 2680 2598 ὡς
2740 2535 2925 2610 οἶμαι,
2958 2535 3065 2592 ἀπὸ
3107 2541 3216 2591 τῶν
3258 2535 3551 2593 θαλαττίων
3593 2535 3822 2594 κόλπων

2223 2630 2236 2650 ι
2383 2626 2392 2640 '
2623 2625 2632 2642 '
2781 2649 2790 2657 _
2985 2625 2996 2644 '
3259 2625 3272 2646 \
3389 2627 3402 2644 ‘
3486 2633 3512 2643 -’
3647 2627 3658 2648 '

2153 2650 2238 2684 και
2270 2626 2502 2702 λιμενων
2534 2625 2696 2682 πλεον
2752 2621 3206 2707 ἐκλαμϐανονται,
3240 2629 3277 2694 ⁷η
3311 2625 3416 2683 ἀπο
3447 2649 3552 2683 των
3594 2626 3823 2684 κολπων

2152 2724 2256 2773 τῶν
2316 2717 2565 2790 ἱματίων,
2602 2712 2696 2779 Ὠς
2753 2715 2852 2794 γὰρ
2883 2717 2929 2771 οἱ
2961 2717 3015 2770 ἒν
3048 2714 3275 2772 κλύδωνι
3331 2714 3630 2790 Θαλάσσης,
3662 2715 3822 2780 ὄντες

2151 2809 2284 2885 πρὸς
2336 2808 2458 2868 τοὺς
2515 2803 2826 2871 θαλαττίους
2871 2805 3108 2886 ἀφορῶσι
3168 2804 3419 2880 κόλπους,
3475 2807 3530 2863 ἐν
3584 2811 3670 2867 οἷς
3731 2803 3825 2866 καὶ

2159 2895 2597 2970 ἑλλιμενίζονται,
2689 2897 2776 2952 καὶ
2872 2897 2980 2953 τῶν
3079 2903 3333 2977 ταραχῶν
3416 2897 3822 2956 ἀποπαύονται·

2158 2987 2295 3045 οὕτω
2327 2988 2411 3044 καὶ
2446 2989 2491 3043 οἱ
2535 2985 2590 3042 ἐν
2621 2991 2698 3059 τῷ
2740 2987 2839 3062 βίῳ
2891 2985 3335 3063 κλυδωνιζόμενοι
3369 2985 3471 3055 ἤδη
3531 3001 3650 3054 τοῖς
3681 2989 3826 3046 κόλ-

2157 3100 2274 3142 ποις
2334 3076 2553 3140 ἒκείνοις
2615 3073 3063 3157 ἐλλιμενίζονται,
3109 3077 3233 3133 ἀλλ’
3285 3077 3405 3135 ὅσαι
3462 3078 3561 3146 τὴν
3611 3078 3826 3137 ἑαυτῶν

426 3165 873 3244 conquiescunt,
912 3168 1088 3230 modo
1121 3169 1353 3234 scilicet
1401 3191 1434 3230 e
1486 3169 1768 3249 periculis
1807 3170 2068 3233 animam

2158 3169 2343 3248 ψυχὴν
2401 3165 2667 3244 ἀνωτὲραν
2700 3173 2793 3223 τοῦ
2853 3164 3089 3225 κινδύνου
3147 3165 3544 3247 διεφυλάξαντο.
3580 3169 3640 3226 Εἰ
3670 3167 3730 3225 δέ
3762 3191 3826 3248 γε

428 3271 596 3316 suam
627 3255 1000 3319 vindicarint.
1039 3258 1142 3322 Sin
1174 3279 1313 3324 vero
1338 3262 1503 3323 sinus
1535 3261 1713 3323 etiam
1755 3279 1790 3322 a
1811 3259 2073 3322 vestibus

431 3345 654 3406 nostris
685 3347 875 3428 accipi
897 3349 1251 3432 dixerimus,
1271 3352 1437 3431 juxta
1463 3350 1638 3413 illud:
1666 3349 1738 3414 Ut
1758 3369 1867 3412 nos
1884 3350 2076 3412 foveat

423 3434 588 3497 sinus
617 3434 898 3519 Abrahae,
922 3440 1350 3503 convenienter
1377 3443 1489 3504 hoc
1515 3459 1755 3523 quoque
1787 3441 2073 3522 explicari

424 3524 632 3606 possit,
657 3527 814 3607 quod
841 3529 1122 3593 nimirum
1146 3530 1450 3594 Abraham
1477 3531 1705 3612 primus
1722 3533 1798 3594 ad
1824 3531 1932 3595 Dei
1955 3549 2070 3592 no-

421 3615 605 3678 titiam
629 3616 922 3681 adductus
945 3621 1042 3700 sit,
1075 3629 1133 3682 et
1182 3624 1305 3683 Deo
1363 3620 1673 3684 familiaris
1731 3619 2066 3684 exstiterit:

423 3705 516 3766 vel
546 3705 704 3785 quod
737 3715 904 3786 pater
934 3710 1248 3774 multarum
1279 3711 1544 3791 gentium
1592 3710 1922 3792 appellatus
1967 3710 2066 3786 sit,

428 3813 633 3857 earum
665 3797 895 3861 scilicet
914 3819 1046 3882 quas
1075 3802 1404 3866 secundum
1432 3802 1732 3866 Christum
1765 3809 1944 3879 sunt;
1979 3800 2069 3863 vel

429 3893 673 3975 prepter
719 3888 1073 3969 patriarchae
1119 3891 1597 3975 hospitalitatem,
1656 3891 1768 3954 ista
1799 3890 2072 3954 facientis

423 3974 486 4038 in
517 3976 627 4038 hac
655 3976 791 4053 vita,
826 3989 1072 4064 propter
1092 3974 1462 4064 quaimundi
1491 3980 1770 4045 conditor
1789 3999 1858 4043 ac
1880 3980 2068 4062 judex

413 4067 609 4146 justos
637 4068 922 4132 cmlorum
955 4091 1138 4151 regno
1170 4071 1510 4134 honorabit.

500 4157 528 4238 §
550 4155 773 4221 VI.Sed
798 4161 922 4223 haec
943 4160 1212 4225 fortassis
1234 4161 1475 4242 quidem
1489 4161 1633 4222 satis
1666 4161 2070 4223 demonstrata

421 4247 564 4322 sint,
599 4248 901 4313 dubitabis
937 4261 1139 4313 tamen
1197 4251 1272 4314 de
1328 4269 1506 4332 prece
1536 4251 1836 4332 antistitis,
1889 4269 2066 4332 quam

421 4338 560 4401 facit
583 4358 689 4420 pro
710 4341 786 4404 iis
807 4341 908 4423 qui
923 4343 980 4403 in
997 4341 1258 4424 peccatis
1279 4341 1542 4404 defuncti
1563 4351 1704 4405 sunt
1727 4365 1742 4414 ;
1768 4343 2066 4424 quomodo

423 4429 707 4492 nimirum
724 4432 952 4512 justitia
973 4431 1211 4493 Domini
1239 4431 1517 4494 salvanda
1551 4433 1652 4509 sit,
1680 4433 1730 4494 si
1776 4432 2068 4496 exauditis

2154 3258 2276 3323 τοὺς
2309 3256 2540 3321 κόλπους
2574 3256 2661 3312 καὶ
2705 3258 2811 3312 ἀπὸ
2842 3263 2948 3314 τῶν
3006 3257 3060 3312 ὲν
3090 3259 3224 3333 ἡμῖν
3255 3259 3480 3335 ἱματίων
3533 3257 3826 3334 ἐκλαμϐά-

2157 3351 2334 3405 νεσθαι
2393 3346 2665 3422 εἴποιμεν,
2725 3347 2861 3405 κατὰ
2937 3349 3021 3404 τό·
3103 3338 3228 3405 ’Ίνα
3273 3350 3415 3422 ἡμᾶς
3486 3347 3668 3426 θάλψῃ
3727 3358 3829 3408 τοῦ

2153 3437 2397 3516 Ἀϐραὰμ
2449 3439 2476 3494 ὂ
2508 3437 2730 3501 κόλπος⁸
2796 3435 3080 3515 ἐξηγηθείη
3142 3440 3228 3495 καὶ
3285 3445 3440 3496 τοῦτο
3471 3439 3823 3522 προσφόρως,

2155 3527 2240 3585 διὰ
2280 3530 2342 3585 τὸ
2373 3527 2596 3606 πρώτως
2627 3528 2701 3593 εἷς
2744 3527 3067 3606 θεογνωσίαν
3121 3527 3357 3608 ἀχθῆναι
3401 3529 3493 3585 τὸν
3540 3527 3821 3607 ’Λόραὲμ,

2153 3620 2242 3676 καὶ
2298 3620 2632 3684 οἰκειωθῆναι
2672 3624 2810 3692 Θεῷο
2843 3618 2878 3686 ἢ
2909 3616 2995 3674 διὰ
3053 3619 3114 3674 τὸ
3159 3617 3361 3689 πατέρα
3391 3618 3607 3676 πολλῶν
3651 3619 3825 3677 ἐθνῶν

2153 3707 2440 3784 κληθῆναι,
2493 3713 2600 3763 τῶν
2657 3707 2796 3764 κατὰ
2826 3707 3050 3786 Χριστὸν
3082 3705 3310 3779 δηλαδή’
3370 3708 3407 3778 ἢ
3437 3705 3521 3766 διὰ
3569 3709 3673 3778 τὴν
3720 3719 3828 3771 τοῦ

2153 3799 2488 3879 πατριάρχου
2517 3795 2836 3875 φιλοξενίαν,
2869 3796 3049 3855 ἐκεῖνα
3103 3799 3428 3870 ποιήσαντος
3459 3798 3515 3856 ἒν
3545 3806 3623 3876 τῷ
3682 3799 3820 3880 βίῳ,

2154 3889 2208 3946 ἐν
2237 3888 2381 3954 ὅσοις
2423 3888 2485 3946 ἂν
2523 3890 2550 3945 ὁ
2583 3890 2787 3964 κόσμου
2831 3889 3030 3956 παντὸς
3061 3895 3296 3959 ποιητὴς
3325 3889 3412 3947 καὶ
3453 3891 3639 3970 κριτὴς
3690 3893 3826 3953 τοὺς

2154 3975 2384 4044 δικαίους
2418 3978 2515 4050 τῇς
2545 3976 2818 4056 βασιλείας
2848 3977 3177 4058 καταξιώσῃ,

2231 4158 2260 4237 §
2317 4155 2418 4222 VI.
2454 4155 2606 4216 Ἀλλ’
2639 4155 2775 4224 ἴσως
2837 4167 3000 4218 ταῦτα
3032 4158 3131 4236 μὲν
3165 4157 3455 4226 ἆποδείξειο
3513 4159 3824 4240 ἀπορήσεις

2152 4247 2205 4306 δὲ
2269 4251 2387 4328 περὶ
2415 4253 2513 4316 τῆς
2561 4247 2852 4327 γινομένης
2885 4251 3052 4329 εὐχῆς
3101 4250 3244 4329 παρᾶ
3299 4259 3392 4310 τοῦ
3419 4251 3676 4332 ἱεράρχου
3729 4254 3825 4310 luti

2150 4339 2269 4405 τοῖς
2329 4337 2384 4394 ἐν
2429 4339 2710 4418 ἁμαρτίαις
2741 4339 3180 4416 κεκοιμημένοιςο
3219 4337 3324 4415 ὅτι,
3360 4346 3475 4404 πῶς
3505 4342 3568 4397 τὸ
3613 4339 3824 4400 δίκαιον

2150 4429 2550 4510 φυλαχθήσεται
2610 4431 2704 4485 τοῦ
2741 4430 3036 4503 Δεσπότου,
3070 4429 3226 4508 εἴπερ
3279 4430 3541 4493 ἑπακουὸς
3587 4432 3822 4510 γενόμε-

419 4518 694 4599 precibus
724 4521 917 4583 salvet
967 4539 1102 4583 eum
1136 4524 1240 4602 qui
1271 4530 1540 4584 mortuus
1571 4533 1660 4586 est
1687 4523 1746 4584 in
1781 4523 2062 4604 peccatis.

2155 4539 2234 4584 νος
2285 4525 2391 4574 τῶν
2423 4518 2600 4597 εὐχῶν
2649 4517 2810 4575 σώσει
2871 4520 2962 4575 τὸν
3019 4522 3074 4576 ἓν
3123 4519 3406 4599 ἁμαρτίαις
3451 4520 3816 4585 ἀποθανόντα.

421 4596 541 4685 Ego
573 4617 793 4681 autem,
826 4610 1034 4690 inquit,
1064 4596 1287 4691 justam
1310 4613 1552 4691 quidem
1578 4632 1683 4692 pro
1713 4596 1883 4676 factis
1939 4619 2066 4676 suis

2155 4605 2293 4687 Ἐγὼ
2336 4606 2414 4688 δὲ,
2461 4596 2544 4664 ὅτι
2595 4608 2696 4683 μὲν
2725 4605 2931 4665 δικαίαν
2993 4611 3126 4689 πρὸς
3171 4596 3264 4674 τὰς
3322 4608 3534 4690 πράξεις
3585 4610 3818 4692 (ταύτην

417 4698 601 4775 (hanc
621 4699 780 4760 enim
803 4699 1255 4764 retributionem
1279 4709 1464 4774 vocat)
1487 4713 1708 4767 sortem
1731 4703 2063 4786 quemlibet

417 4786 756 4850 habiturum
793 4791 984 4871 probe
1011 4810 1156 4868 8(‘10,
1191 4792 1520 4872 Scripturis
1557 4794 1968 4871 consentiens,
2005 4801 2065 4857 et

417 4877 724 4958 subjungit
744 4881 936 4943 statim
961 4883 1298 4945 testimonia
1316 4884 1658 4966 Scriptum.
1687 4884 1842 4948 Solis
1863 4895 2061 4948 autem

417 4968 861 5032 misericordias
889 4971 994 5034 Dei
1029 4975 1420 5053 merentibus,
1455 4975 1580 5037 sive
1609 4975 1758 5038 vivis
1785 4977 1911 5039 sive
1961 4977 2066 5039 de-

417 5059 661 5141 functis,
694 5079 813 5123 non
846 5078 988 5124 vero
1021 5062 1094 5124 iis
1117 5062 1220 5145 qui
1260 5064 1529 5127 damnari
1561 5074 1934 5149 meruerunt,
1955 5068 2062 5147 ju-

416 5156 644 5213 storum
675 5151 984 5231 prodesse,
1017 5153 1237 5232 scripta
1257 5154 1452 5216 divina
1481 5156 1878 5230 docent.Quid
1899 5158 2062 5220 enim

413 5237 578 5300 Sauli
609 5239 831 5320 profuit
860 5241 1153 5305 Samuel?
1202 5243 1278 5305 Et
1328 5243 1469 5320 quid
1519 5239 1742 5307 Judasis
1782 5245 2064 5310 Jeremiae

414 5340 672 5407 precatio
701 5339 988 5398 contulit?
1007 5340 1079 5399 ad
1108 5355 1280 5414 quem
1313 5341 1455 5401 dixit
1486 5341 1762 5402 Dominus
1791 5361 1806 5404 :
1835 5345 1913 5402 Ne
1941 5362 2062 5405 ore:

412 5444 516 5502 pro
535 5429 734 5502 papula
766 5429 882 5488 hoc.
917 5429 1143 5490 Etenim
1175 5440 1237 5491 ut
1269 5433 1318 5491 si
1347 5433 1478 5506 quis
1499 5433 1620 5492 sole
1650 5434 1897 5501 lucente.
1955 5437 2060 5494 sibi

414 5510 533 5601 ipsi
570 5511 774 5573 oculos
795 5528 1036 5588 eruens,
1071 5514 1222 5577 lucis
1253 5516 1384 5596 ejus
1415 5517 1704 5598 particeps
1721 5517 1852 5580 ﬁeri
1869 5526 2058 5601 petat;

412 5599 501 5662 sic
531 5618 600 5662 ex
630 5604 987 5681 impossibili
1019 5624 1126 5686 spe
1161 5606 1403 5688 pendet,
1432 5606 1702 5688 quisquis
1717 5599 2058 5672 sanctorum

415 5705 622 5772 preces
649 5691 869 5778 ﬂagitat
897 5693 1040 5758 dum
1070 5695 1348 5762 mandata
1367 5695 1479 5766 Dei
1497 5715 1618 5763 non
1637 5706 2058 5786 servat,neqtte

2147 4701 2247 4780 γὰρ
2277 4699 2560 4776 ἀμοιϐαίαν
2609 4700 2779 4781 λέγει)
2826 4699 2929 4768 ἕξει
2989 4703 3087 4771 τὴν
3119 4701 3499 4783 ἃποκλήρωσιν
3555 4703 3813 4786 ἕκαστος,

2148 4790 2204 4846 εὖ
2259 4789 2385 4848 οἶδα
2437 4789 2737 4850 ἀκολουθῶν
2793 4805 2915 4858 ταῖς
2945 4799 3213 4873 Γραιραϊς·
3272 4795 3360 4851 καὶ
3417 4795 3675 4874 παρευθύς
3727 4797 3814 4854 τί-

2146 4884 2266 4947 θησι
2324 4881 2412 4938 καὶ
2456 4881 2715 4962 γραφικὰς
2776 4883 3086 4962 μαρτυρίας.
3145 4879 3286 4940 ’Ὅτι
3340 4880 3395 4939 δὲ
3439 4885 3638 4960 μόνους
3686 4888 3811 4952 τοὺς

2146 4971 2317 5036 ἀξίους
2375 4971 2475 5028 τῶν
2507 4973 2794 5050 οἰκτιρμῶν
2850 4973 2939 5030 τ-δῦ
2969 4972 3099 5029 Θεοῦ
3155 4973 3451 5052 ὠφελοῦσιν
3500 4975 3553 5031 αἱ
3581 4979 3692 5031 τῶν
3723 4974 3809 5031 δι-

2146 5062 2308 5119 καίων
2352 5063 2671 5141 προσευχαὶ,
2708 5059 2821 5117 εἴτε
2878 5068 3106 5138 ζῶντας,
3142 5063 3256 5120 εἴτε
3297 5065 3388 5120 καὶ
3442 5061 3812 5133 τελευτησαν-

2145 5171 2263 5225 τας,
2297 5153 2358 5210 οὐ
2415 5150 2524 5226 μὴν
2554 5151 2678 5217 τοὺς
2709 5149 3172 5228 ἀξιοκατακρίτους
3240 5155 3289 5210 αἱ
3321 5155 3575 5234 γραφικαὶ
3635 5178 3817 5234 παρα-

2145 5237 2315 5305 δόσεις
2346 5238 2671 5303 διδάσκουσι.
2709 5242 2769 5300 Τί
2810 5241 2910 5321 γὰρ
2941 5242 3084 5322 παρὰ
3114 5251 3207 5302 τοῦ
3251 5242 3513 5320 Σαμουὴλ
3549 5246 3577 5302 6
3633 5245 3812 5303 Σαοὺλ

2144 5328 2398 5409 ὠφελήθη
2433 5349 2448 5411 ς
2485 5332 2544 5388 Τί
2571 5328 2625 5386 δὲ
2655 5331 2778 5396 τοὺς
2809 5330 3092 5398 Ἰουδαίους
3145 5335 3180 5402 ἡ
3210 5343 3306 5394 τοῦ
3341 5325 3600 5412 Ἰερεμίου
3631 5334 3814 5404 ὤνησε

2143 5421 2419 5500 προσευχή
2456 5439 2472 5495 ;
2532 5423 2664 5498 πρὸς
2695 5421 2753 5477 ὃν
2800 5421 2958 5506 εἶπεν
3017 5425 3045 5480 6
3094 5424 3307 5498 Κύριος⁹
3347 5424 3435 5493 Μὴ
3501 5426 3816 5506 προσεύχου

2141 5511 2262 5588 περὶ
2317 5517 2409 5568 τοῦ
2438 5508 2569 5568 λαοῦ
2622 5511 2830 5574 τούτου.
2867 5501 3097 5592 ἾΩσπερ
3155 5515 3282 5594 γὰρ,
3314 5520 3407 5571 τοῦ
3462 5501 3618 5585 ἡλίου
3663 5501 3815 5593 λάμ-

2141 5621 2360 5679 ποντος,
2395 5598 2723 5680 ἐξαφανίζων
2779 5622 2862 5666 τις
2893 5603 2988 5667 τὰς
3049 5605 3246 5670 οίκείας
3284 5602 3461 5682 ἅψεις,
3497 5607 3644 5663 αἰτεῖ
3703 5628 3811 5683 με-

2140 5703 2368 5776 τασχεῖν
2412 5689 2612 5776 φωτόςο
2664 5689 2803 5752 οὕτω
2853 5693 2942 5751 καὶ
2991 5695 3124 5777 πρὸς
3180 5693 3469 5764 ἀδυνάτους
3533 5695 3806 5778 κρέματας
