4072 6438
320 377 443 451 877

804 388 903 452 ns
945 378 1247 453 ECCLES.
1280 372 1732 466 HIERARCH.,
1778 380 1946 453 CAP.
1994 382 2133 454 VII.
2189 420 2265 436 -
2298 388 2685 454 PARAPHR.
2728 378 3243 459 PACHYMERE.

3588 388 3707 461 578

319 522 540 590 ἐλπίδας
568 525 597 582 6
633 524 730 589 τὰς
760 523 869 580 τῶν
912 523 1079 603 ἁγίων
1113 525 1211 601 μὲν
1241 523 1471 591 ἐξαιτῶν
1520 524 1846 605 προσευχὰς,
1907 521 1966 598 μὶ

2071 522 2289 586 mentis
2303 523 2506 587 oculos
2531 531 2769 605 apertos
2790 524 2990 598 habet,
3019 536 3077 587 et
3099 527 3269 607 juxta
3300 528 3700 610 Psalmistam,

320 615 575 696 κατέχων
606 612 663 671 δὲ
696 615 786 680 τὰς
816 622 908 672 τοῦ
964 621 1095 672 Θεοῦ
1153 615 1392 689 ἐντολὰς,
1459 613 1597 690 μηδέ
1657 612 1805 694 ἔχων
1857 616 1973 671 οἷον

321 703 868 782 ἀποκεκαλυμμὲνους
956 706 1079 769 τοὺς
1152 706 1375 773 νοητοὺς
1469 702 1801 784 ὀφθαλμοὺς,
1889 704 1974 761 καί

320 795 673 859 ἐκλείποντας
724 794 852 875 ἤδη,
888 796 1025 852 κατά
1080 797 1170 853 τὸν
1199 793 1531 871 Ψαλμῳδὸν,
1565 796 1638 861 εἰς
1669 797 1731 852 τξ
1791 796 1974 865 σωτή-

319 908 433 966 ριον
473 896 567 945 τοῦ
599 892 758 945 Θεοῦ.
792 886 882 953 Μὴ
914 885 1137 963 νομίσῃς
1181 883 1259 967 δὲ,
1295 885 1375 942 ὅτι
1421 888 1448 942 6
1506 884 1657 953 ἥλιος
1687 885 1752 942 τὰ
1784 885 1974 941 ἑαυτοῦ

324 983 479 1057 φῶτα
511 974 787 1056 δωρεῖται,
823 975 969 1055 (πῶς
1000 977 1099 1055 γὰρ
1158 976 1243 1051 ἃν,
1304 974 1518 1056 ἄψυχος
1542 975 1644 1050 ὣν,
1674 973 1969 1054 δωρήσεται

315 1064 523 1145 δωρεάν
549 1089 565 1144 ς
600 1066 619 1147 )
653 1065 791 1123 ἀλλὰ
815 1067 954 1123 κατά
984 1066 1261 1134 ἠθοποιίαν
1293 1068 1420 1123 οἱνεί
1452 1088 1569 1123 τινα
1623 1066 1681 1121 τὸ
1743 1086 1966 1145 προκει-

313 1178 478 1232 μενον
511 1156 681 1235 λέγει.
715 1153 939 1235 ’Ὠσπερ
969 1157 1069 1235 γὰρ
1125 1154 1179 1213 εἴ
1206 1179 1286 1220 τις
1351 1156 1602 1214 ὖπόθοιτο
1664 1157 1756 1213 τὸν
1815 1155 1967 1223 ἥλιον

313 1245 567 1327 λέγοντα⁶
629 1244 783 1326 Ἐγὼ
839 1260 957 1313 τοῖς
1032 1245 1345 1325 ἰῤῥωμὲνοις
1425 1245 1725 1327 ὀφθαλμοῖς
1780 1244 1967 1321 δίδωμι

316 1337 456 1417 φῶς·
494 1341 614 1394 εἶτα
646 1337 879 1394 ἀσθενῶν
909 1359 990 1401 τις
1044 1338 1112 1393 τὰ
1170 1337 1384 1414 ὄμματα
1443 1335 1610 1394 εἴποι·
1677 1339 1778 1403 Δὸς
1809 1337 1970 1413 κάμοὶ

317 1428 419 1496 τὴν
470 1428 690 1503 ἀκτῖνα,
776 1426 1006 1505 ἔρῤωμαι
1056 1428 1178 1507 γάρ’
1240 1427 1385 1507 λέγω
1452 1427 1533 1484 ὅτι
1593 1428 1652 1484 οὺ
1716 1426 1970 1484 τοσοῦτον

318 1517 731 1599 ὠφεληθήσεται
766 1520 939 1594 οὗτος,
973 1518 1098 1576 ὅσον
1158 1519 1247 1576 καὶ
1291 1517 1319 1574 ὅ
1370 1518 1509 1595 ἑώρα
1568 1517 1843 1576 ἀπολέσει·
1877 1520 1967 1574 τὸν

320 1608 480 1665 αὐτὸν
537 1608 735 1689 τρόπον
795 1609 884 1665 καὶ
942 1610 970 1665 6
1027 1607 1461 1687 ἀξιοκατάκριτος
1532 1607 1847 1687 ἁμαρτωλὸς
1876 1608 1969 1672 τάς

315 1709 426 1761 τῶν
487 1700 704 1758 δικαίων
737 1699 902 1780 εύχὰς
935 1698 1196 1779 ἐκζητῶν,
1241 1699 1493 1762 κάκεῖνος
1530 1696 1782 1775 μηδόλως
1841 1696 1966 1755 ἔπι-

316 1790 707 1872 στρεφόμενος.
745 1792 843 1847 Καὶ
883 1789 1039 1845 τοῦτό
1069 1789 1180 1845 ἐστι
1207 1790 1267 1846 τὸ
1326 1790 1469 1867 παρὰ
1525 1795 1593 1865 τῇ
1650 1793 1832 1868 Γραφῇ
1870 1787 1966 1844 λε-

2057 611 2408 676 deﬁcientes
2430 619 2490 675 in
2532 613 2792 677 salutare
2817 615 2975 677 Dei".
3038 618 3128 679 Ne
3163 620 3466 682 existimes
3496 629 3696 683 autem

2058 703 2244 766 solem
2270 704 2411 765 dare
2434 704 2663 766 lumina
2684 706 3119 787 sua(qnomodo
3142 706 3472 782 enim,cum
3497 708 3698 771 inani-

2059 792 2172 855 mis
2188 794 2478 874 sit,possit
2499 794 2641 856 dare
2668 801 2955 871 munus?),
2989 795 3095 858 sed
3118 796 3297 857 veluti
3328 816 3432 877 per
3464 816 3696 859 morum

2056 891 2378 963 quamdam
2412 884 2709 946 tictionem
2749 884 2808 945 id
2855 884 3023 947 dicit.
3088 883 3252 947 Sicut
3282 885 3442 948 enim
3475 888 3525 947 si
3568 887 3700 968 quis

2058 972 2924 1053 supponatsolemdicere:Ego
2945 972 3278 1036 valentibus
3293 974 3484 1037 oculis
3501 975 3702 1037 lumen

2056 1062 2212 1124 dono
2239 1086 2252 1139 ς
2301 1073 2506 1143 postea
2538 1063 2752 1144 aliquis
2774 1062 3058 1127 laborans
3087 1065 3274 1130 oculis
3304 1065 3523 1129 dixerit
3554 1084 3567 1129 :
3616 1068 3702 1129 Da

2052 1154 2229 1214 etiam
2257 1153 2399 1214 mihi
2445 1153 2703 1229 radium,
2738 1156 2909 1216 valeo
2933 1154 3121 1229 enim,
3154 1155 3289 1217 dico
3321 1156 3376 1215 id
3413 1154 3550 1219 huic
3582 1177 3701 1221 non

2055 1249 2281 1304 tantum
2300 1261 2419 1304 non
2446 1244 3002 1326 profuturum,quin
3016 1245 3192 1305 etiam
3208 1245 3266 1306 id
3283 1246 3439 1327 quod
3455 1246 3703 1311 videbat

2052 1338 2337 1409 amittet;
2372 1333 2585 1395 eodem
2620 1336 2796 1397 etiam
2835 1335 3010 1396 modo
3034 1335 3138 1413 qui
3158 1336 3430 1398 damnari
3482 1339 3703 1400 meruit

2055 1432 2329 1504 peccator
2360 1424 2609 1486 affectus
2626 1432 2734 1500 est,
2774 1444 2909 1487 cum
2921 1424 3220 1504 justorum
3245 1443 3455 1505 preces
3472 1428 3697 1508 elllagi-

2053 1521 2158 1596 tat,
2189 1522 2247 1576 et
2278 1515 2408 1596 ipse
2439 1533 2504 1577 se
2536 1532 2654 1578 non
2704 1515 3018 1584 convertit.
3082 1516 3156 1577 Et
3185 1516 3299 1578 hoc
3357 1527 3445 1579 est
3471 1522 3629 1600 quod
3659 1538 3696 1581 a

2054 1604 2363 1686 Scriptura
2380 1605 2597 1668 dicitur
2626 1626 2638 1669 :
2674 1604 2947 1669 Multum
2973 1606 3130 1669 valet
3152 1607 3486 1685 deprecatio
3495 1610 3659 1687 justi
3688 1608 3702 1643 '

2052 1711 2086 1756 a
2110 1696 2333 1776 Spiritu
2358 1697 2579 1777 agitata
2609 1694 2733 1776 (29)
2770 1717 2785 1775 ;
2821 1695 2896 1758 de
2910 1697 3075 1776 justo
3109 1698 3269 1759 enim
3302 1700 3418 1760 hoc
3449 1698 3691 1764 dicitur.

2051 1782 2135 1846 De
2164 1786 2265 1847 illo
2296 1794 2519 1858 autem,
2557 1804 2661 1867 pro
2692 1791 2830 1866 {quo
2862 1786 2926 1845 fit
2980 1786 3343 1867 deprecatio,
3377 1785 3700 1870 Scripturis

316 1871 574 1962 γόμενον·
639 1881 789 1959 Μέγα
844 1881 1024 1961 ἰσχύει
1086 1881 1224 1961 εὐχὴ
1297 1877 1498 1936 δικαίου
1583 1878 1964 1959 ἓνεργουμένηο

2053 1893 2292 1958 quoque
2309 1894 2576 1939 consone
2590 1876 2744 1950 dico,
2755 1876 3041 1958 perutiles
3055 1895 3187 1938 esse
3200 1885 3541 1940 sanctorum
3568 1899 3702 1960 pre-

320 1972 456 2052 παρ’
490 1972 690 2029 ἐκείνου
720 1994 821 2051 γαρ
879 1970 1112 2049 λέγεται.
1177 1970 1327 2050 Παρά
1382 1968 1437 2026 δέ
1485 1977 1578 2027 τοῦ
1629 1971 1759 2050 ὑπὲρ
1823 1973 1882 2027 οὗ
1931 1973 1966 2039 ἡ

2052 1983 2175 2037 ces,
2205 1965 2529 2029 dummodo
2561 1966 2694 2047 quis
2717 1985 3025 2029 sacrorum
3051 1985 3366 2029 munerum
3401 1966 3698 2030 desiderio

317 2060 556 2127 ἔντευξις
587 2061 907 2141 ἐνεργεῖται,
960 2060 1104 2139 λέγω
1135 2067 1259 2139 γοῦν
1302 2059 1439 2116 κατᾶ
1471 2061 1568 2125 τὰς
1599 2061 1833 2140 Γραφάς,
1895 2062 1966 2126 ὡς

2051 2056 2584 2132 278accensus,et
2606 2056 2677 2118 ad
2702 2056 2911 2118 eadem
2937 2056 3033 2137 pie
3054 2056 3130 2118 sit
3150 2057 3399 2121 allectus
3426 2060 3702 2140 (propriae

316 2152 585 2232 ὠφέλιμοί
617 2153 747 2209 εἰσιν
780 2153 968 2208 αἰτῶν
1030 2149 1245 2207 δικαίων
1307 2150 1463 2231 εύχαὶ
1493 2152 1629 2207 κατὰ
1685 2149 1833 2207 τόνδε
1877 2152 1966 2207 τὸν

2054 2148 2215 2210 enim
2244 2148 2380 2209 vitae
2400 2148 2472 2210 ad
2495 2148 2777 2209 virtutem
2796 2148 3176 2210 affectionem
3205 2149 3425 2211 vocavit
3452 2148 3695 2211 habitu-

308 2246 537 2324 τρόπον,
569 2239 624 2298 εἴ
656 2265 768 2316 τις,
805 2244 912 2297 τῶν
968 2240 1029 2298 ἐκ
1089 2240 1221 2297 Θεοῦ
1280 2238 1490 2319 δωρεῶν
1547 2240 1846 2321 ἐφιέμενος,
1877 2242 1965 2297 καὶ

308 2332 465 2414 ἔχων
492 2331 721 2391 διάθεσιν
752 2332 957 2411 ἀγαθὴν
1004 2332 1136 2409 πρὸς
1196 2332 1382 2410 αὐτὰς,
1418 2331 1536 2409 (τὴν
1588 2331 1686 2410 γάρ
1735 2340 1826 2389 τοῦ
1881 2332 1962 2387 οἰ-

311 2423 460 2484 κείου
518 2423 633 2500 βίου
704 2424 836 2503 πρὸς
896 2422 1089 2500 ἀρετὴν
1147 2420 1374 2478 διάθεσιν
1448 2419 1553 2485 ἕξιν
1609 2421 1789 2499 εἶπεν,
1848 2421 1965 2486 ἣτις

314 2514 533 2576 πάντως
577 2514 778 2591 γίνεται
831 2511 891 2569 ἐκ
922 2517 1020 2580 τῆς
1078 2513 1270 2575 οἰκείας
1331 2512 1771 2591 ἐπιγνωμοσὺνης
1832 2511 1964 2565 ἑκά-

314 2605 496 2685 στου’)
528 2604 693 2662 ἐλθὼν
725 2606 815 2661 Ιεἰτί
839 2625 958 2662 τινα
983 2608 1091 2661 τῶν
1123 2602 1365 2681 δικαίων,
1426 2603 1667 2667 ἀξιώσειε
1724 2602 1963 2680 γενέσθαι

314 2697 383 2752 τὰ
444 2697 577 2774 πρὸς
636 2696 726 2752 τὸν
791 2695 921 2751 Θεὸν
980 2690 1468 2771 συμπαρακλήτοροὶ
1527 2694 1573 2747 οἰ
1631 2692 1719 2748 καὶ
1771 2692 1965 2765 ἑαυτῷ,

316 2783 733 2864 ὠφεληθήσεται
768 2784 977 2848 πάντως
1009 2782 1067 2839 ἐκ
1098 2783 1284 2840 τούτου
1340 2783 1441 2849 την
1501 2782 1761 2860 μεγίστην
1819 2779 1965 2859 ὠφέο

316 2873 493 2931 λειαν⁶
530 2872 962 2956 ἀποδεχθήσεται
1014 2875 1114 2951 γὰρ
1145 2872 1287 2945 παρά
1319 2877 1450 2928 Θεοῦ
1502 2869 1656 2928 ἕνεκα
1714 2876 1812 2937 τῆς
1870 2871 1962 2925 εἰμὶ

316 2962 517 3028 λαϐοὖς
548 2968 717 3024 αὖταὺ
745 2962 1213 3041 ὶπιγνωμοσύνης,
1247 2962 1336 3017 καὶ
1365 2960 1459 3027 τῆς
1508 2960 1593 3017 ἐπὶ
1641 2962 1759 3025 τοὺς
1791 2960 1963 3023 ὁσίους

316 3052 521 3134 αἰδοῦς,
557 3052 633 3110 ἔτι
667 3051 848 3109 δὲκαὶ
911 3054 1011 3119 τῆς
1072 3050 1302 3130 ἐφέσεως
1362 3052 1450 3107 καὶ
1508 3050 1722 3130 μετρίας
1778 3048 1957 3115 ἔξεως’

308 3154 470 3203 τοῦτο
493 3144 593 3223 γάρ
623 3142 733 3199 ἐστι
761 3143 821 3198 τὸ
851 3140 1214 3221 κατάλληλον,
1249 3140 1330 3197 ὅτι
1389 3142 1454 3197 τὰ
1513 3140 1652 3200 καλὰ
1708 3141 1962 3219 ἠγάπησε

2055 2237 2431 2318 dinem,quaa
2450 2257 2521 2300 ex
2543 2236 3243 2317 cujuslibetconscientia
3264 2238 3593 2317 exsistit)ad
3616 2246 3697 2301 vi-

2051 2346 2183 2389 rum
2198 2328 2457 2408 aliquem
2468 2328 2698 2407 justum
2722 2327 3017 2389 accedens
3040 2326 3480 2407 petat,utDeum
3506 2347 3612 2408 pro
3628 2347 3694 2392 se

2048 2418 2482 2499 roget,sibique
2504 2416 2930 2498 conciliet,qua
2950 2416 3178 2478 ratione
3193 2435 3337 2479 sane
3360 2420 3691 2481 maximum

2051 2527 2120 2571 ex
2142 2528 2212 2570 eo
2244 2508 2461 2569 referet
2481 2507 3099 2570 emolumentum:voti
3124 2506 3286 2568 enim
3302 2525 3549 2588 compos
3562 2508 3686 2585 ﬁet,

2050 2618 2183 2660 cum
2211 2606 2455 2679 propter
2476 2598 2904 2661 conscientiam
2932 2597 3426 2676 religiosam,tum
3448 2610 3693 2680 propter

2054 2698 2401 2752 sanctorum
2426 2688 2975 2769 reverentiam,tum
2994 2696 3237 2769 propter
3252 2693 3362 2768 piae
3384 2689 3690 2769 petitionis

2050 2781 2322 2842 aﬂectum
2335 2781 2470 2858 ;hoc
2484 2780 2643 2842 enim
2669 2779 2753 2840 ita
2769 2780 3067 2853 convenit,
3095 2779 3376 2857 quoniam
3399 2778 3557 2841 bona
3575 2780 3651 2842 ad
3666 2814 3689 2831 -

2049 2871 2353 2947 amavit,et
2375 2870 2907 2952 quaasivit.Etenim
2922 2869 3205 2932 divinisid
3230 2868 3491 2932 decretis
3512 2869 3693 2932 stabi-

2050 2962 2217 3022 litum
2248 2969 2430 3036 est,ut
2453 2979 2662 3023 eorum
2694 2959 3147 3039 participatione
3164 2958 3691 3038 dignis,doneutur

2046 3064 2149 3121 per
2173 3065 2270 3108 eos
2292 3052 2387 3121 qui
2402 3050 2563 3122 digni
2580 3048 2925 3107 sunteadem
2944 3048 3692 3116 distribuere.Quemadmo-

2047 3145 2184 3201 dum
2198 3143 2351 3200 enim
2363 3141 2748 3213 postulantem
2762 3138 3194 3211 dijudicat,num
3208 3140 3357 3197 dono
3371 3140 3579 3211 dignus
3598 3143 3689 3207 sit,

309 3237 402 3291 καὶ
438 3234 721 3305 ἒξήτησεν,
758 3231 925 3290 ’Ἔστι
957 3234 1057 3310 γὰρ
1087 3234 1175 3289 καὶ
1208 3239 1361 3288 τοῦτο
1393 3244 1509 3294 τοῖς
1542 3235 1701 3295 θείοις
1735 3253 1960 3307 νενομο-

2050 3234 2134 3297 sic
2153 3234 2328 3295 etiam
2348 3239 2685 3312 precantem
2710 3227 3244 3303 scrutabitur,num
3258 3240 3316 3292 et
3330 3231 3459 3310 ipse
3477 3231 3689 3310 dignus

306 3326 608 3401 θετημένον
638 3324 880 3403 κρίμασι,
914 3323 976 3378 τὸ
1007 3320 1285 3401 δωρεῖσθαι
1333 3336 1452 3384 τοῖς
1516 3321 1678 3387 ἀξίοις
1737 3331 1828 3380 τοῦ
1858 3344 1961 3397 με·

303 3429 547 3495 τασχεϊν
580 3414 665 3471 διὰ
696 3421 801 3472 τῶν
852 3413 1007 3478 ἀξίων
1065 3422 1160 3471 τοῦ
1222 3409 1560 3487 μεταδοῦναι.
1619 3410 1713 3474 Ὠς
1746 3414 1844 3491 γὰρ
1874 3414 1962 3469 τὸν

308 3514 584 3579 ζητοῦντα
635 3505 956 3586 φιλοκρινετ,
1007 3503 1162 3583 εἴπερ
1215 3503 1325 3560 ἐστὶ
1383 3508 1480 3569 τῆς
1538 3502 1734 3583 δωρεᾶς
1793 3503 1957 3578 ἄξιος,

306 3597 452 3656 οὕτω
504 3599 593 3653 καὶ
647 3599 739 3653 τὸν
790 3596 1085 3675 εὐχόμενον
1141 3594 1434 3671 ἐρευνήσει,
1499 3596 1652 3673 ε’ἰπερ
1712 3593 1821 3650 ἐστὶ
1877 3596 1962 3651 καὶ

311 3690 475 3753 αὒτὸς
507 3687 651 3753 ἄξιος
680 3687 1110 3765 ὑπερετήσασθαι
1162 3686 1290 3762 πρὸς
1330 3682 1535 3741 ἐκεῖνον
1571 3686 1794 3758 τοιούτῳ
1853 3683 1961 3740 δω-

310 3779 541 3856 ρήματι.
574 3778 687 3859 οὐχ
724 3774 910 3840 ἁπλῶς
938 3773 1025 3832 οὗν
1058 3773 1118 3829 1'6
1150 3773 1280 3852 πρὸς
1311 3775 1452 3830 θείαν
1483 3773 1696 3850 ὁμιλίαν
1730 3788 1957 3855 χωρεῖν,

314 3871 405 3925 καὶ
436 3868 698 3925 αἰτεῖσθαι
731 3866 873 3946 παρὰ
928 3870 1057 3922 Θεοῦ
1106 3864 1170 3920 τὰ
1226 3864 1500 3942 κρείττονα
1570 3864 1827 3922 κωλύσειέ
1884 3889 1961 3931 τις

316 3964 613 4039 εὖφρονῶν,
657 3955 806 4021 εἰδὼς
864 3957 956 4013 τὸν
988 3956 1157 4033 μέγαν
1192 3953 1528 4016 Ἀπόστολον
1560 3957 1966 4035 προστάσσοντα

316 4048 674 4114 ἀδιαλείπτως
708 4048 1118 4128 προσεύχεσθαι·
1155 4045 1291 4103 ἀλλά
1321 4048 1382 4103 τὸ
1429 4049 1599 4118 οἰήσει
1657 4048 1774 4104 τινὰ
1832 4070 1967 4126 κρα-

314 4143 576 4217 τούμενον
631 4146 947 4221 ὑπερφονετν
1007 4138 1113 4195 τῶν
1164 4138 1352 4218 ἁγίων,
1411 4142 1499 4196 καὶ
1557 4140 1697 4218 παρά
1754 4138 1966 4220 φαύλων

303 4235 545 4294 τίθεσθαι
576 4230 669 4297 τὰς
695 4231 896 4288 τούτων
927 4230 1119 4310 εὐχὰς,
1156 4239 1311 4288 τοῦτο
1339 4229 1434 4285 καῖ
1498 4228 1614 4286 λίαν
1644 4244 1762 4297 τοῖς
1809 4234 1966 4299 θείοις

301 4321 513 4397 ἀπᾷδον
542 4321 628 4378 καὶ
661 4317 1056 4395 κεκωλυμένον.
1093 4310 1235 4376 ΠΟτε
1267 4316 1323 4373 δὲ
1355 4320 1442 4375 καὶ
1473 4317 1653 4387 οἴησις
1698 4321 1774 4396 μὴ
1825 4320 1959 4400 ἔστι,

300 4416 442 4479 τέως
470 4419 745 4494 χρῃζομεν
779 4416 886 4467 τῶν
916 4415 1188 4469 κοινωνῶν
1236 4411 1336 4476 τῆς
1369 4408 1565 4489 εὖχῆςο
1598 4412 1657 4467 τὸ
1716 4411 1815 4487 μὲν
1871 4411 1964 4469 ἵνα

2047 3325 2125 3387 sit
2156 3323 2379 3386 taleilli
2433 3340 2651 3384 munus
2681 3321 3021 3401 impetrare.
3057 3318 3187 3381 Non
3231 3326 3461 3383 temere
3489 3319 3689 3401 itaque

2045 3422 2143 3496 qui
2175 3414 2338 3495 cupit
2369 3413 2442 3475 ad
2488 3413 2752 3474 divinum
2804 3409 3169 3472 consortium
3221 3410 3535 3488 accedere,
3572 3420 3692 3472 eta

2046 3506 2172 3567 Deo
2202 3504 2425 3585 optima
2480 3520 2731 3585 quaeque
2790 3501 3093 3581 postulare
3127 3500 3502 3581 prohibetur,
3548 3519 3687 3562 cum

2046 3594 2196 3657 sciat
2217 3611 2495 3673 magnum
2508 3591 2862 3673 Apostolum
2889 3591 3291 3672 praeciperent
3314 3590 3689 3653 incessanter

2046 3703 2287 3747 oremus
2316 3684 2462 3762 -,sed
2490 3681 2812 3746 absurdum
2835 3681 3015 3744 simul
3047 3691 3105 3743 et
3140 3681 3410 3742 illicitum
3443 3699 3599 3758 esse,
3635 3681 3687 3741 si

2046 3774 2512 3857 quis,‘opinione
2536 3791 2641 3835 sua
2669 3772 2971 3851 seductus,
3008 3789 3186 3853 supra
3213 3780 3450 3834 sanctos
3478 3788 3689 3852 sapere

2049 3866 2220 3941 velit,
2253 3874 2311 3927 et
2332 3885 2438 3945 pro
2462 3864 2641 3927 rebus
2693 3864 2864 3925 malis
2895 3881 3104 3943 preces
3126 3862 3399 3925 fundere.
3433 3860 3681 3934 Quando

2048 3964 2246 4019 autem
2278 3956 2437 4018 nulla
2458 3954 2624 4017 adest
2646 3956 2990 4034 elatio,tunc
3014 3972 3133 4015 non
3154 3953 3481 4033 refugimus
3509 3969 3685 4014 com-

2056 4066 2269 4111 munes
2296 4052 2659 4128 preces;tum
2688 4043 3070 4107 utdiscamus
3090 4061 3221 4125 quas
3240 4050 3443 4124 petere
3468 4040 3689 4104 debea-

2052 4147 2345 4216 mus,tum
2366 4155 2506 4199 vero
2529 4135 2705 4199 etiam
2730 4134 3028 4217 quomodo
3054 4152 3263 4216 preces
3282 4134 3687 4196 instituamus.

2051 4232 2431 4294 Frustramur
2454 4227 2613 4290 enim
2631 4225 3059 4303 votis,velquia
3072 4224 3374 4287 nescimus
3389 4222 3688 4305 quomodo

2050 4321 2238 4384 oratio
2264 4320 2341 4382 sit
2390 4315 2780 4393 intendenda,
2817 4317 2928 4377 ista
2956 4315 3119 4378 enim
3152 4323 3242 4378 est
3272 4312 3685 4395 postulationis

2047 4412 2309 4487 inscitia;
2329 4409 2420 4473 vel
2439 4409 2580 4489 quia
2600 4426 2697 4469 res
2721 4407 2996 4486 indignas
3022 4407 3410 4487 postulamus.
3440 4402 3561 4466 Sed
3591 4403 3685 4465 di-

299 4504 681 4580 διδασκώμεθα
708 4503 771 4560 τὸ
798 4503 914 4559 τίνα
962 4500 1024 4557 ἂν
1056 4501 1428 4576 ὰίτησαίμεθα·
1478 4502 1540 4556 τὸ
1596 4499 1650 4556 δὲ
1705 4500 1851 4567 ὅπως
1883 4503 1963 4559 αἰο

2050 4509 2140 4570 cet
2169 4501 2426 4581 aliquis:
2484 4498 2635 4572 Quid
2688 4516 2837 4578 opus
2895 4505 2983 4558 est
3038 4494 3431 4570 institutione,
3469 4502 3531 4555 ut
3578 4512 3688 4556 co-

295 4594 628 4670 τησαίμεθα.
695 4593 941 4668 Δήσομεν
999 4591 1098 4671 γάρ
1162 4590 1533 4671 ἀποτυχόντες
1568 4591 1604 4657 ἦ
1647 4588 1823 4647 διὰτὸ
1881 4595 1960 4668 μὴ

298 4684 495 4742 εἰδέναι
532 4682 679 4749 ὅπως
720 4684 964 4746 σύντονος
1019 4684 1052 4751 ἡ
1121 4679 1303 4748 δέησις
1361 4680 1585 4759 γίνεται,
1642 4683 1799 4739 τοῦτο
1858 4685 1960 4763 γάρ

296 4776 446 4833 ἐστιν
481 4775 857 4849 ἀνεπιστῆμον
895 4770 992 4840 τῆς
1024 4773 1311 4852 αἰτήσεως,
1343 4771 1379 4841 ἦ
1409 4769 1493 4828 διὰ
1523 4772 1584 4828 τὸ
1642 4771 1827 4839 ἀνάξια
1885 4776 1963 4831 αἰ-

298 4878 448 4924 τεῖν.
485 4863 640 4921 Ἀλλ’
674 4862 828 4921 εἴποι
850 4884 934 4929 τις
964 4861 1050 4919 ἄν*
1115 4864 1217 4921 Καὶ
1269 4864 1346 4929 τίς
1412 4864 1568 4943 χρεία
1623 4860 1959 4931 διδασκαλίας

300 4958 378 5021 εἰς
403 4957 467 5013 τὸ
498 4960 697 5035 γνῶναι
740 4954 874 5018 τίνες
905 4954 1029 5011 εἰσίν
1061 4956 1113 5011 αἱ
1143 4954 1345 5026 ἀνάξιοι
1407 4955 1667 5030 αἰτήσεις,
1731 4956 1820 5013 καὶ
1873 4957 1959 5013 τί-

302 5068 393 5111 νες
444 5048 503 5102 αἱ
560 5044 724 5121 ἄξιαι,
792 5045 952 5103 αὐτοῦ
1018 5052 1111 5102 τοῦ
1169 5044 1357 5125 Κυρίου
1414 5042 1686 5124 λέγοντος·
1750 5048 1961 5105 Αἰτεῖτε

302 5142 520 5217 πρῶτον
570 5136 670 5206 τὴν
730 5134 1002 5213 βασιλείαν
1073 5142 1163 5194 τοῦ
1214 5141 1367 5212 Θεοῦ,
1426 5137 1513 5193 καὶ
1568 5135 1741 5193 τᾶλλα
1793 5138 1965 5196 πάντα

303 5228 731 5306 προστεθήσεται
763 5226 948 5302 ὑμτν;
999 5225 1239 5305 Λέγομεν
1297 5226 1371 5289 εἰς
1425 5235 1603 5309 τοῦτο,
1663 5226 1745 5285 ὅτι
1790 5226 1966 5286 πολλᾶ

304 5317 409 5376 εἱσι
446 5318 513 5374 τὰ
542 5316 676 5399 παρ’
702 5318 862 5396 ἡμῶν
895 5316 1229 5397 ἀγνοούμενα
1260 5315 1341 5374 ὅτι
1384 5318 1509 5375 εἰσίν
1567 5315 1774 5384 ἀνάξια·
1832 5318 1964 5376 κλε-

302 5408 557 5489 πτόμεθα
609 5408 711 5490 γὰρ
760 5413 830 5485 τῇ
873 5407 1071 5490 εφέσει,
1124 5429 1212 5464 και
1271 5406 1326 5464 ἐν
1367 5408 1647 5489 ἁμαρτίαις
1707 5407 1963 5477 πολλάκις

2046 4607 2405 4673 gnoscamus
2426 4605 2695 4669 quamam
2730 4587 2850 4647 sint
2881 4585 3139 4665 indignas
3160 4584 3598 4666 postulationes
3628 4591 3687 4645 et

2046 4699 2319 4764 quaenam
2352 4677 2571 4759 dignm,
2600 4676 2851 4739 Domino
2875 4676 3159 4738 dicente:
3194 4674 3389 4737 Petito
3407 4676 3684 4755 primum

2046 4789 2305 4856 regnum
2332 4771 2466 4844 Dei,
2491 4776 2543 4830 et
2565 4776 2782 4830 caetera
2805 4771 3013 4829 omnia
3041 4766 3417 4844 adjiciantur
3445 4766 3692 4827 vobism?

2055 4855 2326 4929 Dicimus
2356 4858 2582 4921 idcirco
2611 4856 2795 4919 multa
2817 4856 2993 4919 nobis
3013 4874 3147 4920 esse
3194 4858 3391 4937 ignota
3413 4874 3545 4938 quae
3574 4855 3694 4916 siut

2046 4954 2296 5035 indigna
2329 4972 2344 5017 :
2382 4968 2517 5013 nam
2571 4947 2894 5029 cupiditate
2938 4946 3295 5028 decipimur,
3331 4954 3390 5008 et
3430 4945 3695 5027 peccatis

2053 5059 2469 5128 saepenumero
2496 5038 3028 5119 circumvenimur,
3066 5055 3486 5128 saepenumero
3512 5035 3693 5098 etiam

2049 5127 2424 5217 rogamus,et
2454 5130 2612 5194 bona
2635 5129 2881 5209 indigne
2906 5130 3297 5212 postulamus,
3330 5127 3691 5217 nescientes,

2048 5216 2466 5307 adversa,quaa
2493 5219 2786 5305 permissu
2811 5219 2918 5282 Dei
2943 5217 3483 5301 obveniunt,magis
3514 5216 3697 5299 prod-

2048 5337 2205 5384 esse.
2240 5311 2559 5391 Quomodo
2593 5310 2751 5374 enim
2777 5311 2959 5374 Israel
2982 5310 3045 5372 in
3074 5310 3389 5393 IEgypmm
3420 5308 3699 5373 transmi-

2053 5416 2314 5493 grasset,
2345 5413 2408 5472 et
2438 5412 2658 5470 terram
2689 5400 3109 5486 promissionis
3128 5399 3697 5483 haereditassetmisi

389 5595 422 5647 Ιι
454 5595 620 5663 Psal.
652 5612 856 5664 cxvm.
893 5596 1034 5683 123,
1093 5595 1266 5663 ‘Jac.
1283 5614 1342 5666 v.
1370 5597 1473 5665 16.
1544 5613 1587 5647 ιιι
1607 5602 1815 5673 Matth.
1836 5605 2051 5691 vu,33.

392 5758 527 5843 (29)
553 5762 762 5829 Graece
792 5763 1176 5848 ινεργουμίνη.
1214 5759 1389 5842 Vulg.
1423 5764 1694 5832 am'dua.
