4072 6412
406 342 526 411 s79
1613 343 1673 405 s.
1721 340 2063 410 DIONYSII
2106 326 2647 407 AREOPAGITE.
3669 322 3793 405 580

414 479 576 544 Deus
595 476 842 555 .losephi
870 495 1084 558 preces
1113 480 1460 556 exaudiens,
1496 479 1857 545 incolumem
1890 478 2049 561 patri

2140 480 2585 561 προφασιζόμεθα⁶
2689 474 2953 539 πολλάκις
3013 472 3068 531 δὲ
3108 476 3383 540 αἰτοῦντες
3439 474 3530 531 καὶ
3588 473 3790 555 ἀγαθὰ,

412 568 598 631 ﬁlium
630 568 970 631 servasset?

2140 570 2362 636 ἀναξίως
2422 570 2691 648 αἰτοῦμεν,
2746 566 2824 643 μὴ
2891 564 3081 631 εἰδότες
3133 564 3214 621 ὅτι
3273 562 3484 638 μᾶλλον
3530 564 3597 621 τὰ
3657 561 3797 620 κατᾶ

404 657 796 737 παραχώρησιν
854 668 947 716 τοῦ
980 669 1110 720 Θεοῦ
1163 661 1371 718 ἐναντία
1426 663 1680 738 μειζόνως
1728 661 2020 741 ὠφελήσει,
2087 667 2208 726 Πῶς
2263 661 2361 738 γάρ
2410 659 2725 734 μετῴκησεν
2786 658 2860 720 εἷς
2919 654 3193 734 Αἴγυπτον
3239 652 3489 733 Ἰσραὴλ,
3544 656 3636 711 καὶ
3693 653 3800 722 τὴν

409 755 512 828 γῆν
541 753 639 814 τῆς
666 750 769 805 tua
784 747 988 827 γγελίας
1019 750 1480 829 ἐκληρονόμησεν,
1524 750 1703 833 εἴπερ,
1737 752 1998 817 ἐπακουὸς
2033 753 2137 808 τῶν
2166 754 2346 831 εὐχῶν
2375 756 2466 807 τοῦ
2496 746 2695 827 Ἰωσὴφ
2726 749 2753 804 6
2785 747 2916 812 Θεὸς
2947 746 3153 826 φανεὶς,
3184 741 3466 812 ἀϐώϐητον
3498 749 3576 818 τῷ
3630 745 3801 823 πατρὶ

406 838 650 917 παραυτὰ
684 856 773 894 τον
800 837 968 896 παῖδα
990 838 1204 911 διέσωζε
1235 859 1250 916 ;

490 927 632 988 979
653 926 682 1005 §
702 924 826 988 VII.
880 929 1106 993 Verum
1134 928 1226 991 his
1269 929 1331 991 in
1352 931 1661 993 communi
1680 932 1756 995 de
1779 933 2053 996 oratione

410 1017 604 1091 dictis,
615 1019 953 1079 necessario
963 1019 1137 1081 etiam
1150 1019 1469 1082 dicendum
1485 1020 1560 1082 de
1575 1040 1754 1102 prece
1765 1041 1942 1104 quam
1961 1040 2054 1083 su-

413 1125 519 1187 per
532 1105 816 1168 defuncto
826 1107 1035 1170 recitat
1058 1107 1329 1173 antistes.
1342 1110 1586 1173 liivinus
1609 1111 1787 1192 igitur
1804 1112 2055 1175 antistes

410 1199 708 1277 interpres
737 1205 825 1257 est
853 1197 1185 1260 divinarum
1223 1200 1721 1279 justiﬁcationum
1752 1223 1768 1267 :
1822 1202 2052 1264 idcirco

410 1285 572 1350 enim
598 1285 1528 1369 angelusDominiomnipotentis
1542 1309 1577 1353 a
1595 1292 2055 1354 sanctoMicbaaa

411 1376 655 1451 dicitur,
685 1374 868 1456 utqui
889 1374 995 1439 Dei
1016 1378 1475 1457 justiﬁcationes
1494 1381 1807 1443 annuntiet
1825 1400 1896 1444 ac
1925 1399 2054 1444 ma.

409 1464 900 1528 nifeStet.Didicit
920 1466 1125 1547 utique
1147 1485 1219 1530 ex
1241 1467 1590 1549 Scripturis,
1609 1471 1790 1551 justis
1809 1471 2053 1553 quidem

2215 931 2245 1010 ὅ
2274 928 2400 994 VII.
2433 928 2812 987 Ἀλλὰτούτων
2834 927 2935 996 ἤδη
2956 925 3224 1006 ῥηθέντων
3242 928 3358 1000 περὶ
3386 926 3563 994 πάσης
3590 930 3798 988 κοινῶς

2136 1026 2328 1103 εῦχῆς,
2363 1021 2660 1099 ἀναγκαῖον
2703 1022 2877 1076 εἰπεῖν
2908 1017 3139 1093 καὶπερὶ
3169 1022 3269 1084 τῆς
3305 1016 3396 1072 ἐπὶ
3424 1022 3500 1090 τῷ
3556 1014 3796 1089 κειμένῳ

2136 1119 2230 1170 τοῦ
2289 1110 2539 1190 ἱεράρχου
2598 1112 2793 1189 εὐχῆς.
2863 1107 2925 1165 Ὀ
2981 1111 3124 1169 θεῖος
3194 1113 3476 1184 τοιγαροῦν
3532 1105 3801 1185 ἱεράρχης

2136 1200 2513 1282 ἱκφαντορικός
2542 1202 2651 1257 ἐστι
2691 1206 2797 1256 τῶν
2829 1199 2980 1256 θείων
3035 1195 3437 1272 δικαιωμάτων⁸
3497 1192 3590 1253 διὰ
3632 1205 3800 1254 τοῦτο

2136 1294 2238 1371 γὰρ
2291 1289 2516 1369 ἅγγελος
2575 1290 2761 1369 Κυρίου
2809 1287 3235 1366 παντοκράτορος
3297 1288 3438 1363 παρὰ
3504 1292 3583 1359 τῷ
3665 1285 3797 1365 ἱερῴ

2137 1382 2346 1461 Μιχαίᾲ
2378 1380 2618 1459 λέγεται,
2650 1382 2724 1443 ὡς
2757 1376 3092 1456 ἐξαγγέλλων
3139 1378 3227 1434 καὶ
3271 1376 3532 1455 ἐκφαίνων
3566 1375 3632 1431 τὰ
3700 1381 3797 1433 τοῦ

2138 1479 2271 1531 Θεοῦ
2297 1470 2650 1547 δικαιώματα.
2690 1469 2981 1545 Μεμὰθηκε
3041 1477 3174 1545 γοῦν
3223 1467 3331 1524 ἀπὸ
3375 1464 3479 1523 τῶν
3539 1470 3795 1545 Γραφῶν,

404 1556 568 1636 justo
592 1553 702 1617 Dei
715 1552 944 1635 judicio
979 1555 1412 1619 lucidissimam
1462 1552 1844 1642 divinamque
1876 1562 2055 1623 vitam

2140 1561 2221 1618 ὃτι
2277 1574 2396 1625 τοῖς
2456 1560 2554 1635 μὶν
2613 1558 2835 1622 δικαίοις
2896 1557 3040 1636 παρὰ
3096 1562 3195 1625 τῆς
3247 1563 3339 1614 τοῦ
3398 1553 3789 1634 δικαιοκρισίας

408 1644 685 1724 retribui,
721 1644 921 1706 divina
942 1644 1205 1708 bonitate
1227 1665 1295 1708 ac
1328 1647 1697 1728 benignitate
1721 1660 2055 1714 contractas

2142 1651 2556 1730 ἡλαμπροτάτη
2589 1652 2677 1706 καὶ
2733 1648 2845 1705 θεία
2899 1647 3012 1719 ζωὴ
3065 1644 3414 1721 ἀντιδίδοται,
3470 1644 3796 1727 παρορώσης

409 1752 480 1797 ex
509 1735 768 1797 humana
791 1734 1103 1813 fragilitate
1125 1736 1392 1800 maculas
1422 1738 1755 1802 clementer
1776 1740 2055 1803 dissimu-

2140 1741 2191 1807 ta
2226 1742 2554 1820 ἀγαθότητος
2611 1740 2708 1808 τῆς
2767 1745 2860 1795 τοῦ
2919 1744 3052 1794 Θεοῦ
3101 1735 3501 1815 φιλανθρωπίας
3564 1736 3688 1800 τοὺς
3741 1733 3802 1801 ἐξ

409 1823 591 1903 lante,
625 1841 759 1886 cum
787 1841 965 1885 nemo
995 1824 1090 1900 sit,
1139 1833 1203 1888 ut
1231 1825 1445 1907 inquit,
1496 1830 1754 1893 mundus
1783 1851 1819 1893 a
1852 1831 2055 1894 sorde.

2140 1832 2474 1907 ἀνθρωπίνης
2527 1831 2793 1893 ἀσθενείας
2853 1825 3068 1905 ῥύπους·
3131 1826 3347 1904 ἐπείπερ
3398 1825 3591 1906 οὗδεὶς,
3642 1825 3802 1906 φησὶ,

410 1914 549 1976 Hzec
564 1914 811 1976 antistes
832 1914 1122 1995 promissa
1175 1935 1311 1979 esse
1335 1921 1515 1982 novit.
1556 1920 1819 1985 Postulat
1849 1923 2053 2003 igitur,

2140 1922 2367 2001 καθαρὸς
2389 1920 2573 1999 ῥύπου.
2615 1928 2790 1978 Ταῦτα
2820 1916 2964 1975 εἶδεν
2996 1916 3378 1995 ἐπηγγελμενα
3412 1921 3438 1973 6
3497 1919 3796 1997 ἱεραρχης.

413 2011 479 2064 ιιι
500 2003 764 2065 ﬁdelium
787 2022 858 2068 ex
880 2004 1228 2070 inﬁrmitate
1249 2018 1570 2074 contractae
1602 2014 1853 2076 maculae
1884 2015 2027 2077 dissi

2140 2014 2291 2069 Αἰτετ
2320 2014 2489 2068 τοίνυν
2520 2024 2636 2073 τοῖς
2669 2013 2872 2072 πιστῶς
2903 2005 3219 2088 βεϐιωκόσι,
3278 2008 3637 2086 παροραθῆναι
3700 2007 3804 2069 τὰς

416 2094 738 2175 mulentur,
773 2103 831 2155 et
855 2113 1043 2195 sacrae
1069 2098 1498 2163 retributiones
1540 2102 1954 2180 conferantur,
1979 2103 2055 2166 si-

2141 2100 2193 2167 ἐξ
2251 2100 2520 2167 ἀσθενείας
2576 2097 2835 2175 κηλῖδας,
2868 2100 2957 2156 καὶ
3010 2096 3223 2167 δοθῆναι
3282 2099 3376 2163 τὰς
3436 2098 3579 2167 ἱερὰς
3642 2095 3803 2154 ἀντι-

413 2184 657 2264 mulque
678 2186 864 2248 Deum
886 2183 1353 2255 imitando.dona
1371 2208 1501 2270 quae
1532 2191 1667 2253 aliis
1687 2194 2055 2257 conferenda

2140 2188 2334 2255 δόσεις·
2370 2191 2482 2265 ἅμα
2512 2191 2611 2266 μὲν
2658 2190 3001 2265 θεομιμήτως
3061 2187 3155 2253 τὰς
3206 2190 3279 2252 εἰς
3314 2187 3526 2267 ἐτέρους
3586 2185 3796 2267 δωρεὰς

410 2282 550 2335 sunt
568 2280 849 2362 tanquam
882 2274 998 2335 sibi
1052 2275 1416 2356 indulgenda
1458 2284 1765 2362 postulans
1797 2282 1938 2353 (hoc
1967 2293 2055 2347 est

2140 2287 2233 2339 τοῦ
2282 2287 2415 2338 Θεοῦ
2470 2282 2544 2345 ὡς
2623 2280 2807 2336 ἑαυτὸν
2873 2278 3238 2358 γενησομένας
3295 2275 3541 2354 ἐξαιτῶν,
3604 2277 3799 2357 (τοῦτο

410 2363 573 2424 enim
591 2360 779 2456 Deum
803 2363 1048 2456 imitari,
1073 2367 1408 2446 proximum
1430 2360 1684 2450 diligere
1710 2372 1864 2435 sicut
1880 2374 2054 2456 .seip-

2140 2371 2240 2451 γάρ
2284 2370 2397 2429 ἐστι
2451 2373 2513 2427 τὸ
2571 2371 2924 2450 θεομίμητον,
2987 2368 3201 2447 ἀγαπᾷν
3266 2370 3355 2426 τὸν
3427 2367 3659 2433 πλησίον
3720 2370 3795 2433 ὡς

410 2452 773 2535 suni),simul
790 2470 927 2516 vero
939 2455 1122 2517 etiam
1139 2464 1417 2539 tanquam
1433 2458 1844 2543 interpresDei
1858 2452 2055 2526 sciens

2140 2461 2377 2536 ἔαυτόν)
2418 2460 2530 2536 ἅμα
2590 2459 2644 2515 δὲ
2707 2463 2793 2516 καὶ
2836 2460 2911 2524 ὡς
2967 2458 3251 2537 ὑποφήτης
3312 2464 3448 2515 Θεοῦ
3492 2456 3645 2523 εἰδὼς
3706 2457 3799 2516 καί

410 2552 471 2605 et
498 2543 629 2605 aliis
653 2543 1360 2628 manifestans,tanquam
1389 2551 1640 2629 angelus
1673 2552 1732 2614 id
1765 2552 1927 2633 quod
1960 2572 2062 2634 pe-

410 2634 788 2715 titur,utpote
801 2633 1311 2717 justum,prorsus
1330 2649 1681 2704 eventurum
1717 2633 2011 2721 signiﬁcat
2040 2666 2057 2719 ;

2142 2564 2260 2615 τοῐς
2291 2549 2470 2615 ἅλλοις
2502 2549 2785 2629 ἐκφαίνων,
2848 2550 2919 2611 ὡς
2952 2546 3182 2627 ἅγγελος
3240 2548 3454 2627 Κυρίου,
3522 2548 3793 2629 ἐκφαντο-

2143 2647 2327 2723 ρικῶς,
2364 2639 2444 2697 ὅτι
2474 2642 2761 2720 γενήσεται
2819 2640 2892 2702 ὡς
2952 2636 3130 2695 δικαία
3185 2639 3220 2706 ἡ
3276 2636 3515 2706 αἴτησις·
3583 2638 3645 2697 οὒ
3694 2640 3799 2718 γὰρ

408 2742 609 2804 neque
629 2724 789 2786 enim
820 2727 896 2786 ab
946 2726 1117 2788 initio
1151 2728 1386 2808 petebat
1412 2730 1527 2792 nisi
1559 2749 1695 2814 qua;
1742 2731 1864 2796 Deo
1892 2741 2055 2797 erant

2144 2730 2207 2789 ἂν
2238 2730 2333 2800 τὴν
2364 2730 2539 2810 ἀρχὴν
2581 2731 2755 2800 εζήτει
2786 2730 2852 2785 τὰ
2883 2728 2961 2804 μὴ
2993 2732 3111 2803 Θεῴ
3170 2725 3628 2807 προσφιλέστατα,
3696 2731 3795 2785 At?)

412 2832 588 2895 quam
618 2814 975 2894 gratissima.
1009 2814 1301 2887 Quocirca
1321 2820 1562 2899 quidem
1589 2839 1696 2902 pro
1718 2825 1942 2886 sanctis
1972 2825 2055 2887 sic

2145 2820 2231 2879 ἐπὶ
2262 2822 2362 2897 μὲν
2394 2833 2512 2884 τοῖς
2544 2819 2706 2884 ὁσίοις
2738 2817 2876 2877 οὕτω
2905 2830 3077 2893 ποιεῖ,
3129 2818 3213 2876 ἐπὶ
3269 2816 3325 2874 δὲ
3382 2830 3500 2883 τοῖς
3556 2816 3793 2895 ἀνιέροις

413 2904 576 2984 facit,
608 2904 713 2965 sed
738 2921 844 2984 pro
883 2907 1174 2985 improbis
1195 2907 1565 2991 inﬁdelibus,
1595 2911 1751 2979 sicut
1781 2914 1961 2977 etiam
1995 2914 2055 2976 in

2141 2911 2408 2991 ἀπίστοις,
2441 2911 2615 2977 καθὼς
2647 2911 2734 2967 καὶ
2764 2909 3110 2987 παρακατιὼν
3142 2907 3400 2985 δηλώσει,
3463 2907 3551 2966 ὅτε
3611 2907 3794 2991 λέγει,

411 3011 729 3075 progressu
748 2993 1384 3074 signiﬁcabit,quando
1409 2999 1576 3078 dicit,
1608 3001 1918 3066 videbitur
1946 3005 2055 3068 hoc

2140 2998 2277 3066 δόξει
2306 3000 2430 3065 τοῖς
2465 2999 2693 3078 ἂνιέροις
2725 2998 2947 3077 εὐλόγου
2978 2997 3214 3077 γέλωτος
3274 2995 3441 3064 ἄξιον⁵
3503 3011 3621 3065 τοῖς
3666 3002 3797 3078 γοῦν

410 3084 674 3174 profanis
691 3083 1122 3164 probabilirisu
1139 3086 1407 3166 dignum.
1420 3090 1693 3153 Profanis
1712 3092 1913 3174 itaque
1935 3095 2055 3159 hinc

2141 3091 2368 3169 ἀνιέροις
2394 3094 2491 3149 οὐκ
2540 3090 2828 3169 ἐπεύχεται
2889 3094 3079 3170 ταῦτα,
3113 3088 3172 3145 οῦ
3232 3090 3396 3163 μόνον
3459 3087 3565 3170 ὅτι,
3630 3089 3791 3169 εἴπερ

408 3172 661 3265 minime
684 3182 1062 3265 apprecatur,
1097 3193 1216 3238 non
1248 3177 1439 3239 solum
1468 3179 1628 3261 quia,
1657 3182 1705 3242 si
1738 3172 1850 3245 ista
1885 3193 2054 3265 pete-

2140 3181 2328 3251 ζητοίη
2359 3184 2552 3252 ταῦτα,
2586 3180 2677 3235 οὐκ
2710 3176 2855 3235 ἔσται
2888 3180 3131 3258 χρηστὸς
3161 3179 3443 3258 ὑποφήτης
3488 3185 3580 3236 τοῦ
3612 3179 3798 3236 Πνεύ-

408 3261 779 3355 ret,minime
812 3262 1004 3355 bonus
1034 3264 1336 3355 interpres
1361 3277 1520 3332 esset
1545 3268 1826 3351 Spiritus,
1860 3261 1923 3334 ut
1952 3275 2052 3355 qui

2140 3292 2330 3351 ματος,
2364 3271 2437 3334 ὡς
2471 3268 2657 3329 ἐκεῖνα
2685 3270 2888 3344 ζητῶν,
2921 3270 2993 3333 εἰς
3026 3268 3161 3349 ἅπερ
3214 3268 3311 3325 οὒκ
3364 3267 3585 3338 ὲνινήθη
3645 3270 3793 3349 παρὰ

408 3352 511 3415 illa
540 3352 867 3434 peteret,ad
892 3372 1028 3434 quae
1050 3353 1123 3416 ab
1138 3363 1382 3420 auctore
1406 3360 1823 3441 mysteriorum
1850 3352 2053 3425 divi—no

2140 3367 2230 3419 τοῦ
2280 3359 2632 3440 τελετάρχου,
2693 3365 2784 3416 τοῦ
2839 3359 2978 3416 θείου
3039 3357 3246 3428 δηλαδῆ
3301 3360 3632 3435 Πνεύματος·
3666 3358 3794 3423 ἀλλ’

408 3441 640 3506 scilicet
655 3441 879 3523 Spiritu
903 3442 1147 3506 minime
1182 3456 1517 3510 moveretur
1548 3470 1564 3526 ;
1628 3470 1836 3514 verum
1869 3453 2049 3516 etiam

2140 3450 2216 3507 ὅτι
2274 3453 2361 3509 καὶ
2420 3450 2591 3530 εὐχῆς
2652 3446 2993 3515 ἀποτεύξεται
3049 3452 3122 3515 ὡς
3184 3447 3405 3515 ἀναξίως
3490 3449 3795 3529 γενομένης

408 3533 566 3615 quod
591 3533 872 3613 petitione
893 3552 1004 3595 sua
1038 3541 1312 3617 tanquam
1338 3537 1583 3615 indigna
1609 3540 2005 3606 frustraretur
2033 3566 2046 3603 :

2140 3549 2287 3599 τοῦτο
2318 3542 2417 3620 γὰρ
2446 3527 2610 3607 δηλοῖ
2665 3540 2727 3596 τὸ
2783 3538 3026 3619 ἐναγοῦς,
3081 3540 3234 3596 οἱονεὶ
3291 3527 3524 3604 ἀναξίου.
3585 3539 3791 3597 Ἀκού-

406 3624 524 3684 hoc
549 3622 711 3683 enim
741 3622 959 3712 indicat
990 3641 1098 3686 vox
1150 3628 1391 3708 ἐναγοῦς,
1424 3627 1549 3690 sive
1582 3630 1785 3712 impia,
1822 3631 1885 3693 id
1931 3641 2050 3707 est,

2140 3654 2284 3690 σεται
2342 3632 2443 3710 γὰρ
2498 3630 2588 3687 καὶ
2646 3631 2801 3694 αὐτὸς
2864 3633 2993 3708 πρὸς
3018 3638 3110 3689 τοῦ
3159 3626 3361 3688 δικαίου
3414 3628 3619 3708 λογίου,
3683 3631 3784 3687 Αί-

404 3712 677 3790 indigna.
710 3710 926 3772 Audiet
951 3712 1112 3774 enim
1134 3714 1316 3777 etiam
1344 3717 1473 3798 ipse
1503 3736 1539 3779 a
1557 3710 1719 3797 justo
1748 3710 1993 3798 eloquio
2033 3739 2049 3785 :

2140 3734 2302 3795 τεττε,
2351 3722 2439 3777 καὶ
2474 3724 2532 3779 οὔ
2591 3717 2913 3795 λαμϐάνετε.
2967 3716 3138 3777 ’Ἔστι
3170 3717 3221 3775 δὲ
3255 3720 3316 3775 τὸ
3345 3718 3511 3797 ῥητὸν
3571 3719 3632 3776 ἐκ
3687 3725 3790 3789 τῆς

403 3801 600 3859 Petilia
620 3804 797 3856 etnon
817 3801 1112 3873 accipitis“,
1144 3815 1229 3863 est
1272 3817 1464 3865 autem
1512 3809 1627 3863 haec
1649 3812 1935 3867 sententia
1982 3825 2053 3868 ex

2140 3818 2225 3870 τοῦ
2280 3806 2532 3867 Ἰακώϐου
2563 3806 2908 3877 Ἐπιστολῆς.
2973 3799 3055 3867 ’³0
3101 3807 3167 3877 δὴ
3199 3810 3288 3865 καὶ
3318 3807 3491 3887 λέγει,
3524 3808 3562 3876 ἢ
3592 3811 3667 3873 ὡς
3703 3807 3789 3866 δι·-

394 3888 1071 3973 EpistolaJacobLQuod
1088 3897 1290 3977 utique
1305 3896 1572 3973 dicit,vel
1590 3899 1733 3975 quia
1752 3899 1910 3979 jnste
1928 3900 2053 3962 dic-

2140 3901 2295 3966 καίως
2352 3899 2663 3980 λεγόμενον,
2747 3899 2781 3968 ἢ
2839 3901 2913 3965 ὡς
2988 3899 3132 3975 παρᾶ
3190 3897 3395 3956 δικαίου
3453 3897 3780 3978 λεγόμενον’

407 3981 655 4074 tnm,vel
670 3981 805 4062 quia
817 3984 1020 4062 ajusto
1030 3984 1616 4065 prolatum.Jacobus
1631 3987 2047 4074 enimJoblias,

2140 3988 2359 4055 Ἰοϐλίας
2390 3991 2489 4070 γὰρ
2521 3992 2549 4046 6
2576 3987 2851 4069 Ἰάκωϐος,
2882 3989 3039 4045 οἱονεὶ
3098 3987 3322 4066 δίκαιος,
3382 3988 3793 4066 ἐπωνομάζετο,

390 4074 578 4153 ,ψιδεὶ
588 4073 1264 4153 justus,cognominatus
1282 4075 1669 4139 est.Postulat
1683 4078 1884 4160 itaque
1908 4099 2051 4142 san-

2140 4085 2334 4141 Οῦκοῦν
2364 4080 2552 4136 ἐκεῖνα
2584 4080 2723 4137 αἰτεῖ
2748 4082 2776 4136 6
2830 4080 3117 4159 ἱεράρχης,
3148 4079 3215 4136 τὰ
3263 4079 3480 4144 πάντως
3532 4078 3791 4158 δωρηθη-
3854 4078 3859 4079 ⁷

411 4171 542 4225 ctus
559 4161 807 4225 antistes
825 4163 926 4224 illa
940 4181 1072 4245 quae
1088 4167 1330 4227 omnino
1347 4165 1544 4228 danda
1563 4169 2054 4243 sunt,ostendens

2140 4176 2361 4248 σομενα,
2394 4168 2688 4237 ἐπιδεικνὺς
2741 4169 2973 4227 ἐντεῦθεν
3005 4176 3082 4245 τῷ
3126 4169 3224 4245 μὲν
3272 4175 3409 4244 Θεῶ,
3463 4168 3564 4237 τὴν
3606 4169 3795 4246 θεομί-

404 4251 656 4331 hic,Deo
671 4252 1211 4333 quidem,babitum
1227 4273 1403 4316 suum
1422 4274 1539 4336 quo
1558 4259 1742 4320 Deum
1762 4258 2055 4337 imitatur;

2140 4282 2311 4338 μητον
2343 4260 2529 4318 ἑαυτοῦ
2577 4259 2703 4326 ἕξιν·
2739 4272 2856 4324 τοῖς
2884 4257 2939 4315 δὲ
2972 4265 3225 4339 παροῦσι,
3256 4258 3324 4315 τὰ
3382 4258 3613 4336 ἐσόμενα
3673 4273 3795 4324 τοῖς

413 4344 814 4424 praesentibus
831 4342 1246 4423 vero,pra3mia
1268 4361 1402 4424 qua;
1424 4354 1663 4409 sanctos
1687 4351 2055 4414 manent.Sic

2140 4352 2303 4416 ὁσίοις
2353 4349 2518 4429 δῶρα.
2611 4348 2762 4408 Οὕτω
2820 4351 2907 4407 καὶ
2958 4350 3053 4413 τὰς
3110 4348 3458 4429 ἀφοριστικὰς
3512 4346 3793 4427 δυνάμεις,

411 4438 590 4494 etiam
611 4432 943 4495 bierarchaa
958 4431 1179 4494 habent
1199 4431 1443 4496 virtutes
1465 4439 1847 4516 segregandi,
1873 4439 1932 4501 id
1966 4448 2059 4502 est

413 4522 875 4602 segregationes,
912 4540 1029 4584 non
1060 4522 1219 4604 quod
1265 4523 1772 4591 irrationabilibus
1798 4529 2056 4593 motibus

410 4612 917 4690 earum,utdicam
940 4612 1498 4689 boneste,divinitas
1521 4616 1914 4700 obsequatur,
1949 4620 2055 4685 sed

396 4704 571 4791 ‘quod
593 4701 888 4782 ipsimeta
915 4702 1146 4785 Spiritu
1168 4712 1374 4768 sancto
1405 4707 1550 4768 moti
1583 4707 1906 4772 damnatos
1951 4728 2053 4774 se-

406 4794 956 4902 gregentzftccipite
980 4793 1390 4902 enim,in‘qnit,
1416 4795 1715 4902 Spiritum
1744 4808 2049 4902 sanctum,

2140 4802 2443 4879 Πνεύματος
2454 4819 2469 4835 ⁸

406 4883 507 4964 qui
530 4882 806 4946 videlicet
825 4902 922 4947 vos
935 4892 1166 4948 moveat
1175 4884 1249 4947 ad
1262 4886 1576 4968 ligandum
1594 4897 1657 4952 et
1672 4882 2049 4958 solvendum;

405 4971 480 5036 Et
507 4972 726 5035 iterum
747 4974 1159 5039 sic280Petro
1177 4974 1468 5039 Dominus
1489 4978 1569 5040 ait
1594 5000 1609 5043 :
1634 4978 2056 5064 Quodcunque

407 5064 706 5146 ligaveris
748 5081 933 5148 super
987 5074 1224 5130 terram
1247 5073 1296 5143 °,
1382 5076 1442 5130 et
1494 5086 1629 5151 quae
1693 5081 2052 5153 sequuntur,

407 5154 648 5237 quando
666 5155 880 5220 divinis
915 5156 1380 5220 revelationibus
1402 5174 1436 5219 a
1465 5156 1645 5223 Patre
1665 5162 1854 5243 quiin
1887 5163 2054 5225 caelis

404 5256 501 5310 est
549 5246 985 5330 illustrabatur,
1018 5247 1100 5309 ita
1121 5254 1183 5308 ut
1214 5245 1387 5308 beato
1417 5245 1613 5327 Petro,
1641 5258 1699 5312 et
1728 5251 1891 5313 omni
1923 5258 2057 5333 post

404 5343 602 5421 ipsum
620 5336 1144 5420 pontiﬁci,secund
1154 5354 1250 5398 um
1271 5336 1665 5405 revelationes
1684 5340 1801 5421 ipsi
1821 5343 2056 5406 ctelitus

410 5449 447 5494 a
470 5432 594 5494 Deo
619 5431 903 5505 l‘actas,et
930 5425 1305 5512 approbandi
1336 5434 1395 5489 et
1424 5430 1777 5510 segregandi
1800 5439 2057 5513 potestas

410 5518 826 5594 sit.Quomodo
850 5528 1052 5584 autem
1073 5516 1486 5583 revelationes
1513 5521 1625 5604 ipsi
1651 5520 1819 5587 factae
1841 5520 1904 5584 in
1937 5540 2058 5588 cm-

489 5714 520 5752 ει
545 5698 678 5767 Jac.
718 5718 799 5780 ιν,
828 5704 897 5767 3.
954 5697 1215 5778 oMatth,
1246 5715 1369 5786 nn,
1404 5702 1502 5771 19.

2139 4440 2387 4509 δηλονότι
2418 4442 2539 4507 τοὺς
2571 4442 2919 4521 ἀφορισμοὺς,
2980 4439 3027 4497 οἱ
3096 4439 3343 4519 ἱεριίρχαι
3406 4440 3655 4519 ἔχουσιν,
3691 4442 3796 4520 οὐχ

2139 4529 2219 4588 ὅτι
2248 4532 2430 4589 ἕπεται
2462 4542 2581 4594 ταῖς
2613 4529 2835 4609 ἀλόγοις
2895 4530 3092 4609 ὁρμαῖς
3127 4528 3324 4610 αὗτῶν,
3356 4526 3433 4585 ἵν’
3461 4528 3642 4593 οῦπως
3694 4533 3788 4590 εῦ-

2138 4620 2313 4688 λαϐῶς
2343 4621 2507 4698 εἴπω,
2567 4624 2602 4691 ἡ
2658 4620 2910 4701 θεαρχία,
2974 4617 3092 4676 ἀλλ’
3149 4618 3230 4675 ὅτι
3285 4618 3433 4676 αὒτοὶ
3476 4617 3786 4698 ἄφορίζουσι

2136 4712 2260 4777 τοὺς
2314 4709 2679 4791 κεκριμένους,
2762 4712 2836 4774 εἰς
2908 4716 3065 4767 τοῦτο
3146 4714 3419 4773 κινοῦντος
3476 4716 3570 4766 τοῦ
3644 4709 3797 4789 ἁγίου

2532 4797 2734 4860 Λάϐετε
2791 4800 2913 4880 γὰρ,
2973 4800 3127 4882 φησὶ,
3191 4803 3405 4875 Πνεῦμα
3462 4797 3638 4877 ἅγιον,
3701 4821 3794 4855 κι-

2136 4899 2256 4951 νοῦν
2316 4893 2453 4967 ὑμᾶς
2504 4888 2710 4959 δηλαδὴ
2764 4891 2849 4948 καὶ
2884 4891 2959 4954 εἰς
3008 4888 3146 4946 δέειν
3217 4890 3305 4946 καὶ
3358 4890 3431 4952 είς
3478 4886 3653 4953 λύσιν,
3693 4889 3794 4948 Καὶ

2137 4980 2296 5040 πάλιν
2324 4982 2446 5038 τότε
2475 4981 2605 5063 φησὶ
2655 4986 2734 5056 τῷ
2775 4980 2958 5061 Πέτρῳ
3016 4981 3044 5036 6
3093 4977 3315 5059 Κύριος·
3372 4969 3451 5037 ι’0
3479 4977 3568 5036 ἐὰν
3620 4976 3792 5050 δήσης

2135 5071 2220 5129 ἐπὶ
2251 5077 2348 5139 τῆς
2380 5071 2501 5153 γῆς,
2545 5073 2634 5129 καὶ
2688 5072 2753 5131 τὰ
2790 5068 2933 5139 έξῆς’
2995 5070 3082 5127 ὅτε
3114 5070 3209 5136 τὰς
3240 5070 3383 5133 θείας
3415 5068 3792 5145 ἀποκαλύψεις

2135 5161 2279 5241 παρὰ
2333 5167 2427 5220 τοῦ
2482 5162 2535 5221 ὲν
2597 5162 2843 5241 οὐρανονς
2904 5162 3109 5241 Πατρὸς
3169 5158 3526 5237 ἑνελάμπετο,
3578 5160 3655 5224 ὡς
3702 5157 3793 5215 καὶ

2134 5259 2227 5310 τοῦ
2284 5250 2544 5333 μακαρίου
2597 5251 2818 5333 Πέτρου,
2890 5251 2981 5309 καὶ
3039 5251 3237 5316 παντὸς
3297 5256 3390 5308 τοῦ
3447 5248 3564 5308 κατ’
3629 5248 3790 5308 αὺτὸν

2134 5342 2410 5424 ίεράρχοο,
2439 5343 2575 5400 κατᾶ
2632 5343 2725 5411 τὰς
2782 5341 2835 5400 ἐν
2894 5343 3037 5417 αύτῷ
3064 5343 3349 5421 γινομένας
3408 5342 3688 5420 οὒρανόθεν
3733 5338 3792 5397 ἐκ

2139 5439 2271 5490 Θεοῦ
2297 5431 2686 5510 ἀποκαλύψεις,
2740 5434 2826 5489 καὶ
2881 5430 3309 5513 προδεχομένου,
3369 5432 3459 5489 καὶ
3501 5432 3790 5512 ἄφορίζον-

2139 5544 2253 5597 τος.
2289 5528 2410 5589 Πῶς
2438 5519 2495 5580 δὲ
2526 5525 2578 5580 αἱ
2604 5522 2657 5583 ἐν
2713 5522 2901 5598 ὲκείνῳ
2949 5521 3318 5600 ἀποκαλύψεις
3379 5522 3477 5585 καὶ,
3522 5521 3612 5583 ἐπὶ
3661 5535 3792 5587 ,τοῖς
