4072 6448
298 382 410 455 581

709 390 808 454 DE
851 390 1154 456 ECCLES.
1203 381 1660 473 HIERARCH.,
1710 394 1875 457 CAP.
1922 394 1997 457 V.
2084 425 2161 437 ——
2210 388 2744 460 PARAPHBASIS
2788 388 3303 464 PACHYMERJE.

3578 402 3695 469 582

290 525 493 605 ἕτεροις
552 525 825 607 ἱεράρχαις
883 526 1093 587 ἔσονται
1138 528 1204 586 δι’
1250 533 1324 586 ὧν
1386 537 1549 588 ταῦτα
1580 531 1669 587 καὶ
1728 530 1951 611 ἐνεργή-

2045 529 2184 591 teris
2207 547 2444 611 quoque
2460 528 2840 610 pontiﬁcibus
2854 531 3141 606 erunt,ita
3163 540 3224 593 ut
3248 550 3355 613 per
3377 534 3488 597 hos
3512 542 3690 599 etiam

293 639 501 691 σουσιν,
543 617 573 685 ἢ
639 618 721 673 ὅτι
770 616 1253 698 διαπορθμευτικῶς
1302 624 1388 677 καὶ
1449 619 1948 701 αλληλοδιαδόχως,

297 709 387 765 καὶ
442 706 891 787 ἐκφαντορικῶς;
947 706 1110 783 ’Ὅσῳ
1155 712 1254 789 γὰρ
1311 710 1666 777 πληθύνονται
1730 711 1793 766 τὰ
1848 718 1951 766 τῶν

297 795 694 872 ἀποκαλύψεων
725 797 777 853 ἐν
809 797 1065 871 πολλοῖς,
1092 801 1328 874 τοσούτῳ
1357 798 1562 875 μᾶλλον
1594 799 1947 879 ἐκφαίνονται,

296 887 396 945 Καὶ
458 888 557 965 γὰρ
612 888 709 955 τὴν
771 889 913 965 ἱερὰν
958 889 1163 957 ἐκείνην
1220 889 1516 968 θεολογίαν,
1553 892 1775 959 τήν.Σύ
1825 893 1867 946 εἰ
1926 893 1953 947 6

293 979 525 1054 Χριστὸς
572 977 599 1032 ὀ
651 978 772 1041 Υἱὸς
820 985 907 1033 τοῦ
968 986 1099 1037 Θεοῦ
1148 987 1242 1037 τοῦ
1290 985 1512 1059 ζῶντος,
1549 984 1643 1039 οὒκ
1686 979 1773 1060 ἀφ’
1825 982 1952 1039 ἑαν-

295 1075 411 1140 τοῦ,
439 1065 551 1122 οὔδ’
573 1067 677 1122 ἀπὸ
703 1070 897 1145 σαρκὸς
919 1070 1008 1125 καὶ
1039 1068 1295 1143 α’ίματος,
1324 1068 1442 1124 ἀλλ’
1473 1071 1573 1125 ὑπὸ
1607 1077 1738 1126 Θεοῦ
1768 1076 1954 1145 μυοῦν.

293 1177 357 1212 το
434 1158 524 1212 καὶ
597 1164 868 1221 κινοῦντος
929 1159 1087 1216 αὐτὸν
1158 1157 1573 1237 ἀπεφτθέγξατο.
1638 1160 1769 1222 Τοὺς
1828 1167 1953 1236 γοῦν

296 1246 576 1325 ἀρχιερεῖς
626 1245 764 1302 οὕτω
795 1261 916 1311 ταῖς
976 1249 1316 1327 ἱεραρχικαῖς
1351 1246 1599 1323 δυνάμεσι
1660 1249 1948 1327 χρηστέον.

298 1336 523 1403 Ἀττικὴ
553 1333 608 1391 δὲ
640 1338 674 1404 ἡ
714 1336 978 1412 σύνταξις,
1014 1360 1099 1415 καὶ
1146 1338 1408 1417 ἀρχαῖον,
1442 1341 1503 1393 τὸ
1555 1342 1863 1395 συντασσειν
1888 1339 1954 1395 τὰ

294 1426 582 1483 ὑποθετικά
641 1428 962 1489 αἰτιατικαῖς
1034 1428 1323 1484 πτώσεσιν·
1391 1428 1528 1485 οὕτω
1583 1451 1722 1509 πως,
1780 1431 1952 1492 καθὼς

296 1515 361 1573 ἂν
390 1518 602 1586 κινήσοι
637 1518 823 1580 αὖτοὺς
856 1519 883 1572 6
942 1517 1097 1582 Θεός·
1131 1518 1254 1581 τοὺς
1286 1516 1339 1573 δὲ
1372 1516 1563 1581 ἄλλως
1614 1519 1752 1575 οὕτω
1781 1540 1951 1593 προσ-

299 1600 544 1662 ενεκτέον
606 1619 724 1669 τοῖς
783 1606 1060 1686 ἱεράρχαις
1115 1610 1224 1680 (καὶ
1286 1617 1435 1667 τοῦτο
1495 1608 1592 1686 γὰρ
1644 1607 1782 1665 οὕτω
1841 1631 1959 1665 συνι

296 1695 583 1776 τάσσεται)
630 1698 703 1760 ὡς
762 1697 863 1753 ὑπὸ
921 1696 1052 1753 Θεοῦ
1118 1697 1513 1772 κεκινημένοις·
1581 1699 1711 1775 πρὸς
1768 1700 1956 1763 αὖτοὺς

294 1786 399 1865 γάρ
434 1785 545 1842 ἐστι
591 1785 619 1840 ὃ
650 1792 741 1842 τοῦ
775 1786 1044 1842 Δεσπότου
1099 1793 1327 1864 Χριστοῦ
1355 1785 1536 1866 λόγος,
1575 1778 1632 1843 Ὀ
1677 1788 1811 1862 ὑμᾶς
1843 1788 1958 1844 ἀθε-

293 1882 433 1949 τῶν,
470 1876 565 1949 ἐμὲ
596 1876 800 1939 ἀθετεῖ,

380 1964 408 2045 §
440 1962 592 2027 VIII.
626 1963 776 2021 Ἀλλ’
810 1964 1186 2028 ἐπανελθόντες
1213 1964 1465 2045 λέγομεν,
1502 1963 1586 2023 ὅτι
1619 1966 1955 2033 τελεσθείσης

294 2062 397 2123 τῆς
458 2058 653 2136 εὐχῆς,
715 2056 1037 2127 ἀσπάζονται
1098 2052 1327 2120 ἅπαντες
1386 2058 1479 2111 τὸν
1538 2057 1951 2131 κεκοιμημένον·

296 2145 423 2215 ἡδὺς
480 2149 580 2223 γὰρ
613 2148 698 2203 καὶ
754 2146 930 2221 τίμιος
963 2148 990 2201 6
1048 2146 1212 2222 ἀγίως
1245 2144 1542 2222 βεϐιωκώς,
1602 2148 1749 2202 Μετὰ
1792 2154 1956 2203 ταῦτα

299 2234 513 2316 ἕπιχέει
562 2239 621 2292 τὸ
652 2234 831 2293 ἔλαιον
877 2239 903 2292 6
933 2238 1191 2315 ἱεράρχης
1244 2242 1320 2310 τῷ
1364 2240 1615 2310 κειμένῳ,
1662 2236 1955 2314 Ἐλέγομεν

301 2324 356 2382 δὲ
394 2327 446 2383 ἐν
493 2339 611 2391 τοῖς
646 2328 763 2405 περὶ
812 2333 903 2382 τοῦ
931 2328 1270 2404 φωτίσματος
1326 2325 1532 2403 λόγοις,
1568 2329 1639 2390 ὡς
1667 2332 1748 2398 τῷ
1797 2325 1958 2382 ἐλαίω

297 2418 523 2495 πρώτως
595 2417 808 2495 ἐχρίετο
868 2419 895 2471 6
949 2414 1269 2491 τελούμενος
1328 2415 1441 2489 μεθ’
1508 2418 1685 2481 ὃ-τῆς
1741 2416 1957 2483 ἐσθῆτος

302 2509 697 2585 ἀπεγύμνοῦτο·
752 2506 968 2562 ἐνταῦθα
1021 2505 1073 2561 ἐν
1135 2510 1212 2578 τῷ
1270 2504 1435 2584 τέλει,
1500 2506 1585 2561 καὶ
1646 2504 1807 2561 ταῦτα
1864 2504 1958 2559 οὒκ

298 2598 631 2662 ἀπεικότως.
699 2594 915 2664 Ἐπειδὴ
974 2598 1073 2675 γὰρ
1129 2600 1215 2652 καὶ
1270 2599 1315 2651 οἱ
1372 2597 1443 2657 εἷς
1506 2596 1716 2672 ἀγῶνας
1772 2597 1954 2672 εὐτρε-

302 2678 582 2763 πιζόμενοι
640 2687 911 2766 χρίονται,
968 2688 1055 2743 καί
1101 2687 1147 2741 οἱ
1199 2691 1306 2741 τῶν
1362 2685 1581 2763 ἀγώνων
1624 2686 1955 2759 παυσάμενοι

295 2781 383 2834 καὶ
436 2786 541 2833 τῶν
611 2776 841 2855 ἱδρώτων
916 2775 1339 2851 ἀπολουσάμενοι
1410 2790 1674 2855 χρίονται,
1738 2776 1953 2839 εἰκότως

292 2870 384 2925 καὶ
436 2868 523 2924 ἐπὶ
575 2868 807 2947 τούτοις,
840 2866 1019 2922 ἐκεῖσε
1061 2867 1158 2940 μὲν
1223 2864 1339 2921 κατ’
1385 2864 1557 2944 ἀρχὰς
1612 2866 1823 2944 ἐχρίετο
1881 2867 1949 2927 εἷς

288 2960 416 3021 τοὺς
475 2958 686 3035 ἀγῶνας
743 2956 1193 3035 ὑπαλειφόμενος,
1231 2955 1451 3011 ἐνταῦθα
1484 2954 1538 3010 δὲ
1592 2955 1645 3009 ἐν
1677 2962 1752 3029 τῷ
1811 2954 1950 3012 τέλει

291 3050 512 3105 πάντων
543 3050 615 3110 ὡς
648 3054 755 3102 τῶν
784 3046 1004 3123 ἀγώνων
1037 3045 1507 3119 ἀποπαυσάμενος.

375 3138 405 3216 §
436 3135 537 3199 [Χ.
593 3143 768 3195 Ταῦτα
799 3135 1022 3197 τελέσας
1056 3138 1082 3191 6
1128 3136 1412 3214 ἱεράρχης,
1447 3134 1728 3201 ἀποτίθησι
1760 3136 1951 3209 τιμίως

290 3229 354 3284 τὸ
414 3235 569 3301 σῶμα
597 3225 714 3301 μεθ’
771 3226 964 3303 ἑτέρων
1016 3225 1170 3301 ἱερῶν
1225 3225 1511 3298 σωμάτων.
1576 3221 1794 3290 Ἐπειδὴ
1853 3225 2013 3320 γάρα

293 3320 325 3375 ὁ
366 3317 607 3398 φιλόθεος
666 3316 937 3390 ἄνθρωπος
990 3315 1041 3371 ἐν
1088 3320 1232 3390 ψυκῆ
1283 3316 1368 3370 καὶ
1423 3316 1631 3389 σώματι
1694 3316 1953 3375 συνεστὼς

294 3410 387 3466 τὸν
448 3407 691 3485 ἐνάρετον
726 3408 837 3483 βίον
898 3405 1259 3478 ἐπολιτεύετο,
1298 3403 1388 3461 ἵνα
1420 3410 1465 3459 τί
1518 3405 1612 3471 τῆς
1647 3404 1817 3479 ψυχῆς
1859 3408 1953 3462 αὒ-

290 3498 583 3573 Ᾱιζομένης
638 3497 690 3552 ἐν
746 3497 994 3573 ἀγαθοῖς,
1057 3497 1116 3551 τὸ
1172 3502 1329 3571 σῶμα
1387 3496 1832 3572 παροραθήσεται,
1866 3495 1953 3549 καὶ

291 3590 355 3646 οὗ
406 3590 596 3660 τιμίως
651 3586 1065 3652 κατατεθτίσεται
1108 3602 1123 3659 ;
1176 3587 1271 3643 Kth
1332 3583 1431 3662 γάρ
1481 3586 1567 3640 καὶ
1630 3586 1679 3639 αἱ
1736 3582 1952 3657 ἀμοιϐαὶ

287 3684 362 3755 τῇ
398 3683 542 3753 ψυχῇ
572 3680 705 3753 μετά
739 3678 986 3751 σώματος
1046 3674 1383 3754 δοθήσονται,
1418 3674 1527 3729 εἴτε
1563 3680 1668 3728 τῶν
1718 3674 1949 3752 ἀγαθῶν,

290 3769 409 3824 εἴτε
442 3774 545 3825 τῶν
601 3773 801 3846 κακῶν,
836 3767 978 3845 παρᾶ
1031 3775 1123 3823 τοῦ
1153 3763 1354 3821 δικαίου
1400 3774 1619 3841 Κριτον.
1657 3764 1749 3819 Διὸ
1780 3765 1868 3819 καὶ
1924 3764 1951 3818 6

289 3859 435 3935 ἱερὸς
493 3858 687 3932 θεσμὸς
746 3857 834 3913 καὶ
887 3854 1161 3935 ἀμφότερα
1220 3855 1447 3933 ἁγιάζει,
1491 3854 1589 3921 τὴν
1653 3875 1709 3909 τε
1768 3854 1953 3931 ψυχὴν

290 3950 383 4005 καὶ
441 3950 500 4003 τὸ
563 3953 740 4022 σῶμα·
807 3947 905 4014 τὴν
939 3947 1115 4021 ψυχὴν
1174 3945 1292 4021 μὲν,
1330 3944 1383 4000 ἐν
1442 3957 1667 4011 νοηταῖς
1718 3947 1953 4022 θεωρίαις

293 4040 383 4095 καὶ
434 4038 707 4114 ἐπιστήμῃ
740 4037 844 4093 τῶν
901 4035 1257 4111 τελουμένων
1298 4036 1353 4091 τὸ
1412 4037 1567 4111 σῶμα
1620 4034 1673 4089 δὲ
1704 4042 1778 4109 τῷ
1834 4034 1956 4108 θείῳ

292 4128 469 4205 μύρῳ,
537 4128 674 4185 ’Ἔτι
707 4126 759 4182 δὲ
818 4127 903 4183 καὶ
962 4140 1080 4191 τοῖς
1140 4124 1456 4204 ἀγιωτᾶτοις
1517 4123 1804 4201 συμϐόλοις
1857 4124 1953 4193 τῆς

289 4224 436 4284 θείας
493 4217 851 4294 μετάλήψεως
889 4217 1117 4294 ἀγιάζων
1169 4217 1341 4273 πάντα
1383 4218 1475 4272 τὸν
1532 4214 1830 4296 ἄνθρωπον,
1863 4216 1950 4272 καὶ

290 4313 394 4381 τὴν
422 4312 610 4379 ὁλικην
648 4312 832 4390 αὖτοῦ,
864 4308 1026 4387 ἤγουν
1059 4311 1146 4365 γαὶ
1202 4310 1299 4376 τὴν
1330 4309 1427 4377 τῆς
1491 4310 1674 4387 ψυχῆς
1705 4310 1791 4364 καὶ
1858 4308 1951 4375 τὴν

291 4413 389 4463 τοὺ
448 4404 697 4481 σώματος
756 4404 1025 4479 σωτηρίαν
1083 4404 1389 4480 ἱερουργῶν,
1448 4402 1535 4457 καὶ
1596 4400 1756 4458 πάλιν
1816 4399 1953 4457 οὕτω

290 4495 639 4562 τελειοτάτην
684 4492 977 4573 διαγγέλων
1009 4496 1096 4549 καὶ
1123 4493 1220 4559 τὴν
1256 4490 1564 4554 ἀνάστασιν,

380 4673 510 4755 §X.
547 4677 648 4739 Τὰς
681 4672 734 4731 δὲ
768 4675 863 4742 τῆς
892 4672 1226 4754 χειροτονίας
1261 4673 1423 4752 εὐχὰς
1458 4672 1518 4728 οὐ
1552 4670 1767 4746 θεμιτὸν
1798 4668 1954 4750 ἀφερ-

293 4768 571 4847 μηνεύειν,
633 4765 800 4844 ἤγουν
861 4765 977 4839 μεθ’
1036 4764 1320 4841 ἑρμηνείας
1352 4761 1718 4836 δημοσιεύειν,
1755 4782 1953 4835 μυστι-

293 4860 395 4923 κάς
456 4856 611 4921 οὔσας
648 4859 733 4913 καὶ
788 4853 1139 4933 ἀπορρήτους·
1206 4854 1264 4911 οὐ
1292 4852 1402 4933 χρὴ
1460 4850 1514 4906 δὲ
1561 4850 1763 4929 ἐξάγειν
1822 4851 1954 4927 πρὸς

290 4954 359 5009 τὸ
419 4950 596 5007 κοινὸν
629 4951 725 5019 τὴς
758 4948 819 5005 ὲκ
872 4954 977 5005 τῶν
1012 4949 1189 5027 εὐχῶν
1223 4944 1557 5026 δωροδμένας
1618 4956 1734 5008 τοῖς
1768 4940 1957 5000 τελου-

292 5042 478 5120 μένοις
539 5040 785 5116 δυνάμεις
848 5049 941 5098 τοῦ
998 5040 1329 5115 Πνεύματσς,
1394 5036 1562 5094 Ἀλλά
1621 5038 1705 5111 σὺ,
1767 5034 1958 5101 ταύτας

291 5135 437 5193 κατά
484 5133 581 5200 τὴν
645 5133 795 5188 θείαν
865 5127 1153 5209 παράδοσιν
1226 5133 1493 5205 μυστικῶς
1564 5126 1808 5203 ἐκμαθὼν
1870 5128 1957 5183 καὶ

292 5227 427 5304 πρὸς
479 5221 747 5301 θειοτέραν
805 5220 1058 5300 ἀναχθεὶς
1116 5216 1241 5293 ἕξιν,
1277 5218 1490 5297 φθάσεις
1548 5218 1633 5273 καὶ
1695 5216 1792 5283 τὴν
1852 5222 1959 5272 τῶν

289 5317 550 5373 τοιούτων
616 5311 925 5388 ἐπιστήμην
979 5311 1081 5365 ὑπὸ
1132 5308 1577 5387 τῆςὶεραρχικῆς
1634 5305 1956 5382 ὲλλᾶμψεως

289 5402 461 5486 (αὕτη
532 5403 634 5481 γάρ
683 5402 826 5458 ἐστιν
884 5402 919 5471 ἠ
992 5405 1177 5455 πασῶν
1236 5403 1341 5453 τῶν
1411 5396 1640 5453 τελετῶν
1696 5392 1959 5475 ἄρχουσα)

290 5492 594 5571 ὁδηγούμεν
603 5512 662 5554 ος
674 5536 685 5552 .

378 5579 533 5663 ἓΧῙ.
572 5582 843 5641 Ἐντεῠθεν
874 5580 994 5662 ἄρα,
1030 5581 1079 5637 τί
1132 5598 1294 5665 φησιν
1324 5579 1351 5635 6
1385 5575 1566 5658 Πατὴρ
1596 5576 1714 5659 περὶ
1744 5585 1837 5636 τοῦ
1890 5574 1958 5634 τὰ

379 5787 406 5831 ι)
438 5772 580 5839 Luc.
604 5772 795 5855 1,16.

2038 619 2165 681 haec
2178 617 2647 700 operentur,nisi
2665 620 3164 697 pertraditionem
3189 631 3247 683 et
3270 635 3533 685 mutuam
3558 644 3691 689 suc-

2038 710 2371 772 cessionem
2406 718 2462 770 et
2489 708 3028 770 manifestationem
3052 710 3082 769 ?
3136 710 3368 783 Quanto
3399 715 3562 775 enim
3587 734 3689 778 re-

2038 800 2363 862 velationes
2386 799 2444 859 in
2470 797 2739 877 pluribus
2783 800 3276 882 multiplicantur,
3304 811 3467 864 tanto
3493 789 3690 885 magis

2040 890 2508 951 manifestantur.
2531 887 2762 949 Etenim
2788 906 3016 950 sacram
3043 890 3204 952 illam
3234 892 3338 954 Dei
3365 894 3690 973 professio-

2037 998 2172 1041 nem
2204 1001 2216 1043 :
2254 978 2341 1040 Tu
2371 996 2431 1040 es
2476 978 2752 1040 Christus
2790 977 2993 1041 Filius
3025 980 3133 1041 Det
3179 983 3327 1062 vivi,
3376 1002 3492 1044 non
3525 1003 3558 1045 a
3586 1003 3687 1047 se-

2039 1072 2177 1130 meti
2188 1086 2519 1149 pso,neque
2541 1086 2573 1129 a
2593 1085 2773 1128 carne
2797 1075 2857 1128 et
2886 1070 3311 1148 sanguine,sed
3341 1070 3461 1134 Deo
3492 1073 3684 1155 ipsum

2038 1159 2149 1220 hoc
2183 1159 2434 1219 docente
2465 1175 2535 1218 ac
2585 1165 2859 1218 movente
2906 1160 3348 1237 pronuntiabat.
3403 1162 3689 1225 Similiter

2036 1250 2239 1325 itaque
2272 1248 2584 1327 pontiﬁces
2606 1246 3033 1308 ecclesiasticis
3068 1250 3458 1327 potestatibus
3480 1252 3563 1312 uti
3586 1252 3690 1313 de-

2036 1336 2401 1399 bent.Attica
2428 1344 2516 1398 est
2538 1337 2794 1415 syntaxis
2826 1343 2888 1398 et
2911 1346 3140 1400 vetusta
3163 1341 3552 1421 constructio,
3570 1360 3687 1417 qua

2038 1426 2475 1509 propositiones
2508 1425 2824 1487 accusandi
2880 1426 3117 1488 casibus
3169 1429 3548 1507 efferuntur;
3602 1432 3689 1493 sic

2038 1516 2349 1590 nimirum,
2392 1534 2461 1578 ac
2484 1516 2531 1576 si
2558 1522 2823 1578 moveret
2842 1533 2945 1576 eos
2970 1516 3126 1577 Deus
3156 1536 3178 1595 ;
3212 1517 3445 1581 czeteris
3489 1529 3686 1582 autem

2038 1608 2120 1671 ita
2144 1606 2454 1687 pontiﬁces
2483 1604 2840 1667 observandi
2873 1614 3009 1666 sunt
3044 1616 3199 1681 (nam
3249 1617 3307 1668 et
3338 1609 3450 1670 hoc
3474 1610 3685 1672 eodem

2040 1698 2217 1759 modo
2251 1698 2635 1771 construitur)
2669 1702 2945 1775 tanquam
2968 1696 3069 1774 qui
3098 1715 3132 1757 a
3162 1696 3272 1758 deo
3301 1709 3681 1763 moveantur:

2037 1788 2111 1850 ad
2142 1808 2243 1850 eos
2276 1788 2434 1849 enim
2468 1794 2558 1848 est
2587 1802 2783 1846 sermo
2823 1783 3041 1847 Christi
3088 1785 3357 1848 Domini:
3418 1788 3533 1861 Qui
3588 1808 3688 1852 vos

2042 1895 2165 1958 spe)
2186 1878 2300 1952 nit,
2334 1895 2427 1939 me
2454 1882 2687 1956 spernit
2718 1886 2768 1936 ρ.

2120 1973 2146 2044 §
2178 1967 2332 2032 VIII.
2365 1968 2657 2030 Caeterum
2683 1966 2755 2028 ad
2774 1973 2998 2028 textum
3032 1965 3382 2043 redeuntes,
3410 1968 3687 2051 dicimus,

2043 2059 2207 2121 finita
2225 2058 2587 2138 precatione,
2611 2075 2821 2117 omnes
2837 2055 3179 2116 defunctum
3202 2058 3459 2119 salutare
3486 2078 3501 2135 ;
3527 2078 3693 2121 acce-

2042 2158 2179 2230 ptus
2206 2148 2367 2209 enim
2386 2156 2443 2210 et
2468 2148 2696 2207 honore
2725 2147 2940 2225 dignus
2964 2154 3050 2206 est
3079 2146 3348 2226 quisquis
3375 2156 3581 2211 sancte
3601 2149 3693 2209 vi-

2040 2241 2144 2300 xit.
2174 2242 2381 2301 Postea
2404 2236 2665 2317 pontifex
2689 2235 2969 2297 defuncto
2990 2234 3185 2295 oleum
3221 2237 3495 2300 effundit.
3524 2240 3692 2300 Dixi-

2043 2346 2174 2389 mus
2198 2336 2392 2388 autem
2417 2326 2475 2385 in
2501 2326 2571 2385 iis
2593 2343 2723 2404 quae
2769 2324 2843 2385 de
2875 2322 3312 2385 illuminatione
3345 2326 3498 2386 dicta
3530 2335 3689 2402 sunt,

2040 2417 2338 2499 quomodo
2367 2415 2692 2477 initiandus
2718 2414 2975 2495 primum
3001 2412 3132 2473 oleo
3157 2413 3543 2492 inungeretur
3560 2425 3693 2497 post

2039 2513 2286 2568 vestium
2314 2504 2744 2585 depositionem
2770 2522 2784 2579 ;
2806 2504 2892 2563 sic
2911 2511 2967 2563 et
2989 2502 3086 2563 bic
3115 2503 3175 2563 in
3200 2504 3340 2580 ﬁne,
3370 2514 3427 2565 et
3449 2506 3694 2585 quidem

2042 2616 2160 2659 non
2186 2597 2507 2656 immerito.
2534 2596 2680 2657 Cum
2709 2593 2869 2655 enim
2900 2593 2936 2653 ii
2959 2592 3059 2672 qui
3104 2593 3177 2654 ad
3229 2597 3557 2657 certamina
3587 2596 3686 2657 in-

2042 2695 2380 2760 struuntur,
2428 2687 2830 2760 inunguntur;
2882 2683 2968 2742 uti
3003 2691 3059 2741 et
3092 2682 3131 2742 ii
3176 2685 3276 2763 qui
3323 2703 3356 2744 a
3402 2686 3688 2747 certando

2040 2786 2293 2848 cessant,
2325 2784 2382 2836 et
2411 2774 2661 2835 sudores
2690 2773 3140 2843 absterserunt;
3178 2772 3389 2834 merito
3423 2773 3600 2835 etiam
3626 2776 3690 2836 in

2039 2868 2152 2929 bis:
2186 2866 2265 2927 ibi
2288 2865 2527 2946 quidem
2555 2864 2613 2924 in
2640 2861 3014 2943 principio,is
3028 2863 3129 2940 qui
3155 2863 3480 2925 certamina
3504 2867 3688 2926 susci-

2038 2959 2143 3038 pit,
2176 2957 2271 3017 bic
2302 2974 2437 3016 vero
2470 2954 2528 3013 in
2563 2953 2681 3014 ﬁne
2711 2952 3003 3033 omnium,
3040 2962 3323 3030 tanquam
3349 2954 3451 3035 qui
3487 2972 3523 3015 a
3549 2973 3686 3017 cer-

2039 3048 2217 3110 tando
2251 3046 2503 3119 desistit,
2545 3043 2870 3121 inungitur.

2121 3141 2149 3215 ἓ
2181 3136 2279 3198 ΙΧ.
2316 3136 2419 3197 His
2453 3134 2730 3215 peractis,
2756 3134 3019 3213 pontifex
3043 3134 3306 3196 defuncti
3338 3152 3555 3215 corpus
3586 3135 3687 3197 bo-

2040 3236 2209 3289 nesto
2240 3228 2370 3288 loco
2395 3225 2666 3286 recondit
2689 3242 2822 3284 cum
2878 3224 3011 3285 aliis
3072 3222 3420 3305 corporibus
3476 3226 3679 3286 sacris.

2040 3317 2184 3381 Cum
2218 3318 2377 3377 enim
2410 3315 2461 3377 is
2493 3314 2591 3395 qui
2625 3313 2942 3375 defunctus
2991 3322 3103 3389 est,
3147 3314 3347 3375 anima
3403 3313 3579 3374 simul
3632 3322 3690 3375 et

2037 3425 2289 3487 corpore
2311 3411 2609 3478 constans,
2640 3412 2899 3463 sanctam
2922 3404 3096 3464 vitam
3138 3404 3469 3480 egerit,cur
3489 3404 3689 3464 anima

2037 3497 2097 3559 in
2134 3497 2305 3557 bonis
2337 3500 2743 3555 commorante
2776 3511 2991 3571 corpus
3021 3493 3447 3571 negligeretnr,
3484 3500 3689 3554 etnon

2037 3585 2699 3665 honestedoponeretur
2720 3583 2744 3643 Υ
2767 3582 2997 3644 Etenim
3021 3584 3231 3662 ajusw
3248 3582 3455 3660 judice
3476 3583 3687 3644 condi-

2036 3696 2150 3757 gna
2173 3674 2481 3737 retributio
2513 3673 2727 3734 animae
2753 3691 2869 3733 una
2898 3692 3032 3733 cum
3060 3690 3307 3752 corpore
3341 3672 3681 3747 donabitur,

2037 3767 2161 3828 sive
2194 3766 2484 3827 bonorum
2518 3764 2641 3825 sive
2686 3762 2999 3826 malorum.
3034 3760 3265 3823 Idcirco
3307 3761 3487 3823 etiam
3523 3779 3691 3823 sacra

2039 3856 2129 3919 lex
2154 3864 2404 3935 utraque
2428 3852 2782 3927 sanctiﬁcat,
2808 3861 2924 3915 tam
2959 3869 3175 3933 corpus
3198 3870 3373 3933 quam
3392 3851 3685 3913 animam:

2038 3948 2297 4009 animam
2330 3944 2462 4004 281
2501 3942 2769 4023 quidem,
2820 3943 2877 4002 in
2910 3941 3280 4023 spiritalibus
3314 3941 3689 4022 contempla-

2038 4035 2306 4100 tionibus
2345 4042 2520 4114 atque
2565 4033 2815 4094 scientia
2840 4050 3049 4094 eorum
3077 4050 3209 4113 quae
3256 4032 3638 4093 celebrantur
3674 4048 3689 4106 ;

2040 4144 2259 4207 corpus
2280 4143 2440 4201 vero,
2477 4124 2679 4185 divino
2701 4122 3191 4202 unguento.Quin
3214 4129 3271 4182 et
3291 4120 3690 4185 sanctissimis

2036 4216 2322 4300 symbolis
2370 4214 2585 4275 divina;
2636 4213 3105 4293 participationis
3154 4218 3342 4273 totum
3386 4210 3684 4271 hominem

2037 4308 2390 4383 sanctiﬁcat,
2427 4312 2608 4385 atque
2641 4304 2882 4367 totalem
2939 4304 3093 4383 ejus,
3126 4303 3343 4363 animm
3373 4301 3603 4363 scilicet
3633 4309 3691 4361 et

2037 4399 2331 4482 corporis,
2392 4396 2639 4456 salutem
2708 4402 3012 4475 Operalur,
3076 4409 3187 4453 nec
3223 4410 3339 4452 non
3374 4392 3485 4451 hoc
3514 4390 3689 4451 modo

2041 4481 2533 4575 perfectissimam
2651 4483 2738 4544 illi
2844 4501 3081 4563 quoque
3180 4481 3688 4543 resurrectionem

1976 4565 2021 4615 θ
2038 4565 2372 4646 annuntiat.

2119 4674 2147 4752 §
2178 4674 2255 4733 Χ.
2290 4665 2703 4731 Invocationes
2738 4681 2922 4744 porro
2949 4662 3345 4724 ordinationis
3379 4662 3544 4723 nefas
3603 4668 3691 4722 est

2037 4757 2443 4841 interpretari,
2478 4774 2584 4817 seu
2617 4754 2968 4836 explicando
3002 4754 3327 4834 publicare,
3368 4771 3500 4814 cum
3561 4770 3688 4831 my-

2040 4854 2204 4915 stica;
2234 4848 2353 4910 sint
2383 4854 2441 4908 et
2470 4863 2701 4907 arcanae
2731 4866 2746 4921 ;
2780 4864 2898 4906 non
2946 4852 3182 4927 oportet
3206 4852 3403 4905 autem
3434 4844 3496 4905 in
3523 4859 3692 4905 com-

2044 4960 2223 5003 mune
2255 4938 2469 5000 eﬁ'erre
2492 4936 2739 4997 virtutes
2760 4933 3017 5017 Spiritus
3030 4936 3243 5010 sancti,
3275 4952 3409 5015 quae
3430 4950 3538 5014 per
3562 4950 3691 5013 pre-

2042 5050 2141 5094 ces
2163 5027 2412 5092 initiatis
2433 5027 2847 5089 conferuntur.
2876 5024 2990 5087 Sed
3017 5033 3100 5106 tu,
3131 5026 3230 5087 ubi
3256 5042 3356 5085 eas
3396 5024 3566 5102 juxta
3591 5022 3691 5083 di-

2040 5124 2234 5183 vinam
2260 5117 2640 5181 traditionem
2669 5118 2915 5196 mystice
2938 5115 3232 5190 hauseris,
3259 5122 3316 5176 et
3331 5114 3403 5175 ad
3442 5112 3694 5174 divinio-

2042 5230 2171 5275 rem
2192 5210 2457 5273 habitum
2478 5207 2781 5269 traductus
2803 5206 3227 5283 fueris,earum
3248 5222 3485 5287 quoque
3502 5202 3696 5265 scien-

2045 5304 2185 5365 tiam
2219 5296 2593 5363 hierarchica
2642 5295 3037 5357 illustratione
3090 5294 3505 5375 consequeris,
3569 5294 3697 5353 haec

2041 5393 2200 5457 enim
2234 5399 2325 5455 est
2355 5390 2623 5452 omnium
2658 5387 3067 5466 mysteriorum
3107 5386 3385 5467 princeps
3413 5404 3481 5447 ac
3511 5384 3651 5445 dux.

2122 5562 2281 5646 §Xl.
2314 5559 2639 5626 Considera
2675 5556 2855 5624 etiam
2906 5557 3003 5622 hic
3033 5556 3179 5642 quid
3236 5555 3396 5623 dicat
3453 5562 3694 5622 sanctus
