4072 6412
433 326 551 400 583
1599 333 1661 395 S.
1751 323 1934 396 DION
1946 331 2101 396 YSII

2169 320 2676 397 AREOPAGIT/E
3710 317 3824 392 584

418 469 586 528 Pater
609 469 676 526 de
707 467 989 539 baptismo
1012 467 1409 538 parvulorum.
1435 466 1582 525 Illud
1603 474 1814 532 autem,
1847 464 2060 524 Videtur

2158 467 2327 547 βρέφη
2360 468 2752 544 βαπτίζεσθαι..
2791 463 2864 522 Τὸ
2897 462 2973 539 δὲ,
3015 471 3178 521 Δοκεῖ
3232 461 3356 537 μὲν,
3389 462 3462 525 ὡς
3494 459 3624 540 φὴς,
3663 458 3826 528 δῆλον

416 559 644 630 quidem,
678 563 742 615 ut
769 557 874 621 ais,
928 556 1296 614 manifestum
1349 557 1498 621 facit,
1556 571 1689 613 eum
1732 557 1847 612 hac
1877 564 1930 613 et
1961 555 2070 613 alia

414 657 617 710 sancto
649 647 963 710 Timotheo
997 635 1280 724 tanquam
1314 647 1702 725 interroganti
1731 647 2067 726 scripsisse.

415 738 937 818 Videbituritaque
957 736 1218 816 profanis
1234 755 1349 798 non
1367 737 1669 800 immerito
1689 737 1810 798 risu
1827 738 2070 816 dignum

412 831 568 909 quod
597 829 850 890 infantes
868 827 1107 903 docent,
1134 827 1235 908 qui
1262 827 1517 888 necdum
1549 837 1797 907 possunt
1819 827 2026 888 audire
2055 848 2069 904 ;

412 928 588 1000 atque
607 920 855 999 insuper
876 917 1136 979 movebit
1167 917 1280 978 hoc
1313 936 1415 978 eos
1446 916 1518 978 ad
1555 929 1760 979 nostra
1788 916 2070 997 mysteria

415 1008 810 1091 explodenda,
843 1005 996 1087 quod
1020 1006 1120 1068 alii
1144 1025 1250 1088 pro
1270 1007 1402 1068 aliis
1427 1007 1980 1069 abrenuntiationes
2003 1025 2070 1070 ac

415 1099 814 1180 professiones
837 1098 1242 1178 pronuntient.
1272 1098 1493 1159 Verum
1524 1116 1640 1158 non
1673 1106 1909 1177 Oportet
1934 1098 2068 1158 hie-

415 1189 654 1250 rarchas
671 1207 740 1249 ac
763 1186 1088 1268 prudentes
1114 1187 1408 1266 indignari
1438 1186 1557 1248 illis
1581 1187 1688 1264 qui
1713 1196 1936 1265 errant,
1964 1185 2069 1248 sed

412 1278 693 1359 religiose
705 1277 992 1340 rationem
1009 1277 1407 1353 reddere;nec
1425 1297 1543 1339 non
1556 1277 2068 1349 addere,rationes

409 1367 469 1430 in
485 1367 664 1431 rebus
677 1366 896 1429 nostris
908 1367 1195 1447 quasdam
1213 1384 1344 1428 esse
1357 1385 1490 1448 quae
1507 1375 1766 1430 nostram
1783 1375 2068 1447 superent

2155 560 2230 621 ὡς
2287 557 2616 633 ἐρωτησαντι
2675 563 2751 630 τῷ
2808 555 2942 633 ἁγίῳ
2973 553 3218 629 Τιμοθέῳ
3277 553 3478 629 ἔγραψε
3510 552 3599 608 καὶ
3658 557 3824 607 ταῦτα

2157 647 2252 703 καὶ
2284 646 2474 706 τᾶἱλλα.
2514 647 2661 712 ΔόΞει
2714 647 2882 704 τοίνυν
2916 658 3034 709 τοῖς
3094 643 3323 722 ἀνιέροις
3359 641 3581 719 εὒλόγου
3639 639 3822 718 γέλω-

2157 759 2244 800 τος
2276 736 2442 817 ἄξιον²
2477 740 2519 794 εἰ
2572 739 2634 792 τὰ
2663 736 2832 816 βρέφη
2865 737 2930 792 τὰ
2989 735 3066 811 μὴ
3100 735 3318 790 ἄκουσαι
3353 729 3618 805 δυνάμενα
3674 728 3821 786 i181-

2158 826 2431 884 δασκουσισ
2501 829 2580 883 (αἱ
2638 828 2697 882 τὸ
2752 825 2826 882 ἔτι
2895 825 3253 902 παρακινῆσον
3306 821 3492 883 αὖτοὺς
3534 821 3608 884 ε’ς
3659 820 3722 876 τὸ
3760 821 3822 876 τὰ

2149 916 2383 993 ἡμέτερα
2440 917 2729 990 σκώπτειν,
2765 914 2847 971 ὅτι
2903 913 3032 993 ὑπὲρ
3083 912 3257 970 ἄλλων
3313 910 3483 990 ἕτεροι
3517 911 3611 974 τὰς
3675 909 3820 966 ἀπο-

2151 1007 2320 1083 ταγᾶς
2375 1017 2646 1065 ποιοῦνται
2679 1007 2765 1063 καὶ
2805 1006 2899 1068 τὰς
2931 1002 3247 1082 ὁμολογίας.
3283 1013 3380 1059 Δεῖ
3433 999 3490 1057 δὲ
3522 1001 3646 1062 τοὺς
3683 1001 3824 1056 κατὰ

2151 1099 2281 1152 Θεὸν
2337 1097 2590 1177 ἱερέρχας
2625 1099 2712 1152 καὶ
2772 1096 3014 1158 συνετοὺς
3045 1095 3122 1167 μὴ
3155 1092 3442 1174 χαλεπαίνι
3459 1114 3506 1148 ιν
3571 1089 3667 1146 ἐπί
3702 1103 3822 1156 τοῖς

2153 1185 2613 1260 πεπλανημένοις,
2673 1185 2796 1242 ἀλλ’
2853 1182 3091 1248 εὒλαϐὡς
3149 1181 3564 1261 ἀπολογεῖσθαι,
3621 1201 3823 1260 προτι-

2151 1275 2358 1356 θέντας,
2390 1278 2476 1332 καὶ
2510 1283 2684 1356 τοῦτο,
2712 1275 2793 1332 ὅτι
2823 1276 2917 1332 εἰσὶ
2989 1297 3122 1340 τινες
3155 1272 3306 1351 λόγοι
3339 1272 3426 1329 ἐπὶ
3457 1285 3575 1333 τοῖς
3610 1270 3822 1346 ἡμετέ-

2150 1387 2262 1442 ροις
2321 1367 2450 1444 ὑπὲρ
2482 1367 2578 1434 τῆν
2642 1365 2907 1445 ἡμετέραν
2953 1371 3175 1444 γνῶσιν,
3210 1365 3298 1420 καί
3355 1383 3494 1427 τινες
3553 1359 3650 1436 ιαὶν
3713 1361 3819 1417 ἀπὸ

407 1458 886 1536 intelligentiam,
933 1475 1186 1536 quarum
1238 1457 1574 1535 aliquarum
1631 1458 1836 1519 notitia
1866 1466 2060 1519 tamen

2147 1456 2350 1512 τούτων
2405 1455 2684 1522 ἐπιστητοὶ
2723 1470 2838 1521 τοῖς
2894 1454 3145 1534 ἀγγέλοις
3207 1454 3328 1527 εἰσὶ,
3361 1453 3502 1517 τινὲς
3555 1449 3610 1507 δὲ
3638 1450 3822 1508 κάκεί-

409 1549 654 1626 angelos
687 1567 805 1610 non
835 1548 998 1627 latet,
1031 1547 1422 1626 quarumdam
1485 1565 1623 1609 vero
1675 1549 1849 1609 etiam
1899 1548 2060 1628 ipsos

2147 1567 2255 1610 νοις
2300 1545 2561 1624 ἅγνωστοί
2592 1548 2712 1626 εἶσι,
2751 1550 2836 1603 καὶ
2895 1551 3010 1619 Θεῷ
3067 1546 3216 1620 μόνῳ
3243 1543 3633 1622 γινώσκονται,
3666 1543 3823 1610 Πλὴν

409 1640 576 1721 fugit,
611 1647 668 1702 et
698 1639 810 1701 soli
857 1641 978 1701 Deo
1021 1638 1273 1736 cognitae
1323 1645 1507 1736 sunt.
1539 1639 1966 1700 Verumtamen
1998 1638 2060 1700 iu

2157 1634 2256 1692 ὅσα
2315 1639 2455 1714 παρὰ
2485 1642 2590 1693 τῶν
2635 1634 2962 1693 διδασκάλων
3025 1637 3184 1710 ἡμῶν
3219 1633 3534 1708 ἀκηκόαμεν
3592 1631 3822 1708 μυηθέν-

407 1738 694 1809 quantum
724 1747 756 1790 a
798 1726 1268 1807 praeceptoribus
1320 1727 1542 1789 nostris
1575 1729 1937 1809 accepimus,
1970 1729 2060 1810 qui

2158 1747 2259 1782 των
2306 1729 2388 1782 καὶ
2451 1728 2652 1783 τούτων
2709 1727 2768 1783 ἐκ
2824 1731 2922 1793 τῆς
2954 1725 3184 1805 ἀρχαίας
3243 1721 3613 1803 παραδόσεως,
3651 1721 3823 1778 ταῦτά

405 1825 651 1898 antiqua
677 1818 994 1879 traditione
1025 1816 1184 1879 docti
1215 1826 1407 1885 erant,
1447 1817 1727 1892 dicimus,
1791 1819 2060 1892 infantes,

2155 1837 2350 1894 φαμεν,
2406 1816 2490 1872 ὅτι
2538 1819 2672 1873 κατὰ
2731 1818 2822 1872 τὸν
2876 1817 3014 1894 ἱερὸν
3070 1815 3232 1888 νόμον
3287 1815 3352 1868 τὰ
3397 1812 3566 1892 βρέφη
3621 1812 3827 1890 ἀναγό-

408 1908 458 1968 si
489 1908 550 1967 in
585 1909 713 1986 lege
735 1925 901 1968 sacra
926 1906 1412 1987 instituantur,ad
1436 1920 1708 1969 sanctum
1740 1907 1923 1970 animi
1947 1918 2060 1969 sta‘

2156 1924 2314 1980 μενα,
2348 1905 2529 1972 ἥξουσί
2575 1929 2703 1964 ποτε
2737 1907 2866 1984 πρὸς
2925 1905 3026 1970 ἓξιν
3056 1905 3200 1983 ἱερὰν
3257 1901 3373 1960 καθ’
3405 1902 3471 1970 ἣν
3518 1901 3823 1981 γνώσονται

408 2005 534 2060 tum
579 2015 712 2058 esse
751 2007 1169 2078 perventuros,
1220 1997 1301 2058 ita
1355 2006 1416 2058 ut
1463 1997 1691 2058 donum
1737 1997 2060 2078 intelligant

2151 1997 2213 2050 τὸ
2245 1993 2410 2074 δῶρον
2446 1999 2505 2052 οὗ
2535 1997 2826 2077 μετέσχον.
2887 2004 3053 2054 Τοῦτο
3087 2002 3238 2072 γοῦν,
3273 1993 3334 2050 τό
3369 2014 3501 2050 ποτε
3533 1991 3825 2070 προελθεῖν

405 2086 564 2168 quod
596 2097 978 2168 acceperunt.
1034 2087 1157 2150 Hoc
1206 2089 1428 2168 itaque,
1461 2088 1594 2149 illos
1637 2087 1958 2168 aliquando
1990 2089 2060 2150 ad

2154 2085 2282 2140 αὗτὰ
2312 2088 2384 2150 εἰς
2436 2086 2640 2144 τελείαν
2678 2087 2888 2155 ἡλικίαν
2946 2087 3033 2142 καὶ
3085 2084 3213 2157 ἕξινι
3249 2086 3322 2140 εἷς
3371 2090 3494 2140 νοῦν
3558 2081 3820 2150 ἐληλυθὸς

408 2178 726 2256 perfectam
769 2187 1002 2240 aetatem
1063 2196 1133 2240 ac
1195 2186 1410 2239 statum
1473 2187 1885 2259 perventuros,
1924 2197 2060 2240 cum

2147 2187 2263 2238 τοῖς
2305 2175 2582 2254 ἡμετέροις
2639 2175 2998 2240 διδασκάλοις.
3064 2176 3122 2255 (ἡ
3153 2173 3207 2231 δέ
3266 2174 3505 2239 σᾶνταξις
3536 2173 3653 2230 ἀντὶ
3710 2177 3818 2241 τῆς

406 2267 870 2347 praeceptoribus
893 2268 1116 2330 nostris
1136 2270 1194 2329 in
1211 2276 1472 2331 mentem
1499 2269 1761 2330 venisset
1778 2268 1906 2345 (ubi
1927 2275 2060 2330 nota

2145 2265 2404 2346 γενικῆς,
2473 2267 2742 2340 ἀττικῶς,
2820 2267 2983 2345 ἤγουν
3056 2267 3243 2323 τούτου
3315 2263 3380 2332 δὴ
3465 2262 3820 2341 ἐληλυθότος)

400 2358 912 2418 constructionem
937 2357 1194 2419 Atticam
1219 2358 1498 2433 ἐληλυθός,
1529 2376 1634 2438 pro
1657 2357 1914 2438 genitiva
1936 2357 2060 2426 ἐλη-

401 2445 636 2521 λυθότος)
672 2446 1145 2526 placuitadmitti
1193 2465 1447 2529 pueros;
1505 2456 1915 2511 verumtamen
1945 2447 2056 2530 sic,

403 2543 468 2596 ut
497 2535 797 2597 naturales
827 2554 1033 2600 eorum
1087 2546 1371 2618 parentes
1422 2536 1612 2599 tilium
1668 2537 1827 2599 ﬁdeli
1879 2537 2058 2599 alicui

400 2626 717 2706 paedagogo
745 2625 1082 2706 susceptori
1109 2627 1498 2709 concredant,
1534 2645 1568 2690 a
1609 2627 1814 2706 quoin
1845 2627 2060 2691 divinis

397 2716 758 2780 instituatur.
794 2716 883 2778 Ab
916 2717 1029 2779 hoc
1053 2718 1250 2800 itaque
1289 2719 1542 2782 antistes
1591 2718 1772 2798 exigit
1822 2719 2059 2800 profes-

397 2805 637 2868 siones:
664 2814 879 2880 non,ut
905 2806 993 2868 illi
1017 2808 1398 2883 aiunt,alium
1429 2827 1532 2889 pro
1559 2808 1678 2870 alio
1697 2807 1914 2870 divinis
1937 2809 2057 2871 ima

400 2894 613 2972 buens,
639 2896 744 2958 sed
773 2896 1200 2973 promissiones
1219 2899 1398 2978 hujus
1419 2897 1748 2978 excipiens,
1781 2905 2057 2979 tempore

399 2987 686 3048 nimirum
701 2994 1059 3067 opportuno,
1089 2989 1226 3048 282
1249 2990 1490 3069 parvulo
1508 2988 1643 3051 huic
1660 3007 1898 3052 omnem
1925 3009 2053 3071 my-

397 3075 913 3137 steriidoctrinam
929 3077 1306 3140 tribuendam
1327 3079 1568 3154 esse;ita
1592 3080 1790 3159 utipse
1812 3081 2052 3160 propria
2070 3109 2112 3160 ο

399 3183 506 3229 sua
537 3174 749 3245 sponte
766 3166 950 3230 rebus
965 3168 1278 3230 contrariis
1301 3170 1848 3244 renuntiaturus,ac
1874 3169 2053 3231 (idem

400 3255 801 3337 professurus,
833 3265 1011 3338 atque
1047 3259 1294 3339 insuper
1315 3277 1382 3321 re
1428 3261 1557 3340 ipsa
1587 3259 1990 3340 professiones
2020 3277 2055 3320 a

397 3355 750 3427 susceptare
795 3366 900 3428 pro
945 3365 1012 3410 se
1055 3348 1242 3411 factas
1278 3349 1710 3430 adimpleturus
1746 3350 1846 3413 sit.
1895 3349 2053 3413 Nihil

398 3436 598 3516 itaque
619 3437 987 3513 absurdiest,
1015 3439 1063 3501 si
1100 3441 1224 3502 haec
1247 3458 1434 3520 super
1458 3459 1642 3519 puero
1671 3452 2049 3520 peragautur,

395 3545 527 3588 cum
554 3526 770 3588 ducem
795 3547 863 3589 ac
886 3545 1243 3607 Sponsorem
1267 3529 1845 3612 habeat,quidivinis
1862 3531 2055 3612 ipsum

394 3615 651 3679 erudiat.
709 3615 967 3680 Puerum
997 3627 1197 3680 autem
1249 3621 1665 3700 mysteriorum
1713 3630 2052 3682 consortem

396 3703 537 3767 facit
553 3715 615 3766 ut
639 3706 781 3767 iniis
801 3707 990 3787 magis
1011 3708 1527 3792 educetur,ueque
1547 3711 1810 3791 amplius
1835 3728 2057 3774 secun-

398 3795 538 3856 dum
563 3814 805 3858 carnem
832 3800 1010 3859 vitam
1035 3797 1229 3878 ducat,
1262 3801 1368 3862 sed
1412 3801 1614 3862 divina
1639 3801 2055 3882 contemplan-

396 3893 518 3948 tem
541 3894 600 3947 et
620 3885 680 3948 in
699 3887 768 3948 iis
790 3886 900 3950 sub
915 3889 1222 3969 sponsoris
1246 3889 1572 3970 disciplina
1593 3889 1890 3968 proficiat.
1919 3890 2056 3955 Haec

398 3981 560 4038 tanta
581 3976 899 4040 uniformia
919 3997 1023 4041 seu
1049 3979 1250 4042 divina
1273 3987 1494 4042 nostra;
1527 3979 1878 4042 hierarchiaa
1909 3999 2051 4062 spe-

396 4067 624 4129 ctacula
655 4067 800 4131 mihi
836 4069 1205 4132 manifestata
1238 4079 1418 4143 sunt;
1454 4070 1561 4133 sed
1587 4078 1646 4132 et
1683 4071 1887 4142 tibi,ut
1916 4071 2051 4152 opi-

393 4173 525 4228 nor,
559 4157 802 4220 omnino
837 4160 1169 4222 clarescent
1211 4158 1432 4222 nostris
1477 4161 1642 4223 hisce
1685 4159 2044 4238 rationibus,

391 4252 560 4328 quasi
603 4247 886 4326 gradibus
921 4249 1302 4330 quibusdam,
1340 4251 1413 4314 ad
1459 4249 1872 4314 sublimiorem
1907 4251 2053 4316 illu-

2145 2353 2314 2421 ἔδοξεν
2369 2353 2699 2436 εἰσδέχεσθαι
2731 2358 2796 2413 τα
2851 2356 3046 2437 βρέφηο
3080 2355 3224 2422 πλὴν
3270 2353 3463 2430 οὕτως,
3499 2353 3639 2410 ὥστε
3689 2355 3816 2417 τοὺς

2145 2445 2398 2522 φυσικοὺς
2459 2448 2632 2503 αὐτῶν
2662 2445 2856 2524 γονέας
2909 2442 3254 2524 παραδιδόναι
3286 2445 3377 2501 τὸν
3411 2441 3578 2500 παῖδα
3637 2443 3822 2523 ἀγαθῷ

2144 2556 2244 2590 τινι
2305 2533 2635 2615 παιδαγωγῷ
2666 2538 2753 2592 καὶ
2794 2533 3049 2615 ἆναδόχῷ
3105 2533 3194 2592 ὑπ’
3227 2537 3370 2609 άῦτῳ
3425 2536 3491 2590 τὰ
3547 2537 3670 2591 θεῖα
3726 2533 3817 2592 δι-

2144 2621 2574 2705 δαχθησόμενον,
2641 2629 2738 2684 Καὶ
2767 2634 2952 2684 τοῦτον
3013 2626 3235 2682 ἀπαιτεῖ
3293 2625 3385 2686 τὰς
3420 2623 3716 2702 ὁμολογίας
3782 2627 3811 2682 ὁ

2143 2714 2421 2797 ἱεράρχης,
2455 2718 2558 2798 οὔχ
2609 2718 2682 2780 ὡς
2714 2716 2910 2773 ἐκεῖνοί
2941 2738 3120 2796 φασιν,
3158 2714 3320 2772 ἄλλον
3370 2713 3483 2772 ἄντ’
3517 2713 3685 2775 ἄλλου
3743 2716 3809 2772 τὰ

2139 2806 2261 2861 θεῖα
2320 2807 2492 2886 μυῶν,
2522 2805 2658 2862 ἀλλὰ
2717 2807 2812 2873 τὰς
2863 2807 3184 2887 ὑποσχέσεις
3237 2807 3424 2863 τούτον
3482 2803 3811 2886 δεχόμενος,

2140 2893 2220 2950 ὅτι
2278 2896 2414 2952 κατά
2473 2898 2563 2952 τὸν
2621 2897 2917 2977 πρόσφορον
2993 2898 3175 2973 καιρὸν
3237 2895 3664 2974 παραδοθήσεται
3735 2919 3814 2972 τῳ

2139 2983 2282 3041 παιδὶ
2340 2986 2465 3066 παρ’
2499 2986 2655 3044 αὒτοῦ
2707 2991 2740 3056 η
2793 2995 2938 3045 πᾶσα
2995 2985 3304 3044 διδασκαλία
3334 2994 3427 3043 τοῦ
3485 2990 3806 3067 μυστηρίου,

2137 3074 2274 3131 ὥστε
2353 3083 2438 3133 καί
2499 3080 2654 3134 αὒτὸν
2729 3079 2893 3151 οἰκεία
2971 3077 3275 3155 προαιρέσει
3367 3089 3475 3140 τοῖς
3551 3077 3812 3145 ξναδτίοις

2137 3165 2519 3240 ἀποτάξασθαι,
2569 3170 2656 3225 καὶ
2710 3167 3068 3247 ὁμολογῆσαι,
3115 3168 3193 3224 ἔτι
3251 3167 3306 3224 δὲ
3365 3169 3452 3224 καὶ
3510 3167 3804 3245 ἐνεργῆσαι

2137 3258 2231 3320 τὰς
2282 3259 2411 3337 ὑπὲρ
2441 3261 2599 3316 ἆῦτοῦ
2654 3259 2942 3338 ὁμολογίας
3000 3261 3091 3316 τοῦ
3147 3256 3442 3336 ἁναδόχου.
3487 3256 3652 3316 Οὐδὲν
3718 3259 3810 3315 οὖν

2138 3345 2335 3405 ἄτοπον
2389 3349 2432 3405 εἰ
2466 3357 2675 3407 τοιαῦτα
2735 3350 2822 3427 ἐπι
2853 3351 2927 3424 τῷ
2974 3350 3156 3429 βρέφει
3189 3347 3486 3428 τελοῦνται,
3522 3347 3804 3429 ἀνάδοχον

2141 3436 2322 3518 ἔχοντι
2377 3437 2478 3504 ἕξιν
2509 3443 2651 3515 αὒτῷ
2693 3447 2791 3496 τῶν
2852 3441 3004 3496 θείων
3037 3440 3436 3519 παρεχόμενον.
3479 3437 3715 3518 Μετέχει
3750 3438 3807 3496 δὲ

2143 3532 2227 3584 καὶ
2260 3532 2362 3585 τῶν
2393 3536 2696 3608 μυστηρίων
2727 3533 2787 3587 τὸ
2837 3530 3050 3610 βρέφος,
3087 3528 3233 3591 ὅπως
3278 3531 3332 3585 iv
3375 3529 3558 3592 αὗτοϊς
3592 3529 3806 3603 μᾶλλον

2141 3620 2486 3702 ἆινατρπιφείη³
2521 3624 2608 3678 καὶ
2667 3619 2930 3698 μηδεμίαν
2992 3620 3174 3699 ἑτέραν
3233 3619 3378 3690 ζωὴν
3436 3621 3574 3674 κατᾶ
3632 3623 3806 3695 σάρκα

2140 3711 2326 3791 σχοίη,
2353 3714 2396 3767 εἰ
2427 3714 2504 3787 μὴ
2529 3719 2626 3779 τὴν
2655 3715 2954 3790 θεωροῦσαν
2981 3712 3046 3767 τα
3067 3713 3186 3766 θεῖα
3209 3709 3582 3788 ἒνπροκοπαῐς
3612 3733 3804 3788 γιγνοο

2140 3801 2308 3877 μένην
2362 3802 2464 3858 ὕπὸ
2513 3807 2610 3868 τῆς
2672 3805 2766 3859 τοῦ
2807 3799 3074 3882 ἀναδόχου
3133 3798 3496 3864 διδασκαλίας,
3554 3807 3802 3857 Τοσαῦτα

2139 3891 2226 3948 καὶ
2256 3890 2372 3966 ἐμοὶ
2402 3890 2574 3948 ὦπται
2619 3893 2684 3947 τὰ
2729 3889 2957 3965 ἑνοειδῆ,
2988 3889 3150 3970 ἤγουν
3206 3893 3329 3946 θεῖα
3371 3891 3647 3968 θεαρματα
3700 3891 3800 3958 τῆς

2137 3980 2252 4039 καθ’
2311 3985 2452 4056 ἡμᾶς
2509 3983 2805 4064 ἱεραρχίαςο
2853 3985 2941 4040 καὶ
2985 3984 3066 4039 σοὶ
3119 3981 3200 4056 δὲ,
3232 3983 3305 4046 ὡς
3363 3985 3549 4056 οἶμαι,
3583 3981 3801 4045 πάντως

2137 4070 2401 4148 ἱλλάμψει
2464 4072 2725 4154 χρωμένῳ
2752 4085 2868 4139 τοϊς
2925 4071 3202 4152 ἡμετέροις
3234 4070 3416 4148 λόγοις
3447 4071 3522 4135 ὡς
3578 4070 3805 4145 κλίμαξί

2135 4181 2236 4219 τισι
2282 4165 2412 4242 πρὸς
2443 4161 2778 4242 ὑψηλοτέραν
2829 4161 3118 4241 ἕλλαμψιν·
3153 4163 3218 4238 ᾖς
3248 4163 3336 4218 καὶ
3385 4159 3615 4238 μετάδος
3650 4160 3796 4237 ἐμοὶ,

2135 4253 2220 4308 καὶ
2253 4250 2422 4319 δεῖξον
2453 4268 2572 4318 τοῖς
2623 4253 2778 4330 ἐμοῖς
2823 4266 3044 4322 νοητοῖς
3079 4250 3401 4334 ὄφθαλμοϊς,
3434 4252 3571 4331 ἅπερ
3600 4249 3664 4308 ἂν
3718 4249 3808 4308 δυο

390 4338 734 4400 strationem
762 4339 1133 4402 ascendenti:
1161 4339 1312 4401 hanc
1338 4347 1394 4402 et
1420 4348 1480 4402 tu
1506 4341 1650 4402 mihi
1677 4349 2056 4407 communica

2144 4345 2348 4411 -δηθείης
2395 4344 2782 4424 εὐπρεπέστερα
2845 4343 3020 4412 καίλλη
3077 4344 3389 4406 θεάσασθαι,
3451 4340 3638 4420 Θαῤῥῶ
3699 4343 3800 4423 γαρ

389 4435 449 4489 et
475 4427 844 4508 Spiritalibus
873 4429 1022 4490 meis
1052 4428 1243 4490 oculis
1269 4429 1486 4494 exhibe
1516 4433 1887 4497 venustiores
1912 4435 2044 4497 illas

2144 4435 2235 4512 ιγὼ
2286 4434 2374 4491 ὅτε
2409 4438 2464 4492 ὲν
2515 4437 2718 4502 τούτοις
2767 4449 2884 4500 τοῖς
2929 4435 3213 4514 ἡμετέροις
3253 4432 3436 4511 λόγοις
3470 4434 3595 4498 τοὺς
3662 4433 3794 4491 ἐνα-

390 4517 869 4597 pulchritudines
912 4537 1057 4598 quas
1087 4520 1479 4600 contemplari
1513 4523 1760 4602 poteris.
1794 4525 2048 4588 Confido

2144 4527 2480 4602 ποκειμένους
2539 4526 2593 4582 ἐν
2652 4527 2735 4583 σοὶ
2784 4536 2876 4586 τοῦ
2935 4528 3073 4583 θείου
3131 4527 3295 4605 πυρὸς
3358 4523 3630 4603 (δηλονότι
3693 4530 3795 4592 τῆς

389 4607 550 4699 enim
569 4626 662 4699 me
674 4608 892 4670 nostris
909 4607 1077 4699 hisce
1101 4610 1480 4673 sermonibus
1509 4613 1721 4676 insitas
1736 4614 1841 4678 tibi
1862 4616 2050 4678 divini

2144 4616 2272 4681 ὶείας
2321 4619 2408 4676 καὶ
2435 4617 2760 4699 φωτιστικῆς
2819 4615 3096 4698 γνώσεως)
3128 4613 3513 4675 ἆνασκαλεύσω
3569 4616 3794 4685 σπινθῆ-

389 4695 545 4789 ignis
571 4697 807 4779 (divinae
837 4697 1070 4761 scilicet
1091 4700 1452 4780 cognitionis
1481 4702 1851 4783 illustrautis)
1881 4705 2047 4771 scin-
2138 4729 2259 4789 ρας.

393 4785 550 4851 tillas
583 4790 1030 4854 suscitaturum.
