4072 6432
384 323 503 393 607
1566 329 1626 391 S.
1675 323 2023 390 DIONYSII
2055 325 2561 393 AREOPAGITzE
3646 328 3758 395 608

384 460 483 520 hic
510 459 1005 533 sequuntur,dicta
1037 469 1178 519 sunt
1205 460 1276 518 de
1316 461 1531 518 visione
1560 460 1872 533 Eaecbielis
1903 475 1951 516 c.
1986 469 2116 533 1,7et
2150 460 2221 517 de
2249 460 2358 519 alia
2390 478 2438 519 ιτ.
2471 475 2531 520 x.
2562 463 2651 520 Ait
2679 470 2871 520 autem
2902 477 2932 519 a
2962 460 3272 532 Scriptor-is
3302 459 3623 533 frequenter
3649 463 3758 523 Deo

383 534 558 608 tribui
590 531 850 590 humana
883 533 1163 608 menibra.
1219 542 1279 608 ut
1338 533 1538 608 ocu_los_.
1579 531 1728 608 _Psal_.
1760 543 1920 608 xxx"
1944 548 1967 608 Δε
2000 532 2184 608 ,Οοιιιι
2231 533 2352 608 ελσε
2368 549 2531 608 super
2552 550 2843 608 pauperem
2872 531 3207 608 respiciunt._
3227 531 3421 608 Aures,
3452 533 3753 608 Jacob._v;

386 606 611 678 Clamo!
668 620 857 678 eorum_
888 604 953 678 in_
1005 619 1161 661 aures
1212 604 1438 678 Domini
1474 602 1728 678 _Sabao_tlt
1782 602 2053 678 introivit.
2105 602 2366 675 Capillos.
2400 602 2519 663 Dan
2552 602 2628 663 ῑιιι
2660 602 2684 661 ε’
2739 607 2809 665 Ει
2868 602 3287 678 σαιῐιιιιοαρίιίε
3316 605 3431 678 ejus
3466 606 3618 678 quasi
3645 606 3761 664 lana

384 678 509 733 alba
562 676 793 739 Faciem,
828 676 980 731 Psal.
1015 687 1175 732 xxxn
1208 692 1221 733 :
1256 675 1437 732 Facies
1466 675 1683 730 Domini
1710 691 1871 747 super
1912 675 2176 747 facientes
2203 678 2370 732 mata.
2434 679 2647 744 Manus,
2696 678 2804 734 Job
2831 689 2871 734 x
2908 675 3161 737 {Manus
3198 682 3304 732 ture
3338 675 3345 676 “
3358 675 3613 747 fecerunt
3669 695 3756 738 me,

383 748 673 823 Scapulae,
701 748 984 823 _Psal._ch
1019 764 1032 804 :
1088 748 1338 818 Scapulis
1399 748 1512 823 suis
1566 746 1912 823 obumbrabu
1970 746 2085 803 tibi.
2121 748 2446 823 41¢s._P.~'ai.
2481 760 2580 806 XVI
2608 772 2637 823 :_
2690 749 2799 807 Sub
2826 755 3009 823 umor}:
3036 748 3260 823 alarum
3312 751 3529 823 tuarugi
3552 756 3765 823 prologo

379 817 504 875 me.‘
550 820 805 882 Brachia,
866 820 1009 875 Psal.
1071 817 1322 875 Lxxxvm
1376 841 1411 891 τί
1455 818 1747 891 Brachium
1796 833 1965 873 meum
2015 820 2345 891 confortabit
2404 837 2542 875 eum.
2599 820 2924 881 Posteriora.
2958 820 3141 878 Exod.
3195 832 3372 876 χχχιιι
3405 841 3421 891 τί
3465 817 3764 880 Poiterioi'a

379 910 489 946 mea
528 892 754 948 videbis.
793 890 974 947 Pedes.
1012 892 1159 947 (ἲν-ιι.
1199 903 1265 946 ιιι
1305 912 1316 944 :
1370 890 1440 945 Ει
1471 890 1764 946 audierunt
1793 905 1961 945 uocem
2007 889 2218 945 Ποπιίηὶ
2266 891 2659 949 deambulanti:
2689 895 2751 949 in
2797 893 3071 960 paradiso.
3108 891 3372 960 Coranus,
3403 890 3553 949 Psat.
3587 903 3718 950 LXIV
3751 918 3762 952 :

381 961 671 1020 Benedir‘es
699 978 917 1018 coronae
946 964 1076 1016 anni
1108 962 1450 1033 benignitatis
1477 970 1601 1017 tum.
1636 960 1815 1027 Sedes,
1852 961 1993 1017 PSaI.
2026 974 2274 1020 Lxxxvm
2302 985 2313 1017 :
2347 965 2590 1022 Throuus
2616 974 2741 1020 tuus
2771 960 2911 1021 Deus
2941 964 3001 1020 in
3022 964 3279 1033 secutum
3303 963 3766 1032 smuliﬁaiicem,

378 1033 532 1093 Psal.
570 1047 736 1092 LXXIV
770 1051 786 1089 :
826 1035 989 1091 Catia:
1019 1032 1239 1092 Domini
1270 1035 1329 1091 in
1362 1051 1517 1089 manu
1554 1034 1687 1106 ejus.
1723 1033 2025 1105 Craterem,
2057 1034 2227 1093 Prov.
2260 1047 2320 1091 ix
2344 1054 2362 1092 .·
2388 1036 2608 1097 Miscuit
2646 1042 2940 1108 craterem,
2971 1036 3122 1108 apud
3153 1032 3312 1093 LXX.

1309 1201 1449 1263 297
1520 1198 2053 1267 PARAPHRASIS
2111 1201 2595 1267 PACHYMERAE
2644 1200 2796 1284 (31).

464 1314 825 1374 Praesentem
856 1310 1077 1371 librum
1104 1327 1352 1388 magnus
1386 1309 1701 1391 Dionysius
1731 1308 1941 1372 scribit
1961 1308 2030 1371 ad

2200 1312 2271 1368 Τὸ
2323 1312 2491 1389 παρδν
2519 1308 2724 1388 βιϐλίον
2760 1313 2787 1367 ὁ
2829 1310 2998 1387 μέγας
3033 1310 3299 1377 συντίθησι
3349 1308 3618 1374 Διονύσιος
3648 1309 3765 1387 πρὸς

382 1408 652 1463 sanctum
711 1400 1117 1469 Timotheum,
1177 1399 1373 1480 magni
1425 1399 1585 1461 Pauli
1641 1400 2028 1481 discipulum,

2117 1402 2213 1456 τὸν
2256 1400 2309 1457 ἑν
2342 1400 2514 1477 ἁγίοις
2564 1402 2845 1480 Τιμόθεον,
2882 1402 2970 1456 τὸν
3019 1409 3113 1458 τοῦ
3138 1396 3375 1475 μεγάλου
3429 1397 3637 1455 Παύλου
3664 1420 3764 1473 μα-

379 1489 602 1571 Ephesi
623 1490 972 1571 episcopum
1006 1490 1225 1567 abiipso
1259 1489 1664 1553 constitutum.
1711 1489 1847 1565 Qui,
1874 1488 2030 1569 quod

2118 1491 2313 1570 θητὴν,
2387 1488 2609 1569 Ἐφέσου
2652 1490 2941 1546 ἐπίσκοπον
2995 1489 3119 1568 παρ’
3174 1489 3375 1545 ἐκείνου
3421 1488 3763 1550 καταστάντα.

379 1565 498 1641 tum
533 1580 591 1640 in
624 1565 786 1642 Ionia
823 1565 1316 1659 philosophorum
1352 1580 1613 1641 haereses
1649 1565 2030 1658 pullularent.

2118 1565 2238 1650 "0:,
2272 1565 2472 1647 ἐπειδῆ
2500 1579 2619 1636 τότε
2653 1582 2704 1635 αἱ
2750 1586 2855 1637 τῶν
2886 1579 2940 1635 ἐν
2991 1565 3163 1651 Ἰωνίᾳ
3193 1577 3504 1660 φιλοσόφων
3560 1578 3766 1656 αἱρέσεις

380 1670 699 1750 multaeque
714 1670 1041 1731 dialectica
1066 1674 1469 1747 argutationes
1493 1669 1546 1729 ei
1571 1669 1788 1730 abillis
1819 1668 2030 1749 objice-

2124 1668 2387 1748 ἤκμαζον,
2421 1671 2509 1725 καὶ
2560 1669 2765 1733 πολλὰς
2825 1670 2954 1749 εἶχε
2998 1670 3091 1731 τὰς
3144 1667 3485 1729 διαλεκτικὰς
3535 1667 3766 1745 ἐπηρείας

375 1768 585 1820 rentur
615 1780 630 1831 ;
661 1778 795 1820 cum
820 1759 1004 1839 probe
1034 1766 1527 1835 nossetmagnum
1550 1758 1890 1839 Dionysium
1920 1777 2030 1819 non

2121 1761 2245 1836 παρ’
2296 1760 2510 1816 ἐκείνων
2542 1762 2570 1815 ὁ
2620 1759 2798 1837 ἅγιος,
2833 1759 3111 1836 γινώσκων
3151 1760 3243 1814 τὸν
3275 1759 3448 1837 μέγαν
3511 1758 3768 1814 Δισνύσιον

378 1855 622 1910 externa
671 1850 864 1909 minus
912 1867 1088 1928 quuu
1148 1848 1345 1908 divina
1409 1866 1693 1929 sacraque
1751 1848 2030 1928 sapientia

2121 1852 2283 1930 σοφὸν
2335 1852 2422 1906 καὶ
2460 1851 2556 1918 τὴν
2614 1850 2715 1915 ἔξω
2769 1850 2979 1928 σοφίαν,
3011 1850 3173 1927 σοφὸν
3234 1850 3320 1905 καὶ
3377 1847 3478 1915 τήν
3533 1847 3668 1904 θείαν
3693 1848 3770 1902 καὶ

382 1937 804 2017 ριάεόὶιιιιιιῇιιῑ
834 1938 933 2019 qui
958 1938 1148 2016 magni
1170 1938 1331 2014 pauli
1351 1936 1682 2018 discipulus
1708 1939 2030 2010 exstiterat,

2121 1942 2292 2021 ἱερὰν,
2322 1948 2399 2014 τῷ
2450 1940 2671 2019 μεγάλῳ
2700 1938 2897 2012 Παύλῳ
2946 1940 3083 1994 κατὰ
3116 1938 3312 2004 ταύτην
3353 1938 3767 2012 μαθητεύσαντα,

382 2032 444 2087 et
463 2024 679 2087 divinis
720 2026 970 2106 Scriptis
1016 2027 1267 2089 multum
1311 2037 1647 2108 vacaverat,
1685 2032 1834 2106 petit
1865 2027 1940 2088 ab
1964 2045 2030 2089 eo

2122 2032 2209 2086 καὶ
2272 2028 2448 2087 πολλὰ
2506 2029 2846 2110 ἐσχολακότα
2903 2041 3028 2087 ταῖς
3087 2028 3251 2092 θείαις
3318 2036 3587 2107 Γραφαϊς,
3646 2025 3772 2093 ἀξιοῖ

381 2116 687 2196 proposita
714 2118 953 2179 edoceri
984 2141 997 2197 ;
1024 2118 1180 2198 quod
1217 2127 1275 2178 et
1300 2118 1382 2180 tit.
1410 2118 1597 2178 Vocat
1619 2118 2030 2197 ilaqueipsum

2117 2119 2241 2198 παρ’
2300 2120 2462 2176 αὑτοῦ
2493 2118 2809 2199 διδαχθῆναι
2882 2121 2945 2175 τὰ
3003 2117 3437 2195 ὑποτεταγμένα⁹
3503 2117 3531 2173 ὃ
3575 2115 3635 2184 δὴ
3693 2116 3769 2172 καὶ

381 2224 629 2284 magnus
660 2208 977 2287 Dionysius
1000 2208 1578 2288 compresbyterum,
1599 2208 1658 2268 id
1686 2216 1783 2267 est
1803 2207 2030 2286 coepis-

2117 2212 2339 2287 γίνεται.
2405 2209 2570 2268 Καλει
2622 2210 2746 2287 γοῦν
2804 2211 2959 2268 αῦτὸν
2992 2211 3019 2265 ὁ
3078 2208 3245 2284 μέγας
3307 2207 3585 2272 Διονύσιος
3640 2228 3767 2278 συμ-

375 2313 612 2375 conum,
663 2296 813 2357 sicut
849 2299 1237 2377 semetipsum
1289 2306 1456 2358 vocat
1503 2297 1935 2378 presbyterum,
1976 2296 2030 2358 id

2117 2298 2486 2378 πρεσϐύτερον,
2568 2301 2724 2355 οἱονεὶ
2793 2298 3206 2377 συνεπίσκοπον,
3277 2299 3355 2358 ὼς
3435 2298 3525 2353 καὶ
3596 2295 3765 2352 ἑαυτὸν

379 2394 468 2447 est
489 2386 854 2466 episcopum.
895 2386 991 2449 Sic
1016 2387 1177 2449 enim
1206 2386 1382 2449 etiam
1414 2386 1476 2447 in
1499 2385 1664 2449 Actis
1692 2395 2030 2447 sanctorum

2117 2388 2486 2467 πρεσϐύτερον,
2540 2387 2791 2455 δηλονότι
2853 2388 3166 2449 ἐπίσκοπον.
3221 2386 3378 2446 Οὕτω
3436 2387 3534 2465 γὰρ
3588 2384 3767 2453 δηλοῦ-

373 2475 776 2552 apostolorum
802 2474 1262 2548 declaratur,ubi
1286 2492 1533 2552 magnus
1555 2474 1775 2536 Christi
1798 2483 2030 2553 aposto-

2117 2502 2203 2535 ται
2248 2480 2301 2536 ἒν
2350 2492 2468 2540 ταῖς
2530 2476 2756 2557 Πράξεσι
2823 2484 2928 2533 τῶν
2985 2477 3149 2555 ἁγίων
3207 2475 3517 2547 ἀποτόλων,
3567 2475 3677 2531 ἔνθα
3720 2475 3765 2530 ἐν

374 2561 467 2624 lus
484 2563 697 2624 Paulus
727 2564 882 2625 Asia;
906 2564 1189 2627 Ecclesiis
1219 2564 1507 2625 nonnulla
1538 2561 2030 2644 prescribit.Cum

2119 2566 2270 2641 Ἀσίᾳ
2328 2570 2666 2624 συντάττεται
2733 2581 2849 2629 ταῖς
2910 2565 3233 2633 Ἐκκλησίας
3293 2571 3473 2625 ανδ-τῶν
3528 2568 3555 2622 ὁ
3610 2565 3766 2641 μέγας

374 2658 571 2713 autem
623 2653 720 2715 hic
782 2663 1064 2715 tractatus
1137 2653 1214 2715 sit
1257 2654 1332 2715 de
1393 2653 1612 2715 divinis
1658 2653 2029 2726 nominibus,

2118 2666 2209 2713 τοῦ
2259 2665 2484 2736 Χριστοῦ
2528 2657 2823 2719 ἀπόστολος
2858 2656 3088 2721 Παῦλος.
3135 2655 3363 2723 Ἐπειδὴ
3396 2655 3449 2711 δὲ
3481 2658 3596 2733 περὶ
3623 2655 3761 2711 θείων

375 2741 711 2821 sciendum,
738 2744 1066 2804 universim
1090 2752 1149 2803 et
1172 2745 1228 2803 in
1251 2742 1527 2804 omnibus
1557 2743 1801 2803 nomina
1817 2761 1935 2802 non
1959 2742 2030 2801 si-

2127 2749 2403 2823 ὀνομάτων
2462 2750 2495 2816 ὴ
2558 2749 2895 2826 πραγματεία
2943 2747 3105 2817 ἐστὶν,
3165 2746 3367 2819 ἰστέον,
3431 2745 3511 2803 ὅτι
3567 2743 3765 2802 καθολι-

374 2830 657 2907 gniiicare
683 2832 1070 2912 substantias,
1108 2843 1166 2892 et
1196 2832 1340 2912 quid
1365 2832 1587 2910 aliquid
1612 2832 1714 2912 sit,
1740 2833 1851 2892 hoc
1877 2830 2037 2891 enim

375 2930 464 2981 est
501 2920 894 3001 deﬁnitionis,
942 2922 1051 2982 sed
1097 2940 1317 2983 nomen
1369 2921 1721 3001 etymologia
1768 2922 2037 3001 quaedam

373 3018 462 3071 est
493 3028 561 3072 ex
600 3011 672 3072 iis
695 3030 827 3092 quae
857 3011 945 3071 rei
985 3012 1313 3073 nominata;
1340 3010 1581 3082 adsunt,
1618 3008 1782 3070 verbi
1816 3010 2035 3089 gratia,

375 3098 646 3177 ἅνθρωπος
676 3101 730 3160 id
767 3109 853 3161 est
905 3099 1084 3161 homo
1116 3100 1187 3161 ab
1236 3102 1343 3157 ἅνω
1376 3103 1578 3180 ἀθρεῖν.
1624 3100 1682 3161 id
1716 3105 1829 3165 est.
1861 3100 1934 3160 ab
1963 3118 2035 3159 eo

372 3188 533 3264 quod
567 3206 801 3249 sursum
836 3199 1069 3251 tueatur
1091 3190 1179 3251 vel
1207 3190 1481 3271 aspiciat,
1535 3208 1753 3251 nomen
1795 3189 2034 3269 accipit.

374 3277 499 3339 Hoc
531 3276 711 3356 igitur
739 3278 877 3358 quid
911 3279 989 3340 sit
1014 3297 1148 3340 esse
1179 3278 1359 3340 divini
1384 3278 1647 3340 numinis
1670 3279 1845 3340 etiam
1873 3279 2041 3358 ipsis-

377 3374 498 3426 met
522 3367 750 3446 angelis
781 3377 869 3428 cst
903 3368 1312 3431 iuscrutabite.
1337 3368 1506 3441 Quod
1566 3379 1762 3430 autem
1799 3387 1868 3429 ex
1897 3367 2036 3447 qui-

375 3464 623 3526 busdam
658 3466 883 3529 etiectis
913 3467 1037 3528 suis
1089 3471 1268 3538 (Deus
1298 3487 1351 3531 v.
1403 3489 1458 3547 g.
1500 3468 1712 3543 bonus,
1750 3468 2033 3542 salvator,

373 3577 549 3638 quam
586 3559 948 3638 theologiam
974 3561 1367 3622 aﬂirmantem
1403 3570 1631 3637 vocant)
1667 3562 1748 3620 uti
1780 3569 1837 3622 et
1869 3560 2032 3622 illam

373 3666 503 3728 qua;
523 3667 592 3710 ex
616 3648 794 3711 rebus
811 3650 1654 3730 nostrissumiturmegantem
1676 3650 2031 3726 theologiam

373 3737 696 3815 dicunt,(ut
729 3739 887 3817 quod
906 3739 1775 3820 sitincomprehensus,eXpers
1800 3739 2029 3810 forma,

374 3827 746 3900 immortalis)
778 3829 934 3909 quod
963 3848 1032 3890 ex
1066 3831 1251 3906 hisce,
1288 3831 1555 3912 inquam,
1584 3829 2030 3907 denominatur,

374 3935 751 3997 nequaquam
785 3917 858 3979 ab
890 3919 1078 4000 ipsius
1108 3920 1507 3981 sanctimonia
1535 3919 1823 3980 abhorret
1856 3938 1873 3998 ;
1912 3936 2031 3978 non

375 4006 535 4068 enim
551 4015 820 4069 naturam
838 4009 963 4088 ejus
982 4006 1639 4089 multiplicamus,quod
1656 4007 1788 4069 ﬁeri
1804 4026 1918 4068 non
1937 4024 2036 4086 ρο·
2055 4043 2094 4092 C

373 4096 622 4170 test,sed
636 4099 1145 4176 quemadmodum
1168 4118 1238 4159 ex
1263 4099 1454 4159 sacris
1477 4096 1834 4178 quibusdam
1860 4097 2029 4177 quasi

371 4187 714 4266 compositis
738 4187 840 4250 Dei
875 4186 1377 4267 descriptionibus
1390 4186 1460 4248 ad
1478 4185 1876 4266 simplicitatis
1898 4185 2029 4267 ejus

370 4274 684 4354 aiiqualem
718 4278 1122 4357 cognitionem
1159 4293 1601 4356 promovemur,
1627 4275 1714 4337 sic
1745 4274 1922 4337 etiam
1958 4292 2027 4336 ex

372 4363 712 4430 istiusmodi
746 4365 1093 4429 nominibus
1137 4375 1195 4427 et
1226 4366 1575 4427 eorumdem
1611 4366 2024 4444 usurpatione,

370 4454 444 4515 ad
475 4454 533 4516 id
567 4457 723 4537 quod
756 4455 1190 4518 iunominabile
1236 4465 1326 4516 est
1383 4455 1758 4516 adducimur.
1796 4453 1949 4517 Hinc
1979 4454 2027 4514 si

371 4545 505 4625 quis
526 4546 751 4627 aliquid
784 4545 857 4608 de
900 4548 1021 4608 Deo
1064 4544 1299 4625 dixerit,
1329 4553 1420 4606 est
1445 4563 1628 4625 supra
1657 4544 1716 4605 id
1749 4544 1907 4625 quod
1939 4542 2029 4605 di-

372 4635 648 4709 cit;omni
680 4635 838 4697 enim
868 4634 1223 4696 nominabili
1249 4635 1492 4696 nomine
1518 4643 1608 4695 est
1637 4633 2019 4696 eminentius.

372 4723 600 4786 Idcirco
635 4726 693 4786 in
724 4725 817 4786 his
859 4725 1191 4802 excogitata
1233 4733 1321 4787 est
1351 4744 1383 4786 a
1416 4724 1710 4804 theologis
1741 4723 2027 4805 loquendi

373 4813 626 4874 formula
642 4832 749 4894 per
775 4815 1258 4895 praepositionem
1290 4816 1419 4888 ὑπὲρ
1450 4824 1509 4878 et
1538 4815 1704 4877 αὐτός
1740 4824 1918 4894 atque
1948 4814 2026 4875 ita

372 4902 590 4964 dicitur
620 4905 777 4965 Deus
801 4922 984 4982 supra
1009 4922 1183 4984 quam
1209 4903 1488 4985 bonus,et
1523 4922 1630 4984 per
1660 4920 1724 4965 se
1748 4902 2028 4984 bonus,et

2124 2843 2231 2899 κῶς
2278 2840 2364 2893 καὶ
2393 2838 2478 2893 ἐπὶ
2527 2844 2654 2893 πᾶσι
2684 2839 2750 2893 τὰ
2802 2839 3037 2910 ὀνόματα
3068 2839 3127 2893 οὒ
3170 2836 3524 2911 σημαίνουσιν
3577 2834 3760 2912 οὖσίας,

2124 2929 2213 2982 καὶ
2261 2928 2323 2995 τὸ
2355 2929 2403 2983 τί
2451 2927 2516 2994 ἦν
2571 2928 2739 2998 εἶναι,
2774 2926 2926 2984 τοῦτο
2985 2927 3085 3004 γὰρ
3138 2933 3223 2983 τοῦ
3272 2930 3498 3002 ὁρισμοῦ
3540 2925 3664 2982 ἔστι·
3716 2926 3768 2980 τὸ

2124 3015 2178 3072 δὲ
2238 3004 2407 3092 ὄνομα
2438 3016 2760 3094 ἐτυμολογία
2814 3018 2892 3081 τίς
2922 3016 3062 3071 ἐστιν
3095 3014 3155 3072 ἐκ
3208 3022 3316 3073 τῶν
3356 3016 3649 3093 προσόιτων
3700 3020 3768 3088 τῷ

2122 3107 2498 3181 ὀνομαζομένῳ
2557 3106 2858 3184 πραγμάτι’
2926 3110 3045 3163 οἷον
3091 3104 3400 3184 ἄνθρωπος,
3432 3107 3491 3163 ἐκ
3541 3113 3628 3163 τοῦ
3672 3106 3766 3161 ἀνω

2123 3197 2324 3273 ἀθρεῖν,
2386 3195 2506 3262 ἤτοι
2562 3199 2813 3274 θεωρεῖν,
2875 3195 3216 3269 ὀνομάζεται,
3292 3198 3356 3253 re
3415 3205 3558 3274 γοῦν,
3612 3195 3659 3250 τί
3706 3195 3762 3262 ἦν

2123 3286 2266 3343 εἶναι
2323 3294 2413 3343 τοῦ
2445 3286 2617 3348 Θείου,
2681 3287 2769 3341 καὶ
2799 3289 2984 3348 αὐτοῖς
3022 3286 3145 3350 τοῖς
3176 3285 3432 3364 ἀγγέλοις
3479 3283 3759 3363 ἀνεξιχνία-

2124 3397 2272 3444 στον,
2328 3378 2398 3433 Τὸ
2429 3374 2507 3448 δὲ,
2542 3375 2603 3431 ἔκ
2650 3397 2810 3431 τινων
2857 3378 3135 3454 ἐνεργειῶν
3186 3379 3348 3434 αὐτοῦ
3376 3379 3474 3451 (ὼς
3516 3376 3597 3448 τὸ,
3647 3375 3759 3434 Θεὸς

2122 3465 2339 3542 ἀγαθὸς.
2394 3466 2597 3543 σωτὴρ,
2631 3466 2695 3532 ἣν
2729 3462 2794 3531 δὴ
2827 3466 2914 3521 καὶ
2963 3465 3335 3545 καταφατικὴν
3365 3464 3630 3544 θεολογίαν
3677 3462 3759 3517 λέσ

2121 3557 2295 3633 γουσι)
2349 3559 2437 3611 καὶ
2492 3555 2653 3611 πάλιν
2706 3556 2900 3611 ἐκτῶν
2958 3554 3076 3611 καθ’
3108 3558 3251 3630 ἡμᾶς
3314 3557 3451 3611 κατὰ
3495 3555 3757 3633 ἀπόφασιν,

2119 3647 2185 3713 ἢν
2215 3646 2279 3713 δὴ
2316 3648 2400 3702 καὶ
2430 3646 2771 3724 ἀφαιρετικὴν
2820 3645 3094 3723 θεολογίαν
3138 3648 3294 3725 φασὶν
3328 3648 3431 3724 (ὡς
3460 3648 3542 3717 τὸ,
3574 3643 3759 3700 ἀκατά-

2120 3736 2354 3809 ληπτος,
2390 3734 2646 3808 ανείδεος,
2680 3733 2964 3815 ἀθάνατος)
3025 3734 3084 3791 τὸ
3114 3737 3237 3812 γοῦν
3282 3735 3347 3793 ἐκ
3408 3736 3599 3793 τούτων
3646 3735 3757 3789 δνο-

2118 3831 2395 3899 μσζεσθαι,
2425 3825 2522 3882 οὔκ
2570 3825 2710 3882 ἔστιν
2742 3824 2942 3897 ἀπᾷδυν
2992 3829 3059 3901 τῇ
3101 3826 3215 3903 ἱερᾷ
3254 3824 3521 3903 ἆγιστείᾳ⁶
3571 3825 3628 3882 οὗ
3675 3822 3759 3900 γὰρ

2118 3916 2213 3983 τὴν
2270 3916 2421 3993 φύσιν
2469 3919 2626 3973 αὒτοῦ
2669 3914 3244 3995 πολυπραγμονῶμεν,
3288 3922 3446 3973 τοῦτο
3504 3916 3598 3993 γὰρ
3648 3910 3759 3968 ἀδύ-

2119 4020 2300 4061 νατονο
2360 4003 2480 4060 ἀλλ’
2513 4006 2693 4083 ὣσπερ
2736 4003 2797 4060 ἐκ
2841 4005 2948 4060 τῶν
2997 4006 3350 4084 ἱερογραφιῶν
3397 4004 3489 4061 τοῦ
3524 4009 3667 4080 Θεοῦ,
3696 4002 3756 4062 ὡς

2119 4095 2179 4150 ἐκ
2243 4094 2498 4150 συνθέτων
2570 4095 2750 4167 τινῶν,
2812 4092 2896 4150 ἐπὶ
2967 4095 3028 4150 τὸ
3098 4093 3300 4150 ἁπλοῦν
3373 4100 3470 4161 τῆς
3543 4092 3757 4149 ὁπωσοῦν

2115 4184 2363 4260 γνώσεως
2421 4183 2751 4264 ἀναγόμεθα,
2785 4182 2925 4240 οὕτω
2973 4185 3060 4240 καὶ
3093 4183 3154 4240 ἐκ
3208 4186 3315 4241 τῶν
3348 4185 3595 4242 τοιούτων
3650 4181 3756 4237 ὀνο-

2115 4279 2346 4353 μασιῶν,
2378 4275 2465 4330 καὶ
2517 4284 2609 4333 τοῦ
2638 4274 2723 4330 ἐπὶ
2771 4275 2977 4340 τούτοις
3012 4277 3350 4349 ωνεθισμοῦ,
3384 4274 3468 4331 ἐπὶ
3521 4274 3580 4329 τὸ
3629 4273 3757 4325 ἀνω-

2113 4365 2378 4438 νύμαστον
2427 4363 2757 4442 ἆναγόμετα.
2808 4363 2953 4427 Τέως
2997 4362 3052 4419 δὲ
3105 4364 3212 4421 εἴτι
3266 4363 3331 4420 ἄν
3378 4388 3457 4428 τις
3493 4361 3632 4420 εἴποι
3683 4362 3758 4421 ἱεπί

2114 4459 2266 4528 Θεοῦ,
2326 4454 2455 4530 δπὲρ
2520 4458 2675 4511 τοῦτὸ
2736 4454 2868 4511 ἐστι’
2947 4456 3142 4520 παντὸς
3215 4456 3317 4533 γὰρ
3387 4449 3754 4528 ὃνομαζομένου

2110 4542 2375 4616 ὀνόματος
2454 4543 2700 4599 ἐπέκεινά
2764 4544 2900 4608 ἐστι,
2967 4545 3066 4600 Διὰ
3120 4550 3276 4601 τοῦτο
3333 4544 3591 4612 ἐπενοήθη
3650 4550 3752 4600 τοῖς

2108 4633 2379 4711 θεολόγοις
2428 4632 2509 4691 ἐπὶ
2542 4636 2769 4709 τούτοις,
2804 4636 2838 4702 ἡ
2892 4635 3022 4713 ὑπὲρ
3053 4632 3356 4710 προσθήκη,
3386 4634 3474 4691 καὶ
3516 4632 3574 4688 τὸ
3620 4633 3749 4687 αὐτην

2109 4725 2197 4780 καὶ
2246 4722 2457 4801 λέγεται
2512 4726 2539 4779 ὁ
2589 4726 2717 4787 Θεὸς
2774 4724 3130 4803 ὑπεράγαθος,
3166 4726 3253 4781 καὶ
3309 4724 3646 4800 αὖτοάγαθος,
3679 4715 3752 4772 καὶ

2108 4816 2480 4894 ὒπεράπειρος,
2545 4818 2633 4872 καὶ
2712 4816 3086 4895 αὖτοάπειρος.
3164 4818 3236 4875 Τὸ
3312 4817 3434 4891 μὲν,
3507 4814 3585 4869 ὃτι
3638 4808 3750 4884 ὑπὲρ

2109 4915 2276 4965 ταῦτα
2330 4908 2419 4963 καὶ
2467 4907 2794 4984 ἀσιγκρίτως
2854 4906 2987 4962 ἐστι’
3042 4908 3104 4962 τὸ
3160 4903 3240 4985 δὲ,
3296 4904 3381 4963 ὅτι
3438 4901 3623 4981 κυρίως
3674 4896 3750 4955 καὶ

369 5012 547 5073 supra
568 5013 744 5075 quam
784 4993 1140 5069 infinitus,et
1172 5013 1278 5075 per
1308 5013 1372 5056 se
1400 4994 1689 5057 infinitus.
1716 4991 1867 5055 Illud
1902 4992 2029 5072 qui-

2117 4995 2357 5073 πρώτως,
2392 4998 2481 5053 καὶ
2535 4996 2593 5051 οὒ
2620 4997 2758 5051 κατᾶ
2800 5017 2914 5053 τινα
2960 4995 3207 5075 μετοχὴν
3235 4994 3272 5063 ἢ
3331 4993 3519 5074 σχέσιν
3566 4990 3601 5059 ἢ
3630 4987 3746 5062 σύγ-

371 5086 506 5148 dem
529 5074 1058 5165 dicitur,quoniam
1077 5074 1255 5165 supra
1271 5103 1340 5145 ea
1362 5104 1495 5161 quae
1513 5084 1794 5147 dicuntur
1810 5082 2028 5144 incom-

2117 5100 2299 5163 κρισιν⁶
2355 5086 2418 5141 τὸ
2473 5086 2571 5164 γὰρ
2625 5084 2794 5160 ὄνομα
2825 5086 2861 5155 ἢ
2925 5074 3150 5160 σῶμα
3207 5090 3428 5162 πρᾶγμα
3490 5074 3744 5165 ημαίνέἴ*

373 5173 718 5254 parabiliter
740 5164 991 5247 eminet;
1024 5173 1135 5235 hoc
1158 5164 1328 5246 vero,
1365 5173 1503 5255 quia
1538 5171 1778 5253 proprie
1810 5180 1867 5232 et
1899 5172 2025 5252 pri-

2117 5176 2238 5253 ἷιπέρ
2295 5182 2459 5233 ταῦτα
2491 5174 2546 5231 δὲ
2578 5175 2962 5246 ἀκατανοήτως
3007 5176 3094 5231 καὶ
3123 5173 3462 5255 ἐξῃρημένους
3521 5173 3578 5227 τὸ
3609 5164 3748 5224 Θετόν

375 5264 587 5344 mario,
613 5273 673 5326 et
708 5283 827 5325 non
855 5262 1185 5324 secundum
1214 5262 1726 5342 participationem
1757 5262 1897 5322 298
1935 5263 2024 5323 vel
2108 5265 2248 5325 ἐστι.

370 5354 783 5416 habitudinem
832 5353 922 5414 vel
954 5353 1461 5432 comparationem
1514 5360 1603 5412 est
1639 5372 1655 5433 ;
1702 5370 1836 5412 nam
1874 5370 2094 5414 nomen
2129 5352 2216 5415 vel
2271 5371 2489 5434 corpus
2520 5355 2610 5417 vel
2669 5372 2798 5417 rem
2832 5354 3149 5436 signiﬁcat,
3185 5371 3368 5437 supra
3402 5352 3527 5414 haec
3557 5353 3740 5410 autem

369 5442 633 5504 divinum
669 5460 890 5505 numen
925 5441 1618 5520 incomprehensibiiiter
1646 5448 1708 5501 et
1736 5442 2074 5503 eminenter
2103 5443 2355 5504 exsistit.

450 5538 477 5609 §
508 5536 551 5597 Ι.
589 5537 760 5597 Nunc
794 5542 1014 5607 autem,
1042 5551 1074 5593 ο
1110 5532 1307 5606 beate,
1333 5532 1663 5595 secundum
1694 5532 1940 5611 gratiam
1965 5540 2023 5593 et

2186 5534 2214 5614 ἓ
2245 5545 2285 5598 l.
2323 5542 2424 5594 Νῦν
2482 5535 2561 5617 δὲ,
2596 5536 2670 5592 ὧν
2730 5540 2981 5618 μακάριε,
3013 5539 3149 5595 κατὰ
3195 5536 3357 5618 χάριν
3389 5533 3474 5589 καὶ
3518 5525 3740 5606 μετοχὴν

373 5623 891 5704 participationem
925 5624 1078 5703 ejus,
1127 5622 1229 5701 qui
1277 5624 1507 5705 beatus,
1556 5630 1615 5684 et
1645 5640 2024 5703 nequaquam

2117 5635 2202 5684 τοῦ
2258 5622 2406 5689 ὄντος
2463 5628 2746 5706 μακαρίου,
2788 5629 2874 5686 καὶ
2929 5630 3007 5705 μὴ
3068 5630 3189 5711 κηρὶ
3247 5631 3333 5685 καὶ
3363 5622 3566 5697 θανάτῷ
3615 5621 3734 5675 ὓπο-

451 5784 586 5868 (31)
618 5782 769 5847 Vide
803 5783 1047 5847 Scholia
1079 5788 1141 5848 S.
1172 5787 1438 5862 Μελίτη,
1476 5796 1624 5849 tom.
1660 5784 1733 5865 ιι,
1769 5801 1901 5863 cap.
1930 5800 1951 5845 ι
1979 5782 2069 5847 De
2099 5784 2332 5851 divin-is
2360 5786 2745 5852 nominibus.
