4072 6418
406 343 522 413 609

907 345 1006 411 DE
1049 299 1350 413 DIVINIS
1391 351 1839 425 NOMINIBUS,
1887 351 2050 413 CAP.

2138 396 2146 408 .
2195 385 2272 394 —
2323 349 2701 412 PARAPHR.
2756 351 3264 414 PACHYMERA‘I.

3661 355 3780 419 6l0

389 484 640 558 κειμένου
691 491 847 563 Θεοῦ,
887 485 1129 557 Τιμόθεε,
1167 485 1303 558 μετὰ
1343 484 1436 545 τὰς
1481 482 1796 561 θεολογιιιὰς
1845 487 2040 543 ὑποτυ-

2138 484 2247 546 l'ato
2273 485 2524 546 mortive
2536 483 2843 562 subjectus
2861 492 2970 557 est,
2984 484 3455 563 Dei,Timotliee,
3469 497 3598 567 post
3617 492 3780 552 theo-

392 573 591 639 πώσεις
647 575 736 630 καὶ
793 573 1228 650 πὸοεισαγωγάς,
1291 573 1481 652 Ἐτέρα
1538 574 1637 651 γὰρ
1692 577 1792 652 πρὸ
1845 577 2043 642 ταύτης

392 665 728 742 πραγματεία
781 671 856 736 τῷ
887 664 1022 741 ἁγίῳ
1054 665 1376 740 πεπόνηται,
1409 663 1764 743 στοιχειώδης
1792 672 1897 721 τῶν
1928 665 2043 746 περὶ

392 762 525 812 Θεοῦ
568 753 620 808 ἐν
652 767 776 817 ταῖς
829 760 1065 833 Γραφαῖς
1098 753 1413 832 εἰρημένων,
1448 758 1512 822 ἧς
1562 777 1703 816 τινος
1737 758 1869 812 κατὰ
1913 757 2040 813 ἀκο-

392 842 602 902 λουθίαν
661 845 694 909 ἡ
756 865 996 922 παροῦσα
1051 844 1482 921 ἐπραγματεύθη.
1541 847 1684 901 Κατὰ
1734 857 1858 923 γοῦν
1901 847 2044 902 ὲκεί-

392 957 513 1006 νην,
552 934 634 988 ἐπὶ
686 933 783 999 τὴν
838 936 945 988 τῶν
999 933 1148 989 θείων
1181 934 1457 1002 ὀνομάτων
1514 931 1830 1014 διασαφησιν
1882 958 2040 1006 μετε-

391 1023 676 1098 λεύσομαι.
725 1022 1042 1088 Ἀνάπτυξιν
1095 1031 1218 1100 γοῦν
1280 1025 1404 1080 εἶπε
1435 1025 1534 1090 τὴν
1593 1022 1939 1105 διασαφησιν,
1972 1031 2043 1088 ὡς

394 1112 637 1192 ἑχόντων
669 1120 774 1168 τῶν
839 1115 1087 1168 τοιούτων
1117 1115 1270 1170 θείων
1326 1114 1602 1188 ὀνομάτων
1634 1125 1726 1173 τοῦ
1783 1117 2044 1195 φαινομέ-

393 1225 484 1258 νου
532 1201 833 1282 βαθύτερον,
875 1202 1075 1260 ’Ἔστω
1106 1201 1159 1258 δὲ
1199 1205 1286 1259 καὶ
1317 1203 1534 1259 ἐνταῦθα
1591 1201 2044 1282 προδιωμολογτθ

397 1293 578 1367 μένον,
661 1291 741 1348 ὅτι
799 1294 897 1358 τὴν
954 1298 1059 1350 τῶν
1089 1295 1206 1370 περὶ
1265 1299 1397 1350 Θεοῦ
1463 1293 1766 1371 λεγομένων
1797 1296 2045 1364 ἀλήθειαν

396 1386 454 1440 οῦ
528 1381 882 1457 καταδοῦμεν,
945 1385 1032 1440 καὶ
1090 1380 1524 1457 καταδεσμοῦμεν
1583 1385 1636 1439 ἐν
1715 1385 2045 1462 ἀνθρωπίνης

402 1473 587 1550 σοφίας
649 1477 827 1529 πειθοῖ
857 1475 944 1529 καὶ
990 1471 1156 1550 λόγω·
1194 1469 1375 1537 ἄνετος
1430 1475 1529 1550 γὰρ
1584 1475 1667 1530 καὶ
1718 1475 1844 1552 ὅπερ
1875 1476 2046 1531 πάντα

2129 574 2350 654 logicas
2403 574 2853 634 iuformationes
2886 582 2944 635 et
2989 576 3782 654 przeintroductiones.Alius

2129 664 2286 725 enim
2320 674 2455 724 ante
2489 665 2646 724 hunc
2675 681 2706 723 a
2735 671 2938 725 sancto
2992 665 3102 726 hoc
3139 666 3470 730 elaboratus
3502 678 3590 730 est
3621 681 3780 733 trac-

2130 762 2306 826 tatus,
2337 754 2721 816 elementaris
2753 771 2957 814 eorum
2993 773 3124 834 quae
3155 755 3229 815 de
3265 758 3384 818 Deo
3419 759 3476 818 in
3509 758 3778 841 Scriptu-

2128 845 2208 905 ris
2239 843 2398 904 dicta
2432 845 3298 924 sunt,postquem,secundum
3335 847 3784 930 ordinem,prze-

2128 952 2266 994 sens
2301 933 2397 993 hic
2427 933 2583 995 liber
2605 949 2694 994 est
2725 935 3263 1012 compositus.Post
3293 935 3460 996 illum
3489 937 3688 1017 itaque
3711 941 3782 1000 ad

2128 1025 2462 1083 divinorum
2504 1025 2808 1083 nominum
2841 1023 3302 1102 explicationem
3337 1027 3784 1091 tri-Insib).’Ava'z-

2128 1113 2331 1191 πτυξιν,
2362 1113 2416 1173 id
2453 1123 2541 1174 est
2572 1112 3063 1191 explicationem,
3104 1113 3282 1190 igitur
3327 1117 3550 1177 vocavit
3591 1116 3783 1175 διαπά-

2129 1201 2382 1282 φησιν,ίά
2407 1210 2498 1263 est
2518 1201 3177 1282 (lectarutinncm,quod
3215 1203 3337 1265 haec
3360 1205 3560 1266 divina
3596 1207 3788 1267 nomi-

2132 1312 2204 1353 na
2227 1293 2371 1368 quid
2404 1292 2758 1370 profundius
2781 1301 3315 1373 contineautquam
3343 1295 3399 1354 id
3424 1297 3580 1374 quod
3612 1315 3785 1378 appa-

2129 1393 2220 1444 ret
2251 1381 2336 1443 Sit
2354 1391 2550 1443 autem
2583 1383 2758 1443 etiam
2787 1381 2884 1442 hic
2903 1390 3040 1442 ante
3068 1388 3124 1442 in
3142 1383 3554 1460 confesso,uos
3579 1405 3785 1447 eorum

2138 1491 2270 1554 qua)
2303 1472 2374 1533 de
2399 1472 2521 1533 Deo
2536 1472 2814 1533 dicuntur
2836 1473 3140 1532 veritatem
3162 1473 3410 1535 minime
3447 1475 3702 1550 tradere,
3729 1485 3787 1536 et

398 1562 466 1616 τὰ
529 1563 654 1618 οντα
686 1561 853 1642 ἐστὶν,
885 1562 1021 1619 ὥστε
1066 1563 1144 1634 μὴ
1178 1563 1238 1618 ἐκ
1285 1564 1482 1619 τούτων
1515 1565 1644 1620 ποτὲ
1698 1564 2052 1643 συλλογισθῆ-

2138 1561 2468 1639 astringere
2522 1563 2800 1622 humanm
2850 1561 3158 1640 sapientia;
3189 1565 3556 1642 persuasioni
3609 1577 3787 1644 atque

402 1669 511 1706 ναι’
577 1655 610 1721 ἡ
643 1655 744 1731 γὰρ
800 1653 1102 1730 ἀνθρωπίιη
1164 1653 1320 1730 σοφία
1377 1652 1437 1709 ἐκ
1485 1659 1590 1708 τῶν
1639 1655 1901 1721 αἰσθητῶν
1959 1657 2052 1722 τὰς

2141 1653 2444 1732 sermoni;
2498 1649 3132 1730 incomprehensibilis
3185 1653 3342 1713 enim
3375 1663 3482 1733 est,
3519 1663 3574 1715 et
3607 1672 3788 1734 super

396 1741 688 1807 ἀποδείξεις
751 1743 1064 1821 ἐρανίζεται,
1104 1742 1272 1820 Εἴπερ
1335 1740 1505 1798 δὲκαὶ
1553 1745 1716 1802 αὒτίν
1747 1745 1924 1808 εἴποις
1958 1747 2052 1812 τὴν

2142 1743 2344 1803 omnia
2364 1761 2494 1822 qua;
2525 1741 2922 1815 exsistunt,ita
2949 1749 3009 1800 u‘.
3037 1759 3103 1801 ex
3130 1741 3220 1802 his
3254 1763 3552 1823 nunquam
3588 1744 3789 1824 colligi

395 1831 602 1906 ἆμεσον
661 1833 942 1909 πρότασιν,
1003 1833 1119 1898 ἣτις
1177 1832 1316 1888 ἐστὶν
1377 1832 1714 1906 αῦτόπιστος,
1779 1837 1864 1890 καὶ
1925 1836 2052 1902 αὕτη

2144 1832 2329 1912 possit
2357 1854 2369 1894 :
2397 1850 2530 1893 nam
2567 1833 2822 1892 humana
2873 1831 3161 1911 sapientia
3195 1849 3265 1892 ex
3297 1833 3480 1894 rebus
3526 1833 3788 1896 sensibi-

395 1921 457 1979 ἐκ
516 1929 619 1979 τῶν
679 1929 909 2000 μερικῶν
973 1923 1267 1991 αἰσθήσεων
1326 1929 1401 1993 τῷ
1459 1930 1533 1996 νῷ
1598 1925 1900 2002 συνάγεται·
1964 1926 2047 1980 ἐπὶ

2138 1921 2298 1984 libus
2319 1922 2863 1983 demonstrationes
2877 1921 3229 1982 emendicat.
3246 1923 3414 1995 Quod
3432 1925 3479 1984 si
3503 1924 3682 1986 etiam
3706 1925 3787 1984 di-

396 2013 453 2068 δὲ
505 2015 613 2068 τῶν
642 2014 774 2089 ὑπὲρ
821 2020 997 2068 πᾶσαν
1041 2013 1218 2069 οὐσίαν
1249 2018 1362 2076 πῶς
1424 2013 1482 2068 ἐίν
1513 2037 1591 2078 τις
1638 2013 1864 2091 λογικῶς
1923 2014 2044 2070 ἐπι-

399 2104 672 2181 στήσειε-θ,
705 2104 746 2157 εἰ
809 2104 886 2171 μὴ
943 2103 1097 2177 μόλις
1156 2108 1231 2174 τῷ
1291 2102 1566 2180 ἆκροτατῳ
1624 2104 1762 2159 ἃνθει
1812 2112 1904 2160 τοῦ
1961 2112 2047 2159 νοῦ

1454 2191 1626 2262 ἀλαλή
1640 2216 1734 2253 τως

725 2278 850 2361 Οόχ
899 2282 1037 2337 οὕτω
1088 2289 1213 2358 γοῦν
1245 2283 1329 2335 κ·ιὶ
1363 2281 1642 2356 ebriae-331$»
1673 2285 1770 2349 τὴν
1801 2284 2049 2350 ἀλήθειαν

399 2190 487 2247 διὰ
566 2197 664 2258 τῆς
721 2190 1026 2269 εἰλικρινοῦς
1109 2189 1371 2252 εὖσεῧείας
1454 2191 1734 2262 ἀλαλήτως
1809 2209 2045 2248 συννοεῗν

399 2279 612 2338 δύναιτο
649 2301 664 2361 ς

398 2372 455 2428 ἐν
489 2376 668 2429 πειθοῖ
712 2373 1042 2444 ἀνθρωπίνης
1090 2371 1298 2448 σοφίας,
1347 2371 1465 2426 ἀλλ’
1524 2375 1579 2427 ῑεν
1640 2371 1894 2438 ἀποδείξει
1952 2379 2048 2438 τῆς

399 2469 511 2524 τῶν
570 2462 836 2542 θεολόγων
869 2461 1164 2540 δυνάμεως,
1199 2461 1316 2518 καθ’
1374 2463 1437 2527 ἣν
1471 2477 1585 2520 :o‘:
1621 2463 1932 2542 ἀφθέγκτοις
1968 2465 2052 2517 καὶ

397 2552 696 2629 ἀγνώστοις
754 2553 1122 2624 σνναπτόμεθα
1175 2556 1388 2628 νοερῶς”
1452 2558 1605 2606 τοῦτο
1663 2553 1761 2626 γάρ
1821 2554 1932 2606 iam
1990 2552 2049 2605 τό

397 2642 706 2720 ἀφθέγκτωξ
761 2644 848 2697 καὶ
880 2641 1189 2718 ἆγνώστως,
1243 2639 1306 2695 Εἴ
1338 2663 1386 2694 τι
1443 2641 1541 2718 γὰρ
1573 2641 1634 2694 ἅν
1666 2641 1938 2718 φθέγξαιτό
1969 2664 2047 2702 τις

398 2729 484 2786 διὰ
539 2729 900 2804 διδασκαλίαν,
933 2732 1020 2786 καὶ
1051 2729 1104 2784 εἴ
1157 2752 1207 2786 τι
1243 2730 1502 2807 γνώσεται
1533 2729 1616 2784 διὰ
1660 2732 1911 2804 μάθησιν,
1956 2735 2050 2787 οῦκ

398 2822 512 2879 ἔστι
558 2820 898 2888 κατάλληλον
927 2834 1051 2882 ταῖς
1104 2823 1221 2896 περὶ
1261 2821 1391 2876 Θεοῦ
1435 2819 1686 2899 ἐννοίαις,
1713 2823 1754 2875 εί
1806 2823 1880 2894 μή
1934 2844 2047 2884 πως

395 2911 788 2986 ἑνδυναμωθείη
848 2917 952 2966 τῶν
1005 2913 1196 2986 νοερῶν
1256 2912 1563 2983 ἡμῶνταϊς
1618 2913 2048 2985 πνευματοκιν-ή-

392 3023 510 3064 τοις
567 3000 880 3080 θεολογίαις,
930 3001 1122 3070 επὶτῴ
1181 2999 1478 3066 διατεθῆναι
1537 3003 1607 3062 εἰς
1651 3003 1746 3067 τὴν
1800 3003 2047 3066 τοιαύτην

398 3094 696 3173 ἄφθεγκτον
754 3093 1000 3166 σύναψιν,
1047 3091 1182 3149 κατὰ
1239 3091 1336 3158 τὴν
1379 3091 1654 3168 κρείττονα
1712 3091 1898 3148 ἕνωσιν
1956 3094 2052 3158 της

400 3180 524 3239 καθ’
601 3185 746 3256 ἡμᾶς
801 3181 1025 3259 λογικῆς
1083 3183 1169 3237 καὶ
1229 3187 1408 3260 νοερᾶς
1468 3180 1760 3256 δυνάμεως,
1813 3182 1929 3240 καθ’
1987 3184 2052 3250 ἦν

2133 2013 2505 2092 xerisipsam
2534 2011 2938 2072 immediatam
2975 2030 3107 2072 esse
3151 2013 3629 2092 propositionem
3663 2031 3793 2094 quae

2133 2122 2241 2182 per
2263 2122 2325 2162 se
2352 2101 2659 2163 credibilis
2678 2102 2842 2174 sit,et
2864 2119 2931 2160 ex
2964 2100 3313 2179 partialibus
3339 2103 3613 2164 sensibus
3630 2121 3790 2164 men-

2133 2192 2178 2253 ti
2211 2192 2566 2272 applicetur,
2605 2189 2905 2266 quomodo
2939 2191 3014 2249 de
3046 2190 3116 2249 iis
3169 2210 3297 2269 qua}
3328 2210 3565 2250 omnem
3605 2210 3786 2270 supe-

2134 2280 2606 2341 rantessentia'n
2640 2278 2988 2339 ratiocinari
3019 2282 3150 2358 quis
3185 2281 3545 2358 poterit,nisi
3579 2282 3784 2342 saltem

2134 2388 2368 2429 summo
2401 2369 2613 2429 mentis
2645 2369 2845 2447 vigore
2879 2385 2985 2445 per
3017 2387 3221 2447 puram
3257 2369 3608 2447 religionem
3647 2388 3787 2429 mo-

2137 2460 2211 2518 do
2239 2457 2763 2536 inexplicabili'illa
2784 2459 2971 2520 valeat
2995 2457 3228 2536 assequi
3269 2459 3608 2535 cogitando?
3654 2460 3783 2520 Non

2138 2551 2223 2609 sic
2256 2551 2456 2628 itaque
2491 2549 2796 2609 veritatem
2826 2549 2894 2609 in
2916 2549 3189 2610 humana;
3209 2550 3514 2629 sapientiae
3548 2569 3787 2630 persua-

2134 2638 2417 2698 sibilitate
2449 2639 2895 2719 investigamus,
2937 2638 3041 2698 sed
3086 2646 3142 2699 in
3170 2640 3510 2702 ostensione
3556 2641 3788 2704 virtutis

2138 2729 2550 2807 theologorum
2567 2747 2700 2807 ,qua
2722 2727 2904 2790 rebus
2933 2727 3335 2790 ineﬁ’abilibus
3355 2739 3411 2791 et
3434 2730 3648 2808 ignotis
3671 2731 3791 2809 spi-

2135 2817 2286 2878 ritali
2313 2818 2488 2878 modo
2519 2818 3087 2896 coniungimur,hoc
3116 2818 3273 2878 enim
3299 2829 3389 2882 est
3411 2819 3710 2898 ineffabili
3734 2829 3794 2880 et

2134 2905 2521 2983 ign0t0.Nam
2546 2908 2594 2968 si
2617 2908 2752 2987 quis
2777 2907 2996 2987 aliquid
3025 2908 3791 2989 proferatdocendo,etdis-

2134 2997 2326 3057 cendo
2346 3007 2681 3074 cognoscat,
2712 3013 3082 3076 nequaquam
3129 2997 3190 3056 id
3236 3017 3368 3057 cum
3424 2999 3496 3058 iis
3545 3017 3674 3078 quae
3719 2999 3794 3058 de

2135 3083 2258 3148 Deo
2274 3094 2408 3148 sunt
2423 3087 2765 3148 notionibus
2781 3087 3117 3158 conveniet,
3131 3086 3240 3146 nisi
3256 3088 3554 3162 spiritales
3573 3097 3793 3150 nostrae

2137 3173 2444 3236 facultates
2481 3175 2842 3236 roborentur
2875 3175 3086 3235 divinis
3143 3175 3533 3238 rationibusa
3570 3175 3793 3256 Spiritu

401 3271 666 3347 δυνάμεθα
722 3273 892 3328 εἰπεῖν
924 3294 972 3326 τι
1005 3273 1092 3326 καὶ
1148 3277 1361 3346 νοῆσαι,
1391 3274 1476 3327 καὶ
1522 3272 1807 3350 ἐνεργείας,
1844 3271 1960 3329 καθ’
1992 3273 2052 3341 ἣν

2143 3274 2346 3325 sancto
2373 3263 2788 3344 motis,quibus
2820 3265 2891 3324 ad
2911 3265 3085 3327 talem
3113 3264 3472 3327 ineffabilem
3507 3268 3804 3352 conjunct

401 3363 630 3440 λέγομεν
747 3368 990 3436 νοοῦμεν.
1043 3369 1206 3418 Τοῦτο
1261 3359 1313 3416 δέ
1344 3369 1477 3438 ἐστι,
1515 3361 1700 3436 ὅτιτῷ
1731 3365 1902 3436 ὁμοιιρ
1953 3363 2062 3418 ἐστὶ

403 3458 600 3518 νοῆσαι
661 3453 720 3506 τὸ
747 3450 956 3526 ὅμοιον,
1018 3453 1091 3507 Τὰ
1150 3450 1276 3528 γοῦν
1333 3451 1450 3506 καθ’
1506 3454 1645 3526 ἡμας
1697 3451 1778 3506 διὰ
1836 3451 2060 3530 λογικῆς

402 3541 630 3618 μεθόδου
689 3545 774 3596 καὶ
841 3543 1150 3615 ἐπιστήμης
1229 3544 1583 3617 γινώσκομεν,
1649 3540 1916 3617 λέγοντες,
1977 3547 2064 3599 καὶ

404 3631 492 3689 διὰ
554 3637 734 3710 νοερᾶς
783 3629 1053 3704 δυνάμεως
1100 3632 1187 3686 καὶ
1238 3630 1524 3707 ἐνεργείας,
1575 3633 1708 3686 κατὰ
1746 3631 1844 3697 τὴν
1893 3653 2065 3708 προσ-

403 3725 642 3794 ἤκουσαν
704 3718 990 3798 ἀναλογίαν
1050 3724 1149 3786 τῆς
1205 3718 1642 3797 γιγνωσκομένης
1704 3730 1924 3797 νοοῦμεν
1980 3717 2064 3777 καὶ

406 3817 526 3869 οἷον
558 3811 762 3873 τούτοις
814 3809 1188 3884 συναπτόμεθα
1217 3810 1306 3865 καὶ
1364 3809 1640 3883 ἐνούμεθα.
1678 3800 1770 3872 ‘u;
1823 3811 1922 3889 γὰρ
1977 3809 2057 3866 ἐπ’

407 3908 506 3968 τῆς
570 3901 864 3968 αἰσθήσεως
925 3898 1062 3976 ἔχει,
1124 3899 1203 3954 ὅτι
1265 3898 1386 3954 τότε
1431 3899 1805 3974 αἰσθανόμεθα,
1839 3900 1926 3956 ὅτε
1983 3907 2059 3976 τῷ

408 3996 644 4062 αἰσθητῶ
701 3989 906 4048 ἑνοῦται
937 3990 970 4056 ἡ
1021 3989 1290 4056 αἴσθησις·
1326 3989 1464 4045 οὕτω
1494 3991 1579 4045 καὶ
1637 3990 1720 4045 ἐπὶ
1769 3995 1865 4058 τῆς
1923 3993 2058 4062 νοή-

407 4105 543 4146 σεως
579 4080 720 4160 ἔχει’
770 4081 855 4135 καὶ
888 4080 986 4158 γὰρ
1015 4087 1092 4153 τῷ
1125 4083 1300 4153 νοητῷ
1330 4081 1534 4135 ἑνοῦται
1581 4087 1606 4135 ο
1637 4088 1779 4150 νοῦς,
1815 4080 1903 4138 ὅτε
1934 4084 2058 4139 τού·-

403 4195 498 4231 του
557 4166 1032 4244 ἀντιλαμϐάνεται.
1073 4171 1168 4227 Καὶ
1223 4177 1386 4228 ταῦτα
1427 4170 1524 4245 μὲν
1583 4169 1802 4226 ἐπὶτῶν
1856 4171 2056 4229 ἄλλων

409 4263 496 4320 ἐπὶ
554 4259 609 4317 δέ
640 4283 700 4339 γε
750 4261 844 4317 τοῦ
889 4260 1050 4332 θείου,
1082 4257 1370 4338 ἓπειδὴπερ
1430 4259 1525 4316 οῦκ
1567 4260 1766 4340 ἔχομέν
1823 4285 1874 4319 τι
1934 4267 2064 4319 Θεοῦ

408 4351 728 4430 οἰκειότερον
789 4350 949 4428 λόγου
981 4351 1068 4406 καὶ
1123 4357 1234 4424 νοῦ,
1271 4349 1430 4406 πάλιν
1487 4349 1686 4407 τούτων
1718 4352 1782 4407 τα
1842 4355 2064 4431 κρείττω

408 4443 498 4496 καὶ
551 4444 668 4496 οἷον
719 4436 872 4513 ἄνθη,
917 4440 1006 4494 καὶ
1066 4443 1230 4493 ταῦτα
1283 4437 1648 4513 κεκαθαρμένα
1708 4438 2062 4516 παραλαμϐα-

411 4552 612 4603 νονται,
647 4531 720 4592 ὼς
756 4528 818 4583 ἂν
848 4531 874 4584 ὁ
907 4534 1022 4592 νοῦς
1056 4527 1154 4603 μὲν
1189 4534 1370 4592 ποσῶς
1401 4535 1530 4607 γνῷ,
1569 4529 1596 4584 ὀ
1629 4525 1682 4582 δὲ
1715 4527 1873 4606 λόγος
1907 4531 2063 4608 ἐξαγ-

2147 3356 2368 3415 tionem
2394 3354 3144 3434 dispon.intur,secundum
3171 3355 3654 3417 excellentiorem
3690 3375 3788 3416 ra-

2147 3444 2384 3504 tionalis
2403 3454 2459 3503 et
2482 3442 2904 3503 intellectualis
2929 3453 3151 3505 nostrae
3178 3444 3600 3524 virtutis,juxta
3615 3463 3789 3525 quam

2148 3533 2370 3613 aliquid
2404 3534 2568 3593 etiari
2601 3541 2659 3593 et
2686 3533 3004 3611 concipere
3028 3533 3346 3613 valeamus,
3369 3545 3546 3614 atque
3575 3553 3789 3616 opera-

2149 3625 2328 3685 tionis
2353 3622 2996 3694 unionem,secuudum
3023 3641 3198 3700 quam
3225 3623 3479 3685 dicimus
3502 3626 3592 3686 vel
3615 3626 3792 3687 intel-

2146 3711 2540 3792 ligimus.Hoc
2570 3719 2766 3772 autem
2792 3712 3070 3790 est,quod
3093 3711 3305 3774 similis
3327 3713 3609 3788 sit,nosse
3634 3715 3796 3776 simi-

2147 3801 2734 3881 le.Nostraliaitaque
2756 3800 3028 3861 rationali
3052 3803 3333 3863 methode
3350 3806 3792 3884 atquescientia

2145 3894 2466 3960 noscimus,
2493 3893 2784 3964 dicentes,
2814 3908 2922 3950 nos
2946 3891 3317 3969 intelligendi
3338 3895 3384 3952 vi
3405 3903 3466 3954 et
3489 3895 3791 3974 operatio—

2141 3983 2576 4055 ne,secundum
2600 3981 3055 4042 convenientem
3083 3983 3212 4059 ejus
3227 3987 3388 4059 quod
3414 3984 3802 4062 cognoscitur
3860 4016 3864 4018 -

2143 4072 2590 4155 proportionem
2624 4069 3796 4154 intelligere,etquodammodorebusip-

2145 4165 2225 4226 sis
2243 4163 2523 4244 conjungi
2552 4170 2608 4221 et
2630 4161 2812 4220 uniri.
2837 4160 2980 4221 299
3001 4158 3510 4232 Quemadmodum
3544 4165 3701 4225 enim
3738 4166 3797 4224 in

2147 4273 2326 4316 sensu
2349 4251 2715 4324 usuvenit,ut
2738 4259 2876 4310 tunc
2901 4250 3494 4332 sentiamus,quando
3526 4253 3798 4315 sensibili

2147 4365 2360 4409 sensus
2381 4341 2876 4422 conjungitur,sic
2902 4341 3078 4400 etiam
3102 4343 3163 4402 iu
3199 4343 3604 4405 intellectione
3621 4361 3799 4405 seres

2149 4438 2350 4509 habet;
2383 4453 2518 4495 nam
2553 4433 2730 4494 etiam
2781 4429 3136 4508 intelligibili
3200 4432 3542 4495 intellectus
3574 4434 3796 4506 unitur,

2151 4527 2389 4610 quando
2421 4522 2567 4586 illud
2601 4519 3018 4600 apprehendit.
3069 4521 3142 4582 Et
3177 4522 3301 4582 haec
3327 4523 3568 4600 quidem
3603 4523 3794 4605 quoad

408 4619 564 4696 γείλῃ
595 4621 661 4676 τὰ
691 4618 820 4696 ὑπὲρ
850 4617 1023 4693 ἡμᾶς.
1518 4593 1530 4607 ’
2010 4593 2020 4608 ’

2152 4593 2264 4681 alia
2309 4638 2322 4679 :
2365 4612 2558 4692 quoad
2614 4593 2804 4672 Deum
2869 4628 3032 4684 vero,
3084 4629 3218 4672 cum
3281 4593 3428 4676 nihil
3474 4593 3799 4675 habeamus

409 4707 535 4771 Deo
552 4708 736 4788 magis
751 4708 922 4771 aliine
937 4725 1114 4786 quam
1131 4715 1390 4770 mentem
1413 4725 1481 4769 ac
1495 4709 1784 4769 rationem
1800 4716 2034 4774 rursum
2053 4732 2122 4776 ea
2135 4729 2266 4794 qum
2295 4707 2504 4768 harum
2524 4699 2830 4794 potissima
2851 4707 2988 4760 sunt
3001 4708 3063 4794 et
3075 4703 3242 4779 quasi
3258 4703 3594 4785 ﬂores,haec
3617 4705 3697 4764 eti
3720 4721 3796 4762 im

415 4796 1230 4882 purgataaccipiuntur,itaut
1255 4815 1422 4859 meus
1439 4791 2496 4880 quidemquodammodocognoscal,
2528 4791 2677 4851 ratio
2704 4806 2840 4882 vero
2861 4791 3132 4852 enuntiet
3154 4811 3484 4872 qutesupra
3506 4813 3612 4856 nos
3637 4801 3800 4865 sunt,

497 4889 734 4948 Καθόλου
783 4897 1058 4966 τοιγαροῦν
1090 4891 1150 4945 οῦ
1197 4887 1496 4964 τολμητέον
1543 4887 1660 4944 οὔτε
1715 4891 1914 4970 εἰπεῖν,
1948 4892 2052 4950 οὔτε

2230 4887 2384 4950 Nihil
2402 4884 2582 4962 igitur
2598 4879 2841 4940 omnino
2862 4883 3344 4959 praesumendum
3361 4885 3560 4946 dicere
3582 4887 3669 4946 vel
3703 4905 3800 4945 co-

412 4981 520 5058 μην
573 4981 820 5047 ἐννοῆσαί
851 5002 899 5035 τι
959 4981 1202 5057 περὶτῆς
1254 4979 1382 5057 ὑπερ
1413 4985 1586 5035 πᾶσαν
1639 4978 1817 5035 οὒσίαν
1873 4984 2052 5050 αἰσθηε

2149 4985 2333 5059 gitare
2358 4977 2432 5037 de
2453 4991 2522 5034 ea
2543 4987 2675 5050 quae
2703 4987 2882 5059 supra
2902 4987 3140 5059 omnem
3164 4975 3637 5049 essentiam,tam
3667 4993 3799 5035 sen-

410 5072 510 5141 τήν
540 5091 595 5126 τε
626 5071 715 5125 καὶ
773 5069 957 5145 νοερὰν
988 5067 1176 5141 οὔσης,
1210 5069 1296 5122 καὶ
1351 5069 1569 5146 κρυφίαις
1627 5073 1696 5143 τῇ
1724 5069 1874 5148 φύσει
1927 5072 2052 5128 Sed-

2149 5058 2318 5132 silem
2352 5079 2530 5145 quam
2577 5058 3069 5139 intellectualem,
3096 5061 3276 5123 etiam
3310 5072 3518 5124 natura
3549 5083 3656 5126 sua
3685 5063 3799 5124 ab-

412 5181 572 5228 τηιος
623 5160 768 5236 παρὰ
809 5159 874 5216 τὰ
933 5157 1268 5237 ἐνδειχθέντα
1317 5159 1456 5232 ἡμῖν
1511 5157 1570 5213 ἐκ
1617 5163 1722 5214 τῶν
1781 5162 1932 5238 ἱερῶν
1982 5166 2052 5218 κα

2150 5159 2278 5222 ditu
2303 5150 2899 5238 est,Deitate,pr:eter
2921 5148 3252 5230 illaqoasex
3265 5154 3798 5233 sacrisdivinisque

411 5253 566 5310 θείων
626 5250 846 5330 λογίων,
901 5251 934 5305 ἃ
990 5247 1054 5318 δὴ
1087 5236 1174 5304 καὶ
1233 5253 1410 5310 ποσῶς
1468 5251 1495 5304 ὁ
1531 5247 1787 5327 ἡμέτερος
1831 5236 1949 5317 νοῦς
1981 5275 2047 5308 γα

2151 5245 2410 5310 oraculis
2431 5249 2568 5304 sunt
2593 5236 3211 5320 manifestata,quibus
3229 5243 3400 5303 etiam
3417 5244 3802 5323 quodammo-

412 5342 570 5421 λόγος
621 5342 970 5417 ξνασμενίζει·
1056 5340 1158 5406 τὴν
1213 5339 1311 5418 γὰρ
1372 5339 1682 5416 ῦπερούσιον
1759 5339 2052 5419 interdum

2146 5340 2221 5400 do
2272 5351 2442 5398 mens
2485 5337 2688 5421 nostra
2739 5328 3010 5408 ratioque
3057 5329 3550 5413 delectatur;nam
3584 5343 3638 5394 et
3672 5352 3798 5394 ser-

411 5434 512 5500 τῆς
567 5431 830 5509 ἀγνωσίας
884 5435 982 5497 τῆς
1033 5429 1163 5508 ὑπὲρ
1219 5427 1403 5508 λόγον,
1437 5429 1526 5484 καὶ
1575 5439 1716 5494 νοῦν,
1751 5434 1838 5488 καὶ
1886 5433 2065 5490 οὒσίαν

412 5521 884 5602 ὑπεροοσιότητος,
936 5524 1070 5598 αὖτῇ
1123 5519 1262 5595 μόνῃ
1322 5519 1620 5583 ἀναθετέον,
1686 5511 1919 5602 "0916‘;
1979 5526 2066 5579 καὶ

414 5613 724 5687 ἐπιστήμην
780 5611 1066 5691 ἀγνωσίας,
1113 5611 1172 5667 οῦ
1223 5609 1386 5684 μόνον
1443 5611 1713 5688 γνώσεως·
1750 5616 1849 5689 μὴ
1903 5613 2066 5690 μόνον

416 5705 520 5786 γὰρ
570 5703 633 5758 τὸ
662 5701 712 5758 τί
770 5701 878 5758 ἐστι
935 5702 1064 5766 Θεὸς
1115 5698 1490 5777 ὶπιστημόνως
1521 5699 1616 5760 οὒκ
1645 5701 1846 5783 ἔχομεν
1892 5709 2067 5780 (τοῦτο

2149 5444 2389 5490 monem
2415 5431 2473 5483 et
2495 5416 2860 5480 intellectum
2888 5427 2946 5478 et
2975 5421 3289 5481 essentiam
3321 5423 3556 5484 excedit
3581 5441 3798 5505 super-

2148 5509 2593 5579 esseutialntatis
2627 5525 2755 5585 ejus
2789 5507 3100 5585 ignoratio,
3138 5511 3232 5571 cui
3256 5512 3368 5574 solt
3403 5530 3800 5593 superessen-

2151 5607 2304 5669 tialis
2335 5599 2586 5666 scientia
2643 5595 2961 5660 tribuenda
3009 5607 3120 5662 est.
3161 5599 3427 5664 Observa
3456 5621 3595 5666 vero
3620 5604 3798 5666 etiam

2147 5696 2456 5762 scientiam
2471 5685 2890 5771 ignorationis,
2929 5693 3118 5752 etnon
3137 5697 3366 5754 tantum
3387 5695 3742 5777 cognitionis
3779 5717 3794 5766 :
