4072 6420
283 303 405 371 613
792 307 890 372 DE
933 305 1231 377 DIVINIS
1272 304 1723 390 NOMINIBUS,
1769 305 1931 375 CAP.
1983 311 2030 374 Ι.
2076 336 2156 357 ά-
2204 313 2586 378 PARAPHB.
2647 316 3159 383 PACHYMER/E.
3562 327 3678 390 614

275 443 648 527 λαμϐάνουσα,
706 446 1048 514 πληθύνεται.
1111 442 1256 508 ’Ὅτε
1305 451 1360 508 δὲ
1401 455 1462 509 iu.
1491 452 1690 508 τούτων
1723 449 1926 513 συνέξει

2023 445 2354 507 substantiae
2372 453 2511 510 est?
2545 455 2740 509 tamen
2775 447 2882 509 Dei
2915 451 3113 512 unitas
3143 458 3674 534 supereminenter

276 535 340 589 τὸ
368 533 750 614 συμπέρασμα,
782 535 836 591 ἕν
869 560 918 592 τι
949 537 1125 609 ἕτερον
1180 543 1283 596 τῶν
1340 540 1622 616 κειμένων,
1686 537 1920 614 συμϐατ-

2023 556 2190 632 iupra
2206 538 2263 598 id
2289 538 2487 632 ipsum
2513 549 2694 620 est,et
2717 541 2999 632 omnibus
3025 533 3325 608 mentibus
3343 549 3670 632 inconcep-

457 627 470 646 ν
521 624 533 646 ι
781 627 794 643 \
891 627 911 659 λ
1044 628 1059 646 κ
1142 627 1164 647 σε
1208 631 1217 646 ι
1402 631 1424 650 n
1553 632 1566 653 9
1727 630 1748 640 τ

278 647 367 680 νον
425 643 672 702 εορισκει.
737 635 806 683 To
859 624 915 682 δε
969 629 1098 706 ὑπερ
1138 646 1368 686 οιανοιαν
1403 652 1476 710 εν,
1515 652 1576 686 ου
1607 629 1844 686 τοιοῦτόν
1874 650 1922 682 τι

2023 627 2176 718 tibile
2208 635 2297 718 est
2323 628 2490 718 illud
2527 647 2708 690 unum
2755 630 2916 710 quod
2960 630 3046 692 ibi
3107 644 3364 698 mentem
3401 624 3666 718 superat.

277 712 440 791 ἒστῖν,
529 707 654 769 ἄλλ’
726 711 1040 782 ἀδιανόητον
1118 720 1205 773 καὶ
1265 707 1668 796 ἀσυλλόγιστον·
1751 719 1778 772 ὂ
1838 719 1926 774 καὶ

2023 715 2118 778 ilic
2138 716 2297 779 enim
2317 717 2715 797 intelligentia
2739 707 2942 782 nostra
2970 723 3392 800 variatur,dum
3420 707 3668 793 demon-

274 803 406 877 ὑπὲρ
437 803 598 879 λόγον
629 805 689 858 ὃν
718 804 939 884 ἀγαθὸν,
972 805 1194 884 ἅῤῥητὸν
1223 807 1334 863 ἐστι
1365 807 1512 886 λόγω
1542 809 1720 866 παντί.

2023 807 2326 868 strationes
2359 817 2415 869 et
2449 808 2891 890 propositiones
2927 811 3158 888 aliquas
3175 815 3671 896 excipiens,tnul-

275 889 606 985 tiplicatur.
659 891 907 964 Quando
942 903 1140 956 autem
1195 915 1265 958 ex
1299 897 1394 958 his
1441 897 1667 976 colligit
1716 896 2186 969 conclusionem,
2223 916 2289 957 ex
2337 897 2410 958 iis
2449 889 2580 979 quae
2614 901 2915 980 proposita
2964 909 3104 964 sunt
3136 889 3428 985 comperit
3485 930 3666 972 unum

279 979 566 1072 quiddam
600 981 759 1044 aliud
793 985 1104 1064 consequi.
1142 985 1294 1048 Illud
1325 994 1520 1048 autem
1557 1006 1743 1048 unum
1782 985 1936 1066 quod
1971 1005 2153 1062 supra
2188 997 2450 1050 mentem
2483 998 2571 1050 est
2603 979 2842 1050 nonest
2874 991 2986 1051 tale
3032 994 3194 1072 quid,
3231 979 3334 1056 sed
3380 995 3667 1061 inconce-

281 1068 519 1150 ptibile,
545 1078 606 1132 et
634 1072 790 1152 quod
817 1074 1190 1137 ratiocinatio
1216 1096 1333 1138 non
1365 1078 1599 1156 attingit
1626 1097 1638 1139 :
1675 1083 1897 1157 quippe
1929 1076 2085 1156 quod
2121 1075 2341 1138 bonum
2377 1086 2488 1152 est,
2526 1097 2704 1159 supra
2735 1068 3063 1156 rationem;
3083 1085 3244 1144 omni
3275 1086 3454 1148 etiam
3489 1092 3671 1151 verbo

270 1159 582 1222 ineﬂ'abile
613 1169 722 1223 est.

361 1253 561 1309 Λοιπὸν
620 1253 755 1327 μετὰ
813 1255 874 1309 τὸ
933 1252 1135 1320 ἒξελεῖν
1189 1258 1396 1314 πάντων
1449 1259 1553 1314 τῶν
1585 1260 1636 1316 ἐν
1669 1271 1784 1321 τσῖς
1819 1257 1932 1313 οὖσι

2097 1253 2390 1339 Caeterum
2424 1277 2790 1339 cumeaqute
2823 1272 2962 1320 sunt
2989 1259 3159 1329 Dei.a
3187 1262 3368 1326 rebus
3391 1269 3672 1332 omnibus

274 1343 342 1399 τὰ
401 1344 519 1421 περὶ
581 1348 738 1418 Θεοῦ,
797 1351 874 1418 τῷ
938 1345 1115 1424 μέτρῳ
1171 1353 1268 1414 τῆς
1343 1350 1610 1426 ἡμετέρας
1679 1348 1933 1426 γλώσσης

2023 1337 2439 1400 exsistentibus
2469 1337 2722 1421 excepit,
2757 1340 2968 1418 lingua
2998 1352 3216 1405 nostra:
3242 1346 3548 1410 modulum
3576 1370 3669 1413 se-

276 1432 586 1490 ἆκολουθῶν
649 1432 734 1511 (οὗ
789 1435 890 1512 γὰρ
948 1433 1236 1514 ὑπερϐῆναι
1268 1439 1466 1506 ταύτην
1495 1437 1714 1498 δυνατὸν
1744 1435 1931 1516 ἡμῖν),

2023 1445 2208 1506 quens
2243 1429 2461 1510 (neque
2484 1430 2655 1505 enim
2677 1431 2836 1491 hunc
2859 1432 3148 1494 excedere
3173 1435 3567 1519 valetnus),ex
3597 1442 3671 1502 iis

272 1523 329 1589 ἐξ
358 1525 532 1580 αὐτῶν
560 1520 758 1594 δοξάζει
789 1525 878 1580 τὸν
931 1527 1084 1605 Θεὸν,
1145 1526 1196 1592 ἐξ
1255 1530 1330 1581 ὧν
1386 1530 1541 1585 αὒτὸν
1606 1527 1799 1594 ἐξεῖλε.
1840 1528 1935 1585 Καὶ

2023 1517 2164 1598 ipsis
2198 1519 2375 1582 rebus
2407 1539 2440 1581 a
2464 1520 2681 1600 quibus
2697 1520 2882 1583 Deum
2899 1523 3352 1605 excepit,ipsum
3372 1517 3672 1593 laudat.Et

276 1612 442 1669 ἑνάδα
466 1614 625 1691 φησὶν
657 1614 836 1685 αὐτὸν,
871 1612 994 1670 ἀλλ’
1026 1615 1268 1673 ἑνοποιὸν
1308 1616 1521 1684 ἁπάσης
1554 1619 1758 1692 ἐνάδος,
1808 1641 1934 1674 του-

2023 1609 2100 1669 ait
2129 1609 2320 1687 ipsum
2351 1628 2483 1672 esse
2499 1610 2922 1682 unitatem,sed
2948 1613 3309 1676 effectricem
3339 1625 3496 1677 sm
3526 1621 3666 1682 uni-

272 1701 420 1759 τέστι
452 1699 775 1780 δημιουργὸν
805 1709 912 1760 τῶν
943 1705 1126 1760 ἁπλῶν
1173 1708 1385 1782 οὐσιῶν,
1415 1707 1683 1788 ἀγγέλων,
1717 1713 1928 1788 ψ·)χῶν¹

271 1793 362 1848 καὶ
421 1797 559 1869 νοῦν,
620 1790 741 1847 ἀλλ’
801 1792 1054 1874 ἀνόητον,
1115 1794 1229 1851 ἀντὶ
1286 1804 1379 1852 τοῦ
1409 1802 1485 1872 μη
1547 1799 1801 1872 νούμεκον
1834 1798 1934 1854 ὑπό

273 1905 421 1945 τινος
484 1889 594 1942 νοῦ.
663 1884 718 1939 Εἰ
749 1884 847 1959 γὰρ
878 1885 938 1939 τὸ
978 1883 1164 1957 ὅμοιον
1193 1887 1294 1941 ὑπὸ
1326 1896 1416 1943 τοῦ
1447 1888 1631 1961 ὅμοίου
1666 1889 1928 1964 γινώσκε-
1959 1911 1994 1958 Β

275 1996 389 2047 ται,
423 1973 594 2052 ἐχρῆν
622 1975 664 2028 εἰ
694 1973 810 2037 νοῦς
841 1975 930 2053 ἦν,
974 1976 1074 2032 ὑπὸ
1129 1982 1231 2031 τῶν
1289 1984 1422 2032 νοῶν
1483 1983 1739 2036 νοεῖσθαι·
1798 1979 1935 2035 ἀλλὰ

275 2067 365 2126 Τίς
442 2063 579 2140 ἔγνω
653 2071 773 2120 νοῦν
850 2064 1070 2144 κυρίους
1149 2067 1343 2123 Οὖκοῦν
1411 2077 1526 2129 νοῦς
1599 2068 1740 2124 ἐστιν
1807 2071 1934 2148 ὑπὲρ

274 2161 418 2232 νοῦν,
476 2156 564 2210 καὶ
626 2152 792 2229 ὄνομα
847 2155 907 2209 τὸ
965 2156 1094 2233 ὑπὲρ
1153 2162 1256 2211 πᾶν
1312 2155 1502 2231 ὄνομα.
1543 2160 1636 2216 Καὶ
1678 2161 1738 2214 τὸ
1768 2159 1934 2233 ὄνομα

273 2264 404 2316 μου,
471 2244 655 2323 φησίν,
718 2248 812 2302 οὐκ
866 2256 1020 2299 εἶπον
1079 2245 1284 2310 αὖτοῖς*
1353 2245 1433 2302 διὸ
1499 2250 1584 2304 καὶ
1656 2249 1928 2322 ἀνών·.›μός

272 2335 390 2388 ἐστι
449 2354 630 2394 πασιν,
696 2331 823 2389 Ἐὰν
880 2332 936 2387 δὲ
995 2332 1150 2410 λέγῃ·
1218 2332 1360 2413 Ἐγώ
1411 2338 1517 2412 εἰμι
1577 2341 1604 2392 ὁ
1645 2337 1740 2410 ὢν,
1779 2337 1928 2403 ἀξίως

275 2434 484 2478 νοεῖται
543 2420 779 2501 ἄναρχος
837 2425 923 2478 καὶ
982 2422 1355 2494 ἀτελεύτητος,
1420 2429 1504 2481 καὶ
1566 2428 1636 2487 ὼς
1701 2427 1762 2482 ἐὶν
1795 2427 1926 2493 αὕτη

274 2514 396 2589 περὶ
457 2511 646 2578 ἑαυτῆς
704 2511 868 2569 εἴποι⁹
939 2512 1076 2588 μόνῃ
1138 2515 1233 2591 γὰρ
1292 2519 1422 2590 αὒτῇ
1481 2523 1546 2590 τῇ,
1608 2517 1830 2583 Θεότητι
1863 2519 1927 2571 τὰ

277 2599 398 2658 καθ’
429 2603 625 2668 ἑαυτὴν
656 2604 729 2666 ὡς
763 2601 879 2682 ἔχει
911 2603 1114 2681 φύσεως
1147 2605 1430 2673 ἐπιστητὰ,
1467 2607 1556 2660 καί
1606 2607 1745 2680 μόνη
1807 2607 1925 2661 ἐπί-

276 2713 469 2747 σταται
528 2692 828 2758 ἐπιστητὼς
887 2693 974 2747 καὶ
1032 2693 1247 2768 κυρίως.
1309 2692 1486 2756 Οὒδεὶς
1535 2697 1632 2772 γὰρ
1679 2697 1928 2773 γινώσκει

273 2784 369 2838 τὸν
425 2781 655 2860 Πατέρα,
710 2782 753 2836 εἰ
808 2781 886 2855 μὴ
945 2783 972 2836 ὁ
1034 2781 1173 2840 l‘io’:
1236 2785 1323 2838 καὶ
1382 2785 1470 2838 τὸν
1534 2785 1672 2857 Υἱὸν,
1721 2786 1929 2860 εἱμὴὸ

277 2871 486 2950 Πατήρ.
521 2874 592 2928 Τὸ
627 2873 752 2929 αὺτὸ
785 2872 870 2926 καὶ
908 2872 1022 2948 περὶ
1055 2881 1146 2930 τοῦ
1178 2873 1326 2949 ἁγίου
1385 2873 1704 2948 [Ι-ιεύματος·
1767 2873 1930 2938 οὗδεὶς

274 2963 378 3038 γὰρ
435 2959 552 3018 οἶδε
611 2964 677 3017 τὰ
733 2967 823 3017 τοῦ
875 2967 1029 3033 Θεοῦ,
1064 2962 1107 3015 εἰ
1141 2962 1216 3034 μὴ
1250 2964 1309 3017 τὸ
1362 2967 1576 3037 Πνεῦμα
1634 2967 1696 3019 τὸ
1754 2964 1813 3020 ἐκ
1844 2971 1936 3020 τοῦ

279 3053 437 3114 Θεοῦ,

360 3220 490 3299 §ll.
555 3223 676 3298 Περὶ
735 3222 930 3288 ταύτης
995 3220 1083 3276 οὖν
1131 3226 1228 3289 τῆς
1276 3224 1606 3301 ὑπερο-δσίοω
1708 3224 1807 3301 γὰρ
1838 3225 1930 3279 οὗ·

2019 1715 2204 1784 versaja
2237 1697 2505 1780 unitatis,
2530 1699 2586 1758 id
2627 1710 2716 1784 est
2745 1709 3076 1784 creatorem
3122 1703 3484 1784 simplicium
3521 1709 3666 1770 sub-

2019 1779 2462 1851 stantiarum,ut
2481 1779 2849 1860 angelorum,
2879 1783 3212 1844 animarum
3242 1779 3264 1856 ”;
3294 1795 3350 1847 et
3386 1797 3668 1870 mentem,

2018 1869 2122 1930 sed
2186 1889 2302 1930 non
2356 1870 2785 1945 intellectilem,
2820 1873 2876 1933 id
2905 1883 3015 1947 est,
3051 1891 3183 1952 quae
3213 1893 3246 1936 a
3277 1876 3439 1938 nulla
3473 1869 3669 1942 mente

2018 1958 2395 2040 intelligitur.
2426 1960 2488 2023 Si
2513 1960 2672 2021 enim
2701 1960 2896 2023 simile
2918 1980 2951 2022 a
2972 1963 3158 2024 simili
3181 1968 3586 2048 cognoscitur,
3622 1969 3672 2030 si

2020 2068 2188 2110 mens
2212 2059 2705 2128 esset,or.orteret
2722 2062 2784 2114 ut
2806 2071 2839 2112 a
2862 2053 3160 2114 mentibus
3176 2069 3664 2135 cognosceretur:

2017 2148 2073 2199 at
2096 2143 2229 2219 quis
2246 2143 2524 2220 cognovit
2543 2148 2801 2202 mentem
2836 2141 3152 2204 Domz’nii?
3171 2146 3271 2204 Est
3298 2145 3478 2224 igitur
3504 2167 3670 2209 mens

2017 2246 2196 2306 supra
2241 2239 2526 2302 mentem,
2567 2239 2864 2290 etnomen
2907 2248 3087 2311 supra
3111 2252 3290 2294 omne
3313 2255 3553 2298 nomen.
3591 2239 3669 2298 Ει

2013 2336 2232 2380 nomen
2263 2319 2477 2400 inquit,
2514 2337 2710 2380 meum
2739 2337 2859 2380 non
2886 2321 3283 2397 manifestavi
3311 2325 3437 2384 eisk
3463 2345 3478 2398 ;
3511 2344 3664 2401 qua-

2013 2407 2282 2468 mobrem
2315 2408 2594 2469 omnibus
2629 2417 2714 2468 est
2745 2407 2874 2468 sine
2907 2409 3173 2471 nomine.
3210 2409 3378 2480 Quod
3403 2412 3453 2473 si
3478 2414 3661 2476 dicit:

2012 2497 2141 2576 Ego
2195 2514 2327 2557 sum
2385 2499 2490 2576 qui
2548 2497 2758 2568 sum',
2804 2496 3158 2576 intelligitur
3186 2508 3248 2560 ut
3301 2499 3492 2575 decet,
3528 2521 3667 2565 esse

2012 2586 2240 2646 scilicet
2293 2586 2422 2648 sine
2480 2586 2772 2665 principio
2833 2595 2892 2647 et
2947 2588 3078 2648 sine
3139 2590 3278 2669 line,
3341 2600 3400 2650 et
3442 2601 3504 2652 ut
3538 2595 3667 2673 ipsa

2017 2674 2298 2736 Divinitns
2329 2676 2404 2736 de
2430 2675 2627 2756 seipsa
2656 2676 2839 2739 dicit:
2877 2676 2985 2737 soli
3021 2677 3178 2738 enim
3215 2680 3516 2742 Divinitati
3549 2683 3669 2761 ipsi

2014 2784 2118 2845 per
2176 2784 2241 2826 se
2301 2776 2507 2827 natura
2565 2785 2671 2827 sua
2730 2775 2864 2828 nota
2925 2775 3036 2841 est,
3081 2775 3143 2827 et
3172 2767 3300 2830 sola
3332 2788 3394 2833 se
3421 2770 3568 2832 scite
3601 2789 3668 2833 ac

2019 2855 2256 2935 proprie
2278 2855 2654 2918 novit.Nemo
2675 2854 2834 2917 enim
2856 2861 3023 2918 novit
3038 2866 3277 2935 patrem
3303 2861 3426 2920 nisi
3440 2859 3666 2942 Filius,

2016 2953 2069 3006 et
2092 2944 2332 3007 Filium
2351 2947 2474 3007 nisi
2499 2948 2753 3008 Pater“.
2779 2946 2944 3008 Idem
2975 2946 3154 3007 estde
3177 2959 3381 3010 sancto
3410 2949 3668 3030 Spiritu;

2018 3053 2193 3095 nemo
2224 3038 2383 3096 enim
2419 3041 2575 3096 novit
2604 3054 2674 3097 ea
2724 3054 2855 3116 quae
2908 3045 3044 3096 sunt
3093 3037 3224 3113 Dei,
3260 3039 3372 3099 nisi
3405 3040 3668 3122 Spiritus

2019 3125 2120 3205 qui
2149 3143 2220 3186 ex
2248 3123 2368 3185 Deo
2400 3133 2487 3186 est
2516 3139 2564 3184 η.

2097 3215 2124 3294 ἓ
2149 3212 2218 3276 ll.
2247 3216 2328 3276 De
2355 3215 2463 3277 hac
2487 3214 2662 3294 igitur
2691 3217 3213 3296 superessentiali;
3249 3237 3383 3280 nam
3411 3221 3670 3282 essentia

277 3312 367 3368 σία
431 3309 640 3388 λέγεται
698 3312 838 3388 παρὰ
895 3313 956 3366 τὸ
1014 3311 1180 3366 εἶναι’
1243 3313 1303 3368 τὸ
1343 3311 1396 3367 δὲ
1428 3313 1570 3370 εἶναι
1604 3314 1930 3392 παραγωγῆς

2023 3303 2233 3365 dicitur
2255 3304 2498 3377 abesse;
2530 3305 2724 3384 ipsum
2752 3314 2945 3367 autem
2980 3325 3131 3381 esse,
3168 3327 3304 3368 cum
3331 3308 3673 3387 productio-

275 3423 422 3465 τινος
484 3400 687 3456 ’ἐνδοιαν
744 3401 1057 3479 ὑπογράφει,
1104 3403 1196 3458 aiax
1245 3401 1305 3456 ἂν
1347 3401 1559 3480 λέγοιτο
1589 3403 1777 3481 κυρίως
1835 3406 1926 3460 οὗ·

2023 3396 2108 3455 nis
2137 3393 2386 3473 alicujus
2418 3412 2660 3455 sensum
2693 3395 2980 3471 insinuet,
3018 3417 3136 3457 non
3168 3397 3384 3459 dicitur
3433 3400 3674 3479 proprie

278 3492 391 3567 σία,
457 3489 576 3545 ἀλλ’
635 3492 966 3567 ὕπερούσιος,
1031 3492 1155 3564 Περὶ
1205 3493 1402 3558 ταύτης
1462 3496 1677 3558 οῦντῆς
1708 3494 1927 3570 ὑπερθυ-

2023 3484 2291 3557 essentia,
2318 3484 2420 3544 sed
2448 3485 2987 3563 superessentialis.
3018 3486 3098 3547 De
3134 3487 3244 3546 hac
3270 3486 3446 3566 igitur
3465 3506 3674 3568 super-

280 3580 396 3637 σίου
423 3582 512 3636 καὶ
570 3582 790 3660 κρυφίας
818 3581 1074 3647 θεότητος
1114 3579 1229 3636 οὔτε
1265 3583 1464 3662 εἰπεῖν,
1499 3583 1615 3638 οὖῖε
1681 3583 1928 3648 ἐννοῆσαί

2023 3573 2399 3634 essentialiac
2413 3573 3035 3637 reconditadivinitate
3051 3597 3168 3637 non
3184 3580 3663 3655 praesumendum
3697 3627 3712 3640 .

275 3693 326 3727 τι
358 3669 661 3746 τολμητέον
696 3671 836 3748 παρὰ
865 3670 932 3728 τὰ
964 3667 1269 3737 δηλιυθέντα
1301 3671 1359 3727 ἐκ
1417 3661 1523 3729 τῶν
1585 3672 1736 3729 θείων
1797 3677 1934 3750 Γρα-

2023 3662 2243 3737 dicere,
2279 3661 2382 3723 sed
2409 3681 2483 3724 ne
2505 3662 2765 3742 cogitare
2803 3665 3151 3746 quidquam,
3197 3676 3409 3746 praeter
3430 3684 3500 3728 ea
3531 3686 3669 3746 quae

280 3767 416 3839 φῶν.
483 3761 582 3817 Καὶ
638 3761 740 3839 γὰρ
799 3761 871 3825 ὡς
920 3760 1052 3827 αὒτῆ
1084 3761 1203 3839 περὶ
1235 3761 1426 3828 ἐαυθῆς
1459 3762 1513 3818 ἓν
1545 3774 1662 3824 τοῖς
1698 3755 1935 3838 Εὖαγγε·

2023 3753 2205 3814 sacris
2234 3762 2370 3814 sunt
2400 3752 2653 3832 eloquiis
2685 3753 3010 3819 enuntiata.
3048 3756 3201 3818 Nam
3235 3767 3296 3818 ut
3327 3756 3458 3832 ipsa
3481 3757 3558 3818 de
3604 3775 3670 3818 se

281 3849 415 3913 λίοις
476 3848 776 3922 παρέδωκεν
839 3848 953 3928 (ὅτε
1015 3853 1040 3904 ὁ
1095 3847 1284 3929 Κύριος
1319 3850 1521 3929 ἔλεγεν
1589 3850 1767 3914 Οὒδεὶς
1818 3849 1933 3908 οἶδε

281 3942 374 3996 τὸν
437 3939 645 4015 Πατέρα
705 3941 747 3994 εἷ
806 3940 882 4015 μὴ
941 3939 967 3993 ὀ
1029 3938 1167 4002 Υἱός·
1219 3941 1324 4014 καὶ,
1381 3939 1556 4002 Οὕδεὶς
1605 3937 1719 3996 οἶδε
1751 3941 1815 3995 τὰ
1844 3941 1938 3997 τοῦ

285 4036 420 4086 Θεοῦ
494 4029 539 4084 εἰ
613 4029 689 4104 μὴ
760 4031 822 4085 τὸ
883 4034 1096 4104 Πνεῦμα
1156 4031 1218 4085 τὸ
1274 4029 1334 4084 ἐκ
1386 4029 1476 4086 τοῦ
1532 4037 1685 4105 Θεοῦ,
1748 4031 1938 4108 ἁγαθο-

283 4123 502 4197 πρεπῶς
564 4116 1014 4197 ἀποφαινόμενος,
1094 4115 1431 4176 ἀναστέλλων
1503 4120 1601 4186 τὴν
1673 4119 1939 4197 ἡμετέραν

282 4206 590 4287 παράλογον
647 4206 912 4286 ἔρευναν),
971 4209 1004 4276 ἦ
1065 4207 1341 4284 ἐπιστήμη
1399 4210 1595 4277 ταύτης
1639 4211 1724 4267 καὶ
1750 4209 1939 4288 θεωρίά

284 4295 483 4361 ἄϐατος
518 4297 628 4353 ἐστι
659 4303 788 4354 πᾶσι
818 4310 937 4362 τοῖς
982 4297 1149 4370 οὖσιν,
1183 4300 1254 4361 ὡς
1287 4297 1416 4376 ὑπὲρ
1447 4301 1512 4354 τὰ
1551 4299 1722 4356 πάντα
1752 4297 1935 4366 οῦσης.

289 4389 387 4447 Καὶ
445 4385 675 4452 πολλοὺς
724 4386 834 4444 τῶν
883 4385 1151 4466 θεολόγων
1183 4389 1424 4466 εὑρήσεις
1457 4393 1517 4447 οὗ
1548 4390 1711 4464 μόνον
1740 4390 1938 4455 ταύτην

287 4477 511 4556 ἀόρατον
568 4480 655 4534 καὶ
716 4477 1079 4558 ἀπερίληπτον
1138 4475 1389 4556 λέγοντας
1450 4478 1629 4558 (τοῦτο
1678 4480 1778 4558 γὰρ
1829 4479 1937 4534 ἐστι

2021 3852 2076 3907 in
2113 3851 2437 3922 Evangeliis
2464 3851 2697 3909 tradidit
2729 3853 2975 3924 (quando
3002 3854 3278 3911 Dominus
3307 3855 3485 3913 dixit:
3511 3856 3676 3913 Nemo

2018 3941 2165 3996 novit
2195 3942 2411 3998 Patrem
2461 3940 2567 3997 nisi
2592 3941 2768 3999 Filius
2790 3955 2812 3980 ο
2838 3962 2855 4005 .·
2890 3952 2978 4001 et:
3000 3942 3160 4000 Nemo
3197 3946 3349 4002 novit
3376 3961 3496 4016 quia
3542 3951 3671 4002 sunt

2019 4030 2140 4098 Dei,
2191 4031 2304 4086 nisi
2345 4029 2583 4103 Spiritus
2633 4032 2727 4105 qui
2777 4037 2853 4088 est
2902 4049 2972 4090 ea:
3017 4035 3128 4090 Deo
3168 4046 3194 4087 ι)
3226 4035 3478 4107 benigne
3517 4036 3674 4092 visus

2023 4111 2309 4174 cohibere
2339 4123 2600 4174 nostram
2633 4123 3054 4194 praeposteram
3077 4117 3526 4196 scrutationem)
3548 4116 3676 4195 ejus

2024 4201 2275 4264 scientia
2290 4211 2348 4265 et
2365 4204 2788 4284 contemplatio
2807 4205 3085 4268 omnibus
3099 4215 3188 4268 est
3213 4209 3515 4268 inaccessa
3535 4206 3678 4266 sub-

2023 4291 2278 4373 stantiis,
2321 4300 2522 4371 utpote
2553 4292 2756 4354 omnia
2805 4295 3122 4360 excedens.
3181 4296 3393 4357 Multos
3440 4313 3676 4374 quoque

2026 4381 2337 4460 theologos
2358 4381 2624 4442 invenias
2649 4381 2810 4443 illam
2848 4401 2965 4444 non
2991 4384 3164 4444 modo
3191 4381 3549 4444 invisibilem
3577 4384 3674 4442 in-

2026 4469 2754 4551 comprehensibilemqne
2787 4472 3007 4533 dixisse
3039 4473 3188 4552 (haec
3217 4471 3374 4532 enim
3412 4472 3518 4534 Dei
3551 4471 3678 4533 laus

285 4571 372 4624 καὶ
401 4567 564 4644 ὕμνος
597 4575 751 4642 Θεοῦ,
785 4568 872 4626 ὅτε
903 4567 1287 4646 προσηκόντως
1349 4589 1431 4630 τις
1484 4570 1604 4648 περὶ
1663 4576 1794 4626 Θεοῦ
1844 4566 1935 4624 λέ-

2025 4569 2136 4634 est,
2172 4559 2408 4639 quando
2441 4560 2577 4637 quis
2608 4563 2891 4623 decenter
2921 4562 2996 4624 de
3028 4561 3149 4624 Deo
3185 4563 3491 4643 loquitur;
3523 4561 3679 4624 sicut

285 4679 395 4737 γει,
439 4643 638 4737 ὥσπερ
700 4660 762 4714 τὸ
818 4657 1051 4714 ἓναντίον
1104 4653 1440 4738 ϐλασφημία,
1497 4655 1586 4714 ὅτε
1618 4659 1697 4732 μὴ
1725 4680 1935 4736 προση-

2025 4669 2058 4713 e
2088 4651 2319 4712 diverso
2351 4649 2742 4729 blasphemia,
2768 4652 3005 4730 quando
3032 4652 3168 4729 quis
3190 4652 3558 4724 indecenter)
3585 4669 3683 4712 vc.

283 4746 532 4825 κόντως),
588 4747 728 4804 ἀλλὰ
782 4750 868 4804 καὶ
936 4745 1336 4825 ἀνεξερεύνητον
1365 4750 1452 4805 καὶ
1513 4747 1935 4830 ἀνεξιχνίαστον

286 4836 366 4894 ὅτι
425 4837 618 4917 κρυφία
676 4839 710 4905 ἡ
772 4836 982 4915 ἀπειρία
1039 4837 1201 4902 αὖτῆς
1257 4837 1393 4896 ἐστι.
1449 4841 1656 4914 Καὶμὴ
1688 4839 1848 4907 μόνον
1884 4842 1942 4898 οὒ

289 4925 740 5006 περιλαμϐάνεται
776 4924 860 4982 διὰ
886 4927 945 4982 τὸ
977 4924 1190 5004 ἄπειρον
1246 4925 1329 5005 (τὸ
1389 4928 1485 5008 γὰρ
1538 4928 1943 5009 τεπερασμένον

287 5013 738 5095 περιλαμϐάνεται
798 5016 881 5095 ξιφ’
935 5018 995 5072 o5
1051 5019 1138 5072 καὶ
1200 5015 1554 5094 πεπέρασται·
1618 5022 1644 5075 ὁ
1709 5021 1838 5082 Θεὸς
1890 5017 1946 5074 δὲ

291 5106 540 5164 ἁπάντων
599 5106 760 5172 τύπος
818 5107 983 5185 εστὶν,
1041 5107 1100 5161 οὗ
1131 5110 1482 5187 σωματικῶς,
1518 5107 1654 5165 ἀλλὰ
1683 5107 1945 5187 δημιουρ-

293 5203 478 5276 γικῶς·
537 5199 630 5252 τὸν
682 5198 782 5277 γὰρ
813 5197 1056 5273 οὐρανὸν,
1118 5199 1208 5252 καὶ
1253 5197 1352 5264 τὴν
1387 5202 1512 5276 γῆν,
1562 5199 1648 5254 καὶ
1681 5200 1745 5255 τὰ
1775 5200 1946 5257 παντί..

293 5289 450 5352 αὒτὸς
493 5285 746 5366 πληροῖ),
782 5285 918 5344 ἀλλὰ
946 5287 1033 5343 καὶ
1079 5283 1224 5343 οὐδὲν
1257 5285 1420 5369 ἴχνος
1453 5288 1758 5368 ἐμφαίνεται
1793 5286 1944 5345 οῦδε-

292 5379 381 5442 νὸς
437 5379 544 5433 τῶν
605 5375 992 5445 διεληλυθότων
1039 5373 1123 5432 ἐπὶ
1176 5376 1371 5444 ταύτην
1402 5377 1502 5445 τὴν
1532 5379 1750 5458 κρυφίαν
1781 5378 1945 5436 ἀπει-

2025 4759 2155 4801 rum
2172 4739 2348 4802 etiam
2365 4739 2816 4803 inscrutabilem
2834 4742 3440 4822 etininvestigabilem
3473 4759 3485 4804 :
3520 4759 3678 4822 quo—

2025 4831 2182 4891 niam
2213 4847 2499 4891 arcanum
2531 4830 2683 4908 ejus,
2718 4840 2806 4891 est
2841 4831 2972 4911 ejus
2999 4832 3284 4894 inﬁnitas.
3321 4831 3390 4893 Et
3411 4841 3678 4893 nontan-

2030 4928 2150 4981 tum
2166 4938 2283 4980 non
2301 4920 2828 4999 comprehenditur
2851 4931 3092 5004 propter
3109 4922 3463 4984 infinitatem
3495 4921 3677 5002 (quod

2032 5011 2190 5072 enim
2212 5010 2589 5070 terminatum
2628 5019 2738 5085 est,
2767 5013 3300 5092 comprehenditur
3318 5011 3392 5073 ab
3416 5030 3486 5072 eo
3508 5029 3677 5090 aquo

2031 5099 2416 5162 terminatur:
2448 5101 2601 5162 Deus
2614 5109 2808 5162 autem
2832 5111 2923 5165 est
2943 5103 3109 5166 locus
3123 5103 3388 5164 omnium
3408 5120 3523 5162 non
3542 5118 3679 5161 cor-

2033 5189 2342 5271 poraliter,
2379 5188 2482 5250 sed
2518 5189 2787 5252 etfective
2817 5211 2832 5268 ;
2867 5211 3004 5253 nam
3037 5193 3255 5254 caelum
3287 5200 3346 5252 et
3376 5198 3591 5251 terram
3625 5197 3683 5251 et

2033 5279 2654 5360 omniaipseimplet),
2693 5281 2961 5362 quinimo
2987 5282 3215 5344 nullum
3266 5288 3454 5343 exstat
3498 5278 3680 5340 vesti-

2033 5371 2192 5449 gium
2212 5387 2417 5430 eorum
2440 5387 2572 5450 quae
2593 5369 2666 5431 ad
2690 5373 2819 5450 ejus
2842 5372 3304 5435 secretissimam
3328 5368 3682 5430 inﬁnitatem

294 5467 430 5545 ρίαν.
490 5472 657 5523 Τοῦτο
716 5464 770 5522 δὲ
823 5464 1000 5544 λέγει,
1045 5468 1150 5547 οὐχ
1210 5464 1290 5522 ὅτι
1321 5463 1534 5536 διῆλθον
1565 5457 1664 5545 μὲν
1693 5489 1858 5549 τινες,
1891 5471 1935 5526 οί

2039 5458 2565 5541 penetrarint.Hoc
2591 5472 2790 5525 autem
2815 5462 2978 5540 dicit,
3003 5481 3124 5526 non
3150 5461 3320 5543 quasi
3343 5459 3525 5540 aliqui
3546 5457 3683 5540 qui-

371 5630 389 5684 i
432 5628 726 5714 Rom._x1,
758 5623 894 5714 34.Δ
923 5626 974 5714 ,ιι
999 5624 1183 5714 Εαοά.
1219 5644 1294 5704 γι,
1334 5627 1394 5694 3.
1441 5628 1482 5714 ᾼ¹
1512 5630 1702 5697 Exod.
1727 5646 1815 5713 ut,
1847 5631 1935 5714 14,

2025 5645 2067 5679 m
2101 5621 2309 5688 Matth.
2341 5638 2433 5699 xx,
2465 5623 2566 5704 11,
2597 5625 2697 5691 t7.
2770 5639 2797 5668 τι
2824 5627 2848 5690 Ι
2880 5624 3014 5689 Cor.
3040 5641 3108 5702 ιι,
3141 5624 3240 5689 11.
3317 5630 3339 5657 °
3371 5621 3573 5687 Matth.
3604 5637 3686 5705 ιι,

295 5710 402 5774 27.
489 5721 516 5765 ν
546 5707 733 5777 lCor.
765 5724 837 5793 tt,
871 5709 940 5775 11
979 5707 1212 5793 ;Δι›οο.
1237 5723 1365 5794 ιιι,
1400 5709 1496 5774 12.
