4072 6420
245 334 362 414 621

738 346 836 414 DE
883 350 1180 415 DIVINIS
1221 346 1673 430 NOMINIBUS,
1721 346 1889 413 CAP.
1944 351 1993 409 Ι.
2044 384 2115 393 --
2167 350 2558 412 PARAPHR.
2604 348 3116 414 PACHYMERAE.

3518 350 3637 419 622

243 486 516 564 ἡμετέρας
577 488 822 559 νοήσεσς,
884 485 968 542 διὰ
1025 509 1083 544 τε
1137 491 1412 568 Γραφικῶν
1472 489 1885 566 παραπετασμά-

1986 504 2118 546 rum
2168 504 2388 548 arcana
2434 485 2673 549 traditio
2722 487 2781 547 in
2831 486 3110 567 mysterio
3146 488 3282 568 (hoc
3337 492 3499 554 enim
3545 501 3639 556 est

243 600 376 651 των,
441 576 568 633 ὅταν
616 576 839 655 λέγηται
901 577 985 633 ἐπὶ
1042 577 1139 652 μὲν
1206 580 1360 658 Θεοῦ,
1395 580 1470 641 ὡς
1523 587 1646 658 πῦρ,
1679 580 1765 634 καὶ
1819 580 1892 642 ὡς

240 666 436 746 γέρων,
472 668 559 723 καὶ
591 668 663 729 ὡς
718 666 960 723 παλαίων
990 674 1066 741 τῷ
1114 665 1333 747 Ἰακὼϐ,
1361 669 1448 724 καὶ
1498 666 1598 724 ὅσα
1646 674 1887 724 τοιαῦτα·

239 755 335 812 ἐπὶ
394 757 447 812 δὲ
480 756 747 834 ἀγγέλων,
784 760 856 819 ὡς
902 758 967 813 τὰ
996 760 1351 837 θηριόμορφα,
1384 760 1471 814 καὶ
1530 760 1575 814 οἱ
1606 759 1888 829 νεανίσκοι,

234 848 328 903 καὶ
383 849 435 903 αἱ
492 846 674 904 λοιπαὶ
732 849 953 910 εἰκόνες,
991 855 1160 905 Ταῦτα
1205 850 1305 925 γάρ
1368 850 1465 903 εἶσι
1527 850 1591 903 τα
1644 870 1891 925 παραπε-

235 938 515 1015 τάσματα,
578 938 656 1012 μὴ
716 937 955 1017 ἐχόντων
1038 942 1191 1009 ἡμῶν
1250 938 1464 1012 ἀμέσως
1541 935 1893 1013 προσϐάλλειδ

238 1041 360 1090 τοῖς
418 1028 721 1104 πράγμασι,
775 1029 861 1083 καὶ
909 1026 993 1085 διὰ
1049 1036 1203 1085 τουτο
1232 1026 1495 1102 δεομένων
1558 1028 1889 1106 περικαλυμ-

241 1118 431 1191 μάτων
501 1124 683 1192 τινῶν,
736 1115 869 1195 ἅπερ
929 1120 1026 1173 εἰσὶ
1095 1119 1159 1173 τὰ
1230 1117 1610 1197 προειρημένα.
1692 1119 1789 1174 Διὰ
1836 1141 1892 1174 τε

1975 577 2364 657 ἒκφαντορικῶς
2421 575 2599 638 nobis
2644 574 2898 639 indulsit
2950 577 3077 650 (ubi
3139 588 3300 655 nota,
3333 583 3634 662 apostolos

1980 666 2258 745 perfectis
2286 683 2393 746 per
2423 663 2761 728 sermonem
2786 664 2970 726 multa
3002 668 3287 745 mysteria
3308 672 3630 735 revelaudo

1980 755 2512 837 tradidisse;quare
2532 763 2592 817 et
2614 755 2937 835 Apostolus
2959 756 3033 817 ad
3064 754 3636 825 Thessalonicenses

1978 847 2253 908 scribens
2275 848 2667 927 ait,oportere
2687 846 2850 924 ipsos
2873 863 3111 907 servare
3133 866 3266 927 quae
3285 850 3635 914 audiverant

1974 937 2104 997 sive
2136 954 2253 1014 per
2279 952 2644 1016 sermonem,
2667 937 2794 997 sive
2804 952 2920 1015 per
2945 936 3258 1015 epistolam
3281 940 3327 1000 δε
3354 949 3411 1000 et
3437 938 3638 1002 Timo-

1975 1027 2113 1087 theo
2140 1027 2304 1107 dicit,
2338 1045 2401 1088 se
2433 1026 2769 1105 depositum
2800 1025 3043 1087 dedisse
3086 1026 3147 1088 in
3182 1029 3496 1110 mysterio)
3528 1031 3637 1093 has

1977 1126 2034 1176 et
2066 1135 2174 1176 nos
2197 1134 2433 1196 quoque
2464 1114 2772 1176 hausimus
2809 1133 3008 1192 ;nunc
3039 1116 3282 1196 quidem
3316 1120 3497 1181 etiam
3529 1121 3639 1183 hu-

241 1214 373 1282 γοῦν
425 1209 524 1271 τῆς
555 1209 756 1264 τούτων
814 1206 1229 1287 φιλανθρωπίὰς,
1263 1209 1350 1262 καὶ
1408 1207 1513 1265 εἴτι
1558 1214 1662 1263 τῶν
1711 1212 1885 1287 ἱεραρ-

1972 1207 2067 1286 jus
2090 1205 2219 1267 vitae
2246 1212 2539 1286 tempore,
2591 1203 3003 1283 intelligentia)
3032 1214 3250 1270 nostrae
3280 1208 3506 1273 viribus
3524 1228 3631 1272 ac-

239 1302 420 1376 χικῶν
464 1296 829 1377 παραδόσεων,
864 1298 962 1364 τὴν
1021 1299 1214 1364 πύησιν
1247 1297 1473 1377 ἔχομεν.
1513 1302 1608 1355 Καὶ
1653 1304 1889 1373 σημείω-

239 1409 356 1466 σαι,
391 1385 473 1442 ὅτι
503 1391 590 1443 καὶ
623 1386 795 1443 πολλὰ
854 1387 1053 1462 ἐμυστα
1073 1394 1329 1465 (ωγοῦντο
1360 1387 1606 1467 ἀγράφως
1646 1391 1692 1445 οἱ
1724 1389 1889 1466 ἅγιοι,

239 1477 302 1533 Τί
363 1474 421 1532 δὲ
491 1476 600 1532 ἐστι
660 1480 722 1533 τὸ
787 1478 1152 1555 φιλάνθρωπον
1236 1484 1340 1533 τῶν
1400 1481 1551 1555 ἱερῶν
1619 1485 1890 1557 Γραφῶν;

1976 1296 2372 1370 commodata,
2427 1313 2535 1375 per
2564 1293 2861 1355 velamina
2892 1292 3337 1376 Scripturarum
3373 1306 3436 1360 ut
3493 1317 3633 1363 cum

1977 1386 2216 1462 dicitur,
2254 1387 2411 1448 Deus
2431 1384 2695 1465 quidem,
2728 1384 2889 1447 velut
2916 1385 3093 1465 ignis,
3125 1395 3183 1448 et
3214 1397 3497 1466 tanquam
3529 1410 3636 1454 se-

1979 1494 2114 1557 nex,
2151 1486 2209 1538 et
2238 1477 2391 1537 sicut
2426 1476 2659 1537 luctans
2685 1493 2822 1536 cum
2842 1474 3027 1538 Jacob
3059 1486 3121 1540 et
3150 1478 3405 1558 similia;
3434 1483 3635 1560 angeli

238 1567 366 1623 uOtt
418 1568 554 1622 κατὰ
584 1567 857 1645 ἀγάπησιν
898 1568 1061 1639 θείαν,
1095 1567 1186 1623 ’ίνα
1222 1571 1447 1646 χωρηθῇ
1475 1570 1536 1623 τὸ
1585 1572 1776 1634 νοητον
1806 1570 1885 1624 καῖ

1979 1585 2141 1647 vero,
2174 1566 2329 1628 velut
2359 1566 2566 1627 formae
2607 1566 2890 1641 ferarum,
2916 1567 3291 1651 juvenesque
3325 1579 3384 1633 et
3402 1582 3633 1636 caetera

236 1657 534 1736 ἀχώρητον
579 1656 632 1713 ἐν
692 1660 849 1732 ἡμῖν,
917 1660 1191 1723 αἰσθητοῖς
1249 1656 1533 1730 συμϐόλοις
1591 1657 1885 1737 ἐχρήσατο,

1976 1655 2199 1733 ﬁgurae.
2234 1658 2372 1718 Haec
2403 1657 2563 1717 enim
2590 1664 2729 1717 sunt
2757 1655 3071 1737 velamina,
3104 1658 3262 1738 quod
3293 1678 3410 1722 non
3443 1664 3632 1743 possi-

233 1750 398 1805 οἷονει
435 1771 538 1804 τισι
569 1747 1023 1826 περικαλύμμασι,
1058 1748 1144 1802 καὶ
1203 1749 1268 1802 τὰ
1300 1748 1685 1825 ἀσχημάτιστα
1717 1749 1885 1803 εἶκον-

1978 1765 2109 1806 mus
2132 1746 2475 1807 immediate
2504 1744 2686 1807 rebus
2713 1745 2860 1825 ipsis
2890 1746 3500 1832 conjungi,’_adeoque
3525 1771 3634 1816 ve-

234 1838 493 1917 οὐργησε,
529 1841 614 1893 καὶ
672 1838 735 1893 τα
762 1836 907 1893 ἁπλᾶ
967 1837 1021 1892 ἐν
1070 1844 1135 1913 τῇ
1197 1837 1437 1907 ποικιλιᾳ
1489 1844 1594 1891 τῶν
1626 1844 1885 1916 μεριστῶν

1977 1836 2295 1897 luminibus
2339 1835 2692 1915 quibusdam
2730 1854 2878 1915 opus
2925 1836 3279 1913 habeamus,
3312 1859 3447 1921 qua:
3492 1852 3633 1906 sunt

233 1926 548 2003 συμϐόλων*
614 1928 702 1984 ὅτε
761 1926 1010 1994 δηλονότι
1067 1927 1472 2005 ἀνθρωπολογεϊ
1520 1930 1553 1995 ἡ
1599 1928 1779 2005 Γραιρη
1832 1929 1891 1983 τὸ

234 2025 425 2093 Θεῖον,
459 2017 622 2081 πόδας
659 2020 742 2075 καὶ
796 2032 989 2097 χεῖρας
1046 2021 1131 2074 καὶ
1177 2018 1461 2095 πρόσωπον
1491 2017 1633 2089 αὗτῴ
1682 2039 1891 2093 περιτια

230 2112 417 2182 θεῖσα,
453 2107 709 2174 ἐπλήθυνε
771 2110 864 2163 καί
918 2106 1167 2163 ὁιέπλασε
1220 2110 1279 2162 το
1312 2107 1366 2161 ἓν
1416 2108 1482 2175 τῆ
1510 2108 1658 2186 φύσει
1717 2106 1891 2163 πολλὰ

233 2212 357 2260 τοῖς
418 2196 704 2273 συμϐόλοις
738 2197 962 2255 ποιοῦσα
1010 2200 1092 2254 καὶ
1150 2199 1493 2267 εἰκονίζουσα,
1532 2199 1625 2254 Καὶ
1674 2204 1761 2252 νῦν
1793 2197 1889 2270 μὲν

235 2288 432 2350 οὕτως’
498 2288 551 2344 ἕν
612 2310 667 2343 τε
722 2294 789 2363 τῇ
833 2288 1140 2363 ἀναστάσει,
1176 2288 1262 2343 ὅτε
1317 2284 1678 2364 Χριστοειδοίς
1710 2286 1883 2350 τευξό-

233 2383 376 2453 μεθα
460 2379 836 2441 καταστάσεως
911 2380 1084 2453 (τοῦτο
1159 2378 1258 2456 γάρ
1318 2376 1429 2432 ἐστι
1501 2379 1561 2431 τὸ
1634 2375 1885 2453 λήξεως),

231 2469 469 2524 πάντοτε
528 2469 619 2522 σὺν
683 2470 853 2546 Κυρίῳ
910 2468 1157 2543 ἐσόμεθα,
1198 2468 1333 2524 κατὰ
1392 2470 1482 2522 τὸν
1534 2465 1884 2538 ’Λπὸστολον,

229 2557 710 2635 ἀποπληρούμενοι
768 2558 864 2632 μὲν
919 2562 1006 2614 καὶ
1066 2564 1159 2624 τῆς
1222 2557 1413 2635 ὁρατῆς
1474 2555 1631 2612 αὖτοῦ
1688 2560 1886 2633 05061—

1378 2648 1446 2722 τῇ
1517 2645 1818 2723 ἔμψυχα)μέ
1830 2668 1888 2719 νη

224 2740 386 2817 σαρκὶ
440 2738 507 2805 ἣν
567 2737 951 2818 προσελάϐετο,
986 2739 1435 2815 περιαυγαζούσης
1489 2736 1539 2791 ὲν
1603 2757 1886 2811 μαρμαρυ-

227 2650 401 2722 νείας,
465 2648 546 2703 ὅτι
634 2648 715 2703 ἀεί
785 2649 925 2704 ἐστιν
1003 2646 1296 2726 ἀδιαίρετος

221 2843 357 2907 γαῖς
404 2829 547 2902 ἡμῖν
579 2830 924 2908 ιρανοτάταις,
959 2830 1130 2893 καθὼς
1161 2829 1247 2884 καὶ
1279 2829 1333 2882 ἐν
1381 2833 1449 2902 τῇ
1480 2825 1885 2902 μεταμορφώσει

223 2918 426 2997 ἐφάνη·
464 2918 788 2997 μετέχοντες
821 2916 873 2973 δὲ
905 2921 992 2975 καὶ
1023 2924 1120 2984 τῆς
1154 2917 1350 2984 νοητῆς
1384 2914 1733 2994 φωτοὸοσίας,
1768 2912 1883 2979 ἥτις

222 3007 339 3065 ἐστὶ
401 3010 493 3063 καὶ
521 3009 651 3086 ὑπὲρ
710 3016 829 3064 νοῦν
860 3011 945 3063 καὶ
1003 3010 1138 3063 κατὰ
1169 3010 1286 3062 νοῦν
1338 3006 1524 3069 ἓνωσις
1562 3004 1719 3083 (κατᾶ
1770 3004 1885 3058 νοῦν

222 3099 327 3176 γαρ
364 3096 512 3153 ἔσται
544 3099 681 3173 ἡμῖν
713 3100 993 3175 μεθεκτή),
1025 3098 1144 3153 τότε
1190 3095 1544 3174 τελεωτέρως,
1578 3093 1725 3169 ὅταν,
1760 3096 1884 3149 επις

224 3188 551 3268 στραφέντες
597 3189 726 3265 πρὸς
758 3189 910 3262 Θεὸν,
946 3188 1149 3244 ἐκεῖθεν
1188 3186 1405 3249 τελείως
1452 3183 1880 3263 ἐλλαμπόμενοι,

221 3277 476 3344 ἐνοειδῶς
550 3278 823 3354 γενώμεθα
895 3279 948 3335 ἓν
978 3325 993 3356 ,
1066 3277 1495 3353 ἒΙευθερωθεντες
1566 3276 1671 3330 τῶν
1750 3271 1886 3330 κατᾶ

220 3369 503 3424 σᾶυνθεσιν
554 3368 690 3443 ἡμῖν
751 3368 1100 3445 ἐτεροτήτων,
1148 3364 1391 3433 δηλονότι
1449 3371 1554 3419 των
1612 3370 1885 3439 κοσμικῶν

221 3458 526 3532 ἐπιθυμιῶν
586 3458 674 3513 καὶ
704 3457 1018 3524 αἰσθήσεων⁸
1076 3463 1230 3511 τοῦτο
1289 3456 1387 3532 γάρ
1417 3454 1557 3510 ἐστιν
1591 3457 1616 3509 6
1676 3452 1882 3517 ἀπαθὴς

218 3550 315 3604 καὶ
376 3546 536 3610 ἄυλος
590 3558 729 3609 νοῦς.
795 3553 912 3602 Πῶς
969 3544 1022 3601 δὲ
1084 3544 1429 3620 μεθέξομεν,
1494 3544 1546 3599 ἐν
1602 3541 1881 3605 ἐπιϐολαῖς

217 3639 532 3716 ἂγνώστοιε
585 3638 689 3694 τῶν
723 3635 969 3695 ἀκτίνων.
1031 3634 1196 3692 ’Ὅσον
1254 3635 1353 3711 γαρ
1414 3632 1719 3711 ἐγγίσομεν,
1751 3654 1881 3687 τοσ-

216 3736 382 3784 οῦτον
440 3729 503 3783 τὸ
535 3725 805 3804 ἄγνωστον
862 3727 998 3800 ἡμῖν
1029 3727 1331 3803 γενήσεται·
1391 3724 1477 3778 καὶ
1506 3721 1629 3777 ὅσοι
1688 3718 1881 3777 ἐπιδα-

218 3819 427 3886 λοῦμεν
473 3824 542 3894 τῇ
594 3817 803 3896 θεωρίᾳ,
839 3825 1087 3874 τοσοῦτον
1145 3816 1205 3870 τὸ
1261 3822 1348 3870 τοῦ
1377 3813 1593 3891 ἀπείρου
1650 3811 1883 3889 πέλαγος

215 3908 685 3987 πλατυνθῆσεται,
745 3909 800 3961 ἒν
859 3904 1095 3983 θειοτέρα
1166 3905 1392 3980 μιμήσει
1450 3907 1556 3958 τῶν
1615 3901 1880 3982 ἀγγέλων,

213 3997 481 4065 δηλονότι
551 3993 918 4073 ἀκριϐεστὲρᾳ’
981 3995 1258 4070 σημαίνων
1345 3993 1598 4066 ἐντεῦθεν,
1661 3994 1734 4055 ὡς
1798 3993 1884 4047 καὶ

212 4097 314 4145 νῦν
346 4085 765 4165 ἇγγελοπρεπὴς
826 4088 852 4140 6
885 4091 990 4141 τῶν
1045 4085 1211 4162 ἁγίων
1250 4085 1362 4159 βίος
1398 4083 1449 4139 ἐν
1506 4088 1573 4159 τῇ
1604 4088 1693 4138 τοῦ
1754 4085 1884 4137 Θεοῦ

210 4178 450 4251 αἰνέσει,
486 4178 574 4232 καὶ
630 4176 893 4254 ὑπεροψίᾳ
933 4182 1035 4231 τῶν
1095 4176 1380 4253 σαρκικῶν,
1414 4173 1511 4229 κὰν
1571 4176 1629 4231 οὐ
1685 4193 1884 4228 παντε-

208 4268 335 4324 λεῖ·
392 4264 473 4322 διὸ
529 4266 709 4322 καὶτὰ
766 4264 863 4331 τῆς
923 4266 1206 4339 μιμήσεως
1268 4263 1617 4341 μετριώτερα,
1651 4262 1773 4319 τότε
1828 4260 1883 4317 δὲ

206 4355 471 4435 θειοτέρα
530 4356 564 4422 ἡ
600 4355 826 4432 μίμησις
876 4356 1180 4432 γενήσεται·
1234 4351 1533 4431 ’ἰσάγγελοι
1592 4353 1715 4432 γὰρ,
1750 4350 1884 4407 κατὰ

1978 1927 2279 2005 praedicta.
2306 1924 2413 1988 His
2433 1926 2637 2006 itaque
2668 1926 2930 1987 humano
2957 1944 3123 1989 more
3154 1927 3328 1991 nobis
3357 1931 3629 2009 indultis,

1974 2027 2150 2096 atque
2201 2016 2451 2095 insuper
2496 2014 2921 2077 traditionibus
2954 2016 3287 2082 erudimur.
3322 2017 3432 2085 Ubi
3466 2032 3630 2101 nota,

1974 2116 2211 2168 sanctos
2242 2124 2482 2186 quoque
2512 2106 2703 2170 multa
2734 2125 2852 2167 non
2883 2106 3106 2187 scripto
3151 2107 3636 2187 didicisse.Quaa-

1973 2216 2110 2258 nam
2157 2204 2353 2257 autem
2408 2204 2499 2257 est
2550 2197 2888 2258 humanitas
2917 2196 3418 2277 Scripturarum?
3460 2204 3633 2277 Quod

1974 2286 2259 2345 nimirum
2294 2282 2626 2345 secundum
2657 2285 2923 2347 divinam
2974 2283 3386 2367 dilectionem,
3436 2301 3504 2352 ut
3533 2310 3633 2355 res

1975 2373 2268 2452 spiritalis
2288 2381 2357 2463 et
2372 2372 3025 2463 incomprehensibilis,
3050 2374 3268 2438 anobis
3288 2388 3630 2463 caperetur,

1974 2464 2115 2523 506
2136 2462 2454 2524 sensilibus
2485 2462 2668 2540 signis
2713 2480 2817 2523 usa
2837 2467 3237 2544 sit,tanquam
3267 2462 3629 2547 quibusdam

1975 2552 2345 2628 velamentis,
2378 2560 2435 2613 et
2464 2569 2562 2612 res
2588 2552 2930 2630 inﬁguratas
2962 2552 3251 2632 ﬁgurarit,
3286 2556 3633 2638 simplices-

1972 2662 2087 2723 que
2113 2641 2492 2703 dividuorum
2518 2641 2828 2717 signorum
2854 2641 3138 2705 varietate
3164 2644 3500 2725 depinxerit
3526 2670 3541 2712 :
3566 2658 3634 2713 ut

1973 2732 2212 2812 quando
2245 2731 2531 2791 nimirum
2553 2730 2864 2810 Scriptura
2887 2730 3079 2793 Deum
3104 2733 3365 2798 humana
3388 2756 3529 2801 voce
3550 2739 3636 2802 lo-

1972 2821 2475 2900 quentem,pedes
2505 2828 2564 2882 et
2594 2838 2805 2910 manus
2820 2820 3154 2903 faciemque
3176 2824 3262 2887 illi
3283 2827 3631 2910 circumpo-

1971 2931 2146 2988 nens,
2187 2910 2541 2991 multiplicat
2571 2918 2631 2971 et
2679 2909 2901 2989 ellingit
2959 2910 3016 2971 id
3049 2912 3209 2991 quod
3258 2923 3469 2979 natura
3520 2909 3636 2981 sua

1969 3020 2154 3063 unum
2177 3010 2289 3075 est,
2318 3018 2425 3080 per
2456 2998 2723 3079 symbola
2754 3001 3060 3079 variegans
3082 3011 3141 3064 et
3170 3003 3517 3072 eﬂ‘ormans.
3554 3008 3628 3073 Et

1971 3111 2129 3152 nunc
2152 3089 2394 3172 quidem
2418 3089 2523 3151 sic:
2546 3089 2675 3151 atin
2695 3090 3407 3173 resurrectione,quaudo
3430 3101 3629 3165 Chris-

1970 3185 2270 3246 tilormem
2304 3189 2521 3245 statum
2545 3200 2990 3264 consequemur
3013 3184 3150 3260 (hoc
3180 3187 3343 3249 enim
3375 3188 3622 3258 denotat

1969 3293 2078 3335 vox
2107 3272 2333 3353 λήξεως)
2370 3289 2613 3353 semper
2644 3290 2782 3334 eum
2820 3273 3070 3335 Domino
3119 3294 3350 3341 erimus
3376 3291 3491 3362 c,ut
3537 3286 3622 3347 ait

1967 3362 2536 3444 Apostolus,visibili
2552 3362 2791 3442 quidem
2807 3362 3236 3441 ipsiusmetDei
3247 3370 3622 3448 apparitione

1970 3453 2440 3532 pleui,quoniam
2460 3452 2650 3531 ipsius
2666 3450 2941 3514 animatae
2957 3454 3143 3534 carni,
3169 3472 3348 3535 quam
3377 3478 3618 3525 assum-

1968 3542 2408 3621 psit,indivulsa
2439 3542 2533 3602 lux
2566 3542 2743 3614 inest,
2770 3560 2905 3618 qum
2931 3542 3321 3608 lucidissimis
3342 3566 3620 3615 corusca-

1966 3632 2230 3724 tionibus
2261 3631 2434 3724 nobis
2450 3630 2882 3724 resplendebit,
2905 3633 3411 3724 quemadmodum
3438 3657 3622 3724 appa-

1968 3724 2088 3783 ruit
2107 3723 2170 3783 in
2201 3722 2740 3802 trausﬁguratione;
2776 3720 3171 3801 intelligibilis
3191 3742 3334 3788 vero
3356 3720 3620 3796 illius—il-

1969 3812 2338 3874 lustrationis
2368 3811 2703 3893 participes,
2729 3830 2863 3894 quae
2892 3823 2985 3875 est
3017 3813 3197 3876 etiam
3228 3833 3410 3898 supra
3439 3838 3618 3886 men-

1967 3911 2089 3964 tem
2119 3903 2447 3965 secundum
2481 3910 2741 3963 mentem
2788 3901 2930 3965 unio
2962 3902 3315 3982 (secundum
3350 3920 3612 3977 mentem

1968 4005 2119 4060 enim
2135 4002 2290 4059 illam
2313 4002 2932 4073 participabimushum
2956 4004 3521 4079 perfectius,quando
3545 4014 3620 4073 ad

1966 4086 2155 4147 Deum
2180 4084 2474 4158 conversi,
2510 4082 2649 4144 inde
2686 4083 2950 4165 perfecte
2988 4083 3442 4168 illustrabimur,
3475 4096 3617 4157 uni-

1966 4174 2240 4236 formiter
2287 4173 2430 4254 quid
2458 4192 2640 4234 unum
2663 4172 2911 4250 erimus,
2944 4192 2979 4236 a
2999 4175 3440 4244 diversitatibus
3469 4201 3617 4245 nos-

1970 4263 2076 4326 tris
2107 4282 2241 4344 quae
2264 4283 2332 4325 ex
2365 4263 2797 4343 compositione
2826 4264 3125 4345 oriuntur,
3157 4264 3220 4326 id
3247 4275 3336 4330 est
3366 4288 3400 4330 a
3429 4287 3612 4336 mun-

1967 4352 2139 4415 danis
2169 4352 2591 4434 cupiditatibus
2621 4353 3022 4434 sensibusque
3049 4353 3430 4431 liberati;hoc
3452 4363 3613 4425 enim

204 4451 281 4505 τὰ
346 4448 463 4525 ἱερὰ
511 4444 835 4525 Εὖαγγέλια,
867 4447 955 4501 καὶ
1010 4446 1110 4501 υἱοὶ
1163 4451 1316 4518 θεοῦ,
1352 4445 1422 4508 ὡς
1481 4444 1579 4501 υἱοὶ
1603 4448 1700 4509 τῆς
1759 4443 1885 4499 ἀνα-

1972 4451 2058 4505 est
2102 4462 2272 4505 mens
2315 4441 2702 4523 impassibilis
2748 4449 2809 4505 et
2850 4443 3270 4520 immateriata,
3306 4444 3615 4518 Quomodo

207 4539 495 4618 στάσεως,
552 4537 984 4618 χρηματίσομεν.
1050 4536 1109 4592 Οἱ
1183 4534 1283 4612 γὰρ
1343 4534 1601 4613 σύμφυτοι
1659 4539 1738 4608 τῷ
1791 4534 1883 4589 τοῦ

1972 4542 2167 4597 autem
2202 4531 2687 4614 participabimus
2720 4534 2745 4593 Υ
2767 4531 3031 4613 jactibus
3060 4534 3383 4614 incognitis
3410 4542 3616 4605 radio-

211 4628 508 4686 Δεσπότου
610 4626 817 4700 θανάτῳ
902 4626 1177 4703 γενόμενοι
1268 4624 1510 4680 κοινωνοὶ
1593 4622 1690 4679 καί
1783 4628 1880 4690 τῆς

1972 4632 2412 4701 rum.Quantum
2430 4632 2583 4689 enim
2599 4632 3021 4699 accedemus,in
3040 4642 3259 4692 tantum
3281 4636 3619 4703 nobisiuco-

208 4719 388 4786 δόξης
465 4716 700 4789 ἔσονται,
784 4717 958 4780 καθὼς
1038 4716 1125 4772 καὶ
1181 4716 1208 4771 6
1290 4715 1502 4789 Κύριος⁶
1586 4714 1882 4792 Πορεύομαι

1972 4719 2194 4792 gnitum
2228 4713 2382 4791 erit;
2415 4720 2777 4794 etquautum
2803 4732 2913 4777 nos
2938 4721 3429 4801 contemplationi
3451 4741 3618 4788 vaca—

207 4812 359 4888 πρὸς
436 4808 530 4864 τὸν
593 4813 803 4887 Πατερα
862 4829 987 4882 μου,
1045 4805 1132 4861 καὶ
1204 4802 1637 4894 Πατέραμὺμῶν.
1718 4803 1884 4862 Ἀλλὰ

1974 4804 2427 4894 bimus,tantum
2457 4803 2967 4883 etiamjnlinitatis
2994 4809 3127 4889 ejus
3147 4812 3391 4894 pelagus
3413 4814 3619 4879 dilata-

208 4900 394 4959 ταῦτα
428 4898 524 4974 μὲ)
578 4899 713 4975 μετὰ
742 4899 839 4966 τὴν
897 4895 1200 4952 ἀνάστασιν·
1253 4902 1339 4951 νῦν
1401 4891 1455 4949 δὲ
1487 4893 1698 4958 οἰκείοις
1750 4918 1885 4971 συμ-

1973 4893 2239 4988 bitur,ad
2270 4895 2625 4988 diviniorem
2648 4895 3000 4976 angelorum
3032 4891 3513 4988 imitationem,id
3529 4922 3619 4971 est

209 4991 410 5054 δόλοις
474 4989 755 5069 χρώμεθα,
791 4987 883 5045 ἐπὶ
935 4992 1066 5043 θεοῦ
1108 4982 1376 5061 δηλονότι,
1413 4985 1499 5041 καὶ
1558 4985 1765 5059 τύποις,
1799 4979 1885 5072 καὶ

1972 4983 2780 5063 accuratiorem;signiticans
2809 5004 2917 5067 per
2945 4988 3391 5072 boc,quomodo
3411 4979 3618 5059 etiam-

210 5082 566 5158 ὀνομασίαις,
631 5077 778 5146 Πλὴν
810 5081 903 5136 οὐκ
945 5076 997 5132 ἐν
1058 5075 1256 5137 τούτοις
1307 5072 1725 5150 ἐναπομὲνομεν,
1759 5071 1882 5131 ἀλλ’

1972 5095 2108 5139 num
2134 5075 2362 5153 angelis
2390 5074 2569 5154 digna
2601 5073 2910 5166 beatorum
2935 5077 3053 5142 vita
3076 5071 3139 5143 in
3169 5081 3280 5147 Dei
3320 5084 3522 5166 laude,
3554 5104 3617 5161 ει

210 5173 638 5249 ἆνατεινόμεθα,
667 5167 784 5225 καθ’
816 5166 939 5223 ὅσον
993 5165 1091 5245 ἔνι,
1128 5164 1220 5220 ἐπὶ
1263 5163 1361 5231 τήν
1393 5161 1568 5231 ἁπλῆν
1613 5164 1701 5220 καὶ
1728 5166 1877 5232 ἡνω-

1972 5167 2294 5231 carnalium
2328 5173 2700 5246 contemptu,
2734 5165 2844 5229 etsi
2868 5185 2988 5230 non
3018 5161 3613 5252 omnimodo,verse-

212 5264 397 5338 μένηδ
461 5259 734 5329 ἀλήθειαν,
798 5250 1005 5323 Ἀπλῆν
1065 5254 1185 5333 μὲν,
1230 5252 1311 5310 ὅτι
1360 5251 1561 5327 ἂμερής
1624 5255 1734 5309 εστι
1791 5256 1878 5311 καὶ

1972 5263 2100 5333 tur;
2132 5255 2392 5335 ideoque
2439 5254 2618 5317 etiam
2670 5255 2797 5318 haec
2825 5255 3082 5320 imitatio
3132 5250 3497 5341 moderatior
3525 5273 3619 5328 est

210 5349 531 5428 μονοειδής·
568 5350 851 5425 ἡνωμένην
880 5347 959 5425 δὲ,
995 5344 1074 5400 ὅτι
1126 5345 1289 5399 ἓνιαία
1321 5343 1450 5402 ἐστί.
1492 5346 1585 5400 Καὶ
1618 5346 1659 5399 εὶ
1692 5366 1875 5401 ποικι-

1972 5352 2083 5407 tum
2112 5344 2574 5407 autemimitatio
2599 5345 2851 5408 divinior
2875 5347 3106 5411 existet.
3133 5348 3304 5428 Nam,
3320 5353 3490 5433 juxta
3509 5372 3616 5418 sa-

210 5443 504 5519 λοτρόπως
563 5455 679 5504 τοῖς
742 5437 1025 5515 συμϐόλοις
1074 5436 1418 5508 πληθύνεται,
1449 5437 1534 5491 καὶ
1586 5436 1719 5510 μετα
1765 5442 1875 5492 πᾶ-

1972 5454 2060 5499 :ra
2089 5434 2406 5526 Evangelia
2433 5457 2453 5526 7:
2491 5435 2790 5516 Aﬁr/nales
2840 5439 3077 5518 angelis
3123 5442 3378 5518 erimus,
3408 5450 3464 5507 et
3492 5445 3617 5526 ﬁlii

210 5553 318 5590 σαν
379 5528 568 5598 νόησιν
620 5536 722 5586 τῶν
774 5526 1016 5586 θεοειδὼν
1070 5523 1315 5603 ἀγίέλων
1372 5524 1736 5587 ἀποπαύοντες
1789 5528 1875 5582 καὶ

1972 5527 2069 5590 Dei
2087 5521 2139 5605 ά,
2174 5526 2395 5609 quippe
2416 5525 2519 5588 ﬁlii
2549 5527 3009 5591 resurrectionis
3038 5521 3617 5611 appellabimurﬂui

299 5693 329 5735 ι)
359 5690 412 5755 ll
442 5690 659 5755 Thess.
691 5707 757 5773 ιι,
794 5694 894 5755 l4.
959 5700 982 5732 ο
1009 5686 1036 5751 Ι
1062 5682 1276 5748 Thess.
1311 5700 1388 5761 Iv,
1431 5684 1522 5748 16.
1583 5685 1609 5728 ἀ
1638 5686 1783 5750 Luc.
1817 5706 1918 5768 xx,
1953 5690 2055 5752 36.
