  <div class='ocr_page' id='page_1' title='image "/cluster/home/n/w/nwhite01/storage/ocr_20150623/3/coo.31924054872829/341.png"; bbox 0 0 4072 6420; ppageno 0'>
   <div class='ocr_carea' id='block_1_1' title="bbox 403 362 3793 449">
    <p class='ocr_par' dir='ltr' id='par_1_1' title="bbox 403 362 3793 449">
     <span class='ocr_line' id='line_1_1' title="bbox 403 362 3793 449; baseline 0.005 -18"><span class='ocrx_word' id='word_1_1' title='bbox 403 362 519 434; x_wconf 87' lang='grc'><strong>667</strong></span> <span class='ocrx_word' id='word_1_2' title='bbox 1580 378 1640 444; x_wconf 89' lang='lat' dir='ltr'><strong>S.</strong></span> <span class='ocrx_word' id='word_1_3' title='bbox 1688 375 2036 446; x_wconf 84' lang='lat' dir='ltr'><strong>DIONYSII</strong></span> <span class='ocrx_word' id='word_1_4' title='bbox 2067 379 2578 448; x_wconf 69' lang='lat' dir='ltr'><strong>AREOPAGITE</strong></span> <span class='ocrx_word' id='word_1_5' title='bbox 3675 376 3793 449; x_wconf 86' lang='lat'><strong>668</strong></span> 
     </span>
    </p>
   </div>
   <div class='ocr_carea' id='block_1_2' title="bbox 399 509 2030 600">
    <p class='ocr_par' dir='ltr' id='par_1_2' title="bbox 399 509 2030 600">
     <span class='ocr_line' id='line_1_2' title="bbox 399 509 2030 600; baseline -0.002 -18"><span class='ocrx_word' id='word_1_6' title='bbox 399 524 499 594; x_wconf 67' lang='lat' dir='ltr'><strong>jus</strong></span> <span class='ocrx_word' id='word_1_7' title='bbox 520 533 639 579; x_wconf 91' lang='lat' dir='ltr'><strong>non</strong></span> <span class='ocrx_word' id='word_1_8' title='bbox 660 509 862 580; x_wconf 78' lang='lat' dir='ltr'><strong>eduxit</strong></span> <span class='ocrx_word' id='word_1_9' title='bbox 882 534 1087 580; x_wconf 86' lang='lat' dir='ltr'><strong>secum</strong></span> <span class='ocrx_word' id='word_1_10' title='bbox 1115 518 1578 600; x_wconf 87' lang='lat' dir='ltr'><strong>Patrem,neque</strong></span> <span class='ocrx_word' id='word_1_11' title='bbox 1601 517 1915 600; x_wconf 90' lang='lat' dir='ltr'><strong>Spiritum,</strong></span> <span class='ocrx_word' id='word_1_12' title='bbox 1938 533 2030 580; x_wconf 33' lang='lat' dir='ltr'><strong>net</strong></span> 
     </span>
    </p>
   </div>
   <div class='ocr_carea' id='block_1_3' title="bbox 2119 509 3798 600">
    <p class='ocr_par' dir='ltr' id='par_1_3' title="bbox 2141 515 3798 600">
     <span class='ocr_line' id='line_1_3' title="bbox 2141 515 3798 600; baseline 0.001 -26"><span class='ocrx_word' id='word_1_13' title='bbox 2141 519 2383 592; x_wconf 84' lang='grc' dir='ltr'>ματικῶν</span> <span class='ocrx_word' id='word_1_14' title='bbox 2413 519 2577 595; x_wconf 86' lang='grc' dir='ltr'>μόνον</span> <span class='ocrx_word' id='word_1_15' title='bbox 2606 515 2871 599; x_wconf 66' lang='grc' dir='ltr'>ἑνώσεων,</span> <span class='ocrx_word' id='word_1_16' title='bbox 2941 515 3078 576; x_wconf 86' lang='grc' dir='ltr'><strong>ἀλλά</strong></span> <span class='ocrx_word' id='word_1_17' title='bbox 3108 519 3196 577; x_wconf 75' lang='grc' dir='ltr'><strong>καί</strong></span> <span class='ocrx_word' id='word_1_18' title='bbox 3227 518 3330 577; x_wconf 81' lang='grc' dir='ltr'><strong>τῶν</strong></span> <span class='ocrx_word' id='word_1_19' title='bbox 3372 515 3425 577; x_wconf 74' lang='grc' dir='ltr'>ἐν</span> <span class='ocrx_word' id='word_1_20' title='bbox 3459 518 3664 600; x_wconf 75' lang='grc' dir='ltr'>ψυχαις</span> <span class='ocrx_word' id='word_1_21' title='bbox 3695 520 3798 576; x_wconf 61' lang='lat' dir='ltr'><strong>aii-</strong></span> 
     </span>
    </p>
   </div>
   <div class='ocr_carea' id='block_1_4' title="bbox 399 605 2030 691">
    <p class='ocr_par' dir='ltr' id='par_1_4' title="bbox 399 605 2030 691">
     <span class='ocr_line' id='line_1_4' title="bbox 399 605 2030 691; baseline 0 -21"><span class='ocrx_word' id='word_1_22' title='bbox 399 626 516 691; x_wconf 91' lang='lat' dir='ltr'><strong>que</strong></span> <span class='ocrx_word' id='word_1_23' title='bbox 541 607 860 690; x_wconf 83' lang='lat' dir='ltr'><strong>quidquam</strong></span> <span class='ocrx_word' id='word_1_24' title='bbox 883 605 996 670; x_wconf 85' lang='lat' dir='ltr'><strong>sibi</strong></span> <span class='ocrx_word' id='word_1_25' title='bbox 1021 609 1323 688; x_wconf 89' lang='lat' dir='ltr'><strong>proprium</strong></span> <span class='ocrx_word' id='word_1_26' title='bbox 1346 608 1420 669; x_wconf 89' lang='lat' dir='ltr'><strong>iis</strong></span> <span class='ocrx_word' id='word_1_27' title='bbox 1459 608 1720 690; x_wconf 82' lang='lat' dir='ltr'><strong>reliquit,</strong></span> <span class='ocrx_word' id='word_1_28' title='bbox 1750 609 1855 671; x_wconf 91' lang='lat' dir='ltr'><strong>sed</strong></span> <span class='ocrx_word' id='word_1_29' title='bbox 1887 609 2030 671; x_wconf 79' lang='lat' dir='ltr'><strong>hunt</strong></span> 
     </span>
    </p>
   </div>
   <div class='ocr_carea' id='block_1_5' title="bbox 2119 605 3800 691">
    <p class='ocr_par' dir='ltr' id='par_1_5' title="bbox 2133 607 3800 689">
     <span class='ocr_line' id='line_1_5' title="bbox 2133 607 3800 689; baseline 0.002 -26"><span class='ocrx_word' id='word_1_30' title='bbox 2133 621 2284 683; x_wconf 78' lang='grc' dir='ltr'>ταῖς,</span> <span class='ocrx_word' id='word_1_31' title='bbox 2322 611 2408 666; x_wconf 84' lang='grc' dir='ltr'><strong>καὶ</strong></span> <span class='ocrx_word' id='word_1_32' title='bbox 2439 608 2645 684; x_wconf 84' lang='grc' dir='ltr'>μᾶλλον</span> <span class='ocrx_word' id='word_1_33' title='bbox 2677 609 2730 664; x_wconf 83' lang='grc' dir='ltr'>ἐν</span> <span class='ocrx_word' id='word_1_34' title='bbox 2759 611 2947 673; x_wconf 74' lang='grc' dir='ltr'>αὗτοϊς</span> <span class='ocrx_word' id='word_1_35' title='bbox 2979 623 3096 674; x_wconf 78' lang='grc' dir='ltr'>τοϊς</span> <span class='ocrx_word' id='word_1_36' title='bbox 3154 609 3429 689; x_wconf 80' lang='grc' dir='ltr'><strong>ἀγγέλοις,</strong></span> <span class='ocrx_word' id='word_1_37' title='bbox 3464 610 3526 672; x_wconf 82' lang='grc' dir='ltr'><strong>ἃς</strong></span> <span class='ocrx_word' id='word_1_38' title='bbox 3559 607 3624 678; x_wconf 67' lang='grc' dir='ltr'><strong>δὴ</strong></span> <span class='ocrx_word' id='word_1_39' title='bbox 3660 610 3800 667; x_wconf 78' lang='grc' dir='ltr'>ἑνώ-</span> 
     </span>
    </p>
   </div>
   <div class='ocr_carea' id='block_1_6' title="bbox 396 697 2030 782">
    <p class='ocr_par' dir='ltr' id='par_1_6' title="bbox 396 697 2030 778">
     <span class='ocr_line' id='line_1_6' title="bbox 396 697 2030 778; baseline -0.001 -17"><span class='ocrx_word' id='word_1_40' title='bbox 396 717 704 778; x_wconf 76' lang='lat' dir='ltr'><strong>egressum</strong></span> <span class='ocrx_word' id='word_1_41' title='bbox 737 717 772 760; x_wconf 78' lang='grc' dir='ltr'><strong>ιι</strong></span> <span class='ocrx_word' id='word_1_42' title='bbox 801 697 894 759; x_wconf 91' lang='lat' dir='ltr'><strong>sui</strong></span> <span class='ocrx_word' id='word_1_43' title='bbox 926 697 1112 778; x_wconf 87' lang='lat' dir='ltr'><strong>ipsius</strong></span> <span class='ocrx_word' id='word_1_44' title='bbox 1149 698 1456 760; x_wconf 86' lang='lat' dir='ltr'><strong>mansione</strong></span> <span class='ocrx_word' id='word_1_45' title='bbox 1487 698 1627 761; x_wconf 91' lang='lat' dir='ltr'><strong>fecit</strong></span> <span class='ocrx_word' id='word_1_46' title='bbox 1656 700 1794 760; x_wconf 68' lang='lat'><strong>534</strong></span> <span class='ocrx_word' id='word_1_47' title='bbox 1829 699 2030 761; x_wconf 27' lang='lat' dir='ltr'><strong>indivi‘</strong></span> 
     </span>
    </p>
   </div>
   <div class='ocr_carea' id='block_1_7' title="bbox 2119 697 3796 782">
    <p class='ocr_par' dir='ltr' id='par_1_7' title="bbox 2134 700 3796 782">
     <span class='ocr_line' id='line_1_7' title="bbox 2134 700 3796 782; baseline 0 -26"><span class='ocrx_word' id='word_1_48' title='bbox 2134 721 2245 763; x_wconf 86' lang='grc' dir='ltr'>σεις</span> <span class='ocrx_word' id='word_1_49' title='bbox 2290 700 2430 763; x_wconf 86' lang='grc' dir='ltr'>θείας</span> <span class='ocrx_word' id='word_1_50' title='bbox 2477 700 2666 778; x_wconf 74' lang='grc' dir='ltr'>ἔχουσι</span> <span class='ocrx_word' id='word_1_51' title='bbox 2699 701 2766 768; x_wconf 78' lang='grc' dir='ltr'>τὴ</span> <span class='ocrx_word' id='word_1_52' title='bbox 2826 701 3170 779; x_wconf 78' lang='grc' dir='ltr'>ὑπερουράνια</span> <span class='ocrx_word' id='word_1_53' title='bbox 3230 708 3402 782; x_wconf 77' lang='grc' dir='ltr'>φῶτα,</span> <span class='ocrx_word' id='word_1_54' title='bbox 3471 703 3518 756; x_wconf 83' lang='grc' dir='ltr'>οἱ</span> <span class='ocrx_word' id='word_1_55' title='bbox 3551 700 3796 781; x_wconf 77' lang='grc' dir='ltr'>ἄγγελοι,</span> 
     </span>
    </p>
   </div>
   <div class='ocr_carea' id='block_1_8' title="bbox 394 787 2030 870">
    <p class='ocr_par' dir='ltr' id='par_1_8' title="bbox 394 787 2030 870">
     <span class='ocr_line' id='line_1_8' title="bbox 394 787 2030 870; baseline 0.004 -25"><span class='ocrx_word' id='word_1_56' title='bbox 394 788 959 851; x_wconf 70' lang='lat' dir='ltr'><strong>vulsum.Caeterum</strong></span> <span class='ocrx_word' id='word_1_57' title='bbox 984 787 1238 850; x_wconf 88' lang='lat' dir='ltr'><strong>uniones</strong></span> <span class='ocrx_word' id='word_1_58' title='bbox 1273 807 1589 867; x_wconf 83' lang='lat' dir='ltr'><strong>corporum</strong></span> <span class='ocrx_word' id='word_1_59' title='bbox 1620 807 1752 870; x_wconf 62' lang='lat' dir='ltr'><strong>quae</strong></span> <span class='ocrx_word' id='word_1_60' title='bbox 1772 789 2030 851; x_wconf 83' lang='lat' dir='ltr'><strong>elemen-</strong></span> 
     </span>
    </p>
   </div>
   <div class='ocr_carea' id='block_1_9' title="bbox 2119 787 3801 870">
    <p class='ocr_par' dir='ltr' id='par_1_9' title="bbox 2133 788 3801 870">
     <span class='ocr_line' id='line_1_9' title="bbox 2133 788 3801 870; baseline -0.001 -23"><span class='ocrx_word' id='word_1_61' title='bbox 2133 791 2376 870; x_wconf 77' lang='grc' dir='ltr'>ἆμιγῶς,</span> <span class='ocrx_word' id='word_1_62' title='bbox 2405 791 2743 870; x_wconf 65' lang='grc' dir='ltr'>ἀσυγχύτως,</span> <span class='ocrx_word' id='word_1_63' title='bbox 2778 793 2865 847; x_wconf 82' lang='grc' dir='ltr'><strong>καὶ</strong></span> <span class='ocrx_word' id='word_1_64' title='bbox 2911 793 3302 869; x_wconf 80' lang='grc' dir='ltr'>ὕπερκοσμίως,</span> <span class='ocrx_word' id='word_1_65' title='bbox 3365 789 3464 847; x_wconf 81' lang='grc' dir='ltr'><strong>ὅλα</strong></span> <span class='ocrx_word' id='word_1_66' title='bbox 3506 788 3573 846; x_wconf 83' lang='grc' dir='ltr'><strong>δι’</strong></span> <span class='ocrx_word' id='word_1_67' title='bbox 3605 790 3751 847; x_wconf 81' lang='grc' dir='ltr'>ὅλων</span> <span class='ocrx_word' id='word_1_68' title='bbox 3788 837 3801 851; x_wconf 91' lang='grc'><strong>.</strong></span> 
     </span>
    </p>
   </div>
   <div class='ocr_carea' id='block_1_10' title="bbox 396 877 2030 962">
    <p class='ocr_par' dir='ltr' id='par_1_10' title="bbox 396 877 2030 962">
     <span class='ocr_line' id='line_1_10' title="bbox 396 877 2030 962; baseline 0 -21"><span class='ocrx_word' id='word_1_69' title='bbox 396 879 596 941; x_wconf 89' lang='lat' dir='ltr'><strong>taliter</strong></span> <span class='ocrx_word' id='word_1_70' title='bbox 619 877 1278 959; x_wconf 87' lang='lat' dir='ltr'><strong>considerantur,atque</strong></span> <span class='ocrx_word' id='word_1_71' title='bbox 1303 879 1419 940; x_wconf 90' lang='lat' dir='ltr'><strong>alio</strong></span> <span class='ocrx_word' id='word_1_72' title='bbox 1441 879 1695 959; x_wconf 90' lang='lat' dir='ltr'><strong>quodam</strong></span> <span class='ocrx_word' id='word_1_73' title='bbox 1718 879 1892 942; x_wconf 91' lang='lat' dir='ltr'><strong>modo</strong></span> <span class='ocrx_word' id='word_1_74' title='bbox 1919 898 2030 962; x_wconf 84' lang='lat' dir='ltr'><strong>per</strong></span> 
     </span>
    </p>
   </div>
   <div class='ocr_carea' id='block_1_11' title="bbox 2119 877 3802 962">
    <p class='ocr_par' dir='ltr' id='par_1_11' title="bbox 2141 878 3802 960">
     <span class='ocr_line' id='line_1_11' title="bbox 2141 878 3802 960; baseline -0.001 -23"><span class='ocrx_word' id='word_1_75' title='bbox 2141 883 2202 937; x_wconf 73' lang='grc' dir='ltr'>οὗ</span> <span class='ocrx_word' id='word_1_76' title='bbox 2237 881 2340 958; x_wconf 81' lang='grc' dir='ltr'><strong>γὰρ</strong></span> <span class='ocrx_word' id='word_1_77' title='bbox 2411 882 2642 958; x_wconf 73' lang='grc' dir='ltr'>μερικῶς</span> <span class='ocrx_word' id='word_1_78' title='bbox 2691 878 3089 958; x_wconf 77' lang='grc' dir='ltr'>ἐπιϐραϐεόεται</span> <span class='ocrx_word' id='word_1_79' title='bbox 3143 882 3349 944; x_wconf 81' lang='grc' dir='ltr'>τούτοις</span> <span class='ocrx_word' id='word_1_80' title='bbox 3400 883 3434 949; x_wconf 74' lang='grc' dir='ltr'>ἦ</span> <span class='ocrx_word' id='word_1_81' title='bbox 3467 879 3736 957; x_wconf 71' lang='grc' dir='ltr'>ἕλλαμψις</span> <span class='ocrx_word' id='word_1_82' title='bbox 3785 930 3802 960; x_wconf 82' lang='grc'><strong>,</strong></span> 
     </span>
    </p>
   </div>
   <div class='ocr_carea' id='block_1_12' title="bbox 397 966 2030 1050">
    <p class='ocr_par' dir='ltr' id='par_1_12' title="bbox 397 966 2013 1048">
     <span class='ocr_line' id='line_1_12' title="bbox 397 966 2013 1048; baseline 0.001 -19"><span class='ocrx_word' id='word_1_83' title='bbox 397 968 748 1042; x_wconf 81' lang='lat' dir='ltr'><strong>miscentur,</strong></span> <span class='ocrx_word' id='word_1_84' title='bbox 770 966 1080 1029; x_wconf 80' lang='lat' dir='ltr'><strong>virtutibus</strong></span> <span class='ocrx_word' id='word_1_85' title='bbox 1103 976 1159 1029; x_wconf 91' lang='lat' dir='ltr'><strong>et</strong></span> <span class='ocrx_word' id='word_1_86' title='bbox 1185 966 1576 1048; x_wconf 82' lang='lat' dir='ltr'><strong>qualitatibus</strong></span> <span class='ocrx_word' id='word_1_87' title='bbox 1595 977 2013 1048; x_wconf 84' lang='lat' dir='ltr'><strong>permutantur</strong></span> 
     </span>
    </p>
   </div>
   <div class='ocr_carea' id='block_1_13' title="bbox 2119 966 3802 1050">
    <p class='ocr_par' dir='ltr' id='par_1_13' title="bbox 2140 967 3802 1050">
     <span class='ocr_line' id='line_1_13' title="bbox 2140 967 3802 1050; baseline -0.001 -24"><span class='ocrx_word' id='word_1_88' title='bbox 2140 967 2277 1026; x_wconf 86' lang='grc' dir='ltr'>ἀλλ’</span> <span class='ocrx_word' id='word_1_89' title='bbox 2305 969 2590 1050; x_wconf 80' lang='grc' dir='ltr'>ὁλοτελῶς,</span> <span class='ocrx_word' id='word_1_90' title='bbox 2630 972 2673 1027; x_wconf 79' lang='grc' dir='ltr'><strong>εί</strong></span> <span class='ocrx_word' id='word_1_91' title='bbox 2705 970 2948 1028; x_wconf 70' lang='grc' dir='ltr'>κάκεῖνοί</span> <span class='ocrx_word' id='word_1_92' title='bbox 2999 972 3131 1048; x_wconf 84' lang='grc' dir='ltr'>πρὸς</span> <span class='ocrx_word' id='word_1_93' title='bbox 3165 971 3222 1026; x_wconf 86' lang='grc' dir='ltr'>τὸ</span> <span class='ocrx_word' id='word_1_94' title='bbox 3253 969 3469 1027; x_wconf 79' lang='grc' dir='ltr'>δυνατὸν</span> <span class='ocrx_word' id='word_1_95' title='bbox 3502 972 3590 1026; x_wconf 85' lang='grc' dir='ltr'><strong>καὶ</strong></span> <span class='ocrx_word' id='word_1_96' title='bbox 3636 973 3802 1046; x_wconf 89' lang='grc' dir='ltr'>μόνον</span> 
     </span>
    </p>
   </div>
   <div class='ocr_carea' id='block_1_14' title="bbox 399 1056 2030 1141">
    <p class='ocr_par' dir='ltr' id='par_1_14' title="bbox 399 1056 2030 1138">
     <span class='ocr_line' id='line_1_14' title="bbox 399 1056 2030 1138; baseline 0.001 -18"><span class='ocrx_word' id='word_1_97' title='bbox 399 1057 678 1120; x_wconf 88' lang='lat' dir='ltr'><strong>similiter</strong></span> <span class='ocrx_word' id='word_1_98' title='bbox 708 1076 943 1138; x_wconf 92' lang='lat' dir='ltr'><strong>quoque</strong></span> <span class='ocrx_word' id='word_1_99' title='bbox 965 1056 1275 1120; x_wconf 80' lang='lat' dir='ltr'><strong>facultates</strong></span> <span class='ocrx_word' id='word_1_100' title='bbox 1303 1057 1598 1120; x_wconf 89' lang='lat' dir='ltr'><strong>animales</strong></span> <span class='ocrx_word' id='word_1_101' title='bbox 1631 1076 1801 1120; x_wconf 87' lang='lat' dir='ltr'><strong>suam</strong></span> <span class='ocrx_word' id='word_1_102' title='bbox 1837 1058 2030 1121; x_wconf 85' lang='lat' dir='ltr'><strong>haben</strong></span> 
     </span>
    </p>
   </div>
   <div class='ocr_carea' id='block_1_15' title="bbox 2119 1056 3799 1141">
    <p class='ocr_par' dir='ltr' id='par_1_15' title="bbox 2143 1058 3799 1141">
     <span class='ocr_line' id='line_1_15' title="bbox 2143 1058 3799 1141; baseline 0 -23"><span class='ocrx_word' id='word_1_103' title='bbox 2143 1062 2408 1122; x_wconf 82' lang='grc' dir='ltr'>ἑνοῦνται,</span> <span class='ocrx_word' id='word_1_104' title='bbox 2445 1058 2690 1141; x_wconf 46' lang='lat' dir='ltr'><strong>&quot;uenari,</strong></span> <span class='ocrx_word' id='word_1_105' title='bbox 2721 1059 2874 1132; x_wconf 79' lang='grc' dir='ltr'>ἡλίου</span> <span class='ocrx_word' id='word_1_106' title='bbox 2907 1059 3170 1124; x_wconf 82' lang='grc' dir='ltr'>ὁλοτελῶς</span> <span class='ocrx_word' id='word_1_107' title='bbox 3209 1060 3632 1138; x_wconf 77' lang='grc' dir='ltr'>ἒπιλάμποντος,</span> <span class='ocrx_word' id='word_1_108' title='bbox 3665 1060 3799 1118; x_wconf 75' lang='grc' dir='ltr'>ἕκα-</span> 
     </span>
    </p>
   </div>
   <div class='ocr_carea' id='block_1_16' title="bbox 396 1145 2030 1230">
    <p class='ocr_par' dir='ltr' id='par_1_16' title="bbox 396 1145 2030 1228">
     <span class='ocr_line' id='line_1_16' title="bbox 396 1145 2030 1228; baseline 0.001 -19"><span class='ocrx_word' id='word_1_109' title='bbox 396 1147 821 1225; x_wconf 77' lang='lat' dir='ltr'><strong>differentiam;</strong></span> <span class='ocrx_word' id='word_1_110' title='bbox 841 1147 984 1228; x_wconf 91' lang='lat' dir='ltr'><strong>quin</strong></span> <span class='ocrx_word' id='word_1_111' title='bbox 1016 1155 1076 1208; x_wconf 87' lang='lat' dir='ltr'><strong>et</strong></span> <span class='ocrx_word' id='word_1_112' title='bbox 1096 1145 1446 1224; x_wconf 82' lang='lat' dir='ltr'><strong>angelorum</strong></span> <span class='ocrx_word' id='word_1_113' title='bbox 1494 1166 1628 1208; x_wconf 92' lang='lat' dir='ltr'><strong>cum</strong></span> <span class='ocrx_word' id='word_1_114' title='bbox 1677 1145 1896 1210; x_wconf 90' lang='lat' dir='ltr'><strong>divinis</strong></span> <span class='ocrx_word' id='word_1_115' title='bbox 1923 1148 2030 1211; x_wconf 89' lang='lat' dir='ltr'><strong>illu</strong></span> 
     </span>
    </p>
   </div>
   <div class='ocr_carea' id='block_1_17' title="bbox 2119 1145 3797 1230">
    <p class='ocr_par' dir='ltr' id='par_1_17' title="bbox 2140 1149 3797 1230">
     <span class='ocr_line' id='line_1_17' title="bbox 2140 1149 3797 1230; baseline 0.001 -23"><span class='ocrx_word' id='word_1_116' title='bbox 2140 1172 2266 1207; x_wconf 88' lang='grc' dir='ltr'>στον</span> <span class='ocrx_word' id='word_1_117' title='bbox 2321 1151 2454 1229; x_wconf 80' lang='grc' dir='ltr'>πρὸς</span> <span class='ocrx_word' id='word_1_118' title='bbox 2511 1150 2570 1207; x_wconf 84' lang='grc' dir='ltr'>τὸ</span> <span class='ocrx_word' id='word_1_119' title='bbox 2600 1149 2820 1208; x_wconf 81' lang='grc' dir='ltr'>δυνατὸν</span> <span class='ocrx_word' id='word_1_120' title='bbox 2851 1173 2943 1209; x_wconf 91' lang='grc' dir='ltr'><strong>του</strong></span> <span class='ocrx_word' id='word_1_121' title='bbox 2995 1152 3169 1230; x_wconf 81' lang='grc' dir='ltr'>φωτὸς</span> <span class='ocrx_word' id='word_1_122' title='bbox 3199 1149 3622 1226; x_wconf 69' lang='grc' dir='ltr'>μεταλαμϐάνει,</span> <span class='ocrx_word' id='word_1_123' title='bbox 3657 1150 3797 1208; x_wconf 68' lang='grc' dir='ltr'>οὕτω</span> 
     </span>
    </p>
   </div>
   <div class='ocr_carea' id='block_1_18' title="bbox 397 1237 2030 1319">
    <p class='ocr_par' dir='ltr' id='par_1_18' title="bbox 397 1237 2030 1317">
     <span class='ocr_line' id='line_1_18' title="bbox 397 1237 2030 1317; baseline -0.001 -17"><span class='ocrx_word' id='word_1_124' title='bbox 397 1237 783 1300; x_wconf 88' lang='lat' dir='ltr'><strong>strationibus</strong></span> <span class='ocrx_word' id='word_1_125' title='bbox 837 1237 1136 1298; x_wconf 90' lang='lat' dir='ltr'><strong>unitiones</strong></span> <span class='ocrx_word' id='word_1_126' title='bbox 1191 1255 1296 1317; x_wconf 93' lang='lat' dir='ltr'><strong>pro</strong></span> <span class='ocrx_word' id='word_1_127' title='bbox 1332 1237 1611 1298; x_wconf 91' lang='lat' dir='ltr'><strong>ordinum</strong></span> <span class='ocrx_word' id='word_1_128' title='bbox 1667 1237 2030 1317; x_wconf 87' lang='lat' dir='ltr'><strong>propriorun</strong></span> 
     </span>
    </p>
   </div>
   <div class='ocr_carea' id='block_1_19' title="bbox 2119 1237 3793 1319">
    <p class='ocr_par' dir='ltr' id='par_1_19' title="bbox 2135 1240 3793 1319">
     <span class='ocr_line' id='line_1_19' title="bbox 2135 1240 3793 1319; baseline 0 -23"><span class='ocrx_word' id='word_1_129' title='bbox 2135 1241 2224 1297; x_wconf 85' lang='grc' dir='ltr'><strong>καὶ</strong></span> <span class='ocrx_word' id='word_1_130' title='bbox 2257 1241 2344 1297; x_wconf 73' lang='grc' dir='ltr'>ἐπὶ</span> <span class='ocrx_word' id='word_1_131' title='bbox 2389 1253 2504 1304; x_wconf 78' lang='grc' dir='ltr'>τοῖς</span> <span class='ocrx_word' id='word_1_132' title='bbox 2523 1240 2772 1319; x_wconf 75' lang='grc' dir='ltr'>ἀγγέλοις</span> <span class='ocrx_word' id='word_1_133' title='bbox 2806 1241 3033 1319; x_wconf 78' lang='grc' dir='ltr'>γίνεται,</span> <span class='ocrx_word' id='word_1_134' title='bbox 3067 1241 3202 1298; x_wconf 86' lang='grc' dir='ltr'><strong>κατά</strong></span> <span class='ocrx_word' id='word_1_135' title='bbox 3231 1241 3330 1310; x_wconf 70' lang='grc' dir='ltr'><strong>τήν</strong></span> <span class='ocrx_word' id='word_1_136' title='bbox 3375 1240 3659 1319; x_wconf 71' lang='grc' dir='ltr'>ἀναλογίαν</span> <span class='ocrx_word' id='word_1_137' title='bbox 3689 1241 3793 1298; x_wconf 70' lang='grc' dir='ltr'><strong>αὒ-</strong></span> 
     </span>
    </p>
   </div>
   <div class='ocr_carea' id='block_1_20' title="bbox 397 1326 2030 1410">
    <p class='ocr_par' dir='ltr' id='par_1_20' title="bbox 397 1326 2030 1407">
     <span class='ocr_line' id='line_1_20' title="bbox 397 1326 2030 1407; baseline 0.002 -19"><span class='ocrx_word' id='word_1_138' title='bbox 397 1335 563 1407; x_wconf 82' lang='lat' dir='ltr'><strong>parte</strong></span> <span class='ocrx_word' id='word_1_139' title='bbox 591 1346 659 1388; x_wconf 92' lang='lat' dir='ltr'><strong>ac</strong></span> <span class='ocrx_word' id='word_1_140' title='bbox 692 1328 1074 1407; x_wconf 89' lang='lat' dir='ltr'><strong>proportione</strong></span> <span class='ocrx_word' id='word_1_141' title='bbox 1112 1328 1280 1389; x_wconf 87' lang='lat' dir='ltr'><strong>fiunt.</strong></span> <span class='ocrx_word' id='word_1_142' title='bbox 1321 1326 1604 1389; x_wconf 74' lang='lat' dir='ltr'><strong>Divinit-is</strong></span> <span class='ocrx_word' id='word_1_143' title='bbox 1657 1345 1794 1390; x_wconf 86' lang='lat' dir='ltr'><strong>vero</strong></span> <span class='ocrx_word' id='word_1_144' title='bbox 1832 1338 2030 1391; x_wconf 82' lang='lat' dir='ltr'><strong>sancta</strong></span> 
     </span>
    </p>
   </div>
   <div class='ocr_carea' id='block_1_21' title="bbox 2119 1326 3790 1410">
    <p class='ocr_par' dir='ltr' id='par_1_21' title="bbox 2133 1331 3790 1410">
     <span class='ocr_line' id='line_1_21' title="bbox 2133 1331 3790 1410; baseline -0.001 -24"><span class='ocrx_word' id='word_1_145' title='bbox 2133 1336 2265 1410; x_wconf 78' lang='grc' dir='ltr'>τῶν,</span> <span class='ocrx_word' id='word_1_146' title='bbox 2298 1332 2394 1396; x_wconf 77' lang='grc' dir='ltr'>τῆς</span> <span class='ocrx_word' id='word_1_147' title='bbox 2426 1332 2566 1395; x_wconf 83' lang='grc' dir='ltr'>θείας</span> <span class='ocrx_word' id='word_1_148' title='bbox 2612 1332 2698 1388; x_wconf 83' lang='grc' dir='ltr'><strong>καὶ</strong></span> <span class='ocrx_word' id='word_1_149' title='bbox 2741 1331 3111 1409; x_wconf 71' lang='grc' dir='ltr'>ὺπὲρηρμένης</span> <span class='ocrx_word' id='word_1_150' title='bbox 3157 1333 3399 1394; x_wconf 60' lang='grc' dir='ltr'>ξενώσεως</span> <span class='ocrx_word' id='word_1_151' title='bbox 3445 1333 3790 1410; x_wconf 71' lang='grc' dir='ltr'>μετέχουσιν.</span> 
     </span>
    </p>
   </div>
   <div class='ocr_carea' id='block_1_22' title="bbox 396 1415 2030 1502">
    <p class='ocr_par' dir='ltr' id='par_1_22' title="bbox 396 1415 2030 1497">
     <span class='ocr_line' id='line_1_22' title="bbox 396 1415 2030 1497; baseline -0.001 -17"><span class='ocrx_word' id='word_1_152' title='bbox 396 1415 795 1492; x_wconf 89' lang='lat' dir='ltr'><strong>Trinitatis,et</strong></span> <span class='ocrx_word' id='word_1_153' title='bbox 816 1415 1104 1497; x_wconf 87' lang='lat' dir='ltr'><strong>quidquid</strong></span> <span class='ocrx_word' id='word_1_154' title='bbox 1134 1417 1264 1497; x_wconf 87' lang='lat' dir='ltr'><strong>ejus</strong></span> <span class='ocrx_word' id='word_1_155' title='bbox 1287 1417 1571 1490; x_wconf 90' lang='lat' dir='ltr'><strong>est,nullo</strong></span> <span class='ocrx_word' id='word_1_156' title='bbox 1595 1416 1887 1480; x_wconf 87' lang='lat' dir='ltr'><strong>dictorum</strong></span> <span class='ocrx_word' id='word_1_157' title='bbox 1915 1437 2030 1479; x_wconf 90' lang='lat' dir='ltr'><strong>mo-</strong></span> 
     </span>
    </p>
   </div>
   <div class='ocr_carea' id='block_1_23' title="bbox 2119 1415 3793 1502">
    <p class='ocr_par' dir='ltr' id='par_1_23' title="bbox 2135 1417 3793 1502">
     <span class='ocr_line' id='line_1_23' title="bbox 2135 1417 3793 1502; baseline -0.001 -24"><span class='ocrx_word' id='word_1_158' title='bbox 2135 1417 2302 1478; x_wconf 80' lang='grc' dir='ltr'>’Ἔστι</span> <span class='ocrx_word' id='word_1_159' title='bbox 2334 1417 2590 1497; x_wconf 77' lang='grc' dir='ltr'>διάκρισις</span> <span class='ocrx_word' id='word_1_160' title='bbox 2621 1419 2676 1476; x_wconf 79' lang='grc' dir='ltr'>ἐν</span> <span class='ocrx_word' id='word_1_161' title='bbox 2706 1433 2828 1482; x_wconf 71' lang='grc' dir='ltr'>ταῖς</span> <span class='ocrx_word' id='word_1_162' title='bbox 2858 1419 3179 1499; x_wconf 66' lang='grc' dir='ltr'>θεολογίαις,</span> <span class='ocrx_word' id='word_1_163' title='bbox 3215 1423 3317 1501; x_wconf 71' lang='grc' dir='ltr'>οὐχ</span> <span class='ocrx_word' id='word_1_164' title='bbox 3347 1422 3411 1488; x_wconf 73' lang='grc' dir='ltr'>ἦν</span> <span class='ocrx_word' id='word_1_165' title='bbox 3444 1421 3648 1502; x_wconf 70' lang='grc' dir='ltr'>ἔφημεν</span> <span class='ocrx_word' id='word_1_166' title='bbox 3689 1422 3793 1496; x_wconf 91' lang='grc' dir='ltr'>μό-</span> 
     </span>
    </p>
   </div>
   <div class='ocr_carea' id='block_1_24' title="bbox 396 1505 2030 1590">
    <p class='ocr_par' dir='ltr' id='par_1_24' title="bbox 396 1505 2030 1586">
     <span class='ocr_line' id='line_1_24' title="bbox 396 1505 2030 1586; baseline 0.001 -19"><span class='ocrx_word' id='word_1_167' title='bbox 396 1505 471 1567; x_wconf 91' lang='lat' dir='ltr'><strong>do</strong></span> <span class='ocrx_word' id='word_1_168' title='bbox 502 1505 886 1586; x_wconf 88' lang='lat' dir='ltr'><strong>dissecta,aut</strong></span> <span class='ocrx_word' id='word_1_169' title='bbox 913 1525 947 1568; x_wconf 93' lang='lat' dir='ltr'><strong>a</strong></span> <span class='ocrx_word' id='word_1_170' title='bbox 989 1525 1054 1568; x_wconf 91' lang='lat' dir='ltr'><strong>se</strong></span> <span class='ocrx_word' id='word_1_171' title='bbox 1081 1507 1340 1584; x_wconf 87' lang='lat' dir='ltr'><strong>diversa,</strong></span> <span class='ocrx_word' id='word_1_172' title='bbox 1367 1506 1580 1567; x_wconf 88' lang='lat' dir='ltr'><strong>merito</strong></span> <span class='ocrx_word' id='word_1_173' title='bbox 1608 1515 1887 1569; x_wconf 85' lang='lat' dir='ltr'><strong>censetur</strong></span> <span class='ocrx_word' id='word_1_174' title='bbox 1917 1526 2030 1569; x_wconf 74' lang='lat' dir='ltr'><strong>e354</strong></span> 
     </span>
    </p>
   </div>
   <div class='ocr_carea' id='block_1_25' title="bbox 2119 1505 3797 1590">
    <p class='ocr_par' dir='ltr' id='par_1_25' title="bbox 2136 1509 3797 1590">
     <span class='ocr_line' id='line_1_25' title="bbox 2136 1509 3797 1590; baseline 0.002 -26"><span class='ocrx_word' id='word_1_175' title='bbox 2136 1532 2222 1567; x_wconf 92' lang='grc' dir='ltr'><strong>νον</strong></span> <span class='ocrx_word' id='word_1_176' title='bbox 2283 1511 2556 1588; x_wconf 80' lang='grc' dir='ltr'>πρότερον,</span> <span class='ocrx_word' id='word_1_177' title='bbox 2609 1509 2690 1566; x_wconf 84' lang='grc' dir='ltr'><strong>ὅτι</strong></span> <span class='ocrx_word' id='word_1_178' title='bbox 2749 1511 3075 1590; x_wconf 73' lang='grc' dir='ltr'>ἀσυγχύτως</span> <span class='ocrx_word' id='word_1_179' title='bbox 3135 1513 3204 1574; x_wconf 84' lang='grc' dir='ltr'><strong>εἰς</strong></span> <span class='ocrx_word' id='word_1_180' title='bbox 3252 1523 3397 1589; x_wconf 77' lang='grc' dir='ltr'>τρεῖς</span> <span class='ocrx_word' id='word_1_181' title='bbox 3443 1510 3797 1574; x_wconf 77' lang='grc' dir='ltr'>ἰ’ποστάσεις</span> 
     </span>
    </p>
   </div>
   <div class='ocr_carea' id='block_1_26' title="bbox 395 1595 2030 1678">
    <p class='ocr_par' dir='ltr' id='par_1_26' title="bbox 395 1595 2023 1676">
     <span class='ocr_line' id='line_1_26' title="bbox 395 1595 2023 1676; baseline 0.002 -20"><span class='ocrx_word' id='word_1_182' title='bbox 395 1614 574 1675; x_wconf 87' lang='lat' dir='ltr'><strong>supra</strong></span> <span class='ocrx_word' id='word_1_183' title='bbox 595 1595 742 1658; x_wconf 85' lang='lat' dir='ltr'><strong>istas</strong></span> <span class='ocrx_word' id='word_1_184' title='bbox 765 1595 1580 1676; x_wconf 88' lang='lat' dir='ltr'><strong>uniones.Supercollocatur</strong></span> <span class='ocrx_word' id='word_1_185' title='bbox 1601 1597 1757 1658; x_wconf 92' lang='lat' dir='ltr'><strong>enim</strong></span> <span class='ocrx_word' id='word_1_186' title='bbox 1789 1603 1928 1658; x_wconf 92' lang='lat' dir='ltr'><strong>unio</strong></span> <span class='ocrx_word' id='word_1_187' title='bbox 1953 1617 2023 1659; x_wconf 92' lang='lat' dir='ltr'><strong>su</strong></span> 
     </span>
    </p>
   </div>
   <div class='ocr_carea' id='block_1_27' title="bbox 2119 1595 3797 1678">
    <p class='ocr_par' dir='ltr' id='par_1_27' title="bbox 2136 1597 3797 1678">
     <span class='ocr_line' id='line_1_27' title="bbox 2136 1597 3797 1678; baseline 0.001 -24"><span class='ocrx_word' id='word_1_188' title='bbox 2136 1597 2455 1675; x_wconf 70' lang='grc' dir='ltr'>διακέκριται</span> <span class='ocrx_word' id='word_1_189' title='bbox 2515 1597 2820 1675; x_wconf 82' lang='grc' dir='ltr'>ἀδιαιρέτως</span> <span class='ocrx_word' id='word_1_190' title='bbox 2879 1602 3056 1668; x_wconf 73' lang='grc' dir='ltr'>ἢθεία</span> <span class='ocrx_word' id='word_1_191' title='bbox 3114 1603 3204 1656; x_wconf 84' lang='grc' dir='ltr'>καὶ</span> <span class='ocrx_word' id='word_1_192' title='bbox 3258 1600 3406 1667; x_wconf 85' lang='grc' dir='ltr'>ἀπλῆ</span> <span class='ocrx_word' id='word_1_193' title='bbox 3461 1602 3636 1678; x_wconf 74' lang='grc' dir='ltr'>φύσις·</span> <span class='ocrx_word' id='word_1_194' title='bbox 3674 1599 3797 1657; x_wconf 82' lang='grc' dir='ltr'>ἀλλ’</span> 
     </span>
    </p>
   </div>
   <div class='ocr_carea' id='block_1_28' title="bbox 396 1684 2030 1769">
    <p class='ocr_par' dir='ltr' id='par_1_28' title="bbox 396 1684 2030 1766">
     <span class='ocr_line' id='line_1_28' title="bbox 396 1684 2030 1766; baseline 0.001 -20"><span class='ocrx_word' id='word_1_195' title='bbox 396 1684 904 1766; x_wconf 88' lang='lat' dir='ltr'><strong>persubstantialis</strong></span> <span class='ocrx_word' id='word_1_196' title='bbox 925 1704 1042 1746; x_wconf 88' lang='lat' dir='ltr'><strong>non</strong></span> <span class='ocrx_word' id='word_1_197' title='bbox 1067 1693 1290 1747; x_wconf 89' lang='lat' dir='ltr'><strong>tantum</strong></span> <span class='ocrx_word' id='word_1_198' title='bbox 1311 1685 1848 1766; x_wconf 87' lang='lat' dir='ltr'><strong>corporeis,verum</strong></span> <span class='ocrx_word' id='word_1_199' title='bbox 1871 1686 2030 1748; x_wconf 86' lang='lat' dir='ltr'><strong>etian</strong></span> 
     </span>
    </p>
   </div>
   <div class='ocr_carea' id='block_1_29' title="bbox 2119 1684 3795 1769">
    <p class='ocr_par' dir='ltr' id='par_1_29' title="bbox 2135 1688 3795 1769">
     <span class='ocr_line' id='line_1_29' title="bbox 2135 1688 3795 1769; baseline -0.001 -23"><span class='ocrx_word' id='word_1_200' title='bbox 2135 1689 2215 1746; x_wconf 80' lang='grc' dir='ltr'><strong>ὅτι</strong></span> <span class='ocrx_word' id='word_1_201' title='bbox 2246 1691 2333 1745; x_wconf 85' lang='grc' dir='ltr'><strong>καὶ</strong></span> <span class='ocrx_word' id='word_1_202' title='bbox 2390 1691 2448 1745; x_wconf 81' lang='grc' dir='ltr'>τὸ</span> <span class='ocrx_word' id='word_1_203' title='bbox 2479 1697 2568 1746; x_wconf 69' lang='grc' dir='ltr'>τοῦ</span> <span class='ocrx_word' id='word_1_204' title='bbox 2625 1693 2826 1766; x_wconf 78' lang='grc' dir='ltr'>Πιτρὸς</span> <span class='ocrx_word' id='word_1_205' title='bbox 2873 1691 3122 1769; x_wconf 63' lang='grc' dir='ltr'>αὔχημα,</span> <span class='ocrx_word' id='word_1_206' title='bbox 3158 1688 3472 1758; x_wconf 83' lang='grc' dir='ltr'>δηλονότιῆ</span> <span class='ocrx_word' id='word_1_207' title='bbox 3523 1691 3795 1769; x_wconf 76' lang='grc' dir='ltr'><strong>Θεογὸνία³</strong></span> 
     </span>
    </p>
   </div>
   <div class='ocr_carea' id='block_1_30' title="bbox 395 1773 2030 1857">
    <p class='ocr_par' dir='ltr' id='par_1_30' title="bbox 395 1773 2030 1857">
     <span class='ocr_line' id='line_1_30' title="bbox 395 1773 2030 1857; baseline 0.002 -23"><span class='ocrx_word' id='word_1_208' title='bbox 395 1773 472 1834; x_wconf 89' lang='lat' dir='ltr'><strong>iis</strong></span> <span class='ocrx_word' id='word_1_209' title='bbox 502 1792 634 1853; x_wconf 64' lang='lat' dir='ltr'><strong>qua)</strong></span> <span class='ocrx_word' id='word_1_210' title='bbox 681 1780 741 1835; x_wconf 91' lang='lat' dir='ltr'><strong>in</strong></span> <span class='ocrx_word' id='word_1_211' title='bbox 789 1774 1282 1854; x_wconf 87' lang='lat' dir='ltr'><strong>animabus.quin</strong></span> <span class='ocrx_word' id='word_1_212' title='bbox 1309 1784 1368 1834; x_wconf 91' lang='lat' dir='ltr'><strong>et</strong></span> <span class='ocrx_word' id='word_1_213' title='bbox 1406 1774 1466 1835; x_wconf 89' lang='lat' dir='ltr'><strong>in</strong></span> <span class='ocrx_word' id='word_1_214' title='bbox 1499 1775 1771 1856; x_wconf 91' lang='lat' dir='ltr'><strong>ipsismet</strong></span> <span class='ocrx_word' id='word_1_215' title='bbox 1821 1777 2030 1857; x_wconf 82' lang='lat' dir='ltr'><strong>angeli:</strong></span> 
     </span>
    </p>
   </div>
   <div class='ocr_carea' id='block_1_31' title="bbox 2119 1773 3795 1857">
    <p class='ocr_par' dir='ltr' id='par_1_31' title="bbox 2136 1778 3795 1857">
     <span class='ocr_line' id='line_1_31' title="bbox 2136 1778 3795 1857; baseline -0.002 -21"><span class='ocrx_word' id='word_1_216' title='bbox 2136 1786 2231 1838; x_wconf 77' lang='grc' dir='ltr'><strong>οὒκ</strong></span> <span class='ocrx_word' id='word_1_217' title='bbox 2295 1778 2619 1857; x_wconf 64' lang='grc' dir='ltr'>ἀντιστρέφει</span> <span class='ocrx_word' id='word_1_218' title='bbox 2666 1781 2796 1856; x_wconf 84' lang='grc' dir='ltr'>πρὸς</span> <span class='ocrx_word' id='word_1_219' title='bbox 2858 1779 3047 1838; x_wconf 67' lang='grc' dir='ltr'>τᾶλλα.</span> <span class='ocrx_word' id='word_1_220' title='bbox 3115 1780 3264 1846; x_wconf 81' lang='grc' dir='ltr'>Μόνη</span> <span class='ocrx_word' id='word_1_221' title='bbox 3324 1781 3423 1857; x_wconf 74' lang='grc' dir='ltr'><strong>γὰρ</strong></span> <span class='ocrx_word' id='word_1_222' title='bbox 3477 1781 3630 1857; x_wconf 70' lang='grc' dir='ltr'>πηγὴ</span> <span class='ocrx_word' id='word_1_223' title='bbox 3689 1785 3795 1845; x_wconf 76' lang='grc' dir='ltr'><strong>τῆς</strong></span> 
     </span>
    </p>
   </div>
   <div class='ocr_carea' id='block_1_32' title="bbox 398 1863 2030 1947">
    <p class='ocr_par' dir='ltr' id='par_1_32' title="bbox 398 1863 2024 1944">
     <span class='ocr_line' id='line_1_32' title="bbox 398 1863 2024 1944; baseline 0.003 -21"><span class='ocrx_word' id='word_1_224' title='bbox 398 1863 930 1944; x_wconf 77' lang='lat' dir='ltr'><strong>contingunt,quas</strong></span> <span class='ocrx_word' id='word_1_225' title='bbox 960 1865 1167 1944; x_wconf 86' lang='lat' dir='ltr'><strong>utique</strong></span> <span class='ocrx_word' id='word_1_226' title='bbox 1200 1866 1430 1927; x_wconf 87' lang='lat' dir='ltr'><strong>divinas</strong></span> <span class='ocrx_word' id='word_1_227' title='bbox 1460 1865 1714 1926; x_wconf 87' lang='lat' dir='ltr'><strong>uniones</strong></span> <span class='ocrx_word' id='word_1_228' title='bbox 1748 1865 1852 1928; x_wconf 88' lang='lat' dir='ltr'><strong>illa</strong></span> <span class='ocrx_word' id='word_1_229' title='bbox 1879 1867 2024 1928; x_wconf 94' lang='lat' dir='ltr'><strong>lumi</strong></span> 
     </span>
    </p>
   </div>
   <div class='ocr_carea' id='block_1_33' title="bbox 2119 1863 3792 1947">
    <p class='ocr_par' dir='ltr' id='par_1_33' title="bbox 2137 1868 3792 1947">
     <span class='ocr_line' id='line_1_33' title="bbox 2137 1868 3792 1947; baseline 0.001 -23"><span class='ocrx_word' id='word_1_230' title='bbox 2137 1869 2445 1947; x_wconf 74' lang='grc' dir='ltr'>ὑπερουσίου</span> <span class='ocrx_word' id='word_1_231' title='bbox 2500 1870 2753 1936; x_wconf 80' lang='grc' dir='ltr'><strong>θεότητος</strong></span> <span class='ocrx_word' id='word_1_232' title='bbox 2811 1871 2838 1926; x_wconf 82' lang='grc' dir='ltr'>ὁ</span> <span class='ocrx_word' id='word_1_233' title='bbox 2908 1869 3135 1947; x_wconf 75' lang='grc' dir='ltr'>Πατὴρ,</span> <span class='ocrx_word' id='word_1_234' title='bbox 3222 1868 3597 1947; x_wconf 79' lang='grc' dir='ltr'>φυλαττόντων</span> <span class='ocrx_word' id='word_1_235' title='bbox 3687 1876 3792 1925; x_wconf 84' lang='grc' dir='ltr'><strong>τῶν</strong></span> 
     </span>
    </p>
   </div>
   <div class='ocr_carea' id='block_1_34' title="bbox 400 1953 2030 2040">
    <p class='ocr_par' dir='ltr' id='par_1_34' title="bbox 400 1953 2030 2036">
     <span class='ocr_line' id='line_1_34' title="bbox 400 1953 2030 2036; baseline 0.005 -26"><span class='ocrx_word' id='word_1_236' title='bbox 400 1953 565 2013; x_wconf 88' lang='lat' dir='ltr'><strong>naria</strong></span> <span class='ocrx_word' id='word_1_237' title='bbox 585 1954 1048 2036; x_wconf 71' lang='lat' dir='ltr'><strong>supercoelestia,</strong></span> <span class='ocrx_word' id='word_1_238' title='bbox 1074 1953 2030 2034; x_wconf 83' lang='lat' dir='ltr'><strong>scilicetangeli,impermiste,in-</strong></span> 
     </span>
    </p>
   </div>
   <div class='ocr_carea' id='block_1_35' title="bbox 2119 1953 3794 2040">
    <p class='ocr_par' dir='ltr' id='par_1_35' title="bbox 2125 1957 3794 2040">
     <span class='ocr_line' id='line_1_35' title="bbox 2125 1957 3794 2040; baseline 0 -24"><span class='ocrx_word' id='word_1_239' title='bbox 2125 1962 2302 2036; x_wconf 73' lang='grc' dir='ltr'>ὕμνων</span> <span class='ocrx_word' id='word_1_240' title='bbox 2347 1957 2576 2024; x_wconf 68' lang='grc' dir='ltr'>εὖπεϐιῦς</span> <span class='ocrx_word' id='word_1_241' title='bbox 2599 1962 2661 2017; x_wconf 76' lang='grc' dir='ltr'>τὰ</span> <span class='ocrx_word' id='word_1_242' title='bbox 2691 1963 2864 2016; x_wconf 70' lang='grc' dir='ltr'>οἰκεῖα</span> <span class='ocrx_word' id='word_1_243' title='bbox 2897 1961 3097 2037; x_wconf 70' lang='grc' dir='ltr'>ἑκάστῃ</span> <span class='ocrx_word' id='word_1_244' title='bbox 3131 1961 3238 2017; x_wconf 76' lang='grc' dir='ltr'>τῶν</span> <span class='ocrx_word' id='word_1_245' title='bbox 3280 1963 3586 2040; x_wconf 76' lang='grc' dir='ltr'>θεαρχικῶν</span> <span class='ocrx_word' id='word_1_246' title='bbox 3616 1959 3794 2017; x_wconf 80' lang='grc' dir='ltr'>’Υπο-</span> 
     </span>
    </p>
   </div>
   <div class='ocr_carea' id='block_1_36' title="bbox 400 2041 2030 2129">
    <p class='ocr_par' dir='ltr' id='par_1_36' title="bbox 400 2041 2030 2124">
     <span class='ocr_line' id='line_1_36' title="bbox 400 2041 2030 2124; baseline 0.004 -22"><span class='ocrx_word' id='word_1_247' title='bbox 400 2041 732 2124; x_wconf 89' lang='lat' dir='ltr'><strong>confuse,et</strong></span> <span class='ocrx_word' id='word_1_248' title='bbox 754 2046 1322 2124; x_wconf 88' lang='lat' dir='ltr'><strong>supermundialiter</strong></span> <span class='ocrx_word' id='word_1_249' title='bbox 1340 2052 1460 2105; x_wconf 89' lang='lat' dir='ltr'><strong>tota</strong></span> <span class='ocrx_word' id='word_1_250' title='bbox 1489 2063 1553 2106; x_wconf 90' lang='lat' dir='ltr'><strong>se</strong></span> <span class='ocrx_word' id='word_1_251' title='bbox 1575 2045 1711 2106; x_wconf 89' lang='lat' dir='ltr'><strong>totis</strong></span> <span class='ocrx_word' id='word_1_252' title='bbox 1743 2044 2030 2108; x_wconf 87' lang='lat' dir='ltr'><strong>obtinent:</strong></span> 
     </span>
    </p>
   </div>
   <div class='ocr_carea' id='block_1_37' title="bbox 2119 2041 3791 2129">
    <p class='ocr_par' dir='ltr' id='par_1_37' title="bbox 2127 2047 3791 2129">
     <span class='ocr_line' id='line_1_37' title="bbox 2127 2047 3791 2129; baseline 0 -23"><span class='ocrx_word' id='word_1_253' title='bbox 2127 2051 2389 2112; x_wconf 71' lang='grc' dir='ltr'>στάσεων.</span> <span class='ocrx_word' id='word_1_254' title='bbox 2423 2048 2551 2107; x_wconf 75' lang='grc' dir='ltr'>Ἰδού</span> <span class='ocrx_word' id='word_1_255' title='bbox 2581 2051 2666 2106; x_wconf 72' lang='grc' dir='ltr'>καί</span> <span class='ocrx_word' id='word_1_256' title='bbox 2698 2049 2848 2127; x_wconf 77' lang='grc' dir='ltr'>ἑτέρα</span> <span class='ocrx_word' id='word_1_257' title='bbox 2893 2048 3178 2128; x_wconf 78' lang='grc' dir='ltr'>διάκρισις,</span> <span class='ocrx_word' id='word_1_258' title='bbox 3227 2050 3354 2106; x_wconf 77' lang='grc' dir='ltr'>καθ’</span> <span class='ocrx_word' id='word_1_259' title='bbox 3395 2049 3459 2116; x_wconf 76' lang='grc' dir='ltr'>ἥν</span> <span class='ocrx_word' id='word_1_260' title='bbox 3517 2047 3791 2129; x_wconf 82' lang='grc' dir='ltr'>διακέκρῖ-</span> 
     </span>
    </p>
   </div>
   <div class='ocr_carea' id='block_1_38' title="bbox 400 2133 2030 2219">
    <p class='ocr_par' dir='ltr' id='par_1_38' title="bbox 400 2133 2030 2217">
     <span class='ocr_line' id='line_1_38' title="bbox 400 2133 2030 2217; baseline 0.004 -26"><span class='ocrx_word' id='word_1_261' title='bbox 400 2149 519 2192; x_wconf 92' lang='lat' dir='ltr'><strong>non</strong></span> <span class='ocrx_word' id='word_1_262' title='bbox 565 2133 724 2194; x_wconf 90' lang='lat' dir='ltr'><strong>enim</strong></span> <span class='ocrx_word' id='word_1_263' title='bbox 785 2135 1109 2214; x_wconf 84' lang='lat' dir='ltr'><strong>partialiter</strong></span> <span class='ocrx_word' id='word_1_264' title='bbox 1155 2136 1251 2198; x_wconf 88' lang='lat' dir='ltr'><strong>his</strong></span> <span class='ocrx_word' id='word_1_265' title='bbox 1302 2134 1617 2197; x_wconf 88' lang='lat' dir='ltr'><strong>illustratio</strong></span> <span class='ocrx_word' id='word_1_266' title='bbox 1666 2135 2030 2217; x_wconf 71' lang='lat' dir='ltr'><strong>conceditur,</strong></span> 
     </span>
    </p>
   </div>
   <div class='ocr_carea' id='block_1_39' title="bbox 2119 2133 3789 2219">
    <p class='ocr_par' dir='ltr' id='par_1_39' title="bbox 2125 2141 3789 2219">
     <span class='ocr_line' id='line_1_39' title="bbox 2125 2141 3789 2219; baseline 0.001 -23"><span class='ocrx_word' id='word_1_267' title='bbox 2125 2163 2211 2197; x_wconf 87' lang='grc' dir='ltr'><strong>ται</strong></span> <span class='ocrx_word' id='word_1_268' title='bbox 2243 2143 2270 2196; x_wconf 81' lang='grc' dir='ltr'>ὁ</span> <span class='ocrx_word' id='word_1_269' title='bbox 2329 2141 2510 2216; x_wconf 73' lang='grc' dir='ltr'>Πατὴρ</span> <span class='ocrx_word' id='word_1_270' title='bbox 2562 2144 2668 2196; x_wconf 82' lang='grc' dir='ltr'>τῶν</span> <span class='ocrx_word' id='word_1_271' title='bbox 2728 2142 3001 2219; x_wconf 80' lang='grc' dir='ltr'>αἷτιατῶν,</span> <span class='ocrx_word' id='word_1_272' title='bbox 3060 2143 3180 2200; x_wconf 78' lang='grc' dir='ltr'>Υίού</span> <span class='ocrx_word' id='word_1_273' title='bbox 3208 2163 3264 2198; x_wconf 87' lang='grc' dir='ltr'><strong>τε</strong></span> <span class='ocrx_word' id='word_1_274' title='bbox 3296 2141 3384 2197; x_wconf 79' lang='grc' dir='ltr'>καὶ</span> <span class='ocrx_word' id='word_1_275' title='bbox 3430 2141 3736 2215; x_wconf 80' lang='grc' dir='ltr'>Πνεύματος</span> <span class='ocrx_word' id='word_1_276' title='bbox 3771 2187 3789 2202; x_wconf 93' lang='grc'><strong>.</strong></span> 
     </span>
    </p>
   </div>
   <div class='ocr_carea' id='block_1_40' title="bbox 396 2221 2030 2310">
    <p class='ocr_par' dir='ltr' id='par_1_40' title="bbox 396 2221 2030 2310">
     <span class='ocr_line' id='line_1_40' title="bbox 396 2221 2030 2310; baseline 0.003 -28"><span class='ocrx_word' id='word_1_277' title='bbox 396 2221 502 2310; x_wconf 89' lang='lat' dir='ltr'><strong>sed</strong></span> <span class='ocrx_word' id='word_1_278' title='bbox 537 2224 778 2284; x_wconf 91' lang='lat' dir='ltr'><strong>omnino</strong></span> <span class='ocrx_word' id='word_1_279' title='bbox 810 2224 1060 2302; x_wconf 80' lang='lat' dir='ltr'><strong>integre,</strong></span> <span class='ocrx_word' id='word_1_280' title='bbox 1098 2226 1581 2306; x_wconf 85' lang='lat' dir='ltr'><strong>tametsiquoque</strong></span> <span class='ocrx_word' id='word_1_281' title='bbox 1603 2243 1708 2306; x_wconf 92' lang='lat' dir='ltr'><strong>pro</strong></span> <span class='ocrx_word' id='word_1_282' title='bbox 1737 2233 1910 2304; x_wconf 89' lang='lat' dir='ltr'><strong>captu</strong></span> <span class='ocrx_word' id='word_1_283' title='bbox 1933 2244 2030 2287; x_wconf 86' lang='lat' dir='ltr'><strong>suo</strong></span> 
     </span>
    </p>
   </div>
   <div class='ocr_carea' id='block_1_41' title="bbox 2119 2221 3788 2310">
    <p class='ocr_par' dir='ltr' id='par_1_41' title="bbox 2125 2229 3788 2310">
     <span class='ocr_line' id='line_1_41' title="bbox 2125 2229 3788 2310; baseline 0.001 -24"><span class='ocrx_word' id='word_1_284' title='bbox 2125 2233 2286 2288; x_wconf 73' lang='grc' dir='ltr'>Αὗται</span> <span class='ocrx_word' id='word_1_285' title='bbox 2318 2230 2414 2304; x_wconf 81' lang='grc' dir='ltr'>μὲν</span> <span class='ocrx_word' id='word_1_286' title='bbox 2446 2233 2494 2285; x_wconf 67' lang='grc' dir='ltr'>ατ</span> <span class='ocrx_word' id='word_1_287' title='bbox 2528 2231 2645 2286; x_wconf 86' lang='grc' dir='ltr'>κατ’</span> <span class='ocrx_word' id='word_1_288' title='bbox 2677 2229 2884 2297; x_wconf 71' lang='grc' dir='ltr'>ἐκείνην</span> <span class='ocrx_word' id='word_1_289' title='bbox 2926 2231 3025 2297; x_wconf 78' lang='grc' dir='ltr'>τὴν</span> <span class='ocrx_word' id='word_1_290' title='bbox 3059 2230 3286 2309; x_wconf 74' lang='grc' dir='ltr'>ἀρῤητόν</span> <span class='ocrx_word' id='word_1_291' title='bbox 3347 2231 3573 2310; x_wconf 76' lang='grc' dir='ltr'>φυσικὴν</span> <span class='ocrx_word' id='word_1_292' title='bbox 3645 2229 3788 2287; x_wconf 80' lang='grc' dir='ltr'><strong>ἔνω-</strong></span> 
     </span>
    </p>
   </div>
   <div class='ocr_carea' id='block_1_42' title="bbox 396 2309 2030 2397">
    <p class='ocr_par' dir='ltr' id='par_1_42' title="bbox 396 2309 2030 2388">
     <span class='ocr_line' id='line_1_42' title="bbox 396 2309 2030 2388; baseline 0.002 -16"><span class='ocrx_word' id='word_1_293' title='bbox 396 2309 682 2374; x_wconf 85' lang='lat' dir='ltr'><strong>duntaxat</strong></span> <span class='ocrx_word' id='word_1_294' title='bbox 732 2315 1034 2377; x_wconf 89' lang='lat' dir='ltr'><strong>uniantur.</strong></span> <span class='ocrx_word' id='word_1_295' title='bbox 1066 2314 1574 2388; x_wconf 90' lang='lat' dir='ltr'><strong>Qurmadmodum</strong></span> <span class='ocrx_word' id='word_1_296' title='bbox 1619 2315 1744 2377; x_wconf 90' lang='lat' dir='ltr'><strong>sole</strong></span> <span class='ocrx_word' id='word_1_297' title='bbox 1796 2315 2030 2376; x_wconf 83' lang='lat' dir='ltr'><strong>omnino</strong></span> 
     </span>
    </p>
   </div>
   <div class='ocr_carea' id='block_1_43' title="bbox 2119 2309 3010 2397">
    <p class='ocr_par' dir='ltr' id='par_1_43' title="bbox 2127 2316 3010 2397">
     <span class='ocr_line' id='line_1_43' title="bbox 2127 2316 3010 2397; baseline 0.001 -23"><span class='ocrx_word' id='word_1_298' title='bbox 2127 2341 2208 2374; x_wconf 87' lang='grc' dir='ltr'><strong>σιν</strong></span> <span class='ocrx_word' id='word_1_299' title='bbox 2240 2318 2454 2383; x_wconf 79' lang='grc' dir='ltr'>ἑνώσεις</span> <span class='ocrx_word' id='word_1_300' title='bbox 2486 2339 2543 2374; x_wconf 88' lang='grc' dir='ltr'><strong>τε</strong></span> <span class='ocrx_word' id='word_1_301' title='bbox 2580 2320 2665 2374; x_wconf 86' lang='grc' dir='ltr'><strong>καὶ</strong></span> <span class='ocrx_word' id='word_1_302' title='bbox 2694 2316 3010 2397; x_wconf 82' lang='grc' dir='ltr'>διακρίσεις.</span> 
     </span>
    </p>
   </div>
   <div class='ocr_carea' id='block_1_44' title="bbox 398 2401 3788 2489">
    <p class='ocr_par' dir='ltr' id='par_1_44' title="bbox 398 2401 3788 2489">
     <span class='ocr_line' id='line_1_44' title="bbox 398 2401 3788 2489; baseline 0.003 -26"><span class='ocrx_word' id='word_1_303' title='bbox 398 2401 662 2480; x_wconf 81' lang='lat' dir='ltr'><strong>perfecte</strong></span> <span class='ocrx_word' id='word_1_304' title='bbox 701 2403 1087 2468; x_wconf 89' lang='lat' dir='ltr'><strong>illucescente</strong></span> <span class='ocrx_word' id='word_1_305' title='bbox 1117 2404 1412 2486; x_wconf 90' lang='lat' dir='ltr'><strong>quidlibet</strong></span> <span class='ocrx_word' id='word_1_306' title='bbox 1443 2423 1549 2485; x_wconf 93' lang='lat' dir='ltr'><strong>pro</strong></span> <span class='ocrx_word' id='word_1_307' title='bbox 1577 2411 1754 2482; x_wconf 87' lang='lat' dir='ltr'><strong>captu</strong></span> <span class='ocrx_word' id='word_1_308' title='bbox 1785 2423 1892 2465; x_wconf 92' lang='lat' dir='ltr'><strong>suo</strong></span> <span class='ocrx_word' id='word_1_309' title='bbox 1928 2407 2125 2467; x_wconf 88' lang='lat' dir='ltr'><strong>lumen</strong></span> <span class='ocrx_word' id='word_1_310' title='bbox 2162 2407 2494 2488; x_wconf 86' lang='lat' dir='ltr'><strong>participat,</strong></span> <span class='ocrx_word' id='word_1_311' title='bbox 2522 2413 2603 2468; x_wconf 80' lang='lat' dir='ltr'><strong>ita</strong></span> <span class='ocrx_word' id='word_1_312' title='bbox 2631 2407 2809 2468; x_wconf 87' lang='lat' dir='ltr'><strong>etiam</strong></span> <span class='ocrx_word' id='word_1_313' title='bbox 2839 2406 2900 2468; x_wconf 91' lang='lat' dir='ltr'><strong>in</strong></span> <span class='ocrx_word' id='word_1_314' title='bbox 2924 2407 3154 2486; x_wconf 77' lang='lat' dir='ltr'><strong>angelis</strong></span> <span class='ocrx_word' id='word_1_315' title='bbox 3177 2408 3491 2489; x_wconf 88' lang='lat' dir='ltr'><strong>contingit,</strong></span> <span class='ocrx_word' id='word_1_316' title='bbox 3525 2407 3668 2470; x_wconf 89' lang='lat' dir='ltr'><strong>dum</strong></span> <span class='ocrx_word' id='word_1_317' title='bbox 3695 2427 3788 2472; x_wconf 81' lang='lat' dir='ltr'><strong>se-</strong></span> 
     </span>
    </p>
   </div>
   <div class='ocr_carea' id='block_1_45' title="bbox 393 2490 3783 2578">
    <p class='ocr_par' dir='ltr' id='par_1_45' title="bbox 393 2490 3783 2578">
     <span class='ocr_line' id='line_1_45' title="bbox 393 2490 3783 2578; baseline 0.002 -26"><span class='ocrx_word' id='word_1_318' title='bbox 393 2490 656 2554; x_wconf 89' lang='lat' dir='ltr'><strong>cundum</strong></span> <span class='ocrx_word' id='word_1_319' title='bbox 689 2495 1130 2574; x_wconf 83' lang='lat' dir='ltr'><strong>proportionem</strong></span> <span class='ocrx_word' id='word_1_320' title='bbox 1164 2513 1330 2557; x_wconf 89' lang='lat' dir='ltr'><strong>suam</strong></span> <span class='ocrx_word' id='word_1_321' title='bbox 1365 2495 1579 2556; x_wconf 62' lang='lat' dir='ltr'><strong>divina</strong></span> <span class='ocrx_word' id='word_1_322' title='bbox 1613 2495 1772 2556; x_wconf 85' lang='lat' dir='ltr'><strong>illius</strong></span> <span class='ocrx_word' id='word_1_323' title='bbox 1805 2503 1864 2556; x_wconf 92' lang='lat' dir='ltr'><strong>et</strong></span> <span class='ocrx_word' id='word_1_324' title='bbox 1921 2495 2430 2574; x_wconf 91' lang='lat' dir='ltr'><strong>supereminentis</strong></span> <span class='ocrx_word' id='word_1_325' title='bbox 2460 2496 2697 2558; x_wconf 91' lang='lat' dir='ltr'><strong>unionis</strong></span> <span class='ocrx_word' id='word_1_326' title='bbox 2732 2498 3051 2578; x_wconf 87' lang='lat' dir='ltr'><strong>participes</strong></span> <span class='ocrx_word' id='word_1_327' title='bbox 3104 2497 3419 2562; x_wconf 82' lang='lat' dir='ltr'><strong>exsistunt.</strong></span> <span class='ocrx_word' id='word_1_328' title='bbox 3453 2499 3557 2560; x_wconf 89' lang='lat' dir='ltr'><strong>Est</strong></span> <span class='ocrx_word' id='word_1_329' title='bbox 3607 2497 3783 2560; x_wconf 85' lang='lat' dir='ltr'><strong>etiam</strong></span> 
     </span>
    </p>
   </div>
   <div class='ocr_carea' id='block_1_46' title="bbox 395 2580 3779 2666">
    <p class='ocr_par' dir='ltr' id='par_1_46' title="bbox 395 2580 3779 2666">
     <span class='ocr_line' id='line_1_46' title="bbox 395 2580 3779 2666; baseline 0.002 -25"><span class='ocrx_word' id='word_1_330' title='bbox 395 2580 702 2644; x_wconf 85' lang='lat' dir='ltr'><strong>distinctio</strong></span> <span class='ocrx_word' id='word_1_331' title='bbox 756 2583 817 2644; x_wconf 92' lang='lat' dir='ltr'><strong>in</strong></span> <span class='ocrx_word' id='word_1_332' title='bbox 850 2585 1090 2662; x_wconf 86' lang='lat' dir='ltr'><strong>divinis,</strong></span> <span class='ocrx_word' id='word_1_333' title='bbox 1128 2604 1247 2647; x_wconf 91' lang='lat' dir='ltr'><strong>non</strong></span> <span class='ocrx_word' id='word_1_334' title='bbox 1310 2603 1378 2646; x_wconf 88' lang='lat' dir='ltr'><strong>ea</strong></span> <span class='ocrx_word' id='word_1_335' title='bbox 1411 2592 1632 2646; x_wconf 90' lang='lat' dir='ltr'><strong>tantum</strong></span> <span class='ocrx_word' id='word_1_336' title='bbox 1678 2603 1857 2666; x_wconf 89' lang='lat' dir='ltr'><strong>quam</strong></span> <span class='ocrx_word' id='word_1_337' title='bbox 1912 2585 2078 2664; x_wconf 86' lang='lat' dir='ltr'><strong>prius</strong></span> <span class='ocrx_word' id='word_1_338' title='bbox 2136 2585 2420 2659; x_wconf 88' lang='lat' dir='ltr'><strong>diximus,</strong></span> <span class='ocrx_word' id='word_1_339' title='bbox 2453 2585 2616 2664; x_wconf 86' lang='lat' dir='ltr'><strong>quod</strong></span> <span class='ocrx_word' id='word_1_340' title='bbox 2668 2585 2984 2649; x_wconf 87' lang='lat' dir='ltr'><strong>inconfuse</strong></span> <span class='ocrx_word' id='word_1_341' title='bbox 3031 2588 3088 2648; x_wconf 92' lang='lat' dir='ltr'><strong>in</strong></span> <span class='ocrx_word' id='word_1_342' title='bbox 3133 2597 3255 2649; x_wconf 89' lang='lat' dir='ltr'><strong>tres</strong></span> <span class='ocrx_word' id='word_1_343' title='bbox 3302 2587 3593 2649; x_wconf 80' lang='lat' dir='ltr'><strong>Personas</strong></span> <span class='ocrx_word' id='word_1_344' title='bbox 3621 2586 3779 2648; x_wconf 86' lang='lat' dir='ltr'><strong>indi-</strong></span> 
     </span>
    </p>
   </div>
   <div class='ocr_carea' id='block_1_47' title="bbox 394 2669 3786 2757">
    <p class='ocr_par' dir='ltr' id='par_1_47' title="bbox 394 2669 3786 2757">
     <span class='ocr_line' id='line_1_47' title="bbox 394 2669 3786 2757; baseline 0.002 -26"><span class='ocrx_word' id='word_1_345' title='bbox 394 2669 571 2733; x_wconf 84' lang='lat' dir='ltr'><strong>vidua</strong></span> <span class='ocrx_word' id='word_1_346' title='bbox 629 2671 1005 2755; x_wconf 84' lang='lat' dir='ltr'><strong>simplexque</strong></span> <span class='ocrx_word' id='word_1_347' title='bbox 1061 2683 1273 2737; x_wconf 87' lang='lat' dir='ltr'><strong>natura</strong></span> <span class='ocrx_word' id='word_1_348' title='bbox 1321 2675 1520 2737; x_wconf 84' lang='lat' dir='ltr'><strong>divina</strong></span> <span class='ocrx_word' id='word_1_349' title='bbox 1579 2674 1894 2745; x_wconf 83' lang='lat' dir='ltr'><strong>dividatur,</strong></span> <span class='ocrx_word' id='word_1_350' title='bbox 1959 2692 2169 2735; x_wconf 90' lang='lat' dir='ltr'><strong>verum</strong></span> <span class='ocrx_word' id='word_1_351' title='bbox 2230 2675 2412 2738; x_wconf 87' lang='lat' dir='ltr'><strong>etiam</strong></span> <span class='ocrx_word' id='word_1_352' title='bbox 2468 2675 2658 2738; x_wconf 88' lang='lat' dir='ltr'><strong>Patris</strong></span> <span class='ocrx_word' id='word_1_353' title='bbox 2703 2678 2890 2757; x_wconf 91' lang='lat' dir='ltr'><strong>notio,</strong></span> <span class='ocrx_word' id='word_1_354' title='bbox 2925 2676 3157 2739; x_wconf 91' lang='lat' dir='ltr'><strong>scilicet</strong></span> <span class='ocrx_word' id='word_1_355' title='bbox 3213 2679 3400 2740; x_wconf 85' lang='lat' dir='ltr'><strong>activa</strong></span> <span class='ocrx_word' id='word_1_356' title='bbox 3433 2677 3540 2740; x_wconf 90' lang='lat' dir='ltr'><strong>Dei</strong></span> <span class='ocrx_word' id='word_1_357' title='bbox 3597 2695 3786 2756; x_wconf 81' lang='lat' dir='ltr'><strong>gene-</strong></span> 
     </span>
    </p>
   </div>
   <div class='ocr_carea' id='block_1_48' title="bbox 393 2760 3790 2848">
    <p class='ocr_par' dir='ltr' id='par_1_48' title="bbox 393 2760 3790 2848">
     <span class='ocr_line' id='line_1_48' title="bbox 393 2760 3790 2848; baseline 0.002 -28"><span class='ocrx_word' id='word_1_358' title='bbox 393 2760 568 2834; x_wconf 90' lang='lat' dir='ltr'><strong>ratio,</strong></span> <span class='ocrx_word' id='word_1_359' title='bbox 601 2780 736 2824; x_wconf 91' lang='lat' dir='ltr'><strong>cnm</strong></span> <span class='ocrx_word' id='word_1_360' title='bbox 769 2763 900 2824; x_wconf 89' lang='lat' dir='ltr'><strong>aliis</strong></span> <span class='ocrx_word' id='word_1_361' title='bbox 932 2784 1050 2826; x_wconf 93' lang='lat' dir='ltr'><strong>non</strong></span> <span class='ocrx_word' id='word_1_362' title='bbox 1083 2773 1483 2826; x_wconf 88' lang='lat' dir='ltr'><strong>convertatur.</strong></span> <span class='ocrx_word' id='word_1_363' title='bbox 1515 2766 1689 2826; x_wconf 87' lang='lat' dir='ltr'><strong>Pater</strong></span> <span class='ocrx_word' id='word_1_364' title='bbox 1721 2763 1879 2825; x_wconf 86' lang='lat' dir='ltr'><strong>enim</strong></span> <span class='ocrx_word' id='word_1_365' title='bbox 1912 2763 2076 2824; x_wconf 86' lang='lat' dir='ltr'><strong>solus</strong></span> <span class='ocrx_word' id='word_1_366' title='bbox 2105 2763 2238 2826; x_wconf 89' lang='lat' dir='ltr'><strong>fons</strong></span> <span class='ocrx_word' id='word_1_367' title='bbox 2269 2773 2361 2826; x_wconf 91' lang='lat' dir='ltr'><strong>est</strong></span> <span class='ocrx_word' id='word_1_368' title='bbox 2391 2767 2920 2842; x_wconf 87' lang='lat' dir='ltr'><strong>superessentialis</strong></span> <span class='ocrx_word' id='word_1_369' title='bbox 2955 2767 3222 2842; x_wconf 89' lang='lat' dir='ltr'><strong>Deitatis,</strong></span> <span class='ocrx_word' id='word_1_370' title='bbox 3257 2766 3520 2848; x_wconf 88' lang='lat' dir='ltr'><strong>qualibet</strong></span> <span class='ocrx_word' id='word_1_371' title='bbox 3553 2767 3790 2830; x_wconf 82' lang='lat' dir='ltr'><strong>divina-</strong></span> 
     </span>
    </p>
   </div>
   <div class='ocr_carea' id='block_1_49' title="bbox 391 2852 3791 2934">
    <p class='ocr_par' dir='ltr' id='par_1_49' title="bbox 391 2852 3791 2934">
     <span class='ocr_line' id='line_1_49' title="bbox 391 2852 3791 2934; baseline 0.001 -21"><span class='ocrx_word' id='word_1_372' title='bbox 391 2869 527 2913; x_wconf 87' lang='lat' dir='ltr'><strong>rum</strong></span> <span class='ocrx_word' id='word_1_373' title='bbox 561 2852 961 2915; x_wconf 87' lang='lat' dir='ltr'><strong>Personarum</strong></span> <span class='ocrx_word' id='word_1_374' title='bbox 997 2855 1377 2934; x_wconf 84' lang='lat' dir='ltr'><strong>proprietatis</strong></span> <span class='ocrx_word' id='word_1_375' title='bbox 1411 2871 1532 2914; x_wconf 72' lang='lat' dir='ltr'><strong>suae</strong></span> <span class='ocrx_word' id='word_1_376' title='bbox 1564 2853 1772 2914; x_wconf 79' lang='lat' dir='ltr'><strong>Iaudes</strong></span> <span class='ocrx_word' id='word_1_377' title='bbox 1818 2852 2098 2932; x_wconf 84' lang='lat' dir='ltr'><strong>religiose</strong></span> <span class='ocrx_word' id='word_1_378' title='bbox 2128 2855 2640 2918; x_wconf 87' lang='lat' dir='ltr'><strong>conservantibus.</strong></span> <span class='ocrx_word' id='word_1_379' title='bbox 2693 2857 2851 2918; x_wconf 85' lang='lat' dir='ltr'><strong>Ecce</strong></span> <span class='ocrx_word' id='word_1_380' title='bbox 2886 2857 3063 2918; x_wconf 85' lang='lat' dir='ltr'><strong>etiam</strong></span> <span class='ocrx_word' id='word_1_381' title='bbox 3121 2856 3298 2918; x_wconf 90' lang='lat' dir='ltr'><strong>aliam</strong></span> <span class='ocrx_word' id='word_1_382' title='bbox 3332 2857 3791 2919; x_wconf 89' lang='lat' dir='ltr'><strong>distinctionem</strong></span> 
     </span>
    </p>
   </div>
   <div class='ocr_carea' id='block_1_50' title="bbox 393 2941 3792 3028">
    <p class='ocr_par' dir='ltr' id='par_1_50' title="bbox 393 2941 3792 3028">
     <span class='ocr_line' id='line_1_50' title="bbox 393 2941 3792 3028; baseline 0.002 -26"><span class='ocrx_word' id='word_1_383' title='bbox 393 2941 727 3002; x_wconf 87' lang='lat' dir='ltr'><strong>secundum</strong></span> <span class='ocrx_word' id='word_1_384' title='bbox 787 2961 964 3019; x_wconf 88' lang='lat' dir='ltr'><strong>quam</strong></span> <span class='ocrx_word' id='word_1_385' title='bbox 1001 2947 1173 3006; x_wconf 88' lang='lat' dir='ltr'><strong>Pater</strong></span> <span class='ocrx_word' id='word_1_386' title='bbox 1202 2943 1276 3004; x_wconf 87' lang='lat' dir='ltr'><strong>ab</strong></span> <span class='ocrx_word' id='word_1_387' title='bbox 1323 2943 1552 3004; x_wconf 66' lang='lat' dir='ltr'><strong>effectis</strong></span> <span class='ocrx_word' id='word_1_388' title='bbox 1578 2942 1709 3003; x_wconf 88' lang='lat' dir='ltr'><strong>Filii</strong></span> <span class='ocrx_word' id='word_1_389' title='bbox 1767 2951 1825 3004; x_wconf 94' lang='lat' dir='ltr'><strong>et</strong></span> <span class='ocrx_word' id='word_1_390' title='bbox 1855 2941 2112 3024; x_wconf 87' lang='lat' dir='ltr'><strong>Spiritus</strong></span> <span class='ocrx_word' id='word_1_391' title='bbox 2169 2947 2358 3008; x_wconf 87' lang='lat' dir='ltr'><strong>sancti</strong></span> <span class='ocrx_word' id='word_1_392' title='bbox 2389 2945 2800 3026; x_wconf 83' lang='lat' dir='ltr'><strong>distinguitur.</strong></span> <span class='ocrx_word' id='word_1_393' title='bbox 2836 2946 2940 3009; x_wconf 65' lang='lat' dir='ltr'><strong>Hae</strong></span> <span class='ocrx_word' id='word_1_394' title='bbox 2980 2946 3218 3028; x_wconf 89' lang='lat' dir='ltr'><strong>quidem</strong></span> <span class='ocrx_word' id='word_1_395' title='bbox 3273 2956 3411 3010; x_wconf 91' lang='lat' dir='ltr'><strong>sunt</strong></span> <span class='ocrx_word' id='word_1_396' title='bbox 3447 2948 3699 3010; x_wconf 88' lang='lat' dir='ltr'><strong>uniones</strong></span> <span class='ocrx_word' id='word_1_397' title='bbox 3731 2955 3792 3010; x_wconf 89' lang='lat' dir='ltr'><strong>et</strong></span> 
     </span>
    </p>
   </div>
   <div class='ocr_carea' id='block_1_51' title="bbox 391 3031 1928 3096">
    <p class='ocr_par' dir='ltr' id='par_1_51' title="bbox 391 3031 1928 3096">
     <span class='ocr_line' id='line_1_51' title="bbox 391 3031 1928 3096; baseline 0.001 -3"><span class='ocrx_word' id='word_1_398' title='bbox 391 3031 809 3094; x_wconf 88' lang='lat' dir='ltr'><strong>distinctiones</strong></span> <span class='ocrx_word' id='word_1_399' title='bbox 840 3033 900 3094; x_wconf 90' lang='lat' dir='ltr'><strong>in</strong></span> <span class='ocrx_word' id='word_1_400' title='bbox 932 3033 1036 3095; x_wconf 87' lang='lat' dir='ltr'><strong>illa</strong></span> <span class='ocrx_word' id='word_1_401' title='bbox 1073 3033 1360 3095; x_wconf 82' lang='lat' dir='ltr'><strong>ineffabili</strong></span> <span class='ocrx_word' id='word_1_402' title='bbox 1393 3034 1617 3094; x_wconf 85' lang='lat' dir='ltr'><strong>unione</strong></span> <span class='ocrx_word' id='word_1_403' title='bbox 1646 3032 1928 3096; x_wconf 90' lang='lat' dir='ltr'><strong>naturali.</strong></span> 
     </span>
    </p>
   </div>
   <div class='ocr_carea' id='block_1_52' title="bbox 473 3118 2030 3208">
    <p class='ocr_par' dir='ltr' id='par_1_52' title="bbox 473 3118 2030 3199">
     <span class='ocr_line' id='line_1_52' title="bbox 473 3118 2030 3199; baseline 0.003 -18"><span class='ocrx_word' id='word_1_404' title='bbox 473 3118 710 3199; x_wconf 84' lang='lat' dir='ltr'><strong>§V.Est</strong></span> <span class='ocrx_word' id='word_1_405' title='bbox 751 3122 927 3183; x_wconf 88' lang='lat' dir='ltr'><strong>etiam</strong></span> <span class='ocrx_word' id='word_1_406' title='bbox 965 3123 1293 3186; x_wconf 86' lang='lat' dir='ltr'><strong>secundum</strong></span> <span class='ocrx_word' id='word_1_407' title='bbox 1313 3123 1488 3183; x_wconf 90' lang='lat' dir='ltr'><strong>aliam</strong></span> <span class='ocrx_word' id='word_1_408' title='bbox 1519 3123 1811 3185; x_wconf 83' lang='lat' dir='ltr'><strong>rationem</strong></span> <span class='ocrx_word' id='word_1_409' title='bbox 1843 3123 2030 3186; x_wconf 79' lang='lat' dir='ltr'><strong>divina</strong></span> 
     </span>
    </p>
   </div>
   <div class='ocr_carea' id='block_1_53' title="bbox 2119 3118 3789 3208">
    <p class='ocr_par' dir='ltr' id='par_1_53' title="bbox 2205 3125 3789 3208">
     <span class='ocr_line' id='line_1_53' title="bbox 2205 3125 3789 3208; baseline -0.003 -19"><span class='ocrx_word' id='word_1_410' title='bbox 2205 3126 2234 3206; x_wconf 66' lang='grc' dir='ltr'><strong>ἓ</strong></span> <span class='ocrx_word' id='word_1_411' title='bbox 2269 3128 2340 3189; x_wconf 85' lang='lat' dir='ltr'><strong>V.</strong></span> <span class='ocrx_word' id='word_1_412' title='bbox 2377 3125 2542 3186; x_wconf 78' lang='grc' dir='ltr'>’Ἔστι</span> <span class='ocrx_word' id='word_1_413' title='bbox 2575 3129 2661 3186; x_wconf 80' lang='grc' dir='ltr'><strong>καὶ</strong></span> <span class='ocrx_word' id='word_1_414' title='bbox 2693 3129 2816 3186; x_wconf 87' lang='grc' dir='ltr'>κατ’</span> <span class='ocrx_word' id='word_1_415' title='bbox 2845 3128 3004 3188; x_wconf 74' lang='grc' dir='ltr'>ἄλλον</span> <span class='ocrx_word' id='word_1_416' title='bbox 3055 3131 3215 3208; x_wconf 85' lang='grc' dir='ltr'>λόγον</span> <span class='ocrx_word' id='word_1_417' title='bbox 3257 3130 3368 3184; x_wconf 86' lang='grc' dir='ltr'>θεία</span> <span class='ocrx_word' id='word_1_418' title='bbox 3434 3127 3716 3206; x_wconf 77' lang='grc' dir='ltr'>διάκρισις,</span> <span class='ocrx_word' id='word_1_419' title='bbox 3753 3133 3789 3200; x_wconf 78' lang='grc' dir='ltr'><strong>ἦ</strong></span> 
     </span>
    </p>
   </div>
   <div class='ocr_carea' id='block_1_54' title="bbox 393 3209 2030 3298">
    <p class='ocr_par' dir='ltr' id='par_1_54' title="bbox 393 3209 2030 3292">
     <span class='ocr_line' id='line_1_54' title="bbox 393 3209 2030 3292; baseline 0.002 -22"><span class='ocrx_word' id='word_1_420' title='bbox 393 3209 724 3291; x_wconf 79' lang='lat' dir='ltr'><strong>distinctio,</strong></span> <span class='ocrx_word' id='word_1_421' title='bbox 758 3211 856 3272; x_wconf 85' lang='lat' dir='ltr'><strong>illa</strong></span> <span class='ocrx_word' id='word_1_422' title='bbox 889 3212 993 3274; x_wconf 89' lang='lat' dir='ltr'><strong>Dei</strong></span> <span class='ocrx_word' id='word_1_423' title='bbox 1019 3221 1259 3292; x_wconf 81' lang='lat' dir='ltr'><strong>prepter</strong></span> <span class='ocrx_word' id='word_1_424' title='bbox 1299 3212 1722 3273; x_wconf 90' lang='lat' dir='ltr'><strong>abundantiam</strong></span> <span class='ocrx_word' id='word_1_425' title='bbox 1760 3211 2030 3275; x_wconf 74' lang='lat' dir='ltr'><strong>bonitatis</strong></span> 
     </span>
    </p>
   </div>
   <div class='ocr_carea' id='block_1_55' title="bbox 2119 3209 3787 3298">
    <p class='ocr_par' dir='ltr' id='par_1_55' title="bbox 2127 3216 3787 3298">
     <span class='ocr_line' id='line_1_55' title="bbox 2127 3216 3787 3298; baseline 0.002 -25"><span class='ocrx_word' id='word_1_426' title='bbox 2127 3216 2211 3275; x_wconf 80' lang='grc' dir='ltr'><strong>διὰ</strong></span> <span class='ocrx_word' id='word_1_427' title='bbox 2241 3217 2441 3286; x_wconf 76' lang='grc' dir='ltr'>πλῆθος</span> <span class='ocrx_word' id='word_1_428' title='bbox 2475 3219 2802 3298; x_wconf 84' lang='grc' dir='ltr'>ἀγαθότητος</span> <span class='ocrx_word' id='word_1_429' title='bbox 2828 3218 3051 3296; x_wconf 79' lang='grc' dir='ltr'>πρόοδος</span> <span class='ocrx_word' id='word_1_430' title='bbox 3101 3223 3194 3276; x_wconf 70' lang='grc' dir='ltr'><strong>τοῦ</strong></span> <span class='ocrx_word' id='word_1_431' title='bbox 3225 3220 3356 3274; x_wconf 71' lang='grc' dir='ltr'>Θεοῦ</span> <span class='ocrx_word' id='word_1_432' title='bbox 3402 3220 3476 3282; x_wconf 75' lang='grc' dir='ltr'>εἰς</span> <span class='ocrx_word' id='word_1_433' title='bbox 3510 3220 3616 3287; x_wconf 78' lang='grc' dir='ltr'>τὴν</span> <span class='ocrx_word' id='word_1_434' title='bbox 3675 3241 3787 3276; x_wconf 90' lang='grc' dir='ltr'>πο-</span> 
     </span>
    </p>
   </div>
   <div class='ocr_carea' id='block_1_56' title="bbox 393 3300 2043 3384">
    <p class='ocr_par' dir='ltr' id='par_1_56' title="bbox 393 3300 2043 3384">
     <span class='ocr_line' id='line_1_56' title="bbox 393 3300 2043 3384; baseline 0.001 -22"><span class='ocrx_word' id='word_1_435' title='bbox 393 3300 690 3362; x_wconf 88' lang='lat' dir='ltr'><strong>emanatio</strong></span> <span class='ocrx_word' id='word_1_436' title='bbox 719 3300 789 3362; x_wconf 88' lang='lat' dir='ltr'><strong>ad</strong></span> <span class='ocrx_word' id='word_1_437' title='bbox 823 3301 1182 3382; x_wconf 88' lang='lat' dir='ltr'><strong>multiplices</strong></span> <span class='ocrx_word' id='word_1_438' title='bbox 1217 3313 1334 3366; x_wconf 86' lang='lat' dir='ltr'><strong>tam</strong></span> <span class='ocrx_word' id='word_1_439' title='bbox 1362 3302 1678 3364; x_wconf 85' lang='lat' dir='ltr'><strong>invisibilis</strong></span> <span class='ocrx_word' id='word_1_440' title='bbox 1701 3322 1875 3384; x_wconf 85' lang='lat' dir='ltr'><strong>quam</strong></span> <span class='ocrx_word' id='word_1_441' title='bbox 1909 3303 2043 3364; x_wconf 86' lang='lat' dir='ltr'><strong>visi-</strong></span> 
     </span>
    </p>
   </div>
   <div class='ocr_carea' id='block_1_57' title="bbox 395 3389 2043 3472">
    <p class='ocr_par' dir='ltr' id='par_1_57' title="bbox 395 3389 2043 3472">
     <span class='ocr_line' id='line_1_57' title="bbox 395 3389 2043 3472; baseline 0.001 -22"><span class='ocrx_word' id='word_1_442' title='bbox 395 3389 530 3450; x_wconf 90' lang='lat' dir='ltr'><strong>bilis</strong></span> <span class='ocrx_word' id='word_1_443' title='bbox 559 3399 850 3453; x_wconf 65' lang='lat' dir='ltr'><strong>creaturte</strong></span> <span class='ocrx_word' id='word_1_444' title='bbox 877 3391 1319 3454; x_wconf 85' lang='lat' dir='ltr'><strong>formas.Porro</strong></span> <span class='ocrx_word' id='word_1_445' title='bbox 1349 3392 1746 3472; x_wconf 63' lang='lat' dir='ltr'><strong>providentiae</strong></span> <span class='ocrx_word' id='word_1_446' title='bbox 1774 3392 2043 3472; x_wconf 82' lang='lat' dir='ltr'><strong>benigni-</strong></span> 
     </span>
    </p>
   </div>
   <div class='ocr_carea' id='block_1_58' title="bbox 393 3481 2034 3557">
    <p class='ocr_par' dir='ltr' id='par_1_58' title="bbox 393 3481 2034 3557">
     <span class='ocr_line' id='line_1_58' title="bbox 393 3481 2034 3557; baseline 0.002 -18"><span class='ocrx_word' id='word_1_447' title='bbox 393 3487 663 3557; x_wconf 88' lang='lat' dir='ltr'><strong>tatesque</strong></span> <span class='ocrx_word' id='word_1_448' title='bbox 688 3481 1030 3555; x_wconf 88' lang='lat' dir='ltr'><strong>creationis,</strong></span> <span class='ocrx_word' id='word_1_449' title='bbox 1053 3482 1222 3544; x_wconf 77' lang='lat' dir='ltr'><strong>trinze</strong></span> <span class='ocrx_word' id='word_1_450' title='bbox 1253 3482 1463 3544; x_wconf 90' lang='lat' dir='ltr'><strong>unitati</strong></span> <span class='ocrx_word' id='word_1_451' title='bbox 1495 3491 1631 3544; x_wconf 89' lang='lat' dir='ltr'><strong>sunt</strong></span> <span class='ocrx_word' id='word_1_452' title='bbox 1660 3501 2034 3546; x_wconf 89' lang='lat' dir='ltr'><strong>communes.</strong></span> 
     </span>
    </p>
   </div>
   <div class='ocr_carea' id='block_1_59' title="bbox 391 3566 2037 3652">
    <p class='ocr_par' dir='ltr' id='par_1_59' title="bbox 391 3566 2037 3652">
     <span class='ocr_line' id='line_1_59' title="bbox 391 3566 2037 3652; baseline 0.002 -24"><span class='ocrx_word' id='word_1_453' title='bbox 391 3566 477 3629; x_wconf 85' lang='lat' dir='ltr'><strong>Ne</strong></span> <span class='ocrx_word' id='word_1_454' title='bbox 508 3568 874 3650; x_wconf 88' lang='lat' dir='ltr'><strong>itaque,cum</strong></span> <span class='ocrx_word' id='word_1_455' title='bbox 907 3572 1121 3633; x_wconf 89' lang='lat' dir='ltr'><strong>audies</strong></span> <span class='ocrx_word' id='word_1_456' title='bbox 1149 3571 1623 3652; x_wconf 77' lang='lat' dir='ltr'><strong>distinctionem,</strong></span> <span class='ocrx_word' id='word_1_457' title='bbox 1655 3572 2037 3635; x_wconf 85' lang='lat' dir='ltr'><strong>existimave-</strong></span> 
     </span>
    </p>
   </div>
   <div class='ocr_carea' id='block_1_60' title="bbox 389 3658 2040 3741">
    <p class='ocr_par' dir='ltr' id='par_1_60' title="bbox 389 3658 2040 3741">
     <span class='ocr_line' id='line_1_60' title="bbox 389 3658 2040 3741; baseline 0.002 -21"><span class='ocrx_word' id='word_1_458' title='bbox 389 3658 494 3740; x_wconf 89' lang='lat' dir='ltr'><strong>ris,</strong></span> <span class='ocrx_word' id='word_1_459' title='bbox 513 3660 614 3720; x_wconf 91' lang='lat' dir='ltr'><strong>uni</strong></span> <span class='ocrx_word' id='word_1_460' title='bbox 638 3679 878 3739; x_wconf 90' lang='lat' dir='ltr'><strong>quoque</strong></span> <span class='ocrx_word' id='word_1_461' title='bbox 902 3660 1180 3724; x_wconf 62' lang='lat' dir='ltr'><strong>Persona;</strong></span> <span class='ocrx_word' id='word_1_462' title='bbox 1204 3661 1380 3724; x_wconf 89' lang='lat' dir='ltr'><strong>alicui</strong></span> <span class='ocrx_word' id='word_1_463' title='bbox 1414 3663 1660 3724; x_wconf 89' lang='lat' dir='ltr'><strong>seorsim</strong></span> <span class='ocrx_word' id='word_1_464' title='bbox 1695 3670 2040 3741; x_wconf 87' lang='lat' dir='ltr'><strong>competere</strong></span> 
     </span>
    </p>
   </div>
   <div class='ocr_carea' id='block_1_61' title="bbox 392 3747 2035 3832">
    <p class='ocr_par' dir='ltr' id='par_1_61' title="bbox 392 3747 2035 3832">
     <span class='ocr_line' id='line_1_61' title="bbox 392 3747 2035 3832; baseline 0.001 -22"><span class='ocrx_word' id='word_1_465' title='bbox 392 3747 755 3810; x_wconf 87' lang='lat' dir='ltr'><strong>creationem</strong></span> <span class='ocrx_word' id='word_1_466' title='bbox 781 3750 1310 3832; x_wconf 81' lang='lat' dir='ltr'><strong>providentiamve,</strong></span> <span class='ocrx_word' id='word_1_467' title='bbox 1338 3751 1442 3814; x_wconf 92' lang='lat' dir='ltr'><strong>sed</strong></span> <span class='ocrx_word' id='word_1_468' title='bbox 1475 3751 1896 3814; x_wconf 88' lang='lat' dir='ltr'><strong>distinctiones</strong></span> <span class='ocrx_word' id='word_1_469' title='bbox 1927 3770 2035 3830; x_wconf 87' lang='lat' dir='ltr'><strong>ap—</strong></span> 
     </span>
    </p>
   </div>
   <div class='ocr_carea' id='block_1_62' title="bbox 393 3837 2035 3921">
    <p class='ocr_par' dir='ltr' id='par_1_62' title="bbox 393 3837 2035 3921">
     <span class='ocr_line' id='line_1_62' title="bbox 393 3837 2035 3921; baseline 0.003 -23"><span class='ocrx_word' id='word_1_470' title='bbox 393 3837 632 3916; x_wconf 83' lang='lat' dir='ltr'><strong>pellavit</strong></span> <span class='ocrx_word' id='word_1_471' title='bbox 673 3840 1081 3903; x_wconf 80' lang='lat' dir='ltr'><strong>emanationes</strong></span> <span class='ocrx_word' id='word_1_472' title='bbox 1139 3841 1460 3904; x_wconf 86' lang='lat' dir='ltr'><strong>creationis</strong></span> <span class='ocrx_word' id='word_1_473' title='bbox 1509 3859 1580 3903; x_wconf 89' lang='lat' dir='ltr'><strong>ac</strong></span> <span class='ocrx_word' id='word_1_474' title='bbox 1628 3840 2035 3921; x_wconf 71' lang='lat' dir='ltr'><strong>providentiae,</strong></span> 
     </span>
    </p>
   </div>
   <div class='ocr_carea' id='block_1_63' title="bbox 393 3928 2040 4007">
    <p class='ocr_par' dir='ltr' id='par_1_63' title="bbox 393 3928 2040 4007">
     <span class='ocr_line' id='line_1_63' title="bbox 393 3928 2040 4007; baseline 0.001 -18"><span class='ocrx_word' id='word_1_475' title='bbox 393 3937 670 4007; x_wconf 88' lang='lat' dir='ltr'><strong>tanquam</strong></span> <span class='ocrx_word' id='word_1_476' title='bbox 705 3928 1028 3993; x_wconf 74' lang='lat' dir='ltr'><strong>effusiones</strong></span> <span class='ocrx_word' id='word_1_477' title='bbox 1058 3930 1340 3993; x_wconf 90' lang='lat' dir='ltr'><strong>bonitatis</strong></span> <span class='ocrx_word' id='word_1_478' title='bbox 1369 3951 1404 3992; x_wconf 92' lang='lat' dir='ltr'><strong>a</strong></span> <span class='ocrx_word' id='word_1_479' title='bbox 1434 3931 1603 3993; x_wconf 90' lang='lat' dir='ltr'><strong>beata</strong></span> <span class='ocrx_word' id='word_1_480' title='bbox 1635 3941 1696 3990; x_wconf 87' lang='lat' dir='ltr'><strong>et</strong></span> <span class='ocrx_word' id='word_1_481' title='bbox 1729 3930 2040 3991; x_wconf 88' lang='lat' dir='ltr'><strong>inconfusa</strong></span> 
     </span>
    </p>
   </div>
   <div class='ocr_carea' id='block_1_64' title="bbox 391 4016 2032 4101">
    <p class='ocr_par' dir='ltr' id='par_1_64' title="bbox 391 4016 2032 4101">
     <span class='ocr_line' id='line_1_64' title="bbox 391 4016 2032 4101; baseline 0.001 -23"><span class='ocrx_word' id='word_1_482' title='bbox 391 4016 680 4078; x_wconf 90' lang='lat' dir='ltr'><strong>Trinitate</strong></span> <span class='ocrx_word' id='word_1_483' title='bbox 711 4016 1039 4101; x_wconf 82' lang='lat' dir='ltr'><strong>distinctas,</strong></span> <span class='ocrx_word' id='word_1_484' title='bbox 1059 4020 1388 4082; x_wconf 87' lang='lat' dir='ltr'><strong>secundum</strong></span> <span class='ocrx_word' id='word_1_485' title='bbox 1415 4037 1561 4100; x_wconf 88' lang='lat' dir='ltr'><strong>quas</strong></span> <span class='ocrx_word' id='word_1_486' title='bbox 1591 4039 1622 4080; x_wconf 91' lang='lat' dir='ltr'><strong>a</strong></span> <span class='ocrx_word' id='word_1_487' title='bbox 1649 4019 2032 4100; x_wconf 89' lang='lat' dir='ltr'><strong>participatis,</strong></span> 
     </span>
    </p>
   </div>
   <div class='ocr_carea' id='block_1_65' title="bbox 391 4105 2031 4189">
    <p class='ocr_par' dir='ltr' id='par_1_65' title="bbox 391 4105 2031 4189">
     <span class='ocr_line' id='line_1_65' title="bbox 391 4105 2031 4189; baseline 0.001 -23"><span class='ocrx_word' id='word_1_488' title='bbox 391 4105 622 4167; x_wconf 88' lang='lat' dir='ltr'><strong>scilicet</strong></span> <span class='ocrx_word' id='word_1_489' title='bbox 649 4106 844 4182; x_wconf 90' lang='lat' dir='ltr'><strong>donis,</strong></span> <span class='ocrx_word' id='word_1_490' title='bbox 882 4117 940 4172; x_wconf 89' lang='lat' dir='ltr'><strong>et</strong></span> <span class='ocrx_word' id='word_1_491' title='bbox 967 4108 1482 4189; x_wconf 87' lang='lat' dir='ltr'><strong>participantibus,</strong></span> <span class='ocrx_word' id='word_1_492' title='bbox 1513 4109 1743 4170; x_wconf 89' lang='lat' dir='ltr'><strong>scilicet</strong></span> <span class='ocrx_word' id='word_1_493' title='bbox 1777 4108 2031 4184; x_wconf 77' lang='lat' dir='ltr'><strong>effectis,</strong></span> 
     </span>
    </p>
   </div>
   <div class='ocr_carea' id='block_1_66' title="bbox 384 4194 2035 4279">
    <p class='ocr_par' dir='ltr' id='par_1_66' title="bbox 384 4194 2035 4279">
     <span class='ocr_line' id='line_1_66' title="bbox 384 4194 2035 4279; baseline 0.001 -24"><span class='ocrx_word' id='word_1_494' title='bbox 384 4194 703 4258; x_wconf 88' lang='lat' dir='ltr'><strong>laudantur</strong></span> <span class='ocrx_word' id='word_1_495' title='bbox 732 4216 802 4259; x_wconf 91' lang='lat' dir='ltr'><strong>ea</strong></span> <span class='ocrx_word' id='word_1_496' title='bbox 819 4217 950 4279; x_wconf 65' lang='lat' dir='ltr'><strong>qua;</strong></span> <span class='ocrx_word' id='word_1_497' title='bbox 978 4198 1421 4278; x_wconf 86' lang='lat' dir='ltr'><strong>imparticipate</strong></span> <span class='ocrx_word' id='word_1_498' title='bbox 1457 4197 2035 4277; x_wconf 76' lang='lat' dir='ltr'><strong>participantuer-</strong></span> 
     </span>
    </p>
   </div>
   <div class='ocr_carea' id='block_1_67' title="bbox 2125 3305 3780 3387">
    <p class='ocr_par' dir='ltr' id='par_1_67' title="bbox 2125 3305 3780 3387">
     <span class='ocr_line' id='line_1_67' title="bbox 2125 3305 3780 3387; baseline 0.001 -25"><span class='ocrx_word' id='word_1_499' title='bbox 2125 3305 2348 3364; x_wconf 75' lang='grc' dir='ltr'>λυειδίκν</span> <span class='ocrx_word' id='word_1_500' title='bbox 2405 3313 2504 3373; x_wconf 81' lang='grc' dir='ltr'>τῆς</span> <span class='ocrx_word' id='word_1_501' title='bbox 2552 3307 2896 3387; x_wconf 65' lang='grc' dir='ltr'>δημιουργίας</span> <span class='ocrx_word' id='word_1_502' title='bbox 2953 3310 3051 3375; x_wconf 75' lang='grc' dir='ltr'><strong>τῆς</strong></span> <span class='ocrx_word' id='word_1_503' title='bbox 3125 3309 3351 3386; x_wconf 75' lang='grc' dir='ltr'>ἀοράτου</span> <span class='ocrx_word' id='word_1_504' title='bbox 3409 3309 3496 3364; x_wconf 86' lang='grc' dir='ltr'><strong>καὶ</strong></span> <span class='ocrx_word' id='word_1_505' title='bbox 3551 3311 3780 3386; x_wconf 77' lang='grc' dir='ltr'>ὁρατῆς.</span> 
     </span>
    </p>
   </div>
   <div class='ocr_carea' id='block_1_68' title="bbox 2126 3395 3782 3478">
    <p class='ocr_par' dir='ltr' id='par_1_68' title="bbox 2126 3395 3782 3478">
     <span class='ocr_line' id='line_1_68' title="bbox 2126 3395 3782 3478; baseline -0.001 -23"><span class='ocrx_word' id='word_1_506' title='bbox 2126 3398 2303 3455; x_wconf 62' lang='grc' dir='ltr'>Κοικθαῖ</span> <span class='ocrx_word' id='word_1_507' title='bbox 2361 3395 2415 3452; x_wconf 79' lang='grc' dir='ltr'>δὲ</span> <span class='ocrx_word' id='word_1_508' title='bbox 2473 3400 2571 3454; x_wconf 82' lang='grc' dir='ltr'>εἶσι</span> <span class='ocrx_word' id='word_1_509' title='bbox 2623 3404 2717 3463; x_wconf 70' lang='grc' dir='ltr'>τῆς</span> <span class='ocrx_word' id='word_1_510' title='bbox 2748 3398 3167 3478; x_wconf 71' lang='grc' dir='ltr'>τρισυποστάτου</span> <span class='ocrx_word' id='word_1_511' title='bbox 3202 3396 3382 3460; x_wconf 71' lang='grc' dir='ltr'>ἐνέδος</span> <span class='ocrx_word' id='word_1_512' title='bbox 3414 3400 3466 3454; x_wconf 72' lang='grc' dir='ltr'>αἱ</span> <span class='ocrx_word' id='word_1_513' title='bbox 3513 3396 3782 3475; x_wconf 83' lang='grc' dir='ltr'>δημιουρ-</span> 
     </span>
    </p>
   </div>
   <div class='ocr_carea' id='block_1_69' title="bbox 2123 3487 3778 3566">
    <p class='ocr_par' dir='ltr' id='par_1_69' title="bbox 2123 3487 3778 3566">
     <span class='ocr_line' id='line_1_69' title="bbox 2123 3487 3778 3566; baseline 0.002 -24"><span class='ocrx_word' id='word_1_514' title='bbox 2123 3488 2267 3562; x_wconf 87' lang='grc' dir='ltr'>γικαὶ</span> <span class='ocrx_word' id='word_1_515' title='bbox 2299 3487 2536 3566; x_wconf 77' lang='grc' dir='ltr'>πρόνοιαί</span> <span class='ocrx_word' id='word_1_516' title='bbox 2579 3509 2636 3544; x_wconf 86' lang='grc' dir='ltr'><strong>τε</strong></span> <span class='ocrx_word' id='word_1_517' title='bbox 2694 3491 2782 3544; x_wconf 82' lang='grc' dir='ltr'>καὶ</span> <span class='ocrx_word' id='word_1_518' title='bbox 2813 3488 3164 3565; x_wconf 81' lang='grc' dir='ltr'>ἀγαθότητες.</span> <span class='ocrx_word' id='word_1_519' title='bbox 3215 3489 3302 3555; x_wconf 76' lang='grc' dir='ltr'><strong>Μὴ</strong></span> <span class='ocrx_word' id='word_1_520' title='bbox 3355 3495 3482 3565; x_wconf 80' lang='grc' dir='ltr'>γοὺν</span> <span class='ocrx_word' id='word_1_521' title='bbox 3539 3487 3778 3565; x_wconf 69' lang='grc' dir='ltr'>ἀκούσῃς</span> 
     </span>
    </p>
   </div>
   <div class='ocr_carea' id='block_1_70' title="bbox 2123 3575 3777 3658">
    <p class='ocr_par' dir='ltr' id='par_1_70' title="bbox 2123 3575 3777 3658">
     <span class='ocr_line' id='line_1_70' title="bbox 2123 3575 3777 3658; baseline 0 -25"><span class='ocrx_word' id='word_1_522' title='bbox 2123 3575 2409 3654; x_wconf 78' lang='grc' dir='ltr'>δϊακρισιν,</span> <span class='ocrx_word' id='word_1_523' title='bbox 2458 3579 2544 3634; x_wconf 87' lang='grc' dir='ltr'><strong>καὶ</strong></span> <span class='ocrx_word' id='word_1_524' title='bbox 2576 3578 2824 3658; x_wconf 79' lang='grc' dir='ltr'>νομίσῃς,</span> <span class='ocrx_word' id='word_1_525' title='bbox 2871 3578 2951 3633; x_wconf 83' lang='grc' dir='ltr'><strong>ὅτι</strong></span> <span class='ocrx_word' id='word_1_526' title='bbox 2997 3577 3397 3658; x_wconf 83' lang='grc' dir='ltr'>διακέκριμένος</span> <span class='ocrx_word' id='word_1_527' title='bbox 3432 3580 3548 3654; x_wconf 84' lang='grc' dir='ltr'>μία.</span> <span class='ocrx_word' id='word_1_528' title='bbox 3607 3577 3777 3634; x_wconf 77' lang='grc' dir='ltr'>Ὑπό-</span> 
     </span>
    </p>
   </div>
   <div class='ocr_carea' id='block_1_71' title="bbox 2123 3665 3772 3746">
    <p class='ocr_par' dir='ltr' id='par_1_71' title="bbox 2123 3665 3772 3746">
     <span class='ocr_line' id='line_1_71' title="bbox 2123 3665 3772 3746; baseline 0.001 -24"><span class='ocrx_word' id='word_1_529' title='bbox 2123 3688 2306 3730; x_wconf 81' lang='grc' dir='ltr'>στασις</span> <span class='ocrx_word' id='word_1_530' title='bbox 2365 3667 2482 3746; x_wconf 64' lang='grc' dir='ltr'>ἔχει</span> <span class='ocrx_word' id='word_1_531' title='bbox 2527 3669 2626 3734; x_wconf 79' lang='grc' dir='ltr'><strong>τὴν</strong></span> <span class='ocrx_word' id='word_1_532' title='bbox 2683 3665 3092 3746; x_wconf 64' lang='grc' dir='ltr'>δημιουργίανῆ</span> <span class='ocrx_word' id='word_1_533' title='bbox 3148 3669 3248 3735; x_wconf 73' lang='grc' dir='ltr'>τὴν</span> <span class='ocrx_word' id='word_1_534' title='bbox 3304 3670 3581 3746; x_wconf 84' lang='grc' dir='ltr'>πρόνοιαν⁶</span> <span class='ocrx_word' id='word_1_535' title='bbox 3628 3667 3772 3724; x_wconf 82' lang='grc' dir='ltr'><strong>ἀλλά</strong></span> 
     </span>
    </p>
   </div>
   <div class='ocr_carea' id='block_1_72' title="bbox 2122 3753 3777 3836">
    <p class='ocr_par' dir='ltr' id='par_1_72' title="bbox 2122 3753 3777 3836">
     <span class='ocr_line' id='line_1_72' title="bbox 2122 3753 3777 3836; baseline 0.003 -26"><span class='ocrx_word' id='word_1_536' title='bbox 2122 3753 2413 3830; x_wconf 80' lang='grc' dir='ltr'>διακρίσεις</span> <span class='ocrx_word' id='word_1_537' title='bbox 2445 3759 2600 3812; x_wconf 81' lang='grc' dir='ltr'>εἷπον</span> <span class='ocrx_word' id='word_1_538' title='bbox 2635 3757 2724 3818; x_wconf 84' lang='grc' dir='ltr'><strong>τὰς</strong></span> <span class='ocrx_word' id='word_1_539' title='bbox 2760 3755 3013 3834; x_wconf 81' lang='grc' dir='ltr'>προόδους</span> <span class='ocrx_word' id='word_1_540' title='bbox 3041 3756 3136 3824; x_wconf 74' lang='grc' dir='ltr'>τῆς</span> <span class='ocrx_word' id='word_1_541' title='bbox 3181 3755 3526 3836; x_wconf 79' lang='grc' dir='ltr'>δημιουργίας</span> <span class='ocrx_word' id='word_1_542' title='bbox 3558 3759 3647 3814; x_wconf 84' lang='grc' dir='ltr'><strong>καὶ</strong></span> <span class='ocrx_word' id='word_1_543' title='bbox 3677 3759 3777 3824; x_wconf 80' lang='grc' dir='ltr'>τῆς</span> 
     </span>
    </p>
   </div>
   <div class='ocr_carea' id='block_1_73' title="bbox 2123 3845 3776 3926">
    <p class='ocr_par' dir='ltr' id='par_1_73' title="bbox 2123 3845 3776 3926">
     <span class='ocr_line' id='line_1_73' title="bbox 2123 3845 3776 3926; baseline 0 -24"><span class='ocrx_word' id='word_1_544' title='bbox 2123 3847 2388 3922; x_wconf 79' lang='grc' dir='ltr'>προνοίας,</span> <span class='ocrx_word' id='word_1_545' title='bbox 2423 3846 2496 3910; x_wconf 82' lang='grc' dir='ltr'>ὥς</span> <span class='ocrx_word' id='word_1_546' title='bbox 2527 3867 2672 3910; x_wconf 84' lang='grc' dir='ltr'>τινας</span> <span class='ocrx_word' id='word_1_547' title='bbox 2733 3847 2919 3926; x_wconf 78' lang='grc' dir='ltr'>χύσεις</span> <span class='ocrx_word' id='word_1_548' title='bbox 2976 3847 3304 3925; x_wconf 84' lang='grc' dir='ltr'>ἀγαοότητος</span> <span class='ocrx_word' id='word_1_549' title='bbox 3366 3845 3776 3922; x_wconf 85' lang='grc' dir='ltr'>διακεκριμένας</span> 
     </span>
    </p>
   </div>
   <div class='ocr_carea' id='block_1_74' title="bbox 2122 3933 3780 4016">
    <p class='ocr_par' dir='ltr' id='par_1_74' title="bbox 2122 3933 3780 4016">
     <span class='ocr_line' id='line_1_74' title="bbox 2122 3933 3780 4016; baseline 0.001 -26"><span class='ocrx_word' id='word_1_550' title='bbox 2122 3934 2228 3991; x_wconf 77' lang='grc' dir='ltr'><strong>ἀπὸ</strong></span> <span class='ocrx_word' id='word_1_551' title='bbox 2277 3941 2378 4000; x_wconf 82' lang='grc' dir='ltr'>τῆς</span> <span class='ocrx_word' id='word_1_552' title='bbox 2409 3937 2665 4013; x_wconf 72' lang='grc' dir='ltr'>μακαρίας</span> <span class='ocrx_word' id='word_1_553' title='bbox 2699 3937 2783 3992; x_wconf 81' lang='grc' dir='ltr'><strong>γαὶ</strong></span> <span class='ocrx_word' id='word_1_554' title='bbox 2813 3935 3118 4016; x_wconf 85' lang='grc' dir='ltr'>ἀσυγχύτου</span> <span class='ocrx_word' id='word_1_555' title='bbox 3164 3934 3408 4015; x_wconf 76' lang='grc' dir='ltr'>Τριάδος,</span> <span class='ocrx_word' id='word_1_556' title='bbox 3443 3933 3559 3992; x_wconf 79' lang='grc' dir='ltr'>καθ’</span> <span class='ocrx_word' id='word_1_557' title='bbox 3591 3937 3655 4000; x_wconf 72' lang='grc' dir='ltr'>ἅς</span> <span class='ocrx_word' id='word_1_558' title='bbox 3720 3935 3780 3992; x_wconf 77' lang='grc' dir='ltr'>ἐκ</span> 
     </span>
    </p>
   </div>
   <div class='ocr_carea' id='block_1_75' title="bbox 2121 4023 3781 4106">
    <p class='ocr_par' dir='ltr' id='par_1_75' title="bbox 2121 4023 3781 4106">
     <span class='ocr_line' id='line_1_75' title="bbox 2121 4023 3781 4106; baseline 0.001 -27"><span class='ocrx_word' id='word_1_559' title='bbox 2121 4030 2226 4079; x_wconf 82' lang='grc' dir='ltr'>τῶν</span> <span class='ocrx_word' id='word_1_560' title='bbox 2252 4025 2526 4104; x_wconf 79' lang='grc' dir='ltr'>μετοχῶν,</span> <span class='ocrx_word' id='word_1_561' title='bbox 2561 4024 2808 4091; x_wconf 86' lang='grc' dir='ltr'>δηλονότι</span> <span class='ocrx_word' id='word_1_562' title='bbox 2842 4031 2944 4082; x_wconf 83' lang='grc' dir='ltr'>τῶν</span> <span class='ocrx_word' id='word_1_563' title='bbox 2971 4023 3203 4104; x_wconf 77' lang='grc' dir='ltr'>δωρεῶν,</span> <span class='ocrx_word' id='word_1_564' title='bbox 3237 4027 3325 4082; x_wconf 85' lang='grc' dir='ltr'>καὶ</span> <span class='ocrx_word' id='word_1_565' title='bbox 3356 4026 3463 4082; x_wconf 70' lang='grc' dir='ltr'><strong>τῶδ</strong></span> <span class='ocrx_word' id='word_1_566' title='bbox 3508 4026 3781 4106; x_wconf 84' lang='grc' dir='ltr'>μετεχόν-</span> 
     </span>
    </p>
   </div>
   <div class='ocr_carea' id='block_1_76' title="bbox 2120 4113 3776 4196">
    <p class='ocr_par' dir='ltr' id='par_1_76' title="bbox 2120 4113 3776 4196">
     <span class='ocr_line' id='line_1_76' title="bbox 2120 4113 3776 4196; baseline 0.001 -26"><span class='ocrx_word' id='word_1_567' title='bbox 2120 4120 2248 4192; x_wconf 83' lang='grc' dir='ltr'>τῶν,</span> <span class='ocrx_word' id='word_1_568' title='bbox 2283 4119 2389 4170; x_wconf 84' lang='grc' dir='ltr'><strong>τῶν</strong></span> <span class='ocrx_word' id='word_1_569' title='bbox 2433 4117 2680 4172; x_wconf 80' lang='grc' dir='ltr'>αἰτιατῶν</span> <span class='ocrx_word' id='word_1_570' title='bbox 2726 4113 2994 4196; x_wconf 84' lang='grc' dir='ltr'>δηλονότι,</span> <span class='ocrx_word' id='word_1_571' title='bbox 3051 4117 3297 4192; x_wconf 81' lang='grc' dir='ltr'>ὑμνεῖται</span> <span class='ocrx_word' id='word_1_572' title='bbox 3344 4115 3407 4172; x_wconf 77' lang='grc' dir='ltr'>τὰ</span> <span class='ocrx_word' id='word_1_573' title='bbox 3468 4115 3776 4189; x_wconf 78' lang='grc' dir='ltr'>ἀμεθέκτως</span> 
     </span>
    </p>
   </div>
   <div class='ocr_carea' id='block_1_77' title="bbox 2119 4204 3786 4284">
    <p class='ocr_par' dir='ltr' id='par_1_77' title="bbox 2119 4204 3786 4284">
     <span class='ocr_line' id='line_1_77' title="bbox 2119 4204 3786 4284; baseline 0.002 -26"><span class='ocrx_word' id='word_1_574' title='bbox 2119 4204 2484 4282; x_wconf 77' lang='grc' dir='ltr'>μετεχόμενα,</span> <span class='ocrx_word' id='word_1_575' title='bbox 2543 4205 2920 4284; x_wconf 83' lang='grc' dir='ltr'>Μετεχόμενον</span> <span class='ocrx_word' id='word_1_576' title='bbox 2952 4204 3006 4260; x_wconf 74' lang='grc' dir='ltr'>δὲ</span> <span class='ocrx_word' id='word_1_577' title='bbox 3049 4205 3191 4262; x_wconf 83' lang='grc' dir='ltr'>ἐστιν</span> <span class='ocrx_word' id='word_1_578' title='bbox 3219 4205 3525 4268; x_wconf 74' lang='grc' dir='ltr'>ἀμεθέκτως</span> <span class='ocrx_word' id='word_1_579' title='bbox 3553 4207 3588 4273; x_wconf 80' lang='grc' dir='ltr'>ἡ</span> <span class='ocrx_word' id='word_1_580' title='bbox 3634 4227 3786 4284; x_wconf 82' lang='grc' dir='ltr'>τρισο</span> 
     </span>
    </p>
   </div>
   <div class='ocr_carea' id='block_1_78' title="bbox 385 4285 2030 4374">
    <p class='ocr_par' dir='ltr' id='par_1_78' title="bbox 385 4285 2030 4369">
     <span class='ocr_line' id='line_1_78' title="bbox 385 4285 2030 4369; baseline 0.004 -25"><span class='ocrx_word' id='word_1_581' title='bbox 385 4285 732 4367; x_wconf 78' lang='lat' dir='ltr'><strong>participato</strong></span> <span class='ocrx_word' id='word_1_582' title='bbox 762 4301 960 4348; x_wconf 90' lang='lat' dir='ltr'><strong>autem</strong></span> <span class='ocrx_word' id='word_1_583' title='bbox 999 4287 1386 4368; x_wconf 90' lang='lat' dir='ltr'><strong>participatur</strong></span> <span class='ocrx_word' id='word_1_584' title='bbox 1409 4287 1585 4362; x_wconf 89' lang='lat' dir='ltr'><strong>Deus,</strong></span> <span class='ocrx_word' id='word_1_585' title='bbox 1621 4288 1762 4349; x_wconf 73' lang='lat'><strong>555</strong></span> <span class='ocrx_word' id='word_1_586' title='bbox 1792 4288 1892 4369; x_wconf 91' lang='lat' dir='ltr'><strong>qui</strong></span> <span class='ocrx_word' id='word_1_587' title='bbox 1921 4307 2030 4350; x_wconf 89' lang='lat' dir='ltr'><strong>na-</strong></span> 
     </span>
    </p>
   </div>
   <div class='ocr_carea' id='block_1_79' title="bbox 2119 4285 3782 4374">
    <p class='ocr_par' dir='ltr' id='par_1_79' title="bbox 2119 4295 3782 4374">
     <span class='ocr_line' id='line_1_79' title="bbox 2119 4295 3782 4374; baseline 0.002 -27"><span class='ocrx_word' id='word_1_588' title='bbox 2119 4295 2410 4358; x_wconf 82' lang='grc' dir='ltr'>υπόστατος</span> <span class='ocrx_word' id='word_1_589' title='bbox 2469 4295 2618 4374; x_wconf 72' lang='grc' dir='ltr'>φύσίς</span> <span class='ocrx_word' id='word_1_590' title='bbox 2677 4297 2704 4354; x_wconf 79' lang='grc' dir='ltr'>ὁ</span> <span class='ocrx_word' id='word_1_591' title='bbox 2758 4296 2911 4366; x_wconf 76' lang='grc' dir='ltr'>Θεὸς,</span> <span class='ocrx_word' id='word_1_592' title='bbox 2976 4297 3259 4352; x_wconf 78' lang='grc' dir='ltr'>καὶτοῦτο</span> <span class='ocrx_word' id='word_1_593' title='bbox 3316 4295 3415 4373; x_wconf 70' lang='grc' dir='ltr'><strong>γὰρ</strong></span> <span class='ocrx_word' id='word_1_594' title='bbox 3491 4297 3672 4352; x_wconf 78' lang='grc' dir='ltr'>κοινὸν</span> <span class='ocrx_word' id='word_1_595' title='bbox 3714 4301 3782 4371; x_wconf 77' lang='grc' dir='ltr'><strong>τῇ</strong></span> 
     </span>
    </p>
   </div>
   <div class='ocr_carea' id='block_1_80' title="bbox 385 4376 2030 4463">
    <p class='ocr_par' dir='ltr' id='par_1_80' title="bbox 385 4376 2030 4458">
     <span class='ocr_line' id='line_1_80' title="bbox 385 4376 2030 4458; baseline 0.004 -25"><span class='ocrx_word' id='word_1_596' title='bbox 385 4381 514 4435; x_wconf 89' lang='lat' dir='ltr'><strong>tura</strong></span> <span class='ocrx_word' id='word_1_597' title='bbox 538 4394 643 4436; x_wconf 85' lang='lat' dir='ltr'><strong>sua</strong></span> <span class='ocrx_word' id='word_1_598' title='bbox 673 4377 737 4438; x_wconf 91' lang='lat' dir='ltr'><strong>in</strong></span> <span class='ocrx_word' id='word_1_599' title='bbox 764 4377 954 4438; x_wconf 85' lang='lat' dir='ltr'><strong>tribus</strong></span> <span class='ocrx_word' id='word_1_600' title='bbox 972 4376 1242 4440; x_wconf 91' lang='lat' dir='ltr'><strong>subsistit</strong></span> <span class='ocrx_word' id='word_1_601' title='bbox 1262 4376 1568 4453; x_wconf 90' lang='lat' dir='ltr'><strong>Personis;</strong></span> <span class='ocrx_word' id='word_1_602' title='bbox 1592 4377 1892 4458; x_wconf 90' lang='lat' dir='ltr'><strong>siquidem</strong></span> <span class='ocrx_word' id='word_1_603' title='bbox 1921 4379 2030 4439; x_wconf 94' lang='lat' dir='ltr'><strong>hoc</strong></span> 
     </span>
    </p>
   </div>
   <div class='ocr_carea' id='block_1_81' title="bbox 2119 4376 3771 4463">
    <p class='ocr_par' dir='ltr' id='par_1_81' title="bbox 2119 4381 3771 4463">
     <span class='ocr_line' id='line_1_81' title="bbox 2119 4381 3771 4463; baseline 0.002 -27"><span class='ocrx_word' id='word_1_604' title='bbox 2119 4381 2217 4458; x_wconf 75' lang='grc' dir='ltr'><strong>ὅλη</strong></span> <span class='ocrx_word' id='word_1_605' title='bbox 2245 4383 2482 4456; x_wconf 82' lang='grc' dir='ltr'>θεότητι,</span> <span class='ocrx_word' id='word_1_606' title='bbox 2513 4397 2574 4439; x_wconf 82' lang='grc' dir='ltr'><strong>το</strong></span> <span class='ocrx_word' id='word_1_607' title='bbox 2606 4388 2780 4440; x_wconf 76' lang='grc' dir='ltr'>πᾶσαν</span> <span class='ocrx_word' id='word_1_608' title='bbox 2811 4383 2975 4450; x_wconf 62' lang='lat' dir='ltr'><strong>abs-iw</strong></span> <span class='ocrx_word' id='word_1_609' title='bbox 3046 4381 3180 4450; x_wconf 71' lang='grc' dir='ltr'>ὅλην</span> <span class='ocrx_word' id='word_1_610' title='bbox 3239 4382 3325 4463; x_wconf 74' lang='grc' dir='ltr'><strong>ὑφ’</strong></span> <span class='ocrx_word' id='word_1_611' title='bbox 3381 4385 3610 4442; x_wconf 69' lang='grc' dir='ltr'>ἔκαστοι)</span> <span class='ocrx_word' id='word_1_612' title='bbox 3665 4392 3771 4441; x_wconf 84' lang='grc' dir='ltr'><strong>τῶν</strong></span> 
     </span>
    </p>
   </div>
   <div class='ocr_carea' id='block_1_82' title="bbox 382 4464 2030 4553">
    <p class='ocr_par' dir='ltr' id='par_1_82' title="bbox 382 4464 2030 4548">
     <span class='ocr_line' id='line_1_82' title="bbox 382 4464 2030 4548; baseline 0.004 -25"><span class='ocrx_word' id='word_1_613' title='bbox 382 4464 490 4525; x_wconf 89' lang='lat' dir='ltr'><strong>toti</strong></span> <span class='ocrx_word' id='word_1_614' title='bbox 520 4465 808 4527; x_wconf 85' lang='lat' dir='ltr'><strong>divinitati</strong></span> <span class='ocrx_word' id='word_1_615' title='bbox 839 4484 1158 4528; x_wconf 91' lang='lat' dir='ltr'><strong>commune</strong></span> <span class='ocrx_word' id='word_1_616' title='bbox 1191 4474 1550 4540; x_wconf 88' lang='lat' dir='ltr'><strong>est,omnem</strong></span> <span class='ocrx_word' id='word_1_617' title='bbox 1578 4467 1764 4548; x_wconf 89' lang='lat' dir='ltr'><strong>ipsam</strong></span> <span class='ocrx_word' id='word_1_618' title='bbox 1793 4477 1974 4529; x_wconf 86' lang='lat' dir='ltr'><strong>totam</strong></span> <span class='ocrx_word' id='word_1_619' title='bbox 1998 4487 2030 4530; x_wconf 89' lang='lat' dir='ltr'><strong>a</strong></span> 
     </span>
    </p>
   </div>
   <div class='ocr_carea' id='block_1_83' title="bbox 2119 4464 3777 4553">
    <p class='ocr_par' dir='ltr' id='par_1_83' title="bbox 2119 4472 3777 4553">
     <span class='ocr_line' id='line_1_83' title="bbox 2119 4472 3777 4553; baseline 0.001 -26"><span class='ocrx_word' id='word_1_620' title='bbox 2119 4473 2457 4550; x_wconf 75' lang='grc' dir='ltr'>μετεγόντων</span> <span class='ocrx_word' id='word_1_621' title='bbox 2491 4473 2839 4553; x_wconf 80' lang='grc' dir='ltr'>μετέχεσθαι,</span> <span class='ocrx_word' id='word_1_622' title='bbox 2884 4474 2970 4528; x_wconf 84' lang='grc' dir='ltr'><strong>καὶ</strong></span> <span class='ocrx_word' id='word_1_623' title='bbox 3019 4472 3114 4530; x_wconf 74' lang='grc' dir='ltr'><strong>οὒκ</strong></span> <span class='ocrx_word' id='word_1_624' title='bbox 3164 4472 3217 4528; x_wconf 84' lang='grc' dir='ltr'>ἐν</span> <span class='ocrx_word' id='word_1_625' title='bbox 3250 4472 3424 4550; x_wconf 80' lang='grc' dir='ltr'>μέρει,</span> <span class='ocrx_word' id='word_1_626' title='bbox 3481 4475 3526 4529; x_wconf 81' lang='grc' dir='ltr'><strong>εἰ</strong></span> <span class='ocrx_word' id='word_1_627' title='bbox 3591 4475 3678 4530; x_wconf 88' lang='grc' dir='ltr'><strong>καὶ</strong></span> <span class='ocrx_word' id='word_1_628' title='bbox 3708 4474 3777 4529; x_wconf 84' lang='grc' dir='ltr'><strong>τά</strong></span> 
     </span>
    </p>
   </div>
   <div class='ocr_carea' id='block_1_84' title="bbox 380 4553 2030 4643">
    <p class='ocr_par' dir='ltr' id='par_1_84' title="bbox 380 4553 2028 4638">
     <span class='ocr_line' id='line_1_84' title="bbox 380 4553 2028 4638; baseline 0.004 -23"><span class='ocrx_word' id='word_1_629' title='bbox 380 4553 646 4634; x_wconf 91' lang='lat' dir='ltr'><strong>quolibet</strong></span> <span class='ocrx_word' id='word_1_630' title='bbox 702 4555 1186 4635; x_wconf 88' lang='lat' dir='ltr'><strong>participantium</strong></span> <span class='ocrx_word' id='word_1_631' title='bbox 1249 4557 1614 4638; x_wconf 83' lang='lat' dir='ltr'><strong>participari,</strong></span> <span class='ocrx_word' id='word_1_632' title='bbox 1669 4566 1726 4619; x_wconf 92' lang='lat' dir='ltr'><strong>et</strong></span> <span class='ocrx_word' id='word_1_633' title='bbox 1790 4578 1906 4620; x_wconf 90' lang='lat' dir='ltr'><strong>non</strong></span> <span class='ocrx_word' id='word_1_634' title='bbox 1965 4557 2028 4621; x_wconf 89' lang='lat' dir='ltr'><strong>in</strong></span> 
     </span>
    </p>
   </div>
   <div class='ocr_carea' id='block_1_85' title="bbox 2119 4553 3776 4643">
    <p class='ocr_par' dir='ltr' id='par_1_85' title="bbox 2119 4561 3776 4643">
     <span class='ocr_line' id='line_1_85' title="bbox 2119 4561 3776 4643; baseline 0.002 -26"><span class='ocrx_word' id='word_1_635' title='bbox 2119 4561 2414 4643; x_wconf 73' lang='grc' dir='ltr'>μετέχοντα</span> <span class='ocrx_word' id='word_1_636' title='bbox 2445 4563 2582 4620; x_wconf 76' lang='grc' dir='ltr'>κατὰ</span> <span class='ocrx_word' id='word_1_637' title='bbox 2610 4564 2709 4630; x_wconf 80' lang='grc' dir='ltr'>τὴν</span> <span class='ocrx_word' id='word_1_638' title='bbox 2758 4564 2954 4619; x_wconf 78' lang='grc' dir='ltr'>οἰκείαν</span> <span class='ocrx_word' id='word_1_639' title='bbox 2984 4563 3278 4642; x_wconf 73' lang='grc' dir='ltr'>μετέχουσι</span> <span class='ocrx_word' id='word_1_640' title='bbox 3309 4561 3551 4640; x_wconf 79' lang='grc' dir='ltr'>δύναμιν,</span> <span class='ocrx_word' id='word_1_641' title='bbox 3591 4563 3776 4641; x_wconf 81' lang='grc' dir='ltr'>ὥσπερ</span> 
     </span>
    </p>
   </div>
   <div class='ocr_carea' id='block_1_86' title="bbox 383 4643 2028 4728">
    <p class='ocr_par' dir='ltr' id='par_1_86' title="bbox 383 4643 2028 4728">
     <span class='ocr_line' id='line_1_86' title="bbox 383 4643 2028 4728; baseline 0.004 -25"><span class='ocrx_word' id='word_1_642' title='bbox 383 4652 572 4722; x_wconf 91' lang='lat' dir='ltr'><strong>parte,</strong></span> <span class='ocrx_word' id='word_1_643' title='bbox 608 4643 844 4705; x_wconf 88' lang='lat' dir='ltr'><strong>tametsi</strong></span> <span class='ocrx_word' id='word_1_644' title='bbox 877 4645 1288 4726; x_wconf 75' lang='lat' dir='ltr'><strong>participantia</strong></span> <span class='ocrx_word' id='word_1_645' title='bbox 1338 4647 1668 4709; x_wconf 90' lang='lat' dir='ltr'><strong>secundum</strong></span> <span class='ocrx_word' id='word_1_646' title='bbox 1727 4649 2028 4728; x_wconf 87' lang='lat' dir='ltr'><strong>propriam</strong></span> 
     </span>
    </p>
   </div>
   <div class='ocr_carea' id='block_1_87' title="bbox 378 4731 2027 4817">
    <p class='ocr_par' dir='ltr' id='par_1_87' title="bbox 378 4731 2027 4817">
     <span class='ocr_line' id='line_1_87' title="bbox 378 4731 2027 4817; baseline 0.004 -25"><span class='ocrx_word' id='word_1_647' title='bbox 378 4731 719 4796; x_wconf 89' lang='lat' dir='ltr'><strong>facultatem</strong></span> <span class='ocrx_word' id='word_1_648' title='bbox 755 4751 880 4794; x_wconf 87' lang='lat' dir='ltr'><strong>eam</strong></span> <span class='ocrx_word' id='word_1_649' title='bbox 905 4734 1802 4817; x_wconf 84' lang='lat' dir='ltr'><strong>participent,quemadmodum</strong></span> <span class='ocrx_word' id='word_1_650' title='bbox 1835 4737 2027 4801; x_wconf 87' lang='lat' dir='ltr'><strong>valida</strong></span> 
     </span>
    </p>
   </div>
   <div class='ocr_carea' id='block_1_88' title="bbox 377 4821 2031 4908">
    <p class='ocr_par' dir='ltr' id='par_1_88' title="bbox 377 4821 2031 4908">
     <span class='ocr_line' id='line_1_88' title="bbox 377 4821 2031 4908; baseline 0.005 -28"><span class='ocrx_word' id='word_1_651' title='bbox 377 4840 521 4882; x_wconf 88' lang='lat' dir='ltr'><strong>voce</strong></span> <span class='ocrx_word' id='word_1_652' title='bbox 555 4821 828 4894; x_wconf 83' lang='lat' dir='ltr'><strong>excitata,</strong></span> <span class='ocrx_word' id='word_1_653' title='bbox 867 4833 1188 4903; x_wconf 69' lang='lat' dir='ltr'><strong>praesentes</strong></span> <span class='ocrx_word' id='word_1_654' title='bbox 1231 4844 1438 4888; x_wconf 89' lang='lat' dir='ltr'><strong>omnes</strong></span> <span class='ocrx_word' id='word_1_655' title='bbox 1487 4845 1594 4908; x_wconf 88' lang='lat' dir='ltr'><strong>pro</strong></span> <span class='ocrx_word' id='word_1_656' title='bbox 1619 4826 1896 4889; x_wconf 83' lang='lat' dir='ltr'><strong>facultate</strong></span> <span class='ocrx_word' id='word_1_657' title='bbox 1926 4847 2031 4889; x_wconf 89' lang='lat' dir='ltr'><strong>sua</strong></span> 
     </span>
    </p>
   </div>
   <div class='ocr_carea' id='block_1_89' title="bbox 382 4909 2034 4997">
    <p class='ocr_par' dir='ltr' id='par_1_89' title="bbox 382 4909 2034 4997">
     <span class='ocr_line' id='line_1_89' title="bbox 382 4909 2034 4997; baseline 0.006 -26"><span class='ocrx_word' id='word_1_658' title='bbox 382 4909 657 4973; x_wconf 88' lang='lat' dir='ltr'><strong>eamdem</strong></span> <span class='ocrx_word' id='word_1_659' title='bbox 692 4913 1050 4992; x_wconf 89' lang='lat' dir='ltr'><strong>percipiunt,</strong></span> <span class='ocrx_word' id='word_1_660' title='bbox 1078 4922 1137 4977; x_wconf 90' lang='lat' dir='ltr'><strong>et</strong></span> <span class='ocrx_word' id='word_1_661' title='bbox 1171 4914 1280 4996; x_wconf 79' lang='lat' dir='ltr'><strong>vir,</strong></span> <span class='ocrx_word' id='word_1_662' title='bbox 1309 4925 1368 4978; x_wconf 88' lang='lat' dir='ltr'><strong>et</strong></span> <span class='ocrx_word' id='word_1_663' title='bbox 1394 4925 1640 4997; x_wconf 86' lang='lat' dir='ltr'><strong>puer,et</strong></span> <span class='ocrx_word' id='word_1_664' title='bbox 1673 4915 1850 4978; x_wconf 86' lang='lat' dir='ltr'><strong>bruta</strong></span> <span class='ocrx_word' id='word_1_665' title='bbox 1879 4938 1891 4974; x_wconf 91' lang='lat'>:</span> <span class='ocrx_word' id='word_1_666' title='bbox 1927 4919 2034 4981; x_wconf 87' lang='lat' dir='ltr'><strong>sed</strong></span> 
     </span>
    </p>
   </div>
   <div class='ocr_carea' id='block_1_90' title="bbox 387 4999 2031 5084">
    <p class='ocr_par' dir='ltr' id='par_1_90' title="bbox 387 4999 2031 5084">
     <span class='ocr_line' id='line_1_90' title="bbox 387 4999 2031 5084; baseline 0.006 -25"><span class='ocrx_word' id='word_1_667' title='bbox 387 4999 474 5060; x_wconf 93' lang='lat' dir='ltr'><strong>illi</strong></span> <span class='ocrx_word' id='word_1_668' title='bbox 501 5000 742 5078; x_wconf 91' lang='lat' dir='ltr'><strong>quidem</strong></span> <span class='ocrx_word' id='word_1_669' title='bbox 767 5003 1150 5084; x_wconf 89' lang='lat' dir='ltr'><strong>valentius,hi</strong></span> <span class='ocrx_word' id='word_1_670' title='bbox 1176 5023 1315 5067; x_wconf 88' lang='lat' dir='ltr'><strong>vero</strong></span> <span class='ocrx_word' id='word_1_671' title='bbox 1340 5007 1673 5081; x_wconf 88' lang='lat' dir='ltr'><strong>remissius,</strong></span> <span class='ocrx_word' id='word_1_672' title='bbox 1700 5006 2031 5069; x_wconf 88' lang='lat' dir='ltr'><strong>secundum</strong></span> 
     </span>
    </p>
   </div>
   <div class='ocr_carea' id='block_1_91' title="bbox 381 5089 2036 5178">
    <p class='ocr_par' dir='ltr' id='par_1_91' title="bbox 381 5089 2036 5178">
     <span class='ocr_line' id='line_1_91' title="bbox 381 5089 2036 5178; baseline 0.004 -26"><span class='ocrx_word' id='word_1_673' title='bbox 381 5089 673 5152; x_wconf 84' lang='lat' dir='ltr'><strong>facultatis</strong></span> <span class='ocrx_word' id='word_1_674' title='bbox 703 5091 988 5154; x_wconf 88' lang='lat' dir='ltr'><strong>audiendi</strong></span> <span class='ocrx_word' id='word_1_675' title='bbox 1009 5094 1554 5178; x_wconf 82' lang='lat' dir='ltr'><strong>efﬁcaciam.Atque</strong></span> <span class='ocrx_word' id='word_1_676' title='bbox 1573 5097 2036 5160; x_wconf 86' lang='lat' dir='ltr'><strong>communicabi-</strong></span> 
     </span>
    </p>
   </div>
   <div class='ocr_carea' id='block_1_92' title="bbox 380 5179 2035 5262">
    <p class='ocr_par' dir='ltr' id='par_1_92' title="bbox 380 5179 2035 5262">
     <span class='ocr_line' id='line_1_92' title="bbox 380 5179 2035 5262; baseline 0.006 -23"><span class='ocrx_word' id='word_1_677' title='bbox 380 5179 454 5242; x_wconf 87' lang='lat' dir='ltr'><strong>lis</strong></span> <span class='ocrx_word' id='word_1_678' title='bbox 485 5189 574 5243; x_wconf 90' lang='lat' dir='ltr'><strong>est</strong></span> <span class='ocrx_word' id='word_1_679' title='bbox 601 5199 733 5256; x_wconf 80' lang='lat' dir='ltr'><strong>vox,</strong></span> <span class='ocrx_word' id='word_1_680' title='bbox 769 5192 825 5244; x_wconf 89' lang='lat' dir='ltr'><strong>et</strong></span> <span class='ocrx_word' id='word_1_681' title='bbox 856 5181 915 5243; x_wconf 93' lang='lat' dir='ltr'><strong>in</strong></span> <span class='ocrx_word' id='word_1_682' title='bbox 967 5202 1032 5244; x_wconf 92' lang='lat' dir='ltr'><strong>se</strong></span> <span class='ocrx_word' id='word_1_683' title='bbox 1081 5184 1210 5262; x_wconf 84' lang='lat' dir='ltr'><strong>ipsa</strong></span> <span class='ocrx_word' id='word_1_684' title='bbox 1262 5184 1854 5248; x_wconf 83' lang='lat' dir='ltr'><strong>incnmmunicabilis</strong></span> <span class='ocrx_word' id='word_1_685' title='bbox 1903 5206 2035 5249; x_wconf 79' lang='lat' dir='ltr'><strong>ma-</strong></span> 
     </span>
    </p>
   </div>
   <div class='ocr_carea' id='block_1_93' title="bbox 379 5269 2037 5355">
    <p class='ocr_par' dir='ltr' id='par_1_93' title="bbox 379 5269 2037 5355">
     <span class='ocr_line' id='line_1_93' title="bbox 379 5269 2037 5355; baseline 0.005 -25"><span class='ocrx_word' id='word_1_686' title='bbox 379 5288 555 5331; x_wconf 89' lang='lat' dir='ltr'><strong>nens.</strong></span> <span class='ocrx_word' id='word_1_687' title='bbox 606 5269 740 5346; x_wconf 85' lang='lat' dir='ltr'><strong>Vel,</strong></span> <span class='ocrx_word' id='word_1_688' title='bbox 767 5275 938 5350; x_wconf 84' lang='lat' dir='ltr'><strong>juxta</strong></span> <span class='ocrx_word' id='word_1_689' title='bbox 996 5275 1268 5355; x_wconf 76' lang='lat' dir='ltr'><strong>exempla</strong></span> <span class='ocrx_word' id='word_1_690' title='bbox 1315 5276 1639 5355; x_wconf 83' lang='lat' dir='ltr'><strong>proposita,</strong></span> <span class='ocrx_word' id='word_1_691' title='bbox 1673 5275 1832 5338; x_wconf 87' lang='lat' dir='ltr'><strong>sicut</strong></span> <span class='ocrx_word' id='word_1_692' title='bbox 1863 5276 2037 5339; x_wconf 88' lang='lat' dir='ltr'><strong>lineae</strong></span> 
     </span>
    </p>
   </div>
   <div class='ocr_carea' id='block_1_94' title="bbox 381 5361 2032 5449">
    <p class='ocr_par' dir='ltr' id='par_1_94' title="bbox 381 5361 2032 5449">
     <span class='ocr_line' id='line_1_94' title="bbox 381 5361 2032 5449; baseline 0.004 -27"><span class='ocrx_word' id='word_1_693' title='bbox 381 5370 546 5423; x_wconf 90' lang='lat' dir='ltr'><strong>recte</strong></span> <span class='ocrx_word' id='word_1_694' title='bbox 576 5361 1118 5426; x_wconf 88' lang='lat' dir='ltr'><strong>acircumferentia</strong></span> <span class='ocrx_word' id='word_1_695' title='bbox 1171 5371 1378 5426; x_wconf 89' lang='lat' dir='ltr'><strong>centro</strong></span> <span class='ocrx_word' id='word_1_696' title='bbox 1425 5364 1635 5427; x_wconf 89' lang='lat' dir='ltr'><strong>circuli</strong></span> <span class='ocrx_word' id='word_1_697' title='bbox 1679 5366 2032 5449; x_wconf 87' lang='lat' dir='ltr'><strong>incidentes,</strong></span> 
     </span>
    </p>
   </div>
   <div class='ocr_carea' id='block_1_95' title="bbox 383 5449 2032 5536">
    <p class='ocr_par' dir='ltr' id='par_1_95' title="bbox 383 5449 2032 5536">
     <span class='ocr_line' id='line_1_95' title="bbox 383 5449 2032 5536; baseline 0.005 -26"><span class='ocrx_word' id='word_1_698' title='bbox 383 5449 530 5512; x_wconf 89' lang='lat' dir='ltr'><strong>illud</strong></span> <span class='ocrx_word' id='word_1_699' title='bbox 556 5450 788 5532; x_wconf 78' lang='lat' dir='ltr'><strong>integre</strong></span> <span class='ocrx_word' id='word_1_700' title='bbox 819 5451 1200 5534; x_wconf 89' lang='lat' dir='ltr'><strong>participant,</strong></span> <span class='ocrx_word' id='word_1_701' title='bbox 1227 5463 1288 5516; x_wconf 91' lang='lat' dir='ltr'><strong>et</strong></span> <span class='ocrx_word' id='word_1_702' title='bbox 1309 5472 1426 5514; x_wconf 90' lang='lat' dir='ltr'><strong>non</strong></span> <span class='ocrx_word' id='word_1_703' title='bbox 1459 5472 1527 5516; x_wconf 84' lang='lat' dir='ltr'><strong>ex</strong></span> <span class='ocrx_word' id='word_1_704' title='bbox 1559 5455 2032 5536; x_wconf 87' lang='lat' dir='ltr'><strong>parte,qnoniam</strong></span> 
     </span>
    </p>
   </div>
   <div class='ocr_carea' id='block_1_96' title="bbox 378 5543 2032 5624">
    <p class='ocr_par' dir='ltr' id='par_1_96' title="bbox 378 5543 2032 5624">
     <span class='ocr_line' id='line_1_96' title="bbox 378 5543 2032 5624; baseline 0.005 -25"><span class='ocrx_word' id='word_1_705' title='bbox 378 5543 861 5619; x_wconf 83' lang='lat' dir='ltr'><strong>punctum,quod</strong></span> <span class='ocrx_word' id='word_1_706' title='bbox 899 5552 958 5605; x_wconf 89' lang='lat' dir='ltr'><strong>et</strong></span> <span class='ocrx_word' id='word_1_707' title='bbox 981 5552 1254 5605; x_wconf 88' lang='lat' dir='ltr'><strong>centrum</strong></span> <span class='ocrx_word' id='word_1_708' title='bbox 1288 5553 1574 5624; x_wconf 86' lang='lat' dir='ltr'><strong>est,parte</strong></span> <span class='ocrx_word' id='word_1_709' title='bbox 1605 5555 1790 5622; x_wconf 81' lang='lat' dir='ltr'><strong>caret;</strong></span> <span class='ocrx_word' id='word_1_710' title='bbox 1823 5561 1880 5610; x_wconf 92' lang='lat' dir='ltr'><strong>et</strong></span> <span class='ocrx_word' id='word_1_711' title='bbox 1909 5545 2032 5608; x_wconf 88' lang='lat' dir='ltr'><strong>sic-</strong></span> 
     </span>
    </p>
   </div>
   <div class='ocr_carea' id='block_1_97' title="bbox 383 5633 2034 5715">
    <p class='ocr_par' dir='ltr' id='par_1_97' title="bbox 383 5633 2034 5715">
     <span class='ocr_line' id='line_1_97' title="bbox 383 5633 2034 5715; baseline 0.005 -27"><span class='ocrx_word' id='word_1_712' title='bbox 383 5635 448 5715; x_wconf 90' lang='lat' dir='ltr'><strong>ut</strong></span> <span class='ocrx_word' id='word_1_713' title='bbox 479 5645 549 5689; x_wconf 85' lang='lat' dir='ltr'><strong>ea</strong></span> <span class='ocrx_word' id='word_1_714' title='bbox 581 5647 711 5709; x_wconf 69' lang='lat' dir='ltr'><strong>qua:</strong></span> <span class='ocrx_word' id='word_1_715' title='bbox 738 5649 1021 5711; x_wconf 85' lang='lat' dir='ltr'><strong>expressa</strong></span> <span class='ocrx_word' id='word_1_716' title='bbox 1051 5639 1190 5693; x_wconf 90' lang='lat' dir='ltr'><strong>sunt</strong></span> <span class='ocrx_word' id='word_1_717' title='bbox 1233 5633 1492 5696; x_wconf 87' lang='lat' dir='ltr'><strong>totaliter</strong></span> <span class='ocrx_word' id='word_1_718' title='bbox 1521 5642 1578 5695; x_wconf 94' lang='lat' dir='ltr'><strong>et</strong></span> <span class='ocrx_word' id='word_1_719' title='bbox 1609 5653 1730 5696; x_wconf 93' lang='lat' dir='ltr'><strong>non</strong></span> <span class='ocrx_word' id='word_1_720' title='bbox 1759 5653 1828 5697; x_wconf 83' lang='lat' dir='ltr'><strong>ex</strong></span> <span class='ocrx_word' id='word_1_721' title='bbox 1863 5641 2034 5715; x_wconf 85' lang='lat' dir='ltr'><strong>parte</strong></span> 
     </span>
    </p>
   </div>
   <div class='ocr_carea' id='block_1_98' title="bbox 379 5714 2028 5806">
    <p class='ocr_par' dir='ltr' id='par_1_98' title="bbox 379 5714 2028 5806">
     <span class='ocr_line' id='line_1_98' title="bbox 379 5714 2028 5806; baseline 0.005 -28"><span class='ocrx_word' id='word_1_722' title='bbox 379 5714 652 5796; x_wconf 81' lang='lat' dir='ltr'><strong>sigillum</strong></span> <span class='ocrx_word' id='word_1_723' title='bbox 687 5720 1220 5802; x_wconf 81' lang='lat' dir='ltr'><strong>participant.Dutn</strong></span> <span class='ocrx_word' id='word_1_724' title='bbox 1247 5732 1443 5786; x_wconf 86' lang='lat' dir='ltr'><strong>autem</strong></span> <span class='ocrx_word' id='word_1_725' title='bbox 1477 5723 1748 5804; x_wconf 82' lang='lat' dir='ltr'><strong>exempla</strong></span> <span class='ocrx_word' id='word_1_726' title='bbox 1779 5714 2028 5806; x_wconf 87' lang='lat' dir='ltr'><strong>profert,</strong></span> 
     </span>
    </p>
   </div>
   <div class='ocr_carea' id='block_1_99' title="bbox 2113 4649 3773 4732">
    <p class='ocr_par' dir='ltr' id='par_1_99' title="bbox 2113 4649 3773 4732">
     <span class='ocr_line' id='line_1_99' title="bbox 2113 4649 3773 4732; baseline 0.002 -26"><span class='ocrx_word' id='word_1_727' title='bbox 2113 4650 2288 4731; x_wconf 77' lang='grc' dir='ltr'>φωνῆς</span> <span class='ocrx_word' id='word_1_728' title='bbox 2321 4651 2562 4728; x_wconf 74' lang='grc' dir='ltr'>μεγάλης</span> <span class='ocrx_word' id='word_1_729' title='bbox 2601 4651 2896 4729; x_wconf 79' lang='grc' dir='ltr'>γενομένης</span> <span class='ocrx_word' id='word_1_730' title='bbox 2929 4649 3156 4716; x_wconf 74' lang='grc' dir='ltr'>ἅπαντες</span> <span class='ocrx_word' id='word_1_731' title='bbox 3211 4652 3538 4732; x_wconf 72' lang='grc' dir='ltr'>μετέχουσιν</span> <span class='ocrx_word' id='word_1_732' title='bbox 3583 4655 3630 4710; x_wconf 76' lang='grc' dir='ltr'>οἷ</span> <span class='ocrx_word' id='word_1_733' title='bbox 3664 4675 3773 4710; x_wconf 81' lang='grc' dir='ltr'>πα·-</span> 
     </span>
    </p>
   </div>
   <div class='ocr_carea' id='block_1_100' title="bbox 2112 4739 3774 4819">
    <p class='ocr_par' dir='ltr' id='par_1_100' title="bbox 2112 4739 3774 4819">
     <span class='ocr_line' id='line_1_100' title="bbox 2112 4739 3774 4819; baseline 0.003 -23"><span class='ocrx_word' id='word_1_734' title='bbox 2112 4740 2292 4819; x_wconf 88' lang='grc' dir='ltr'>ρόντες</span> <span class='ocrx_word' id='word_1_735' title='bbox 2331 4742 2469 4798; x_wconf 83' lang='grc' dir='ltr'>κατὰ</span> <span class='ocrx_word' id='word_1_736' title='bbox 2497 4741 2596 4808; x_wconf 74' lang='grc' dir='ltr'>τὴν</span> <span class='ocrx_word' id='word_1_737' title='bbox 2638 4743 2835 4799; x_wconf 75' lang='grc' dir='ltr'>οἰκείαν</span> <span class='ocrx_word' id='word_1_738' title='bbox 2884 4739 3128 4816; x_wconf 76' lang='grc' dir='ltr'>δύναμιν,</span> <span class='ocrx_word' id='word_1_739' title='bbox 3175 4742 3266 4798; x_wconf 81' lang='grc' dir='ltr'><strong>καί</strong></span> <span class='ocrx_word' id='word_1_740' title='bbox 3326 4741 3479 4818; x_wconf 73' lang='grc' dir='ltr'>ἀνὴρ,</span> <span class='ocrx_word' id='word_1_741' title='bbox 3515 4742 3612 4798; x_wconf 76' lang='grc' dir='ltr'>καί</span> <span class='ocrx_word' id='word_1_742' title='bbox 3670 4745 3774 4812; x_wconf 80' lang='grc' dir='ltr'>νή-</span> 
     </span>
    </p>
   </div>
   <div class='ocr_carea' id='block_1_101' title="bbox 2113 4829 3774 4911">
    <p class='ocr_par' dir='ltr' id='par_1_101' title="bbox 2113 4829 3774 4911">
     <span class='ocr_line' id='line_1_101' title="bbox 2113 4829 3774 4911; baseline 0.001 -25"><span class='ocrx_word' id='word_1_743' title='bbox 2113 4853 2259 4908; x_wconf 74' lang='grc' dir='ltr'>πιον,</span> <span class='ocrx_word' id='word_1_744' title='bbox 2295 4832 2382 4886; x_wconf 79' lang='grc' dir='ltr'><strong>καὶ</strong></span> <span class='ocrx_word' id='word_1_745' title='bbox 2416 4829 2584 4908; x_wconf 69' lang='grc' dir='ltr'>ἄλογα</span> <span class='ocrx_word' id='word_1_746' title='bbox 2620 4852 2632 4864; x_wconf 91' lang='grc'><strong>·</strong></span> <span class='ocrx_word' id='word_1_747' title='bbox 2695 4830 2813 4888; x_wconf 85' lang='grc' dir='ltr'>ἀλλ’</span> <span class='ocrx_word' id='word_1_748' title='bbox 2847 4832 2895 4888; x_wconf 75' lang='lat' dir='ltr'><strong>oi</strong></span> <span class='ocrx_word' id='word_1_749' title='bbox 2960 4832 3060 4905; x_wconf 75' lang='grc' dir='ltr'>μὲν</span> <span class='ocrx_word' id='word_1_750' title='bbox 3103 4829 3582 4911; x_wconf 75' lang='grc' dir='ltr'>ἒῤῥωμινέστερον,</span> <span class='ocrx_word' id='word_1_751' title='bbox 3617 4835 3665 4889; x_wconf 74' lang='grc' dir='ltr'>οἱ</span> <span class='ocrx_word' id='word_1_752' title='bbox 3719 4831 3774 4888; x_wconf 79' lang='grc' dir='ltr'>δὲ</span> 
     </span>
    </p>
   </div>
   <div class='ocr_carea' id='block_1_102' title="bbox 2117 4917 3773 4999">
    <p class='ocr_par' dir='ltr' id='par_1_102' title="bbox 2117 4917 3773 4999">
     <span class='ocr_line' id='line_1_102' title="bbox 2117 4917 3773 4999; baseline 0.001 -24"><span class='ocrx_word' id='word_1_753' title='bbox 2117 4917 2467 4997; x_wconf 73' lang='grc' dir='ltr'>ἀμυδρότερον</span> <span class='ocrx_word' id='word_1_754' title='bbox 2524 4927 2652 4998; x_wconf 73' lang='grc' dir='ltr'>πρὸς</span> <span class='ocrx_word' id='word_1_755' title='bbox 2683 4920 2781 4987; x_wconf 75' lang='grc' dir='ltr'>τὴν</span> <span class='ocrx_word' id='word_1_756' title='bbox 2813 4925 2908 4987; x_wconf 79' lang='grc' dir='ltr'>τῆς</span> <span class='ocrx_word' id='word_1_757' title='bbox 2945 4920 3264 4992; x_wconf 56' lang='grc' dir='ltr'>ἀκουστικῆς</span> <span class='ocrx_word' id='word_1_758' title='bbox 3309 4919 3606 4999; x_wconf 80' lang='grc' dir='ltr'>ἐνέργειαν.</span> <span class='ocrx_word' id='word_1_759' title='bbox 3668 4919 3773 4983; x_wconf 80' lang='grc' dir='ltr'>Καὶ</span> 
     </span>
    </p>
   </div>
   <div class='ocr_carea' id='block_1_103' title="bbox 2118 5007 3773 5088">
    <p class='ocr_par' dir='ltr' id='par_1_103' title="bbox 2118 5007 3773 5088">
     <span class='ocr_line' id='line_1_103' title="bbox 2118 5007 3773 5088; baseline 0.002 -23"><span class='ocrx_word' id='word_1_760' title='bbox 2118 5007 2228 5065; x_wconf 79' lang='grc' dir='ltr'>ἔστι</span> <span class='ocrx_word' id='word_1_761' title='bbox 2259 5009 2545 5083; x_wconf 77' lang='grc' dir='ltr'>μεθεκτικὴ</span> <span class='ocrx_word' id='word_1_762' title='bbox 2577 5011 2610 5078; x_wconf 81' lang='grc' dir='ltr'>ἡ</span> <span class='ocrx_word' id='word_1_763' title='bbox 2643 5013 2819 5088; x_wconf 79' lang='grc' dir='ltr'>φωνὴ,</span> <span class='ocrx_word' id='word_1_764' title='bbox 2846 5007 2926 5088; x_wconf 68' lang='grc' dir='ltr'><strong>ἐφ’</strong></span> <span class='ocrx_word' id='word_1_765' title='bbox 2959 5010 3152 5076; x_wconf 77' lang='grc' dir='ltr'>ἑαυτῆς</span> <span class='ocrx_word' id='word_1_766' title='bbox 3183 5009 3478 5086; x_wconf 79' lang='grc' dir='ltr'>ἀμέθεκτος</span> <span class='ocrx_word' id='word_1_767' title='bbox 3511 5010 3773 5083; x_wconf 82' lang='grc' dir='ltr'>μένουσα,</span> 
     </span>
    </p>
   </div>
   <div class='ocr_carea' id='block_1_104' title="bbox 2120 5096 3774 5178">
    <p class='ocr_par' dir='ltr' id='par_1_104' title="bbox 2120 5096 3774 5178">
     <span class='ocr_line' id='line_1_104' title="bbox 2120 5096 3774 5178; baseline 0.001 -22"><span class='ocrx_word' id='word_1_768' title='bbox 2120 5096 2230 5178; x_wconf 74' lang='lat' dir='ltr'><strong>&quot;ﬂ,</strong></span> <span class='ocrx_word' id='word_1_769' title='bbox 2261 5099 2396 5155; x_wconf 85' lang='grc' dir='ltr'><strong>κατά</strong></span> <span class='ocrx_word' id='word_1_770' title='bbox 2427 5100 2491 5155; x_wconf 81' lang='grc' dir='ltr'>τὰ</span> <span class='ocrx_word' id='word_1_771' title='bbox 2533 5101 2856 5170; x_wconf 76' lang='grc' dir='ltr'>ὑποκείμενα</span> <span class='ocrx_word' id='word_1_772' title='bbox 2925 5097 3349 5177; x_wconf 80' lang='grc' dir='ltr'>παραδείγματα,</span> <span class='ocrx_word' id='word_1_773' title='bbox 3410 5100 3592 5177; x_wconf 82' lang='grc' dir='ltr'>ὥσπερ</span> <span class='ocrx_word' id='word_1_774' title='bbox 3645 5101 3774 5158; x_wconf 75' lang='grc' dir='ltr'>κέν-</span> 
     </span>
    </p>
   </div>
   <div class='ocr_carea' id='block_1_105' title="bbox 2119 5188 3776 5268">
    <p class='ocr_par' dir='ltr' id='par_1_105' title="bbox 2119 5188 3776 5268">
     <span class='ocr_line' id='line_1_105' title="bbox 2119 5188 3776 5268; baseline 0.002 -25"><span class='ocrx_word' id='word_1_775' title='bbox 2119 5210 2242 5265; x_wconf 79' lang='grc' dir='ltr'>τρου</span> <span class='ocrx_word' id='word_1_776' title='bbox 2293 5188 2485 5245; x_wconf 81' lang='grc' dir='ltr'>κύκλου</span> <span class='ocrx_word' id='word_1_777' title='bbox 2544 5191 2593 5245; x_wconf 74' lang='grc' dir='ltr'>αἱ</span> <span class='ocrx_word' id='word_1_778' title='bbox 2652 5189 2758 5245; x_wconf 77' lang='grc' dir='ltr'>ἀπὸ</span> <span class='ocrx_word' id='word_1_779' title='bbox 2813 5188 2912 5256; x_wconf 81' lang='grc' dir='ltr'><strong>τῆς</strong></span> <span class='ocrx_word' id='word_1_780' title='bbox 2971 5189 3301 5268; x_wconf 67' lang='grc' dir='ltr'>περιφερείας</span> <span class='ocrx_word' id='word_1_781' title='bbox 3344 5190 3776 5262; x_wconf 80' lang='grc' dir='ltr'>προσπίπτουσαι</span> 
     </span>
    </p>
   </div>
   <div class='ocr_carea' id='block_1_106' title="bbox 2120 5276 3776 5358">
    <p class='ocr_par' dir='ltr' id='par_1_106' title="bbox 2120 5276 3776 5358">
     <span class='ocr_line' id='line_1_106' title="bbox 2120 5276 3776 5358; baseline 0.001 -22"><span class='ocrx_word' id='word_1_782' title='bbox 2120 5279 2315 5336; x_wconf 74' lang='grc' dir='ltr'>εὒθεϊαι</span> <span class='ocrx_word' id='word_1_783' title='bbox 2347 5279 2476 5354; x_wconf 86' lang='grc' dir='ltr'>πρὸς</span> <span class='ocrx_word' id='word_1_784' title='bbox 2504 5284 2662 5336; x_wconf 83' lang='grc' dir='ltr'>τοῦτο</span> <span class='ocrx_word' id='word_1_785' title='bbox 2689 5277 2886 5342; x_wconf 82' lang='grc' dir='ltr'>ὁλικῶς</span> <span class='ocrx_word' id='word_1_786' title='bbox 2917 5276 3236 5358; x_wconf 76' lang='grc' dir='ltr'>μετέχουσι,</span> <span class='ocrx_word' id='word_1_787' title='bbox 3286 5280 3374 5335; x_wconf 79' lang='grc' dir='ltr'><strong>καὶ</strong></span> <span class='ocrx_word' id='word_1_788' title='bbox 3417 5279 3514 5336; x_wconf 73' lang='grc' dir='ltr'><strong>οὒκ</strong></span> <span class='ocrx_word' id='word_1_789' title='bbox 3569 5277 3624 5335; x_wconf 73' lang='grc' dir='ltr'>ἐν</span> <span class='ocrx_word' id='word_1_790' title='bbox 3671 5281 3776 5354; x_wconf 74' lang='grc' dir='ltr'>μί-</span> 
     </span>
    </p>
   </div>
   <div class='ocr_carea' id='block_1_107' title="bbox 2118 5365 3772 5447">
    <p class='ocr_par' dir='ltr' id='par_1_107' title="bbox 2118 5365 3772 5447">
     <span class='ocr_line' id='line_1_107' title="bbox 2118 5365 3772 5447; baseline 0.002 -23"><span class='ocrx_word' id='word_1_791' title='bbox 2118 5383 2216 5447; x_wconf 86' lang='grc' dir='ltr'>ρει·</span> <span class='ocrx_word' id='word_1_792' title='bbox 2253 5367 2446 5445; x_wconf 77' lang='grc' dir='ltr'>ἀμερὲς</span> <span class='ocrx_word' id='word_1_793' title='bbox 2475 5369 2574 5447; x_wconf 76' lang='grc' dir='ltr'><strong>γὰρ</strong></span> <span class='ocrx_word' id='word_1_794' title='bbox 2604 5371 2665 5425; x_wconf 85' lang='grc' dir='ltr'>τὸ</span> <span class='ocrx_word' id='word_1_795' title='bbox 2695 5381 2950 5446; x_wconf 81' lang='grc' dir='ltr'>σημεῖον,</span> <span class='ocrx_word' id='word_1_796' title='bbox 2984 5369 3012 5424; x_wconf 79' lang='grc' dir='ltr'>ὃ</span> <span class='ocrx_word' id='word_1_797' title='bbox 3068 5365 3134 5436; x_wconf 79' lang='grc' dir='ltr'>δὴ</span> <span class='ocrx_word' id='word_1_798' title='bbox 3166 5369 3254 5424; x_wconf 84' lang='grc' dir='ltr'>καὶ</span> <span class='ocrx_word' id='word_1_799' title='bbox 3281 5370 3343 5424; x_wconf 86' lang='grc' dir='ltr'><strong>τὸ</strong></span> <span class='ocrx_word' id='word_1_800' title='bbox 3374 5367 3592 5446; x_wconf 78' lang='grc' dir='ltr'>κέντρον</span> <span class='ocrx_word' id='word_1_801' title='bbox 3640 5369 3772 5427; x_wconf 80' lang='grc' dir='ltr'>ἐστί·</span> 
     </span>
    </p>
   </div>
   <div class='ocr_carea' id='block_1_108' title="bbox 2118 5455 3775 5536">
    <p class='ocr_par' dir='ltr' id='par_1_108' title="bbox 2118 5455 3775 5536">
     <span class='ocr_line' id='line_1_108' title="bbox 2118 5455 3775 5536; baseline 0.001 -22"><span class='ocrx_word' id='word_1_802' title='bbox 2118 5458 2204 5514; x_wconf 86' lang='grc' dir='ltr'>καὶ</span> <span class='ocrx_word' id='word_1_803' title='bbox 2234 5457 2412 5534; x_wconf 84' lang='grc' dir='ltr'>ὥσπερ</span> <span class='ocrx_word' id='word_1_804' title='bbox 2441 5456 2507 5514; x_wconf 74' lang='grc' dir='ltr'>ταὶ</span> <span class='ocrx_word' id='word_1_805' title='bbox 2537 5457 2924 5532; x_wconf 80' lang='grc' dir='ltr'>ἐκντυπώματα</span> <span class='ocrx_word' id='word_1_806' title='bbox 2954 5455 3176 5531; x_wconf 78' lang='grc' dir='ltr'>ὃλικῶς,</span> <span class='ocrx_word' id='word_1_807' title='bbox 3233 5459 3317 5514; x_wconf 72' lang='grc' dir='ltr'><strong>καὶ</strong></span> <span class='ocrx_word' id='word_1_808' title='bbox 3360 5457 3456 5515; x_wconf 74' lang='grc' dir='ltr'><strong>οὒκ</strong></span> <span class='ocrx_word' id='word_1_809' title='bbox 3511 5458 3567 5514; x_wconf 74' lang='grc' dir='ltr'>ἐν</span> <span class='ocrx_word' id='word_1_810' title='bbox 3624 5458 3775 5536; x_wconf 87' lang='grc' dir='ltr'>μέρει</span> 
     </span>
    </p>
   </div>
   <div class='ocr_carea' id='block_1_109' title="bbox 2116 5545 3774 5628">
    <p class='ocr_par' dir='ltr' id='par_1_109' title="bbox 2116 5545 3774 5628">
     <span class='ocr_line' id='line_1_109' title="bbox 2116 5545 3774 5628; baseline 0.002 -27"><span class='ocrx_word' id='word_1_811' title='bbox 2116 5548 2214 5612; x_wconf 78' lang='grc' dir='ltr'>τῆς</span> <span class='ocrx_word' id='word_1_812' title='bbox 2247 5545 2536 5627; x_wconf 71' lang='grc' dir='ltr'>σφραγῖδος</span> <span class='ocrx_word' id='word_1_813' title='bbox 2577 5547 2922 5628; x_wconf 83' lang='grc' dir='ltr'>μετέχουσιν,</span> <span class='ocrx_word' id='word_1_814' title='bbox 2963 5549 3136 5604; x_wconf 77' lang='grc' dir='ltr'>Εἱπὼν</span> <span class='ocrx_word' id='word_1_815' title='bbox 3182 5545 3235 5603; x_wconf 79' lang='grc' dir='ltr'>δὲ</span> <span class='ocrx_word' id='word_1_816' title='bbox 3274 5549 3339 5603; x_wconf 81' lang='grc' dir='ltr'>τὰ</span> <span class='ocrx_word' id='word_1_817' title='bbox 3368 5546 3774 5627; x_wconf 66' lang='grc' dir='ltr'>παραδείγματα</span> 
     </span>
    </p>
   </div>
   <div class='ocr_carea' id='block_1_110' title="bbox 2113 5635 3773 5714">
    <p class='ocr_par' dir='ltr' id='par_1_110' title="bbox 2113 5635 3773 5714">
     <span class='ocr_line' id='line_1_110' title="bbox 2113 5635 3773 5714; baseline 0.003 -24"><span class='ocrx_word' id='word_1_818' title='bbox 2113 5636 2499 5714; x_wconf 75' lang='grc' dir='ltr'>ὑπερκειμένην</span> <span class='ocrx_word' id='word_1_819' title='bbox 2562 5635 2790 5694; x_wconf 86' lang='grc' dir='ltr'>δείκνυσι</span> <span class='ocrx_word' id='word_1_820' title='bbox 2853 5639 2983 5712; x_wconf 86' lang='grc' dir='ltr'>πρὸς</span> <span class='ocrx_word' id='word_1_821' title='bbox 3029 5644 3196 5694; x_wconf 84' lang='grc' dir='ltr'>ταῦτα</span> <span class='ocrx_word' id='word_1_822' title='bbox 3239 5637 3339 5704; x_wconf 67' lang='grc' dir='ltr'>τὴν</span> <span class='ocrx_word' id='word_1_823' title='bbox 3386 5641 3486 5704; x_wconf 79' lang='grc' dir='ltr'>τῆς</span> <span class='ocrx_word' id='word_1_824' title='bbox 3515 5639 3773 5706; x_wconf 85' lang='grc' dir='ltr'>θεότητος</span> 
     </span>
    </p>
   </div>
   <div class='ocr_carea' id='block_1_111' title="bbox 2115 5725 3770 5806">
    <p class='ocr_par' dir='ltr' id='par_1_111' title="bbox 2115 5725 3770 5806">
     <span class='ocr_line' id='line_1_111' title="bbox 2115 5725 3770 5806; baseline 0.002 -26"><span class='ocrx_word' id='word_1_825' title='bbox 2115 5725 2390 5802; x_wconf 78' lang='grc' dir='ltr'>ἀμεθεξίαν</span> <span class='ocrx_word' id='word_1_826' title='bbox 2429 5745 2443 5763; x_wconf 82' lang='grc'><strong><em>⁸</em></strong></span> <span class='ocrx_word' id='word_1_827' title='bbox 2477 5725 2611 5783; x_wconf 89' lang='grc' dir='ltr'>διότι</span> <span class='ocrx_word' id='word_1_828' title='bbox 2671 5727 2789 5785; x_wconf 73' lang='grc' dir='ltr'>οὔτε</span> <span class='ocrx_word' id='word_1_829' title='bbox 2833 5725 3014 5806; x_wconf 72' lang='grc' dir='ltr'>ἐπαφὴ</span> <span class='ocrx_word' id='word_1_830' title='bbox 3060 5729 3223 5794; x_wconf 76' lang='grc' dir='ltr'>αὖτῆς</span> <span class='ocrx_word' id='word_1_831' title='bbox 3256 5726 3418 5803; x_wconf 81' lang='grc' dir='ltr'>ἐστιν,</span> <span class='ocrx_word' id='word_1_832' title='bbox 3453 5729 3525 5790; x_wconf 79' lang='grc' dir='ltr'>ὡς</span> <span class='ocrx_word' id='word_1_833' title='bbox 3560 5728 3645 5785; x_wconf 76' lang='grc' dir='ltr'><strong>ἐπὶ</strong></span> <span class='ocrx_word' id='word_1_834' title='bbox 3679 5734 3770 5784; x_wconf 71' lang='grc' dir='ltr'>τοῦ</span> 
     </span>
    </p>
   </div>
  </div>
