4072 6430
343 348 453 420 671

1553 365 1613 430 S.
1661 366 2007 432 DIONYSII
2049 367 2561 432 AREOPAGlT/E

3595 362 3713 433 672

344 494 607 562 efﬁcacia
637 499 802 563 omni
829 499 1196 566 validissima
1226 511 1284 567 et
1313 503 1677 584 intelligente
1707 501 1978 566 absoluta

2071 502 2160 580 γὰρ
2216 505 2326 560 εστι
2386 504 2472 559 καί
2527 505 2561 572 ἡ
2609 501 2664 557 ἐν
2721 500 2956 580 ἀγνωσία
3007 501 3228 581 γνῶσις,
3275 499 3332 558 ἑν
3374 504 3411 580 ᾗ
3468 499 3714 576 οὐδεμίαν

341 587 628 668 suscipiet
659 610 766 653 nos
799 593 856 654 in
909 605 1112 656 sancto
1141 594 1401 669 silentio,
1455 601 1715 656 mentem
1750 593 1824 655 iis
1854 609 1986 670 quae

339 675 503 738 illinc
533 690 887 760 promanant
918 683 1090 745 donis
1121 684 1476 765 adjicientes
1508 705 1522 744 :
1561 684 1686 745 hzec
1719 683 1877 744 enim
1898 691 1987 743 est

340 768 594 845 cognitio
627 770 686 832 in
721 773 1117 851 ignoratione,
1162 775 1222 836 in
1254 793 1371 856 qua
1415 773 1636 835 nullam
1683 773 1986 834 cernimus

341 856 430 917 vel
462 857 930 938 deiﬁcationem,
968 866 1052 926 vel
1085 864 1289 940 vitam,
1322 864 1414 926 vel
1445 862 1834 925 substantiam
1855 881 1987 942 quae

341 945 517 1026 plane
548 950 764 1013 similis
801 955 874 1014 sit
922 972 1115 1016 causa:
1146 954 1264 1030 isti,
1299 973 1432 1030 quae
1463 953 1696 1015 cunctis
1725 970 1831 1032 per
1853 969 1985 1012 om-

341 1054 480 1098 nem
511 1041 922 1104 excellentiam
955 1044 1280 1108 antecellit.
1315 1042 1672 1106 Veneranda
1697 1059 1988 1122 sacroque

343 1143 561 1205 pavore
590 1129 766 1211 digna
787 1141 924 1194 sunt
949 1141 1167 1196 sancta;
1210 1133 1520 1198 Trinitatis
1544 1132 1810 1210 nomina;
1842 1150 1988 1213 quo-

340 1216 499 1279 niam
533 1219 712 1282 Pater
739 1230 834 1282 est
854 1221 1134 1286 divinitas
1155 1222 1606 1304 fontalis,Filius
1635 1240 1773 1284 vero
1805 1238 1984 1283 sanc-

343 1315 554 1388 tusque
580 1307 833 1390 Spiritus
863 1321 1000 1374 sunt
1031 1313 1296 1394 quaedam
1349 1312 1619 1392 germina
1669 1331 1736 1373 ac
1783 1313 1981 1385 ﬂores,

340 1415 407 1458 ac
438 1396 664 1461 lumina
713 1403 1258 1482 superessentialia.
1291 1401 1576 1466 Germina
1611 1401 1883 1483 quidem,
1917 1419 1987 1462 ex

338 1483 568 1549 visione
621 1488 906 1551 olivarum
965 1492 1363 1555 Zacharizeh:
1423 1492 1646 1553 lumina
1694 1509 1862 1564 vero,
1909 1508 1982 1552 ex

2068 592 2275 670 ὁρῶμεν
2340 591 2374 661 ἧ
2431 591 2644 665 θέωσιν,
2703 591 2738 660 ἥ
2795 592 2961 669 ζωὴν,
3023 592 3222 666 οὖσίαν,
3286 591 3322 658 ἡ
3354 613 3432 653 τις
3484 588 3720 669 ἀκριϐῶς

2068 681 2438 752 ὲξισωθήσεται
2469 689 2535 759 τῇ
2581 683 2719 739 κατὰ
2760 688 2934 738 πᾶσαν
2969 683 3242 762 ὅπεροχην
3289 681 3594 758 ἐξῃρημένη
3631 683 3727 738 αὶ-

2069 774 2174 844 τίᾳ.
2235 773 2309 830 Τὰ
2343 771 2604 848 σεϐασμια
2653 773 2739 828 καὶ
2792 772 2982 851 φρικτὰ
3031 772 3116 828 ἐπὶ
3163 777 3263 839 τῆς
3307 771 3461 849 ἆγίας
3502 772 3723 849 Τριάδος

2069 861 2328 942 ὀνόματα,
2392 862 2474 919 ὅτι
2517 862 2721 939 πηγαία
2750 863 2937 929 θεότης
2971 864 2998 918 ὃ
3028 863 3207 940 Πατήρ
3243 878 3256 892 ⁸
3323 864 3350 918 ὁ
3395 859 3450 917 δὲ
3487 863 3603 922 Υἱὸς
3635 862 3725 917 καὶ

2070 953 2129 1008 τὸ
2160 952 2310 1029 ἂγιον
2345 958 2554 1026 Πνεῦμα
2597 950 2839 1030 βλαστοὶ,
2872 953 2960 1008 καί
3001 951 3158 1024 ἄνθη,
3194 952 3282 1008 καὶ
3311 957 3462 1031 φῶτα
3495 951 3725 1029 ὑπερθύ-

2069 1064 2180 1100 σια.
2217 1041 2442 1099 Βλαστοὶ
2491 1043 2612 1116 μὲν,
2664 1043 2769 1099 ἀπὸ
2826 1047 2925 1110 τῆς
2973 1049 3079 1099 τῶν
3109 1040 3302 1100 ἐλαιῶν
3334 1041 3592 1104 ὀπτασίας
3627 1051 3724 1101 τοῦ

2070 1134 2338 1214 Ζαχαρίου
2372 1149 2387 1165 ⁸
2435 1138 2586 1212 φῶτα
2615 1131 2668 1188 δὲ
2727 1132 2788 1189 ἐκ
2819 1132 2911 1189 τοῦ
2943 1129 3193 1192 Ἰακώϐου
3230 1131 3458 1213 ἀδελφοῦ
3487 1141 3581 1192 τοῦ
3615 1142 3728 1191 Ku-

2069 1224 2204 1297 ρίου,
2239 1224 2384 1300 παρὰ
2418 1221 2522 1301 Ιῖσ,
2556 1221 2699 1302 περὶ]
2726 1229 2819 1280 τοῦ
2862 1223 3066 1303 [ἰατρὸς
3089 1225 3194 1280 τῶν
3225 1222 3414 1304 φώτων
3447 1221 3719 1299 λέγοντος.

2069 1320 2244 1371 Ταῦτα
2289 1320 2413 1390 γοῦν
2437 1315 2502 1371 τὰ
2547 1314 2785 1388 ὸνόματα
2814 1313 2957 1392 παρὰ
2987 1315 3086 1382 τῆς
3139 1316 3358 1393 Γραφῆς
3412 1310 3724 1392 παρελάϐο-

2071 1424 2169 1477 μεν
2203 1423 2214 1436 ⁸
2249 1401 2394 1468 ὅπως
2439 1403 2494 1460 δὲ
2526 1410 2690 1460 ταῦτα
2739 1402 2911 1475 ἐστιν,
2948 1403 3066 1460 οὔτε
3109 1404 3280 1460 sine!»
3313 1398 3439 1461 οὔτε
3473 1403 3723 1470 ἒννοῆσαι

2070 1490 2312 1557 δυνατόν,

337 1573 599 1655 Epistola
640 1579 844 1642 Jacobi
899 1581 1099 1644 fratris
1149 1582 1386 1645 Domini
1458 1582 1498 1662 ί,
1530 1581 1632 1661 qui
1675 1581 1753 1642 de
1803 1581 1978 1644 Patre
2013 1580 2311 1643 luminum
2357 1583 2721 1646 mentionem
2768 1582 2931 1647 facit.
2985 1580 3121 1644 Haec
3173 1581 3372 1662 itaque
3420 1580 3666 1643 nomina
3694 1600 3730 1642 a

337 1663 664 1818 Sc‘ripturis
709 1669 895 1732 sacris
924 1670 1314 1754 accepimus;
1369 1690 1625 1752 quonam
1679 1679 1876 1733 autem
1923 1677 2096 1752 pacto
2151 1689 2287 1734 sese
2344 1671 2622 1749 habeant,
2661 1691 2858 1753 neque
2916 1670 3117 1753 eloqui
3147 1689 3342 1752 neque
3389 1669 3733 1748 intelligere

337 1772 405 1817 va
431 1774 628 1818 emus.

334 1772 628 1819 valemus.

421 1847 619 1926 §Vlll.
652 1847 942 1910 Cancrum
974 1851 1258 1913 hactenus
1290 1869 1466 1913 omne
1519 1851 1734 1912 mentis
1767 1858 1982 1914 nostra}

2146 1853 2174 1933 ᾗ
2205 1851 2354 1917 VIII.
2388 1852 2548 1915 Ἀλλ’
2581 1853 2710 1934 ἂχρι
2742 1854 2930 1911 τούτου
2959 1850 3228 1930 προϐαίνει
3259 1855 3292 1918 ὴ
3323 1855 3419 1919 τῆς
3449 1852 3727 1930 ἡμετέρας

342 1935 602 1998 studium
631 1938 743 2001 hoc
758 1941 1313 2022 spectat,quomodo
1338 1961 1406 2003 ex
1425 1941 1533 2002 hac
1555 1941 1985 2021 paternitateac

2076 1949 2256 2020 νοερᾶς
2289 1943 2549 2020 ἐνεργείας
2576 1941 2911 2018 δ·5ναμις,ὅτι
2943 1941 3002 1997 ἐκ
3031 1942 3230 2008 ταύτης
3261 1942 3358 2010 τῆς
3389 1939 3733 2020 πατρότητος

345 2024 636 2089 ﬁliatione
657 2029 851 2090 omnis
870 2031 1189 2110 paternitas
1210 2031 1270 2092 in
1294 2031 1444 2092 caelo
1473 2039 1532 2093 et
1575 2037 1632 2090 in
1661 2039 1818 2092 terra
1847 2033 1985 2090 557

2074 2034 2161 2089 καὶ
2191 2034 2288 2099 τῆς
2319 2033 2563 2099 υἷότητος
2608 2038 2751 2088 πᾶσα
2805 2032 3000 2110 πατριὰ
3031 2033 3084 2086 ἒν
3116 2035 3319 2110 οὐρανῷ
3349 2032 3435 2087 καὶ
3493 2031 3579 2088 ἐπὶ
3623 2037 3731 2111 γῆς

333 2115 697 2202 nominetur;
721 2137 791 2181 ex
821 2140 933 2198 qua
951 2121 1108 2196 ﬁt,ut
1129 2121 1478 2202 spiritaliter
1491 2139 1560 2183 ac
1579 2121 1985 2182 doctrinaliter

2073 2124 2386 2197 ὀνομάζεται
2421 2127 2433 2149 ⁸
2465 2122 2515 2188 ἐξ
2559 2127 2626 2191 ἧς
2662 2128 3034 2197 πνευματικῶς
3079 2123 3167 2178 καὶ
3218 2118 3606 2186 διδασκαλικῶς
3637 2124 3730 2178 καὶ

333 2201 509 2265 etiam
544 2204 624 2267 dii
657 2217 714 2269 et
736 2209 986 2270 deorum
1014 2201 1214 2290 patres
1232 2210 1416 2272 divini
1445 2230 1512 2272 ac
1545 2211 1740 2273 sancti
1773 2211 1905 2283 viri,
1926 2220 1984 2273 et

2071 2215 2176 2269 θεοὶ
2208 2214 2292 2269 καὶ
2313 2216 2444 2269 θεῶν
2468 2225 2716 2291 πατέρες,
2768 2215 2813 2268 οἱ
2872 2211 3008 2267 θεῖοι
3058 2213 3146 2267 καὶ
3196 2211 3326 2288 ἱεροὶ
3383 2208 3592 2289 ἄνδρες,
3640 2208 3731 2268 καὶ

334 2291 582 2356 deorum
620 2296 723 2358 filii
756 2299 861 2375 qui
892 2301 949 2361 in
973 2319 1141 2363 sacra
1163 2301 1432 2362 doctrina
1454 2301 1793 2380 proficiunt,
1820 2320 1981 2362 nun-

336 2392 651 2464 cupentur.
687 2386 838 2461 Quid
871 2397 1066 2450 autem
1093 2399 1180 2452 est
1211 2389 1630 2470 spiritaliter?
1670 2390 1727 2451 id
1775 2399 1863 2452 est
1892 2391 1980 2452 in-

338 2490 625 2555 corporeo
677 2486 733 2539 et
791 2478 1291 2556 immaterialiter,
1344 2500 1413 2542 ac
1465 2481 1976 2553 intellectualiter,

337 2563 483 2626 viris
513 2565 792 2628 nimirum
827 2570 1046 2632 sanctis
1095 2588 1164 2632 ex
1215 2579 1418 2632 sancto
1471 2570 1714 2651 quidem
1760 2569 1981 2651 Spiritu

339 2652 560 2736 divino,
595 2657 695 2736 qui
726 2666 814 2719 est
845 2677 1024 2738 supra
1056 2678 1294 2722 omnem
1331 2661 1885 2722 immaterialitatem
1917 2678 1985 2722 ac

337 2740 802 2822 deificationem,
857 2749 1224 2811 divinitatem
1259 2751 1413 2812 hanc
1452 2769 1519 2810 ac
1543 2749 1983 2830 Spiritalitateni

337 2834 796 2914 accipientibus;
829 2857 899 2901 ex
938 2841 1279 2901 Patrevero
1308 2858 1374 2900 ac
1406 2839 1579 2914 Filio,
1617 2840 1720 2916 qui
1754 2857 1859 2919 per
1887 2857 1984 2901 ex-

337 2923 676 2988 cellentiam
736 2947 975 2990 omnem
1039 2931 1449 3009 paternitatem
1511 2945 1579 2989 ac
1635 2929 1982 2991 ﬁliationem

340 3025 642 3095 superant,
678 3018 1012 3079 istiusmodi
1045 3029 1258 3080 statum
1309 3019 1821 3100 participantibus.
1858 3017 1985 3080 Non

340 3104 499 3166 enim
537 3113 627 3166 est
678 3106 939 3186 perfecta
990 3109 1321 3170 similitudo
1368 3108 1595 3170 effectis
1647 3109 1863 3170 creatis
1916 3108 1988 3170 ad

2065 2306 2195 2358 θεῶν
2227 2306 2326 2358 υἱοὶ
2374 2303 2428 2358 ἐν
2475 2309 2542 2378 τῇ
2607 2305 2720 2380 ἱερᾷ
2775 2299 3082 2372 διδασκαλίᾳ
3144 2297 3547 2378 προσϐαίνοντες
3606 2303 3725 2358 ὀνο⁴

2067 2394 2345 2466 μάζονται.
2401 2393 2460 2450 Τί
2503 2395 2627 2469 γοῦν
2681 2391 2797 2449 ἐστι
2845 2393 2904 2447 τὸ
2963 2412 3336 2465 πνευματικως
3371 2407 3387 2465 ;
3420 2389 3726 2466 ἆσωματως

2067 2481 2271 2550 δηλαδὴ
2302 2483 2390 2538 καὶ
2448 2483 2645 2562 ὀιύλως²
2677 2483 2766 2538 καὶ
2827 2482 3056 2555 νοητῶς,
3093 2481 3153 2536 ἐκ
3183 2480 3280 2555 μὲν
3315 2487 3406 2536 τοῦ
3434 2483 3726 2561 θεαρχικοῦ

2069 2573 2368 2645 Πνεόματος
2399 2580 2491 2630 τοῦ
2511 2572 2843 2650 ὑπέρ-πᾶσαν
2873 2571 3054 2627 ἆύλίαν
3085 2569 3232 2632 ὄντος
3269 2571 3357 2627 καὶ
3401 2571 3611 2640 θέωσιν,
3662 2573 3723 2627 τὸ

2067 2663 2174 2718 θεοὶ
2219 2661 2320 2741 [ῗσ.
2355 2662 2518 2742 θεῖον]
2549 2664 2636 2718 καὶ
2690 2663 2752 2717 τὸ
2795 2662 3157 2736 πνευματικόν
3207 2659 3588 2736 λαμϐανόντων
3619 2662 3729 2718 τῶν

2069 2755 2221 2829 ἱερῶν
2247 2750 2535 2829 ἀνδρῶν·ἐκ
2565 2751 2619 2807 δὲ
2648 2762 2740 2810 τοῦ
2774 2753 2984 2830 Πατρὸς
3017 2754 3103 2807 καὶ
3131 2758 3223 2808 τοῦ
3256 2750 3397 2825 Υἱοῦ,
3430 2757 3536 2807 τῶν
3559 2753 3731 2824 ὑπερ-

2071 2848 2277 2921 οχικῶς
2307 2839 2648 2918 ἐξῃρημένων
2680 2842 2865 2907 πάσης
2920 2847 3145 2919 πατριᾶς
3191 2843 3278 2896 καὶ
3329 2842 3600 2921 υἱότητος,
3631 2844 3734 2907 τὰς

2068 2929 2276 2988 τοιάσδε
2307 2932 2524 3011 σχέσεις
2569 2929 3051 3010 προσδεχομένων.
3114 2928 3244 2988 Οὒδὲ
3275 2932 3373 3008 γὰρ
3405 2930 3542 2987 ἐστιν
3574 2932 3736 3012 ἆκρὶ-

2069 3020 2172 3088 ϐἤς
2207 3021 2465 3096 ὁμοιότης
2510 3035 2628 3084 τοῖς
2662 3022 2922 3086 αἰτιατοῒς
2953 3021 3228 3100 κτίσμασι,
3264 3021 3350 3076 καὶ
3378 3033 3498 3085 τοῖς
3520 3023 3730 3098 αἰτίοις,

2072 3124 2194 3174 ταῖς
2225 3115 2562 3190 θεαρχικατς,
2597 3113 2759 3188 φημὶ,
2790 3110 3167 3168 ὑποστάσεσιν.
3201 3108 3321 3165 ἀλλ’
3367 3108 3486 3188 ἔχει
3517 3111 3617 3185 μὲν
3648 3114 3719 3168 τὰ

339 3211 571 3264 causas,
608 3194 860 3276 divinas,
893 3197 1162 3274 inquam,
1196 3215 1503 3278 personas;
1535 3200 1639 3260 sed
1667 3197 1839 3259 habet
1864 3200 1985 3279 qui-

2075 3201 2335 3275 κτίσματα
2392 3201 2485 3264 τὰς
2520 3198 2870 3280 ἐνδεχομένας
2929 3199 3137 3264 εἰκόνας
3179 3199 3240 3256 ἐκ
3281 3207 3372 3256 τοῦ
3404 3207 3558 3256 Θεοῦ⁶
3594 3202 3731 3257 αὐτὰ

341 3283 478 3344 dem
502 3293 810 3362 creaturae,
845 3286 1043 3363 quoad
1077 3287 1204 3348 fieri
1262 3297 1478 3367 potest,
1523 3287 1815 3367 imagines
1855 3287 1983 3369 Dei;

340 3375 486 3452 ipsae
508 3392 645 3436 vero
674 3394 868 3437 causae
902 3377 1141 3457 penitus
1171 3377 1244 3438 ab
1279 3377 1507 3438 effectis
1539 3379 1756 3439 creatis
1790 3397 1991 3439 exem-

341 3470 456 3544 ptae
494 3463 751 3546 sunt.Et,
803 3474 867 3528 nt
913 3468 1168 3530 terrenis
1211 3469 1501 3548 exemplis
1531 3477 1681 3548 utar,
1714 3468 1986 3549 volupta-

341 3561 429 3616 tes
457 3573 526 3615 ac
556 3553 798 3618 dolores
849 3557 1088 3619 efﬁcere
1143 3558 1445 3631 dieuntur,
1481 3567 1545 3620 ut
1574 3557 1850 3619 homines
1882 3561 1986 3618 lae-

340 3652 538 3706 tentur
568 3646 666 3707 vel
727 3646 1057 3728 tristentur,
1089 3657 1292 3709 tamen
1327 3647 1468 3728 ipsae
1502 3647 1828 3728 voluptates
1860 3667 1977 3709 non

340 3732 621 3796 dicuntur
663 3735 868 3815 laetari,
920 3755 1032 3798 nec
1081 3737 1316 3799 dolores
1359 3737 1686 3799 tristantur.
1729 3739 1797 3798 Et
1827 3737 1981 3816 ignis

341 3823 635 3904 calefacit,
671 3833 728 3886 et
758 3827 976 3900 adurit,
1014 3835 1216 3890 tamen
1241 3846 1358 3888 non
1394 3827 1608 3896 caleﬁt,
1644 3845 1755 3887 nec
1783 3827 1980 3888 aduri-

343 3913 693 3977 tur.ldcirco
726 3923 834 3977 etsi
859 3923 991 3996 quis
1022 3918 1195 3978 vitam
1232 3917 1451 3987 vivere,
1484 3925 1543 3977 et
1575 3932 1678 3995 per
1709 3933 1774 3975 se
1805 3916 1978 3977 vitam

2073 3287 2126 3345 δὲ
2177 3290 2240 3345 τὰ
2291 3288 2440 3345 αἴτια
2498 3289 2772 3351 παντελῶς
2831 3291 2935 3345 τῶν
2977 3289 3226 3345 αὶτιατῶν
3257 3287 3561 3362 κτισμάτων
3595 3287 3729 3365 ἐξῇ-

2073 3380 2282 3456 ρήνται,
2320 3381 2416 3437 Καὶ
2444 3379 2536 3434 ’ίνα
2568 3380 2859 3459 χρήσωμαι
2904 3390 3023 3442 τοῖς
3081 3379 3296 3456 γηίνοις
3351 3375 3729 3455 παραδείγμα-

2073 3493 2179 3549 σιν,
2212 3468 2394 3538 ἡδοναι
2425 3471 2700 3536 ποιητικαὶ
2758 3476 2850 3526 τοῦ
2902 3467 3143 3543 ἥδεσθαι,
3179 3471 3267 3525 καὶ
3308 3467 3468 3524 λόπαι
3499 3475 3591 3524 τοῦ
3622 3466 3733 3522 λυσ-

2071 3561 2286 3617 πεϊσθαί
2318 3561 2447 3616 εἰσιν
2485 3578 2498 3594 ⁸
2533 3560 2684 3616 «aut
2713 3556 2768 3614 δὲ
2803 3563 2852 3614 αἱ
2905 3558 3088 3626 ἡδοναὶ
3119 3559 3177 3614 οῗ)
3207 3557 3454 3635 λόγονται
3480 3555 3727 3630 ἣδεσθαι,

2069 3648 2184 3710 οὔδε
2226 3655 2277 3705 αι
2339 3648 2497 3706 λῦπαι
2544 3648 2853 3711 λυποῦνται.
2919 3650 3015 3706 Καὶ
3060 3649 3122 3704 τὸ
3181 3646 3280 3726 πῦρ
3311 3647 3575 3726 θερμαίνει
3636 3649 3732 3703 καὶ

2072 3742 2233 3813 καίει,
2267 3742 2326 3797 οὐ
2381 3740 2712 3817 θερμαίνεται
2769 3737 2823 3794 δὲ
2881 3740 2968 3794 καὶ
3011 3738 3240 3799 καίεται.
3292 3738 3390 3793 Διὰ
3447 3743 3606 3794 τοῦτο
3638 3739 3728 3796 καὶ

2071 3829 2123 3884 εἴ
2154 3852 2233 3894 τις
2265 3853 2396 3909 φαιη
2431 3835 2526 3902 ζῆν
2557 3829 2653 3898 τὴν
2683 3835 2920 3900 ζωοῦσαν
2976 3830 3064 3885 καὶ
3096 3827 3399 3908 αὗτοζιοην,
3429 3829 3518 3884 καὶ
3550 3829 3727 3906 φωτὶ-

2072 3923 2245 3990 ζεσθαι
2277 3921 2338 3976 τὸ
2369 3919 2634 3998 αὖτόφως,
2670 3922 2764 3978 οὒκ
2807 3917 2952 3975 εἴποι
3008 3919 3196 3995 κυρίως
3261 3917 3398 3973 κατὰ
3449 3917 3540 3972 τὸν
3573 3917 3732 3996 ὀρθὸν

340 4002 993 4079 dixerit,etilluminari
1027 4007 1086 4068 id
1120 4007 1280 4088 quod
1315 4023 1422 4082 per
1452 4023 1518 4065 se
1541 4005 1743 4065 lumen
1767 4014 1985 4077 est,na-

2071 4014 2164 4076 τῆς
2195 4009 2443 4076 ἀληθείας
2475 4008 2656 4086 λόγον,
2691 4011 2735 4065 εἰ
2779 4010 2856 4084 μὴ
2893 4031 2988 4064 που
3019 4007 3133 4064 καθ’
3168 4006 3348 4086 ἕτερον
3392 4007 3616 4084 τρόπον,
3640 4004 3732 4062 ὅτι

339 4111 632 4173 quaquam
659 4096 896 4176 proprie
918 4097 1152 4158 locutus
1177 4095 1379 4166 fuerit,
1407 4094 1735 4156 secundum
1759 4101 1984 4157 rectam

2071 4102 2355 4174 περισσῶς,
2380 4099 2466 4152 καὶ
2498 4095 2786 4171 οὖσιωδῶς,
2818 4098 2906 4153 καί
2936 4099 2994 4153 οὗ
3021 4096 3157 4153 κατά
3189 4095 3461 4175 μετοχὴν,
3486 4097 3589 4174 πρὸ
3624 4100 3737 4150 τῶν

338 4182 603 4246 veritatis
633 4184 1075 4248 rationemznisi
1105 4185 1258 4246 forte
1283 4185 1409 4247 haec
1441 4181 1557 4244 alio
1593 4182 1765 4244 modo
1798 4184 1980 4267 dicat,

2069 4188 2316 4242 αἰτιατῶν
2349 4186 2508 4244 ἔνεισι
2552 4194 2718 4244 ταῦτα
2763 4200 2880 4249 τοῖς
2913 4186 3134 4251 αἰτίοις.

341 4273 496 4352 quod
549 4273 834 4337 nimirum
893 4273 1325 4350 abundantius,
1359 4280 1418 4334 et
1459 4272 1792 4335 secundum
1845 4277 2195 4350 essentiam,
2229 4294 2348 4369 non
2405 4283 2602 4338 autem
2651 4275 2981 4339 secundum
3035 4273 3572 4356 participationem,
3609 4291 3741 4354 prae

342 4361 572 4425 effectis
602 4363 730 4427 haec
761 4363 948 4427 insint
979 4370 1193 4426 causis.

423 4452 452 4532 §
481 4453 584 4516 IX.
630 4453 789 4526 Quin
832 4454 1008 4515 etiam
1041 4452 1202 4532 quod
1234 4458 1324 4513 est
1356 4458 1645 4514 universa}
1678 4453 1985 4533 theologia.I

2152 4455 2304 4534 §IX.
2340 4454 2508 4513 Ἀλλὰ
2557 4459 2648 4514 καὶ
2712 4457 2774 4513 τὸ
2830 4454 3218 4534 ἐκφανέστλτον
3271 4454 3486 4521 ἀπάσης
3538 4453 3739 4512 θεολο-

344 4542 889 4607 manifestissimum
903 4541 1044 4605 Jesu
1058 4542 1440 4604 humanitatis
1460 4544 1804 4623 mysterium
1820 4549 1990 4621 (quo-

343 4632 501 4692 niam
533 4632 713 4695 etiam
749 4633 1065 4695 manifeste
1104 4650 1171 4694 ac
1202 4650 1341 4695 vere
1367 4633 1678 4694 nobiscum
1711 4652 1987 4696 commu-

343 4720 814 4800 nicavit),tamen
837 4722 896 4782 id
920 4722 1112 4803 ipsum
1139 4722 1312 4784 etiam
1336 4721 1636 4783 ineffabile
1654 4731 1744 4783 est
1765 4741 1992 4784 sermo-

346 4809 404 4871 ni
424 4811 674 4884 omni,et
694 4818 854 4873 omni
878 4811 1067 4874 menti
1091 4811 1767 4892 inconceptibile,etiam
1799 4814 1990 4894 primo

343 4909 398 4960 et
424 4900 839 4982 antiquissimo
862 4902 1096 4982 angelo,
1130 4901 1366 4965 scilicet
1389 4902 1734 4964 sublissimo
1762 4903 1992 4984 primo-

348 5009 464 5070 que
494 4990 714 5062 ordini;
758 4991 871 5053 hoc
915 4991 1076 5052 enim
1123 4993 1385 5054 Joannes
1429 4991 1531 5052 ille
1574 4992 1882 5070 theologus
1930 4992 1992 5054 in

344 5080 697 5161 Apocalypsi
739 5082 814 5142 de
851 5081 1288 5161 antiquioribus
1311 5080 1383 5141 iis
1405 5081 1632 5158 angelis
1663 5082 1857 5143 tradit.
1883 5082 1994 5145 At-

348 5190 463 5251 que
485 5189 619 5234 eum
645 5170 883 5250 quidem
907 5188 1150 5232 carnem
1173 5171 1590 5249 assumpsisse,
1611 5171 1856 5252 mystice
1886 5189 1995 5233 ac-

345 5262 636 5342 cepimus,
673 5261 776 5322 sed
811 5260 1113 5340 quomodo
1158 5279 1226 5321 ex
1274 5258 1555 5338 virgineis
1605 5262 1990 5340 sanguinibus

346 5351 460 5413 alia
473 5369 649 5427 quam
677 5358 902 5413 naturae
923 5350 1056 5430 lege
1069 5348 1144 5411 sit
1159 5350 1769 5432 efformatus,aliaque
1791 5351 1993 5413 omnia

349 5459 480 5522 quae
497 5440 572 5503 ad
597 5449 823 5504 naturae
845 5437 990 5502 Jesu
1012 5438 1471 5521 explicationem
1514 5447 1802 5521 spectant,
1839 5459 1992 5521 quo-

349 5531 527 5593 modo
547 5530 607 5592 in
631 5529 867 5594 duabus
894 5529 1124 5593 naturis
1154 5527 1454 5609 cognitus,
1489 5537 1546 5591 et
1584 5541 1765 5611 prout
1794 5530 1996 5592 homi-

432 5719 461 5761 h
487 5715 666 5784 Zach.
698 5733 778 5794 IV,
812 5716 869 5780 3.
957 5662 1199 5793 'Jac.1,
1239 5715 1338 5782 t7.

2071 4547 2187 4625 γίας
2219 4549 2280 4603 τὸ
2331 4551 2430 4616 τῆς
2474 4544 2652 4614 ἰησοῦ
2686 4545 3072 4626 φιλανθρωπίας
3117 4545 3434 4623 μυστήριον,
3484 4543 3602 4622 (ὅτι
3638 4545 3734 4600 καὶ

2073 4642 2310 4718 φανερῶς
2341 4638 2430 4695 καί
2459 4637 2723 4704 ἀληθινῶς
2757 4635 3031 4711 ὡμίλησεν
3061 4634 3254 4712 ἡμῖν’)
3298 4632 3435 4690 ἀλλὰ
3462 4634 3550 4690 καὶ
3576 4638 3738 4690 τοῦτο

2074 4727 2297 4806 ἄῤῥητόν
2359 4728 2472 4784 ἐστι
2519 4726 2666 4805 λόγῳ
2721 4726 2899 4800 παντί,
2945 4725 3045 4780 καὶ
3089 4723 3362 4800 ἄγνωστον
3414 4729 3488 4797 νῷ
3546 4724 3731 4798 παντὶ,

2074 4820 2162 4874 καὶ
2214 4820 2356 4892 αὐτῷ
2405 4822 2482 4890 τῷ
2542 4818 2822 4895 πρωτίστῳ
2898 4816 2986 4870 καί
3063 4810 3411 4892 πρεσϐυτάτῳ
3484 4811 3729 4890 ἀγγέλῳ,

2075 4905 2320 4974 δηλονότι
2377 4914 2446 4983 τῇ
2498 4903 2812 4983 ὑψηλοτάτη
2871 4905 2958 4960 καί
2999 4902 3184 4982 πρώτῃ
3235 4901 3402 4983 τέξει,
3439 4902 3596 4979 Λέγει
3629 4903 3735 4983 χὰρ

2075 4990 2220 5045 καίὸ
2275 4977 2815 5064 θεολόγοξἿῶάννηὶς
2876 4985 2930 5040 ὲν
2984 4977 3052 5060 τῇ
3093 4977 3462 5057 Ἀποκαλύψει
3496 4977 3732 5059 πρεσϐυὲ

2075 5077 2254 5156 τέρους
2307 5077 2588 5155 ἀγγέλους.
2651 5076 2756 5138 Καί
2801 5077 2860 5131 τὸ
2921 5075 3018 5150 μὲν
3082 5076 3421 5151 σαρκωθῆναι
3456 5077 3732 5146 μυστικῶς

2076 5167 2518 5248 παρειλήφαμενι,
2573 5168 2634 5222 τὸ
2683 5163 2728 5221 δ’
2787 5163 2932 5229 ὅπως
2990 5164 3050 5221 ἑκ
3109 5167 3444 5243 παρθενικῶν
3490 5160 3731 5235 αἱμάτων

2073 5258 2237 5336 ἑτέρω
2270 5258 2408 5329 παρὰ
2438 5260 2536 5324 τὴν
2596 5255 2748 5335 φύσιν
2780 5258 2960 5329 θεσμῷ
3018 5252 3364 5311 διεπλάττετο
3394 5299 3411 5331 ,
3442 5251 3531 5307 καί
3561 5249 3733 5307 τᾶλλα

2074 5335 2249 5406 πάντα
2297 5347 2394 5414 τῆς
2447 5335 2626 5419 Ῐιησοῦ
2685 5344 3051 5425 φύσιολογίας,
3121 5351 3236 5408 πῶς
3329 5344 3383 5398 ἐν
3443 5339 3554 5397 δυσί
3609 5354 3733 5406 ταῖς

2077 5439 2258 5519 φύσεσι
2319 5437 2728 5516 γνωριζόμενος,
2779 5435 2867 5492 καί
2942 5434 3080 5490 κατὰ
3141 5433 3417 5510 ἄνθρωπον
3479 5428 3735 5510 ἔπραττε,

2079 5528 2165 5585 καί
2209 5525 2338 5606 ὺπέρ
2368 5525 2641 5606 ἄνθρωπον
2683 5523 2914 5604 ἐνήργει,
2974 5522 3152 5603 ’ἑτέρου
3202 5522 3365 5603 λόγου
3423 5520 3512 5578 καί
3550 5521 3728 5600 κρείτ-
