4072 6438
318 314 438 389 673

805 316 903 389 DE
970 319 1270 391 DIVINIS
1310 309 1759 403 NOMINIBUS,
1806 316 1970 385 CAP.

2062 308 2099 386 ί.
2149 356 2225 369 -—
2270 318 2688 405 PARAPHR.,
2746 318 3214 394 ΡΑΗΥΜΕΒᾸΒ.

3581 327 3697 400 674

315 483 469 528 τονος
519 460 552 529 ἥ
625 462 742 520 καθ’
798 464 940 537 ἡμᾶς
994 463 1082 517 καὶ
1139 462 1237 529 τὴν
1288 460 1553 537 ἡμετέραν
1640 457 1965 537 ἀνθρωπίνην

2062 476 2186 519 nem
2219 477 2285 521 se
2313 457 2652 539 gesserit,et
2671 476 2853 539 supra
2878 460 3178 524 hominem
3212 484 3392 545 opera
3412 466 3691 546 ediderit,

314 550 561 627 δύναμιν.
618 555 677 609 Εἰ
732 561 855 630 γοῦν
912 554 999 609 επὶ
1052 552 1257 615 τούτοις
1314 549 1509 629 ἄρρητά
1558 552 1655 606 εἰσι
1705 551 1769 605 τὰ
1820 553 1964 617 φεο-

320 643 524 719 πρεπῆ,
562 640 596 697 ἅ
639 641 703 710 δὴ
742 644 827 699 καὶ
885 642 984 709 τὴν
1018 643 1290 718 θεολογίαν
1337 642 1722 720 ἐκφανεστὲραν
1754 640 1961 719 ἔχουσι,

314 733 366 789 τί
423 733 611 813 φήσειέ
672 756 753 797 τις
836 735 954 810 περὶ
1009 738 1106 799 τῆς
1158 732 1417 807 μακαρίας
1472 729 1708 813 ,Τριάδος
1745 750 1757 791 :
1796 737 1968 813 Τανξτα

313 809 455 881 ἡμῖν
482 836 539 870 τε
565 814 617 870 ἐν
649 813 830 877 ἄλλοις
864 809 1104 891 εἴρηται,
1157 815 1244 868 καὶ
1295 817 1372 885 τῷ
1438 809 1632 885 κλεινῴ
1687 814 1842 887 ἡμῶν
1884 810 1966 866 διη-

315 900 570 976 δασκάλῳ
614 911 692 978 τῷ
722 904 969 981 μακαρίῳ
999 901 1256 979 Ἰεροθέῳ,
1293 901 1352 958 ὅν
1419 901 1553 976 μετὰ
1611 901 1700 957 τὸν
1762 899 1966 956 Παυλον

312 989 631 1049 διδάσκαλον
662 992 989 1059 ἒπλούτησεο
1016 1013 1028 1026 ·
1065 992 1197 1070 ἅπερ
1256 992 1485 1070 ἐκεῖνος,
1532 989 1643 1046 εἴτε
1699 989 1804 1046 ἀπὸ
1862 996 1966 1045 τῶν

312 1083 471 1160 ἱερῶν
527 1089 749 1163 Γραφῶν
802 1081 1151 1163 παρείληφεν,
1210 1080 1321 1137 εἴτε
1355 1082 1439 1136 καὶ
1490 1084 1550 1136 ὲκ
1580 1080 1676 1147 τῆς
1728 1083 1845 1157 περὶ
1874 1080 1967 1142 τὰς

316 1172 529 1251 Γαῖα-ρας
580 1173 797 1248 ἐρεύνης
848 1173 1199 1251 συνεώρακεν,
1272 1170 1334 1227 ἐκ
1385 1171 1480 1238 τῆς
1524 1169 1732 1236 πολλῆς
1765 1191 1967 1248 γυμνα-

315 1263 435 1326 σίας
465 1264 554 1318 καὶ
596 1259 807 1341 τριϐῆς,
855 1261 971 1317 εἴτε
1015 1265 1100 1318 καὶ
1149 1261 1208 1317 ἔκ
1238 1283 1377 1324 τινος
1438 1261 1642 1335 ἐμυήθη
1700 1259 1963 1337 θειοτέρας

314 1352 617 1431 ἐπιπνοίας,
670 1353 730 1408 οὔ
758 1352 921 1427 μόνον
966 1352 1169 1426 μαθών,
1205 1350 1341 1411 ἀλλὰ
1372 1353 1457 1407 καὶ
1510 1351 1688 1406 παθών
1726 1368 1741 1385 °
1799 1352 1871 1411 ὡς
1905 1350 1965 1407 ὀύ

2052 547 2228 627 longe
2257 548 2504 611 alterius
2548 558 2607 609 et
2652 549 3077 629 praestantioris
3126 556 3422 617 sermonis
3452 576 3551 618 res
3582 574 3695 636 est,

2058 649 2465 730 quamqnostra
2487 639 2634 700 ratio
2665 649 2767 730 aut
2790 640 3039 703 facultas
3060 642 3293 705 fert.Ad
3324 646 3447 707 haec
3469 646 3690 730 itaque,

2051 728 2101 789 si
2133 727 2452 789 ineffabilia
2484 738 2621 791 sunt
2651 728 2871 811 divina,
2917 739 2979 792 ut
3022 751 3149 813 qua:
3182 734 3551 798 subtiliorem
3573 727 3699 800 _ha--

2054 815 2231 878 beant
2262 818 2642 898 theologiam,
2675 820 2815 900 quid
2850 820 3010 882 dicet
3029 822 3163 902 quis
3192 823 3267 884 de
3297 823 3465 886 beata
3501 824 3698 888 Τι’ἱηί-

2054 907 2445 998 tate‘tVerum
2482 909 2609 970 haec
2639 929 2668 968 a
2705 910 2878 971 nobis
2910 915 3084 973 etiam
3118 912 3260 974 alibi
3317 914 3476 975 dicta
3535 926 3697 998 sunt,

2053 1004 2112 1057 et
2159 997 2232 1059 ab
2265 998 2481 1079 inclyte
2514 1009 2880 1081 praeceptore
2912 1010 3112 1063 nostro
3144 1002 3314 1065 beato
3348 997 3697 1081 Hierotbeo,

2053 1088 2191 1146 558
2214 1106 2393 1168 quem
2430 1096 2558 1168 post
2597 1096 2869 1150 sanctum
2904 1088 3150 1151 Paulum
3186 1092 3394 1154 habuit
3428 1111 3697 1174 praecep-

2051 1182 2270 1253 torem;
2308 1196 2439 1257 quas
2470 1177 2597 1252 ille,
2632 1178 2761 1240 sive
2794 1197 2828 1240 a
2858 1180 3187 1255 Scripturis
3228 1185 3414 1244 sacris
3444 1202 3699 1264 accepe-

2046 1274 2159 1341 rat,
2194 1268 2314 1329 sive
2371 1286 2439 1329 ex
2476 1267 2821 1331 earumdem
2875 1270 3249 1351 indagationc
3295 1274 3486 1337 fuerat
3550 1292 3700 1336 con-

2048 1356 2455 1436 templatus,et
2480 1358 2767 1419 exercitio
2798 1378 3032 1436 usuque
3063 1360 3342 1439 plurimo,
3364 1362 3486 1426 sive
3516 1363 3694 1425 etiam

313 1440 573 1504 διδακτῶς
665 1440 749 1497 διὰ
827 1441 1004 1519 λόγων
1080 1442 1180 1509 τὴν
1238 1443 1355 1520 περὶ
1431 1441 1623 1497 τούτων
1682 1437 1961 1515 δεξάμενος

2062 1445 2335 1509 diviniori
2366 1447 2565 1527 aliqua
2597 1447 2996 1512 insinuatione
3019 1437 3228 1513 doctus
3261 1437 3411 1535 erat,
3450 1472 3566 1516 non
3597 1473 3701 1516 so-

314 1532 537 1607 μύησιν,
598 1529 737 1589 ἀλλὰ
793 1536 860 1607 τῇ
917 1535 1029 1602 θείᾳ
1085 1530 1348 1608 ἐλλάμψει
1407 1532 1687 1608 τυπωθεὶς,
1733 1531 1819 1585 καὶ
1851 1530 1970 1586 οἷον

2062 1535 2178 1597 lum
2213 1536 2472 1611 discens,
2514 1547 2574 1599 et
2608 1538 2836 1618 patiens
2890 1540 3109 1611 divina.
3144 1551 3207 1605 ut
3239 1543 3341 1622 qui
3394 1529 3511 1605 non
3547 1543 3697 1606 doc-

312 1621 661 1697 ἐνσημανθεὶς
723 1626 786 1697 τῇ
828 1619 1029 1693 διανοίᾳ
1089 1622 1191 1688 τὴν
1246 1625 1443 1698 γνῶσιν
1484 1622 1587 1678 τῶν
1617 1620 1756 1694 ἠπὲρ
1786 1619 1966 1699 φύσιν,

2062 1626 2349 1689 trinaliter
2394 1645 2503 1708 per
2548 1627 2730 1689 verba
2776 1629 3104 1692 doctrinam
3159 1619 3365 1694 eorum
3400 1635 3699 1707 hauserat,

317 1712 527 1779 Ταύτην
584 1711 684 1788 γὰρ
743 1712 841 1777 τὴν
895 1715 1000 1767 τῶν
1054 1709 1328 1787 θειοτέρων
1388 1709 1584 1784 μυῆσιν
1641 1710 1970 1785 συμπάθειαν

2062 1716 2160 1777 sed
2193 1716 2389 1778 divina
2422 1716 2816 1780 illustratione
2866 1738 3228 1801 expressam,
3266 1731 3325 1785 et
3347 1724 3527 1786 veluti
3559 1723 3704 1784 insi-

315 1799 593 1877 ἐκάλεσεν,
621 1799 783 1877 ἤγουν
828 1798 1178 1861 συνδιάθεσιν,
1222 1800 1327 1859 Καὶ
1387 1799 1477 1857 ἵνα
1532 1801 1597 1857 τὰ
1653 1798 1829 1856 πολλὰ
1885 1802 1969 1855 καὶ

2062 1805 2305 1885 gnitam,
2343 1808 2404 1870 in
2438 1816 2636 1868 mente
2663 1798 3181 1889 supernat'uraiem
3210 1811 3465 1875 habebat
3494 1814 3699 1890 cogni-

316 1892 555 1968 μακάριαι
611 1898 717 1946 τῶν
760 1890 961 1949 ἐκείνου
1012 1896 1290 1969 παρῶμεν,
1338 1889 1391 1945 ἐν
1437 1889 1746 1969 ἐλαχιστοις
1792 1910 1969 1967 παρα-

313 1982 529 2057 θώμεθα
606 1981 740 2061 ἅπερ
822 1983 951 2060 φησὶ
994 1982 1110 2059 περὶ
1164 1990 1257 2039 τοῦ
1345 1982 1530 2059 Κυρίου
1584 1981 1739 2056 ἡμῶν
1792 1977 1971 2045 ἰησοῦ

317 2078 547 2149 Χριστοῦ
591 2074 677 2127 καὶ
737 2079 868 2127 Θεοῦ
925 2071 977 2127 ἐν
1049 2083 1171 2132 ταῖς
1248 2069 1598 2142 Θεολογικαῖς
1677 2070 1968 2149 στοιχειώ-

318 2184 491 2221 σεσιν.

1010 2431 1283 2511 Ἰεροθέου.

395 2545 535 2625 §X.
593 2544 815 2626 Ἐφεξῆς
874 2543 927 2600 δὲ
988 2545 1221 2611 ἐκτίθησι
1294 2546 1425 2617 πρὸς
1498 2543 1643 2621 ρἧτ
1724 2545 1810 2600 καὶ
1872 2546 1968 2610 τὴν

310 2644 401 2693 τοῦ
433 2638 585 2715 ἁγίου
615 2636 845 2716 γραφήν,
896 2635 948 2691 ἐν
973 2639 1056 2700 οἷς
1088 2638 1113 2689 ὃ
1160 2636 1417 2713 μακάριος
1465 2634 1637 2712 λέγει,
1674 2636 1965 2711 παριστὼν,

314 2725 393 2783 ὅτι
423 2728 512 2783 καὶ
541 2728 570 2781 ὁ
642 2728 758 2790 Υἱὸς
821 2727 886 2782 τὰ
938 2726 1111 2780 πάντα
1138 2725 1275 2780 ἐστὶν
1318 2724 1370 2779 ἐν
1425 2732 1577 2798 πᾶσι,
1636 2725 1721 2780 καὶ
1762 2722 1969 2801 κεφαλὴ

312 2817 528 2872 πάντων
560 2816 696 2873 κατὰ
726 2818 816 2872 τὸν
876 2805 1226 2889 Ἀπὸστολον,
1261 2813 1341 2870 ὅτι
1378 2815 1590 2871 πάντων
1652 2815 1761 2869 ἐστὶ
1820 2812 1965 2881 πλή-

313 2928 469 2982 ρωμα
503 2908 590 2961 καὶ
640 2905 924 2985 συνοχεὺς,
969 2906 1056 2960 καὶ
1113 2903 1355 2975 διασώζει
1400 2905 1491 2960 κιί
1541 2905 1873 2985 περισφίγγει
1906 2904 1968 2957 τὰ

315 2995 455 3074 μέρη
488 3018 557 3071 τῃ
590 2994 808 3062 ὸλύτητι
843 3014 857 3029 ⁸

312 3087 443 3163 ὑπὲρ
475 3088 641 3142 ταῦτα
672 3087 771 3164 γὰρ
807 3101 819 3115 ⁸
857 3083 994 3141 ἀλλὰ
1031 3087 1117 3141 καὶ
1155 3082 1276 3141 ὅλον
1335 3087 1422 3141 καὶ
1467 3084 1651 3163 μέρος,
1688 3087 1760 3146 ὡς
1793 3105 1968 3143 συνει-

934 2996 1022 3052 καὶ
1053 2992 1169 3050 οὒτε
1230 2994 1391 3073 μέρος
1456 2995 1593 3050 ἐστὶν
1652 2993 1767 3049 οὒτε
1818 2993 1965 3072 ὅλον,

2062 1897 2307 1958 tionem.
2344 1895 2508 1959 Hanc
2542 1906 2738 1959 autem
2797 1916 2998 1961 rerum
3045 1901 3376 1962 divinarum
3414 1902 3704 1963 eruditio-

2056 2005 2191 2048 nem
2226 1989 2548 2064 συμπάθειαν
2584 2006 2690 2050 seu
2724 1993 3175 2053 consensionem
3218 1992 3556 2072 appellavit.
3591 1992 3705 2053 At-

2055 2088 2273 2158 que,ut
2296 2077 2553 2156 plurima
2580 2096 2767 2159 eaque
2795 2078 3138 2142 beatissima
3166 2082 3324 2144 illius
3348 2080 3709 2145 documenta

2055 2176 2457 2246 transeamus,
2492 2168 2696 2246 paucis
2728 2168 3117 2249 subjiciamus
3147 2189 3216 2232 ea
3246 2188 3375 2251 qua:
3408 2172 3481 2232 de
3514 2170 3709 2232 Domi-

2063 2277 2138 2318 no
2172 2267 2372 2319 nostro
2404 2255 2544 2319 Jesu
2579 2256 2810 2320 Christo
2843 2277 2910 2321 ac
2942 2258 3063 2321 Deo
3096 2260 3152 2320 in
3191 2259 3557 2341 Theologicis
3590 2260 3705 2322 ele—

2055 2350 2271 2409 mentis
2305 2349 2500 2409 tradit.

2716 2441 3057 2505 Hierothei.

2137 2538 2165 2606 Ξ
2201 2535 2276 2597 Χ.
2312 2533 2541 2596 Deinde
2562 2552 2701 2595 vero
2740 2534 2810 2597 ad
2860 2534 3103 2596 verbum
3138 2536 3380 2616 exponit
3409 2534 3695 2617 scriptum

2054 2623 2354 2704 quoddam
2387 2624 2578 2686 sancti
2611 2621 2944 2699 Hierothei,
2988 2624 3050 2685 in
3080 2644 3195 2706 quo
3230 2627 3437 2688 beatus
3465 2626 3567 2688 ille
3592 2628 3693 2700 ait,

2055 2713 2429 2774 ostendendo
2460 2713 2760 2790 quomodo
2791 2723 2849 2775 et
2882 2714 3064 2777 Filius
3094 2714 3297 2776 omnia
3329 2715 3389 2776 in
3424 2717 3701 2778 omnibus

2055 2812 2115 2864 et
2147 2810 2322 2884 caput
2353 2803 2619 2865 omnium
2654 2805 2748 2884 sit,
2784 2804 3111 2865 secundum
3144 2804 3520 2884 Apostolum;
3554 2824 3707 2883 quo-

2052 2896 2209 2959 niam
2246 2895 2510 2958 omnium
2545 2905 2634 2957 est
2666 2896 2968 2976 plenitudo
3021 2905 3079 2958 et
3127 2915 3433 2978 compago,
3467 2909 3525 2959 et
3558 2917 3707 2959 con-

2055 2998 2248 3049 servat
2278 3004 2346 3048 ac
2375 2988 2648 3066 astringit
2691 2994 2888 3067 partes
2928 2996 3071 3063 toto,
3109 2998 3164 3048 et
3196 3001 3389 3068 neque
3425 3007 3562 3069 pars
3618 2998 3711 3052 est

2057 3095 2253 3159 neque
2310 3083 2522 3155 totum,
2578 3077 2717 3157 quia
2766 3078 2860 3139 his
2905 3078 3181 3157 superior
3210 3086 3321 3151 est;
3360 3086 3616 3140 attamen
3650 3088 3710 3141 et

318 3174 509 3256 ληφὼς
538 3178 602 3232 τὰ
643 3178 814 3234 πάντα
849 3193 864 3208 ⁸
900 3178 986 3232 καὶ
1019 3176 1272 3255 ὑπερέχει
1304 3181 1373 3251 τῇ
1420 3176 1594 3255 φύσει,
1629 3177 1718 3231 καὶ
1747 3173 1968 3253 προέχει

2062 3177 2244 3229 totum
2283 3174 2465 3248 est,et
2497 3176 2945 3248 pars,tanquam
2979 3168 3289 3229 continens
3318 3168 3617 3244 universa,
3654 3178 3711 3230 et

328 3273 406 3342 τῷ
438 3268 615 3345 αἰτίῳ,
656 3265 753 3322 καῖ
794 3265 997 3331 τέλειος
1024 3266 1078 3321 ἐν
1123 3266 1241 3329 τόϊς
1274 3265 1515 3321 ἀτελέσιν
1547 3267 1678 3340 ἡμῖν
1724 3264 1859 3339 ἐστι,
1894 3263 1970 3323 καῖ

2064 3258 2430 3339 suprahabet
2458 3263 2755 3328 natura,et
2786 3256 3098 3319 antehabet
3128 3265 3190 3318 ut
3212 3275 3416 3334 causa;
3444 3266 3501 3319 et
3525 3258 3714 3339 perfe-

316 3354 512 3423 ἆτελὴς
567 3355 621 3411 ἐν
651 3369 771 3421 τοῖς
828 3355 1049 3418 τελείοις
1096 3354 1368 3433 ἀγγέλοις,
1416 3357 1488 3419 ὡς
1533 3353 1825 3433 ὑπερτελὴς
1892 3354 1970 3411 καῖ

2065 3357 2195 3411 ctus
2232 3354 2322 3409 est
2376 3348 2437 3408 in
2484 3347 2851 3428 imperfectis
2884 3347 3080 3429 nobis,
3131 3357 3188 3410 et
3237 3346 3621 3429 imperfectus
3651 3350 3711 3409 in

314 3444 648 3523 προτέλειος,
683 3447 772 3502 καὶ
816 3446 1080 3520 μηδεμίαν
1128 3444 1273 3524 ἔχων
1318 3445 1587 3523 σύγκρισιν
1631 3449 1727 3510 τῆς
1771 3442 1978 3498 τελειό-

316 3556 477 3601 τητος
530 3536 662 3613 τρὸς
725 3536 908 3597 αὐτούς
946 3551 958 3564 ·
986 3538 1072 3591 καὶ
1118 3533 1259 3596 εἶδος
1291 3537 1396 3589 τῶν
1452 3532 1720 3609 ἆνειὲἐων,
1769 3536 1841 3595 ὡς
1873 3531 1974 3599 δη-

317 3626 569 3702 μιουργὸς
603 3628 689 3681 καὶ
733 3625 880 3705 ἀρχὴ
940 3627 1137 3689 παντὸς
1180 3623 1377 3699 εἴδους,
1426 3626 1512 3680 καὶ
1556 3622 1783 3686 timidae:
1844 3624 1973 3702 πρὸς

318 3716 595 3793 σύγκρισιν
679 3720 784 3773 τῶν
835 3713 1328 3791 εἰδοπεποιημένων
1364 3765 1380 3790 ,
1443 3715 1516 3779 ὡς
1573 3714 1703 3792 ὑπὲρ
1785 3722 1971 3774 ταῦτα,

317 3806 480 3863 Οὸσία
559 3810 719 3862 πᾶσιν
780 3802 1158 3864 ἑπιὸατεύοοσα
1215 3804 1281 3872 τῆ
1342 3805 1527 3883 προνοίᾳ
1562 3852 1608 3883 ι,
1670 3806 1757 3861 καὶ
1813 3803 1974 3861 πάλιν

316 3894 626 3974 εξηρημένη
684 3896 896 3971 ἀπάσης
957 3896 1134 3958 οδσίας
1186 3900 1255 3971 τῇ
1561 3895 1731 3958 πάσας
1798 3894 1973 3973 ἀρχάς

316 3988 406 4042 καὶ
450 3984 625 4051 τάξεις
667 3989 998 4065 περιορίζων,
1048 3986 1135 4041 καὶ
1182 3986 1359 4052 πάσης
1419 3982 1827 4063 ὒπεριδρυμένος
1887 3985 1974 4039 καὶ

315 4075 498 4155 ἆρχῆς
558 4076 645 4132 καὶ
702 4074 924 4141 τάξεώς.
1004 4076 1101 4133 Καὶ
1132 4074 1324 4151 μέτρον

314 4163 503 4232 ἐπειδὴ
567 4165 621 4220 ἕν
669 4164 813 4239 αὒτῷ
869 4165 1042 4223 πάντα
1103 4163 1426 4243 πεπέρασται
1463 4179 1478 4195 ⁸

316 4256 448 4334 ὕπέρ
493 4257 681 4336 αἰῶνα,
716 4258 788 4321 ὡς
848 4259 1053 4313 αἰώνων
1112 4258 1342 4326 ποιητής
1376 4272 1390 4285 ⁸
1447 4256 1625 4333 ὥσπερ
1682 4255 1883 4319 τέλειος
1918 4258 1973 4312 ἒν

1426 4073 1536 4130 ἐστὶ
1596 4077 1700 4129 τὼν
1759 4074 1969 4147 ὄντων,

1542 4164 1630 4221 καὶ
1688 4166 1841 4239 αἰὼν,
1886 4166 1974 4222 καὶ

2066 3438 2344 3518 perfectis
2374 3435 2917 3517 angelis,tanquam
2943 3456 3297 3518 supraquam
3323 3438 3714 3517 perfectus,et

2068 3529 2292 3589 nullam
2326 3526 2552 3589 habens
2590 3528 3099 3609 comparationem
3135 3526 3521 3608 perfectionis
3542 3527 3711 3589 adil-

2061 3616 2173 3690 los;
2206 3625 2262 3678 et
2292 3618 2483 3677 forma
2515 3635 2716 3678 rerum
2748 3617 3114 3697 informium,
3163 3625 3440 3697 tanquam
3470 3618 3715 3680 Creator

2060 3706 2422 3787 principium
2476 3706 2671 3768 omnis
2712 3707 2945 3779 formae,
2972 3714 3031 3767 et
3055 3706 3185 3767 sine
3217 3707 3406 3768 forma
3435 3714 3712 3786 respectu

2059 3814 2264 3860 rerum
2294 3796 2769 3873 informatarum,
2804 3802 3007 3876 utpote
3036 3814 3217 3877 supra
3246 3794 3524 3859 formam.
3548 3795 3710 3857 Sub-

2060 3886 2279 3950 Stantia
2309 3894 2552 3948 cunctas
2592 3888 2955 3948 substantias
3014 3885 3347 3967 pervadens
3377 3904 3484 3947 sua
3515 3888 3711 3966 provi-

2058 3978 2287 4053 dentia,
2323 3984 2381 4038 et
2425 3984 2634 4039 natura
2664 3995 2771 4039 sua
2793 3994 3001 4038 rursus
3043 3976 3116 4038 ab
3161 3976 3322 4037 omni
3381 3975 3716 4042 substantia

2062 4075 2365 4149 exempta;
2401 4074 2615 4130 cuncta
2648 4066 2937 4149 principia
2987 4065 3348 4147 ordinesque
3392 4064 3710 4146 deﬁniens,

2058 4168 2115 4223 et
2172 4176 2352 4239 supra
2382 4176 2559 4221 omne
2618 4157 2975 4238 principium
3008 4156 3401 4237 ordinemque
3457 4155 3715 4217 colloca-

2059 4250 2257 4311 tus.Et
2275 4266 2478 4310 rerum
2502 4256 2592 4309 est
2616 4245 3205 4329 mensura,quoniam
3232 4247 3292 4307 in
3317 4250 3445 4327 ipso
3466 4246 3712 4307 univer-

315 4333 437 4410 τοῖς
470 4333 708 4425 ἀτελέσι,
741 4346 828 4402 καὶ
885 4344 939 4401 ἐν
982 4357 1101 4410 τοῖς
1132 4345 1354 4406 τελείοις
1386 4342 1608 4423 ἀτελής,
1641 4344 1715 4407 ὡς
1746 4343 1970 4423 ὑπερτέ-

2062 4356 2125 4400 sa
2159 4337 2645 4413 terminantur;et
2678 4337 2959 4399 saeculum
2986 4344 3247 4425 etsupra
3271 4333 3720 4425 saeculum,tan-

316 4432 465 4497 λειος
500 4453 514 4467 ⁸
575 4422 714 4492 οὕτω
774 4434 985 4515 πλήρης
1019 4435 1072 4491 ἐν
1100 4447 1221 4499 τοῖς
1256 4432 1476 4513 ἐνδεέσι,
1511 4422 1601 4490 καί
1628 4422 1970 4513 ὑπερπλῆρης

2062 4446 2239 4510 quam
2267 4437 2475 4490 auctor
2497 4427 2881 4502 szeculorum;
2904 4424 3072 4507 quasi
3097 4424 3395 4515 perfectus
3415 4429 3475 4484 in
3501 4422 3721 4503 imper-

317 4524 372 4581 ἒν
398 4538 519 4592 τοῖς
552 4525 780 4604 πλήρεσι
814 4545 830 4561 ⁸
866 4514 951 4583 καὶ
1008 4524 1175 4582 τᾶλλα
1204 4525 1335 4602 ὑπὲρ
1365 4534 1551 4598 ταῦτα,
1600 4525 1689 4579 ’ἱνα
1735 4524 1811 4599 μὴ
1860 4524 1970 4581 καθ¹

2062 4517 2257 4600 fectis,
2290 4526 2348 4580 et
2382 4519 2438 4615 i_n
2478 4515 2758 4598 perfectis
2791 4515 3199 4615 imperfectus,
3248 4514 3467 4615 quippe
3499 4530 3714 4615 supra-

316 4613 544 4673 ἕκαστον
574 4614 840 4695 λέγω-λεν.
896 4605 1065 4674 ’Ὅθεν
1109 4616 1197 4673 καὶ
1267 4615 1381 4671 ἐπεὶ
1438 4615 1575 4688 ἡμῖν
1619 4613 1970 4681 κεκοινώνηκε

2062 4627 2242 4689 quam
2270 4607 2599 4687 perfectus;
2629 4616 2905 4688 tanquam
2939 4603 3154 4686 plenus
3185 4604 3245 4665 in
3279 4604 3711 4683 indigentibus,

318 4708 517 4783 σαρκὸς
567 4708 654 4763 καὶ
702 4706 960 4783 αἵματος,
1017 4707 1105 4762 καὶ
1159 4703 1371 4771 ἀληθῶς
1446 4702 1705 4776 οὗσιώθη,
1749 4704 1836 4760 καὶ
1880 4702 1970 4759 ἄν·

2062 4708 2121 4760 et
2154 4715 2515 4779 supraquam
2551 4696 2762 4777 plenus
2792 4696 2853 4757 in
2888 4695 3101 4777 plenis,
3139 4703 3201 4757 et
3231 4711 3596 4783 quaecunque
3618 4711 3718 4755 su-

316 4782 530 4872 θρωπος
562 4793 922 4876 ἐχρημάτισε,
970 4794 1153 4875 πάλιν,
1218 4793 1314 4850 κᾶν
1342 4793 1546 4856 τούτοις
1605 4792 1721 4873 ἔχει
1754 4793 1821 4847 τὰ
1880 4798 1970 4860 τῆς

2063 4806 2169 4870 pra
2202 4787 2327 4851 haec
2351 4797 2517 4863 sunt,
2559 4806 2635 4849 ne
2669 4786 2902 4867 singula
2931 4803 3373 4849 recenseamus.
3400 4782 3552 4876 Hinc
3576 4800 3719 4865 quo-

316 4886 575 4951 θεότητος
608 4875 901 4965 αὐχήματα
932 4882 1135 4959 τέλεια,
1171 4884 1228 4940 οὗ
1262 4884 1424 4958 μόνον
1472 4880 1584 4939 καθ’
1623 4882 1970 4940 ὅᾶναλλοιώ-

2064 4879 2222 4940 niam
2259 4877 2436 4940 etiam
2472 4876 2786 4940 nobiscum
2818 4876 2880 4938 in
2913 4894 3093 4941 carne
3140 4885 3199 4938 et
3235 4875 3525 4955 sanguine
3556 4892 3718 4965 com-

317 4996 423 5040 τως
457 4978 842 5050 κεκοινώνηκε,
878 4973 1043 5050 μηδὲν
1092 4972 1369 5037 πεπονθώς
1415 4974 1556 5050 παρὰ
1599 4972 1696 5040 τῆς
1730 4975 1970 5052 χείρονος

2062 4969 2476 5043 municavit,et
2498 4986 2638 5031 vere
2666 4966 3056 5030 substantiam
3083 4976 3344 5029 nostram
3370 4962 3716 5044 assumpsit,

318 5065 732 5144 ἂνθρωπότητος
779 5067 853 5130 εἷς
908 5065 1007 5133 τὴν
1047 5066 1203 5121 αὐτοῦ
1243 5064 1494 5137 θεότητα,
1556 5061 1676 5119 ἀλλ’
1709 5062 1736 5118 ὅ
1768 5085 1841 5137 τι,
1891 5066 1970 5120 καὶ

2062 5068 2119 5123 et
2141 5060 2319 5122 homo
2341 5061 2533 5122 dictus
2557 5067 2883 5133 est,rursus
2907 5059 3082 5120 etiam
3108 5057 3170 5119 in
3196 5057 3272 5120 iis
3296 5054 3473 5118 habet
3491 5052 3717 5144 perfec:

318 5157 382 5211 τὸ
412 5156 629 5212 πάντων
660 5155 994 5230 καινότατον,
1056 5155 1110 5211 ἐν
1171 5166 1289 5219 τοῖς
1347 5165 1593 5232 φυσικοῖς
1624 5153 1779 5228 ἡμῶν
1809 5155 1974 5233 ὑπερ-

321 5246 460 5324 φυὴς
503 5246 599 5322 ἦν,
643 5246 898 5320 πεζεύων,
960 5243 1080 5301 ἀλλ’
1140 5245 1319 5301 ἐπάνω
1380 5240 1686 5302 εὐδιαλύτου
1729 5242 1916 5308 ὕδατος
1967 5261 1981 5275 ⁸

1653 5351 1667 5365 ο
1716 5333 1890 5391 πάντα
1920 5334 1985 5391 τὰ
2076 5328 2836 5409 communicarit,nihilque
2870 5346 2905 5390 a
2936 5329 3127 5391 viliori
3158 5325 3522 5390 humanitate
3555 5340 3723 5403 passa

317 5335 531 5408 ἒσθίων,
594 5333 732 5391 ἆλλὰ
792 5332 955 5397 τόσας
1012 5332 1269 5414 χιλιάδας
1327 5330 1602 5413 χορτάζων

325 5425 483 5499 ἡμῖν)
515 5423 567 5489 ἐξ
597 5426 753 5500 ἡμῶν
780 5423 948 5505 ἔχων,
980 5425 1067 5480 καὶ
1111 5424 1248 5498 ὑμᾶς
1278 5421 1581 5502 ὑπερέχων.

2076 5157 2133 5211 ta
2162 5149 2433 5231 quaedam
2483 5148 2732 5227 vestigia
2777 5147 3130 5221 divinitatis;
3165 5165 3284 5210 non
3333 5144 3525 5208 solum
3556 5141 3717 5224 quod

2073 5240 2356 5303 divinitas
2418 5241 2547 5301 sine
2605 5238 2727 5299 ulla
2783 5238 3198 5301 inmutatione
3241 5237 3381 5298 559
3409 5233 3719 5297 nobiscum

2067 5429 2367 5498 sit;verum
2383 5418 2739 5501 etiam,quod
2759 5419 2926 5481 novis
2946 5416 3220 5481 omnibus
3236 5415 3492 5480 maxime
3503 5429 3720 5475 novum

319 5520 441 5589 est,
476 5513 537 5583 in
568 5502 936 5576 naturalibus
977 5511 1196 5575 nostris
1225 5510 1704 5593 supernatnralis
1736 5522 2060 5598 exstiterit
2098 5516 2438 5591 ambulans,
2475 5509 2580 5573 sed
2613 5527 2793 5590 supra
2819 5527 3034 5586 aquam
3070 5508 3283 5571 fluxam
3322 5526 3338 5586 ;
3371 5502 3718 5580 comedens,

316 5583 438 5667 sed
463 5610 546 5707 tot
578 5602 767 5667 millia
798 5603 1048 5680 satians,
1069 5602 1283 5707 omnia
1305 5583 1506 5707 nostra
1530 5619 1600 5664 ex
1636 5603 1813 5707 nobis
1842 5583 2271 5707 etisupbainos
2304 5583 2667 5707 excellenter
2689 5583 2949 5703 habens.

405 5692 571 5789 3X1,
616 5697 838 5756 Τούτων
882 5695 980 5774 μὲν
1033 5693 1193 5761 ἃλιςο
1251 5694 1335 5751 ἐπὶ
1379 5690 1433 5750 δὲ
1493 5701 1588 5753 τοῦ
1640 5692 1805 5776 λόγου
1865 5731 1996 5773 qm-

2159 5679 2303 5792 ςΧΙ.
2336 5698 2457 5765 Sed
2493 5695 2568 5759 de
2597 5692 2692 5758 his
2743 5692 2907 5755 satis:
2957 5689 3135 5756 modo
3178 5694 3475 5757 sermonis
3531 5679 3719 5756 nostri
