  <div class='ocr_page' id='page_1' title='image "/cluster/home/n/w/nwhite01/storage/ocr_20150623/3/coo.31924054872829/349.png"; bbox 0 0 4072 6424; ppageno 0'>
   <div class='ocr_carea' id='block_1_1' title="bbox 444 330 562 399">
    <p class='ocr_par' dir='ltr' id='par_1_1' title="bbox 444 330 562 399">
     <span class='ocr_line' id='line_1_1' title="bbox 444 330 562 399; baseline -0.017 1"><span class='ocrx_word' id='word_1_1' title='bbox 444 330 562 399; x_wconf 88' lang='grc'><strong>683</strong></span> 
     </span>
    </p>
   </div>
   <div class='ocr_carea' id='block_1_2' title="bbox 1616 334 2670 404">
    <p class='ocr_par' dir='ltr' id='par_1_2' title="bbox 1616 334 2670 404">
     <span class='ocr_line' id='line_1_2' title="bbox 1616 334 2670 404; baseline 0.005 -5"><span class='ocrx_word' id='word_1_2' title='bbox 1616 334 1677 401; x_wconf 91' lang='lat' dir='ltr'><strong>S.</strong></span> <span class='ocrx_word' id='word_1_3' title='bbox 1726 338 2077 403; x_wconf 89' lang='lat' dir='ltr'><strong>DIONYSII</strong></span> <span class='ocrx_word' id='word_1_4' title='bbox 2138 336 2670 404; x_wconf 70' lang='lat' dir='ltr'><strong>AREOPAGITIE.</strong></span> 
     </span>
    </p>
   </div>
   <div class='ocr_carea' id='block_1_3' title="bbox 3737 333 3851 412">
    <p class='ocr_par' dir='ltr' id='par_1_3' title="bbox 3737 333 3851 412">
     <span class='ocr_line' id='line_1_3' title="bbox 3737 333 3851 412; baseline 0.018 -2"><span class='ocrx_word' id='word_1_5' title='bbox 3737 333 3851 412; x_wconf 81' lang='grc'><strong>684</strong></span> 
     </span>
    </p>
   </div>
   <div class='ocr_carea' id='block_1_4' title="bbox 436 469 2114 556">
    <p class='ocr_par' dir='ltr' id='par_1_4' title="bbox 436 469 2100 554">
     <span class='ocr_line' id='line_1_4' title="bbox 436 469 2100 554; baseline -0.001 -19"><span class='ocrx_word' id='word_1_6' title='bbox 436 470 866 535; x_wconf 80' lang='lat' dir='ltr'><strong>imbecillitatis</strong></span> <span class='ocrx_word' id='word_1_7' title='bbox 887 469 1215 533; x_wconf 77' lang='lat' dir='ltr'><strong>bonitatem</strong></span> <span class='ocrx_word' id='word_1_8' title='bbox 1241 471 1601 553; x_wconf 89' lang='lat' dir='ltr'><strong>collaudare)</strong></span> <span class='ocrx_word' id='word_1_9' title='bbox 1632 474 1762 553; x_wconf 85' lang='lat' dir='ltr'><strong>ipse</strong></span> <span class='ocrx_word' id='word_1_10' title='bbox 1778 483 1910 554; x_wconf 89' lang='lat' dir='ltr'><strong>post</strong></span> <span class='ocrx_word' id='word_1_11' title='bbox 1933 475 2100 537; x_wconf 88' lang='lat' dir='ltr'><strong>theo-</strong></span> 
     </span>
    </p>
   </div>
   <div class='ocr_carea' id='block_1_5' title="bbox 2202 469 3847 556">
    <p class='ocr_par' dir='ltr' id='par_1_5' title="bbox 2202 476 3847 556">
     <span class='ocr_line' id='line_1_5' title="bbox 2202 476 3847 556; baseline 0.006 -25"><span class='ocrx_word' id='word_1_12' title='bbox 2202 476 2461 532; x_wconf 80' lang='grc' dir='ltr'>ιοινωνίαν</span> <span class='ocrx_word' id='word_1_13' title='bbox 2499 476 2753 556; x_wconf 79' lang='grc' dir='ltr'><strong>πάσχων,</strong></span> <span class='ocrx_word' id='word_1_14' title='bbox 2804 478 2894 534; x_wconf 87' lang='grc' dir='ltr'><strong>καὶ</strong></span> <span class='ocrx_word' id='word_1_15' title='bbox 2930 478 3063 556; x_wconf 81' lang='grc' dir='ltr'>πρὸς</span> <span class='ocrx_word' id='word_1_16' title='bbox 3122 480 3337 534; x_wconf 74' lang='grc' dir='ltr'>πόναων</span> <span class='ocrx_word' id='word_1_17' title='bbox 3392 481 3470 535; x_wconf 80' lang='grc' dir='ltr'><strong>ὧν</strong></span> <span class='ocrx_word' id='word_1_18' title='bbox 3499 482 3727 549; x_wconf 74' lang='grc' dir='ltr'>ἦκουετο</span> <span class='ocrx_word' id='word_1_19' title='bbox 3755 485 3847 541; x_wconf 82' lang='grc' dir='ltr'><strong>καὶ</strong></span> 
     </span>
    </p>
   </div>
   <div class='ocr_carea' id='block_1_6' title="bbox 439 559 2097 637">
    <p class='ocr_par' dir='ltr' id='par_1_6' title="bbox 439 559 2097 637">
     <span class='ocr_line' id='line_1_6' title="bbox 439 559 2097 637; baseline 0.002 -15"><span class='ocrx_word' id='word_1_20' title='bbox 439 562 699 637; x_wconf 84' lang='lat' dir='ltr'><strong>logos,ut</strong></span> <span class='ocrx_word' id='word_1_21' title='bbox 724 560 872 635; x_wconf 90' lang='lat' dir='ltr'><strong>noti,</strong></span> <span class='ocrx_word' id='word_1_22' title='bbox 895 559 1128 622; x_wconf 64' lang='lat' dir='ltr'><strong>caeteris</strong></span> <span class='ocrx_word' id='word_1_23' title='bbox 1159 561 1436 623; x_wconf 87' lang='lat' dir='ltr'><strong>omnibus</strong></span> <span class='ocrx_word' id='word_1_24' title='bbox 1467 564 1657 626; x_wconf 86' lang='lat' dir='ltr'><strong>sacris</strong></span> <span class='ocrx_word' id='word_1_25' title='bbox 1688 564 2097 625; x_wconf 82' lang='lat' dir='ltr'><strong>laudatoribus</strong></span> 
     </span>
    </p>
   </div>
   <div class='ocr_carea' id='block_1_7' title="bbox 440 648 2093 732">
    <p class='ocr_par' dir='ltr' id='par_1_7' title="bbox 440 648 2093 732">
     <span class='ocr_line' id='line_1_7' title="bbox 440 648 2093 732; baseline 0.002 -20"><span class='ocrx_word' id='word_1_26' title='bbox 440 648 858 723; x_wconf 83' lang='lat' dir='ltr'><strong>antecellebat,</strong></span> <span class='ocrx_word' id='word_1_27' title='bbox 897 656 1055 710; x_wconf 89' lang='lat' dir='ltr'><strong>totus</strong></span> <span class='ocrx_word' id='word_1_28' title='bbox 1105 652 1428 732; x_wconf 85' lang='lat' dir='ltr'><strong>excedens,</strong></span> <span class='ocrx_word' id='word_1_29' title='bbox 1461 660 1617 713; x_wconf 92' lang='lat' dir='ltr'><strong>totus</strong></span> <span class='ocrx_word' id='word_1_30' title='bbox 1667 672 1730 714; x_wconf 91' lang='lat' dir='ltr'><strong>se</strong></span> <span class='ocrx_word' id='word_1_31' title='bbox 1778 653 2093 727; x_wconf 81' lang='lat' dir='ltr'><strong>deserens,</strong></span> 
     </span>
    </p>
   </div>
   <div class='ocr_carea' id='block_1_8' title="bbox 435 738 2096 820">
    <p class='ocr_par' dir='ltr' id='par_1_8' title="bbox 435 738 2096 820">
     <span class='ocr_line' id='line_1_8' title="bbox 435 738 2096 820; baseline 0.001 -20"><span class='ocrx_word' id='word_1_32' title='bbox 435 756 758 818; x_wconf 80' lang='lat' dir='ltr'><strong>rerumque</strong></span> <span class='ocrx_word' id='word_1_33' title='bbox 789 757 934 818; x_wconf 89' lang='lat' dir='ltr'><strong>quas</strong></span> <span class='ocrx_word' id='word_1_34' title='bbox 967 738 1245 801; x_wconf 81' lang='lat' dir='ltr'><strong>laudabat</strong></span> <span class='ocrx_word' id='word_1_35' title='bbox 1287 741 1653 801; x_wconf 82' lang='lat' dir='ltr'><strong>consortium</strong></span> <span class='ocrx_word' id='word_1_36' title='bbox 1693 749 1950 820; x_wconf 79' lang='lat' dir='ltr'><strong>patiens;</strong></span> <span class='ocrx_word' id='word_1_37' title='bbox 1985 742 2096 801; x_wconf 84' lang='lat' dir='ltr'><strong>de-</strong></span> 
     </span>
    </p>
   </div>
   <div class='ocr_carea' id='block_1_9' title="bbox 441 827 2099 909">
    <p class='ocr_par' dir='ltr' id='par_1_9' title="bbox 441 827 2099 909">
     <span class='ocr_line' id='line_1_9' title="bbox 441 827 2099 909; baseline 0.002 -20"><span class='ocrx_word' id='word_1_38' title='bbox 441 829 623 909; x_wconf 90' lang='lat' dir='ltr'><strong>nique</strong></span> <span class='ocrx_word' id='word_1_39' title='bbox 652 828 726 889; x_wconf 89' lang='lat' dir='ltr'><strong>ab</strong></span> <span class='ocrx_word' id='word_1_40' title='bbox 759 827 1065 902; x_wconf 90' lang='lat' dir='ltr'><strong>omnibus,</strong></span> <span class='ocrx_word' id='word_1_41' title='bbox 1104 847 1137 889; x_wconf 92' lang='lat' dir='ltr'><strong>a</strong></span> <span class='ocrx_word' id='word_1_42' title='bbox 1167 828 1386 904; x_wconf 86' lang='lat' dir='ltr'><strong>quibus</strong></span> <span class='ocrx_word' id='word_1_43' title='bbox 1439 830 1795 892; x_wconf 85' lang='lat' dir='ltr'><strong>audiebatur</strong></span> <span class='ocrx_word' id='word_1_44' title='bbox 1826 850 1894 892; x_wconf 90' lang='lat' dir='ltr'><strong>ac</strong></span> <span class='ocrx_word' id='word_1_45' title='bbox 1928 831 2099 892; x_wconf 88' lang='lat' dir='ltr'><strong>vide-</strong></span> 
     </span>
    </p>
   </div>
   <div class='ocr_carea' id='block_1_10' title="bbox 439 917 2100 1000">
    <p class='ocr_par' dir='ltr' id='par_1_10' title="bbox 439 917 2100 1000">
     <span class='ocr_line' id='line_1_10' title="bbox 439 917 2100 1000; baseline 0.001 -21"><span class='ocrx_word' id='word_1_46' title='bbox 439 917 640 997; x_wconf 84' lang='lat' dir='ltr'><strong>batur,</strong></span> <span class='ocrx_word' id='word_1_47' title='bbox 672 930 791 979; x_wconf 88' lang='lat' dir='ltr'><strong>tam</strong></span> <span class='ocrx_word' id='word_1_48' title='bbox 828 937 861 979; x_wconf 89' lang='lat' dir='ltr'><strong>a</strong></span> <span class='ocrx_word' id='word_1_49' title='bbox 891 917 1050 978; x_wconf 90' lang='lat' dir='ltr'><strong>notis</strong></span> <span class='ocrx_word' id='word_1_50' title='bbox 1082 936 1255 998; x_wconf 90' lang='lat' dir='ltr'><strong>quam</strong></span> <span class='ocrx_word' id='word_1_51' title='bbox 1321 918 1559 1000; x_wconf 78' lang='lat' dir='ltr'><strong>ignotis,</strong></span> <span class='ocrx_word' id='word_1_52' title='bbox 1614 920 1818 981; x_wconf 88' lang='lat' dir='ltr'><strong>divino</strong></span> <span class='ocrx_word' id='word_1_53' title='bbox 1853 921 2100 981; x_wconf 90' lang='lat' dir='ltr'><strong>numine</strong></span> 
     </span>
    </p>
   </div>
   <div class='ocr_carea' id='block_1_11' title="bbox 436 1006 2101 1086">
    <p class='ocr_par' dir='ltr' id='par_1_11' title="bbox 436 1006 2101 1086">
     <span class='ocr_line' id='line_1_11' title="bbox 436 1006 2101 1086; baseline 0 -17"><span class='ocrx_word' id='word_1_54' title='bbox 436 1008 667 1069; x_wconf 82' lang='lat' dir='ltr'><strong>afﬂatus</strong></span> <span class='ocrx_word' id='word_1_55' title='bbox 697 1006 1051 1086; x_wconf 82' lang='lat' dir='ltr'><strong>divinusqne</strong></span> <span class='ocrx_word' id='word_1_56' title='bbox 1076 1011 1249 1085; x_wconf 86' lang='lat' dir='ltr'><strong>plane</strong></span> <span class='ocrx_word' id='word_1_57' title='bbox 1275 1008 1546 1070; x_wconf 89' lang='lat' dir='ltr'><strong>laudator</strong></span> <span class='ocrx_word' id='word_1_58' title='bbox 1577 1010 1957 1071; x_wconf 89' lang='lat' dir='ltr'><strong>censebatur.</strong></span> <span class='ocrx_word' id='word_1_59' title='bbox 1985 1010 2101 1073; x_wconf 88' lang='lat' dir='ltr'><strong>Sed</strong></span> 
     </span>
    </p>
   </div>
   <div class='ocr_carea' id='block_1_12' title="bbox 448 1096 2103 1176">
    <p class='ocr_par' dir='ltr' id='par_1_12' title="bbox 448 1096 2103 1176">
     <span class='ocr_line' id='line_1_12' title="bbox 448 1096 2103 1176; baseline 0.001 -18"><span class='ocrx_word' id='word_1_60' title='bbox 448 1097 590 1176; x_wconf 84' lang='lat' dir='ltr'><strong>quid</strong></span> <span class='ocrx_word' id='word_1_61' title='bbox 627 1097 755 1170; x_wconf 87' lang='lat' dir='ltr'><strong>tibi,</strong></span> <span class='ocrx_word' id='word_1_62' title='bbox 790 1114 1063 1172; x_wconf 80' lang='lat' dir='ltr'><strong>quaenam</strong></span> <span class='ocrx_word' id='word_1_63' title='bbox 1090 1096 1170 1157; x_wconf 91' lang='lat' dir='ltr'><strong>ibi</strong></span> <span class='ocrx_word' id='word_1_64' title='bbox 1204 1097 1591 1159; x_wconf 85' lang='lat' dir='ltr'><strong>divinissimae</strong></span> <span class='ocrx_word' id='word_1_65' title='bbox 1614 1099 1773 1160; x_wconf 85' lang='lat' dir='ltr'><strong>dicta</strong></span> <span class='ocrx_word' id='word_1_66' title='bbox 1792 1108 1950 1173; x_wconf 88' lang='lat' dir='ltr'><strong>sunt,</strong></span> <span class='ocrx_word' id='word_1_67' title='bbox 2003 1118 2103 1160; x_wconf 93' lang='lat' dir='ltr'><strong>re-</strong></span> 
     </span>
    </p>
   </div>
   <div class='ocr_carea' id='block_1_13' title="bbox 2180 567 3845 651">
    <p class='ocr_par' dir='ltr' id='par_1_13' title="bbox 2180 567 3845 651">
     <span class='ocr_line' id='line_1_13' title="bbox 2180 567 3845 651; baseline 0.005 -30"><span class='ocrx_word' id='word_1_68' title='bbox 2180 568 2403 643; x_wconf 80' lang='grc' dir='ltr'>ἑωρᾶτο,</span> <span class='ocrx_word' id='word_1_69' title='bbox 2444 569 2527 623; x_wconf 69' lang='grc' dir='ltr'><strong>καὶ</strong></span> <span class='ocrx_word' id='word_1_70' title='bbox 2559 567 2930 645; x_wconf 77' lang='grc' dir='ltr'>ἐνιγνώσκετο,</span> <span class='ocrx_word' id='word_1_71' title='bbox 2994 570 3079 624; x_wconf 73' lang='grc' dir='ltr'><strong>καὶ</strong></span> <span class='ocrx_word' id='word_1_72' title='bbox 3122 570 3218 624; x_wconf 78' lang='grc' dir='ltr'><strong>οὒκ</strong></span> <span class='ocrx_word' id='word_1_73' title='bbox 3272 567 3656 651; x_wconf 71' lang='grc' dir='ltr'><strong>ἐγιγνώσκετο,</strong></span> <span class='ocrx_word' id='word_1_74' title='bbox 3717 573 3845 629; x_wconf 82' lang='grc' dir='ltr'>θεό-</span> 
     </span>
    </p>
   </div>
   <div class='ocr_carea' id='block_1_14' title="bbox 2181 654 3844 736">
    <p class='ocr_par' dir='ltr' id='par_1_14' title="bbox 2181 654 3844 736">
     <span class='ocr_line' id='line_1_14' title="bbox 2181 654 3844 736; baseline 0.005 -25"><span class='ocrx_word' id='word_1_75' title='bbox 2181 655 2385 722; x_wconf 79' lang='grc' dir='ltr'>ληπτος</span> <span class='ocrx_word' id='word_1_76' title='bbox 2422 656 2589 729; x_wconf 57' lang='grc' dir='ltr'>εἶναι,</span> <span class='ocrx_word' id='word_1_77' title='bbox 2643 662 2787 723; x_wconf 83' lang='grc' dir='ltr'>θεῖος</span> <span class='ocrx_word' id='word_1_78' title='bbox 2840 656 2902 706; x_wconf 74' lang='grc'><strong>6²</strong></span> <span class='ocrx_word' id='word_1_79' title='bbox 2942 656 3235 734; x_wconf 72' lang='grc' dir='ltr'>ὕμνολὸγος</span> <span class='ocrx_word' id='word_1_80' title='bbox 3268 660 3604 736; x_wconf 78' lang='grc' dir='ltr'>κρινόμενος.</span> <span class='ocrx_word' id='word_1_81' title='bbox 3669 664 3764 719; x_wconf 77' lang='grc' dir='ltr'>Καὶ</span> 
     </span>
    </p>
   </div>
   <div class='ocr_carea' id='block_1_15' title="bbox 2184 735 3849 825">
    <p class='ocr_par' dir='ltr' id='par_1_15' title="bbox 2184 735 3849 825">
     <span class='ocr_line' id='line_1_15' title="bbox 2184 735 3849 825; baseline 0.005 -26"><span class='ocrx_word' id='word_1_82' title='bbox 2184 744 2243 799; x_wconf 75' lang='grc' dir='ltr'><strong>ἄν</strong></span> <span class='ocrx_word' id='word_1_83' title='bbox 2302 767 2384 800; x_wconf 89' lang='grc' dir='ltr'><strong>σοι</strong></span> <span class='ocrx_word' id='word_1_84' title='bbox 2443 748 2560 822; x_wconf 85' lang='grc' dir='ltr'>περὶ</span> <span class='ocrx_word' id='word_1_85' title='bbox 2605 752 2711 801; x_wconf 74' lang='grc' dir='ltr'>τῶν</span> <span class='ocrx_word' id='word_1_86' title='bbox 2756 747 2873 802; x_wconf 76' lang='grc' dir='ltr'>ἐκεῖ</span> <span class='ocrx_word' id='word_1_87' title='bbox 2929 745 3357 823; x_wconf 73' lang='grc' dir='ltr'>θεολογηθέντύν</span> <span class='ocrx_word' id='word_1_88' title='bbox 3414 745 3683 825; x_wconf 73' lang='grc' dir='ltr'>λέγοιμις</span> <span class='ocrx_word' id='word_1_89' title='bbox 3747 735 3849 807; x_wconf 70' lang='grc' dir='ltr'><strong>ἰῖὶσιἰ</strong></span> 
     </span>
    </p>
   </div>
   <div class='ocr_carea' id='block_1_16' title="bbox 2183 825 3849 904">
    <p class='ocr_par' dir='ltr' id='par_1_16' title="bbox 2183 825 3849 904">
     <span class='ocr_line' id='line_1_16' title="bbox 2183 825 3849 904; baseline 0.004 -25"><span class='ocrx_word' id='word_1_90' title='bbox 2183 828 2282 902; x_wconf 69' lang='grc' dir='ltr'>γὰρ</span> <span class='ocrx_word' id='word_1_91' title='bbox 2334 828 2377 880; x_wconf 80' lang='grc' dir='ltr'>εἰ</span> <span class='ocrx_word' id='word_1_92' title='bbox 2406 826 2483 899; x_wconf 74' lang='grc' dir='ltr'><strong>μὴ</strong></span> <span class='ocrx_word' id='word_1_93' title='bbox 2530 827 2615 880; x_wconf 85' lang='grc' dir='ltr'><strong>καὶ</strong></span> <span class='ocrx_word' id='word_1_94' title='bbox 2674 829 2906 901; x_wconf 77' lang='grc' dir='ltr'>ἒμαυτοῦ</span> <span class='ocrx_word' id='word_1_95' title='bbox 2959 825 3342 904; x_wconf 59' lang='grc' dir='ltr'>ἐπιλέλησμαι,</span> <span class='ocrx_word' id='word_1_96' title='bbox 3405 827 3668 891; x_wconf 77' lang='grc' dir='ltr'>πολλάκις</span> <span class='ocrx_word' id='word_1_97' title='bbox 3720 829 3849 886; x_wconf 75' lang='grc' dir='ltr'>οἶδα</span> 
     </span>
    </p>
   </div>
   <div class='ocr_carea' id='block_1_17' title="bbox 2184 916 3851 993">
    <p class='ocr_par' dir='ltr' id='par_1_17' title="bbox 2184 916 3851 993">
     <span class='ocr_line' id='line_1_17' title="bbox 2184 916 3851 993; baseline 0.001 -23"><span class='ocrx_word' id='word_1_98' title='bbox 2184 917 2326 991; x_wconf 72' lang='grc' dir='ltr'>παρὰ</span> <span class='ocrx_word' id='word_1_99' title='bbox 2387 921 2482 970; x_wconf 71' lang='grc' dir='ltr'>σοῦ</span> <span class='ocrx_word' id='word_1_100' title='bbox 2541 917 2628 969; x_wconf 77' lang='grc' dir='ltr'>καὶ</span> <span class='ocrx_word' id='word_1_101' title='bbox 2683 916 2818 993; x_wconf 75' lang='grc' dir='ltr'>μέρη</span> <span class='ocrx_word' id='word_1_102' title='bbox 2882 916 2998 971; x_wconf 78' lang='grc' dir='ltr'>τινὰ</span> <span class='ocrx_word' id='word_1_103' title='bbox 3040 921 3146 971; x_wconf 84' lang='grc' dir='ltr'>τῶν</span> <span class='ocrx_word' id='word_1_104' title='bbox 3205 918 3554 972; x_wconf 60' lang='grc' dir='ltr'>ὶ-Νθεαστικῶν</span> <span class='ocrx_word' id='word_1_105' title='bbox 3633 918 3851 974; x_wconf 80' lang='grc' dir='ltr'>ὲκείνῶν</span> 
     </span>
    </p>
   </div>
   <div class='ocr_carea' id='block_1_18' title="bbox 2183 1002 3847 1087">
    <p class='ocr_par' dir='ltr' id='par_1_18' title="bbox 2183 1002 3847 1087">
     <span class='ocr_line' id='line_1_18' title="bbox 2183 1002 3847 1087; baseline 0.015 -31"><span class='ocrx_word' id='word_1_106' title='bbox 2183 1002 2462 1079; x_wconf 72' lang='grc' dir='ltr'>ὑμνῳδισῦν</span> <span class='ocrx_word' id='word_1_107' title='bbox 2492 1005 2792 1068; x_wconf 77' lang='grc' dir='ltr'>ἐπακούσας</span> <span class='ocrx_word' id='word_1_108' title='bbox 2831 1025 2841 1035; x_wconf 94' lang='grc'><strong>·</strong></span> <span class='ocrx_word' id='word_1_109' title='bbox 2872 1004 3008 1062; x_wconf 70' lang='grc' dir='ltr'>οὕτω</span> <span class='ocrx_word' id='word_1_110' title='bbox 3040 1028 3123 1062; x_wconf 88' lang='grc' dir='ltr'><strong>σοι</strong></span> <span class='ocrx_word' id='word_1_111' title='bbox 3155 1002 3358 1071; x_wconf 78' lang='grc' dir='ltr'>σπουδῆ</span> <span class='ocrx_word' id='word_1_112' title='bbox 3382 1006 3459 1080; x_wconf 75' lang='grc' dir='ltr'>μὴ</span> <span class='ocrx_word' id='word_1_113' title='bbox 3490 1005 3549 1061; x_wconf 63' lang='grc' dir='ltr'><strong>ἐκ</strong></span> <span class='ocrx_word' id='word_1_114' title='bbox 3580 1007 3847 1087; x_wconf 70' lang='grc' dir='ltr'>παρέργου</span> 
     </span>
    </p>
   </div>
   <div class='ocr_carea' id='block_1_19' title="bbox 2188 1091 2822 1166">
    <p class='ocr_par' dir='ltr' id='par_1_19' title="bbox 2188 1091 2822 1166">
     <span class='ocr_line' id='line_1_19' title="bbox 2188 1091 2822 1166; baseline -0.002 -16"><span class='ocrx_word' id='word_1_115' title='bbox 2188 1096 2254 1150; x_wconf 73' lang='grc' dir='ltr'>τὰ</span> <span class='ocrx_word' id='word_1_116' title='bbox 2282 1097 2404 1149; x_wconf 86' lang='grc' dir='ltr'>θεῖα</span> <span class='ocrx_word' id='word_1_117' title='bbox 2446 1091 2796 1166; x_wconf 71' lang='grc' dir='ltr'><strong>μεταδιώκειν</strong></span> <span class='ocrx_word' id='word_1_118' title='bbox 2810 1142 2822 1156; x_wconf 87' lang='grc'><strong>,</strong></span> 
     </span>
    </p>
   </div>
   <div class='ocr_carea' id='block_1_20' title="bbox 444 1181 3851 1268">
    <p class='ocr_par' dir='ltr' id='par_1_20' title="bbox 444 1181 3851 1268">
     <span class='ocr_line' id='line_1_20' title="bbox 444 1181 3851 1268; baseline 0 -21"><span class='ocrx_word' id='word_1_119' title='bbox 444 1186 569 1248; x_wconf 84' lang='lat' dir='ltr'><strong>fero</strong></span> <span class='ocrx_word' id='word_1_120' title='bbox 601 1192 629 1249; x_wconf 65' lang='grc' dir='ltr'><strong>’Β</strong></span> <span class='ocrx_word' id='word_1_121' title='bbox 684 1186 945 1258; x_wconf 87' lang='lat' dir='ltr'><strong>Etenim,</strong></span> <span class='ocrx_word' id='word_1_122' title='bbox 983 1184 1096 1245; x_wconf 88' lang='lat' dir='ltr'><strong>nisi</strong></span> <span class='ocrx_word' id='word_1_123' title='bbox 1159 1204 1254 1248; x_wconf 91' lang='lat' dir='ltr'><strong>me</strong></span> <span class='ocrx_word' id='word_1_124' title='bbox 1288 1188 1405 1248; x_wconf 91' lang='lat' dir='ltr'><strong>mei</strong></span> <span class='ocrx_word' id='word_1_125' title='bbox 1458 1187 1652 1268; x_wconf 87' lang='lat' dir='ltr'><strong>capiat</strong></span> <span class='ocrx_word' id='word_1_126' title='bbox 1699 1187 1940 1263; x_wconf 88' lang='lat' dir='ltr'><strong>oblivio,</strong></span> <span class='ocrx_word' id='word_1_127' title='bbox 1976 1185 2226 1249; x_wconf 90' lang='lat' dir='ltr'><strong>memini</strong></span> <span class='ocrx_word' id='word_1_128' title='bbox 2286 1202 2380 1244; x_wconf 89' lang='lat' dir='ltr'><strong>me</strong></span> <span class='ocrx_word' id='word_1_129' title='bbox 2436 1181 2653 1262; x_wconf 59' lang='lat' dir='ltr'><strong>sapius</strong></span> <span class='ocrx_word' id='word_1_130' title='bbox 2684 1181 3014 1244; x_wconf 89' lang='lat' dir='ltr'><strong>divinarum</strong></span> <span class='ocrx_word' id='word_1_131' title='bbox 3081 1181 3331 1243; x_wconf 87' lang='lat' dir='ltr'><strong>istarum</strong></span> <span class='ocrx_word' id='word_1_132' title='bbox 3361 1183 3505 1243; x_wconf 75' lang='lat'><strong>544</strong></span> <span class='ocrx_word' id='word_1_133' title='bbox 3559 1183 3851 1247; x_wconf 85' lang='lat' dir='ltr'><strong>laudatio-</strong></span> 
     </span>
    </p>
   </div>
   <div class='ocr_carea' id='block_1_21' title="bbox 444 1270 3851 1358">
    <p class='ocr_par' dir='ltr' id='par_1_21' title="bbox 444 1270 3851 1358">
     <span class='ocr_line' id='line_1_21' title="bbox 444 1270 3851 1358; baseline 0.001 -23"><span class='ocrx_word' id='word_1_134' title='bbox 444 1293 589 1336; x_wconf 88' lang='lat' dir='ltr'><strong>num</strong></span> <span class='ocrx_word' id='word_1_135' title='bbox 624 1283 821 1355; x_wconf 89' lang='lat' dir='ltr'><strong>partes</strong></span> <span class='ocrx_word' id='word_1_136' title='bbox 870 1274 1101 1355; x_wconf 87' lang='lat' dir='ltr'><strong>aliquas</strong></span> <span class='ocrx_word' id='word_1_137' title='bbox 1127 1275 1232 1337; x_wconf 91' lang='lat' dir='ltr'><strong>abs</strong></span> <span class='ocrx_word' id='word_1_138' title='bbox 1285 1283 1342 1337; x_wconf 88' lang='lat' dir='ltr'><strong>te</strong></span> <span class='ocrx_word' id='word_1_139' title='bbox 1372 1277 1677 1358; x_wconf 86' lang='lat' dir='ltr'><strong>accepisse</strong></span> <span class='ocrx_word' id='word_1_140' title='bbox 1711 1300 1726 1354; x_wconf 81' lang='lat'><strong>-,</strong></span> <span class='ocrx_word' id='word_1_141' title='bbox 1764 1285 1941 1339; x_wconf 76' lang='lat' dir='ltr'><strong>tantae</strong></span> <span class='ocrx_word' id='word_1_142' title='bbox 2000 1276 2105 1339; x_wconf 85' lang='lat' dir='ltr'><strong>tibi</strong></span> <span class='ocrx_word' id='word_1_143' title='bbox 2150 1292 2311 1338; x_wconf 77' lang='lat' dir='ltr'><strong>curae</strong></span> <span class='ocrx_word' id='word_1_144' title='bbox 2363 1272 2494 1346; x_wconf 86' lang='lat' dir='ltr'><strong>fuit,</strong></span> <span class='ocrx_word' id='word_1_145' title='bbox 2530 1289 2606 1332; x_wconf 89' lang='lat' dir='ltr'><strong>ne</strong></span> <span class='ocrx_word' id='word_1_146' title='bbox 2637 1290 2895 1352; x_wconf 89' lang='lat' dir='ltr'><strong>unquam</strong></span> <span class='ocrx_word' id='word_1_147' title='bbox 2950 1270 3358 1352; x_wconf 78' lang='lat' dir='ltr'><strong>perfunctorie</strong></span> <span class='ocrx_word' id='word_1_148' title='bbox 3390 1272 3588 1335; x_wconf 85' lang='lat' dir='ltr'><strong>divina</strong></span> <span class='ocrx_word' id='word_1_149' title='bbox 3639 1291 3851 1355; x_wconf 88' lang='lat' dir='ltr'><strong>prose-</strong></span> 
     </span>
    </p>
   </div>
   <div class='ocr_carea' id='block_1_22' title="bbox 2078 1444 2240 1527">
    <p class='ocr_par' dir='ltr' id='par_1_22' title="bbox 2078 1444 2240 1527">
     <span class='ocr_line' id='line_1_22' title="bbox 2078 1444 2240 1527; baseline 0 -19"><span class='ocrx_word' id='word_1_150' title='bbox 2078 1447 2106 1527; x_wconf 66' lang='grc' dir='ltr'><strong>ς</strong></span> <span class='ocrx_word' id='word_1_151' title='bbox 2135 1444 2240 1509; x_wconf 90' lang='lat' dir='ltr'><strong>IlI.</strong></span> 
     </span>
    </p>
   </div>
   <div class='ocr_carea' id='block_1_23' title="bbox 448 1364 749 1447">
    <p class='ocr_par' dir='ltr' id='par_1_23' title="bbox 448 1364 749 1447">
     <span class='ocr_line' id='line_1_23' title="bbox 448 1364 749 1447; baseline -0.007 -18"><span class='ocrx_word' id='word_1_152' title='bbox 448 1364 749 1447; x_wconf 89' lang='lat' dir='ltr'><strong>quereris.</strong></span> 
     </span>
    </p>
   </div>
   <div class='ocr_carea' id='block_1_24' title="bbox 531 1608 2102 1690">
    <p class='ocr_par' dir='ltr' id='par_1_24' title="bbox 531 1608 2102 1690">
     <span class='ocr_line' id='line_1_24' title="bbox 531 1608 2102 1690; baseline -0.001 -20"><span class='ocrx_word' id='word_1_153' title='bbox 531 1611 755 1671; x_wconf 89' lang='lat' dir='ltr'><strong>Verum</strong></span> <span class='ocrx_word' id='word_1_154' title='bbox 790 1616 851 1671; x_wconf 90' lang='lat' dir='ltr'><strong>ut</strong></span> <span class='ocrx_word' id='word_1_155' title='bbox 884 1610 995 1671; x_wconf 91' lang='lat' dir='ltr'><strong>ista</strong></span> <span class='ocrx_word' id='word_1_156' title='bbox 1029 1608 1296 1689; x_wconf 82' lang='lat' dir='ltr'><strong>mystica,</strong></span> <span class='ocrx_word' id='word_1_157' title='bbox 1332 1608 1554 1689; x_wconf 88' lang='lat' dir='ltr'><strong>quippe</strong></span> <span class='ocrx_word' id='word_1_158' title='bbox 1585 1608 1760 1685; x_wconf 82' lang='lat' dir='ltr'><strong>vulgo</strong></span> <span class='ocrx_word' id='word_1_159' title='bbox 1790 1628 1907 1671; x_wconf 92' lang='lat' dir='ltr'><strong>non</strong></span> <span class='ocrx_word' id='word_1_160' title='bbox 1955 1627 2102 1690; x_wconf 91' lang='lat' dir='ltr'><strong>pro-</strong></span> 
     </span>
    </p>
   </div>
   <div class='ocr_carea' id='block_1_25' title="bbox 2273 1598 3851 1683">
    <p class='ocr_par' dir='ltr' id='par_1_25' title="bbox 2273 1598 3851 1683">
     <span class='ocr_line' id='line_1_25' title="bbox 2273 1598 3851 1683; baseline -0.001 -19"><span class='ocrx_word' id='word_1_161' title='bbox 2273 1598 2421 1664; x_wconf 75' lang='grc' dir='ltr'>Ἀλλ’</span> <span class='ocrx_word' id='word_1_162' title='bbox 2454 1604 2546 1660; x_wconf 76' lang='grc' dir='ltr'>’ίνα</span> <span class='ocrx_word' id='word_1_163' title='bbox 2569 1601 2634 1653; x_wconf 76' lang='grc'><strong>65</strong></span> <span class='ocrx_word' id='word_1_164' title='bbox 2662 1604 2729 1660; x_wconf 79' lang='grc' dir='ltr'>τέι</span> <span class='ocrx_word' id='word_1_165' title='bbox 2760 1604 2869 1659; x_wconf 80' lang='grc' dir='ltr'>ἐκει</span> <span class='ocrx_word' id='word_1_166' title='bbox 2904 1603 3157 1683; x_wconf 75' lang='grc' dir='ltr'>μυστικὰ,</span> <span class='ocrx_word' id='word_1_167' title='bbox 3219 1603 3308 1660; x_wconf 87' lang='grc' dir='ltr'><strong>καί</strong></span> <span class='ocrx_word' id='word_1_168' title='bbox 3363 1605 3437 1670; x_wconf 84' lang='grc' dir='ltr'>ὡς</span> <span class='ocrx_word' id='word_1_169' title='bbox 3471 1617 3591 1668; x_wconf 87' lang='grc' dir='ltr'>τοῖς</span> <span class='ocrx_word' id='word_1_170' title='bbox 3620 1604 3851 1670; x_wconf 78' lang='grc' dir='ltr'>πολλοῖς</span> 
     </span>
    </p>
   </div>
   <div class='ocr_carea' id='block_1_26' title="bbox 453 1692 2114 1780">
    <p class='ocr_par' dir='ltr' id='par_1_26' title="bbox 453 1697 2103 1780">
     <span class='ocr_line' id='line_1_26' title="bbox 453 1697 2103 1780; baseline -0.003 -17"><span class='ocrx_word' id='word_1_171' title='bbox 453 1698 1029 1780; x_wconf 79' lang='lat' dir='ltr'><strong>mulganda,tibique</strong></span> <span class='ocrx_word' id='word_1_172' title='bbox 1052 1697 1577 1773; x_wconf 89' lang='lat' dir='ltr'><strong>notissima,missa</strong></span> <span class='ocrx_word' id='word_1_173' title='bbox 1607 1698 2103 1779; x_wconf 86' lang='lat' dir='ltr'><strong>faciamus;quan-</strong></span> 
     </span>
    </p>
   </div>
   <div class='ocr_carea' id='block_1_27' title="bbox 2202 1692 3852 1780">
    <p class='ocr_par' dir='ltr' id='par_1_27' title="bbox 2202 1692 3852 1775">
     <span class='ocr_line' id='line_1_27' title="bbox 2202 1692 3852 1775; baseline -0.004 -22"><span class='ocrx_word' id='word_1_174' title='bbox 2202 1696 2414 1775; x_wconf 75' lang='grc' dir='ltr'>Ξὶῤῥητα,</span> <span class='ocrx_word' id='word_1_175' title='bbox 2475 1696 2558 1750; x_wconf 80' lang='grc' dir='ltr'><strong>καὶ</strong></span> <span class='ocrx_word' id='word_1_176' title='bbox 2616 1696 2689 1756; x_wconf 83' lang='grc' dir='ltr'>ὡς</span> <span class='ocrx_word' id='word_1_177' title='bbox 2761 1692 3069 1770; x_wconf 79' lang='grc' dir='ltr'>ἐγνωσμένα</span> <span class='ocrx_word' id='word_1_178' title='bbox 3124 1715 3231 1768; x_wconf 84' lang='grc' dir='ltr'>σοι,</span> <span class='ocrx_word' id='word_1_179' title='bbox 3279 1693 3707 1774; x_wconf 79' lang='grc' dir='ltr'>παραλείψομεν,</span> <span class='ocrx_word' id='word_1_180' title='bbox 3765 1697 3852 1752; x_wconf 73' lang='grc' dir='ltr'><strong>ὅτε</strong></span> 
     </span>
    </p>
   </div>
   <div class='ocr_carea' id='block_1_28' title="bbox 451 1787 2103 1870">
    <p class='ocr_par' dir='ltr' id='par_1_28' title="bbox 451 1787 2103 1870">
     <span class='ocr_line' id='line_1_28' title="bbox 451 1787 2103 1870; baseline -0.002 -18"><span class='ocrx_word' id='word_1_181' title='bbox 451 1790 657 1870; x_wconf 87' lang='lat' dir='ltr'><strong>dojam</strong></span> <span class='ocrx_word' id='word_1_182' title='bbox 678 1797 911 1868; x_wconf 89' lang='lat' dir='ltr'><strong>tempus</strong></span> <span class='ocrx_word' id='word_1_183' title='bbox 932 1787 1542 1868; x_wconf 85' lang='lat' dir='ltr'><strong>erat,quamplurimis</strong></span> <span class='ocrx_word' id='word_1_184' title='bbox 1562 1788 1910 1849; x_wconf 86' lang='lat' dir='ltr'><strong>hominibus</strong></span> <span class='ocrx_word' id='word_1_185' title='bbox 1926 1788 2103 1849; x_wconf 88' lang='lat' dir='ltr'><strong>fidem</strong></span> 
     </span>
    </p>
   </div>
   <div class='ocr_carea' id='block_1_29' title="bbox 453 1877 2103 1958">
    <p class='ocr_par' dir='ltr' id='par_1_29' title="bbox 453 1877 2103 1958">
     <span class='ocr_line' id='line_1_29' title="bbox 453 1877 2103 1958; baseline -0.002 -17"><span class='ocrx_word' id='word_1_186' title='bbox 453 1887 720 1941; x_wconf 86' lang='lat' dir='ltr'><strong>nostram</strong></span> <span class='ocrx_word' id='word_1_187' title='bbox 748 1877 1253 1958; x_wconf 79' lang='lat' dir='ltr'><strong>promulgandi,et</strong></span> <span class='ocrx_word' id='word_1_188' title='bbox 1276 1884 1560 1957; x_wconf 86' lang='lat' dir='ltr'><strong>quotquot</strong></span> <span class='ocrx_word' id='word_1_189' title='bbox 1584 1877 1799 1938; x_wconf 85' lang='lat' dir='ltr'><strong>adduci</strong></span> <span class='ocrx_word' id='word_1_190' title='bbox 1839 1886 2103 1957; x_wconf 89' lang='lat' dir='ltr'><strong>possent,</strong></span> 
     </span>
    </p>
   </div>
   <div class='ocr_carea' id='block_1_30' title="bbox 454 1967 2107 2046">
    <p class='ocr_par' dir='ltr' id='par_1_30' title="bbox 454 1967 2107 2046">
     <span class='ocr_line' id='line_1_30' title="bbox 454 1967 2107 2046; baseline -0.003 -14"><span class='ocrx_word' id='word_1_191' title='bbox 454 1970 528 2032; x_wconf 89' lang='lat' dir='ltr'><strong>ad</strong></span> <span class='ocrx_word' id='word_1_192' title='bbox 557 1986 785 2029; x_wconf 89' lang='lat' dir='ltr'><strong>sacram</strong></span> <span class='ocrx_word' id='word_1_193' title='bbox 836 1967 1211 2046; x_wconf 89' lang='lat' dir='ltr'><strong>disciplinam</strong></span> <span class='ocrx_word' id='word_1_194' title='bbox 1265 1975 1526 2028; x_wconf 91' lang='lat' dir='ltr'><strong>nostram</strong></span> <span class='ocrx_word' id='word_1_195' title='bbox 1573 1968 1935 2043; x_wconf 59' lang='lat' dir='ltr'><strong>attrahenili,</strong></span> <span class='ocrx_word' id='word_1_196' title='bbox 1989 1986 2107 2027; x_wconf 91' lang='lat' dir='ltr'><strong>non</strong></span> 
     </span>
    </p>
   </div>
   <div class='ocr_carea' id='block_1_31' title="bbox 458 2054 2112 2137">
    <p class='ocr_par' dir='ltr' id='par_1_31' title="bbox 458 2054 2112 2137">
     <span class='ocr_line' id='line_1_31' title="bbox 458 2054 2112 2137; baseline -0.001 -19"><span class='ocrx_word' id='word_1_197' title='bbox 458 2075 680 2137; x_wconf 89' lang='lat' dir='ltr'><strong>paucos</strong></span> <span class='ocrx_word' id='word_1_198' title='bbox 709 2057 820 2118; x_wconf 88' lang='lat' dir='ltr'><strong>hoc</strong></span> <span class='ocrx_word' id='word_1_199' title='bbox 846 2056 907 2117; x_wconf 91' lang='lat' dir='ltr'><strong>in</strong></span> <span class='ocrx_word' id='word_1_200' title='bbox 943 2073 1191 2118; x_wconf 91' lang='lat' dir='ltr'><strong>munere</strong></span> <span class='ocrx_word' id='word_1_201' title='bbox 1219 2054 1497 2117; x_wconf 88' lang='lat' dir='ltr'><strong>doctores</strong></span> <span class='ocrx_word' id='word_1_202' title='bbox 1518 2066 1759 2117; x_wconf 88' lang='lat' dir='ltr'><strong>sanctos</strong></span> <span class='ocrx_word' id='word_1_203' title='bbox 1790 2056 2112 2137; x_wconf 86' lang='lat' dir='ltr'><strong>superabat</strong></span> 
     </span>
    </p>
   </div>
   <div class='ocr_carea' id='block_1_32' title="bbox 458 2146 2114 2225">
    <p class='ocr_par' dir='ltr' id='par_1_32' title="bbox 458 2146 2114 2225">
     <span class='ocr_line' id='line_1_32' title="bbox 458 2146 2114 2225; baseline -0.001 -17"><span class='ocrx_word' id='word_1_204' title='bbox 458 2164 593 2208; x_wconf 88' lang='lat' dir='ltr'><strong>cum</strong></span> <span class='ocrx_word' id='word_1_205' title='bbox 627 2165 733 2207; x_wconf 90' lang='lat' dir='ltr'><strong>usu</strong></span> <span class='ocrx_word' id='word_1_206' title='bbox 770 2146 1077 2225; x_wconf 87' lang='lat' dir='ltr'><strong>temporis,</strong></span> <span class='ocrx_word' id='word_1_207' title='bbox 1115 2153 1239 2206; x_wconf 90' lang='lat' dir='ltr'><strong>tum</strong></span> <span class='ocrx_word' id='word_1_208' title='bbox 1273 2146 1489 2206; x_wconf 90' lang='lat' dir='ltr'><strong>mentis</strong></span> <span class='ocrx_word' id='word_1_209' title='bbox 1523 2146 1936 2225; x_wconf 86' lang='lat' dir='ltr'><strong>puritate,tum</strong></span> <span class='ocrx_word' id='word_1_210' title='bbox 1970 2164 2114 2206; x_wconf 87' lang='lat' dir='ltr'><strong>acu-</strong></span> 
     </span>
    </p>
   </div>
   <div class='ocr_carea' id='block_1_33' title="bbox 460 2233 2118 2315">
    <p class='ocr_par' dir='ltr' id='par_1_33' title="bbox 460 2233 2118 2315">
     <span class='ocr_line' id='line_1_33' title="bbox 460 2233 2118 2315; baseline 0 -20"><span class='ocrx_word' id='word_1_211' title='bbox 460 2235 625 2296; x_wconf 87' lang='lat' dir='ltr'><strong>mine</strong></span> <span class='ocrx_word' id='word_1_212' title='bbox 659 2233 1258 2307; x_wconf 86' lang='lat' dir='ltr'><strong>demonstrationum,</strong></span> <span class='ocrx_word' id='word_1_213' title='bbox 1287 2234 1639 2315; x_wconf 70' lang='lat' dir='ltr'><strong>caaterisque</strong></span> <span class='ocrx_word' id='word_1_214' title='bbox 1665 2235 1852 2295; x_wconf 88' lang='lat' dir='ltr'><strong>sacris</strong></span> <span class='ocrx_word' id='word_1_215' title='bbox 1884 2234 2118 2295; x_wconf 84' lang='lat' dir='ltr'><strong>institu-</strong></span> 
     </span>
    </p>
   </div>
   <div class='ocr_carea' id='block_1_34' title="bbox 459 2322 2111 2405">
    <p class='ocr_par' dir='ltr' id='par_1_34' title="bbox 459 2322 2111 2405">
     <span class='ocr_line' id='line_1_34' title="bbox 459 2322 2111 2405; baseline -0.001 -19"><span class='ocrx_word' id='word_1_216' title='bbox 459 2326 558 2405; x_wconf 90' lang='lat' dir='ltr'><strong>tis,</strong></span> <span class='ocrx_word' id='word_1_217' title='bbox 590 2323 740 2385; x_wconf 89' lang='lat' dir='ltr'><strong>adeo</strong></span> <span class='ocrx_word' id='word_1_218' title='bbox 770 2333 831 2385; x_wconf 92' lang='lat' dir='ltr'><strong>ut</strong></span> <span class='ocrx_word' id='word_1_219' title='bbox 866 2341 1171 2403; x_wconf 85' lang='lat' dir='ltr'><strong>nunquam</strong></span> <span class='ocrx_word' id='word_1_220' title='bbox 1204 2331 1367 2384; x_wconf 88' lang='lat' dir='ltr'><strong>tanto</strong></span> <span class='ocrx_word' id='word_1_221' title='bbox 1393 2322 1506 2384; x_wconf 90' lang='lat' dir='ltr'><strong>soli</strong></span> <span class='ocrx_word' id='word_1_222' title='bbox 1555 2324 1749 2387; x_wconf 89' lang='lat' dir='ltr'><strong>conati</strong></span> <span class='ocrx_word' id='word_1_223' title='bbox 1778 2324 1970 2385; x_wconf 88' lang='lat' dir='ltr'><strong>simus</strong></span> <span class='ocrx_word' id='word_1_224' title='bbox 2001 2323 2111 2385; x_wconf 90' lang='lat' dir='ltr'><strong>ob-</strong></span> 
     </span>
    </p>
   </div>
   <div class='ocr_carea' id='block_1_35' title="bbox 460 2412 2111 2488">
    <p class='ocr_par' dir='ltr' id='par_1_35' title="bbox 460 2412 2111 2488">
     <span class='ocr_line' id='line_1_35' title="bbox 460 2412 2111 2488; baseline -0.002 -12"><span class='ocrx_word' id='word_1_225' title='bbox 460 2415 637 2476; x_wconf 89' lang='lat' dir='ltr'><strong>tueri.</strong></span> <span class='ocrx_word' id='word_1_226' title='bbox 671 2415 755 2474; x_wconf 92' lang='lat' dir='ltr'><strong>Ita</strong></span> <span class='ocrx_word' id='word_1_227' title='bbox 777 2412 937 2474; x_wconf 92' lang='lat' dir='ltr'><strong>enim</strong></span> <span class='ocrx_word' id='word_1_228' title='bbox 998 2412 1176 2473; x_wconf 88' lang='lat' dir='ltr'><strong>nobis</strong></span> <span class='ocrx_word' id='word_1_229' title='bbox 1200 2413 1419 2474; x_wconf 88' lang='lat' dir='ltr'><strong>conscii</strong></span> <span class='ocrx_word' id='word_1_230' title='bbox 1450 2431 1679 2486; x_wconf 89' lang='lat' dir='ltr'><strong>sumus,</strong></span> <span class='ocrx_word' id='word_1_231' title='bbox 1712 2413 1832 2473; x_wconf 92' lang='lat' dir='ltr'><strong>imo</strong></span> <span class='ocrx_word' id='word_1_232' title='bbox 1862 2414 2111 2488; x_wconf 87' lang='lat' dir='ltr'><strong>scimus,</strong></span> 
     </span>
    </p>
   </div>
   <div class='ocr_carea' id='block_1_36' title="bbox 460 2500 2117 2581">
    <p class='ocr_par' dir='ltr' id='par_1_36' title="bbox 460 2500 2117 2581">
     <span class='ocr_line' id='line_1_36' title="bbox 460 2500 2117 2581; baseline -0.001 -17"><span class='ocrx_word' id='word_1_233' title='bbox 460 2521 570 2565; x_wconf 86' lang='lat' dir='ltr'><strong>nos</strong></span> <span class='ocrx_word' id='word_1_234' title='bbox 608 2502 791 2564; x_wconf 90' lang='lat' dir='ltr'><strong>rebus</strong></span> <span class='ocrx_word' id='word_1_235' title='bbox 821 2500 1038 2563; x_wconf 89' lang='lat' dir='ltr'><strong>divinis</strong></span> <span class='ocrx_word' id='word_1_236' title='bbox 1085 2501 1489 2580; x_wconf 84' lang='lat' dir='ltr'><strong>intelligendis</strong></span> <span class='ocrx_word' id='word_1_237' title='bbox 1541 2502 1784 2563; x_wconf 88' lang='lat' dir='ltr'><strong>minime</strong></span> <span class='ocrx_word' id='word_1_238' title='bbox 1816 2503 2117 2581; x_wconf 80' lang='lat' dir='ltr'><strong>sufﬁcere,</strong></span> 
     </span>
    </p>
   </div>
   <div class='ocr_carea' id='block_1_37' title="bbox 461 2590 2119 2671">
    <p class='ocr_par' dir='ltr' id='par_1_37' title="bbox 461 2590 2119 2671">
     <span class='ocr_line' id='line_1_37' title="bbox 461 2590 2119 2671; baseline -0.002 -17"><span class='ocrx_word' id='word_1_239' title='bbox 461 2592 708 2671; x_wconf 88' lang='lat' dir='ltr'><strong>nedum,</strong></span> <span class='ocrx_word' id='word_1_240' title='bbox 759 2591 916 2671; x_wconf 90' lang='lat' dir='ltr'><strong>quod</strong></span> <span class='ocrx_word' id='word_1_241' title='bbox 979 2590 1312 2651; x_wconf 83' lang='lat' dir='ltr'><strong>ineffabiles</strong></span> <span class='ocrx_word' id='word_1_242' title='bbox 1365 2590 1504 2669; x_wconf 87' lang='lat' dir='ltr'><strong>sint,</strong></span> <span class='ocrx_word' id='word_1_243' title='bbox 1545 2599 1607 2651; x_wconf 88' lang='lat' dir='ltr'><strong>ut</strong></span> <span class='ocrx_word' id='word_1_244' title='bbox 1637 2592 1886 2668; x_wconf 80' lang='lat' dir='ltr'><strong>cognitae</strong></span> <span class='ocrx_word' id='word_1_245' title='bbox 1917 2600 2119 2652; x_wconf 83' lang='lat' dir='ltr'><strong>essent</strong></span> 
     </span>
    </p>
   </div>
   <div class='ocr_carea' id='block_1_38' title="bbox 462 2680 2118 2762">
    <p class='ocr_par' dir='ltr' id='par_1_38' title="bbox 462 2680 2118 2762">
     <span class='ocr_line' id='line_1_38' title="bbox 462 2680 2118 2762; baseline -0.004 -17"><span class='ocrx_word' id='word_1_246' title='bbox 462 2680 837 2762; x_wconf 85' lang='lat' dir='ltr'><strong>eloquendis.</strong></span> <span class='ocrx_word' id='word_1_247' title='bbox 874 2682 1021 2741; x_wconf 89' lang='lat' dir='ltr'><strong>Cum</strong></span> <span class='ocrx_word' id='word_1_248' title='bbox 1054 2691 1252 2741; x_wconf 89' lang='lat' dir='ltr'><strong>autem</strong></span> <span class='ocrx_word' id='word_1_249' title='bbox 1285 2680 1347 2741; x_wconf 91' lang='lat' dir='ltr'><strong>in</strong></span> <span class='ocrx_word' id='word_1_250' title='bbox 1383 2680 1680 2758; x_wconf 80' lang='lat' dir='ltr'><strong>thologica</strong></span> <span class='ocrx_word' id='word_1_251' title='bbox 1732 2680 1980 2741; x_wconf 86' lang='lat' dir='ltr'><strong>veritate</strong></span> <span class='ocrx_word' id='word_1_252' title='bbox 2011 2698 2118 2741; x_wconf 81' lang='lat' dir='ltr'><strong>ex-</strong></span> 
     </span>
    </p>
   </div>
   <div class='ocr_carea' id='block_1_39' title="bbox 465 2767 2119 2852">
    <p class='ocr_par' dir='ltr' id='par_1_39' title="bbox 465 2767 2119 2852">
     <span class='ocr_line' id='line_1_39' title="bbox 465 2767 2119 2852; baseline -0.003 -19"><span class='ocrx_word' id='word_1_253' title='bbox 465 2770 1111 2852; x_wconf 88' lang='lat' dir='ltr'><strong>planandaavirorum</strong></span> <span class='ocrx_word' id='word_1_254' title='bbox 1174 2769 1514 2830; x_wconf 88' lang='lat' dir='ltr'><strong>divinorum</strong></span> <span class='ocrx_word' id='word_1_255' title='bbox 1577 2769 1855 2830; x_wconf 85' lang='lat' dir='ltr'><strong>facultate</strong></span> <span class='ocrx_word' id='word_1_256' title='bbox 1914 2767 2119 2847; x_wconf 84' lang='lat' dir='ltr'><strong>procul</strong></span> 
     </span>
    </p>
   </div>
   <div class='ocr_carea' id='block_1_40' title="bbox 467 2857 2121 2937">
    <p class='ocr_par' dir='ltr' id='par_1_40' title="bbox 467 2857 2121 2937">
     <span class='ocr_line' id='line_1_40' title="bbox 467 2857 2121 2937; baseline -0.003 -14"><span class='ocrx_word' id='word_1_257' title='bbox 467 2861 753 2937; x_wconf 85' lang='lat' dir='ltr'><strong>absimus,</strong></span> <span class='ocrx_word' id='word_1_258' title='bbox 789 2879 858 2920; x_wconf 92' lang='lat' dir='ltr'><strong>eo</strong></span> <span class='ocrx_word' id='word_1_259' title='bbox 888 2859 1064 2920; x_wconf 89' lang='lat' dir='ltr'><strong>etiam</strong></span> <span class='ocrx_word' id='word_1_260' title='bbox 1100 2877 1221 2936; x_wconf 63' lang='lat' dir='ltr'><strong>pra:</strong></span> <span class='ocrx_word' id='word_1_261' title='bbox 1249 2858 1554 2936; x_wconf 81' lang='lat' dir='ltr'><strong>religionis</strong></span> <span class='ocrx_word' id='word_1_262' title='bbox 1601 2858 1968 2918; x_wconf 86' lang='lat' dir='ltr'><strong>abundantia</strong></span> <span class='ocrx_word' id='word_1_263' title='bbox 2009 2857 2121 2918; x_wconf 88' lang='lat' dir='ltr'><strong>de-</strong></span> 
     </span>
    </p>
   </div>
   <div class='ocr_carea' id='block_1_41' title="bbox 2191 1782 3852 1863">
    <p class='ocr_par' dir='ltr' id='par_1_41' title="bbox 2191 1782 3852 1863">
     <span class='ocr_line' id='line_1_41' title="bbox 2191 1782 3852 1863; baseline -0.001 -20"><span class='ocrx_word' id='word_1_264' title='bbox 2191 1800 2308 1850; x_wconf 88' lang='grc' dir='ltr'>τοῖς</span> <span class='ocrx_word' id='word_1_265' title='bbox 2353 1784 2581 1847; x_wconf 89' lang='grc' dir='ltr'>πολλοῖς</span> <span class='ocrx_word' id='word_1_266' title='bbox 2611 1787 2783 1863; x_wconf 65' lang='grc' dir='ltr'>ἐχρῆν</span> <span class='ocrx_word' id='word_1_267' title='bbox 2817 1787 3164 1859; x_wconf 75' lang='grc' dir='ltr'>κοινωνῆσαι,</span> <span class='ocrx_word' id='word_1_268' title='bbox 3214 1784 3301 1838; x_wconf 86' lang='grc' dir='ltr'><strong>καὶ</strong></span> <span class='ocrx_word' id='word_1_269' title='bbox 3332 1783 3487 1847; x_wconf 82' lang='grc' dir='ltr'>ὅσους</span> <span class='ocrx_word' id='word_1_270' title='bbox 3521 1782 3742 1843; x_wconf 79' lang='grc' dir='ltr'>δυνατὸν</span> <span class='ocrx_word' id='word_1_271' title='bbox 3770 1786 3852 1842; x_wconf 71' lang='grc' dir='ltr'><strong>ἐπὶ</strong></span> 
     </span>
    </p>
   </div>
   <div class='ocr_carea' id='block_1_42' title="bbox 2191 1872 3850 1953">
    <p class='ocr_par' dir='ltr' id='par_1_42' title="bbox 2191 1872 3850 1953">
     <span class='ocr_line' id='line_1_42' title="bbox 2191 1872 3850 1953; baseline 0.001 -22"><span class='ocrx_word' id='word_1_272' title='bbox 2191 1880 2291 1943; x_wconf 78' lang='grc' dir='ltr'>τὴν</span> <span class='ocrx_word' id='word_1_273' title='bbox 2322 1872 2437 1931; x_wconf 85' lang='grc' dir='ltr'>καθ’</span> <span class='ocrx_word' id='word_1_274' title='bbox 2498 1877 2640 1948; x_wconf 80' lang='grc' dir='ltr'>ἡμᾶς</span> <span class='ocrx_word' id='word_1_275' title='bbox 2683 1873 3025 1952; x_wconf 78' lang='grc' dir='ltr'>ἱερογνωσίαν</span> <span class='ocrx_word' id='word_1_276' title='bbox 3068 1887 3459 1953; x_wconf 71' lang='grc' dir='ltr'><strong>προσαγαγεῖν,</strong></span> <span class='ocrx_word' id='word_1_277' title='bbox 3507 1872 3657 1938; x_wconf 77' lang='grc' dir='ltr'>ὅπὼς</span> <span class='ocrx_word' id='word_1_278' title='bbox 3691 1874 3850 1953; x_wconf 66' lang='grc' dir='ltr'>ὅπερ·</span> 
     </span>
    </p>
   </div>
   <div class='ocr_carea' id='block_1_43' title="bbox 2194 1958 3856 2043">
    <p class='ocr_par' dir='ltr' id='par_1_43' title="bbox 2194 1958 3856 2043">
     <span class='ocr_line' id='line_1_43' title="bbox 2194 1958 3856 2043; baseline 0.001 -23"><span class='ocrx_word' id='word_1_279' title='bbox 2194 1979 2319 2043; x_wconf 83' lang='grc' dir='ltr'>εῖχε</span> <span class='ocrx_word' id='word_1_280' title='bbox 2354 1965 2473 2027; x_wconf 80' lang='grc' dir='ltr'>τοὺς</span> <span class='ocrx_word' id='word_1_281' title='bbox 2534 1961 2762 2025; x_wconf 83' lang='grc' dir='ltr'>πολλοὺς</span> <span class='ocrx_word' id='word_1_282' title='bbox 2800 1967 2905 2043; x_wconf 81' lang='grc' dir='ltr'>τῶν</span> <span class='ocrx_word' id='word_1_283' title='bbox 2934 1962 3089 2039; x_wconf 77' lang='grc' dir='ltr'>ἶερων</span> <span class='ocrx_word' id='word_1_284' title='bbox 3141 1958 3495 2043; x_wconf 67' lang='grc' dir='ltr'>διδασκᾴλων,</span> <span class='ocrx_word' id='word_1_285' title='bbox 3538 1966 3629 2020; x_wconf 84' lang='grc' dir='ltr'><strong>καὶ</strong></span> <span class='ocrx_word' id='word_1_286' title='bbox 3660 1964 3856 2043; x_wconf 64' lang='grc' dir='ltr'>χρᾴνοο</span> 
     </span>
    </p>
   </div>
   <div class='ocr_carea' id='block_1_44' title="bbox 2199 2041 3855 2125">
    <p class='ocr_par' dir='ltr' id='par_1_44' title="bbox 2199 2041 3855 2125">
     <span class='ocr_line' id='line_1_44' title="bbox 2199 2041 3855 2125; baseline -0.001 -23"><span class='ocrx_word' id='word_1_287' title='bbox 2199 2041 2377 2125; x_wconf 75' lang='grc' dir='ltr'>τριϐῇ,</span> <span class='ocrx_word' id='word_1_288' title='bbox 2436 2045 2523 2100; x_wconf 85' lang='grc' dir='ltr'><strong>καὶ</strong></span> <span class='ocrx_word' id='word_1_289' title='bbox 2582 2052 2672 2101; x_wconf 81' lang='grc' dir='ltr'>νοὺ</span> <span class='ocrx_word' id='word_1_290' title='bbox 2703 2042 3054 2116; x_wconf 77' lang='grc' dir='ltr'>καθαρότητι,</span> <span class='ocrx_word' id='word_1_291' title='bbox 3104 2043 3191 2098; x_wconf 89' lang='grc' dir='ltr'><strong>καὶ</strong></span> <span class='ocrx_word' id='word_1_292' title='bbox 3228 2041 3546 2108; x_wconf 73' lang='grc' dir='ltr'>ἀποδείξεων</span> <span class='ocrx_word' id='word_1_293' title='bbox 3589 2041 3855 2122; x_wconf 78' lang='grc' dir='ltr'>ἀκριϐείᾳ,</span> 
     </span>
    </p>
   </div>
   <div class='ocr_carea' id='block_1_45' title="bbox 2200 2129 3859 2215">
    <p class='ocr_par' dir='ltr' id='par_1_45' title="bbox 2200 2129 3859 2215">
     <span class='ocr_line' id='line_1_45' title="bbox 2200 2129 3859 2215; baseline -0.001 -25"><span class='ocrx_word' id='word_1_294' title='bbox 2200 2136 2286 2191; x_wconf 86' lang='grc' dir='ltr'>καὶ</span> <span class='ocrx_word' id='word_1_295' title='bbox 2331 2147 2451 2196; x_wconf 78' lang='grc' dir='ltr'>ταῖς</span> <span class='ocrx_word' id='word_1_296' title='bbox 2483 2132 2701 2193; x_wconf 88' lang='grc' dir='ltr'>λοιπαις</span> <span class='ocrx_word' id='word_1_297' title='bbox 2758 2129 3103 2212; x_wconf 73' lang='grc' dir='ltr'>ἱερολογίαις,</span> <span class='ocrx_word' id='word_1_298' title='bbox 3160 2131 3298 2188; x_wconf 84' lang='grc' dir='ltr'>ὥστε</span> <span class='ocrx_word' id='word_1_299' title='bbox 3329 2134 3425 2189; x_wconf 70' lang='grc' dir='ltr'><strong>οὒκ</strong></span> <span class='ocrx_word' id='word_1_300' title='bbox 3469 2135 3531 2189; x_wconf 74' lang='grc' dir='ltr'><strong>ἂν</strong></span> <span class='ocrx_word' id='word_1_301' title='bbox 3561 2155 3696 2190; x_wconf 85' lang='grc' dir='ltr'>ποτε</span> <span class='ocrx_word' id='word_1_302' title='bbox 3730 2137 3859 2215; x_wconf 80' lang='grc' dir='ltr'>πρὸς</span> 
     </span>
    </p>
   </div>
   <div class='ocr_carea' id='block_1_46' title="bbox 2201 2217 3859 2301">
    <p class='ocr_par' dir='ltr' id='par_1_46' title="bbox 2201 2217 3859 2301">
     <span class='ocr_line' id='line_1_46' title="bbox 2201 2217 3859 2301; baseline -0.001 -22"><span class='ocrx_word' id='word_1_303' title='bbox 2201 2224 2341 2279; x_wconf 72' lang='grc' dir='ltr'>οὕἿΪύ</span> <span class='ocrx_word' id='word_1_304' title='bbox 2397 2222 2568 2301; x_wconf 85' lang='grc' dir='ltr'>μέγαν</span> <span class='ocrx_word' id='word_1_305' title='bbox 2600 2221 2755 2288; x_wconf 75' lang='grc' dir='ltr'>ἣλιον</span> <span class='ocrx_word' id='word_1_306' title='bbox 2812 2220 3088 2276; x_wconf 73' lang='grc' dir='ltr'>ἆντωπεῖν</span> <span class='ocrx_word' id='word_1_307' title='bbox 3117 2217 3174 2261; x_wconf 64' lang='lat'><strong>5‘</strong></span> <span class='ocrx_word' id='word_1_308' title='bbox 3202 2218 3647 2300; x_wconf 76' lang='grc' dir='ltr'>ἐνεχειρήσαμεν.</span> <span class='ocrx_word' id='word_1_309' title='bbox 3713 2222 3859 2280; x_wconf 65' lang='grc' dir='ltr'>Οῧτω</span> 
     </span>
    </p>
   </div>
   <div class='ocr_carea' id='block_1_47' title="bbox 2198 2307 3858 2391">
    <p class='ocr_par' dir='ltr' id='par_1_47' title="bbox 2198 2307 3858 2391">
     <span class='ocr_line' id='line_1_47' title="bbox 2198 2307 3858 2391; baseline -0.006 -12"><span class='ocrx_word' id='word_1_310' title='bbox 2198 2314 2298 2391; x_wconf 76' lang='grc' dir='ltr'>γὰρ</span> <span class='ocrx_word' id='word_1_311' title='bbox 2334 2312 2501 2387; x_wconf 65' lang='grc' dir='ltr'>ἡμεῖς</span> <span class='ocrx_word' id='word_1_312' title='bbox 2565 2312 2763 2365; x_wconf 80' lang='grc' dir='ltr'>ἑαυτῶν</span> <span class='ocrx_word' id='word_1_313' title='bbox 2824 2310 3194 2383; x_wconf 75' lang='grc' dir='ltr'>συνῃσθήμεθα</span> <span class='ocrx_word' id='word_1_314' title='bbox 3260 2307 3346 2382; x_wconf 73' lang='lat'><strong>65,</strong></span> <span class='ocrx_word' id='word_1_315' title='bbox 3409 2311 3497 2366; x_wconf 82' lang='grc' dir='ltr'>καὶ</span> <span class='ocrx_word' id='word_1_316' title='bbox 3548 2311 3734 2387; x_wconf 72' lang='grc' dir='ltr'>ἴσμεν,</span> <span class='ocrx_word' id='word_1_317' title='bbox 3784 2314 3858 2376; x_wconf 86' lang='grc' dir='ltr'><strong>ὡς</strong></span> 
     </span>
    </p>
   </div>
   <div class='ocr_carea' id='block_1_48' title="bbox 2199 2398 3858 2481">
    <p class='ocr_par' dir='ltr' id='par_1_48' title="bbox 2199 2398 3858 2481">
     <span class='ocr_line' id='line_1_48' title="bbox 2199 2398 3858 2481; baseline -0.001 -22"><span class='ocrx_word' id='word_1_318' title='bbox 2199 2403 2315 2459; x_wconf 66' lang='grc' dir='ltr'>οὔτε</span> <span class='ocrx_word' id='word_1_319' title='bbox 2346 2404 2538 2462; x_wconf 77' lang='grc' dir='ltr'>ἱκανῶς</span> <span class='ocrx_word' id='word_1_320' title='bbox 2582 2400 2771 2465; x_wconf 75' lang='grc' dir='ltr'>νοῆσαι</span> <span class='ocrx_word' id='word_1_321' title='bbox 2818 2399 2881 2453; x_wconf 80' lang='grc' dir='ltr'><strong>τὰ</strong></span> <span class='ocrx_word' id='word_1_322' title='bbox 2916 2402 3082 2459; x_wconf 78' lang='grc' dir='ltr'>νοητὰ</span> <span class='ocrx_word' id='word_1_323' title='bbox 3120 2400 3227 2455; x_wconf 79' lang='grc' dir='ltr'><strong>τῶν</strong></span> <span class='ocrx_word' id='word_1_324' title='bbox 3270 2400 3422 2456; x_wconf 81' lang='grc' dir='ltr'>θείων</span> <span class='ocrx_word' id='word_1_325' title='bbox 3453 2398 3518 2448; x_wconf 77' lang='grc'><strong>66</strong></span> <span class='ocrx_word' id='word_1_326' title='bbox 3548 2406 3858 2481; x_wconf 37' lang='grc' dir='ltr'>γνῶροῦμεν,</span> 
     </span>
    </p>
   </div>
   <div class='ocr_carea' id='block_1_49' title="bbox 2201 2486 3858 2568">
    <p class='ocr_par' dir='ltr' id='par_1_49' title="bbox 2201 2486 3858 2568">
     <span class='ocr_line' id='line_1_49' title="bbox 2201 2486 3858 2568; baseline -0.001 -21"><span class='ocrx_word' id='word_1_327' title='bbox 2201 2492 2317 2548; x_wconf 64' lang='grc' dir='ltr'>οὔτε</span> <span class='ocrx_word' id='word_1_328' title='bbox 2341 2490 2437 2546; x_wconf 79' lang='grc' dir='ltr'><strong>ὅσα</strong></span> <span class='ocrx_word' id='word_1_329' title='bbox 2471 2491 2537 2545; x_wconf 82' lang='grc' dir='ltr'>τὰ</span> <span class='ocrx_word' id='word_1_330' title='bbox 2568 2487 2704 2567; x_wconf 73' lang='grc' dir='ltr'>ῥητὰ</span> <span class='ocrx_word' id='word_1_331' title='bbox 2732 2486 2795 2536; x_wconf 77' lang='grc'><strong>67</strong></span> <span class='ocrx_word' id='word_1_332' title='bbox 2820 2493 2919 2554; x_wconf 85' lang='grc' dir='ltr'>τῆς</span> <span class='ocrx_word' id='word_1_333' title='bbox 2951 2489 3270 2566; x_wconf 80' lang='grc' dir='ltr'>θεογνωσίας</span> <span class='ocrx_word' id='word_1_334' title='bbox 3328 2488 3566 2554; x_wconf 79' lang='grc' dir='ltr'>ἐξειπεῖν</span> <span class='ocrx_word' id='word_1_335' title='bbox 3608 2491 3695 2545; x_wconf 84' lang='grc' dir='ltr'><strong>καὶ</strong></span> <span class='ocrx_word' id='word_1_336' title='bbox 3717 2490 3858 2568; x_wconf 78' lang='grc' dir='ltr'>ιρρᾶ-</span> 
     </span>
    </p>
   </div>
   <div class='ocr_carea' id='block_1_50' title="bbox 2203 2574 3858 2656">
    <p class='ocr_par' dir='ltr' id='par_1_50' title="bbox 2203 2574 3858 2656">
     <span class='ocr_line' id='line_1_50' title="bbox 2203 2574 3858 2656; baseline -0.002 -21"><span class='ocrx_word' id='word_1_337' title='bbox 2203 2602 2310 2637; x_wconf 85' lang='grc' dir='ltr'>σαι.</span> <span class='ocrx_word' id='word_1_338' title='bbox 2376 2576 2559 2656; x_wconf 74' lang='grc' dir='ltr'>[Ιορῤω</span> <span class='ocrx_word' id='word_1_339' title='bbox 2611 2576 2665 2631; x_wconf 74' lang='grc' dir='ltr'>δὲ</span> <span class='ocrx_word' id='word_1_340' title='bbox 2725 2574 2903 2656; x_wconf 68' lang='grc' dir='ltr'>ὄντες,</span> <span class='ocrx_word' id='word_1_341' title='bbox 2952 2576 3354 2652; x_wconf 76' lang='grc' dir='ltr'>ἀπολειπόμεθα</span> <span class='ocrx_word' id='word_1_342' title='bbox 3406 2580 3506 2645; x_wconf 78' lang='grc' dir='ltr'><strong>τῆς</strong></span> <span class='ocrx_word' id='word_1_343' title='bbox 3558 2579 3661 2635; x_wconf 78' lang='grc' dir='ltr'>τῶν</span> <span class='ocrx_word' id='word_1_344' title='bbox 3703 2579 3858 2633; x_wconf 81' lang='grc' dir='ltr'>θείων</span> 
     </span>
    </p>
   </div>
   <div class='ocr_carea' id='block_1_51' title="bbox 2203 2665 3861 2746">
    <p class='ocr_par' dir='ltr' id='par_1_51' title="bbox 2203 2665 3861 2746">
     <span class='ocr_line' id='line_1_51' title="bbox 2203 2665 3861 2746; baseline -0.002 -23"><span class='ocrx_word' id='word_1_345' title='bbox 2203 2668 2397 2746; x_wconf 65' lang='grc' dir='ltr'>ἀνδρῶν</span> <span class='ocrx_word' id='word_1_346' title='bbox 2431 2669 2503 2729; x_wconf 68' lang='grc' dir='ltr'>εἷς</span> <span class='ocrx_word' id='word_1_347' title='bbox 2543 2665 2862 2744; x_wconf 74' lang='grc' dir='ltr'>θεολογικὴν</span> <span class='ocrx_word' id='word_1_348' title='bbox 2920 2665 3175 2735; x_wconf 76' lang='grc' dir='ltr'>ἀλήθειαν</span> <span class='ocrx_word' id='word_1_349' title='bbox 3233 2666 3567 2742; x_wconf 63' lang='grc' dir='ltr'>ἐπιστήμης,</span> <span class='ocrx_word' id='word_1_350' title='bbox 3598 2666 3680 2723; x_wconf 78' lang='grc' dir='ltr'><strong>ὅτι</strong></span> <span class='ocrx_word' id='word_1_351' title='bbox 3712 2668 3861 2723; x_wconf 77' lang='grc' dir='ltr'>πάν-</span> 
     </span>
    </p>
   </div>
   <div class='ocr_carea' id='block_1_52' title="bbox 2201 2751 3855 2833">
    <p class='ocr_par' dir='ltr' id='par_1_52' title="bbox 2201 2751 3855 2833">
     <span class='ocr_line' id='line_1_52' title="bbox 2201 2751 3855 2833; baseline -0.001 -21"><span class='ocrx_word' id='word_1_352' title='bbox 2201 2778 2306 2818; x_wconf 85' lang='grc' dir='ltr'>τως</span> <span class='ocrx_word' id='word_1_353' title='bbox 2358 2756 2416 2815; x_wconf 74' lang='grc' dir='ltr'><strong>ἅν</strong></span> <span class='ocrx_word' id='word_1_354' title='bbox 2469 2755 2541 2816; x_wconf 81' lang='grc' dir='ltr'>εἷς</span> <span class='ocrx_word' id='word_1_355' title='bbox 2572 2762 2724 2811; x_wconf 80' lang='grc' dir='ltr'>τοῦτο</span> <span class='ocrx_word' id='word_1_356' title='bbox 2775 2752 2859 2809; x_wconf 74' lang='grc' dir='ltr'><strong>διὰ</strong></span> <span class='ocrx_word' id='word_1_357' title='bbox 2889 2754 3147 2831; x_wconf 74' lang='grc' dir='ltr'>περισσὴν</span> <span class='ocrx_word' id='word_1_358' title='bbox 3177 2751 3460 2815; x_wconf 71' lang='grc' dir='ltr'>εὖλάὸειαν</span> <span class='ocrx_word' id='word_1_359' title='bbox 3491 2754 3855 2833; x_wconf 58' lang='grc' dir='ltr'>ἐληλύθαμεν,</span> 
     </span>
    </p>
   </div>
   <div class='ocr_carea' id='block_1_53' title="bbox 2205 2842 3861 2923">
    <p class='ocr_par' dir='ltr' id='par_1_53' title="bbox 2205 2842 3861 2923">
     <span class='ocr_line' id='line_1_53' title="bbox 2205 2842 3861 2923; baseline -0.002 -21"><span class='ocrx_word' id='word_1_360' title='bbox 2205 2848 2277 2910; x_wconf 82' lang='grc' dir='ltr'><strong>είς</strong></span> <span class='ocrx_word' id='word_1_361' title='bbox 2310 2847 2370 2902; x_wconf 84' lang='grc' dir='ltr'>τὸ</span> <span class='ocrx_word' id='word_1_362' title='bbox 2400 2842 2649 2919; x_wconf 75' lang='grc' dir='ltr'>μηδόλως</span> <span class='ocrx_word' id='word_1_363' title='bbox 2679 2844 2886 2900; x_wconf 78' lang='grc' dir='ltr'>ἀκούειν</span> <span class='ocrx_word' id='word_1_364' title='bbox 2931 2844 2965 2910; x_wconf 83' lang='grc' dir='ltr'>ἡ</span> <span class='ocrx_word' id='word_1_365' title='bbox 2997 2842 3174 2920; x_wconf 80' lang='grc' dir='ltr'>λέγειν</span> <span class='ocrx_word' id='word_1_366' title='bbox 3218 2866 3265 2899; x_wconf 87' lang='grc' dir='ltr'><strong>τι</strong></span> <span class='ocrx_word' id='word_1_367' title='bbox 3300 2845 3418 2921; x_wconf 80' lang='grc' dir='ltr'>περὶ</span> <span class='ocrx_word' id='word_1_368' title='bbox 3461 2849 3560 2911; x_wconf 77' lang='grc' dir='ltr'>τῆς</span> <span class='ocrx_word' id='word_1_369' title='bbox 3592 2845 3735 2907; x_wconf 86' lang='grc' dir='ltr'>θείας</span> <span class='ocrx_word' id='word_1_370' title='bbox 3767 2866 3861 2923; x_wconf 76' lang='grc' dir='ltr'>φι-</span> 
     </span>
    </p>
   </div>
   <div class='ocr_carea' id='block_1_54' title="bbox 470 2932 2114 3028">
    <p class='ocr_par' dir='ltr' id='par_1_54' title="bbox 470 2932 2114 3027">
     <span class='ocr_line' id='line_1_54' title="bbox 470 2932 2114 3027; baseline -0.004 -14"><span class='ocrx_word' id='word_1_371' title='bbox 470 2950 636 3013; x_wconf 89' lang='lat' dir='ltr'><strong>ducti</strong></span> <span class='ocrx_word' id='word_1_372' title='bbox 663 2932 973 3022; x_wconf 77' lang='lat' dir='ltr'><strong>suinus,ut</strong></span> <span class='ocrx_word' id='word_1_373' title='bbox 1004 2948 1079 3007; x_wconf 88' lang='lat' dir='ltr'><strong>de</strong></span> <span class='ocrx_word' id='word_1_374' title='bbox 1100 2932 1312 3008; x_wconf 72' lang='lat' dir='ltr'><strong>divina</strong></span> <span class='ocrx_word' id='word_1_375' title='bbox 1335 2932 1713 3027; x_wconf 65' lang='lat' dir='ltr'><strong>pliilosoiihia</strong></span> <span class='ocrx_word' id='word_1_376' title='bbox 1738 2948 1881 3007; x_wconf 91' lang='lat' dir='ltr'><strong>nihil</strong></span> <span class='ocrx_word' id='word_1_377' title='bbox 1916 2946 2003 3006; x_wconf 90' lang='lat' dir='ltr'><strong>vel</strong></span> <span class='ocrx_word' id='word_1_378' title='bbox 2022 2964 2114 3007; x_wconf 92' lang='lat' dir='ltr'><strong>au-</strong></span> 
     </span>
    </p>
   </div>
   <div class='ocr_carea' id='block_1_55' title="bbox 2202 2932 3861 3028">
    <p class='ocr_par' dir='ltr' id='par_1_55' title="bbox 2205 2932 3861 3014">
     <span class='ocr_line' id='line_1_55' title="bbox 2205 2932 3861 3014; baseline -0.002 -23"><span class='ocrx_word' id='word_1_379' title='bbox 2205 2936 2480 3014; x_wconf 67' lang='grc' dir='ltr'>λοσοφίας,</span> <span class='ocrx_word' id='word_1_380' title='bbox 2541 2936 2583 2988; x_wconf 81' lang='grc' dir='ltr'><strong>εἰ</strong></span> <span class='ocrx_word' id='word_1_381' title='bbox 2618 2935 2693 3006; x_wconf 80' lang='grc' dir='ltr'><strong>μὴ</strong></span> <span class='ocrx_word' id='word_1_382' title='bbox 2724 2934 2861 2990; x_wconf 75' lang='grc' dir='ltr'>κατὰ</span> <span class='ocrx_word' id='word_1_383' title='bbox 2893 2944 3009 2991; x_wconf 82' lang='grc' dir='ltr'>νοὺν</span> <span class='ocrx_word' id='word_1_384' title='bbox 3042 2932 3358 3014; x_wconf 61' lang='grc' dir='ltr'>εἰλήφαμεν,</span> <span class='ocrx_word' id='word_1_385' title='bbox 3407 2935 3478 2998; x_wconf 82' lang='grc' dir='ltr'>ὡς</span> <span class='ocrx_word' id='word_1_386' title='bbox 3508 2935 3568 2990; x_wconf 71' lang='grc' dir='ltr'>οὗ</span> <span class='ocrx_word' id='word_1_387' title='bbox 3615 2938 3731 3013; x_wconf 79' lang='grc' dir='ltr'>χρὴ</span> <span class='ocrx_word' id='word_1_388' title='bbox 3761 2937 3861 3000; x_wconf 80' lang='grc' dir='ltr'>τῆς</span> 
     </span>
    </p>
   </div>
   <div class='ocr_carea' id='block_1_56' title="bbox 471 3036 2118 3118">
    <p class='ocr_par' dir='ltr' id='par_1_56' title="bbox 471 3036 2118 3118">
     <span class='ocr_line' id='line_1_56' title="bbox 471 3036 2118 3118; baseline -0.004 -17"><span class='ocrx_word' id='word_1_389' title='bbox 471 3040 603 3101; x_wconf 89' lang='lat' dir='ltr'><strong>dire</strong></span> <span class='ocrx_word' id='word_1_390' title='bbox 628 3040 721 3099; x_wconf 85' lang='lat' dir='ltr'><strong>vel</strong></span> <span class='ocrx_word' id='word_1_391' title='bbox 746 3037 906 3118; x_wconf 85' lang='lat' dir='ltr'><strong>loqui</strong></span> <span class='ocrx_word' id='word_1_392' title='bbox 932 3036 1582 3116; x_wconf 68' lang='lat' dir='ltr'><strong>prmsnmeremusmisi</strong></span> <span class='ocrx_word' id='word_1_393' title='bbox 1603 3036 2118 3115; x_wconf 78' lang='lat' dir='ltr'><strong>intellixissemus,</strong></span> 
     </span>
    </p>
   </div>
   <div class='ocr_carea' id='block_1_57' title="bbox 472 3125 2111 3206">
    <p class='ocr_par' dir='ltr' id='par_1_57' title="bbox 472 3125 2111 3206">
     <span class='ocr_line' id='line_1_57' title="bbox 472 3125 2111 3206; baseline -0.002 -17"><span class='ocrx_word' id='word_1_394' title='bbox 472 3148 593 3189; x_wconf 88' lang='lat' dir='ltr'><strong>non</strong></span> <span class='ocrx_word' id='word_1_395' title='bbox 626 3145 757 3187; x_wconf 89' lang='lat' dir='ltr'><strong>esse</strong></span> <span class='ocrx_word' id='word_1_396' title='bbox 779 3144 980 3187; x_wconf 87' lang='lat' dir='ltr'><strong>rerum</strong></span> <span class='ocrx_word' id='word_1_397' title='bbox 1032 3125 1397 3203; x_wconf 87' lang='lat' dir='ltr'><strong>divinarum,</strong></span> <span class='ocrx_word' id='word_1_398' title='bbox 1430 3144 1605 3205; x_wconf 85' lang='lat' dir='ltr'><strong>quam</strong></span> <span class='ocrx_word' id='word_1_399' title='bbox 1637 3130 1867 3206; x_wconf 90' lang='lat' dir='ltr'><strong>assequi</strong></span> <span class='ocrx_word' id='word_1_400' title='bbox 1903 3143 2111 3206; x_wconf 83' lang='lat' dir='ltr'><strong>possu-</strong></span> 
     </span>
    </p>
   </div>
   <div class='ocr_carea' id='block_1_58' title="bbox 474 3214 2119 3295">
    <p class='ocr_par' dir='ltr' id='par_1_58' title="bbox 474 3214 2119 3295">
     <span class='ocr_line' id='line_1_58' title="bbox 474 3214 2119 3295; baseline -0.002 -16"><span class='ocrx_word' id='word_1_401' title='bbox 474 3235 630 3290; x_wconf 89' lang='lat' dir='ltr'><strong>mus,</strong></span> <span class='ocrx_word' id='word_1_402' title='bbox 661 3216 1074 3294; x_wconf 78' lang='lat' dir='ltr'><strong>negligendam</strong></span> <span class='ocrx_word' id='word_1_403' title='bbox 1109 3214 1444 3277; x_wconf 89' lang='lat' dir='ltr'><strong>scientiam.</strong></span> <span class='ocrx_word' id='word_1_404' title='bbox 1471 3214 1665 3295; x_wconf 85' lang='lat' dir='ltr'><strong>Atque</strong></span> <span class='ocrx_word' id='word_1_405' title='bbox 1698 3216 1754 3275; x_wconf 91' lang='lat' dir='ltr'><strong>id</strong></span> <span class='ocrx_word' id='word_1_406' title='bbox 1790 3235 1905 3275; x_wconf 89' lang='lat' dir='ltr'><strong>non</strong></span> <span class='ocrx_word' id='word_1_407' title='bbox 1929 3217 2119 3276; x_wconf 90' lang='lat' dir='ltr'><strong>solum</strong></span> 
     </span>
    </p>
   </div>
   <div class='ocr_carea' id='block_1_59' title="bbox 476 3304 2117 3385">
    <p class='ocr_par' dir='ltr' id='par_1_59' title="bbox 476 3304 2117 3385">
     <span class='ocr_line' id='line_1_59' title="bbox 476 3304 2117 3385; baseline -0.001 -18"><span class='ocrx_word' id='word_1_408' title='bbox 476 3305 765 3367; x_wconf 86' lang='lat' dir='ltr'><strong>naturalia</strong></span> <span class='ocrx_word' id='word_1_409' title='bbox 790 3304 1072 3365; x_wconf 88' lang='lat' dir='ltr'><strong>mentium</strong></span> <span class='ocrx_word' id='word_1_410' title='bbox 1090 3304 1552 3384; x_wconf 63' lang='lat' dir='ltr'><strong>desideriaquaa</strong></span> <span class='ocrx_word' id='word_1_411' title='bbox 1572 3313 1839 3365; x_wconf 87' lang='lat' dir='ltr'><strong>amanter</strong></span> <span class='ocrx_word' id='word_1_412' title='bbox 1855 3323 2117 3385; x_wconf 84' lang='lat' dir='ltr'><strong>semper,</strong></span> 
     </span>
    </p>
   </div>
   <div class='ocr_carea' id='block_1_60' title="bbox 476 3393 2123 3474">
    <p class='ocr_par' dir='ltr' id='par_1_60' title="bbox 476 3393 2123 3474">
     <span class='ocr_line' id='line_1_60' title="bbox 476 3393 2123 3474; baseline -0.002 -18"><span class='ocrx_word' id='word_1_413' title='bbox 476 3404 761 3473; x_wconf 88' lang='lat' dir='ltr'><strong>quantum</strong></span> <span class='ocrx_word' id='word_1_414' title='bbox 790 3394 874 3455; x_wconf 76' lang='lat' dir='ltr'><strong>ias</strong></span> <span class='ocrx_word' id='word_1_415' title='bbox 896 3403 1011 3474; x_wconf 90' lang='lat' dir='ltr'><strong>est,</strong></span> <span class='ocrx_word' id='word_1_416' title='bbox 1061 3394 1132 3454; x_wconf 88' lang='lat' dir='ltr'><strong>ad</strong></span> <span class='ocrx_word' id='word_1_417' title='bbox 1155 3393 1492 3454; x_wconf 85' lang='lat' dir='ltr'><strong>divinarum</strong></span> <span class='ocrx_word' id='word_1_418' title='bbox 1518 3413 1718 3455; x_wconf 86' lang='lat' dir='ltr'><strong>rerum</strong></span> <span class='ocrx_word' id='word_1_419' title='bbox 1746 3395 2123 3474; x_wconf 87' lang='lat' dir='ltr'><strong>contempla-</strong></span> 
     </span>
    </p>
   </div>
   <div class='ocr_carea' id='block_1_61' title="bbox 476 3484 2127 3564">
    <p class='ocr_par' dir='ltr' id='par_1_61' title="bbox 476 3484 2127 3564">
     <span class='ocr_line' id='line_1_61' title="bbox 476 3484 2127 3564; baseline -0.001 -19"><span class='ocrx_word' id='word_1_420' title='bbox 476 3486 695 3545; x_wconf 89' lang='lat' dir='ltr'><strong>tionem</strong></span> <span class='ocrx_word' id='word_1_421' title='bbox 726 3486 1079 3563; x_wconf 85' lang='lat' dir='ltr'><strong>excitantur,</strong></span> <span class='ocrx_word' id='word_1_422' title='bbox 1114 3502 1317 3544; x_wconf 90' lang='lat' dir='ltr'><strong>verum</strong></span> <span class='ocrx_word' id='word_1_423' title='bbox 1344 3485 1472 3564; x_wconf 87' lang='lat' dir='ltr'><strong>ipsa</strong></span> <span class='ocrx_word' id='word_1_424' title='bbox 1502 3503 1746 3563; x_wconf 88' lang='lat' dir='ltr'><strong>quoque</strong></span> <span class='ocrx_word' id='word_1_425' title='bbox 1769 3484 2127 3562; x_wconf 70' lang='lat' dir='ltr'><strong>praestantis-</strong></span> 
     </span>
    </p>
   </div>
   <div class='ocr_carea' id='block_1_62' title="bbox 472 3573 2129 3653">
    <p class='ocr_par' dir='ltr' id='par_1_62' title="bbox 472 3573 2129 3653">
     <span class='ocr_line' id='line_1_62' title="bbox 472 3573 2129 3653; baseline -0.002 -17"><span class='ocrx_word' id='word_1_426' title='bbox 472 3576 623 3637; x_wconf 90' lang='lat' dir='ltr'><strong>sima</strong></span> <span class='ocrx_word' id='word_1_427' title='bbox 646 3576 840 3652; x_wconf 82' lang='lat' dir='ltr'><strong>legum</strong></span> <span class='ocrx_word' id='word_1_428' title='bbox 870 3573 1199 3633; x_wconf 86' lang='lat' dir='ltr'><strong>divinarum</strong></span> <span class='ocrx_word' id='word_1_429' title='bbox 1223 3573 1508 3634; x_wconf 86' lang='lat' dir='ltr'><strong>institutio</strong></span> <span class='ocrx_word' id='word_1_430' title='bbox 1529 3574 1867 3652; x_wconf 82' lang='lat' dir='ltr'><strong>persuadet;</strong></span> <span class='ocrx_word' id='word_1_431' title='bbox 1900 3582 2129 3653; x_wconf 49' lang='lat' dir='ltr'><strong>quant</strong></span> 
     </span>
    </p>
   </div>
   <div class='ocr_carea' id='block_1_63' title="bbox 477 3663 2121 3744">
    <p class='ocr_par' dir='ltr' id='par_1_63' title="bbox 477 3663 2121 3744">
     <span class='ocr_line' id='line_1_63' title="bbox 477 3663 2121 3744; baseline -0.004 -17"><span class='ocrx_word' id='word_1_432' title='bbox 477 3683 546 3727; x_wconf 87' lang='lat' dir='ltr'><strong>ea</strong></span> <span class='ocrx_word' id='word_1_433' title='bbox 570 3683 705 3744; x_wconf 62' lang='lat' dir='ltr'><strong>quae</strong></span> <span class='ocrx_word' id='word_1_434' title='bbox 719 3681 895 3743; x_wconf 88' lang='lat' dir='ltr'><strong>supra</strong></span> <span class='ocrx_word' id='word_1_435' title='bbox 915 3681 1023 3723; x_wconf 90' lang='lat' dir='ltr'><strong>nos</strong></span> <span class='ocrx_word' id='word_1_436' title='bbox 1048 3675 1207 3736; x_wconf 87' lang='lat' dir='ltr'><strong>sunt,</strong></span> <span class='ocrx_word' id='word_1_437' title='bbox 1230 3663 1561 3743; x_wconf 84' lang='lat' dir='ltr'><strong>meritaque</strong></span> <span class='ocrx_word' id='word_1_438' title='bbox 1581 3672 1782 3723; x_wconf 90' lang='lat' dir='ltr'><strong>nostra</strong></span> <span class='ocrx_word' id='word_1_439' title='bbox 1807 3664 2121 3737; x_wconf 86' lang='lat' dir='ltr'><strong>excedunt,</strong></span> 
     </span>
    </p>
   </div>
   <div class='ocr_carea' id='block_1_64' title="bbox 477 3751 2129 3833">
    <p class='ocr_par' dir='ltr' id='par_1_64' title="bbox 477 3751 2129 3833">
     <span class='ocr_line' id='line_1_64' title="bbox 477 3751 2129 3833; baseline -0.002 -17"><span class='ocrx_word' id='word_1_440' title='bbox 477 3762 537 3816; x_wconf 87' lang='lat' dir='ltr'><strong>et</strong></span> <span class='ocrx_word' id='word_1_441' title='bbox 564 3762 797 3833; x_wconf 90' lang='lat' dir='ltr'><strong>captum</strong></span> <span class='ocrx_word' id='word_1_442' title='bbox 831 3762 1114 3831; x_wconf 85' lang='lat' dir='ltr'><strong>superant</strong></span> <span class='ocrx_word' id='word_1_443' title='bbox 1135 3752 1428 3814; x_wconf 85' lang='lat' dir='ltr'><strong>curiosius</strong></span> <span class='ocrx_word' id='word_1_444' title='bbox 1456 3752 1815 3831; x_wconf 83' lang='lat' dir='ltr'><strong>investigare</strong></span> <span class='ocrx_word' id='word_1_445' title='bbox 1841 3760 2016 3832; x_wconf 89' lang='lat' dir='ltr'><strong>vetat,</strong></span> <span class='ocrx_word' id='word_1_446' title='bbox 2050 3751 2129 3813; x_wconf 85' lang='lat' dir='ltr'><strong>ita</strong></span> 
     </span>
    </p>
   </div>
   <div class='ocr_carea' id='block_1_65' title="bbox 472 3841 2125 3923">
    <p class='ocr_par' dir='ltr' id='par_1_65' title="bbox 472 3841 2125 3923">
     <span class='ocr_line' id='line_1_65' title="bbox 472 3841 2125 3923; baseline -0.002 -19"><span class='ocrx_word' id='word_1_447' title='bbox 472 3843 644 3923; x_wconf 79' lang='lat' dir='ltr'><strong>jubet</strong></span> <span class='ocrx_word' id='word_1_448' title='bbox 666 3847 884 3921; x_wconf 86' lang='lat' dir='ltr'><strong>omnia,</strong></span> <span class='ocrx_word' id='word_1_449' title='bbox 917 3860 1048 3922; x_wconf 60' lang='lat' dir='ltr'><strong>qua;</strong></span> <span class='ocrx_word' id='word_1_450' title='bbox 1082 3841 1370 3922; x_wconf 88' lang='lat' dir='ltr'><strong>permissa</strong></span> <span class='ocrx_word' id='word_1_451' title='bbox 1401 3841 1574 3903; x_wconf 91' lang='lat' dir='ltr'><strong>nobis</strong></span> <span class='ocrx_word' id='word_1_452' title='bbox 1604 3848 1663 3901; x_wconf 92' lang='lat' dir='ltr'><strong>et</strong></span> <span class='ocrx_word' id='word_1_453' title='bbox 1702 3841 1933 3901; x_wconf 90' lang='lat' dir='ltr'><strong>indulta</strong></span> <span class='ocrx_word' id='word_1_454' title='bbox 1964 3849 2125 3917; x_wconf 88' lang='lat' dir='ltr'><strong>sunt,</strong></span> 
     </span>
    </p>
   </div>
   <div class='ocr_carea' id='block_1_66' title="bbox 477 3929 2129 4011">
    <p class='ocr_par' dir='ltr' id='par_1_66' title="bbox 477 3929 2129 4011">
     <span class='ocr_line' id='line_1_66' title="bbox 477 3929 2129 4011; baseline -0.004 -16"><span class='ocrx_word' id='word_1_455' title='bbox 477 3932 717 3995; x_wconf 87' lang='lat' dir='ltr'><strong>assidue</strong></span> <span class='ocrx_word' id='word_1_456' title='bbox 746 3931 1080 4006; x_wconf 87' lang='lat' dir='ltr'><strong>addiscere,</strong></span> <span class='ocrx_word' id='word_1_457' title='bbox 1119 3932 1495 4011; x_wconf 86' lang='lat' dir='ltr'><strong>benigneque</strong></span> <span class='ocrx_word' id='word_1_458' title='bbox 1540 3929 1672 3989; x_wconf 88' lang='lat' dir='ltr'><strong>aliis</strong></span> <span class='ocrx_word' id='word_1_459' title='bbox 1714 3929 2129 3990; x_wconf 88' lang='lat' dir='ltr'><strong>communica-</strong></span> 
     </span>
    </p>
   </div>
   <div class='ocr_carea' id='block_1_67' title="bbox 479 4018 2126 4100">
    <p class='ocr_par' dir='ltr' id='par_1_67' title="bbox 479 4018 2126 4100">
     <span class='ocr_line' id='line_1_67' title="bbox 479 4018 2126 4100; baseline -0.003 -15"><span class='ocrx_word' id='word_1_460' title='bbox 479 4040 570 4085; x_wconf 90' lang='lat' dir='ltr'><strong>re.</strong></span> <span class='ocrx_word' id='word_1_461' title='bbox 606 4023 712 4085; x_wconf 89' lang='lat' dir='ltr'><strong>His</strong></span> <span class='ocrx_word' id='word_1_462' title='bbox 742 4021 937 4100; x_wconf 89' lang='lat' dir='ltr'><strong>itaque</strong></span> <span class='ocrx_word' id='word_1_463' title='bbox 968 4020 1236 4094; x_wconf 87' lang='lat' dir='ltr'><strong>adducti,</strong></span> <span class='ocrx_word' id='word_1_464' title='bbox 1271 4038 1469 4100; x_wconf 88' lang='lat' dir='ltr'><strong>neque</strong></span> <span class='ocrx_word' id='word_1_465' title='bbox 1492 4018 1696 4079; x_wconf 86' lang='lat' dir='ltr'><strong>labore</strong></span> <span class='ocrx_word' id='word_1_466' title='bbox 1727 4036 1923 4098; x_wconf 91' lang='lat' dir='ltr'><strong>neque</strong></span> <span class='ocrx_word' id='word_1_467' title='bbox 1955 4019 2126 4098; x_wconf 80' lang='lat' dir='ltr'><strong>igna-</strong></span> 
     </span>
    </p>
   </div>
   <div class='ocr_carea' id='block_1_68' title="bbox 477 4106 2128 4173">
    <p class='ocr_par' dir='ltr' id='par_1_68' title="bbox 477 4106 2128 4173">
     <span class='ocr_line' id='line_1_68' title="bbox 477 4106 2128 4173; baseline -0.002 0"><span class='ocrx_word' id='word_1_468' title='bbox 477 4112 572 4173; x_wconf 83' lang='lat' dir='ltr'><strong>via</strong></span> <span class='ocrx_word' id='word_1_469' title='bbox 615 4131 649 4173; x_wconf 92' lang='lat' dir='ltr'><strong>a</strong></span> <span class='ocrx_word' id='word_1_470' title='bbox 681 4110 841 4172; x_wconf 88' lang='lat' dir='ltr'><strong>licita</strong></span> <span class='ocrx_word' id='word_1_471' title='bbox 867 4128 1068 4171; x_wconf 90' lang='lat' dir='ltr'><strong>rerum</strong></span> <span class='ocrx_word' id='word_1_472' title='bbox 1122 4109 1456 4169; x_wconf 89' lang='lat' dir='ltr'><strong>divinarum</strong></span> <span class='ocrx_word' id='word_1_473' title='bbox 1517 4106 1880 4170; x_wconf 88' lang='lat' dir='ltr'><strong>scrutatione</strong></span> <span class='ocrx_word' id='word_1_474' title='bbox 1922 4109 2128 4169; x_wconf 83' lang='lat' dir='ltr'><strong>deter-</strong></span> 
     </span>
    </p>
   </div>
   <div class='ocr_carea' id='block_1_69' title="bbox 477 4196 2125 4280">
    <p class='ocr_par' dir='ltr' id='par_1_69' title="bbox 477 4196 2125 4280">
     <span class='ocr_line' id='line_1_69' title="bbox 477 4196 2125 4280; baseline -0.005 -15"><span class='ocrx_word' id='word_1_475' title='bbox 477 4202 599 4278; x_wconf 88' lang='lat' dir='ltr'><strong>riti,</strong></span> <span class='ocrx_word' id='word_1_476' title='bbox 637 4220 711 4262; x_wconf 90' lang='lat' dir='ltr'><strong>ne</strong></span> <span class='ocrx_word' id='word_1_477' title='bbox 744 4217 848 4280; x_wconf 88' lang='lat' dir='ltr'><strong>pro</strong></span> <span class='ocrx_word' id='word_1_478' title='bbox 902 4198 1144 4259; x_wconf 90' lang='lat' dir='ltr'><strong>modulo</strong></span> <span class='ocrx_word' id='word_1_479' title='bbox 1190 4205 1392 4257; x_wconf 90' lang='lat' dir='ltr'><strong>nostro</strong></span> <span class='ocrx_word' id='word_1_480' title='bbox 1448 4196 1606 4270; x_wconf 91' lang='lat' dir='ltr'><strong>illos,</strong></span> <span class='ocrx_word' id='word_1_481' title='bbox 1655 4196 1873 4273; x_wconf 83' lang='lat' dir='ltr'><strong>quibus</strong></span> <span class='ocrx_word' id='word_1_482' title='bbox 1937 4197 2125 4259; x_wconf 85' lang='lat' dir='ltr'><strong>subli-</strong></span> 
     </span>
    </p>
   </div>
   <div class='ocr_carea' id='block_1_70' title="bbox 2206 3021 3863 3103">
    <p class='ocr_par' dir='ltr' id='par_1_70' title="bbox 2206 3021 3863 3103">
     <span class='ocr_line' id='line_1_70' title="bbox 2206 3021 3863 3103; baseline -0.001 -22"><span class='ocrx_word' id='word_1_483' title='bbox 2206 3024 2563 3103; x_wconf 74' lang='grc' dir='ltr'>ἐνδῖχομὲνης</span> <span class='ocrx_word' id='word_1_484' title='bbox 2622 3030 2726 3079; x_wconf 81' lang='grc' dir='ltr'>τῶν</span> <span class='ocrx_word' id='word_1_485' title='bbox 2756 3024 2908 3079; x_wconf 81' lang='grc' dir='ltr'>θείων</span> <span class='ocrx_word' id='word_1_486' title='bbox 2965 3023 3212 3100; x_wconf 65' lang='grc' dir='ltr'>γνώσεως</span> <span class='ocrx_word' id='word_1_487' title='bbox 3270 3021 3519 3098; x_wconf 76' lang='grc' dir='ltr'>ἀμελεῖν.</span> <span class='ocrx_word' id='word_1_488' title='bbox 3573 3023 3672 3081; x_wconf 82' lang='grc' dir='ltr'>Καὶ</span> <span class='ocrx_word' id='word_1_489' title='bbox 3703 3028 3863 3080; x_wconf 79' lang='grc' dir='ltr'>τοῦτο</span> 
     </span>
    </p>
   </div>
   <div class='ocr_carea' id='block_1_71' title="bbox 2202 3110 3863 3191">
    <p class='ocr_par' dir='ltr' id='par_1_71' title="bbox 2202 3110 3863 3191">
     <span class='ocr_line' id='line_1_71' title="bbox 2202 3110 3863 3191; baseline -0.002 -20"><span class='ocrx_word' id='word_1_490' title='bbox 2202 3118 2344 3191; x_wconf 76' lang='grc' dir='ltr'>ἡμᾶς</span> <span class='ocrx_word' id='word_1_491' title='bbox 2382 3114 2594 3169; x_wconf 73' lang='grc' dir='ltr'>ἔπεισαν</span> <span class='ocrx_word' id='word_1_492' title='bbox 2645 3114 2703 3169; x_wconf 70' lang='grc' dir='ltr'>οὓ</span> <span class='ocrx_word' id='word_1_493' title='bbox 2754 3112 2916 3187; x_wconf 83' lang='grc' dir='ltr'>μόνον</span> <span class='ocrx_word' id='word_1_494' title='bbox 2962 3114 3012 3167; x_wconf 77' lang='grc' dir='ltr'>αἱ</span> <span class='ocrx_word' id='word_1_495' title='bbox 3068 3112 3205 3171; x_wconf 81' lang='grc' dir='ltr'>κατά</span> <span class='ocrx_word' id='word_1_496' title='bbox 3260 3112 3415 3191; x_wconf 73' lang='grc' dir='ltr'>φύσιν</span> <span class='ocrx_word' id='word_1_497' title='bbox 3487 3110 3693 3191; x_wconf 73' lang='grc' dir='ltr'>ἐφέσεις</span> <span class='ocrx_word' id='word_1_498' title='bbox 3757 3119 3863 3168; x_wconf 82' lang='grc' dir='ltr'>τῶν</span> 
     </span>
    </p>
   </div>
   <div class='ocr_carea' id='block_1_72' title="bbox 2205 3200 3863 3281">
    <p class='ocr_par' dir='ltr' id='par_1_72' title="bbox 2205 3200 3863 3281">
     <span class='ocr_line' id='line_1_72' title="bbox 2205 3200 3863 3281; baseline -0.003 -20"><span class='ocrx_word' id='word_1_499' title='bbox 2205 3211 2362 3277; x_wconf 81' lang='grc' dir='ltr'>νοῶν,</span> <span class='ocrx_word' id='word_1_500' title='bbox 2412 3203 2673 3281; x_wconf 77' lang='grc' dir='ltr'>ἐρωτικῶς</span> <span class='ocrx_word' id='word_1_501' title='bbox 2706 3203 2785 3257; x_wconf 81' lang='grc' dir='ltr'><strong>ἀεὶ</strong></span> <span class='ocrx_word' id='word_1_502' title='bbox 2817 3200 3142 3281; x_wconf 81' lang='grc' dir='ltr'>γλιχόμεναι</span> <span class='ocrx_word' id='word_1_503' title='bbox 3186 3205 3284 3269; x_wconf 74' lang='grc' dir='ltr'><strong>τῆς</strong></span> <span class='ocrx_word' id='word_1_504' title='bbox 3339 3200 3692 3280; x_wconf 74' lang='grc' dir='ltr'>ὲγχωρούσης</span> <span class='ocrx_word' id='word_1_505' title='bbox 3756 3207 3863 3257; x_wconf 82' lang='grc' dir='ltr'><strong>τῶν</strong></span> 
     </span>
    </p>
   </div>
   <div class='ocr_carea' id='block_1_73' title="bbox 2205 3290 3861 3371">
    <p class='ocr_par' dir='ltr' id='par_1_73' title="bbox 2205 3290 3861 3371">
     <span class='ocr_line' id='line_1_73' title="bbox 2205 3290 3861 3371; baseline -0.001 -22"><span class='ocrx_word' id='word_1_506' title='bbox 2205 3293 2478 3371; x_wconf 62' lang='grc' dir='ltr'>ὑπερφυῶν</span> <span class='ocrx_word' id='word_1_507' title='bbox 2539 3292 2782 3368; x_wconf 79' lang='grc' dir='ltr'>θεωρίας,</span> <span class='ocrx_word' id='word_1_508' title='bbox 2829 3290 2965 3345; x_wconf 79' lang='grc' dir='ltr'>ἀλλὰ</span> <span class='ocrx_word' id='word_1_509' title='bbox 2997 3292 3083 3347; x_wconf 87' lang='grc' dir='ltr'><strong>καὶ</strong></span> <span class='ocrx_word' id='word_1_510' title='bbox 3123 3290 3255 3358; x_wconf 74' lang='grc' dir='ltr'>αὐτὴ</span> <span class='ocrx_word' id='word_1_511' title='bbox 3313 3297 3419 3347; x_wconf 83' lang='grc' dir='ltr'><strong>τῶν</strong></span> <span class='ocrx_word' id='word_1_512' title='bbox 3450 3290 3603 3347; x_wconf 83' lang='grc' dir='ltr'>θείων</span> <span class='ocrx_word' id='word_1_513' title='bbox 3646 3293 3861 3365; x_wconf 81' lang='grc' dir='ltr'>θεσμῶν</span> 
     </span>
    </p>
   </div>
   <div class='ocr_carea' id='block_1_74' title="bbox 2208 3379 3868 3460">
    <p class='ocr_par' dir='ltr' id='par_1_74' title="bbox 2208 3379 3868 3460">
     <span class='ocr_line' id='line_1_74' title="bbox 2208 3379 3868 3460; baseline -0.001 -23"><span class='ocrx_word' id='word_1_514' title='bbox 2208 3385 2242 3450; x_wconf 81' lang='grc' dir='ltr'>ἡ</span> <span class='ocrx_word' id='word_1_515' title='bbox 2289 3382 2474 3460; x_wconf 81' lang='grc' dir='ltr'>ἀρίστη</span> <span class='ocrx_word' id='word_1_516' title='bbox 2519 3379 2748 3445; x_wconf 60' lang='grc' dir='ltr'>διάταξις</span> <span class='ocrx_word' id='word_1_517' title='bbox 2785 3395 2798 3409; x_wconf 83' lang='grc'><strong><em>⁸</em></strong></span> <span class='ocrx_word' id='word_1_518' title='bbox 2834 3381 2897 3435; x_wconf 80' lang='grc' dir='ltr'>τὰ</span> <span class='ocrx_word' id='word_1_519' title='bbox 2955 3380 3053 3453; x_wconf 77' lang='grc' dir='ltr'>μὲν</span> <span class='ocrx_word' id='word_1_520' title='bbox 3104 3380 3233 3456; x_wconf 79' lang='grc' dir='ltr'>ὑπὲρ</span> <span class='ocrx_word' id='word_1_521' title='bbox 3283 3381 3428 3455; x_wconf 80' lang='grc' dir='ltr'>ἡμᾶς</span> <span class='ocrx_word' id='word_1_522' title='bbox 3476 3379 3868 3460; x_wconf 71' lang='grc' dir='ltr'>ἀποφάσκουσα</span> 
     </span>
    </p>
   </div>
   <div class='ocr_carea' id='block_1_75' title="bbox 2210 3466 3867 3550">
    <p class='ocr_par' dir='ltr' id='par_1_75' title="bbox 2210 3466 3867 3550">
     <span class='ocr_line' id='line_1_75' title="bbox 2210 3466 3867 3550; baseline -0.003 -21"><span class='ocrx_word' id='word_1_523' title='bbox 2210 3471 2699 3550; x_wconf 71' lang='grc' dir='ltr'>πολυπραγμονεῖν,</span> <span class='ocrx_word' id='word_1_524' title='bbox 2763 3471 2851 3526; x_wconf 83' lang='grc' dir='ltr'>καὶ</span> <span class='ocrx_word' id='word_1_525' title='bbox 2907 3472 2980 3533; x_wconf 81' lang='grc' dir='ltr'>ὡς</span> <span class='ocrx_word' id='word_1_526' title='bbox 3011 3469 3138 3548; x_wconf 78' lang='grc' dir='ltr'>ὑπὲρ</span> <span class='ocrx_word' id='word_1_527' title='bbox 3176 3466 3346 3548; x_wconf 78' lang='grc' dir='ltr'>ἀξίαν,</span> <span class='ocrx_word' id='word_1_528' title='bbox 3400 3470 3488 3525; x_wconf 90' lang='grc' dir='ltr'><strong>καὶ</strong></span> <span class='ocrx_word' id='word_1_529' title='bbox 3540 3471 3612 3529; x_wconf 82' lang='grc' dir='ltr'>ὣς</span> <span class='ocrx_word' id='word_1_530' title='bbox 3673 3469 3867 3548; x_wconf 60' lang='grc' dir='ltr'>ἀνέφι-</span> 
     </span>
    </p>
   </div>
   <div class='ocr_carea' id='block_1_76' title="bbox 2212 3556 3869 3638">
    <p class='ocr_par' dir='ltr' id='par_1_76' title="bbox 2212 3556 3869 3638">
     <span class='ocr_line' id='line_1_76' title="bbox 2212 3556 3869 3638; baseline -0.002 -20"><span class='ocrx_word' id='word_1_531' title='bbox 2212 3584 2360 3619; x_wconf 83' lang='grc' dir='ltr'>κτα’</span> <span class='ocrx_word' id='word_1_532' title='bbox 2423 3562 2589 3619; x_wconf 70' lang='grc' dir='ltr'>πάντα</span> <span class='ocrx_word' id='word_1_533' title='bbox 2622 3559 2675 3615; x_wconf 78' lang='grc' dir='ltr'>δὲ</span> <span class='ocrx_word' id='word_1_534' title='bbox 2729 3557 2826 3616; x_wconf 83' lang='grc' dir='ltr'><strong>ὅσα</strong></span> <span class='ocrx_word' id='word_1_535' title='bbox 2881 3559 2935 3613; x_wconf 77' lang='grc' dir='ltr'>ἐν</span> <span class='ocrx_word' id='word_1_536' title='bbox 2991 3561 3127 3634; x_wconf 78' lang='grc' dir='ltr'>ἡμῖν</span> <span class='ocrx_word' id='word_1_537' title='bbox 3174 3558 3372 3638; x_wconf 77' lang='grc' dir='ltr'>ἐφίεται</span> <span class='ocrx_word' id='word_1_538' title='bbox 3428 3560 3517 3616; x_wconf 80' lang='grc' dir='ltr'><strong>καὶ</strong></span> <span class='ocrx_word' id='word_1_539' title='bbox 3576 3556 3869 3637; x_wconf 79' lang='grc' dir='ltr'>δεδώρῆται</span> 
     </span>
    </p>
   </div>
   <div class='ocr_carea' id='block_1_77' title="bbox 2215 3647 3869 3728">
    <p class='ocr_par' dir='ltr' id='par_1_77' title="bbox 2215 3647 3869 3728">
     <span class='ocr_line' id='line_1_77' title="bbox 2215 3647 3869 3728; baseline -0.002 -20"><span class='ocrx_word' id='word_1_540' title='bbox 2215 3651 2515 3728; x_wconf 73' lang='grc' dir='ltr'>μανθάνειν,</span> <span class='ocrx_word' id='word_1_541' title='bbox 2551 3654 2837 3728; x_wconf 75' lang='grc' dir='ltr'>προσεχῶς</span> <span class='ocrx_word' id='word_1_542' title='bbox 2894 3647 3283 3726; x_wconf 67' lang='grc' dir='ltr'>ἐγκελευομένη</span> <span class='ocrx_word' id='word_1_543' title='bbox 3334 3649 3422 3705; x_wconf 83' lang='grc' dir='ltr'><strong>καὶ</strong></span> <span class='ocrx_word' id='word_1_544' title='bbox 3479 3647 3681 3727; x_wconf 75' lang='grc' dir='ltr'>ἑτέροις</span> <span class='ocrx_word' id='word_1_545' title='bbox 3724 3648 3869 3726; x_wconf 76' lang='grc' dir='ltr'>ἄγα-</span> 
     </span>
    </p>
   </div>
   <div class='ocr_carea' id='block_1_78' title="bbox 2210 3737 3870 3815">
    <p class='ocr_par' dir='ltr' id='par_1_78' title="bbox 2210 3737 3870 3815">
     <span class='ocr_line' id='line_1_78' title="bbox 2210 3737 3870 3815; baseline -0.004 -16"><span class='ocrx_word' id='word_1_546' title='bbox 2210 3741 2425 3804; x_wconf 63' lang='lat' dir='ltr'><strong>causa;</strong></span> <span class='ocrx_word' id='word_1_547' title='bbox 2458 3738 2818 3815; x_wconf 80' lang='grc' dir='ltr'>μεταδιδόναι,</span> <span class='ocrx_word' id='word_1_548' title='bbox 2859 3737 3076 3800; x_wconf 71' lang='grc' dir='ltr'>Τούτοις</span> <span class='ocrx_word' id='word_1_549' title='bbox 3110 3746 3197 3795; x_wconf 83' lang='grc' dir='ltr'>οὖν</span> <span class='ocrx_word' id='word_1_550' title='bbox 3264 3738 3547 3813; x_wconf 75' lang='grc' dir='ltr'>καὶήμεῖς</span> <span class='ocrx_word' id='word_1_551' title='bbox 3605 3738 3870 3814; x_wconf 84' lang='grc' dir='ltr'>πειθόμε-</span> 
     </span>
    </p>
   </div>
   <div class='ocr_carea' id='block_1_79' title="bbox 2214 3825 3865 3907">
    <p class='ocr_par' dir='ltr' id='par_1_79' title="bbox 2214 3825 3865 3907">
     <span class='ocr_line' id='line_1_79' title="bbox 2214 3825 3865 3907; baseline -0.005 -19"><span class='ocrx_word' id='word_1_552' title='bbox 2214 3855 2314 3905; x_wconf 91' lang='grc' dir='ltr'>νοι,</span> <span class='ocrx_word' id='word_1_553' title='bbox 2373 3832 2463 3887; x_wconf 87' lang='grc' dir='ltr'><strong>καὶ</strong></span> <span class='ocrx_word' id='word_1_554' title='bbox 2518 3830 2645 3906; x_wconf 74' lang='grc' dir='ltr'>πρὸς</span> <span class='ocrx_word' id='word_1_555' title='bbox 2690 3828 2791 3895; x_wconf 83' lang='grc' dir='ltr'>τὴν</span> <span class='ocrx_word' id='word_1_556' title='bbox 2866 3827 3088 3907; x_wconf 67' lang='grc' dir='ltr'>ἐφικτὴν</span> <span class='ocrx_word' id='word_1_557' title='bbox 3142 3833 3248 3883; x_wconf 80' lang='grc' dir='ltr'>τῶν</span> <span class='ocrx_word' id='word_1_558' title='bbox 3310 3828 3463 3883; x_wconf 89' lang='grc' dir='ltr'>θείων</span> <span class='ocrx_word' id='word_1_559' title='bbox 3519 3825 3725 3905; x_wconf 56' lang='grc' dir='ltr'>εὕρεσιν</span> <span class='ocrx_word' id='word_1_560' title='bbox 3787 3827 3865 3903; x_wconf 74' lang='grc' dir='ltr'>μὴ</span> 
     </span>
    </p>
   </div>
   <div class='ocr_carea' id='block_1_80' title="bbox 2214 3914 3874 3994">
    <p class='ocr_par' dir='ltr' id='par_1_80' title="bbox 2214 3914 3874 3994">
     <span class='ocr_line' id='line_1_80' title="bbox 2214 3914 3874 3994; baseline -0.004 -16"><span class='ocrx_word' id='word_1_561' title='bbox 2214 3920 2582 3994; x_wconf 80' lang='grc' dir='ltr'>αποκαμόντες</span> <span class='ocrx_word' id='word_1_562' title='bbox 2628 3917 2661 3984; x_wconf 74' lang='grc' dir='ltr'><strong>ἦ</strong></span> <span class='ocrx_word' id='word_1_563' title='bbox 2720 3914 3202 3991; x_wconf 63' lang='grc' dir='ltr'><strong>⁹ὒιτοδειλιάσαντες,</strong></span> <span class='ocrx_word' id='word_1_564' title='bbox 3253 3914 3393 3972; x_wconf 75' lang='grc' dir='ltr'>ἀλλὰ</span> <span class='ocrx_word' id='word_1_565' title='bbox 3451 3917 3545 3973; x_wconf 81' lang='grc' dir='ltr'><strong>καὶ</strong></span> <span class='ocrx_word' id='word_1_566' title='bbox 3596 3918 3720 3980; x_wconf 76' lang='grc' dir='ltr'>τοὺς</span> <span class='ocrx_word' id='word_1_567' title='bbox 3796 3916 3874 3989; x_wconf 77' lang='grc' dir='ltr'>μὴ</span> 
     </span>
    </p>
   </div>
   <div class='ocr_carea' id='block_1_81' title="bbox 2213 4004 3869 4086">
    <p class='ocr_par' dir='ltr' id='par_1_81' title="bbox 2213 4004 3869 4086">
     <span class='ocr_line' id='line_1_81' title="bbox 2213 4004 3869 4086; baseline -0.001 -19"><span class='ocrx_word' id='word_1_568' title='bbox 2213 4010 2525 4085; x_wconf 74' lang='grc' dir='ltr'>δυναμένους</span> <span class='ocrx_word' id='word_1_569' title='bbox 2593 4007 2663 4072; x_wconf 73' lang='grc' dir='ltr'>εἷς</span> <span class='ocrx_word' id='word_1_570' title='bbox 2721 4007 2785 4062; x_wconf 76' lang='grc' dir='ltr'><strong>τὰ</strong></span> <span class='ocrx_word' id='word_1_571' title='bbox 2816 4007 2971 4081; x_wconf 77' lang='grc' dir='ltr'>ἡμῶν</span> <span class='ocrx_word' id='word_1_572' title='bbox 3029 4007 3298 4085; x_wconf 86' lang='grc' dir='ltr'>κρείττονα</span> <span class='ocrx_word' id='word_1_573' title='bbox 3328 4008 3574 4086; x_wconf 78' lang='grc' dir='ltr'>θεωρεῖν,</span> <span class='ocrx_word' id='word_1_574' title='bbox 3619 4004 3869 4081; x_wconf 71' lang='grc' dir='ltr'>ἀϐοηθᾶ-</span> 
     </span>
    </p>
   </div>
   <div class='ocr_carea' id='block_1_82' title="bbox 2210 4095 3869 4176">
    <p class='ocr_par' dir='ltr' id='par_1_82' title="bbox 2210 4095 3869 4176">
     <span class='ocr_line' id='line_1_82' title="bbox 2210 4095 3869 4176; baseline -0.005 -17"><span class='ocrx_word' id='word_1_575' title='bbox 2210 4123 2332 4164; x_wconf 72' lang='grc' dir='ltr'>τους</span> <span class='ocrx_word' id='word_1_576' title='bbox 2374 4098 2693 4156; x_wconf 72' lang='grc' dir='ltr'>καταλιπεῖν</span> <span class='ocrx_word' id='word_1_577' title='bbox 2741 4096 2799 4152; x_wconf 70' lang='grc' dir='ltr'>οὗ</span> <span class='ocrx_word' id='word_1_578' title='bbox 2830 4103 3224 4176; x_wconf 71' lang='grc' dir='ltr'>καρτεροῦντες,</span> <span class='ocrx_word' id='word_1_579' title='bbox 3285 4095 3369 4152; x_wconf 74' lang='grc' dir='ltr'>ἐπὶ</span> <span class='ocrx_word' id='word_1_580' title='bbox 3426 4097 3488 4152; x_wconf 80' lang='grc' dir='ltr'>τὸ</span> <span class='ocrx_word' id='word_1_581' title='bbox 3539 4096 3869 4174; x_wconf 73' lang='grc' dir='ltr'>συγγράφειν</span> 
     </span>
    </p>
   </div>
   <div class='ocr_carea' id='block_1_83' title="bbox 2211 4182 3873 4265">
    <p class='ocr_par' dir='ltr' id='par_1_83' title="bbox 2211 4182 3873 4265">
     <span class='ocr_line' id='line_1_83' title="bbox 2211 4182 3873 4265; baseline -0.005 -18"><span class='ocrx_word' id='word_1_582' title='bbox 2211 4191 2425 4253; x_wconf 77' lang='grc' dir='ltr'>ἑαυτοὺς</span> <span class='ocrx_word' id='word_1_583' title='bbox 2495 4187 2828 4265; x_wconf 67' lang='grc' dir='ltr'>καθήκαμεν,</span> <span class='ocrx_word' id='word_1_584' title='bbox 2898 4186 3076 4241; x_wconf 71' lang='grc' dir='ltr'>καινὸν</span> <span class='ocrx_word' id='word_1_585' title='bbox 3151 4184 3248 4260; x_wconf 77' lang='grc' dir='ltr'>μὲν</span> <span class='ocrx_word' id='word_1_586' title='bbox 3318 4182 3464 4241; x_wconf 72' lang='grc' dir='ltr'>οὒδὲν</span> <span class='ocrx_word' id='word_1_587' title='bbox 3534 4187 3873 4264; x_wconf 80' lang='grc' dir='ltr'>εἰσηγεῖσθαι</span> 
     </span>
    </p>
   </div>
   <div class='ocr_carea' id='block_1_84' title="bbox 479 4272 2114 4366">
    <p class='ocr_par' dir='ltr' id='par_1_84' title="bbox 479 4272 2114 4366">
     <span class='ocr_line' id='line_1_84' title="bbox 479 4272 2114 4366; baseline -0.004 -12"><span class='ocrx_word' id='word_1_588' title='bbox 479 4272 673 4354; x_wconf 85' lang='lat' dir='ltr'><strong>miora</strong></span> <span class='ocrx_word' id='word_1_589' title='bbox 703 4272 877 4350; x_wconf 75' lang='lat' dir='ltr'><strong>nobis</strong></span> <span class='ocrx_word' id='word_1_590' title='bbox 907 4286 1350 4366; x_wconf 86' lang='lat' dir='ltr'><strong>contemplandi</strong></span> <span class='ocrx_word' id='word_1_591' title='bbox 1383 4285 1628 4346; x_wconf 85' lang='lat' dir='ltr'><strong>facultas</strong></span> <span class='ocrx_word' id='word_1_592' title='bbox 1650 4272 1839 4362; x_wconf 83' lang='lat' dir='ltr'><strong>deest,</strong></span> <span class='ocrx_word' id='word_1_593' title='bbox 1875 4286 2114 4347; x_wconf 86' lang='lat' dir='ltr'><strong>admini-</strong></span> 
     </span>
    </p>
   </div>
   <div class='ocr_carea' id='block_1_85' title="bbox 2202 4272 3875 4366">
    <p class='ocr_par' dir='ltr' id='par_1_85' title="bbox 2208 4272 3875 4357">
     <span class='ocr_line' id='line_1_85' title="bbox 2208 4272 3875 4357; baseline -0.004 -19"><span class='ocrx_word' id='word_1_594' title='bbox 2208 4280 2535 4357; x_wconf 79' lang='grc' dir='ltr'>τολμῶντες,</span> <span class='ocrx_word' id='word_1_595' title='bbox 2592 4274 2931 4353; x_wconf 80' lang='grc' dir='ltr'>Αεπτοτέραις</span> <span class='ocrx_word' id='word_1_596' title='bbox 2985 4272 3039 4329; x_wconf 74' lang='grc' dir='ltr'>δὲ</span> <span class='ocrx_word' id='word_1_597' title='bbox 3088 4276 3176 4331; x_wconf 84' lang='grc' dir='ltr'>καὶ</span> <span class='ocrx_word' id='word_1_598' title='bbox 3219 4286 3341 4340; x_wconf 84' lang='grc' dir='ltr'>ταῖς</span> <span class='ocrx_word' id='word_1_599' title='bbox 3383 4274 3520 4331; x_wconf 69' lang='grc' dir='ltr'>κατὰ</span> <span class='ocrx_word' id='word_1_600' title='bbox 3550 4274 3720 4353; x_wconf 83' lang='grc' dir='ltr'>μέρος</span> <span class='ocrx_word' id='word_1_601' title='bbox 3752 4273 3875 4331; x_wconf 62' lang='lat' dir='ltr'><strong>gm-</strong></span> 
     </span>
    </p>
   </div>
   <div class='ocr_carea' id='block_1_86' title="bbox 477 4350 2114 4457">
    <p class='ocr_par' dir='ltr' id='par_1_86' title="bbox 477 4350 2114 4457">
     <span class='ocr_line' id='line_1_86' title="bbox 477 4350 2114 4457; baseline -0.003 -14"><span class='ocrx_word' id='word_1_602' title='bbox 477 4381 611 4443; x_wconf 91' lang='lat' dir='ltr'><strong>culo</strong></span> <span class='ocrx_word' id='word_1_603' title='bbox 635 4378 946 4441; x_wconf 91' lang='lat' dir='ltr'><strong>destitutos</strong></span> <span class='ocrx_word' id='word_1_604' title='bbox 968 4350 1408 4457; x_wconf 76' lang='lat' dir='ltr'><strong>pateremur,ad</strong></span> <span class='ocrx_word' id='word_1_605' title='bbox 1431 4350 2114 4438; x_wconf 44' lang='lat' dir='ltr'><strong>scribendum’animnm</strong></span> 
     </span>
    </p>
   </div>
   <div class='ocr_carea' id='block_1_87' title="bbox 2202 4350 3865 4457">
    <p class='ocr_par' dir='ltr' id='par_1_87' title="bbox 2206 4362 3865 4443">
     <span class='ocr_line' id='line_1_87' title="bbox 2206 4362 3865 4443; baseline -0.005 -15"><span class='ocrx_word' id='word_1_606' title='bbox 2206 4392 2326 4428; x_wconf 89' lang='grc' dir='ltr'>στον</span> <span class='ocrx_word' id='word_1_607' title='bbox 2386 4368 2673 4440; x_wconf 71' lang='grc' dir='ltr'>ἐξετασεσι,</span> <span class='ocrx_word' id='word_1_608' title='bbox 2738 4365 2799 4421; x_wconf 72' lang='grc' dir='ltr'><strong>τὰ</strong></span> <span class='ocrx_word' id='word_1_609' title='bbox 2859 4368 3189 4429; x_wconf 67' lang='grc' dir='ltr'>ωνοπτικώς</span> <span class='ocrx_word' id='word_1_610' title='bbox 3240 4362 3494 4443; x_wconf 73' lang='grc' dir='ltr'>εἰρημένα</span> <span class='ocrx_word' id='word_1_611' title='bbox 3551 4364 3631 4439; x_wconf 78' lang='grc' dir='ltr'><strong>τῷ</strong></span> <span class='ocrx_word' id='word_1_612' title='bbox 3694 4364 3865 4430; x_wconf 79' lang='grc' dir='ltr'>ὅντως</span> 
     </span>
    </p>
   </div>
   <div class='ocr_carea' id='block_1_88' title="bbox 477 4452 2114 4550">
    <p class='ocr_par' dir='ltr' id='par_1_88' title="bbox 477 4452 2114 4550">
     <span class='ocr_line' id='line_1_88' title="bbox 477 4452 2114 4550; baseline -0.003 -17"><span class='ocrx_word' id='word_1_613' title='bbox 477 4452 999 4550; x_wconf 81' lang='lat' dir='ltr'><strong>appulimus,nihil</strong></span> <span class='ocrx_word' id='word_1_614' title='bbox 1017 4463 1256 4544; x_wconf 91' lang='lat' dir='ltr'><strong>quidem</strong></span> <span class='ocrx_word' id='word_1_615' title='bbox 1280 4452 1639 4527; x_wconf 37' lang='lat' dir='ltr'><strong>n&#39;oviafl‘erre</strong></span> <span class='ocrx_word' id='word_1_616' title='bbox 1664 4473 2114 4548; x_wconf 68' lang='lat' dir='ltr'><strong>praesumentes,</strong></span> 
     </span>
    </p>
   </div>
   <div class='ocr_carea' id='block_1_89' title="bbox 2202 4452 3324 4550">
    <p class='ocr_par' dir='ltr' id='par_1_89' title="bbox 2208 4452 3324 4539">
     <span class='ocr_line' id='line_1_89' title="bbox 2208 4452 3324 4539; baseline -0.008 -21"><span class='ocrx_word' id='word_1_617' title='bbox 2208 4458 2425 4539; x_wconf 77' lang='grc' dir='ltr'>Ιεροθὲῳ</span> <span class='ocrx_word' id='word_1_618' title='bbox 2454 4455 2805 4534; x_wconf 83' lang='grc' dir='ltr'>διακρίνοντες</span> <span class='ocrx_word' id='word_1_619' title='bbox 2839 4454 2926 4509; x_wconf 84' lang='grc' dir='ltr'>καὶ</span> <span class='ocrx_word' id='word_1_620' title='bbox 2959 4452 3324 4531; x_wconf 68' lang='grc' dir='ltr'>ἐκφαίνοντες,</span> 
     </span>
    </p>
   </div>
   <div class='ocr_carea' id='block_1_90' title="bbox 479 4540 3876 4636">
    <p class='ocr_par' dir='ltr' id='par_1_90' title="bbox 479 4540 3876 4636">
     <span class='ocr_line' id='line_1_90' title="bbox 479 4540 3876 4636; baseline -0.005 -14"><span class='ocrx_word' id='word_1_621' title='bbox 479 4540 589 4622; x_wconf 75' lang='lat' dir='ltr'><strong>sed</strong></span> <span class='ocrx_word' id='word_1_622' title='bbox 622 4540 1352 4618; x_wconf 50' lang='lat' dir='ltr'><strong>minutioribus—duntaxat</strong></span> <span class='ocrx_word' id='word_1_623' title='bbox 1381 4540 1735 4636; x_wconf 77' lang='lat' dir='ltr'><strong>quibusdam</strong></span> <span class='ocrx_word' id='word_1_624' title='bbox 1769 4540 2144 4635; x_wconf 75' lang='lat' dir='ltr'><strong>singularum</strong></span> <span class='ocrx_word' id='word_1_625' title='bbox 2175 4550 2433 4634; x_wconf 81' lang='lat' dir='ltr'><strong>partium</strong></span> <span class='ocrx_word' id='word_1_626' title='bbox 2464 4541 3011 4636; x_wconf 84' lang='lat' dir='ltr'><strong>observationibus,</strong></span> <span class='ocrx_word' id='word_1_627' title='bbox 3047 4560 3116 4606; x_wconf 88' lang='lat' dir='ltr'><strong>ea</strong></span> <span class='ocrx_word' id='word_1_628' title='bbox 3145 4560 3279 4625; x_wconf 69' lang='lat' dir='ltr'><strong>quae</strong></span> <span class='ocrx_word' id='word_1_629' title='bbox 3303 4559 3339 4605; x_wconf 90' lang='lat' dir='ltr'><strong>a</strong></span> <span class='ocrx_word' id='word_1_630' title='bbox 3366 4558 3505 4605; x_wconf 87' lang='lat' dir='ltr'><strong>vere</strong></span> <span class='ocrx_word' id='word_1_631' title='bbox 3537 4540 3876 4606; x_wconf 83' lang='lat' dir='ltr'><strong>Hierotheo</strong></span> 
     </span>
    </p>
   </div>
   <div class='ocr_carea' id='block_1_91' title="bbox 479 4635 2801 4725">
    <p class='ocr_par' dir='ltr' id='par_1_91' title="bbox 479 4635 2801 4725">
     <span class='ocr_line' id='line_1_91' title="bbox 479 4635 2801 4725; baseline -0.007 -12"><span class='ocrx_word' id='word_1_632' title='bbox 479 4645 686 4713; x_wconf 88' lang='lat' dir='ltr'><strong>subtili</strong></span> <span class='ocrx_word' id='word_1_633' title='bbox 715 4662 860 4708; x_wconf 89' lang='lat' dir='ltr'><strong>sane</strong></span> <span class='ocrx_word' id='word_1_634' title='bbox 891 4645 1246 4724; x_wconf 89' lang='lat' dir='ltr'><strong>compendio</strong></span> <span class='ocrx_word' id='word_1_635' title='bbox 1279 4635 1490 4709; x_wconf 82' lang='lat' dir='ltr'><strong>tradita</strong></span> <span class='ocrx_word' id='word_1_636' title='bbox 1526 4653 1684 4725; x_wconf 89' lang='lat' dir='ltr'><strong>sunt,</strong></span> <span class='ocrx_word' id='word_1_637' title='bbox 1718 4645 2155 4725; x_wconf 80' lang='lat' dir='ltr'><strong>distinguentes</strong></span> <span class='ocrx_word' id='word_1_638' title='bbox 2186 4650 2360 4723; x_wconf 89' lang='lat' dir='ltr'><strong>atque</strong></span> <span class='ocrx_word' id='word_1_639' title='bbox 2391 4635 2801 4717; x_wconf 83' lang='lat' dir='ltr'><strong>explanantes.</strong></span> 
     </span>
    </p>
   </div>
   <div class='ocr_carea' id='block_1_92' title="bbox 1564 4904 2781 4975">
    <p class='ocr_par' dir='ltr' id='par_1_92' title="bbox 1564 4904 2781 4975">
     <span class='ocr_line' id='line_1_92' title="bbox 1564 4904 2781 4975; baseline -0.002 -5"><span class='ocrx_word' id='word_1_640' title='bbox 1564 4909 1707 4971; x_wconf 69' lang='lat'><strong>545</strong></span> <span class='ocrx_word' id='word_1_641' title='bbox 1747 4907 2339 4975; x_wconf 82' lang='lat' dir='ltr'><strong>ADNOTATIONES</strong></span> <span class='ocrx_word' id='word_1_642' title='bbox 2392 4904 2781 4973; x_wconf 82' lang='lat' dir='ltr'><strong>CORDEBII.</strong></span> 
     </span>
    </p>
   </div>
   <div class='ocr_carea' id='block_1_93' title="bbox 553 5036 3887 5114">
    <p class='ocr_par' dir='ltr' id='par_1_93' title="bbox 553 5036 3887 5114">
     <span class='ocr_line' id='line_1_93' title="bbox 553 5036 3887 5114; baseline 0 -19"><span class='ocrx_word' id='word_1_643' title='bbox 553 5036 582 5111; x_wconf 66' lang='grc' dir='ltr'>δ</span> <span class='ocrx_word' id='word_1_644' title='bbox 629 5036 672 5095; x_wconf 89' lang='grc' dir='ltr'><strong>Ι.</strong></span> <span class='ocrx_word' id='word_1_645' title='bbox 733 5039 811 5096; x_wconf 80' lang='lat' dir='ltr'><strong>Ac</strong></span> <span class='ocrx_word' id='word_1_646' title='bbox 839 5037 1083 5114; x_wconf 59' lang='lat' dir='ltr'><strong>prirnum,</strong></span> <span class='ocrx_word' id='word_1_647' title='bbox 1118 5041 1167 5098; x_wconf 79' lang='lat' dir='ltr'><strong>si</strong></span> <span class='ocrx_word' id='word_1_648' title='bbox 1224 5036 1464 5105; x_wconf 79' lang='lat' dir='ltr'><strong>videtur,</strong></span> <span class='ocrx_word' id='word_1_649' title='bbox 1497 5037 1626 5097; x_wconf 80' lang='lat' dir='ltr'><strong>boni</strong></span> <span class='ocrx_word' id='word_1_650' title='bbox 1681 5058 1883 5100; x_wconf 81' lang='lat' dir='ltr'><strong>nomen</strong></span> <span class='ocrx_word' id='word_1_651' title='bbox 1911 5040 2297 5114; x_wconf 72' lang='lat' dir='ltr'><strong>expendamus.</strong></span> <span class='ocrx_word' id='word_1_652' title='bbox 2358 5039 2671 5114; x_wconf 79' lang='lat' dir='ltr'><strong>Occasione</strong></span> <span class='ocrx_word' id='word_1_653' title='bbox 2706 5036 2880 5109; x_wconf 85' lang='lat' dir='ltr'><strong>hujus</strong></span> <span class='ocrx_word' id='word_1_654' title='bbox 2934 5036 3074 5114; x_wconf 78' lang='lat' dir='ltr'><strong>loci,</strong></span> <span class='ocrx_word' id='word_1_655' title='bbox 3106 5044 3341 5097; x_wconf 83' lang='lat' dir='ltr'><strong>sanctus</strong></span> <span class='ocrx_word' id='word_1_656' title='bbox 3384 5037 3656 5114; x_wconf 65' lang='lat' dir='ltr'><strong>Tbomas,</strong></span> <span class='ocrx_word' id='word_1_657' title='bbox 3696 5039 3887 5114; x_wconf 65' lang='lat' dir='ltr'><strong>prima</strong></span> 
     </span>
    </p>
   </div>
   <div class='ocr_carea' id='block_1_94' title="bbox 480 5108 3887 5183">
    <p class='ocr_par' dir='ltr' id='par_1_94' title="bbox 480 5108 3887 5183">
     <span class='ocr_line' id='line_1_94' title="bbox 480 5108 3887 5183; baseline 0.001 -18"><span class='ocrx_word' id='word_1_658' title='bbox 480 5108 663 5183; x_wconf 72' lang='lat' dir='ltr'><strong>parte,</strong></span> <span class='ocrx_word' id='word_1_659' title='bbox 708 5108 914 5183; x_wconf 77' lang='lat' dir='ltr'><strong>quaest.</strong></span> <span class='ocrx_word' id='word_1_660' title='bbox 948 5110 1001 5178; x_wconf 74' lang='lat'><strong>2,</strong></span> <span class='ocrx_word' id='word_1_661' title='bbox 1034 5115 1198 5170; x_wconf 87' lang='lat' dir='ltr'><strong>artic.</strong></span> <span class='ocrx_word' id='word_1_662' title='bbox 1229 5113 1283 5177; x_wconf 86' lang='lat'><strong>5,</strong></span> <span class='ocrx_word' id='word_1_663' title='bbox 1333 5114 1559 5183; x_wconf 62' lang='lat' dir='ltr'><strong>quaerit,</strong></span> <span class='ocrx_word' id='word_1_664' title='bbox 1588 5122 1781 5172; x_wconf 87' lang='lat' dir='ltr'><strong>utrum</strong></span> <span class='ocrx_word' id='word_1_665' title='bbox 1832 5108 2049 5171; x_wconf 70' lang='lat' dir='ltr'><strong>bonum</strong></span> <span class='ocrx_word' id='word_1_666' title='bbox 2081 5115 2400 5171; x_wconf 90' lang='lat' dir='ltr'><strong>secundum</strong></span> <span class='ocrx_word' id='word_1_667' title='bbox 2450 5112 2729 5171; x_wconf 80' lang='lat' dir='ltr'><strong>rationem</strong></span> <span class='ocrx_word' id='word_1_668' title='bbox 2759 5114 2831 5183; x_wconf 86' lang='lat' dir='ltr'><strong>sit</strong></span> <span class='ocrx_word' id='word_1_669' title='bbox 2858 5109 3022 5183; x_wconf 83' lang='lat' dir='ltr'><strong>prius</strong></span> <span class='ocrx_word' id='word_1_670' title='bbox 3047 5124 3218 5183; x_wconf 82' lang='lat' dir='ltr'><strong>quam</strong></span> <span class='ocrx_word' id='word_1_671' title='bbox 3248 5124 3371 5167; x_wconf 87' lang='lat' dir='ltr'><strong>ens.</strong></span> <span class='ocrx_word' id='word_1_672' title='bbox 3421 5109 3673 5183; x_wconf 61' lang='lat' dir='ltr'><strong>Erratio</strong></span> <span class='ocrx_word' id='word_1_673' title='bbox 3698 5108 3887 5183; x_wconf 64' lang='lat' dir='ltr'><strong>&#39;dnbi-</strong></span> 
     </span>
    </p>
   </div>
   <div class='ocr_carea' id='block_1_95' title="bbox 480 5180 3887 5257">
    <p class='ocr_par' dir='ltr' id='par_1_95' title="bbox 480 5180 3887 5257">
     <span class='ocr_line' id='line_1_95' title="bbox 480 5180 3887 5257; baseline 0 -21"><span class='ocrx_word' id='word_1_674' title='bbox 480 5182 641 5257; x_wconf 74' lang='lat' dir='ltr'><strong>tendi</strong></span> <span class='ocrx_word' id='word_1_675' title='bbox 672 5180 779 5257; x_wconf 68' lang='lat' dir='ltr'><strong>est,</strong></span> <span class='ocrx_word' id='word_1_676' title='bbox 809 5183 1119 5257; x_wconf 5' lang='lat' dir='ltr'><strong>quiaqordo</strong></span> <span class='ocrx_word' id='word_1_677' title='bbox 1150 5180 1451 5257; x_wconf 70' lang='lat' dir='ltr'><strong>nominum</strong></span> <span class='ocrx_word' id='word_1_678' title='bbox 1486 5190 1581 5257; x_wconf 88' lang='lat' dir='ltr'><strong>est</strong></span> <span class='ocrx_word' id='word_1_679' title='bbox 1610 5186 1927 5243; x_wconf 89' lang='lat' dir='ltr'><strong>secundum</strong></span> <span class='ocrx_word' id='word_1_680' title='bbox 1957 5184 2219 5244; x_wconf 89' lang='lat' dir='ltr'><strong>ordinem</strong></span> <span class='ocrx_word' id='word_1_681' title='bbox 2250 5199 2445 5243; x_wconf 89' lang='lat' dir='ltr'><strong>rerum</strong></span> <span class='ocrx_word' id='word_1_682' title='bbox 2502 5197 2610 5257; x_wconf 84' lang='lat' dir='ltr'><strong>per</strong></span> <span class='ocrx_word' id='word_1_683' title='bbox 2636 5180 2878 5239; x_wconf 72' lang='lat' dir='ltr'><strong>nomina</strong></span> <span class='ocrx_word' id='word_1_684' title='bbox 2901 5180 3373 5257; x_wconf 75' lang='lat' dir='ltr'><strong>signiﬁcatarum,</strong></span> <span class='ocrx_word' id='word_1_685' title='bbox 3408 5181 3511 5240; x_wconf 87' lang='lat' dir='ltr'><strong>sed</strong></span> <span class='ocrx_word' id='word_1_686' title='bbox 3536 5181 3887 5257; x_wconf 77' lang='lat' dir='ltr'><strong>Dionysius,</strong></span> 
     </span>
    </p>
   </div>
   <div class='ocr_carea' id='block_1_96' title="bbox 480 5251 3892 5329">
    <p class='ocr_par' dir='ltr' id='par_1_96' title="bbox 480 5251 3892 5329">
     <span class='ocr_line' id='line_1_96' title="bbox 480 5251 3892 5329; baseline 0.001 -21"><span class='ocrx_word' id='word_1_687' title='bbox 480 5251 692 5325; x_wconf 84' lang='lat' dir='ltr'><strong>inquit,</strong></span> <span class='ocrx_word' id='word_1_688' title='bbox 726 5251 874 5313; x_wconf 79' lang='lat' dir='ltr'><strong>inter</strong></span> <span class='ocrx_word' id='word_1_689' title='bbox 893 5254 1004 5313; x_wconf 86' lang='lat' dir='ltr'><strong>alia</strong></span> <span class='ocrx_word' id='word_1_690' title='bbox 1027 5256 1262 5314; x_wconf 88' lang='lat' dir='ltr'><strong>nomina</strong></span> <span class='ocrx_word' id='word_1_691' title='bbox 1285 5255 1385 5312; x_wconf 90' lang='lat' dir='ltr'><strong>Dei</strong></span> <span class='ocrx_word' id='word_1_692' title='bbox 1406 5256 1570 5326; x_wconf 88' lang='lat' dir='ltr'><strong>prius</strong></span> <span class='ocrx_word' id='word_1_693' title='bbox 1590 5262 1753 5328; x_wconf 79' lang='lat' dir='ltr'><strong>ponit</strong></span> <span class='ocrx_word' id='word_1_694' title='bbox 1774 5259 1991 5316; x_wconf 90' lang='lat' dir='ltr'><strong>bonum</strong></span> <span class='ocrx_word' id='word_1_695' title='bbox 2009 5271 2184 5329; x_wconf 86' lang='lat' dir='ltr'><strong>quam</strong></span> <span class='ocrx_word' id='word_1_696' title='bbox 2207 5271 2309 5315; x_wconf 79' lang='lat' dir='ltr'><strong>ens</strong></span> <span class='ocrx_word' id='word_1_697' title='bbox 2330 5272 2349 5327; x_wconf 82' lang='lat'><strong>;</strong></span> <span class='ocrx_word' id='word_1_698' title='bbox 2379 5251 2523 5329; x_wconf 73' lang='lat' dir='ltr'><strong>ergo</strong></span> <span class='ocrx_word' id='word_1_699' title='bbox 2537 5256 2754 5314; x_wconf 88' lang='lat' dir='ltr'><strong>bonum</strong></span> <span class='ocrx_word' id='word_1_700' title='bbox 2771 5251 3092 5312; x_wconf 76' lang='lat' dir='ltr'><strong>secundum</strong></span> <span class='ocrx_word' id='word_1_701' title='bbox 3108 5254 3394 5314; x_wconf 83' lang='lat' dir='ltr'><strong>rationem</strong></span> <span class='ocrx_word' id='word_1_702' title='bbox 3415 5262 3499 5313; x_wconf 84' lang='lat' dir='ltr'><strong>est</strong></span> <span class='ocrx_word' id='word_1_703' title='bbox 3514 5252 3683 5328; x_wconf 81' lang='lat' dir='ltr'><strong>prius</strong></span> <span class='ocrx_word' id='word_1_704' title='bbox 3704 5251 3892 5327; x_wconf 71' lang='lat' dir='ltr'><strong>quam</strong></span> 
     </span>
    </p>
   </div>
   <div class='ocr_carea' id='block_1_97' title="bbox 1817 5420 2558 5489">
    <p class='ocr_par' dir='ltr' id='par_1_97' title="bbox 1817 5420 2558 5489">
     <span class='ocr_line' id='line_1_97' title="bbox 1817 5420 2558 5489; baseline -0.001 0"><span class='ocrx_word' id='word_1_705' title='bbox 1817 5423 2078 5489; x_wconf 69' lang='lat' dir='ltr'><strong>VARIIE</strong></span> <span class='ocrx_word' id='word_1_706' title='bbox 2118 5420 2558 5489; x_wconf 82' lang='lat' dir='ltr'><strong>LECTIONES.</strong></span> 
     </span>
    </p>
   </div>
   <div class='ocr_carea' id='block_1_98' title="bbox 560 5579 3898 5667">
    <p class='ocr_par' dir='ltr' id='par_1_98' title="bbox 560 5579 3898 5667">
     <span class='ocr_line' id='line_1_98' title="bbox 560 5579 3898 5667; baseline 0.003 -27"><span class='ocrx_word' id='word_1_707' title='bbox 560 5580 625 5633; x_wconf 60' lang='grc' dir='ltr'>οἱ</span> <span class='ocrx_word' id='word_1_708' title='bbox 653 5588 741 5667; x_wconf 60' lang='grc' dir='ltr'><strong>καί</strong></span> <span class='ocrx_word' id='word_1_709' title='bbox 769 5584 1039 5667; x_wconf 41' lang='grc' dir='ltr'>θειοςλδ.</span> <span class='ocrx_word' id='word_1_710' title='bbox 1071 5584 1139 5649; x_wconf 93' lang='lat' dir='ltr'><strong>P.</strong></span> <span class='ocrx_word' id='word_1_711' title='bbox 1177 5583 1438 5667; x_wconf 82' lang='lat' dir='ltr'><strong>Sc._S_ar.</strong></span> <span class='ocrx_word' id='word_1_712' title='bbox 1466 5582 1565 5667; x_wconf 77' lang='lat'><strong>_65</strong></span> <span class='ocrx_word' id='word_1_713' title='bbox 1593 5585 1829 5667; x_wconf 44' lang='lat' dir='ltr'><strong>acuum,</strong></span> <span class='ocrx_word' id='word_1_714' title='bbox 1862 5587 2080 5667; x_wconf 27' lang='lat' dir='ltr'><strong>Mtsc.</strong></span> <span class='ocrx_word' id='word_1_715' title='bbox 2111 5584 2243 5667; x_wconf 68' lang='lat' dir='ltr'><strong>sar.</strong></span> <span class='ocrx_word' id='word_1_716' title='bbox 2264 5666 2271 5667; x_wconf 14' lang='grc' dir='ltr'>ί</span> <span class='ocrx_word' id='word_1_717' title='bbox 2296 5585 2361 5637; x_wconf 74' lang='grc'><strong>64</strong></span> <span class='ocrx_word' id='word_1_718' title='bbox 2388 5586 2688 5667; x_wconf 73' lang='grc' dir='ltr'>ἀντειπεῖν,</span> <span class='ocrx_word' id='word_1_719' title='bbox 2716 5583 2793 5650; x_wconf 79' lang='grc' dir='ltr'><strong>Μ.</strong></span> <span class='ocrx_word' id='word_1_720' title='bbox 2826 5582 2986 5667; x_wconf 78' lang='lat' dir='ltr'><strong>quod</strong></span> <span class='ocrx_word' id='word_1_721' title='bbox 3015 5584 3112 5667; x_wconf 69' lang='lat' dir='ltr'><strong>se.</strong></span> <span class='ocrx_word' id='word_1_722' title='bbox 3137 5580 3450 5667; x_wconf 65' lang='lat' dir='ltr'><strong>exprimit.</strong></span> <span class='ocrx_word' id='word_1_723' title='bbox 3521 5582 3589 5637; x_wconf 75' lang='lat'><strong>65</strong></span> <span class='ocrx_word' id='word_1_724' title='bbox 3617 5579 3898 5642; x_wconf 78' lang='grc' dir='ltr'>συνισθώ-</span> 
     </span>
    </p>
   </div>
   <div class='ocr_carea' id='block_1_99' title="bbox 483 5662 3342 5749">
    <p class='ocr_par' dir='ltr' id='par_1_99' title="bbox 483 5662 3342 5749">
     <span class='ocr_line' id='line_1_99' title="bbox 483 5662 3342 5749; baseline 0.005 -30"><span class='ocrx_word' id='word_1_725' title='bbox 483 5667 644 5745; x_wconf 86' lang='grc' dir='ltr'>μεθα,</span> <span class='ocrx_word' id='word_1_726' title='bbox 678 5662 745 5729; x_wconf 86' lang='grc' dir='ltr'><strong>Ρ.</strong></span> <span class='ocrx_word' id='word_1_727' title='bbox 778 5667 879 5728; x_wconf 89' lang='lat' dir='ltr'><strong>Sc.</strong></span> <span class='ocrx_word' id='word_1_728' title='bbox 942 5664 1011 5718; x_wconf 75' lang='grc'><strong>60</strong></span> <span class='ocrx_word' id='word_1_729' title='bbox 1036 5675 1253 5748; x_wconf 82' lang='grc' dir='ltr'>γραφῶν</span> <span class='ocrx_word' id='word_1_730' title='bbox 1282 5662 1553 5742; x_wconf 77' lang='grc' dir='ltr'>δηλονότι,</span> <span class='ocrx_word' id='word_1_731' title='bbox 1606 5662 1921 5749; x_wconf 71' lang='lat' dir='ltr'><strong>Subjungit</strong></span> <span class='ocrx_word' id='word_1_732' title='bbox 1947 5665 2018 5732; x_wconf 89' lang='lat' dir='ltr'><strong>D.</strong></span> <span class='ocrx_word' id='word_1_733' title='bbox 2049 5684 2085 5731; x_wconf 91' lang='lat' dir='ltr'><strong>e</strong></span> <span class='ocrx_word' id='word_1_734' title='bbox 2115 5665 2364 5749; x_wconf 82' lang='lat' dir='ltr'><strong>scholia,</strong></span> <span class='ocrx_word' id='word_1_735' title='bbox 2398 5667 2633 5748; x_wconf 91' lang='lat' dir='ltr'><strong>opinor.</strong></span> <span class='ocrx_word' id='word_1_736' title='bbox 2668 5662 2755 5731; x_wconf 78' lang='grc' dir='ltr'><strong>’ὡς</strong></span> <span class='ocrx_word' id='word_1_737' title='bbox 2784 5664 3010 5747; x_wconf 67' lang='grc' dir='ltr'>ἂῤῥητα,</span> <span class='ocrx_word' id='word_1_738' title='bbox 3044 5664 3110 5730; x_wconf 90' lang='lat' dir='ltr'><strong>S.</strong></span> <span class='ocrx_word' id='word_1_739' title='bbox 3137 5662 3342 5732; x_wconf 58' lang='lat' dir='ltr'><strong>P.&#39;Sc.</strong></span> 
     </span>
    </p>
   </div>
  </div>
