4072 6420
469 376 587 445 687

1645 372 1704 436 S.
1775 370 2122 438 DIONYSII
2192 364 2697 438 AREOPAGITE

3743 360 3865 436 688

1526 531 2051 599 PARAPHRASIS
2100 532 2605 599 PACHYMERZE
2647 534 2799 616 (36).

552 702 582 782 ς
603 704 649 765 Ι.
677 696 1027 778 Primum,si
1054 695 1270 776 placet,
1299 694 1359 756 id
1380 695 1541 776 quod
1566 695 1842 758 universa
1858 695 1969 759 Dei
1999 694 2109 758 be-
2130 742 2137 755 λ

2275 697 2305 776 §
2337 697 2384 759 Ι.
2420 697 2657 777 Πρῶτον,
2694 698 2738 752 εἱ
2780 695 2952 771 δοκεῖ,
2999 694 3099 763 τὴν
3130 691 3521 772 ἑκφαντοριιιὴν
3549 698 3659 750 τῶν
3713 690 3862 750 ὅλων

470 792 689 855 neﬁcia
716 788 1077 862 manifestat,
1102 785 1332 847 scilicet
1361 784 1503 848 boni
1534 803 1779 868 nomen,
1814 787 2118 867 expenda-

474 901 637 963 mus,
662 873 1525 959 invocamsanwnilate,
1566 894 1696 956 quae
1744 876 1940 937 omnis
1978 874 2120 938 boni

476 969 835 1054 principium
857 970 1033 1041 est,et
1049 982 1258 1027 omnes
1272 983 1409 1026 suas
1443 965 1843 1054 providentias
1866 964 2121 1046 benigne

476 1053 1039 1143 explanat.0portet
1063 1056 1261 1135 itaque
1284 1073 1391 1116 nos
1413 1053 1780 1116 orationibus
1807 1055 2118 1131 adductos,

474 1151 571 1214 vel
594 1150 786 1233 potius
807 1145 1375 1229 apprOpinqnantes,
1404 1145 1573 1225 juxta
1599 1143 1746 1206 illud
1772 1161 1785 1207 :
1814 1144 1859 1206 A
1874 1147 2118 1227 cceditc,

477 1241 564 1304 ad
611 1257 728 1313 me,
762 1245 818 1300 et
847 1253 956 1316 ego
1003 1234 1280 1297 accedam
1324 1236 1405 1298 ad
1448 1253 1577 1312 vos,
1621 1235 1767 1297 dicit
1808 1236 2123 1317 Dominus,

478 1328 720 1391 edoceri
742 1326 875 1406 ejus
902 1342 1169 1397 munera,
1196 1323 1290 1384 vel
1311 1322 1505 1402 potius
1536 1322 1655 1404 pati
1688 1322 1872 1399 magis
1904 1322 2123 1384 cadum

482 1419 791 1493 discimus;
819 1414 1044 1476 etenim
1072 1412 1202 1493 ipsa
1226 1411 1471 1489 quidem
1497 1413 1668 1475 adest
1688 1413 1987 1493 omnibus,
2007 1429 2125 1473 non

480 1518 679 1572 autem
699 1506 815 1587 ipsi
838 1503 1051 1565 adsunt
1077 1502 1299 1583 omnia,
1316 1520 1687 1583 quaecunque
1723 1502 1995 1564 videlicet
2021 1520 2123 1563 re-

479 1616 613 1662 rum
639 1606 1012 1659 terrenarum
1036 1591 1352 1654 affectione
1376 1599 1433 1655 et
1457 1593 1877 1670 cogitationum
1899 1600 2128 1673 pertur-

2203 795 2294 844 τοῦ
2325 796 2455 846 Θεοῦ
2498 791 2830 864 εὖεργεσιῶν,
2866 781 3115 853 δηλονότι
3172 782 3266 848 τὴν
3318 781 3411 839 τοῦ
3470 781 3669 860 ἀγαθοῦ
3737 782 3871 840 dvo-

2204 879 2419 955 μασίαν,
2454 874 2888 955 ἐπισκεψώμεθα,
2952 874 3050 943 τὴν
3122 872 3355 953 ἆρχικήν
3416 872 3594 941 πάσης
3648 871 3873 951 ἀγαθό-

2201 990 2365 1035 τητος
2425 968 2576 1046 ἁγίαν
2608 964 2825 1044 Τριάδα,
2876 966 2969 1033 τὴν
3031 964 3206 1029 πάσας
3236 963 3331 1027 τὰς
3362 963 3613 1040 προνοίας
3664 963 3871 1030 ἑαυτῆς

2205 1059 2415 1136 ἀγαθῶς
2489 1056 2833 1136 ἐκφαίνουσαν
2925 1051 3372 1127 ἐπικαλεσάμενοι
3421 1097 3432 1110 .
3503 1054 3616 1131 Χρή
3691 1052 3873 1110 τοίνυν

2205 1151 2374 1227 ἡμᾶς,
2432 1146 2559 1208 ταῖς
2616 1146 2800 1209 εὖκαϊς
2858 1143 3279 1227 προαγομένους,
3314 1144 3398 1198 καὶ
3454 1141 3659 1216 μᾶλλον
3719 1141 3872 1208 πλή-

2207 1226 2505 1309 σιάζοντας,
2553 1235 2690 1291 κατὰ
2745 1234 2804 1290 τό
2851 1250 2865 1265 ⁶
2906 1226 3184 1313 Ἐγγίσατε
3242 1232 3373 1309 πρὸς
3421 1231 3490 1307 μὲ
3547 1232 3637 1287 καὶ
3700 1230 3872 1308 ἐγγιῶ

2210 1329 2337 1406 πρὸς
2387 1329 2556 1401 ἡμᾶς,
2612 1324 2765 1401 Λέγει
2834 1326 3039 1401 Κύριος,
3099 1324 3345 1397 μυεῖσθαι
3380 1321 3473 1386 τὰς
3529 1321 3650 1399 περὶ
3704 1320 3873 1388 αὒτὴν

2208 1416 2425 1497 δωρεάς,
2462 1417 2514 1472 ἂν
2562 1421 2638 1490 τῷ
2669 1415 2906 1494 πάσχειν
2943 1412 3147 1487 μᾶλλον
3206 1411 3391 1492 άῦτὰς,
3438 1407 3473 1477 ἥ
3502 1412 3561 1467 ἓν
3614 1410 3694 1486 τῷ
3727 1433 3871 1485 μαν-

2208 1509 2405 1564 θάνεινο
2475 1507 2563 1561 καὶ
2618 1504 2719 1582 γὰρ
2763 1504 2895 1570 αὒτὴ
2929 1502 3022 1578 μὲν
3057 1502 3187 1559 πᾶσί
3230 1502 3507 1580 πάρεστιν,
3582 1502 3642 1558 οὗ
3696 1501 3875 1557 πάντα

2210 1596 2265 1653 δὲ
2321 1597 2485 1672 ταύτῃ
2542 1594 2816 1673 πάρεστιν,
2874 1591 2973 1649 ὅσα
3006 1589 3212 1659 δηλαδη
3264 1590 3320 1646 ἐν
3368 1595 3438 1667 τῇ
3494 1594 3602 1648 τῶν
3661 1591 3875 1668 γηΐνων

481 1687 725 1751 batione
745 1683 951 1767 procul
975 1682 1534 1763 recedunt;quando
1555 1700 1694 1743 vero
1715 1682 2057 1762 precatione
2070 1690 2130 1744 et

2221 1685 2314 1753 ἔξει
2346 1688 2432 1742 καὶ
2490 1686 2560 1761 τῇ
2607 1690 2714 1741 τῶν
2766 1682 3040 1761 λογισμῶν
3089 1679 3404 1738 ἐπιθολώσει
3455 1678 3869 1756 ἂπομακρύνον-

485 1766 808 1857 tranquilla
826 1781 1023 1834 mente
1048 1770 1249 1832 idonei
1272 1771 1578 1833 evadimus
1592 1772 1665 1833 ad
1685 1770 1945 1832 divinam
1966 1771 2132 1832 unio-

2221 1793 2327 1834 ται·
2371 1774 2458 1831 ὅτε
2488 1772 2542 1829 δέ
2572 1771 2638 1828 δι’
2668 1772 2834 1853 εὒχῆς
2859 1774 2947 1828 καὶ
3007 1776 3081 1846 νῷ
3138 1768 3516 1842 ἂνεπιθολώτῳ
3559 1766 3867 1838 ἐπιτήδειοι

486 1856 798 1945 ηοω,ιυηο
826 1862 1003 1923 etiam
1027 1878 1137 1921 nos
1166 1861 1277 1940 ipsi
1295 1860 1605 1923 adsumus.
1624 1862 1994 1923 Conﬁrmans
2017 1878 2129 1921 au-

2221 1867 2466 1946 γινόμεθα
2498 1865 2628 1941 πρὸς
2658 1864 2756 1931 τὴν
2824 1862 2965 1918 Θείαν
3011 1860 3221 1933 ἕνωσιν,
3271 1860 3392 1916 τότε
3448 1880 3725 1939 παρεσμεν
3769 1856 3864 1915 καί

488 1963 609 2017 tem
624 1954 810 2035 ipsam
826 1949 1103 2012 omnibus
1114 1949 1598 2030 adesse,ait:1psa
1610 1950 1771 2012 enim
1795 1968 1906 2012 nec
1926 1950 1984 2011 in
2003 1949 2134 2013 loco

2222 1960 2379 2033 ἡμεῖς
2415 1955 2570 2031 αὒτῇ,
2612 1952 3027 2023 Κατασκευάζων
3074 1948 3129 2006 δὲ
3173 1951 3257 2024 τὸ,
3315 1949 3397 2006 ὅτι
3430 1954 3560 2005 πᾶσι
3622 1950 3870 2027 πάρεστι,

488 2044 577 2107 ita
598 2052 709 2118 est,
746 2048 809 2103 ut
825 2057 1076 2132 usquam
1098 2038 1275 2132 absit,
1300 2039 1390 2101 vel
1414 2058 1484 2100 ex
1505 2040 1635 2132 aliis
1658 2039 1730 2101 ad
1755 2039 1872 2101 alia
1896 2039 2128 2118 migret.

2221 2051 2375 2132 φησίν
2410 2066 2423 2080 ’
2476 2046 2557 2103 ὅτι
2615 2047 2709 2103 οῦκ
2762 2048 2817 2101 ιν
2871 2044 3022 2117 τόπῳ
3079 2042 3242 2117 ἐστὶν,
3302 2040 3395 2097 ἵνα
3436 2041 3532 2097 καῖ
3566 2040 3682 2110 ἀπῆ
3712 2060 3877 2120 τινος,

489 2134 634 2206 Quae
651 2134 807 2195 enim
820 2130 880 2191 in
902 2131 1031 2191 loco
1045 2130 1182 2189 517
1205 2129 1777 2205 sunt,continentur;
1794 2130 1958 2191 locus
1970 2128 2130 2191 enim

2221 2128 2251 2209 ἣ
2285 2142 2356 2203 εἷς
2388 2138 2538 2216 ἕτερα
2572 2133 2624 2200 ἐξ
2689 2132 2870 2191 ἄλλων
2900 2138 3169 2209 μεταστῇ.
3224 2133 3300 2190 Τά
3328 2130 3429 2209 γὰρ
3456 2132 3513 2186 ἒν
3545 2133 3720 2205 τόπῳ,
3779 2151 3879 2186 πε-

489 2224 782 2288 terminus
814 2228 904 2311 est
924 2222 1055 2297 ejus
1092 2219 1255 2311 quod
1287 2219 1553 2311 continet
1576 2219 2135 2292 contentum.Quin-

2221 2230 2487 2311 ριέχονται
2522 2244 2536 2257 ⁶
2592 2227 2677 2281 καὶ
2706 2225 2868 2289 τόπος
2926 2222 3034 2279 ἐστὶ
3066 2223 3229 2301 πέρας
3286 2227 3378 2279 τοῦ
3428 2220 3786 2302 περιέχοντος
3817 2222 3874 2277 τὸ

490 2315 611 2375 imo
634 2313 837 2374 dicere
860 2309 919 2371 in
943 2308 1222 2370 omnibus
1253 2308 1434 2370 rebus
1465 2309 1652 2389 ipsam
1690 2327 1846 2391 esse,
1880 2309 2129 2369 multum

2221 2308 2630 2398 περιεχόμενον.
2693 2312 2860 2370 Ἀλλὰ
2918 2314 3006 2369 καὶ
3076 2318 3231 2368 τοῦτο
3282 2313 3342 2369 τὸ
3401 2310 3579 2388 λέγειν
3626 2311 3682 2367 ἐν
3712 2318 3871 2367 πᾶαιν

490 2403 694 2465 deﬁcit
725 2400 798 2463 ab
829 2402 963 2478 ejus
994 2398 1285 2460 inﬁnitate
1315 2417 1432 2479 qua
1458 2409 1671 2461 cuncta
1692 2397 2130 2479 complectitur;

2222 2409 2363 2466 εἶναι
2404 2397 2612 2485 αυτὴν,
2683 2405 2812 2472 πρὸς
2874 2404 2935 2459 τὸ
2994 2400 3386 2479 περιληπτικδν
3457 2402 3557 2467 τῆς
3637 2402 3877 2478 ἀπειρίας

490 2511 612 2555 non
635 2492 797 2553 enim
823 2495 1052 2550 tantum
1078 2496 1163 2549 est
1189 2490 1246 2549 in
1271 2488 1786 2562 omnibus,verum
1809 2488 1984 2550 etiam
2001 2506 2134 2548 con-

2223 2499 2427 2565 ἐκείνης
2493 2495 2628 2551 πολυ
2676 2493 3044 2554 ἀπολείπεται,
3110 2488 3239 2549 Οὐδὲ
3299 2490 3400 2569 γὰρ
3444 2492 3607 2565 μόνον
3655 2489 3713 2545 ἓν
3770 2494 3881 2545 πᾶ-

491 2585 644 2645 tinet
659 2581 958 2652 universa;
976 2596 1170 2658 neque
1191 2586 1415 2640 tantum
1435 2578 1937 2646 continet.verum
1962 2576 2137 2638 etiam

2223 2589 2301 2646 σίν
2334 2588 2494 2659 ἐστιν,
2531 2584 2669 2641 ἀλλὰ
2703 2584 2790 2642 καὶ
2820 2582 2991 2639 πάντα
3036 2576 3444 2657 περιλαμϐάνει.
3502 2578 3608 2638 Καὶ
3649 2583 3709 2637 οῦ
3769 2578 3880 2655 μό-

492 2670 870 2752 complexum
886 2668 1435 2731 omneminﬁnitum
1461 2667 2137 2731 excedit.Incumbamus

2224 2701 2312 2735 νον
2365 2672 2768 2754 περιλαμϐάνει,
2831 2671 2969 2728 ἀλλὰ
3028 2671 3207 2728 καὶτὸ
3254 2671 3352 2736 τῆς
3382 2668 3725 2748 περιλήψεῶς
3763 2667 3885 2725 ἒπέο

493 2763 698 2837 itaque
720 2757 1112 2836 orationibus,
1139 2775 1259 2817 non
1288 2765 1351 2817 ut
1384 2756 1574 2818 Deum
1614 2758 2002 2829 deducamus,
2031 2755 2137 2816 sed

2225 2789 2371 2824 κεινα
2425 2765 2639 2843 ἄπειρόν
2691 2763 2824 2824 ἐστι,
2904 2760 3089 2819 Τοίνυν
3146 2761 3234 2816 καὶ
3314 2760 3687 2834 ἀνανεύσωμεν
3762 2772 3885 2823 ταῖς

494 2859 561 2912 ut
590 2850 704 2931 ipsi
730 2849 922 2929 potius
942 2847 1015 2907 ad
1047 2849 1244 2936 Deum,
1268 2846 1735 2936 adducamur.Et
1756 2843 2137 2936 adducitpri—

2226 2857 2448 2936 εὐχαῖς,
2481 2858 2583 2933 οὔχ
2611 2854 2704 2909 ’ἕνα
2747 2854 2808 2907 τὸ
2840 2858 2996 2907 Θεῖον
3025 2848 3361 2925 κατάξωμεν,
3395 2848 3517 2905 ἀλλ’
3548 2848 3641 2903 ’ἕνα
3673 2847 3884 2924 μᾶλλον

497 2958 661 3002 mum
693 2936 1035 3017 exemplum
1068 2935 1291 3012 gentile
1329 2953 1400 2996 ex
1430 2934 1711 3016 Homero;
1737 2933 2137 3015 pulcherrime

2226 2933 2357 3027 πρὃς
2410 2946 2536 3001 aha
2586 2942 2928 3021 ἂναχθῶμεν,
2993 2940 3097 2998 Καὶ
3154 2937 3414 3015 λαμϐάνει
3444 2944 3657 3017 πρῶτον
3699 2939 3883 3010 παρά-

496 3037 694 3099 autem
734 3027 792 3088 id
838 3024 1020 3087 rebus
1063 3022 1276 3085 divinis
1305 3023 1745 3104 accommodat;
1779 3022 1957 3085 tradit
1980 3026 2137 3085 enim

2227 3022 2416 3114 δειγμα
2470 3033 2787 3099 Ἑλληνικὸν
2845 3030 2907 3086 ὲκ
2972 3036 3065 3086 τοῦ
3108 3028 3373 3107 Ὀμήρου,
3430 3028 3806 3107 προσαρμόζει
3837 3025 3890 3083 δὲ

497 3118 654 3197 ipse,
698 3123 967 3178 catenam
1014 3131 1256 3174 auream
1291 3132 1322 3175 e
1354 3113 1505 3175 ccelo
1549 3113 1937 3191 dependisse.
1982 3112 2137 3175 Sicut

2228 3112 2382 3185 τοῦτο
2409 3136 2528 3187 τοῖς
2558 3124 2710 3187 θεὶοις
2747 3116 3120 3199 παγκάλλιστα
3154 3134 3169 3149 ’
3207 3118 3352 3195 λὲγει
3383 3119 3483 3197 γὰρ
3503 3118 3754 3199 Δἐκεῖνος,
3779 3139 3888 3174 σει.

502 3224 648 3285 ergo
680 3213 886 3266 catena
916 3202 1002 3264 sic
1023 3202 1361 3279 constituta,
1386 3203 1483 3283 qui
1510 3202 1735 3264 sensim
1757 3203 2137 3281 semetipsum

2230 3219 2323 3293 ρὰν
2393 3212 2628 3294 χρυσέην
2699 3197 2973 3289 οὐρανόθεν
3035 3208 3418 3289 κρεμάσαντες,
3497 3197 3722 3287 ’Ὥσπερ
3794 3208 3895 3287 γαρ

501 3314 538 3357 a
557 3302 717 3357 terra
746 3291 1265 3372 elevans,alternis
1295 3292 1537 3369 quidem
1571 3292 2137 3373 apprehensionibus

2230 3291 2327 3375 τῆς
2377 3291 2553 3382 σειρᾶς
2596 3299 2733 3358 οὕτω
2790 3298 3154 3379 διακειμένης,
3200 3300 3227 3355 ὁ
3283 3300 3420 3356 κατὰ
3464 3298 3654 3374 μικρὸν
3699 3298 3893 3357 ἑαυτὸν

504 3383 740 3445 videtur
769 3382 930 3445 illam
965 3389 1233 3486 catenam
1255 3380 1330 3442 ad
1350 3400 1424 3482 se
1443 3382 1702 3455 trahere,
1731 3381 1860 3459 ipse
1882 3398 2025 3442 vero
2048 3398 2137 3460 po-

2231 3400 2329 3465 τῆς
2369 3380 2471 3474 γῆς
2502 3392 2786 3472 κουφίζων,
2832 3388 2947 3446 εἴτε
3006 3392 3130 3452 ταῖς
3183 3386 3491 3463 ἀμοιϐαίαις
3552 3385 3883 3465 ἐπιδράξεσι,

504 3474 623 3537 tius
644 3475 704 3535 in
734 3474 918 3535 altum
954 3471 1175 3533 tollitur
1206 3470 1427 3532 sensim
1460 3470 1841 3535 ascendendo
1869 3493 1882 3535 :
1915 3470 2003 3532 sic
2045 3468 2137 3549 qui

2231 3468 2507 3560 δοκεῖ-μὲν
2537 3468 2812 3538 καθέλκειν
2841 3480 2939 3546 τὴν
2990 3478 3193 3557 σειράν,
3225 3477 3380 3543 αὖτὸς
3411 3476 3467 3534 δὲ
3518 3476 3728 3554 μᾶλΑον
3760 3479 3893 3557 πρὸς

504 3566 741 3626 intense
772 3572 1038 3642 orat,per
1066 3579 1273 3641 opera,
1296 3580 1434 3642 quae
1467 3580 1675 3624 manus
1700 3569 1887 3636 vocat,
1922 3561 2137 3623 sensim

2229 3576 2363 3651 ὕψος
2421 3573 2628 3651 αἴρεται
2687 3575 2755 3647 τῇ
2812 3568 2947 3625 κατὰ
3005 3571 3195 3645 μικρὸν
3248 3564 3501 3625 ἀναϐάσει
3539 3582 3555 3598 ⁸
3590 3566 3730 3624 οὕτω
3751 3569 3894 3623 καὶὸ

503 3662 565 3717 et
594 3653 899 3734 operando
931 3659 988 3711 et
1020 3651 1317 3730 precando
1376 3659 1636 3712 mentem
1690 3668 1857 3711 suam
1890 3650 2151 3730 applicat

505 3745 579 3806 ad
600 3747 808 3806 Deum.
838 3741 942 3803 Sin
967 3758 1106 3802 vero
1141 3758 1375 3819 manus,
1387 3740 1509 3817 jam
1529 3739 1590 3800 in
1611 3739 1795 3801 altum
1819 3739 2083 3813 adducti,
2115 3756 2151 3800 a

503 3840 715 3895 catena
742 3832 1049 3902 solvimus,
1085 3847 1156 3889 ex
1171 3829 1289 3889 alto
1313 3828 1673 3903 decidimus;
1698 3847 1832 3889 nam
1862 3828 2002 3889 dum
2036 3826 2146 3889 ad-

2232 3665 2457 3727 ἒκτενῶς
2512 3662 2946 3741 ωροσετχὸμενος
3003 3657 3089 3715 διὰ
3138 3664 3241 3716 τῶν
3283 3657 3533 3736 πράξεον,
3574 3655 3635 3723 ἔς
3690 3669 3891 3737 χεῖρας

2231 3754 2416 3829 καλεῖ,
2454 3774 2522 3828 τῃ
2550 3752 2687 3807 κατὰ
2713 3749 2901 3826 μικρὸν
2931 3748 3148 3826 ἐργασίᾳ
3177 3749 3263 3805 καὶ
3323 3748 3603 3827 προαευχῇ
3626 3748 3723 3803 τὸν
3772 3752 3893 3803 νοῦν

2233 3848 2388 3903 αὑτοῦ
2417 3842 2731 3920 ἀναλέγεται
2775 3840 2908 3919 πρὸς
2956 3838 3108 3897 Θεόν.
3155 3837 3283 3895 Ἐάν
3313 3836 3367 3892 δὲ
3413 3838 3507 3902 τὰς
3565 3849 3765 3917 χεῖρας
3795 3841 3894 3904 τῆς

508 3922 807 3996 ducimur,
833 3921 1009 3981 etiam
1041 3922 1161 3981 Deo
1184 3920 1492 3980 adlimrere
1511 3915 2043 3980 debemus.Simile
2064 3926 2153 3977 est

507 4012 572 4073 in
603 4011 758 4086 navi,
803 4018 865 4071 ut
897 4009 1281 4089 cognovimus
1334 4019 1597 4070 mentem
1642 4017 1904 4069 nostram
1938 4026 2151 4068 navem

512 4119 669 4177 esse,
704 4118 836 4181 quae
862 4102 998 4161 vitae
1054 4099 1228 4178 hujus
1270 4098 1459 4157 ventis
1503 4097 1787 4178 agitatur;
1822 4114 1984 4159 mare
2016 4114 2153 4159 vero

510 4191 667 4253 hanc
697 4199 873 4251 vitam
908 4187 1111 4251 multis
1145 4185 1594 4265 tempestatibus
1611 4187 2152 4268 relertam,petram

509 4300 654 4343 vero
686 4280 1195 4356 Cbristum,quem
1226 4276 1369 4335 dum
1405 4276 2156 4356 apprehendimus,incon~

513 4371 706 4433 cusssi
743 4383 1189 4451 permanemus,
1224 4363 1299 4425 ad
1345 4364 1539 4445 ipsum
1600 4375 1716 4429 tam
1768 4367 1943 4428 vitam
1977 4382 2154 4445 quam

511 4458 1052 4523 vivendirationem
1071 4454 1800 4537 dirigentes.Quapropter
1814 4470 1952 4518 ante
1978 4472 2158 4518 omne

514 4568 685 4631 opus,
710 4547 1037 4628 prmsertim
1083 4552 1219 4606 ante
1251 4563 1493 4606 omnem
1524 4547 1599 4608 de
1633 4549 1754 4609 Deo
1789 4563 2154 4619 sermonem,

2235 3940 2408 4014 σειρᾶς
2467 3928 2817 4003 ἆπολύσωμεν
2867 3925 3215 4006 ἀναγόμενοι,
3275 3927 3541 4003 πίπτομεν
3602 3925 3656 3992 ἐξ
3700 3925 3892 4002 ὕψους

2234 4028 2289 4082 ὶν
2322 4024 2420 4103 γὰρ
2449 4028 2525 4095 τῷ
2556 4018 2837 4097 ἀνάγεσται
2869 4017 2955 4072 καὶ
2988 4022 3082 4073 τοῦ
3137 4014 3269 4073 Θεοῦ
3325 4014 3607 4096 ὀφείλομεν
3642 4014 3893 4095 ἔχεσθαι.

2236 4116 2307 4172 Τὸ
2370 4113 2494 4168 αὐτὸ
2549 4109 2637 4167 καὶ
2686 4108 2801 4186 περὶ
2845 4110 2944 4174 τῆς
3004 4109 3156 4186 νηὸς,
3204 4104 3297 4162 ἵνα
3328 4106 3611 4179 νοήσωμεν
3643 4105 3896 4171 ναῦντὴν

2235 4203 2390 4278 ἡμῶν
2446 4198 2701 4277 διάνοιαν,
2760 4194 3105 4275 ριπιζομένην
3155 4206 3273 4258 τοῖς
3322 4200 3416 4251 τοῦ
3446 4196 3563 4273 βίου
3617 4194 3841 4270 ἄνέμοις
3873 4208 3890 4223 ⁸

2236 4291 2503 4350 θάλασσαν
2554 4287 2608 4344 δὲ
2637 4289 2729 4344 τὸν
2783 4287 2894 4363 βίον
2953 4285 3109 4340 αὒτὸν
3152 4287 3384 4364 γέμοντα
3417 4282 3634 4342 πολλῶν
3665 4283 3901 4365 χεΐμώ..

2240 4403 2341 4440 νων
2376 4399 2391 4413 ⁸
2428 4379 2621 4459 πέτραν
2671 4374 2725 4431 δὲ
2767 4377 2860 4432 τὸν
2906 4377 3143 4453 χριστὸν,
3189 4373 3248 4431 ὅν
3276 4381 3590 4454 κρατοῦντες
3619 4372 3906 4431 ἆσὰλευτοι

2240 4471 2581 4547 διαμένομεν,
2639 4467 2771 4545 πρὸς
2802 4468 2960 4523 αὐτὸν
3013 4466 3106 4522 τόν
3135 4465 3250 4542 βίον
3272 4467 3429 4540 ἡμῶν
3482 4463 3626 4521 κατὰ
3660 4464 3763 4529 τὴν
3799 4486 3906 4522 πο-

2243 4563 2440 4619 λιτείαν
2495 4557 2767 4620 ἕλκοντες,
2835 4557 2929 4611 Διὸ
2987 4553 3087 4612 καΐ
3133 4556 3236 4635 πρὸ
3301 4555 3500 4620 παντὸς
3561 4553 3905 4631 πράγματος,

516 4639 591 4701 ab
613 4638 916 4731 goratione
966 4634 1369 4731 inchoandum
1416 4645 1526 4710 est,
1561 4654 1681 4697 non
1715 4643 1781 4696 ut
1819 4635 1896 4697 ad
1926 4652 2036 4696 nos
2065 4642 2137 4696 at-

2244 4651 2446 4731 μᾶλλον
2479 4648 2533 4705 δὲ
2559 4652 2657 4715 τῆς
2689 4643 3000 4725 θεολογίας,
3049 4643 3135 4703 δεῖ
3179 4644 3516 4725 ἀπάρχεσθαι
3572 4648 3676 4710 τῆς
3710 4646 3905 4725 εὖχῆς,

518 4728 826 4792 trahamus
854 4727 1124 4822 virtutem
1156 4724 1340 4822 illam,
1367 4743 1498 4822 quae
1531 4725 1753 4806 ubique
1785 4733 1842 4787 et
1863 4741 2137 4804 nusquan

2221 4724 2349 4822 »οὐχ
2394 4738 2489 4796 ’ίνα
2545 4724 2883 4818 ἐφελξώμεθα
2940 4737 3030 4792 τὸν
3101 4724 3422 4814 ἁπανταχοῦ
3480 4736 3756 4813 παροῦσαν
3782 4724 3911 4800 νῖκαι

519 4835 786 4908 praesens
833 4824 926 4878 est
972 4814 1163 4896 (adest
1219 4816 1379 4875 enim
1442 4814 1660 4896 ubique
1713 4816 1850 4896 quia
1889 4823 2137 4896 penetra

2244 4814 2473 4908 οὐδαμοῦ
2531 4814 2775 4903 δόναμιν,
2833 4825 3083 4907 (πάρεστι
3139 4826 3240 4904 γὰρ
3298 4830 3586 4904 πανταχοῦ
3650 4823 3737 4880 ὅτι
3782 4823 3907 4882 πᾶσι

517 4906 819 4987 universa,
847 4922 1135 4986 nusquam
1187 4922 1331 4967 vero
1372 4903 1566 4979 adest,
1625 4904 1910 4985 quoniam
1964 4902 2137 4966 nullo:

2244 4902 2438 4993 διήκει,
2499 4902 2727 4993 οῦδκμοῦ
2783 4902 2862 4995 δὲ,
2915 4902 2999 4971 ὅτι
3032 4902 3365 4981 οὒδείςγᾶξιος
3392 4902 3559 4979 τόπος
3589 4912 3696 4982 τῆς
3740 4934 3908 4971 κατα-

519 4999 688 5060 locus
717 4997 929 5074 dignus
957 5003 1047 5057 est
1099 4993 1229 5075 ejus
1287 4992 1606 5086 requiete),
1663 4994 1770 5086 sed
1822 4997 1892 5086 ut
1919 5011 2029 5055 nos
2049 4993 2137 5074 ips

2246 4992 2490 5075 παῦσεως
2522 4992 2680 5064 αὕτὸῦ
2816 4992 2936 5062 ἀλλ’
3000 5004 3093 5062 ἵνα
3124 5003 3515 5086 ἐγχειρίσωμεν
3571 5003 3799 5069 ἑαυτούς
3831 5003 3909 5061 καὶ

524 5087 872 5167 excitemus,
908 5086 1147 5166 Deoque
1172 5084 1606 5163 conjungamus
1649 5083 1869 5147 divinis
1904 5101 2137 5147 comme

2249 5109 2326 5179 τῷ
2385 5101 2519 5173 Θείῳ
2582 5083 2867 5172 ἑνώσιυμεν
2916 5107 3039 5159 ταῖς
3096 5083 3261 5161 θείαις
3293 5094 3528 5172 μνὴμαις
3560 5095 3651 5152 καὶ
3683 5092 3908 5165 ἐπικλή-

522 5176 955 5240 morationibus
995 5184 1056 5238 et
1086 5172 1583 5239 invocationibus.
2256 5172 2374 5243 σέσι
2389 5229 2403 5244 .

606 5266 925 5349 §II.Atque
947 5266 1043 5329 hic
1067 5264 1316 5325 fortasse
1347 5262 1515 5325 nobis
1541 5263 1849 5327 reddenda
1877 5264 2025 5327 ratio
2054 5262 2132 5326 sit

2322 5263 2351 5343 §
2384 5258 2567 5325 ILKul
2595 5263 2750 5317 τοῦτο
2778 5255 2821 5315 δ’
2856 5257 2990 5323 ἵσώς
3021 5255 3419 5335 ἆπολογοῦμεν,
3451 5255 3538 5313 ὅτι
3561 5254 3661 5314 τοῦ
3690 5255 3913 5316 κλεινοῦ

521 5346 651 5436 cur,
701 5346 1126 5437 cum‘inclytus
1173 5351 1529 5415 Hierotheus
1561 5354 1897 5433 theologica
1927 5355 2137 5435 princi-

2245 5352 2501 5432 ’ἰεροθέου
2559 5351 2654 5414 τὰς
2704 5347 3015 5429 θεολογικὰς
3045 5346 3420 5428 στοιχειώσεις
3478 5351 3906 5428 συναγαγόντος,

523 5450 621 5532 pia
646 5450 974 5529 collegerit,
1002 5436 1142 5525 nos,
1174 5443 1341 5523 quasi
1370 5442 1471 5504 illa
1508 5461 1626 5506 non
1671 5443 2038 5519 sufﬁcerent,
2072 5452 2133 5506 ut

2237 5444 2397 5519 ἡμεῖς
2452 5440 2508 5497 δὲ
2541 5439 2983 5517 συνεγραψάμεθα
3028 5436 3196 5501 ἄλλας
3259 5458 3313 5494 τε
3375 5440 3785 5520 πραγματείας,
3835 5438 3920 5494 καὶ

527 5526 645 5604 alia
688 5526 995 5621 opuscula,
1027 5532 1115 5596 sic
1153 5541 1214 5595 et
1250 5540 1603 5613 praesentem
1631 5534 1792 5599 hunc
1835 5542 2137 5600 tractatum

2233 5535 2432 5603 ταυτην
2482 5531 2577 5599 the
2623 5528 2916 5608 θεολογίαν⁹
2963 5529 3039 5594 ὣς
3068 5529 3173 5609 οὔχ
3223 5529 3420 5586 ἱκανῶν
3464 5526 3688 5587 ἐκείνων
3725 5530 3917 5592 ὄντων.

617 5712 740 5793 (36)
767 5710 921 5777 Vide
943 5708 1186 5776 Scholia
1212 5705 1277 5772 S.
1312 5707 1575 5787 Maximi,
1610 5716 1754 5779 tom.
1788 5711 1866 5793 ll,
1902 5729 2035 5795 cap.
2071 5708 2108 5774 3
2139 5709 2229 5774 De
2254 5706 2486 5773 divinis
2512 5704 2882 5771 minibus.
