4072 6420
205 345 330 413 689

676 355 776 416 DE
815 356 1115 422 DIVINIS
1157 360 1610 445 NOMINIBUS,
1656 366 1820 428 CAP.

1936 370 1984 433 I.
2041 404 2117 414 —
2163 374 2551 443 PARAPHR.
2603 381 3121 450 PACHYMER/E.

3496 395 3617 475 690

227 489 327 547 Καὶ
359 488 461 566 γὰρ
506 487 662 569 εἴπερ
693 490 899 559 ἐκεῖνος
960 496 1076 574 περὶ
1123 497 1322 555 τούτων
1378 497 1850 583 λεπτομερεστέρώ

1959 507 2353 587 theologicum
2378 515 3184 595 conscripserimus.Etenim
3217 526 3267 588 si
3296 528 3397 590 ille
3419 529 3493 592 de
3511 531 3606 594 his

210 579 245 645 ἢ
280 577 434 644 ξίωτε
467 577 721 655 διελθεῖν,
757 586 851 641 οὒκ
882 582 944 639 ἂν
975 587 1137 660 ἡμεῖς
1191 591 1263 651 εἷς
1309 577 1557 650 τοσοῦτον
1684 577 1843 670 μανία

210 669 228 690 η
271 667 567 693 _______’_,_-
639 672 686 693 l\
741 669 831 693 \rn
946 682 954 690 ι
1056 678 1068 693 ο
1178 679 1192 693 ο
1239 682 1297 693 Α..
1453 682 1465 693 ο
1545 680 1572 693 n
1610 682 1626 693 ι

1956 598 2322 659 enucleatius
2350 577 2651 664 disserere
2691 606 3004 682 voluisset,
3060 631 3366 693 nunquam
3398 637 3466 680 ea
3500 640 3609 682 nos

199 669 233 736 ἢ
267 667 606 735 σκαιότητος
639 669 994 751 ἐληλύθαμεν,
1044 678 1116 740 ὡς
1149 679 1390 746 οἱηθῆναι
1449 667 1726 742 ἐπιϐαλεῖν
1755 699 1850 742 τοῖι

1955 686 2190 748 insania
2221 689 2583 753 stoliditasve
2615 695 2894 773 cepisset,
2919 707 2981 762 ut
3009 701 3110 764 illo
3135 667 3368 768 doictius
3398 728 3508 771 nos
3529 711 3604 773 de

194 758 360 820 θείοις
426 757 1010 842 ἐπιστημονικώτερον,
1077 766 1182 823 ὥσε
1242 766 1315 832 δὶς
1374 771 1438 826 τὰ
1492 775 1622 831 αὕτα
1665 773 1866 853 λέγειν,

201 848 291 904 καὶ
370 845 578 906 ἀδικεῖν
638 849 790 928 φίλον
851 849 963 928 ἅμα
1023 856 1108 912 καὶ
1167 855 1503 917 διδάσκαλον’
1579 864 1664 919 καὶ
1719 866 1862 939 ἡμᾶς

195 938 302 992 τέω
319 958 366 1012 ς,
414 939 539 999 τοὺς
596 941 731 1013 μετὰ
761 943 855 998 τὸν
886 944 1148 1023 μακάριον
1206 949 1413 1006 Παῦλον
1443 953 1862 1025 μαθητευθὲντας

195 1031 369 1106 αὖτῷ,
432 1029 752 1108 ὑφαρπάζειν
810 1033 876 1088 τὰ
935 1032 1135 1092 ἐκείνου
1178 1039 1265 1093 καὶ
1320 1041 1393 1102 ὡς
1450 1039 1562 1097 ἴδια
1616 1043 1862 1122 γράφειν.

195 1116 351 1174 Ἀλλ’
409 1115 596 1187 ἐπειδὴ
648 1119 1009 1200 πρεσϐυτικῶς
1069 1127 1157 1182 καὶ
1209 1130 1643 1204 ἐπιστημονικῶς
1705 1137 1860 1190 εἶπεν

197 1208 444 1288 ἐκεῖνος,
507 1211 597 1265 καί
643 1211 929 1287 συντόμους
973 1217 1062 1271 καὶ
1118 1216 1503 1296 κεφαλαιώδεις
1562 1223 1657 1286 τας
1709 1221 1856 1280 διδα-

198 1296 422 1363 σκαλίας
480 1300 816 1378 πεπωίηκευ,
874 1302 1291 1381 ἐγκελευόμενος
1342 1309 1458 1366 καθ’
1506 1309 1727 1368 ἕκαστον
1771 1316 1858 1369 καὶ

196 1390 358 1462 ἡμῖν,
393 1389 484 1445 καὶ
538 1403 656 1452 τοῖς
702 1390 899 1470 ἐτέροις
931 1400 1036 1449 τῶν
1092 1396 1348 1453 νεοτελῶν
1382 1404 1571 1480 ψυχῷν
1603 1399 1859 1459 διδασκά-

196 1476 339 1549 λοις,
387 1477 501 1534 καθ’
553 1478 676 1536 ὅσον
728 1478 801 1537 ἔνι
859 1482 1146 1549 ἀναπτύξαι
1179 1489 1264 1543 καὶ
1314 1487 1579 1568 διακρῖναι
1610 1493 1701 1557 τὰς
1731 1515 1859 1548 συν-

195 1568 428 1632 οπτικὰς
484 1571 572 1624 καὶ
617 1567 686 1626 δι’
743 1570 918 1650 ὀλίγον
970 1572 1252 1653 ἐκφράσεις
1289 1583 1384 1644 τῆς
1418 1567 1612 1645 ἑγνιαίας
1658 1581 1859 1640 ἐιιείνου

195 1659 279 1714 καὶ
347 1659 682 1736 νοερωτάτης
743 1659 1042 1737 δυνάμεως·
1118 1669 1204 1722 καὶ
1266 1667 1527 1735 πολλάκις
1586 1672 1728 1746 ἡμᾶς
1784 1674 1859 1736 εἰς

1955 775 2170 873 divinis
2201 778 2364 856 loqui
2387 798 2570 873 posse
2604 791 2974 869 putaremus,
2998 799 3174 873 atque
3207 795 3353 857 adeo
3386 797 3480 860 bis
3500 819 3605 860 ea-

1953 865 2087 927 dem
2115 869 2536 946 repetemlo,et
2566 874 2758 934 amico
2780 865 3040 941 simulet
3072 865 3425 964 praeceptori
3452 888 3605 951 hanc

1947 954 2225 1034 injuriam
2262 957 2617 1040 faceremus,
2652 972 2738 1042 ut,
2773 984 2907 1026 cum
2940 954 3086 1046 ejus.
3104 982 3232 1052 post
3271 954 3600 1042 B.Paulum

1949 1045 2230 1125 discipuli
2264 1047 2578 1125 fuerimus,
2608 1053 2736 1132 ejus
2761 1045 2981 1136 scripta
3006 1045 3175 1122 nobis
3204 1082 3310 1142 per
3343 1066 3602 1146 plagium

1950 1135 2088 1194 5/58
2121 1156 2568 1231 usurparemus;
2603 1143 2706 1203 sed
2751 1135 3032 1225 quoniam
3083 1151 3180 1212 ille
3204 1135 3489 1231 'gravitevr
3531 1166 3593 1220 et

1944 1225 2091 1286 scite
2119 1225 2194 1288 de
2226 1227 2318 1288 his
2372 1228 2648 1308 loquens,
2711 1238 3069 1316 compendio
3134 1250 3192 1301 et
3232 1225 3589 1307 summatim

1944 1314 2246 1377 doctrinas
2277 1336 2411 1378 suas
2445 1320 2710 1395 tradidit,
2757 1314 2981 1401 jubens
3012 1347 3140 1401 nos,
3175 1331 3437 1412 aliosque
3469 1353 3576 1396 ru-

1943 1403 2172 1465 diorum
2207 1406 2404 1468 adhuc
2430 1409 2771 1494 animorum
2807 1427 3228 1499 praeceptores,
3253 1403 3584 1505 sigillatim,

1945 1494 2138 1574 quoad
2173 1495 2551 1588 ﬁeripotest,
2579 1500 2900 1580 explanare
2931 1494 3396 1588 addistinguere
3427 1494 3586 1575 com;

1945 1584 2261 1662 pendiosas
2288 1585 2417 1646 illas
2446 1586 2775 1670 brevesque
2805 1584 3414 1662 enarrationes'unitaa
3439 1604 3594 1665 illius

1943 1692 2008 1734 ac
2040 1673 2537 1753 spiritualissima)
2576 1680 2831 1755 virtutis;
2860 1684 3002 1762 quin
3031 1696 3087 1749 et
3112 1687 3239 1768 ipse
3276 1700 3334 1750 tu
3354 1710 3595 1772 quoque

193 1747 324 1804 αὒτὸ
353 1755 511 1804 τοῦτο
559 1752 645 1806 καὶ
705 1751 769 1807 σὺ
799 1751 1152 1834 προέτρεψας,
1191 1756 1612 1824 ἀνταποστείλας
1643 1763 1730 1816 καὶ
1758 1764 1850 1829 τὴν

1943 1747 2285 1843 frequenter
2334 1784 2442 1826 nos
2484 1767 2557 1827 ad
2611 1769 2723 1829 hoc
2771 1747 3238 1850 adhortatu—sies,

190 1835 376 1914 βίϐλον
407 1839 589 1901 αὺτοῦ.
628 1841 800 1918 Ταύτῃ
834 1864 913 1898 τοι
967 1845 1052 1900 καὶ
1099 1848 1262 1920 ἡμεῖς
1294 1849 1384 1904 τὸν
1436 1849 1532 1915 μὲν
1562 1850 1715 1928 ἆίγιον
1743 1849 1854 1908 Ἰε-

189 1929 394 2006 ρόθεον,
433 1931 506 1993 ὡς
538 1928 754 1986 τελείων
787 1929 1033 1990 διανοιῶν
1093 1933 1428 2014 διδάσκαλον,
1465 1953 1582 2003 τοῖς
1630 1940 1853 2008 τελείοις

189 2019 536 2097 ἀφορίζομεν,
575 2022 662 2076 καὶ
722 2021 785 2076 τα
841 2022 1044 2079 ἐκείνου
1087 2023 1270 2105 λόγια,
1301 2029 1374 2091 ὼς
1407 2027 1621 2106 δεύτερα
1672 2029 1848 2110 λόγια.

187 2110 318 2174 πρὸς
351 2109 419 2164 τὰ
463 2113 583 2166 θεῖα
614 2111 703 2167 καὶ
734 2111 842 2179 ἱερᾶ
900 2114 1005 2169 τῶν
1062 2115 1375 2173 ἀποστόλων
1407 2120 1847 2200 παραγγέλματα,

187 2197 418 2278 ἔχομεν’
455 2212 571 2262 τοῖς
605 2198 660 2255 δὲ
689 2201 806 2257 καθ’
839 2203 983 2276 ἡμᾶς
1043 2204 1253 2262 ἀτελέσι
1306 2208 1371 2264 τὰ
1427 2212 1547 2266 θεῖα
1599 2210 1852 2288 παραδώ-

185 2310 377 2368 σομεν,
412 2288 716 2366 ἀναλόγους
747 2303 864 2352 τοῖς
922 2290 1264 2361 διδασκάλοις
1323 2301 1459 2371 ἡμῖν
1510 2300 1632 2364 τοὺς
1665 2305 1849 2376 μαθη-

221 2380 232 2394 ι
314 2378 339 2397 ν
597 2379 612 2399 ν
720 2379 729 2401 ο
861 2379 903 2400 Μ
943 2381 966 2398 ν
1113 2384 1126 2404 ν
1381 2388 1394 2404 ι
1510 2389 1517 2402 ι
1727 2389 1740 2406 ν
1819 2394 1844 2412 ,-

183 2401 277 2440 τας
316 2401 560 2459 εχοντες.
617 2389 826 2437 Οποσον
856 2396 910 2436 οε
944 2404 1060 2460 εχει
1110 2398 1315 2448 εκεῖνος
1346 2409 1407 2443 το
1465 2386 1689 2468 τελειον,
1723 2412 1776 2445 εν
1806 2415 1850 2464 ῳ

185 2469 373 2541 ἐστιᾷδ
403 2469 612 2546 ἑτέρους
645 2471 742 2537 τὴν
797 2473 1013 2550 στερεὰν
1057 2476 1284 2554 τροφὴν,
1317 2473 1450 2532 ὅπου
1482 2499 1542 2554 γε
1572 2479 1659 2534 καὶ
1688 2481 1849 2554 ἡμεῖς

185 2560 458 2639 λεγόμεθα
489 2561 708 2638 τέλειοι,
744 2565 818 2626 ὡς
850 2570 948 2631 τῆς
978 2567 1231 2634 τοιαύτης
1266 2575 1480 2646 στερεᾶς
1515 2575 1714 2650 τροφῆς
1749 2594 1848 2647 με·

186 2649 554 2727 ταλαμϐάνειν
608 2652 920 2730 ἠξιωμένοις
971 2655 1169 2734 Ὀρθῶς
1223 2656 1309 2713 οὖν
1368 2658 1592 2734 εἴπομεν
1622 2662 1705 2739 τὸ,
1752 2663 1849 2728 τὴν

188 2744 284 2815 μὲν
351 2742 684 2810 αὖτοπτικὴν
751 2747 836 2800 καὶ
889 2745 1343 2818 ἀνεπικάλυπτον,
1377 2750 1464 2804 καὶ
1517 2749 1848 2828 ἐμφανεστέ-

186 2853 279 2908 ραν
343 2829 699 2912 κατανόησιν,
770 2837 855 2890 καὶ
914 2836 1013 2900 τὴν
1089 2835 1434 2915 κεφαλαιώδη
1487 2836 1848 2914 διδασκαλίαν,

186 2917 552 2998 πρεσϐυτικῆς
610 2921 812 2979 δεῖσθαι
874 2922 1168 2999 δυνάμεως⁶
1233 2927 1332 2992 τὴν
1407 2925 1461 2982 δὲ
1531 2925 1852 3008 δικσάφησιν

185 3012 268 3066 καὶ
298 3011 606 3085 ἓκμάθησιν
655 3011 904 3089 ἁρμόζειν
964 3018 1080 3078 τοῖς
1133 3015 1434 3094 ὑφειμένοις
1484 3019 1644 3092 ἡμῖν,
1694 3016 1852 3075 Ἐπι-

1942 1855 2068 1931 ejus
2097 1852 2265 1914 nobis
2286 1855 2593 1917 remisisti.
2619 1858 2990 1940 Quapropter
3022 1884 3128 1926 nos
3147 1886 3382 1948 quoque
3414 1889 3592 1934 sanc-

1943 1952 2062 2002 tum
2097 1942 2512 2026 Hierothcum,
2550 1955 2829 2027 tanquam
2868 1942 3260 2030 perfectarum
3286 1942 3583 2022 'mentium

1940 2045 2393 2115 praeceptorem,
2432 2037 2711 2114 perfectis
2738 2041 3200 2125 assignamus,et
3225 2047 3410 2126 ipsius
3438 2049 3595 2111 dicta

1940 2132 2215 2203 tanquam
2249 2125 2435 2186 altera
2467 2128 2727 2201 oracula,
2776 2133 3107 2193 secundum
3157 2125 3352 2198 divina
3383 2158 3590 2202 sacra-

1936 2232 2048 2292 que
2065 2215 2466 2293 apostolorum
2491 2218 3130 2296 scripta,aestimamus;
3164 2243 3273 2286 nos
3299 2246 3434 2288 vero
3470 2247 3586 2290 no-

1934 2301 2008 2361 tri
2041 2302 2339 2364 similibus
2366 2305 2738 2382 imperfectis
2760 2326 2856 2369 res
2879 2309 3105 2372 divinas
3131 2314 3588 2394 explicabimus;

1935 2390 2105 2483 nobis
2133 2395 2602 2483 praeceptoribus
2629 2414 2746 2458 non
2781 2398 3089 2462 absimiles
3120 2390 3442 2483 discipulos
3474 2390 3587 2468 ha;

1934 2478 2416 2552 bentes.Quantae
2433 2501 2570 2544 vero
2592 2485 2720 2564 ipse
2737 2478 3392 2567 estperfectionis,cum
3408 2495 3586 2558 etiam

1934 2569 2082 2630 alios
2121 2570 2312 2630 solido
2353 2571 2485 2632 cibo
2540 2575 2784 2655 nutriat,
2815 2595 2950 2638 cum
2987 2599 3093 2640 nos
3124 2582 3300 2643 etiam
3335 2585 3588 2664 perfecti

1933 2660 2329 2738 appellemur,
2356 2659 2406 2721 si
2440 2661 2770 2724 istiusmodi
2826 2667 3018 2729 solido
3063 2670 3194 2731 cibo
3225 2659 3378 2732 vesci
3412 2674 3582 2737 nobis

1936 2748 2198 2841 licuerit?
2243 2751 2456 2812 Merito
2488 2751 2684 2832 itaque
2714 2754 2991 2831 dicimus,
3041 2760 3110 2820 ad
3161 2766 3347 2840 ipsam
3382 2781 3488 2841 per
3521 2782 3588 2826 se

1937 2839 2348 2914 intuitionem,
2385 2848 2444 2900 et
2492 2861 2609 2902 non
2641 2844 2958 2906 revelatam
2997 2839 3580 2932 manifestioremque

1936 2927 2488 3007 intelligentiam,et
2515 2934 2898 2996 summariam
2933 2937 3259 3000 doctrinam
3295 2927 3582 3003 senili-fa-

1935 3018 2159 3079 cultate
2186 3038 2333 3099 opus
2359 3023 3003 3098 esse,explanationem
3026 3038 3218 3090 autem
3245 3039 3301 3091 et
3326 3031 3582 3111 explica-

185 3102 484 3178 τετήρηται
542 3108 665 3177 γεῦν
726 3104 888 3182 ἡμῖν,
920 3103 1056 3159 ὥστε
1087 3103 1185 3160 ὅσα
1239 3103 1304 3171 δη
1362 3110 1543 3184 σαφῶς
1588 3109 1729 3184 παρα
1761 3111 1850 3165 τοῦ

188 3193 208 3205 Α
250 3190 262 3205 ρ
394 3181 427 3205 ε-
531 3190 583 3205 ΑΙ
711 3189 733 3205 l\
903 3193 912 3205 Ι
1247 3191 1320 3205 λιι
1465 3196 1477 3205 .
1803 3198 1812 3205 .

1937 3106 2155 3169 tionem
2175 3109 2346 3170 nobis
2365 3102 3580 3185 utinferioribusconvenire.0bservatum

186 3190 326 3247 θείου
394 3181 648 3267 ἰεροθὲοο
706 3181 1094 3271 διηυκρίνηται,
1159 3191 1410 3268 μηδόλως
1446 3181 1849 3277 ἐγκεχείρηκέ-

1936 3203 2130 3276 itaque
2153 3217 2186 3259 a
2214 3199 2408 3272 nobis,
2444 3208 2504 3260 ut
2538 3221 2905 3284 quzecunque
2946 3207 3104 3268 clare
3130 3228 3163 3270 a
3194 3209 3327 3270 divo
3361 3211 3579 3273 Hiero-

184 3304 264 3337 ναι
297 3283 392 3337 καὶ
423 3284 540 3336 οἷον
586 3282 853 3358 φαίνεσθαι
904 3282 1270 3362 ταῦτολογεϊν’
1305 3285 1371 3340 τὰ
1423 3284 1474 3340 δὲ
1522 3290 1849 3354 συνοπτικῶς

187 3370 454 3448 εἰρημένα
530 3369 712 3445 ἐκείνῳ
769 3370 946 3451 (τοῦτο
1020 3373 1120 3451 γὰρ
1202 3372 1386 3438 ἔξωθεν
1450 3375 1850 3454 προσληπτέον)

181 3460 536 3536 λεπτοτέραις
609 3461 827 3525 ἐννοίαις
883 3463 1170 3543 ἐκφαίνεινο
1246 3466 1399 3521 τοῦτο
1464 3465 1563 3543 γὰρ
1619 3467 1730 3522 ἐστι
1789 3468 1848 3522 τὸ

183 3551 551 3624 ζητούμενον,
607 3550 636 3606 ’ὃ
696 3550 751 3606 ἐν
808 3559 883 3626 τῷ
919 3552 1060 3609 τέλει
1113 3559 1203 3609 τοῦ
1231 3552 1394 3632 λογου
1442 3557 1706 3632 ἐπήγαγε,
1741 3563 1846 3613 Νῦν

181 3639 237 3698 δὲ
289 3643 366 3705 εἰς
420 3642 542 3704 τοὺς
594 3639 839 3705 ἐπαίνους
898 3650 989 3700 τοῦ
1046 3640 1230 3720 ἀνδρὸς
1276 3641 1544 3716 εἰσελθὼν,
1581 3646 1729 3709 ὅπως
1759 3647 1848 3701 καὶ

179 3732 356 3789 δποῖα
412 3730 547 3798 ἦσαν
608 3731 674 3786 τὰ
713 3728 837 3810 παρ’
894 3733 1051 3788 αὐτοῦ
1097 3733 1400 3807 ὑμνούμενα
1459 3733 1512 3788 ἐν
1556 3741 1632 3808 τῷ
1681 3742 1848 3813 καιρῷ

180 3827 292 3889 τῆς
339 3821 498 3899 ἁγίας
531 3819 792 3876 Θεοτόκου
849 3823 1181 3901 κοιμήσεως,
1215 3823 1351 3879 κατὰ
1394 3821 1684 3884 ἐνδιάθετον
1707 3827 1852 3904 σχῆ-

180 3934 287 3991 μα,
320 3915 591 3990 τεχνικῶς
649 3909 768 3966 οἷον
821 3909 1106 3968 ἐπελάθετο
1148 3917 1246 3978 τῆς
1280 3920 1372 3969 τοῦ
1403 3911 1562 3990 λόγου
1602 3914 1848 3994 συμφρά-

178 4023 348 4076 σεως,
384 4001 473 4056 καὶ
505 4018 687 4080 φησιν’
725 3997 874 4057 Ἐπεὶ
927 4001 1014 4056 καὶ
1059 3999 1183 4080 παρ’
1235 4004 1418 4066 αὐτοῖς
1478 4017 1595 4067 τοῖς
1655 4004 1849 4075 θεολή-

179 4114 345 4155 πτοις
380 4090 639 4168 πατράσιν
676 4088 788 4169 (ὅτε
833 4091 1183 4168 συμπαρῆμεν
1243 4091 1460 4156 ἐκείνοίς
1493 4094 1582 4150 καὶ
1627 4093 1846 4173 ἡμεῖς,)

1932 3287 2072 3348 tbeo
2103 3287 2380 3350 distincta
2411 3299 2545 3350 sunt
2578 3309 2651 3351 ne
2683 3292 2923 3371 quidem
2958 3300 3200 3360 omnino
3251 3299 3580 3378 attingere-

1935 3393 2174 3450 mus,ne
2207 3379 2652 3456 quodammodo
2685 3381 2844 3442 idem
2878 3385 3088 3447 iterato
3129 3389 3328 3449 dicere
3353 3390 3582 3452 videre-

1933 3483 2223 3546 mur;quze
2242 3486 2379 3528 vero
2407 3472 2533 3548 ipse
2552 3475 2975 3549 compendiose
3000 3477 3390 3553 tradidit(hoc
3417 3479 3578 3542 enim

1931 3556 2352 3634 excipiendum
2372 3558 2481 3638 est)
2509 3558 2931 3624 minutioribus
2947 3563 3360 3645 intelligentiis
3381 3568 3581 3648 expla-

1931 3664 2230 3722 naremus,
2256 3665 2390 3707 nam
2419 3648 2531 3708 hoc
2583 3658 2672 3710 est
2727 3653 2881 3731 quod
2927 3657 3236 3733 quaeritur,
3273 3665 3336 3718 ut
3367 3657 3424 3718 in
3460 3658 3579 3720 fine

1932 3735 2215 3796 orationis
2237 3737 2545 3798 addidit.N
2554 3759 2669 3800 unc
2689 3758 2826 3802 vero
2850 3742 3174 3805 virilaudes
3192 3746 3572 3824 aggrediens,

1933 3844 2186 3906 quanam
2220 3829 2535 3916 ratione,et
2571 3830 2770 3905 qualia
2791 3831 2862 3892 ab
2894 3833 3022 3912 ipso
3055 3843 3273 3895 sancta;
3305 3835 3576 3916 Deiparaa

1933 3914 2388 3976 obdormitionis
2421 3925 2688 3997 tempore
2720 3920 2948 3982 laudata
2994 3914 3573 4003 sint,ostendit7arti-

1934 4005 2138 4066 ﬁciose
2161 4005 2581 4086 ipsaloquendi
2610 4009 3174 4082 formula,orationis
3195 4031 3262 4075 ea
3279 4016 3574 4095 composi-

1934 4097 2152 4156 tionem
2187 4096 2470 4171 effugere,
2500 4105 2554 4157 et
2579 4098 2660 4159 ait
2693 4121 2706 4158 :
2744 4099 2887 4160 Cum
2922 4101 3191 4164 Patribus
3223 4104 3341 4164 illis
3372 4105 3569 4167 divino

163 4185 220 4238 ὲν
273 4186 359 4254 τῷ
414 4187 584 4255 καιρῷ
630 4185 730 4247 τῆς
765 4181 1069 4254 κοιμήσεως
1131 4187 1228 4248 τῆς
1286 4184 1548 4260 παναγίας
1601 4187 1833 4240 Δεσποί-

1936 4185 2142 4264 Spiritu
2172 4185 2383 4246 amatis
2411 4186 2492 4264 (et
2519 4206 2624 4248 nos
2648 4188 2760 4268 ipsi
2778 4190 3146 4264 adessemus)
3176 4202 3441 4272 tempore
3467 4194 3572 4257 ob-

159 4297 261 4340 νης
317 4274 480 4346 ἡμῶν
537 4273 809 4350 θεοτοκοὺ,
871 4268 1040 4327 ἐδόκει
1108 4271 1161 4326 δὲ
1211 4272 1347 4328 κατὰ
1378 4273 1473 4340 τὴν
1501 4273 1641 4330 θείαν
1673 4276 1836 4348 ὗμνῆο

1937 4275 2294 4335 lormitionis
2325 4276 2715 4339 sanctissimae
2737 4279 2990 4341 dominae
3017 4293 3230 4344 nostrae
3266 4268 3562 4362 Deiparte,

156 4384 246 4419 σαι
302 4363 426 4424 τοὺς
459 4360 715 4440 ἱεράρχας
748 4361 821 4424 ὡς
851 4358 1072 4424 ἕκαστος
1105 4361 1235 4440 εἶχε
1257 4359 1526 4435 δυνάμεως
1559 4364 1653 4430 τὴν
1683 4361 1833 4420 ὂιπει·

1936 4364 2358 4444 )lacuissetque
2400 4375 2532 4442 post
2579 4375 2905 4430 contuitum
2939 4374 3164 4431 sanctis
3198 4358 3568 4435 antistitibus

151 4452 458 4531 ροδύναμον
519 4450 825 4528 ἁγαθότητα
886 4453 984 4518 τῆς
1036 4454 1334 4541 θεαρχικῆς
1380 4451 1680 4522 ἀσθενείας,
1736 4457 1831 4521 τῆς

1936 4472 2026 4515 πο
2057 4453 2212 4515 virili
2236 4457 2452 4534 cuique
2471 4456 2841 4528 suo,inﬁnita
2865 4460 3128 4539 potentia
3155 4461 3459 4541 prmditam
3483 4462 3569 4524 di-

152 4541 413 4600 ἑκουσίου
443 4537 690 4607 δηλονότι
735 4545 826 4596 τοῦ
876 4545 1006 4595 Θεοῦ
1063 4538 1190 4620 ἄχρι
1224 4541 1418 4618 σαρκὸς
1450 4543 1617 4620 χωρὶς
1649 4541 1826 4620 ἆμαρ-

1936 4544 2065 4604 rinae
2111 4543 2544 4606 imbecillitatis
2598 4537 2924 4609 bonitatem
2974 4537 3338 4626 collaudare,
3377 4550 3434 4611 id
3478 4559 3567 4613 est

145 4634 274 4698 τίας
331 4627 789 4706 συγκαταϐαίσεως
825 4676 841 4707 ,
899 4629 1112 4686 πάντων
1173 4629 1380 4708 ἐκράτει
1446 4635 1553 4686 τῶν
1605 4632 1826 4710 ἱερομυ-

1936 4632 2298 4695 'oluntariam
2325 4634 2898 4698 condescensionem
2918 4638 3025 4702 Dei
3055 4659 3238 4721 usque
3251 4641 3322 4701 ad
3348 4659 3567 4720 corpus

149 4723 300 4781 στῶν
331 4724 360 4777 ὁ
392 4721 562 4800 μέγας
609 4717 885 4796 ’ἱερόθεος,
939 4715 1064 4782 ὅλος
1113 4718 1187 4776 ὢν
1247 4718 1424 4810 ὣσπερ
1484 4717 1714 4810 ἔκδημος
1764 4721 1826 4778 ἐκ

1936 4720 2129 4802 bsque
2153 4736 2423 4804 peccato,
2450 4733 2697 4788 caeteros
2717 4728 3061 4790 sacerdotes
3082 4715 3403 4810 superabat
3433 4715 3567 4792 ma-

151 4821 250 4871 τοῦ
301 4811 584 4889 σώματος,
617 4807 742 4870 ὅλος
790 4806 1127 4884 ἐξιστάμενος
1157 4812 1345 4868 ἐαυτοῦ
1374 4809 1427 4864 ἐν
1457 4823 1576 4873 τοῖς
1607 4809 1816 4891 ὕμνοις,

1936 4829 2052 4872 nus
2076 4810 2621 4892 Hierotheus,totus
2641 4816 3077 4895 quodammodo
3113 4838 3144 4880 a
3161 4806 3428 4897 corpore
3451 4820 3564 4881 ab-

152 4904 248 4959 καὶ
296 4901 530 4980 πάσχων
559 4898 661 4966 τὴν
699 4897 830 4976 πρός
877 4898 942 4954 τὰ
970 4898 1274 4974 ὑμνούμενα
1319 4899 1625 4978 κοινωνίαν,
1684 4902 1831 4978 παρὰ

1936 4900 2318 4976 luctus,totus
2341 4911 2505 4964 extra
2527 4923 2592 4965 se
2631 4906 2856 4983 positus
2901 4908 2958 4967 in
3001 4909 3238 4988 hymnis
3266 4928 3336 4970 ac
3367 4909 3564 4972 laudi-

155 4993 386 5049 πάντων
445 4990 533 5046 καὶ
583 4993 692 5044 τῶν
752 4988 1032 5064 γνωρίμων
1091 4990 1179 5044 καὶ
1239 4992 1345 5045 τῶν
1403 4990 1480 5058 μὴ
1551 4989 1831 5068 γνωρίμων

154 5079 470 5146 θεόληπτος
501 5077 765 5158 ἐχρίνετο.
802 5075 867 5132 Ἢ
898 5083 1024 5154 γοῦν
1068 5084 1222 5134 τοῦτο
1273 5075 1443 5156 λέγει,
1501 5079 1642 5157 παρὰ
1689 5080 1832 5135 πάν-

155 5192 276 5228 των
337 5170 427 5225 καὶ
473 5174 575 5224 τῶν
611 5165 984 5244 γινωσκόντων
1039 5167 1126 5223 καὶ
1190 5173 1293 5223 τῶν
1341 5167 1416 5243 μὴ
1460 5167 1830 5247 γινωσκόντων

154 5260 354 5317 αὐτόν·
385 5257 448 5338 ἢ,
481 5256 610 5334 ὅπερ
655 5257 745 5312 καὶ
799 5268 1068 5334 κρεῖττον,
1131 5259 1190 5315 οὗ
1251 5256 1351 5335 γὰρ
1397 5256 1545 5331 εἷπε,
1580 5256 1676 5313 οὐκ
1707 5259 1829 5336 ἐγι-

1916 4989 2378 5071 bus,rerumque
2405 5011 2550 5072 quas
2600 4994 2877 5058 laudabat
2904 5001 3271 5060 consortium
3307 4999 3560 5078 patiens,

1915 5080 1988 5142 ab
2012 5079 2292 5142 omnibus
2319 5091 2433 5143 tam
2459 5083 2617 5144 notis
2641 5101 2818 5164 quam
2845 5085 3066 5165 ignotis
3092 5088 3290 5150 divino
3306 5089 3566 5150 Numine

1916 5169 2652 5236 afﬂatuscensebatur.Vcl
2669 5175 2866 5251 itaque
2890 5177 3003 5238 hoc
3026 5177 3272 5249 dicit,ab
3287 5177 3564 5238 omnibus

1915 5267 2030 5320 tam
2051 5261 2124 5323 iis
2148 5263 2248 5343 qui
2274 5262 2467 5342 ipsum
2495 5264 2634 5325 549
2652 5274 3146 5346 noverant,quam
3170 5267 3270 5346 qui
3303 5285 3422 5327 non
3449 5285 3564 5327 no-

153 5350 428 5423 νώσκετο,
478 5345 599 5402 ἀλλ’
665 5348 760 5404 οὐκ
838 5343 1250 5422 ἐπεγινώσκετο·
1326 5343 1648 5424 ἐγινώσκετο
1727 5347 1826 5422 μὲν

1936 5359 2141 5428 terant;
2165 5351 2260 5415 vel
2293 5351 2510 5432 potius,
2545 5372 2663 5415 non
2696 5353 2843 5416 dixit
2876 5343 3036 5432 quod
3071 5343 3564 5436 noscebatur,sed

152 5438 313 5518 λέγει
374 5438 498 5516 παρ’
560 5436 798 5525 ἐκείνων,
856 5431 1102 5501 δηλονότι
1160 5431 1360 5498 οἵτινες
1408 5435 1695 5525 ἐγίνωσκον
1727 5437 1824 5504 τὴν

1936 5457 2029 5499 ion
2062 5431 2554 5520 cognoscebatur;
2578 5443 2873 5525 siquidem
2895 5431 2980 5506 fab
3011 5444 3380 5525 illis,inqnit,
3416 5431 3562 5506 nos-

150 5535 268 5586 τῶν
329 5526 635 5606 λεγομένων
692 5522 930 5600 δύναμιν*
993 5526 1086 5581 οὒκ
1131 5525 1560 5604 ἐπεγιγνώσκὲτο
1604 5524 1658 5582 δὲ
1692 5525 1818 5605 παρ’

1936 5527 2177 5610 .ebatur,
2213 5534 2312 5610 qui
2358 5531 2627 5594 videlicet
2651 5522 2941 5594 noverant
2989 5553 3193 5595 eorum
3228 5522 3358 5614 qum
3388 5534 3560 5596 dice-

152 5619 408 5690 ἐκείνων,
436 5616 632 5679 οἵτινες
692 5618 795 5690 οὒψ
853 5616 960 5671 οἷοί
1003 5635 1059 5670 τε
1108 5614 1246 5681 ἦσαν
1279 5611 1557 5671 ἐπιϐαλεῖν
1593 5619 1670 5689 τῷ
1698 5615 1818 5691 ὕψει

1936 5629 2126 5678 rantur
2147 5619 2432 5696 valorem;
2457 5636 2574 5682 non
2601 5622 3072 5701 cognoscebatur
3093 5611 3287 5683 autem
3315 5622 3388 5682 ab
3414 5623 3553 5698 illis,

153 5709 274 5766 τῶν
317 5707 522 5784 ὕμνων.
577 5697 849 5786 Ἐφαίνετο
899 5711 1021 5782 γοῦν
1083 5703 1377 5773 θεόληπτος
1430 5704 1695 5770 κάκείνοις
1733 5706 1818 5764 καὶ

1936 5707 2006 5786 [οἱ
2038 5707 2288 5771 istarum
2312 5709 2555 5772 laudum
2580 5697 2992 5774 celsitudinem
3021 5713 3309 5792 attingere
3335 5731 3451 5775 non
3465 5732 3560 5774 va-
