4072 6420
462 383 571 454 691
1640 378 1701 443 S.
1756 376 2093 442 DIONYSII
2141 373 2670 441 AREOPAGlT/E.
3733 372 3845 438 692

461 522 684 587 lebant.
706 515 1035 583 Videbatur
1064 514 1264 596 itaque
1288 514 1484 576 divino
1510 512 1766 576 Numine
1790 512 2018 576 amatus
2048 519 2107 573 et

2211 514 2417 574 τούτοις.
2471 510 2732 575 Ἐκείνοις
2795 510 2917 590 μὲν,
2976 512 3047 576 ὡς
3107 515 3336 567 συνιοῦσι
3386 508 3474 565 καὶ
3537 507 3846 584 ἐπιστήμην

460 611 582 674 illis
612 619 671 673 et
701 608 946 673 bis.lllis
971 605 1518 687 quidem,tanquam
1550 603 1809 666 consciis
1833 622 1899 664 ac
1918 603 2112 664 scien—

2211 612 2443 684 τχοῦσιν,
2475 602 2555 658 ὅτι
2585 604 2821 665 τοιοῦτός
2852 604 2987 658 ἒστι⁶
3028 602 3234 666 τούτοις
3265 600 3346 675 δὲ,
3392 600 3463 663 ὡς
3496 600 3575 675 μὴ
3609 608 3844 658 συνιοῦσι

462 700 625 763 tibus
650 700 843 780 ipsum
874 715 1009 758 esse
1041 694 1243 765 talem;
1273 695 1365 755 his
1396 712 1536 755 vero
1563 702 1841 773 tanquam
1869 711 1987 753 non
2012 698 2110 751 in-

2211 696 2260 749 ια
2288 693 2572 772 λεγόμενα,
2632 691 2907 748 κᾶντεῦθεν
2947 693 3068 748 θεῖά
3113 713 3231 747 τινα
3291 693 3520 768 κρίνουσι
3565 697 3731 746 ταῦτα
3761 693 3847 748 καὶ

463 778 869 869 telligentibus
899 804 1030 867 quas
1058 784 1434 849 dicebantur.
1459 794 1635 865 atque
1660 783 1793 844 ideo
1816 781 2114 844 existima-

2211 784 2323 858 ᾶπέρ
2373 784 2490 846 τοὺς
2548 780 2804 855 πολλοὺς,
2850 783 2938 838 καὶ
2995 781 3176 857 μόνοις
3230 778 3346 845 ἄξια
3399 792 3520 844 τοῖς
3568 780 3726 841 θείοις
3759 781 3847 837 καὶ

465 880 632 955 bant,
669 879 771 941 illa
800 876 999 938 divina
1032 873 1299 955 quaedam
1330 891 1464 936 esse
1494 892 1625 953 quae
1669 872 1831 949 vulgi
1876 879 2112 952 captum

2211 871 2316 929 ιατ⁹
2351 872 2557 929 ἐκεῖνον
2600 869 2864 949 ἀνδράσιν,
2922 871 3018 928 Ἐκ
3064 876 3169 926 τῶν
3225 870 3403 944 ῦμνων
3458 876 3583 946 γοῦν
3632 869 3848 925 laneiva

467 976 841 1052 superarent,
870 975 928 1028 et
959 965 1172 1027 divinis
1204 972 1432 1026 tantum
1466 981 1797 1042 eorumque
1821 961 2119 1023 similibus

2211 960 2325 1019 δῖδα
2380 961 2682 1024 ἐπακούσας
2726 960 2986 1024 πολλάκις
3045 961 3134 1017 καὶ
3188 961 3331 1038 παρὰ
3379 958 3470 1016 τοῦ
3512 958 3650 1038 μέρη
3701 961 3840 1016 τινά⁶

467 1048 610 1122 viris
640 1060 818 1139 digna
852 1057 1070 1119 forent.
1104 1053 1451 1117 Divinarum
1485 1070 1662 1134 porro
1694 1052 1936 1113 laudum
1969 1052 2115 1113 ista-

2211 1053 2364 1115 >ἷ3τως
2437 1051 2585 1131 ἔχεις
2650 1049 2885 1117 σπουδὴν
2961 1052 3035 1115 εἷς
3105 1052 3172 1107 τὰ
3227 1053 3369 1130 θεῖα,
3460 1048 3598 1106 ὥστε
3658 1050 3737 1126 μὴ
3791 1049 3849 1107 ἑκ

466 1168 598 1213 rum
627 1158 852 1231 partem
883 1146 1141 1227 aliquam
1175 1162 1269 1206 me
1299 1143 1408 1205 abs
1428 1152 1484 1204 te
1514 1142 1809 1205 audivisse
1841 1141 2111 1203 memini:

2211 1141 2468 1221 παρέργου
2499 1141 2797 1222 λογίζεσθαι
2827 1147 3013 1204 ταῦτα,

468 1230 692 1302 tantam
736 1237 1069 1301 divinorum
1126 1252 1327 1296 curam
1372 1233 1555 1315 geris,
1586 1242 1655 1293 ut
1687 1250 1985 1313 nunquam
2019 1230 2122 1293 illa

468 1329 873 1410 perfunctorie
909 1342 1250 1408 percurras.

547 1419 694 1496 §lI[.
729 1420 926 1499 Atque
960 1423 1020 1477 ut
1045 1415 1229 1476 multa
1260 1415 1606 1477 omittamus
1637 1432 1769 1496 quas
1788 1413 1960 1490 vulgo
1980 1420 2121 1473 sunt

2282 1416 2307 1487 §
2340 1411 2437 1474 ΙΙΙ.
2473 1412 2571 1470 Καὶ
2628 1410 2716 1469 ἵνα
2766 1434 2846 1469 σοι
2892 1410 3304 1490 παραλείψωμεν
3356 1411 3422 1467 τὰ
3455 1408 3629 1468 πολλὰ
3659 1409 3733 1473 ὡς
3766 1408 3849 1487 ἄῤ-

468 1528 707 1584 arcaua,
748 1508 978 1588 tibique
1027 1514 1188 1581 nota,
1242 1505 1333 1566 vel
1380 1504 1518 1565 ideo
1570 1513 1706 1566 nota
1736 1504 1871 1585 quia
1901 1520 2117 1564 arcana

2211 1503 2334 1569 Ξητα
2364 1515 2483 1559 τοῖς
2517 1500 2741 1568 πολλοῖς
2797 1505 2883 1559 καὶ
2942 1524 3025 1557 σοι
3055 1500 3354 1579 ἔγνωμένα,
3409 1502 3446 1567 ἦ
3497 1508 3622 1578 γοῦν
3669 1499 3851 1577 ἐγνω-

467 1606 855 1680 mysticaque,
895 1597 990 1657 vel
1026 1595 1131 1657 tibi
1182 1603 1321 1655 nota
1379 1603 1655 1675 tanquam
1701 1611 1881 1673 supra
1909 1594 2117 1671 vulgus

2211 1592 2392 1666 τμένα,
2454 1591 2532 1648 ὅτι
2571 1593 2696 1647 εἰσὶν
2757 1590 2953 1669 ἄῤῥὴτα
3028 1592 3113 1647 καὶ
3199 1590 3453 1665 μυστικά·
3528 1590 3565 1657 ἢ
3622 1588 3704 1645 ὅτι
3774 1591 3851 1645 σοὶ

467 1679 876 1751 exsistenti.ac
896 1686 1244 1749 divino.lioc
1266 1684 1810 1763 impraesentiarum
1833 1682 2113 1743 dicimus:

2211 1682 2531 1759 ἐγνωσμένα,
2598 1684 2670 1744 ὡς
2728 1681 2836 1737 ὄντι
2885 1680 3014 1757 ὑπὲρ
3071 1682 3187 1745 τοὺς
3242 1679 3493 1759 πολλοὺς,
3554 1681 3643 1735 καὶ
3704 1679 3845 1752 θείῳ·

469 1778 936 1859 quomodo,cum
965 1776 1181 1836 multos
1198 1775 1375 1836 vellet
1397 1773 1722 1848 instruere,
1750 1783 1807 1834 et
1830 1778 2119 1852 quotquot

2211 1782 2352 1830 τοῦτο
2406 1774 2522 1849 πρὸς
2574 1773 2633 1827 τὸ
2683 1772 2848 1843 παρὸν
2893 1770 3141 1846 λέγομεν’
3196 1776 3336 1842 πῶς,
3390 1770 3477 1825 ὅτε
3532 1783 3650 1831 τοῖς
3711 1768 3848 1825 πολ-

470 1842 707 1948 poterat
736 1866 810 1927 ad
843 1866 948 1927 Dei
981 1865 1202 1925 cultum
1238 1864 1579 1943 traducere,
1615 1842 1892 1943 plurimis
1924 1842 2117 1922 modis

2211 1864 2315 1921 tot:
2347 1861 2530 1928 ἢθελεν
2563 1859 2844 1939 ὁμιλῆσαι,
2901 1863 2989 1916 καὶ
3052 1858 3204 1923 ὅσους
3253 1859 3318 1927 ἧν
3348 1858 3567 1915 δδνατὸν
3632 1857 3850 1933 μετάξαι

473 1946 787 2037 superasse
819 1955 1107 2033 plurimos
1136 1962 1534 2034 praeceptores
1576 1971 1800 2026 sacros,
1835 1970 1866 2013 a
1899 1951 2118 2028 quibus

2211 1954 2273 2014 εἷς
2302 1949 2622 2023 θεοσέϐειαν,
2657 1952 2916 2029 ὑπερεῖχε
2965 1951 3087 2012 τοὺς
3118 1949 3348 2013 πολλοὺς
3380 1956 3485 2005 τῶν
3520 1950 3677 2027 ἱερῶν
3711 1946 3853 2004 διδα-

472 2054 542 2109 ut
573 2046 807 2108 divinus
831 2044 1103 2121 Magister
1122 2042 1717 2116 celebrabatur,ade.)
1735 2051 2116 2122 utnunquam

2211 2039 2411 2096 σκαλων
2442 2042 2575 2095 κατὰ
2620 2038 2848 2102 πολλοὺς
2906 2040 3156 2117 τρόπους,
3238 2037 3329 2102 οἷς
3374 2037 3434 2093 ἓν
3482 2039 3854 2113 σεμνύνοιτοό

474 2144 633 2197 tanto
666 2135 778 2196 soli
810 2133 1005 2196 conati
1034 2134 1219 2193 simus
1250 2131 1651 2209 obtueri.Agit
1673 2131 1746 2192 de
1773 2132 1931 2194 illius
1959 2147 2115 2191 comw

2211 2135 2344 2192 ὶεῖος
2402 2128 2739 2207 διδασκαλος,
2794 2129 2931 2185 ὥστε
2989 2129 3084 2185 οὒκ
3139 2128 3202 2183 ἂν
3255 2150 3384 2185 ποτε
3429 2130 3559 2205 πρὸς
3614 2134 3850 2185 τοιοῦτον

473 2224 873 2306 positionibus
898 2242 965 2285 ac
998 2222 1260 2299 scriptis,
1293 2221 1448 2282 unde
1472 2222 1641 2300 dicit,
1670 2222 1750 2282 ita
1781 2220 1953 2281 nobis
1981 2238 2121 2281 cou-

2212 2218 2357 2285 ἥλιον
2416 2220 2685 2274 ἀντωπεῖν
2745 2218 3186 2297 ἐνεχειρήσαμεν·
3250 2216 3494 2284 δηλονότι
3548 2219 3613 2273 τα
3673 2217 3852 2291 ἐκείνῳ

471 2311 1118 2393 sciisumus,quoniam
1138 2311 1307 2390 juxta
1322 2311 1522 2371 tritum
1556 2310 1924 2372 illuilzNosce
1945 2318 1998 2371 te
2029 2312 2121 2384 ip-

469 2420 635 2478 sum,
664 2403 742 2464 ita
776 2404 850 2465 de
886 2400 1059 2463 uobis
1091 2400 1404 2474 sentimus,
1440 2419 1509 2462 ac
1540 2400 1588 2461 si
1620 2419 1697 2461 ne
1738 2400 1956 2461 divinis
1985 2399 2119 2479 qui-

470 2494 605 2555 dam
641 2491 1073 2570 iutelligendis,
1103 2509 1178 2553 ne
1212 2490 1407 2553 dicam
1442 2491 1820 2570 eloquendis,
1848 2490 2122 2551 suﬂicere

466 2600 807 2664 possumus.
833 2581 1082 2644 Multum
1116 2598 1253 2641 vero
1283 2598 1315 2639 a
1340 2588 1678 2641 sanctorum
1711 2580 1976 2640 virorum
2013 2579 2121 2638 ha-

464 2672 595 2734 bitu
627 2679 808 2751 atque
853 2671 1103 2731 scientia
1136 2669 1455 2743 distamus;
1488 2668 1632 2748 quin
1666 2687 1736 2729 eo
1771 2686 1889 2747 prae
1941 2667 2123 2728 nimia

464 2761 756 2840 religione
771 2759 1012 2821 adducti
1040 2767 1345 2832 sumus,ut
1371 2767 1425 2819 te
1458 2757 1674 2818 divinis
1699 2757 1848 2818 nihil
1875 2756 2120 2816 omnim.

466 2849 675 2912 audire
706 2849 796 2911 vel
829 2848 992 2928 loqui
1022 2847 1533 2921 auderemus,uon
1564 2854 1787 2907 tantum
1807 2845 1880 2905 de
1902 2847 1971 2906 iis
1989 2863 2122 2921 qua}

466 2939 1049 3019 ignoramus,verum
1086 2937 1264 3004 etiam
1300 2936 1374 2997 de
1409 2936 1481 2995 iis
1514 2953 1644 3015 qua;
1676 2941 1883 2996 exacte
1917 2932 2118 2995 nosci-

477 3026 754 3102 mus,nisi
770 3025 942 3088 nobis
956 3044 1061 3105 per
1075 3043 1316 3086 suasum
1342 3024 1687 3097 esset,baud
1711 3042 1941 3103 mquum
1959 3041 2118 3103 esse,

475 3135 679 3179 rerum
705 3115 1039 3176 divinarum
1064 3132 1241 3195 quam
1271 3112 1521 3193 quilibet
1560 3132 1692 3175 cum
1720 3112 1917 3175 divina
1938 3118 2123 3191 gratia

2206 2306 2572 2380 συντεθειμένα
2624 2306 2792 2385 λέγει,
2863 2308 3034 2369 καθὼς
3094 2306 3301 2370 ἐκεῖνος
3366 2308 3514 2385 εἶπε,
3571 2306 3854 2384 προστιθέ-

2206 2414 2375 2471 μενοι·
2428 2389 2618 2470 ’Βμεῖς
2678 2398 2777 2474 γὰρ
2829 2397 2964 2452 κατὰ
3022 2398 3105 2453 τοο
3169 2400 3329 2452 Γνῶθι
3386 2397 3603 2476 σαυτόν,
3660 2396 3859 2452 ἑαυτῶν

2207 2488 2581 2561 αἰσθανόμεθα,
2610 2489 2680 2549 ὡς
2740 2487 2861 2543 οὕτε
2907 2487 3093 2553 νοῆσαι
3145 2486 3339 2547 ἰκανῶς
3389 2487 3453 2541 τὰ
3481 2487 3608 2542 θεῖα
3638 2492 3858 2565 χωροῦ-

2207 2598 2326 2654 μεν,
2359 2574 2473 2631 οὔτε
2505 2578 2695 2632 εἰπεῖν.
2736 2576 2902 2654 Πὸῤῥο
2933 2573 2985 2630 δε
3017 2575 3174 2649 ἐσμεν
3219 2580 3314 2642 τῆς
3366 2574 3524 2641 ἕξεως
3584 2580 3666 2631 και
3730 2576 3856 2631 ἐπι-

2205 2667 2418 2739 στήμης
2449 2671 2552 2719 τῶν
2582 2667 2734 2738 ἱερῶν
2766 2663 2988 2743 ἀνδρῶν’
3037 2664 3245 2731 πολλὴν
3304 2666 3403 2744 γὰρ
3465 2664 3526 2721 ἂν
3583 2662 3862 2721 εὒλᾶὅειαν

2206 2755 2437 2833 εἴχομεν
2490 2755 2577 2809 καὶ
2634 2757 2706 2819 εὶς
2754 2756 2813 2811 τὸ
2868 2753 3118 2829 μηδὸλως
3177 2754 3386 2810 ἀκούειν
3438 2755 3473 2822 ἢ
3524 2753 3705 2831 λέγειν
3738 2756 3856 2831 περὶ

2205 2850 2308 2899 τῶν
2347 2843 2521 2912 θείων,
2578 2845 2654 2918 μὴ
2701 2844 2780 2900 ὅτι
2838 2866 2899 2921 γε
2962 2843 3048 2900 ἐπὶ
3101 2857 3219 2906 τοῖς
3270 2844 3683 2921 ἀγνοουμένοις,
3724 2843 3861 2901 ἀλλὰ

2206 2934 2290 2989 καὶ
2342 2933 2425 2989 ἐπὶ
2470 2946 2587 2996 τοῖς
2638 2931 2865 3011 ἀκριϐῶς
2897 2933 3312 3009 γινωσκομένοις
3338 2936 3497 3008 ἡμῖν,
3535 2935 3579 2989 εἰ
3612 2934 3691 3008 μὴ
3724 2934 3860 2990 κατὰ

2204 3030 2289 3078 νῦν
2321 3021 2575 3102 εἴχομεν,
2635 3023 2714 3078 ὅτι
2772 3025 2831 3079 οὔ
2881 3022 3087 3079 δικαιόν
3123 3023 3272 3080 ἐστιν
3326 3022 3551 3097 ἀμελεῖν
3581 3022 3680 3090 τῆς
3715 3020 3863 3078 ἑνδε-

2204 3113 2445 3193 χομένης
2476 3119 2580 3169 τῶν
2611 3114 2763 3170 θείων
2792 3114 3065 3192 γνώσεως,
3099 3113 3165 3179 ἧς
3214 3113 3438 3176 ἕκαστος
3485 3112 3756 3194 μετέσχεν
3804 3115 3865 3169 ἑκ

477 3203 1257 3286 assequipotest,scieutiam
1283 3204 1615 3281 negligere;
1637 3203 1722 3264 uti
1744 3203 2121 3264 manifestum

2211 3210 2302 3270 τῆς
2334 3205 2472 3266 θείας
2506 3204 2755 3282 χάριτος’
2811 3202 2903 3259 “sui
2953 3201 3114 3269 δῆλον
3156 3205 3219 3259 ὲκ
3256 3203 3348 3259 τοῦ
3381 3203 3457 3276 μὴ
3492 3201 3865 3281 έπεξεργασα-

481 3295 633 3356 ﬁtex
656 3311 727 3356 eo
759 3292 861 3372 qui
888 3292 1171 3353 talentum
1206 3310 1325 3352 non
1357 3292 1915 3370 expenderat.Quin
1942 3292 1999 3352 id
2028 3292 2123 3372 ip-

479 3399 611 3445 sum
652 3381 827 3444 nobis
856 3400 1094 3461 quoque
1128 3380 1512 3459 persuadent,
1561 3381 1873 3461 pulchrum
1907 3398 2125 3462 nempe

480 3490 613 3535 esse
641 3490 777 3533 cum
800 3471 935 3533 aliis
957 3470 1268 3531 scientiam
1293 3489 1455 3532 suam
1482 3472 2124 3551 communicare,natu-

473 3562 620 3625 ralia
641 3561 975 3623 divinorum
1006 3562 1350 3641 angelorum
1384 3560 1703 3632 desideria,
1740 3561 1880 3621 dum
1915 3580 2127 3621 conve-

476 3652 741 3715 nientem
773 3668 1012 3731 semper
1042 3649 1297 3712 divinam
1347 3650 1907 3730 contemplationem
1959 3650 2124 3711 desi-

476 3741 716 3816 derant;
749 3759 860 3803 nec
894 3759 1011 3802 non
1067 3741 1244 3802 etiam
1298 3741 1630 3802 divinarum
1684 3740 2123 3821 Scriptuiarum

477 3829 940 3907 ordinatio,dum
978 3829 1255 3910 prohibet
1285 3830 1526 3910 quidem
1562 3847 1633 3889 ea
1656 3847 1784 3908 quae
1816 3847 1996 3909 supra
2017 3848 2127 3890 nos

478 3928 617 3982 sunt
646 3919 939 3981 curiosius
981 3918 1309 4001 inquirere,
1363 3918 1536 3978 siculi
1580 3916 1883 3995 Sapientia
1918 3916 2128 3979 Sirach

479 4007 958 4071 suadetzAltiora
972 4016 1027 4070 te
1038 4007 1528 4094 nequﬁerisml
1537 4007 1950 4094 profundiora
1967 4015 2023 4067 te
2055 4024 2130 4068 ne

477 4100 766 4161 scrutaris
796 4116 831 4161 ι.
866 4096 1007 4157 5ὕο
1062 4093 1338 4174 Praecipit
1391 4113 1552 4175 vero,
1609 4103 1672 4155 ut
1720 4093 2018 4156 discamus
2059 4113 2129 4157 ea

477 4205 612 4268 quas
643 4196 1052 4267 possumus,ut
1078 4183 1501 4262 divinusjubet
1534 4183 2121 4264 Apostolus,dicens:

475 4276 563 4340 Et
592 4294 723 4356 qua:
775 4275 1074 4336 audistin
1106 4290 1222 4346 me,
1275 4271 1403 4334 haec
1459 4273 1811 4336 commenda
1859 4274 2142 4354 ﬁdelibus

479 4365 831 4429 hominibus
859 4375 919 4424 ιιι.
954 4361 1294 4424 Istiusmodi
1319 4361 1557 4423 monitis
1588 4380 1811 4424 morem
1836 4373 2140 4441 gerentes,

479 4456 677 4535 quoad
735 4451 1078 4533 possibilem
1140 4449 1473 4512 divinorum
1528 4451 1940 4515 inventionem
1992 4453 2128 4535 anif

480 4516 643 4605 mum
697 4516 817 4603 nbn
870 4540 1450 4619 despondentes,sed
1511 4550 1569 4603 et
1618 4541 1752 4603 illos
1789 4542 1891 4623 qui
1924 4516 2195 4606 nostroD

482 4630 726 4693 modulo
775 4649 846 4692 ac
889 4629 1166 4692 facultate
1220 4629 1574 4692 sublimiora
1604 4649 1820 4713 capere
1850 4640 2125 4713 possunt,

483 4719 701 4783 auxilio
722 4719 964 4782 destitui
979 4738 1092 4780 non
1109 4720 1393 4799 ferentes,
1418 4739 1553 4781 cum
1577 4721 1760 4802 aliqui
1789 4739 1860 4783 ex
1880 4723 1989 4783 bac
2011 4723 2128 4784 bu-

485 4810 569 4873 mi
600 4817 877 4891 reptante
900 4808 1167 4871 doctrina
1188 4809 1615 4887 uostra,studio
1645 4829 1713 4872 ac
1737 4811 2130 4874 meditatione

484 4917 614 4973 sua,
653 4899 978 4980 posseutad
995 4898 1405 4961 sublimiorem
1443 4900 1701 4980 aliquam
1737 4901 2004 4963 notitiam
2024 4921 2128 4963 as—

485 4989 766 5071 cendere,
803 4990 1087 5068 nosipsos
1107 5005 1222 5068 Ope
1251 4988 1447 5050 divina
1468 4990 1879 5064 excitavimus,
1916 5000 1975 5052 et
1994 4990 2130 5053 ani-

486 5097 647 5142 mum
671 5078 743 5140 ad
770 5077 1155 5141 scribendum
1174 5078 1701 5159 appulimus,nihil
1730 5077 1967 5160 quidem
1997 5080 2134 5142 novi

484 5187 554 5233 ac
578 5167 880 5250 peregrini
903 5166 1118 5230 afferre
1141 5175 1199 5228 et
1217 5167 1516 5245 explicare
1538 5178 1991 5250 praesumentes,
2025 5170 2129 5233 sed

486 5257 908 5322 minutioribus
929 5256 1210 5318 duntaxat
1249 5257 1673 5337 quaestionibus
1694 5275 1785 5335 ea,
1806 5276 1939 5338 quas
1961 5277 2132 5322 sum-

488 5352 692 5412 matim
728 5366 761 5410 a
793 5353 998 5410 sancto
1032 5341 1351 5429 divinoque
1373 5346 1586 5423 viro(id
1600 5348 1896 5431 estenim,
1929 5367 1968 5412 a
1997 5368 2136 5413 uere

487 5445 963 5590 HiierotheoMicta
983 5456 1113 5507 sunt
1128 5453 1564 5521 exponentes,et
1581 5444 1843 5519 pluribus
1862 5447 2031 5521 plana
2050 5450 2138 5509 fa-

490 5546 524 5589 c
549 5541 729 5590 entes.

490 5541 729 5592 cientes.

576 5712 586 5747 '
618 5708 804 5773 Eccli.
835 5728 920 5787 Ill,
955 5715 1053 5775 22.
1140 5729 1185 5758 ιιι
1216 5710 1269 5776 ΙΙ
1292 5708 1446 5775 Tim.
1478 5728 1540 5786 ιι,
1576 5718 1631 5773 2.

2209 3294 2368 3368 μένου
2408 3294 2459 3348 τὸ
2490 3294 2769 3350 τάλαντον.
2807 3293 2905 3350 Καὶ
2957 3294 3029 3355 εἰς
3090 3300 3241 3350 τοῦτο
3286 3295 3429 3367 ἡμᾶς
3490 3291 3735 3365 ἔπεισαν,
3786 3291 3867 3348 ὅτι

2207 3382 2370 3439 καλόν
2402 3382 2511 3438 ἐστι
2554 3380 2759 3449 δηλαδὴ
2790 3383 2849 3437 τὸ
2883 3380 3215 3455 μεταδιδόναι
3246 3385 3332 3439 καὶ
3376 3381 3577 3459 ἕτεροις
3630 3383 3729 3447 τῆς
3776 3381 3865 3437 ἐν·

2210 3472 2513 3553 δεχομένης
2573 3472 2849 3549 γνώσεως,
2898 3473 2950 3527 αἱ
3016 3474 3231 3530 ωδσικαὶ
3286 3471 3489 3551 ἐφέσεις
3550 3474 3657 3527 τῶν
3718 3472 3870 3528 θείων

2211 3561 2462 3640 ἀγγέλων
2510 3562 2765 3641 ἐφετικῶς
2814 3561 2891 3617 ἀεὶ
2963 3562 3286 3642 γλιχόμεναι
3334 3566 3433 3628 τῆς
3490 3562 3866 3640 προσηκούσης

2208 3652 2346 3714 θείας
2415 3652 2655 3729 θεωρίας·
2728 3656 2815 3707 καὶ
2865 3652 2996 3717 asa;
3046 3649 3109 3717 δὴ
3166 3653 3199 3719 ἡ
3260 3659 3365 3707 τῶν
3442 3651 3593 3707 θείων
3650 3656 3869 3728 Γραφῶν

2210 3740 2463 3820 διαταξις,
2499 3740 2869 3819 ἀποτρέπουσα
2924 3740 3020 3815 μὲν
3080 3740 3549 3819 πολυπραγμονεῖν
3609 3741 3678 3796 τὰ
3734 3742 3869 3817 ὑπὲρ

2208 3833 2352 3905 ἡμᾶς
2386 3833 2456 3895 ὡς
2505 3832 2537 3898 ἡ
2583 3830 2747 3908 Σοφία
2804 3837 2896 3885 τοῦ
2943 3831 3145 3910 Σειρὰχ
3207 3829 3557 3909 παραινοῦσα·
3619 3820 3871 3904 ’ΐψηλό-

2211 3920 2335 3997 τερα
2385 3941 2477 3976 σου
2536 3919 2613 3995 μὴ
2677 3919 2843 3993 ζήτει,
2907 3922 2992 3975 καὶ
3048 3920 3305 3998 βαθύτερα
3369 3942 3461 3976 σου
3518 3942 3598 3993 μη
3661 3918 3869 3998 ἐρεύνα·

2211 4008 2574 4086 προτρέπουσα
2630 4008 2685 4064 δέ
2749 4011 2822 4072 εἷς
2870 4009 2935 4064 τὰ
2983 4010 3118 4065 κατὰ
3191 4007 3435 4085 δύναμιν,
3493 4011 3566 4073 ὡς
3634 4012 3663 4065 ὁ
3721 4010 3874 4081 θεῖος

2214 4097 2538 4160 Ἀπόστολος
2625 4097 3056 4172 διακελευόμενος
3093 4116 3109 4135 ⁸
3193 4100 3288 4157 Καὶ
3340 4098 3371 4155 ἅ
3436 4099 3668 4167 ἤκουσας
3747 4098 3876 4178 παρ’

2223 4189 2374 4268 ἐμοῦ,
2434 4195 2592 4245 τοῦτα
2638 4190 2865 4266 ποράθου
2924 4201 3137 4253 πιστοῖς
3199 4188 3517 4267 ἀνθρώποις.
3586 4198 3722 4253 Ταῖς
3755 4210 3875 4245 τοι·-

2224 4279 2405 4340 αῦταις
2453 4278 2754 4353 πειθόμενοι
2825 4278 3189 4356 παραινέσεσι,
3250 4280 3382 4356 πρὸς
3468 4279 3564 4345 τὴν
3645 4277 3878 4358 ἔφικτὴν

2225 4374 2327 4424 τῶν
2398 4368 2551 4423 θείων
2625 4368 2822 4445 εὕρεσιν
2882 4370 2959 4443 μὴ
3029 4365 3521 4440 ἀποδειλιάσαντες,
3584 4366 3726 4424 ἀλλὰ
3789 4368 3881 4423 καὶ

2226 4458 2345 4521 τοὺς
2378 4455 2454 4512 ἔτι
2504 4453 2819 4531 δυναμένους
2878 4459 2952 4521 εὶς
2991 4458 3059 4514 τὰ
3114 4458 3386 4536 κρείττονα
3427 4459 3515 4513 καὶ
3566 4456 3881 4534 ὑψηλότερα

2211 4547 2303 4615 τῆς
2332 4545 2596 4625 ἢμετέρας
2630 4545 2786 4612 ἕξεως
2838 4548 2924 4603 καὶ
2980 4544 3249 4621 δυνάμεως
3297 4544 3648 4624 ἀναδραμεῖν,
3696 4545 3881 4614 ἀϐοη-

2211 4639 2400 4706 θήτους
2450 4640 2510 4695 οῦ
2566 4635 2811 4713 φέροντες
2868 4635 3189 4692 καταλιπεῖν
3234 4637 3307 4701 ὡς
3358 4638 3546 4715 τυχὸν,
3584 4636 3647 4692 ἐκ
3679 4638 3883 4703 metu:

2211 4727 2274 4794 δὴ
2318 4726 2413 4793 τῆς
2470 4724 2738 4802 ἡμετέρας
2782 4724 3095 4806 χαμερποῦς
3145 4723 3481 4785 διδασκαλίας
3527 4726 3884 4804 ἆναχθήτεσ-

2211 4815 2295 4871 θαι
2325 4814 2631 4891 μελλόντων
2663 4821 2821 4871 τινῶν
2854 4817 2927 4880 εἷς
2964 4813 3304 4894 ὑψηλοτέραν
3332 4821 3553 4893 γνῶσιν,
3588 4815 3798 4894 μελέτῃ
3830 4838 3885 4873 τι

2214 4907 2300 4961 καὶ
2358 4903 2582 4981 σπουδῇ,
2643 4905 2729 4961 καὶ
2788 4904 2857 4980 τῇ
2929 4905 3040 4977 θείᾳ
3093 4905 3360 4983 συνάρσει,
3420 4906 3738 4980 καθήκαμεν
3796 4906 3887 4962 καὶ

2215 4994 2535 5066 ἐνεδάλομεν
2598 4994 2812 5055 ἑαυτοὺς
2861 4996 2932 5057 εἷς
2991 4994 3091 5060 τὴν
3138 4993 3438 5072 ἐγγραφὲν,
3476 4993 3595 5051 νέον
3655 4994 3759 5057 μέν
3806 5016 3884 5052 τοι

2215 5087 2301 5142 καὶ
2359 5084 2501 5150 ξένον
2564 5085 2624 5140 οῦ
2676 5083 2980 5159 τολμῶντες
3041 5084 3371 5163 εἰσηγεῖσθαι
3429 5086 3515 5141 καὶ
3587 5082 3883 5163 διδάσκειν,

2215 5173 2555 5254 λεπτοτέρᾳις
2615 5174 2669 5229 δὲ
2727 5172 2999 5239 ἑξαταίσεσι
3057 5174 3124 5229 τὰ
3202 5173 3533 5238 συνοπτικῶς
3614 5173 3879 5252 εἰρημένα

2216 5272 2293 5338 τῷ
2321 5267 2445 5343 ἱερῷ
2474 5264 2563 5321 καὶ
2618 5264 2743 5337 θείῳ
2784 5262 2927 5343 ἀνδρὶ
2973 5267 3150 5337 (τοῦτο
3198 5264 3300 5341 γάρ
3332 5263 3444 5321 ἔστι
3474 5264 3559 5337 τὸ,
3596 5268 3680 5336 τῷ
3712 5262 3887 5326 ὅντως

2220 5345 2480 5435 ’[εροθέῳ)
2543 5353 2967 5421 ἀναπτύσσοντες
2995 5402 3009 5431 ,
3067 5354 3156 5410 καί
3213 5350 3352 5421 δῆλα
3422 5351 3706 5417 ποιοῦντας
3765 5365 3888 5415 τοῖς

2220 5442 2483 5506 πλείοσιν,
