4032 6432
233 401 349 471 697

1274 401 1376 464 DE
1419 399 1720 466 DIVINIS
1761 397 2210 478 NOMINIBUS,
2257 397 2423 461 CAP.
2471 391 2576 461 IV.

3504 389 3622 460 698

1826 533 1856 614 §
1899 530 2003 595 III.

315 675 372 733 Ei
404 672 456 730 te
489 675 577 732 καὶ
634 673 764 755 ὑπὲρ
821 674 995 733 πάντα
1053 673 1118 730 τὰ
1173 671 1301 728 ὅντα
1367 673 1507 730 ἐστὶν
1567 672 1772 752 (ὣσπερ
1802 674 1952 730 οὖνὴ

235 765 372 843 ἐστι)
427 764 683 844 τάγαθὸν,
743 765 831 821 καὶ
875 765 934 820 τὸ
992 761 1220 820 ἀνείδεον
1252 761 1535 820 εἴδοποιεϊ·
1573 765 1658 820 καὶ
1689 765 1742 820 ἐν
1787 764 1886 820 αὒ-

233 861 308 927 τῷ
355 855 504 929 μόνῳ
561 855 658 911 καὶ
707 856 769 910 τὸ
825 853 1091 910 ἀνούσιον·
1154 854 1329 917 οὐσίας
1385 851 1674 931 ὑπερϐολή.
1709 855 1886 912 καὶτὸ

232 943 401 1016 ἅζωον
458 943 796 1023 ὑπερέχουσα
856 943 994 1015 ζωήο
1027 942 1120 998 καὶ
1163 943 1214 999 τὸ
1257 941 1412 1000 ἄνουν
1471 944 1807 1024 ὑπερέχουσα
1834 940 1887 984 83

231 1035 412 1114 σοφία,
466 1033 562 1090 καὶ
623 1032 720 1091 ὅσα
777 1033 831 1090 ἐν
888 1033 1104 1111 τάγαθῷ
1159 1033 1254 1100 τῆς
1306 1038 1411 1088 τῶν
1463 1032 1706 1088 ἂνειδέων
1735 1031 1882 1089 ἐστίν

231 1123 569 1203 ὑπεροχικῆς
628 1123 914 1187 εἷδοποίας·
985 1125 1079 1180 καί
1136 1124 1180 1178 εἰ
1232 1124 1448 1198 Θεμιτὸν
1491 1123 1674 1203 φάναι,
1709 1124 1882 1202 τάγα-

230 1219 318 1272 θοῦ
389 1221 484 1271 τοῦ
555 1215 684 1290 ὑπὲρ
762 1215 933 1272 πάντα
992 1213 1058 1270 τὰ
1115 1211 1265 1292 ὅντα,
1325 1213 1419 1270 καΐ
1501 1215 1626 1270 αὖτὸ
1687 1214 1763 1290 μὴ
1825 1215 1885 1270 ὃν

231 1304 457 1383 ἐφίεται,
527 1303 624 1360 καὶ
685 1302 977 1384 φιλονεικεῖ
1047 1325 1162 1366 πως
1221 1303 1274 1358 ἐν
1326 1304 1538 1382 τάγαθῷ
1596 1303 1689 1360 καί
1759 1305 1884 1363 αὒτό

231 1396 398 1473 εἶναι,
489 1401 567 1469 τῷ
651 1393 814 1460 ὅντως
901 1393 1222 1472 ὑπερουαίῳ,
1303 1395 1438 1452 κατὰ
1515 1394 1615 1463 τὴν
1673 1394 1886 1452 πάντων

231 1485 530 1566 ἀφαίρεσιν.

2053 669 2222 746 Quod
2246 671 2519 734 siautem
2548 691 2730 755 supra
2757 689 2853 734 res
2883 688 3092 734 omnes
3114 671 3192 733 sit
3216 671 3324 751 (uti
3349 688 3486 734 vere
3505 673 3624 751 est)

1971 761 2194 824 bonum
2238 763 2456 841 ipsum,
2493 771 2554 824 et
2594 764 2756 840 quod
2799 765 3054 825 informe
3086 771 3194 841 est,
3230 762 3442 837 forma;
3473 762 3616 823 etin

1971 857 2097 932 ipso
2129 853 2255 913 solo
2288 852 2346 914 id
2378 853 2534 933 quod
2569 855 2907 918 substantia
2939 862 3128 922 caret.
3154 850 3505 914 substantiae
3531 858 3622 914 est

1967 941 2353 1014 excellentia;
2379 943 2536 1024 quod
2562 943 2823 1005 inanime
2847 952 2958 1016 est,
2993 943 3112 1004 vita
3136 951 3224 1006 est
3251 942 3622 1021 praestantis-

1967 1033 2141 1106 sima;
2166 1039 2222 1092 et
2249 1032 2408 1111 quod
2445 1033 2661 1094 mentis
2693 1051 2906 1112 expers
2931 1039 3042 1112 est,
3063 1031 3204 1092 553
3229 1047 3508 1110 suprema
3531 1037 3624 1094 est

1967 1120 2280 1200 sapientia,
2309 1128 2366 1183 et
2398 1140 2767 1203 quaecunque
2791 1125 2852 1184 in
2879 1121 3037 1184 bono
3068 1127 3230 1199 sunt,
3251 1138 3453 1182 rerum
3483 1127 3624 1184 sunt

1967 1214 2314 1276 informium
2369 1215 2880 1294 supereminentis
2939 1213 3395 1284 eﬁ'ormationis;
3440 1221 3518 1292 et,
3568 1213 3620 1274 si

1970 1305 2135 1366 dictu
2167 1305 2251 1366 fas
2281 1305 2381 1384 sit,
2408 1304 2556 1366 illud
2576 1305 2774 1382 ipsum
2802 1306 2961 1386 quod
2997 1323 3114 1366 non
3137 1312 3251 1380 est,
3275 1304 3436 1366 illius
3459 1303 3622 1380 quod

1969 1413 2152 1475 supra
2180 1412 2277 1456 res
2308 1413 2516 1456 omnes
2546 1405 2658 1469 est,
2693 1395 2834 1457 doni
2867 1395 3168 1456 desiderio
3201 1393 3615 1474 tenetur,quin

1973 1485 2148 1548 etiam
2183 1483 2244 1546 in
2278 1485 2434 1546 bono
2463 1500 2600 1547 vere
2622 1484 3174 1566 supersubstantiali
3206 1503 3314 1566 per
3341 1485 3612 1547 omnium

1975 1575 2340 1638 ablationem
2375 1591 2514 1638 esse
2541 1575 2875 1640 contendit.

1846 1739 1876 1820 §
1919 1737 2020 1801 IV.

310 1887 470 1947 Ἀλλ’
527 1891 656 1970 ὅπερ
733 1893 879 1966 ἡμᾶς
961 1890 1014 1947 ἐν
1074 1891 1222 1966 μέσῳ
1295 1887 1638 1968 παραδραμδν
1708 1888 1891 1946 διαπέ-

2054 1889 2194 1972 Sed,
2230 1891 2388 1973 quod
2421 1893 2478 1952 in
2514 1890 2712 1952 medio
2755 1889 3206 1972 praeter-lapsum
3253 1909 3362 1952 nos
3403 1891 3632 1969 eﬂ‘uge-

231 2001 420 2061 φευγε,
481 1981 580 2037 καΐ
652 1985 760 2036 τῶν
810 1982 1061 2060 οὐρανίων
1116 1981 1300 2060 ἀρχῶν
1371 1981 1464 2036 καί
1541 1980 1896 2052 ἂποπερατώ-

229 2094 368 2128 σεων
397 2067 454 2111 ⁸4
485 2073 623 2128 αἰτία
653 2069 902 2148 τάγαθὸν,
931 2074 1027 2138 τῆς
1058 2069 1310 2135 ἆναυξοῦς
1337 2068 1432 2124 καὶ
1457 2067 1597 2130 ὅλως
1622 2070 1716 2127 καὶ
1741 2069 1896 2126 ἀναλ-

229 2161 459 2218 λοιώτου
509 2161 710 2228 ταύτης
769 2159 945 2223 οὐσίας
1004 2159 1088 2240 85,
1121 2161 1350 2215 καὶτῶν
1383 2159 1628 2238 ἁψόφων,
1665 2162 1707 2216 εἰ
1761 2158 1896 2216 οὕτω

238 2253 348 2332 χρῆ
407 2252 592 2330 φάναι,
627 2255 726 2317 τῆς
758 2250 1134 2328 παμμεγέθους
1193 2251 1566 2327 οὖρανοπορίας
1598 2252 1889 2324 κινήσεων,

230 2341 330 2400 καὶ
363 2345 469 2398 τῶν
500 2341 753 2421 ἆστρῲων
784 2339 1008 2414 τάξεων,
1043 2343 1136 2396 καί
1170 2341 1518 2417 εὖπρεπειῶν,
1550 2343 1643 2394 καί
1676 2340 1888 2420 φώτων,

231 2433 330 2488 καί
361 2429 633 2509 ἱδρύσεων,
679 2429 776 2486 καί
809 2434 907 2496 τῆς
958 2428 1109 2484 ἐνίων
1166 2429 1399 2506 ἀστέρων
1428 2426 1494 2478 86
1526 2427 1890 2504 μεταϐατικῆς

1533 2567 1548 2598 ,
1584 2519 1670 2580 οὒς
1699 2519 1763 2574 τὰ
1789 2517 1890 2575 λό-

233 2633 326 2690 για
361 2611 522 2668 καλεῖ
573 2609 864 2688 μεγάλους,
917 2609 1024 2666 ἀπὸ
1077 2615 1182 2666 τῶν
1229 2611 1400 2665 αὖτῶν
1430 2612 1504 2675 εἰς
1535 2611 1600 2666 τὰ
1630 2610 1760 2668 αὒτᾶ
1786 2631 1888 2666 πε-

233 2700 476 2780 ριοδικῆς
533 2701 1046 2778 ἀποκαταστάσεως,
1124 2695 1239 2754 καθ’
1317 2696 1376 2763 ἃς

237 2521 646 2600 πολ-δκινησίας,
683 2518 774 2574 καί
808 2523 906 2587 τῆς
935 2525 1042 2574 τῶν
1097 2517 1186 2574 δύο
1229 2519 1525 2597 φωστιςρων

1449 2699 1502 2755 αἱ
1574 2699 1700 2775 παρ’
1757 2701 1894 2773 ἡμῖν

232 2793 432 2869 ἡμέραι
465 2793 559 2848 καί
605 2793 787 2854 νύκτες
843 2791 1168 2868 ὁριζόμεναι,
1219 2790 1306 2844 καὶ
1353 2793 1546 2863 μῆνες,
1581 2790 1672 2844 καί
1724 2789 1897 2844 ἐνιαυ-

235 2882 318 2938 toi
385 2881 760 2960 μετρούμενοι,
824 2879 914 2940 τὰς
979 2885 1071 2934 τοῦ
1102 2879 1300 2956 χρόνοι)
1361 2881 1456 2934 καὶ
1488 2883 1592 2934 τῶν
1623 2879 1676 2934 ἐν
1713 2880 1896 2960 χρόνῳ

233 2969 496 3032 κδκλικάς
551 2969 784 3036 κινήσεις
841 2967 1167 3048 ἂφορίζουτι,
1221 2969 1308 3022 καὶ
1356 2967 1418 3016 87
1461 2968 1758 3046 ἀριθμοῦσι,
1800 2969 1894 3024 καί

235 3063 491 3120 τάττουσι
551 3063 647 3116 καί
705 3057 1012 3137 συνέχουσι.
1075 3056 1136 3114 Τί
1187 3054 1230 3112 δ’
1287 3055 1352 3106 88
1407 3056 1467 3112 Ξὶν
1510 3079 1587 3120 τις
1620 3059 1748 3130 φαίη
1781 3059 1895 3136 περὶ

237 3154 408 3218 αὒτῆς
469 3147 587 3205 καθ’
639 3149 806 3210 αὒτὴν
853 3151 952 3213 τῆς
997 3145 1230 3214 ἡλιακῆς
1287 3147 1530 3224 ἀκτῖνος
1558 3146 1618 3202 ἐκ
1666 3146 1896 3224 τάγαθοῦ

237 3243 338 3320 γὰρ
373 3242 436 3297 τὸ
470 3245 608 3319 φῶς,
645 3237 740 3294 καῖ
773 3238 926 3294 εἰκὼν
977 3242 1076 3303 τῆς
1138 3237 1494 3315 ἀγαθότητος’
1530 3235 1607 3292 διὸ
1636 3236 1728 3293 καί
1776 3259 1894 3316 φωρ
1917 3277 1958 3328 C

237 3335 565 3403 τωνυμικῶς
595 3329 842 3403 ὑμνεῖται
873 3327 1206 3402 τάγαθὸν,ὡς
1239 3326 1291 3382 ἐν
1325 3326 1486 3382 εἰκόνι
1509 3328 1570 3381 τὸ
1603 3325 1898 3404 ἀρχέτυπον

237 3421 653 3499 ἐκφαινόμενον.
719 3407 808 3478 Ὠς
872 3417 971 3494 γὰρ
1001 3417 1035 3483 ἡ
1067 3421 1166 3483 τῆς
1223 3415 1438 3470 πάντωι
1477 3415 1720 3471 ἐπέκεινα
1777 3416 1900 3472 θεό-

237 3531 406 3576 τητος
439 3509 709 3585 ἆγαθὸτης
761 3505 865 3562 ἀπὸ
897 3509 1001 3560 τῶν
1052 3506 1338 3562 ἀνωτάτων
1368 3504 1432 3553 89
1464 3503 1556 3560 καί
1603 3503 1901 3580 πρεσϐυτά-

237 3621 344 3656 των
380 3598 596 3668 οὖσιῶν,
651 3596 780 3675 ἄχρι
839 3599 944 3650 τῶν
989 3594 1236 3674 ἐσχάτων
1287 3592 1485 3666 διήκει,
1521 3597 1606 3651 καὶ
1661 3593 1737 3649 ἔτι
1773 3595 1904 3668 ὑπὲρ

239 3691 422 3752 πάσας
475 3685 616 3766 ἐστῗ,
681 3686 818 3759 μήτε
891 3689 996 3739 τῶν
1053 3685 1162 3740 ἅνω
1219 3686 1526 3764 φθανουσῶν
1583 3687 1748 3750 αιότῆς
1807 3685 1904 3751 τὴν

239 3777 552 3857 ὑπεροχὴν,
611 3775 755 3850 μήτε
812 3775 918 3829 τῶν
961 3773 1106 3828 κάτω
1137 3775 1240 3840 τὴν
1299 3775 1568 3852 περιοχὴν
1599 3771 1905 3831 διαϐαινου-

239 3869 378 3942 σῶν,
415 3865 552 3922 ἄλλά
586 3865 674 3921 καὶ
723 3864 935 3943 φωτίζει
990 3864 1057 3918 τὰ
1113 3861 1374 3936 δυνάμεθα
1407 3863 1604 3936 πάντα,
1663 3873 1755 3919 καί
1804 3863 1906 3930 δη-

241 3968 528 4035 μιουργεῖ,
559 3955 655 4010 καῖ
697 3961 830 4024 ζωοϊ
877 3951 972 4008 καὶ
1020 3952 1256 4032 συνέχει,
1290 3953 1377 4008 καὶ
1405 3950 1786 4032 τελετιουργετ,
1822 3955 1908 4010 καὶ

241 4048 445 4124 μέτρον
503 4043 620 4101 ἐστί
674 4049 782 4099 τῶν
833 4041 1024 4114 ὄντων,
1085 4043 1174 4097 καὶ
1224 4042 1374 4120 αίὼν,
1427 4043 1514 4097 καὶ
1545 4043 1784 4119 ἀριθμὸς,
1821 4045 1910 4099 καὶ

239 4137 417 4215 τάξις,
480 4135 568 4192 καὶ
627 4132 884 4210 περιοχὴ,
946 4133 1032 4188 καὶ
1089 4131 1253 4206 αἰτία,
1317 4131 1404 4186 καὶ
1463 4129 1638 4196 τέλος·
1676 4131 1813 4188 οὕτω
1843 4131 1906 4200 δή

241 4231 330 4283 καὶ
381 4227 416 4294 ἡ
447 4226 546 4290 τῆς
596 4224 736 4288 θείας
787 4222 1117 4298 ἀγαθὸτητος
1168 4219 1406 4298 ἐμφανής
1463 4221 1641 4300 εἱκὼν,
1673 4224 1699 4278 ὁ
1741 4223 1907 4302 μέγας

1979 1989 2089 2062 rat,
2135 1983 2467 2044 cmlestium
2515 1982 2692 2042 etiam
2742 1980 3179 2060 principiorum
3215 1987 3275 2042 et
3305 1980 3636 2042 subtermi-

1981 2072 2292 2133 nationum
2319 2088 2500 2133 causa
2523 2076 2615 2133 est
2647 2071 2894 2146 bonum,
2923 2073 3064 2132 item
3091 2070 3439 2132 substantiae
3461 2069 3638 2150 hujus

1981 2161 2244 2222 caelestis
2267 2179 2400 2242 qum
2435 2180 2551 2220 non
2583 2169 2834 2238 augetur
2881 2179 3077 2240 neque
3113 2161 3417 2240 minuitur,
3452 2167 3510 2220 et
3533 2178 3640 2239 pe-

1981 2251 2136 2311 nitus
2179 2271 2294 2311 non
2328 2251 2610 2329 variatur,
2649 2259 2707 2310 et
2741 2257 3006 2310 motuum
3055 2248 3316 2310 caelestis
3348 2247 3632 2310 curriculi

1977 2339 2320 2414 vastissimi,
2357 2359 2472 2400 non
2508 2339 2884 2418 sonantium,
2919 2338 2967 2398 si
2997 2339 3074 2399 ita
3109 2337 3272 2414 loqui
3308 2345 3630 2417 oportet,et

1979 2427 2255 2489 ordinum
2271 2427 3292 2508 stellarum,etpulchritudinum,et
3308 2427 3625 2502 luminum,

1979 2527 2036 2580 et
2066 2517 2412 2578 inﬁxionum
2445 2535 2678 2592 earum,
2708 2525 2765 2577 et
2799 2516 3143 2596 multiplicis
3173 2535 3384 2577 cursus
3417 2534 3632 2594 vagan-

1979 2613 2052 2668 tis
2078 2606 2470 2683 quorumdam
2497 2604 2792 2687 siderum,
2827 2611 2889 2668 et
2926 2606 3186 2666 duorum
3221 2605 3626 2686 Iuminarium,

1980 2715 2109 2776 quae
2132 2697 2438 2775 Scriptura
2466 2705 2634 2758 vocat
2670 2714 2881 2773 magna
2907 2709 2960 2776 η,
2994 2695 3366 2768 circuitus,et
3389 2693 3627 2770 eodem,

1980 2786 2139 2848 unde
2173 2784 2434 2866 profecta
2465 2796 2628 2860 sunt,
2667 2785 3055 2866 reversionis,
3085 2783 3302 2865 quibus
3337 2783 3490 2864 apud
3522 2801 3633 2845 nos

1980 2876 2110 2937 dies
2141 2885 2200 2938 et
2233 2883 2436 2937 noctes
2469 2875 2938 2956 distinguuntur;
2966 2883 3024 2936 et
3049 2892 3286 2935 menses
3316 2881 3498 2950 atque
3520 2891 3631 2934 an—

1981 2966 2038 3026 ni
2071 2967 2302 3028 deﬁniti
2332 2965 2496 3045 ipsos
2525 2975 2719 3026 motus
2753 2965 3064 3044 temporis.
3096 2971 3153 3025 et
3180 2981 3388 3025 eorum
3418 2981 3550 3042 quae
3573 2962 3636 3024 in

1983 3065 2248 3135 tempore
2273 3055 2667 3128 sunt,circulo
2693 3053 2990 3116 coniectos
3013 3053 3635 3132 distinguunt,nume-

1979 3145 2421 3218 rant,ordinant
2445 3153 2501 3206 et
2525 3143 3026 3216 continent.Quid
3058 3151 3258 3204 autem
3283 3143 3522 3204 dicatur
3562 3141 3638 3203 de

1983 3235 2238 3316 ipsomet
2269 3234 2439 3296 radio
2472 3235 2643 3296 solis?
2691 3253 2724 3297 a
2778 3253 3008 3296 summo
3055 3233 3213 3295 enim
3246 3231 3402 3295 bono
3434 3233 3638 3293 lumen

1987 3324 2406 3406 proﬁciscitur,
2444 3332 2502 3386 et
2527 3325 2726 3402 imago
2771 3323 3053 3386 bonitatis
3097 3330 3207 3404 est;
3245 3321 3638 3402 quamobrem

1987 3415 2227 3475 nomine
2274 3413 2517 3476 luminis
2549 3415 2769 3476 bonum
2799 3415 3098 3488 laudatur,
3135 3421 3417 3489 tanquam
3449 3429 3640 3492 appa-

1985 3515 2112 3566 reat
2146 3505 2401 3583 primum
2438 3501 3260 3584 exemplainimagine.Sicut
3283 3501 3444 3562 enim
3471 3501 3636 3562 boni-

1989 3604 2077 3656 tas
2111 3595 2430 3656 divinitatis
2456 3612 2586 3674 quze
2607 3610 2786 3673 supra
2812 3591 3014 3652 omnia
3047 3601 3156 3666 est,
3190 3609 3224 3652 a
3254 3589 3552 3670 supremis
3583 3607 3640 3664 οι

1991 3683 2465 3765 provectissimis
2488 3683 2836 3745 substantiis
2859 3700 3047 3762 usque
3074 3681 3146 3742 ad
3175 3689 3466 3742 extremas
3499 3698 3641 3760 per-

1989 3773 2238 3856 vadit,et
2267 3773 2460 3836 adhuc
2484 3791 2665 3852 supra
2691 3791 2900 3833 omnes
2921 3772 3119 3845 est,ita
3143 3779 3204 3832 ut
3235 3789 3428 3850 neque
3459 3789 3644 3850 supe-

1989 3867 2182 3924 riores
2213 3863 2490 3944 usquead
2525 3863 2690 3924 illius
2713 3861 3128 3923 excellentiam
3162 3860 3646 3942 pertingantmec

1996 3954 2306 4014 inferiores
2327 3954 2459 4032 ejus
2488 3952 2774 4014 ambitum
2805 3959 3240 4032 pertranseant;
3280 3951 3422 4027 quin
3451 3949 3647 4030 potius

1993 4049 2192 4104 omnia
2219 4061 2348 4124 quae
2375 4041 2700 4104 illuminari
2733 4051 2977 4121 possunt
3009 4039 3330 4120 illuminat,
3363 4047 3424 4100 et
3453 4047 3642 4114 creat,

1993 4141 2052 4194 et
2082 4133 2258 4195 vitam
2288 4133 2408 4208 dat,
2451 4141 2510 4194 et
2557 4131 2912 4205 continet,et
2961 4131 3214 4212 perficit,
3262 4139 3330 4214 et
3373 4147 3652 4190 mensura

1992 4231 2082 4285 est
2120 4241 2325 4284 eorum
2362 4241 2494 4302 quae
2528 4231 2687 4294 sunt,
2715 4233 2774 4300 et
2805 4239 3018 4294 aevum,
3045 4229 3104 4280 et
3136 4213 3650 4292 numéﬁi’s’f,'ét'or-

245 4317 436 4396 οὗτος,
505 4314 592 4370 καὶ
649 4310 990 4388 ὁλολαμπὴς,
1055 4310 1140 4364 καὶ
1199 4309 1458 4387 ἀείφωτος
1520 4308 1694 4390 ἥλιος,
1779 4314 1899 4369 κατέ

1995 4313 2096 4388 do,
2129 4321 2188 4374 et
2217 4314 2585 4392 complexus,
2621 4325 2679 4372 et
2709 4315 3090 4389 causa,atque
3121 4307 3293 4383 ﬁnis;
3350 4307 3436 4369 sic
3467 4306 3647 4368 etiam

244 4403 558 4464 πολλοστὸν
615 4403 892 4481 ἁπήχημα
951 4399 1204 4477 τάγαθοῦ,
1260 4400 1346 4454 καὶ
1403 4399 1574 4456 πάντα
1630 4399 1728 4458 ὅσα
1758 4402 1899 4476 μετέ-

1995 4401 2208 4480 ingens
2238 4403 2374 4478 iste,
2405 4411 2464 4463 et
2498 4411 2657 4464 totus
2695 4399 3044 4480 splendidus
3075 4417 3141 4460 ac
3173 4415 3414 4479 semper
3447 4397 3652 4458 lucens

245 4519 374 4578 χειν
442 4498 602 4552 αὐτοῢ
667 4491 906 4562 δύναται,
990 4489 1226 4567 φωτίζει,
1289 4488 1377 4543 καὶ
1460 4488 1899 4568 ὑπερηπλωμὲνω

1999 4493 2087 4554 sol
2113 4493 2306 4570 imago
2339 4509 2622 4572 expressa
2653 4499 2740 4551 est
2767 4489 2986 4551 divinae
3015 4487 3318 4560 bonitatis,
3353 4495 3654 4567 quatenus

247 4567 373 4666 €er
419 4586 481 4641 τὸ
537 4588 670 4662 φῶς,
705 4582 780 4644 εἷς
837 4579 1011 4636 πάντα
1069 4575 1310 4641 ἑξαπλῶν
1337 4578 1428 4632 τὸν
1461 4567 1649 4650 ὁρατὸν
1685 4577 1889 4656 κόσμον

2003 4567 2586 4661 tenuissimum-quid
2613 4579 2772 4640 illius
2799 4577 2940 4640 boni
2963 4579 3022 4639 in
3051 4595 3121 4638 eo
3147 4577 3349 4658 procul
3381 4584 3652 4648 resonat,

249 4676 366 4733 ἅνω
415 4695 474 4730 τε
538 4673 624 4728 καὶ
684 4671 854 4746 κάτω,
917 4668 1009 4734 τὰς
1067 4671 1175 4722 τῶν
1233 4666 1436 4722 οἱκείων
1471 4667 1695 4724 ἀκτίνων
1728 4671 1914 4747 αὐγάς.

247 4765 350 4824 καί
387 4764 441 4820 εἴ
472 4763 522 4818 τί
551 4762 725 4818 αὒτῶν
755 4763 813 4819 οὗ
862 4759 1110 4838 μετέχει,
1164 4762 1318 4812 τοῦτο
1377 4757 1437 4812 οὗ
1492 4763 1592 4824 τῆς
1648 4757 1916 4831 ἀδρενείας

248 4857 418 4932 ἣτῇς
449 4850 794 4932 βραχύτητός
855 4850 968 4906 ἐστι
1021 4847 1117 4914 τῆς
1175 4846 1499 4924 φωτιστικῆς
1558 4847 1715 4904 αὒτοῦ
1747 4847 1918 4906 διαδό-

251 4967 424 5016 σεως,
457 4941 596 4998 ἀλλὰ
644 4943 752 4998 τῶι
801 4938 883 4996 διὰ
923 4934 1270 5017 φωτοληψίας
1329 4935 1806 5004 ἀνεπιτηδειότησα
1839 4943 1918 5014 μή

2002 4671 2425 4746 etomniaquze
2448 4689 2582 4732 eum
2609 4669 2965 4750 participare
3006 4673 3257 4748 possunt
3288 4665 3562 4746 illustrat,
3599 4674 3658 4728 et

2003 4761 2206 4822 lumen
2237 4759 2416 4822 habet
2441 4777 2617 4840 supra
2655 4767 2991 4832 extensum,
3029 4756 3188 4838 quod
3221 4757 3281 4818 in
3313 4760 3656 4818 universum

2003 4850 2290 4911 mundum
2325 4849 2421 4931 qui
2447 4849 2740 4930 cernitur,
2773 4855 2896 4909 tum
2928 4847 3326 4928 superiorem,
3359 4855 3480 4910 tum
3515 4845 3661 4907 infe-

2001 4939 2244 5014 riorem,
2271 4940 2589 5019 splendore
2626 4937 2927 5000 radiorum
2957 4955 3202 4998 suorum
3255 4935 3656 5016 multiplicat;

251 5031 680 5106 ἀναπλουμένων
731 5026 797 5079 90
841 5029 912 5092 εἰς
968 5026 1062 5090 τὴν
1113 5025 1289 5104 φωτὸς
1343 5025 1645 5098 μετουσίαν.
1700 5027 1896 5102 Ἀμὲλε

2004 5038 2065 5091 et
2087 5027 2135 5089 si
2159 5029 2304 5108 quid
2330 5047 2464 5089 eum
2491 5049 2608 5090 non
2640 5027 3112 5108 participat,non
3142 5036 3236 5088 est
3255 5025 3318 5087 in
3344 5043 3526 5086 causa
3550 5024 3660 5083 im-

253 5123 440 5182 πολλᾶ
483 5123 592 5177 τῶν
649 5119 814 5184 οὕτως
875 5115 1114 5197 ἐχόντων
1164 5116 1198 5181 ἡ
1251 5115 1410 5176 ἀκτὸς
1465 5111 1824 5196 διαϐαίνουσα,
1857 5120 1899 5174 τέ

2005 5117 2301 5180 becillitas
2335 5127 2439 5180 aut
2470 5117 2730 5180 tenuitas
2771 5117 3062 5178 facultatis
3113 5112 3516 5188 illuminandi,
3551 5112 3660 5174 sed

255 5213 380 5291 μετ’
443 5211 628 5270 ἒκετνα
678 5211 913 5290 φωτίζει,
965 5205 1052 5262 καὶ
1107 5201 1252 5260 οὐδέν
1300 5206 1410 5259 ἔστι
1463 5209 1568 5260 τῶν
1628 5207 1834 5284 ὁρατῶν
1865 5230 1899 5263 οι

2009 5209 2203 5288 potius
2219 5225 2346 5270 rem
2374 5207 2560 5288 ipsam
2581 5224 2700 5272 non
2724 5225 2858 5270 esse
2879 5205 3216 5290 expeditam
3243 5204 3318 5267 ad
3341 5204 3659 5286 participa-

348 5389 378 5419 ιι
409 5372 562 5438 Gen.
595 5389 638 5449 1,
673 5369 771 5436 16.

1603 5454 1856 5520 VARIE
1908 5455 2223 5524 LECTION
2231 5459 2350 5524 ES.

343 5599 408 5650 8‘5
453 5595 850 5675 ὖπαιρηχοῦσα.
907 5587 1494 5675 -ἓιᾲῦποςπερατῴσεων
1525 5589 1680 5675 [ﬁgit
1707 5592 2000 5656 Maximus
2044 5591 2584 5675 Scholiastes._f35
2633 5594 2832 5675 εὐρείας
2879 5592 2978 5675 fel
3031 5590 3259 5675 sufetes,
3307 5585 3377 5649 D.
3424 5586 3658 5675 _ir_l._Sc.

249 5679 328 5732 se
357 5667 841 5758 ἐνισιςιιηέςςδςιἈ
901 5671 964 5723 87
995 5667 1373 5758 ἀφορίζουσιὲἒ
1407 5667 1618 5752 ﬂgiti.
1651 5671 1804 5736 forte
1825 5697 1880 5732 τε
1911 5675 2258 5758 legendum.
2345 5675 2409 5725 88
2437 5672 2490 5732 δέ
2523 5692 2642 5737 non
2667 5667 2757 5738 est
2779 5672 2841 5734 in
2873 5671 2935 5737 S.
2971 5675 3037 5737 P.
3065 5667 3164 5734 Sc.
3197 5667 3335 5734 Sar.
3419 5669 3485 5720 89
3512 5670 3664 5728 ἀνω-

259 5763 433 5840 τάτω,
470 5759 538 5823 D.
576 5749 642 5822 Ρ,
727 5755 792 5808 90
823 5749 1262 5832 ἀναπαυομένων,
1299 5749 1364 5812 So
