4032 6420
378 341 494 411 699
1568 355 1632 422 S.
1675 356 2018 420 DIONYSII
2059 354 2570 421 AREOPAGITE
3636 351 3760 425 700

372 485 594 550 tionem
628 482 894 560 luminis,
921 488 1064 570 quia
1095 507 1214 552 non
1243 491 1320 552 sit
1348 490 1567 554 idonea
1591 493 1663 554 ad
1687 493 2011 556 admitten-

2100 491 2177 567 μὴ
2219 491 2512 572 ἐφικδετται
2546 490 2679 548 κατὰ
2729 490 2792 548 τὸ
2846 494 2941 559 τῆς
2998 490 3192 557 οἰκείας
3232 486 3434 568 αἴγλης
3483 489 3758 570 ὑπερϐάλ-

372 577 512 640 dum
545 577 714 638 illud.
750 579 833 639 Ac
877 597 1083 642 revera
1123 581 1266 642 554
1313 583 1500 645 multa
1546 589 1630 646 sic
1675 594 1840 665 sunt,
1885 602 2011 664 qua.1

2100 581 2194 640 λον
2227 580 2472 658 μέγεθος.
2508 580 2678 638 Ἀλλὰ
2716 582 2798 638 καθ
2830 581 2961 661 πρὸς
2996 582 3093 649 τὴν
3141 579 3347 659 γένεσιν
3401 587 3504 637 τῶν
3564 583 3759 648 αἰσθη-

368 669 571 732 radius
594 669 736 730 solis
761 673 1350 750 prmtergressusjlla
1380 693 1509 755 qua:
1543 676 1697 737 ultra
1727 682 1868 736 sunt
1889 674 2011 735 illu-

2101 680 2208 730 τῶν
2261 672 2527 748 σωμάτων
2587 671 2970 748 συμϐάλλεται,
3005 673 3092 729 καὶ
3143 673 3276 751 πρὸς
3320 672 3464 744 ζωὴν
3510 673 3641 729 αὐτὰ
3674 695 3765 729 κι-

369 759 656 834 minat,et
687 759 835 820 nihil
868 768 956 821 est
980 779 1184 822 eorum
1213 782 1348 839 quae
1390 765 1556 826 cerni
1591 773 1858 842 possunt,
1895 784 2013 844 quo

369 868 488 911 non
524 848 821 929 pertingat
867 850 956 911 sol
1003 850 1220 930 ingenti
1258 854 1306 914 vi
1339 855 1678 933 splendoris
1708 857 1822 916 sui.
1860 855 2018 928 Quin

367 939 546 1001 etiam
579 940 652 1000 ad
685 945 880 1002 ortum
919 957 1237 1018 corporum
1263 943 1374 1004 sub
1405 963 1649 1006 sensum
1677 945 2018 1006 cadentium

369 1030 624 1104 confert,
649 1037 710 1092 et
740 1047 809 1092 ea
841 1039 1038 1093 movet
1066 1031 1139 1093 ad
1171 1033 1372 1108 vitam,
1408 1034 1613 1110 nutrit,
1649 1043 1844 1114 auget.
1875 1053 2019 1116 per-

369 1120 513 1195 ﬁcit,
546 1130 607 1182 et
638 1127 866 1200 purgat,
901 1139 970 1184 ac
1003 1132 1268 1199 renovat;
1301 1131 1358 1185 et
1383 1143 1660 1187 mensura
1686 1136 1779 1189 est
1801 1145 1867 1188 ac
1902 1145 2017 1186 nu-

371 1227 576 1272 merus
607 1217 1021 1288 tempestatum
1067 1230 1136 1274 ac
1171 1213 1428 1295 dierum,
1481 1223 1537 1276 et
1588 1216 1784 1277 omnis
1829 1213 2017 1278 nostri

371 1299 697 1380 temporis:
727 1300 836 1362 hoc
869 1302 1027 1362 enim
1060 1309 1150 1364 est
1179 1302 1323 1364 illud
1355 1304 1579 1378 lumen,
1610 1306 1840 1367 tametsi
1875 1316 2015 1367 tunc

368 1407 488 1450 non
546 1398 672 1449 erat
717 1391 1052 1468 ﬁguratum,
1108 1393 1265 1471 quod
1314 1395 1462 1456 dixit
1513 1395 1746 1456 divinus
1787 1393 2012 1476 Moyses

367 1477 709 1540 distinxisse
762 1479 903 1540 illud
960 1482 1217 1560 primum
1264 1483 1495 1545 dierum
1529 1493 1867 1546 nostrorum
1899 1486 2009 1547 tri-

366 1567 776 1648 duum.Atque
798 1579 857 1628 ut
881 1572 1080 1630 omnia
1101 1570 1332 1633 bonitas
1360 1573 1428 1634 ad
1451 1593 1515 1635 se
1537 1576 1848 1648 convertit,
1886 1576 2010 1654 pri-

366 1676 742 1736 maque.quzn
765 1659 1030 1738 dispersa
1057 1663 1755 1744 sunt,colligit,tanquam
1793 1665 2013 1726 uniﬁca

2103 775 2186 819 νεῖ
2234 764 2321 818 καὶ
2361 762 2536 841 τρέφει
2585 765 2674 819 καὶ
2732 761 2892 836 αὔξει,
2951 763 3039 818 καὶ
3085 760 3302 837 τελειοϊ,
3358 763 3448 819 καὶ
3495 765 3762 842 καθαίρει,

2104 854 2191 910 καὶ
2247 852 2484 908 ἀνανεοϊ·
2543 853 2630 909 καὶ
2686 851 2876 931 μέτρον
2940 851 3072 932 ἐστὶ,
3150 853 3238 908 καὶ
3300 849 3518 928 ἀριθμὸς
3578 853 3757 930 ὡρῶν,

2103 944 2342 1021 ἡμερῶν,
2377 943 2464 997 καὶ
2522 941 2718 1006 παντός
2775 950 2866 1000 τοῦ
2924 941 3037 998 καθ’
3067 944 3214 1016 ἡμᾶς
3265 942 3463 1020 χρόνου
3512 942 3572 998 τὸ
3620 948 3758 1018 φῶς·

2106 1033 2230 1090 αὒτὸ
2278 1033 2378 1111 γὰρ
2435 1053 2545 1088 εστι
2576 1033 2638 1088 τὸ
2667 1031 2805 1112 φώς,
2833 1033 2876 1089 εἰ
2906 1033 2993 1089 καὶ
3048 1032 3170 1088 τότε
3221 1030 3636 1112 ἀσχημάτιστον
3668 1031 3762 1107 ἧν,

2106 1123 2234 1203 ὅπερ
2268 1126 2295 1180 6
2337 1127 2481 1185 θεῖος
2541 1120 2640 1202 ἔφη
2701 1127 2924 1203 Μωσῆς,
2969 1124 3058 1180 καὶ
3106 1122 3268 1190 αύτὴν
3317 1121 3527 1189 ἐγεὶνην
3587 1122 3761 1200 ὁρίσαι

2099 1215 2199 1281 την
2228 1215 2447 1289 πρώτην
2475 1212 2582 1269 τῶν
2610 1211 2727 1268 καθ’
2757 1214 2900 1287 ἡμᾶς
2958 1214 3170 1290 ἡμερῶν
3229 1209 3444 1290 τριάδα.
3488 1213 3586 1269 Καὶ
3641 1212 3758 1268 ὣσ-

2099 1325 2195 1382 περ
2255 1304 2427 1360 πάντα
2484 1304 2614 1380 πρὸς
2669 1301 2861 1368 ἑαυτὴν
2897 1304 2925 1370 ἡ
2959 1302 3224 1380 ἆγαθότης
3281 1301 3605 1381 ἐπιστρέφει,
3667 1302 3759 1358 καὶ

2097 1393 2536 1474 ἀρχισυναγωγός
2590 1390 2700 1447 ἐστι
2742 1395 2846 1447 τῶν
2885 1389 3306 1467 ἐσκεδασμένων,
3341 1391 3412 1454 ὡς
3465 1390 3755 1469 ἔναρχικὴ,

2095 1485 2181 1539 καὶ
2209 1483 2453 1545 bonam;
2503 1479 2717 1560 θεὸτης,
2780 1479 2872 1536 καῖ
2931 1481 3102 1536 πάντα
3134 1485 3298 1547 αὐτῆς
3342 1482 3414 1544 ὡς
3446 1480 3652 1560 ἀρχῆς,
3686 1483 3760 1545 ὡς

2096 1578 2357 1652 συνοχῆς,
2391 1575 2461 1636 ὡς
2511 1570 2694 1632 τέλους
2757 1570 2980 1650 ἐφίεται·
3047 1573 3132 1626 καὶ
3190 1571 3419 1648 τάγαθὸν
3482 1571 3625 1626 ἐστιν
3663 1570 3760 1648 (ὡς

2096 1664 2160 1720 τὰ
2191 1663 2347 1739 λόγιά
2379 1659 2561 1741 φησιν)
2599 1660 2648 1726 ἐξ
2698 1660 2756 1716 οὗ
2784 1662 2847 1716 τὰ
2897 1661 3069 1716 πάντα
3117 1660 3321 1725 ὑπέστη
3350 1659 3430 1732 9³,
3464 1662 3551 1716 καὶ
3583 1660 3751 1739 ἔστιν,

365 1746 644 1808 divinitas
675 1755 736 1807 et
759 1748 1118 1829 principium
1157 1753 1424 1831 unitatis,
1459 1755 1781 1830 omniaque
1824 1756 2010 1834 ipsam

2098 1755 2168 1815 ὡς
2229 1751 2280 1817 ἐξ
2345 1751 2508 1814 αἰτίας
2574 1751 2864 1812 πὰντελοῦς
2925 1749 3266 1827 παρηγμένα,
3335 1750 3424 1804 καὶ
3475 1749 3530 1804 ἐν
3590 1753 3636 1822 ᾧ
3693 1750 3761 1804 τὰ

364 1845 427 1897 ut
458 1837 836 1917 principium,
875 1848 934 1900 ut
960 1827 1361 1920 complexum,
1396 1827 1458 1902 ut
1481 1843 1656 1904 tinem
1683 1827 2009 1922 appetunt;

2099 1844 2271 1897 πάντα
2329 1839 2671 1918 συνέστηκεν,
2732 1841 2804 1900 ὡς
2881 1839 2935 1893 ἐν
2994 1843 3465 1916 παντοκρατορικῷ
3533 1839 3756 1912 τωθμένι

365 1927 713 2010 bonumque
746 1929 887 1991 illud
922 1941 1013 1991 est
1043 1934 1133 2010 (ut
1164 1931 1471 2010 Scriptura
1527 1953 1695 1996 sacra
1741 1937 2009 2003 testatur)

366 2037 435 2080 ex
469 2038 585 2099 quo
618 2019 815 2080 omnia
867 2025 1284 2093 constiterunt,
1336 2031 1393 2084 et
1436 2025 1609 2086 veluti
1645 2043 1678 2085 a
1713 2026 2014 2105 perfectis-

367 2109 518 2169 sima
566 2125 739 2171 causa
795 2112 1081 2189 producta
1131 2124 1295 2186 sunt,
1329 2122 1387 2174 et
1419 2115 1476 2173 in
1509 2133 1624 2194 qua
1685 2120 2015 2176 consistunt

367 2199 666 2271 universa,
717 2209 993 2281 tanquam
1046 2203 1106 2262 in
1162 2202 1345 2264 fundo
1403 2216 1620 2266 cuncta
1669 2203 2012 2266 continente

366 2288 683 2369 custodita,
719 2300 1142 2372 contentaque;
1185 2303 1244 2355 et
1288 2294 1358 2354 ad
1405 2295 1564 2371 quod
1618 2293 1840 2373 omnia,
1877 2304 2008 2356 tan-

367 2395 543 2459 quam
571 2379 642 2440 ad
663 2381 838 2440 ﬁnem
865 2400 1117 2461 quisque
1141 2402 1338 2457 suum,
1365 2385 2011 2465 convertuntur,quod-

365 2486 484 2546 que
515 2477 802 2548 appetunt
840 2472 1132 2553 universa,
1159 2474 1446 2554 spiritalia
1471 2475 1710 2554 quidem
1739 2476 2006 2536 ratione-

369 2577 485 2638 que
516 2561 740 2622 utentia
771 2559 1056 2635 scienter,
1093 2563 1338 2626 sensilia
1369 2583 1504 2626 vero
1537 2566 1857 2637 sensiliter;
1879 2583 2009 2644 quae

364 2657 560 2711 autem
597 2669 813 2712 sensus
845 2661 984 2714 sunt
1015 2653 1302 2733 expertia,
1349 2653 1555 2716 innato
1600 2662 1765 2714 motu
1817 2653 2008 2714 vitalis

364 2739 768 2819 appetitionis,
803 2749 862 2801 et
905 2762 1037 2822 quae
1069 2743 1183 2803 vita
1215 2759 1436 2814 carent,
1492 2762 1558 2804 ac
1594 2743 2008 2804 tantummodo

368 2829 676 2902 exsistunt,
715 2833 768 2891 vi
801 2835 1052 2911 quadam
1079 2835 1151 2893 ad
1177 2833 1362 2894 solius
1393 2831 1670 2895 essenlize
1702 2832 2011 2911 participa-

367 2918 592 2981 tionem
639 2939 935 3001 propensa
965 2931 1123 2985 sunt.
1163 2922 1382 2984 Eadem
1418 2923 1764 2985 clarissimae
1793 2921 2007 2984 simili-

366 3009 588 3070 tudinis
606 3011 836 3072 ratione
858 3011 954 3073 lux
978 3031 1216 3091 quoque
1249 3013 1474 3091 colligit
1502 3012 1907 3091 convertitque
1938 3012 2010 3072 ad

367 3114 431 3158 se
461 3096 663 3159 omnia
688 3116 818 3178 quae
842 3099 1138 3173 videntur,
1166 3119 1296 3180 quas
1329 3108 1661 3173 moventur,
1688 3117 1819 3179 quae
1849 3099 2015 3159 illus-

2098 1931 2456 2010 φρουρούμενα
2529 1931 2614 1985 καὶ
2694 1928 3135 2004 διακρατούμενα,
3200 1932 3286 1984 καὶ
3367 1931 3440 1991 εἷς
3500 1929 3526 1984 ὅ
3579 1927 3642 1978 93
3694 1931 3761 1986 τὰ

2098 2021 2270 2076 πάντα
2326 2019 2718 2098 ἐπιστρέφεται,
2780 2019 3016 2094 καθάπερ
3045 2016 3099 2060 93
3155 2021 3227 2084 εἰς
3284 2020 3481 2075 οἰκεῖοι
3546 2019 3760 2091 ἑκάστῳ

2097 2111 2278 2189 πέρας,
2314 2112 2400 2166 καὶ
2445 2109 2504 2165 οὗ
2537 2109 2733 2188 ἐφίεται
2767 2109 2963 2181 πάντα,
2997 2111 3062 2164 τὰ
3094 2109 3189 2182 μὲν
3223 2110 3374 2184 νοερὰ
3424 2112 3513 2166 καὶ
3558 2108 3756 2186 λογικᾶ

2095 2201 2425 2278 γνωστικῶς,
2489 2200 2553 2254 τὰ
2611 2197 2664 2254 δὲ
2714 2200 2990 2264 αἰσθητικᾶ
3049 2199 3395 2265 αἰσθητικῶς,
3451 2200 3515 2256 τὰ
3561 2199 3617 2255 δὲ
3662 2201 3749 2255 αἷ-

2097 2292 2332 2359 σθήσεως
2391 2289 2609 2366 ἄμοιρα,
2675 2294 2740 2362 τῇ
2811 2286 3025 2366 ἐμφύτῳ
3094 2287 3302 2354 κινήσει
3355 2293 3451 2354 τῆς
3513 2293 3748 2359 ζωτικῆς

2095 2379 2348 2458 ἐφέσεως·
2400 2380 2465 2433 τὰ
2525 2376 2578 2432 δὲ
2632 2377 2775 2447 αζωα
2815 2378 2898 2432 καὶ
2947 2377 3108 2450 μόνον
3139 2376 3285 2452 ὄντα,
3322 2383 3387 2453 τῇ
3412 2379 3542 2455 πρὸς
3577 2380 3748 2450 μόνην

2093 2469 2192 2535 τὴν
2243 2465 2472 2533 οὖσιώδη
2534 2464 2736 2540 μέθεξιν
2795 2463 3212 2532 ἐπιτηδειότητι.
3254 2467 3397 2522 Κατὰ
3440 2469 3533 2521 τὸν
3589 2467 3748 2523 αυτὸν

2092 2563 2190 2624 τῆς
2224 2557 2485 2636 ἐμφανοῦς
2519 2555 2717 2616 εἰκόνος
2776 2553 2962 2631 λόγον,
3006 2557 3093 2610 καὶ
3146 2555 3206 2610 τὸ
3255 2560 3368 2632 φῶς
3417 2555 3624 2632 συνάγει
3657 2556 3744 2612 καὶ

2093 2649 2390 2728 ἐπιστρέφει
2424 2650 2551 2726 πρὸς
2585 2647 2737 2704 ἑαυτὸ
2770 2647 2942 2702 πάντα
2974 2648 3036 2702 τα
3067 2645 3193 2702 όντα
3221 2645 3306 2726 94,
3340 2649 3398 2702 τὰ
3421 2650 3646 2725 δρῶντα,
3676 2648 3747 2703 τὰ

2093 2743 2399 2816 κινούμενα,
2445 2743 2508 2796 τὰ
2549 2741 2904 2820 φωτιζόμενα,
2953 2738 3018 2794 τά
3061 2741 3472 2818 θερμαινόμενα,
3508 2741 3573 2798 τὰ
3605 2739 3749 2804 ὅλως

2094 2834 2194 2888 ὑπὸ
2223 2835 2328 2887 τῶν
2355 2833 2512 2888 αὒτοῦ
2553 2838 2910 2909 μαρμαρυγῶν
2942 2830 3289 2908 συνεγόμεναο
3325 2828 3404 2886 διὸ
3435 2833 3524 2888 καὶ
3554 2829 3740 2910 ἥλιος,

2096 2921 2174 2978 ὅτι
2209 2921 2377 2978 πάντα
2409 2921 2578 2988 αολλῆ
2609 2934 2778 2993 ποιεῖ,
2825 2921 2911 2976 καὶ
2961 2920 3174 2996 συνάγει
3207 2920 3270 2976 τὰ
3300 2918 3742 2994 διεσκεδασμένα,

2097 3015 2194 3069 Καὶ
2245 3012 2417 3068 πάντα
2468 3015 2625 3070 αὖτοῦ
2673 3013 2737 3068 τὰ
2782 3011 3003 3069 αἰσθητὰ
3047 3009 3268 3089 ἐφίεται,
3303 3009 3338 3078 ἢ
3369 3012 3442 3073 ὡς
3476 3019 3568 3068 τοῦ
3600 3013 3749 3089 ὁρᾷν,

2097 3103 2132 3169 ἢ
2189 3103 2261 3165 ὡς
2309 3108 2402 3158 τοῦ
2451 3104 2734 3174 κινεῖσθαι,
2795 3102 2883 3156 καὶ
2949 3102 3284 3179 φωτίζεσθαι,
3336 3101 3421 3156 καὶ
3465 3102 3747 3178 θερμαίνε-

370 3198 624 3256 trantur.
673 3205 808 3264 quae
837 3188 1160 3263 calescunt,
1188 3208 1437 3271 quisque
1480 3189 1799 3251 universim
1832 3187 2011 3250 radiis

2098 3195 2236 3271 σθαι,
2271 3193 2358 3248 καὶ
2391 3190 2529 3255 ὅλως
2563 3190 2876 3270 συνέχεσθαι
2913 3190 3044 3268 πρὸς
3095 3189 3185 3245 τοῧ
3242 3190 3416 3270 φωτὸς
3468 3190 3745 3268 ἐφιέμενα.

368 3279 497 3356 ejus
532 3277 1034 3356 perstringuntur;
1058 3281 1214 3342 unde
1246 3281 1392 3348 ἥλιος
1418 3299 1522 3341 seu
1549 3280 1890 3352 sol,no:nen
1918 3278 2018 3338 ha-

369 3365 491 3439 bet,
528 3368 684 3444 quod
718 3369 917 3428 omnia
949 3369 1124 3432 faciat
1154 3371 1350 3443 ἀολλῆ,
1379 3369 1440 3430 id
1469 3378 1561 3430 est
1589 3368 1786 3429 omnia
1818 3374 2010 3429 servet

368 3453 551 3534 salva,
598 3463 656 3515 et
699 3467 1014 3536 congreget
1045 3459 1336 3541 dispersa.
1371 3458 1439 3520 Et
1473 3460 1671 3519 omnia
1703 3476 1836 3536 quae
1865 3473 2008 3517 sen-

369 3545 557 3608 tiendi
589 3546 702 3607 vim
736 3547 956 3610 habent
1003 3568 1136 3611 eum
1188 3559 1494 3631 appetunt,
1529 3549 1617 3610 vel
1651 3557 1717 3608 ut
1748 3547 2004 3621 videant,

371 3634 457 3696 vel
492 3644 554 3696 ut
578 3650 944 3718 moveantur,
970 3647 1028 3699 et
1056 3640 1491 3712 illuminentur,
1526 3647 1583 3699 et
1615 3636 2009 3716 calescant,et

370 3723 628 3806 denique
658 3736 720 3786 ut
764 3727 1182 3790 contineantur
1225 3740 1283 3793 et
1335 3735 1760 3789 conserventur
1788 3743 1820 3785 a
1852 3726 2002 3785 luce.

2104 3282 2200 3339 Καὶ
2233 3282 2290 3338 οὔ
2320 3279 2489 3347 δὴποο
2547 3282 2683 3360 φημὶ
2715 3281 2848 3336 κατὰ
2881 3280 2971 3335 τὸν
3024 3283 3120 3346 τῆς
3164 3277 3524 3345 παλαιότητος
3556 3277 3746 3357 λόγον,

2095 3369 2174 3426 ὅτι
2207 3372 2324 3434 θεὸς
2355 3370 2430 3427 ὢν
2477 3373 2504 3426 6
2551 3369 2705 3436 ἥλιος
2756 3372 2839 3424 καὶ
2879 3367 3198 3447 δημιουργὸς
3243 3366 3389 3434 τοῦδε
3422 3376 3515 3425 τοῦ
3548 3370 3747 3435 παντὸς

2091 3457 2157 3514 ἰσν
2215 3482 2232 3492 ⁵
2563 3461 2574 3478 1
2720 3460 2734 3480 \
3015 3460 3038 3471 ν
3145 3458 3155 3480 Ι
3371 3457 3382 3476 ’
3467 3455 3482 3477 θ
3725 3460 3738 3478 9

2111 3475 2230 3522 oio).
2295 3460 2627 3538 ἐπιτροπευει
2685 3481 2776 3516 τον
2835 3459 3044 3538 ἐμφανη
3094 3479 3320 3532 κοσμον,
3363 3457 3464 3513 αλλ
3543 3457 3625 3514 ὅτι
3682 3480 3747 3514 τα

2093 3549 2289 3626 ἀόρατα
2342 3557 2433 3605 τοῦ
2514 3557 2644 3606 Θεοῦ
2702 3548 2807 3604 ἀπὸ
2866 3548 3086 3608 κτίσεως
3139 3548 3342 3621 κόσμου
3403 3561 3521 3611 τοῖς
3579 3549 3744 3616 ποιήε-

2093 3659 2223 3712 μασι
2277 3638 2534 3710 νοούμενα
2603 3640 2914 3715 καθορᾶται,
2977 3635 3006 3702 ὅ
3060 3656 3115 3692 τε
3153 3633 3316 3699 ἀίδιος
3368 3639 3524 3694 αὐτοῦ
3581 3635 3742 3693 δύναο

2095 3749 2184 3802 μις
2222 3729 2310 3783 καὶ
2341 3718 2575 3793 θειότης.

369 3813 499 3876 Non
549 3815 660 3878 hoc
690 3817 842 3891 dico,
880 3826 942 3878 ut
991 3825 1309 3898 antiquitas
1338 3815 1736 3885 existimabat,
1772 3813 1928 3891 quod
1961 3815 2048 3875 sol
2099 3816 2172 3875 sit
2203 3815 2381 3878 Deus.
2419 3823 2477 3877 et
2523 3822 2733 3877 auctor
2767 3812 3047 3886 universi,
3080 3813 3183 3894 qui
3216 3814 3376 3876 hunc
3426 3813 3742 3888 mundum,

369 3922 544 3985 quem
575 3905 894 3978 cernimus,
932 3910 1172 3989 proprie
1203 3907 1517 3988 gubernet,
1555 3904 1659 3965 sed
1695 3908 1910 3983 potius,
1935 3904 2092 3984 quod
2127 3905 2471 3967 invisibilia
2531 3904 2668 3984 Dei,
2697 3921 2732 3965 a
2764 3912 3050 3966 creatura
3091 3904 3330 3986 mundi,
3363 3921 3478 3984 per
3515 3922 3583 3966 ea
3614 3921 3747 3984 qua:

364 3994 532 4072 facta
560 4004 721 4070 sunt,
755 3997 1058 4062 intellecta
1089 3998 1572 4077 conspiciuntur,
1606 3996 1966 4074 sempiterna
1999 4012 2236 4076 quoque
2264 3997 2394 4065 eius
2425 3995 2622 4058 virtus
2651 4001 2706 4056 et
2735 3994 3034 4056 divinitas
3063 4000 3110 4054 °.

1991 4155 2133 4235 δν.

447 4320 485 4398 §
516 4319 819 4385 V.Verum
845 4321 921 4383 de
951 4320 1044 4383 his
1077 4319 1136 4380 in
1169 4318 1491 4399 symbolica
1521 4318 2014 4396 theologiaNune

367 4418 563 4470 autem
618 4411 963 4473 intellectile
993 4409 1131 4469 boni
1163 4427 1196 4469 a
1227 4408 1361 4470 luce
1406 4427 1618 4470 nomen
1645 4407 1816 4469 nobis
1846 4407 2010 4468 cele-

2176 4315 2344 4374 Ἀλλὰ
2397 4325 2562 4374 ταῦτα
2615 4317 2712 4392 μὲν
2770 4320 2827 4374 ἒν
2876 4324 2945 4394 τῇ
2997 4314 3296 4393 συμϐολικῇ
3342 4315 3610 4393 θεολογίᾳ.
3647 4323 3751 4375 Νῦν

2095 4407 2149 4464 δὲ
2205 4409 2305 4474 τὴν
2362 4408 2558 4475 νοητὴν
2608 4410 2839 4485 ταγαθοῦ
2896 4408 3246 4487 φωτωνυμίαν
3275 4407 3412 4481 ἡμῖν
3454 4405 3750 4480 ὑμνητέον,

366 4497 656 4560 brandum
697 4509 873 4580 est,et
904 4499 1226 4560 dicendum
1262 4499 1422 4578 quod
1455 4498 1506 4560 is
1530 4498 1631 4579 qui
1666 4497 1860 4558 bonus
1894 4503 2010 4577 est,

2098 4499 2183 4555 καὶ
2219 4497 2429 4576 ῥητέον,
2466 4497 2546 4554 ὅτι
2579 4501 2690 4576 φῶς
2745 4498 2939 4564 νοητὸν
2970 4499 2997 4553 6
3028 4498 3226 4575 ἀγαθὸς
3279 4495 3491 4574 )εγεται
3543 4495 3632 4551 διὰ
3691 4497 3750 4551 τὸ

367 4587 464 4649 lux
482 4588 843 4651 intellectilis
865 4589 1083 4650 dicitur
1106 4589 1242 4669 quia
1268 4607 1504 4652 omnem
1529 4596 1789 4649 mentem
1807 4605 2009 4666 supra-

369 4677 669 4740 caelestem
711 4679 921 4758 implet
954 4678 1179 4742 lumine
1227 4677 1580 4754 intellectili;
1607 4695 1846 4738 omnem
1867 4675 2008 4737 355

368 4776 564 4829 autem
589 4768 978 4846 ignorantiam
995 4780 1052 4833 et
1069 4786 1340 4830 errorem
1365 4788 1436 4831 ex
1460 4767 1740 4829 omnibus
1762 4768 2003 4839 animis,

369 4857 429 4918 in
457 4857 676 4934 quibus
706 4870 818 4930 est,
857 4858 1044 4939 ejicit,
1071 4859 1288 4940 etipsis
1319 4858 1597 4919 omnibus
1629 4857 1833 4919 lumen
1865 4876 2008 4919 san-

369 4953 530 5009 ctum
566 4947 848 5028 impertit,
885 4967 1210 5029 eorumque
1254 4949 1458 5011 oculos
1490 4947 1778 5010 mentales
1807 4967 1841 5008 a
1868 4947 2012 5008 cali-

370 5036 506 5115 gine
536 5055 606 5099 ex
641 5039 970 5117 ignorantia
994 5038 1353 5100 circumfusa
1382 5046 1748 5118 repurgat,et
1774 5036 2009 5110 liberat,

369 5135 429 5189 et
459 5126 698 5200 excitat,
737 5137 915 5206 atque
944 5127 1136 5210 aperit
1171 5128 1350 5190 multa
1405 5129 1688 5206 gravitate
1735 5125 2016 5188 tenebra-

369 5234 502 5280 rum
521 5235 897 5300 compressos
919 5217 1467 5298 etclausoszdatque
1490 5218 1750 5298 primum
1771 5215 2018 5297 quidem

453 5386 476 5414 °
507 5379 686 5445 Rom.
717 5379 900 5462 1,20.

2094 4589 2265 4646 πάντα
2320 4588 2416 4663 μὲν
2473 4586 2845 4665 ὕπερουράνιον
2890 4593 3007 4644 νοῦν
3057 4585 3430 4662 ἐμπιμπλάναι
3457 4585 3524 4637 95
3554 4587 3752 4654 νοητοῦ

2091 4676 2292 4758 φωτός·
2349 4683 2523 4733 πᾶσαν
2595 4674 2650 4732 δὲ
2703 4675 2919 4752 ἄγνοιαν
2974 4677 3066 4733 καὶ
3113 4675 3324 4742 πλάνην
3381 4674 3619 4732 ἐλαύνειν
3689 4673 3750 4731 ἐκ

2092 4767 2298 4841 πασῶν,
2337 4765 2429 4830 αῖς
2462 4764 2521 4820 ἂν
2553 4763 2835 4842 ἐγγένηται
2891 4769 3122 4844 ψυχαῖς,
3156 4766 3244 4820 καὶ
3304 4765 3497 4828 πάσαις
3554 4768 3744 4826 αὐταῖς

2092 4857 2265 4934 φωτὸς
2323 4856 2461 4932 ἱεροῦ
2519 4851 2876 4927 μεταδιδόναι,
2955 4855 3042 4910 καὶ
3117 4853 3235 4917 τοὺς
3299 4854 3509 4930 νοεροὺς
3571 4855 3746 4912 αὐτῶν

2093 4943 2390 5022 ὀφθαλμοὺς
2451 4944 2814 5022 ἀνακαθαίρειν
2860 4941 2926 4993 96
2980 4948 3074 5010 τῆς
3129 4946 3507 5021 περικειμένης
3554 4947 3746 5006 αὐταῖς

2095 5035 2155 5091 ἐκ
2201 5039 2298 5101 τῆς
2353 5033 2565 5112 ἀγνοίας
2625 5032 2850 5112 ἀχλύος,
2887 5033 2972 5090 κα)
3022 5032 3296 5090 ἀνακινεῖν
3345 5036 3433 5090 καὶ
3466 5033 3744 5090 ἀναπτύσ-

2097 5146 2206 5180 σειν
2276 5129 2354 5197 τῷ
2410 5121 2596 5195 πολλῷ
2653 5123 2800 5200 βάρει
2856 5128 2950 5180 τοῦ
3011 5121 3231 5185 σκότους
3302 5122 3740 5198 συμμεμυκότας’

2099 5215 2187 5271 καὶ
2239 5211 2573 5290 μετατιὸόναι
2613 5217 2796 5292 πρῶτα
2844 5210 2942 5286 μὲν
2983 5208 3048 5261 97
3079 5208 3280 5290 αἴγλης
3342 5211 3583 5290 μετρίας
3623 5211 3748 5268 εἶτα

1676 5457 1942 5523 VARUE
1984 5455 2430 5522 LECTIONES.

445 5615 498 5660 οι
533 5619 704 5676 πάντα
727 5623 814 5678 καί
843 5623 1068 5700 ὑπέστη,
1103 5621 1170 5684 D.

391 6005 460 6030 *ιδ

477 6035 586 6196 κ

1257 5619 1324 5671 92
1350 5623 1422 5686 εἷς
1457 5621 1540 5697 δν,
1573 5623 1635 5684 s.
1675 5623 1739 5684 p.
1825 5619 1890 5671 se
1919 5623 2006 5678 καὶ
2049 5619 2308 5698 καθάπερ,
2342 5616 2411 5680 P.
2491 5615 2558 5698 94
2585 5617 2650 5698 τε
2677 5617 2804 5674 ὄντα
2853 5631 2975 5675 non
3004 5612 3228 5677 habent
3255 5612 3320 5681 s.
3352 5615 3420 5676 P.
3455 5609 3555 5678 Sc.
3608 5609 3736 5677 sar.

363 5692 431 5750 95
458 5697 755 5784 ἐμπιπλᾶν,
788 5701 854 5768 Ρ,
887 5692 1241 5786 ἐμπιπλάναι,
1279 5705 1346 5766 D.
1431 5701 1497 5754 96
1524 5692 1922 5785 αποκαθαίρειν,
1959 5703 2030 5766 D.

2114 5699 2178 5751 97
2211 5695 2420 5780 πρῶτον
2455 5697 2577 5782 μέν,
2609 5695 2680 5761 D.
