4032 6440
291 366 401 433 701
1323 372 1421 435 DE
1463 372 1762 436 DIVINIS
1804 372 2252 454 NOMINIBUS,
2300 374 2460 438 CAP.
2513 375 2616 439 IV.
3550 372 3671 439 702

286 504 503 561 ἱκείνων
564 502 742 583 ὥσπερ
799 501 1207 583 ἇπογευομένων
1255 503 1320 556 98
1360 508 1556 587 φωτὸςε
1614 509 1698 565 καὶ
1732 507 1932 584 μᾶλλον

2021 508 2385 571 mediocrem
2399 507 2806 589 splendorem;
2833 505 3668 590 deinde,tanquamdegusta-

283 594 604 675 ὶφιεμένων,
671 591 873 666 μᾶλλον
938 595 1130 664 ἑαυτὴν
1199 594 1478 676 ἓνδιδόναι,
1539 599 1625 653 καὶ
1680 605 1932 677 περισσῶς

2027 608 2086 660 to
2117 598 2436 666 lumine.et
2456 599 2648 660 oculis
2667 599 2790 679 jam
2818 598 3007 676 magis
3041 600 3669 679 postdegustationem

284 681 637 754 ἐπιλάμπειν,
671 679 753 737 ὅτι
814 681 1102 760 ἠγάπησαν
1134 682 1270 740 πολύ
1303 703 1315 716 ⁶
1377 689 1473 741 καῖ
1534 685 1612 742 ἀεὶ
1659 686 1932 743 ἀνατείνειι

2029 689 2229 751 lumen
2251 688 2964 769 appetentihus,magisse
2994 687 3348 771 impertit,et
3377 689 3674 769 copiosius
3705 691 3709 696 ’

284 771 446 837 αὐτὰς
466 768 524 813 ⁸9
566 771 654 828 ἐπὶ
681 773 746 828 τὰ
777 773 982 852 πρόσω,
1048 776 1184 832 κατὰ
1215 775 1313 844 τὴν
1374 781 1519 855 σφῶν
1569 777 1639 841 εἷς
1671 777 1932 836 ἁνάνευσιη

2027 778 2215 857 fulget
2251 798 2268 851 ;
2300 777 2440 858 quia
2460 768 2796 840 dilexerunt
2827 768 3136 844 multumvp
3169 799 3185 849 ;
3218 797 3286 840 ac
3317 768 3552 859 semper
3574 796 3675 840 eas

277 861 575 941 ἀναλογίαν
588 910 602 924 ,

2029 868 2282 930 ulterius
2317 868 2587 948 provehit
2612 868 2996 950 proportione
3023 866 3200 930 studii
3230 887 3435 931 earum
3467 869 3538 931 ad
3569 886 3671 931 as-

2032 956 2368 1038 piciendam
2392 975 2651 1021 sursum.

1889 1092 1918 1168 ἕ
1971 1088 2072 1153 v1.

356 1250 484 1309 Φῶς
516 1245 607 1303 οὖν
637 1249 828 1314 νοητὸν
866 1247 1077 1327 λέγεται
1108 1250 1170 1306 τὰ
1215 1248 1346 1326 ὑπὲρ
1403 1256 1508 1305 πᾶν
1539 1256 1650 1330 φῶς
1710 1251 1933 1328 ἀγαθὸν,⁸

274 1336 349 1398 ὡς
434 1335 584 1400 ἀκτὶς
675 1339 880 1414 πηγαία
955 1341 1043 1395 καὶ
1125 1337 1512 1416 ὑπερϐλύζουσα
1599 1342 1932 1420 φωτοχυσία,

275 1424 451 1482 πάντα
505 1427 596 1482 τὸν
643 1427 1001 1503 ὑπερκόσμιον
1063 1429 1150 1484 καὶ
1192 1429 1542 1507 περικόσμιόν
1576 1430 1685 1509 100,
1721 1433 1807 1486 καὶ
1837 1431 1933 1508 ἐγ-

274 1519 503 1591 κὸσμιον
548 1526 690 1589 νοῦν,
749 1519 812 1572 ἒκ
865 1524 957 1573 τοῦ
999 1516 1362 1593 πληρωματος
1425 1522 1591 1586 αὐτῆς
1650 1520 1935 1595 καταλᾶμο

275 1627 474 1680 πουσα,
537 1609 626 1662 καὶ
683 1606 777 1670 τὰς
825 1608 1006 1685 νοερὰς
1068 1608 1241 1664 αὒτώθ
1269 1607 1397 1671 ὅλας
1457 1609 1811 1681 ἂνανεάζοδσα
1841 1609 1935 1665 δυ-

274 1696 492 1770 νάμεις,
544 1697 634 1754 καὶ
694 1697 894 1762 πάντας
940 1697 1265 1778 περιέχουσα
1319 1698 1338 1748 1
1403 1699 1479 1772 τῷ
1531 1701 1932 1775 ὑπερτετάσθαι,

272 1787 364 1842 καὶ
387 1787 604 1843 πάντων
647 1785 984 1866 ὑπερέχουσα
1014 1793 1090 1860 τῷ
1137 1789 1479 1865 ὑπερκεῖσθαι
1515 1807 1532 1823 ⁸
1582 1791 1668 1846 καὶ
1725 1788 1930 1869 ἁπλῶς,

2103 1255 2325 1316 Lumen
2382 1255 2560 1334 igitur
2590 1256 2945 1318 intellectile
2999 1253 3217 1318 dicitur
3247 1249 3396 1315 illud
3437 1249 3664 1310 bonum

2019 1343 2181 1418 quod
2235 1354 2323 1405 est
2353 1363 2531 1422 supra
2563 1365 2740 1406 omne
2786 1346 3018 1419 lumen,
3061 1353 3339 1425 tanquam
3393 1341 3527 1402 fons
3566 1357 3668 1400 ra-

2019 1431 2252 1494 diorum
2285 1443 2343 1494 et
2377 1435 2585 1496 ell'usio
2617 1435 2862 1497 luminis
2893 1436 3192 1497 inundans
3216 1451 3455 1493 omnem
3492 1447 3666 1491 men-

2022 1530 2140 1584 tem
2195 1525 2765 1603 supramundanam,
2819 1536 2877 1587 et
2919 1523 3538 1599 circummundauam,
3610 1527 3668 1578 et

2023 1613 2383 1674 mundanam
2419 1633 2485 1675 ex
2514 1615 2886 1695 plenitudine
2929 1636 3033 1677 sua
3068 1615 3430 1686 illuminans,
3493 1619 3552 1672 et
3577 1619 3666 1671 tor

2023 1711 2112 1765 tas
2157 1722 2359 1764 earum
2385 1705 2692 1767 facultates
2721 1705 3098 1783 intelligendi
3121 1722 3434 1775 renovans,
3467 1711 3667 1762 etom-

2019 1811 2126 1854 nes
2158 1794 2797 1874 continens,quatenus
2817 1815 2997 1877 supra
3021 1814 3231 1856 omnes
3264 1793 3570 1866 tenditur;
3608 1799 3669 1853 et

272 1883 452 1932 πᾶσαν
508 1879 604 1940 τῆς
669 1883 997 1953 φωτιστικῆς
1059 1873 1330 1952 δυνάμεως
1389 1879 1486 1947 τήν
1569 1880 1800 1959 κυρείαν,
1859 1883 1931 1943 ὡς

2021 1882 2294 1943 omnibus
2327 1873 2724 1965 antecellens,
2749 1873 3041 1965 quatenus
3067 1903 3245 1964 supra
3289 1901 3496 1944 omnes
3528 1888 3662 1953 stat,

271 1965 584 2045 ἆρχίφωτος
613 1966 699 2021 καὶ
749 1964 1080 2045 ὑπέρφωτος,
1135 1972 1188 2022 ἓν
1232 1969 1395 2042 ἑαυτῇ
1453 1967 1808 2041 συλλαϐοῦσα,
1845 1971 1932 2025 καὶ

271 2054 641 2135 ιῖιπεε>τ-Ξχ.ι›υεεεα³
674 2056 760 2110 καὶ
816 2054 1177 2135 προσέχουσα,
1217 2058 1304 2113 καὶ
1353 2058 1418 2113 τὰ
1462 2059 1616 2133 νοερὰ
1663 2061 1747 2114 καὶ
1791 2060 1855 2118 τὰ
1904 2058 1935 2107 θ

270 2144 473 2222 λογικὰ
527 2145 697 2200 πάντα
755 2145 1072 2223 συνάγουσα,
1140 2148 1223 2202 καὶ
1285 2145 1455 2213 ἀολλή
1519 2148 1762 2210 ποίοῦσα.
1836 2152 1930 2207 Καὶ

271 2234 376 2312 γὰρ
419 2234 663 2312 ὥσπερὴ
725 2233 908 2311 ἄγνοια
963 2233 1256 2306 διαιρετιγὴ
1343 2243 1449 2292 τῶν
1503 2237 1929 2313 πεπλανημένων

273 2323 444 2397 ἐστὶν,
475 2322 641 2389 οὕτως
680 2324 709 2391 ἦ
761 2331 851 2380 τοῦ
891 2326 1084 2391 νοητοῦ
1128 2327 1300 2404 φωτὸς
1339 2328 1619 2400 napo-mia,
1685 2350 1930 2406 συναγω-

273 2415 370 2491 γὸς
403 2415 490 2469 καὶ
521 2413 748 2480 ἑνωτικὴ
798 2419 906 2469 τῶν
949 2415 1316 2493 φωτίζομένων
1375 2414 1508 2494 ἐστὶ,
1569 2419 1654 2472 καὶ
1705 2418 1929 2474 τελειω-

276 2505 429 2576 τικὴ,
488 2505 580 2560 καὶ
631 2503 708 2558 ἔτι
751 2501 780 2545 ⁸
853 2503 1233 2583 ὲπιστρεπτικὴ
1304 2506 1435 2581 πρὸς
1495 2507 1555 2560 τὸ
1626 2506 1788 2570 ὅντως
1849 2507 1926 2580 ὅν,

272 2593 382 2649 ἀπὸ
441 2600 549 2649 τῶν
605 2592 817 2650 πολλῶν
867 2592 1205 2667 δοξασμάτων
1256 2592 1660 2675 ἐπιστρέφουσα,
1696 2598 1780 2652 καὶ
1838 2597 1931 2656 τὰς

276 2681 530 2746 ποικῖλας
559 2682 777 2758 ὅψεωάἳ
809 2685 1124 2762 κυριώτερον
1153 2685 1665 2762 εἰπεῖν,φαντασίας,
1702 2689 1774 2749 εἰς
1809 2688 1932 2760 μίαν

270 2772 451 2839 ἀληθῆ
474 2774 564 2828 καὶ
594 2774 847 2853 καθαρὰν,
879 2775 967 2829 καὶ
998 2771 1246 2848 μονοειδῆ
1279 2774 1571 2852 συνάγουσα
1595 2781 1814 2854 γιῶσιν,
1845 2777 1932 2832 καὶ

268 2863 391 2926 ἑνὸς
424 2863 514 2920 καὶ
545 2861 804 2920 ὲνωτικοῦ
833 2865 1006 2945 φωτὸς
1041 2861 1387 2938 ἐμπιπλῶσα.

2017 1972 2556 2052 atquesimpliciter
2577 1995 2816 2036 omnem
2847 1976 3243 2056 principatum
3265 1969 3666 2042 illuminandi,

2017 2068 2292 2142 tanquam
2329 2063 2609 2142 princeps
2632 2066 2898 2140 luminis,
2921 2075 2979 2128 et
2999 2083 3356 2146 supraquam
3381 2063 3588 2122 lumen
3611 2058 3668 2119 in

2015 2169 2080 2213 se
2107 2154 2608 2236 comprehensum
2645 2155 2844 2236 habet,
2879 2165 2933 2216 et
2979 2172 3342 2234 supraquam
3375 2150 3576 2224 habet,
3611 2157 3669 2210 et

2016 2233 2342 2310 prmhabet,
2388 2245 2567 2314 atque
2597 2236 2798 2297 omnia
2831 2233 3084 2297 ratione
3116 2245 3174 2295 et
3211 2241 3408 2293 mente
3443 2235 3666 2290 utentia

2015 2331 2355 2401 congregat,
2385 2331 2441 2383 et
2473 2325 2531 2384 in
2569 2344 2748 2384 unum
2782 2324 3283 2403 copulat.Etenim
3306 2323 3457 2381 sicut
3489 2319 3664 2397 igno-

2015 2411 2208 2469 rantia
2238 2421 2505 2472 errantes
2537 2413 2792 2488 dirimit;
2825 2416 2912 2474 sic
2943 2415 3230 2475 adventus
3256 2409 3500 2471 luminis
3522 2427 3662 2467 con-

2014 2508 2216 2577 gregat
2266 2510 2324 2560 et
2354 2501 2589 2580 copulat
2623 2503 3014 2583 illuminatos,
3075 2502 3424 2584 perlicitque
3449 2515 3573 2567 eos,
3609 2504 3668 2556 et

2013 2588 2086 2648 ad
2119 2588 2177 2648 id
2210 2590 2366 2666 quod
2401 2607 2544 2652 vere
2575 2597 2667 2654 est
2689 2593 3043 2665 convertit,a
3072 2591 3276 2653 multis
3301 2585 3665 2667 opinationi-

2017 2678 2126 2738 bus
2143 2696 2244 2738 eos
2269 2697 2574 2752 revocans,
2611 2700 2680 2743 ac
2713 2683 2903 2743 varios
2925 2690 3221 2762 aspectus,
3267 2680 3381 2758 vel,
3419 2685 3478 2737 ut
3534 2694 3664 2736 ma-

2016 2768 2105 2846 gis
2129 2773 2366 2846 proprie
2395 2769 2612 2843 dicam,
2652 2771 2805 2833 varia
2836 2775 2892 2832 in
2931 2791 3105 2832 unam
3133 2789 3332 2832 veram
3367 2775 3426 2830 et
3457 2783 3666 2845 puram

2018 2875 2085 2917 ac
2107 2857 2440 2936 simplicem
2467 2860 2865 2939 cognitionem
2893 2862 3210 2936 contrahit,
3233 2869 3289 2922 et
3307 2877 3427 2920 uno
3449 2857 3672 2917 lumine

2019 2947 2245 3010 uniﬁco
2289 2949 2520 3031 implet.

1885 3112 1913 3191 ς
1957 3109 2086 3174 vn.

348 3277 522 3340 Τοῦτο
565 3277 794 3354 τάγαθὸν
827 3278 1074 3352 ὑμνεῖται
1125 3279 1256 3355 πρὸς
1317 3284 1420 3333 τῶν
1481 3280 1634 3354 ἱερῶν
1662 3275 1928 3352 Θεολόγων

2093 3273 2219 3334 Hoc
2251 3279 2391 3336 item
2425 3275 2645 3337 bonum
2679 3276 2957 3339 laudatur
2987 3295 3020 3338 a
3050 3276 3237 3339 sacris
3279 3272 3580 3350 theologis
3609 3277 3674 3332 ut

276 3370 363 3426 καὶ
415 3370 492 3432 ὼς
524 3367 710 3440 καλὸν,
744 3370 830 3424 καὶ
888 3371 962 3430 ὡς
995 3366 1219 3440 καλλος,
1272 3370 1359 3424 καὶ
1402 3369 1474 3431 ὡς
1517 3366 1700 3444 ἀγάπη
1732 3368 1818 3422 καὶ
1863 3367 1934 3430 ὡς

271 3459 580 3536 ἀγαπητὸν,
634 3459 722 3514 καὶ
783 3458 903 3514 ὅσαι
935 3456 1092 3514 ἄλλαι
1143 3458 1428 3536 εὖπρεπεῖς
1473 3459 1571 3513 εἰσι
1603 3463 1698 3523 τῆς
1730 3455 1932 3511 καλλο-

275 3555 435 3605 ποιοῦ
505 3551 596 3605 καὶ
642 3547 1084 3626 κεχαρίτωμένης
1132 3554 1160 3596 4
1214 3547 1541 3624 ὡραιότητος
1625 3546 1928 3619 Θεωνυμίαι.

277 3639 350 3696 Τὸ
383 3636 438 3693 δὲ
483 3636 649 3693 καλὸν
678 3639 767 3693 καὶ
817 3635 1012 3699 κάλλος
1046 3635 1332 3712 διαιρετέον
1359 3636 1444 3692 ἐπὶ
1474 3641 1572 3702 τῆς
1635 3634 1688 3690 ἐν
1739 3635 1811 3690 ἑνὶ
1868 3635 1933 3689 τὰ

275 3726 376 3782 ὅλα
441 3727 810 3805 συνειληφυίας
865 3728 1035 3790 αὶτίλις
1062 3741 1075 3756 ⁸
1111 3734 1274 3783 ταῦτα
1306 3728 1406 3804 γὰρ
1437 3726 1520 3782 ἐπὶ
1551 3725 1649 3800 μὲν
1681 3731 1785 3780 τῶν
1839 3722 1933 3779 ὅν-

274 3837 382 3872 των
415 3816 666 3873 ἁπάντων
693 3817 726 3866 5
764 3817 836 3879 εἷς
896 3816 1138 3895 μετοχάς
1196 3817 1284 3871 καὶ
1340 3815 1642 3894 μετέχοντα
1675 3812 1931 3889 διαιροῦν-

275 3927 387 3979 τες,
422 3905 589 3962 καλὸν
663 3907 758 3980 μὲν
821 3918 960 3962 εῖναι
1015 3904 1242 3981 λέγομεν
1298 3907 1359 3960 τὸ
1417 3904 1642 3965 κάλλους
1675 3903 1930 3981 μετέχον,

274 3995 478 4061 κάλλος
535 3995 589 4050 δὲ
619 3996 715 4063 τὴν
769 3997 1014 4075 μετοχὴν
1059 4001 1158 4061 τῆς
1188 3993 1510 4053 καλλοποιοῡ
1540 3994 1644 4050 τῶν
1677 3993 1815 4049 ὅλων
1844 4016 1937 4049 κα-

278 4083 388 4142 λῶν
435 4085 626 4150 αἰτίας.
683 4087 754 4143 Τὸ
786 4084 839 4140 δὲ
869 4084 1176 4163 ὓπερούσιον
1207 4086 1372 4142 καλὸν
1403 4083 1598 4148 γάλλὸς
1650 4082 1746 4158 μέν
1776 4081 1934 4160 λέγε-

285 4197 390 4249 ται,
425 4172 510 4230 διὰ
541 4176 640 4241 τὴν
676 4173 772 4231 ἄπ’
803 4174 964 4234 αὖτοῦ
994 4181 1122 4230 πᾶσι
1179 4187 1293 4239 τοῖς
1338 4176 1451 4230 οὖσι
1512 4170 1937 4247 μεταδιδομένην

273 4265 484 4328 οἰκείως
538 4265 746 4336 ἑιωὶστῳ
807 4263 1098 4338 καλλονὴν,
1156 4265 1245 4320 καὶ
1303 4265 1377 4326 ὡς
1403 4269 1500 4330 τῆς
1529 4263 1742 4320 πάντων
1788 4266 1936 4340 εὔαρ-

2020 3363 2337 3440 pulchrum
2369 3373 2428 3425 et
2458 3372 2519 3426 ut
2544 3365 3012 3445 pulchritudo,et
3046 3377 3109 3428 ut
3140 3365 3376 3427 dilectio
3412 3371 3469 3424 et
3493 3373 3557 3422 ut
3586 3361 3671 3421 di-

2018 3450 2261 3525 lectum,
2298 3463 2356 3514 et
2408 3472 2782 3533 quaecunque
2815 3455 2928 3516 alia
2961 3465 3096 3515 sunt
3156 3454 3354 3515 divina
3400 3450 3666 3524 nomina,

2017 3539 2230 3617 quibus
2265 3542 2395 3619 ipse
2425 3545 2734 3623 speciosus
2763 3544 2942 3604 decor
2964 3554 3022 3606 et
3054 3545 3296 3605 effector
3333 3540 3669 3621 pulchrituc

2018 3630 2175 3691 diuis
2223 3631 2514 3695 decenter
2565 3634 2928 3694 nominatur.
2991 3633 3308 3695 Pulchrum
3361 3639 3557 3692 autem
3611 3638 3669 3690 et

2021 3721 2403 3800 pulchritudo
2431 3731 2567 3783 sunt
2599 3723 3019 3802 distinguenda
3078 3723 3134 3783 in
3162 3741 3338 3786 causa
3368 3739 3498 3802 quae
3529 3720 3666 3780 uni-

2018 3829 2188 3870 versa
2220 3813 2277 3872 in
2313 3830 2427 3872 uno
2471 3813 2781 3892 complexa
2831 3823 2922 3874 est
2957 3835 2972 3888 ;
3007 3814 3132 3874 haec
3166 3812 3327 3873 enim
3374 3811 3434 3872 in
3468 3811 3667 3871 omni-

2023 3899 2132 3960 bus
2163 3901 2365 3981 rebus,
2403 3901 2462 3962 in
2498 3901 2979 3981 participationes
3029 3912 3087 3963 et
3137 3902 3197 3963 in
3258 3901 3674 3982 pav'ticipantia

2021 3989 2374 4070 dividentes,
2403 3993 2719 4072 pulchrum
2752 3992 2994 4072 quidem
3031 3993 3305 4062 dicimus,
3344 3991 3500 4071 quod
3533 3991 3670 4071 pul-

2019 4080 2376 4142 chritudinis
2411 4084 2704 4162 particeps
2750 4090 2880 4162 est;
2939 4081 3442 4162 pulchritudinem
3500 4098 3668 4155 vero,

2022 4171 2535 4250 participationem
2567 4189 2760 4233 causae
2803 4172 3006 4232 omnia
3051 4173 3300 4250 pulchra
3331 4171 3667 4232 efﬁcientis.

2019 4259 2218 4340 Ipsum
2236 4269 2432 4322 antem
2453 4261 2762 4341 pulchrum
2798 4261 3300 4342 superessentiale
3332 4260 3669 4340 pulchritu-

273 4354 502 4428 μὸστίας
564 4355 652 4410 καὶ
697 4352 930 4431 ἀγλαΐας
983 4354 1183 4428 αἴτιον,
1244 4351 1394 4419 δίκην
1463 4354 1638 4432 φωτὸς
1684 4351 1932 4430 ὲναστρά-

2023 4351 2096 4412 do
2113 4349 2350 4430 quidem
2365 4349 2968 4431 appellatur,propter
2984 4351 3142 4411 illam
3162 4349 3664 4427 pulchritudinem

275 4466 413 4502 πτον
449 4443 482 4491 6
524 4443 691 4503 ἅπασι
741 4444 836 4510 τὰς
894 4442 1253 4508 καλλοποιοὺς
1285 4445 1384 4509 τῆς
1439 4443 1677 4520 πηγαίοις
1724 4441 1932 4507 ἀκτῖνος

2024 4457 2198 4522 quam
2222 4440 2404 4501 rebus
2453 4439 2733 4500 omnibus
2767 4458 2873 4519 pro
2900 4441 3187 4521 cujusque
3215 4438 3453 4499 modulo
3485 4457 3657 4500 com-

276 4535 439 4592 αὗτοῦ
468 4531 810 4609 μεταδόσεις,
872 4535 960 4589 καὶ
1020 4535 1092 4596 ὡς
1127 4532 1297 4591 πάντα
1349 4532 1480 4607 πρὸς
1517 4531 1672 4586 ἑαυτὸ
1743 4529 1932 4589 καλοῦν

2027 4529 2308 4607 municat,
2348 4530 2402 4590 in
2437 4538 2719 4608 quantum
2760 4539 2850 4590 est
2896 4549 3073 4590 causa
3119 4529 3312 4590 omnis
3337 4529 3670 4607 pulchritu-

280 4623 426 4704 (ὅθεν
471 4625 558 4678 καί
609 4620 808 4687 καλλος
859 4620 1094 4700 λέγεται)
1141 4623 1228 4678 καὶ
1285 4623 1357 4684 ὡς
1417 4619 1517 4676 ὅλα
1547 4622 1600 4675 ἓν
1658 4618 1802 4680 ὅλοις
1867 4622 1932 4685 εἰς

2024 4617 2184 4678 diuis
2214 4637 2280 4678 ac
2312 4618 2806 4698 venustatis,dum
2841 4621 2981 4680 556
3006 4621 3184 4680 rebus
3215 4618 3494 4679 omnibus
3529 4619 3666 4700 pul—

274 4715 439 4771 ταῦτὸ
471 4713 725 4789 συνάγον.
761 4709 936 4770 Καλὸν
991 4711 1044 4767 δὲ
1100 4714 1173 4775 ὡς
1206 4710 1480 4790 πάγκαλον
1514 4711 1624 4783 ἃμα
1657 4711 1742 4765 οιαὶ
1770 4711 1932 4786 ὑπὲρ-

2024 4708 2298 4769 chritiras-
2330 4708 2562 4768 fontalis
2595 4709 2683 4768 sui
2733 4711 2884 4771 radii
2936 4710 3381 4771 distributiones
3427 4709 3579 4771 lucis
3610 4710 3670 4772 in

274 4803 464 4873 καλον,
499 4804 589 4859 καὶ
619 4803 700 4858 ἀεὶ
729 4801 811 4883 ὅν⁷
860 4803 997 4858 κατὰ
1052 4803 1117 4858 τὰ
1148 4803 1280 4858 αὐτὰ
1332 4801 1419 4856 καὶ
1477 4801 1726 4863 ὡσαύτως
1774 4800 1932 4856 καλὸν

2024 4817 2254 4858 morem
2289 4800 2468 4872 amat,
2506 4799 2831 4875 omniaque
2862 4799 2932 4861 ad
2967 4820 3030 4859 se
3061 4800 3244 4871 καλεῖ,
3269 4799 3327 4858 id
3371 4808 3464 4860 est
3499 4808 3670 4861 vocat

274 4896 364 4951 καὶ
394 4893 512 4949 οὔτε
547 4893 886 4970 γιγνόμενον,
948 4892 1064 4948 οὔτε
1109 4890 1501 4969 ἀπολλύμενον⁷
1562 4889 1677 4945 οὔτε
1712 4889 1932 4955 αὗξανό-

2024 4888 2202 4959 (unde
2234 4896 2299 4948 ut
2321 4888 2538 4960 καλλος,
2559 4887 2616 4947 id
2643 4889 3162 4970 estpulc/zritudo,
3199 4888 3438 4960 dicitur)
3462 4900 3519 4950 et
3552 4899 3672 4950 tota

275 5005 441 5061 μενον
501 4983 556 5063 7,
603 4981 722 5039 οὕτε
777 4985 974 5060 φθίνον,
1010 4979 1125 5041 οὐδὲ
1177 4986 1244 5056 τῇ
1275 4981 1372 5052 μὲν
1432 4977 1619 5058 καλὸν,
1653 4985 1719 5055 τῇ
1761 4977 1814 5035 δὲ
1847 4981 1932 5035 αἷ-

2021 4977 2081 5038 ἰη
2115 4978 2252 5038 totis
2278 4976 2443 5058 quasi
2470 4976 2530 5036 in
2555 4996 2619 5038 se
2642 4977 3216 5056 colligit.Pulchrum
3243 4997 3379 5040 vero
3407 4991 3668 5059 vocatur,

273 5076 474 5155 σχρὸν,
507 5072 625 5132 οὐδὲ
655 5074 773 5130 τοτὲ
809 5072 928 5152 μὲν³
993 5072 1112 5128 τοτὲ
1145 5070 1198 5127 δὲ
1231 5069 1313 5144 οὔ,
1373 5067 1488 5128 οὐδὲ
1537 5071 1668 5147 πρὸς
1719 5070 1818 5143 μὲν
1848 5071 1930 5148 τὸ,

2021 5065 2179 5148 quod
2215 5085 2282 5127 ex
2333 5066 2495 5126 omni
2542 5078 2705 5148 parte
2753 5068 3068 5148 pulchrum
3111 5069 3188 5129 sit
3215 5078 3272 5128 et
3319 5069 3447 5146 plus
3489 5086 3668 5144 quam

275 5163 467 5303 καλοῖ]
502 5164 634 5241 πρὸς
660 5159 714 5218 δὲ
743 5163 828 5303 Σο,
866 5163 1110 5243 αἰσχράν’
1148 5159 1264 5218 οὕτε
1307 5159 1426 5216 ἔνθα
1459 5159 1581 5235 μὲν,
1613 5157 1732 5214 ἔνθα
1766 5157 1818 5214 δὲ
1850 5158 1932 5238 οὔ,

359 5255 389 5297 ν
466 5261 571 5303 uc.
601 5257 708 5303 vu.
781 5243 844 5303 7.

2022 5156 2427 5238 pulchrum,et
2454 5164 2730 5239 tanquam
2757 5176 2996 5239 semper
3012 5156 3667 5232 exsistens,secundum

359 5255 389 5297 ν
416 5243 571 5306 Luc.
601 5257 708 5320 vn,
743 5243 844 5305 47.

1609 5398 1861 5465 VARIE
1905 5398 2228 5464 LECTlON
2233 5398 2344 5463 ES.

364 5564 430 5616 98
456 5565 935 5644 ἀπογευσαμένων,
969 5566 1050 5628 M.
1132 5563 1198 5616 99
1229 5562 1444 5644 ἑαυτάς,
1530 5559 1612 5606 ¹⁰⁰
1639 5559 1978 5644 ἐπικόσμιον,
2011 5560 2077 5625 1).
2295 5561 2312 5602 ί
2345 5561 2704 5644 διαϐαίνουσα,
2837 5562 2905 5644 ΡΑ.
2941 5559 3292 5644 ν’ροεῐθιδὶιιε
3316 5563 3380 5619 τὰ
3409 5578 3536 5644 no]!
3579 5569 3670 5623 est

279 5647 344 5797 ian
374 5645 447 5709 Ι).
481 5639 640 5792 Ρᾚδ
665 5646 741 5703 ἔτι
771 5664 890 5710 non
919 5639 1127 5711 habet
1157 5647 1220 5710 S.
1259 5646 1327 5710 P.
1384 5641 1414 5686 ‘
1442 5643 1870 5728 κεχαρεσμένης,
1907 5646 1985 5705 Μ.
2039 5644 2102 5708 S.
2162 5643 2189 5685 ⁵
2219 5649 2326 5702 τῶν
2358 5651 2588 5720 νοητῶν,
2619 5639 2697 5709 Μ.
2749 5641 2813 5708 8.
2873 5639 2902 5686 ⁸
2928 5639 3326 5724 ἀπαστράπτον.
3381 5644 3453 5709 D.
3510 5642 3537 5686 ’⁷
3567 5647 3666 5703 αὖ·

307 5748 527 5808 ομινον,
615 5775 630 5792 ,

506 5772 630 5800 ,νο
