4032 6424
356 347 476 417 703
1494 351 1554 416 S.
1619 350 1966 424 DIONYSII

2089 353 2560 424 REOPAGITE.
3625 345 3740 414 704

354 487 564 551 eadem
587 495 646 551 et
687 484 899 551 eodem
944 487 1120 552 modo
1150 487 1491 570 pulchrum,
1528 508 1722 572 neque
1752 491 1997 574 factum,

2089 491 2155 556 ὥς
2185 512 2291 548 τισι
2323 487 2421 565 μὲν
2445 490 2477 540 8
2510 487 2568 546 ὅν
2601 484 2788 561 καλὸν,
2821 485 2927 542 τισὶ
2955 481 3011 541 δὲ
3046 484 3106 542 οῦ
3135 479 3322 542 καλόνο
3356 480 3482 541 ἀλλ’
3509 485 3583 550 ὥς
3617 485 3738 544 αὐτὸ

354 596 549 660 neque
592 578 982 654 destructum,
1027 597 1225 660 neque
1267 571 1848 663 augescens,ineque
1889 571 2002 645 de?-

2089 581 2202 638 καθ’
2249 581 2402 637 ἑαυτὸ
2451 576 2565 655 μεθ’
2627 578 2818 634 ἑαυτοῦ
2850 574 2881 626 9
2913 571 3183 650 μονοειδές
3233 574 3316 631 ἀεὶ
3343 573 3403 633 ὅν
3431 573 3621 656 καλὸν,
3654 575 3740 632 καὶ

355 687 659 749 crescens,
690 687 798 731 nec
829 687 898 730 ex
945 677 1111 749 parte
1142 688 1258 730 una
1291 671 1629 750 pulchrum,
1679 681 1737 733 et
1769 691 1839 734 ex
1891 673 2003 734 alia

2089 674 2158 735 ὡς
2218 673 2416 733 παντὸς
2447 669 2614 726 καλοῦ
2661 670 2761 736 τὴν
2805 669 3044 746 πηγαίαν
3089 663 3359 733 καλλονῆν
3402 667 3737 746 ὑπεροχικῶς

357 768 548 839 turpe,
581 777 780 836 neque
831 759 975 820 alias
1026 758 1269 839 quidem
1317 760 1628 840 pulchrum
1679 761 1821 823 alias
1865 781 2003 824 vero

2089 765 2140 818 ἓν
2174 761 2341 834 ἐαυτῷ
2385 759 2642 839 προέχον,
2693 764 2771 834 Τῇ
2829 759 2928 836 γὰρ
2971 756 3119 834 ἁπλῇ
3190 756 3279 812 καὶ
3337 757 3596 834 ὑπερφυεῖ
3637 761 3739 811 τῶν

2086 852 2224 909 ὅλων
2285 850 2462 908 καλῶν
2515 851 2662 929 φύσει
2727 855 2873 906 πᾶσα
2927 846 3163 914 καλλονὴ
3209 847 3297 902 καὶ
3323 852 3429 902 πᾶν
3471 844 3632 903 καλὸν
3662 844 3736 919 ¹ί),

2086 940 2326 1005 ένοειδὼς
2373 938 2492 997 κατ’
2567 941 2734 996 αἰτίαν
2787 937 3210 1018 προϋφάστηκεν,
3286 933 3384 994 Ἐκ
3414 943 3507 992 τοῦ
3578 934 3740 994 καλοῦ

2083 1033 2268 1089 τούτου
2311 1037 2441 1086 πᾶσι
2472 1042 2590 1094 τοῖς
2621 1029 2732 1086 οὖσι
2765 1030 2828 1085 τὸ
2852 1027 3019 1099 εἶναι,
3056 1027 3194 1084 κατὰ
3249 1027 3344 1082 τὸν
3394 1027 3595 1082 οἰκεῖον
3654 1024 3741 1082 λό-

2083 1144 2177 1201 γον
2201 1120 2399 1176 ἕκαστα
2453 1117 2615 1198 καλὰ,
2648 1119 2737 1175 καὶ
2779 1116 2864 1174 διὰ
2893 1117 2954 1173 τὸ
2993 1115 3160 1173 καλὸν
3221 1117 3272 1171 αἱ
3330 1114 3544 1172 πάντων
3575 1113 3738 1195 ἐφαρ-

2083 1212 2268 1288 μογαὶ,
2326 1210 2416 1266 καὶ
2471 1208 2660 1288 φιλίαι,
2729 1209 2818 1265 καὶ
2862 1207 3159 1269 κοινωνίαι.
3201 1205 3289 1262 καὶ
3344 1211 3421 1280 τῷ
3474 1203 3624 1265 καλῶ
3678 1206 3741 1261 τὰ

2084 1303 2256 1358 πάντα
2280 1301 2481 1367 ἥνωται
2509 1316 2526 1330 ⁶
2576 1300 2662 1354 καὶ
2692 1299 2840 1378 ἀρχὴ
2884 1317 3096 1353 παντων
3123 1297 3184 1352 τὸ
3213 1293 3405 1370 καλὸν,
3451 1297 3523 1360 ὡς
3575 1316 3742 1362 ποιη-

2084 1393 2232 1448 τικὸν
2255 1389 2452 1468 αἴτιον,
2503 1391 2586 1445 καὶ
2634 1396 2813 1445 κινοῦν
2877 1387 2941 1443 τὰ
2973 1384 3096 1460 ὅλα,
3136 1387 3220 1442 καὶ
3265 1384 3494 1463 συνέχον
3544 1390 3622 1459 τῷ
3652 1388 3744 1453 τῆς

2085 1483 2283 1545 οἰκείας
2313 1478 2582 1546 καλλονῆς
2613 1477 2770 1558 ἔρωτι
2819 1494 2833 1508 ·
2869 1478 2957 1533 καὶ
2987 1475 3152 1554 πέρας
3196 1475 3435 1545 πάντων,
3470 1475 3560 1532 καὶ
3606 1474 3744 1552 ἀγα-

2085 1573 2280 1644 πητὸν,
2329 1573 2401 1634 ὡς
2433 1566 2642 1625 τελικὸν
2675 1568 2848 1624 αἴτιον
2887 1567 3003 1647 (τοῦ
3035 1564 3204 1623 καλοῦ
3263 1565 3364 1644 γὰρ
3393 1565 3550 1621 ἕνεκα
3572 1564 3743 1622 πάντα

2086 1660 2379 1740 γίγνεται)·
2416 1663 2503 1716 καὶ
2547 1657 3059 1738 παραδειγματικὸν,
3120 1655 3200 1713 ὅτι
3261 1655 3380 1712 κατ’
3409 1657 3535 1712 αὐτὸ
3567 1655 3742 1712 πάντα

2088 1752 2386 1832 ἀφορίζεται
2422 1765 2436 1779 ⁸
2476 1748 2555 1805 διὸ
2585 1750 2674 1805 καὶ
2730 1749 2921 1806 ταύτὸν
2981 1747 3093 1802 ἐστι
3127 1746 3339 1824 τάγαθῷ
3368 1743 3416 1786 Η
3449 1747 3511 1802 τὸ
3559 1744 3742 1820 καλὸν,

357 867 476 910 non
501 870 516 924 ;
548 868 742 930 neque
767 851 836 910 ad
867 851 980 910 hoc
1003 850 1410 928 pulchrum,et
1438 851 1508 910 ad
1532 849 1673 912 illud
1700 852 2003 914 inconcin-

359 957 503 999 num
545 958 786 1020 ;neque
820 939 914 1000 hic
965 939 1205 1019 quidem
1265 941 1365 1021 ita,
1421 939 1561 1001 alibi
1609 959 1744 1002 vero
1803 943 1996 1016 aliter,

355 1047 469 1090 nec
496 1037 561 1089 ut
581 1029 712 1090 aliis
740 1029 1090 1109 formosum,
1124 1029 1257 1090 aliis
1293 1046 1436 1091 vero
1464 1030 1728 1092 deforme
1762 1054 1778 1109 ;
1808 1034 1911 1094 sed
1937 1042 2002 1094 ut

356 1117 549 1198 ipsum
569 1118 896 1180 secundum
913 1125 1188 1200 se,atque
1206 1138 1412 1181 secum
1439 1120 2002 1202 uniforme,semper

359 1209 649 1270 exsistens
673 1208 1196 1290 pulchrum,atque
1229 1210 1527 1271 iontanam
1556 1212 1816 1272 universi
1863 1212 1998 1292 pul-

359 1298 486 1360 chri
500 1299 1008 1378 pulchritudinem
1024 1299 1084 1360 in
1097 1301 1292 1379 seipso
1308 1301 1647 1362 eminenter
1665 1302 2000 1383 anticipans

357 1388 923 1470 praehabensqueJn
948 1391 1072 1470 ipsa
1106 1391 1266 1452 enim
1297 1400 1498 1452 natura
1523 1391 1780 1470 simplici
1811 1410 1880 1455 ac
1907 1412 2002 1454 su-

359 1477 722 1559 pernaturali
755 1479 1141 1558 pulchrorum
1180 1481 1600 1544 universorum
1638 1482 1832 1542 omnis
1867 1482 2002 1562 pul-

355 1567 912 1639 chritudo,etomne
936 1569 1245 1649 pulchrum
1277 1570 1655 1633 uniformiter
1671 1572 1999 1634 secundum

356 1676 591 1720 causam
617 1658 1078 1739 prieexsistitEx
1101 1660 1213 1721 hoc
1245 1662 1373 1741 ipso
1397 1659 1644 1736 pulchro
1669 1661 1848 1723 rebus
1867 1679 2001 1723 om-

355 1747 535 1810 nibus
555 1749 901 1828 obtingit,ut
929 1750 1052 1812 sint
1082 1751 1311 1829 singula
1342 1752 1669 1812 secundum
1705 1751 2002 1832 propriam

354 1839 644 1901 rationem
666 1840 998 1918 pulchra;et
1021 1828 1269 1920 propter
1294 1841 1607 1920 pulchrum
1630 1828 1771 1903 sunt
1794 1828 2003 1904 omnes

2090 1828 2170 1898 ὅτι
2230 1848 2318 1897 τοῦ
2375 1838 2538 1896 καλοῦ
2595 1840 2682 1894 καὶ
2751 1838 2947 1915 ἀγαθοῦ
3002 1835 3055 1878 η
3139 1836 3278 1892 κατὰ
3349 1842 3526 1891 πᾶσαν
3579 1834 3744 1891 αἰτίαν

357 1931 784 2008 congruentia,
839 1939 895 1990 et
929 1930 1223 2004 amicitias,
1269 1939 1328 1991 et
1375 1931 1996 2011 communicationes;

361 2025 418 2078 et
443 2035 548 2096 per
579 2019 890 2097 pulchrum
926 2029 1138 2081 cuncta
1160 2020 1605 2099 conjunguntur
1633 2042 1647 2100 ;
1676 2031 1857 2096 atque
1881 2023 2007 2101 pul-

359 2107 568 2169 chrum
602 2120 691 2169 est
720 2109 985 2169 omnium
1012 2109 1394 2190 principium,
1433 2119 1495 2171 ut
1527 2129 1702 2172 causa
1724 2111 2006 2173 efﬁciens

360 2207 420 2258 et
469 2216 732 2276 movens,
798 2208 855 2260 et
904 2199 1179 2260 universa
1231 2200 1486 2279 propriae
1546 2201 2005 2279 pulchritudinis

355 2305 560 2349 amore
587 2290 990 2360 continens;et
1014 2297 1076 2350 ut
1105 2290 1239 2349 ﬁnis
1259 2290 1812 2370 omnium,atqueid
1845 2291 2004 2366 quod

354 2377 654 2456 appetitur
679 2388 957 2458 tanquam
990 2397 1168 2440 causa
1185 2380 1376 2441 ﬁnalis
1404 2382 1562 2460 (nam
1598 2381 1833 2460 pulchri
1864 2399 2004 2460 gra-

357 2467 437 2528 tia
461 2477 672 2528 cuncta
693 2470 862 2547 ﬁunt)
894 2478 951 2529 et
979 2469 1352 2548 exemplaris,
1393 2476 1528 2550 quia
1558 2471 1888 2532 secundum
1921 2471 2004 2531 il-

355 2555 454 2617 lud
480 2558 679 2619 omnia
701 2558 1088 2620 deﬁniuntur.
1119 2559 1515 2632 Quamobrem
1554 2561 1708 2621 idem
1743 2569 1833 2622 est
1865 2561 1990 2640 pul-

358 2647 567 2708 chrum
600 2657 778 2728 atque
829 2648 1076 2727 bonum,
1125 2650 1404 2729 quoniam
1441 2651 1642 2711 omnia
1671 2650 2002 2712 secundum

355 2755 595 2798 omnem
626 2756 863 2799 causam
897 2738 1213 2819 pulchrum
1249 2747 1308 2800 et
1333 2741 1552 2800 bonum
1577 2749 1865 2820 appetunt
1901 2763 1914 2809 ;
1945 2748 2006 2800 et

356 2827 502 2888 nihil
528 2837 621 2890 est
649 2828 922 2889 inrerum
949 2829 1331 2909 natura,quin
1358 2830 1670 2908 pulchrum
1702 2837 1760 2890 et
1782 2830 2002 2890 bonum

357 2917 694 2996 participat.
721 2917 969 2981 Audebo
998 2918 1176 2978 etiam
1209 2920 1322 2980 hoc
1351 2918 1582 2999 dicere,
1604 2919 1664 2979 id
1694 2918 1855 2996 quod
1888 2937 2007 2980 non

356 3007 788 3084 est,pulchrum
816 3016 874 3068 et
906 3006 1128 3068 bonum
1155 3008 1531 3088 participare;
1557 3017 1697 3069 tunc
1728 3008 1888 3068 enim
1919 3016 2007 3069 est

2088 1932 2260 1989 πάντα
2293 1931 2483 2010 ἐφίεται
2524 1944 2538 1959 °
2565 1930 2650 1984 καὶ
2682 1931 2776 1987 οὒκ
2805 1927 2917 1984 ἔστι
2976 1949 3026 1982 τι
3072 1933 3178 1982 τῶν
3209 1925 3399 1994 ὄντων,
3433 1923 3466 1980 6'
3491 1925 3570 1999 μὴ
3606 1947 3740 1999 μετ-

2090 2021 2209 2101 έχει
2265 2028 2359 2076 τοῦ
2411 2018 2578 2076 καλοῦ
2632 2019 2717 2074 καὶ
2771 2017 2995 2094 ἀγαθοῦ.
3048 2015 3322 2090 Τολμήσει
3381 2013 3556 2071 δὲκαὶ
3599 2021 3748 2071 τοῦτο

2088 2114 2256 2168 εἰπεῖν
2300 2110 2328 2166 ὅ
2358 2109 2540 2188 λόγος,
2567 2108 2648 2166 ὅτι
2693 2110 2781 2164 καὶ
2825 2109 2883 2163 τὸ
2944 2107 3023 2181 μὴ
3056 2104 3114 2162 ὅν
3148 2106 3372 2184 μετέχει
3430 2108 3527 2162 τοῦ
3583 2105 3747 2162 καλοῦ

2088 2203 2173 2258 καὶ
2230 2202 2449 2277 ἀγαθοῦ,
2515 2199 2633 2254 τότε
2691 2198 2792 2274 γὰρ
2849 2198 2936 2254 καὶ
2988 2197 3116 2255 αὐτὸ
3166 2193 3331 2252 καλὸν
3383 2196 3470 2251 καὶ
3531 2195 3748 2273 ἀγαθὸν,

2088 2289 2214 2346 ὅταν
2245 2291 2298 2344 ἓν
2359 2295 2474 2360 Θεῷ
2532 2288 2669 2346 κατὰ
2722 2287 2818 2353 τὴν
2859 2285 3068 2341 πάντων
3113 2284 3384 2364 ἀφαίρεσιν
3429 2283 3748 2361 ὑπερουσίως

2087 2379 2317 2454 ὕμνηται
2348 2377 2425 2440 15.
2464 2380 2630 2435 Τοῦτο
2675 2377 2736 2432 τὸ
2766 2374 2819 2431 ἓν
2855 2372 2908 2416 Ῑ⁴
2929 2375 3125 2452 ἀγαθὸν
3184 2375 3271 2430 καὶ
3331 2372 3496 2431 καλὸν
3556 2375 3746 2438 ἑνικῶς

2091 2470 2202 2525 ἐστι
2256 2468 2469 2524 πάντων
2527 2473 2632 2524 τῶν
2690 2464 2906 2522 πολλῶν
2959 2463 3138 2520 καλῶν
3161 2465 3250 2519 καὶ
3299 2463 3514 2540 ἀγαθῶν
3545 2461 3746 2527 αἴτιον,

2089 2558 2184 2616 Ἐκ
2213 2560 2397 2615 τούτου
2426 2555 2479 2598 ¹⁵
2521 2563 2684 2614 πᾶσαι
2716 2560 2819 2611 τῶν
2852 2554 3021 2610 ὄντων
3072 2557 3124 2610 αἱ
3157 2551 3428 2617 οὖσιώδεις
3474 2550 3739 2632 ὑπάρξεις,

2088 2651 2142 2706 αἱ
2169 2649 2404 2720 ἑνώσεις,
2440 2651 2492 2703 αἱ
2551 2644 2861 2724 διακρίσεις,
2900 2647 2948 2700 αἱ
3006 2643 3355 2716 ταῖτότητες,
3393 2645 3448 2697 αἱ
3495 2642 3748 2713 ἐτερότῆο

2088 2761 2196 2810 τες,
2235 2742 2286 2794 αἱ
2319 2739 2667 2812 ἐμοιότητες,
2701 2737 2752 2791 αἱ
2812 2735 3222 2808 ἀνομοιότητες,
3260 2735 3309 2788 al
3347 2734 3617 2789 κοινωνίαι
3648 2738 3751 2789 τῶν

2089 2829 2339 2884 ἒναντίων
2369 2825 2446 2902 ίθ,
2510 2829 2560 2882 αἱ
2606 2822 2915 2900 ἀσυμμιξίαι
2975 2829 3084 2879 τῶν
3141 2822 3459 2898 ἡνωμένων,
3522 2824 3574 2878 αἱ
3629 2821 3756 2900 πρό·-

2091 2940 2226 2974 νοιαι
2257 2924 2362 2972 τῶν
2393 2918 2718 2994 ὑπερτέρων,
2754 2915 2804 2968 αἱ
2840 2911 3200 2991 ἀλληλουχίαι
3245 2918 3352 2968 τῶν
3384 2911 3752 2990 ὁμοστοίχουν,

2091 3010 2141 3063 αἱ
2202 3006 2513 3085 ἐπιστροφαὶ
2558 3012 2664 3060 τῶν
2707 2999 3156 3080 κατάδεεστέρων,
3201 3003 3250 3057 αἱ
3295 3001 3510 3058 πάντων
3556 3001 3758 3057 ἑαυτῶν

355 3097 552 3176 ipsum
582 3097 895 3176 pulchrum
912 3106 971 3157 et
989 3097 1207 3157 bonum
1228 3097 1484 3178 ,quando
1507 3097 1566 3158 in
1587 3097 1707 3159 Deo
1732 3097 2003 3159 laudatur

2091 3097 2433 3178 φρουρητικαὶ
2495 3096 2581 3152 καὶ
2647 3092 3028 3168 ἀμετακίνητοι
3103 3093 3261 3167 μοναὶ
3333 3092 3421 3147 καὶ
3499 3089 3750 3169 ἱδρυσεις.

355 3204 536 3265 supra
565 3184 982 3258 substantiam,
1015 3186 1340 3248 auferendo
1376 3187 1676 3250 universa.
1738 3189 2009 3269 Denique

354 3276 467 3336 hoc
491 3293 674 3335 unum
704 3273 923 3335 bonum
945 3283 1002 3335 et
1031 3275 1342 3354 pulchrum
1371 3276 1749 3356 singulariter
1769 3285 1855 3338 est
1885 3296 2008 3337 om-

355 3365 519 3424 nium
550 3363 868 3424 multorum
904 3365 1382 3444 pulchrorum‘et
1405 3365 1694 3426 bonorum
1719 3366 2006 3429 causa.Ex

355 3454 469 3514 hoc
487 3470 688 3513 rerum
706 3453 970 3514 omnium
996 3453 1415 3516 substantiales
1436 3456 2010 3531 exsistentiaa,unio-

355 3559 480 3606 nes.
514 3541 1320 3624 distinctiones,identitates,
1346 3545 1736 3618 diversitates,
1795 3545 2019 3608 hedera

354 3633 814 3713 contrariorum,
864 3652 1064 3695 rerum
1119 3634 1422 3696 unitarum
1480 3635 2011 3717 impermistiones,

354 3722 741 3800 providentia;
789 3724 1192 3803 superiorum,
1250 3733 1454 3786 mutua
1486 3725 1786 3789 consortia
1809 3743 2011 3787 rerum

2098 3189 2192 3246 Καὶ
2249 3186 2394 3250 αὖθις
2457 3188 2508 3241 αἱ
2564 3183 2778 3240 πάντων
2831 3180 2885 3236 ἐν
2945 3188 3105 3238 πᾶσιν
3158 3181 3365 3244 οἰκείως
3397 3180 3610 3252 ἑκάστῳ
3638 3202 3756 3238 κοι-

2095 3276 2294 3348 νωνίαι,
2326 3276 2416 3331 καὶ
2449 3274 2772 3353 ἐφαρμογαὶ,
2819 3272 2908 3329 καὶ
2938 3271 3235 3350 ἀσῦγχυτοι
3280 3269 3470 3349 φιλίαι,
3532 3273 3623 3326 καὶ
3654 3269 3754 3349 ἀρ-

2097 3366 2270 3439 μονίαι
2303 3372 2393 3421 τοῦ
2423 3367 2645 3433 παντὸς,
2678 3365 2730 3418 αἱ
2760 3362 2813 3418 ἐν
2845 3368 2922 3434 τῷ
2944 3363 3100 3417 παντὶ
3132 3361 3472 3439 συγκράσεις,
3501 3361 3590 3416 καὶ
3622 3358 3673 3401 ¹⁷
3707 3361 3756 3416 αἱ

2099 3454 2365 3512 ἀδιάλυτοι
2427 3453 2656 3532 συνοχιὶ
2711 3459 2818 3508 τῶν
2877 3450 3068 3524 ὄντῶν,
3130 3452 3182 3506 αἱ
3240 3448 3581 3506 ἀνέκλειπτοι
3633 3450 3753 3506 δια-

2099 3545 2256 3624 δογαὶ
2316 3548 2420 3600 τῶν
2475 3564 2792 3621 γινομενων,
2856 3544 2906 3597 αἱ
2967 3541 3178 3602 στάσεις
3237 3546 3428 3610 πᾶσαι,
3463 3541 3550 3595 καὶ
3583 3541 3636 3595 αἱ
3667 3561 3754 3595 κι-

2097 3639 2276 3706 νήσεις
2310 3637 2361 3690 αἱ
2391 3639 2495 3690 τῶν
2519 3635 2675 3712 νοῶν,
2711 3633 2779 3712 αἱ,
2810 3637 2918 3688 τῶν
2949 3631 3165 3710 ψυχῶν,
3201 3632 3253 3686 αἱ
3296 3631 3403 3685 τῶν
3433 3630 3700 3703 σωμάτων
3736 3643 3751 3659 ⁸

2097 3730 2278 3791 στάσις
2323 3725 2423 3802 γὰρ
2479 3723 2590 3779 ἐστι
2643 3709 2780 3780 πᾶσί
2841 3722 2928 3777 καὶ
2979 3722 3210 3794 κίνησις,
3267 3721 3331 3776 τὸ
3394 3718 3522 3798 ὑπὲρ
3579 3726 3756 3776 πᾶσαν

355 3829 488 3892 quin
510 3813 930 3892 suntejusdem
954 3813 1638 3888 ordinis,conversiones
1658 3815 2003 3876 inferiorum

2094 3820 2278 3872 στάσιν
2340 3815 2428 3871 καὶ
2471 3820 2647 3870 πᾶσαν
2707 3811 2916 3877 κίνησιν
2996 3808 3226 3882 ἐνιδρύον
3302 3809 3524 3867 ἕκαστον
3567 3809 3624 3866 ἐν
3680 3817 3758 3884 τῷ

356 3899 743 3980 omniumque
775 3901 1256 3982 suimetipsosum
1332 3905 1801 3965 conservatrices
1861 3907 2003 3964 557

2093 3909 2280 3965 ἑαυτοῦ
2309 3904 2476 3982 λόγῳ,
2510 3904 2598 3959 καὶ
2633 3908 2808 3958 κινοῦν
2839 3899 2922 3956 ἐπὶ
2966 3901 3064 3968 τὴν
3096 3900 3290 3958 οἰκείαν
3321 3921 3555 3966 κινησιν.

353 3988 873 4071 immutabilesque
898 3993 1237 4054 mansiones
1265 4011 1334 4054 ac
1353 3992 1764 4054 ﬁrmitates.Et
1793 4011 2001 4056 rursus
2027 3996 2290 4057 omnium
2314 3993 2376 4055 in
2399 3991 2678 4054 omnibus
2712 4008 2820 4070 pro
2853 3990 3142 4070 cujusque
3173 3987 3541 4070 proprietate
3576 4007 3753 4051 com-

357 4081 695 4152 muniones,
731 4089 790 4142 et
818 4083 1253 4164 congruentia,
1289 4083 1738 4162 inconfuszeque
1767 4083 2064 4160 amicitiae,
2098 4093 2158 4148 et
2207 4085 2641 4146 consensiones
2671 4079 2966 4160 universi,
3000 4097 3111 4142 nec
3141 4097 3259 4140 non
3311 4097 3510 4141 rerum
3544 4079 3607 4140 in
3643 4080 3760 4142 hoc

354 4176 633 4232 universo
662 4174 1264 4252 contemperationes,
1298 4171 1870 4250 indissolubilesque
1899 4175 2270 4256 complexus,
2310 4181 2369 4234 et
2399 4189 2603 4233 eorum
2639 4188 2770 4251 quae
2803 4170 2952 4230 ﬁunt
2985 4175 3286 4250 perpetua
3313 4167 3754 4242 successiones,

354 4268 542 4322 status
585 4279 816 4342 omnes,
849 4273 1167 4338 motusque
1228 4261 1545 4343 mentium,
1581 4263 1940 4344 animorum,
1973 4283 2340 4345 corporum;
2405 4271 2588 4323 status
2649 4260 2807 4321 enim
2867 4267 2960 4321 est
3016 4257 3295 4320 omnibus
3322 4265 3500 4338 atque
3562 4267 3760 4320 motus

357 4350 514 4426 quod
546 4351 705 4410 omni
730 4360 881 4413 statu
915 4361 1204 4432 motuque
1237 4349 1512 4431 superius
1541 4362 1801 4433 exstans,
1833 4372 1960 4417 rem
1993 4353 2322 4436 quamlibet
2349 4351 2410 4415 in
2440 4349 2688 4434 propria
2733 4347 2971 4412 ratione
2999 4347 3218 4425 ﬁrmat,
3250 4356 3310 4410 et
3342 4347 3414 4410 ad
3449 4349 3758 4430 prapriam

356 4440 562 4520 dirigit
591 4442 942 4505 motionem.

1930 4609 1959 4690 ς
2001 4605 2166 4674 VIII.

436 4765 706 4859 Denique
725 4765 940 4859 divinas
961 4771 1192 4856 mentes
1204 4764 1500 4859 dicuntur
1514 4770 1736 4831 moveri
1755 4769 2003 4859 circula-

2179 4767 2274 4825 Καὶ
2304 4767 2566 4823 κινεῖσθαι
2599 4764 2696 4839 μὲν
2726 4763 2773 4820 όί
2827 4766 2965 4820 θεῖοι
3002 4761 3252 4842 λέγονται
3305 4763 3443 4842 νόες,
3477 4759 3756 4826 κυκλικῶς

353 4848 500 4910 riter
523 4845 796 4924 quidem,
853 4845 993 4906 dum
1028 4845 1322 4928 principio
1367 4848 1608 4925 ﬁneque
1663 4851 2003 4913 carentibus

2090 4857 2186 4933 μέν
2218 4856 2487 4932 ἐνούμενοι
2520 4867 2641 4918 ταῖς
2687 4853 2945 4932 ἀνάρχοις
2997 4854 3085 4910 καὶ
3129 4851 3506 4920 ἀτελευτήτοις
3539 4850 3756 4927 ἐλλάμ-

357 4937 584 5017 pulchri
605 4935 865 5016 bonique
886 4934 1308 5015 splendoribus
1325 4937 1866 5016 uniuntur;directe
1896 4959 2001 5002 au-

2089 4952 2211 5023 ψεσι
2242 4954 2332 5004 τοῦ
2392 4943 2555 5002 καλοῦ
2586 4945 2674 5002 καὶ
2727 4943 2924 5022 ἀγαθοῦ
2961 4957 2975 4972 ⁸
3014 4933 3130 4999 κατ’
3163 4943 3370 4999 εὐθεῖαν
3415 4939 3494 5015 δὲ,
3549 4943 3754 5000 ὁπόταν

273 5045 276 5048 ’
355 5035 501 5103 tem,
533 5026 773 5106 quando
803 5024 878 5086 ad
930 5024 1282 5088 inferiorum
1323 5027 1754 5108 providentiam
1790 5048 2000 5112 proce-

2089 5039 2350 5115 προΐωσιν
2382 5033 2434 5077 1⁸
2462 5037 2536 5099 εἷς
2587 5033 2685 5102 τήν
2727 5034 2833 5091 τῶν
2881 5031 3179 5111 ὑφειμένων
3233 5031 3514 5111 πρόνοιαν,
3577 5032 3756 5105 εὖθείᾳ

356 5117 528 5197 dunt,
552 5123 714 5177 recte
764 5115 966 5177 omnia
990 5115 1300 5195 dirigenda
1328 5140 1344 5192 ;
1376 5118 1620 5200 oblique
1669 5139 1832 5193 vero,
1859 5121 2003 5183 dum

2089 5127 2154 5184 τὰ
2181 5127 2354 5184 πάντα
2397 5125 2728 5203 περαίνοντες
2783 5139 2798 5154 ⁸
2862 5119 3169 5185 ἑλικοειδῶς
3229 5120 3306 5196 δέ,
3341 5119 3424 5177 ὅτι
3455 5121 3543 5177 καὶ
3607 5143 3753 5194 προ-

356 5203 745 5270 inferioribus
792 5204 1171 5268 consulentes
1201 5205 1264 5268 in
1288 5208 1500 5272 eodem
1523 5217 1680 5274 statu
1712 5222 2003 5293 perpetuo

2090 5226 2331 5282 νοοῦντες
2381 5222 2486 5273 τῶν
2540 5211 2990 5293 καταδεεστέρων,
3039 5210 3442 5290 ἀνεκφοιτήτως
3497 5231 3727 5287 μενοῦσι

3727 5313 3756 5346 ν

1689 5380 1948 5447 ἾΑΒΙΔΕ
2001 5383 2444 5452 LECTIONES.

437 5555 470 5605 8
489 5557 528 5642 ᾗ
565 5558 664 5612 τισὶ
711 5554 831 5636 μέν,
864 5553 959 5642 DL
998 5556 1051 5642 49
1078 5555 1195 5614 καθ’
1227 5558 1352 5642 αὑτὸ
1383 5557 1708 5642 μεθ’ᾉαῦτοῦ,
1748 5561 1815 5624 D.
1865 5564 1928 5626 S.
2015 5563 2070 5607 ¹⁰
2113 5564 2411 5642 πάγκαλον,
2437 5547 2508 5626 ⁵8.
2595 5562 2645 5605 ¹¹
2674 5572 2749 5640 τῷ
2779 5557 3082 5642 ἀγαθῷλὸ.
3118 5639 3133 5642 _
3167 5557 3222 5642 ξ’
3249 5561 3336 5617 καὶ
3365 5565 3460 5642 τοῦ
3517 5560 3748 5640 ἀγαθοῦ,

358 5633 428 5697 D.
489 5639 632 5724 Item
669 5633 827 5724 mox.
911 5635 962 5681 ‘3
992 5640 1261 5724 ὑμνεῖ-ται,
1291 5636 1357 5724 8ζ
1505 5639 1593 5724 DL
1663 5640 1716 5683 η
1745 5651 1897 5724 τοῦτο
1929 5644 1982 5700 δὲ
2040 5644 2102 5701 τὸ
2133 5633 2215 5724 ἓν,
2244 5648 2308 5708 Ρ.
2395 5633 2448 5689 η
2475 5646 2536 5702 ἐκ
2562 5633 2776 5720 ταύτοῦ,
2934 5633 3014 5686 ’ίθ
3043 5639 3244 5705 subdit
3271 5643 3336 5705 S.
3395 5633 3747 5722 διακεκριμέιί

360 5739 484 5777 νων.
573 5716 624 5760 1⁷
656 5717 742 5773 καί
774 5735 892 5782 non
923 5719 1098 5786 estin
1128 5718 1200 5784 Β.
1228 5722 1289 5785 S.
1326 5722 1390 5783 Ρ.
1424 5721 1522 5787 Sc.
1557 5719 1689 5788 Sor.
1778 5721 1831 5769 ίθ
1860 5725 2147 5809 προίδωσι,
