4032 6416
388 323 504 393 707

1602 322 1663 388 S.
1710 325 2053 392 DIONYSII
2094 318 2560 395 AREOAGIT/E

3653 331 3778 405 708

391 461 790 535 conservatio,
820 460 1016 522 omnis
1048 458 1295 532 finiszet,
1331 467 1398 519 ut
1423 458 1769 520 summatim
1806 460 2019 533 dicam,

2110 466 2176 521 τὰ
2230 466 2349 523 ὄντα
2381 466 2441 523 ἐκ
2498 473 2593 525 τοῦ
2644 467 2811 526 καλου
2840 469 2929 526 οιαὶ
2973 472 3194 549 ἀγαθοῦ’
3237 474 3321 530 καὶ
3378 474 3552 532 πάντα
3578 475 3646 531 τὰ
3677 479 3779 535 οὒκ

391 555 592 617 omnia
619 572 750 635 qum
779 562 935 626 sunt,
964 571 1039 613 ex
1076 552 1322 631 pulchro
1352 560 1408 613 et
1440 551 1596 612 bono
1627 553 1939 629 exsistunt,
1973 561 2019 615 el

2115 554 2263 624 ὄντα,
2324 558 2644 635 ὕπερουσίως
2693 556 2747 613 ἐν
2795 563 2873 632 τῷ
2915 559 3064 634 καλῴ
3111 563 3195 618 διαὶ
3257 562 3460 641 ἀγαθῷ*
3514 566 3601 621 καὶ
3659 563 3777 622 ἔστι

386 645 588 707 omnia
616 661 751 723 quae
782 661 897 703 non
931 652 1090 715 sunt,
1125 649 1181 700 in
1228 641 1477 721 pulchro
1512 649 1570 701 et
1604 642 1757 702 bono
1788 654 2033 705 suntsu-

2117 644 2328 731 πάντων
2373 646 2543 726 ἀρχὴ,
2577 649 2664 704 καὶ
2695 648 2858 725 πέρας
2910 651 3258 731 ὓπεράρχιον,
3315 658 3404 710 καὶ
3460 654 3779 731 ὑπερτελές,

386 732 987 814 prasubstantialiter;
1022 740 1078 791 et
1107 738 1198 791 est
1229 730 1495 790 omnium
1541 730 1896 811 principium
1930 752 2019 794 su-

2119 726 2253 792 ”Οτι
2312 734 2362 801 ἐξ
2421 737 2601 810 αὑτοῦ,
2666 741 2751 794 καὶ
2809 736 2877 793 δι’
2930 739 3110 820 αὖτοῦ,
3195 744 3281 798 καὶ
3345 742 3401 798 ἐν
3455 746 3623 818 αὒτῷ,
3686 745 3781 803 καὶ

386 841 669 904 praquam
712 821 1043 902 principale
1073 831 1131 881 et
1154 820 1289 879 finis
1327 838 1683 900 supraquam
1709 823 2033 900 perfectus;

2966 827 2991 848 Ἰ

2121 826 2195 889 εἷς
2260 826 2387 882 αὒτο
2439 826 2494 876 31
2554 829 2619 883 τὰ
2675 828 2871 896 πάντα,
2949 827 3020 891 ὤς

3083 853 3247 909 φησιν
3304 832 3331 887 ὀ
3383 834 3521 910 ἱερὸς
3585 833 3779 913 λόγος·

387 914 690 987 Quoniam
704 930 785 973 ea:
798 913 1005 990 ipso.et
1015 910 1420 990 peripsum,et
1433 912 1495 970 in
1511 910 1732 988 ipso,et
1746 912 1825 972 ad
1840 913 2019 990 ipsum

2122 920 2287 1003 Πᾶσιν
2348 922 2436 971 οὖν
2497 916 2610 972 ἐστι
2674 919 2735 973 τὸ
2801 915 2962 974 καλὸν
3022 922 3108 975 καὶ
3168 920 3388 1000 ἀγαθὸν,
3433 910 3784 1003 ἐφετὸνίκαὶ

382 1010 616 1075 omnia,
645 1002 798 1062 sicut
831 1001 910 1061 ait
948 998 1260 1080 Scriptura
1280 997 1644 1060 tLUniversis
1675 1001 1856 1077 igitur
1898 1002 2032 1081 pul-

384 1093 592 1155 chrum
624 1100 684 1151 et
707 1090 925 1151 bonum
959 1088 1361 1150 desiderabile
1392 1096 1447 1149 et
1480 1089 1739 1151 amabile
1763 1097 1849 1151 est
1874 1097 1931 1151 et
1957 1090 2029 1152 ab

2117 1002 2362 1085 ἐραστὸν,
2421 1009 2509 1062 καὶ
2576 1007 2883 1074 ἁφαπητόν·
2957 1010 3046 1065 καὶ
3123 1008 3188 1065 δι’
3254 1011 3405 1090 αὐτὸ,
3474 1013 3560 1067 καὶ
3620 1002 3785 1072 αὑτοῦ

2116 1092 2293 1174 ἕνεκα,
2353 1095 2441 1151 καὶ
2510 1096 2576 1151 τὰ
2628 1095 2776 1163 ἥττω
2826 1097 2931 1153 τῶν
2979 1100 3295 1176 κρειττόνων
3349 1100 3781 1180 ἑπιστρεπτικῶς

382 1181 681 1243 universis
728 1180 1018 1258 diligitur;
1066 1188 1123 1239 et
1177 1190 1427 1258 propter
1472 1178 1693 1258 ipsum,
1740 1188 1798 1240 et
1842 1180 2019 1259 ipsius

2116 1184 2294 1259 ἐρῶσι,
2330 1186 2417 1240 καὶ
2467 1186 2790 1249 κοινωνικῶς
2818 1188 2883 1243 τὰ
2915 1190 3220 1270 ὁμόστοιχα
3248 1196 3357 1246 τῶν
3385 1178 3668 1270 ὁμοταγῶν
3695 1191 3771 1267 ³³,

382 1288 560 1334 causa
588 1279 644 1331 et
672 1270 961 1330 inferiora
1000 1277 1199 1328 amant
1237 1269 1570 1346 superiora,
1626 1269 2029 1331 convertenda

381 1382 446 1424 se
477 1363 549 1424 ad
583 1379 673 1443 ea;
702 1371 759 1423 et
786 1378 920 1441 quae
950 1371 1091 1422 sunt
1133 1359 1404 1439 ejusdem
1438 1359 1672 1420 ordinis
1698 1368 1907 1422 amant
1940 1362 2028 1422 si-

381 1452 568 1528 milia,
594 1450 1117 1527 communicando;
1151 1458 1210 1510 et
1242 1448 1465 1528 majora
1510 1448 1770 1526 minora,
1827 1452 2029 1530 provi-

381 1542 580 1605 dendo
625 1542 734 1613 eis;
787 1550 844 1602 et
892 1540 1118 1618 singula
1163 1538 1379 1618 seipsa,
1414 1540 1820 1601 conservando
1849 1558 1937 1617 se;
1971 1548 2030 1602 et

381 1634 601 1706 omnia,
637 1633 953 1713 pulchrum
983 1639 1044 1690 et
1073 1628 1295 1689 bonum
1322 1629 1685 1707 expetendo,
1719 1628 1942 1691 faciunt
1972 1638 2028 1691 et

2115 1276 2200 1329 καὶ
2260 1276 2326 1331 τὰ
2377 1276 2599 1353 κρείττω
2659 1274 2713 1319 33
2767 1284 2873 1333 τῶν
2923 1279 3162 1347 ἡττόνων
3211 1285 3607 1357 προνοητικῶς,
3682 1287 3776 1341 καὶ

2114 1363 2244 1419 αξιτά
2302 1363 2501 1421 ἑαυτῶν
2561 1364 2756 1423 ἕκαστα
2815 1375 3160 1440 συνεκτικῶς,
3205 1372 3295 1426 καὶ
3338 1372 3512 1430 πάντα
3540 1379 3634 1430 τοῦ
3661 1395 3775 1431 κα-

2113 1450 2208 1510 λοῦ
2262 1455 2351 1510 καὶ
2407 1455 2603 1532 ἀγαθοῦ
2674 1456 2949 1533 ἐφιέμενα,
3010 1462 3283 1516 ποιεῖκαῖ
3314 1460 3566 1537 βούλεται
3597 1464 3772 1524 πάντα

2113 1542 2209 1598 ὅσα
2241 1557 2389 1601 ποιεῖ
2447 1548 2533 1602 οιαὶ
2591 1545 2857 1620 βούλεται,
2908 1546 3332 1626 Ηαῤῥησιάσεται
3391 1548 3447 1607 δέ
3497 1554 3588 1608 καί
3615 1560 3775 1612 τοῦτο

2113 1634 2281 1689 εἰπεῖν
2316 1637 2343 1689 6
2374 1633 2574 1703 ἀληθὴς
2609 1634 2791 1715 λόγος,
2828 1636 2906 1692 ὅτι
2958 1639 3046 1693 καὶ
3110 1638 3267 1701 αὒτὸς
3320 1640 3535 1698 πάντων
3595 1642 3772 1709 αἴτιος

378 1722 599 1795 volunt,
638 1738 1007 1801 quaecunque
1038 1718 1258 1779 faciunt
1304 1726 1363 1777 et
1412 1717 1614 1778 voluut
1643 1717 1793 1790 Quin
1828 1727 1883 1779 et
1916 1719 2019 1782 hoc

2111 1719 2178 1778 δι’
2227 1723 2560 1799 ἀγαθότητος
2616 1723 2916 1804 ὒπερϐολὴν
2975 1728 3190 1783 πάντων
3248 1729 3361 1805 ἐρᾷ,
3397 1732 3571 1787 πάντα
3595 1747 3769 1808 ποιεῖ,

373 1830 514 1875 vere
544 1811 834 1872 audemus
856 1809 1079 1869 dicere.
1109 1807 1265 1885 quod
1304 1810 1429 1885 ipse
1455 1815 1543 1867 est
1573 1807 1846 1868 omnium
1878 1826 2024 1869 cau-

374 1920 463 1963 sa.
507 1910 749 1980 propter
790 1896 1201 1960 excellentiam
1252 1895 1533 1957 bonitatis
1582 1897 1784 1957 omnia
1844 1908 2023 1974 amat,

380 1990 541 2064 facit,
576 1990 775 2050 omnia
807 1987 1064 2069 perficit,
1100 1986 1298 2047 omnia
1329 1987 1619 2061 continet,
1651 1987 1853 2049 omnia
1874 2006 2024 2051 con—

378 2081 558 2141 vertit
586 2079 657 2140 ad
690 2096 777 2155 se;
813 2086 871 2139 et
903 2090 993 2139 est
1026 2077 1260 2138 divinus
1289 2093 1460 2138 amor
1495 2075 1686 2137 bonus
1718 2076 1856 2137 boni
1890 2097 2026 2158 pro-

378 2177 510 2247 pter
539 2168 787 2229 bonum.
814 2167 946 2246 Ipse
977 2166 1137 2228 enim
1176 2184 1345 2227 amor
1373 2165 1747 2242 divinus,qui
1779 2166 2022 2230 bonita—

377 2268 495 2321 tem
517 2260 577 2319 in
600 2258 673 2319 iis
689 2276 820 2339 quae
850 2267 986 2317 sunt
1013 2266 1317 2337 operatur,
1341 2255 1480 2335 quia
1519 2255 1685 2334 prius
1709 2257 1931 2319 exstitit
1964 2259 2025 2319 in

376 2347 533 2410 bono
551 2349 872 2428 superlate,
902 2366 1016 2408 non
1036 2347 1172 2408 sivit
1199 2345 1393 2423 ipsum
1418 2344 1479 2405 in
1495 2363 1558 2405 se
1574 2348 1702 2406 sine
1724 2345 1866 2408 fmtu
1900 2366 2025 2410 ma-

2113 1813 2284 1868 πάντα
2336 1812 2561 1894 τελειοῖ,
2624 1815 2797 1873 πάντα
2847 1816 3086 1895 συνέχει,
3121 1818 3293 1874 πάντα
3324 1819 3656 1900 ἒπιστρέφει,
3683 1825 3772 1879 καὶ

2112 1900 2221 1957 ἔστι
2253 1906 2342 1959 καὶ
2373 1906 2399 1959 6
2428 1907 2573 1966 θεῖος
2604 1900 2660 1945 3‘
2689 1904 2821 1975 ἔρως
2879 1908 3072 1984 ἀγαθὸς
3135 1907 3329 1985 ἀγαθοῦ
3388 1907 3473 1965 διὰ
3520 1913 3584 1967 τὸ
3628 1913 3765 1991 ἀγα-

2108 1991 2221 2053 θόν,
2270 1993 2436 2056 Αὒτὸς
2495 1994 2595 2072 γὰρ
2648 1996 2675 2050 6
2723 1995 3046 2074 ἀγαθοεργὸς
3108 1998 3214 2052 τῶν
3275 1996 3443 2053 ὄντων
3493 1998 3650 2078 ἔρως,
3714 2002 3769 2059 ἐν

2109 2081 2174 2136 τά
2192 2084 2322 2156 (αθῴ
2400 2081 2517 2138 καθ’
2592 2081 2893 2162 ὑπερϐολὴν
2961 2086 3347 2166 προῦπσὶρχων,
3410 2090 3505 2145 οὒά
3583 2092 3767 2149 εἴασεν

2109 2171 2264 2227 αὒτὸν
2319 2171 2508 2249 ἄγονον
2567 2173 2621 2229 ἐν
2679 2174 2847 2247 ἐαυτῷ
2897 2175 3096 2249 μένειν,
3157 2174 3367 2242 ἐκίνησε
3420 2176 3474 2233 δὲ
3507 2183 3665 2239 αὐτὸν
3695 2185 3767 2246 εἰς

2107 2263 2170 2316 τὸ
2226 2263 2662 2339 πρακτικεύεσθαι
2721 2266 2858 2321 κατὰ
2927 2266 3022 2331 τὴν
3082 2264 3331 2322 ἁπάντων
3388 2272 3682 2344 γενητικὴν
3715 2270 3766 2315 ³⁵

2110 2348 2436 2428 ὑπερϐολὴν.

374 2455 542 2513 nere,
580 2437 685 2500 sed
719 2437 916 2518 potius
960 2442 1137 2498 movit
1169 2454 1305 2499 eum
1337 2435 1410 2498 ad
1444 2434 1815 2516 operantium
1849 2438 2177 2501 secundum
2210 2439 2626 2513 excellentiam
2662 2440 2894 2505 virtutis
2921 2459 3044 2506 suae
3075 2444 3343 2507 omnium
3375 2463 3576 2510 rerum
3610 2449 3759 2512 effe-

376 2526 600 2589 ctricis.

1963 2664 1994 2745 §
2039 2663 2138 2729 x1.

454 2824 808 2909 359Neque
830 2842 970 2889 vero
995 2843 1102 2886 nos
1122 2823 1433 2906 quisquam
1460 2832 1622 2905 putet
1644 2834 1848 2887 contra
1866 2822 2023 2887 Scri-

372 2924 563 2999 ptura;
591 2917 1001 2979 auctoritatem
1029 2916 1254 2977 amoris
1285 2933 1504 2975 nomen
1537 2914 1869 2977 celebrare.
1922 2913 2025 2975 Est

371 3007 579 3069 enima
600 3007 827 3068 ratione
840 3005 1199 3077 alienum,ut
1217 3004 1516 3084 opinor,et
1537 3005 2021 3081 absurdum,nou

368 3095 485 3157 vim
509 3096 697 3176 ipsam
719 3095 968 3157 instituti
990 3093 1433 3166 attendere,sed
1460 3092 1663 3168 verba;
1688 3111 1883 3172 neque
1907 3094 2019 3154 hoc

373 3192 679 3267 proprium
704 3193 793 3247 est
814 3202 1020 3246 eorum
1049 3181 1153 3263 qni
1172 3200 1271 3244 res
1294 3181 1523 3243 divinas
1554 3182 1890 3260 intelligere
1907 3201 2013 3244 cu-

370 3274 680 3357 piunt,sed
711 3291 890 3336 sonos
913 3273 1102 3335 exiles
1127 3279 1521 3352 aucupantur,
1537 3271 1902 3352 eosdemque
1923 3290 2020 3333 ex-

370 3365 667 3427 trinsecus
688 3383 834 3428 aure
858 3372 1031 3427 tenus
1047 3363 1118 3424 ad
1130 3361 1595 3443 mittunt,neque
1616 3363 1771 3425 scire
1792 3363 2014 3446 volunt,

369 3458 513 3539 quid
539 3457 954 3539 hujuscemodi
980 3455 1161 3517 dictio
1180 3454 1571 3534 signiﬁcet,et
1596 3473 1855 3535 quonam
1883 3474 2013 3516 mo-

367 3548 444 3610 do
475 3548 608 3611 aliis
631 3549 808 3611 etiam
838 3546 1033 3609 verbis
1054 3545 1572 3627 aaquipollentibus
1590 3554 1649 3606 et
1672 3544 2012 3625 explanato-

364 3638 475 3701 riis
504 3638 579 3699 sit
608 3638 981 3719 exitonenda.
1015 3637 1120 3698 sed
1151 3635 1370 3697 addicti
1404 3642 1545 3697 sunt
1601 3634 1914 3697 elementis
1940 3654 2011 3698 ac

367 3726 544 3790 lineis
588 3747 720 3807 qua;
764 3726 1018 3806 intelligi
1084 3745 1202 3787 non
1251 3733 1518 3807 possunt,
1569 3722 1928 3805 syllabisque
1957 3732 2015 3786 et

367 3815 564 3878 verbis
593 3817 1076 3897 incognitis,qu33
1099 3814 1335 3877 illorum
1368 3814 1734 3877 intellectum
1769 3813 2015 3876 minime

365 3906 611 3981 feriunt,
653 3906 760 3967 sed
810 3914 977 3967 extra
1017 3908 1243 3967 circum
1305 3903 1468 3965 labra
1509 3913 1569 3965 et
1598 3922 1772 3965 aures
1807 3922 2012 3965 eorum

371 4004 776 4076 perstrepunt,
813 3993 980 4076 quasi
1011 4014 1125 4055 non
1160 3994 1297 4056 licet
1345 4002 1600 4073 quatuor
1646 4011 1752 4074 per
1780 3991 1871 4054 bis
1899 3993 2015 4055 duo

370 4083 738 4161 significare,
763 4095 864 4146 aut
890 4084 1194 4164 simplices
1224 4084 1411 4144 lineas
1444 4100 1551 4163 per
1591 4081 1780 4143 lineas
1822 4092 2016 4146 rectas

367 4183 469 4238 aut
497 4190 833 4239 maternum
851 4175 1042 4238 solum
1070 4195 1175 4257 per
1198 4180 1475 4255 patrium,
1499 4183 1599 4236 aut
1621 4174 1779 4236 aliud
1817 4177 2013 4256 quoli-

368 4267 471 4329 bet
504 4286 611 4348 per
666 4267 724 4329 id
776 4266 934 4348 quod
984 4266 1045 4328 in
1104 4266 1380 4347 plurimis
1430 4266 1717 4327 orationis
1750 4265 2015 4346 partibus

371 4358 680 4438 aequivalet
715 4379 731 4419 :
764 4376 903 4420 cum
937 4368 1099 4419 recta
1135 4357 1286 4417 ratio
1317 4355 2013 4437 doeeat,elementis,syl-

366 4447 542 4528 labis,
567 4446 956 4528 dictionibus,
974 4445 1240 4527 scriptis,
1277 4445 1591 4526 verbisque
1622 4464 1729 4505 nos
1752 4444 1834 4505 uti
1868 4463 2009 4525 pro-

2190 2831 2286 2887 Καὶ
2320 2832 2396 2906 μή
2456 2852 2536 2893 τις
2594 2834 2737 2907 ἡμᾶς
2799 2834 2984 2891 οἰέσθω
3043 2838 3186 2914 παρᾶ
3230 2839 3297 2894 τὰ
3356 2838 3513 2916 λόγια
3543 2836 3643 2905 τὴν
3674 2842 3767 2893 τοῦ

2105 2916 2308 2983 ἔπωτος
2362 2920 2664 2995 ἐπωνυμίαν
2725 2922 3057 3001 πρεσϐεύειν.
3122 2915 3292 2984 ’Ἐστι
3327 2927 3423 3002 μὲν
3483 2926 3584 3005 γὰρ
3642 2923 3769 2982 ἅλο-

2104 3030 2223 3084 γον,
2285 3011 2359 3073 ὡς
2402 3012 2582 3083 οἶμαι,
2618 3014 2704 3068 καὶ
2758 3018 2942 3069 σκαιὸν
2976 3012 3054 3091 ³⁸,
3089 3016 3149 3071 τὸ
3181 3016 3259 3091 μὴ
3288 3022 3357 3092 τῇ
3399 3014 3619 3088 δυνάμει
3667 3014 3762 3070 τοῦ

2104 3103 2304 3154 σκοποῦ
2359 3099 2674 3179 προσέχειν,
2724 3100 2860 3157 ἀλλὰ
2917 3115 3039 3165 ταῖς
3096 3103 3294 3170 λέξεσι·
3327 3106 3601 3163 καὶτοῦτο
3661 3106 3758 3161 οὐκ

2101 3185 2213 3243 ἔστι
2267 3191 2372 3242 τῶν
2432 3189 2495 3244 τὰ
2542 3192 2663 3246 θεῖα
2724 3204 2868 3248 νοεῖν
2924 3192 3212 3250 ἒθελόντων
3270 3192 3431 3271 ἴδιον,
3488 3192 3626 3251 αλλὰ
3658 3193 3767 3250 τῶν

2106 3275 2273 3356 ἣχους
2335 3275 2520 3352 ψιλοὺς
2569 3276 2982 3360 εἰσδεχομένων,
3049 3285 3137 3339 ιιαὶ
3179 3283 3399 3349 τούτους
3456 3283 3587 3363 ἄχρι
3646 3284 3759 3339 τῶν

2099 3366 2252 3423 ὤτων
2287 3363 2620 3442 ἀδιαϐάτους,
2681 3368 2869 3435 ἔξωθεν
2929 3373 3288 3452 συνεχόντων,
3350 3376 3437 3431 καὶ
3492 3378 3585 3432 οὐκ
3637 3371 3760 3429 ἑθε-

2099 3453 2301 3513 λόντων
2347 3454 2398 3497 37
2461 3455 2674 3539 εἰδέναι,
2730 3459 2779 3515 τί
2836 3460 2932 3536 μὲν
2992 3459 3175 3521 τοιάδε
3244 3462 3383 3529 λέξις
3478 3464 3755 3537 σημαίνει,

2094 3550 2209 3610 πῶς
2269 3543 2323 3601 δὲ
2383 3549 2547 3615 αὖτὴν
2603 3549 2714 3627 χρὴ
2775 3552 2861 3606 καὶ
2904 3549 2970 3606 δι’
3030 3550 3223 3629 ἐτέρων
3268 3551 3619 3628 ὀμοδυνάμων
3670 3552 3759 3610 καὶ

2095 3635 2562 3716 ἑκφατνικωτέρων
2590 3635 2646 3680 ⁸8
2702 3637 2895 3705 Λέξεων
2954 3639 3303 3722 διασαφῆσαι,
3364 3645 3758 3723 προσπασχόν-

2095 3747 2202 3781 των
2259 3724 2313 3782 δὲ
2373 3730 2686 3808 στοιχεῖοις,
2746 3730 2837 3786 καὶ
2906 3745 3188 3809 γραμμαῖς
3249 3734 3499 3802 ἀνοήτοις
3535 3729 3614 3812 ³9,
3673 3733 3763 3789 οιαὶ

2098 3813 2414 3891 συλλαϐαῖς,
2475 3820 2562 3873 καὶ
2611 3816 2821 3883 λεξεσιν
2874 3819 3194 3901 ἀγνώστοις,
3237 3823 3316 3897 μὴ
3362 3820 3757 3886 διαϐαινούσαις

2098 3907 2171 3969 εἰς
2200 3907 2263 3961 τὸ
2306 3912 2403 3973 τῆς
2434 3910 2618 3987 ψυχῆς
2651 3908 2822 3967 αὖτῶν
2868 3913 3068 3989 νοερὸν,
3103 3909 3225 3968 ἀλλ’
3258 3910 3360 3978 ἔξω
3393 3913 3513 3982 περὶ
3546 3913 3610 3968 τὰ
3631 3914 3757 3992 χεί-

2097 3992 2166 4061 λη
2202 3997 2289 4051 καὶ
2316 3996 2410 4061 τὰς
2459 3996 2622 4061 ἀκοὰς
2683 4000 2854 4056 αὐτῶν
2906 3997 3408 4078 διαϐομϐουμέναις,
3455 4002 3638 4082 ὥσπερ
3669 4003 3764 4059 οὒκ

2099 4083 2212 4172 ἐξὸν
2267 4087 2359 4141 τὸν
2408 4087 2635 4166 τέσσαρα
2679 4088 2898 4167 ἀριθμὸν
2953 4089 3039 4147 διὰ
3095 4099 3189 4149 τοῦ
3214 4090 3288 4155 δὶς
3319 4092 3407 4149 δύο
3438 4093 3749 4172 σημαίνειν,

2104 4170 2135 4241 Κ
2185 4175 2249 4231 τὰ
2280 4177 2621 4254 εὐθύγραμμα
2679 4175 2764 4234 διὰ
2825 4186 2932 4235 τῶν
2983 4181 3394 4261 ὀρθογράμμων,
3421 4182 3456 4251 ἢ
3501 4184 3602 4250 τὴν
3635 4170 3754 4258 μιηὲ

2097 4261 2241 4341 τρίδα
2271 4263 2354 4320 διὰ
2406 4271 2504 4332 τῆς
2560 4265 2832 4345 πατρίδος,
2884 4269 2919 4337 ἢ
2981 4270 3161 4350 ἓτερόν
3221 4293 3271 4327 τι
3303 4270 3497 4328 ιοτῶν
3530 4270 3762 4336 πολλοῖς

2093 4363 2187 4412 τοῦ
2241 4353 2400 4432 λόγου
2458 4354 2641 4435 μέρεσι
2711 4359 2868 4415 ταύτὸ
2926 4360 3318 4435 σημαινόντων·
3381 4360 3498 4418 δέον
3572 4360 3762 4418 εἰδέναι

2093 4445 2231 4501 κατὰ
2260 4445 2350 4500 τὸν
2383 4443 2535 4522 ὂρθὸν
2589 4444 2776 4525 λόγον,
2826 4446 2906 4505 ὅτι
2949 4450 3241 4530 στοιχείοις
3300 4452 3388 4508 καὶ
3432 4449 3754 4525 συλλαϐαῖς,

364 4546 498 4618 pter
526 4554 760 4611 sensus,
779 4539 924 4600 adeo
945 4545 1153 4600 utcum
1185 4532 1384 4597 anima
1418 4543 1619 4596 nostra
1643 4534 2013 4613 intelligendi

2105 4535 2185 4589 mi
2214 4532 2414 4605 λέξεσι,
2451 4536 2536 4591 οιαὶ
2566 4548 2823 4616 γραφαῖς,
2869 4540 2956 4595 καὶ
3016 4538 3198 4618 λόγοις
3256 4542 3514 4621 χρώμεθα
3544 4539 3629 4598 δια
3664 4543 3760 4607 τὰς

361 4626 736 4689 facultatibus
765 4626 954 4688 fertur
977 4627 1034 4688 in
1055 4645 1123 4687 ea
1145 4645 1277 4707 quae
1319 4624 1624 4687 intellectu
1660 4623 2008 4703 percipiun-

365 4724 515 4789 tum,
539 4721 662 4775 tum
694 4715 913 4777 frustra
937 4733 1149 4777 sensus
1181 4733 1298 4777 una
1327 4731 1461 4775 cum
1485 4713 1809 4775 sensilibus
1840 4712 2010 4774 adhi-

2095 4625 2389 4696 αἱσθτςσεις,
2424 4624 2497 4687 ὡς
2542 4624 2669 4681 ὅταν
2716 4627 2873 4701 ἡμῶν
2925 4631 2958 4697 ἡ
3026 4629 3182 4709 ψυχὴ
3216 4644 3338 4695 ταῖς
3368 4645 3584 4709 νοερα·’ς
3617 4632 3761 4708 ἐνερι

2094 4712 2262 4791 γείαις
2297 4713 2383 4769 ἐπὶ
2413 4714 2476 4769 τὰ
2511 4716 2679 4780 νοητὰ
2707 4729 2964 4799 κινεῖται,
3027 4740 3271 4797 περιτται
3338 4721 3475 4797 μετὰ
3527 4727 3634 4776 τῶν
3673 4722 3760 4777 αἱ·

362 4805 640 4882 beantur;
696 4804 845 4865 sicut
895 4804 1071 4867 etiam
1131 4805 1287 4867 vires
1338 4801 1737 4883 intelligendi,
1771 4803 2007 4883 quando

2105 4804 2299 4877 τθῃτῶν
2375 4803 2427 4858 αἰ
2500 4802 2789 4871 αἰσθήσεις*
2824 4805 3005 4884 ὥσπερ
3035 4809 3123 4864 καὶ
3154 4809 3204 4865 aii
3257 4810 3433 4887 νοεραὶ
3475 4807 3755 4885 δυνάμεις,

362 4895 701 4975 animajam
721 4894 1026 4956 deiformis
1048 4896 1262 4957 ell‘ecta
1281 4912 1385 4976 per
1409 4891 1672 4970 ignotam
1696 4893 2003 4969 unionem,

362 4985 516 5048 lucis
537 4985 857 5048 inaccessae
878 4984 1061 5047 radiis
1102 4983 1425 5047 exoculatis
1455 4983 1615 5065 quasi
1641 4982 1901 5063 jactibus
1947 5001 2011 5045 se

362 5074 858 5154 ingerit.Quando
875 5083 1071 5137 autem
1098 5091 1269 5136 mens
1298 5091 1405 5153 per
1431 5072 1675 5134 sensilia
1706 5071 1905 5134 studet
1934 5071 2009 5133 ad

364 5166 888 5248 contemplatrices
919 5165 1050 5229 illas
1099 5161 1523 5243 intelligentias
1554 5161 1818 5239 excitari,
1853 5179 2009 5243 prae-

445 5283 473 5329 (ι
503 5274 681 5339 Rom.
717 5290 798 5351 xl,
830 5271 932 5335 36.

2094 4889 2220 4947 ὅταν
2279 4889 2315 4957 ἦ
2374 4893 2529 4972 ψυχὴ
2611 4892 2847 4963 θεοειδὴς
2907 4918 3164 4973 γινομενη
3227 4896 3314 4978 41,
3379 4896 3445 4954 δι’
3511 4899 3757 4962 ὶνώσεως

2094 4979 2368 5057 ἀγνώστου
2423 4993 2546 5044 ταῖς
2604 4990 2697 5039 τοῦ
2773 4983 3059 5065 ἀπροσίτου
3116 4988 3294 5066 φωτὸς
3354 4987 3571 5045 ἀκτῖσιν
3629 4988 3756 5046 ἐπι-

2093 5067 2293 5146 ϐάλλῃ,
2326 5082 2447 5131 ταῖς
2480 5069 2813 5147 ἂνομμᾶτοις
2873 5073 3182 5141 ἐπιϐολαῖς.
3248 5068 3433 5136 (Ὅταν
3464 5075 3530 5145 δὴ
3574 5080 3603 5134 6
3640 5087 3756 5143 νοός

2093 5158 2176 5220 διὰ
2234 5166 2339 5217 τῶν
2396 5162 2659 5229 αἰσθητῶν
2703 5162 3071 5224 ἀνακινεῖσθαι
3130 5164 3332 5246 σπεύδῃ
3377 5170 3510 5249 πρὸς
3542 5172 3755 5247 θεωρη,

1683 5360 1943 5428 VARIE
2004 5360 2447 5429 LECTIONES.

446 5529 494 5576 3|
524 5531 596 5611 εἷς
649 5532 831 5611 αδτόν,
865 5530 934 5595 Ρ,
997 5529 1067 5592 Ι),
1155 5522 1209 5569 ³9
1241 5525 1538 5611 ομοτίμων,
1568 5524 1646 5611 Μ.
1701 5526 1802 5589 Sc.

366 5610 440 5675 D.
523 5610 578 5656 ³⁸
604 5611 714 5668 ἔστι
746 5605 842 5689 μὲν
875 5609 1307 5690 παράλογον,-ὼς
1350 5605 1536 5690 οἶμαι,
1567 5610 1661 5690 καὶ.
1685 5611 1914 5690 εἰκαῖον,
1947 5605 2010 5672 S.

365 5715 487 5776 τπς,
524 5693 593 5755 D.
679 5684 964 5772 ω’ἑτέρων
981 5713 1054 5768 τι,
1388 5684 1436 5730 ⁴¹
1472 5684 1760 5771 γένομένη,
1791 5689 1857 5754 Ρ.

1887 5520 1942 5569 ³³
1971 5526 2266 5604 κρείττονα,
2321 5520 2392 5589 D.

2476 5521 2533 5568 ³⁸
2556 5526 2646 5617 καὶ
2698 5528 2861 5617 ἔστιν-
2892 5530 2921 5587 6
2974 5532 3146 5610 θεῖος,
3181 5532 3273 5617 Ρ.-
3334 5528 3390 5576 ³⁵
3418 5517 3753 5617 γεννετικήν,

2094 5604 2149 5649 ³⁷
2180 5606 2239 5663 οὒ
2293 5604 2578 5683 θελόντων,
2609 5608 2674 5670 S.
2761 5607 2816 5653 ³⁸
2843 5604 3410 5696 ἐριφαντορίκωτέρων,
3430 5604 3443 5612 ⁷
3495 5610 3551 5657 39
3578 5604 3754 5688 ἀνθ-ἦέ
