4032 6420
229 333 353 409 709
1305 333 1402 404 DE
1447 329 1744 403 DIVINIS
1785 320 2236 413 NOMINIBUS,
2284 331 2447 398 CAP.
2499 327 2580 398 IV
3507 331 3628 403 710

237 479 392 539 me;
445 477 680 548 νοήσεις,
742 471 1050 550 τιμιώτεραι
1105 474 1316 534 πάντως
1375 467 1662 528 εἶσὶνιεαῖ
1693 468 1884 537 ἐπιδη-

1985 471 2348 533 stantissimae
2385 473 2651 534 omnium
2693 473 3377 553 suntperspicacissimae
3411 493 3619 537 sensu-

237 566 453 645 λότεραι
505 572 611 621 τῶν
676 565 968 632 αἰσθήσεων
1016 561 1474 642 διαπορθμεῦσεις,
1529 563 1574 618 οἱ
1622 560 1883 641 σαφέστε-

1985 570 2068 612 im
2097 553 2566 631 trajectiones,ut
2599 555 2958 631 apertissimi
2990 572 3303 616 sermones
3327 575 3396 617 ac
3413 557 3621 618 claris-

239 680 324 736 ροι
361 656 536 735 λόγοι,
571 654 636 710 τὰ
663 650 1025 730 παρανὲστερα
1075 659 1179 708 τῶν
1201 655 1424 730 ὁρατῶν,
1451 653 1522 714 ὡς
1563 649 1686 706 ὅταν
1720 649 1883 726 ἀτρά-

1985 640 2136 703 ςίιηω
2162 643 2938 724 visiones;quippe,quando
2967 645 3065 705 illa
3091 665 3202 725 qua
3217 647 3493 708 sensibus
3518 647 3621 709 ob-

237 769 382 804 νωτα
439 745 476 821 ᾖ
532 744 596 800 τὰ
650 743 1012 822 παρακείμενα
1041 755 1162 805 ταῖς
1194 743 1518 820 αἰσθήσεσιν,
1580 738 1691 795 οῦδὲ
1737 741 1888 797 αὖταὶ

1985 732 2125 800 iecta
2154 741 2294 793 sunt
2325 733 2569 794 minime
2604 733 2854 814 liquent,
2891 743 3011 795 tum
3049 736 3250 814 ulique
3281 753 3494 798 sensus
3523 755 3622 798 res

233 843 315 910 τῷ
372 843 448 908 νῷ
477 834 817 912 παραστῆσαι
873 833 938 889 τὰ
1003 834 1226 898 αἰσθητὰ
1301 831 1477 894 καλῶς
1548 829 1882 898 δυνήσονται.

1985 822 2222 882 sensiles
2255 823 2432 883 menti
2462 823 2767 902 porrigere
2815 824 3060 885 minime
3092 834 3364 905 possunt.
3400 827 3516 888 Sed
3547 845 3622 888 ne

235 925 391 992 Πλὴν
444 923 535 979 ἵνα
595 923 672 998 μὴ
703 928 864 982 ταῦτα
895 923 1066 977 εἰπεῖν
1097 919 1358 992 δοκῶμεν.
1391 923 1464 983 ὡς
1495 920 1560 974 τὰ
1588 919 1709 975 θεῖα
1732 917 1888 995 λόγια

1985 911 2100 971 haec
2117 911 2317 972 dicere
2339 913 2948 988 videamur,utdivina
2965 915 3183 993 scripta
3213 916 3288 975 im
3300 925 3617 999 mutemus,

235 1019 682 1094 παρακινοῦντες,
741 1010 1077 1067 ἆκοδέτωσαν
1147 1013 1318 1066 αὐτῶν
1359 1007 1413 1050 ⁴³
1440 1012 1486 1065 οἱ
1541 1009 1636 1074 την
1697 1006 1888 1086 ἔρωτος

1985 1000 2216 1060 audiant
2251 1000 2346 1061 illa
2369 1001 2466 1081 qui
2492 1021 2706 1062 nomen
2731 1004 2952 1064 amoris
2980 1004 3374 1066 criminantur
3415 1027 3426 1068 :
3469 1011 3622 1069 Ama

235 1089 547 1178 ἐπωνυμίαν
611 1097 1006 1162 διαϐάλλοντες,
1044 1091 1332 1177 Ἐράσῦητι
1368 1099 1550 1172 αυῦτῆς,
1599 1099 1749 1176 φησὶ,
1804 1098 1890 1153 καὶ

1985 1090 2188 1169 illam,
2237 1089 2452 1170 inquit,
2487 1099 2545 1151 et
2563 1093 2861 1153 custodiet
2890 1100 2944 1153 te
2981 1112 2995 1153 :
3055 1111 3193 1172 sepe
3226 1094 3399 1155 illum
3431 1105 3490 1156 et
3522 1114 3622 1158 em-

234 1192 466 1271 τηρήσξι
527 1204 606 1245 σε’
671 1188 1114 1267 περιχαράκωσον
1176 1188 1364 1265 αὐτὴν,
1427 1188 1511 1242 καὶ
1561 1185 1763 1260 ὑψώσει
1798 1201 1877 1239 σε·

1985 1179 2133 1240 tollet
2164 1187 2220 1241 te
2255 1201 2267 1241 :
2304 1181 2722 1271 bono-raram,
2763 1192 2824 1242 ut
2883 1183 3326 1271 complectatur
3357 1191 3414 1245 te
3445 1200 3467 1227 τ
3517 1207 3529 1243 :
3565 1194 3623 1247 et

235 1269 470 1356 τίμησόν
529 1278 716 1356 αὐτὴν,
761 1277 854 1332 ἵνα
888 1298 946 1332 σε
977 1273 1267 1353 περιλάϐῃ·
1303 1277 1388 1332 καὶ
1439 1273 1536 1332 ὅσα
1582 1274 1714 1335 ἄλλα
1749 1274 1884 1330 κατὰ

1985 1287 2336 1350 ιιιεεοιιηᾳιιε
2378 1269 2493 1331 alia
2544 1269 2602 1330 in
2639 1271 2949 1333 amatoriis
2975 1271 3048 1333 de
3083 1270 3203 1333 Deo
3239 1274 3624 1336 sermonibus

237 1372 336 1434 τὰς
369 1369 651 1448 ἰερωτικὰς
683 1365 954 1445 θεολογίας
985 1363 1042 1409 “
1067 1367 1335 1442 ὑμνεῖται.

1985 1358 2386 1421 :elebrantur.

1832 1499 1862 1579 §
1906 1496 2034 1561 xu.

327 1609 511 1668 Καίτοι
567 1608 708 1677 ἕδοξέ
759 1633 864 1668 τισι
915 1611 1022 1668 τῶν
1079 1611 1192 1669 καθ’
1233 1614 1376 1688 ἡμᾶς
1407 1609 1692 1690 ἱερολόγων
1723 1609 1811 1665 καὶ
1839 1605 1892 1649 ⁴⁵

2055 1605 2234 1686 Atqui
2280 1609 2465 1666 visum
2519 1614 2607 1667 est
2645 1606 2999 1687 quibusdam
3049 1607 3268 1669 nostris
3320 1625 3622 1670 sacrarum

238 1700 510 1777 θειότερον
541 1700 685 1757 εἶναι
715 1701 775 1758 τὸ
805 1707 897 1758 τεῦ
934 1700 1128 1781 ἔρωτος
1161 1703 1330 1774 ὄνομα
1368 1701 1459 1758 τοῦ
1506 1707 1604 1767 τῆς
1649 1700 1887 1777 ἀγάπης.

1985 1695 2414 1774 Scripturarum
2433 1695 3099 1767 tractatoribus,nomen
3123 1704 3342 1760 amoris
3366 1698 3626 1762 divinius

236 1787 434 1867 Γράφει
469 1787 521 1844 δὲ
566 1791 711 1846 καὶὸ
753 1793 893 1855 θεῖος
936 1790 1215 1868 Ἰγνάτιος·
1248 1791 1309 1849 Ὀ
1335 1794 1464 1866 ἒμὸς
1521 1789 1650 1868 ἔρως
1695 1789 1888 1844 ἐσταύ-

1985 1800 2106 1844 esse
2132 1803 2306 1865 quam
2330 1803 2547 1846 nomen
2572 1785 2930 1846 dilectionis.
2960 1783 3181 1848 Scribit
3202 1787 3360 1847 enim
3389 1786 3627 1848 divinus

237 1898 430 1954 ρωται,
468 1879 566 1934 Καὶ
597 1878 650 1934 ἐν
681 1881 808 1944 ταῖς
857 1894 1290 1959 προεισαγωγαϊς
1343 1887 1448 1937 τῶν
1501 1879 1696 1958 λογίων
1727 1878 1889 1956 5597',-

1985 1873 2271 1952 [gnatiusz
2314 1898 2339 1928 α
2378 1877 2539 1935 Meus
2578 1893 2743 1935 amor
2789 1875 3104 1936 cruciﬁxus
3135 1885 3244 1939 est.
3297 1901 3317 1934 ι)
3360 1877 3432 1938 Ει
3459 1876 3519 1938 in
3552 1875 3625 1939 iis

236 1987 350 2028 σεις
409 1967 528 2022 τινὰ
587 1965 809 2045 λέγοντα
869 1971 984 2046 περὶ
1041 1970 1136 2037 τῆς
1174 1972 1311 2034 θείας
1362 1971 1582 2048 Σοφίας·
1629 1968 1890 2045 Ἐραστης

1985 1982 2104 2043 quae
2126 1962 2350 2024 aditum
2382 1963 2454 2024 ad
2499 1962 2867 2043 Scripturam
2903 1975 3262 2044 praeparant,
3303 1965 3624 2047 quemdam

237 2055 508 2132 ἐγενόμην
560 2064 653 2114 τοῦ
710 2057 939 2122 κάλλους
1009 2059 1194 2126 αὐτῆς,
1258 2060 1436 2114 ’Ὥστε
1493 2067 1649 2115 τοῦτο
1706 2056 1771 2124 δὴ
1833 2058 1891 2112 τὸ

1985 2053 2244 2114 invenies
2276 2053 2349 2113 de
2380 2054 2572 2114 divina
2603 2054 2904 2132 Sapientia
2923 2061 3202 2130 aientem,
3229 2058 3484 2118 Amator
3501 2057 3627 2135 fac-

237 2147 334 2202 τοῦ
384 2145 577 2220 ἔρωτος
641 2144 809 2203 ὄνομα
867 2150 942 2223 μὴ
1004 2147 1319 2228 φοϐηθῶμεν
1349 2147 1424 2229 ⁸⁸,
1461 2147 1594 2223 μηδὲ
1642 2171 1718 2212 τις
1750 2148 1890 2220 ἡμεῖς

237 2232 525 2313 θορυϐείτω
584 2236 743 2314 λόγος
816 2241 938 2315 περί
1016 2241 1200 2294 τούτου
1291 2239 1679 2312 δεδιττόμενος,
1742 2236 1891 2310 Ἐμοὶ

238 2325 341 2402 γὰρ
370 2323 608 2381 δοκοῦσιν
643 2327 689 2382 οἱ
739 2325 980 2404 θεολόγοι
1035 2329 1208 2383 κοινὸν
1268 2329 1365 2402 μὲν
1420 2328 1673 2405 ἡγεῖσθαι
1704 2327 1764 2380 τὸ
1794 2330 1892 2390 τῆς

241 2413 484 2491 ἀγάπης,
523 2416 610 2470 καὶ
658 2417 719 2470 τὸ
769 2423 861 2472 τοῦ
920 2416 1110 2494 ἔρωτος
1173 2416 1364 2492 ὄνομα,
1398 2415 1480 2475 διὰ
1511 2413 1743 2474 τοῦτοδὲ
1776 2427 1890 2476 τοῖς

241 2503 404 2568 θείοις
437 2503 641 2578 μᾶλλον
692 2506 960 2562 ἀναθεῖναι
988 2509 1078 2562 τὸν
1111 2505 1273 2572 ὅντως
1305 2506 1495 2583 ἔρωτα,
1531 2505 1614 2562 διὰ
1646 2507 1744 2571 τὴν
1775 2501 1896 2559 ἄτο-

241 2615 346 2648 πον
404 2596 508 2649 τῶν
568 2595 822 2650 τοιούτων
868 2593 1066 2674 ἀνδρῶν
1114 2596 1406 2675 πρόληψιν,
1445 2595 1764 2674 Θεοπρεπῶς
1797 2594 1895 2670 γὰρ

238 2692 335 2741 τοῦ
364 2681 554 2763 ἕντως,
588 2683 916 2765 ἕρωτος,οὒχ
955 2684 1041 2764 ὑφ’
1065 2687 1220 2753 ἡμῶν
1260 2688 1446 2762 μόνον,
1480 2684 1615 2740 ἄλλα
1645 2687 1732 2740 καὶ
1766 2685 1896 2762 πρός

241 2777 350 2828 τῶν
403 2771 599 2849 λογίων
654 2777 825 2832 αὐτῶν
875 2775 1230 2850 ὑμνουμένου,
1262 2777 1326 2833 τὰ
1375 2774 1557 2844 πλήθη
1591 2775 1666 2849 μὴ
1703 2773 1898 2852 χωρηο

242 2883 414 2917 σαντα
463 2863 526 2918 τὸ
583 2859 806 2926 ἐνοειδὲς
864 2867 963 2929 τῆς
1009 2863 1271 2941 ἐρωτικῆς
1329 2865 1646 2937 θεωνδμίας,
1694 2863 1899 2923 οἰκείως

242 2951 457 3014 ἑαυτοῖς
494 2950 582 3007 ἐπὶ
611 2954 699 3007 τὸν
735 2954 984 3030 μεριστὸν
1015 2955 1104 3008 καὶ
1139 2958 1544 3029 σωματοπρεπῆ
1578 2955 1665 3008 καὶ
1697 2950 1898 3030 διῃρη-

239 3040 405 3114 μένον
437 3039 815 3115 ὲξωλίσθησαν,
875 3045 946 3103 ὼς
1005 3040 1058 3084 ⁸⁷
1128 3052 1223 3099 οῦκ
1285 3043 1426 3099 ἔστιν
1476 3041 1680 3110 ἀληθὴς
1743 3041 1896 3118 ἔρως,

243 3129 394 3205 ἀλλ’,
430 3128 682 3202 εἴδωλον,
718 3129 752 3198 ἤ
784 3130 1004 3206 μάλλων
1037 3130 1300 3196 ἔκπτωσις
1348 3140 1438 3188 τοῦ
1485 3130 1648 3197 ὅντως
1679 3131 1899 3208 ἔρωτος·

242 3219 542 3299 ἀχωρητον
586 3216 640 3261 ‘3
669 3221 768 3297 γάρ
799 3220 909 3276 ἐστι
939 3227 1017 3293 τῷ
1047 3220 1236 3290 πλήθει
1280 3223 1342 3277 τὸ
1396 3223 1599 3278 ἐνιαϊον
1647 3229 1738 3278 τοῦ
1767 3221 1902 3277 θείου

242 3312 337 3365 καὶ
365 3309 484 3372 ἑνός
516 3309 728 3386 ἔρωτος·
765 3308 842 3365 διὸ
874 3313 959 3366 καὶ
1007 3313 1080 3374 ὡς
1131 3309 1539 3391 δυσχερέστερον
1586 3311 1752 3386 ὄνυμα
1785 3323 1902 3369 τοῖς

246 3398 480 3460 πολλοῖς
537 3397 748 3473 δοκοῦν,
799 3399 883 3456 ἐπὶ
925 3400 1021 3467 τῆς
1079 3401 1218 3464 θείας
1280 3408 1464 3480 σοφίας
1525 3402 1768 3456 τάττεται
1824 3396 1900 3473 ‘9,

245 3494 379 3569 πρὸς
435 3491 721 3568 ἀναγωγὴν
783 3492 950 3548 usus»
999 3493 1088 3549 καί
1117 3494 1402 3549 ἀνάστασιν
1434 3495 1507 3556 είς
1548 3494 1648 3559 τὴν
1680 3493 1773 3549 τοῦ
1804 3491 1896 3548 ὅν-

245 3604 355 3646 τως
400 3583 595 3658 ἔρωτος
653 3586 875 3659 φρῶσιν,
942 3585 1030 3638 καὶ
1073 3582 1210 3638 ὥστε
1269 3583 1594 3650 ἀπολυθῆναι
1652 3588 1750 3649 τῆς
1813 3581 1898 3638 ἐπ’

241 3673 397 3746 αῦτῷ
426 3669 757 3750 δυσχερείαςο
793 3669 875 3750 ἐφ’
915 3672 1066 3747 ἡμῶν
1098 3671 1150 3727 δὲ
1183 3672 1350 3747 αὖθις,
1403 3674 1519 3729 ἔνθα
1572 3675 1656 3728 καὶ
1702 3672 1898 3728 ἄτοπόν

247 3784 298 3818 τι
332 3759 598 3824 πολλάκις
626 3761 694 3827 ἦν
731 3761 975 3829 οἰηθῆναι
1035 3763 1155 3826 τοὺς
1213 3761 1591 3841 χαμαιζήλους
1646 3763 1782 3818 κατὰ
1839 3764 1899 3816 τὸ

247 3851 439 3910 δοκοῦν
483 3851 869 3930 εὐφημότερον,
915 3850 1201 3925 Ἐπέπεσε,
1235 3853 1312 3915 τίς
1343 3875 1527 3930 φησιν,
1585 3853 1619 3920 ἡ
1680 3852 1900 3928 ἀγάπη-

249 3944 330 4002 σίς
389 3963 484 4000 σου
515 3939 602 3996 ἐπ’
630 3939 725 4015 ἐμὲ
781 3942 825 3996 ὠ
866 3942 900 4008 ἡ
958 3941 1228 4019 ἀγάπησις
1295 3947 1400 3996 τῶν
1461 3947 1744 4018 γυναικῶν,
1783 3935 1903 3997 Ἐπί

247 4043 371 4095 τοῖς
432 4034 597 4108 ορθὼς
660 4029 764 4084 τῶν
823 4031 976 4088 θείωυ
1034 4031 1394 4108 ἀκροωμένοις
1451 4031 1536 4086 ἐπὶ
1579 4035 1678 4096 τῆς
1739 4032 1901 4096 αὒτῆς

249 4120 529 4196 δυνάμεως
587 4119 834 4175 τάττεται
877 4121 1008 4198 πρὸς
1053 4126 1156 4176 τῶν
1218 4122 1371 4200 lepth
1424 4119 1689 4198 θεολόγῶν
1718 4121 1900 4180 τὸτῆς

250 4211 473 4290 ἀγάπης
504 4209 590 4265 καὶ
634 4211 694 4265 τὸ
723 4204 777 4251 ⁵⁰
805 4218 895 4266 τοῦ
954 4208 1148 4285 ἔρωτος
1208 4208 1376 4281 ὄνομα
1435 4211 1569 4266 κατὰ
1612 4211 1708 4273 τὰς
1765 4211 1903 4270 θείας

1979 2151 2075 2204 tus
2094 2161 2224 2204 sum
2239 2145 2454 2220 forma:
2483 2143 2898 2217 illius..Quare
2915 2163 2990 2205 ne
3010 2154 3252 2224 propter
3272 2145 3383 2205 hoc
3407 2163 3627 2208 nomen

1977 2232 2196 2293 amoris
2217 2242 2552 2293 metuamus
2588 2253 2603 2304 ;
2639 2252 2747 2294 nec
2779 2234 2937 2294 ullus
2967 2235 3040 2295 de
3075 2235 3187 2295 hoc
3223 2235 3463 2295 nomine
3489 2237 3630 2295 560

1978 2340 2174 2382 sermo
2207 2341 2312 2382 nos
2344 2332 2710 2402 moveat,aut
2735 2332 2977 2383 terreat.
3004 2323 3140 2383 Mihi
3165 2330 3324 2384 enim
3353 2323 3631 2386 videntur

1981 2411 2237 2489 theologi
2272 2413 2647 2472 existimasse
2661 2413 2898 2492 quidem
2919 2430 3237 2473 commune
3257 2431 3476 2474 nomen
3497 2431 3628 2476 esse

1976 2500 2199 2560 amoris
2229 2509 2286 2561 et
2309 2501 2784 2572 dilectionis,sed
2815 2501 3161 2564 attribuisse
3194 2501 3410 2563 divinis
3435 2503 3630 2583 Scrip-

1981 2596 2131 2651 turis
2153 2609 2352 2652 verum
2385 2609 2649 2653 amorem
2684 2601 2926 2672 pr0pter
2955 2591 3295 2671 huiusmodi
3322 2593 3632 2654 hominum

1980 2689 2215 2761 turpem
2253 2683 2466 2742 mentis
2516 2682 3020 2762 anticipationem.
3078 2682 3225 2744 Cum
3261 2683 3419 2742 enim
3455 2701 3633 2746 verus

1982 2789 2150 2832 amor
2171 2790 2286 2831 non
2317 2791 2351 2831 a
2379 2770 2549 2832 nobis
2582 2771 2796 2842 solum,
2831 2771 2934 2832 sed
2968 2771 3042 2832 ab
3065 2770 3210 2852 ipsis
3225 2772 3444 2833 sanctis
3475 2770 3633 2836 Scri-

1985 2860 2265 2940 pturis,ut
2310 2863 2496 2922 Deum
2522 2860 2714 2930 decet,
2751 2861 3262 2939 laudetur,vulgus
3293 2861 3629 2940 hominum,

1985 2967 2118 3010 cum
2145 2967 2261 3010 non
2278 2955 2642 3029 percepisset
2665 2950 2822 3010 illam
2850 2950 3318 3011 uniformitatem
3335 2970 3510 3030 quam
3533 2950 3630 3012 di-

1985 3037 2184 3098 vinum
2219 3058 2436 3099 nomen
2470 3039 2693 3099 amoris
2725 3039 3488 3118 signiticet,convenienter
3519 3039 3630 3102 sibi

1986 3128 2059 3188 ad
2082 3146 2347 3189 amorem
2375 3128 2678 3208 patibilem
2715 3138 2772 3189 et
2817 3147 3168 3207 corporeum
3205 3137 3382 3207 atque
3415 3130 3632 3191 distra-

1987 3227 2144 3280 ctum
2178 3221 2485 3298 delapsum
2512 3228 2620 3291 est,
2659 3218 2760 3298 qui
2795 3238 2910 3279 non
2945 3228 3032 3280 est
3066 3237 3247 3280 verus
3295 3237 3486 3291 amor.
3523 3219 3630 3282 sed

1987 3309 2204 3387 imago,
2236 3311 2321 3370 vel
2358 3311 2548 3390 potius
2575 3309 2774 3388 lapsus
2795 3327 2830 3370 a
2865 3327 3000 3369 vero
3030 3327 3278 3384 amore;
3312 3309 3629 3371 multitudo

1989 3398 2149 3460 enim
2180 3417 2297 3459 non
2324 3409 2514 3478 potest
2536 3398 2891 3474 cogitatione
2917 3416 3133 3477 capere
3154 3399 3301 3460 illud
3331 3397 3632 3476 singulare

1983 3488 2170 3550 divini
2218 3497 2276 3548 et
2305 3489 2480 3548 unius
2510 3487 2730 3548 amoris
2760 3507 2774 3556 :
2811 3489 3199 3567 Quamobrem
3225 3496 3500 3567 tanquam
3530 3506 3634 3547 no-

1985 3596 2144 3651 men,
2181 3577 2336 3656 quod
2372 3577 2536 3654 vulgo
2571 3577 2805 3638 videtur
2835 3577 3066 3650 durius,
3095 3576 3334 3655 ponitur
3360 3576 3631 3637 indivina

1985 3665 2309 3748 Sapientia,
2362 3673 2424 3726 ut
2452 3666 2657 3742 vulgus
2701 3666 2772 3726 ad
2810 3666 3210 3744 cognitionem
3265 3666 3387 3726 veri
3410 3669 3630 3728 amoris

1986 3757 2251 3818 elevetur
2280 3764 2337 3816 et
2367 3754 2630 3832 erigatur
2660 3764 2719 3816 et
2741 3753 2813 3814 ab
2837 3773 2928 3828 ea,
2958 3773 3130 3832 quam
3149 3755 3233 3814 illi
3258 3755 3455 3816 inesse
3478 3775 3631 3817 con-

1987 3848 2149 3927 cipit,
2197 3844 2885 3907 indecentialiberetur:
2929 3845 3068 3904 etin
3100 3844 3272 3908 nobis
3290 3845 3630 3919 rursus,ubi

1987 3954 2398 4017 smpenumero
2417 3934 2634 4014 aliquid
2653 3933 2974 3994 absurdum
2994 3935 3265 3996 homines
3280 3942 3456 3996 terrae
3472 3935 3636 3997 afﬁxi

1986 4027 2247 4103 cogitare
2279 4033 2542 4105 possent,
2573 4023 2813 4104 ponitur
2861 4041 3079 4083 nomen
3125 4024 3281 4103 quod
3328 4025 3635 4086 honestius

1984 4117 2237 4176 videtur.
2287 4114 2540 4183 Cecidit,
2602 4112 2682 4173 ait
2723 4110 3237 4191 quidam,(tilectio
3267 4119 3373 4172 tua
3420 4114 3632 4189 inme,

1986 4213 2147 4268 sicut
2175 4203 2413 4266 dilectio
2442 4201 2771 4264 mulierum
2801 4203 2818 4241 ι
2850 4217 2862 4261 :
2891 4200 3171 4280 quoniam
3191 4201 3347 4262 sacri
3379 4201 3636 4280 theologi

251 4298 625 4380 ὶκεραντορίας.
689 4299 788 4356 Καὶ
843 4297 953 4353 ἔστι
999 4298 1153 4356 τοῦτό
1211 4297 1480 4374 δυνάμεως
1527 4299 1772 4356 ἐνοποιοῦ
1820 4301 1899 4355 καῖ

1992 4314 2211 4358 nomen
2246 4293 2580 4353 dilectionis
2613 4304 2671 4352 et
2713 4289 2932 4352 amoris
2980 4289 3270 4350 adhibent
3301 4291 3631 4351 secundum

249 4377 588 4461 συνδετικῆς,
671 4385 768 4444 καὶ
849 4386 1199 4468 διαφερόντως
1295 4390 1651 4466 συγκρατικῆς
1724 4388 1778 4442 ἐν
1834 4391 1899 4461 τίς

1995 4386 2223 4453 divinas
2255 4381 2646 4460 elocutiones,
2671 4388 2733 4441 ut
2765 4379 3034 4440 eamdem
3071 4378 3181 4438 vim
3199 4377 3630 4468 habeantapud

253 4478 408 4552 καλῷ
441 4477 534 4532 καὶ
568 4478 770 4555 ἀγαθῷ,
831 4473 914 4532 διὰ
971 4483 1031 4534 τὸ
1090 4476 1253 4534 καλὸν
1296 4479 1384 4534 καὶ
1413 4478 1606 4555 ἀγαθὸν
1669 4484 1902 4557 προῦφε-

252 4569 494 4642 στώσης,
528 4569 616 4623 καὶ
658 4566 720 4622 ἐκ
747 4569 840 4622 τοῦ
870 4565 1036 4624 καλοῦ
1076 4570 1162 4624 καὶ
1193 4567 1391 4644 ἀγαθοῦ
1420 4565 1501 4622 διὰ
1531 4569 1591 4624 τὸ
1623 4565 1786 4624 καλόν
1818 4568 1904 4624 καὶ

251 4659 454 4737 ἀγαθὸν
511 4653 878 4732 ἰκδιδομένης,
935 4658 1021 4713 καὶ
1073 4657 1405 4737 σονεχούσης
1437 4656 1534 4732 μὲν
1567 4657 1627 4713 τὰ
1659 4658 1905 4734 ὁμοταγῆ

250 4749 390 4806 κοτὰ
439 4747 538 4816 τὴν
569 4748 889 4814 κοινωνικὴν
935 4745 982 4788 ⁵¹
1014 4745 1407 4826 ἀλληλουχίαν,
1472 4746 1725 4812 κινούσης
1755 4744 1810 4801 δὲ
1841 4748 1907 4801 τὰ

249 4839 444 4917 πρῶτα
479 4837 610 4916 πρὸς
638 4835 739 4902 τὴν
768 4841 873 4892 τῶν
902 4835 1196 4916 ὑφειμένων
1220 4837 1494 4914 πρόνοιαν,
1529 4837 1616 4892 καὶ
1642 4832 1908 4914 ἐνιδρυού-

250 4949 358 4996 σης
415 4928 484 4984 τὰ
553 4923 936 5006 καταδεέστερα
994 4931 1062 4993 τῆ
1137 4926 1430 5006 ἐπιστροφῇ
1495 4938 1613 4989 τοῖς
1683 4923 1907 5005 ὑφερτέ-

251 5040 393 5100 ροις.

337 5291 361 5324 τ
389 5277 567 5343 Prov.
599 5291 684 5358 iv,
715 5274 780 5355 6,
811 5275 874 5342 8.
959 5283 978 5310 '
1006 5275 1151 5357 Sap.
1186 5291 1312 5356 vin,
1345 5273 1402 5337 2.

1494 5278 1510 5311 ‘
1537 5271 1589 5337 Il
1621 5274 1769 5354 Reg.
1807 5291 1849 5355 ι,
1882 5273 1982 5337 26.

1991 4494 2094 4541 eos
2121 4472 2222 4554 qui
2253 4471 2453 4532 divina
2484 4481 2648 4531 recte
2679 4468 2946 4530 audiunt.
2996 4471 3218 4544 Estque
3253 4468 3364 4528 hoc
3404 4467 3635 4529 virtutis

1989 4562 2303 4645 cujusdam
2320 4560 2630 4621 uniticaeac
2651 4558 2982 4620 collectiva;
3002 4556 3639 4636 excellenterqnecon-

1989 4653 2538 4732 temperantis,quae
2559 4648 2619 4708 in
2645 4647 2898 4730 pulchro
2929 4656 2986 4708 et
3007 4646 3161 4707 bono
3197 4646 3635 4726 perpulchrum

1991 4753 2050 4808 et
2081 4743 2302 4804 bonum
2323 4737 2760 4820 praaexsistit,et
2773 4755 2845 4799 ex
2870 4737 3115 4818 pulchro
3137 4745 3192 4797 et
3214 4737 3372 4797 bono
3395 4744 3640 4817 propter

1991 4833 2304 4917 pulchrum
2340 4838 2397 4890 et
2429 4828 2649 4889 bonum
2695 4835 2952 4917 emanat,
2984 4825 3369 4917 continetque
3390 4825 3635 4907 quidem

1993 4915 2240 5004 aequalia
2264 4936 2369 5000 per
2403 4925 2665 4977 mutuam
2689 4915 3470 4996 connexionem,superiora
3494 4934 3635 4978 vero

1992 5012 2066 5074 ad
2091 5012 2442 5072 inferiorum
2475 5015 2670 5068 movet
2688 5004 3433 5086 providentiam,inferiora
3457 5022 3634 5087 porro

1993 5119 2100 5184 per
2133 5096 2582 5164 conversionem
2651 5095 2968 5176 quamdam
3024 5093 3436 5175 superioribus
3470 5096 3634 5157 inse-

1994 5192 2092 5254 rit.

1597 5401 1861 5468 VARIIE
1911 5398 2346 5465 LECTIONES.

338 5509 397 5556 ω
421 5511 657 5585 πάντως,
689 5508 760 5570 Ρ⁹
783 5505 882 5570 Sc.
968 5503 1025 5550 ω
1053 5505 1240 5580 αὑτήν,
1272 5507 1352 5566 Μ.
1385 5507 1486 5568 Sc.

1572 5503 1628 5548 ιδ
1654 5505 1964 5583 θεολογικὰς
1989 5503 2301 5583 ἐρωτήσεις,
2337 5499 2398 5564 S.

2485 5496 2541 5543 ‘5
2567 5500 2658 5558 καί
2684 5517 2803 5562 non
2833 5505 2927 5564 est
2973 5496 3038 5561 in
3067 5497 3154 5565 S..
3237 5497 3294 5544 ⁸ο
3319 5500 3397 5575 μὴ
3448 5497 3629 5581 φοϐώ..

258 5598 419 5670 μεθα,
453 5594 516 5656 8ο
706 5587 760 5631 ⁴⁷
791 5589 872 5663 ὅς,
907 5585 970 5652 S.
1004 5590 1072 5652 P.
1125 5589 1199 5653 D.
1227 5579 1331 5650 Sc.
1415 5585 1470 5630 ‘8
1497 5579 1872 5670 ἀναχώρητοῖι,
1906 5582 1980 5645 Μ-
2019 5579 2028 5582 ’
2066 5580 2121 5626 ⁴⁰
2151 5583 2383 5662 τέταται,
2419 5579 2490 5644 Ι).
2538 5581 2712 5658 forte,
2745 5581 3018 5642 τέτακται.
3101 5581 3166 5633 50
3193 5582 3253 5639 τό
3282 5599 3403 5643 non
3435 5579 3526 5643 est
3571 5583 3634 5646 in

261 5665 331 5739 Β.
363 5665 431 5738 Ρ.
469 5675 539 5738 D.
629 5665 676 5711 ⁶¹
711 5671 915 5748 κοινήν,
951 5671 1012 5734 S.
1047 5670 1114 5733 P.
