4032 6424
423 298 535 365 711

1617 292 1680 364 S.
1728 296 1914 365 ΙΠοΝ
1918 294 2071 365 YSII
2123 293 2603 367 AREOAGITE.

3691 294 3816 367 712

2001 432 2030 512 §
2081 430 2238 497 x111.

506 603 611 666 Est
645 610 938 685 praeterea
978 601 1213 668 divinus
1254 619 1422 665 amor
1450 602 1787 677 exstaticus,
1819 602 1915 684 qui
1948 619 2067 664 non
2087 600 2130 651 Α

426 693 716 756 sinitesse
735 713 874 757 suos
906 714 1009 758 eos
1038 695 1137 776 qui
1195 702 1332 756 sunt
1359 702 1677 775 amatores,
1724 694 1835 756 sed
1866 710 2073 755 eorum

427 803 579 866 quos
595 786 1019 864 amant.Atque
1037 786 1148 847 hoc
1165 784 1470 847 declarant
1482 782 1723 864 quidem
1737 783 2072 864 superiora,

425 874 914 956 quaeinteriorum
935 875 1220 955 ﬁunt,per
1242 873 1595 936 eorumdem
1610 873 2072 954 providentiam;

427 974 486 1028 et
513 984 646 1046 qua:
687 964 954 1045 ejusdem
985 964 1225 1043 generis
1267 972 1544 1044 sunt,per
1591 972 1850 1025 mutuam
1879 963 2074 1025 cohae-

426 1055 677 1118 rentiam
708 1078 723 1127 ς
751 1063 807 1116 et
835 1054 1255 1134 inferiora,per
1278 1052 1641 1114 diviniorem
1668 1054 1737 1114 ad
1762 1053 2074 1135 superiora

427 1145 899 1207 conversionem.
941 1142 1109 1207 Unde
1149 1142 1386 1204 divinus
1444 1141 1660 1204 Paulus
1705 1142 1905 1204 divino
1953 1143 2068 1204 isto

427 1253 633 1297 amore
653 1241 948 1315 captus,et
971 1234 1201 1294 virtutis
1224 1233 1837 1313 exstaticze'particeps
1853 1232 2067 1314 factus,

425 1322 622 1385 divino
649 1341 756 1385 ore
786 1322 867 1383 ait
893 1344 906 1385 :
953 1322 1096 1384 Vivo
1110 1340 1237 1403 ego,
1246 1324 1373 1399 iam
1396 1340 1517 1383 non
1542 1324 1832 1403 ego,vivz‘t
1853 1341 1988 1384 vero
2008 1324 2074 1383 in

423 1430 518 1474 me
551 1412 827 1475 Christus
855 1424 905 1488 n;
938 1418 1215 1492 tanquam
1248 1428 1426 1473 verus
1455 1421 1707 1492 amator,
1736 1420 1796 1474 et
1825 1413 1925 1492 qui
1962 1430 2071 1473 ex-

422 1500 624 1573 cessit,
676 1510 737 1562 ut
766 1500 893 1580 ipse
932 1500 1035 1575 ait,
1090 1502 1304 1580 Deo,et
1336 1518 1453 1561 non
1497 1501 1620 1580 jam
1661 1500 1839 1563 vitam
1873 1520 2067 1578 suam,

422 1590 529 1652 sed
573 1589 754 1651 amati
798 1597 1079 1671 tanquam
1125 1590 1512 1652 vehementer
1542 1590 1815 1652 dilectam
1846 1596 2065 1654 vivens.

2230 587 2397 655 ’Ἐστι
2441 599 2496 656 δὲ
2527 600 2612 657 καὶ
2634 600 2944 665 ἑκστατικὸς
2976 601 3003 656 ὁ
3031 603 3180 664 θεῦος
3229 598 3384 679 ἔρως,
3422 603 3518 660 οὐκ
3539 600 3643 656 ἐῶν
3675 600 3811 657 ἐαυ-

2156 692 2262 742 τῶν
2293 692 2432 746 εἶναι
2484 692 2603 753 τοὸς
2660 688 2906 770 ἐραστὰς,
2964 688 3102 746 ἀλλὰ
3172 696 3281 747 τῶν
3327 688 3631 764 ἐρωμένων.
3695 690 3819 751 Καῖ

2157 775 2395 854 δηλοῦσι,
2468 781 2533 837 τὰ
2595 782 2694 855 μὲν
2769 779 3026 859 ὑπέρτερα
3082 785 3182 857 τῇς
3240 779 3488 858 προνοίας
3514 781 3818 858 γιγνόμενα

2156 872 2263 923 τῶν
2305 868 2756 948 καταδεεστέρων·
2826 871 2913 925 καὶ
2971 869 3037 925 τὰ
3083 868 3398 949 ’ὁμόπτοιχα
3429 870 3529 936 τῆς
3555 868 3815 940 ἀλλήλων

2155 965 2421 1038 συνοχῆς·
2446 964 2533 1016 καὶ
2566 962 2632 1016 τὰ
2660 959 2942 1039 ὑφειμέναις
2972 964 3070 1026 τῆς
3102 961 3233 1037 πρὸς
3276 960 3345 1014 τὰ
3397 980 3582 1033 πρωτα
3610 959 3817 1016 θειοτέ-

2154 1070 2247 1126 ρας
2282 1050 2636 1128 ἐπιστφοφῆς,
2677 1051 2769 1105 Διὸ
2800 1049 2889 1104 καὶ
2948 1046 3151 1106 Παῦλος
3208 1050 3234 1103 ὁ
3281 1062 3476 1128 μεγας,
3511 1048 3566 1104 ἓν
3592 1054 3816 1128 κατοχῇ

2152 1146 2244 1194 τοῦ
2273 1138 2411 1195 θείου
2441 1139 2675 1218 γεγονώς
2721 1138 2933 1218 ἔρωτος,
2969 1138 3054 1194 καὶ
3097 1136 3194 1204 τῆς
3257 1137 3585 1204 ἒκστατικῆς
3647 1140 3817 1196 αὐτοῦ

2152 1226 2422 1304 δυνάμεως
2482 1228 2843 1308 μετειληφὼς,
2892 1226 3050 1299 ἐνθέτρ
3107 1226 3357 1303 στόματι’
3392 1230 3474 1283 Ζῶ
3518 1229 3651 1307 ἐγὼ,
3696 1252 3814 1307 φη-

2160 1317 2261 1396 σὶν,
2323 1319 2417 1375 οὐκ
2461 1318 2563 1398 ἔτι,
2596 1324 2661 1394 ζῇ
2716 1316 2771 1373 δὲ
2830 1319 2887 1373 ἓν
2938 1316 3060 1391 ἐμοὶ
3121 1319 3368 1396 Χριστός·
3404 1319 3477 1378 ὡς
3528 1316 3735 1385 ἀληθὴς
3765 1316 3821 1359 59

2159 1408 2391 1485 ἀραστὴς
2424 1410 2511 1464 καὶ
2554 1405 2867 1485 ἐξεστηκής,
2900 1407 2973 1468 ὡς
3026 1406 3181 1468 αὐτός
3240 1429 3397 1486 φησι,
3428 1414 3505 1480 τῷ
3549 1412 3690 1481 Θεῷ,
3724 1408 3817 1464 καὶ

2158 1499 2215 1553 οἱ)
2244 1500 2342 1564 τὴν
2376 1497 2560 1554 ἑαυτοῦ
2616 1503 2743 1576 ζῶν,
2796 1495 2935 1552 ἀλλά
2991 1497 3090 1561 τὴν
3152 1506 3245 1554 τοῦ
3295 1495 3514 1575 ἐραστοῦ
3543 1498 3687 1568 ζωὴν
3730 1494 3811 1572 ⁵³,

2157 1589 2231 1651 ὡς
2289 1586 2487 1667 σφόδρα
2529 1587 2847 1665 ἀγαπητῶν,
2886 1584 3193 1660 Τολμητέον
3247 1583 3303 1642 δὲ
3347 1586 3435 1643 καὶ
3479 1594 3634 1644 τοῦτο
3675 1587 3808 1664 ὑπὲρ

421 1678 784 1743 Audendum
818 1689 908 1742 est
936 1680 1048 1742 hoc
1075 1678 1271 1755 etiam;
1287 1696 1391 1761 pro
1412 1680 1890 1755 veritate,dicere
1913 1680 2069 1761 quod

2159 1675 2402 1744 ἀληθείας
2459 1678 2655 1758 εἰπεῖν,
2714 1674 2796 1733 ὅτι
2856 1676 2945 1733 καὶ
3001 1676 3158 1738 αὐτὸς
3195 1677 3222 1731 ὁ
3253 1676 3470 1732 πάντων
3501 1674 3807 1753 αἰ’τιος,τῷ

420 1769 677 1850 ipsemet
731 1769 998 1831 omnium
1048 1760 1295 1843 auctor,
1339 1769 1591 1850 pulchro
1639 1771 1772 1830 56!
1821 1760 2070 1841 etibono

2159 1765 2303 1841 καλῷ
2332 1768 2418 1824 καὶ
2470 1767 2649 1845 ἀγαθῷ
2698 1772 2802 1823 τῶν
2856 1764 3067 1822 πάντων
3096 1760 3151 1805 ⁵⁴
3176 1763 3332 1842 ἔρωτι
3399 1763 3467 1820 δι’
3508 1762 3812 1844 ὑπερϐολὰν

423 1858 692 1921 omnium
758 1876 983 1939 amore,
1019 1866 1264 1940 propter
1295 1859 1719 1921 excellentiam
1774 1877 2067 1922 summam

2159 1861 2253 1923 τῆς
2313 1856 2572 1935 ἐρωτικῆς
2623 1855 2976 1933 ἀγαθοτητος,
3024 1852 3122 1920 ἔξω
3187 1854 3374 1911 ἑαυτοῦ
3425 1857 3651 1932 γίνεται,
3682 1870 3810 1922 ταῖς

423 1946 726 2009 amatorias
756 1948 1035 2010 bonitatis
1047 1962 1212 2011 extra
1225 1966 1291 2011 se
1312 1967 1419 2029 per
1441 1948 1851 2030 providentias
1873 1950 2071 2011 omni-

423 2054 525 2099 um
561 2055 761 2100 rerum
794 2037 1020 2100 exsistit
1052 2046 1108 2101 et
1139 2038 1402 2100 bonitate
1430 2051 1607 2119 atque
1662 2039 1985 2102 dilectione
2017 2046 2076 2101 et

423 2143 630 2190 amore
653 2127 831 2190 veluti
852 2127 1138 2190 delinitur
1159 2136 1217 2190 et
1237 2128 1587 2192 oblectatur:
1614 2139 1675 2192 et
1704 2148 1839 2190 cum
1872 2130 1946 2191 sit
1968 2148 2070 2190 su-

423 2217 748 2295 praomnia
765 2226 820 2279 et
838 2236 908 2280 ex
923 2219 1198 2281 omnibus
1219 2218 1630 2299 exemptus,ad
1645 2219 1843 2280 omnia
1860 2218 2070 2281 demit-

422 2305 909 2369 titursecundum
928 2317 1276 2388 potestatem
1290 2308 2075 2390 suprasubstantialem.qua

423 2404 593 2459 extra
613 2415 679 2459 se
701 2416 819 2459 non
842 2398 1237 2478 ingrediendo
1270 2398 1590 2463 exit.Hanc
1604 2398 1679 2460 ob
1703 2417 1938 2461 causam
1963 2418 2072 2478 pe-

421 2485 524 2547 riti
544 2503 743 2548 rerum
778 2487 1111 2551 divinarum
1157 2488 1407 2551 zelotem
1470 2489 1637 2552 illum
1702 2498 2068 2569 nuncupant,

427 2575 587 2655 quod
643 2594 864 2656 magno
896 2587 956 2641 et
984 2577 1246 2657 benigno
1276 2596 1479 2642 rerum
1540 2597 1743 2641 amore
1775 2587 2070 2661 teneatur,

425 2682 647 2747 easque
657 2665 729 2728 ad
753 2667 937 2748 ipsius
957 2667 1231 2729 amatorii
1245 2668 1525 2731 desiderii
1552 2668 1745 2730 zelum
1766 2677 2070 2749 provocet,

426 2762 603 2837 atque
634 2756 785 2818 adeo
807 2758 1138 2838 .semetipse
1167 2758 1613 2839 quodammode
1654 2758 1903 2819 zelotem
1929 2776 2076 2838 prae-

429 2853 567 2921 stet,
600 2854 664 2908 ut
693 2846 790 2907 cui
819 2864 915 2907 res
936 2847 1371 2910 desiderabiles
1401 2848 1520 2909 sint
1549 2846 1675 2908 zelo
1702 2845 1982 2926 dignm,et
2012 2854 2077 2910 ut

426 2936 525 3015 qui
553 2953 778 3011 rerum,
811 2935 1027 3016 quibus
1061 2936 1349 3017 providet,
1381 2937 1508 2999 zelo
1552 2936 1863 2999 afﬁciatur.
1902 2937 2079 2999 Deni-

427 3042 544 3105 que
574 3024 818 3086 omnino
844 3027 1157 3105 pulchrum
1182 3034 1270 3088 est
1288 3024 1904 3107 etbonum,quidquid
1919 3045 2080 3089 ama-

428 3112 554 3175 bile
570 3120 659 3175 est
688 3122 749 3176 et
767 3132 957 3196 amor,
991 3122 1052 3177 et
1080 3116 1138 3177 in
1171 3116 1420 3196 pulchro
1453 3115 1732 3196 bonoque
1762 3117 2078 3197 praecollo-

435 3209 626 3283 catur,
660 3210 720 3266 et
744 3211 997 3285 propter
1024 3203 1340 3287 pulchrum
1371 3214 1429 3269 et
1460 3204 1687 3269 bonum
1722 3215 1836 3288 est,
1870 3215 1929 3270 et
1950 3207 2035 3269 ﬁt.

2157 1948 2231 2008 εἷς
2275 1946 2338 2002 τὰ
2387 1944 2513 2002 ὄντα
2574 1945 2747 2001 πάντα
2803 1944 3100 2024 προνοίαις,
3131 1944 3220 1999 καὶ
3249 1943 3371 2001 οἷον
3401 1944 3694 2023 ἆγαθότητι
3720 1947 3814 2003 καὶ

2158 2035 2428 2113 ἀγαπήσει
2488 2037 2574 2092 καὶ
2648 2035 2809 2110 ἔρωτι
2870 2031 3136 2112 θέλγεται·
3200 2034 3289 2090 καὶ
3372 2032 3433 2090 ἐκ
3510 2042 3606 2091 τοῦ
3684 2037 3785 2093 ὺπὲ

2157 2127 2330 2183 πάντα
2361 2127 2448 2181 καὶ
2476 2125 2690 2183 πάντων
2722 2122 3051 2202 ἐξῃρημένον.)
3086 2122 3219 2203 πρὸς
3249 2124 3312 2179 τὸ
3342 2122 3397 2178 ἐν
3424 2130 3554 2179 πᾶσι
3586 2126 3819 2203 κατάγε-

2159 2238 2245 2272 ται
2276 2214 2394 2272 κατ’
2428 2215 2748 2281 ἐκστὰτικὴν
2797 2215 3105 2291 ὑπερούσιον
3165 2210 3385 2285 δύναμιν
3427 2212 3812 2294 ἀκεκφοίτητον

2157 2304 2366 2367 ἑαυτοῦ.
2404 2311 2507 2362 Διὸ
2536 2304 2623 2360 καὶ
2652 2301 2903 2374 ζηλωτὴν
2936 2302 3092 2359 αὐτὸν
3121 2302 3169 2357 οἱ
3199 2301 3265 2357 τὰ
3301 2304 3421 2359 θεῖα
3450 2300 3609 2360 δεινοὶ
3639 2306 3808 2383 πρὸσ-

2158 2396 2521 2474 αγορεύουσιν,
2554 2394 2628 2456 ὼς
2687 2391 2853 2449 πολὺν
2883 2392 2973 2448 τὸν
3007 2392 3079 2455 εἰς
3131 2391 3196 2447 τὰ
3226 2390 3351 2447 ὅντα
3384 2390 3583 2470 ἀγαθὸν
3607 2395 3812 2473 ἔρωτα,

2154 2486 2246 2541 καὶ
2301 2486 2374 2548 ὡς
2444 2485 2575 2561 πρὸς
2638 2481 2799 2554 ζῆλον
2884 2481 3154 2559 ἐγερτικὸν
3214 2482 3310 2546 τῆς
3354 2479 3584 2560 ἆφὲσεως
3654 2485 3812 2541 αὐτοῦ

2154 2579 2254 2641 τῆς
2291 2573 2548 2651 ἐρωτικῆς
2580 2573 2667 2629 καί
2698 2574 2769 2635 ὡς
2799 2569 3046 2641 ζηλωτὴν
3082 2571 3238 2626 αὐτὸν
3292 2569 3355 2620 55
3401 2570 3803 2649 ἀποδεικνύντα,

2155 2667 2201 2738 ᾧ
2227 2664 2292 2715 56
2320 2664 2491 2722 καὶτὰ
2521 2661 2792 2742 ἐφιέμενα,
2826 2660 3064 2736 ζηλωτὰ,
3099 2661 3186 2715 καὶ
3214 2660 3288 2723 ὡς
3319 2666 3427 2716 τῶν
3470 2662 3808 2741 προνοουμὲ..

2158 2778 2261 2811 νων
2314 2754 2505 2828 ὅντων,
2562 2751 2705 2825 αὒτῷ
2760 2748 3041 2821 ζηλωτῶν.
3080 2750 3179 2809 Καὶ
3208 2748 3347 2814 ὅλως
3377 2756 3471 2807 τοῦ
3514 2751 3683 2808 καλοῦ
3725 2754 3816 2810 καὶ

2158 2845 2354 2923 ἀγαθοῦ
2400 2846 2513 2899 ἔστι
2561 2843 2621 2897 τὸ
2680 2841 2924 2918 ἐραστὸν,
2969 2840 3055 2895 καὶ
3100 2841 3127 2895 ὁ
3160 2836 3317 2917 ἔρως,
3349 2841 3436 2895 καὶ
3466 2839 3524 2894 ὲν
3555 2842 3637 2915 τῷ
3663 2841 3817 2918 καλῳ

2160 2938 2249 2992 καὶ
2292 2934 2473 3011 ἀγαθῷ
2521 2929 2857 3010 προτδρυται,
2887 2931 2974 2987 καὶ
3022 2926 3108 2985 διὰ
3154 2927 3215 2984 τὸ
3256 2926 3421 2985 καλὸν
3477 2931 3567 2987 καὶ
3615 2931 3813 3010 ἀγαθὸν

2161 3025 2272 3083 ἐστι
2302 3025 2390 3081 καὶ
2419 3024 2640 3101 γίνεται,

2058 3371 2212 3438 XIV.

507 3523 663 3599 Quid
696 3544 871 3610 porro
908 3528 1143 3593 tandem
1178 3531 1516 3610 signiﬁcare
1545 3531 1753 3595 volunt
1787 3531 2074 3612 theologi,

2246 3530 2307 3590 Τί
2342 3527 2397 3585 δὲ
2427 3524 2567 3589 ὅλως
2600 3526 2645 3581 οἱ
2673 3521 2917 3603 θεολόγοι
2970 3520 3309 3599 ϐουλόμενοι,
3339 3522 3470 3579 ποτὲ
3516 3522 3616 3599 μὲν
3648 3520 3820 3603 ἔρωτα

428 3633 564 3678 cum
585 3616 905 3695 aliquando
923 3621 1167 3701 quidem
1186 3624 1370 3686 Deum
1393 3631 1888 3685 vocantamorem
1915 3631 1973 3684 et
1989 3623 2080 3685 di-

2163 3621 2248 3679 καὶ
2278 3620 2493 3699 ἀγάπην
2539 3615 2695 3673 αὐτόν
2743 3636 2894 3693 φασι,
2941 3615 3072 3669 ποτὲ
3103 3612 3158 3669 δὲ
3188 3614 3404 3693 ἐραστὸν
3458 3614 3547 3668 καὶ
3591 3612 3818 3691 ἀγαπη-

425 3705 765 3778 lectionem,
794 3699 1151 3790 quandoque
1174 3730 1315 3774 vero
1329 3712 2021 3775 amabilemetdilectum
2054 3711 2074 3773 ἓ

2163 3711 2279 3786 τόν;
2313 3715 2414 3768 Τοῦ
2447 3706 2546 3783 μὲν
2576 3704 2677 3783 γὰρ
2731 3702 2929 3777 αἴτιος,
2988 3703 3076 3759 καὶ
3131 3702 3310 3782 ὥσπερ
3368 3699 3686 3781 προϐολεὺς,
3732 3703 3819 3761 καὶ

432 3794 602 3857 Illius
621 3796 863 3877 quidem
893 3799 1142 3883 (scilicet
1157 3802 1378 3865 amoris
1392 3810 1449 3864 et
1467 3802 1829 3883 dilectionis)
1847 3809 2077 3878 auctor,

431 3884 490 3935 et
514 3883 790 3957 tanquam
817 3880 1140 3960 productor
1161 3902 1227 3944 ac
1248 3892 1564 3961 generator
1596 3891 1706 3956 est;
1743 3880 1855 3944 hoc
1876 3892 2074 3944 autem

429 3962 515 4043 (id
544 3975 635 4027 est
657 3968 929 4030 amabilis
959 3977 1018 4031 et
1046 3970 1322 4051 dilectus)
1345 3978 1471 4052 ipse
1489 3971 1717 4036 est.lllo
1744 3972 1967 4051 quidem
1993 3972 2073 4043 (id

431 4060 523 4115 est
550 4072 755 4116 amore
786 4057 1631 4141 etdilectione)movetur,hoc
1646 4073 1841 4123 autem
1879 4061 1964 4141 (id
1987 4069 2076 4123 est

429 4149 496 4204 ut
515 4144 787 4206 amabilis
817 4145 1166 4229 etdilectus)
1197 4160 1391 4210 movet
1424 4167 1440 4225 ;
1474 4149 1617 4226 quia
1641 4168 1705 4211 se
1728 4150 1854 4230 ipse
1876 4149 2072 4211 addu-

432 4232 534 4310 cit,
559 4240 618 4297 et
664 4233 779 4296 sibi
808 4235 1071 4311 adducit,
1101 4246 1158 4298 et
1204 4246 1421 4300 movet.
1457 4238 1578 4301 Hac
1608 4247 1805 4301 autem
1839 4240 2073 4301 ratione

431 4321 713 4386 dilectum
748 4332 807 4386 et
833 4325 1148 4389 amabilem
1184 4347 1318 4390 eum
1351 4337 1586 4404 vocant,
1627 4339 1903 4410 tanquam
1936 4330 2072 4410 pul-

432 4413 640 4475 chrum
655 4422 717 4475 et
741 4413 961 4476 bonum
986 4439 1002 4493 ;
1033 4434 1298 4481 amorem
1321 4435 1459 4480 vero
1482 4436 1692 4480 rursus
1720 4427 1778 4480 et
1799 4419 2077 4480 dilectio-

431 4521 597 4583 nem,
621 4513 895 4587 tanquam
929 4506 1047 4570 vim
1080 4509 1422 4590 motricem,
1454 4516 1514 4570 et
1563 4526 1802 4570 sursum
1827 4508 2075 4571 trahen-

433 4599 553 4654 tem
584 4594 656 4655 ad
690 4597 882 4678 se,qui
916 4598 1079 4660 solus
1111 4608 1198 4660 est
1225 4599 1416 4678 ipsum
1448 4616 1553 4680 per
1584 4617 1649 4661 se
1674 4599 1985 4679 pulchrum
2020 4609 2079 4661 et

431 4681 750 4766 bonum,et
779 4695 1056 4767 tanquam
1089 4689 1624 4753 manifestationem
1650 4696 1713 4750 ut
1756 4688 1944 4769 ipsius
1972 4707 2079 4770 per

431 4774 721 4876 seipsum,
756 4784 815 4836 et
843 4785 908 4838 ut
925 4776 1247 4876 benignum
1281 4796 1626 4861 processum
1661 4778 1894 4841 eximiae
1915 4779 2075 4840 illius
2102 4826 2144 4876 ο

431 4862 696 4943 unionis,
726 4874 784 4926 et
804 4865 1152 4929 amatorium
1180 4871 1526 4944 motionem,
1582 4868 1941 4949 simplicem,
1971 4886 2078 4950 per

434 4968 502 5014 se
524 4950 827 5029 mobilem,
864 4972 973 5035 per
1001 4974 1066 5019 se
1096 4968 1468 5039 operantem,
1505 4960 1980 5039 praeeristentem
2017 4957 2079 5018 in

2159 3799 2571 3878 ἀπογεννήτωρο
2632 3795 2695 3851 τὸ
2750 3790 2805 3848 δὲ
2857 3794 3010 3858 αὑτός
3063 3792 3199 3854 ἐστι.
3258 3792 3355 3850 Καὶ
3405 3798 3481 3866 τῷ
3512 3791 3611 3866 μὲν
3646 3804 3820 3850 κινεῖ-

2164 3912 2278 3965 ται,
2310 3894 2389 3959 τῷ
2416 3885 2472 3942 δὲ
2506 3884 2673 3943 κινεῖ⁵
2736 3881 2783 3939 ὢ
2839 3881 2921 3938 ’ὅτι
2964 3882 3119 3945 αὐτὸς
3169 3881 3355 3937 ἑαυτοῦ
3383 3893 3471 3938 καὶ
3502 3881 3676 3955 ἑαυτῷ
3706 3880 3819 3937 ἐστι

2157 3977 2534 4058 προαγωγικὸς
2589 3974 2675 4031 καὶ
2721 3971 3023 4039 κινητικός.
3057 3969 3234 4047 Ταύτῃ
3291 3969 3345 4025 δὲ
3406 3968 3688 4047 ἀγαπητὸν
3720 3969 3819 4045 μὲν

2156 4069 2243 4124 καὶ
2275 4066 2494 4140 ἐραστὺν
2527 4063 2653 4121 αὐτὸ
2682 4060 2743 4112 57
2778 4058 3056 4136 καλοῦσιν,
3114 4061 3187 4125 ὥς
3245 4058 3409 4116 καλὸν
3456 4059 3540 4117 καὶ
3590 4059 3815 4136 ἀγαθόν’

2157 4156 2330 4237 ἔρωτα
2385 4154 2440 4211 δὲ
2501 4153 2648 4217 αὖθις
2701 4151 2790 4208 καὶ
2844 4150 3086 4229 ἀγάπην,
3138 4151 3211 4212 ὡς
3263 4150 3553 4216 κινητικὴν
3586 4145 3698 4225 ἅμα
3731 4150 3819 4206 καὶ

2155 4249 2227 4311 ὡς
2260 4244 2539 4324 ἀναγωγὶιν
2569 4241 2792 4318 δύναμιν
2844 4238 2941 4296 ὅτα
2981 4239 3064 4320 ἔφ’
3096 4239 3304 4313 ἑαυτὸν,
3349 4240 3411 4295 τὸ
3467 4239 3633 4315 μόνον
3692 4240 3821 4298 αὖτδ

2158 4335 2223 4394 δι’
2269 4336 2425 4393 ἑαυτὸ
2487 4331 2647 4390 καλὸν
2729 4332 2815 4386 καὶ
2872 4330 3091 4409 ἀγαθὸν,
3151 4330 3241 4385 καὶ
3313 4328 3492 4407 ὥσπερ
3565 4327 3818 4407 ἔκφανσιν

2160 4425 2287 4482 ὅντα
2318 4425 2505 4480 ἑαυτοῦ
2535 4419 2602 4477 δι’
2645 4419 2854 4500 ἑαυτοῦ,
2916 4420 2999 4476 καὶ
3051 4421 3146 4486 τῆς
3197 4416 3532 4497 ἐξῃρημένης
3575 4418 3821 4482 ἑνώοεως

2162 4515 2365 4594 ἀγαθὴν
2399 4510 2643 4590 πρόοδον,
2684 4512 2770 4567 καὶ
2824 4508 3085 4587 ἐρωτικὴν
3131 4509 3367 4587 κίνησιν,
3413 4506 3616 4587 ἀπλῆν,
3658 4509 3819 4565 αὖτο-

2160 4606 2397 4676 κὶνητον,
2433 4599 2837 4678 αῦτενὲργητον,
2898 4604 3164 4676 προοῦσαν
3201 4600 3286 4677 ρὲν
3341 4596 3581 4676 τάγαθῷ,
3635 4599 3726 4653 καὶ
3769 4597 3822 4653 ἐν

2158 4694 2392 4771 τάγαθοῦ
2445 4702 2562 4753 τοῖς
2618 4691 2762 4747 οὖσιν
2794 4685 3209 4767 ὲκϐλυζομένην,
3242 4688 3330 4743 καὶ
3360 4688 3503 4750 αὖθις
3536 4688 3612 4751 εἷς
3646 4687 3820 4766 τάγαο

2159 4785 2247 4840 θὸν
2301 4779 2779 4860 ἐπιστρεφομένην,
2824 4776 2840 4801 ⁷
2854 4786 2920 4835 Ev
2950 4777 2995 4852 ᾦ
3024 4777 3111 4833 καί
3161 4777 3222 4832 τὸ
3277 4773 3633 4843 ἀτελεύτητον
3694 4775 3821 4833 ἐαυ-

2163 4878 2255 4930 τοῦ
2308 4872 2396 4927 καί
2444 4868 2679 4951 ἄναρχον
2712 4872 2739 4926 ὁ
2768 4872 2913 4931 θεῖος
2969 4864 3102 4946 ἔρως
3147 4863 3468 4923 ἐνδείκνυται
3529 4864 3818 4947 διαφερόν-

2162 4982 2289 5037 τως,
2324 4960 2503 5039 ὢτπερ
2530 4981 2609 5023 τις
2644 4956 2817 5022 ἀΐδιος
2848 4954 3072 5035 κύκλος,
3124 4953 3209 5011 διὰ
3250 4954 3503 5034 τάγαθὸν,
3555 4955 3617 5012 ἐκ
3646 4957 3822 5033 τάγα-

433 5039 623 5117 bono,
653 5049 712 5103 et
741 5060 809 5105 ex
840 5043 995 5107 bono
1026 5045 1086 5107 in
1112 5064 1181 5109 ea
1214 5065 1345 5128 quae
1365 5054 1501 5110 sunt
1528 5046 1988 5125 redundantem,
2013 5064 2074 5109 ac

2162 5054 2274 5125 θοῦ,
2308 5050 2394 5109 κάὶ
2427 5049 2481 5105 ἰν
2513 5048 2748 5128 τάγαθῷ,
2781 5048 2870 5104 καί
2927 5046 3001 5110 εἰς
3053 5044 3309 5124 τάγαθὸν,
3342 5043 3397 5101 ἐν
3429 5043 3668 5103 ἁπλανεῐ
3696 5065 3821 5103 συν-

433 5147 643 5196 rursus
663 5131 735 5196 ad
753 5131 976 5197 bonum
999 5144 1422 5202 revertentem.
1443 5135 1595 5211 Quia
1621 5137 1680 5199 in
1706 5155 1772 5200 re
1801 5145 1859 5200 et
1874 5135 1993 5201 ﬁne
2024 5145 2074 5200 el

2165 5138 2321 5206 ιλίξεί
2368 5137 2877 5219 περιποσευόμενος,
2923 5135 3012 5192 καὶ
3055 5134 3113 5191 ἐν
3165 5136 3365 5212 ταύτῷ,
3411 5136 3505 5192 καὶ
3553 5135 3692 5195 κατᾶ
3748 5135 3809 5191 τὸ

519 5363 548 5395 ιι
578 5321 768 5390 Galat.
802 5340 867 5407 η,
898 5325 1001 5391 20.

1740 5420 2004 5487 VARle
2057 5419 2390 5489 LECTION
2396 5418 2509 5485 ES.

516 5586 573 5633 ⁸9
596 5590 830 5666 ἀληθῶς,
864 5592 945 5655 M.
1007 5586 1245 5667 εαςιεε
1272 5593 1416 5663 ζωὴν

1372 5592 1608 5672 ;ν,ἆλλὰ
1637 5595 1732 5662 τὴν
1785 5601 1878 5653 τοῦ
1918 5595 2139 5672 ἐραστοῦ
2183 5601 2302 5672 ζῇν,
2334 5594 2382 5657 Ρ

438 5673 519 5743 τῷ
547 5639 1608 5755 1.;a"1:;sgr°s.“'ss‘aé;;'siis?
1625 5639 1729 5737 s's.‘
1795 5639 1877 5727 ἰῖᾰ
1905 5639 2153 5754 ξιτέξέ.
2183 5639 2351 5757 ‘a‘fri

2390 5641 2404 5655 .
2480 5589 2546 5673 f'"
2572 5599 2676 5650 τῶν
2718 5591 2898 5651 καλῶν
2936 5590 3029 5652 καὶ
3083 5590 3320 5673 ἀγαθῶν.
3371 5595 3449 5667 τῷ
3498 5588 3740 5666 πάντων,
3772 5585 3828 5652 Μ

2437 5671 2501 5725 57
2531 5675 2709 5750 αὐτόν,
2742 5674 2815 5737 Ι).
