4032 6420
201 335 315 402 7'21

1223 344 1320 408 DE
1365 344 1664 408 DIVINIS
1705 345 2156 432 NOMINIBUS,
2204 353 2369 417 CAP.
2429 346 2532 418 IV.

3476 361 3594 432 722

202 496 299 549 τοῦ
329 489 411 549 ἀεὶ
451 489 624 564 ὄντος,
659 492 754 551 οὒκ
805 490 939 551 ἔστι·
989 490 1106 552 καθ’
1178 495 1300 552 ὅσον
1335 491 1389 550 δὲ
1420 502 1515 553 τοῦ
1547 496 1689 551 εἶναι
1723 516 1843 570 μετ.

1953 489 2000 546 si
2033 493 2152 549 tota
2182 487 2334 582 desit
2365 490 2729 568 constitutio,
2750 511 2945 575 neque
2974 496 3363 582 morbusipse
3385 499 3590 568 subsi-

197 582 426 660 εῗληφε,
461 585 598 640 κατὰ
632 591 912 642 τοσοῦντον
966 584 1099 658 ἔστι,
1140 585 1233 641 καί
1287 587 1348 640 τὸ
1397 584 1535 647 ὅλως
1587 584 1730 641 εἶναι
1774 587 1861 643 καὶ

193 673 258 729 τὸ
289 672 369 746 μὴ
400 673 461 728 ὃν
493 673 650 731 αὖτοῦ
707 672 1100 754 διακρατεΐται,
1137 676 1220 730 καὶ
1255 673 1590 746 διασώζεται,
1648 676 1745 733 Καὶ
1801 677 1861 732 τὸ

193 763 387 836 κακὸν,
426 765 485 818 τὸ
517 764 615 838 μὲν
660 765 834 831 πάντη
886 773 976 822 τοῦ
1028 771 1226 843 αγαθοῦ
1278 764 1694 838 ὰποπεπτωκὸς,
1741 764 1858 822 οὔτε

193 852 249 908 ἐν
307 865 428 916 τοῖς
489 852 718 933 μᾶλλον,
756 853 872 911 οὔτε
906 855 960 911 ὲν
990 869 1105 919 τοῖς
1154 854 1334 933 ἧττον,
1363 855 1560 931 ἀγαθὸν
1588 853 1654 903 98
1684 853 1855 917 ἔσται.

191 943 265 1002 Τὸ
298 943 377 1011 πῆ
425 943 524 1015 μὲν
582 943 801 1022 ἀγαθὸν,
857 945 928 1012 πῆ
991 944 1044 1001 δὲ
1099 947 1192 1001 οὒκ
1239 946 1455 1023 ἀγαθὸν⁷
1491 944 1728 1025 μάχεται
1760 944 1857 1020 μὲν

189 1033 376 1109 ἆγαθῳ
406 1055 532 1107 τινι,
597 1033 702 1114 οὔχ
747 1033 857 1108 ὅλῳ
913 1033 967 1091 δὲ
1023 1036 1262 1113 τάγαθῷ·
1322 1047 1597 1112 κρατεῖται
1657 1032 1712 1091 δέ
1769 1030 1855 1092 καὶ

190 1124 319 1178 αὐτὸ
380 1128 446 1198 τῇ
497 1130 589 1180 τοῦ
646 1124 842 1200 ἀγαθοῦ
890 1125 1164 1199 μετουσίᾳ,
1227 1126 1315 1182 καὶ
1386 1126 1560 1180 οὖπιοϊ
1617 1126 1702 1180 ιιαὶ
1759 1125 1855 1192 τὴν

190 1213 384 1270 ἑαύτοῦ
435 1213 684 1286 στέρησιν
744 1216 804 1270 τὸ
864 1214 1085 1296 ἀγαθὸν,
1119 1221 1186 1292 τῇ
1216 1215 1354 1276 ὅλως
1415 1218 1571 1272 αὺτοῦ
1621 1213 1849 1286 μεθέξει’

187 1304 370 1370 πάντη
417 1304 516 1380 γὰρ
579 1302 904 1370 ἂπελθᾶντος
953 1315 1046 1364 τοῦ
1095 1306 1313 1384 ἀγαθοῦ,
1358 1304 1475 1360 οὒτε
1530 1302 1753 1360 καθόλου
1803 1326 1856 1367 τι

190 1391 340 1449 ’ἔσται
402 1393 624 1472 ἀγαθὸν,
685 1392 801 1450 οὕτε
845 1397 1059 1469 μικτὸν,
1105 1393 1220 1451 οὔτε
1276 1394 1595 1454 αὖτόκακον.
1663 1395 1716 1450 Ei
1757 1393 1856 1472 γὰρ

193 1484 254 1539 τὸ
285 1484 456 1540 κακὸν
516 1482 698 1547 ἀτελές
759 1483 904 1540 ἐστιν
963 1485 1179 1562 ἀγαθὸν,
1215 1484 1440 1556 ἀπουσία
1492 1483 1736 1539 παντελεῖ
1766 1489 1858 1538 τοῦ

193 1572 396 1652 ἀγαθοῦ
445 1575 532 1628 καὶ
593 1576 653 1630 τὸ
710 1572 920 1648 ἀτελὲς,
981 1576 1071 1630 καὶ
1130 1577 1191 1630 τὸ
1250 1573 1470 1630 τέλειων
1503 1573 1696 1652 ἀγαθὸν
1729 1572 1854 1629 ἀπέ»

193 1679 338 1721 σται·
371 1666 459 1719 καὶ
491 1664 612 1720 τότε
671 1666 836 1739 μόνον
897 1663 1044 1720 ἔσται
1105 1666 1191 1721 καὶ
1244 1664 1528 1744 ὀφθήσεται
1575 1664 1634 1719 τὸ
1663 1664 1850 1735 κακὸν,

1637 1761 1742 1827 τῴν
1799 1751 1852 1808 δὲ

188 1755 347 1822 ἡνίκα
383 1767 498 1812 τοῖς
561 1755 659 1827 μὲν
710 1753 820 1810 ἔστι
873 1756 1036 1810 καλὸν
1092 1755 1179 1818 οἷς
1237 1755 1580 1832 ἠναντίωται,

1947 587 2083 651 stet;
2111 579 2578 673 morbusautem
2606 593 2809 647 manet
2839 595 2895 648 et
2922 589 3172 663 exsistit,
3209 579 3272 653 in
3300 603 3588 673 quantum

1947 675 2004 729 et
2032 677 2245 760 statum
2292 670 2490 745 habet,
2528 680 2590 734 et
2629 674 2935 738 minimam
2983 670 3490 760 constitutionem,
3523 686 3588 749 in

1943 775 2057 837 qua
2087 758 2525 837 quodammodo
2557 765 3015 839 cohaeret.Quod
3051 771 3208 832 enim
3233 774 3425 836 omnis
3445 758 3587 839 boni

1943 865 2158 926 eXpers
2189 849 2381 946 e_st,_id
2415 870 2608 946 neque
2641 855 2864 934 aliquid
2891 867 3004 929 est,
3033 878 3227 940 neque
3260 863 3317 925 in
3351 865 3424 925 iis
3453 885 3586 946 quas

1940 947 2075 1034 sunt
2107 941 2366 1034 exsistit;
2407 943 2565 1034 quod
2599 953 2794 1006 autem
2842 948 3080 1010 mistum
3105 959 3220 1025 est,
3257 952 3314 1015 id
3343 941 3586 1034 propter

1942 1028 2175 1124 bonum
2199 1032 2358 1091 estin
2379 1031 2582 1124 rebus,
2619 1035 2991 1098 etintantum
3025 1039 3087 1101 in
3122 1041 3308 1104 rebus
3329 1028 3578 1124 exsistit,

1940 1126 1996 1178 et
2026 1130 2134 1188 est,
2161 1119 2220 1180 in
2245 1131 2528 1201 quantum
2563 1123 2701 1184 boni
2733 1136 2821 1186 est
2852 1128 3170 1210 particeps.
3207 1132 3488 1204 Quinimo
3511 1119 3582 1201 ea

1940 1227 2071 1304 quae
2087 1216 2226 1274 sunt
2255 1212 2562 1304 omni_a,in
2596 1220 2819 1277 tantum
2855 1218 3041 1297 magis
3081 1222 3349 1286 minusve
3377 1239 3578 1304 erunt,

1940 1297 2000 1359 in
2045 1309 2326 1380 quantum
2358 1301 2430 1362 ad
2472 1302 2610 1364 boni
2655 1308 3024 1370 consortium
3075 1314 3390 1385 accedunt;
3441 1297 3578 1378 nam

1941 1388 2098 1467 quod
2132 1390 2202 1450 ad
2230 1391 2420 1484 ipsum
2463 1397 2683 1484 statum
2728 1400 2958 1477 attinet,
2991 1401 3042 1461 si
3087 1403 3430 1484 neutiquam
3473 1425 3580 1468 us-

1940 1497 2189 1568 quamve
2215 1481 2308 1551 sit,
2344 1500 2455 1542 nec
2478 1483 2593 1543 erit
2628 1485 2892 1564 quidem.
2927 1487 3094 1561 Quod
3126 1481 3322 1555 autem
3363 1496 3578 1568 partim

1939 1560 2184 1664 quidem
2219 1579 2327 1642 est,
2367 1573 2572 1651 partim
2603 1560 2801 1636 autem
2830 1588 3090 1661 nonest,
3121 1581 3178 1644 id
3197 1560 3487 1664 quatenus
3505 1586 3578 1649 ab

1940 1677 2010 1720 eo
2029 1660 2184 1740 quod
2206 1679 2447 1742 semper
2463 1663 2844 1754 estdeﬂexit,
2892 1687 3006 1729 non
3041 1660 3152 1740 est;
3197 1660 3257 1733 in
3291 1683 3575 1754 quantum

1938 1767 2075 1810 vero
2099 1758 2286 1811 status
2309 1759 2398 1812 est
2421 1752 2737 1833 particeps,
2765 1767 3014 1820 eatenus
3059 1752 3350 1841 est;atque
3388 1774 3576 1827 status

185 1847 256 1908 ὡς
335 1845 548 1921 ἀγαθῶν
594 1843 871 1920 ἐξῄρηται,
931 1845 1209 1924 Μάχεσθαι
1284 1845 1382 1921 γὰρ
1454 1841 1710 1913 ἀλλήλοις
1784 1844 1843 1898 τὰ

1937 1841 2066 1919 ejus
2098 1847 2401 1920 statusque
2443 1842 2692 1922 privatio
2743 1853 2803 1906 et
2842 1846 3143 1911 obtinetur
3168 1861 3225 1913 et
3254 1873 3577 1917 conserva-

184 1935 320 1991 αὔτα
373 1934 511 1990 κατὰ
566 1934 632 1993 τὰ
691 1935 818 1989 αὔτα
871 1933 925 1990 ἐν
969 1940 1127 1991 πᾶσιν
1189 1931 1462 1991 ἀδύνατον.
1517 1932 1622 1990 Οὔκ
1663 1930 1760 2012 ἄρα
1792 1933 1846 1988 ὃν

187 2027 245 2088 τὸ
303 2023 494 2080 κακόν.

1935 1937 2052 1992 tur.
2068 1930 2277 1991 italum
2295 1930 2470 1992 etiam
2492 1933 2648 2012 quod
2667 1936 2831 1996 omni
2846 1955 2911 1999 ex
2935 1940 3311 2018 parteabono
3331 1942 3574 2021 defecit,

1935 2038 2135 2096 neque
2158 2021 2315 2080 inter
2327 2039 2396 2082 ea
2409 2041 2542 2101 quas
2559 2024 2744 2103 magis
2760 2045 2956 2108 neque
2976 2028 3135 2092 inter
3150 2051 3220 2093 ea
3232 2051 3365 2111 quae
3383 2033 3578 2095 minus

185 2112 346 2174 bona
371 2120 532 2192 sunt,
565 2110 702 2174 erit.
731 2111 899 2184 Quod
925 2121 1122 2174 autem
1152 2111 1362 2191 partim
1384 2111 1622 2193 quidem
1657 2110 1898 2180 bonum,
1931 2112 2145 2202 partim
2172 2127 2311 2202 vero
2341 2129 2456 2171 non
2483 2111 2703 2175 bonum
2728 2125 2836 2188 est,
2864 2116 2924 2178 id
2965 2119 3138 2181 alicui
3162 2110 3402 2202 quidem
3424 2122 3582 2186 bono

178 2203 552 2274 adversatur,
591 2222 707 2262 non
743 2210 938 2264 tamen
976 2204 1082 2263 toti
1116 2202 1297 2281 bono,
1328 2201 1596 2282 adeoque
1631 2208 1870 2263 tenetur
1899 2200 2100 2281 aliqua
2131 2198 2273 2261 boni
2305 2203 2769 2281 communione;
2804 2215 2984 2286 atque
3015 2209 3126 2271 hoc
3159 2198 3334 2272 modo
3359 2211 3584 2274 bonum

183 2293 280 2353 sui
343 2291 521 2353 etiam
565 2291 876 2371 privationi
913 2300 1131 2355 statum
1191 2291 1437 2352 omnino
1485 2292 1584 2352 dat
1635 2309 1745 2370 per
1773 2290 1867 2352 sui
1925 2290 2577 2373 communicationem;
2630 2312 2765 2354 nam
2819 2295 2975 2357 bono
3011 2299 3246 2374 penitus
3295 2299 3584 2361 extermi-

182 2390 352 2461 nato,
387 2399 584 2460 neque
623 2383 869 2442 omnino
905 2383 1232 2463 quidquam
1265 2379 1485 2442 bonum
1519 2381 1655 2461 erit,
1691 2398 1887 2460 neque
1938 2381 2204 2453 mistum,
2238 2397 2436 2456 neque
2469 2381 2662 2459 ipsum
2701 2384 2941 2447 malum.
2979 2385 3041 2447 Si
3071 2388 3227 2448 enim
3263 2389 3481 2450 malum
3509 2389 3588 2450 sit

182 2470 487 2554 quoddam
523 2472 748 2531 bonum
804 2472 1246 2560 imperfectum,
1286 2479 1525 2551 propter
1571 2469 1975 2531 omnimodam
2027 2471 2164 2560 567
2223 2469 2365 2530 boni
2420 2470 2750 2533 absentiam
2787 2485 2903 2534 tam
2961 2474 3373 2556 imperfectum
3407 2497 3584 2560 quam

185 2561 521 2644 perfectum
571 2560 789 2621 bonum
823 2559 1017 2623 aberit
1051 2583 1068 2644 ;
1100 2569 1343 2641 tumque
1374 2563 1564 2622 solum
1602 2565 1713 2620 erit
1766 2567 1824 2620 et
1853 2559 2161 2639 apparebit
2217 2560 2464 2641 malum,
2498 2561 2732 2642 quando
2775 2563 2904 2624 aliis
2935 2566 3174 2646 quidem
3211 2559 3438 2629 malum,
3465 2575 3580 2642 est,

183 2651 409 2728 quibus
456 2660 548 2711 est
577 2657 970 2727 contrarium,
1006 2653 1080 2714 ab
1133 2651 1268 2712 aliis
1296 2661 1495 2713 autem
1552 2657 1830 2731 tanquam
1863 2649 2036 2712 bonis
2093 2659 2464 2730 segregatum
2499 2659 2610 2712 est.
2649 2651 2967 2730 Nequeunt
3016 2655 3176 2718 enim
3213 2656 3424 2719 eadem
3477 2674 3581 2720 se-

184 2743 455 2805 cundum
502 2743 715 2804 eadem
748 2741 908 2804 inter
950 2760 1016 2806 se
1047 2742 1110 2807 in
1157 2740 1434 2803 omnibus
1465 2757 1824 2822 repugnare.
1861 2740 2076 2804 Malum
2110 2741 2306 2822 itaque
2341 2759 2460 2802 non
2493 2748 2582 2804 est
2609 2761 2708 2804 res
2729 2743 2948 2825 aliqua.

1763 2902 1792 2984 δ
1832 2901 1990 2968 XXI.

260 3066 436 3126 Ἀλλὰ
497 3066 615 3125 οὐδὲ
668 3067 722 3124 ἒν
779 3081 898 3132 τοϊς
959 3070 1099 3125 οὗσὶν
1156 3067 1265 3124 ἐσνι
1321 3070 1384 3124 τὸ
1429 3068 1613 3124 κακὸν.
1652 3067 1710 3124 Ei
1749 3066 1843 3144 γὰρ

2013 3063 2165 3138 Quin
2200 3063 2479 3142 nerebus
2505 3066 2746 3144 quidem
2784 3068 2939 3130 inest
2969 3069 3374 3133 malum.Nam
3404 3072 3454 3134 si
3485 3091 3584 3135 res

181 3161 357 3215 πάντα
388 3160 456 3214 τὰ
489 3155 615 3216 ὅντα
658 3161 720 3216 ὲκ
773 3159 1024 3238 τάγαθοῦ,
1089 3159 1175 3214 καὶ
1235 3157 1290 3214 ὲν
1348 3164 1476 3215 πᾶσι
1537 3169 1656 3221 τοῖς
1709 3158 1843 3235 οὔπη³

1936 3172 2174 3216 omnem
2210 3155 2328 3216 sint
2359 3173 2428 3217 ex
2447 3155 3070 3232 bono,omnibusinsit
3101 3158 3589 3236 bonum,omnia-

184 3249 267 3304 καὶ
317 3270 497 3304 παντα
555 3249 798 3327 περιέχει
855 3248 1112 3326 τάγαθὸν,
1177 3246 1212 3315 ἢ
1246 3248 1338 3305 οἰκ
1398 3247 1544 3303 ἔσται
1588 3247 1650 3302 τὸ
1683 3247 1843 3303 κακὸν

1934 3263 2049 3326 que
2080 3246 2638 3319 clintineat,malum
2665 3247 2866 3328 utique
2896 3248 2987 3309 vel
3014 3267 3128 3310 non
3164 3250 3355 3311 eritin
3379 3250 3582 3332 rebus,

182 3337 236 3394 ἐν
281 3351 402 3402 τοῖς
439 3337 610 3416 όῦαιν,
643 3337 679 3405 ἢ
713 3339 766 3394 ὲν
795 3337 1010 3413 τάγαθῷ
1041 3337 1217 3394 ἓσταιθ
1268 3339 1357 3392 καὶ
1407 3337 1513 3410 μὴν
1545 3335 1599 3392 ὲν
1630 3339 1843 3413 ταγαθῷ

1933 3338 2023 3398 vel
2059 3337 2122 3398 in
2155 3337 2311 3399 bono
2340 3338 2476 3419 erit;
2510 3339 2670 3419 atqui
2715 3340 2777 3402 in
2827 3340 2984 3402 bono
3036 3361 3151 3403 non
3203 3342 3319 3404 erit
3365 3353 3589 3424 (neque

177 3428 275 3484 οὒκ
337 3426 485 3483 ἔσται
547 3429 647 3505 γαρ
719 3425 836 3485 οὐδὲ
911 3426 966 3482 ἐν
1048 3427 1168 3504 πυρὶ
1247 3427 1308 3482 τὸ
1378 3425 1635 3504 ψυχρόν)
1720 3423 1839 3480 οὒδὲ

174 3521 238 3574 τὸ
297 3518 616 3574 κακύνεσθαι
675 3518 752 3590 τῷ
795 3517 884 3574 καὶ
946 3518 1007 3572 τὸ
1072 3517 1238 3571 κακὸν
1294 3515 1606 3592 ἂγαθύνοντι
1671 3515 1726 3571 Εἰ
1783 3511 1839 3569 δὲ

173 3609 349 3681 ἔσται,
388 3614 503 3672 πῶς
565 3607 710 3664 ἔσται
773 3607 826 3663 ὲν
886 3608 1098 3684 τάγαθῷ
1163 3608 1222 3662 τὸ
1267 3605 1457 3680 κακῶς
1519 3606 1575 3662 Ei
1633 3605 1730 3678 μὲν
1788 3602 1838 3670 ἐξ

170 3702 362 3773 αὺτοῦ,
420 3696 621 3755 ἄτοπον
687 3697 774 3754 καὶ
828 3695 1103 3753 ἆδυνατον·
1169 3696 1240 3752 Οὒ
1299 3693 1511 3752 δύναται
1580 3693 1646 3744 99
1712 3695 1834 3771 γὰρ,

167 3792 244 3852 ὡς
303 3792 338 3858 ἡ
394 3793 501 3844 τῶν
556 3788 763 3866 Λογίων
836 3785 1059 3854 ἀλάθειά
1138 3806 1294 3864 φησι,
1379 3782 1586 3862 δένδρον
1641 3785 1836 3862 ἀγαθὸν

165 3878 407 3954 καρποὺς
487 3879 752 3954 πονηροὺς
808 3889 1005 3931 ποιεῖν·
1071 3874 1186 3931 οὒὸὲ
1263 3873 1368 3948 μὴν
1430 3875 1491 3929 τὸ
1547 3871 1831 3931 ἀνάπαλιν.

167 3972 225 4026 Ei
301 3967 360 4024 δὲ
422 3967 518 4024 οὒκ
574 3965 625 4032 ἐξ
681 3966 864 4040 αὺτοῦ,
918 3965 970 4030 ἐξ
1027 3963 1198 4030 ἄλλης
1254 3961 1500 4030 δηλονότι
1534 3961 1710 4042 ἀρχῆς
1745 3961 1834 4018 καί

167 4058 368 4121 αἰτίας·
423 4058 511 4112 καὶ
561 4057 662 4134 γὰρ
696 4055 730 4124 ἢ
762 4058 822 4112 τὸ
854 4053 1018 4111 καλὸν
1078 4053 1138 4110 ἐκ
1197 4061 1288 4110 τοῦ
1346 4047 1542 4130 ἀγαθοῦ
1593 4052 1741 4108 ἔσται
1799 4051 1835 4120 ἢ

164 4152 229 4205 τὶ»
262 4149 466 4224 ἀγαθὸν
508 4147 567 4202 ἐκ
599 4154 689 4203 τοῦ
747 4146 934 4201 κακοῦ’
997 4146 1031 4212 ἢ
1079 4147 1122 4200 εί
1158 4145 1234 4219 μὴ
1279 4151 1433 4200 τοῦτο
1489 4141 1731 4222 δὺνατὸν,
1787 4141 1838 4207 ἐξ

164 4237 346 4303 ἄλλης
383 4240 562 4316 ἀρχῆς
609 4237 695 4292 καὶ
727 4235 893 4298 αἰτίας
949 4234 1092 4291 ἔσται
1151 4237 1233 4290 καὶ
1286 4235 1346 4289 τὸ
1404 4233 1598 4310 ἀγαθὸν
1647 4234 1735 4288 καὶ
1780 4235 1841 4289 τὸ

165 4330 364 4386 κακόν.
421 4334 568 4382 llic:
622 4327 724 4404 γὰρ
781 4325 900 4390 δυὰς
970 4327 1063 4382 οὐκ
1124 4324 1297 4404 ἀρχὴ,
1363 4323 1527 4398 μονὰς
1585 4319 1639 4377 δὲ
1695 4321 1837 4378 ἔσται

160 4421 350 4485 πάγης
413 4415 595 4478 δυάδος
657 4418 806 4496 ἀρχή
870 4418 1054 4476 Καίτοι
1088 4416 1310 4489 ἄτοπον,
1374 4413 1426 4480 ἐξ
1459 4414 1578 4479 ἐνὸς
1611 4416 1697 4469 καὶ
1746 4419 1839 4469 τοῦ

162 4513 332 4567 αὑτοῦ
392 4506 481 4565 δύο
541 4507 817 4570 παντελῶς
851 4507 1059 4563 ἐναντία
1112 4505 1360 4584 προϊέναι
1411 4505 1500 4560 καὶ
1557 4488 1904 4576 tinguit)

168 4600 347 4666 αἠὴν
378 4597 479 4666 τὴν
534 4598 712 4677 ἀρχὴν
769 4597 869 4676 οὔχ
931 4596 1110 4664 ἇπλῆν
1167 4597 1252 4652 καί
1310 4595 1532 4667 ἑνιαίαν,
1564 4591 1700 4651 ἀλλὰ
1729 4613 1834 4667 με·

157 4688 354 4767 ριατὴν
415 4689 502 4743 γαὶ
556 4683 786 4758 δτδυειδῆ,
851 4687 940 4742 ni.
997 4683 1236 4742 ἐναντίαν
1313 4685 1498 4759 ἑαυτῇ,
1567 4683 1654 4738 καί
1725 4681 1831 4750 ἡλ-

160 4777 500 4852 λοιωμένην.
553 4779 650 4834 Καὶ
711 4777 819 4850 μὴν
875 4777 991 4832 οὔτε
1048 4772 1136 4831 δύο
1197 4778 1303 4830 τῶν
1369 4771 1536 4828 ὄντων
1597 4773 1832 4834 ὲναντίας

161 4868 346 4947 ἀρχὰς
378 4865 595 4922 δυνατὸν
627 4865 795 4940 εἶναι,
830 4867 918 4921 καὶ
947 4865 1139 4927 ταύτας
1201 4864 1255 4920 ἐν
1311 4861 1596 4936 ἁλληλαις,
1631 4863 1718 4918 καὶ
1776 4862 1831 4917 ἐν

162 4963 244 5030 τῷ
290 4957 474 5035 παντὶ,
535 4958 622 5011 καὶ
683 4955 1004 5034 μαχομένας
1039 4971 1056 4990 ο
1132 4953 1177 5009 εἰ
1236 4953 1334 5030 γὰρ
1419 4959 1572 5007 τοῦτο
1630 4949 1830 5032 δοθείη,

160 5046 321 5104 ἔσται
371 5045 460 5101 καὶ
508 5045 536 5102 ὁ
582 5046 709 5106 Θεὸς
759 5044 855 5102 οὗιι
885 5045 1116 5118 ἀπὴμων
1151 5040 1268 5100 οὐδὲ
1297 5042 1450 5104 ἐκτὸς
1493 5039 1828 5121 δυσχερείας,

162 5135 333 5212 ὅπερ
390 5134 484 5202 ε’ίη
537 5155 583 5189 τι
645 5136 731 5190 καὶ
790 5134 934 5209 wth,
991 5135 1053 5190 τὸ
1102 5130 1383 5212 ἐνοχλοῦν·
1441 5130 1624 5187 ἔπειτα
1683 5128 1830 5187 ἔσται

161 5228 347 5283 πάντα
409 5223 613 5280 ἄτακτα
670 5226 758 5280 καὶ
803 5224 882 5280 ἀεὶ
942 5223 1255 5302 μάχομε-ια·
1290 5220 1461 5278 καίτοι
1491 5218 1667 5301 φιλίας
1699 5226 1827 5276 πᾶσι

1930 3427 2088 3489 enim
2125 3427 2182 3488 in
2217 3428 2350 3506 igue
2385 3427 2568 3507 frigus
2597 3431 2737 3510 est),
2773 3448 2883 3492 nec
2915 3431 3224 3510 depravari
3269 3433 3485 3510 poterit
3515 3434 3578 3496 id

1926 3516 2083 3596 quod
2113 3518 2292 3578 etiam
2321 3517 2541 3579 malum
2577 3518 2796 3580 bonum
2850 3519 3071 3582 reddit.
3124 3520 3293 3594 Quod
3349 3521 3398 3582 si
3441 3523 3578 3595 erit,

1925 3606 2228 3688 quomodo
2253 3613 2365 3669 erit
2394 3607 2453 3669 in
2483 3606 2641 3671 bono
2687 3608 2936 3672 malum?
2985 3610 3042 3671 Si
3101 3609 3342 3690 quidem
3392 3630 3462 3673 ex
3509 3630 3580 3674 eo

1924 3703 2038 3767 est,
2075 3695 2403 3757 absurdum
2440 3696 2498 3759 id
2541 3704 2631 3758 est
2663 3715 2774 3759 nec
2806 3698 2935 3760 tieri
2981 3706 3213 3779 potest:
3249 3697 3387 3761 Non
3415 3701 3577 3762 enim

1924 3791 2118 3865 potest
2145 3791 2241 3859 (ut
2267 3785 2598 3866 Scripturae
2630 3786 2844 3849 veritas
2875 3787 3154 3865 testatur)
3207 3788 3390 3852 arbor
3424 3789 3581 3854 bona

1924 3883 2114 3939 malos
2144 3877 2388 3953 fructus
2415 3875 2622 3954 facere
2640 3897 2686 3952 v;
2719 3895 2829 3938 nec
2886 3886 3113 3939 contra.
3150 3877 3213 3940 Si
3245 3896 3314 3939 ex
3355 3897 3425 3940 eo
3460 3899 3580 3942 non

1925 3973 2034 4034 est,
2063 3965 2441 4045 perspicuum
2459 3965 2640 4040 est,id
2671 3967 3000 4046 profectum
3032 3986 3164 4029 esse
3181 3966 3253 4029 ab
3278 3968 3393 4029 alio
3419 3969 3582 4049 prin-

1925 4053 2082 4134 cipio
2105 4065 2286 4134 atque
2319 4073 2521 4128 causa;
2551 4073 2685 4116 nam
2733 4065 2838 4116 aut
2883 4056 3099 4118 malum
3136 4077 3204 4118 ex
3248 4057 3404 4120 bono
3433 4058 3574 4134 erit,

1927 4153 2029 4204 aut
2052 4142 2270 4204 bonum
2313 4162 2382 4204 ex
2427 4144 2608 4221 malo;
2643 4145 2729 4206 vel
2763 4147 2811 4206 si
2844 4145 2900 4206 id
2937 4145 3066 4207 ﬁeri
3100 4165 3217 4206 non
3249 4155 3464 4226 potest,
3501 4164 3576 4209 ex

1926 4232 2042 4295 alio
2072 4232 2363 4312 principio
2407 4241 2464 4294 et
2505 4253 2681 4296 causa
2713 4235 2966 4296 exsiStet
2997 4245 3111 4297 tam
3145 4235 3364 4296 bonum
3391 4255 3568 4316 quam

1928 4323 2171 4384 malum.
2205 4321 2376 4383 Nulla
2399 4323 2557 4384 enim
2583 4325 2842 4386 dualitas
2879 4324 3339 4404 principiat,sed
3373 4332 3570 4388 unitas

1925 4412 2037 4473 erit
2071 4411 2431 4493 principium
2456 4414 2648 4474 omnis
2680 4413 3004 4476 dualitatis.
3045 4413 3220 4494 Atqui
3242 4415 3565 4476 absurdum

1921 4520 2163 4583 quoque
2189 4515 2301 4580 εει,
2330 4520 2398 4562 ex
2423 4521 2540 4563 uno
2561 4513 2619 4564 et
2643 4503 2851 4564 eodem
2868 4503 2984 4563 duo
3010 4521 3251 4582 prorsus
3273 4503 3570 4565 contraria

1918 4592 2216 4672 proﬁcisci
2233 4590 2904 4673 etexsistere,idemque
2918 4591 3280 4672 principium
3299 4609 3408 4654 nec
3424 4593 3566 4654 sim-

1919 4680 2195 4760 plex,nec
2222 4700 2406 4744 unum
2429 4699 2584 4755 esse,
2611 4682 2715 4743 sed
2741 4682 2998 4742 divisum
3026 4701 3094 4742 ac
3120 4681 3358 4761 duplex,
3377 4683 3563 4745 etsibi

1916 4770 2032 4851 ipsi
2052 4770 2423 4833 contrarium
2440 4789 2509 4832 ac
2539 4772 3117 4852 repugnansﬁeque
3145 4789 3281 4833 vero
3314 4771 3434 4833 duo
3465 4791 3567 4834 re-

1914 4877 2046 4921 rum
2081 4859 2372 4941 principia
2420 4859 2741 4934 contraria,
2775 4879 2908 4940 quin
2937 4859 3053 4922 sibi
3087 4869 3291 4922 mutuo
3342 4869 3398 4922 et
3423 4862 3562 4923 uni-

1916 4967 2086 5010 verso
2109 4950 2312 5030 insint,
2341 4967 2603 5028 pugnare
2629 4969 2864 5031 quoque
2900 4949 3147 5030 possint;
3181 4949 3229 5009 si
3261 4951 3420 5011 enim
3445 4951 3558 5012 hoc

1915 5040 2196 5120 detur,ne
2225 5037 2383 5101 Deus
2414 5040 2653 5120 quidem
2678 5039 3123 5120 ipseincolunis
3156 5039 3271 5101 erit
3304 5058 3557 5101 vacuus-

1914 5147 2030 5209 que
2057 5128 2656 5210 molestia,siquidem
2682 5131 2757 5190 sit
2777 5128 3005 5210 aliquid
3033 5129 3187 5208 quod
3214 5147 3350 5190 eum
3373 5129 3557 5190 otl'en-

1915 5218 2034 5295 dat;
2060 5218 2280 5280 deinde
2295 5226 2508 5280 cuncta
2533 5226 2708 5281 erunt
2725 5218 3058 5280 inordinata
3079 5235 3202 5278 sem
3213 5236 3434 5298 perque
3449 5236 3556 5297 pu-

160 5330 291 5379 ro'c
327 5313 443 5371 οὖσι
497 5314 554 5369 τὸ
611 5312 807 5390 ἃγαθὸν
854 5311 1168 5390 μεταδίδωσι
1212 5312 1301 5368 καὶ
1356 5307 1697 5388 αὗτοειρτίνη,
1738 5310 1827 5366 καὶ

1929 5305 2173 5386 mantia;
2217 5307 2376 5389 atqui
2412 5306 2636 5370 bonum
2669 5326 2802 5370 cum
2830 5307 3012 5370 rebus
3041 5305 3317 5370 omnibus
3338 5306 3551 5370 amici-

248 5507 288 5552 ν
333 5486 541 5551 Matth.
575 5502 678 5561 vn,
719 5487 814 5550 t8.

1510 5561 1765 5627 VARIIE
1784 5561 2226 5632 LECTlONES.

252 5732 321 5787 28
350 5733 595 5816 ἂγαθοϊς.
626 5732 696 5791 Τὸ
729 5729 802 5796 δέ,
888 5727 951 5778 98
984 5725 1222 5810 δυνατόν,
1258 5724 1322 5790 Ρ.
