4032 6422
373 326 494 396 763

1590 335 1650 397 S.
1699 332 2044 397 DIONYSII
2087 330 2595 394 AREOPAGszE

3633 324 3750 392 764

369 462 617 545 pulchra
653 472 812 540 sunt;
853 466 911 527 in
937 463 1068 547 ipsa
1109 464 1271 529 enim
1312 466 1752 547 supernaturali
1771 474 1831 529 et
1873 482 2005 546 quae

2093 465 2188 521 Διά
2246 474 2398 525 τοῦτο
2459 466 2512 521 τὸ
2587 461 2753 523 καλὸν
2814 463 2865 522 αἱ
2932 465 3040 522 τῶν
3100 463 3388 546 στοιχείων
3459 463 3744 544 γεγόνασιν

373 571 547 615 causa
567 567 730 616 caret
758 556 1221 638 pulchritudine,
1246 564 1441 620 omnis
1458 555 1839 638 pulchritudo
1873 573 2008 616 om-

369 661 562 724 neque
613 646 925 725 pulchrum
976 649 1302 710 secundum
1345 666 1582 711 causam
1640 647 2005 727 praaexstitit.

371 731 688 796 Pulchrum
713 745 908 798 autem
937 737 1238 800 uniforme
1260 737 1415 799 Deus
1437 746 1546 809 est;
1574 739 1856 818 quoniam
1889 754 2008 796 non

369 843 476 904 per
507 825 1018 906 participationem
1047 828 1508 906 pulchritudinis
1539 829 1791 908 pulcher
1811 826 2005 890 exsis-

371 913 530 988 tit,ut
551 915 612 976 in
635 915 969 995 subjectum
995 917 1230 998 aliquod
1251 927 1308 978 et
1332 919 1673 998 qualitatem
1689 917 1998 988 dividatur,

369 1003 474 1062 sed
507 1003 1165 1086 ipsemetetpulchrum
1193 1015 1282 1068 est
1304 1018 1362 1068 et
1397 1005 2004 1088 pulchritudo,iisque

370 1093 670 1171 superior;
695 1113 825 1174 qum
873 1103 1067 1156 autem
1105 1095 1177 1157 ab
1205 1097 1316 1158 hoc
1355 1115 1460 1176 per
1489 1095 2002 1176 participationem

370 1182 616 1261 pulchra
644 1182 956 1267 exsistunt,
981 1184 1037 1244 in
1067 1186 1352 1266 qualitate
1378 1185 1574 1266 aliqua
1596 1203 1760 1246 suam
1789 1186 2010 1246 habent

367 1270 1332 1354 pulchritudinem.Hujuspulchri
1357 1275 2006 1355 causa,element0rum

367 1361 794 1437 connexiones,
829 1382 974 1443 quas
1005 1364 1411 1444 coaptationes
1442 1376 1674 1443 vocant,
1702 1365 1870 1436 ﬁunt,
1904 1382 2005 1424 re-

366 1466 618 1529 rumque
633 1450 784 1513 bene
797 1453 1496 1533 ordinatejcolligationes
1520 1453 2009 1535 perdurant,quaa

364 1537 932 1604 dicunturamicitim
952 1553 1010 1604 et
1032 1544 1746 1618 communiones;ratione
1768 1542 2005 1624 quidem

367 1628 752 1707 praeditorum
775 1631 846 1692 ad
872 1631 1054 1693 Deum
1081 1632 2005 1715 aspirationes,quemadmodum

365 1717 629 1781 Ecclesia
678 1721 1205 1800 primogenitorum
1230 1730 1288 1784 in
1319 1725 1492 1797 c0310,
1525 1735 1704 1804 atque
1736 1724 1911 1784 etiam
1947 1722 2006 1782 in

2094 554 2474 635 ἀλληλουχίαι,
2509 553 2570 621 ἅς
2603 554 2920 635 ἀφαρμογές
2979 576 3131 635 φησι,
3197 556 3288 611 καὶ
3344 556 3397 612 αἶ
3441 561 3546 612 τῶν
3609 552 3748 612 ὅτων

2093 643 2333 702 εὔτακτοι
2395 644 2682 724 συνδέσεις,
2744 646 2796 701 αἱ
2853 643 3140 722 λεγόμεναι
3195 645 3362 726 φιλίαι
3413 646 3503 701 καὶ
3545 667 3746 702 κοινω-

2093 737 2219 792 νίαι⁴
2252 734 2483 812 λογικῶν
2512 736 2632 810 μὲν,
2667 735 2717 791 αἶ
2748 734 2878 813 πρὸς
2929 735 3060 790 Θεὸν
3109 734 3412 802 ἀνατάσεις,
3456 736 3529 798 ὡς
3572 734 3607 802 ἦ
3640 740 3746 790 τῶν

2090 825 2443 903 πρωτοτόκων
2486 821 2780 891 Ἐκκλησία
2842 823 2896 880 ἐν
2951 823 3183 904 οὐρανῷ,
3243 825 3330 879 καὶ
3391 822 3552 880 πάλιν
3611 823 3746 889 αὕτη

2085 914 2122 982 ἡ
2155 915 2238 970 ἐπὶ
2270 917 2395 991 γῆς·
2433 913 2521 969 ἐπὶ
2549 911 2602 968 δὲ
2633 918 2740 969 τῶν
2774 912 2982 990 ἀλόγων
3033 913 3084 969 αἰ
3137 911 3390 992 ἀγελαῖαι
3445 910 3748 990 συνδιαγω-

2088 1003 2198 1080 γαί·
2233 1002 2317 1059 ἐπὶ
2346 1001 2401 1058 δὲ
2431 1008 2537 1058 τῶν
2591 1002 2823 1082 ἀψύχων
2878 1004 2928 1058 αἶ
2987 1003 3125 1080 πρὸς
3184 1001 3397 1069 ἄλληλα
3453 1001 3751 1058 συνδετικαὶ

2087 1095 2427 1168 συμπάθειαν
2478 1096 2644 1150 ταῦτα
2702 1094 2790 1150 οὖν
2855 1092 3079 1160 ἤνωνται
3127 1097 3204 1167 τῷ
3263 1093 3438 1173 καλῷ,
3471 1095 3537 1152 τὰ
3584 1093 3748 1167 μεθέ-

2089 1183 2162 1249 ξει
2194 1185 2324 1260 πρὸς
2355 1185 2415 1240 τὸ
2447 1183 2622 1240 αἴτιον
2652 1184 3086 1261 ἒπεστραμμένα.
3135 1193 3301 1242 Τοῦτο
3353 1186 3414 1240 τὸ
3461 1182 3625 1240 καλὸν
3660 1183 3748 1239 καὶ

2089 1276 2160 1334 ὡς
2220 1275 2502 1340 ποιητικὸν
2559 1273 2707 1354 ἀρχὴ
2765 1274 3004 1347 πάντων,
3045 1275 3134 1330 καὶ
3175 1276 3251 1337 ὡς
3290 1273 3497 1330 τελικὸν
3545 1274 3748 1344 αἴτιον,

2088 1362 2170 1441 ἐφ’
2203 1362 2415 1418 ἱῗτείνει
2474 1369 2619 1420 πᾶσα
2677 1361 2880 1430 σπουδή
2912 1365 2998 1420 καὶ
3030 1362 3230 1442 ἔφεσις.
3285 1362 3453 1441 Πέρας
3507 1363 3748 1418 πάντωνο

2091 1453 2252 1531 πέρας
2281 1452 2433 1530 γάρὸ
2467 1455 2596 1516 Θεὸς
2641 1451 2854 1530 λέγοιτο
2906 1451 2990 1529 ἂν,
3056 1456 3129 1516 ὡς
3191 1453 3436 1532 συνέχων
3487 1454 3555 1508 τα
3604 1453 3747 1508 πᾶνο

2091 1565 2156 1599 τα
2242 1544 2329 1598 καὶ
2428 1542 2638 1600 πάντων
2721 1543 2793 1604 εἰς
2877 1541 3166 1618 ἀσφάλειαν
3245 1540 3747 1619 περιδεδραγμένος,

2094 1632 2178 1688 καὶ
2209 1632 2283 1694 ὼς
2319 1633 2476 1688 αὐτοῦ
2507 1652 2569 1708 γε
2600 1629 2753 1687 ἕνεκα
2783 1631 2995 1686 πάντων
3044 1633 3116 1694 εἷς
3177 1633 3236 1687 τὸ
3263 1631 3406 1688 εἶναι
3443 1631 3752 1707 παραχθέν-

2091 1743 2219 1799 των,
2252 1722 2338 1777 καὶ
2370 1721 2546 1800 ἐτέροδ
2588 1723 2730 1786 τινὸς
2762 1723 2835 1784 εὶς
2867 1723 2926 1776 τὸ
2959 1720 3304 1788 τελειωθῆναι
3336 1721 3398 1776 οὗ
3447 1719 3744 1792 δεομένων.

368 1817 544 1886 terra;
573 1811 633 1870 in
653 1809 841 1871 brutis
859 1823 1053 1873 autem
1073 1814 1340 1892 gregales
1367 1814 1708 1893 societates,
1733 1812 1793 1872 in
1817 1812 2007 1873 inani‘

2094 1809 2238 1868 Οὕτω
2268 1812 2354 1866 καὶ
2386 1815 2570 1888 μέσον,
2622 1811 2693 1871 ὡς
2743 1811 2843 1877 τὴν
2892 1812 2965 1872 εἷς
3015 1813 3076 1867 τὸ
3128 1811 3439 1866 συνεστάναι
3495 1811 3746 1888 παράτα-

367 1903 478 1958 mis
495 1917 633 1959 vero
683 1907 900 1960 mutua:
923 1903 1188 1982 quaadarn
1224 1903 1437 1984 quibus
1463 1903 1820 1980 colligantur
1844 1921 2005 1982 sym-

369 1988 749 2068 pathia};th
779 1991 957 2068 igitur
978 2013 1110 2053 cum
1138 1995 1384 2073 pulchro
1411 1998 1836 2071 uniuntur,per
1864 2012 1899 2072 p
1922 2010 2005 2052 tr-

364 2076 766 2157 ticipationem
815 2081 887 2141 ad
937 2091 1241 2144 auctorem
1298 2101 1608 2145 conversa.
1646 2081 1840 2142 Hocre
1875 2082 2004 2161 pul-

366 2167 576 2229 chrum
594 2171 958 2231 estomnium
987 2172 1344 2253 principium
1371 2181 1435 2234 ut
1455 2191 1630 2234 causa
1651 2172 2009 2241 eiﬁciens,et

361 2266 424 2316 ut
450 2275 629 2318 causa
653 2260 840 2322 linalis
866 2263 935 2321 ad
963 2281 1139 2338 quam
1176 2262 1368 2326 tendit
1424 2281 1600 2323 omne
1658 2262 1916 2322 studium
1951 2269 2008 2322 et

364 2349 682 2428 appetitus.
725 2349 888 2413 Finis
929 2352 1222 2433 omnium,
1250 2351 1406 2414 Deus
1433 2353 1594 2427 enim
1624 2352 1756 2413 ﬁnis
1789 2351 2008 2412 dicitur

365 2446 642 2518 tanquam
673 2442 930 2502 omniam
957 2443 1364 2516 continet-set
1395 2442 1576 2505 veluti
1603 2452 1814 2504 cuncta
1839 2442 1897 2502 in
1919 2459 2009 2503 se-

366 2529 614 2589 curitate
637 2531 1066 2613 complectens,
1117 2541 1174 2594 et
1209 2532 1266 2593 in
1312 2542 1596 2612 quantum
1653 2534 1780 2609 ejus
1830 2550 2007 2592 causa

364 2618 649 2696 producta
674 2630 809 2681 sunt
832 2625 1194 2696 universa,et
1216 2623 1438 2684 nullius
1468 2621 1712 2684 alterius
1743 2620 2008 2697 indigue-

362 2716 496 2768 runt
529 2717 590 2767 ut
635 2710 1206 2788 perticerentur.Sic
1255 2718 1432 2773 etiam
1468 2712 1731 2772 medium
1763 2710 2004 2786 dicitur,

361 2797 537 2858 veluti
565 2798 1048 2876 perdurationem
1077 2802 1136 2861 in
1157 2801 1538 2862 consistendo
1565 2799 1929 2870 concedens,
1951 2808 2008 2858 et

361 2886 518 2966 ﬁnis,
545 2901 840 2966 quatenus
863 2891 1065 2950 omnia
1097 2891 1159 2950 in-
1175 2891 1305 2968 ejus
1339 2889 1643 2949 voluntate
1679 2891 2011 2948 terminan-

361 2986 477 3056 tur,
510 2978 582 3038 ad
615 2997 790 3057 quem
826 2987 999 3040 etiam
1033 2973 1474 3040 Convertuntur.
1512 2980 1680 3040 Hunc
1719 2978 1888 3038 etiam
1915 2996 2006 3037 vo-

2096 1925 2182 1957 σιν
2239 1900 2431 1964 διδούς,
2483 1905 2570 1958 καὶ
2623 1901 2869 1981 τελευτὰ,
2901 1903 2973 1964 ὡς
3020 1901 3074 1956 έν
3122 1909 3200 1974 τῷ
3259 1901 3524 1972 θελήματι
3587 1900 3751 1957 αὗτοῦ

2091 1994 2499 2071 περατουμένων
2551 2000 2657 2050 τῶν
2715 1994 2905 2066 ὄντων,
2962 1993 3047 2074 ἐφ’
3103 1996 3160 2050 ὃν
3219 1995 3305 2049 καὶ
3367 1993 3750 2070 ὲπέστραπται,

2103 2092 2287 2143 Γοῦτον
2345 2085 2488 2164 λέγει
2540 2088 2628 2142 καὶ
2675 2085 3163 2164 παραδειγματικὸν
3195 2085 3394 2158 αἴτιον,
3431 2087 3505 2146 ὡς
3536 2085 3753 2140 πάντων

2092 2182 2197 2231 τῶν
2227 2173 2490 2250 ἐσομένων
2544 2177 2665 2241 τοὺς
2722 2177 3079 2255 προορισμοῦς
3138 2176 3227 2232 καὶ
3259 2175 3312 2230 ἐν
3347 2174 3518 2247 ἐαυτῷ
3564 2195 3758 2251 προει-

2091 2264 2322 2344 ληφότα,
2358 2265 2449 2320 καὶ
2484 2268 2601 2343 πρὶν
2635 2266 2670 2334 ἢ
2702 2279 3062 2344 παραγαγεῖν,
3097 2265 3169 2326 ὣς
3201 2287 3362 2342 φησιν
3397 2266 3423 2320 ό
3480 2263 3755 2320 Ἀπόστο-

2092 2353 2202 2419 λος·
2235 2357 2335 2418 Οὓς
2367 2352 2422 2409 δὲ
2455 2356 2738 2433 προώρισε,
2773 2357 2859 2412 καὶ
2919 2357 2983 2411 τὰ
3027 2355 3172 2421 έΞῆς.
3237 2353 3388 2412 Οῧτω
3450 2354 3550 2431 γὰρ
3598 2350 3756 2408 εἴπεν

2091 2445 2118 2500 ἀ
2177 2443 2344 2522 ἅγως.
2403 2443 2458 2498 ἕν
2516 2451 2591 2518 τῷ
2652 2445 2969 2522 προωρίσθαι
3029 2444 3082 2499 ἐι)
3134 2443 3275 2515 αὒτῷ
3333 2447 3753 2520 προγνωστικῶς

2091 2535 2156 2591 τὰ
2204 2533 2430 2607 ἐσόμενα
2488 2532 2569 2591 διὰ
2629 2541 2726 2600 τῆς
2788 2535 3149 2614 περιεχούσης
3200 2534 3265 2589 τὰ
3326 2533 3494 2588 πάντα
3549 2530 3747 2595 ἐνιαίας

2093 2624 2469 2700 προγνώσεως,
2506 2616 2597 2687 ιΩς
2631 2635 2757 2702 γαῧν
2810 2632 2902 2681 τοῦ
2951 2625 3168 2702 ἀγαθοῦ,
3205 2621 3342 2679 οὕτω
3401 2623 3490 2678 καὶ
3518 2621 3609 2679 τοῦ
3637 2643 3750 2676 κα-

2092 2711 2186 2768 λοῦ
2239 2713 2411 2768 πάντα
2468 2711 2688 2791 ἐφίεται,
2724 2715 2810 2768 καὶ
2865 2717 2958 2771 οὒκ
3001 2713 3110 2768 ἔστι
3138 2733 3185 2767 τι
3221 2711 3327 2767 τῶν
3377 2710 3587 2785 ὄντων,
3621 2708 3756 2788 ὅπερ

2093 2803 2153 2858 οὗ
2187 2803 2405 2881 μετέχει
2437 2812 2526 2860 τοῦ
2556 2801 2745 2874 καλοῦ,
2781 2801 2836 2858 έν
2867 2809 2936 2877 τῇ
2971 2800 3172 2876 μεθέξει
3224 2807 3317 2858 τοῦ
3373 2800 3528 2862 ὄντος
3559 2799 3754 2860 καλοῦ.

2096 2890 2358 2964 Τολμήσει
2393 2889 2446 2946 δέ
2487 2913 2568 2955 τις
2601 2893 2795 2965 simtu,
2854 2891 2937 2946 ὅτι
2997 2892 3083 2946 καὶ
3139 2893 3200 2946 τὸ
3263 2891 3340 2964 μὴ
3371 2890 3434 2946 ὃν
3464 2896 3560 2945 τοῦ
3592 2887 3755 2945 καλοῦ

2096 2980 2339 3060 μετέχει,
2373 2986 2492 3044 Πῶς
2524 2979 2577 3036 δέ
2609 2981 2668 3036 τὸ
2704 2984 2779 3054 μὴ
2812 2980 2874 3035 ’ὃν
2912 2979 3167 3060 μετέχέιν
3225 2981 3408 3059 φησῖνς
3462 2978 3546 3035 ὅτι
3599 2981 3655 3034 iv
3678 2985 3752 3051 τῷ

359 3074 454 3127 cat
504 3085 743 3127 causam
769 3069 1194 3148 exemplarem,
1222 3087 1336 3148 qua
1380 3069 1642 3128 omnium
1678 3067 2007 3128 futurorum

2097 3075 2211 3142 Θεῷ
2239 3072 2323 3125 καὶ
2355 3071 2414 3124 τὸ
2447 3072 2524 3142 μὴ
2557 3068 2616 3124 ὅν
2668 3069 2795 3126 αὒτὸ
2858 3070 2994 3125 κατὰ
3051 3070 3147 3136 τὴν
3201 3069 3416 3124 πάντων
3470 3067 3756 3147 ἀφαίρεσιν

362 3157 865 3236 praedeﬁniliones
898 3157 957 3218 in
1008 3159 1205 3238 seipso
1257 3158 1673 3238 praeconcepit,
1712 3167 1770 3218 et
1822 3156 2002 3218 etiam

2098 3160 2364 3232 ὃμνεϊται,
2399 3158 2484 3215 ὅτε
2521 3159 2665 3238 λέγει
2695 3178 2802 3220 τιςο
2840 3161 2912 3216 Οὔ
2945 3159 3122 3236 τοῦτό,
3187 3162 3283 3216 οὐκ
3337 3157 3507 3214 ἐκείνο
3540 3157 3652 3212 ἐστι
3697 3158 3762 3212 τὸ

362 3254 502 3305 ante
533 3245 1080 3326 productionem,ut
1102 3249 1290 3328 inquit
1311 3249 1668 3326 Apostolus:
1700 3247 1854 3321 Quos
1884 3265 2000 3308 au-

2094 3255 2276 3326 Θεϊον,
2311 3247 2429 3302 ἀλλ’
2461 3248 2592 3327 ὑπὲρ
2623 3256 2804 3304 ταὺτα.
2843 3248 3006 3305 Τοῦτο
3037 3254 3160 3324 γοῦν
3204 3250 3265 3302 τὸ
3317 3247 3394 3321 μὴ
3425 3247 3510 3316 ὃν,
3547 3248 3581 3312 ἡ
3615 3245 3761 3301 πάνυ

363 3341 474 3396 tem
516 3336 978 3414 praedestinavit
1006 3350 1052 3417 (ι,
1077 3348 1135 3400 et
1166 3358 1297 3418 quae
1327 3345 1638 3417 chuntur.
1707 3336 1801 3399 Sic
1844 3337 2002 3398 enim

2093 3358 2193 3392 των
2226 3337 2518 3414 ἀφαίρεσις,
2570 3337 2791 3417 μετέχει
2846 3344 2938 3392 τοῦ
2995 3339 3134 3392 θείου
3190 3335 3356 3392 καλοῦ
3401 3337 3489 3391 καὶ
3536 3335 3763 3412 ἀγαθοῦ,

359 3424 453 3484 vir
484 3433 719 3486 sanctus
753 3426 940 3488 latura
971 3416 1198 3508 inipso
1225 3416 1611 3508 praescienter
1643 3426 2007 3506 przedelinita

2093 3427 2222 3482 καθό
2252 3428 2328 3497 μὴ
2359 3425 2416 3481 ὅν
2447 3429 2506 3482 τὸ
2541 3416 2710 3482 Θεϊον
2733 3416 3100 3500 γὸνομάζεται.
3167 3416 3370 3506 "li-Aet:
3434 3427 3609 3480 εὶπεϊν
3674 3425 3767 3479 καὶ

359 3513 506 3576 dixit
538 3533 644 3594 per
667 3516 902 3578 unicam
941 3518 1101 3578 illam
1140 3519 1593 3597 praenotionem,
1633 3534 1746 3598 qua
1798 3524 2007 3577 cuncta

2093 3517 2191 3582 τὴν
2220 3515 2356 3582 ὕλην
2384 3517 2461 3590 μὴ
2496 3519 2580 3594 ὸν,
2611 3517 2683 3578 ὡς
2723 3517 2801 3590 μὴ
2835 3517 3175 3594 μετέχουσαν
3223 3514 3318 3571 τοῦ
3365 3513 3536 3570 καλοῦ
3563 3511 3768 3577 εἴδους.

359 3605 1324 3683 complectitur.Quemadmodum
1361 3607 1540 3685 igitur
1571 3607 1919 3676 bonum,sic
1953 3619 2010 3666 et

367 3693 676 3772 pulchrum
713 3697 916 3756 omnia
951 3706 1256 3776 appetunt;
1281 3707 1338 3758 et
1361 3697 1508 3757 nihil
1535 3697 1786 3758 est594
1821 3699 1876 3755 in
1909 3714 2006 3755 re-

364 3786 474 3845 bus
508 3785 662 3862 quod
697 3804 814 3846 non
849 3785 1081 3866 pulchri
1103 3788 1182 3849 sit
1206 3787 1504 3866 particeps
1531 3786 1588 3846 in
1610 3791 1728 3846 veri
1775 3783 2006 3866 pulchri

365 3874 838 3952 participatione.
868 3875 1316 3938 Audebitetiam
1345 3895 1460 3936 non
1488 3895 1662 3937 nemo
1687 3875 1911 3949 dicere,
1949 3874 2004 3933 id

361 3963 516 4042 quod
539 3982 653 4024 non
671 3976 760 4024 est
785 3965 956 4026 etiam
983 3965 1292 4046 pulchrum
1314 3963 2005 4047 participareQuomodo

361 4061 558 4112 autem
582 4053 725 4114 dicit
750 4055 1106 4134 participare
1126 4055 1181 4116 id
1206 4057 1360 4136 quod
1387 4075 1500 4116 non
1521 4062 1639 4118 est?
1657 4053 1808 4126 Quia
1826 4054 2006 4115 etiam

363 4141 422 4201 in
440 4140 558 4202 Deo
575 4142 630 4202 id
657 4143 811 4223 quod
839 4163 955 4204 non
977 4151 1068 4205 est
1087 4145 1839 4225 peromniumahlationem
1862 4139 2007 4224 prio-

363 4230 616 4306 dicatur;
648 4241 711 4293 ut
739 4233 975 4314 quando
1022 4235 1154 4312 quis
1203 4234 1368 4306 dicit,
1413 4234 1576 4296 ver-bi
1606 4233 1812 4313 gratia,
1850 4231 2006 4294 Deus

362 4340 478 4382 non
502 4329 594 4382 est
621 4322 732 4384 hoc
751 4323 837 4384 vel
864 4323 1144 4404 illud,sed
1167 4342 1343 4404 supra
1378 4325 1581 4387 ista.ld
1616 4324 1814 4400 itaque
1843 4322 2005 4398 quod

361 4430 478 4473 non
512 4411 759 4484 est,sive
792 4413 1058 4474 omnium
1088 4413 1331 4488 ablatio,
1379 4414 1678 4495 particeps
1709 4422 1798 4474 est
1827 4411 2008 4472 divini

364 4501 592 4582 pulchri
611 4519 678 4564 ac
692 4503 830 4563 boni
847 4502 904 4564 in
923 4513 1210 4584 quantum
1230 4504 1497 4565 divinum
1517 4521 1736 4565 numen
1768 4509 2010 4563 vocatur

362 4611 480 4652 non
515 4611 646 4652 esse
667 4593 819 4674 (40).
867 4594 1066 4655 Possis
1085 4592 1260 4654 etiam
1292 4592 1600 4654 materiam
1626 4611 1742 4653 non
1768 4610 1874 4652 ens
1901 4609 1974 4669 ap
1993 4627 2006 4636 -

368 4681 918 4763 pellare,qualenus
944 4700 1159 4763 expers
1182 4692 1268 4744 est
1289 4683 1553 4764 pulchrae
1574 4683 1794 4743 formae.
1810 4680 2010 4743 Possis

368 4771 543 4832 etiam
581 4771 802 4831 malum
837 4771 1038 4833 dicere
1063 4791 1181 4832 non
1214 4791 1345 4834 esse
1378 4772 1692 4842 bonum,in
1725 4779 2009 4853 quantum

367 4862 543 4921 etiam
597 4861 777 4940 hujus
832 4861 1061 4938 pulchri
1115 4862 1409 4944 particeps
1463 4863 1713 4938 exsistit;
1739 4861 1878 4938 quia
1908 4878 2012 4941 per

366 4949 604 5028 aliquod
655 4968 948 5031 apparens
998 4952 1311 5031 pulchrum
1354 4954 1442 5014 vel
1490 4952 1709 5012 bonum
1747 4950 2009 5028 tingitur;

369 5057 652 5119 expressa
679 5058 817 5100 vero
848 5039 1173 5102 similitudo
1201 5043 1300 5103 dat
1331 5041 1502 5104 nobis
1535 5041 1916 5118 cogitandum
1953 5039 2012 5100 id

367 5129 519 5210 quod
551 5133 713 5208 prius
736 5139 848 5192 est.
883 5130 1027 5192 Cum
1058 5131 1673 5194 commiscueritbono
1698 5129 2012 5210 pulchrum

365 5219 547 5297 (sicut
580 5219 738 5280 enim
772 5219 1036 5293 illud,sic
1061 5230 1117 5280 et
1141 5222 1248 5282 hoc
1280 5231 1493 5283 cuncta
1517 5229 1848 5302 appetuntt,
1872 5221 2007 5292 hoc,

368 5309 581 5389 inquit,
619 5309 820 5372 talium
861 5310 1127 5370 omnium
1152 5319 1459 5390 estcausa,
1497 5311 1772 5371 nimirum
1809 5309 2007 5388 unice,

369 5398 601 5460 tametsi
625 5398 688 5460 in
722 5398 971 5478 singulis
993 5403 1486 5475 Varietur,tamm
1507 5418 1622 5461 una
1639 5398 2012 5480 simplexque

443 5569 469 5613 ει
500 5559 677 5624 Rom.
717 5578 840 5641 vm,
875 5561 975 5625 30.

442 5721 570 5800 (40)
601 5719 841 5784 Scilicet
868 5723 980 5786 hoc
1011 5723 1106 5785 vel
1138 5723 1319 5786 illud.

2096 3602 2280 3684 Ἔχεις
2314 3605 2484 3661 εἰπεῖν
2517 3609 2606 3660 καὶ
2635 3606 2698 3660 τὸ
2735 3607 2926 3661 κακὸν.
2983 3604 3062 3677 μὴ
3123 3602 3181 3658 δ’
3212 3604 3429 3680 ἀγαθὸν,
3464 3605 3539 3666 ὡς
3596 3602 3768 3674 μετέ··

2094 3713 2182 3771 χει
2217 3693 2304 3747 καὶ
2336 3698 2487 3748 τοῦτο
2519 3697 2611 3748 τοῦ
2641 3689 2831 3771 καλοῦ,
2867 3691 2946 3747 ὅτι
2981 3690 3063 3747 δια
3111 3713 3163 3746 τι
3210 3691 3537 3770 φαινόμενον
3595 3688 3766 3745 καλὸν

2092 3784 2126 3849 ἢ
2160 3783 2355 3860 ἀγαθὸν
2402 3783 2713 3860 πράττεταιο
2760 3773 2881 3837 ιξιλλζ
2931 3783 2960 3849 ἠ
3035 3780 3394 3860 ἐπιφερομένη
3455 3779 3760 3857 ἐπεξεργα-

2093 3875 2177 3927 σία
2227 3874 2284 3927 τὸ
2334 3872 2588 3946 πρότερον
2647 3871 2854 3927 δίδωσιν
2908 3873 3053 3944 ἡμᾶς
3123 3870 3352 3926 ἓννεεῖν.
3412 3869 3564 3927 Ἐπεὶ
3599 3868 3766 3924 συνέ-

2095 3961 2208 4036 μιξε
2239 3967 2315 4034 τῷ
2344 3961 2522 4039 ἀγαθῷ
2577 3965 2634 4016 τὸ
2691 3959 2876 4016 καλόν⁶
2937 3962 3040 4039 (ὼς
3099 3961 3198 4039 γὰρ
3242 3961 3464 4039 ἐκείνου,
3499 3957 3642 4016 οὕτω
3673 3959 3766 4013 καὶ

2090 4052 2277 4107 τούτου
2335 4051 2507 4106 πάντα
2583 4050 2826 4129 ἕφίεταν)
2905 4051 3062 4106 τοῦτό
3133 4073 3289 4120 φησι,
3360 4049 3570 4105 πάντων
3651 4053 3764 4104 τῶν

2092 4140 2347 4196 τοιούτων
2377 4139 2516 4195 ἐστὶν
2547 4137 2747 4212 αἴτιον,
2785 4141 2973 4202 ἑνικῶς
3034 4137 3306 4216 δηλονότι,
3341 4140 3384 4194 εἰ
3415 4139 3504 4193 καὶ
3534 4136 3762 4194 ποικίλ-

2092 4228 2240 4284 λεται
2273 4230 2408 4284 κατὰ
2435 4230 2500 4284 τὰ
2529 4227 2644 4285 καθ’
2693 4228 2940 4307 ἕκαστον,
3003 4227 3123 4285 ἀλλ’
3170 4231 3257 4284 οὖν
3317 4229 3369 4283 ἓν
3424 4228 3512 4283 καί
3556 4226 3767 4284 ἁπλοῦν

2093 4320 2264 4393 μένει.
2301 4309 2392 4381 Ὠς
2430 4321 2453 4374 ὁ
2485 4318 2642 4382 αὗτὸς
2699 4317 2850 4385 ἥλιος
2908 4318 3202 4396 θερμαίνων
3265 4319 3354 4374 καὶ
3412 4318 3637 4394 πέτραν,
3674 4320 3766 4372 καὶ

2093 4409 2328 4484 ἱμάτιον,
2364 4409 2450 4464 καὶ
2499 4408 2599 4485 γῆν
2658 4405 3043 4486 βεϐρεγμένην,
3077 4414 3165 4464 καὶ
3223 4407 3383 4484 ὕδωρ,
3423 4405 3566 4473 πλὴν
3631 4427 3762 4462 ποι-

2099 4497 2257 4559 κίλως
2301 4498 2431 4572 πρὸς
2462 4499 2525 4552 τὰ
2573 4495 2865 4576 δεχόμενα⁶
2927 4499 2988 4552 ἑκ
3033 4498 3217 4553 τούτου
3270 4504 3435 4553 πᾶσαι
3486 4503 3591 4552 τῶν
3640 4517 3764 4550 κτι-

2098 4593 2235 4644 attint
2266 4588 2315 4642 αἱ
2348 4585 2624 4651 οὖσιῶδεις
2682 4586 2950 4666 ὅπέρξεις.
3015 4586 3201 4652 Καλῶς
3239 4585 3293 4642 δὲ
3351 4589 3411 4643 τὸ
3456 4584 3762 4646 οὗσιώδειςο

2098 4681 2149 4733 αἱ
2209 4677 2308 4754 γὰρ
2355 4676 2598 4754 ὑπάρξεις
2655 4674 2769 4732 καθ’
2841 4677 3031 4740 ἑαυτὰς
3084 4677 3346 4753 ἀνώτεραι
3405 4682 3512 4731 τῶν
3564 4676 3769 4732 οὗσιῶν

2099 4771 2252 4822 εἶσιν
2298 4765 2514 4844 ὕπαρΞις
2569 4767 2669 4844 γὰρ
2713 4766 2856 4823 ἐστιν
2914 4768 3040 4822 αὐτὸ
3101 4769 3158 4822 τὸ
3207 4767 3348 4822 εἶναί
3390 4780 3465 4822 tt“
3500 4765 3655 4822 οὗσῖσ
3712 4763 3770 4820 δέ

2099 4857 2208 4912 ἐστι
2241 4857 2301 4912 τὸ
2344 4857 2392 4910 τί
2427 4855 2537 4911 ἐστι
2599 4865 2682 4914 τοῦ
2735 4854 2906 4921 ὄντος.
2945 4847 3166 4923 Ἐπειδὴ
3220 4855 3310 4913 οὖν
3343 4857 3461 4930 περὶ
3491 4857 3601 4910 τῶν
3639 4876 3765 4910 κτι-

2099 4951 2238 5002 στῶν
2269 4966 2451 5034 φησιν,
2514 4943 2735 5005 εἰκότως
2782 4952 2858 5019 τῷ
2903 4945 3147 5023 ὑπέρξεις
3208 4944 3508 5020 προσέθηκε
3563 4945 3626 5000 τὸ
3675 4946 3768 4999 0-5-

2099 5033 2330 5096 σιώδεις.
2378 5031 2629 5094 Ένωσεις
2684 5033 2739 5089 δὲ
2783 5033 3054 5112 λέγονται,
3089 5036 3194 5114 οὔχ
3245 5033 3330 5089 ὅτι
3383 5031 3627 5110 σωρήδὸν
3675 5033 3770 5089 σὺν

2099 5127 2284 5200 ἐκείνῳ
2315 5124 2368 5180 ἕν
2413 5149 2461 5182 τι
2493 5124 2898 5199 ἀποτελοῦνται,
2957 5127 3076 5182 ἀλλ’
3135 5125 3216 5182 ὅτι
3261 5126 3415 5202 πηγὴ
3448 5125 3623 5180 αὑτῶν
3657 5122 3758 5179 καί

2105 5217 2253 5296 ἁρχὴ
2297 5217 2324 5270 ὁ
2385 5217 2538 5290 Θεὸς,
2595 5215 2678 5271 καὶ
2743 5213 2796 5280 ἐξ
2853 5217 3011 5274 αδτοῦ
3060 5217 3406 5292 παρήκθησαν
3463 5213 3776 5272 ὑποστάντα

2098 5305 2215 5364 καθ’
2244 5307 2557 5375 ὑπόστασιν,
2589 5307 2663 5366 ὡς
2697 5307 2778 5362 καὶ
2812 5308 2885 5368 εὶς
2917 5307 3200 5386 διακρίσεις
3259 5303 3610 5362 ὕποστάσεων
3669 5325 3770 5383 φα·

2100 5396 2280 5464 νῆναι.
2325 5395 2651 5462 Ταὺτότητες
2683 5393 2738 5452 δέ
2770 5397 2820 5452 αἱ
2879 5396 3152 5474 ἀναγωγαὶ
3195 5395 3286 5450 καὶ
3338 5393 3587 5450 ἓνωτικαὶ
3639 5395 3773 5472 πρὸς
