4032 6482
3619 370 3695 440 77

353 372 462 444 7'71

3703 378 3737 420 ί)

3708 425 3736 440 υ

1532 380 1588 446 S.
1642 380 1976 447 DlONYSII
2039 376 2550 446 AREOPAGIT/E

349 531 552 575 sermo
569 514 971 595 explicat,non
995 512 1155 579 enim
1180 516 1525 578 invocamus
1550 522 1743 597 ipsum
1769 534 1987 578 nomen

2076 518 2145 577 ὡς
2205 521 2251 576 οἱ
2287 508 2583 585 ’Έλληνες
2648 515 2763 575 οὐδὲ
2795 517 2892 593 γάρ
2952 515 3060 572 ἐστι
3105 523 3260 573 τοῦτο
3319 513 3457 570 ἴδιον
3502 519 3611 570 τῶν
3670 514 3739 569 τὰ

344 602 658 675 amoris,ut
689 605 1180 687 gentilesmeque
1198 607 1312 668 hoc
1340 608 1645 687 proprium
1670 616 1761 667 est
1784 624 1987 667 eorum

2077 611 2196 664 θεῖι
2227 622 2395 665 νοεϊιν
2425 606 2734 681 ἐθελόντων,
2754 604 2872 661 ἀλλ’
2906 605 3115 660 ἐκείνων
3149 612 3254 661 τῶν
3286 604 3406 667 τοὺς
3440 601 3617 682 ἥχῦυς
3648 602 3738 659 δε⁶

342 693 442 772 qui
474 708 570 754 res
599 692 831 756 divinas
856 695 1189 772 intelligere
1211 703 1484 776 cupiunt,
1516 696 1620 757 sed
1654 715 1832 756 sonos
1867 697 1991 757 exi-

343 780 431 844 les
451 785 1256 859 auretenusadmittunt,nec
1280 803 1381 846 eos
1397 785 1755 847 intrinsecus
1777 786 1847 845 ad
1860 786 1996 846 mis-

344 888 442 933 sos
461 873 646 953 ipsam
669 874 930 937 animam
958 884 1270 955 penetrare
1284 877 1509 948 sinunt,
1522 894 1711 956 neque
1728 875 1881 937 scire
1898 894 1994 935 vo—

343 960 494 1038 lunt,
529 964 1052 1045 aequipollentibus
1074 966 1252 1027 etiam
1279 965 1806 1044 dictionibus,quae
1832 965 1991 1026 mul-

345 1060 469 1114 tum
512 1054 738 1116 terreni
767 1055 1023 1136 sapiunt,
1049 1074 1146 1117 res
1170 1055 1400 1117 divinas
1439 1061 1706 1137 expromi
1749 1055 1993 1115 minime

343 1142 675 1223 prohiberi;
702 1145 805 1206 sed
831 1145 1046 1207 stolide
1087 1145 1404 1207 elementis
1441 1163 1509 1206 ac
1548 1144 1909 1205 dictionibus
1935 1153 1991 1205 et

344 1230 589 1310 syllabis
619 1231 877 1294 animam
905 1252 1020 1294 non
1052 1233 1528 1314 penetrantibus,
1565 1233 1671 1294 sed
1706 1233 1989 1295 extrinse-

342 1337 449 1381 cus
469 1337 647 1383 aures
675 1322 1030 1385 ferieutibus
1057 1322 1325 1385 tenacius
1351 1323 1678 1393 adhmrent;
1716 1341 1783 1383 ac
1801 1322 1847 1382 si
1873 1342 1988 1384 non

343 1409 522 1472 liceat
551 1419 808 1491 quatuor
840 1431 945 1491 pcr
971 1412 1060 1473 bis
1092 1413 1210 1475 duo
1245 1413 1713 1492 signiﬁcare,aut
1749 1411 1986 1490 simpli-

342 1516 446 1561 ces
481 1501 669 1562 lineas
709 1510 927 1563 rectas.
974 1499 1204 1564 Similis
1224 1503 1407 1572 enim.
1445 1503 1566 1563 imo
1589 1501 1797 1563 eadem
1822 1512 1986 1577 sunt,

342 1589 466 1652 sive
488 1589 622 1670 quis
643 1590 975 1652 secundum
1003 1592 1328 1654 Cretenses
1354 1592 1624 1653 matriam
1659 1591 1842 1671 dicat,
1868 1591 1992 1652 sive

2076 698 2329 778 χομένων
2363 696 2523 776 μέχρι
2558 698 2663 752 τῶν
2701 696 2904 768 ὦντων,
2938 698 3021 750 καὶ
3066 691 3379 758 ἀδιαϐάτους
3413 691 3603 757 ἔξωθεν
3636 694 3739 758 τῆς

2076 793 2262 868 ψυχῆς
2320 787 2654 867 συνεχόντων
2688 784 2896 864 αὖτοὺς,
2934 785 3021 839 καὶ
3077 785 3155 856 μὴ
3196 783 3457 841 θελόντων
3518 781 3740 861 εἰδέναι,

2075 876 2157 933 ὅτι
2216 879 2303 934 καὶ
2380 876 2464 933 διὰ
2520 874 2846 950 ὶσοδυνεὶμων
2917 872 3111 940 λέξεων
3174 872 3310 930 πολὺ
3367 876 3417 930 τὸ
3478 874 3739 953 χαμηλὸν

2078 968 2315 1047 ἐχουσῶν
2376 969 2435 1023 οὗ
2492 965 2802 1039 κωλυόμεθα
2861 964 3123 1043 ἐκφωνεῖν
3196 964 3291 1026 τὰς
3344 965 3485 1025 θείας
3545 961 3735 1028 λέξεις·

2077 1057 2540 1137 προσπασχὸντων
2589 1055 2643 1109 δὲ
2676 1053 2919 1122 ἀιοήτως
2952 1054 3242 1132 στοιχείοις
3301 1055 3390 1109 καὶ
3420 1051 3616 1128 λέξεσι,
3650 1053 3744 1108 καὶ

2077 1144 2368 1210 συλλαϐαῖς
2421 1148 2497 1219 μὴ
2530 1141 2915 1207 διαϐαινούσαις
2965 1144 3038 1201 εἷς
3085 1143 3292 1222 ψυχὴν,
3329 1142 3449 1198 ἀλλ’
3497 1143 3599 1206 ἔξω
3636 1164 3737 1198 που

2074 1238 2193 1313 περὶ
2240 1236 2304 1291 τὰ
2333 1236 2444 1291 ὦτα
2493 1234 2894 1312 περιηκούσαις,
2931 1231 3112 1311 ὥσπερ
3168 1234 3211 1287 εἰ
3246 1232 3323 1304 μὴ
3381 1230 3447 1298 ἦν
3480 1231 3595 1297 ἐξὸν
3647 1232 3739 1286 τὸν

2073 1325 2302 1400 τέσσαρα
2356 1326 2525 1380 εἰπεῖν
2585 1322 2668 1379 διὰ
2726 1332 2817 1381 τοῦ
2873 1321 2948 1386 δὶς
3009 1320 3119 1400 δύο,
3182 1321 3217 1390 ἢ
3276 1323 3340 1377 τὰ
3396 1322 3741 1399 εὒθύγραμμα

2074 1418 2441 1493 ὁρθόγραμμα.
2493 1405 2709 1488 ’Ὅμοια
2743 1414 2844 1489 γὰρ
2874 1413 2961 1468 καὶ
3018 1413 3079 1467 τὰ
3112 1412 3266 1491 αὐτὰ,
3307 1412 3337 1479 ii
3383 1412 3475 1477 τηε.
3513 1408 3742 1488 μητρίδα

2074 1506 2209 1562 κατὰ
2269 1505 2388 1568 τοὺς
2473 1510 2679 1581 Κρήτας
2744 1499 2965 1579 πατρίδα
3043 1502 3213 1557 εἰπεῖν
3272 1499 3386 1555 καθ’
3444 1502 3606 1575 ὑμᾶς,
3654 1502 3742 1556 καὶ

2074 1593 2265 1667 τᾶλλα,
2298 1593 2391 1649 ’ἕνα
2443 1596 2520 1667 μὴ
2548 1591 2665 1648 καθ’
2709 1590 2931 1647 ἕκαστον
2964 1588 3339 1666 διατρίϐωμεν,
3374 1589 3489 1646 δέον
3521 1587 3739 1670 εἰδέναι,

336 1679 663 1741 secundum
700 1699 808 1742 nos
841 1681 1115 1761 patriam,
1151 1691 1213 1742 et
1243 1682 1329 1744 sic
1359 1682 1434 1743 de
1462 1681 1715 1743 caeteris.
1743 1679 1829 1743 Ne
1863 1687 1987 1742 sin-

2078 1682 2157 1740 ὅτι
2203 1697 2318 1747 τοῖς
2370 1682 2549 1760 λόγοις
2611 1680 2696 1737 διὰ
2754 1682 2848 1743 τὰς
2901 1680 3165 1747 αἶσθήσεις
3226 1681 3506 1760 χρώμεθα,
3556 1679 3744 1735 ’Πνίκα

342 1769 477 1847 gula
493 1770 1263 1851 recenseamus,sciendum
1294 1790 1399 1832 cur
1420 1770 1617 1833 verbis
1632 1780 1688 1832 et
1714 1771 1987 1834 sensibus

2078 1777 2178 1853 γὰρ
2223 1776 2312 1828 τὸν
2345 1774 2663 1851 προφορικὸν
2722 1771 2905 1827 τοῦτον
2938 1768 3094 1846 λόγον
3147 1778 3393 1844 κινοῦμεν
3425 1772 3544 1847 περί
3602 1792 3743 1830 τινος

341 1859 852 1931 utamur.Quando
882 1862 1038 1921 enim
1064 1878 1403 1921 sermonem
1424 1860 1524 1940 qui
1552 1860 1987 1940 pronuntiatur,

2079 1870 2186 1920 τῶν
2236 1864 2523 1936 αἰσθητῶν,
2578 1861 2697 1919 τότε
2758 1859 2950 1925 λέξεων
3007 1862 3095 1915 καὶ
3154 1867 3368 1938 γραφῶν
3422 1862 3508 1915 καὶ
3568 1859 3745 1936 λόγων

344 1966 654 2010 movemus
676 1950 750 2010 de
767 1950 973 2011 sensili
995 1951 1347 2030 aliquo,tum
1373 1950 1736 2011 dictionibus
1767 1960 1824 2011 et
1847 1954 1987 2012 scri-

2078 1952 2301 2028 δεόμεθα
2354 1954 2482 2030 πρὸς
2553 1949 2784 2021 δήλωσιν
2845 1953 2937 2007 τοῦ
3007 1948 3359 2022 καλουμένου,
3425 1951 3483 2007 Εἰ
3539 1948 3596 2005 δὲ
3654 1949 3742 2026 ἀφ’

344 2038 533 2117 pturis
555 2045 613 2099 et
633 2037 828 2100 verbis
854 2058 1002 2119 opus
1052 2040 1344 2101 habemus
1366 2039 1439 2099 ad
1473 2040 1624 2119 ejus,
1652 2040 1809 2121 quod
1835 2040 1987 2101 dici-

2079 2045 2270 2107 ἐαυτῆς
2298 2044 2331 2109 ἡ
2368 2042 2522 2121 ψυχὴ
2582 2043 2712 2119 πρὸς
2740 2041 2803 2097 τὰ
2864 2040 3030 2106 νοητὰ
3087 2039 3321 2094 κινεῖται
3367 2038 3452 2094 διὰ
3482 2046 3590 2095 τῶν
3648 2040 3743 2114 ὀρ-

340 2127 1026 2202 tur,declarationem.Si
1054 2138 1250 2191 autum
1269 2130 1470 2191 anima
1501 2149 1532 2190 ει
1563 2130 1762 2208 seipsa
1792 2130 1864 2191 ad
1901 2129 1987 2190 in-

2076 2136 2180 2189 θῶ)
2230 2132 2527 2210 ἐνεργειῶν,
2580 2131 2819 2208 περιτταὶ
2878 2130 3014 2203 μετὰ
3076 2135 3183 2183 τῶν
3242 2130 3507 2194 αἰσθητῶν
3562 2131 3616 2182 αἱ
3661 2131 3738 2184 αἱ·

338 2216 668 2296 telliglbilia
700 2226 991 2294 movetur;
1019 2220 1078 2280 in
1102 2220 1279 2281 rectis
1308 2219 1753 2299 operationibus
1785 2238 1987 2300 super-

2076 2209 2323 2291 σθήσειςσν
2374 2220 2557 2296 ὑψηλὰ
2610 2222 2709 2299 γὰρ
2766 2220 3113 2299 φαντάζεται.
3181 2209 3359 2275 ’Ὅταν
3402 2217 3457 2274 δὲ
3502 2217 3743 2284 θεοειδὴς

341 2307 447 2369 ﬂui
468 2315 605 2369 sunt
622 2326 755 2369 cum
779 2308 1102 2370 sensilibus
1124 2308 1647 2383 sensus,sublimia
1663 2310 1824 2370 enim
1845 2310 1991 2371 ima-

340 2397 896 2476 ginantur.Quando
908 2408 1106 2461 autem
1127 2398 1435 2460 deiformis
1449 2399 1663 2461 eﬂ‘ecta
1684 2398 1860 2461 fuerit
1876 2399 1987 2460 ele-

336 2484 673 2547 vationibus
697 2486 975 2566 paulatim
1004 2486 1346 2568 proﬁciens,
1379 2494 1561 2565 atque
1597 2504 1706 2563 per
1726 2488 1983 2566 ignotam

337 2575 621 2638 unionem
647 2576 1086 2640 intellectiones
1126 2595 1265 2638 suas
1309 2577 1367 2637 in
1422 2576 1730 2638 inaccesso
1763 2577 1988 2638 lumine

340 2664 772 2746 babuerit,tum
808 2666 987 2729 etiam
1017 2665 1429 2745 intelligibiles
1459 2666 1835 2747 operationes
1854 2675 1993 2727 sunt

337 2756 675 2836 superﬂuae,
699 2756 856 2818 sicut
878 2768 938 2818 et
959 2775 1194 2831 sensus,
1221 2758 1500 2837 quoniam
1529 2756 1618 2817 his
1641 2755 1992 2816 sublimiora

335 2844 555 2924 cogitat
588 2846 787 2909 anima
813 2846 938 2925 jam
973 2848 1098 2906 Deo
1127 2846 1312 2908 unita.
1349 2848 1490 2907 599
1510 2845 1759 2918 Quando
1788 2852 1987 2905 autem

342 2952 514 2995 mens
543 2935 710 2996 humi
735 2935 1008 3015 repentia
1036 2954 1139 2996 seu
1166 2935 1477 2996 terrestria
1520 2934 1899 3014 imaginatur,
1932 2942 1993 2994 et

338 3024 401 3086 in
429 3025 634 3085 sensili
658 3024 854 3105 aliquo
884 3024 1112 3084 moveri
1144 3024 1366 3098 studet,
1396 3034 1533 3085 tunc
1560 3024 1844 3087 clariores
1866 3041 1965 3084 ser

2072 2310 2293 2387 γενηται
2373 2313 2748 2389 προγόπτουσα
2795 2322 2915 2372 ταῖς
2991 2308 3124 2382 μετὰ
3192 2310 3381 2384 μικρὸν
3456 2306 3744 2367 ἀνατάσεσι

2070 2400 2158 2455 καὶ
2192 2396 2258 2454 δι’
2289 2399 2528 2455 ἑνώσεως
2560 2400 2835 2477 ἀγνώστου
2866 2399 2993 2474 πρὸς
3037 2398 3098 2452 τὸ
3152 2395 3439 2473 ἀπρόσιτον
3484 2404 3600 2475 φῶς
3648 2398 3741 2460 τὰς

2073 2487 2323 2550 ἐπιϐολὰς
2385 2488 2520 2567 ἔχῃ,
2554 2489 2673 2544 τότε
2731 2489 2819 2544 καὶ
2880 2489 2927 2542 αἱ
2961 2488 3135 2563 νοεριὶ
3195 2484 3454 2563 ἐνέργειαι
3500 2494 3744 2564 περιτταέ

2075 2580 2231 2654 εἰσιν,
2263 2580 2335 2641 ὡς
2389 2581 2475 2634 καὶ
2508 2582 2559 2634 αἱ
2615 2580 2907 2650 αἰσθήσεις,
2941 2574 3127 2643 insta-ii
3160 2577 3225 2631 τὰ
3274 2575 3577 2654 ὑψηλότερα
3608 2578 3735 2632 τού-

2075 2689 2181 2723 των
2212 2668 2248 2732 ³η
2292 2668 2444 2748 ψυχὴ
2477 2666 2789 2745 διανοεῖται,
2824 2665 3014 2722 λοιπὸν
3064 2664 3312 2739 ἡνωμένη
3350 2671 3487 2737 Θεῷ.
3548 2656 3739 2723 ’¹Οταν

2074 2754 2128 2811 δὲ
2189 2758 2216 2811 ὁ
2265 2766 2383 2818 νοῦς
2432 2756 2748 2837 χαμαίζηλα
2779 2760 3076 2836 φαντασθῇ,
3121 2758 3208 2812 καὶ
3255 2757 3373 2827 περί
3426 2779 3570 2821 τινος
3635 2757 3742 2811 ἀπὸ

2073 2856 2180 2905 τῶν
2247 2849 2507 2913 αἰσθητῶν
2565 2844 2763 2921 σπεύδῃ

2079 2938 2293 3011 στέρους
2353 2935 2539 3014 λογους
2597 2938 2683 2992 καὶ
2743 2937 2807 2991 τα
2864 2935 3150 3013 τρανότερα
3208 2942 3313 2991 τῶν
3366 2938 3575 3014 ὁρατιιιν
3628 2936 3729 3015 χρὴ

2842 2850 3145 2920 κινηθῆναι,
3204 2846 3325 2901 τότε
3386 2846 3502 2910 τοὺς
3569 2867 3739 2925 σαφε-

2081 3028 2437 3105 ὲπιλὲγεσθαι,
2476 3025 2606 3083 διότι
2652 3028 2993 3105 ἂτρανώτων,
3028 3029 3116 3084 καὶ
3174 3025 3385 3098 ἀδήλων
3417 3033 3526 3083 τῶν
3562 3050 3734 3105 παρ).-

2977 3075 2993 3106 ἳ

345 3129 586 3193 mones,
606 3126 662 3174 et
698 3132 829 3193 qum
858 3113 918 3174 in
944 3113 1123 3175 rebus
1146 3112 1479 3176 visibilibus
1507 3113 1760 3175 maxime
1776 3113 1987 3193 perSpi-

2078 3119 2337 3194 κειμένων
2392 3131 2512 3179 ταῖς
2548 3116 2846 3183 αἰσθήσεσιν
2892 3114 3056 3173 ὄντων
3100 3115 3216 3174 οὔδε
3274 3117 3405 3173 αὐτὰ
3435 3120 3489 3173 αἱ
3548 3119 3737 3187 αἰσθή-

339 3219 452 3263 cua
471 3203 892 3281 sunt,seligere
926 3210 1180 3283 oportet,
1202 3202 1427 3285 quippe
1458 3203 1694 3284 quando
1725 3203 1828 3263 illa
1857 3221 1991 3283 quae

340 3290 619 3353 sensibus
646 3291 879 3371 objecta
909 3302 1048 3354 sunt
1081 3292 1330 3355 minime
1361 3294 1615 3374 liquent,
1642 3301 1703 3355 et
1733 3292 1985 3355 obscura

341 3385 654 3457 exsistunt,
691 3390 811 3443 tum
862 3382 1069 3464 utique
1113 3401 1326 3445 sensus
1356 3402 1424 3446 ea
1458 3401 1594 3464 quae
1624 3393 1982 3465 occurrunt,

338 3469 529 3532 menti
558 3470 864 3549 porrigere
895 3491 1014 3533 non
1046 3482 1209 3535 recte
1236 3482 1541 3554 poterunt.

419 3559 449 3639 §
480 3558 604 3623 ΧΠ.
643 3559 758 3623 Sed
793 3580 868 3624 ne
899 3563 1025 3625 haec
1071 3564 1275 3625 dicere
1305 3564 1614 3626 videamur
1657 3562 1729 3624 ad
1761 3563 1989 3625 divinas

338 3645 676 3729 Scripturas
697 3650 1467 3734 immutandas,agedumex
1490 3653 1636 3734 ipsis
1658 3650 1986 3733 Scripturis

337 3740 556 3801 amoris
576 3757 795 3802 nomen
817 3742 1450 3804 astruamusAddueit
1479 3742 1661 3821 igitur
1693 3747 1749 3802 in
1775 3750 1983 3804 testem

334 3828 530 3910 ipsum
558 3828 937 3892 Salomouem
968 3839 1026 3892 et
1055 3848 1329 3911 magnum
1366 3830 1683 3912 lgnatium,
1708 3840 1767 3894 et
1789 3831 1986 3893 denuo

337 3918 921 4000 Salomonem,cujus
942 3921 1120 3982 etiam
1145 3920 1323 3983 verba
1354 3920 1686 3982 divinorum
1718 3921 1988 3983 introdu-

341 4007 572 4072 ctiones
601 4010 978 4071 oraculorum
1031 4019 1090 4071 et
1127 4010 1369 4072 umbras
1390 4011 1592 4089 gratim
1622 4028 1755 4073 esse
1786 4009 1982 4092 tradit;

344 4114 421 4159 ne
451 4096 589 4178 quid
622 4098 804 4174 igitur
832 4117 942 4160 nos
971 4098 1032 4160 in
1067 4100 1180 4161 hoc
1214 4109 1431 4164 terreat
1451 4101 1539 4162 vel
1576 4099 1987 4181 perturbet,si-

340 4186 583 4268 quidem
636 4187 894 4267 theologi
944 4207 1264 4252 commune
1309 4198 1560 4252 censent
1602 4208 1735 4253 esse
1765 4209 1988 4252 nomen

342 4277 563 4339 amoris
582 4277 991 4340 etdilectionis
1018 4299 1033 4355 ;
1066 4279 1393 4360 quinetiam
1430 4279 1697 4342 nonnulli
1730 4279 1989 4341 divinius

340 4384 476 4429 esse
506 4374 714 4448 putant
743 4386 966 4430 nomen
991 4370 1233 4451 amoris,
1271 4379 1546 4451 tanquam
1569 4369 1986 4447 occultius,si-

340 4464 441 4519 cut
469 4457 648 4520 etiam
679 4459 871 4537 magis
901 4459 1528 4533 absonum.Quantum
1564 4457 1724 4521 enim
1749 4458 1989 4523 videtur

336 4547 629 4610 indecens
658 4556 717 4611 et
741 4548 958 4611 divinis
990 4569 1109 4612 non
1139 4552 1763 4625 conveniens,tantum
1800 4556 1891 4611 est
1933 4555 1991 4611 et

2081 3231 2190 3274 σεις
2251 3207 2560 3278 δυνήσονται
2618 3205 2797 3271 καλῶς
2857 3212 3196 3286 παραστῆσαι
3254 3211 3333 3280 τῷ
3379 3213 3454 3282 νῷ
3485 3207 3549 3263 τὰ
3600 3208 3741 3277 imp-

2074 3299 2314 3374 κείμενα.

2157 3564 2186 3645 §
2244 3563 2377 3629 ΧΠ,
2414 3564 2558 3634 Πλὴν
2616 3565 2707 3622 ’ἱνα
2749 3567 2826 3642 μὴ
2891 3563 3129 3643 δοκῶμεν
3201 3572 3619 3641 παρακινοῦντες
3675 3566 3743 3622 τὰ

2069 3659 2191 3712 θεῖα
2248 3655 2427 3734 λόγια,
2464 3654 2560 3733 ἆγε
2618 3655 2724 3712 ἀπὸ
2778 3662 2882 3711 τῶν
2932 3663 3154 3735 Γραφῶν
3210 3656 3649 3734 παραστήσωμεν
3679 3657 3742 3711 τὸ

2072 3752 2164 3802 τοῦ
2221 3746 2415 3824 ἔρωτος
2475 3744 2664 3821 ὄνομα.
2723 3745 2879 3824 Φέρει
2912 3745 3035 3823 γοῦν
3092 3747 3183 3801 τὸν
3214 3744 3542 3820 Σολομῶντα
3595 3744 3746 3825 μάρ-

2073 3856 2224 3913 τυρα,
2256 3835 2342 3891 καὶ
2392 3836 2480 3891 τὸν
2512 3834 2679 3912 μέγαν
2726 3833 3005 3913 Ἰγνάτιον’
3069 3837 3156 3892 καὶ
3212 3834 3374 3890 πάλιν
3432 3837 3525 3890 τὸν
3558 3833 3740 3891 Σολο-

2073 3930 2281 4004 μῶντα,
2326 3926 2387 3980 οὗ
2442 3925 2528 3981 καὶ
2584 3925 2650 3980 τὰ
2705 3923 2920 4003 ῥήματα
2976 3924 3383 4003 προεισαγωγὰς
3435 3928 3544 3979 τῶν
3584 3923 3740 3980 θείων

2070 4011 2266 4091 λογίων
2315 4016 2499 4094 φησὶν,
2552 4015 2626 4079 ὡς
2686 4016 2841 4078 σκιὰς
2896 4019 2994 4081 τῆς
3050 4015 3297 4094 χάριτος·
3357 4011 3487 4070 ὥστι
3541 4014 3740 4088 μητις

2071 4105 2213 4177 ἡμᾶς
2271 4100 2640 4180 δεδιττόμενος
2683 4104 2772 4160 καὶ
2825 4101 3064 4183 ἐκφοϐῶν
3119 4100 3404 4181 θορυϐείτω
3437 4104 3554 4180 περὶ
3610 4104 3740 4158 τού-

2071 4212 2186 4248 του*
2241 4193 2288 4248 oi
2345 4192 2444 4270 γὰρ
2505 4191 2748 4269 θεολόγοι
2811 4195 2986 4250 κοινὸν
3016 4189 3184 4268 ὄνομα
3232 4192 3457 4247 τίθενται
3515 4193 3577 4247 τὸ
3636 4196 3735 4260 τῆς

2072 4281 2284 4359 ἀγάπης
2323 4283 2411 4339 καὶ
2440 4282 2501 4338 τὸ
2549 4289 2642 4340 τοῦ
2673 4281 2892 4362 ἔρωτος,
2926 4282 3063 4346 τινὲς
3123 4280 3177 4338 δὲ
3207 4279 3403 4338 τούτων
3436 4282 3524 4336 καὶ
3584 4282 3736 4337 θειό-

2073 4391 2225 4450 τερον
2268 4369 2435 4447 ὄνομα
2478 4371 2703 4428 τίθενται
2737 4374 2797 4428 τὸ
2848 4380 2940 4430 τοῦ
2969 4370 3186 4450 ἔρωτος,
3223 4373 3296 4433 ὡς
3340 4367 3733 4447 κρυφιωόἐστεσ-

2074 4482 2186 4540 ρον,
2221 4461 2349 4517 καθὸ
2381 4462 2466 4518 καὶ
2515 4461 2879 4541 ἀτοπώτερον,
2936 4454 3111 4519 ’Ὅσον
3169 4460 3268 4539 γὰρ
3311 4458 3545 4536 ἀπρεπὲς
3604 4461 3734 4541 φαί-

2077 4571 2219 4606 νεται
2281 4551 2514 4614 καὶτοῖς
2573 4550 2731 4615 θείοις
2763 4548 2987 4625 ἀπᾷδον,
3020 4549 3273 4607 τοσοῦτόν
3304 4547 3415 4605 ἐστι
3453 4548 3545 4604 καὶ
3600 4550 3735 4628 κρύ-

339 4636 661 4713 occultum,
696 4639 838 4700 dum
871 4642 1196 4721 quaerimus
1240 4640 1536 4723 quomodo
1591 4646 1651 4701 et
1699 4656 1881 4716 quam
1914 4637 1987 4701 ob

2076 4662 2218 4717 φιον,
2265 4644 2566 4711 ζητο-ὂντων
2625 4641 2803 4720 ἡμῶν,
2838 4640 2983 4706 ὅπως
3042 4641 3129 4696 καὶ
3188 4637 3257 4694 δι’
3315 4636 3380 4705 ἢν
3424 4637 3525 4703 τὴν
3565 4639 3738 4695 αἰτίαν

341 4744 580 4789 causam
616 4728 701 4789 sic
733 4736 994 4793 vocetur.
1022 4730 1167 4795 Cum
1200 4732 1314 4794 hoc
1349 4733 1646 4811 itaque,ut
1675 4727 1864 4791 Deum
1890 4728 1992 4791 de-

2074 4728 2239 4788 οὕτων
2272 4728 2502 4808 λέγεται.
2558 4731 2754 4788 Τούτου
2783 4729 2909 4809 γοῦν
2938 4728 3245 4806 θεοπρεπῶς
3278 4725 3409 4801 παρ’
3443 4728 3602 4801 ἡμῶν
3635 4723 3737 4781 λε-

342 4822 457 4896 cet,
492 4833 527 4876 a
556 4815 731 4879 nobis
759 4819 985 4881 dictum
1019 4819 1331 4901 sit,vulgus
1362 4820 1842 4899 bominum,cum
1869 4836 1987 4879 non

2076 4816 2325 4898 γομένου,
2357 4820 2423 4876 τὰ
2478 4818 2655 4891 πλήθη
2710 4820 2791 4896 μὴ
2844 4820 3173 4899 χωρήσαντα
3226 4819 3289 4873 τὸ
3347 4812 3579 4879 ὲνοεεδὲς
3636 4820 3739 4881 τῆς

338 4905 531 4986 capiat
549 4906 1017 4973 uniformitatem
1049 4911 1321 4974 amatorii
1354 4905 1616 4973 nominis
1649 4906 1858 4981 divini,
1894 4907 1984 4969 vel

2076 4908 2332 4989 ἐρωτικῆς
2380 4910 2699 4990 θεωνυμίας,
2728 4908 2765 4978 ἢ
2797 4906 2913 4966 καθ’
2964 4909 3031 4975 ἣν
3070 4910 3097 4964 ὁ
3136 4909 3267 4971 Θεὸς
3300 4905 3394 4985 ἐρᾷ
3420 4911 3526 4961 τῶν
3556 4904 3739 4963 ἀπάν-

338 4995 671 5057 secundum
703 5015 879 5078 quam
913 4998 1072 5062 Deus
1099 5009 1256 5062 amat
1287 4997 1621 5080 omnia,qui
1651 5004 1742 5059 est
1766 4998 1983 5059 unicus

2076 5020 2197 5073 των,
2232 5000 2260 5054 ὁ
2302 4999 2527 5075 ὲνιαϊος,
2562 5000 2651 5056 καὶ
2710 4996 2937 5076 ἁπλοῦς³
2970 4999 3058 5056 καὶ
3106 4997 3239 5074 ὑπὲρ
3301 5001 3402 5052 πᾶν
3456 4993 3589 5073 ἔρως
3648 4996 3742 5051 καὶ

339 5091 399 5147 et
418 5084 698 5166 simplex;
730 5097 789 5151 et
819 5107 1000 5171 supra
1029 5092 1228 5152 omnia
1269 5108 1456 5163 amor,
1502 5105 1698 5169 neque
1729 5096 1822 5149 est
1845 5087 1982 5150 divi-

340 5193 442 5237 sus
474 5175 535 5237 in
568 5176 719 5239 ﬁnes
753 5179 994 5259 multos,
1028 5183 1136 5242 sed
1196 5188 1254 5242 in
1286 5200 1493 5261 unum,
1529 5179 1669 5240 dum
1703 5176 1988 5240 omnibus

343 5265 496 5327 bene
525 5266 685 5346 facit;
720 5267 811 5331 vel
843 5269 1172 5330 secundum
1206 5288 1382 5351 quam
1442 5287 1552 5330 nos
1592 5268 1784 5348 ipsum
1818 5284 1986 5329 ama-

342 5373 498 5430 mus;
524 5374 660 5419 nam
687 5357 862 5420 etiam
893 5359 990 5421 hic
1010 5359 1355 5421 amorillius
1377 5357 1696 5421 uniformis
1729 5374 1862 5418 esse
1880 5355 1990 5419 de-

341 5444 634 5527 bot,juxta
655 5446 824 5511 illud:
852 5449 1085 5530 Diliges
1124 5448 1457 5513 Dominum
1496 5448 1688 5511 Deum
1717 5455 1884 5509 tuum
1914 5464 1993 5510 ea:

343 5543 468 5599 tota
490 5543 690 5600 mente
715 5546 909 5615 qu,et
931 5557 1006 5602 ea:
1023 5547 1150 5603 tota
1166 5541 1374 5602 animo
1399 5546 1530 5618 tua,
1554 5542 1609 5600 et
1627 5553 1706 5599 ex
1725 5539 1865 5599 totis
1890 5537 1984 5599 vi-

339 5624 511 5691 ribus
524 5629 646 5689 tuis
658 5626 790 5703 5,ita
814 5637 875 5691 ut
903 5630 965 5692 in
988 5630 1186 5693 anima
1212 5629 1367 5693 nulli
1405 5627 1578 5691 alteri
1602 5624 1796 5691 amori
1820 5625 1989 5690 locus

424 5792 445 5826 ι
467 5778 644 5844 Deut.
674 5794 757 5867 vi,
791 5780 830 5843 ὅ
863 5804 880 5865 ;
909 5783 1117 5851 Matth.
1154 5799 1300 5863 χχιι,
1329 5783 1429 5847 37.

2070 5088 2147 5164 μὴ
2205 5086 2593 5163 ἓσκεδασμὲνος
2638 5090 2711 5152 εἷς
2770 5087 2902 5156 τέλη
2956 5084 3158 5166 πολλὰ,
3192 5083 3313 5142 ἀλλ’
3346 5085 3419 5150 εἷς
3466 5083 3523 5139 ἓν
3552 5085 3613 5140 τὸ
3672 5085 3744 5141 τὰ

2070 5178 2244 5235 πάντα
2287 5180 2706 5258 ἀγαθοποιῆσαι,
2754 5179 2788 5247 ἢ
2847 5179 2965 5235 καθ’
3022 5176 3087 5244 ἢν
3134 5174 3336 5255 ἐρῶμεν
3393 5174 3577 5233 αὐτοῦ·
3650 5180 3741 5234 καὶ

2071 5269 2223 5332 οὗτος
2272 5267 2372 5346 γὰρ
2404 5268 2432 5324 ὃ
2465 5266 2596 5343 ἔρως
2642 5268 2802 5325 αὗτοῦ
2833 5265 3070 5336 ἑνοειδὴς
3125 5263 3392 5344 ὀφείλεται
3425 5262 3570 5320 εἶναι
3602 5264 3741 5320 κατὰ

2074 5357 2156 5416 τό.
2204 5355 2536 5434 ’Λγπιπήσεις
2601 5358 2788 5438 Κύριον
2843 5357 2936 5414 τὸν
2995 5356 3127 5413 Θεὸν
3186 5376 3280 5411 σου
3325 5350 3377 5419 ἐξ
3437 5350 3573 5421 ὅλης
3634 5358 3741 5432 τῆς

2073 5444 2301 5511 διανοίας
2348 5468 2462 5525 σου,
2525 5448 2610 5504 καὶ
2665 5447 2718 5512 ἒξ
2773 5445 2904 5514 ὅλης
2966 5444 3065 5514 τῆς
3130 5447 3319 5524 ψυχῆς
3379 5464 3496 5516 σου,
3532 5442 3623 5498 καὶ
3684 5442 3739 5516 ἐξ

2072 5534 2205 5603 ὅλης
2247 5536 2347 5603 τῆς
2380 5536 2568 5616 ἰσχύος
2622 5558 2738 5617 σου,
2773 5536 2851 5613 μὴ
2881 5534 3103 5617 ἔχοντος
3136 5534 3322 5614 χώραν
3352 5530 3530 5612 ἐτέρου
3590 5530 3739 5611 ἔρω-

2071 5647 2162 5694 τος
2218 5622 2273 5684 ἐν
2331 5623 2400 5706 τῇ
2423 5633 2516 5686 τοῦ
2546 5625 2679 5687 Θεοό
2709 5625 2884 5709 ἐρώτη
2915 5630 3093 5709 ψυχῇ.
3130 5622 3341 5692 Ταύτην
3377 5621 3466 5682 οὖν
3511 5622 3615 5693 τὴν
3645 5630 3741 5685 τοῦ
