4032 6416
212 331 332 400 773

659 335 758 402 DE
805 329 1098 400 DIVINIS
1143 321 1595 409 NOMINIBUS,
1642 316 1807 391 CAP.
1857 317 1961 389 IV.
2016 361 2085 370 -
2135 319 2520 388 PARAPHR.
2569 325 3083 390 PACHYMEH/E.

3480 324 3598 394 774

215 468 408 547 ἔρωτος
459 469 754 543 θεωννμίαν
783 469 848 525 τα
894 467 1071 537 πλήθη
1104 468 1163 524 οὒ
1208 466 1556 544 χωρήσαντα⁷
1593 460 1860 527 ἐξώλισθοι

1955 458 2030 521 sit
2057 479 2231 539 quam
2265 459 2453 521 amori
2485 460 2705 521 divino.
2744 463 2872 522 Hoc
2922 461 3100 538 igitur
3142 463 3324 526 divini
3379 466 3606 526 amoris

213 559 301 615 ἐπὶ
347 563 439 615 τὸν
496 558 896 637 σωματοπρεπῆ
949 560 1035 613 καὶ
1087 555 1411 634 διῃρημένον
1464 556 1550 608 καὶ
1602 552 1869 630 μεριστόν·

213 647 381 712 ἄλλος
427 650 514 728 ίὸιρ
558 649 721 706 ἄλλοι)
776 650 891 722 ἐρᾷ,
939 649 1026 702 καὶ
1080 645 1239 708 ἄλλος
1290 643 1452 700 ἄλλοι)
1484 641 1680 720 ἐφίεται
1741 643 1875 696 κατᾶ

214 741 308 793 τὸν
366 750 608 796 τοιοῦτον
635 741 828 815 ἔρωτα,
865 739 921 800 ὃς
981 738 1075 792 οὐκ
1106 735 1247 792 ἔστιν
1300 734 1502 800 ἀληθὴς
1550 731 1702 808 ἔρως,
1740 730 1875 786 ἀλλὰ

212 826 424 901 μᾶλλον
458 814 707 899 εἴδωλον,
742 827 778 894 ἢ
809 814 1074 890 ἔκπτωσις
1105 833 1198 882 τοῦ
1227 825 1364 882 θείου
1395 823 1612 900 ἔρωτος.
1653 814 1745 886 Ὠς
1777 823 1875 898 γὰρ

208 919 243 985 ἡ
300 917 629 993 κομμωτιιὴ
667 917 762 984 τῆς
805 921 1167 993 γυμναστικῆς
1223 912 1448 970 εἴδωλόν
1477 913 1612 991 ἐστι,
1645 913 1704 968 τὸ
1745 934 1875 990 φαι-

212 1006 439 1082 νόμενον
503 1006 942 1086 ἑπιχρωννύουσα
987 1004 1210 1082 κάλλος,
1257 1002 1386 1081 ὅπερ
1433 1004 1569 1059 κατὰ
1628 1001 1876 1070 ἀλήθειαν

207 1099 242 1164 ἡ
276 1099 619 1174 γυμναστικὴ
673 1109 846 1173 ποιεῖ,
882 1097 967 1150 καὶ
1017 1097 1051 1162 ἡ
1083 1093 1415 1169 ὀψαρτυτικὴ
1459 1091 1552 1158 τῆς
1609 1093 1872 1162 ἰατρικῆς·

208 1185 353 1242 οὕτω
411 1188 498 1244 καὶ
554 1189 582 1242 ὁ
642 1186 974 1260 σωματιχὸς,
1034 1183 1230 1262 ἔρωτος
1289 1191 1382 1241 τοῦ
1437 1183 1576 1238 θείου
1648 1179 1872 1235 εἴδωλόν

207 1275 382 1355 ἔστιν,
421 1274 648 1331 ἐκκαίων
703 1276 790 1330 καὶ
840 1277 992 1336 οὗτος
1049 1275 1144 1341 τὴν
1201 1273 1407 1351 ψυχὴ-ι,
1441 1270 1560 1326 ἀλλ’
1617 1272 1686 1334 εἷς
1730 1267 1873 1325 οὒδὲν

205 1366 495 1442 ἀγαπητὸν
552 1367 640 1420 καὶ
693 1365 946 1439 μόνιμον,
980 1364 1014 1431 ἢ
1075 1361 1281 1437 μᾶλλον
1327 1362 1609 1425 ἔκπτωσις
1668 1359 1871 1422 ἐκεῖνος

1958 568 2179 609 nomen
2204 549 2407 626 vulg.:s
2437 568 2550 609 non
2588 549 2950 630 intelligens,
2987 571 3054 612 ac
3085 571 3349 615 amorem
3383 573 3598 635 corpo-

1957 655 2124 700 reum
2159 648 2216 698 et
2248 639 2601 700 distractum
2633 657 2700 698 ac
2727 638 2978 700 divisum
3007 641 3299 721 dilapsum
3328 645 3602 717 est;alius

1959 728 2118 788 enim
2153 727 2308 788 aliud
2346 736 2525 806 amat,
2561 736 2618 787 et
2648 728 2798 788 alius
2823 729 2983 789 aliud
3017 733 3239 810 appetit
3271 735 3598 798 secundum

1959 816 2293 878 istiusmodi
2325 835 2614 895 amorem,
2649 816 2751 897 qui
2798 837 2914 878 non
2953 829 3041 879 est
3071 838 3242 881 verus
3274 840 3460 901 arnor,
3495 823 3596 887 sed

1962 907 2148 985 magis
2181 908 2558 967 simulacrum
2596 907 2683 968 vel
2737 909 3030 988 prolapsio
3064 909 3136 970 ab
3169 929 3372 973 amore
3401 913 3600 974 divino

1959 995 2127 1058 Sicut
2157 996 2315 1057 enim
2349 1015 2442 1058 ars
2472 996 2712 1056 fucandi
2764 998 3147 1060 simulacrum
3185 1012 3276 1060 est
3321 1008 3465 1063 artis
3494 1023 3598 1083 gy-

1964 1087 2334 1159 mnasticm,d
2347 1106 2440 1147 um
2474 1085 2605 1148 fuco
2627 1087 2842 1148 coloris
2866 1089 3370 1168 pulchritudinem
3394 1093 3602 1154 menti-

1963 1185 2262 1256 tur,quam
2290 1195 2494 1237 revera
2518 1195 2616 1237 ars
2647 1177 3012 1239 exercitandi
3045 1187 3100 1239 et
3143 1179 3436 1242 culinaria
3467 1201 3600 1244 me-

1959 1267 2156 1327 dicina
2205 1268 2539 1343 conferunt;
2559 1268 2644 1328 sic
2670 1269 2850 1330 etiam
2880 1287 3048 1330 amor
3071 1287 3394 1349 corporeus
3418 1272 3600 1334 simu-

1958 1355 2186 1416 lacrum
2215 1358 2547 1418 estamoris
2595 1358 2801 1430 divini,
2835 1377 2967 1419 cum
3003 1358 3097 1420 hic
3131 1360 3308 1420 etiam
3339 1361 3597 1422 animam

1957 1445 2377 1520 accendat,sed
2404 1447 2476 1506 ad
2511 1447 2656 1506 nihil
2680 1446 2972 1526 diligibile
3001 1466 3069 1509 ac
3093 1448 3475 1530 stabile,quin
3499 1471 3602 1532 po;-

207 1456 311 1532 γὰρ
344 1457 372 1509 ὁ
404 1457 546 1515 θεῖος
598 1453 728 1531 ἔρως
787 1455 986 1509 οἰκεῖός
1021 1452 1132 1509 ἐστι
1165 1458 1230 1518 τῆ
1267 1456 1447 1531 ψυχῇ,
1487 1453 1638 1513 οὗτος
1683 1447 1734 1504 δὲ
1768 1448 1868 1504 ἀλ-

1959 1537 2071 1595 tius
2086 1535 2307 1596 amoris
2339 1536 2538 1613 lapsus
2572 1546 2663 1597 est
2691 1557 2704 1598 :
2733 1537 3026 1616 siquidem
3052 1537 3283 1600 divinus
3308 1539 3406 1600 ille
3433 1559 3601 1602 amor

208 1543 423 1622 λότριος
456 1547 545 1600 καὶ
595 1543 878 1607 ἀνοίκειος.
919 1536 1090 1602 ’Ὅθεν
1122 1545 1208 1600 καὶ
1265 1547 1362 1608 τῆς
1396 1541 1580 1620 ψυχῆς
1639 1543 1870 1618 φυσικῶς

209 1636 299 1688 καὶ
356 1634 497 1689 κατὰ
530 1635 690 1712 χάριν
747 1632 982 1712 ἐχούσης
1033 1633 1264 1710 ἒφίεσθαι
1325 1637 1416 1686 τοῦ
1458 1631 1622 1691 ὄντως
1681 1627 1860 1708 καλοῦ1

1959 1626 2234 1705 praprius
2280 1639 2369 1686 est
2411 1626 2648 1698 animae,
2687 1627 2781 1686 hic
2813 1635 3006 1687 autem
3053 1627 3280 1689 alienus
3312 1636 3371 1690 et.
3399 1639 3597 1692 extra-

203 1723 293 1778 καὶ
355 1723 486 1798 πρὸς
541 1724 632 1778 τὸν
675 1720 838 1792 ζῆλον
893 1721 1052 1777 αὐτοῦ
1082 1719 1556 1797 ἃιαθερμαίνεσθαι,
1608 1717 1860 1794 ἐγγίνεται

1956 1734 2128 1776 neos.
2154 1714 2324 1777 Unde
2347 1716 2524 1778 etiam
2570 1723 2783 1777 animai
2810 1716 3154 1777 naturaliter
3180 1727 3237 1779 et
3266 1720 3596 1782 secundum

206 1811 308 1887 μὲν
365 1813 400 1878 ἡ
462 1812 688 1876 τοιαάτη
745 1811 914 1889 θέρμη
946 1813 1033 1866 καὶ
1090 1811 1319 1876 κίνησις·
1386 1807 1524 1874 πλὴν
1570 1807 1860 1863 ἓκπῖπτειξ

1955 1805 2198 1882 gratiam
2238 1805 2472 1880 insitum
2505 1814 2615 1877 est,
2639 1816 2704 1866 ut
2724 1825 2927 1866 verum
2951 1806 3091 1867 400
3121 1807 3341 1868 bonum
3367 1819 3605 1888 appetat

204 1909 325 1962 νοῦς
389 1906 488 1968 τῆς
520 1899 778 1967 ἀληθινῆς
832 1902 1080 1978 κρίσεως,
1113 1900 1202 1955 καὶ
1254 1898 1321 1954 δι’
1351 1896 1568 1972 ὀρέξεως
1621 1900 1860 1973 συλαγω-

1957 1903 2014 1955 et
2043 1895 2114 1954 ad
2150 1895 2439 1955 fervorem
2493 1895 2619 1972 ejus
2674 1895 3017 1974 incalescat,
3071 1898 3348 1975 quoniam
3394 1899 3598 1959 istius-

203 2004 418 2068 γεϊται,
456 1993 540 2045 καὶ
599 1991 658 2046 τὸ
691 1992 922 2064 μισητὸν
968 1991 1104 2045 κατὰ
1149 1991 1299 2067 φὺπιν
1332 1989 1572 2043 ποθεινὸν
1632 1988 1860 2064 ἡγεῖται.

1957 1983 2118 2045 modi
2153 1984 2412 2044 calorem
2463 2001 2530 2044 ac
2578 1991 2797 2044 motum
2851 1985 3084 2060 inserit;
3118 2003 3318 2046 verum
3377 2005 3604 2050 mensa

198 2083 287 2136 καὶ
341 2082 412 2134 ὼε
448 2079 607 2154 μένον
666 2081 727 2135 τὸ
776 2079 1186 2157 παρερχόμενον
1224 2078 1455 2155 στέργει,
1488 2079 1661 2140 καθὼς
1708 2076 1860 2151 εἴρη-

1951 2093 2090 2134 vero
2113 2073 2344 2152 judicio
2369 2073 2695 2146 aberrat,et
2724 2092 2829 2153 per
2861 2074 3406 2154 concupiscentiam
3432 2095 3600 2139 aver.

202 2189 313 2226 ται·
379 2160 475 2233 Ὠς
533 2169 738 2224 ἑστῶτα
788 2168 1128 2246 ἐλογίσαντο,
1178 2169 1261 2222 καὶ
1326 2171 1428 2245 οὐχ
1459 2169 1527 2226 ὡς
1581 2189 1860 2244 (ρευγοντα1

1956 2164 2102 2224 titur
2133 2174 2189 2223 et
2227 2164 2280 2223 id
2311 2166 2466 2242 quos!
2526 2165 2854 2224 secundum
2900 2174 3164 2225 naturam
3200 2164 3334 2225 odio
3371 2166 3599 2228 haben-

205 2262 304 2316 Καὶ
335 2259 492 2314 τοῦτό
543 2257 686 2314 ἐστιν
714 2260 747 2324 ἡ
807 2266 900 2313 τοῦ
930 2259 1066 2312 θείου
1100 2257 1292 2334 ἔρωτος
1341 2256 1628 2333 ἕκπτωςις,
1665 2257 1724 2310 ἐκ
1779 2263 1860 2310 ταί

1955 2253 2092 2312 dum
2130 2253 3027 2324 est,existimatdesiderandum
3065 2265 3287 2326 esse,et
3321 2265 3596 2336 tanquam

205 2349 444 2412 ἀπαθοὺς
479 2349 551 2410 εἷς
612 2348 701 2403 τὸν
736 2347 974 2426 ἐμπαθῆ²
1010 2347 1068 2403 ἐκ
1116 2358 1207 2404 τιιύ
1237 2348 1376 2404 θείου
1422 2348 1493 2407 εἰς
1529 2347 1618 2400 τὸν
1676 2368 1860 2419 σωμα-

1952 2343 2094 2421 quid
2131 2360 2488 2421 permanens
2546 2342 2602 2402 id
2666 2343 2823 2419 quod
2879 2343 3284 2403 transitorium
3316 2353 3428 2418 est,
3463 2366 3594 2406 am-

209 2439 384 2509 τικὸν,
421 2437 477 2493 ix
536 2445 628 2493 τοῦ
687 2436 844 2495 ἑώλου
897 2439 967 2496 εἰς
1029 2439 1118 2492 τὸν
1171 2435 1373 2492 ἕν’.)λοεπ
1438 2436 1723 2513 ἀχώρτπτον
1769 2437 1860 2512 γάρ

1953 2432 2251 2511 plectitur,
2277 2433 2426 2492 sicut
2451 2432 2666 2492 dictum
2689 2441 2798 2507 est,
2835 2433 2972 2512 quia
3004 2442 3280 2511 tanquam
3316 2435 3586 2496 stabilem

205 2528 321 2583 ἐστι
355 2531 430 2598 τῷ
457 2533 561 2583 τῶν
607 2524 821 2582 πολλῶν
859 2525 1048 2595 πλήθει
1083 2529 1141 2581 τὸ
1201 2527 1401 2581 ἑνιαῖον
1440 2536 1524 2579 :w;
1556 2527 1692 2580 θείου
1729 2523 1860 2586 ἔρω-

1948 2520 2204 2601 amabat,
2242 2534 2300 2581 et
2336 2541 2452 2582 non
2485 2531 2766 2598 tanquam
2817 2521 3105 2600 fugacem.
3142 2523 3217 2584 Et
3251 2524 3342 2585 hic
3374 2534 3463 2584 est
3492 2526 3586 2586 di-

199 2641 319 2689 τος,
355 2617 442 2673 καῖ
491 2614 575 2674 διὰ
624 2625 801 2694 τοῦτο,
858 2619 930 2680 ὡς
976 2615 1387 2694 δυσχερέστερον
1437 2620 1524 2670 καὶ
1576 2612 1860 2679 διαϐεϐλη-

1953 2612 2068 2672 vini
2100 2611 2321 2671 amoris
2354 2613 2572 2689 lapsus,
2623 2629 2691 2672 ex
2725 2610 3082 2688 impassibili
3116 2618 3173 2672 in
3218 2613 3582 2690 passiliilem,

196 2708 358 2782 μένον
418 2705 507 2763 ἐπὶ
541 2714 634 2763 τοῦ
689 2715 843 2779 Θεοῦ,
877 2708 1120 2762 τάττεται
1175 2707 1305 2781 πρὸς
1341 2707 1399 2760 τὸ
1433 2704 1616 2769 ἀναξαι
1661 2706 1860 2766 τούτοις

1951 2720 2020 2760 ex
2057 2701 2257 2761 divino
2293 2700 2348 2760 in
2379 2718 2840 2780 corporeum,“
2886 2701 3267 2762 immateriali
3307 2703 3366 2763 in
3400 2714 3588 2768 mate-

197 2798 272 2858 εἰς
310 2799 412 2864 τήν
443 2804 537 2854 τοῦ
590 2795 757 2861 ὅντως
791 2796 986 2874 ἔρωτος
1027 2799 1246 2874 γνῶσιν,
1279 2795 1368 2850 καί
1419 2794 1557 2850 ὥστε
1587 2796 1858 2870 συντόμως

1949 2789 2180 2859 rialem;
2216 2790 2374 2866 vulgi
2403 2791 2562 2851 enim
2600 2792 2772 2852 turba
2810 2810 2930 2851 non
2979 2794 3134 2871 capit
3165 2795 3406 2853 unicum
3441 2795 3586 2857 illud

196 2885 530 2952 ἀπολυθῆναι
582 2889 679 2954 τῆς
711 2887 959 2951 τοιαύτης
1005 2885 1391 2960 διεψευσμένης
1451 2883 1606 2950 δόξης
1657 2884 1715 2941 ἐκ
1770 2892 1856 2941 τοῦ

1945 2879 2126 2940 divini
2155 2879 2400 2951 amoris,
2429 2889 2486 2940 et
2518 2879 2765 2953 idcirco,
2795 2889 3073 2960 tanquam
3104 2879 3164 2941 id
3193 2881 3357 2958 quod
3385 2883 3589 2946 durius

194 2976 486 3053 γινώσκειν
546 2973 979 3050 διαϐεϐλημένην
1011 2982 1120 3038 ’τὴν
1176 2973 1312 3038 λέξιν
1371 2976 1462 3030 τοῦ
1505 2972 1718 3051 ἔρωτος,
1771 2976 1859 3029 καὶ

1945 2969 2020 3030 sit
2051 2979 2106 3030 et
2141 2968 2324 3046 magis
2359 2988 2627 3042 exosum,
2677 2970 2751 3029 de
2812 2969 2932 3032 Deo
2993 2971 3250 3050 ponitur,
3287 2980 3348 3031 ut
3379 2973 3587 3053 vulgus

195 3068 391 3135 ἥκιστα
453 3071 530 3139 τῷ
561 3072 676 3139 Θεῷ
731 3064 1054 3143 πρέπουσαν.
1093 3061 1243 3120 Οὕτω
1285 3063 1384 3142 γὰρ
1433 3065 1520 3120 καὶ
1553 3065 1605 3118 ἒν
1654 3071 1721 3140 τῇ
1768 3063 1858 3120 οὔ·

1945 3057 2112 3119 hisce
2143 3063 2199 3118 in
2232 3057 2590 3119 veriamoris
2609 3059 3010 3130 cognitionem
3036 3059 3584 3142 adducatur,utque

1899 3194 1922 3228 ς
1948 3147 2306 3227 compendio
2327 3146 2400 3209 ab
2431 3147 2769 3209 istiusmodi
2791 3149 2935 3209 falsa
2958 3148 3240 3228 Opinione
3265 3149 3585 3227 liberetur,

1556 2527 1692 2580 θείου
1729 2523 1826 2586 Eoo)
1840 2557 1861 2569 -

198 3155 361 3234 ρανίῳ
410 3154 656 3234 ἰεραρχία
690 3156 874 3235 φησὶν,
908 3153 989 3210 ὅτι
1040 3155 1100 3208 τὸ
1145 3151 1350 3228 μᾶλλον
1399 3153 1738 3234 ἆπεμφατνον
1769 3153 1859 3208 εὖ·
1883 3194 1922 3246 C

201 3245 359 3324 χερές
420 3244 562 3300 ἐπτιν
604 3245 688 3300 ἐπὶ
747 3252 880 3300 Θεοῦ
922 3241 1190 3320 λέγεσθαι,
1226 3243 1312 3298 καὶ
1343 3242 1506 3300 πλέον
1553 3250 1645 3300 τοῦ
1700 3245 1861 3309 ἧττον

197 3335 471 3413 τοιούτου,
522 3335 595 3398 ὡς
656 3333 1006 3411 ἀπαγομένης
1066 3333 1295 3388 ἐντεῦθεν
1351 3337 1448 3400 τῆς
1481 3330 1711 3398 διανοίας
1771 3333 1862 3388 εὖ-

194 3423 400 3497 κόλως,
437 3424 517 3480 ὅτι
565 3425 622 3480 οὗ
651 3423 804 3482 τοῦτό
854 3425 998 3479 ἐστιν
1027 3424 1055 3478 ὁ
1100 3423 1252 3494 Θεὸς,
1285 3421 1422 3479 ἀλλὰ
1449 3423 1583 3478 κατά
1609 3445 1733 3478 τινα
1764 3420 1861 3478 λόε-

189 3537 288 3593 γον
321 3512 532 3589 ὑψηλὸν
559 3511 698 3570 οὕτω
753 3511 996 3591 λέγεται.
1033 3514 1118 3574 Τίς
1154 3513 1254 3589 γὰρ
1288 3511 1577 3578 ὑπονοτίσει
1610 3515 1699 3568 τὸν
1731 3515 1861 3569 Θεὸν
1891 3539 1898 3548 ’

188 3605 467 3682 πάνθηρα,
499 3604 534 3672 ἢ
592 3602 780 3660 λέοντα
817 3626 833 3679 ;
895 3609 1018 3668 Φῶς
1059 3600 1138 3680 δὲ,
1171 3603 1207 3670 ἢ
1266 3612 1390 3681 πῦρ,
1424 3601 1458 3669 ἢ
1507 3609 1719 3678 πνεῦμα·
1771 3603 1857 3658 ἐπὶ

189 3702 328 3750 Θεο)
390 3692 682 3770 λεγόμενον
734 3691 938 3766 μᾶλλον
997 3692 1174 3764 ἀπατᾷ
1203 3693 1301 3760 τὴν
1354 3690 1611 3764 διάνοιαν,
1643 3690 1855 3766 μήποτέ

186 3806 242 3840 τι
288 3783 492 3840 τούτων
522 3781 651 3843 ἐστί.
704 3785 806 3840 Τὸν
836 3783 994 3840 αὐτὸν
1040 3781 1236 3859 τρόπον
1266 3780 1360 3838 καῖ
1410 3781 1494 3837 ἐπὶ
1525 3791 1617 3840 τοῦ
1661 3779 1853 3859 ἔρωτος

182 3875 288 3944 τῆς
353 3875 622 3955 ἆγᾶπης⁹’
673 3873 760 3931 ἐπὶ
816 3875 913 3949 μὲν
959 3881 1089 3931 Θεοῦ
1118 3875 1179 3931 τὸ
1240 3872 1495 3954 δυσχερὲς
1553 3871 1719 3948 δ’νομα
1760 3879 1854 3930 τοῦ

187 3969 394 4044 ἔρωτος
453 3966 723 4037 τάττεται,
753 3962 834 4044 ἐφ’
887 3967 1042 4041 ἡμῶν
1102 3962 1178 4038 δὲ,
1228 3963 1346 4020 ἔνθα
1404 3964 1497 4019 mi
1554 3961 1752 4020 ἄτοπον
1809 3986 1858 4020 τι

183 4055 456 4118 πολλάκις
487 4055 552 4122 ἧν
584 4056 824 4121 οἷηθῆναί
869 4077 1013 4118 τινας
1044 4061 1150 4110 τῶν
1203 4051 1558 4134 χαμαιζήλων
1587 4053 1674 4109 καὶ
1705 4075 1859 4133 μοχ-

185 4150 395 4223 θηρῶν,
430 4147 466 4212 ἡ
502 4145 774 4222 ἆγάπι,σις
822 4142 1034 4220 λέγεται
1091 4143 1477 4223 εὔφημότερον,
1510 4144 1644 4198 κατὰ
1698 4144 1759 4198 τὸ
1801 4145 1857 4198 ἒν

180 4241 256 4310 τῇ
300 4235 493 4312 πρώτῃ
545 4240 651 4289 τῶν
687 4231 975 4291 Βασιλειῶν
1014 4233 1158 4312 παρὰ
1206 4240 1298 4290 τοῦ
1347 4231 1512 4288 Auditi
1555 4233 1684 4311 πρὸς
1732 4231 1854 4288 Ἰω-

183 4324 368 4399 νάθαμ.
430 4321 742 4401 λεγόμενον.
813 4319 964 4380 Ἐπεὶ
1019 4335 1136 4385 τοῖς
1193 4323 1358 4400 ὀρθῶς
1410 4322 1656 4378 ἀκούωσι
1721 4323 1852 4400 πρὸς

1948 3236 2088 3297 dum
2120 3236 2416 3315 intelligit,
2444 3237 2618 3298 etiam
2647 3255 2889 3298 exosum
2941 3237 3090 3299 alias
3119 3239 3343 3300 amoris
3365 3259 3584 3305 nomen

1946 3334 2004 3386 et
2040 3325 2245 3386 infima
2276 3345 2531 3407 quaeque
2587 3327 2701 3408 ipsi
2732 3330 2856 3390 Deo
2887 3335 3250 3406 competere.
3301 3329 3399 3392 Sic
3425 3333 3583 3394 enim

1947 3415 2121 3477 etiam
2147 3416 2202 3475 in
2232 3415 2474 3478 (leesti
2490 3417 2847 3478 hierarchia
2868 3416 2965 3478 ait'
2982 3417 3076 3478 «Id
3097 3417 3254 3498 quod
3274 3420 3458 3498 magis
3488 3422 3590 3482 ab-

1945 3523 2156 3567 sonum
2184 3514 2274 3566 est
2295 3515 2626 3587 opportune
2648 3507 2722 3567 de
2745 3505 2864 3568 Deo
2887 3507 3226 3587 dici,eoque
3261 3516 3445 3587 magis
3467 3530 3584 3591 quo

1940 3594 2113 3656 vilius
2140 3595 2358 3670 existit;
2379 3595 2657 3676 quoniam
2681 3596 2816 3656 hinc
2843 3595 3015 3657 facile
3041 3615 3209 3657 mens
3232 3596 3574 3676 abducitur,

1941 3693 2005 3746 ut
2024 3685 2454 3764 cogitet,Deum
2484 3704 2600 3748 non
2616 3703 2747 3747 esse
2761 3685 3225 3758 istiusmodi,sed
3252 3689 3578 3754 secundum

1938 3775 2256 3838 sublimem
2276 3774 2532 3856 aliquem
2549 3794 2787 3836 sensum
2803 3776 2885 3837 sic
2899 3775 3208 3856 appellari.
3226 3801 3246 3834 ι
3259 3779 3402 3852 Quis
3419 3782 3579 3844 enim

1937 3865 2274 3945 opinabitur
2298 3864 2484 3928 Deum
2507 3866 2858 3947 pantheram
2884 3884 3018 3929 esse
3043 3867 3126 3928 vel
3161 3868 3431 3930 leonem?
3459 3869 3584 3932 Lux

1942 3961 2139 4016 autem
2165 3954 2254 4016 vel
2277 3953 2430 4033 ignis
2455 3959 2536 4015 vel
2562 3956 2804 4034 spiritus
2833 3974 2970 4017 cum
3018 3956 3092 4016 de
3126 3958 3246 4019 Deo
3277 3957 3583 4040 dicuntur,

1943 4043 2173 4106 facilius
2231 4053 2488 4107 mentem
2541 4044 2822 4106 aberrare
2863 4045 3100 4117 faciunt,
3138 4065 3214 4107 ne
3263 4047 3413 4109 forte
3439 4051 3582 4130 quid

1943 4134 2152 4194 horum
2188 4133 2516 4195 sit.Eodem
2555 4135 2730 4196 modo
2763 4135 2938 4196 etiam
2968 4133 3045 4196 de
3071 4153 3274 4197 amere
3301 4156 3368 4198 ac
3402 4138 3583 4202 dilec-

1942 4224 2128 4303 tione;
2153 4224 2213 4286 in
2238 4224 2358 4286 Deo
2385 4224 2628 4301 quidem
2658 4244 2904 4287 exosum
2939 4225 3084 4286 illud
3120 4244 3337 4286 nomen
3361 4230 3581 4290 amoris

1940 4315 2204 4393 ponitur,
2230 4314 2290 4375 in
2326 4313 2498 4376 nobis
2529 4323 2753 4385 autem,
2789 4314 2886 4375 ubi
2918 4332 3329 4394 saepenumero
3353 4316 3578 4397 aliquid

179 4419 296 4470 τῶν
355 4415 509 4490 ἱερῶν
567 4411 832 4490 θεολὸγων
891 4410 1255 4486 “tired-inp:
1313 4413 1592 4468 τάττονται
1634 4410 1698 4465 τὰ
1765 4409 1852 4467 δύο

1945 4405 2256 4467 absurdum
2291 4404 2562 4466 homines
2592 4415 2765 4466 terra;
2794 4403 2954 4465 affixi
2984 4404 3269 4483 suspicari
3315 4419 3576 4485 possent,

181 4510 355 4561 ταῦτα
416 4502 654 4576 ὀνὸματα
688 4502 760 4565 εἰς
805 4502 898 4564 τὰς
956 4500 1100 4566 θείας
1155 4500 1521 4579 ἐκφαντορίας,
1558 4500 1646 4556 καὶ
1690 4498 1852 4566 δηλοῖ

1945 4493 2173 4556 dilectio
2206 4494 2442 4564 dicitur;
2491 4492 2648 4573 quod
2694 4510 2909 4554 nomen
2965 4493 3270 4554 honestius
3321 4495 3578 4572 videtur,

180 4593 288 4661 τὴν
349 4592 598 4648 ἑνοποιὸν
643 4592 732 4648 καὶ
791 4591 1148 4669 συγκρατιδιὴν
1209 4587 1427 4665 δύναμιν
1485 4589 1539 4645 ἐν
1605 4596 1680 4664 τῷ
1737 4591 1854 4664 Θεῷ

1945 4583 2100 4661 iuxta
2129 4582 2273 4645 illud
2296 4582 2454 4665 quod
2490 4584 2548 4643 in
2574 4582 2760 4662 primo
2794 4583 3019 4661 Regum
3051 4601 3086 4643 a
3118 4581 3336 4645 Davide
3383 4585 3456 4647 ad
3481 4587 3578 4649 ,Ιο-

184 4680 628 4762 προϋφεστῶσαν,
685 4679 770 4736 διὰ
829 4682 892 4737 τὸ
943 4678 1109 4737 καλὸν
1167 4681 1255 4736 καὶ
1299 4680 1516 4760 ὅιγοιθὸν³
1577 4679 1669 4736 ἵνα
1714 4701 1850 4758 συγ-

1945 4673 2172 4736 natham
2206 4673 2599 4736 dicitur.Cum
2631 4682 2832 4762 autem
2869 4673 2926 4733 in
2959 4674 3143 4734 sacris
3176 4676 3251 4734 de
3283 4675 3406 4738 Deo
3445 4695 3578 4739 ser-

187 4777 481 4850 κιρνώνται
537 4767 742 4838 δηλαδή
771 4769 839 4826 τὰ
895 4768 1066 4826 πάντα
1098 4770 1170 4832 ὡς
1221 4769 1444 4848 ἐρῶντα,
1479 4770 1648 4842 τούτῳ
1677 4767 1742 4837 δὴ
1773 4770 1851 4844 τῷ

186 4867 306 4935 Θεῷ
349 4864 422 4924 ὡς
476 4860 726 4938 ἐρωμένῳ
785 4856 936 4932 καλῷ
983 4862 1072 4916 καὶ
1121 4859 1326 4938 ἀγαθῷ,
1359 4860 1449 4916 καὶ
1487 4861 1547 4915 ἐκ
1576 4858 1666 4916 τοῦ
1718 4867 1849 4916 Θεοῦ

181 4949 534 5026 ἐνδιδομένην
565 4947 650 5006 διὰ
681 4952 739 5006 τὸ
771 4946 937 5006 καλὸν
967 4949 1129 5010 πάλιν
1166 4951 1254 5005 καὶ
1283 4949 1500 5028 ἀγαθὸν,
1529 4947 1622 5005 ’ίνα
1650 4945 1849 5016 δηλον-

180 5043 265 5097 ὁτι
313 5040 450 5119 πρὸς
511 5037 720 5107 ἄλληλα
751 5039 817 5096 τὰ
849 5038 948 5114 μὲν
977 5041 1222 5118 ὁμοταγῆ
1273 5038 1600 5118 συνέχωνται
1632 5041 1706 5103 ὡς
1751 5038 1850 5096 ἀνὰ

180 5130 346 5210 μέρος
409 5129 613 5208 ἐρῶντά
644 5151 700 5186 τε
732 5129 822 5186 καὶ
880 5127 1144 5207 ἐρώμενοι·
1177 5129 1244 5186 τὰ
1299 5126 1354 5185 δὲ
1385 5127 1568 5206 πρῶτα
1599 5129 1729 5207 πρὸς
1786 5130 1850 5186 τὰ

178 5218 446 5301 ὑφειμένα
519 5233 760 5276 κινοῒντο
815 5217 900 5274 καὶ
975 5217 1136 5296 ἐρῷεν
1191 5228 1390 5275 τούτων
1461 5218 1845 5296 προνοούμενα,

178 5308 276 5365 ἵνα
340 5310 416 5368 ὡς
450 5308 608 5364 ἑαυτὰ
653 5308 881 5364 κάκεῖνα
909 5305 1196 5374 ποιήσωσι⁸
1256 5304 1408 5363 τὰδὲ
1467 5303 1850 5385 καταδεέστερα

177 5401 316 5475 πρὸς
377 5399 446 5454 τὰ
477 5397 737 5476 ὑπέρτερα
782 5397 1135 5474 ἆγαπὴτιχῶς
1166 5396 1346 5476 ἔχοιεν
1399 5395 1843 5475 ἐπιστρεφόμεναι,

174 5485 274 5543 ’ἕνα
334 5485 589 5562 κᾶκετνα,
625 5488 699 5550 ὡς
752 5482 995 5562 δυνατὸν,
1025 5483 1121 5554 τῆς
1172 5484 1456 5564 ὕπερτέρας
1488 5482 1645 5550 ἕξεως
1703 5485 1848 5542 ἀπο-

174 5572 447 5639 λαύωαιν.

1937 4763 2216 4824 monibus
2261 4771 2476 4824 arecte
2523 4761 2922 4824 sentientibus
2971 4763 3086 4823 duo
3133 4764 3259 4824 hiec
3307 4767 3573 4840 nomina,

1933 4871 2044 4915 ceu
2064 4851 2514 4934 aequipollentia
2555 4851 2769 4912 divinis
2807 4851 3350 4933 explanationibus,
3401 4856 3579 4918 mihi-

1932 4943 2573 5018 beantur,etuniticam
2604 4941 2924 5018 quamdam
2957 4941 3231 5005 virtutem
3264 4962 3371 5005 seu
3397 4965 3576 5026 copu-

1933 5033 2094 5096 landi
2123 5033 2239 5094 vim
2262 5032 2621 5112 significent,
2657 5050 2788 5112 quae
2811 5030 2869 5093 in
2897 5035 3017 5094 Deo
3039 5033 3574 5116 praeexistit,prop-

1934 5133 2024 5184 ter
2054 5123 2365 5202 pulchrum
2399 5132 2461 5184 et
2494 5122 2736 5196 bonum,
2773 5130 2836 5183 ut
2867 5122 3146 5185 nimirum
3185 5142 3321 5200 qua;
3350 5125 3577 5188 ordinis

1934 5220 2075 5274 sunt
2103 5210 2566 5293 ejusdem,velut
2599 5211 2857 5273 vicissim
2887 5213 3145 5275 amantia
3177 5221 3235 5273 et
3261 5222 3476 5290 amata,
3509 5232 3575 5277 se

1937 5311 2137 5364 mutuo
2165 5302 2662 5383 complectantur;
2715 5303 2902 5381 prima
2954 5321 3094 5364 vero
3129 5302 3409 5365 inferiora
3439 5322 3572 5366 mo-

1933 5402 2102 5455 veant
2123 5402 2180 5455 et
2210 5401 2434 5466 ament,
2471 5392 2541 5454 iis
2584 5393 2974 5472 providendo,
3009 5401 3072 5454 ut
3103 5391 3202 5453 illa
3231 5393 3320 5453 sui
3355 5393 3575 5457 similia

1931 5483 2502 5562 efﬁciant;inferiora
2531 5501 2667 5544 vero
2698 5483 2772 5544 ad
2794 5481 3105 5564 superiora
3129 5481 3470 5545 amabiliter
3487 5484 3574 5547 af-

1931 5574 2084 5638 fecta
2115 5581 2564 5648 convertantur,
2592 5580 2654 5633 ut
2683 5572 2786 5635 illa
2829 5571 3024 5654 quoad
3058 5571 3186 5635 fieri
3218 5579 3433 5654 potest,
3467 5592 3571 5638 su-

1929 5669 2228 5749 periorem
2261 5670 2480 5729 statum
2509 5669 2969 5747 consequantur.
