4032 6426
396 310 516 382 775

1571 314 1634 379 S.
1676 314 2010 380 DIONYSI]
2054 319 2583 383 AREOPAGIT/E.

3665 314 3789 382 776

480 453 690 537 §XIII.
728 453 832 517 Est
862 460 1148 534 praterea
1166 451 1406 515 divinus
1435 469 1605 514 amor
1636 455 1980 530 exstaticus;
2011 470 2038 512 a

2207 454 2238 534 δ
2288 463 2428 519 Xill.
2466 457 2669 515 ’Ἔστιν
2726 460 2929 522 ὁθετος
2990 457 3122 536 ἔρως
3156 460 3243 514 καὶ
3300 458 3640 520 ἐκστατιγός⁶
3704 456 3797 522 EE-

399 565 466 609 se
494 547 639 628 ipsis
669 543 828 607 enim
862 543 1157 606 excedere
1208 543 1346 605 facit
1388 543 1520 603 40!
1573 552 1866 617 amantes,
1901 544 2043 610 dum

396 638 598 698 vivunt
648 643 709 695 et
760 643 1073 695 moventur
1120 652 1239 694 non
1293 634 1429 712 ipsi,
1464 633 1569 694 sed
1604 633 1662 694 in
1695 634 1842 712 ipsis
1874 633 1916 694 ii
1945 631 2046 714 qui

394 725 775 790 amantur.Et
798 726 925 786 haec
952 723 1259 784 declarant
1288 722 1390 784 illa
1418 740 1551 801 quae
1579 724 1861 801 prmdicta
1885 734 2043 791 sunt.

400 816 590 894 magis
614 821 810 876 autem
836 830 1083 892 magnus
1105 813 1206 873 ille
1238 809 1691 893 Paulus,divino
1714 814 1827 875 hoc
1846 830 2050 875 amore

394 913 732 986 correptus,
766 910 968 965 aiens:
1005 901 1152 964 Vivo
1180 919 1287 981 ego
1290 904 1433 979 jam
1463 920 1583 964 non
1608 904 1892 983 ego,vivit
1913 921 2050 965 vero

393 998 460 1059 in
489 1014 585 1058 me
608 994 888 1059 Christus
911 995 1231 1073 ‘,tanquam
1262 1010 1433 1053 verus
1460 999 1782 1065 amator,et
1812 992 1913 1072 qui
1948 1011 2051 1053 ex-

396 1086 603 1167 cessit,
628 1094 689 1145 ut
718 1084 847 1163 ipse
876 1091 1192 1155 testatur,a
1225 1099 1290 1143 se
1317 1085 1442 1145 Deo
1469 1104 1482 1140 :
1518 1090 1577 1144 et
1602 1100 1862 1163 rursum,
1890 1082 2050 1143 velu-

2129 545 2304 612 ίστησι
2348 548 2448 624 γὰρ
2480 547 2679 604 ἑαυτῶν
2710 548 2829 611 τοὺς
2868 548 3121 624 ἐρῶντας,
3155 549 3229 609 ὡς
3272 554 3370 623 ζῇν
3402 546 3499 603 καὶ
3530 550 3802 604 κινεῖσθαι

2128 634 2221 691 οὒκ
2281 634 2534 710 ἐκείνους,
2588 635 2707 692 ἀλλ’
2770 637 2825 693 ἓν
2883 638 3066 700 αὺτοῖς
3127 639 3249 701 τοὺς
3309 636 3634 714 ἐρωμένους.
3701 641 3803 695 Καὶ

2129 722 2348 791 δηλοῦσι
2398 727 2466 781 τὰ
2523 725 2903 807 προλεχθέντα,
2939 727 3146 801 μᾶλλον
3197 725 3251 784 δὲ
3297 728 3525 805 ⁴ἱμὲγας
3588 725 3801 788 Παῦλος

2132 818 2208 888 τῷ
2263 818 2386 888 θείῳ
2436 816 2606 888 τούτου
2660 819 3030 897 κατεχόμενος
3091 817 3271 896 ἔρωσι,
3324 819 3414 873 καὶ
3455 817 3653 895 λέγων.
3717 822 3803 872 Ζῶ

2133 902 2241 981 ἐγὼ
2295 906 2491 975 οὐκέτι,
2650 903 2704 961 δὲ
2737 905 2792 960 ἐν
2844 907 2964 982 ἐμοὶ
3016 910 3263 987 Χριστὸς,
3297 909 3369 970 ὡς
3404 907 3610 973 ἀληθὴς
3670 907 3804 985 ἔρα-

2132 996 2283 1066 στής,
2318 997 2405 1050 καὶ
2456 992 2754 1061 ἒξεστηκὼς
2786 996 2902 1051 κατ’
2936 998 3092 1052 αὖτὸν
3139 996 3389 1076 λέγοντα,
3423 1000 3509 1053 καὶ
3570 997 3762 1062 ἔξεο-τη
3788 1029 3804 1043 ο

2130 1083 2286 1147 κότες
2344 1090 2483 1158 Θεῷ’
2536 1086 2622 1139 καὶ
2663 1084 2823 1140 πάλιν
2879 1087 2953 1146 ὡς
2998 1087 3098 1142 ἀνά
3128 1086 3290 1163 μέρος
3340 1088 3610 1165 ἐρώμενος
3656 1087 3807 1163 ’παρὰ

2128 1179 2220 1228 τοῦ
2273 1172 2555 1249 ὑπερτέρου
2587 1180 2716 1230 Θεοῦ
2760 1180 3150 1252 προνοητικῶς,
3200 1177 3259 1232 οὗ
3293 1183 3399 1246 ζὼν
3448 1177 3550 1243 τὴν
3610 1176 3804 1233 ἑαυτοῦ

2127 1259 2293 1338 ζωὴν,
2335 1259 2471 1316 ἀλλὰ
2531 1262 2625 1328 τὴν
2681 1269 2773 1319 τοῦ
2831 1263 3077 1341 ἐραστοῦ,
3113 1264 3202 1320 ὅτε
3257 1263 3429 1343 λέγει.
3499 1256 3594 1325 ἐὶς
3652 1265 3800 1320 ἀπο-

392 1356 699 1435 νίειιιεε,σι
726 1370 861 1415 εσσε
890 1352 1152 1414 vivimus
1174 1363 1225 1416 ιιι
1273 1351 1419 1414 Nam
1445 1352 1788 1415 audendum
1816 1363 1910 1415 est
1930 1353 2038 1414 hoc

2135 1346 2469 1428 θνήσκοιτες,
2541 1353 2630 1407 καὶ
2694 1351 2804 1408 ἰδοὺ
2875 1360 3075 1426 ζῶμεν.
3153 1353 3462 1421 Τολμητέον
3532 1356 3636 1434 γὰρ
3708 1356 3806 1411 καὶ

393 1446 570 1508 etiam
622 1454 902 1520 tanquam
931 1460 1138 1503 verum
1183 1443 1409 1523 dicere,
1444 1442 1601 1524 quod
1620 1448 1876 1524 ipsemet
1916 1460 2011 1503 om

2135 1443 2280 1494 τοῦτο
2342 1441 2415 1503 ὡς
2446 1439 2695 1508 ἀληθινὸν
2754 1443 2925 1499 εἰπεῖν
2957 1442 3039 1498 ὅτι
3093 1445 3179 1499 καὶ
3210 1443 3368 1507 αὐτὸς
3428 1452 3455 1501 ὸ
3499 1450 3607 1500 τῶν
3654 1444 3802 1500 ὅλων

398 1537 562 1599 nium
588 1534 1342 1613 Deus,proplerexcessum
1368 1532 1838 1599 bonitatis.extra
1857 1552 1923 1594 se
1941 1550 2038 1613 per

2135 1529 2257 1592 Θεὸς
2316 1528 2383 1585 δι’
2426 1528 2726 1609 ὑπερϐολὴν
2772 1532 3124 1611 ἁγαθύτητος,
3191 1533 3290 1598 ἔξω
3345 1535 3537 1590 ἑαυτοῦ
3591 1536 3801 1612 γίνεται

395 1644 598 1688 rerum
625 1623 1026 1704 providentias
1058 1624 1396 1696 exsistat,et
1419 1622 1480 1685 in
1507 1622 1842 1685 istiusmodi
1869 1621 2038 1683 boni-

2135 1630 2252 1681 ταϊς
2304 1620 2374 1684 εἷς
2406 1622 2471 1676 τα
2527 1623 2656 1677 ὁντα
2690 1623 2984 1699 προνοῖαις,
3022 1625 3111 1679 καὶ
3170 1627 3288 1680 οἱον
3340 1623 3586 1703 θέλγεται
3620 1625 3676 1680 ἐν
3732 1631 3804 1702 τῇ

394 1726 510 1779 tate
524 1714 638 1777 sibi
661 1715 829 1794 quasi
857 1711 1340 1789 complaceat;ait
1361 1710 1942 1790 enisztquidvolo
1958 1712 2038 1772 ni-

2135 1711 2347 1786 τοιαύτῃ
2406 1710 2720 1778 ἁγαθοτητιο
2774 1712 2924 1790 λέγει
2978 1714 3102 1791 γάρ’
3147 1716 3244 1771 Καὶ
3301 1715 3350 1770 τί
3390 1714 3552 1785 θέλω,
3588 1717 3634 1771 εἰ
3690 1713 3800 1783 ἢδη

389 1808 447 1871 si
467 1813 529 1868 ut
548 1800 1045 1867 accendaturV'IEt
1064 1819 1198 1863 cum
1215 1804 1291 1861 sit
1316 1820 1384 1863 ex
1409 1800 2038 1881 omnibusexemptus,

2135 1797 2390 1877 ἀναφθῇς
2441 1802 2538 1856 Καὶ
2583 1800 2643 1856 ὲκ
2700 1808 2792 1858 τοῦ
2820 1803 2950 1880 ὑπὲρ
3007 1804 3181 1859 πάντα
3239 1802 3569 1881 ἐξῃρημένου
3628 1804 3799 1861 ἀνεκ-

393 1897 468 1959 ad
492 1896 699 1957 omnia
746 1891 1084 1965 deducitur,
1123 1890 1284 1953 unde
1341 1892 1520 1953 etiam
1547 1890 1808 1952 Zelotem
1851 1891 2038 1971 ipsum

2135 1887 2325 1967 φοιτῆτ
2345 1912 2403 1952 ος
2458 1892 2542 1946 ἐπὶ
2572 1893 2744 1946 πάντα
2806 1892 3118 1969 κατάγεται³
3153 1891 3234 1949 διὸ
3262 1896 3350 1950 καὶ
3400 1895 3661 1961 Ζηλωτὴν
3695 1895 3797 1950 αὒ-

395 1984 721 2067 appellant,
760 1991 818 2041 et
855 1980 959 2058 qui
1003 1980 1256 2043 multum
1281 1981 1342 2041 in
1386 1980 1605 2042 divinis
1658 1980 1840 2043 rebus
1884 1998 2038 2041 amo-

2135 1980 2219 2033 τὸν
2271 1980 2545 2052 καλοῦσιν,
2593 1982 2664 2045 ὡς
2715 1981 2854 2037 πολὺ
2902 1979 3284 2040 ἀποδεικνύντα
3320 1985 3407 2039 τὸν
3454 1985 3527 2047 εἷς
3559 1986 3626 2039 τὰ
3675 1988 3800 2039 θεῖα

393 2065 523 2138 rem
545 2070 905 2146 ostendat,et
925 2070 1099 2147 quasi
1143 2069 1217 2131 ad
1264 2070 1360 2130 sui
1383 2070 1755 2131 desiderium
1781 2069 2038 2146 excitet;

2135 2065 2319 2144 ἔρωτα,
2354 2069 2441 2123 καὶ
2498 2069 2570 2131 ὡς
2631 2067 2956 2147 διεγερτικὸν
3014 2074 3112 2137 τῆς
3174 2071 3405 2151 ἐφέσεως
3460 2073 3646 2152 αὐτοῦ,
3707 2067 3801 2128 καὶ

394 2161 678 2243 quodque
703 2161 804 2223 illa
820 2178 958 2237 quae
979 2160 1053 2220 ab
1100 2158 1230 2239 ipso
1268 2158 1696 2221 desiderantur
1715 2178 1783 2220 ac
1822 2177 2038 2238 procu-

2135 2155 2207 2212 ἔτι
2264 2158 2330 2211 τὰ
2361 2155 2611 2235 ἐφιέμενα
2664 2163 2756 2214 καὶ
2794 2160 3153 2236 προνοούμενα
3207 2159 3332 2226 παρ’
3366 2161 3522 2215 aha-3
3576 2161 3801 2229 ζηλωτὰ

390 2264 622 2334 rantur,
653 2250 1040 2313 aemulatione
1060 2248 1240 2328 digna
1262 2248 1382 2310 sint
1412 2259 1476 2310 et
1507 2248 1704 2310 beata.
1731 2245 1859 2309 Nisi
1881 2249 2038 2310 enim

2135 2246 2215 2303 mi
2265 2246 2501 2321 μακάρια
2557 2248 2709 2309 εἰσιν,
2751 2249 2806 2304 Εἰ
2866 2248 2966 2326 γὰρ
3027 2249 3103 2323 μὴ
3149 2248 3285 2316 ἧτλν
3336 2253 3704 2322 τιιαῦτα,οὒκ
3734 2252 3797 2305 ἂν

386 2344 531 2408 talia
550 2350 773 2412 essent,
797 2356 1178 2419 nequaquam
1205 2338 1620 2418 indignaretur
1649 2341 1806 2419 quod
1837 2339 1911 2399 ab
1940 2338 2038 2417 ip-

2135 2334 2439 2406 ἐζηλοτύπει
2502 2338 2631 2414 τρὸς
2690 2345 2881 2417 ταῦτα,
2940 2338 3019 2393 ὅτι
3081 2338 3407 2395 ἐκκλίνουσιν
3470 2341 3651 2419 αὗτοῦ,
3709 2342 3795 2395 καὶ

390 2454 458 2496 so
486 2433 814 2505 declinent,
852 2439 911 2491 et
948 2428 1082 2491 aliis
1111 2447 1176 2492 se
1212 2429 1560 2510 adjungant.
1596 2427 1668 2490 Et
1692 2428 2038 2502 universim,

2135 2423 2310 2488 ἕλΑοις
2369 2428 2760 2503 προστίθενται,
2826 2429 2923 2485 Καὶ
2970 2427 3134 2500 ὅλως,
3199 2433 3227 2481 ὁ
3286 2428 3417 2507 ἔρως
3476 2436 3570 2485 τοῦ
3628 2428 3798 2485 καῖοὒ

389 2542 559 2586 amor
581 2518 1082 2604 pulchriest;cum
1109 2518 1270 2579 enim
1297 2518 1549 2598 pulcher
1570 2518 2038 2592 sit,amatistius-

2135 2512 2261 2570 ἑστι·
2322 2514 2483 2576 καλὸς
2514 2516 2612 2592 γὰρ
2671 2515 2769 2594 ὢν,
2802 2515 2893 2593 ἐρᾷ
2944 2517 3034 2572 τοῦ
3064 2519 3301 2574 τοιούτου
3360 2516 3549 2597 καλοῦ,
3581 2521 3667 2574 καί
3734 2518 3789 2573 ἐν

391 2613 555 2675 modi
585 2603 997 2692 pulchrum,et
1024 2607 1084 2668 in
1116 2606 1366 2687 pulchro
1403 2615 1627 2680 manet,
1663 2616 1725 2669 et
1750 2605 2038 2668 dilfundi-

2135 2609 2202 2676 τῷ
2256 2603 2404 2678 καλῷ
2434 2604 2580 2677 μένει
2641 2603 3066 2684 καὶδιακὲγυται
3125 2605 3531 2682 δαπανώμενος.
3568 2610 3627 2664 0':
3679 2609 3785 2684 γὰρ

389 2711 487 2765 tur
546 2698 978 2765 consumendo.
1029 2696 1339 2777 Siquidem
1396 2714 1635 2758 amores
1690 2714 2036 2777 corporum,

2135 2694 2391 2769 πωμάτων
2452 2692 2670 2770 ἔρωτες,
2705 2694 2888 2765 ἐπειδή
2932 2696 3156 2773 ῥεόντων
3212 2698 3362 2770 εἰσὶν,
3406 2697 3501 2752 ἴσα
3543 2698 3628 2753 καὶ
3657 2696 3790 2772 ἠρι-

391 2811 528 2855 cum
560 2809 761 2854 rerum
797 2789 922 2852 sint
952 2788 1396 2860 ﬂuxarum,non
1429 2804 1602 2848 secus
1631 2804 1697 2846 ac
1728 2787 1895 2847 verni
1925 2786 2038 2847 ﬂo-

2135 2796 2242 2847 νοῖς
2302 2781 2622 2861 διαρρέουσιν
2683 2784 2907 2841 ἄνθεσιν·
2947 2789 2994 2842 οἱ
3051 2784 3106 2841 δὲ
3147 2790 3285 2843 θεῖοι
3317 2789 3405 2843 καὶ
3454 2793 3559 2843 τῶν
3607 2790 3788 2865 θείων,

387 2901 486 2945 res
515 2881 811 2955 deﬂuunt;
844 2894 1081 2940 amores
1112 2894 1250 2938 vero
1303 2876 1485 2937 divini
1530 2893 1855 2956 rerumque
1885 2875 2038 2937 divi-

2135 2873 2197 2935 ὣς
2231 2873 2499 2946 μενόντων
2544 2874 2765 2945 τούτων,
2802 2878 2829 2931 ὁ
2888 2897 2965 2931 τω
3010 2876 3251 2932 κάκεῖνοι
3309 2876 3558 2935 μένουσιν
3603 2875 3659 2932 ἐν
3714 2885 3788 2948 τῷ

389 2980 910 3052 narum,ta_nquam
947 2966 1454 3048 permanentium.
1483 2965 1596 3046 ipsi
1626 2983 1866 3045 quoque
1898 2983 2038 3046 per-

2135 2960 2331 3042 ἔχοντι,
2365 2965 2451 3018 καὶ
2480 2962 2565 3019 διὰ
2596 2966 2656 3020 τὸ
2688 2965 2852 3020 καλὸν
2898 2967 3154 3043 γίνονται·
3193 2965 3282 3021 ἵνα
3315 2967 3415 3044 γὰρ
3446 2967 3779 3032 κκλλοποιη-

390 3038 636 3125 manent
663 3038 725 3120 ἰῖι
753 3038 1105 3138 possessore
1136 3074 1272 3131 suo,
1305 3065 1367 3118 et
1396 3038 1842 3137 pulchri-causa
1886 3038 2038 3119 exsi-

2135 3056 2251 3109 idm
2308 3053 2373 3108 τὰ
2445 3052 2710 3134 ἐρώμενα,
2769 3056 2857 3112 καὶ
2905 3056 2982 3129 μὴ
3028 3054 3472 3136 ἑμπεριληφθῶσι
3534 3066 3614 3132 τῷ
3682 3059 3783 3122 τῆς

388 3158 576 3223 stunt;
608 3146 890 3230 quoniam
924 3164 1094 3207 amor
1122 3145 1223 3208 ille
1254 3153 1345 3206 est
1395 3146 1468 3207 ad
1509 3155 1703 3208 amata
1733 3145 2038 3208 condeco-

2135 3139 2253 3209 ἲλης
2286 3140 2501 3222 αἴσχει,
2529 3145 2556 3199 ὁ
2589 3142 2721 3223 ἔρως
2753 3145 2979 3223 γίνεται.

386 3240 596 3314 renda,
629 3255 778 3300 neve
810 3236 1075 3298 materia;
1105 3235 1358 3297 colluvie
1387 3243 1882 3315 conspurcentur.

344 3322 347 3325 ’
471 3332 500 3407 ἒ
532 3328 687 3392 XIV.
719 3325 945 3401 Quaerit
973 3325 1073 3387 hic
1106 3325 1309 3400 etiam,
1343 3326 1552 3406 utquid
1600 3326 1859 3405 theologi
1914 3325 2032 3386 ali-

389 3419 627 3501 quando
658 3416 898 3498 quidem
927 3433 1191 3477 amorem
1218 3434 1289 3476 ac
1317 3414 1725 3489 dilectionem,
1759 3414 2036 3496 quando-

390 3528 509 3591 que
539 3526 678 3571 vero
704 3506 1018 3569 amabilem
1053 3522 1122 3568 ac
1147 3504 1501 3584 diligibilem
1522 3504 1823 3568 dicant.Et
1845 3505 2032 3567 resol-

385 3618 531 3663 vens
557 3597 1082 3681 quaestionem,ait,
1099 3595 1256 3675 quod
1282 3594 1553 3675 quidem,
1587 3604 1865 3675 tanquam
1887 3613 2035 3659 auc-

389 3698 481 3751 tor
507 3707 577 3751 ac
604 3687 841 3766 genitor
869 3684 1090 3746 amoris
1114 3682 1322 3765 divini,
1350 3700 1523 3746 amor
1538 3684 1935 3765 apppelletur;
1972 3684 2035 3747 in

387 3785 674 3861 quantum
701 3794 843 3838 vero
875 3777 1002 3852 ipse
1031 3781 1122 3836 est
1171 3773 1229 3834 id
1278 3773 1437 3854 quod
1470 3783 1727 3851 amatur,
1760 3773 2038 3837 amabilis

387 3868 710 3944 dicatur;et
729 3863 1056 3927 secundum
1081 3863 1231 3926 illud
1260 3864 1502 3944 quidem
1538 3873 1813 3926 movetur
1832 3864 1904 3925 ad
1923 3864 2039 3927 alia

389 3957 640 4020 amanda
647 3953 1002 4035 ,secundum
1030 3955 1145 4015 hoc
1163 3971 1302 4015 vero
1321 3962 1521 4015 movet
1539 3954 1653 4015 alia
1675 3955 1747 4016 ad
1770 3972 2035 4017 amorem

388 4045 704 4110 suum.Vel
740 4042 1026 4107 amabalis
1058 4042 1299 4118 dicitur,
1335 4043 1476 4123 quia
1505 4044 1620 4104 vim
1648 4042 2040 4106 habetaddu~

387 4137 565 4201 cendi
605 4154 673 4197 ac
709 4132 986 4196 movendi
1028 4135 1102 4195 ad
1155 4134 1504 4195 amatoriam
1537 4133 1598 4194 in
1622 4132 1836 4214 spiritu
1887 4151 2037 4195 cou-

378 4224 867 4309 junctionem,id
912 4230 1001 4286 est
1047 4223 1211 4301 quod
1254 4222 1434 4303 hujus
1465 4222 1759 4285 mediator
1787 4231 1845 4285 et
1869 4222 2034 4305 ipse-

397 1178 438 1236 ti
472 1174 732 1237 vicissim
763 1191 798 1233 a
827 1190 1108 1252 supremo
1168 1171 1290 1233 Deo
1351 1174 1607 1252 provide
1636 1183 1888 1247 amatus,
1926 1190 2043 1233 non

397 1262 701 1344 suam,sed
735 1263 912 1324 amati
944 1262 1116 1322 vitam
1150 1262 1492 1336 ducens,ait
1528 1280 1542 1326 :
1585 1263 1898 1343 Tanquam
1914 1281 2043 1323 mo-

2200 3320 2229 3399 ᾗ
2284 3317 2442 3383 XIV.
2501 3321 2771 3381 Ἐντεῦθεν
2830 3323 3047 3404 ἀπορεῖ,
3081 3326 3171 3382 καὶ
3218 3328 3268 3397 τί
3321 3325 3524 3396 δήποτε
3556 3328 3602 3383 οἱ
3660 3330 3792 3384 θεο-

2119 3409 2275 3489 λόγοι
2306 3411 2436 3468 ποτὶ
2466 3411 2565 3486 μὲν
2597 3410 2767 3489 ἔρωτα
2818 3415 2905 3470 καὶ
2936 3416 3153 3491 ἀγάπην
3188 3417 3346 3475 αὐτὸν
3377 3414 3622 3496 λέγουσι,
3656 3417 3791 3473 ποτὲ

2117 3499 2173 3557 δὲ
2226 3501 2447 3580 ἔραστὸν
2492 3506 2581 3559 καὶ
2636 3502 2940 3582 ἀγαπητόν.
2994 3506 3093 3562 Καὶ
3151 3504 3294 3562 λύων
3354 3505 3523 3585 λέγει,
3558 3505 3666 3580 ὅτι,
3712 3508 3794 3569 ὡς

2120 3591 2218 3668 μὶν
2247 3591 2421 3654 αἴτιος
2473 3592 2569 3649 καί
2601 3594 2873 3671 γεννήτωρ
2931 3600 3022 3651 τοῦ
3049 3596 3188 3654 θείου
3246 3594 3466 3674 ἔρωτος,
3501 3595 3636 3674 ἔρως
3689 3595 3792 3651 λέ-

2119 3696 2293 3760 γεται·
2353 3685 2427 3746 ὡς
2457 3679 2514 3738 δὲ
2572 3683 2729 3747 αὐτὸς
2759 3683 2835 3740 ὢν
2866 3684 2928 3740 τὸ
2985 3683 3233 3764 ἐραστὸν,
3266 3685 3488 3764 ἐραστὸν
3544 3685 3793 3763 λέγεται,

2119 3775 2207 3828 καὶ
2263 3770 2380 3829 κατ’
2411 3771 2590 3829 ἐκεῖνο
2635 3773 2738 3849 μὲν
2768 3786 3002 3830 κινεῖται
3057 3775 3131 3838 εἷς
3162 3778 3223 3831 τὸ
3267 3781 3373 3831 τῶν
3426 3773 3609 3831 ἄλλων
3638 3776 3795 3853 ὶρᾷν,

2119 3862 2258 3919 κατὰ
2299 3869 2453 3920 τοῦτο
2508 3861 2564 3919 δὲ
2612 3876 2753 3920 κινεῖ
2802 3864 2866 3919 τὰ
2891 3862 3030 3920 ἄλλα
3075 3866 3146 3931 εἰς
3177 3866 3238 3921 τὸ
3296 3865 3419 3943 ὲρᾳν
3452 3865 3637 3927 αὺτοῦ.
3700 3865 3793 3922 ”Η

2122 3951 2342 4030 ἑραστὸν
2397 3951 2634 4032 λέγεται,
2698 3950 2831 4010 διὸτι
2909 3957 3310 4036 προαγωγικὸν,
3367 3956 3455 4011 καὶ
3507 3958 3798 4022 κινητικὸν

2121 4042 2306 4100 huth
2351 4042 2461 4098 ἐστι
2520 4043 2650 4121 πρὸς
2710 4043 2973 4121 ἐρωτικὴν
3032 4047 3313 4124 συνάφειαν
3365 4047 3464 4112 τὴν
3508 4045 3565 4101 ἐν
3619 4049 3793 4103 πνεύ-

2119 4136 2273 4212 ματι,
2304 4131 2543 4190 τουτέστι
2576 4134 2800 4208 μεσίτης
2859 4136 3081 4208 ταύτης,
3116 4138 3204 4192 καὶ
3263 4136 3394 4213 πρὸς
3425 4134 3614 4192 ἑαυτὸν
3661 4158 3798 4192 συν-

2121 4224 2396 4302 αρμοστής
2454 4223 2566 4279 ἔστι
2616 4230 2710 4281 τοῦ
2780 4223 2995 4303 ἐρᾶσθαι
3066 4224 3227 4281 αὐτὸν
3298 4227 3400 4282 ὐπὸ
3465 4232 3573 4281 τῶν
3643 4225 3797 4283 ἰδίων

392 4325 512 4381 met
523 4315 960 4381 conciliatorsit
979 4314 1347 4394 amoris,quo
1369 4332 1404 4375 a
1432 4312 1558 4374 suis
1587 4312 1879 4375 creaturis
1900 4313 2038 4375 ada-

2135 4313 2461 4389 ποιημάτων.
2527 4314 2814 4380 Κινητικδν
2865 4312 2922 4371 δέ
2953 4335 3144 4393 φησιν,
3189 4315 3263 4378 ὡς
3307 4324 3556 4375 κινοῦντα
3586 4314 3797 4372 ἕκαστα

389 4416 604 4471 matur.
639 4405 797 4468 Dicit
824 4412 1022 4467 autem
1056 4402 1280 4465 habere
1335 4402 1452 4465 vim
1486 4402 1792 4479 movendi,
1824 4410 1889 4465 ut
1932 4403 2035 4485 qui

2135 4404 2254 4459 ιατᾶ
2309 4404 2399 4462 τον
2434 4404 2635 4461 οἰκεῖον
2684 4404 2844 4481 λόγον
2877 4405 3008 4482 πρὸς
3058 4406 3219 4463 auro:
3247 4405 3685 4485 ἐπιστρέφεσθαι.
3719 4409 3798 4464 Τὸ

392 4498 631 4578 singqu
664 4502 896 4558 moveat
916 4492 1247 4556 secundum
1282 4493 1585 4574 propriam
1616 4493 1937 4567 rationem,
1969 4499 2034 4555 ut

2135 4492 2172 4549 ῖε
2219 4497 2319 4561 τῆς
2350 4495 2716 4573 προαγωγείας
2773 4493 2963 4576 ὄνομα,
3013 4495 3058 4551 εἰ
3113 4496 3201 4552 καὶ
3238 4496 3382 4574 παρὰ
3436 4509 3555 4558 τοῖς
3591 4496 3794 4562 ἔξωθεν

385 4587 460 4651 ad
489 4570 682 4668 ipsum
707 4570 1343 4648 convertantur.Porro
1372 4570 1593 4645 nomen
1626 4580 1778 4644 illud
1804 4582 2027 4662 produ-

2135 4589 2334 4662 ιρᾶγμα
2364 4570 2613 4650 σημαίνει
2670 4587 2766 4643 οὐκ
2795 4570 3009 4664 εὐαγές,
3044 4584 3166 4642 ἀλλ’
3227 4570 3452 4643 ἐνταῦθα
3479 4586 3581 4653 τὴν
3645 4589 3799 4666 πρό-

390 4677 608 4741 οιὶιοιιίε
626 4694 733 4739 seu
767 4672 1230 4757 prostitutionis,
1265 4673 1375 4735 etsi
1405 4671 1564 4753 apud
1591 4671 1872 4753 profanos
1900 4690 2027 4734 rem

2135 4694 2256 4735 ,ενον
2304 4672 2400 4741 τῆς
2429 4672 2483 4731 ὲν
2535 4673 2654 4748 Θεῷ
2701 4673 2946 4740 ἑνώσεως
2991 4674 3263 4751 μεσιτείαν
3313 4677 3467 4754 φησὶ,
3504 4677 3593 4732 καὶ
3648 4677 3801 4733 οὕτω

389 4769 690 4849 impuram
746 4763 1065 4842 signiﬁcet,
1097 4763 1237 4824 402
1282 4772 1689 4825 verumtamen
1740 4761 1838 4823 hic
1886 4762 2034 4826 dicit

2135 4762 2210 4820 ιὲν
2268 4762 2488 4843 ἰραστὺν
2519 4761 2756 4842 λέγεται·
2818 4763 2949 4843 ἔρως
3009 4763 3066 4820 δὲ
3116 4763 3276 4822 πάλιν
3321 4767 3410 4823 καὶ
3462 4765 3679 4848 ἀγάπη,
3714 4771 3798 4835 ὡς

384 4859 880 4922 intercessionem
934 4853 1400 4917 conciliatricem
1434 4853 1676 4915 unionis
1717 4872 1853 4915 cum
1882 4856 2029 4930 Deo,

2135 4854 2366 4923 ιινητική
2427 4875 2513 4917 τις
2559 4851 2775 4931 δύναμις
2804 4853 2888 4933 ἐφ’
2941 4853 3136 4922 ἑαυτὴν
3188 4856 3457 4934 ἀνοίγουσα
3504 4857 3569 4912 τὸ
3622 4856 3803 4931 μόνον

391 4949 585 5012 ethoc
613 4946 790 5009 modo
827 4943 1070 5025 quidem
1100 4943 1375 5008 amabilis
1415 4943 1658 5020 dicitur;
1690 4960 1857 5005 amor
1893 4960 2033 5007 vero

2135 4944 2204 5001 ιαὶ
2244 4941 2311 4999 δι’
2372 4943 2527 5000 ἑαυτὸ
2583 4944 2803 5021 ἀγαθὸν,
2835 4945 2924 5001 καὶ
2982 4944 3064 5001 ὅτι
3109 4943 3355 5025 ἕκφανσίς
3417 4944 3561 5001 ἐστιν
3624 4950 3798 5013 αὐτὸς

391 5055 601 5102 rursus
627 5045 688 5099 et
718 5033 987 5110 dilectio,
1008 5042 1285 5116 tanquam
1318 5040 1403 5096 vis
1447 5033 1687 5115 motrix,
1719 5041 1778 5096 et
1799 5053 2032 5097 sursum

2135 5040 2304 5091 ιιιυτοό
2354 5030 2429 5090 δι’
2477 5032 2691 5108 ἑαυτοῦ,
2722 5035 2817 5092 οὐκ
2861 5033 3025 5095 ἄλλου
3085 5035 3475 5117 μεσιτεύοντος,
3510 5033 3630 5092 οὐδὲ
3681 5035 3798 5095 ἄλ·-

385 5128 461 5192 ad
489 5147 557 5190 se
587 5126 830 5189 trahens
860 5124 1008 5188 illud
1039 5124 1201 5206 quod
1236 5126 1427 5187 solum
1462 5134 1521 5186 et
1570 5140 1678 5205 per
1712 5141 1780 5187 se
1811 5123 2034 5187 bonum

2135 5126 2270 5181 toOev
2328 5123 2697 5203 ἐπερχομένου
2754 5131 2847 5182 τοῦ
2907 5124 3126 5204 ἔρωτος,
3178 5122 3298 5183 ἀλλ’
3349 5122 3445 5182 ἀπ’
3491 5127 3653 5186 αὐτοῦ
3714 5130 3800 5195 εἰς

386 5225 565 5294 est,et
592 5215 753 5299 quod
782 5220 910 5297 ipse
940 5215 1019 5277 sit
1039 5213 1434 5278 manifestatio
1465 5213 1558 5275 sui
1586 5213 1773 5294 ipsius
1804 5232 1912 5295 per
1941 5232 2030 5277 se-

2135 5212 2301 5271 ιιῦτόν*
2363 5223 2598 5272 τοιοῦτον
2627 5214 2728 5293 γὰρ
2756 5215 2818 5271 τὸ
2848 5212 2916 5271 δι’
2947 5217 3105 5273 ἑαυτὸ
3162 5212 3351 5275 καλόν.
3385 5214 3427 5243 ⁹¹
3439 5226 3621 5295 Ωσπερ
3682 5219 3801 5297 γὰρ

382 5304 774 5390 ipsum,nullo
795 5305 911 5367 alio
935 5304 1381 5380 mediante,nec
1409 5301 1652 5366 aliunde
1680 5321 1891 5366 amore
1910 5304 2027 5367 ali-

2138 5310 2318 5382 ρῶμεν
2362 5307 2461 5371 τῆς
2492 5302 2583 5360 τοῦ
2641 5302 2859 5378 μέλιτος
2910 5306 3258 5383 γλυκύτητος,
3293 5303 3390 5362 οὒκ
3418 5303 3642 5362 ἄλλοθεν
3690 5328 3800 5363 κι-

382 5414 500 5477 (ιοο
557 5394 939 5465 adveniente,
991 5394 1106 5457 nisi
1144 5413 1178 5456 a
1234 5411 1302 5455 se
1337 5393 1464 5473 ipso
1490 5392 1554 5454 in
1585 5393 1874 5474 seipsum;
1912 5393 2028 5456 tale

2135 5395 2350 5471 ιούμενοι
2380 5393 2455 5457 εἰς
2487 5392 2566 5469 μὴ
2594 5391 2718 5473 παρ’
2749 5392 2929 5475 αὒτοῦ,
2960 5397 3048 5453 καὶ
3079 5394 3138 5451 οὔ
3167 5393 3235 5451 δι’
3268 5393 3400 5452 ἄλλο
3428 5396 3473 5451 εὶ
3504 5396 3585 5470 μὴ
3621 5417 3782 5453 κατ-

381 5487 541 5549 enim
571 5486 744 5550 estid
789 5484 950 5566 quod
981 5502 1090 5567 per
1130 5502 1197 5546 se
1228 5482 1544 5566 pulchrum
1574 5492 1684 5548 est.
1721 5482 2022 5557 Quemad-

2135 5485 2274 5553 ιῦτὴν
2342 5486 2441 5550 τὴν
2494 5480 2823 5562 γλυκύτητα·
2897 5487 2982 5543 καὶ
3043 5483 3137 5542 διὰ
3183 5493 3341 5544 τοῦτο
3396 5482 3803 5565 ἆνεξάγγελτός

472 5670 651 5740 ‘Gal.
690 5688 755 5749 ιι,
787 5672 888 5734 20.
975 5683 1003 5715 ιι
1032 5670 1255 5734 ΙΙεΟον.
1282 5687 1365 5749 vr,
1395 5672 1456 5737 9.
1544 5681 1570 5716 ν
1598 5669 1746 5739 Luc.
1779 5689 1888 5758 xu,
1920 5672 1987 5739 9.
