4032 6434
126 382 245 456 777

640 386 738 462 DE
783 394 1083 461 DIVINIS
1123 392 1579 471 NOMINIBUS,
1623 384 1789 459 CAP.
1837 390 1941 459 IV.
1993 428 2069 441 —
2114 394 2447 458 PARAPH.
2496 384 3012 459 PACHYMERE.

3402 388 3525 459 7'78

126 531 273 588 ἐστιν
322 530 359 599 ἡ
389 528 655 609 γλυκύτης
685 543 801 597 τοῖς
860 530 1160 609 ἀγνοοῦσιν⁶
1193 532 1237 587 ei
1289 532 1389 610 γὰρ
1421 529 1546 608 παρ’
1604 529 1780 587 ἄλλων

1875 528 2116 590 modum
2172 528 2336 592 enim
2389 528 2583 592 mellis
2636 530 3018 594 dulcedinem
3069 549 3365 615 amamus,
3400 551 3521 598 non

124 620 289 677 τινῶν
338 618 651 696 ἐκινούμεθα
678 620 751 684 εἷς
784 620 960 689 τούτο,
997 621 1145 699 τάχα
1194 618 1257 676 ἂν
1288 619 1348 676 ἐκ
1376 620 1576 677 τούτων
1624 617 1786 700 εἴχο-

126 730 225 786 μεν
273 708 450 789 λέγειν
482 731 557 791 τι,
596 711 682 767 καὶ
730 712 777 767 οἱ
806 711 1116 789 ἀγνοοῦντες
1173 712 1235 767 ὲκ
1262 710 1485 785 τούτων,
1525 709 1787 772 συνίεσαν.

124 798 281 858 Οὕτω
340 799 449 856 νόει
498 802 587 857 καὶ
641 799 727 857 ἐπὶ
783 808 877 859 τοῦ
927 801 1067 857 θείου
1123 803 1207 857 καὶ
1239 799 1402 865 ὄντως
1457 800 1788 878 γλυκασμοῦ,

123 887 204 945 ὅτι
270 888 323 955 ἐξ
355 890 515 947 αὐτοῦ
568 891 595 946 6
628 888 782 968 ἔρωςο
845 889 935 946 καὶ
984 888 1110 946 αὐτό
1140 889 1251 946 ἐστι
1308 891 1369 946 τὸ
1425 890 1673 968 ἐραστὸν,
1704 883 1792 945 καὶ

122 976 188 1036 δι’
248 981 437 1058 αὐτοῦ,
468 980 553 1036 καὶ
582 978 702 1036 καθ’
759 980 909 1052 αὺτὸ,
943 981 1031 1035 καὶ
1061 979 1121 1035 οῦ
1173 977 1243 1036 δι’
1274 977 1428 1036 ἄλλο*
1489 977 1789 1057 ἐξῃρημένη

120 1069 221 1147 γάρ
283 1071 397 1127 ἐστι
459 1069 671 1125 πάντων
732 1071 766 1138 ἡ
825 1071 1048 1136 τοιαύτη
1092 1067 1305 1143 ἕνωσις,
1338 1071 1426 1125 καὶ
1483 1068 1653 1141 ἁπλῆ,
1701 1070 1789 1124 καὶ

120 1158 214 1213 ἀπ’
274 1158 436 1216 αύτοῦ
476 1158 569 1216 τοῦ
614 1160 837 1237 ἐραστοῦ
890 1158 1198 1234 κινουμένη,
1263 1157 1556 1239 ’Ἂναρχον
1586 1156 1640 1213 δὲ
1698 1159 1786 1214 καὶ

120 1246 483 1315 ἀτελεύτητον
538 1249 631 1304 τὸν
661 1251 807 1305 θετον
856 1247 1026 1328 ἔρωτα
1053 1246 1223 1328 λὲγει,
1253 1250 1326 1311 ὡς
1358 1250 1425 1305 ἐκ
1470 1254 1560 1305 τοῦ
1589 1248 1785 1325 ἀγαθοῦ

122 1340 388 1415 προϊόντα
446 1340 534 1395 καὶ
573 1340 704 1417 πρὸς
747 1340 809 1394 τὸ
858 1338 1050 1413 ἀγαθὸν
1111 1337 1593 1418 ἐπαναστρὲφοντα·
1650 1336 1786 1394 κατὰ

124 1428 319 1507 σχῆμα
385 1426 639 1485 κυκλικὸν
671 1425 812 1507 (ἐπεὶ
861 1428 948 1484 καὶ
990 1429 1024 1497 ἦ
1055 1434 1148 1485 τοῦ
1192 1428 1388 1485 κύκλου
1446 1428 1671 1506 γραμμὴ
1726 1430 1787 1485 οὒ

119 1518 392 1595 γνώριμον
450 1516 570 1593 ἕψει
629 1517 746 1575 ὅθεν
804 1516 1020 1596 ἤρξατο,
1081 1518 1169 1575 καὶ
1231 1520 1292 1573 οὗ
1338 1516 1639 1597 κατέληξε)’
1698 1517 1786 1572 καὶ

121 1629 216 1685 γαρ
271 1607 325 1673 ἐξ
376 1609 537 1665 αὺτοῦ
587 1606 616 1674 ἦ
674 1607 903 1688 τᾶγᾱθοῦ
952 1605 1152 1687 ἔφεσις,
1185 1608 1273 1664 καὶ
1334 1609 1405 1670 εἷς
1439 1607 1565 1664 αὐτὸ
1624 1606 1787 1663 πάλιν

119 1698 233 1776 ὁρᾷ,
269 1697 327 1754 ἐν
387 1698 532 1772 αύτῷ
561 1696 615 1755 δέ
663 1698 773 1755 ἐστι
818 1698 905 1754 καὶ
935 1696 1081 1773 μένει
1132 1699 1193 1753 τὸ
1225 1697 1346 1776 ἐρᾷν
1387 1701 1485 1764 τῆς
1520 1705 1787 1775 συμφυοῦς

120 1787 481 1865 ἀγαθότητος,
517 1790 603 1843 καὶ
658 1794 764 1843 τῶν
794 1788 926 1865 πρὸς
970 1788 1031 1842 τὸ
1080 1785 1276 1863 ἀγαθὸν
1337 1786 1782 1861 ἆνστεινομὲνων,

1875 616 2115 682 aliunde
2172 618 2317 682 moti
2367 638 2545 700 quam
2601 619 2674 682 ab
2725 620 2875 701 ipsa,
2911 640 3025 684 nec
3075 632 3320 704 propter
3364 623 3524 687 aliud

1876 726 2055 789 quam
2114 708 2280 770 illam
2338 708 2656 789 ipsammet
2713 710 3119 792 dulcedinem,
3155 722 3530 795 quapropter

1877 798 2051 861 etiam
2086 797 2526 878 inexplicabilis
2556 814 2648 863 est
2678 800 2934 864 dulcedo
2982 802 3146 865 illam
3190 801 3521 882 ignoranti-

1879 886 2009 963 bus;
2035 887 2086 951 si
2115 890 2276 950 enim
2308 887 2382 950 ab
2427 889 2560 952 aliis
2592 889 2949 971 quibusdam
2981 891 3055 953 ad
3088 893 3202 954 hoc
3243 911 3518 957 movere-

1878 978 2240 1059 mur,utique
2264 998 2333 1041 ex
2360 979 2455 1041 his
2479 980 2704 1061 aliquid
2739 981 2942 1044 dicere
2992 1000 3328 1063 possemus,
3362 983 3525 1046 unde

1871 1068 2044 1128 etiam
2075 1068 2415 1146 ignorantes
2439 1070 3003 1148 cognoscerent.Sic
3035 1072 3228 1152 cogita
3257 1073 3436 1135 etiam
3459 1072 3524 1136 in

1869 1157 2068 1219 divina
2084 1177 2341 1240 veraque
2363 1160 2681 1223 dulcedine
2696 1180 2965 1224 amorem
2981 1181 3054 1225 ex
3070 1163 3197 1244 ipsa
3210 1163 3521 1241 exsistere,

1869 1256 1928 1308 et
1957 1252 2143 1328 ipsam
2177 1268 2308 1311 esse
2337 1249 2655 1314 amabilem
2688 1270 2821 1314 cum
2867 1260 3111 1335 propter
3140 1271 3231 1335 se,
3258 1259 3384 1316 tum
3416 1272 3527 1337 per

1870 1346 2024 1417 se,et
2055 1357 2173 1399 non
2219 1350 2463 1421 propter
2509 1341 2697 1416 aliud,
2729 1361 2866 1404 nam
2898 1342 3243 1406 istiusmodi
3272 1344 3418 1408 unio
3447 1344 3523 1407 ab

1870 1426 2151 1491 omnibus
2198 1438 2475 1511 exempta
2504 1439 2616 1506 est;
2650 1442 2711 1494 et
2758 1432 3035 1515 simplex,
3063 1442 3122 1496 et
3148 1434 3224 1496 ab
3269 1434 3526 1514 ipsomet

1871 1516 2117 1579 amabili
2150 1525 2329 1583 mota.
2353 1518 2541 1581 Porro
2570 1520 2715 1583 dicit
2742 1539 3006 1584 amorem
3047 1523 3210 1586 hunc
3254 1524 3524 1586 divinum

1871 1604 2168 1688 principio
2191 1610 2431 1691 ﬁneque
2465 1618 2910 1692 carere,utpote
2937 1630 3008 1674 ex
3040 1611 3196 1675 bono
3229 1614 3527 1695 prodeuno

1869 1705 2086 1772 tem,et
2109 1698 2181 1759 ad
2217 1698 2438 1760 bonum
2473 1717 2538 1762 se
2571 1709 3053 1781 convertentem,
3089 1704 3424 1767 secundum
3448 1703 3521 1766 ii-

1869 1805 2073 1863 guram
2128 1788 2481 1851 circularem
2542 1789 3071 1871 (quemadmodum
3132 1812 3331 1873 neque
3361 1793 3524 1856 linea

124 1874 351 1964 Ἐφεξῇς
408 1877 583 1944 τίθησι
614 1879 705 1934 καὶ
754 1876 1038 1957 μαρτυρίαν
1082 1882 1188 1932 τῶν
1247 1874 1550 1955 λεγομένων
1579 1879 1643 1933 ἐκ
1695 1875 1785 1933 τοῦ

1875 1876 2079 1938 circuli
2110 1877 2393 1957 cognosci
2442 1887 2638 1960 potest
2686 1880 2843 1942 unde
2897 1872 3285 1964 inceoeperit,
3319 1883 3406 1946 vel
3440 1882 3519 1946 ub

117 1966 252 2022 θείου
290 1955 574 2046 ἰεροθέοω

1871 1965 2141 2046 desierit)
2177 1968 2398 2029 etenim
2432 1987 2504 2031 ex
2550 1968 2683 2050 ipso
2735 1968 2875 2032 boni
2931 1969 3323 2048 desiderium,
3356 1980 3422 2036 et
3448 1971 3524 2033 ad

122 2052 317 2135 ipsum
376 2054 597 2117 iterum
628 2053 867 2133 tendit;
902 2054 964 2119 in
995 2056 1125 2138 ipso
1176 2074 1317 2119 vero
1349 2062 1441 2118 est
1465 2062 1522 2117 et
1554 2062 1757 2118 manet
1786 2072 1954 2117 amor
1995 2064 2224 2135 agnata:
2249 2055 2561 2135 bonitatis,
2596 2059 2984 2142 omniumque
3032 2060 3105 2122 ad
3139 2060 3362 2124 bonum
3410 2061 3525 2125 hoc

118 2144 541 2223 aspirantium.
574 2145 807 2209 Deinde
833 2147 1081 2227 apponit
1110 2145 1295 2209 etiam
1328 2145 1740 2209 testimonium
1773 2162 1978 2207 eorum
2011 2163 2143 2227 qua:
2172 2145 2332 2209 dicta
2360 2156 2499 2210 sunt
2528 2167 2604 2210 ex
2638 2148 2774 2211 divo
2804 2148 3156 2215 Hierotheo.

824 2244 1095 2335 Ἰεροθέου.

193 2353 225 2433 §
254 2352 391 2418 XV.
438 2353 759 2421 Ἐπίστησον
792 2352 937 2419 ὅπως
974 2357 1002 2412 ὁ
1056 2354 1229 2434 μέγας
1263 2344 1511 2434 Ἰερόθεος
1542 2354 1610 2412 τὰ
1665 2355 1783 2434 περὶ

113 2451 209 2502 τοῦ
272 2445 548 2502 ἐπαινετοῦ
579 2443 774 2523 ἔρωτος
835 2443 1021 2524 ἄριστα
1084 2442 1389 2525 φιλοσοφεῖ·
1429 2446 1636 2524 πρῶτον
1684 2445 1781 2519 μὲν

110 2538 269 2591 θεῖον
329 2536 479 2590 αὺτὸν
510 2533 706 2613 λέγων,
741 2534 925 2603 ἐπειδὴ
980 2536 1068 2592 καὶ
1096 2539 1307 2614 πρῶτον
1364 2531 1541 2591 αἴτιον
1586 2533 1781 2611 ἔρωτος

111 2627 139 2679 6
184 2624 323 2686 Θεός
358 2625 496 2681 ἐστιν
526 2623 870 2703 ἓξῃρημένως
900 2626 988 2682 καί
1038 2625 1306 2689 ἀναιτίως,
1346 2626 1403 2681 Εἰ
1448 2625 1545 2702 γὰρ
1577 2626 1605 2679 6
1648 2623 1781 2701 ἔρως

113 2712 270 2776 αὒτύς
333 2714 475 2769 ἐστιν
508 2717 541 2782 ἡ
604 2715 815 2792 ἀγάπη,
847 2717 920 2777 ὡς
982 2717 1311 2793 προείρηται,
1360 2715 1653 2793 γέγραπται
1704 2712 1779 2770 δέ·

115 2802 256 2862 ’Ότι
293 2807 321 2860 6
360 2806 491 2868 Θεὸς
536 2805 720 2881 ἀγάπη
779 2805 910 2880 ἐστὶ,
973 2803 1217 2872 δηλονότι
1270 2805 1483 2860 πάντων
1541 2802 1783 2866 ἐνοποιὸς

114 2892 268 2972 ἔρως,
302 2894 425 2960 ἤτοι
460 2894 645 2971 ἀγάπη
678 2897 707 2949 6
757 2896 885 2959 Θεός
922 2893 1086 2955 ἐστιν,
1126 2895 1364 2951 Ἐκεῖθεν
1423 2892 1509 2949 οὗν
1543 2892 1785 2967 μεταόα-

114 2991 274 3045 τικῶς
330 2985 573 3061 πρόεισιν
607 2981 693 3039 ἐπ’
746 2983 1031 3061 ἀγγέλους,
1067 2983 1182 3039 ὅθεν
1236 2985 1322 3040 καὶ
1355 2982 1639 3061 ἁγγελικὸν
1690 2986 1788 3041 αὖ·

114 3075 197 3127 τόν
254 3096 450 3153 φησιν,
484 3073 603 3129 ἔνθα
654 3073 888 3148 μάλιστα
946 3074 1030 3128 καῖ
1072 3076 1161 3129 τὸν
1200 3076 1298 3139 τῆς
1346 3072 1597 3139 ἐνότητος
1649 3071 1785 3150 εῧροι

116 3185 189 3226 τις
256 3162 319 3217 ἂν
370 3163 544 3241 ἔρωτα
603 3168 769 3219 θεῖον
802 3162 946 3221 οὐδὲν
979 3164 1077 3242 γὰρ
1121 3163 1438 3242 ἀσύμφωνον
1467 3162 1501 3230 ἢ
1561 3162 1785 3218 στασιά-

120 3260 200 3322 ζον
233 3255 351 3309 ἐστι
389 3253 516 3332 παρ’
563 3255 767 3317 αὐτοῖς,
808 3262 962 3310 Εῖται
1020 3249 1138 3327 μετ’
1183 3251 1441 3330 ἀγγέλους
1472 3253 1561 3309 καὶ
1610 3252 1787 3330 νοερόν

121 3366 271 3421 φησιν
324 3343 527 3421 ἔρωτα,
560 3344 800 3400 τουτέστι
860 3344 1001 3420 παρὰ
1058 3341 1212 3404 θείοις
1274 3340 1486 3418 ἀνδράσι
1518 3355 1632 3405 τοῖς
1686 3346 1784 3407 τῆς

2538 2256 2868 2322 Hierothet'.

1944 2342 2124 2423 μιν.
2157 2344 2423 2408 Observa
2470 2364 2649 2429 quam
2686 2347 2971 2428 praclare
3024 2367 3271 2429 magnus
3304 2348 3519 2413 Hiero-

1868 2433 2040 2496 theus
2071 2436 2145 2497 de
2176 2434 2463 2497 laudabili
2506 2454 2714 2498 amore
2764 2437 3045 2513 disserat,
3091 2440 3349 2519 primum
3380 2442 3521 2521 qui-

1867 2522 2003 2585 dem
2037 2524 2299 2587 divinum
2330 2525 2523 2606 ipsum
2556 2543 2855 2603 asserens,
2890 2529 3172 2608 quoniam
3204 2529 3364 2592 Deus
3393 2538 3523 2612 ipso

1867 2612 2095 2694 primus
2121 2623 2328 2676 auctor
2349 2623 2438 2676 est
2457 2617 2705 2696 amoris,
2736 2616 2914 2698 idque
2962 2636 3069 2699 per
3101 2619 3517 2683 excellentiam

1867 2713 1926 2765 et
1956 2703 2086 2765 sine
2117 2706 2390 2768 causa.Si
2422 2704 2583 2766 enim
2614 2724 2781 2767 amor
2812 2707 2943 2788 ipse
2966 2708 3225 2772 Charitas
3268 2717 3379 2785 est,
3402 2710 3515 2787 uti,

1870 2794 2245 2873 praedictum,
2294 2796 2582 2874 scriptum
2627 2795 2704 2856 sit
2748 2806 2989 2859 autem:
3025 2798 3331 2875 Quoniam
3364 2800 3521 2865 Deus

1868 2883 2144 2945 Charitas
2165 2892 2254 2945 est
2274 2884 2388 2964 *,id
2409 2892 2499 2945 est
2529 2902 2698 2945 amor
2725 2887 2989 2948 omnium
3022 2888 3519 2972 uniiicus,utique

1872 2972 2131 3033 Charitas
2152 2975 2312 3037 Deus
2347 2982 2456 3035 est.
2491 2972 2716 3034 Isthinc
2742 2974 2921 3054 igitur
2958 2995 3064 3058 per
3087 2982 3517 3059 transgressio-

1874 3080 2011 3123 nem
2046 3063 2426 3141 progreditur
2455 3064 2526 3124 ad
2565 3065 2834 3143 angelos,
2868 3067 3028 3129 unde
3058 3068 3255 3149 ipsum
3280 3089 3520 3149 quoque

1871 3153 2210 3231 angelicum
2236 3152 2511 3233 dicit,ubi
2544 3152 2947 3236 maximequis
2979 3159 3512 3238 reperiatdivinum

1874 3240 2041 3302 illum
2073 3259 2341 3303 amorem
2374 3242 2645 3320 unitatis;
2679 3244 2827 3306 nihil
2862 3246 3021 3307 enim
3046 3248 3201 3327 apud
3226 3252 3387 3329 ipsos
3411 3249 3526 3311 dis-

1871 3350 2084 3393 sonum
2116 3342 2214 3393 aut
2244 3332 2617 3397 seditiosum.
2666 3334 2894 3399 Deinde
2941 3346 3073 3417 post
3122 3338 3386 3418 angelos,
3425 3340 3524 3401 in-

118 3430 445 3500 Ἐκκλησίας
480 3431 708 3506 δηλαδὴ,
749 3435 879 3512 πρὸς
923 3434 1008 3494 οὒς
1040 3434 1066 3488 6
1102 3430 1307 3494 Παῦλὸς
1344 3448 1528 3510 φησιν·
1567 3428 1692 3487 ’Ίνα
1721 3431 1782 3487 τὸ

1875 3422 2230 3499 lelligentem
2281 3442 2521 3503 quoque
2552 3442 2815 3486 amorem
2851 3438 3299 3501 commemorat,
3341 3429 3401 3490 id
3433 3437 3525 3491 est

111 3522 237 3578 αὖτο
292 3521 518 3600 λέγητε⁶
556 3524 643 3578 καὶ
706 3524 732 3578 6
772 3524 982 3598 Κύριοςθ
1044 3520 1177 3577 ’Ἵνα
1206 3522 1337 3577 ὦσιν
1394 3520 1472 3582 ἕν,
1510 3520 1648 3577 Εἶτα
1700 3523 1785 3577 καὶ

113 3614 252 3691 παρὰ
298 3624 426 3674 τοῖς
460 3610 643 3675 ἄλλοις
690 3612 1013 3689 ἀνθρώποις,
1047 3612 1101 3666 ἐν
1135 3616 1216 3675 οἷς
1272 3614 1299 3667 6
1331 3611 1448 3689 περὶ
1480 3610 1662 3689 φιλίας
1690 3608 1783 3666 λου

110 3728 200 3783 γος
260 3705 405 3760 ἐστί·
466 3706 556 3759 τὸν
603 3706 701 3781 γὰρ
762 3704 899 3760 κατὰ
961 3705 1053 3768 τὰς
1114 3705 1331 3782 λογικὰς
1384 3705 1562 3783 ψυχὰς
1619 3702 1788 3780 ἔρωτα

109 3796 295 3875 νοερὸν
330 3794 463 3850 εἷπε
496 3798 729 3873 ψυχικὸν
775 3793 829 3849 δὲ
862 3794 1113 3851 ἐκάλεσεν
1143 3794 1311 3872 ἔρωτα
1368 3796 1461 3850 τὸν
1492 3797 1595 3850 τῶν
1653 3792 1788 3849 ἀλύ-

108 3909 239 3963 γων,
313 3884 417 3943 Ἐκ
474 3888 573 3962 γὰρ
631 3885 728 3952 τῆς
779 3885 1043 3962 ἐρωτικῆς
1104 3886 1305 3951 ταύτης
1362 3881 1666 3959 δυνάμεως,
1703 3885 1792 3939 καὶ

111 3976 289 4043 πτηνὰ
324 3973 594 4053 ἀγεληδὸν
642 3975 927 4053 ἵπτανται,
960 3976 1045 4030 καὶ
1107 3975 1265 4048 πεζὰ,
1295 3975 1384 4029 καὶ
1434 3975 1604 4040 νηκτὰ
1664 3996 1784 4029 συν-

108 4065 390 4140 νέμονται.
455 4067 691 4123 Φυσικὸν
725 4064 897 4140 ἔρωτά
949 4085 1081 4143 φησι
1112 4065 1203 4120 τὸν
1254 4070 1358 4119 τῶ)
1391 4062 1656 4142 ἐμψύχων
1707 4063 1794 4118 καὶ

104 4154 480 4227 ἀναισθήτων,
514 4156 603 4211 καὶ
657 4154 801 4218 ἰδίως
833 4161 938 4211 τῶν
998 4153 1334 4222 ἀναισθήτων
1366 4154 1503 4212 κατὰ
1561 4154 1659 4220 τὴν
1691 4154 1787 4207 ἐκ-

100 4247 265 4313 τικὴν
316 4242 743 4312 ἐπιτηδειότητα
803 4243 1045 4323 ἐρώντων
1090 4250 1183 4299 τοῦ
1237 4241 1558 4321 δημιουργοῦ
1587 4240 1672 4297 διὰ
1730 4244 1789 4297 τὸ

102 4336 192 4391 ὑπ’
258 4336 430 4391 αὖτοῦ
461 4336 795 4391 συνεστάναι⁸
864 4334 1003 4390 κατὰ
1061 4334 1161 4410 γὰρ
1219 4333 1317 4399 τὴν
1351 4332 1576 4411 φυσικὴν
1620 4335 1790 4390 αῦτῶν

105 4426 352 4503 κίνησιν,
386 4429 477 4480 καὶ
508 4426 640 4483 αὐτὰ
671 4426 802 4503 πρὸς
835 4423 924 4479 τὸν
956 4424 1084 4479 Θεὸν
1131 4420 1514 4501 ἐπέστραπται,

1871 3512 1965 3591 qui
2000 3512 2143 3574 insit
2177 3512 2313 3573 viris
2335 3513 2549 3575 divinis
2582 3513 2884 3591 Ecclesiae,
2915 3518 2986 3577 ad
3014 3537 3160 3597 quos
3192 3519 3412 3581 Paulus
3442 3521 3527 3581 ait

1869 3609 1935 3663 ut
1983 3603 2147 3663 idem
2194 3602 2407 3663 dicatis
2427 3617 2474 3676 1;
2508 3611 2565 3665 et
2594 3604 2924 3667 Dominus:
2971 3607 3043 3668 Ut
3071 3609 3201 3669 sint
3250 3626 3443 3671 unum
3472 3646 3515 3677 ι.

1873 3693 2088 3754 Postea
2118 3691 2296 3752 etiam
2329 3692 2405 3754 de
2434 3692 2567 3754 aliis
2599 3693 2949 3757 hominibus
2980 3702 3081 3777 qui
3112 3697 3393 3761 amicitia
3422 3716 3524 3761 ra-

1872 3781 2096 3842 tionem
2143 3780 2283 3840 405
2327 3782 2568 3863 habent;
2597 3801 2730 3843 nam
2764 3803 3026 3847 amorem
3060 3786 3163 3868 qui
3194 3795 3287 3849 est
3308 3807 3522 3851 secun-

1872 3872 2012 3932 dum
2045 3873 2276 3932 animas
2320 3870 2663 3949 rationales,
2701 3875 3129 3953 intelligentem
3166 3878 3518 3957 nominavit,

1874 3960 2196 4022 animalem
2224 3980 2361 4023 vero
2381 3962 2885 4026 vocavitamorem
2908 3967 3339 4032 brutorum.Ex
3361 3988 3522 4031 ama-

1878 4050 2027 4111 toria
2056 4051 2165 4111 hac
2189 4051 2405 4113 virtute
2455 4062 2518 4113 et
2568 4052 2840 4116 volucres
2879 4057 3167 4136 gregatim
3215 4059 3431 4141 volant,
3464 4068 3524 4122 et

1873 4140 2179 4202 terrestria
2208 4140 2590 4222 natatiliaque
2620 4144 3126 4224 conjunguuntur.
3149 4149 3332 4210 l’orro
3363 4168 3524 4211 amo-

1873 4249 1999 4294 rem
2030 4231 2357 4292 naturalem
2404 4241 2573 4293 vocat
2597 4232 2766 4295 illum
2802 4252 3002 4296 rerum
3035 4236 3431 4299 animatarum
3465 4246 3525 4301 et

1873 4342 2053 4386 sensu
2081 4324 2436 4397 carentium,
2472 4342 2607 4385 cum
2658 4343 2836 4387 sensu
2867 4327 3132 4388 carentia
3162 4329 3340 4390 etiam
3374 4347 3519 4411 pro-

1874 4414 2003 4495 prie
2028 4413 2418 4475 habitudinali
2443 4414 2776 4494 aptitudine
2794 4413 3136 4478 Creatorem
3155 4426 3381 4499 ament,
3391 4437 3526 4499 pro-

102 4501 523 4593 pterea’quod
555 4512 629 4575 ab
660 4501 790 4595 ipso
821 4511 1114 4594 producta
1143 4510 1265 4573 sint
1298 4529 1318 4587 ;
1349 4528 1485 4573 nam
1516 4506 1853 4574 secundum
1885 4501 2218 4569 naturalem
2266 4521 2438 4565 suum
2471 4511 2695 4565 motum
2730 4504 2912 4567 etiam
2943 4505 3201 4584 ipsamet
3227 4507 3299 4569 ad
3334 4509 3527 4572 Deum

99 4611 585 4669 convertuntur.

797 4706 900 4759 Τοῦ
942 4698 1126 4760 αὒτοῦ.

183 4791 221 4871 §
279 4788 445 4855 XVI.
492 4787 717 4858 Ἐπειδὴ
749 4789 809 4848 ἐκ
864 4793 958 4848 τοῦ
1002 4789 1195 4847 ἐνιαίου
1226 4790 1319 4847 καί
1381 4788 1547 4853 ὅντως
1589 4787 1783 4868 ἔρωτος

90 4893 197 4943 τοῦ
264 4883 404 4940 Θεοῦ
466 4880 699 4945 πολλοὺς
763 4880 965 4960 ἔρωτας
1011 4876 1389 4957 συνετάξαμεν,
1437 4880 1558 4945 τοὺς
1613 4878 1784 4957 ἄγγε-

88 4974 325 5054 λικοὺς,
362 4973 488 5036 τοὺς
542 4974 778 5053 νοεροὺς,
811 4973 935 5036 τοὺς
982 4971 1272 5051 ψυχικοὺς,
1329 4971 1451 5031 τοὺς
1510 4969 1783 5049 φυσικοὺς,

90 5064 284 5144 (οὗτοι
349 5063 453 5140 γάρ
483 5063 614 5118 εἰσιν
677 5064 725 5118 οἱ
756 5061 852 5137 μὲν
908 5060 1211 5139 ἐγκόσμιοι,
1242 5062 1289 5116 οἱ
1332 5058 1385 5115 δὲ
1440 5060 1785 5137 ὃπερκόσμιοι

86 5156 202 5235 ἔρω
215 5174 339 5232 τες,
373 5154 451 5208 ὧν
480 5149 833 5231 ὑπερέχουσιν
864 5153 913 5207 αἱ
944 5155 1048 5207 τῶν
1083 5153 1278 5228 νοερῶν
1326 5152 1383 5207 τὶ
1413 5150 1502 5205 καὶ
1532 5148 1787 5230 νοητῶν)

81 5248 227 5326 φέρε
297 5240 664 5317 συνελίξωμεν
730 5239 971 5305 ἅπαντας
1028 5240 1114 5297 ἐπὶ
1172 5242 1263 5297 τὸν
1322 5238 1531 5317 Πατέρα
1595 5240 1787 5298 αιὸτῶν.

82 5334 441 5409 Σημείωσαι
505 5330 583 5407 δἐ,
619 5329 702 5387 ὅτι
747 5330 903 5409 νοερά
932 5333 1031 5387 είσι
1080 5330 1145 5387 τὰ
1174 5337 1385 5409 νοῦντα,
1421 5328 1588 5395 νοητὰ
1617 5326 1671 5384 δὲ
1730 5329 1793 5385 τά

80 5426 409 5498 νοούμενα’
481 5421 570 5476 καὶ
638 5417 1038 5491 ὒπερόαίνονται
1114 5418 1181 5477 τά
1256 5420 1409 5497 νοερὰ
1467 5419 1607 5497 παρὰ
1684 5420 1789 5477 τῶν

81 5519 355 5592 νοητῶν,
388 5509 510 5567 ’ὃθεν
571 5511 661 5567 καὶ
704 5510 874 5590 τροφή
923 5510 1034 5567 ἐστι
1065 5510 1172 5567 τῶν
1215 5510 1479 5567 νοούντων
1525 5510 1591 5564 τὰ
1635 5509 1790 5565 νοού-

2541 4691 2860 4771 Ejusdem.

1949 4790 1978 4871 §
2009 4788 2462 4862 XlV.Quoniam
2495 4805 2567 4850 ex
2591 4806 2708 4850 uno
2738 4805 2807 4851 ac
2828 4806 2966 4851 vero
2996 4806 3202 4854 amore
3232 4789 3341 4855 Dei
3362 4792 3522 4855 mula

1870 4889 1963 4945 tos
2002 4898 2242 4943 amores
2274 4878 2779 4954 coordinavimus,
2812 4879 3139 4960 angelicos,
3175 4882 3526 4963 intelligen-

1870 4979 1982 5052 tes,
2014 4970 2331 5043 animales,
2365 4967 2667 5031 naturales
2715 4968 3039 5050 (siquidem
3097 4970 3310 5035 borum
3343 4974 3526 5056 aliqui

1875 5060 2211 5123 mundiales
2232 5067 2392 5135 sunt,
2425 5058 2526 5121 alii
2555 5076 2695 5121 vero
2718 5077 2955 5123 amores
2977 5063 3521 5143 supramnndiales,

1872 5149 2034 5211 inter
2062 5169 2215 5231 quos
2243 5148 2704 5228 intelligentiam
2737 5158 2796 5212 et
2824 5149 3291 5232 intelligibilium
3325 5154 3522 5218 excel-

1876 5239 2316 5319 lunt),agedum
2349 5256 2561 5301 omnes
2589 5238 2663 5301 ad
2695 5242 3047 5304 earumdem
3065 5241 3302 5307 Patrem
3330 5243 3523 5308 colle-

1874 5329 2014 5394 ctim
2046 5326 2586 5392 reducamusNotn
2615 5337 2839 5403 autem,
2874 5331 3265 5413 intelligentia
3296 5352 3428 5397 esse
3453 5353 3525 5398 ea

1874 5438 2005 5501 quae
2036 5419 2805 5500 intelligunt,intelligibilia
2834 5439 2971 5484 vero
3002 5441 3072 5485 ea
3108 5442 3243 5506 qua!
3282 5421 3519 5487 Intelli-

1874 5517 2183 5588 guntur,et
2204 5508 2601 5590 intelligentia
2625 5509 2698 5572 ab
2724 5510 3210 5593 intelligibilibus
3226 5515 3523 5598 superari,

168 5660 202 5693 ι
237 5644 273 5713 ι
299 5643 486 5711 Joan.
520 5660 601 5721 ιν,
634 5644 697 5725 8,
722 5643 989 5710 lectione
1019 5643 1203 5711 varia.
1238 5641 1325 5708 Cf.
1355 5643 1427 5707 P.
1456 5640 1732 5707 Sabatier
1760 5652 1876 5711 vet.
1928 5645 2216 5713 Italicam.
2298 5657 2325 5702 ι
2355 5644 2576 5727 Philip.
2612 5662 2678 5730 ιι,
2710 5644 2771 5714 2.
2855 5655 2880 5691 ³
2912 5645 3087 5715 Joan.
3119 5668 3263 5733 xvu,
3292 5651 3396 5717 21.

417 5785 687 5849 Ρλτιιοι..
730 5784 846 5855 Gn.
877 5781 977 5851 Ill.

3157 5794 3236 5860 25
