4032 6476
457 371 578 438 779
1643 375 1705 438 S.
1753 374 2094 438 DIONYSII
2148 365 2641 442 AREOAGITIE.
3737 373 3860 445 780

455 506 620 571 unde
648 505 826 569 etiam
857 503 958 567 illa
978 523 1111 587 quae
1136 505 1545 588 intelliguntur
1574 507 1744 572 cibus
1771 517 1909 571 sunt
1935 507 2092 571 intel-

2187 531 2250 584 με
2269 532 2343 570 ια.
2378 515 2455 570 Τὰ
2509 521 2635 589 γοῦν
2679 512 2833 590 νοερὰ
2877 513 2968 591 ἐρᾷ
3013 517 3121 570 τών
3166 519 3373 581 νοητῶν
3431 513 3857 588 ἐπιστρεπτυιῶς

458 597 792 677 ligentium.
815 593 1022 674 Itaque
1043 595 1440 677 intelligentia
1467 607 1662 660 amant
1699 598 2092 678 intelligiliiliz

2189 599 2423 666 πάντως,
2461 600 2552 677 ἐρᾷ
2608 599 2662 657 δὲ
2695 605 2780 658 καὶ
2813 603 2876 658 τὰ
2913 603 3081 670 νοητὰ
3110 608 3216 658 τῶν
3275 609 3493 682 νοερῶν,
3527 601 3664 660 ἀλλὰ
3714 627 3856 680 προ-

456 704 702 768 prorsus
724 684 1500 767 conversive;intelligibilia
1528 706 1666 751 vero
1698 691 1878 752 etiam
1903 699 2092 750 amanl

2189 696 2450 755 νοητικῶς
2505 713 2582 766 τῳ
2612 690 2948 766 μεταδιδόναι
3002 695 3102 760 τῆς
3163 692 3447 772 ὡτρελεέας,
3513 687 3858 772 Ὀμολογού-

454 775 875 856 intelligentia,
910 775 1014 836 sed
1068 775 1381 858 provisive,
1415 777 1532 840 illis
1565 778 1730 841 utilia
1763 781 2092 841 communi-

2188 799 2346 851 μενον
2376 782 2464 836 οὖν
2510 779 2676 855 ἐστιν,
2704 783 2784 838 ὃτι
2845 785 2889 840 ος
2942 782 3046 839 τῶν
3104 785 3356 840 τοιούτων
3406 781 3598 860 ἔρωτες
3656 784 3858 862 ὑπερε-

455 865 676 928 cando.
732 867 800 929 In
854 863 1126 927 confesso
1160 865 1336 944 igitur
1366 873 1456 928 est
1484 885 1720 931 amores
1767 868 2092 930 istiusmodi

2185 873 2338 925 στᾶσι
2397 874 2502 927 τῶν
2561 872 2846 938 αἰσθητῶν.
2905 860 3070 928 Ἀλλὰ
3111 879 3276 928 ταῦτα
3328 873 3426 946 μὲν
3483 873 3547 928 τὰ
3597 874 3768 940 νοητά
3801 895 3858 929 τε

454 973 740 1035 superare
769 955 1103 1018 sensitivos.
1136 952 1426 1019 Gaiterum
1460 959 1586 1020 hac
1632 957 2024 1037 intelligibilia
2045 966 2092 1020 el

2184 959 2270 1015 xxi
2328 961 2502 1037 νοερὰ,
2565 960 2626 1018 ἐκ
2688 967 2935 1042 μετοχῆς
2999 970 3091 1020 τοῦ
3141 963 3308 1026 ὄντως
3379 962 3578 1040 ἀγαθοῦ
3632 972 3856 1020 τοιαῦτα

454 1045 851 1124 intelligentia
880 1064 950 1106 ex
981 1044 1432 1127 participatione
1454 1053 1573 1108 veri
1607 1046 1748 1109 boni
1780 1047 1917 1109 talia
1948 1047 2092 1110 facta

2184 1048 2520 1126 γεγένηνται,
2555 1054 2602 1107 οἱ
2662 1051 2716 1106 δὲ
2771 1051 3085 1120 αὗτονόητοι
3148 1052 3367 1132 ἔρωτες,
3402 1055 3450 1110 oi
3505 1057 3642 1110 θεϊοὶ
3696 1055 3855 1116 εἰσιν,

455 1135 737 1218 sunt,ipsi
767 1141 962 1197 autem
986 1153 1223 1197 amores
1255 1155 1362 1217 per
1383 1155 1450 1200 se
1474 1136 2092 1217 intelligibiles,divini

2185 1135 2405 1217 ’Ὥσπερ
2466 1141 2566 1218 γὰρ
2597 1138 2729 1198 ἄλλο
2774 1141 2882 1198 ἐστὶ
2937 1145 2998 1199 τὸ
3045 1144 3182 1199 κατᾶ
3227 1143 3475 1222 μετοχὴν
3509 1144 3735 1223 ἀγαθὸν,
3768 1145 3860 1199 καὶ

456 1223 786 1289 sunt.Sicut
807 1225 966 1287 enim
989 1223 1148 1286 aliud
1170 1232 1260 1286 est
1286 1223 1509 1288 bonum
1553 1245 1662 1308 per
1689 1225 2058 1309 participatio
2075 1263 2092 1273 -

2184 1224 2312 1282 ἄλλο
2369 1230 2430 1284 τὸ
2460 1229 2645 1293 ἁπλῶς
2705 1231 2923 1308 ἀγαθόν·
2960 1231 3126 1296 οἹτως
3176 1231 3284 1288 ἐστὶ
3318 1235 3408 1290 καὶ
3471 1231 3604 1288 Ξὶλλο
3637 1234 3703 1289 τό
3752 1255 3857 1292 τινι

453 1333 620 1392 nem,
653 1323 712 1378 et
740 1314 899 1376 aliud
932 1312 1156 1375 bonum
1187 1314 1562 1396 simpliciter;
1595 1317 1680 1378 sic
1723 1316 1900 1378 etiam
1933 1316 2092 1377 aliud

2184 1319 2396 1397 νοητὸν,
2430 1318 2519 1376 ἅτε
2579 1321 2862 1394 νοούμενον
2904 1321 2994 1378 ὑπ’
3048 1327 3229 1396 αὐτοῦ,
3261 1323 3350 1378 xxi
3403 1321 3535 1379 ἄλλο
3563 1325 3625 1378 τὸ
3668 1321 3856 1383 ἁπλῶς

457 1413 552 1467 est
571 1403 948 1485 intelligibile
976 1403 1180 1480 alicui,
1199 1411 1264 1464 ut
1293 1405 1448 1486 quod
1477 1405 1550 1467 ab
1583 1406 1686 1467 illo
1714 1404 2091 1485 intelligitur;

2184 1408 2394 1481 νοητὸν,
2427 1410 2530 1489 οὔχ
2583 1412 2654 1476 ὡς
2689 1413 2716 1466 6
2762 1412 2982 1491 χρόνος,
3016 1411 3052 1480 ἢ
3093 1415 3113 1468 5
3157 1412 3350 1490 τόπος,
3398 1411 3592 1490 (νοητὰ
3635 1413 3740 1490 γὰρ
3770 1421 3858 1475 καὶ

452 1501 510 1557 et
537 1494 698 1557 aliud
730 1492 887 1576 quod
921 1493 1280 1576 simpliciter
1305 1503 1394 1556 est
1420 1493 1822 1575 intelligibile,
1866 1514 1985 1556 non
2032 1503 2092 1556 ut

2184 1501 2358 1570 ταῦτα,
2403 1495 2516 1553 ἐπεὶ
2547 1499 2625 1572 μὴ
2671 1499 2944 1576 αἰσθητὰ),
2977 1499 3114 1556 ἀλλὰ
3150 1507 3271 1563 νοῦς
3328 1503 3434 1555 τῶν
3485 1501 3721 1578 νοητῶν,
3767 1507 3860 1560 xxi

451 1592 688 1666 tempus
718 1591 818 1646 aut
848 1584 1016 1646 locus
1061 1581 1213 1664 (hac
1256 1585 1418 1645 enim
1469 1583 1645 1646 etiam
1678 1583 2092 1664 intelligibilia.

2184 1589 2310 1663 ζῶν,
2338 1587 2424 1642 xxi
2479 1588 2615 1666 ζωὴ,
2650 1589 2736 1644 καὶ
2790 1589 3056 1668 ὶνέργεια.
3119 1588 3257 1646 Ἀπὸ
3310 1599 3435 1667 γοῦν
3477 1596 3586 1646 τῶι
3630 1589 3856 1646 πολλῶν

451 1693 587 1738 cum
603 1694 722 1738 non
746 1673 864 1737 sint
883 1672 1352 1755 sensibilia),sed
1374 1674 1530 1755 quod
1559 1679 1636 1736 sit
1655 1673 1992 1736 intellectus
2009 1673 2092 1735 in-

2184 1674 2394 1748 ὶρώτων
2454 1678 2526 1738 εἷς
2571 1675 2657 1734 δύο
2688 1691 2953 1756 συναιρεῖν
3001 1679 3258 1756 ἐρωτικὰς
3313 1679 3546 1738 καθόλου
3603 1677 3855 1755 δυνάμεις

451 1764 961 1846 telligibilium,et
989 1765 1210 1839 vivens,
1246 1776 1308 1825 et
1333 1765 1477 1846 vita,
1513 1773 1572 1826 et
1606 1765 1899 1846 operatio.
1927 1761 2092 1826 Vires

2184 1763 2453 1846 βούλεται,
2488 1767 2580 1832 τίς
2623 1789 2680 1824 τε
2741 1769 2940 1836 νοητὰς
3001 1773 3089 1826 xxi
3139 1772 3231 1832 τὰς
3291 1771 3496 1846 νοερᾶς,
3532 1772 3606 1826 ὧν
3641 1792 3854 1846 προκα-

446 1856 647 1936 itaque
658 1855 973 1918 amatorias
991 1872 1028 1916 a
1051 1853 1252 1915 multis
1268 1855 1573 1916 amoribus
1589 1853 1661 1916 ad
1687 1853 1838 1915 duos
1856 1856 2092 1915 omnino

2184 1853 2374 1933 τᾶρχει
2431 1857 2645 1923 πάντως
2718 1861 2750 1927 ἡ
2811 1861 3007 1924 παντὸς
3067 1859 3312 1917 ἐπέκεινα
3394 1857 3628 1940 ἄσχετος
3691 1860 3855 1920 αἰτία.

451 1945 719 2010 contrahi
752 1951 934 2026 cupit,
971 1952 1088 2006 tam
1111 1943 1514 2022 intelligibiles
1539 1962 1718 2022 quam
1753 1943 2092 2022 intelligen-

2184 1937 2472 2022 ”Ασχετον
2502 1943 2557 2002 δὲ
2590 1949 2754 2004 αἰτίαν
2786 1948 2881 2016 τῆν
2916 1947 3309 2028 δημιουργικήν
3341 1937 3525 2028 φησιν’
3554 1948 3724 2016 αὐτὴν
3756 1951 3856 2026 γὰρ

450 2043 561 2111 tea,
597 2035 811 2116 quibus
840 2033 1118 2097 omnibus
1169 2043 1404 2114 praestat
1435 2045 1497 2095 et
1527 2034 1830 2096 antecellit
1867 2033 2092 2095 incom‘

2184 2030 2278 2088 xx'i
2338 2035 2478 2109 μόνη
2522 2038 2900 2116 κεχωρισμένη
2965 2038 3078 2095 ἐστῖ
3109 2041 3204 2094 τοῦ
3256 2036 3722 2112 ἀποτελέσματος,
3755 2043 3854 2103 τῆς

450 2124 872 2206 prebensibilis
901 2124 1003 2186 illa
1031 2130 1226 2186 omnis
1255 2125 1478 2186 amoris
1509 2141 1712 2186 causa.
1757 2122 2092 2202 Incompre-

2184 2121 2393 2197 ὑλικῆς,
2427 2127 2512 2181 xxi
2561 2132 2659 2193 τῆς
2707 2125 2931 2200 εἰδικῆς,
2971 2130 3057 2184 καὶ
3089 2129 3187 2195 τῆς
3219 2133 3459 2201 τελικῆς,
3494 2127 3550 2181 ἐν
3606 2133 3686 2199 τῷ
3713 2127 3853 2182 ἀπο-

447 2214 806 2277 hensibilem
837 2233 974 2276 vero
1000 2231 1238 2276 causam
1268 2223 1438 2276 vocat
1470 2215 1584 2275 vim
1617 2213 1885 2288 creandi;
1914 2212 2090 2292 siqui-

2184 2210 2466 2287 τελέτματι
2527 2220 2866 2296 φαινόμενον,
2906 2221 3043 2296 Πρὸς
3102 2219 3295 2284 ταύτην
3337 2220 3424 2273 οὖν
3456 2219 3555 2282 τὴν
3617 2216 3854 2295 ἄσχετον

449 2305 586 2366 dem
621 2304 746 2366 haec
777 2303 905 2366 sola
949 2303 1102 2365 valet
1127 2304 1380 2382 id,quod
1407 2304 1652 2365 effectus
1687 2301 2012 2364 materialis
2043 2305 2102 2362 et

449 2394 718 2456 formalis
747 2402 805 2455 et
836 2393 1203 2466 flnalis,dum
1228 2395 1411 2455 efficit
1437 2412 1568 2474 qua;
1594 2392 1681 2454 illi
1703 2391 2096 2454 videntur.Ad

447 2483 603 2545 hanc
656 2482 834 2564 igitur
887 2483 1557 2564 incomprehensibilem
1617 2491 1674 2544 et
1735 2481 2096 2545 efficientem

447 2574 778 2649 causam,in
809 2573 1190 2635 commodum
1212 2573 1982 2654 uniuscujusque,omnium
2008 2579 2087 2631 to-

446 2663 582 2726 talis
613 2682 783 2726 amor
812 2663 1176 2739 extenditur,
1209 2663 1449 2727 totalem
1485 2664 1631 2724 404
1671 2679 1938 2725 amorem
1995 2680 2097 2722 vo-

447 2772 591 2817 cans
620 2754 812 2830 illum,
848 2755 950 2835 qui
983 2773 1050 2816 ex
1078 2753 1358 2816 omnibus
1393 2751 1857 2834 particularibus
1880 2751 2103 2811 amori-

447 2842 559 2906 bus
588 2843 871 2906 collectus
897 2852 1010 2925 est;
1044 2847 1205 2906 Deus
1233 2851 1430 2904 autem
1469 2841 1665 2904 totalis
1697 2851 1754 2902 et
1787 2841 2096 2922 particula-

445 2935 532 2996 ris
562 2952 734 2996 amor
763 2934 1013 3006 exsistit,
1053 2933 1114 2994 in
1144 2941 1426 3014 quantum
1461 2951 1635 2994 causa
1689 2941 1778 2993 est
1811 2938 1870 2990 et
1902 2931 2094 2991 omni-

447 3023 560 3086 bus
593 3023 818 3105 praebet
872 3021 1228 3086 amatorium
1261 3020 1703 3100 quodammodo
1752 3020 2091 3082 humorem.

447 3111 763 3186 Quomodo
793 3113 972 3192 igitur
1004 3111 1160 3173 Deus
1196 3120 1379 3174 totum
1413 3122 1470 3173 et
1498 3128 1658 3192 pars,
1693 3109 1824 3171 sine
1847 3128 2093 3190 egressu

448 3201 564 3263 sibi
593 3221 856 3283 praesens
879 3220 1012 3264 esse
1037 3201 1242 3284 possit,
1269 3220 1336 3263 ex
1369 3199 1702 3263 seminandi
1734 3199 1966 3262 ratione
2000 3219 2094 3279 pa-

448 3299 533 3354 tet
567 3264 845 3374 :|quando
897 3264 1054 3354 enini
1107 3264 1313 3353 semen
1370 3291 1598 3370 absque
1651 3264 2154 3370 interruptionec

447 3380 628 3444 simul
663 3383 723 3445 in
779 3383 1087 3445 matricem
1136 3382 1456 3463 deciderit,
1507 3399 1662 3443 unus
1693 3379 1935 3458 quidam
1971 3398 2086 3441 emo

446 3471 598 3553 bryo
631 3475 937 3548 formatur;
971 3472 1023 3534 si
1050 3491 1192 3535 vero
1226 3491 1432 3534 semen
1486 3471 1544 3533 in
1598 3469 1789 3532 varias
1820 3468 2088 3531 matricis

444 3561 690 3625 cellulas
720 3562 1038 3644 dividatur,
1079 3561 1355 3643 quaslibet
1385 3579 1521 3642 pars
1551 3561 1845 3639 integrum
1871 3558 2089 3619 format

2187 2303 2270 2358 xxi
2312 2308 2599 2372 ποιητικὴν
2648 2309 2837 2387 αἰτίαν,
2883 2308 3199 2386 προσφόρως
3262 2307 3493 2380 ἑκάστῳ,
3557 2309 3584 2362 6
3630 2306 3694 2362 ἐκ
3750 2312 3855 2361 τῶν

2184 2392 2431 2448 ἁπάντων
2464 2393 2641 2458 ὁλικὸς
2674 2396 2809 2475 ἔρως
2859 2397 3210 2469 ἀνατείνεται,
3247 2395 3428 2452 ὁλικὸν
3463 2395 3636 2473 ἔρωτα
3681 2395 3852 2472 λέγων

2182 2483 2273 2537 τὸν
2325 2481 2382 2537 ἐκ
2409 2485 2618 2539 πάντων
2651 2493 2758 2541 τῶν
2818 2491 3050 2566 μερικῶν
3095 2484 3482 2564 συναγόμενον,
3533 2483 3716 2540 "Eat:
3770 2495 3852 2544 καὶ

2184 2575 2210 2627 6
2271 2574 2400 2636 Θεὸς
2432 2572 2609 2637 ὁλικὸς
2640 2576 2727 2631 xxi
2785 2578 2999 2655 μερικὸς
3033 2575 3188 2654 ἔρως,
3221 2578 3294 2640 ὡς
3357 2573 3531 2636 αἴτιος
3575 2579 3674 2629 xxi
3719 2579 3853 2631 πᾶσι

2183 2667 2437 2740 χορηγῶν
2499 2665 2634 2719 κατὰ
2692 2665 2791 2732 τὴν
2838 2664 3064 2722 ἕκαστον)
3119 2663 3338 2738 δύναμιν
3397 2663 3678 2742 ἐρωτικὴν,
3727 2666 3849 2718 οἷον

2182 2749 2489 2829 ἀπόρροιαν.
2527 2760 2644 2816 Πῶς
2690 2755 2776 2811 οὖν
2813 2758 2840 2812 6
2886 2757 3014 2819 Θεὸς
3068 2757 3154 2811 καὶ
3185 2757 3246 2811 τὸ
3305 2752 3430 2810 ὅλον
3478 2754 3651 2809 καὶτὸ
3689 2752 3850 2831 μέρος

2183 2841 2578 2921 ἀνεκεροιτήτως
2642 2843 2812 2919 ἔα.)τῷ
2875 2847 3041 2902 σύνὼν
3115 2845 3257 2902 εἶναι
3337 2843 3578 2921 δύναται,
3642 2843 3708 2898 ἐν.
3765 2857 3848 2905 τοῦ

2178 2939 2539 3007 σπερματικοῦ
2593 2931 2752 3011 λόγου
2805 2935 2967 3012 σαφὲς
3011 2936 3237 3012 γίνεται·
3299 2932 3426 2990 ὅταν
3476 2933 3580 3007 μὲν
3625 2932 3728 3010 γὰρ
3788 2935 3841 2984 τὸ

2178 3019 2388 3098 σπέρμα
2438 3020 2741 3088 ἆδιακόπως
2783 3027 2915 3100 ὁμοῦ
2965 3027 3038 3089 εἷς
3085 3026 3184 3093 την
3230 3024 3440 3101 μήτραν
3503 3019 3828 3095 καταϐληθῇ

2179 3111 2233 3167 ἓν
2291 3109 2633 3169 ἀποτελεῖται
2693 3113 2938 3192 ἔμϐρυον·
3002 3114 3092 3170 ἐὰν
3149 3113 3205 3170 δὲ
3265 3113 3487 3189 μερισθῇ
3515 3113 3579 3167 τὸ
3639 3109 3841 3188 σπέρμα

2180 3199 2252 3261 εἷς
2311 3197 2591 3280 διαφόρους
2643 3202 2885 3269 κύστιδας
2945 3209 3047 3272 τῆς
3123 3205 3351 3282 μήτρας,
3401 3201 3626 3257 ἕκαστον
3692 3203 3842 3276 μὲρος

2179 3286 2475 3367 ὁλόκληρον
2534 3289 2756 3370 ἔμϐρυον
2796 3293 3172 3367 ἀειτοτεμετίται⁸
3227 3294 3377 3349 ἔσται
3409 3290 3496 3347 οὖν
3527 3297 3619 3347 τοῦ
3679 3292 3843 3368 σπέρ-

2181 3400 2348 3449 ματος
2405 3381 2465 3435 τὸ
2511 3381 2606 3455 μὲν
2650 3383 2750 3459 ῥὶς,
2787 3384 2846 3438 τὸ
2904 3380 2958 3437 δὲ
3003 3382 3304 3462 ὀφθαλμὸς,
3337 3383 3424 3438 καὶ
3469 3381 3536 3436 τὰ
3567 3378 3721 3459 ἑξῆς,
3764 3381 3847 3435 xxi

2178 3468 2350 3524 πάντα
2408 3469 2608 3528 τέλεια.
2646 3470 2890 3547 ’¹Ομοιόν
2921 3496 2968 3529 τι
3027 3471 3322 3549 θεωρητέον
3367 3471 3503 3527 κατὰ
3561 3468 3847 3547 ἀναλογίαν

2177 3561 2274 3614 xx‘t
2333 3561 2450 3638 περὶ
2482 3563 2573 3617 τὸν
2632 3562 2943 3620 παντέλειον
3000 3571 3140 3620 νοῦν⁸
3205 3561 3307 3630 ὅλη
3362 3561 3461 3639 γὰρ
3514 3562 3549 3627 ἦ
3611 3559 3846 3638 ἐνέργεια

445 3651 856 3733 embryonem;
888 3654 1000 3714 erit
1045 3660 1242 3713 autem
1295 3651 1541 3712 seminis
1571 3667 1706 3731 pars
1740 3667 1857 3710 una
1886 3666 2088 3728 nasus,

2184 3648 2420 3728 περιέχει
2455 3653 2541 3708 xxi
2600 3653 2664 3709 τὰ
2723 3653 2884 3727 μέρη·
2934 3654 3020 3710 xxi
3081 3653 3248 3717 οὕτως
3280 3655 3306 3708 ὁ
3352 3653 3483 3715 Θεὸς
3531 3653 3622 3706 καὶ
3669 3648 3848 3711 ὸλικὸς

442 3739 629 3802 altera
683 3743 912 3823 oculus,
949 3751 1004 3804 et
1035 3742 1120 3802 sic
1169 3741 1477 3822 deinceps,
1519 3739 1840 3818 omniaque
1889 3736 2092 3818 perfe-

2184 3740 2268 3794 xxi
2299 3741 2516 3818 μερικὸς
2563 3740 2694 3820 ἔρως
2727 3745 2863 3802 ἔστί.

445 3838 558 3893 cta.
608 3830 821 3894 Simile
851 3831 1155 3912 quidpiam
1187 3830 1692 3893 considerandum
1727 3829 1900 3890 etiam
1953 3845 2058 3906 per
2091 3827 2538 3908 proportionem
2577 3830 2653 3892 de
2685 3840 2884 3895 mente
2940 3831 3230 3913 perfecta,
3268 3849 3404 3893 nam
3443 3837 3530 3892 tot
3582 3827 3845 3893 efﬁcacia

445 3919 864 4000 complectitur
889 3920 1066 3982 etiam
1102 3929 1298 4002 partes
1329 3941 1343 3984 :
1379 3921 1468 3981 sic
1503 3919 1679 3982 etiam
1713 3917 1874 3980 Deus
1903 3925 2022 3979 tam
2057 3916 2256 3979 totalis
2301 3936 2480 3999 quam
2515 3920 2778 4001 partialis
2809 3941 2978 3984 amor
3008 3931 3124 3985 est.

1093 4027 1411 4108 Ejusdem.
2857 4039 2959 4092 Τοῦ
2992 4033 3173 4112 αὸτοῦ.

522 4121 765 4203 §XVlI.
800 4121 959 4185 Duas
1003 4123 1183 4204 igitur
1241 4123 1489 4185 virtutes
1549 4122 1866 4186 amatorias
1919 4141 2092 4204 supra

2261 4119 2292 4199 §
2350 4118 2535 4184 XV".
2569 4123 2673 4186 Τὰς
2722 4121 2847 4200 γοῦν
2906 4123 3101 4185 ἄνωθεν
3159 4123 3403 4200 ῥηθείσας
3435 4119 3702 4197 ἐρωτικὰς
3760 4121 3838 4176 δύο

445 4209 636 4274 dictas
657 4213 911 4293 agedum
933 4211 994 4274 in
1021 4232 1207 4274 unum
1233 4213 1602 4296 colligentes,
1629 4215 1895 4276 dicamus
1923 4233 2092 4275 unam

2184 4208 2450 4284 δυνάμεις,
2485 4211 2580 4290 ἆγε
2641 4215 2712 4276 εἷς
2768 4211 2823 4268 ἓν
2881 4213 3222 4290 συνάγοντες,
3286 4211 3556 4291 εἴπωμεν,
3603 4211 3692 4267 ὅτι
3753 4212 3835 4286 pii:

443 4320 576 4365 esse
599 4303 934 4384 simplicem
968 4304 1411 4385 viriutem,quaa
1434 4323 1504 4366 ex
1532 4304 1944 4385 semetipsa,et
1968 4323 2092 4384 per-

2184 4299 2320 4356 ἐστὶν
2351 4305 2379 4370 ἦ
2426 4302 2571 4369 ἁπλῆ
2631 4301 2871 4382 δύναμις,
2912 4305 2940 4371 ἦ
3008 4302 3057 4367 ἐξ
3090 4307 3251 4370 αὖτῆς
3319 4303 3589 4372 πεινητικὴ,
3639 4303 3733 4358 xxi
3779 4297 3835 4353 δι’

441 4397 846 4476 semetipsam,
881 4405 942 4457 et
973 4415 1092 4457 non
1126 4414 1231 4475 per
1280 4394 1459 4457 aliam
1493 4395 1754 4474 aliquam
1789 4402 2090 4471 virtutem,

2184 4392 2400 4472 ἑαυτῆς,
2445 4395 2533 4449 xxi
2593 4397 2649 4452 οὗ
2694 4391 2761 4448 δι’
2819 4393 2989 4460 ἄλλης
3062 4395 3204 4456 τινὸς
3266 4390 3561 4466 δυνάμεως,
3625 4394 3716 4447 xxi
3767 4388 3838 4466 ἐφ’

441 4492 501 4547 et
532 4487 590 4548 in
621 4487 942 4565 semetipsa
975 4493 1279 4548 movetur:
1307 4485 1803 4564 inegressibiliter
1830 4486 1991 4548 enim
2023 4504 2092 4546 ex

2184 4481 2392 4550 ἑαυτῆς·
2456 4482 2851 4561 ἆνεκφοιτήτως
2916 4485 3014 4563 γὰρ
3075 4485 3146 4548 εἰς
3206 4483 3400 4548 ἑαυτὴν
3473 4480 3840 4538 ἀνακυκλοῦσα

443 4577 764 4656 semetipsa
797 4576 859 4638 in
893 4577 1275 4656 semetipsam
1307 4577 1633 4638 revolvitur
1664 4594 1852 4656 usque
1885 4575 1958 4636 ad
1985 4594 2092 4636 ex-

2184 4571 2229 4636 ἐξ
2267 4572 2455 4639 ἑαυτῆς
2488 4573 2606 4652 μέρι
2639 4581 2728 4630 τοῦ
2778 4580 2881 4628 τῶν
2914 4572 3078 4628 ὄντων
3126 4573 3381 4652 ἐσχάτω,
3418 4575 3506 4627 καὶ
3554 4571 3615 4626 ἐκ
3662 4572 3838 4628 τούτου

441 4665 812 4730 tremitatem
875 4683 1101 4741 rerum,
1135 4675 1194 4728 et
1224 4685 1294 4727 ex
1325 4665 1436 4728 hac
1485 4667 1544 4727 in
1576 4666 1985 4746 semetipsam.
2027 4669 2092 4728 Et

2184 4664 2250 4725 εἷς
2298 4663 2512 4734 ἑαυτήν.
2577 4666 2672 4721 Καὶ
2747 4664 2878 4739 μετᾶ
2920 4671 3083 4721 ταῦτα
3143 4663 3400 4718 ἐκτίθεταί
3462 4665 3488 4717 ὃ
3549 4662 3711 4740 ἅγιος
3775 4663 3836 4720 ὡς

442 4755 730 4834 posthaec
759 4755 1004 4837 exponit
1045 4764 1284 4819 sanctus
1330 4757 1428 4818 hic
1477 4743 1870 4839 quorumdam
1907 4775 2092 4837 quaes-

2184 4753 2284 4808 ἔιπό
2315 4776 2471 4809 τινων
2527 4755 2746 4832 ἀπορίαν
2777 4754 2912 4810 τινα·
2983 4754 3092 4810 ’ἐστι
3124 4752 3176 4809 δὲ
3210 4755 3270 4808 τὸ
3301 4758 3405 4807 πᾶν
3436 4753 3577 4808 κατὰ
3641 4743 3833 4818 Ἐλλή-

442 4844 691 4923 tionem,
753 4855 844 4910 est
889 4855 1087 4909 autem
1143 4848 1267 4910 fere
1321 4855 1444 4911 tota
1487 4848 1796 4927 gentilium
1829 4856 1887 4910 et
1912 4849 2092 4912 Mani-

2184 4865 2281 4898 νων
2327 4845 2412 4900 xxi
2452 4845 2785 4924 Μανιχαίων.

443 4935 769 4998 chaeorum.

519 5023 884 5106 §XVIlLAit
905 5024 1561 5107 itaque,nonneminem
1588 5028 1850 5108 objicere
1875 5046 2089 5110 posse:

2175 5225 2259 5260 ται
2304 5205 2511 5280 τούτου,
2548 5205 2624 5280 μὴ
2653 5203 2714 5260 ’ὃν
2746 5201 2919 5277 λέγων
2950 5204 3048 5270 τὴν
3094 5201 3323 5258 ἀνείδεον
3367 5199 3524 5266 ὕλην·
3562 5201 3692 5256 αὐτὸ
3745 5197 3830 5274 γάρ

439 5223 558 5268 non
593 5213 683 5268 est
733 5205 879 5267 illud
921 5206 1166 5286 expetit,
1203 5227 1322 5268 non
1347 5227 1454 5269 ens
1508 5226 1724 5272 vocans
1774 5209 2088 5271 informem

2175 5293 2286 5350 ἔστι
2336 5295 2397 5350 τὸ
2455 5294 2653 5373 ἀγαθὸν
2707 5294 2768 5349 τὸ
2827 5291 3111 5352 εἱόοποιόν.
3192 5282 3284 5357 ἐὶς
3331 5297 3455 5369 γοῦν
3498 5291 3532 5358 ἡ
3593 5288 3699 5354 ὕλη
3752 5285 3831 5340 τοῧ

440 5293 939 5377 matcriam;idem
963 5296 1124 5358 enim
1156 5297 1480 5359 estbonum
1499 5308 1674 5381 atque
1704 5299 2087 5362 formificum.

440 5385 956 5458 Quemadmodum
977 5385 1156 5464 igitur
1174 5385 1426 5449 materia
1447 5387 1698 5452 formam
1709 5391 1820 5468 ,sic
1843 5389 1900 5452 id
1925 5388 2086 5468 quod

2201 5382 2256 5405 w‘
2437 5383 2461 5402 Π

2184 5403 2372 5464 ιιοους,
2407 5407 2544 5441 Ουτω

439 5493 559 5537 non
590 5484 682 5537 est
712 5474 898 5537 Deum
949 5476 1193 5556 expetit.
1228 5475 1510 5548 Quinimo
1533 5480 1695 5556 quod
1729 5497 1848 5545 non
1877 5467 1991 5556 est,
2026 5480 2085 5540 in

2184 5475 2488 5555 ὀφερουσίως
2547 5474 2758 5553 λέγεται
2789 5476 2850 5530 τὸ
2908 5473 2986 5549 μὴ
3045 5472 3104 5528 ’ὃν
3135 5474 3221 5528 ini
3279 5469 3434 5544 Θεοῦ,
3472 5467 3679 5532 ἄποτος
3741 5468 3826 5543 γὰρ

379 5573 381 5575 ’
441 5564 566 5629 Deo
589 5582 770 5645 supra
790 5554 1109 5628 essentiam
1133 5554 1672 5648 dicitur,siquidem
1691 5554 2088 5651 etquantitate

2184 5554 2258 5621 cxi
2316 5563 2544 5633 ἂνείδεος
2575 5567 2662 5622 xxi
2691 5564 3130 5644 ἀσχημάτιστος,
3165 5563 3252 5618 καὶ
3286 5565 3345 5620 οὗ
3403 5563 3500 5638 γῆ,
3534 5559 3644 5637 οὐχ
3674 5554 3827 5633 ὕδωρ,

443 5659 503 5712 et
527 5651 719 5716 forma
771 5663 830 5716 et
879 5655 1066 5734 figura
1109 5664 1292 5728 caret;
1327 5664 1387 5719 et
1417 5646 1574 5721 Deus
1606 5669 1697 5722 est
1745 5646 1865 5722 non
1904 5670 2083 5741 terra,

2184 5660 2228 5716 ὦ
2286 5657 2409 5737 πῦρ,
2472 5658 2501 5713 6
2566 5655 2695 5719 Θεός
2753 5657 2922 5730 ἔστιν,
2986 5653 3306 5731 ὑπερουσίως
3345 5646 3423 5741 ’δε
3479 5647 3616 5726 ὑπὲρ
3672 5650 3826 5741 ταῦτα

442 5757 566 5806 non
591 5759 892 5825 aqua,non
918 5733 1207 5826 ignis,sed
1235 5763 1418 5827 supra
1442 5747 1569 5814 haec
1593 5751 1790 5813 omnia
1813 5733 2085 5834 superes;

2184 5733 2405 5830 τιοὶντιπιο)⁷
2461 5749 2505 5807 εἰ
2573 5746 2662 5806 οὗν
2720 5745 2893 5805 πάντα
2956 5749 3045 5805 τοῦ
3103 5743 3300 5824 ἀγαθοῦ
3341 5738 3570 5823 ἕφίεται,
3625 5740 3743 5803 πῶς
3797 5733 3827 5802 ἡ

2259 5027 2286 5099 §
2341 5021 2553 5088 XVI".
2607 5027 2748 5091 Φησὶ
2792 5048 2938 5102 γοδν,
2976 5023 3053 5079 ὅνι
3114 5025 3242 5103 φαίη
3306 5045 3385 5086 τις
3413 5021 3494 5076 ἄν·
3569 5024 3625 5077 Ei
3691 5019 3833 5076 1:576:
3919 5067 3921 5103 Ι

441 5113 505 5178 Si
526 5115 749 5176 bonum
766 5113 1045 5178 omnibus
1058 5125 1145 5178 est
1163 5117 1419 5179 amabile
1442 5120 1611 5197 (nam
1630 5119 1691 5180 id
1722 5108 1918 5200 ipsum
1934 5119 2091 5202 quod

2184 5111 2319 5171 ἔστιν
2349 5116 2567 5191 εραστὸν
2600 5115 2660 5169 τὸ
2703 5113 2897 5192 ἀγαθὸν
2933 5111 3043 5194 (xxi
3074 5115 3200 5172 αὐτὸ
3253 5112 3352 5190 γὰρ
3393 5112 3444 5165 τὸ
3479 5110 3558 5184 μὴ
3604 5109 3665 5165 δν
3697 5108 3833 5188 ἒῖδίε⁶

2601 5385 2660 5440 τὸ
2716 5383 2795 5459 μὴ
2839 5382 2897 5439 ὃν
2941 5382 3033 5440 τοῦ
3092 5383 3250 5439 Gaium
3313 5381 3539 5459 ἐφίεται,
3607 5378 3709 5436 Καὶ
3765 5376 3831 5432 ἔτι
3907 5455 3909 5458 ρ

3893 5573 3905 5690 l

3895 5695 3901 5753 1

3889 5761 3899 6071 Ι

3925 4877 3927 4925 |

3919 4939 3925 5004 J

3919 5009 3923 5072 ,ι

3914 5075 3921 5124 l

3914 5129 3919 5186 Α

3914 5187 3917 5267 1
