4032 6412
245 355 368 422 785
718 366 818 428 DE
862 367 1162 433 DIVI‘NIS
1204 370 1659 452 NOMINIBUS,
1705 371 1869 434 CAP.
1914 369 2027 436 IV.
2077 402 2150 412 —
2198 367 2587 432 PARAPHR.
2634 361 3156 431 PACHYMERIE.
3506 362 3627 430 786

241 495 500 561 τίτέθν,σιν
561 499 737 575 ἕτερον
786 500 1055 578 λογισμὸν
1141 504 1519 584 ἀληθέστερον,
1568 510 1655 563 καί
1712 531 1891 587 φησιν,

1990 522 2127 566 nem
2161 504 2381 578 facere,
2428 500 2599 565 aliam
2635 501 2882 582 opponit
2906 502 3197 565 rationem
3218 501 3536 585 veriorem,
3569 511 3631 567 et

240 584 321 640 ὅτι
358 589 417 642 τό
450 590 637 659 κακὸν,
684 596 719 665 ᾗ
750 594 939 663 κακὸν,
987 593 1232 668 οὖὲεμίαν
1266 597 1471 674 γένεσιν
1530 612 1700 668 ποιεῖ,
1737 599 1891 673 μόνον

1984 594 2318 671 ait,malum
2342 611 2458 671 qua
2491 591 2712 653 malum
2737 591 2811 653 ad
2839 592 3059 654 nullam
3082 584 3527 671 generationem
3548 592 3632 655 fa-

239 672 289 728 δὲ
327 677 544 754 ρθείρει,
599 679 721 734 ὅσον
767 683 825 735 τὸ
879 681 962 736 ἐπ’
1000 687 1161 756 αὺτῷ,
1198 686 1292 752 τὴν
1325 692 1431 743 τῶν
1476 685 1641 743 ὄντων
1673 687 1891 745 ὕπόστα-

1982 701 2142 751 cere,
2174 683 2280 743 sed
2301 690 2527 744 tantum
2555 699 2968 764 corrumpere,
3001 690 3292 759 quantum
3320 700 3390 744 ex
3410 700 3475 745 se
3503 691 3624 763 est,

238 785 345 825 σιν.
472 766 525 820 δὲ
557 766 712 844 ὶέγοι
750 793 829 832 τις
883 773 1005 828 αὲτῗ)
1059 778 1451 853 γενεσιουργὸν,
1490 775 1621 833 διότι
1652 780 1685 845 ἡ
1719 777 1891 858 ἑτερου

1981 791 2181 835 rerum
2207 771 2683 835 subsistentiam.
2711 770 2772 834 Si
2802 772 2936 848 quis
2980 779 3175 833 autem
3226 770 3465 845 dixerit,
3512 772 3627 834 hoc

236 858 402 929 φθ-ιραι
460 858 677 933 θκτερου
734 858 935 935 γένεσίς
997 861 1160 934 ἐστιν,
1226 863 1563 945 ἀποκριτέον,
1598 868 1670 931 ὡς
1718 868 1886 947 οἱ)χῇ

235 944 431 1019 φθείρει
465 942 640 1001 δίδωσι
674 948 768 1015 τὴν
800 949 1023 1025 γένεσιν·
1062 950 1182 1008 ἀλλ’
1238 955 1271 1020 ἦ
1327 959 1421 1028 μὲν
1469 942 1635 1036 φθορὰ
1665 942 1884 1036 φθείρει,

234 1030 365 1086 εἶδε
396 1054 456 1108 γε
492 1035 808 1108 καὶγίνεται
869 1061 943 1116 τι,
1006 1038 1065 1095 ὲκ
1124 1044 1214 1096 τοῦ
1270 1042 1467 1119 ἀγαθοῦ
1516 1044 1740 1125 γίνεται,
1800 1049 1887 1103 καὶ

233 1119 384 1176 ἔσται
418 1123 476 1177 τὸ
510 1126 695 1185 κακόν.
760 1130 1068 1202 Σημείωσαι
1114 1131 1213 1208 γὰρ
1260 1131 1341 1188 ὅτι
1374 1132 1448 1189 ἔτι
1504 1134 1755 1213 γυμνάζει
1795 1137 1886 1192 τὸν

234 1207 424 1285 λόγον,
489 1216 574 1268 καὶ
607 1212 688 1270 διὰ
718 1225 873 1274 τοῦτο
902 1217 1069 1296 λέγει,
1119 1220 1228 1277 ἔστι
1279 1223 1362 1278 καὶ
1405 1223 1500 1280 οὒκ
1532 1223 1700 1286 ἔστιν.
1737 1214 1887 1283 ’Ἐσ-

234 1321 323 1355 ται
355 1302 529 1357 τοίνυν
564 1307 619 1359 τὸ
655 1309 819 1362 κακὸν
852 1312 1015 1387 φθορᾶ
1047 1312 1144 1384 μὲν
1177 1310 1245 1368 δι’
1278 1312 1456 1370 ἑαυτό·
1481 1312 1573 1370 διὰ
1603 1316 1663 1371 τὸ
1693 1314 1888 1393 ἀγαθὸν

237 1387 291 1443 δὲ
327 1394 718 1470 γενεσιουργὸν.
759 1399 855 1455 Καὶ
884 1396 949 1452 δι’
982 1399 1135 1458 ἑαυτὸ
1168 1402 1262 1476 μὲν
1298 1401 1414 1459 οὔτε
1447 1404 1531 1483 ὃν,
1575 1403 1693 1461 οὔτε
1722 1404 1889 1463 ὄντων

248 1479 526 1545 ποιητικόν
587 1483 720 1539 ἐστι’
773 1488 935 1542 κακὸν
992 1490 1091 1565 γὰρ
1121 1493 1204 1566 ὃν,
1238 1492 1355 1555 πῶς
1386 1492 1448 1548 ἂν
1478 1496 1702 1561 συσταίη
1732 1494 1887 1564 ποτὲ,

244 1570 331 1624 καὶ
364 1567 518 1626 πόθεν
552 1574 717 1653 σχοίη
764 1576 862 1642 τὴν
906 1575 1145 1651 ὕπαρξιν,
1181 1581 1427 1658 στέρησις
1461 1581 1542 1653 3v;
1583 1584 1681 1639 Διᾶ
1730 1581 1785 1639 δὲ
1833 1585 1894 1640 τὸ

242 1659 468 1735 ἀγαθὸν,
503 1663 589 1717 καὶ
622 1665 679 1719 ὃν
733 1666 820 1720 καὶ
849 1667 1061 1743 ἀγαθῶν
1104 1671 1385 1739 ποιήτικόν
1410 1672 1571 1727 ἐστιν·
1600 1673 1658 1727 ὃν
1683 1674 1892 1748 μέν,ὃτι

236 1751 427 1805 τούτου
483 1752 915 1834 ὑποχωροῦντος,
982 1757 1160 1815 ἐκεῖνο
1218 1758 1547 1837 ἐμφαίνεταισ
1587 1761 1801 1839 ἀγαθῶν
1833 1761 1889 1818 δὲ

1980 862 2110 945 ipso
2159 861 2530 938 generationi
2562 861 2928 936 subservire,
2965 861 3123 943 quod
3149 860 3392 924 alterius
3421 879 3630 924 corru-

1974 953 2093 1031 ptio
2111 952 2358 1013 alterius
2375 953 2680 1030 generatio
2711 950 3627 1033 exsistat,respondendum,nou

1972 1042 2031 1104 in
2051 1049 2336 1121 quantum
2355 1041 2685 1119 corrumpit
2706 1040 2849 1103 dare
2873 1042 3351 1122 generationem;
3372 1041 3478 1103 sed
3496 1059 3626 1104 cor-

1971 1131 2166 1212 ruptio
2191 1130 2432 1210 quidem
2459 1130 3021 1212 corrumpit,siquid
3045 1139 3242 1193 autem
3263 1130 3628 1211 gignitur,ex

1976 1220 2132 1282 bono
2164 1220 2449 1301 gignitur,
2477 1228 2534 1282 et
2566 1220 2682 1284 erit
2714 1220 2960 1282 malum.
2979 1219 3242 1284 Observa
3266 1221 3428 1284 enim
3460 1220 3620 1302 quod

1974 1310 2170 1374 adhuc
2193 1313 2490 1372 examinet
2518 1311 2838 1385 rationem,
2874 1315 2936 1374 et
2965 1311 3193 1374 idcirco
3219 1309 3400 1374 dicat:
3432 1310 3539 1375 Est
3567 1318 3626 1373 et

1976 1419 2094 1461 non
2126 1400 2441 1482 est.Atque
2464 1400 2614 1463 adeo
2640 1400 2862 1462 malum
2884 1419 2955 1463 ex
2979 1419 3044 1464 se
3063 1400 3306 1481 quidem
3340 1398 3459 1463 erit
3484 1418 3621 1462 cor-

1978 1490 2199 1571 ruptio,
2235 1490 2529 1551 subservit
2556 1497 2753 1552 autem
2806 1489 3177 1569 generationi
3237 1508 3343 1570 per
3373 1490 3431 1554 id
3462 1490 3623 1572 quod

1978 1579 2202 1640 bonum
2236 1583 2425 1643 est.Et
2451 1597 2556 1660 per
2577 1596 2643 1641 se
2661 1579 2905 1661 quidem
2937 1597 3133 1661 neque
3161 1597 3261 1642 res
3282 1587 3394 1654 est,
3424 1597 3623 1661 neque

1976 1686 2074 1730 res
2111 1668 2406 1747 producit;
2432 1688 2567 1729 cum
2593 1669 2751 1730 enim
2775 1668 2852 1729 sit
2874 1669 3119 1749 malum,
3147 1670 3445 1749 quomodo
3466 1688 3618 1733 con-

1977 1758 2147 1821 sistat
2176 1776 2464 1837 unquam,
2497 1767 2554 1819 et
2576 1758 2739 1820 unde
2773 1756 3450 1838 habeatexsistentiam,
3478 1777 3617 1822 cum

235 1860 543 1920 ποιητικον,
579 1841 659 1898 ὅτι
692 1843 746 1897 ἐν
776 1852 850 1918 τῷ
907 1848 1130 1924 φθείρειν
1185 1856 1340 1907 τοῦτο
1388 1851 1491 1918 τὴν
1543 1849 1888 1920 εἰδοπεποιη-

1979 1848 2052 1909 sit
2082 1846 2359 1927 privatio?
2384 1846 2497 1909 Per
2535 1847 2758 1908 bonum
2791 1856 2991 1910 autem
3016 1860 3077 1909 et
3105 1865 3204 1909 res
3232 1857 3349 1922 est,
3384 1855 3444 1910 et
3470 1849 3628 1911 bona

235 1928 408 2003 μένην
448 1932 648 2010 οὖσίαν,
684 1932 1046 2014 ἂντεισάγεται
1079 1938 1226 2001 εἶδος
1268 1938 1442 2018 ἕτερον
1473 1945 1572 2007 τῆς
1603 1939 1734 2007 ὕλης
1766 1941 1888 1998 ἐνυ-

1979 1936 2252 2016 producit
2283 1935 2700 2018 Res,inquam,
2726 1936 3011 2018 quoniam
3041 1936 3154 1999 hoc
3185 1936 3508 1999 recedente
3538 1937 3618 1998 il-

236 2021 584 2099 παρχούσης,
638 2025 724 2079 καὶ
768 2022 852 2080 διὰ
900 2028 960 2082 τὸ
1017 2027 1214 2105 ἀγαθὸν
1276 2027 1581 2110 δεχομένης
1616 2030 1717 2096 τὴν
1746 2028 1890 2089 εἰδο-

1979 2026 2077 2088 lud
2092 2035 2359 2106 apparet;
2375 2027 2530 2088 bona
2561 2044 2700 2088 vero
2733 2025 3176 2107 producit,quia
3204 2025 3345 2089 dum
3365 2027 3623 2090 hoccor-

236 2111 480 2176 ποίησιν*
516 2110 720 2186 μᾶλλον
750 2112 804 2170 δὲ
835 2115 949 2171 ἐπεὶ
990 2117 1259 2179 ἀκώλυτός
1289 2119 1431 2176 ἔστιν
1484 2120 1539 2176 ἐν
1582 2132 1701 2184 τοῖς
1730 2123 1891 2185 θείοις

1979 2117 2196 2195 rumpit
2219 2115 2608 2178 substantiam
2632 2114 3494 2197 formatam,subintroducitur
3511 2115 3627 2179 alia

234 2198 441 2278 λογίοις
464 2202 498 2268 ἡ
524 2201 574 2267 ἐξ
603 2201 987 2283 ὲποιλογισμοῦ
1016 2211 1125 2262 τῶν
1156 2206 1543 2288 ἀκριϐεστέρων
1572 2208 1889 2288 παράδοσις.

1979 2204 2168 2266 forma
2192 2205 2449 2266 materia;
2470 2203 2879 2286 inexistentis,
2912 2212 2973 2266 et
3011 2221 3119 2286 per
3138 2203 3363 2266 bonum
3395 2204 3624 2268 forma-

236 2292 312 2346 Τὸ
344 2296 471 2363 πᾶν,
507 2290 673 2370 λέγει,
709 2302 800 2351 τοῦ
830 2296 1026 2373 ἀγαθοῦ
1077 2296 1211 2377 ἐστι,
1244 2299 1419 2363 καθὼς
1463 2300 1554 2355 καὶ
1609 2318 1891 2377 παρακατ-

236 2380 339 2435 ιὼν
369 2379 645 2447 ἀποδείξει,
709 2384 828 2448 ΠΒς
877 2386 977 2463 γὰρ
1034 2384 1180 2443 ἔσται
1232 2389 1293 2443 τὸ
1356 2388 1484 2444 αὒτὸ
1541 2390 1633 2444 καὶ
1687 2388 1894 2467 ἀγαθὸν

236 2472 318 2533 ὡς
365 2467 427 2524 ἐκ
451 2476 537 2526 τοῦ
590 2473 813 2550 φθείρειν
869 2472 1147 2552 προξενοῦν
1207 2475 1439 2551 γένεσιν,
1476 2477 1566 2533 καὶ
1609 2478 1776 2534 κακὸν
1817 2479 1893 2540 ὡς

239 2562 480 2638 φθεῖρονς
514 2559 629 2617 οῦδὲ
684 2562 784 2641 γὰρ
817 2565 909 2620 τοῦ
952 2566 1113 2622 αὖτοῠ
1157 2566 1246 2622 καὶ
1288 2562 1405 2629 ἓνὸς
1441 2566 1755 2646 πράγματος
1800 2567 1894 2644 μία

238 2650 381 2705 κατὰ
439 2651 499 2705 τὸ
542 2654 667 2708 αὐτὸ
706 2649 950 2733 δύναμις,
1000 2655 1089 2711 καὶ
1138 2655 1302 2734 φθορά
1356 2653 1467 2711 ἐστι
1525 2658 1614 2713 καὶ
1659 2654 1893 2735 γένεσις’

241 2737 375 2815 ὅπερ
435 2737 728 2814 συμϐαίνει,
790 2739 948 2821 εἴπερ
1005 2741 1303 2817 δεξαίμεθα,
1357 2744 1439 2801 ὅτι
1487 2742 1711 2821 δύναμις
1780 2746 1895 2803 ἔστι

239 2829 302 2883 τὸ
358 2830 527 2885 κακὸν
583 2829 699 2886 καθ’
744 2831 938 2900 ἑαυτὴν
995 2835 1073 2909 μὴ
1145 2834 1447 2914 φθείρουσα,
1505 2836 1644 2894 κατὰ
1687 2833 1894 2911 συμϐε-

240 2916 409 2983 ϐηκὸς
440 2917 622 2986 δὲτὴν
679 2918 884 2996 γένεσιν
933 2922 1267 3003 παρέχουσα.
1328 2924 1449 2987 Πῶς
1507 2925 1607 3002 γὰρ
1640 2930 1738 2992 τῆς
1787 2931 1895 2982 τῶν

240 3005 494 3064 ἐναντίων
543 3009 806 3079 κινήσεως
854 3010 949 3086 μία
991 3013 1078 3069 καί
1112 3013 1145 3081 ἦ
1189 3014 1325 3080 αὐτὴ
1367 3011 1515 3070 ἔσται
1545 3012 1790 3091 δύναμις
1839 3017 1894 3073 Εἰ

239 3098 340 3173 γὰρ
369 3100 459 3155 καὶ
487 3101 516 3155 ὅ
547 3100 723 3178 ἰατρὸς
766 3097 979 3179 λέγεται
1035 3100 1254 3178 δύναμιν
1307 3102 1459 3184 ἔχειν
1513 3105 1750 3182 ὁγιάσαι,
1809 3106 1895 3162 καὶ

239 3184 460 3263 δύναμιν
519 3187 667 3269 ἔχειν
715 3191 870 3250 νόσον
900 3203 1231 3272 παρασχεῖν,
1263 3194 1325 3249 τὸ
1355 3192 1457 3268 μὲν
1486 3192 1603 3249 καθ’
1636 3196 1786 3265 αὐτὸ,
1832 3195 1894 3250 τὸ
1914 3242 1956 3295 c

237 3274 289 3331 δε
322 3276 463 3334 κατᾶ
493 3277 830 3353 συμϐεϐηκὸς
877 3287 945 3357 τῇ
976 3282 1204 3353 απουσίᾳ
1267 3284 1364 3339 καὶ
1426 3288 1503 3355 τῷ
1560 3282 1639 3357 μὴ
1667 3282 1894 3341 ἔπισκέ-

1980 2296 2202 2357 tionem
2258 2294 2636 2373 suscipientis
2671 2314 2689 2371 ;
2722 2293 3058 2376 praesertim
3089 2311 3225 2356 cum
3258 2292 3429 2357 obvia
3458 2294 3536 2356 sit
3561 2294 3621 2356 in

1981 2383 2192 2446 divinis
2220 2384 2478 2446 oraculis
2509 2404 2582 2445 ex
2611 2402 2814 2446 rerum
2848 2386 3282 2466 praecipuarum
3305 2402 3624 2448 enumera-

1981 2474 2141 2535 tione
2185 2473 2326 2534 408
2375 2473 2638 2535 traditio.
2674 2474 2800 2536 Hoc
2838 2472 3203 2547 universum,
3238 2473 3455 2555 inquit,
3478 2474 3625 2537 boni

1979 2569 2090 2635 est,
2142 2568 2294 2624 sicut
2346 2561 2409 2623 in
2470 2579 2787 2642 progressu
2825 2560 3278 2625 demonstrabit.
3315 2561 3627 2636 Quomodo

1980 2652 2136 2713 enim
2159 2651 2216 2713 id
2250 2651 2445 2732 ipsum
2470 2654 2584 2714 erit
2606 2656 2669 2713 et
2691 2652 3007 2726 bonum,in
3035 2660 3324 2730 quantum
3347 2670 3624 2733 corrum-

1980 2741 2178 2822 pendo
2202 2749 2505 2823 promovet
2525 2741 2995 2821 generationem,
3021 2749 3080 2804 et
3101 2741 3417 2824 malum,in
3440 2761 3628 2824 quan-

1979 2840 2103 2893 tum
2125 2829 2484 2913 corrumpit?
2514 2850 2708 2912 neque
2749 2830 2911 2894 enim
2939 2831 3210 2911 ejusdem
3243 2839 3303 2894 et
3332 2832 3514 2894 unius
3541 2831 3633 2894 rei

1984 2919 2170 2981 virtus
2187 2920 2360 2982 unica
2374 2919 2706 2982 secundum
2730 2920 2888 2983 idem
2914 2929 2973 2983 et
2988 2920 3292 3001 corruptio
3315 2928 3405 2983 est
3433 2926 3492 2983 et
3523 2940 3631 3001 ge-

1980 3009 2398 3091 neratio;quod
2421 3010 2628 3088 utique
2651 3010 3018 3090 contingit,si
3041 3009 3464 3087 concedamus,
3511 3030 3634 3073 ma-

1981 3098 2105 3162 lum
2128 3118 2265 3162 esse
2286 3099 2562 3161 virtutem
2588 3118 2719 3182 quae
2745 3098 3078 3162 secundum
3117 3118 3183 3162 se
3215 3118 3337 3162 non
3366 3118 3638 3163 corrum-

1985 3197 2221 3269 pat,per
2242 3187 2528 3250 accidens
2548 3196 2750 3250 autem
2772 3195 2831 3251 et
2852 3187 3301 3269 generationem
3330 3189 3633 3253 exhibeat.

1984 3275 2297 3351 Quomodo
2315 3277 2472 3339 enim
2493 3287 2690 3339 motus
2712 3277 3159 3340 contrarion
3177 3296 3295 3340 una
3306 3278 3641 3360 eademque

232 3370 453 3441 ψασθαι·
507 3369 596 3426 καὶ
654 3372 744 3426 τὸν
801 3368 1132 3449 κυϐερνήτην
1162 3370 1239 3448 μτὶ
1277 3371 1441 3434 μόνον
1498 3372 1737 3449 παρόντα
1796 3375 1891 3441 τῆς

1982 3370 2074 3429 vis
2099 3368 2242 3431 erit?
2270 3385 2404 3429 nam
2433 3367 2485 3430 si
2509 3366 2689 3430 etiam
2708 3366 2977 3430 medicus
3002 3367 3238 3431 dicatur
3260 3366 3482 3431 habere
3518 3368 3639 3430 vim

230 3457 511 3532 σωτηρίας
542 3459 639 3525 τῆς
690 3460 824 3524 νεὼς
878 3459 1191 3535 αἰτιώμεθα,
1241 3459 1380 3517 ἀλλὰ
1424 3461 1513 3516 καὶ
1556 3459 1765 3518 ἄπόντα
1795 3466 1891 3528 τῆς

1985 3458 2257 3533 sanandi,
2290 3464 2349 3518 et
2384 3456 2608 3519 habere
2624 3459 2738 3518 vim
2774 3456 3050 3519 morbum
3083 3456 3458 3530 conferendi,
3492 3458 3641 3521 illud

229 3543 531 3611 ἀπωλείας.
594 3539 679 3606 ”Ο
729 3550 831 3628 γὰρ
875 3551 1044 3628 παρὸν
1109 3549 1398 3623 αἰτιώμεθα
1437 3547 1614 3623 τοῦδε,
1677 3550 1891 3631 φησὶνὸ

1985 3546 2227 3627 quidem
2254 3564 2361 3628 per
2383 3547 2594 3627 se,hoc
2617 3554 2822 3609 autem
2847 3564 2957 3627 per
2977 3545 3639 3628 accidens,propterab-

229 3633 636 3712 ’Λριοτοτέλης,
671 3647 826 3697 τοῦτο
860 3641 946 3695 καὶ
975 3638 1112 3695 ἀπὸν
1144 3637 1434 3713 αἰτιώμεθα
1477 3644 1572 3696 τοῦ
1627 3641 1890 3705 ἔδαντίου.

1981 3636 2232 3697 sentiam
2253 3636 2344 3698 vel
2371 3635 2956 3712 inadvertentiam;et
2984 3634 3380 3716 gubernatori
3400 3654 3520 3697 non
3549 3654 3643 3699 so-

232 3725 403 3783 Ἀλλὰ
435 3728 836 3807 προϋπόκειται,
879 3726 961 3785 ὅτι
1005 3725 1225 3803 δύναμις
1258 3729 1334 3793 τίς
1402 3750 1546 3785 εστιν
1575 3727 1630 3786 ἐν
1659 3730 1891 3805 τούτοις,

1980 3724 2101 3786 lum
2163 3724 2440 3806 praesenti
2490 3725 2744 3788 salutem
2795 3723 2960 3786 navis
3005 3723 3383 3799 ascribimus,
3433 3743 3640 3788 verum

230 3815 288 3871 ἐν
315 3816 503 3889 ἒκείνῳ
546 3817 644 3891 μὲν
699 3827 793 3877 τοῦ
849 3819 1088 3895 ὑγιάσαι,
1145 3818 1200 3874 ἐν
1250 3818 1422 3891 τούτῳ
1481 3816 1537 3874 δὲ
1566 3826 1662 3877 τοῦ
1694 3825 1890 3901 σῶσαι,

1979 3815 2154 3876 etiam
2206 3814 2436 3878 absenti
2480 3814 2904 3895 perditionem.
2939 3812 3107 3886 Quod
3162 3813 3323 3876 enim
3370 3832 3641 3896 praesens

229 3907 452 3974 ἧστινος
494 3909 531 3976 ἡ
564 3907 790 3965 ἂπουσία
841 3905 1090 3965 τάναντία
1139 3907 1399 3988 παρέχει⁶
1455 3910 1546 3965 καὶ
1615 3909 1731 3967 καθ’
1765 3911 1891 3968 αὐτὸ

1981 3903 2163 3984 hujus
2179 3922 2418 3965 causam
2440 3904 2718 3984 dicimus,
2746 3903 2941 3985 inquit
2959 3902 3335 3980 Aristoteles,
3367 3904 3427 3966 id
3459 3904 3639 3968 etiam

231 3996 334 4070 μὲν
377 3998 443 4052 τὲ
500 3994 618 4054 καθ’
651 3995 753 4063 ἕξιν
784 3999 1048 4077 γίνονται,
1079 3997 1145 4054 τὰ
1174 3995 1229 4053 δὲ
1258 3998 1397 4054 κατὰ
1454 3996 1704 4075 στέρησιν
1755 4000 1891 4056 κατᾶ

1982 3993 2201 4054 absens
2215 3993 2496 4055 contrarii
2512 4011 2754 4055 causam
2782 3994 3132 4058 asserimus.
3152 3992 3269 4057 Sed
3291 4010 3639 4076 prwsuppo-

231 4081 593 4163 συμϐεϐῃκός⁸
628 4084 806 4143 ἐκεῖσε
850 4084 905 4143 δὲ
935 4086 970 4154 ἡ
1017 4088 1115 4162 μὲν
1171 4087 1416 4157 στέρησις
1481 4089 1542 4146 τὸ
1602 4088 1722 4146 καθ’
1766 4088 1891 4146 αὒτὸ

1985 4082 2219 4144 niturin
2245 4083 2337 4145 his
2358 4082 2443 4144 vis
2463 4083 2684 4163 aliqua,
2732 4083 2791 4144 in
2839 4083 2943 4145 illo
2970 4083 3213 4163 quidem
3257 4084 3533 4166 curandi,
3578 4083 3641 4146 in

232 4173 382 4255 ἔχει,
435 4178 464 4242 ἡ
495 4176 549 4231 δὲ
579 4176 689 4242 ἕξις
722 4178 782 4233 τὸ
839 4178 977 4234 κατὰ
1027 4174 1389 4251 συμϐεϐηκός.
1425 4178 1510 4244 Τίς
1544 4178 1633 4235 οὖν
1666 4180 1700 4247 ἡ
1730 4175 1891 4236 δύνα-

1985 4173 2098 4233 hoc
2116 4182 2312 4234 autem
2342 4171 2822 4253 servandi,cujus
2850 4171 3123 4234 absentia
3153 4173 3453 4235 contraria
3488 4192 3643 4253 pra:-

233 4287 330 4339 μις
384 4265 539 4335 αὕτη,
575 4268 609 4334 ἡ
643 4267 779 4322 κατὰ
839 4266 1087 4341 στέρησιν
1146 4266 1533 4347 συνισταμένη,
1591 4266 1710 4337 ἥτις
1751 4270 1891 4325 εστὶν

1982 4260 2192 4339 stet;ac
2221 4281 2328 4344 per
2348 4280 2414 4324 se
2436 4262 2676 4344 quidem
2701 4261 2801 4323 illa
2824 4263 2974 4323 fiunt
2995 4264 3329 4326 secundum
3345 4262 3640 4344 habitum,

230 4357 291 4408 ἒν
354 4360 431 4427 τῷ
489 4357 630 4429 αὗτῷ
687 4356 774 4411 καὶ
830 4357 965 4435 φορὰ
1014 4356 1103 4412 καὶ
1161 4354 1368 4432 γένεσις
1427 4352 1547 4414 οὐδὲ
1628 4356 1731 4433 γὰρ
1792 4356 1891 4424 τῆς

1982 4351 2107 4414 haec
2138 4371 2277 4415 vero
2329 4351 2658 4415 secundum
2712 4350 3109 4431 privationem
3166 4370 3273 4432 per
3311 4351 3636 4415 accidens:

230 4446 433 4522 φθορᾶς
488 4445 523 4511 ἡ
579 4442 827 4521 στέρησις
888 4444 1095 4522 γένεσίς
1139 4443 1307 4523 ἐστιν,
1368 4441 1492 4499 ἀλλ’
1535 4443 1572 4510 ἦ
1630 4442 1889 4521 γενέσεως

1980 4441 2063 4503 ibi
2095 4451 2291 4504 autem
2325 4442 2573 4524 privatio
2607 4459 2674 4503 se
2707 4439 2885 4503 habet
2942 4459 3050 4523 per
3101 4459 3188 4517 se,
3225 4440 3463 4504 habitus
3493 4458 3636 4504 vero

232 4533 324 4589 καὶ
368 4541 458 4591 τοῦ
501 4533 649 4589 εἶναι
699 4532 948 4611 στέρησις
1005 4534 1192 4614 φθοράν
1243 4530 1361 4589 οὐδὲ
1422 4536 1522 4600 τῆς
1587 4533 1890 4609 στερήσεως

1981 4549 2090 4613 per
2117 4531 2420 4595 accidens.
2446 4531 2728 4604 Quianam
2765 4529 2963 4611 itaque
2995 4531 3120 4593 haec
3142 4531 3228 4592 vis
3257 4531 3497 4612 sit,qum
3542 4548 3638 4593 se-

230 4623 466 4679 ἀπουσία
498 4621 666 4702 εἶδος,
712 4605 831 4678 ἀλλ’
860 4625 896 4691 ἡ
929 4605 1030 4679 τοῦ.
1051 4621 1225 4686 εἴδους
1291 4622 1516 4679 ἀπουσία
1571 4605 1737 4703 φθορᾶ
1806 4625 1891 4682 καὶ

1982 4605 2247 4683 cundum
2281 4620 2678 4701 privationem
2700 4605 3222 4701 subsistat,quzein
3255 4605 3470 4683 eodem
3491 4621 3639 4682 sitet

231 4710 510 4790 στέρησις,
550 4712 647 4768 Διὰ
669 4720 846 4791 τοῦτο,
881 4713 994 4769 ἐπεὶ
1031 4713 1113 4769 καὶ
1145 4713 1206 4768 τὸ
1249 4713 1413 4768 κακὸν
1437 4710 1730 4793 αὒτοφθορά
1759 4712 1895 4792 ἔστι,

232 4803 298 4858 τὸ
346 4799 400 4856 δὲ
462 4801 660 4879 ἀγαθὸν
694 4800 1037 4878 αὖτοδόναμις
1091 4803 1163 4864 εἷς
1228 4801 1454 4880 γένεσιν,
1508 4807 1625 4864 πῶς
1684 4800 1747 4857 ἂν
1802 4801 1896 4870 εἴη

361 4893 376 4915 9
593 4892 604 4908 ⁸
706 4891 721 4913 ν
837 4892 850 4914 Ι
1111 4892 1124 4910 σ
1272 4891 1284 4911 Ι
1568 4889 1584 4911 ν

234 4893 274 4958 ἡ
322 4895 619 4969 αυτοφθορα
669 4889 1038 4968 αυτοδυναμις,
1098 4911 1171 4956 ως
1231 4889 1475 4947 δυνασθαι
1529 4892 1696 4958 αυτὴν
1766 4913 1895 4948 ποι-

232 4992 321 5036 εῖν
364 4999 440 5061 τις
486 4980 638 5038 Ἀλλ’
702 4980 893 5038 εἰδέναι
952 4981 1090 5061 χρὴ,
1158 4980 1239 5036 ὅτι
1285 4978 1399 5036 ἐπεὶ
1457 4981 1519 5036 τὸ
1572 4977 1891 5055 αὖτώιακον,

230 5071 621 5150 αὖτοάμεερον,
669 5072 756 5129 καὶ
815 5068 1198 5143 αὖτοανείδεον,
1233 5071 1319 5126 καὶ
1379 5069 1554 5144 ἐαυτῷ
1601 5072 1767 5127 κακὸν
1798 5070 1895 5128 οὒ-

233 5156 427 5224 σιῶδὲς
472 5160 638 5241 ἐστιν,
672 5161 734 5218 οὔ
791 5161 901 5236 μὴν
947 5159 1110 5240 ἑτέρῳ
1166 5159 1353 5217 κακόν·
1399 5166 1568 5241 Δτοῦτο
1616 5160 1714 5238 γὰρ
1744 5157 1892 5223 εἶδός

226 5249 376 5305 ἐστιν
433 5248 553 5306 οἷον
608 5237 695 5307 καὶ
753 5237 1088 5324 συμϐεϐηκος
1148 5250 1360 5311 κακίας.
1399 5237 1435 5275 ι’
1447 5237 1636 5328 Ωσπεργ
1658 5248 1818 5306 πάλιν
1864 5252 1893 5306 ὁ

232 5340 369 5402 θεὸς
415 5339 761 5419 αὖτόμετρον,
822 5340 909 5396 καὶ
962 5337 1379 5412 αὒτοειδοποιὸν,
1429 5339 1517 5395 καὶ
1569 5338 1894 5416 αὖτοᾶγαθον

230 5428 512 5509 οὐσιῶδες,
571 5434 631 5487 0-3
674 5430 780 5504 μὴν
838 5431 898 5485 το
955 5428 1010 5484 ἐν
1066 5428 1228 5506 ἑτέραν
1285 5429 1503 5506 ἀγαθόν·
1555 5425 1891 5504 κυμϐεὸηκὸς

228 5519 334 5597 γὰρ
365 5526 547 5580 τοῦτο.
589 5521 752 5578 Τοῦτο
811 5519 980 5573 τοίνυν
1041 5520 1102 5574 τὸ
1147 5518 1444 5574 αὒτόκιικον
1493 5517 1609 5576 οὕτε
1653 5518 1736 5584 ὃν,
1775 5516 1892 5574 οὔτε

229 5609 519 5675 ποιητικόν
554 5609 716 5688 ἐστιν,
765 5610 860 5665 οὒκ
888 5607 943 5663 ἐν
986 5608 1201 5683 ὑπάρξει
1237 5608 1336 5664 τινὶ
1370 5608 1631 5686 φαίνεται,
1685 5607 1802 5665 ἀλλ’
1836 5607 1892 5662 ἐν

231 5697 571 5778 παρεισδύσει
627 5700 679 5756 ἐν
742 5706 808 5776 τῇ
868 5707 958 5757 τοι)
1015 5698 1212 5777 ἀγαθοῦ
1270 5700 1539 5777 στερήσει,
1581 5698 1678 5757 Καὶ
1736 5699 1891 5755 τοῦτό

1984 4711 2289 4790 corruptio
2335 4716 2392 4772 et
2424 4709 2759 4789 generatio?
2798 4706 3003 4791 Neque
3046 4709 3208 4772 enim
3237 4708 3640 4791 corruptionis

1985 4800 2230 4879 privatio
2251 4799 2557 4879 generatio
2578 4797 2807 4874 est,sed
2838 4799 3242 4878 generationis
3264 4808 3323 4863 et
3350 4799 3639 4863 exsisten-

1980 4895 2082 4951 tiae
2108 4889 2358 4971 privatio
2384 4888 2687 4970 corruptio
2714 4897 2829 4966 est;
2846 4906 3041 4970 neque
3058 4890 3404 4972 privatiouis
3422 4889 3637 4953 absen-

1984 4978 2063 5039 tia
2086 4979 2277 5043 forma
2300 4977 2525 5055 est,sed
2548 4977 2757 5040 formae
2801 4976 3079 5042 absentia
3120 4979 3423 5061 corruptio
3452 4986 3542 5043 est
3571 4982 3635 5042 et

1983 5068 2637 5149 privatio.Quapropter
2656 5085 2793 5129 cum
2818 5067 2997 5130 etiam
3027 5068 3250 5132 malum
3286 5086 3392 5149 per
3420 5085 3486 5131 se
3508 5084 3637 5129 cor-

1980 5159 2178 5239 ruptio
2201 5158 2532 5240 sit,bonum
2577 5165 2779 5220 autem
2814 5174 2923 5238 per
2948 5175 3016 5221 se
3045 5159 3242 5221 valeat
3272 5158 3344 5220 ad
3377 5174 3631 5238 genera-

1982 5246 2536 5327 tionem,quomodo
2558 5263 2666 5327 per
2686 5265 2750 5307 se
2770 5249 3074 5329 corruptio
3098 5248 3175 5310 sit
3194 5265 3305 5328 per
3324 5265 3389 5309 se
3419 5247 3627 5319 virtus,

1980 5346 2042 5401 ut
2077 5337 2277 5418 possit
2308 5336 2530 5418 aliquid
2561 5336 2788 5400 facere?
2817 5335 2933 5400 Sed
2963 5335 3467 5419 sciendum,quod
3490 5353 3627 5399 cum

1981 5445 2088 5507 per
2138 5447 2206 5489 se
2260 5427 2506 5501 malum,
2544 5445 2652 5507 per
2683 5445 2748 5488 se
2797 5427 3182 5503 immensum,
3244 5445 3350 5509 per
3418 5444 3484 5488 se
3539 5424 3630 5488 in-

1977 5516 2259 5596 forme,et
2277 5536 2340 5577 se
2364 5516 2491 5596 ipso
2515 5513 2919 5579 essentialiter
2942 5517 3166 5579 malum
3180 5517 3405 5590 sit,non
3427 5523 3627 5581 autem

1979 5626 2085 5688 per
2104 5608 2354 5669 alterum
2384 5605 2632 5683 malum;
2658 5606 2770 5668 hoc
2798 5606 2957 5669 enim
2989 5607 3180 5669 forma
3220 5615 3331 5681 est,
3368 5614 3427 5668 et
3456 5607 3623 5684 quasi

1976 5697 2257 5760 accidens
2289 5696 2552 5761 malitiae.
2586 5695 2751 5761 Sicut
2796 5695 3011 5761 iterum
3046 5697 3204 5762 Deus
3234 5714 3343 5779 per
3369 5714 3434 5761 se
3463 5713 3629 5759 men-
