4032 6420
407 319 520 384 791

1580 322 1642 382 S.
1695 319 2036 383 DIONYSII
2088 321 2622 387 AREOPAGITIE.

3676 331 3795 397 792

399 463 582 520 netur
619 474 652 515 a
684 455 842 543 bono
900 451 1144 535 aliquali
1190 452 1325 534 ejus
1383 453 1860 535 participatione.
1927 453 2050 543 Etsi

2137 455 2276 514 ἐστιν
2328 457 2550 539 ἀγαθὸν,
2586 457 2732 534 μένει
2790 458 2980 519 λοιπὸν
3035 460 3089 516 ἑν
3141 461 3283 538 αὗτῷ
3324 486 3374 520 τι
3420 464 3641 543 ἀγαθόν’
3676 466 3796 523 ἀλλ’

402 545 563 608 enim
625 542 1183 626 pusillanimitatem
1233 551 1427 605 autem
1461 543 1772 606 audaciam
1805 542 2048 620 dixeris,

398 635 624 698 habent
654 640 831 696 etiam
863 633 992 696 hzec
1025 631 1361 712 portionem
1403 634 1662 715 aliquam
1721 633 1886 710 boni,
1952 633 2050 695 illa

396 723 643 808 quidem
691 722 1120 806 providentiam
1156 731 1215 784 et
1269 740 1536 786 amorem
1568 724 1729 799 vitae,
1764 724 1890 786 haec
1913 742 2051 786 vero

396 815 813 878 strenuitatem
846 822 906 876 et
931 815 1006 876 ad
1026 813 1288 895 pericula
1315 813 2052 895 promptitudinem.Bono

396 906 559 968 enim
597 923 838 986 prorsus
855 904 1205 966 decedente.
1235 902 1296 964 id
1322 902 1479 985 quod
1501 914 1775 966 remanet
1798 924 1907 966 nec
1930 924 2052 966 om-

2135 550 2223 604 οὖν
2251 548 2304 604 ἐν
2356 554 2424 625 τῇ
2451 548 2708 607 παντελεῖ
2743 549 2966 625 ἀπουσίᾳ
2998 560 3090 610 τοῦ
3147 553 3346 632 ἀγαθοῦ
3374 557 3458 612 καὶ
3503 558 3563 613 10
3595 557 3803 616 τέλειον

2135 639 2222 694 καὶ
2281 639 2342 694 τὸ
2378 637 2562 702 ἀνελὲς
2606 639 2857 722 ἀπέσται,
2908 643 3000 698 καὶ
3050 645 3168 706 πῶς
3219 641 3367 700 ἔσται
3407 651 3564 704 τοῦτο
3619 646 3806 713 ἀτελὲς

2135 727 2358 808 ἀγαθόν,
2396 727 2517 785 τότε
2550 745 2571 803 ;
2615 730 2715 808 γὰρ
2773 731 2935 805 μόνον
2968 732 3256 811 ὀφθήσεται
3285 736 3346 790 τὸ
3397 737 3563 792 κακὸν
3617 736 3806 802 ἀτελὲς

2135 815 2356 895 ἀγαθὸν,
2393 816 2482 874 ὅτε
2531 818 2590 875 οὒ
2621 821 2822 898 γίνεται
2876 821 3147 889 παντελὴς
3180 823 3404 880 ἀπουσία
3433 828 3526 882 τοῦ
3579 826 3806 906 ἀγαθοῦ,

2135 904 2307 963 Ἀλλὰ
2336 906 2402 963 το¹
2440 910 2677 966 τοιοῦτον
2706 922 2826 976 τοῖς
2861 912 2958 986 μὲν
2991 913 3096 968 τῶν
3128 911 3340 991 ἀγαθῶν
3360 915 3433 980 ὡς
3464 904 3638 972 κακὸν
3661 917 3812 974 ἐναν-

398 997 543 1059 nino
574 995 796 1058 bonum
823 996 956 1072 erit,
991 1013 1188 1076 neque
1211 993 1478 1076 mistum,
1513 1013 1709 1076 neque
1737 995 1913 1057 etiam
1949 1015 2055 1076 per

2135 1003 2361 1086 τιοῦταν,
2395 996 2501 1054 τῶν
2563 995 2618 1054 δὲ
2647 1001 2719 1062 ὡς
2776 1000 2974 1078 ἀγαθὸν
3019 1000 3336 1079 ἐξήρτηται·
3374 1003 3651 1084 μάχεσθαι
3709 1009 3812 1086 γὰρ

399 1104 466 1150 se
499 1086 742 1150 malum.
776 1085 902 1147 Duo
947 1083 1128 1164 igitur
1169 1093 1499 1166 percurret.
1552 1085 1860 1159 Quomodo
1890 1086 2049 1147 enim

2135 1084 2190 1141 ἒν
2233 1092 2364 1142 πᾶσι
2395 1087 2461 1142 τὰ
2510 1086 2641 1143 αὗτὰ
2673 1089 2808 1145 κατὰ
2860 1089 2927 1146 τὰ
2960 1091 3091 1147 αὐτὰ
3137 1089 3417 1153 ἀδύνατον.
3457 1098 3565 1154 Οὐκ
3621 1094 3722 1174 ἔρα
3751 1084 3812 1154 ὃν

398 1179 642 1240 omnino
673 1176 787 1239 erit
815 1174 1061 1256 bonum,
1097 1193 1130 1236 a
1160 1193 1277 1255 quo
1322 1174 1582 1237 decessit
1635 1174 2048 1236 omnimodum

2137 1172 2196 1230 τὸ
2242 1175 2541 1232 αὒτόκακον
2555 1223 2566 1234 .

397 1265 621 1330 bonum
642 1265 673 1328 ?
703 1264 1001 1347 quomodo
1026 1282 1165 1328 vero
1190 1264 1402 1326 iterum
1438 1283 1545 1344 per
1569 1283 1632 1326 se
1652 1267 1870 1327 malum
1895 1271 2030 1336 erit,
2052 1281 2190 1325 cum
2223 1269 2422 1325 omnia
2447 1283 2584 1345 quae
2618 1273 2759 1326 sunt
2783 1265 3008 1329 bonum
3037 1270 3437 1352 participent?
3468 1273 3582 1336 hoc
3603 1282 3806 1336 autem

399 1357 743 1420 omnimode
791 1355 958 1417 abest
989 1372 1024 1416 a
1049 1353 1234 1418 bono.
1283 1354 1450 1428 Quod
1483 1373 1619 1417 vero
1652 1373 1848 1436 neque
1882 1355 2125 1415 mistum
2155 1353 2297 1434 quid
2327 1353 2638 1417 residuum
2672 1355 2785 1417 erit
2840 1355 2902 1418 in
2940 1359 3297 1422 omnimoda
3328 1361 3477 1424 boni
3511 1363 3807 1436 absentia,

394 1445 655 1508 ostendit
687 1445 774 1508 sic
805 1445 1014 1507 dicens
1049 1464 1062 1504 :
1097 1445 1160 1507 Si
1205 1445 1420 1507 demus
1454 1447 1511 1507 in
1543 1445 1888 1508 omnimoda
1922 1443 2060 1504 boni
2120 1442 2417 1515 absentia,
2455 1445 2677 1506 malum
2707 1446 2864 1526 quod
2900 1458 3172 1510 remanet
3204 1449 3638 1531 imperfectum
3673 1474 3811 1517 esse

395 1536 623 1600 bonum
658 1534 999 1597 manebitin
1025 1535 1152 1614 ipso
1169 1535 1478 1597 residuum
1502 1535 1742 1615 aliquod
1768 1535 2022 1606 bonum;
2055 1535 2222 1614 atqui
2254 1531 2318 1623 in
2344 1533 2704 1623 Aomnimoda
2729 1535 2869 1596 boni
2902 1537 3204 1619 absentia,
3241 1549 3358 1601 tam
3383 1544 3545 1619 quod
3579 1546 3812 1623 perfec-

391 1635 518 1689 tum
542 1645 717 1708 quam
743 1625 899 1706 quod
926 1624 1337 1706 imperfectum
1363 1624 1692 1698 est,aberit,
1719 1623 2017 1706 quomodo
2042 1641 2182 1700 ergo
2207 1620 2322 1684 erit
2342 1621 2457 1683 hoc
2484 1625 2900 1704 imperfectum
2936 1626 3197 1691 bonum?
3221 1638 3362 1692 tunc
3391 1633 3550 1692 enim
3572 1620 3807 1696 tantum

391 1715 705 1798 apparebit
731 1716 948 1777 malum
975 1715 1388 1804 imperfectum
1427 1713 1672 1788 bonum,
1701 1714 1940 1796 quando
1971 1732 2084 1804 non
2112 1719 2201 1773 est
2233 1713 2754 1804 omnimodaboni
2787 1715 3085 1778 absentia.
3114 1719 3230 1780 Sed
3257 1721 3314 1780 id
3341 1723 3497 1800 quod
3528 1734 3620 1784 est
3647 1726 3812 1804 ejus—

391 1805 580 1886 modi,
599 1804 952 1887 quibusdam
978 1805 1218 1885 quidem
1247 1803 1420 1865 bonis
1443 1813 1724 1885 tanquam
1752 1805 1970 1865 malum
1999 1801 2434 1877 adversabitur,
2465 1802 2536 1862 ab
2555 1803 2688 1863 aliis
2706 1812 2902 1866 autem
2943 1816 3225 1889 tanquam
3254 1809 3476 1872 bonum
3505 1801 3813 1879 eximitur;

389 1905 696 1978 nequeunt
717 1894 875 1955 enim
910 1894 1116 1955 eadem
1141 1895 1472 1956 secundum
1501 1895 1712 1955 eadem
1741 1895 1899 1956 inter
1924 1913 1987 1954 se
2015 1893 2072 1952 in
2101 1892 2380 1953 omnibus
2407 1910 2696 1972 pugnare.
2734 1896 2866 1955 Non
2902 1913 2934 1956 e
2954 1915 3058 1976 rgo
3091 1898 3321 1960 exsistit
3340 1919 3450 1977 per
3472 1919 3538 1962 se
3565 1903 3813 1968 malum.

470 1984 679 2066 §XXL
710 1982 869 2057 'Quin
916 2001 990 2046 ne
1041 1983 1283 2064 quidem
1315 1993 1405 2044 est
1436 1984 1495 2044 in
1551 1983 1754 2063 rebus,
1789 1983 1874 2046 uti
1922 1984 2030 2043 de-

2203 1980 2416 2060 §XXI.
2481 1982 2632 2039 Ἀλλ’
2669 1983 2783 2040 οὖδὲ
2816 1986 2869 2040 ἐν
2914 2000 3033 2050 τοϊς
3067 1988 3207 2044 οὖσί-δ
3267 1990 3405 2070 ἐστι,
3441 1994 3626 2056 καθὼς
3672 1995 3814 2048 ἀπο-

395 2073 748 2138 monstrabit
791 2091 896 2153 per
937 2073 1338 2154 syllogismum
1389 2075 1853 2154 hypotheticum,
1899 2075 2039 2134 412

2137 2071 2277 2138 δείξει
2353 2070 2426 2128 δι’
2504 2074 2817 2132 ὑποθετικοῠ
2895 2075 3254 2155 συλλογισμοῦ
3320 2081 3456 2136 κατὰ
3529 2084 3622 2138 τὸν
3688 2082 3812 2139 δια-

391 2164 815 2244 conjunctione
834 2161 1278 2243 disjunctiva.Si
1298 2164 1456 2224 enim
1476 2164 1536 2224 in
1558 2163 1737 2226 rebus
1759 2163 2044 2228 omnibus

2137 2163 2392 2233 ζευκτικὸν
2451 2161 2600 2218 σύνδε
2621 2185 2782 2238 σμον.
2843 2167 2901 2222 Εἰ
2963 2167 3056 2245 γὰρ
3111 2167 3163 2223 ἐν
3215 2175 3344 2224 πᾶσι
3402 2184 3521 2234 τοῖς
3580 2171 3696 2228 οὗσι
3750 2177 3812 2229 τὸ

390 2254 470 2318 sit
511 2253 985 2326 bonum,malum
1022 2252 1108 2314 vel
1141 2252 1200 2313 in
1230 2252 1410 2314 rebus
1444 2272 1563 2314 non
1595 2252 1830 2325 erit,vel
1861 2253 1908 2314 si
1938 2255 2036 2328 sit,

2137 2252 2341 2330 Ξιγαθὸν,
2374 2253 2434 2309 τὸ
2483 2255 2649 2309 κακὸν
2684 2254 2717 2322 ἢ
2754 2254 2808 2310 ἐν
2869 2269 2986 2320 τοῖς
3019 2257 3163 2312 οὖσιν
3195 2260 3288 2315 οὒκ
3352 2258 3523 2332 ἔσται,
3565 2262 3601 2329 ἢ
3635 2262 3694 2317 ὃν
3751 2263 3806 2318 ἐν

393 2363 432 2406 n
467 2343 622 2405 bono
656 2351 763 2423 est;
801 2343 904 2404 sed
932 2343 1046 2404 hoc
1091 2341 1464 2424 impossibile
1485 2353 1576 2405 est
1598 2351 1748 2404 utsit
1778 2345 2032 2417 inbono;

2137 2350 2200 2417 τῷ
2244 2345 2423 2421 ἀγαθῷ
2475 2343 2644 2399 ἐστιν·
2696 2343 2829 2400 ἀλλὰ
2861 2346 2968 2421 μὴν
3027 2355 3182 2404 τοῦτο
3213 2347 3492 2428 ἀδύνατον,
3525 2351 3609 2409 ὅτι
3657 2354 3804 2408 ἐστὶν

389 2451 529 2513 ergo
573 2431 846 2509 sequitur
877 2431 1021 2494 illud
1059 2432 1242 2512 prius,
1279 2434 1434 2514 quod
1468 2452 1586 2496 non
1619 2434 1698 2494 sit
1727 2435 1946 2496 malum
1981 2435 2040 2495 in

2137 2434 2182 2491 iv
2235 2438 2312 2506 τῷ
2344 2432 2547 2511 ἀγαθῷ·
2583 2435 2643 2490 τὸ
2704 2437 2957 2514 πρότερον
2988 2437 3109 2516 ἄρα,
3144 2438 3222 2494 ὅτι
3258 2441 3351 2496 οὐκ
3381 2440 3490 2498 ἔστι
3550 2444 3608 2498 τὸ
3641 2446 3808 2498 κακὸν

386 2523 979 2602 rebusAssumptum
1013 2520 1212 2602 itaque
1270 2522 1582 2584 conﬁrmat
1630 2523 1706 2585 ab
1741 2525 2044 2606 exemplo,

2137 2526 2183 2582 ἓν
2241 2536 2359 2587 τοϊς
2415 2525 2527 2579 οὖσι
2583 2525 2687 2592 Τὴν
2725 2533 2848 2604 γοῦν
2892 2525 3200 2603 πρόσληψιν
3255 2530 3668 2602 κατασκευλάζει
3738 2533 3803 2588 ἐκ

391 2611 634 2674 dicens:
667 2609 872 2692 Neque
903 2610 1143 2673 enimin
1176 2610 1311 2691 igne
1334 2611 1519 2691 frigus
1551 2621 1662 2694 est,
1700 2633 1810 2674 nec
1835 2615 2019 2694 depra

2137 2609 2586 2690 παραδείγματος,
2633 2613 2828 2692 λέγων·
2890 2615 3032 2674 ’Ὅτι
3065 2621 3151 2674 καὶ
3183 2620 3282 2698 γὰρ
3341 2619 3458 2678 οὒδέ
3489 2621 3538 2676 ἐν
3571 2626 3649 2693 τῷ
3677 2621 3809 2692 πυρί

388 2705 542 2765 vatio
565 2702 626 2763 in
653 2720 723 2762 eo
746 2698 906 2783 quod
935 2701 1112 2763 etiam
1140 2701 1362 2764 malum
1394 2703 1615 2765 bonum
1645 2703 2046 2776 reddit.Quod

2137 2703 2192 2758 τὸ
2250 2703 2482 2782 ψυχρὸν,
2517 2702 2637 2759 obde
2695 2705 2758 2760 τὸ
2817 2706 3130 2764 κακύνεσθαι
3186 2708 3241 2765 ἐν
3275 2716 3351 2784 τῷ
3408 2711 3591 2765 καὶτὸ
3643 2713 3813 2766 κακὸν

389 2791 442 2855 si
475 2791 612 2873 erit,
644 2789 943 2874 quomodo
975 2789 1091 2854 erit
1123 2791 1181 2852 in
1215 2791 1327 2853 hoc
1371 2798 1400 2854 ?
1443 2793 1494 2853 si
1526 2791 1770 2872 quidem
1817 2811 1889 2856 ex
1919 2793 2050 2873 ipso

2137 2790 2466 2869 ἂγαθόνονςι.
2531 2794 2588 2850 Εἰ
2646 2794 2747 2873 γὰρ
2805 2793 2978 2870 ἔσται,
3012 2802 3129 2861 πῶς
3171 2797 3320 2854 ἔσται
3375 2797 3430 2854 ἐν
3486 2800 3707 2875 τούτῳς
3767 2799 3810 2856 εἶ

385 2877 830 2965 quodammodo
852 2878 1483 2954 subsistat,absurdum
1506 2881 1569 2942 id
1593 2891 1710 2963 est,
1734 2899 1859 2945 non
1890 2883 2049 2945 enim

2137 2879 2232 2955 μὲν
2279 2883 2353 2944 ὡς
2398 2879 2450 2947 ἐξ
2502 2885 2660 2941 αὐτοῦ
2715 2884 2950 2940 ὑποστὰν
3021 2885 3244 2967 ἄτοπον,
3310 2888 3370 2944 οὒ
3431 2886 3648 2944 δύναται
3709 2891 3809 2967 γὰρ

381 2978 574 3056 potest
595 2969 790 3034 arbor
812 2968 1183 3056 (20130797380108
1195 2969 1438 3048 fructus
1450 2970 2043 3050 facereﬁsecundum

2137 2968 2336 3048 ἀγαθὸν
2391 2967 2598 3049 δένδρον
2655 2974 2891 3051 καρποὺς
2965 2977 3228 3054 πονηροὺς
3287 2990 3490 3052 ποιεῖν,
3553 2977 3692 3034 κατὰ
3743 2981 3807 3034 τὰ

391 3067 599 3124 sancta
627 3055 1187 3147 Evangelia.Neque
1203 3058 1381 3121 etiam
1413 3077 1447 3120 e
1476 3066 1684 3122 contra
1715 3060 1938 3123 bonum
1974 3081 2044 3124 ex

2137 3059 2240 3135 ἱερὰ
2272 3058 2612 3139 ίΕὖαγγέλια.
2644 3061 2774 3120 Οὐδὲ
2821 3063 2925 3140 μὲν
2954 3065 3016 3122 τὸ
3057 3063 3344 3147 ἀνάπαλιν,
3376 3067 3460 3123 ὅτι
3495 3068 3554 3124 τὸ
3603 3066 3802 3146 ἀγαθὸν

395 3150 552 3214 malo
584 3147 987 3230 est,quoniam
1018 3146 1078 3210 id
1108 3146 1405 3210 absonum
1434 3155 1494 3211 et
1523 3149 1898 3231 impossibile
1928 3160 2039 3214 est.

2137 3148 2188 3206 ἱκ
2244 3155 2337 3206 τοῦ
2379 3149 2566 3207 κακοῖν
2611 3157 2768 3210 τοῦτο
2825 3153 2928 3232 γὰρ
2989 3152 3189 3212 ἄτοπον
3234 3146 3337 3213 ιιαΐί
3394 3153 3680 3215 ἀδύνατον.
3751 3154 3811 3214 Εἴ

387 3239 492 3304 Sin
523 3246 720 3301 autem
752 3256 871 3328 non
900 3256 971 3300 ex
1001 3237 1231 3328 ipso,ex
1262 3237 1376 3301 alia
1404 3237 1669 3320 profecto
1703 3259 1879 3303 causa
1910 3241 2045 3304 sub-

2137 3235 2183 3294 δὲ
2209 3242 2341 3328 et");
2492 3239 2673 3316 αὐτοῦ,
2703 3239 2755 3308 ἐξ
2813 3241 2982 3312 ἄλλης
3013 3243 3258 3311 δηλονότι
3292 3246 3459 3312 αἰτίας
3494 3247 3800 3328 ὂφίσταται,

393 3331 650 3411 sistet,et
680 3346 824 3390 ecce
839 3327 960 3390 duo
991 3327 1287 3409 principia
1321 3336 1380 3390 et
1407 3330 1808 3394 causae.Nulla
1839 3341 2040 3393 autem

2137 3325 2223 3382 καὶ
2255 3324 2363 3386 ἰδοὺ
2394 3327 2481 3386 δύο
2528 3329 2694 3412 ἀρχαὶ
2725 3332 2813 3388 καὶ
2848 3331 3030 3394 αἰτίαι.
3075 3337 3227 3393 Πᾶσα
3271 3333 3327 3391 δὲ
3365 3333 3489 3402 δυὰς
3535 3324 3632 3395 οὐκ
3662 3324 3809 3394 ἔστιν

392 3417 646 3481 dualitas
660 3416 1002 3500 principiat,
1033 3416 1139 3480 sed
1174 3417 1371 3480 unitas
1402 3437 1639 3500 quoque
1667 3421 1784 3482 erit
1815 3421 2042 3502 princi-

2137 3416 2300 3505 ᾇρχή⁶
2347 3420 2382 3486 ἡ
2408 3420 2579 3494 μονὰς
2611 3422 2712 3499 γὰρ
2745 3419 2895 3478 ἔσται
2925 3423 3022 3480 καῖ
3064 3426 3161 3492 τῆς
3193 3423 3376 3490 δυάδος
3419 3426 3592 3505 ἀρχά.
3630 3425 3813 3484 Ταῦτα

396 3507 562 3589 pium
595 3505 1065 3572 dualitatisﬂaec
1092 3514 1292 3570 autem
1308 3506 1811 3572 omniadicuntur
1839 3518 2047 3573 contra

2137 3504 2184 3562 δὲ
2213 3506 2384 3563 πάντα
2448 3510 2587 3568 κατά
2617 3512 2936 3592 Μανιχαίων
2989 3512 3259 3594 λέγονται,
3294 3514 3412 3572 ἐπεὶ
3458 3518 3492 3583 ἡ
3518 3504 3650 3578 δυάς
3710 3518 3807 3572 οὒγ

387 3597 774 3672 Manichaeos,
809 3596 950 3678 quia
986 3595 1261 3686 dualitas
1305 3616 1424 3659 non
1469 3598 1811 3679 principiat,
1847 3602 2044 3662 unitas

2137 3595 2301 3676 ὶρχὴ,
2336 3599 2502 3672 μονάς
2557 3598 2611 3656 δὲ
2641 3601 2820 3671 πάσης
2854 3598 3037 3671 δυάδος
3064 3605 3235 3686 ἀρχή.
3297 3604 3462 3662 Πάλιν
3493 3606 3697 3663 ἄτοπον
3755 3600 3808 3666 ἐξ

387 3696 586 3751 autem
610 3687 807 3750 omnis
836 3685 1138 3750 dualitatis
1165 3687 1532 3770 principium
1557 3689 2046 3753 exsistit.Rursus

2137 3685 2246 3748 ἑνὸς
2306 3689 2394 3743 καὶ
2421 3695 2517 3746 τοῦ
2551 3693 2710 3750 αὺτοῦ
2739 3690 2828 3749 δύο
2859 3691 3088 3766 ἐναντία,
3121 3685 3184 3752 1i)
3213 3695 3415 3774 ἀγαθὸν
3445 3695 3542 3752 καί
3575 3698 3638 3752 τὸ
3695 3718 3807 3752 κα·-

386 3777 740 3858 absurdum,
773 3793 844 3840 ex
875 3793 996 3838 uno
1023 3785 1082 3838 et
1112 3775 1327 3839 eodem
1351 3777 1469 3839 duo
1493 3779 2045 3850 contraria,bonum

2137 3776 2247 3850 κὸν,
2298 3777 2567 3860 προίἐναι,
2599 3783 2672 3848 ὡς
2723 3781 2958 3841 ἐντεῦθεν
3003 3786 3089 3841 καὶ
3146 3785 3246 3852 τὴν
3290 3785 3466 3865 ἀρχὴν
3526 3786 3672 3842 εἶναι
3730 3787 3810 3862 μὴ

384 3877 445 3932 et
473 3865 1058 3948 malum,proﬁcisci,
1089 3874 1149 3928 et
1178 3867 1544 3948 principium
1577 3887 1694 3930 non
1733 3887 1863 3930 esse
1897 3870 2043 3929 sim-

2137 3864 2334 3943 ἂπλῆν,
2361 3865 2499 3925 ἀλλά
2557 3867 2784 3940 δυοειδῆ·
2816 3881 2911 3930 καὶ
2949 3872 2982 3942 ἣ
3037 3873 3282 3931 ἐναντίαν
3335 3864 3519 3950 ἑαυτῇ,
3553 3877 3686 3932 καθὸ
3744 3877 3812 3934 τά

385 3957 541 4038 plex,
574 3955 681 4018 sed
707 3955 931 4036 duplex
958 3973 974 4031 ;
1003 3955 1238 4038 sibique
1264 3957 1357 4019 vel
1382 3957 1828 4032 contrariari,in
1852 3977 2045 4039 quan-

2137 3955 2342 4012 ὲναντία
2403 3960 2670 4036 προίεταν
2730 3962 2766 4030 ἢ
2856 3961 3252 4039 ἦλλοιωμὲυην,
3317 3965 3389 4027 ὡς
3449 3962 3642 4021 ἄλλοτε
3706 3969 3812 4041 μὲν

385 4056 509 4108 tum
542 4046 841 4108 contraria
867 4045 1265 4128 producit;vel
1298 4046 1702 4122 immutari,ut
1734 4048 1879 4111 alias
1905 4048 2043 4127 qni-

2137 4045 2389 4124 παράγειν
2437 4049 2497 4105 τὸ
2528 4048 2749 4127 ἀγαθὸν,
2781 4050 2973 4109 ἄλλοτε
3003 4051 3057 4108 δὲ
3107 4052 3500 4111 ἀλλοιωθετσαν
3535 4055 3811 4133 παράγειν

386 4134 524 4199 dem
547 4135 1251 4218 producatbonum,alias
1264 4154 1402 4198 vero
1420 4135 1800 4199 immutatum
1827 4138 2042 4217 produ-

2137 4133 2190 4190 τὸ
2221 4137 2405 4198 κακόν.
2444 4139 2500 4195 Εἰ
2531 4138 2617 4195 οὖν
2647 4141 2712 4197 τὸ
2747 4139 2803 4198 ἔν
2822 4141 3021 4198 ἄτοπον
3053 4141 3138 4200 διά
3169 4150 3354 4217 ταῦτα,
3387 4143 3437 4198 τί
3479 4141 3543 4209 δὴ
3575 4143 3694 4200 εἶεν
3747 4143 3812 4199 ἂν

384 4234 479 4289 cat
510 4223 930 4298 malum.Quod
965 4225 1016 4286 si
1042 4225 1132 4287 vel
1181 4245 1366 4288 unum
1410 4226 1735 4288 absurdum
1775 4227 1912 4291 hinc
1943 4246 2042 4289 se-

2137 4225 2182 4280 αἱ
2217 4223 2385 4304 ἀρχαί
2419 4246 2433 4288 :
2486 4229 2577 4284 καὶ
2615 4229 2776 4287 πάλιν
2806 4228 2895 4288 δύο
2940 4232 3150 4289 ἐναντία
3184 4253 3200 4305 ;
3239 4231 3360 4289 ἀλλ’
3421 4230 3645 4290 ἄτοπον·
3679 4232 3818 4290 οὔτε

384 4323 622 4397 quatur,
657 4315 813 4397 quod
842 4313 1078 4396 utrique
1109 4324 1285 4378 erunt
1318 4315 1446 4397 ipsa
1470 4317 1792 4397 principia?
1814 4334 1886 4377 an
1920 4335 2050 4378 rur-

2137 4312 2234 4391 γάρ
2292 4314 2346 4369 ἰν
2375 4313 2638 4387 ἀλλήλαις
2671 4319 2818 4376 εἶναι
2870 4321 3064 4386 ταύτας
3097 4322 3262 4394 εἰκὸς,
3308 4321 3425 4379 οὔτε
3457 4321 3565 4396 μην
3613 4344 3814 4401 μαχο-

385 4423 488 4468 sua
517 4405 634 4468 duo
666 4404 968 4467 contraria
999 4410 1027 4468 ἰ’
1065 4405 1171 4466 sed
1233 4404 1294 4466 id
1323 4405 1644 4469 absurdum
1681 4415 1770 4469 est
1802 4427 1816 4466 :
1855 4424 2052 4487 neque

2137 4401 2295 4476 μένας
2327 4403 2615 4475 ἀλλήλαιςο
2663 4407 2757 4465 καί
2809 4410 2908 4489 γάρ
2939 4409 3083 4468 ἔσται
3135 4410 3231 4466 καὶ
3265 4413 3293 4467 ὁ
3349 4412 3477 4473 Θεὸς
3507 4413 3604 4467 οὐκ
3644 4413 3810 4480 ἀπή-

383 4493 550 4558 enim
575 4493 912 4556 sibimutuo
935 4498 1135 4559 inesse
1154 4505 1424 4576 possunt,
1452 4495 1774 4577 nequesibi
1799 4496 2048 4556 invicem

2137 4514 2278 4581 μων,
2311 4495 2399 4550 καὶ
2430 4499 2525 4554 οὐκ
2555 4495 2709 4563 ἐκτὸς
2740 4500 2990 4578 ἐπηρείας
3023 4501 3110 4556 καὶ
3142 4499 3508 4581 ἒνοχλησεως.
3552 4498 3812 4558 ’Ἔπειτα

383 4601 885 4665 repugnareznam
899 4585 988 4646 sic
1019 4601 1097 4646 ne
1114 4583 1272 4647 Deus
1300 4583 1542 4666 quidem
1575 4588 1703 4667 ipse
1735 4584 2052 4648 incolumis

2137 4580 2283 4637 ἔσται
2327 4582 2498 4642 πάντα
2529 4584 2730 4644 ἄτακτα
2761 4592 2856 4644 καί
2890 4591 3208 4670 μαχόμενα,
3236 4580 3306 4646 τά
3357 4589 3455 4664 μὲν
3490 4589 3592 4646 ὑπὸ
3620 4597 3807 4664 τοῦτο,

386 4671 678 4774 erit,etab
717 4672 938 4776 insultu
970 4673 1363 4776 molestiaque
1395 4672 1814 4776 liber.Dei_nde
1840 4679 2051 4776 cuncta

2137 4671 2200 4726 τά
2251 4669 2305 4726 δὲ
2335 4673 2436 4729 ὑπὸ
2493 4682 2647 4733 τοῦτο
2697 4675 2846 4735 ὄντα·
2893 4677 3030 4736 ἄλλά
3079 4669 3235 4736 τοῦτο
3291 4677 3567 4754 ἀδύνατον,
3624 4679 3810 4759 φιλίας

386 4766 568 4826 erunt
597 4760 936 4826 inordinata
973 4760 1440 4844 pugnantiaque,
1475 4781 1612 4826 cum
1659 4762 1776 4824 alia
1805 4762 2048 4842 quidem

2137 4759 2235 4846 γάρ
2279 4762 2340 4816 τὸ
2397 4761 2591 4840 ἀγαθὸν
2643 4764 2980 4843 μεταδίδωσι,
3043 4767 3136 4824 Ααῖ
3195 4768 3516 4846 αὒτοειρήνη
3580 4769 3608 4824 ὁ
3672 4771 3810 4833 Θεὸς

372 4851 501 4934 sub
525 4852 661 4928 hoc,
697 4851 812 4915 alia
839 4869 980 4914 vero
1004 4851 1118 4915 sub
1149 4853 1264 4914 isto
1291 4853 1606 4916 exsistant:
1642 4852 1749 4915 sed
1778 4851 1893 4914 hoc
1923 4853 2050 4914 ﬁeri

2137 4845 2406 4922 ὕμνετταιο
2465 4852 2545 4909 διὸ
2603 4857 2692 4911 καὶ
2743 4857 2914 4913 πάντα
2943 4856 3007 4913 τά
3063 4857 3230 4936 ἀγαθά
3262 4845 3546 4932 ἐναρμόνια
3593 4855 3692 4937 (ὥς
3740 4864 3811 4914 11'

387 4942 906 5026 nequit,quoniam
923 4941 1144 5005 bonum
1166 4943 1490 5006 amicitiam
1511 4943 1879 5021 conciliat,et
1897 4944 2051 5003 Deus

2137 4939 2272 4996 κακά
2309 4940 2659 5000 σκεδαστικάο
2695 4947 2862 5002 καλὸν
2917 4947 3018 5026 γάρ
3070 4945 3175 5003 dmi:
3230 4953 3320 5005 τοῦ
3371 4946 3522 5027 χάζω
3551 4948 3614 5006 τὸ
3664 4949 3803 5004 ὓπο-

390 5051 502 5114 pax
545 5031 675 5113 ipsa
727 5031 1109 5110 celebratur;
1141 5032 1369 5095 idcirco
1432 5035 1611 5096 etiam
1663 5031 1862 5094 omnia
1897 5031 2052 5093 bona

2137 5033 2302 5107 χωρῶ
2339 5029 2605 5110 λέγεταιο)
2653 5036 2747 5091 καὶ
2779 5041 2904 5109 μιᾶς
2935 5042 3077 5106 ζωῆς
3107 5041 3207 5103 τῆς
3236 5035 3379 5099 θείας
3433 5033 3627 5113 ἔκγονά
3660 5035 3799 5116 ἐστι,

389 5140 669 5205 conona
684 5130 824 5184 sunt
852 5122 1034 5205 (sicut
1067 5122 1217 5184 mala
1251 5123 1492 5205 pariunt
1522 5123 2052 5205 divisionemmam

2140 5117 2230 5174 καὶ
2287 5118 2419 5190 πρὸς
2451 5121 2507 5177 ’ἐν
2555 5123 2780 5180 τείνουσι
2809 5125 2872 5180 τὸ
2930 5124 3151 5202 ἀγαθόν,
3187 5124 3373 5182 ’Ὥστε
3402 5122 3518 5199 οὔτε
3549 5123 3603 5181 ἐν
3663 5131 3803 5200 Θεῷ,

388 5206 580 5266 κακὸν.
616 5203 674 5264 id
707 5212 798 5265 est
823 5203 1109 5284 vitium,a
1127 5203 1370 5286 χαζὼ,ἰι1
1394 5215 1489 5267 est
1513 5205 1796 5286 oito,sive
1817 5203 2054 5279 recedo,

391 5310 612 5355 nomen
635 5291 834 5365 habet)
857 5300 1003 5356 etex
1029 5313 1147 5356 una
1175 5293 1292 5356 vita
1324 5293 1528 5356 divina
1553 5299 1869 5376 propagata
1892 5302 2054 5372 sunt,

391 5389 451 5445 et
479 5383 557 5445 ad
596 5401 778 5445 unum
812 5382 1466 5448 bonumtendunt.Non
1492 5384 1672 5464 igitur
1695 5385 1753 5445 in
1788 5383 2056 5461 Deo,nec

393 5472 537 5554 quid
568 5471 864 5545 divinum,
899 5491 1010 5537 nec
1058 5493 1132 5538 ex
1171 5473 1296 5537 Deo
1332 5474 1556 5536 malum
1596 5484 1691 5536 est
1725 5493 1741 5552 ;
1778 5471 1864 5533 vel
1893 5471 2052 5533 enim

388 5579 509 5624 non
538 5561 731 5625 bonus
752 5563 906 5626 etsic
937 5581 1008 5627 ex
1039 5562 1173 5646 ipso
1205 5563 1427 5627 malum
1454 5572 1546 5628 est
1574 5563 1706 5639 ;ve|
1739 5564 1894 5625 bona
1916 5560 2055 5623 facit

480 5741 506 5772 α
532 5722 740 5790 Matth.
783 5739 888 5802 vn,
931 5725 1036 5792 18.

2140 5205 2258 5262 οὔτε
2317 5205 2516 5291 ἔνθεον,
2549 5209 2668 5268 οὔτε
2721 5211 2783 5268 ἐκ
2814 5220 2946 5270 Θεοῦ
2978 5215 3040 5269 τὸ
3089 5214 3280 5270 κακόνο
3312 5213 3348 5283 ἢ
3379 5214 3480 5294 γάρ
3507 5213 3605 5270 οὒκ
3665 5213 3808 5292 ἄγα-

2138 5296 2228 5358 Θδς
2266 5294 2376 5377 (καὶ
2437 5298 2606 5365 οὕτως
2655 5300 2706 5367 ἐξ
2756 5301 2957 5360 ἐκεινου
2989 5302 3097 5360 ἐστῖ
3155 5304 3216 5359 τὸ
3262 5302 3476 5382 mmet),
3511 5303 3547 5371 ἢ
3603 5306 3807 5382 ἀγαθο-

2137 5399 2307 5460 ποιετ,
2342 5389 2437 5445 καὶ
2487 5393 2583 5449 οὐκ.
2639 5390 2700 5448 ἐκ
2757 5393 2942 5449 τούτου
3000 5393 3163 5452 ἐστίν.
3200 5392 3328 5451 Οὒδξ
3382 5392 3482 5471 γάρ
3513 5394 3648 5450 ποτὲ
3709 5393 3807 5469 μὲν

2139 5473 2332 5554 ἀγαθὸν
2390 5478 2636 5558 παράξει,
2670 5482 2800 5538 ποτὲ
2862 5480 2918 5538 δὲ
2949 5483 3137 5540 κακόν·
3192 5481 3475 5540 ἀλλοίωσιν
3534 5483 3637 5562 γάρ
3683 5485 3807 5541 πεί-

2139 5584 2310 5640 σεται,
2343 5569 2430 5624 καὶ
2487 5568 2648 5628 ταῦτο
2679 5573 2805 5650 περὶ
2864 5572 2991 5631 αὔτὸ
3020 5573 3082 5629 τὸ
3133 5570 3428 5648 θειότατον,
3455 5571 3556 5638 τὴν
3608 5573 3804 5632 αἰτίαν.
