4032 6434
408 360 531 434 795

1574 380 1651 446 S.’
1715 381 2071 451 DIONYSII
2138 382 2647 454 AREOPAGITE

3687 391 3808 465 796

489 516 520 599 §
548 515 761 613 XXIII.
791 517 1020 613 Deinde
1077 520 1351 588 dividens
1380 524 1477 589 hic
1508 536 1769 604 sanctus,
1800 529 2015 612 quaerit
2045 552 2049 593 :

2227 521 2503 604 SXXIH.
2566 517 2808 586 ’Ἔπειτα
2865 525 3079 609 διαιρῶν
3114 530 3321 611 ὃᾶγιος
3377 531 3572 613 ἐρωτᾷ·
3636 538 3804 595 Κακοῖ

411 606 475 671 Si
507 610 647 671 mali
671 610 1037 686 sunt,sibine
1060 614 1198 676 mali
1237 623 1395 692 sunt,
1429 635 1504 679 an
1535 618 1668 682 aliis
1696 619 1799 683 ?Si
1819 606 2058 696 sibi,se-

411 700 776 781 quitur,illos
799 720 863 764 se
885 703 1048 784 ipsos
1073 705 1416 770 interimere
1432 707 1596 789 (nam
1620 710 1838 774 malum
1863 712 2064 773 interi-

414 789 615 853 mendi
638 792 755 853 vim
788 792 1017 874 habet);
1050 810 1257 858 verum
1292 815 1410 859 non
1433 797 1515 861 ita
1532 816 1597 861 se
1619 817 1716 861 res
1747 800 2064 865 babet.Sin

413 878 822 962 aliis(rursum
836 883 1194 964 distinguit.)
1209 886 1365 961 Quid
1383 887 2026 953 interimuntI’Substan
2046 922 2060 934 -

415 969 642 1034 tiamne
662 976 773 1035 ?an
798 975 1118 1053 potentiam
1143 984 1200 1038 et
1218 978 1513 1041 actionem
1538 977 1743 1052 ?(talis
1772 978 2060 1042 differen—

417 1062 495 1124 tia
522 1071 611 1123 est
639 1064 790 1124 inter
805 1066 1124 1145 potentiam
1154 1075 1210 1128 et
1229 1068 1548 1144 actionem,
1573 1068 1766 1149 qualis
1792 1077 1883 1132 est
1906 1070 2060 1133 inter

412 1151 677 1214 habitum
712 1162 769 1215 et
797 1157 1202 1232 operationem
1226 1176 1293 1219 ex
1327 1156 1566 1235 habitu;
1599 1178 1652 1223 ν.
1678 1179 1736 1239 g.
1764 1159 2053 1240 potentia,

411 1240 561 1321 ignis
593 1251 681 1303 est
707 1242 1069 1326 calefactiva,
1103 1248 1255 1308 actio
1277 1256 1473 1310 autem
1504 1255 1593 1310 est
1613 1247 1917 1311 calefactio
1939 1250 2055 1312 ali-

417 1334 637 1413 cujus.)
658 1331 717 1398 Si
745 1333 942 1413 itaque
971 1334 1364 1398 substantiam
1399 1338 1773 1412 interimunt,
1800 1339 2057 1420 primum

413 1425 1170 1507 quidem.quandoquidem
1185 1425 1284 1488 illa
1298 1446 1428 1508 quae
1443 1438 1654 1491 natura
1668 1447 1775 1491 sua
1790 1429 2059 1493 incorru-

416 1516 642 1598 ptibilia
669 1526 806 1581 sunt
829 1517 1077 1580 minime
1106 1517 1589 1599 interimunt,sed
1614 1538 1683 1582 ea
1699 1538 1836 1599 quas
1850 1530 2061 1586 natura

413 1627 519 1670 sua
532 1606 943 1689 corruptibilia
954 1606 1408 1688 exsistunt,quaa
1421 1607 1593 1670 etiam
1604 1609 1733 1671 sine
1748 1609 1864 1672 illis
1879 1610 2061 1674 debe-

412 1696 1164 1772 bantinterire,nilfaciunt
1180 1706 1385 1758 contra
1411 1699 1819 1778 naturam,sed
1843 1718 2060 1763 secun-

408 1786 549 1849 dum
564 1795 832 1849 naturam
848 1785 1312 1849 rerum.Deinde
1326 1804 1463 1848 vero
1479 1805 1673 1868 neque
1688 1790 1801 1852 hoc
1815 1791 2063 1853 omnino

2145 613 2317 686 ὄντες,
2351 615 2561 682 ἐαύτοϊς
2592 618 2691 675 εἱσι
2740 620 2918 691 κακοὶ,
2952 620 2989 687 ἦ
3024 618 3248 698 ἑτέροις
3297 624 3355 680 Εἰ
3407 624 3507 699 μὲν
3553 626 3801 702 ἑαυτοῖς,

2145 701 2328 794 ἕπεται
2358 706 2420 763 τὸ
2447 707 2673 794 ,φθείρειν
2731 705 2971 773 ἑαυτούς’
3021 708 3368 789 (φθοροποιὸν
3414 714 3515 794 γὰρ
3574 715 3635 772 τὸ
3698 701 3804 774 καὲ

2145 792 2288 885 κύν’)
2340 793 2456 885 ἀλλ’
2515 793 2623 855 οὐδ’
2668 796 2778 854 ἐστὶ
2806 805 2988 865 τοῦτο,
3022 801 3079 857 Εἰ
3108 796 3155 855 δ’
3184 799 3413 878 ἑτέροις,
3450 792 3639 885 (πάλιν
3669 803 3809 862 διαιο

2142 884 2252 962 ρεῖ)
2302 884 2374 973 ’Τί
2428 886 2751 965 φθείροντες
2810 889 3013 960 obsim;
3075 886 3320 965 Sduzpw;
3417 891 3453 962 ἢ
3507 892 3801 973 ὲνέργειανς

2145 970 2456 1053 (Amineo);
2489 974 2545 1031 δὲ
2585 977 2716 1055 πρὸς
2761 977 2857 1046 τήν
2903 977 3171 1058 ἐνέργειαν
3192 979 3416 1049 τοιαύτη
3451 981 3560 1040 ἐστὶ
3596 970 3805 1062 ⁷διαφθε-

2142 1063 2231 1137 ρὰ,
2264 1065 2336 1127 ὡς
2367 1068 2465 1132 τῆς
2498 1063 2650 1131 ἕξεως
2710 1068 2838 1146 πρὸς
2889 1069 2980 1136 τὴν
3024 1066 3142 1125 καθ’
3194 1067 3298 1135 ἕξιν
3346 1070 3641 1150 ἐνέργειαν
3676 1077 3802 1130 οἷον

2141 1154 2302 1229 πυρὸς
2344 1152 2563 1230 δύναμις
2585 1156 2620 1223 ἡ
2650 1157 3001 1235 θερμαντικὴ,
3042 1157 3282 1237 ἐνέργεια
3312 1156 3390 1235 δὲ,
3428 1159 3517 1218 ὅτε
3548 1163 3801 1239 θερμαί--

2143 1262 2217 1298 νει
2249 1241 2351 1323 τι.)
2390 1246 2443 1301 El
2497 1246 2585 1301 οὗν
2618 1245 2796 1301 οὖσίαν
2835 1247 3120 1326 φθείρουσι,
3165 1246 3376 1326 πρῶτόν
3410 1248 3532 1324 μὲν,
3587 1249 3706 1308 ἐπεὶ
3737 1253 3805 1308 τὰ

2142 1329 2292 1422 τρύσει
2334 1328 2568 1413 ἄφθαρτα
2597 1333 2657 1390 οὗ
2698 1336 3016 1422 φθείρουσιν,
3061 1334 3199 1393 ἀλλὰ
3245 1338 3312 1394 τὰ
3366 1340 3517 1418 φύσει
3570 1343 3800 1422 φθαρτὰ,

2141 1417 2175 1475 ἂ
2203 1421 2291 1476 καὶ
2318 1422 2484 1501 χωρὶς
2528 1423 2726 1479 τούτων
2780 1421 2884 1480 ἔδει
2944 1426 3229 1505 φθαρῆναι,
3269 1426 3330 1483 οὒ
3360 1417 3805 1484 ποιοῦσιντὸίπαξ

2141 1509 2205 1586 ρΞα
2234 1511 2405 1590 φύσιν,
2440 1511 2578 1568 ἀλλᾶ
2608 1514 2667 1569 τὸ
2694 1513 2831 1571 κατὰ
2874 1515 3026 1595 φύσιν
3070 1528 3188 1581 τοϊς
3210 1515 3542 1596 πράγμασιν.
3578 1517 3809 1576 Ἔπειτα

2141 1597 2196 1656 δὲ
2226 1609 2381 1658 τοῦτο
2412 1602 2472 1659 οὒ
2526 1602 2699 1670 πάντη
2747 1604 2912 1661 καλὸν
2967 1602 3066 1678 ἔνι,
3119 1605 3256 1664 κατὰ
3313 1608 3469 1664 τοῦτο
3498 1608 3667 1683 μόνον
3713 1629 3813 1664 κα-

2146 1690 2259 1759 κὸν,
2294 1688 2374 1747 ὅτι
2427 1693 2527 1770 πρὸ
2558 1692 2656 1760 τῆς
2703 1693 3067 1768 νομιζομένης
3108 1694 3250 1773 ὥρας
3303 1697 3502 1775 γίνεται
3532 1698 3567 1765 ἡ
3618 1699 3812 1777 φθορὰ’

2146 1778 2265 1837 οὒδέ
2294 1784 2476 1861 παντὶ,
2526 1780 2637 1837 ἔστι
2690 1783 2789 1862 γὰρ
2846 1784 2936 1839 καί
2991 1805 3097 1841 τισι
3144 1783 3333 1861 καλὸν,
3367 1789 3442 1850 ὡς
3471 1784 3558 1842 ἐπὶ
3586 1789 3811 1866 θηρίων,

409 1877 628 1939 malum
660 1876 882 1949 est,sed
908 1888 1159 1939 eatenus
1180 1877 1374 1940 solum
1397 1883 1488 1938 est
1520 1876 2049 1956 malum,quatenus

2151 1870 2238 1926 ml
2270 1869 2530 1946 ἑρπετῶν,
2563 1873 2649 1928 καὶ
2693 1873 2933 1949 βοτανῶν
2985 1873 3267 1937 ὁλεθπῑων,
3314 1875 3488 1938 Λύσας
3520 1876 3611 1932 οῦν
3640 1878 3816 1933 κατὰ·

401 1968 765 2040 interitus,ut
796 1973 1135 2046 putatur,sit
1165 1978 1302 2029 ante
1334 1975 1604 2047 tempus;
1640 1986 1833 2050 neque
1876 1971 2069 2033 omni-

402 2053 512 2118 bus
535 2055 593 2118 id
626 2056 845 2118 malum
870 2056 1344 2139 est,quibusdam
1362 2056 1525 2118 enim
1551 2056 1608 2118 id
1636 2057 1857 2120 bonum
1880 2068 2067 2142 est,nt

397 2144 626 2208 inferis
662 2157 723 2208 et
751 2146 1131 2228 serpentibus
1158 2156 1214 2208 et
1231 2145 1437 2208 herbis
1460 2145 1674 2210 noxiis.
1723 2148 2063 2229 Cumigitur

396 2234 509 2297 hoc
538 2234 806 2299 solvisset
835 2254 941 2316 per
967 2236 1623 2318 oppositionem,modo
1666 2237 1837 2299 solvit
1867 2239 2046 2301 etiam

399 2342 508 2405 per
537 2325 1066 2409 instantiam,quod
1084 2326 1451 2388 nibileorum
1475 2344 1612 2404 quae
1632 2338 1776 2388 sunt
1797 2328 2049 2391 intereat

399 2412 460 2475 in
491 2422 773 2493 quantum
806 2414 1139 2478 substantia
1169 2416 1369 2491 est,ita
1400 2414 1683 2477 nimirum
1720 2424 1783 2477 ut
1813 2417 2048 2497 penitus

399 2501 707 2566 aboleatur
724 2505 1293 2581 etannihilvtur,serl
1317 2504 1553 2567 defectu
1579 2507 1859 2568 naturalis
1881 2509 2045 2570 ordi-

399 2594 493 2656 nis
513 2594 912 2677 debiliatatur,
929 2605 992 2658 ut
1012 2596 1091 2657 ita
1109 2613 1175 2657 se
1206 2594 1827 2660 habeatlmbecillitas
1852 2606 2050 2659 autem

402 2684 528 2747 haec
558 2702 675 2747 non
700 2693 789 2748 est
815 2688 1074 2765 perfecta
1096 2686 1399 2766 corruptio
1423 2705 1584 2765 ;nam
1607 2685 1655 2747 si
1689 2687 1947 2766 perfecta
1972 2687 2053 2747 fo-

400 2775 640 2850 ret,illis
651 2780 809 2838 circa
825 2794 956 2856 quas
968 2776 1271 2856 corruptio
1290 2786 1561 2838 versatur
1582 2776 2043 2837 intereuntibus.

402 2864 849 2945 etiamtpsamet
870 2866 1169 2948 corruptio
1203 2866 1511 2930 deﬁceret.
1546 2869 1753 2948 Itaque
1794 2864 2052 2928 defectio

401 2953 630 3017 ordinis
643 2974 762 3016 non
775 2956 994 3018 esttale
1009 2954 1381 3027 malum,sive
1395 2956 1637 3018 omnino
1654 2956 1871 3016 malum
1896 2956 2054 3036 quod

404 3048 464 3104 in
499 3042 681 3108 rebus
703 3065 824 3107 non
851 3045 1218 3120 exsistit,sed
1252 3045 1548 3108 deﬁniens
1579 3045 2052 3108 bonum.Ea:lem

401 3153 637 3216 quoque
666 3136 817 3196 ratio
848 3143 938 3197 est
967 3134 1041 3197 de
1077 3135 1337 3214 potentia
1368 3144 1426 3198 et
1464 3141 1695 3197 actione
1733 3155 1749 3209 ;
1797 3134 1846 3197 si
1891 3135 2052 3195 enim

403 3223 678 3287 interiret
701 3224 1316 3314 omninosubjectum
1352 3226 1633 3302 potentia;
1663 3234 1721 3287 et
1768 3224 2046 3300 actionis,
2070 3264 2109 3314 ε

330 3327 335 3332 ’
403 3331 521 3375 non
553 3314 741 3375 solum
780 3333 896 3376 non
951 3312 1079 3394 ipsa
1110 3314 1372 3394 potentia
1417 3322 1475 3377 et
1497 3315 1650 3376 actio
1692 3314 1907 3389 t'orent,
1942 3313 2046 3374 sed

401 3420 513 3464 nec
543 3407 668 3484 ipsa
688 3404 1013 3483 corruptio.
1037 3402 1141 3466 Sin
1171 3402 1501 3483 subjectum
1555 3403 1794 3485 quidem
1844 3420 2045 3464 serva-

397 3499 585 3568 retur,
613 3493 717 3555 sed
753 3493 1013 3575 potentia
1041 3493 1318 3571 actioque
1349 3493 1694 3569 deﬁcerent,
1745 3493 2046 3572 corruptio

396 3581 536 3641 415
568 3583 694 3645 haec
726 3602 843 3645 non
867 3592 1023 3647 esset
1052 3584 1290 3644 omnino
1321 3582 1494 3655 mala,
1529 3594 1592 3643 ut
1621 3601 1753 3663 quae
1785 3601 1899 3643 non
1935 3600 2045 3662 pe-

397 3672 559 3734 nitus
588 3672 983 3747 interimeret,
1037 3673 1142 3735 sed
1173 3672 1358 3735 solam
1393 3674 1714 3752 potentiam
1757 3681 1815 3733 et
1852 3676 2041 3733 actio-

397 3778 558 3823 nem.
573 3760 729 3834 Quin
744 3761 921 3822 etiam
945 3779 1353 3842 saapenumera
1372 3762 1676 3842 corruptio
1709 3762 1929 3824 bonum
1956 3761 2044 3823 fo-

396 3858 653 3923 retgnam
682 3850 733 3913 si
764 3857 1025 3932 potentia
1054 3860 1114 3912 et
1138 3851 1292 3915 actio
1312 3851 1598 3913 bonarum
1621 3869 1822 3913 rerum
1851 3860 2042 3927 erant,

397 3941 700 4020 corruptio
724 3958 927 4003 earum
950 3941 1102 4003 inter
1131 3942 1282 4004 mala
1314 3954 1442 4015 est;
1477 3941 1570 4002 sin
1598 3941 1695 4001 illa
1727 3951 1895 4002 erant
1917 3959 2045 4001 ma-

396 4029 586 4092 larum
618 4047 845 4112 rerum,
876 4040 1001 4094 tum
1046 4030 1347 4113 corruptio
1372 4038 1498 4092 erat
1543 4030 1791 4103 bonum,
1828 4029 2048 4111 quippe

397 4120 601 4182 sinens
630 4118 870 4201 quidem
900 4120 1261 4202 subjectum,
1288 4120 1793 4182 interimensvero
1824 4119 2045 4181 malum

397 4209 662 4272 habitum
691 4219 752 4273 et
778 4216 1000 4274 actum.
1043 4209 1337 4272 Praeterea
1390 4209 1715 4290 daemones,
1751 4216 2045 4289 quatenus

396 4318 464 4360 ex
500 4296 653 4360 bono
686 4301 808 4363 Deo
834 4298 1098 4379 oriundi,
1127 4317 1501 4380 nequaquam
1536 4299 1698 4374 mali,
1736 4309 2040 4360 verumta-

396 4406 533 4452 men
563 4388 612 4450 si
632 4389 764 4471 quis
790 4389 1003 4452 dixerit
1032 4407 1135 4450 eos
1160 4389 1368 4468 malos,
1400 4388 1595 4450 dicam
1628 4397 1687 4451 et
1744 4406 1851 4467 ego
1889 4409 1905 4465 ;
1935 4387 2039 4449 sed

395 4497 515 4541 non
539 4478 599 4540 in
624 4487 905 4559 quantum
940 4479 1054 4541 hoc
1087 4489 1244 4559 sunt,
1279 4478 1384 4540 sed
1434 4486 1727 4559 quatenus
1769 4479 1883 4540 hoc
1923 4497 2041 4539 non

2153 1959 2632 2039 ἀντιπαρέστασιν,
2664 1960 2768 2030 ἤδη
2805 1961 2914 2019 λύει
2949 1965 3036 2020 καὶ
3080 1964 3215 2020 κατᾶ
3275 1962 3541 2038 ἔνστασιν,
3579 1963 3658 2021 ὅτι
3693 1963 3815 2024 οὒδὲ

2146 2070 2200 2105 τι
2232 2071 2335 2105 των
2368 2048 2533 2107 ὄντων
2582 2051 2843 2131 φθείρεται
2899 2054 3030 2109 καθὸ
3088 2054 3260 2126 οὒσῖα,
3322 2052 3487 2131 ἤγουν
3520 2055 3564 2109 εἶ
3594 2053 3657 2111 τό
3689 2078 3804 2131 μη-

2145 2136 2288 2212 δαμῆ
2322 2136 2587 2214 μηδαμῶς
2629 2155 2964 2223 προχωρεῖν·
3000 2140 3137 2199 ἀλλὰ
3186 2144 3253 2220 τῇ
3307 2142 3544 2219 ὶλλείψει
3575 2149 3675 2211 τῆς
3707 2167 3809 2202 x1-

2142 2228 2206 2283 τὰ
2235 2228 2390 2308 φύσιν
2421 2229 2618 2294 τάξεως
2650 2228 2918 2296 ἐξασθενεῖ
2946 2234 3021 2295 εἷς
3080 2234 3140 2288 τὸ
3199 2232 3453 2297 ὡσαύτως
3506 2231 3684 2313 ἔχειν.
3736 2225 3803 2293 Ἦ

2131 2319 2184 2375 δὲ
2216 2321 2454 2378 ἀσθένεια
2508 2324 2601 2380 οὐκ
2657 2322 2768 2380 ἔστι
2801 2324 3068 2392 παντελὴς
3120 2326 3307 2404 φθορὰο
3357 2327 3412 2381 ἐἷ
3444 2326 3545 2405 γὰρ
3584 2348 3785 2383 παντε-

2131 2409 2258 2489 λὴς,
2300 2410 2652 2486 ἀπολομένων
2700 2412 2911 2470 ἐκείνων
2946 2416 3065 2491 περὶ
3096 2413 3130 2471 ἂ
3156 2415 3193 2482 ἦ
3220 2415 3407 2494 φθορὰ,
3438 2417 3527 2472 καὶ
3556 2418 3591 2484 ἡ
3623 2418 3793 2497 φθορὰ
3854 2458 3881 2481 .

2133 2499 2195 2555 ἂν
2224 2499 2573 2564 ἐπιλελοίπει,
2610 2500 2795 2559 ’Ὥστε
2824 2505 2859 2571 ἠ
2891 2501 3134 2579 ἔλλειψις
3166 2509 3265 2573 τῆς
3297 2504 3496 2569 τάξεως
3526 2506 3585 2563 οὗ
3613 2514 3793 2563 τοιοῦ-

2134 2612 2221 2646 τον
2253 2592 2439 2663 κακὸν,
2472 2588 2636 2668 ἤγουν
2686 2592 2959 2658 παντελῶς
3001 2593 3192 2667 κακὸν,
3236 2591 3365 2671 ὅπερ
3404 2593 3457 2649 ἦν
3491 2607 3603 2658 τοῖς
3632 2595 3785 2652 οὖσιν

2134 2681 2228 2735 οὐκ
2275 2676 2439 2757 ἔστιν,
2508 2678 2628 2734 ἀλλ’
2688 2679 2881 2743 ὲλλπὲς
2912 2680 3130 2759 ἀγαθόν.
3190 2685 3353 2747 Οὗτος
3384 2685 3412 2740 ὁ
3451 2681 3603 2762 λόγος
3630 2682 3789 2740 ἔσται

2134 2771 2219 2826 καὶ
2290 2771 2409 2846 περὶ
2479 2776 2577 2838 τῆς
2663 2769 2933 2847 δύναμεως
3011 2774 3100 2829 καὶ
3160 2774 3276 2847 περὶ
3338 2779 3437 2842 τῆς
3493 2775 3788 2854 ἐνεργείαςο

2143 2861 2186 2914 εἰ
2229 2861 2327 2938 γὰρ
2375 2859 2635 2940 ἐφθείρετο
2692 2860 2966 2923 παντελῶς
3032 2865 3091 2918 τὸ
3150 2863 3497 2938 ὑποκείμενον
3551 2863 3608 2921 ἑν
3665 2869 3711 2939 ᾧ
3755 2868 3787 2935 ἡ

2137 2946 2354 3023 δύναμις
2416 2947 2594 3017 οῦδὲ-ἦ
2628 2949 2887 3029 ἐνέργεια,
2946 2952 3023 3027 μὴ
3082 2951 3246 3027 μόνον
3304 2952 3420 3010 οῦδὲ
3479 2952 3518 3021 ἡ
3570 2952 3784 3031 δύναμις

2136 3039 2224 3095 καί
2281 3042 2313 3107 ἡ
2376 3040 2612 3117 ἐνέργεια
2664 3041 2754 3113 ἦν,
2818 3039 2937 3097 ἀλλ’
2988 3040 3104 3098 οὐδὲ
3135 3043 3269 3109 αὐτὴ
3323 3045 3355 3110 ἦ
3386 3044 3576 3123 φθορά.
3627 3046 3682 3101 El
3731 3042 3785 3103 δὲ

2136 3127 2363 3199 ἐσώζετο
2428 3129 2530 3205 μὲν
2584 3131 2645 3185 τὸ
2702 3130 3070 3206 ὑποκείμενον,
3124 3130 3372 3189 ἀπώλετο
3431 3131 3485 3188 δὲ
3536 3135 3573 3200 ἡ
3623 3133 3788 3190 δύνα-

2136 3241 2223 3291 μις
2256 3221 2342 3274 καὶ
2372 3220 2405 3285 ἡ
2438 3218 2695 3298 ἐνέργεια,
2754 3221 2848 3276 οὒκ
2899 3221 2963 3288 ἦν
2999 3220 3273 3284 παντελῶς
3323 3223 3490 3279 κακὸν
3533 3223 3568 3289 ἡ
3593 3222 3787 3302 φθορὰ,

2133 3308 2206 3371 ὡς
2255 3309 2332 3382 μὴ
2403 3306 2680 3372 παντελῶς
2759 3309 3057 3389 φθείρουσα,
3131 3308 3269 3367 ἀλλὰ
3316 3309 3487 3385 μόνῆν
3546 3312 3645 3379 τὴν
3692 3309 3792 3368 δύο

2134 3420 2292 3472 ναμιν
2322 3399 2408 3455 καὶ
2438 3398 2535 3465 τὴν
2564 3397 2850 3477 ἐνέργειαν.
2916 3397 3182 3464 Πολλᾶκις
3229 3397 3284 3456 δὲ
3341 3399 3562 3475 ἔμελλεν
3594 3402 3629 3470 ἡ
3654 3405 3790 3482 φθο-

2132 3487 2197 3565 ρὰ
2227 3487 2368 3544 εἶναι
2421 3489 2508 3545 καὶ
2558 3488 2773 3566 ἀγαθόν·
2824 3489 2867 3544 εἰ
2896 3488 2995 3566 γὰρ
3042 3490 3076 3557 ἡ
3106 3486 3331 3563 δαναμις
3361 3491 3449 3546 καὶ
3479 3488 3514 3558 ἦ
3544 3490 3789 3570 ἐνέργεια

2130 3582 2236 3631 τῶν
2286 3580 2493 3657 αγαθῶι
2542 3578 2701 3652 ἦσαν,
2759 3579 2824 3645 ἢν
2877 3577 2939 3633 ἂν
2977 3580 3151 3659 φθομᾶ
3203 3586 3309 3636 τῶν
3365 3586 3570 3637 κακῶν·
3628 3584 3674 3638 εἷ
3730 3581 3788 3639 δὲ

2126 3668 2308 3725 ἐκεῖνα
2350 3673 2455 3723 τῶν
2502 3674 2680 3723 κακῶν
2712 3667 2871 3747 ἦσαν,
2906 3668 2972 3741 ἧν
3002 3666 3065 3723 ἂν
3108 3670 3142 3737 ἡ
3195 3670 3373 3748 φθομὰ
3430 3668 3652 3749 ἄγαθὸν,
3710 3673 3791 3737 ὡς

2130 3759 2270 3815 ἐῶσα
2302 3756 2400 3831 μὲν
2447 3759 2509 3813 τὸ
2568 3756 2957 3832 ὑποκείμενων,
3020 3757 3297 3835 φθείρουσα
3347 3757 3402 3815 δὲ
3462 3760 3562 3827 τὴν
3608 3765 3789 3831 κακὴν

2128 3846 2232 3913 ἕξιν
2286 3850 2362 3903 ἀεὶ
2391 3847 2487 3914 τὴν
2517 3847 2805 3922 ἐνέργειαν.
2854 3850 2990 3905 Εἶτα
3046 3848 3093 3903 οἱ
3138 3846 3406 3922 δαίμονες,
3455 3850 3529 3913 ὡς
3559 3848 3622 3907 ὲκ
3653 3858 3793 3909 Θεοῦ

2129 3944 2221 3995 τοῦ
2270 3937 2467 4014 ἀγαθοῦ
2512 3935 2816 4014 γεγονότες,
2876 3937 2933 3992 οὗ
2963 3935 3121 3994 κακοί
3178 3934 3317 3993 αλλὰ
3351 3938 3459 4014 μὴν
3488 3936 3639 3996 εἴποι
3670 3962 3781 4016 τις,

2130 4027 2210 4084 ὅτι
2270 4027 2444 4098 κακοὶ,
2497 4029 2645 4106 φημὶ
2705 4024 2878 4104 κὶγώ·
2918 4024 3037 4082 ἀλλ’
3082 4027 3140 4082 οὗ
3169 4031 3298 4082 καθὸ
3329 4032 3428 4084 είσι
3460 4025 3603 4102 τόδε,
3639 4027 3792 4087 ἀλλὰ

2128 4119 2256 4172 καθὸ
2313 4116 2406 4173 οὒκ
2465 4116 2561 4171 εἰσὶ
2609 4112 2753 4193 τόδε,
2785 4112 3028 4183 δηλονότι
3066 4115 3139 4179 ὡς
3199 4114 3566 4184 ἑπλάσθησαν,
3634 4120 3792 4176 Διότι

2129 4206 2489 4286 παρήχθησαν
2546 4205 2633 4261 καὶ
2678 4205 2823 4262 αὐτοὶ
2882 4206 2954 4269 εἰς
3018 4211 3122 4261 πᾶν
3178 4203 3330 4283 ἔργον
3381 4207 3601 4284 ἀγαθόν·
3664 4206 3796 4267 ἀλλ’

2124 4294 2421 4363 ἧσθὲνησαν
2472 4294 2544 4357 εἰς
2604 4295 2662 4350 τὸ
2712 4293 2942 4369 τηρῆσαι
2995 4295 3094 4362 τὴν
3128 4294 3328 4352 ἑαυτῶν
3359 4295 3538 4377 ἀρχὴν
3566 4299 3657 4355 καὶ
3686 4298 3794 4369 τὴν

2125 4388 2254 4442 εἰσιν
2308 4385 2368 4441 τὸ
2399 4383 2543 4441 εἶναι
2580 4384 2931 4463 παραγωγήν
2996 4383 3049 4441 ἐν
3094 4381 3260 4441 οὒδενὶ
3301 4385 3401 4465 γὰρ
3438 4383 3585 4461 ἄλλῳ
3630 4389 3797 4446 κακοί

2125 4478 2277 4550 εἰσιν,
2321 4477 2362 4530 εὶ
2390 4490 2467 4549 μη
2499 4477 2552 4529 ὲν
2584 4478 2651 4550 τῇ
2681 4473 2869 4530 παύσει
2912 4474 3012 4539 τῆς
3065 4471 3224 4539 ἕξεως
3268 4480 3373 4531 τῶν
3425 4473 3660 4557 ἀγαθῶν,
3696 4480 3793 4536 καὶ

392 4578 555 4647 sunt,
581 4586 796 4649 nempe
826 4573 978 4631 sicut
997 4567 1395 4641 eranLcreati.
1424 4567 1717 4642 Quoniam
1751 4568 2038 4648 procreati

2133 4567 2178 4622 iv
2209 4569 2287 4639 τῷ
2315 4563 2394 4640 μὴ
2425 4563 2660 4641 ἐνεργεῖν
2691 4564 2752 4619 τὸ
2808 4563 3025 4641 αγαθόν·
3089 4561 3227 4621 ὥστε
3290 4564 3427 4621 κατὰ
3478 4566 3789 4646 προαίρεσίν

393 4666 532 4719 sunt
560 4664 619 4721 et
647 4657 758 4738 ipsi
788 4657 860 4720 ad
899 4676 1079 4720 omne
1126 4675 1277 4738 opus
1319 4656 1566 4732 bonum,
1600 4656 1707 4719 sed
1758 4657 2037 4719 inﬁrmati

393 4753 554 4827 sunt,
589 4748 743 4828 quod
777 4766 895 4809 non
919 4746 1312 4810 custodierint
1340 4746 1730 4827 principatum
1763 4763 1936 4809 suum
1970 4766 2039 4809 ac

393 4842 607 4898 statum
659 4837 721 4899 in
754 4856 872 4914 quo
926 4837 1111 4899 creati
1170 4846 1338 4899 erant
1367 4845 1409 4900 ἐ
1444 4837 1505 4899 in
1535 4836 1697 4898 nullo
1730 4836 1887 4897 enim
1920 4836 2036 4899 alio

393 4925 531 4987 mali
570 4934 707 4988 sunt
735 4943 909 5006 quam
941 4926 1004 4988 in
1036 4928 1369 4989 cessatione
1393 4926 1630 4988 habitus
1655 4926 2039 5000 bonorum,et

391 5014 548 5095 quod
578 5033 697 5082 non
720 5026 1049 5094 operentur
1078 5016 1408 5097 bonum,ita
1435 5024 1497 5077 ut
1518 5016 1849 5077 secundum
1893 5034 2036 5097 pro-

393 5107 644 5184 positum
672 5104 807 5166 mali
834 5104 973 5184 sint,
1007 5113 1066 5167 et
1095 5124 1214 5167 non
1227 5106 1557 5168 Secundum
1586 5105 2034 5179 naturam;alio—

392 5200 534 5274 quin
566 5197 727 5256 enim
762 5193 1011 5256 fuissent
1041 5213 1277 5276 semper
1310 5194 1470 5258 mali.
1504 5194 1691 5276 Atqui
1720 5206 1929 5258 contra
1946 5195 2034 5259 si-

390 5302 632 5366 semper
657 5283 944 5358 mali,non
985 5284 1123 5345 mali
1150 5302 1165 5360 ;
1202 5282 1361 5346 unde
1392 5283 1956 5368 concluditur,quod
1986 5286 2038 5349 si

389 5374 722 5435 secundum
753 5383 1022 5435 naturam
1059 5373 1369 5454 malisunt,
1400 5392 1517 5434 non
1548 5372 1669 5435 sint
1702 5375 1842 5438 mali
1880 5398 1896 5451 ;
1925 5377 2040 5439 hoc

392 5462 551 5522 enim
575 5460 1125 5524 absonumzmalum
1157 5471 1354 5524 autem
1388 5462 1545 5542 quod
1561 5480 1803 5544 semper
1826 5466 2039 5527 eodem

394 5550 572 5613 modo
602 5568 667 5612 se
700 5550 897 5627 habet,
935 5570 1051 5614 non
1083 5560 1175 5614 est
1210 5552 1454 5633 malum,
1499 5551 1795 5632 siquidem
1829 5554 2040 5618 eodem

469 5710 772 5776 °Jnd.vn

2064 4626 2106 4678 D

2122 4657 2221 4711 εἰσι
2252 4655 2431 4732 καιιοὶ,
2464 4649 2585 4709 ἀλλ’
2617 4652 2677 4708 οὗ
2722 4653 2856 4707 κατὰ
2902 4652 3088 4730 φύσινο
3144 4652 3282 4721 ἦσαν
3336 4654 3438 4732 γὰρ
3470 4652 3532 4711 ἃν
3561 4655 3645 4712 ἀεὶ
3677 4678 3783 4713 κα-

2121 4745 2224 4805 κοί.
2267 4751 2362 4801 Καὶ
2390 4740 2579 4816 πάλιν,
2614 4742 2658 4798 εἰ
2688 4739 2767 4797 ἀεὶ
2797 4742 2976 4820 κακοὶ,
3028 4745 3088 4801 οὗ
3136 4743 3315 4803 κακοί.
3349 4744 3436 4800 καὶ
3468 4745 3784 4826 συνάγεται,

2120 4833 2201 4890 ὅτι
2290 4836 2333 4889 εἱ
2410 4833 2545 4889 κατὰ
2626 4832 2779 4911 φύσιν
2864 4833 3016 4888 κακοὶ
3050 4880 3094 4915 ,Α
3129 4836 3188 4892 οὗ
3275 4836 3454 4891 κακοίο
3548 4832 3786 4893 ἄτακτον

2120 4925 2241 5005 γάρ·
2277 4923 2338 4979 τὸ
2366 4923 2532 4978 xm.
2561 4918 2616 4977 δὲ
2646 4923 2707 4977 τὸ
2737 4919 2817 4977 ἀεὶ
2847 4921 3099 4985 ὡσαύτως
3150 4919 3306 5003 ἕχον,
3366 4925 3426 4981 οὗ
3481 4924 3680 4998 κακὸν,
3719 4926 3782 4982 τὸ

2121 5037 2221 5093 γαρ
2277 5013 2354 5069 ἀεὶ
2422 5012 2625 5085 ταῦτὸν,
2684 5017 2776 5068 τοῦ
2834 5011 3031 5090 ἀγαθοῦ
3088 5009 3245 5069 ἴδιον·
3304 5014 3366 5069 τὸ
3430 5014 3531 5093 γὰρ
3582 5013 3780 5092 ἀγαθον

2121 5101 2500 5182 σύννηρητίκόν
2556 5100 2667 5157 ἐστι
2718 5110 2811 5160 τοῦ
2839 5101 3054 5175 ταύτοῦ,
3087 5099 3268 5180 ὥσπερ
3299 5103 3361 5159 τὸ
3391 5105 3558 5161 κακὸν
3600 5102 3780 5161 διαλυ-

2120 5196 2267 5253 τικόν
2304 5194 2359 5250 Εἰ
2387 5188 2440 5247 δὲ
2484 5190 2580 5249 οὒκ
2609 5190 2688 5248 ἀεὶ
2718 5195 2896 5271 κακοὶ,
2930 5189 3202 5271 (εὕρηνται
3227 5193 3328 5271 γὰρ
3362 5191 3548 5270 ἁγαθοὶ
3595 5215 3780 5273 παρα-

2120 5282 2392 5366 χθέντιςο)
2442 5282 2502 5338 οὒ
2560 5280 2709 5361 φύσει
2767 5280 2944 5360 κακοῖ,
3008 5279 3147 5338 ἀλλὰ
3193 5282 3323 5338 καθό
3381 5283 3480 5339 εἱσι
3522 5282 3616 5339 καὶ
3653 5289 3783 5355 ζῶσι

2120 5375 2209 5431 καὶ
2251 5378 2449 5430 νοοῦσι.
2504 5376 2597 5428 τοῦ
2661 5370 2859 5449 ἀγαθοῦ
2905 5368 3253 5452 μετέχουσιν,
3301 5369 3338 5439 ἦ
3492 5376 3640 5444 ζωῆς
3692 5373 3782 5430 καὶ

2124 5464 2378 5543 ἐφίενται·
2446 5461 2600 5516 καλοὶ
2661 5457 2717 5515 δὲ
2788 5458 3057 5539 λέγονται,
3118 5459 3203 5517 διὰ
3265 5460 3321 5517 τὰ
3374 5460 3618 5517 ἀσθενεῖν
3664 5461 3784 5540 περὶ

2124 5554 2222 5621 τὴν
2252 5550 2388 5609 κατὰ
2418 5556 2571 5634 φύσιν
2628 5547 2918 5631 ἐνέργειαν,
2979 5549 3067 5607 καὶ
3116 5547 3341 5621 ἒκϐἦναι
3397 5555 3501 5609 τῶν
3561 5572 3782 5628 προση-
