4032 6416
241 339 355 408 801

726 337 824 406 DE
871 337 1169 409 DIVINIS
1210 336 1666 424 NOMINIBUS,
1711 342 1875 406 CAP.
1928 339 2031 405 IV.
2083 376 2156 388 -ο
2203 336 2590 403 PARAPHR.
2640 337 3150 402 PACHYMER/E.

3516 331 3634 402 802

237 476 416 554 λείψει
474 478 578 535 τῶν
643 479 851 556 ἀγαθῶν
907 479 1210 553 κακύνεται,
1283 481 1370 535 καὶ
1423 479 1516 535 οὒκ
1573 477 1682 534 ἔστι
1733 478 1888 534 κακὸν

1979 474 2139 553 quod
2173 473 2592 554 imperfectum
2615 483 2708 535 est
2735 492 2852 534 non
2874 471 2949 533 sit
2967 481 3172 535 contra
3205 481 3502 546 naturam,
3521 474 3634 535 hoc

235 567 595 625 ἆνυπόστατον
631 616 648 640 ,
701 568 837 624 κατὰ
895 568 1342 645 ὰντιπαράστασιν
1402 567 1574 646 λέγων
1609 615 1624 640 ,
1682 567 1811 648 ὅτε,
1858 568 1900 622 εἰ

229 657 372 725 ἦσαν
425 657 521 713 επὶ
569 663 725 732 πᾷσι,
787 660 876 713 καὶ
935 659 1001 714 τὰ
1063 657 1205 724 πάθη
1268 657 1431 715 κακά.
1469 655 1708 715 ’Ἔπειτα
1766 657 1901 713 κατὰ

229 745 504 826 ἔνστασιν,
557 747 638 803 Bri
681 749 742 804 οὒ
797 748 940 802 κακὰ
994 745 1082 802 ἐπὶ
1149 753 1326 803 πᾶσιν·
1365 749 1450 804 ἐπὶ
1479 748 1581 825 γὰρ
1610 761 1726 812 τοῖς
1764 745 1898 803 ἀλό-

225 859 348 913 γοις
408 838 527 893 τινὰ
582 838 782 894 τούτων
835 838 928 893 καὶ
984 839 1272 894 συστατικᾶ
1331 842 1428 904 τῆς
1498 838 1702 916 φύσεώς
1761 837 1893 917 ἐστι²

224 930 317 983 καὶ
349 925 553 1002 μᾶλλον
593 926 677 984 διὰ
722 933 881 984 τοῦτο
942 926 1002 982 o6
1054 928 1194 983 κακὰ
1255 929 1377 988 εἰσι,
1421 933 1620 984 Λοιπὸν
1678 927 1739 982 ἐκ
1769 929 1894 984 τού-

223 1038 335 1072 των
369 1015 508 1072 ἐστὶν
544 1017 832 1094 ἀπορῆσαι,
892 1015 973 1073 ὅτι
1033 1016 1117 1072 ἐπὶ
1169 1017 1266 1092 μὲν
1325 1025 1430 1072 τῶν
1487 1017 1742 1097 λογικῶν,

224 1109 261 1174 ἡ
314 1106 560 1182 στέρησίς
621 1113 717 1162 τοῦ
777 1107 998 1184 ἀγαθοῦ,
1058 1108 1120 1162 τὸ
1166 1107 1328 1162 κακόν
1399 1106 1563 1180 ἐστιν,
1614 1107 1650 1175 ἢ
1696 1108 1802 1181 μὴν
1859 1109 1893 1176 ἡ

228 1195 473 1252 ἀτέλεια·
513 1194 600 1252 ὅτε
632 1193 838 1262 δηλαδή
872 1199 933 1251 τὸ
989 1195 1184 1274 ἀγαθὸν
1242 1200 1301 1255 οὗ
1361 1199 1752 1276 προηγήσεται,
1786 1197 1890 1252 ἆλ-

229 1287 301 1345 λΞι
345 1285 496 1359 μένει
544 1287 579 1353 ἡ
627 1286 783 1366 ψυλῆ
866 1283 940 1341 ἔτι
1000 1285 1216 1353 ἀτελής
1273 1285 1357 1342 ἐπὶ
1415 1287 1468 1342 δὲ
1531 1294 1637 1344 τῶν
1683 1287 1892 1354 ἅλόγῶν

228 1377 409 1452 ζώων,
464 1376 578 1432 ἐπεὶ
637 1376 732 1431 οὒκ
787 1377 884 1432 εἰσὶ
935 1374 1150 1432 δεκτικὰ
1208 1375 1390 1454 λόγου⁹
1446 1378 1559 1442 πῶς
1615 1376 1889 1457 εἴποιμεν,

229 1464 316 1521 ὅτι
378 1467 515 1521 κατᾶ
571 1465 826 1522 ἀπουσίαν
904 1473 998 1521 τοῦ
1073 1468 1272 1542 αγαθοῦ
1320 1467 1384 1521 τὰ
1433 1465 1574 1534 παθη
1634 1469 1890 1544 γίνονται;

229 1554 774 1633 Ἀναγκασθὴσόμεθα
839 1556 1008 1611 τοίνυν
1066 1554 1298 1610 ἐντεῦθεν
1389 1557 1583 1630 εἰπεῖν,
1643 1555 1723 1614 ὅτι
1799 1559 1895 1612 εἶσὶ

229 1646 320 1702 καὶ
350 1647 490 1700 κακὰ
521 1644 639 1700 καθ’
673 1645 856 1718 ἑαυτὰ,
892 1646 977 1701 καὶ
1024 1644 1149 1725 οὒχὶ
1205 1652 1274 1721 τῇ
1333 1653 1424 1702 τοῦ
1470 1647 1667 1724 ὰγαθοῦ
1723 1647 1894 1703 ἀπουο

231 1734 321 1806 aia,
351 1733 810 1814 παροφιστάμενα.
850 1731 913 1789 Ἦ
957 1733 1207 1812 λέγομεν²
1267 1733 1350 1790 ὅτι
1406 1737 1493 1790 καὶ
1535 1735 1746 1797 πάντως
1805 1739 1894 1792 οὖν

1790 1015 1896 1074 ἰδοὺ

1983 565 2109 644 ipso
2140 581 2238 624 res
2268 572 2381 638 est,
2407 582 2522 643 quo
2547 561 2880 626 secundum
2925 574 3197 624 naturam
3257 570 3366 624 est.
3423 560 3632 623 Totius

1981 653 2182 734 itaque
2206 653 2487 714 orationis
2518 670 2733 714 sensus
2781 650 3109 720 concludit.
3143 653 3404 713 animam
3439 651 3489 713 si
3519 651 3631 713 de-

1984 752 2278 822 pravetur,
2314 741 2606 803 bonorum
2645 739 2878 802 defectu
2913 740 3253 820 depravari,
3288 750 3465 822 atque
3497 759 3629 801 ma-

1983 831 2104 892 lum
2154 851 2273 893 non
2323 849 2456 892 esse
2489 831 2629 909 quid
2659 831 3014 912 subsistens;
3052 849 3157 909 per
3189 831 3627 910 oppositionem

1981 921 2212 995 dicens,
2251 925 2407 1000 quod
2442 921 2489 982 si
2527 919 2802 982 omnibus
2852 921 3156 1000 passiones
3205 927 3408 981 essent
3436 920 3628 981 malas.

1981 1007 2210 1072 Deinde
2241 1011 2340 1071 dat
2365 1010 2894 1090 instantiam,quod
2931 1029 3045 1071 non
3074 1009 3353 1072 omnibus
3371 1015 3488 1069 sint
3510 1027 3632 1069 ma-

1979 1098 2053 1161 lae
2083 1122 2094 1159 :
2137 1119 2270 1161 nam
2301 1099 2362 1162 in
2395 1099 2585 1161 brutis
2618 1099 3014 1177 quorumdam
3053 1106 3257 1160 natura
3288 1099 3451 1160 hisce
3477 1117 3631 1160 con-

1977 1198 2113 1270 stat,
2147 1198 2204 1251 et
2237 1189 2462 1252 idcirco
2509 1190 2702 1270 potius
2755 1208 2870 1250 non
2924 1189 3093 1250 malae
3139 1197 3298 1251 sunt.
3334 1186 3628 1250 Caaterum

1977 1279 2118 1342 hinc
2151 1289 2352 1342 manet
2387 1278 3040 1361 dubium,quomodoin
3068 1280 3299 1342 ratione
3329 1278 3633 1340 utentibus

1979 1371 2235 1450 privatio
2266 1370 2426 1450 boni,
2463 1371 2552 1431 vel
2586 1370 2794 1432 saltem
2839 1368 3241 1448 imperfectio,
3277 1368 3496 1428 malum
3531 1373 3628 1441 sit,

1977 1461 2220 1540 quando
2253 1459 2535 1520 nimirum
2570 1459 2788 1519 bonum
2825 1477 2942 1518 non
2975 1457 3490 1538 promovetur,sed
3512 1457 3634 1518 ani-

1981 1567 2075 1610 ma
2109 1557 2309 1610 manet
2333 1548 2703 1629 imperfecta;
2731 1549 2791 1608 in
2825 1547 3016 1609 brutis
3045 1557 3265 1628 autem,
3303 1566 3436 1609 cum
3461 1547 3629 1608 inca-

1982 1639 2147 1719 pacia
2177 1640 2293 1700 sint
2325 1638 2906 1719 rationis,quomodo
2937 1637 3205 1699 dicemus
3239 1655 3343 1717 per
3367 1637 3507 1698 boni
3532 1636 3632 1698 ab-

1979 1729 2233 1790 sentiam
2270 1733 2578 1808 passiones
2608 1725 2922 1789 exsistere?
2951 1728 3247 1806 Cogemur
3301 1727 3502 1808 itaque
3534 1727 3632 1788 hic

229 1823 320 1879 ἑπὶ
369 1836 487 1886 τοῖς
549 1821 767 1900 ἀλόγοις
799 1823 864 1879 τὰ
895 1824 1062 1903 πάθη,
1108 1825 1197 1879 τὸν
1241 1827 1405 1899 θυμὸν
1463 1823 1605 1902 λέγω
1662 1826 1749 1881 καὶ
1802 1827 1888 1893 τὴν

1981 1816 2374 1898 dicere,quod
2403 1817 2521 1878 sint
2555 1817 2732 1878 etiam
2765 1817 3033 1897 quaedam
3059 1817 3209 1877 mala
3240 1834 3348 1897 per
3380 1835 3467 1889 se,
3503 1832 3633 1896 qua;

230 1914 537 1988 ἒπιθυμίαν,
603 1913 741 1968 κατὰ
801 1916 1044 1972 ὁπωσοῦν
1079 1915 1308 1985 τίθησιν,
1357 1912 1475 1969 ἀλλ’
1510 1916 1568 1970 0-3
1599 1916 1760 1995 κακὰ,
1810 1916 1897 1971 καὶ

231 2001 438 2078 μᾶλλον
499 2003 787 2059 συστατικᾶ
867 2009 975 2060 τῶν
1049 2003 1278 2083 φύσεων,
1358 2003 1748 2082 Ἀναιρεθέντος
1809 2006 1895 2061 οὑν

230 2099 327 2149 τοῦ
374 2090 798 2166 ὲκλαμϐάνεσθαι
849 2095 912 2149 τὰ
952 2094 1094 2158 πάθη
1155 2095 1294 2150 κακὰ
1351 2093 1437 2150 ἰπὶ
1494 2100 1599 2150 τῶν
1655 2093 1890 2172 ἀλόγων,

231 2181 535 2260 ἀναιρεῖται
590 2185 678 2239 καὶ
733 2185 767 2251 ἡ
812 2183 1024 2262 ἀπορίαν
1082 2185 1125 2239 εἰ
1182 2186 1281 2262 γὰρ
1317 2183 1414 2240 οὒκ
1444 2184 1542 2240 εἰσὶ
1599 2188 1758 2256 κακὰ,
1795 2207 1894 2240 πε-

232 2273 416 2351 ριστὸν
474 2279 658 2344 ζητεῖν
707 2275 748 2328 εἰ
800 2272 917 2330 καθ’
991 2275 1120 2330 αὐτὰ
1177 2273 1316 2330 κακᾶ
1367 2275 1487 2346 εἶσι,
1535 2277 1623 2330 καὶ
1656 2275 1716 2329 06
1761 2275 1894 2330 κατὰ

231 2361 338 2429 τὴν
393 2374 482 2422 τοῦ
537 2362 734 2440 ἆγαθοῦ
784 2362 1063 2419 ἀπουσίαν⁹
1123 2362 1234 2418 ἔστι
1291 2363 1392 2441 γὰρ
1423 2370 1513 2419 τοῦ
1555 2361 1739 2428 ἁπλῶς
1798 2364 1893 2420 6';-

233 2472 356 2514 τος.
416 2459 681 2527 Ζητοῦμεν
733 2454 817 2508 καὶ
848 2455 930 2529 τὸ,
965 2451 1001 2520 ἢ
1034 2451 1124 2509 όῦτ
1143 2475 1200 2517 υς
1231 2450 1264 2520 ἦ
1296 2456 1458 2517 οὕτως
1518 2452 1678 2508 ἐστίν’
1711 2453 1893 2519 ἁπλῶς

234 2540 291 2596 δὲ
325 2543 404 2616 μὴ
460 2542 604 2604 ὄντος
638 2543 900 2617 τοιούτου,
938 2543 1161 2620 περιττὴ
1218 2544 1305 2598 καὶ
1362 2543 1589 2608 ἀνόητος
1635 2543 1669 2609 ἡ
1719 2545 1895 2620 ζήτῃ-

235 2654 326 2695 σις

313 2897 585 2979 §XXVL
658 2897 931 2958 Ἐκϐαλων
989 2903 1044 2957 :‘o
1102 2903 1263 2958 κακὸν
1314 2902 1419 2958 ἀπὸ
1465 2904 1571 2958 τῶν
1623 2901 1889 2980 ἀγγέλων,

230 2990 309 3047 ἔτι
341 2989 396 3046 δὲ
441 2993 500 3046 τὸ
531 2989 805 3055 παντελῶς
836 2993 999 3047 κακὸν
1029 2994 1116 3048 καὶ
1162 2990 1267 3048 ὰπὸ
1313 2995 1418 3048 τῶν
1477 2996 1634 3066 νοῶν,
1670 2994 1756 3048 καὶ
1788 2993 1892 3049 ἀπὸ

229 3081 337 3138 τῶν
383 3085 602 3160 ψυχῶν,
632 3082 719 3135 καὶ
751 3079 826 3136 ἔτι
857 3081 962 3136 ἀπὸ
992 3086 1098 3137 τῶν
1143 3079 1436 3156 δαιμόνων⁹
1496 3089 1582 3138 νῦν
1643 3079 1891 3138 ἐκϐαλλει

235 3173 363 3229 αὒτὸ
395 3172 484 3226 καὶ
513 3170 619 3226 ἀπὸ
649 3171 754 3226 τῶν
786 3168 986 3244 ἀλλων,
1021 3172 1108 3227 καὶ
1139 3177 1347 3250 πρῶτον
1406 3172 1511 3228 ἀπὸ
1567 3177 1665 3240 τῆς
1726 3176 1889 3229 καθο-
1909 3208 1952 3260 C

236 3260 390 3328 λικῆς
451 3261 560 3316 τῶν
621 3258 784 3316 ὄντων
845 3262 1072 3340 φύσεως.
1140 3262 1336 3324 Πλντες
1392 3261 1539 3342 γοῦν,
1600 3265 1783 3341 φησὶν,
1843 3264 1891 3320 οἱ

231 3358 340 3406 τῶν
400 3351 609 3428 φύσεων
667 3349 818 3426 λόγοι
875 3352 962 3406 καὶ
1023 3352 1202 3425 αὶτίαι,
1245 3349 1356 3408 καθ’
1389 3351 1475 3414 οὒς
1509 3352 1755 3430 γεγόνασι
1804 3352 1893 3408 καί

231 3443 358 3520 εἰσι,
422 3441 562 3518 παρὰ
635 3439 727 3506 τῆς
792 3441 933 3501 θείας
993 3442 1199 3520 φύσεως
1272 3443 1622 3521 ὑπαρχουσιν·
1709 3440 1892 3509 ἥντινα

234 3530 471 3589 καθόλου
505 3528 683 3604 καλεῖ,
724 3529 905 3598 ἐπειδὴ
937 3529 987 3595 ἐξ
1021 3531 1184 3598 αυτῆς
1220 3530 1312 3611 ἔφυ
1358 3534 1423 3586 τὰ
1453 3531 1573 3590 ὅλα.
1609 3527 1806 3598 "OX-qv
1839 3530 1893 3586 δὲ

234 3623 410 3700 φύσιν,
449 3621 620 3676 πάντα
681 3621 746 3677 τὰ
804 3621 908 3676 ὑπὸ
969 3628 1100 3678 Θεοῦ
1152 3621 1448 3678 πλασθέντα
1483 3619 1752 3695 ἐκάλεσεν,
1785 3625 1888 3680 O6-

232 3709 323 3766 δὲν
382 3718 471 3768 οὖν
513 3709 646 3784 ἐστι,
682 3711 864 3788 φησὶν,
902 3709 954 3768 ἐν
985 3717 1053 3788 τῇ
1084 3711 1232 3792 φύσει
1264 3709 1393 3790 ὅπερ
1439 3710 1562 3767 ὃλον
1604 3710 1750 3775 ὅλοις
1795 3711 1888 3766 ἄνη

231 3802 484 3870 τίκειται,
518 3802 579 3856 τὸ
610 3801 708 3877 γὰρ
738 3821 841 3856 τινι
871 3807 976 3856 τῶν
1031 3799 1198 3857 ὅντων
1255 3802 1398 3878 παρὰ
1453 3801 1553 3868 τὴν
1600 3805 1759 3860 αὐτοῦ
1789 3801 1888 3880 φό-

233 3914 321 3946 σιν
381 3889 547 3966 ἑτέρῳ
593 3889 708 3945 ὲστΐ
762 3890 938 3969 φύσις,
973 3900 1125 3949 τοῦτο
1178 3889 1232 3946 δὲ
1291 3890 1513 3968 ἀγαθὸν,
1549 3891 1585 3959 ἡ
1612 3891 1711 3969 γὰρ
1741 3891 1890 3971 φύσις

230 3981 376 4036 ιστὶν
407 3979 555 4058 ἀρχὴ
586 3980 849 4048 κινήσεως
878 3981 964 4036 καὶ
1001 3980 1245 4058 ἠρεμίας·
1308 3983 1367 4036 τὸ
1421 3977 1473 4035 δὲ
1528 3981 1704 4038 κινοῦν
1753 3980 1891 4038 ἐστιν

231 4072 261 4124 ὁ
295 4070 548 4134 ἀκίνητος
579 4067 768 4147 λόγος,
798 4071 831 4136 ἡ
865 4071 974 4126 θεία
1008 4069 1204 4149 τέχνη.
1253 4069 1345 4136 Ὠς
1379 4073 1504 4149 γοῦν
1538 4072 1592 4126 ἐν
1621 4083 1740 4136 τοϊς
1795 4091 1890 4127 τε·

228 4173 451 4239 χνικοῖς
483 4157 880 4233 ἀποτελέσμασι
913 4161 1030 4224 τοὺς
1067 4162 1165 4227 τῆς
1219 4160 1420 4241 τέχνης
1479 4160 1668 4239 λόγους
1703 4160 1757 4216 ἐν
1788 4161 1889 4219 αὖ·-

225 4263 350 4312 τοῒς
383 4249 560 4322 μένειν
603 4247 852 4329 λέγομεν²
902 4250 990 4306 καὶ
1037 4248 1295 4315 πολλάκις
1353 4250 1641 4328 βΛέποντες
1698 4259 1884 4332 ταῦτα,

226 4336 297 4394 Ὠ
356 4338 450 4395 οἵα
507 4339 714 4420 ars-km!
779 4340 975 4420 φαμὲν,
1052 4339 1406 4412 ἐκθειάζοντες
1456 4343 1516 4397 τὸ
1589 4341 1885 4419 ὁρώμενον

224 4426 371 4485 οἷτω
401 4429 490 4485 καὶ
522 4427 577 4486 ἐν
620 4441 738 4490 τοῖς
772 4441 1015 4508 ’ξυσικοϊς
1062 4435 1223 4486 πᾶσιν
1253 4433 1300 4485 οἱ
1332 4429 1482 4508 λόγοι
1513 4431 1610 4498 τῆς
1635 4428 1888 4509 δημιουρ-

222 4518 348 4595 γίας
394 4517 633 4593 μένουσι,
689 4524 810 4581 Πῶς
867 4525 993 4596 γοῦν
1049 4516 1192 4574 ἔσται
1239 4520 1293 4574 ἓν
1351 4527 1418 4595 τῇ
1453 4519 1706 4576 ’καθόλου
1735 4520 1884 4600 φύσει

1983 1925 2101 1967 non
2134 1906 2404 1968 oriantur
2429 1925 2498 1968 ex
2525 1905 2797 1967 absentia
2828 1904 2995 1967 boni.
3026 1903 3132 1966 Vel
3168 1905 3628 1985 respondemus,

1980 2001 2155 2058 etiam
2181 1996 2242 2057 in
2267 1994 2455 2057 brutis
2485 1995 2816 2059 istiusmodi
2837 1997 3240 2074 passiones,ut
3271 2003 3410 2057 sunt
3441 1994 3547 2056 irae
3576 2003 3635 2054 et

1979 2085 2676 2166 concupiscentiaamullo
2711 2085 2886 2146 modo
2921 2103 3052 2147 esse
3084 2079 3408 2156 malas,sed
3433 2082 3632 2165 potius

1979 2193 2184 2237 eorum
2220 2183 2458 2237 naturas
2501 2177 2884 2238 constituere.
2919 2173 2978 2237 Si
3034 2184 3281 2250 negetur
3323 2172 3524 2254 itaque
3566 2171 3629 2236 in

1979 2264 2171 2327 brutis
2205 2266 2512 2346 passiones
2543 2283 2673 2326 esse
2699 2264 2902 2344 malas,
2925 2263 3169 2324 dubium
3206 2281 3441 2344 quoque
3472 2261 3631 2323 tolli-

1979 2362 2096 2428 tur;
2129 2354 2177 2416 si
2203 2356 2358 2416 enim
2395 2374 2512 2416 non
2537 2354 2657 2416 sint
2690 2355 2878 2428 malae,
2913 2354 3286 2430 superﬂuum
3324 2356 3623 2433 eritquae-

1979 2464 2114 2508 rere
2145 2465 2287 2507 num
2323 2464 2426 2527 per
2447 2464 2512 2508 se
2546 2445 2715 2508 malas
2736 2445 2878 2525 sint,
2907 2455 2964 2506 et
2987 2463 3104 2506 non
3128 2445 3460 2504 secundum
3485 2441 3626 2504 boni

1978 2535 2332 2616 absentiam;
2361 2543 2450 2597 est
2481 2539 2638 2597 enim
2671 2534 2827 2596 entis
2857 2533 3234 2616 simpliciter.
3292 2530 3627 2604 Quaerimus

1979 2625 2187 2704 etiam,
2221 2644 2294 2685 an
2325 2625 2412 2687 sic
2433 2644 2506 2686 an
2522 2625 2698 2687 aliter
2714 2643 2777 2685 se
2800 2625 3038 2698 habeat;
3060 2623 3136 2685 de
3149 2642 3218 2685 eo
3237 2632 3435 2684 autem
3459 2620 3620 2701 quod

1978 2715 2328 2794 simpliciter
2361 2734 2478 2776 non
2513 2723 2622 2789 est,
2667 2713 3008 2775 istiusmodi
3038 2712 3289 2793 quaestio
3322 2711 3626 2792 superﬂua

1978 2813 2069 2866 est
2101 2811 2160 2866 et
2190 2805 2508 2885 insipiens.

2057 2894 2087 2974 §
2116 2895 2327 2959 XXVl.
2361 2894 2467 2959 Ubi
2490 2896 2706 2957 malum
2744 2893 2817 2956 ab
2843 2893 3094 2976 angelis,
3121 2893 3262 2974 quin
3287 2901 3344 2955 et
3373 2892 3620 2955 omnino

1978 2987 2196 3048 malum
2219 2987 2392 3048 etiam
2420 3005 2452 3046 a
2480 2984 2779 3047 mentibus
2804 2985 3098 3047 etauimis
3123 2994 3296 3066 atque
3317 2991 3558 3063 insuper
3589 3003 3621 3045 a

1973 3074 2348 3138 daemonibus
2391 3076 2668 3152 removit,
2703 3094 2861 3136 nunc
2909 3075 3055 3136 illud
3087 3094 3121 3136 a
3159 3073 3342 3136 rebus
3389 3091 3627 3154 quoque

1977 3166 2109 3226 aliis
2142 3166 2494 3241 excludit,et
2528 3166 2782 3246 primum
2810 3184 2844 3227 a
2875 3173 3082 3228 natura
3131 3183 3334 3227 rerum
3385 3163 3627 3225 univer-

1975 3256 2110 3318 sali.
2145 3261 2369 3320 Omnes
2401 3275 2564 3336 ergo,
2609 3256 2821 3337 inquit,
2865 3265 3212 3318 naturarum
3263 3253 3527 3318 rationes
3559 3271 3627 3315 ac

1977 3363 2193 3419 causae,
2229 3346 2558 3408 secundum
2582 3363 2732 3426 quae
2752 3346 2924 3408 facta:
2953 3353 3090 3406 sunt
3110 3351 3170 3406 et
3198 3345 3521 3424 existunt,a
3544 3343 3631 3403 di-

1977 3440 2109 3496 vina
2165 3445 2375 3497 natura
2425 3441 2682 3498 existunt
2717 3457 2730 3498 :
2764 3454 2939 3516 quam
2993 3433 3390 3496 universalem
3435 3440 3624 3508 vocat,

1977 3527 2115 3606 quia
2147 3544 2216 3588 ex
2241 3526 2367 3608 ipsa
2389 3532 2664 3588 universa
2688 3522 3403 3606 procedunt.Universam
3427 3531 3625 3584 autem

1979 3616 2661 3692 naturam,vocatomnia
2689 3632 2822 3694 quae
2845 3614 3016 3676 aDeo
3043 3622 3242 3676 creata
3268 3621 3427 3677 sunt.
3465 3611 3626 3675 Nihil

1977 3707 2574 3787 igitur,inquit,estin
2601 3724 2802 3768 rerum
2854 3713 3063 3767 natura
3107 3703 3265 3785 quod
3299 3702 3624 3766 universim

1976 3798 2273 3859 universis
2297 3795 2880 3875 contrarietur;quod
2906 3795 3067 3857 enim
3091 3795 3270 3856 alicui
3300 3794 3389 3856 rei
3419 3797 3630 3856 contra

1978 3894 2246 3948 naturam
2274 3896 2385 3966 est,
2409 3885 2576 3947 alteri
2609 3894 2699 3947 est
2728 3893 2963 3960 natura,
2998 3885 3110 3947 hoc
3141 3891 3338 3946 autem
3374 3883 3623 3957 bonum,

1974 3975 2270 4057 siquidem
2297 3983 2505 4038 natura
2529 3974 2887 4057 principium
2928 3982 3018 4036 est
3064 3981 3260 4036 motus
3292 3982 3348 4035 et
3380 3972 3624 4053 quietis;

1975 4066 2076 4127 ille
2102 4077 2294 4128 motus
2325 4076 2524 4128 autem
2549 4075 2637 4128 est
2655 4065 2806 4128 ratio
2839 4064 3162 4126 immobilis
3189 4073 3249 4126 et
3275 4081 3372 4124 ars
3403 4063 3622 4124 divina.

1974 4155 2140 4218 Sicut
2166 4157 2340 4236 igitur
2367 4158 2427 4217 in
2459 4158 2685 4220 ell‘ectis
2732 4153 3140 4217 artiﬁcialibus
3187 4153 3450 4215 rationes
3479 4171 3530 4213 at
3552 4151 3628 4212 tis

1972 4263 2292 4308 remanere
2317 4247 2458 4309 M9
2497 4247 2771 4316 dicimus,
2808 4255 2866 4306 et
2905 4261 3317 4324 saepenumero
3349 4261 3480 4304 cum
3516 4241 3626 4301 hos

1972 4338 2299 4413 cernimus,
2335 4334 2382 4399 Ο
2416 4337 2624 4398 miram
2657 4346 2847 4398 artem
2878 4341 2889 4396 ι
2925 4334 3347 4412 exciamamus,
3375 4330 3434 4393 id
3459 4330 3624 4409 quod

1970 4426 2242 4488 videmus
2275 4425 2664 4497 admirantes;
2699 4427 2780 4487 sic
2821 4425 2995 4488 etiam
3028 4423 3088 4484 in
3119 4421 3299 4483 rebus
3345 4420 3629 4482 omnibus

1974 4515 2345 4578 naturalibus
2359 4517 2684 4578 creationis
2701 4515 2963 4578 rationes
2987 4511 3627 4595 permanent.Quomo-

225 4630 280 4663 τι
312 4608 570 4688 ἐναντίας
617 4609 711 4666 Καὶ
743 4610 790 4664 οἱ
821 4610 875 4664 ἒν
921 4621 1038 4672 τοῖς
1095 4606 1528 4687 δημιουργήμασι
1584 4609 1736 4689 λόγοι
1787 4609 1885 4665 τίνι

1979 4605 2047 4667 do
2074 4605 2253 4683 igitur
2290 4605 2615 4686 quidquam
2669 4606 2963 4668 universae
3007 4610 3230 4663 naturae
3278 4600 3464 4681 possit
3493 4617 3626 4661 esse

228 4696 732 4775 évnttuﬂriawrzt;
786 4703 874 4772 Τῷ
917 4705 1143 4778 ποιητῇς
1197 4698 1317 4755 ἀλλ’
1351 4701 1444 4755 οὒκ
1493 4699 1702 4777 εὖαγές,
1737 4695 1886 4756 Ἀλλ’

228 4788 472 4868 ἑαυτοῖς
533 4788 620 4844 καὶ
678 4786 824 4846 οὐδὲν
880 4810 930 4844 τι
987 4789 1344 4859 ὑποστήσεται
1412 4789 1656 4847 πώποτε.
1731 4788 1888 4846 Ἀλλ’

1973 4695 2368 4757 contrarium?
2391 4694 2462 4755 Et
2493 4695 2754 4757 rationes
2780 4702 3188 4756 creaturarum
3239 4690 3335 4752 cui
3384 4699 3625 4752 contra-

1975 4786 2113 4847 riari
2143 4784 2398 4865 possint?
2412 4784 2788 4848 Creatorine‘.’
2819 4785 2924 4846 sed
2958 4784 3066 4845 hoc
3100 4783 3367 4863 impium.
3391 4780 3481 4841 An
3512 4779 3626 4841 sibi

228 4878 382 4952 ἄλλῳ
411 4880 536 4952 nvi;
582 4880 668 4935 καὶ
730 4878 870 4935 ἔστιν
928 4877 1104 4957 ἕτερον
1155 4879 1296 4958 παρὰ
1353 4886 1446 4936 τοῦ
1507 4878 1730 4936 καθόλου
1759 4881 1888 4959 πρὸς

1979 4872 2150 4955 ipsis?
2171 4885 2229 4937 et
2252 4875 2339 4938 sic
2369 4875 2513 4936 nihil
2541 4893 2798 4956 unquam
2831 4873 3134 4936 subsistet.
3168 4875 3261 4935 An
3289 4871 3461 4932 alteri
3496 4876 3626 4932 cui-

225 4971 258 5025 ὃ
291 4971 325 5037 ἡ
359 4969 517 5049 μάχη
551 4971 854 5047 γενήσεται.
922 4969 1121 5027 Οὔκουν
1173 4971 1267 5026 οὐκ
1315 4968 1430 5027 ἔστι
1467 4971 1527 5026 τὸ
1559 4971 1746 5050 κακὸν²
1780 4967 1888 5027 οὒδέ

1983 4964 2178 5048 piam?
2205 4973 2264 5027 et
2301 4965 2415 5028 erit
2446 4965 2746 5028 diversum
2779 4963 2851 5028 ab
2888 4967 3160 5026 universo
3193 4979 3330 5023 cum
3362 4979 3479 5041 quo
3513 4979 3626 5040 pu—

225 5059 285 5114 ἐν
325 5058 682 5132 τῷκαθόλου,
719 5069 846 5122 Τοῖς
907 5057 962 5114 δὲ
1018 5056 1138 5116 κατ’
1198 5057 1332 5123 εἶδος
1392 5061 1490 5124 τῖς
1550 5057 1888 5138 δημιουργίας

1981 5054 2206 5133 gnabit.
2244 5053 2448 5132 Itaque
2477 5075 2592 5116 non
2629 5064 2718 5116 est
2752 5054 2971 5116 malum
3002 5053 3180 5114 etiam
3229 5051 3288 5111 in
3322 5055 3620 5138 universo.

229 5149 286 5204 εἴ
341 5171 390 5205 τι
435 5147 498 5204 ἂν
550 5150 637 5205 καὶ
689 5151 972 5228 πρόσεστιν
1026 5148 1281 5231 ἐναντίον³
1339 5156 1496 5207 τοῦτο
1553 5151 1694 5228 παρὰ
1744 5149 1888 5230 enim

1979 5146 2040 5206 Si
2061 5143 2408 5227 quidautem
2439 5144 2616 5206 alicui
2647 5145 2982 5206 secundum
3017 5141 3282 5222 Speciem
3303 5137 3625 5201 creationis

225 5237 468 5318 λέγεται³
517 5240 606 5295 καὶ
664 5239 722 5295 06
779 5239 918 5296 κατά
975 5238 1151 5318 φύσιν*
1184 5241 1257 5302 ὡς
1306 5242 1368 5297 τὸ
1417 5239 1661 5320 φέρεσθαι
1694 5235 1803 5295 ὂίνω
1829 5240 1888 5296 τὸ

1979 5254 2101 5296 suae
2121 5235 2758 5314 accidatcontrarium,
2784 5234 2838 5294 id
2859 5233 3076 5295 dicitur
3098 5239 3302 5293 contra
3327 5241 3620 5304 naturam,

222 5327 389 5409 ὕδωρ,
425 5331 510 5385 καὶ
545 5327 691 5384 mito)
749 5331 808 5384 τὸ
873 5337 998 5407 πῦρ.
1064 5335 1227 5388 Τοῦτο
1284 5328 1338 5386 δὲ
1392 5330 1636 5408 στερήσει
1687 5329 1887 5410 φύσεως

1979 5333 2175 5387 etnon
2208 5326 2539 5388 secundum
2585 5333 2852 5387 naturam
2907 5323 3206 5394 accidere;
3259 5321 3408 5381 sicut
3455 5337 3508 5380 v.
3561 5339 3619 5400 g.

221 5419 450 5496 γίνεται·
489 5419 626 5475 ὥστε
658 5419 753 5475 οὒκ
799 5418 943 5476 ἔστιν
986 5420 1020 5488 ἡ
1052 5421 1200 5500 φύσις
1244 5421 1433 5500 κακὸν,
1485 5418 1624 5476 ἀλλὰ
1681 5417 1885 5496 ι.ι.‹ῖιλλον

1979 5433 2184 5497 aquam
2217 5416 2356 5478 ferri
2393 5434 2656 5495 sursum,
2691 5416 2887 5494 ignem
2921 5415 3224 5474 deorsum.
3265 5410 3389 5472 Hoc
3419 5418 3618 5471 autem

220 5509 454 5589 ὶπήρεια
511 5530 590 5574 τις
642 5509 846 5590 φύσεως
903 5511 964 5567 τὸ
1023 5510 1209 5590 κακὸν,
1267 5509 1296 5566 ’6
1345 5508 1410 5578 δὴ
1442 5510 1528 5568 καὶ
1565 5509 1701 5588 παρὰ
1731 5509 1884 5590 φύσιν

1979 5505 2036 5567 iit
2067 5515 2290 5567 natura:
2313 5505 2666 5585 privatione,
2701 5505 2861 5566 unde
2886 5521 3002 5564 non
3031 5510 3118 5563 est
3138 5512 3342 5562 natura
3367 5501 3612 5590 malum,

223 5599 470 5680 λέγεται.
659 5589 665 5590 ί
1196 5589 1204 5591 ἡ
1748 5589 1752 5590 ⁷
1967 5594 2071 5658 sed
2103 5594 2296 5675 potius
2324 5594 2578 5658 offensio
2622 5602 2844 5658 naturae
2876 5591 3020 5673 quid
3057 5591 3275 5655 malum
3309 5601 3420 5673 est,
3456 5589 3621 5674 quod

1968 5684 2145 5750 etiam
2175 5691 2386 5765 contra
2417 5694 2688 5751 naturam
2723 5683 2971 5747 dicitur.

1193 5557 1209 5591 θ
