4032 6422
467 396 577 465 811

1659 402 1720 469 S.
1768 404 2113 471 DIONYSII
2154 398 2662 475 AREOPAGIT/E

3734 396 3855 475 812

464 538 629 620 scopi
651 538 1118 619 frustrationem,
1135 558 1241 620 pro
1265 542 1429 620 jactu
1449 560 1483 602 a
1504 558 1683 621 scopo
1715 541 2085 617 deﬂectente,

2192 544 2288 602 ὶντὶ
2320 554 2408 605 τοῦ
2440 546 2580 623 παρὰ
2610 547 2700 602 τὸν
2734 546 2932 601 σκοπὸν
2990 542 3216 620 βάλλον,
3263 544 3324 601 ἐκ
3378 550 3687 624 μεταφορᾶς
3723 546 3837 601 τῶν

460 647 495 690 a
508 627 911 707 jaculantibus
936 630 1283 711 metaphora
1301 629 1811 710 desumpta.Sicut
1831 631 1989 692 enim
2022 632 2104 694 illi

464 727 632 781 extra
666 737 912 800 scopum
937 720 1269 799 jaculantes
1291 719 1570 782 aberrant
1593 738 1628 782 a
1655 721 1895 794 decoro;
1929 722 2015 783 sic
2046 730 2107 786 et

460 826 572 871 nos
603 828 636 870 a
664 827 845 889 scopo
871 817 930 871 et
951 808 1161 871 ordine
1190 809 1862 889 aberrantes,vergimus
1892 821 2107 892 printer

463 905 736 959 naturam
761 898 834 959 ad
859 897 1262 961 irrationalem
1286 906 1345 960 et
1366 899 1772 980 imperfectam
1805 911 1864 963 et
1893 921 2104 965 amen-

463 994 582 1049 tem
597 986 1013 1064 abolitionem;
1038 987 1198 1049 unde
1227 987 1374 1050 dicit
1390 990 1562 1051 etiam
1580 989 1797 1051 malum
1818 993 1966 1054 nihil
1985 1010 2108 1053 om-

463 1075 609 1138 nino
639 1076 918 1138 existere.
969 1076 1261 1140 Caaterum
1303 1078 1585 1139 adversus
1614 1097 1717 1140 eos
1739 1081 1840 1160 qui
1877 1081 2104 1156 dicunt,

468 1166 686 1227 malum
718 1184 827 1246 per
850 1184 915 1228 se
935 1165 1157 1247 aliquid
1187 1184 1382 1245 posse,
1404 1167 1510 1244 ait,
1540 1168 1759 1229 malum
1788 1169 1960 1232 aliter
1990 1190 2109 1232 non

467 1255 966 1337 exsistere,quam
998 1255 1061 1317 in
1093 1256 1482 1337 permistione
1513 1257 1744 1338 boni,in
1771 1267 1994 1322 tantum
2019 1278 2112 1322 ac-

464 1345 763 1422 cidens,in
787 1352 1077 1426 quantum
1104 1346 1306 1408 deﬁcit
1331 1346 1580 1428 bonum;
1599 1349 1755 1428 quod
1778 1350 1936 1411 enim
1971 1349 2111 1411 boni

461 1452 710 1515 prorsus
723 1452 935 1516 expers
954 1444 1270 1517 est,neque
1292 1443 1380 1497 est
1393 1436 1716 1517 quidquam
1731 1457 1925 1519 neque
1941 1439 2110 1519 quid-

463 1543 643 1601 quam
666 1531 879 1606 potest.
907 1526 958 1587 A
983 1525 1283 1587 contrario
1315 1526 1513 1603 itaque
1539 1536 1985 1605 argumentatur
2006 1531 2106 1593 di-

464 1632 608 1678 cens
635 1636 648 1674 :
682 1616 742 1678 Si
762 1613 983 1677 bonum
1014 1622 1103 1676 est
1125 1615 1182 1676 id
1207 1614 1363 1696 quod
1390 1624 1568 1691 est,et
1594 1618 2020 1699 appetendum,
2052 1629 2110 1681 et

461 1704 750 1776 validum,
784 1713 844 1765 et
864 1704 1096 1781 efﬁcax;
1128 1705 1377 1777 malum,
1412 1713 1617 1786 utpote
1652 1708 1895 1770 entitate
1925 1709 2110 1789 priva-

470 1795 758 1872 tum,baec
791 1793 1040 1855 minime
1072 1793 1575 1857 habebit.Deinde
1606 1797 1825 1859 malum
1857 1817 1973 1860 non
2008 1816 2112 1879 per

2187 634 2499 700 τοξευόντων
2533 624 2750 714 ’Ὠσπερ
2780 635 2880 711 γὰρ
2938 635 2983 689 οἱ
3016 632 3114 699 ἔξω
3153 640 3243 690 τοῦ
3300 642 3504 691 σκοποῦ
3547 633 3856 701 τοξεύοντες

2187 725 2542 805 ἁμαρτάνουσι
2611 731 2701 781 τοῦ
2749 725 3136 802 προσήκοντος·
3171 721 3312 781 οῧτω
3368 725 3458 780 καὶ
3510 726 3702 799 ἡμεῖς,
3760 746 3857 780 του

2188 815 2389 872 σκοποῖ’)
2445 816 2532 870 καὶ
2580 820 2678 882 τῆς
2739 808 2934 878 τάξεως
3006 813 3498 893 ἀποτυγχάνοντες,
3579 816 3855 893 φερόμεθα

2190 907 2260 970 εἰς
2289 905 2387 971 τὴν
2431 905 2573 983 παρὰ
2629 904 2779 984 φύσιν
2831 902 3027 981 ἄλογον
3084 904 3171 959 καὶ
3231 901 3397 971 ἁτελῆ
3457 904 3545 959 καὶ
3605 902 3855 960 ἆνούσιοιι

2190 992 2525 1071 άνυπαρξίαν
2585 990 2702 1050 ὅθεν
2758 994 2844 1050 καὶ
2898 990 3124 1068 μηδαμῆ
3181 990 3349 1067 μηδὲν
3382 990 3437 1049 ὅν
3470 991 3614 1071 λέγει
3649 994 3711 1049 τὸ
3744 1015 3854 1049 γα-

2190 1084 2305 1145 κόν.
2355 1083 2392 1111 ’¹
2407 1092 2494 1141 Ετι
2526 1084 2659 1161 πρὸς
2689 1084 2812 1149 τοὺς
2845 1082 3122 1159 λέγοντας,
3156 1080 3237 1139 ὅτι
3269 1080 3482 1139 δύναταί
3512 1104 3563 1138 τι
3594 1082 3655 1138 τὸ
3686 1083 3857 1139 κακὸν

2191 1173 2305 1230 καθ’
2353 1176 2479 1230 αὒτὸ
2539 1187 2740 1252 ποιεῖν,
2774 1174 2902 1251 φησὶ
2947 1172 3141 1251 τοίνυν,
3176 1173 3259 1229 ὅτι
3297 1174 3352 1230 τὸ
3382 1173 3546 1228 κακὸν
3579 1170 3762 1235 ἄλλως
3795 1173 3857 1227 οὗ

2195 1261 2606 1341 παρυφίσταται,
2639 1263 2681 1316 εἱ
2744 1276 2819 1334 μη
2881 1261 2934 1318 ἐν
2997 1266 3066 1336 τῇ
3112 1267 3204 1316 τοῦ
3258 1259 3458 1337 ἀγαθοῦ
3502 1258 3663 1335 μίξει,
3697 1261 3859 1316 τόσον

2194 1349 2599 1422 ἐπισυμϐαϊνον,
2633 1351 2858 1408 καθόσον
2886 1353 2947 1406 τὸ
2993 1352 3190 1428 ἀγαθὸν
3221 1349 3476 1405 ἐλλείπει*
3533 1350 3592 1404 τὸ
3623 1347 3679 1404 δὲ
3709 1349 3852 1405 πάνυ

2192 1464 2258 1508 τη
2298 1439 2516 1517 ἄμοιρον
2570 1446 2664 1497 τοῦ
2722 1439 2918 1518 ἀγαθοῦ
2971 1438 3086 1496 οὔτε
3139 1438 3197 1495 ὄν
3255 1439 3424 1518 ἐστιν,
3477 1436 3594 1495 οὔτε
3636 1437 3859 1495 δύναταί

2194 1554 2265 1592 τι.
2303 1531 2399 1588 Ἐκ
2427 1538 2520 1587 τοῦ
2564 1531 2797 1587 ἐναντίου
2827 1537 2952 1608 γοῦν
3011 1529 3283 1609 ἐπιχειρεῖ
3316 1529 3509 1606 λέγων’
3549 1520 3681 1586 ’Ὁτι
3717 1530 3762 1584 εἰ
3793 1530 3853 1584 τὸ

2195 1623 2388 1698 ἀγαθὸν
2448 1623 2505 1676 ὃν
2564 1621 2698 1699 ἐστι,
2771 1624 2868 1676 καὶ
2926 1619 3094 1696 βουλὴ
3141 1620 3275 1698 ἐστι,
3326 1620 3415 1675 καὶ
3473 1617 3712 1693 δύναται,
3764 1620 3857 1674 καὶ

2194 1725 2366 1785 ποιεῖ,
2415 1713 2475 1768 τὸ
2517 1713 2686 1768 κακὸν
2738 1720 2828 1769 τοῦ
2886 1709 3036 1773 ὄντος
3089 1708 3465 1785 ἐστερημένον,
3526 1709 3699 1765 ταῦτα
3752 1713 3858 1787 οὔχ

2195 1800 2321 1867 ἔξει.
2359 1793 2490 1859 ἸΕτι
2523 1799 2605 1857 ὅτι
2650 1800 2744 1857 οὒκ
2791 1799 2901 1856 ἔστι
2958 1803 3018 1856 τὸ
3057 1801 3222 1857 κακὸν
3254 1799 3370 1855 καθ’
3404 1800 3555 1878 αὐτὸ,
3589 1797 3755 1866 δῆλον
3784 1799 3848 1855 ὲκ

462 1900 531 1946 se
565 1885 844 1964 existere,
889 1890 1051 1964 patet
1079 1900 1149 1945 eo
1173 1884 1331 1963 quod
1365 1903 1483 1946 non
1514 1886 1590 1946 sit
1624 1886 1783 1948 idem
1814 1887 1876 1950 in
1907 1889 2105 1949 omni-

2194 1899 2284 1949 τοῦ
2312 1894 2388 1968 μὴ
2420 1896 2561 1949 εἶναι
2593 1892 2735 1969 παρὰ
2782 1897 2911 1947 πᾶσι
2944 1890 3155 1964 ταῦτὸν,
3191 1888 3327 1945 ἄλλα
3368 1889 3465 1945 καί
3493 1886 3629 1945 ἄλλο
3663 1889 3720 1944 ἐν
3749 1887 3850 1949 ἆλ-

460 1971 598 2046 bus,
629 1990 833 2035 verum
858 1973 1034 2035 etiam
1062 1973 1223 2035 aliud
1245 1975 1305 2035 in
1337 1974 1495 2044 aliis,
1535 1984 1707 2056 prout
1739 1976 1798 2037 in
1830 1997 2108 2057 unoquo-

465 2081 583 2143 que
613 2062 755 2125 boni
785 2063 983 2144 lapsus
1013 2062 1403 2125 existiLDeus
1425 2071 1622 2127 autem
1656 2066 2105 2129 subordinatio—

464 2168 572 2213 nes
600 2151 849 2214 servavit
872 2158 928 2213 in
963 2151 1104 2212 425
1123 2152 1452 2231 creatione;
1485 2153 1781 2234 siquidem
1817 2175 2109 2233 mens,se-

468 2240 727 2303 cundum
761 2258 939 2322 quam
973 2241 1159 2303 divini
1180 2249 1240 2304 et
1265 2260 1511 2322 prorsus
1538 2244 1964 2310 immateriales
1997 2248 2111 2327 spi-

465 2330 618 2393 ritus
637 2329 1034 2395 substantiam
1064 2348 1229 2395 suam
1256 2333 1745 2407 sortiuntur,cum
1776 2337 1973 2397 anima
2004 2355 2107 2397 su-

463 2419 706 2482 blimior
726 2422 827 2497 sit,
843 2439 877 2482 a
900 2420 1342 2483 boniformitate
1373 2422 1750 2500 deﬁciens,in
1775 2424 2109 2487 daemonem

476 2510 889 2588 evasit;anima
912 2511 1145 2592 vero,in
1163 2520 1447 2591 quantum
1469 2513 1818 2593 intelligens
1841 2534 1909 2576 ac
1931 2516 2113 2576 ratio-

465 2598 979 2674 nalis,secundum
997 2600 1286 2663 rationem
1311 2602 1539 2681 agendo
1560 2614 1759 2665 manet
1778 2603 1839 2665 in
1860 2623 1967 2665 sua
1982 2623 2111 2685 pro-

477 2690 754 2771 prietate,
774 2690 882 2752 sed
907 2691 1048 2752 dum
1085 2701 1356 2753 movetur
1385 2700 1595 2753 contra
1622 2693 1936 2775 rationem,
1964 2694 2116 2755 mala

474 2779 561 2855 ﬁt;
595 2799 847 2861 corpora
876 2780 1138 2861 denique
1167 2781 1306 2843 dum
1332 2788 1541 2845 contra
1564 2790 1831 2845 naturam
1867 2803 2111 2845 moven—

472 2876 588 2949 tur,
637 2870 884 2931 minime
913 2871 1134 2934 valent.

553 2959 583 3039 §
611 2956 1177 3022 XXXIII.Praeterea
1194 2962 1245 3021 si
1278 2960 1336 3020 in
1366 2961 1599 3023 caeteris
1622 2959 1803 3023 rebus
1835 2964 2111 3025 omnibus

483 3058 575 3109 est
604 3048 1228 3130 providentia,malum
1261 3051 1594 3111 secundum
1609 3068 1675 3112 se
1698 3070 1816 3112 non
1849 3054 2111 3135 est;alias

468 3137 629 3200 enim
662 3139 844 3199 etiam
876 3146 1033 3200 esset
1058 3139 1423 3219 providentia
1455 3141 1591 3202 mali
1623 3151 1898 3222 tanquam
1929 3144 2105 3225 entis;

467 3227 574 3290 sed
609 3228 982 3307 providentia
1012 3238 1102 3290 est
1125 3230 1185 3290 in
1219 3230 1518 3308 omnibus;
1549 3232 1765 3293 malum
1800 3233 1981 3312 igitur
2002 3252 2103 3295 se-

2193 1980 2329 2055 λοις,
2368 1982 2537 2043 καθὼς
2570 1980 2625 2036 ἐν
2655 1980 2865 2052 ἑκάστῳ
2916 1980 2947 2046 ἦ
2998 1988 3091 2037 τοῦ
3137 1977 3335 2055 ἀγαθοῦ
3394 1976 3710 2041 ἁπόπτωσις
3764 1977 3853 2054 γί-

2193 2093 2361 2135 νεται,
2395 2072 2523 2136 Θεὸς
2567 2068 2620 2125 δὲ
2678 2071 2771 2135 τὰς
2814 2065 3097 2133 ὑποϐάσεις
3156 2073 3262 2123 τῶν
3308 2067 3363 2123 ἐν
3412 2068 3480 2135 τῆ
3530 2066 3857 2143 δημιουργίᾳ

2193 2160 2461 2217 διέσωσεν·
2498 2164 2524 2216 ὁ
2556 2161 2654 2235 μὲν
2697 2160 2797 2237 γὰρ
2829 2169 2970 2231 νοῦς,
3026 2156 3147 2214 καθ’
3203 2157 3263 2213 ὃν
3322 2156 3601 2214 οὕσίωνται
3635 2159 3683 2212 οἱ
3714 2160 3851 2213 θεῖοι

2193 2252 2333 2324 νὸες,
2368 2252 2456 2308 καὶ
2500 2251 2676 2317 πάντη
2734 2248 2911 2327 ἅϋλοι,
2944 2248 3203 2324 ἀνώτερος
3239 2251 3425 2326 ψυχῆς
3457 2247 3625 2319 ἐστιν,
3663 2246 3725 2302 ἐκ
3754 2251 3852 2311 τῆς

2193 2339 2548 2418 ἀγαθοειὸεἱας
2596 2347 2680 2397 νῦν
2729 2340 2980 2412 κινηθεὶς,
3037 2335 3238 2412 δαίμων
3266 2333 3463 2402 ἀπέϐη·
3498 2337 3532 2403 ἡ
3566 2334 3623 2391 δὲ
3668 2337 3849 2415 ψυχὴ,

2193 2430 2320 2485 καθά
2352 2430 2508 2507 νοερὰ
2567 2429 2651 2483 καὶ
2694 2426 2911 2506 λογικὴ,
2943 2426 3080 2484 κατὰ
3131 2427 3283 2503 λόγον
3344 2426 3659 2503 ἐνεργοῦςα,
3694 2424 3845 2498 μένει

2195 2517 2249 2573 ἒν
2292 2525 2369 2591 τῷ
2425 2519 2624 2590 οἱκείῳ’
2675 2516 2827 2572 παπὰ
2883 2514 3045 2593 λόγον
3076 2513 3129 2569 δὲ
3175 2512 3480 2588 κινηθεῖσα,
3516 2514 3656 2579 κακὴ
3692 2514 3853 2590 γίνε-

2837 2606 2979 2685 παρὰ
3035 2606 3187 2683 φύσιν
3241 2603 3540 2677 κινηθέντα,
3600 2605 3699 2659 οὒκ

2196 2625 2304 2664 ται·
2339 2608 2406 2665 τὰ
2435 2606 2488 2662 δὲ
2528 2606 2774 2686 σώματα,

2197 2698 2389 2774 ῥωντςιι
2402 2746 2415 2760 ,

2277 2971 2305 3043 §
2333 2965 2604 3029 ΧΧΧΠῙ.
2630 2963 2760 3023 ’Ἔτι
2778 2967 2822 3021 εἰ
2840 2986 3060 3042 προνοια
3093 2963 3179 3020 ἐπὶ
3211 2968 3339 3019 πᾶσι
3362 2974 3479 3024 τοῖς
3505 2958 3693 3023 ἄλλοις
3719 2959 3849 3031 ἐστὶ,

2193 3060 2354 3115 κακὸν
2400 3054 2515 3114 καθ’
2567 3054 2693 3111 αὒτό
2751 3055 2845 3111 οὒκ
2877 3052 3037 3110 ἔστιν·
3093 3054 3155 3121 ἦν
3211 3053 3310 3130 γὰρ
3376 3051 3438 3106 ἃν
3489 3054 3575 3106 καὶ
3637 3050 3856 3123 πρόνοια

2192 3146 2277 3203 ἐπὶ
2332 3155 2408 3222 τῷ
2437 3154 2588 3221 κακῷ
2636 3149 2709 3211 ὡς
2759 3143 2890 3201 ὄντι²
2947 3142 3083 3200 ἀλλὰ
3132 3142 3240 3218 μὴν
3296 3140 3524 3220 πρόνοιά
3555 3143 3704 3197 ἔστιν
3761 3142 3854 3198 επὶ

2190 3243 2341 3294 πᾶσι⁶
2397 3237 2563 3293 κακὸν
2594 3235 2692 3315 ἄρα
2740 3232 2856 3292 καθ’
2890 3236 3017 3291 αὐτὸ
3047 3232 3141 3290 οὒκ
3172 3231 3305 3290 ἔστι.
3366 3231 3464 3288 Καὶ
3496 3229 3608 3286 ἔστι
3642 3230 3858 3307 πρῶτος

460 3317 721 3381 cundum
754 3336 819 3379 se
842 3337 960 3380 non
983 3317 1200 3401 est.Est
1219 3329 1415 3384 autem
1441 3328 1666 3401 primus
1698 3322 1909 3384 modus
1924 3323 2105 3403 syllo—

2192 3328 2385 3400 τρόπος
2438 3332 2543 3383 τῶν
2600 3328 2928 3382 ὕωοθετικῶν
2978 3322 3376 3401 συλλογισμῶν,
3440 3321 3507 3388 τῆ
3553 3320 3693 3378 θέσει
3769 3320 3860 3376 τοῦ

465 3408 791 3488 gismorum
824 3408 1669 3492 hypotheticorum,probabili
1703 3413 2110 3493 proposttione

462 3496 717 3579 probare
733 3498 1129 3579 sequelam;in
1154 3501 1433 3561 omnibus
1454 3501 1746 3582 siquidem
1773 3503 1955 3563 rebus
1977 3503 2107 3564 exi-

468 3587 571 3649 stit
601 3588 999 3668 providentia,
1033 3596 1091 3649 et
1114 3588 1265 3650 nihil
1301 3609 1504 3651 eorum
1540 3610 1669 3672 qua}
1697 3602 1834 3653 sunt
1865 3593 2110 3653 omnino

461 3695 675 3757 expers
693 3688 783 3739 est
806 3678 1289 3759 providentiaeﬁd
1308 3682 1757 3743 estomnimodo
1792 3681 1947 3743 bono
1980 3682 2110 3763 pri-

463 3775 661 3827 vatum
691 3766 1043 3845 est.Ecquid
1076 3768 1211 3830 dico
1233 3768 1292 3828 in
1316 3768 1488 3832 bonis
1517 3789 1652 3851 quae
1682 3772 1830 3832 ﬁunt
1857 3772 1947 3832 vel
1982 3773 2109 3834 exi-

463 3862 657 3918 stunt?
672 3856 818 3936 quin
841 3865 898 3917 et
923 3856 1093 3917 malis
1117 3876 1247 3939 qure
1277 3858 1424 3920 fiunt
1451 3860 1823 3939 providentia
1852 3859 2110 3941 benigne

465 3946 657 4009 utitur
684 3946 760 4008 ad
791 3955 1222 4010 correctionem
1248 3949 1368 4010 sive
1401 3967 1608 4013 eorum
1640 3950 1742 4032 qui
1772 3950 1874 4013 illa
1904 3959 2103 4030 agunt,

463 4037 587 4099 sive
602 4036 1162 4118 aliorum;quocirca
1191 4038 1347 4102 male
1362 4039 1703 4122 dicunt,qui
1724 4043 1891 4104 aiunt
1918 4064 1930 4101 :
1962 4041 2113 4114 Qua-

463 4145 533 4190 re
562 4145 681 4189 non
708 4126 851 4189 fecit
881 4145 991 4188 nos
1011 4130 1172 4190 Deus
1195 4128 1383 4202 sic,ut
1414 4131 1504 4192 vel
1535 4130 1708 4193 inviti
1741 4150 1857 4193 non
1893 4149 2109 4212 pecce-

462 4224 628 4281 mus?
657 4216 772 4279 hoc
802 4217 961 4279 enim
989 4217 1133 4280 nihil
1165 4219 1323 4281 aliud
1348 4228 1436 4281 est
1466 4239 1643 4298 quam
1678 4220 1915 4284 dicere:
1944 4222 2108 4294 Qua-

459 4324 528 4369 re
559 4325 679 4369 non
710 4314 978 4369 amentes
1008 4326 1118 4370 nos
1157 4315 1217 4369 et
1245 4310 1620 4371 irrationales
1646 4308 1820 4372 fecit?
1850 4308 1913 4373 Si
1944 4310 2100 4372 enim

458 4400 801 4463 necessario
816 4399 890 4462 ad
913 4402 1181 4463 virtutem
1202 4401 1586 4477 duceremur,
1606 4420 1977 4484 nequaquam
1995 4422 2104 4465 nos

456 4490 646 4553 nostri
667 4508 993 4573 rerumque
1045 4502 1382 4555 nostrarum
1412 4503 1719 4576 compotes
1762 4511 1831 4557 ac
1888 4504 2103 4575 poten-

457 4590 548 4644 tes
580 4579 964 4663 declarasset,
1000 4600 1196 4663 neque
1245 4590 1511 4644 naturam
1565 4593 1829 4647 nostram
1877 4585 2099 4646 intelli-

454 4679 696 4750 gentem
731 4689 862 4732 esse
892 4670 1149 4734 sivisset.
1184 4672 1368 4735 Aufer
1411 4672 1570 4735 enim
1614 4673 1951 4737 libertatem
1985 4694 2098 4735 no-

455 4768 933 4840 stram,etneque
955 4761 1062 4823 Dei
1084 4763 1280 4840 imago
1311 4762 1561 4826 erimus.
1598 4782 1708 4825 nec
1739 4762 2099 4827 habebimus

453 4849 684 4913 animas
715 4851 1035 4913 rationales
1053 4859 1110 4914 et
1134 4852 1629 4933 intelligentes,et
1659 4861 1870 4916 natura
1899 4862 2100 4917 nostra

453 4939 694 5021 penitus
714 4940 1122 5004 interibit.Per
1151 4962 1215 5004 se
1243 4961 1383 5005 vero
1418 4943 1729 5006 mobilium
1770 4945 1936 5026 dixit,
1988 4964 2093 5025 pro

448 5029 623 5092 liberi
677 5029 937 5108 arbitrii,
972 5033 1181 5113 suique
1204 5033 1363 5114 juris
1392 5050 1460 5097 ac
1490 5040 1799 5115 potestatis
1828 5039 2093 5097 existen-

448 5119 597 5182 tium
629 5138 750 5182 non
782 5128 979 5183 autem
1004 5141 1110 5204 pro
1142 5141 1206 5184 se
1237 5124 1623 5190 moventium.
1661 5124 1735 5185 ad
1752 5124 2092 5187 distinctio-

450 5228 588 5271 nem
616 5209 1111 5285 immobilium,ut
1143 5212 1462 5290 donorum;
1489 5214 1581 5275 vel
1612 5213 1686 5276 ab
1719 5214 1850 5277 aliis
1894 5222 2093 5278 moto-

443 5319 577 5362 rum
598 5307 661 5362 ut
692 5300 981 5381 lapidum°
1015 5302 1351 5366 dissserens
1380 5301 1540 5365 enim
1572 5305 1647 5366 de
1678 5303 1892 5367 virtute
1929 5308 2092 5364 αὖτο-

443 5391 831 5472 κινῂτους,εοιι
854 5410 960 5473 per
982 5410 1047 5456 se
1073 5392 1641 5474 mobiles,tanquam
1671 5393 1898 5458 liberos
1928 5412 2094 5458 accec

2196 3417 2488 3497 ἧγουμένου
2542 3416 2947 3485 κατασκευάζων
2996 3416 3056 3469 τὸ
3117 3413 3401 3487 ἑπόμενον
3464 3410 3537 3481 ἐν,
3573 3415 3705 3466 πᾶσι
3759 3410 3859 3488 γὰρ

2191 3521 2309 3571 τοῖς
2375 3508 2517 3564 οὖσιν
2554 3510 2582 3575 ἧ
2627 3505 2847 3586 πρόνοιά
2877 3505 3013 3580 ἐστι,
3043 3505 3130 3560 καὶ
3189 3501 3332 3558 οὐδὲν
3361 3506 3468 3557 τῶν
3521 3498 3693 3557 ὄντων
3727 3499 3857 3555 ὀλο-

2192 3597 2360 3664 τελῶς
2414 3596 2769 3675 ἀπρονόητον,
2804 3603 2958 3653 τοῦτο
3016 3595 3117 3672 γὰρ
3177 3594 3312 3666 ἐστι,
3373 3591 3437 3646 τὸ
3480 3588 3708 3646 καθόλου
3769 3587 3861 3645 τοῦ

2194 3690 2389 3765 ἀγαθοῦ
2416 3687 2717 3765 ἐστέρηται.
2776 3686 2876 3744 Καί
2906 3685 2956 3741 τί
3006 3682 3149 3762 λέγω
3180 3681 3267 3739 ἐπί
3292 3694 3409 3745 τοῖς
3466 3679 3777 3758 γινομένοις
3819 3679 3855 3747 ἢ

2193 3778 2333 3837 οὖσιν
2381 3775 2603 3855 ἀγαθοῖς
2639 3796 2656 3851 ;
2712 3773 2852 3833 ἀλλὰ
2881 3774 2971 3830 καί
3023 3776 3206 3835 αὐτοῖς
3237 3784 3355 3836 τοῖς
3390 3766 3698 3847 γινομένοις
3751 3790 3861 3825 κα-

2192 3881 2334 3947 κοῖς,
2370 3865 2753 3945 ἂγαθοπρεπῶς
2810 3866 2845 3933 ἡ
2891 3868 3112 3941 πρόνοια
3161 3861 3420 3927 κέκτηται
3450 3860 3583 3937 πρὸς
3637 3880 3860 3939 σωφρο-

2195 3959 2405 4037 νισμὸν,
2438 3957 2473 4024 ἢ
2529 3957 2739 4012 ἐκείνων
2772 3956 2966 4028 αιῦτῶν,
3000 3952 3035 4020 ἢ
3067 3950 3269 4029 ἄλλων,
3303 3948 3384 4006 διὸ
3416 3951 3597 4014 κακῶς
3659 3948 3860 4027 λέγω·

2194 4069 2276 4103 σιν
2334 4047 2380 4103 οἱ
2439 4044 2710 4124 λέγοντες⁹
2772 4045 2869 4099 Διὰ
2924 4043 2974 4098 τί
3030 4045 3126 4100 οὒκ
3167 4041 3419 4107 εποίησεν
3470 4041 3616 4113 ἡμᾶς
3650 4040 3678 4094 ὁ
3725 4040 3859 4102 Θεὸς

2194 4135 2385 4209 οὕτως,
2412 4133 2526 4210 ἕνα,
2563 4134 2661 4192 κᾶν
2688 4132 2949 4213 θέλωμεν,
2987 4132 3066 4208 μὴ
3097 4130 3488 4207 ἆμαρτάνωμεν
3520 4147 3538 4203 ;
3568 4134 3731 4185 τοῦτο
3754 4128 3855 4207 γὰρ

2193 4225 2341 4285 οὐδὲν
2398 4223 2572 4304 ἕτερόν
2606 4226 2746 4282 ἐστιν
2796 4222 2832 4291 ἢ
2864 4221 3061 4301 λέγειν’
3117 4220 3215 4276 Διά
3244 4220 3293 4276 τί
3338 4221 3417 4295 μὴ
3448 4218 3712 4288 ἀνοήτους
3760 4219 3849 4275 καὶ

2188 4316 2415 4396 ἀλόγους
2451 4318 2589 4391 ἡμᾶς
2620 4314 2836 4381 ἐποίησε
2870 4329 2886 4388 ;
2919 4314 2991 4370 Τὸ
3021 4311 3120 4391 γὰρ
3161 4310 3216 4376 ἒξ
3249 4309 3486 4388 ἀνάγκης
3527 4310 3677 4384 ἡμᾶς
3708 4306 3845 4387 ἄγεσ-

2188 4410 2330 4486 σθαι,
2363 4403 2447 4463 ἐπ’
2500 4405 2694 4483 ἀρετὴν
2724 4404 2842 4460 οὒτε
2890 4400 3280 4480 αὖτοκράτορας
3320 4400 3461 4473 ἡμᾶς
3495 4396 3699 4454 ἐδείκνυ
3739 4403 3845 4454 τῶν

2184 4498 2302 4555 καθ’
2334 4497 2572 4574 ἑαυτοὺς,
2619 4491 2735 4553 οὔτε
2766 4493 2865 4560 τὴν
2923 4492 3104 4570 νοερὰν
3134 4492 3289 4564 ἡμῶν
3323 4488 3477 4569 φύσιν
3506 4487 3654 4545 εἶναι
3699 4509 3848 4544 συνε-

2184 4590 2379 4668 γώρει.
2416 4584 2626 4643 ”Ανελε
2655 4594 2779 4663 γοῦν
2808 4584 2963 4657 ἡμῶν
2993 4583 3054 4637 τὸ
3098 4579 3455 4657 αὒτεξούσιον,
3485 4580 3578 4634 καὶ
3607 4575 3731 4633 οὔτε
3764 4578 3840 4633 εἷ-

2181 4667 2290 4735 κὼν
2322 4685 2453 4736 Θεοῦ
2482 4675 2731 4749 ἐσόμεθα,
2766 4670 2884 4731 οὔτε
2914 4671 3097 4747 ἕξομεν
3125 4668 3305 4749 ψυχας
3349 4667 3571 4748 λογικὰς
3600 4669 3694 4723 καὶ
3722 4688 3843 4724 νοε-

2183 4790 2298 4847 ρας,
2333 4766 2422 4823 καί
2450 4772 2526 4839 τῷ
2560 4763 2670 4820 ὅντι
2703 4762 3028 4842 φθαρήσεται
3061 4761 3095 4828 ἦ
3137 4761 3293 4840 φύσις
3336 4760 3516 4833 ἡμῶν.
3551 4756 3844 4825 Antonini-

2183 4880 2286 4914 των
2314 4853 2391 4930 δὲ,
2424 4855 2539 4911 ἀντί
2582 4861 2673 4910 τοῦ
2706 4852 3048 4917 αὖτεξουσίων
3078 4849 3166 4906 καί
3218 4847 3622 4927 αὐτοκρατόρων
3656 4847 3837 4927 φησίν.

2179 4946 2239 5004 0'3
2270 4947 2369 5023 γὰρ
2399 4945 2505 5001 τῶν
2565 4944 2777 5006 ἑαυτοὺς
2809 4941 3093 4999 κινούντων
3138 4939 3269 5017 πρὸς
3298 4934 3713 5003 ἀντιδιαστολὴν
3741 4942 3843 4993 τῶν

2179 5036 2446 5106 ἀκινήτων
2505 5036 2579 5098 ὡς
2611 5033 2802 5113 οῗκων,
2833 5031 2868 5099 ἣ
2929 5030 3338 5109 ἑτεροκινήτων,
3373 5030 3447 5092 ὡς
3492 5026 3681 5083 λίθων
3730 5024 3845 5104 περί

2180 5148 2281 5204 γαρ
2312 5125 2506 5205 ἀρετῆς
2541 5122 2941 5200 διαλεγόμενος,
2978 5122 3101 5182 τοὺς
3135 5118 3513 5188 αὖτοκινήτους
3544 5117 3618 5179 ὡς
3685 5118 3842 5174 αὖτε-

2177 5215 2411 5283 ξουσίους
2469 5210 2759 5293 παρέλαϐε,
2795 5210 3023 5289 Συνάγει
3074 5207 3173 5287 ἄρα
3221 5208 3477 5282 ἐντεῦθεν,
3512 5206 3601 5262 ’ὁτι
3634 5205 3734 5263 οὒκ
3786 5205 3840 5260 ὃν

2174 5308 2236 5363 τὸ
2288 5305 2473 5384 κακὸν,
2507 5304 2595 5360 καί
2642 5304 2676 5371 ἡ
2710 5301 2911 5381 γένεσις
2963 5299 3119 5356 αὒτοῦ
3150 5298 3207 5355 οὗ
3245 5299 3380 5355 κατὰ
3423 5295 3670 5371 δύναμιν,
3709 5294 3843 5351 ἀλλὰ

2179 5396 2314 5454 κατὰ
2348 5394 2641 5456 ἀσθένειαν.

446 5481 553 5561 pit.
587 5480 739 5570 Hinc
773 5482 969 5564 itaque
1000 5482 1305 5545 coni-ludit
1340 5481 1558 5545 malum
1590 5504 1711 5548 non
1742 5503 1873 5548 esse
1907 5504 2036 5569 ens,
2071 5487 2393 5570 ipsumque
2422 5482 2588 5564 gigni
2619 5500 2738 5545 non
2768 5479 3102 5545 secundum
3134 5478 3435 5541 virtutem.
3472 5474 3581 5538 sed
3614 5490 3841 5536 secun-

447 5571 587 5634 dum
620 5569 1117 5637 imbecillitatem.

523 5660 551 5740 §
581 5659 853 5724 XXXIV.
894 5664 963 5726 Et
988 5663 1320 5727 immutatio
1351 5663 1795 5741 daemonum,ab
1826 5664 1994 5729 initio
2022 5687 2096 5733 ex

446 5749 601 5814 bono
635 5751 1157 5831 existentium,sed
1191 5774 1310 5818 non
1334 5773 1454 5834 qua
1475 5754 1792 5833 malorum,
1822 5758 1927 5821 sed
1978 5778 2097 5841 qua

2259 5669 2288 5749 §
2339 5662 2596 5729 XXXIV.
2632 5664 2731 5725 Καί
2784 5666 2820 5733 ἡ
2854 5660 3139 5726 ἀλλοίωσις
3197 5665 3301 5717 τῶν
3343 5653 3610 5749 δαιμᾷνων
3750 5653 3843 5714 τοῦ

2177 5744 2373 5840 ἀγέοοῡ
2403 5756 2571 5815 ὅντων
2602 5755 2861 5837 ἀρχῆθεν,
2896 5751 3016 5812 ἀλλ’
3060 5754 3155 5811 οὐκ
3187 5752 3224 5829 ᾗ
3252 5753 3455 5825 κακῶν,
3486 5744 3608 5806 ἀλλ’
3636 5746 3673 5824 ᾗ
3703 5745 3844 5828 ἀγα-
