4032 6426
186 384 309 460 813
653 385 749 459 DE
794 390 1091 460 DIVINIS
1132 388 1579 470 NOMINIBUS,
1628 394 1792 460 CAP.
1842 389 1946 461 IV.
1996 422 2071 443 σέ-
2126 394 2516 463 PARAHPR.
2569 392 3081 463 PACHYMERE.
3458 399 3575 466 814

182 536 292 589 θῶν
348 533 438 588 καί
466 530 844 611 ἄγγελοειδῶν,
901 535 937 603 ἥ
1007 533 1123 609 περὶ
1154 534 1253 602 τήν
1296 536 1393 599 τῆς
1445 530 1829 610 ἀγγελοειδεὶας

1917 529 2209 596 bonorum
2224 542 2281 596 et
2300 533 2912 614 angeliformium,aut
2932 534 3259 597 identitatis
3279 536 3565 616 angelicae

182 622 492 690 ταύτότητα
522 622 757 698 ἔλλειψις
788 623 876 678 καὶ
906 622 1155 679 ἀσθένεϊά
1185 623 1320 685 ἐστι,
1352 622 1508 700 Λέγω
1540 619 1594 677 δὲ
1640 620 1721 677 ὅτι
1755 621 1830 676 rari

1925 621 2131 685 forma:
2174 632 2261 685 est
2319 625 2572 687 defectio
2622 632 2680 686 et
2728 624 3132 688 imbecillitas.
3178 627 3321 689 Dico
3373 634 3574 689 autem

185 712 333 769 οὗτοι
359 719 452 770 τοῦ
477 713 675 791 ἀγαθοῦ
704 712 957 792 ἐφίενται,
991 714 1121 769 καθὸ
1142 720 1234 768 τοῦ
1262 716 1428 786 εἶναι,
1471 711 1566 767 καί
1599 719 1692 769 τοῦ
1722 715 1830 790 ζῇν1

1924 709 2033 772 hos
2068 711 2289 773 bonum
2323 712 2761 787 desiderare,in
2798 721 3086 795 quantum
3131 722 3189 777 et
3234 733 3365 778 esse
3396 724 3455 778 et
3484 723 3575 777 vi-

183 803 276 859 καὶ
330 810 424 860 τοῦ
454 806 597 858 νοεῖν
628 801 857 882 ἐφίενται
888 818 902 833 ⁸
950 804 1039 858 καὶ
1070 801 1122 867 ἐξ
1166 801 1483 883 ἀποφάσεως
1542 800 1834 880 ἐπιχειρεν

184 893 245 949 Ei
278 891 374 949 οὒκ
425 893 657 971 ἐφιενται
701 891 793 948 τοῦ
822 891 1036 970 ἀγαθοῦ,
1093 895 1324 971 ὶφίενται
1381 891 1473 948 106
1527 891 1605 965 μὴ
1639 888 1786 954 ὄντος
1820 906 1833 920 ·

1925 818 2061 863 vere
2094 810 2153 863 et
2173 802 2510 883 intelligere
2536 802 2967 881 (lesiderant;et
2991 823 3061 867 ex
3090 810 3418 866 assertione
3435 823 3572 866 con-

1922 890 2196 954 cludit:Si
2213 911 2331 954 non
2347 892 2682 955 desiderant
2717 893 3311 974 bonum,desiderant
3338 894 3395 955 id
3412 895 3572 972 quod

178 982 272 1037 καὶ
301 980 459 1038 τοῦτο
489 983 666 1060 ἔφεσις
698 978 793 1035 οὒκ
838 979 1000 1056 ἔστιν,
1036 980 1252 1057 οὐδεμία
1281 982 1380 1060 γὰρ
1411 980 1587 1058 ’έφεσις
1614 1001 1719 1036 τισι
1749 978 1830 1035 τοί

1918 979 2060 1040 426
2091 1000 2209 1043 non
2238 990 2416 1059 est;et
2460 983 2574 1044 hoc
2622 1000 2743 1043 non
2788 990 2878 1044 est
2908 983 3301 1058 desiderium,
3343 982 3571 1045 nullum

180 1072 261 1146 μὴ
294 1075 461 1151 εἶναι,
508 1070 644 1126 ἀλλά
664 1072 930 1149 φθαρῆναι
964 1085 978 1100 ⁸
1013 1060 1136 1127 ἀλλ’
1166 1071 1396 1151 ἀμαρτία
1427 1073 1580 1128 10610
1609 1070 1709 1135 τῆς
1744 1067 1830 1125 ὅν-

1921 1070 2081 1131 enim
2113 1070 2492 1153 quibuspiam
2527 1071 2889 1134 desiderium
2925 1080 3012 1134 est
3046 1091 3162 1133 non
3196 1072 3573 1147 essendi,sed

176 1182 288 1226 τως
334 1161 589 1239 ἐφέσεως.

264 1249 295 1329 §
321 1247 565 1315 XXXV.
595 1239 813 1316 Ἐπειδὴ
840 1248 1019 1324 εἶπεν,
1053 1249 1134 1306 ὅτι
1162 1250 1223 1306 τὸ
1249 1251 1413 1306 κακὸν
1432 1249 1673 1307 ἀσθένειά
1701 1247 1837 1323 ἐστι,

1922 1161 2249 1239 corrumpi;
2300 1170 2358 1222 at
2388 1162 2501 1223 hoc
2531 1165 2626 1224 est
2656 1179 2829 1223 error
2857 1161 2984 1224 veri
3029 1161 3338 1225 desiderii.

2000 1253 2026 1325 §
2053 1248 2437 1314 XXXV.Cum
2462 1250 2932 1332 dixerit,malum
2956 1250 3017 1312 in
3048 1269 3411 1332 unoquoque
3438 1270 3572 1315 esse

178 1342 270 1396 καὶ
302 1338 540 1416 ἔλλειψις
574 1346 667 1397 τοῦ
690 1338 742 1395 ἐν
775 1339 985 1411 ἑκάστῳ
1001 1338 1364 1419 ἀγαθουίίέστι
1397 1337 1449 1395 δὲ
1483 1339 1535 1396 ἔν
1563 1345 1666 1396 τῶν
1698 1338 1830 1416 ἀγα-

1920 1336 2389 1403 imbecillitatem
2412 1350 2473 1401 et
2498 1340 2898 1403 defectionem
2928 1339 3093 1415 boni,
3132 1340 3425 1402 bonorum
3455 1359 3571 1404 au-

179 1432 286 1484 θῶν
319 1431 406 1485 καὶ
438 1432 470 1498 ἡ
498 1432 606 1485 τῶν
635 1427 814 1485 καλῶν
871 1434 1099 1509 γνῶσις⁹
1137 1430 1227 1486 καὶ
1269 1426 1553 1486 ἀκολουθεῖ
1575 1430 1832 1507 ἒντεῦθεν,

176 1524 355 1575 πᾶσαν
399 1520 496 1586 τὴν
546 1517 630 1574 διὰ
679 1516 916 1597 πράξεως
947 1517 1207 1597 ἁμαρτίαν
1267 1517 1497 1595 γίνεσθαι
1557 1516 1611 1573 ἐν
1640 1522 1708 1594 τῇ
1737 1514 1832 1572 ἐλ-

178 1606 469 1683 λείψειτῆς
502 1610 750 1675 τοιαύτης
783 1609 1053 1687 γνώσεως·
1102 1631 1218 1673 πως
1267 1606 1374 1664 ἔχει
1406 1610 1491 1682 τὸ,
1530 1608 1657 1665 0ὒαὶ
1709 1619 1831 1671 τοῖς

1923 1433 2039 1489 tem
2073 1428 2488 1511 malorumque
2517 1429 2595 1491 sit
2620 1448 2738 1491 una
2758 1429 3045 1509 cognitio,
3079 1438 3137 1491 et
3161 1429 3303 1491 hinc
3346 1448 3569 1512 sequa-

1916 1522 2220 1597 tur,omne
2253 1526 2561 1599 peccatum
2612 1519 2865 1581 actionis
2922 1520 3053 1583 ﬁeri
3088 1518 3327 1583 defectu
3358 1520 3567 1582 istius-

1915 1606 2076 1667 modi
2106 1608 2486 1688 cognitionis;
2541 1607 2840 1689 quomodo
2896 1608 3181 1670 subsistet
3233 1607 3380 1669 illud
3416 1630 3431 1667 :
3466 1610 3569 1671 Vae

175 1697 230 1753 ἐν
253 1699 450 1775 γνώσει
482 1698 841 1776 ἁμαρτάνουσι
874 1703 887 1760 ι
920 1700 1007 1755 καὶ
1067 1699 1155 1778 τὸ,
1200 1696 1262 1755 Ὀ
1337 1697 1487 1763 εἰδὼς
1529 1699 1591 1755 τὸ
1622 1694 1830 1763 θέλημα

1917 1696 2298 1775 peccantibus
2311 1715 2446 1758 cum
2466 1695 2831 1776 cognitione!
2863 1706 2921 1759 et
2952 1696 3339 1759 illud:Sciens
3353 1700 3570 1761 volun-

176 1798 267 1846 106
330 1789 519 1867 Κυρίου
568 1793 745 1868 αὐτοῦ³
791 1789 879 1845 καὶ
962 1788 1039 1863 μὴ
1097 1794 1264 1845 ποιῶν
1324 1787 1475 1863 αὐτὸ,
1536 1783 1829 1866 δαρήσεταί

1917 1790 2102 1879 tatem
2138 1788 2546 1879 liomini‘suzj,
2574 1793 2775 1879 etnon
2795 1788 3027 1879 faciens
3054 1803 3214 1879 eum,
3252 1787 3572 1879 uapulabit

176 1877 417 1955 πολλὰς
449 1876 587 1935 ὥστε
620 1881 697 1955 μη
728 1877 1023 1956 γενομένης
1057 1881 1155 1945 τῆς
1188 1883 1280 1934 τοῦ
1314 1875 1482 1934 καλοῦ
1512 1874 1828 1956 ἐλλείψεως,

174 1966 431 2035 δηλονότι
479 1972 576 2037 τῆς
634 1968 909 2047 γνώσεως,
969 1969 1004 2036 ἡ
1058 1966 1287 2046 ἁμαρτία
1347 1966 1545 2045 πέφυκε
1574 1965 1828 2043 γίνεσθαι.

176 2060 495 2133 Θαυμασίως
527 2061 649 2136 γοῦν
685 2056 794 2113 λύει
824 2059 887 2113 τὸ
918 2056 1139 2137 ἄπορον,
1197 2057 1276 2113 ὅτι
1318 2057 1539 2113 κάκεῖσε
1596 2052 1831 2130 ἔλλειψίς

174 2170 253 2211 τις
285 2146 597 2223 ἀκολουθεῖ,
629 2149 716 2203 καὶ
747 2147 988 2203 ἀσθένεια
1024 2165 1037 2181 ⁸
1086 2147 1355 2203 ἀσθενοῦσι
1388 2147 1487 2224 γὰρ
1520 2144 1761 2201 κάκεῖνοι
1795 2144 1830 2212 ἢ

174 2237 299 2315 περὶ
338 2237 440 2304 τὴν
472 2239 681 2315 πίστιν,
732 2237 807 2299 ὡς
838 2236 1115 2299 ἀκούοντες
1149 2236 1271 2310 μὲν,
1298 2235 1375 2311 μὴ
1403 2234 1623 2313 ἔχοντες
1650 2229 1703 2287 δὲ
1736 2254 1829 2289 τε-

172 2326 321 2383 λειαδ
372 2329 545 2383 πίστιν
602 2328 709 2382 τῶν
766 2324 1070 2404 λεγομένων
1106 2341 1119 2355 ·
1156 2328 1191 2396 ἥ
1242 2327 1360 2404 περὶ
1408 2326 1505 2391 τὴν
1564 2324 1830 2406 ἐνέργειαν

170 2416 317 2471 κατά
348 2417 446 2481 τὴν
475 2418 821 2493 παρατροπὴν
864 2416 963 2480 τῆς
995 2414 1236 2494 ὀρέξεως,
1297 2411 1484 2479 καθ’ἥν
1544 2419 1603 2473 οὐ
1635 2416 1829 2491 βούλε-

166 2510 260 2560 ταί
290 2527 367 2567 τις
404 2507 459 2560 τὸ
489 2506 707 2583 ἀγαθὸν,
746 2502 880 2560 ἀλλά
911 2506 971 2559 τὸ
1000 2506 1187 2560 κακὸν·
1226 2503 1449 2559 καθόλου
1475 2504 1575 2581 γάρ
1605 2505 1632 2561 ὀ
1662 2512 1829 2563 ποιῶν

169 2596 228 2649 τὸ
268 2595 433 2651 κακόν
463 2592 776 2670 δι’ἒλλειψιν
808 2594 956 2650 ποιὲτ
998 2601 1177 2674 τοῦτο,
1210 2592 1245 2661 ἢ
1277 2599 1374 2669 τῇς
1435 2594 1682 2669 γνώσεως
1732 2600 1832 2662 τῆς

166 2681 427 2750 διδακτῆς
484 2682 757 2762 δῆλονὸτι,
828 2682 893 2750 ἦν
972 2687 1059 2739 καὶ
1115 2682 1253 2753 λήθη
1310 2682 1572 2747 πολλάκις
1620 2683 1832 2742 δύναται

168 2774 517 2850 ἀμαυρῶσαι,
551 2772 615 2841 ἦν
653 2773 750 2830 καῖ
776 2773 1025 2851 ἀνωτέρω
1055 2772 1158 2852 ἔφη
1181 2772 1232 2837 ἐξ
1284 2774 1450 2839 ἀκοῆς
1482 2772 1775 2852 ἐγγὶνεσθαι
1812 2788 1826 2805 ⁸

165 2862 202 2931 ἥ
235 2863 339 2926 τῆς
369 2861 606 2931 ἀλήστου
636 2862 908 2941 γνώσεως,
945 2860 1192 2928 δηλονότι
1231 2861 1327 2937 τῇς
1361 2862 1420 2918 ἐκ
1450 2868 1676 2942 φυσικῆς
1706 2866 1833 2923 θεω.

1914 1875 2197 1938 multis“?
2215 1895 2333 1938 non
2358 1875 2489 1939 sine
2514 1876 2657 1938 boni
2671 1894 2777 1937 seu
2802 1875 3160 1955 cognitionis
3182 1875 3415 1938 defectu
3436 1895 3571 1956 pec-

1914 1971 2107 2024 catum
2133 1965 2263 2027 ﬁeri
2284 1964 2765 2047 possit.Mirabili
2792 1982 2937 2027 sane
2953 1964 3131 2026 modo
3148 1964 3396 2025 resolvit
3413 1984 3571 2047 quaa-

1913 2052 2194 2131 stionem,
2229 2055 2388 2135 quod
2422 2054 2703 2116 nimirum
2727 2055 2823 2116 hic
2855 2054 3032 2116 etiam
3056 2054 3412 2116 interveniat
3456 2054 3573 2116 de-

1914 2139 2091 2205 fectio
2137 2144 2409 2224 quaedam
2464 2152 2645 2224 atque
2693 2142 3103 2223 imbecillitas;
3136 2142 3412 2223 quoniam
3473 2143 3568 2206 illi

1913 2249 2151 2313 quoque
2180 2231 2663 2295 inﬁrmanturvel
2693 2234 2853 2294 circa
2885 2232 3086 2308 ﬁdem,
3114 2232 3195 2293 ita
3219 2232 3565 2308 utaudiant,

1914 2321 2018 2387 sed
2051 2322 2124 2381 iis
2153 2340 2287 2398 quae
2305 2321 2586 2384 dicuntur
2604 2322 2833 2383 ﬁrmam
2867 2321 3045 2383 ﬁdem
3073 2339 3193 2381 non
3217 2320 3568 2396 adhibeant;

1913 2410 2010 2471 vel
2031 2411 2192 2472 circa
2214 2410 2979 2491 operationem,secundum
3004 2409 3290 2472 desiderii
3320 2427 3568 2490 perver-

1915 2501 2173 2582 sitatem,
2206 2501 2363 2581 quod
2395 2500 2536 2562 velit
2564 2503 2697 2580 quis
2729 2519 2846 2561 non
2879 2498 3126 2575 bonum,
3160 2498 3265 2560 sed
3310 2500 3558 2582 malum;

1915 2589 2238 2651 universim
2274 2589 2432 2650 enim
2488 2590 2590 2670 qui
2635 2589 2777 2651 facit
2804 2589 3048 2669 malum,
3084 2597 3326 2669 propter
3355 2588 3561 2652 defec-

1914 2690 2044 2741 tum
2088 2678 2144 2740 id
2186 2678 2352 2759 facit,
2383 2678 2474 2741 vel
2508 2678 2865 2758 cognitionis
2915 2678 3147 2740 scilicet
3186 2678 3558 2756 doctrinalis,

1915 2786 2088 2849 quam
2124 2770 2214 2831 vel
2246 2768 2463 2830 oblivio
2497 2786 2913 2849 szepenumoro
2957 2768 3309 2830 oblitterare
3343 2776 3558 2848 potest,

1914 2875 2086 2939 quam
2112 2858 2288 2918 etiam
2305 2857 2581 2939 superius
2602 2856 2750 2919 dixit
2772 2876 2841 2919 ex
2866 2856 3069 2918 auditu
3101 2857 3562 2936 ingenerari;vel

168 2952 309 3029 ρίας,
334 2949 369 3018 ἦ
406 2950 752 3028 ὲλλάμψεως,
813 2950 1104 3014 ἀδιδάκτως
1156 2950 1582 3033 προσιγνομένης
1618 2973 1633 2989 ·
1665 2954 1701 3019 ἦ
1730 2959 1828 3022 τῆς

1917 2947 2153 3028 liquida;
2174 2947 2703 3024 cognitionis,quaa
2735 2946 3015 3009 nimirum
3047 2964 3121 3009 ex
3166 2947 3560 3009 naturalime-

166 3043 424 3115 πίστεως,
458 3042 533 3104 ὣς
571 3042 777 3099 ἀκούων
808 3043 928 3123 μὲν,
995 3047 1072 3117 μῆ
1104 3041 1247 3122 ἔχων
1284 3039 1337 3096 δὲ
1368 3041 1574 3098 τελείαν
1605 3043 1702 3109 τὴν
1734 3044 1827 3098 πί-

1912 3037 2199 3099 ditatione
2229 3045 2327 3099 aut
2357 3036 2749 3100 illustratione
2780 3037 2910 3098 sine
2958 3035 3205 3099 doctore
3255 3038 3505 3099 inhaeret
3540 3055 3557 3113 ;

169 3153 282 3187 στιν
331 3111 465 3210 προς
498 3134 563 3189 τὰ
608 3111 874 3211 λεγόμενα
909 3111 927 3166 ί
957 3111 1006 3200 ἥ·
1051 3111 1171 3200 τῆς.
1206 3132 1458 3212 ἐφέσεως,
1520 3131 1600 3189 ὅτι
1647 3140 1827 3198 κακῶς

1917 3128 2005 3189 vel
2036 3128 2196 3202 ﬁdei,
2225 3127 2303 3188 ita
2340 3136 2404 3188 ut
2427 3127 2562 3205 quis
2593 3126 2793 3189 audiat
2818 3126 3199 3208 quidem,sed
3220 3146 3338 3189 non
3366 3111 3563 3208 perfe-

171 3221 369 3300 ἐφίεται
426 3221 523 3279 καὶ
554 3223 846 3302 ἁμαρτάνει
878 3221 1003 3300 περί
1032 3224 1133 3289 τὴν
1181 3223 1360 3303 ἔφεσιν
1394 3239 1408 3253 ⁶
1461 3221 1496 3289 ἥ
1550 3222 1647 3290 τῆς
1679 3222 1830 3301 ἐνερ-

168 3312 314 3389 γείας
359 3318 454 3369 τοῦ
503 3313 721 3392 ἀγαθοῦ,
782 3315 855 3377 ὡς
891 3310 1216 3389 βουλόμενος
1277 3311 1377 3386 μὲν
1440 3310 1721 3390 ἕνεργῆσαι
1770 3314 1832 3368 τὸ

166 3401 390 3477 ἀγαθὸν,
426 3400 843 3477 ἐμποδιζόμενος
874 3401 929 3457 δὲ
964 3400 1048 3461 διά
1077 3420 1149 3457 τι·
1200 3400 1316 3457 ὅθεν
1355 3402 1443 3456 καὶ
1486 3401 1592 3456 ἀπὸ
1646 3401 1831 3457 τούτου

164 3487 437 3545 εἰσϐάλλει
471 3491 686 3567 ἀπορία,
738 3494 939 3565 Καίτοι,
987 3493 1117 3571 φαίη
1149 3512 1227 3553 τις
1260 3489 1344 3566 ἄν,
1379 3492 1740 3570 συγγνωστὸν,
1774 3492 1834 3547 06

160 3582 479 3657 τιμωρητὸν
514 3579 1020 3649 ηάσθένειιηἊλΥ
1052 3581 1196 3645 εὐθὺς
1230 3582 1264 3648 ἡ
1301 3578 1471 3644 λύσις,
1508 3583 1564 3637 Ei
1610 3579 1707 3656 μὲν
1740 3582 1835 3637 οὐκ

162 3671 403 3751 εἴχομεν
447 3672 508 3727 τὸ
539 3669 808 3751 δύνασθαι,
844 3677 1023 3735 καλῶς
1054 3670 1116 3726 ἄν
1152 3671 1310 3750 εἶχεν
1341 3672 1368 3725 ὃ
1398 3669 1581 3747 λόγος·
1633 3669 1743 3726 ἐπεὶ
1776 3668 1831 3725 δὲ

162 3761 224 3817 ἐκ
274 3768 369 3817 τοῦ
400 3761 597 3839 ἀγαθοῦ
623 3763 763 3837 ἡμὶν
794 3763 854 3818 τὸ
884 3758 1155 3839 δύνασθαι,
1191 3762 1284 3816 οὐκ
1313 3759 1587 3816 ἐπαινετὸν
1616 3760 1651 3827 ἡ
1715 3761 1833 3836 περὶ

160 3852 228 3907 τὸ
292 3852 492 3928 ἀγαθὸν
542 3852 795 3927 ἁμαρτία.
857 3849 1026 3907 Ἀλλά
1077 3852 1240 3905 ταῦτα
1272 3850 1370 3925 μὲν
1414 3848 1468 3905 ἐν
1500 3848 1663 3928 ἑτέρῳ
1694 3871 1830 3926 συγ-

162 3941 447 4019 γράμματι
478 3939 814 4022 διελάϐομεν,
861 3941 977 3997 καθ’
1017 3939 1077 4007 ἶνίν
1124 3940 1490 4019 πραγματείαν
1532 3942 1620 3997 καὶ
1673 3943 1830 4019 ἡγω-

162 4031 428 4106 νισάμεθα
481 4033 615 4111 πρὸς
659 4036 780 4095 τοὺς
832 4032 949 4109 περὶ
1005 4032 1206 4088 τούτων
1238 4030 1571 4110 σοφιστικοὺς
1605 4032 1691 4087 καὶ
1723 4052 1831 4086 πα-

159 4121 430 4200 ράφρονας
475 4120 667 4201 λόγους
693 4137 707 4152 ⁸
769 4129 856 4179 νῦν
914 4120 969 4177 δὲ
1002 4123 1140 4197 ἡμῖν
1186 4119 1485 4198 ἀρκούντως
1541 4122 1603 4176 τὸ
1635 4122 1831 4198 ἀγαθὸν

156 4212 424 4291 ὕμνηται,
471 4212 545 4276 ὡς
576 4213 788 4269 πάντων
823 4217 927 4269 τῶν
960 4212 1169 4289 ἀγαθῶν
1202 4210 1402 4286 αἴτιον,
1458 4213 1554 4267 καὶ
1590 4215 1696 4266 τῶν
1728 4231 1832 4266 κα-

161 4304 275 4358 κῶν
308 4302 564 4358 ἁναίτιον⁹
596 4305 669 4364 ὡς
702 4301 986 4374 εἰδοποιὸν,
1020 4302 1107 4358 καὶ
1146 4302 1218 4365 ὡς
1266 4299 1428 4379 πέρας
1468 4307 1573 4357 τῶν
1606 4298 1771 4357 ὄντῶν
1811 4316 1826 4332 ⁶

1916 3228 2006 3279 cte
2038 3217 2245 3279 credat
2275 3236 2344 3280 ea
2359 3236 2488 3298 qua;
2519 3217 2823 3294 dicuntur;
2844 3217 2933 3278 vel
2964 3216 3345 3291 desiderii,ut
3375 3235 3563 3296 quan-

1916 3309 1990 3370 do
2015 3308 2146 3387 quis
2165 3308 2316 3369 male
2345 3307 2646 3371 desiderat
2675 3314 2950 3388 etpeccat
2979 3307 3139 3369 circa
3167 3306 3557 3381 desiderium;

1913 3397 2005 3459 vel
2041 3398 2405 3479 operationis
2431 3397 2622 3472 honre,
2659 3398 2742 3459 ita
2775 3405 2836 3459 ut
2867 3397 3009 3460 velit
3057 3396 3297 3478 quidem
3333 3394 3562 3459 bonum

1916 3505 2190 3567 agere,re
2212 3496 2408 3551 autem
2432 3488 2707 3567 quapiam
2735 3487 3156 3567 prazpediatur,
3194 3486 3355 3547 unde
3377 3487 3560 3548 etiam

1916 3578 2055 3638 hinc
2083 3579 2274 3639 oritur
2299 3577 2950 3657 defectus.Atquidicet
2970 3575 3563 3655 aliquis,condonan-

1918 3669 2059 3729 dum
2094 3684 2228 3730 esse
2254 3666 2754 3742 inﬁrmitatem,et
2776 3666 3023 3727 minime
3056 3665 3442 3745 puniendam.
3479 3664 3569 3726 En

1916 3757 1978 3819 in
2009 3765 2283 3838 promptu
2305 3756 2869 3837 solutio,Siquidem
2904 3756 3154 3818 facultas
3187 3774 3305 3816 non
3337 3773 3564 3836 suppe-

1913 3854 2088 3920 teret,
2124 3857 2287 3911 recte
2318 3848 2524 3924 utique
2577 3846 2636 3908 id
2684 3846 2987 3909 diceretur
3022 3867 3039 3926 ;
3099 3864 3233 3906 cum
3265 3854 3460 3907 autem
3496 3863 3568 3907 ex

1916 3939 2073 4001 bono
2109 3937 2282 4000 nobis
2312 3938 2392 3999 sit
2410 3954 2991 4018 posse,nequaquam
3023 3934 3338 3996 laudabilis
3369 3943 3459 3996 est
3475 3933 3562 3996 la-

1915 4047 2058 4109 psus
2088 4028 2249 4089 circa
2278 4026 2754 4089 bonum.Verum
2787 4027 2912 4088 inec
2940 4025 3001 4086 in
3034 4032 3281 4086 tractatu
3308 4024 3565 4105 quodam

1914 4120 2027 4181 alio
2053 4117 2465 4199 explicuimus,
2484 4119 2541 4179 in
2564 4134 2682 4197 quo
2706 4124 2953 4178 tractatu
2983 4114 3386 4196 quorumdam
3419 4132 3565 4195 cap-

1914 4209 2094 4271 tiosas
2125 4218 2184 4269 et
2212 4208 2458 4271 stolidas
2479 4211 2745 4268 rationes
2769 4204 3395 4286 impugnavimuszjam
3421 4223 3560 4266 vero

1913 4319 1947 4363 a
1977 4299 2151 4363 nobis
2179 4299 2321 4360 satis
2353 4298 2654 4360 laudatum
2690 4294 3115 4376 estbonum,ut
3139 4311 3317 4356 causa
3343 4294 3559 4355 estbe-

162 4392 332 4471 πέρας
365 4390 417 4447 δὲ
442 4396 501 4451 οὗ
530 4393 771 4471 φυσικὸν,
828 4390 963 4448 ἀλλά
992 4389 1378 4470 δημιουργικὸν
1412 4390 1495 4469 (τὸ
1535 4390 1633 4468 γάρ
1664 4411 1821 4468 φυσι-

1917 4407 2119 4452 norum
2146 4392 2435 4469 omnium,
2459 4396 2516 4448 et
2549 4386 2769 4447 nullius
2792 4385 3025 4461 mali;ut
3046 4392 3332 4447 estcausa
3355 4382 3561 4444 formae

160 4482 261 4538 κόν
290 4482 456 4560 πέρας
489 4481 541 4537 ἐν
566 4486 643 4555 τῷ
674 4480 1049 4559 περατουμὲνῳ
1081 4481 1226 4559 ἐστὶ,
1273 4482 1344 4546 ὡς
1373 4480 1408 4547 ἡ
1438 4480 1638 4557 στιγμή
1671 4480 1725 4534 ἐν
1754 4483 1822 4555 τῇ

1917 4480 2175 4543 effectrix
2198 4497 2266 4540 ac
2304 4478 2439 4539 ﬁnis
2472 4476 2839 4547 rerum,ﬁnis
2877 4483 3074 4536 autem
3101 4492 3219 4535 non
3245 4472 3551 4548 naturalis,

159 4570 449 4652 γραμμῆ⁶)
497 4574 569 4637 ὡς
593 4572 687 4628 καὶ
721 4571 849 4627 τῦτά
892 4573 957 4628 τὰ
988 4570 1127 4627 κακά
1153 4571 1433 4647 ἁγαθῦνον,
1467 4569 1553 4625 καὶ
1597 4568 1677 4625 ὅτι
1707 4574 1817 4624 πᾶ-

1917 4570 2006 4632 sed
2034 4569 2301 4631 efﬁciens
2318 4566 2640 4637 (terminus
2661 4565 2820 4625 enim
2852 4564 3134 4625 naturalis
3154 4571 3242 4624 est
3264 4562 3325 4623 in
3345 4561 3556 4624 termi-

157 4684 249 4717 σιν
281 4660 424 4719 ἐστιν
453 4664 663 4741 ὶφετὸν,
698 4663 786 4718 καὶ
815 4661 913 4718 ὅσα
939 4659 1075 4717 ἂλλα
1106 4662 1133 4715 ὁ
1165 4658 1321 4735 λόγος
1351 4655 1614 4724 άπεδειξε.

1904 4659 2234 4733 nato,sicut
2260 4665 2542 4738 punctum
2575 4654 2635 4716 in
2668 4654 2844 4725 linea)
2871 4662 2932 4715 ut
2965 4654 3064 4735 qni
3100 4654 3275 4715 etiam
3302 4653 3561 4734 ipsamet

157 4750 324 4812 mala
372 4740 527 4813 bona
552 4748 771 4828 reddit,
806 4758 865 4814 et
895 4749 1000 4829 qui
1029 4747 1306 4811 omnibus
1336 4748 1413 4811 sit
1440 4748 1808 4829 expetendus
1839 4758 1899 4817 et
1945 4747 2234 4814 amandus
2266 4755 2323 4811 et
2353 4745 2709 4825 diligendus,
2738 4757 2797 4808 et
2825 4762 3195 4827 quascunque
3226 4742 3342 4807 alia
3369 4740 3557 4809 oratio

157 4840 631 4905 demonstravit.

246 5036 291 5066 ω
319 5020 467 5083 Luc.
499 5036 606 5096 xu,
641 5022 739 5086 47.
