4032 6424
450 317 570 381 819

1654 314 1712 378 S.
1764 311 2108 379 DIONYSII
2151 313 2666 379 AREOPAGIT/E

3717 311 3835 379 8‘20

2072 472 2216 553 5v.

527 641 721 704 Altius
755 643 953 722 itaque
984 645 1349 720 repetentes,
1387 638 1659 700 dicamus
1688 637 1871 699 rebus
1905 635 2156 697 omni-A

448 731 559 795 bus
581 741 640 794 et
661 733 1022 810 wvis,ipsum
1046 747 1177 791 esse
1207 727 1283 789 ab
1323 746 1394 790 eo
1425 727 1528 809 qui
1562 729 1911 807 praeexstitit
1935 724 2096 788 exis-

448 831 597 886 tere.
623 823 817 900 Atque
847 837 1025 880 omne
1056 817 1298 899 quidem
1329 835 1520 881 :evum
1553 836 1620 881 ac
1647 826 1882 898 tempus
1914 835 1984 877 ex
2005 815 2097 894 ip-

450 931 538 984 so,
569 913 766 974 omnis
796 927 931 971 vero
949 910 1052 970 aevi
1086 926 1154 968 ac
1187 907 1499 988 temporis,
1527 907 1740 984 reique
1772 904 2098 986 cujuslibet

447 1002 805 1082 principium
830 1017 898 1062 ac
928 1016 1105 1060 causa
1134 997 1186 1058 is
1217 1003 1305 1059 est
1331 997 1432 1078 qui
1471 996 1818 1079 praeexistit;
1854 1004 1910 1058 et
1943 1013 2092 1057 cun-

446 1101 534 1153 cta
566 1092 757 1170 ipsum
792 1087 1297 1168 participant,eta
1325 1085 1488 1147 nullo
1523 1085 1748 1146 entium
1779 1084 2096 1165 recedit;et

445 1181 573 1261 ipse
606 1186 694 1241 est
718 1188 858 1239 ante
883 1177 1466 1256 omnia,etuniversa
1487 1175 1550 1237 in
1581 1176 1709 1256 ipso
1733 1181 2089 1247 consistunt,

444 1279 503 1333 et
531 1268 884 1349 simpliciter
915 1267 964 1328 si
987 1269 1133 1348 quid
1156 1264 1607 1344 quomodolibet
1657 1265 1871 1341 existit,
1902 1264 1963 1324 in
1995 1262 2093 1342 ip-

445 1379 509 1422 so
536 1368 798 1440 praeente
818 1366 944 1419 tum
979 1365 1223 1438 est,tum
1247 1355 1632 1434 intelligitur,
1662 1362 1784 1416 tum
1815 1353 2095 1427 salvetur;

2264 635 2649 702 Ἀναλαϐόντες
2703 638 2790 694 οὖν
2845 635 3114 712 εἴπωμεν,
3176 635 3256 692 ὅτι
3289 642 3417 694 πᾶσι
3450 650 3574 703 τοῖς
3607 642 3724 696 οὖσι
3758 639 3850 695 καὶ

2181 739 2300 789 τοῖς
2333 728 2486 782 αἶῶσι
2533 726 2594 782 τὸ
2624 726 2768 783 εἶναι
2818 726 2960 805 παρὰ
3019 736 3110 783 τοὺ
3161 727 3419 804 προόντος
3464 726 3551 790 64.
3606 731 3706 788 Καὶ
3739 736 3846 793 πᾶς

2184 815 2282 889 μὲν
2312 815 2440 872 αἰὼν
2470 817 2557 872 καὶ
2587 815 2779 895 χρόνος
2829 814 2882 881 ἐξ
2930 817 3107 894 αὑτοῦ,
3154 817 3354 880 παντὸς
3396 816 3450 873 δὲ
3511 820 3599 875 καὶ
3650 820 3846 882 αἰῶνος

2181 906 2271 961 καὶ
2301 906 2526 985 χρόνου,
2557 907 2647 962 καὶ
2678 905 2875 967 παντὸς
2907 908 3149 964 ὁπωσοῦν
3179 904 3356 982 ὄντος,
3392 909 3418 963 'o
3468 909 3644 986 προὼν
3694 909 3847 989 ἀρχὴ

2181 997 2269 1051 καὶ
2325 995 2486 1051 αἰτία·
2567 995 2656 1051 καὶ
2713 996 2882 1051 πάντα
2942 995 3100 1052 αὐτοῦ
3184 995 3432 1078 μετέχει,
3493 1001 3581 1054 καὶ
3633 997 3849 1064 οὐδενὸς

2179 1090 2287 1140 τῶν
2346 1083 2514 1140 ὅντων
2571 1084 2885 1140 ἀποστατεῖ·
2935 1086 3020 1141 καὶ
3073 1084 3231 1148 αὐτός
3281 1087 3392 1143 ἐστι
3449 1089 3551 1165 πρὸ
3599 1086 3844 1159 πάντων,

2178 1174 2364 1230 καὶτὰ
2409 1195 2583 1230 παντα
2627 1173 2679 1230 ἐν
2713 1174 2855 1249 αὒτῷ
2913 1174 3224 1240 συνέστηκε·
3266 1176 3355 1232 καὶ
3411 1175 3622 1252 ἅπλῶς,
3684 1177 3738 1234 εἴ
3793 1201 3843 1234 τι

2179 1263 2418 1320 ἐπωσοὸν
2448 1263 2612 1336 ἐστιν,
2663 1263 2717 1319 ὲν
2749 1270 2825 1338 τῷ
2881 1263 3095 1342 προόντι
3143 1267 3232 1321 καὶ
3277 1265 3414 1338 ἓστι,
3467 1267 3562 1322 καῖ
3595 1267 3841 1323 Eri-wast-

2185 1375 2293 1426 ται,
2349 1353 2437 1408 καὶ
2495 1352 2741 1424 σώζεται.
2810 1354 2928 1430 κραὶ
2984 1355 3085 1431 πρὸ
3142 1359 3248 1410 τῶν
3319 1355 3497 1412 ἄλλων
3539 1359 3702 1415 αὐτοῦ
3734 1379 3842 1432 με-

444 1459 502 1511 et
535 1458 672 1511 ante
701 1449 845 1510 alias
877 1448 1008 1528 ejus
1067 1445 1576 1528 participationes
1628 1443 2087 1524 praesupponitui

2184 1441 2366 1522 τοχῶν
2393 1440 2545 1498 θδτδ
2577 1442 2718 1499 εἶναι
2769 1441 3146 1519 προϐέϐληται·
3209 1446 3296 1501 καὶ
3351 1444 3492 1502 ἵστω
3545 1447 3675 1504 αὒτὸ
3721 1447 3843 1504 καθ’

439 1539 635 1619 ipsum
668 1556 823 1613 esse,
857 1546 917 1597 et
944 1543 1035 1597 est
1063 1541 1256 1616 ipsum
1310 1553 1418 1614 per
1460 1551 1526 1596 se
1586 1553 1719 1596 esse
1767 1533 2086 1614 antiquius,

2184 1533 2313 1589 αὑτὸ
2339 1534 2400 1588 τὸ
2447 1531 2589 1588 εἶναι
2647 1530 2997 1611 πρεσϐύτερον
3050 1540 3144 1590 τοῦ
3197 1534 3468 1606 αὖτοζωήν
3514 1537 3691 1618 εἶναι,
3747 1541 3845 1594 καὶ

441 1647 620 1705 quam
663 1645 795 1688 esse
829 1645 933 1706 per
965 1643 1029 1688 se
1063 1625 1264 1698 vitam,
1301 1631 1360 1686 et
1390 1642 1496 1705 per
1526 1641 1590 1685 se
1629 1624 1996 1704 sapientiam,
2032 1629 2087 1684 et

2175 1626 2493 1704 αὖτοσοφίαν
2525 1624 2692 1698 εἶναι,
2726 1626 2814 1680 καὶ
2843 1623 3271 1700 άῦτοομοιότητα
3327 1629 3470 1684 θείαν
3515 1630 3689 1710 εἶναι,
3751 1633 3844 1687 καὶ

441 1737 549 1799 per
578 1737 643 1779 se
677 1715 1129 1777 similitudinem
1166 1713 1454 1794 divinam,
1486 1722 1546 1776 et
1573 1731 1945 1794 quaecunque
1976 1713 2087 1773 alia

2175 1715 2238 1772 τὰ
2268 1712 2404 1771 ἄλλα
2433 1714 2573 1770 ὅσων
2615 1715 2681 1770 τὰ
2730 1712 2856 1771 ὄντα
2914 1714 3236 1794 μετέχονται,
3275 1719 3375 1795 πρὸ
3420 1719 3634 1776 πάντων
3666 1722 3840 1778 αὐτῶν

439 1805 876 1885 participantur
905 1802 978 1864 ab
1011 1802 1084 1864 iis
1136 1821 1271 1883 quae
1325 1812 1482 1878 sunt,
1535 1811 1674 1864 ante
1727 1820 1966 1863 omnem
1997 1800 2087 1861 sui

2175 1812 2267 1862 τοῦ
2321 1818 2462 1860 εἶναι
2523 1805 2766 1884 μετέχει⁶
2829 1804 3036 1879 μᾶλλον
3095 1805 3150 1864 δέ
3205 1808 3295 1864 καὶ
3352 1808 3478 1864 αὐτὸ
3529 1810 3646 1866 καθ’
3709 1813 3842 1870 αὐτὰ

443 1895 961 1975 participationem
997 1893 1351 1973 participant
1381 1910 1535 1972 esse;
1571 1891 1691 1952 imo
1729 1910 1865 1952 vero
1911 1890 2087 1952 etiam

2181 1895 2376 1974 πάντα,
2410 1897 2484 1950 ὢν
2513 1895 2579 1950 τὰ
2609 1894 2738 1950 ὄντα
2768 1894 3014 1974 μετέχει,
3074 1902 3166 1952 τοῦ
3190 1899 3323 1955 αὐτὰ
3351 1897 3468 1954 γαθ⁹
3515 1901 3645 1957 αὐτὸ
3692 1903 3844 1960 εἶναί

449 1986 580 2065 ipsa
611 1983 943 2046 secundum
977 2001 1112 2059 quae
1161 1990 1302 2044 sunt
1339 1982 1562 2062 omnia,
1598 1999 1733 2060 qua:
1761 1979 1834 2041 ab
1865 1980 1940 2042 iis
1970 1998 2087 2060 qua

2189 1983 2432 2063 μετέχει.
2499 1984 2587 2040 καὶ
2637 1981 2781 2038 οὐδέν
2841 1982 2980 2039 ἐστιν
3035 1985 3118 2057 ὃν,
3153 1985 3212 2042 οὗ
3244 1987 3320 2060 μὴ
3367 1986 3508 2043 ἐστιν
3558 1990 3709 2046 σὺσία
3755 1987 3840 2046 καὶ

447 2083 581 2135 sunt
672 2073 1122 2152 participantur,
1178 2071 1372 2151 ipsum
1449 2089 1557 2151 per
1625 2090 1689 2132 se
1760 2088 1893 2132 esse
1964 2088 2087 2149 par-

2189 2073 2317 2130 αἰὼν
2346 2074 2406 2129 τὸ
2440 2073 2566 2130 αὐτὸ
2598 2071 2736 2128 εἴναι
2799 2073 3016 2129 Πάντων
3059 2075 3146 2129 οὖν
3177 2075 3396 2141 εἰκότως
3425 2074 3491 2125 68
3518 2084 3627 2134 τῶν
3659 2078 3841 2136 ἄλλων

442 2162 740 2243 ticipai.t;
801 2171 858 2222 et
897 2161 1047 2223 nihil
1111 2171 1221 2236 est,
1260 2163 1431 2241 cujus
1479 2167 1668 2242 ipsum
1717 2177 1821 2240 per
1874 2179 1938 2222 se
1970 2178 2087 2222 esse

2188 2161 2653 2242 ἀρχηγικώτερον,
2706 2163 2777 2225 ὡς
2827 2161 2923 2234 ὥν,
2972 2164 3000 2218 ὁ
3045 2165 3175 2228 Θεὸς
3225 2164 3284 2220 ἐκ
3335 2165 3432 2232 τῆς
3477 2167 3838 2246 πρεσϐυτέρας

437 2273 558 2314 non
584 2255 658 2313 sit
686 2253 954 2315 essentia
984 2262 1043 2316 et
1073 2270 1288 2315 aevum.
1340 2254 1498 2313 Deus
1530 2251 1705 2330 igitur
1735 2269 1869 2312 cum
1902 2250 2000 2330 sit,
2039 2259 2087 2311 ul

2185 2252 2290 2307 τῶν
2323 2249 2500 2307 ἄλλων
2530 2255 2688 2309 αὐτοῦ
2749 2249 2957 2328 δωρεῶν
3014 2253 3255 2326 ὑμνεῖται
3285 2269 3298 2283 ·
3354 2258 3440 2311 καί
3469 2258 3569 2334 γὰρ
3601 2259 3661 2312 τὸ
3693 2281 3831 2334 προ-

431 2351 901 2406 consentaneum
925 2341 1046 2424 'est,
1077 2343 1367 2403 omnibus
1390 2342 1524 2403 aliis
1547 2347 1735 2422 magis
1781 2340 2087 2422 principia-

2181 2354 2319 2397 εἶναι
2369 2342 2457 2396 καὶ
2500 2343 2771 2418 δπερεϊναι
2815 2341 3066 2421 προέχων
3127 2345 3210 2398 καὶ
3255 2344 3555 2426 ὑπερέχων,
3589 2349 3653 2403 τὸ
3685 2349 3828 2404 εἶναι

435 2434 530 2513 lis,
568 2433 639 2494 ab
667 2433 1009 2513 antiquiore
1033 2433 1190 2494 dono
1223 2451 1330 2493 suo
1363 2431 1635 2494 laudatur
1667 2439 1730 2493 ut
1758 2449 1889 2505 ens;
1912 2430 2087 2510 siqui-

2175 2436 2280 2485 πᾶν
2309 2427 2394 2500 67,
2429 2430 2554 2484 αὑτό
2599 2453 2738 2508 φημι
2792 2429 2907 2487 καθ’
2961 2433 3087 2488 aut?)
3142 2435 3205 2488 τὸ
3254 2433 3419 2508 εἶναι,
3481 2439 3832 2512 προῦπεστή-

432 2524 566 2584 dem
619 2522 784 2601 prius
837 2540 970 2584 esse
1011 2530 1071 2582 ct
1125 2521 1522 2583 excellentius
1571 2539 1702 2581 esse
1757 2539 1889 2581 cum
1927 2521 2087 2600 prius

2175 2541 2328 2596 σατο,
2387 2520 2474 2575 καὶ
2521 2522 2598 2592 τῷ
2641 2520 2784 2575 εἶναι
2842 2521 2984 2592 αὕτῷ
3035 2527 3139 2577 πᾶν
3183 2525 3242 2579 τὸ
3288 2526 3528 2583 ὁπωσοῦν
3579 2528 3638 2581 ὃν
3689 2530 3831 2584 ὑπε-

429 2611 645 2674 habeat
672 2617 735 2673 et
760 2611 1158 2674 excellentius
1187 2609 1598 2691 habeat,prius
1620 2610 1759 2672 fecit
1781 2627 1912 2671 esse
1935 2609 2089 2690 quod

429 2700 773 2782 est,ipsum,
799 2701 1068 2781 inquam,
1105 2719 1212 2780 per
1232 2719 1297 2762 se
1320 2707 1542 2776 esse,et
1570 2718 1678 2779 per
1698 2699 1888 2779 ipsum
1914 2716 2092 2760 omne

430 2791 587 2871 quod
622 2790 1172 2870 quomodocunque
1205 2801 1320 2864 est,
1369 2789 1657 2850 exsistere
1717 2789 1876 2849 fecit.
1913 2787 2092 2868 Atqui

427 2879 724 2962 principia
751 2897 958 2941 eorum
987 2898 1121 2955 qua:
1143 2879 1514 2959 sunt,omnia
1548 2876 1904 2958 participant
1933 2895 2090 2959 esse,

2175 2610 2430 2677 στήσαιτο.
2467 2609 2563 2666 Καὶ
2623 2616 2747 2684 γοῦν
2792 2611 2841 2665 αἱ
2901 2610 3064 2689 ἁρχαὶ
3113 2619 3217 2667 τῶν
3275 2612 3444 2670 ὅντων
3491 2622 3675 2695 πᾶσαι,
3735 2619 3834 2673 τοῦ

2174 2698 2316 2754 εἶναι
2360 2699 2714 2779 μετέχουσαι,
2750 2701 2838 2755 καί
2881 2703 3005 2776 εἰσι,
3041 2705 3127 2759 καὶ
3183 2704 3348 2783 ἀρχαί
3380 2707 3502 2784 εἰσι,
3534 2708 3622 2761 καὶ
3676 2714 3834 2783 πρῶ-

2222 2789 2232 2810 Ι
2319 2790 2333 2810 9
2480 2787 2504 2808 υ
2704 2789 2716 2810 Ἄ
2919 2793 2930 2810 9

2173 2811 2262 2844 τον
2292 2809 2445 2864 εισιν,
2482 2810 2661 2846 επειτα
2694 2791 2860 2869 αρχαί
2891 2813 3016 2853 εισι.
3071 2795 3167 2850 Καί
3217 2795 3260 2849 εἰ
3299 2794 3479 2870 βούλει
3536 2802 3641 2851 τῶν
3691 2799 3834 2868 ζών-

2173 2899 2301 2953 των,
2336 2880 2407 2941 ὡς
2437 2878 2674 2958 ζώντων,
2715 2879 2892 2959 ἀρχὴν
2924 2883 3079 2960 φάναι
3110 2883 3208 2949 τὴν
3241 2886 3532 2956 αὖτοζωήν*
3591 2889 3680 2942 καὶ
3729 2894 3833 2943 τῶν

435 2981 496 3032 et
519 2977 749 3042 sunt,et
772 2967 1063 3049 principia
1085 2977 1312 3039 sunt,et
1345 2969 1601 3048 primum
1635 2975 1860 3046 sunt,et
1883 2975 2085 3046 postea

2175 2974 2273 3024 τῶν
2305 2969 2525 3043 ὁμοίων,
2560 2970 2634 3030 ὡς
2682 2969 2901 3050 ὁμοίων,
2951 2971 3052 3038 τὴν
3105 2972 3556 3044 αὒτοομοιὸτηταο
3594 2980 3681 3033 καὶ
3724 2980 3823 3032 τῶν

432 3059 731 3139 principia
755 3055 994 3119 sunt.Et
1015 3058 1065 3118 si
1091 3058 1176 3118 vis
1199 3056 1844 3137 viventium,quatenus
1862 3055 2079 3133 vivunt,

2175 3057 2478 3133 ἧνωμένων,
2533 3059 2607 3120 ὡς
2673 3060 2981 3140 ἡνωμένων,
3034 3064 3132 3127 τὴν
3190 3064 3529 3144 αὐτοένωσιν,
3582 3069 3670 3122 καὶ
3722 3074 3827 3123 τῶν

432 3147 793 3228 principium
817 3146 1022 3208 dicere
1049 3163 1156 3226 per
1176 3165 1239 3208 se
1271 3146 1542 3221 vitam,et
1562 3144 2085 3226 similium,quate-

2175 3147 2526 3226 τεταγμένων,
2567 3149 2640 3212 ὡς
2685 3150 3047 3231 τεταγμένων,
3083 3153 3182 3218 τὴν
3233 3153 3528 3219 αὖτόταξιν·
3565 3157 3661 3212 καί
3720 3165 3828 3214 τῶν

432 3212 545 3297 inus
580 3212 799 3298 siinilia
835 3212 1113 3315 sunt,per
1137 3253 1201 3298 se
1225 3212 1718 3309 similitudinem;
1747 3242 1806 3296 et
1835 3212 2079 3314 copula-

2175 3236 2340 3294 Ξλλων
2399 3237 2497 3292 ὅσα
2552 3236 2666 3296 τοδε
2733 3239 2767 3307 ἢ
2813 3239 2981 3314 τοῦδε,
3043 3241 3076 3309 ἢ
3137 3242 3471 3321 ἀμφοτέρων,
3510 3245 3544 3312 ἢ
3606 3246 3827 3304 πολλῷ-θ

429 3335 648 3404 torum,
683 3335 980 3419 quatenus
1008 3326 1282 3405 copulata
1323 3333 1482 3406 sunt,
1521 3343 1630 3405 per
1659 3343 1724 3386 se
1747 3325 2080 3405 copulatio-

2175 3327 2490 3407 μετέχοντα,
2529 3328 2678 3385 τοῦδε
2723 3330 2757 3397 ἢ
2803 3328 2944 3404 τόδε,
3075 3332 3344 3410 ἀμφότερα
3377 3334 3410 3400 ἢ
3455 3333 3631 3391 πολλὰ
3686 3337 3826 3419 ἐστι,

428 3414 1110 3490 nem;etordinatorum,
1148 3420 1448 3492 quatenus
1477 3415 1748 3476 ordinata
1783 3421 1936 3486 sunt,
1976 3433 2082 3495 per

2175 3418 2255 3482 τὰς
2309 3417 2675 3498 αὒτομετοχὰς
2725 3421 2987 3500 εὑρήσεις,
3052 3429 3144 3478 τοῦ
3216 3422 3358 3479 εἶναι
3415 3431 3624 3500 πρῶτον
3660 3428 3826 3491 αὐτας

426 3524 494 3566 se
525 3503 990 3586 ordinationem;
1025 3512 1086 3566 et
1117 3505 1397 3568 similiter
1426 3504 1488 3566 in
1519 3504 1671 3584 aliis,
1705 3521 2080 3584 quaecunque

2175 3508 2520 3586 μετεχούσας,
2557 3510 2643 3564 καὶ
2702 3516 2779 3583 τῷ
2824 3510 2968 3566 εἶναι
3025 3517 3237 3587 πρῶταν
3300 3515 3586 3586 μενούσας·
3626 3516 3824 3576 ἁπειτα

418 3595 532 3657 hoc
557 3603 655 3655 aut
685 3594 968 3674 illud,aut
993 3602 1333 3675 utrumque,
1361 3602 1464 3656 aut
1493 3593 1678 3655 multa
1716 3594 1857 3653 450
1888 3594 2074 3683 parti-

2175 3599 2308 3655 εοῦδε
2359 3597 2393 3665 ἣ
2453 3597 2602 3653 τοῦδε
2660 3598 2831 3678 ἀρχὰς
2896 3599 3074 3671 οὔσας,
3130 3602 3217 3656 καὶ
3278 3609 3353 3677 τῷ
3411 3605 3667 3683 μετέχειν
3729 3615 3822 3663 τοῦ

419 3691 639 3764 cipant,
669 3672 870 3746 ethoc
913 3693 1013 3744 aut
1065 3672 1336 3764 illud,vel
1379 3693 1697 3764 utrumque
1749 3690 1850 3744 aut
1890 3672 2077 3745 multa

2175 3691 2319 3761 ιίναι,
2381 3687 2465 3743 καὶ
2522 3687 2676 3749 οὔσας
2721 3691 2807 3745 καὶ
2866 3689 3256 3769 μετελομένας.
3325 3693 3379 3749 Ei
3425 3690 3479 3747 δὲ
3535 3702 3702 3751 ταῦτα
3749 3704 3820 3769 τῇ

420 3760 559 3834 sunt
590 3773 964 3855 participata,
1001 3760 1292 3854 reperies,
1329 3792 1434 3853 per
1463 3792 1529 3835 se
1559 3760 2070 3854 participationes,

2175 3781 2371 3854 ιετοχῇ
2420 3783 2512 3832 τοῦ
2569 3777 2710 3833 εἶναι
2765 3779 2895 3857 ἐστὶ,
2962 3777 3150 3852 πολλῷ
3198 3801 3258 3858 γε
3289 3779 3507 3856 μᾶλλον,
3539 3784 3605 3838 τὰ
3641 3760 3818 3842 αὐτῶν

419 3861 678 3942 primum
706 3861 1067 3942 participare
1091 3881 1246 3938 esse,
1268 3872 1328 3924 et
1347 3862 1432 3924 sic
1465 3864 1724 3943 primum
1753 3879 1885 3924 esse
1913 3861 2072 3940 quod
2157 3865 2482 3945 μετέχοντα.

415 3960 574 4027 sunt,
612 3951 832 4013 deinde
863 3953 1040 4032 hujus
1074 3960 1176 4013 aut
1207 3952 1368 4014 illius
1421 3951 1714 4032 principia
1745 3971 1901 4029 esse,
1931 3963 1989 4016 et
2040 3954 2452 4036 participando
2485 3974 2640 4032 esse,
2677 3955 2936 4019 existere
2991 3965 3051 4021 et
3085 3957 3454 4040 participari.
3493 3961 3554 4024 Si
3607 3975 3816 4026 autem

417 4040 544 4135 llaec
574 4057 728 4135 (qua:
757 4041 1010 4135 aliorum
1041 4042 1338 4135 principia
1374 4042 1790 4123 numerantur)
1830 4061 1937 4123 per
1982 4045 2500 4128 participationem
2535 4045 2722 4126 ipsius
2767 4065 2902 4109 esse
2933 4047 3209 4124 existant,
3247 4051 3430 4112 multo
3463 4052 3652 4132 magis
3686 4073 3822 4135 quae

415 4130 547 4210 ipsa
575 4131 677 4192 illa
706 4130 1055 4212 principiari
1091 4131 1473 4214 participant.

2006 4256 2036 4335 §
2081 4255 2183 4319 VI.

489 4423 756 4484 Primum
780 4424 961 4502 igitur
979 4423 1199 4485 donum
1228 4443 1334 4505 per
1357 4443 1422 4487 se
1447 4441 1580 4486 esse
1605 4443 1738 4485 cum
1766 4441 1871 4504 per
1892 4424 2069 4487 seilla

2236 4430 2459 4504 Πρῶτην
2507 4432 2566 4485 οὗ
2612 4430 2709 4498 τὴν
2753 4438 2845 4487 τοῦ
2880 4432 3006 4488 αὐτὸ
3053 4433 3196 4488 εἶναι
3229 4430 3424 4512 δωρεάν
3453 4433 3517 4484 68
3548 4438 3582 4504 ἡ
3617 4443 3816 4498 αὗτοῦ-

407 4532 765 4604 supraquam
793 4513 1026 4604 bonitas
1046 4514 1355 4604 producat,
1389 4515 1600 4577 merito
1634 4515 1704 4604 ab
1725 4515 2066 4604 antiquiore

2175 4517 2518 4595 ιεραγαθότης
2584 4519 3020 4600 προϐαλλομένη,
3082 4529 3149 4598 τῇ
3208 4521 3530 4600 πρεσϐυτέρᾳ
3583 4531 3815 4604 πρώτῃ..

405 4589 704 4682 θῐῴιὶἱηει
759 4603 1024 4664 omnium
1046 4589 1597 4684 'participationum
1649 4589 1924 4664 laudatur
1957 4624 1973 4684 ;
2004 4612 2064 4665 et

2175 4613 2254 4662 ῶν
2285 4615 2536 4689 μετοχῶν
2590 4609 2861 4684 ὒμνεϊται,
2923 4615 3011 4668 καὶ
3061 4610 3203 4668 ἴστιν
3263 4610 3315 4678 ἐξ
3374 4617 3563 4684 αὸτης.
3615 4623 3706 4675 καὶ
3765 4623 3817 4677 ἐν

405 4699 496 4791 est
518 4709 591 4791 es
610 4692 735 4791 ipsa
756 4700 813 4754 et
853 4691 913 4752 in
945 4692 1073 4773 ipsa
1118 4692 1313 4773 ipsum
1344 4711 1454 4774 per
1475 4711 1540 4753 se
1566 4711 1723 4769 esse,
1759 4700 1818 4754 et
1859 4709 2087 4791 rerumi

2175 4695 2302 4776 ιῦτῇ,
2363 4700 2450 4754 καὶ
2510 4701 2636 4756 αὐτὸ
2691 4701 2752 4756 τὸ
2802 4700 2970 4780 εἶναι,
3033 4702 3118 4757 καὶ
3149 4703 3202 4756 αἱ
3258 4709 3362 4758 τῶν
3421 4703 3589 4760 ὄντων
3619 4707 3810 4791 ἀρχαὶ,

405 4755 720 4878 principia,
743 4788 803 4842 et
832 4755 1438 4878 omu‘iaqu'aacunque
1468 4790 1628 4878 sunt,
1661 4755 1722 4843 et
1752 4800 1883 4862 quae
1909 4755 2087 4862 quo-j

2256 4755 2301 4776 ι’)
2560 4755 2563 4756 ⁷
2624 4755 2627 4756 ⁷
2736 4755 2742 4756 ί
3273 4755 3356 4758 ""
3428 4755 3583 4760 """
3620 4755 3685 4787 "l"
3739 4755 3810 4786 *δ’

2175 4786 2232 4841 καὶ
2262 4787 2326 4842 τὰ
2371 4786 2500 4843 ὅντα
2531 4789 2727 4861 πάντα,
2763 4792 2851 4846 καὶ
2906 4791 2970 4846 τὰ
3028 4793 3270 4848 ὁπωσοῦν
3303 4795 3378 4865 τῷ
3408 4755 3811 4878 εἷνάιδιαέρα-

406 4869 825 4962 modocunque
857 4879 1016 4962 sunt;
1044 4870 1222 4952 idque
1256 4872 1842 4952 incomprehense,et
1867 4890 2056 4962 copu-

2175 4875 2397 4951 ούμενα·
2435 4878 2524 4934 καὶ
2557 4885 2709 4936 τοῦτο
2750 4879 3022 4960 ἀσχέτως,
3088 4883 3176 4937 καὶ
3221 4879 3687 4962 συνειλημμένως,
3714 4869 3810 4948 ’καὶ

401 4959 609 5039 late,et
636 4959 1038 5036 singulariter.
1065 4963 1370 5042 Siquidem
1399 4962 1458 5023 in
1488 4963 1714 5024 unitate
1741 4961 1936 5023 omnis
1955 4980 2057 5022 nu-

402 5067 605 5111 merus
637 5048 1018 5112 uniformiter
1039 5053 1405 5132 praaexstitit,
1445 5051 1741 5132 gabetque
1774 5049 1966 5111 unitas
1997 5050 2057 5111 in

401 5139 601 5218 seipsa
625 5138 1009 5217 singulariter
1033 5158 1270 5204 omnem
1298 5157 1640 5216 numerum;
1663 5150 1720 5201 et
1742 5139 1935 5200 omnis
1954 5159 2056 5201 nu-

401 5245 603 5291 merus
649 5225 712 5289 in
764 5246 946 5290 unum
1007 5231 1317 5310 copulatus
1351 5239 1462 5305 est,
1498 5236 1557 5292 et
1589 5229 1649 5290 in
1685 5229 1910 5292 unitate
1941 5237 2051 5304 est,

2142 4963 2373 5030 ἒνιαίως.
2440 4967 2540 5025 Καὶ
2591 4969 2690 5046 γὰρ
2747 4969 2800 5024 ἐν
2875 4968 3060 5046 μονάδι
3120 4977 3224 5032 πᾶς
3283 4970 3503 5048 ἀριθμὸς
3555 4975 3806 5047 ἐνοειδῶς

2141 5055 2511 5136 προῦιρέσυτηκε
2545 5054 2632 5133 69,
2687 5060 2773 5116 καὶ
2824 5059 2940 5139 ἔχει
2984 5060 3157 5116 πάντα
3213 5060 3434 5138 ἀριθμὸν
3465 5064 3498 5130 ἦ
3532 5071 3710 5138 μονὰς
3759 5075 3809 5130 ἐν

2141 5141 2301 5238 ἐαπστῇ
2330 5150 2733 5238 μοναχῶςξκαὶ
2766 5155 2867 5213 πᾶς
2901 5149 3118 5228 ἀριθμὸς
3149 5150 3354 5218 ἥνωται
3382 5151 3482 5226 μὲν
3511 5154 3568 5210 ἐν
3603 5165 3671 5237 τῇ
3700 5187 3805 5238 μο-

2139 5231 2276 5290 νάδι·
2314 5235 2430 5293 καθ’
2461 5235 2582 5294 ὅσον
2616 5237 2669 5294 δὲ
2703 5244 2797 5308 τῆς
2850 5239 3078 5316 μονάδος
3140 5241 3369 5321 πρόεισι,
3420 5246 3557 5302 κατὰ
3617 5231 3805 5314 τοσοῦ-

1708 5407 1977 5471 νΑΙὶΙιΈ
2023 5406 2468 5477 LECTIONES.

477 5569 542 5658 ει
571 5579 942 5658 προῖῨοῦΪτος,
1192 5579 1286 5630 τοῦ
1306 5571 1506 5658 ἔντος,
1525 5568 1713 5658 Yien;
1883 5571 2251 5658 μετεχόντων,
2392 5575 2490 5638 Sc.
2519 5577 2793 5658 μετέχων,
2821 5576 2882 5641 S.
2913 5577 2980 5642 D.
3067 5579 3134 5632 66
3165 5583 3223 5640 τὲι
3249 5584 3373 5640 αὕτὸ
3410 5586 3553 5646 εἶναι
3587 5592 3805 5652 πάντων

403 5650 648 5730 εἰκότως,
679 5653 756 5717 Μ,
792 5653 891 5715 Sc,
976 5650 1038 5701 07
1068 5653 1264 5731 πάντα,
1299 5653 1361 5716 8,
1446 5651 1510 5702 68
1539 5649 1773 5732 δωρεῶν,
1809 5654 1888 5715 Μ.
1923 5649 2021 5714 Sc.

2112 5652 2177 5704 69
2203 5654 2492 5738 ὑφέστηκε,
2526 5655 2568 5722 S
2581 5704 2592 5718 .
