4032 6468
314 360 432 434 833
758 365 857 437 DE
902 372 1197 438 DIVINIS
1244 363 1694 456 NOMINIBUS,
1741 371 1907 439 CAP.
1955 373 2032 438 V.
2095 410 2170 421 —
2236 363 2625 440 PARAPHR.
2679 369 3190 440 PACHYMERfE.
3582 370 3696 439 834

311 528 390 562 νει
445 506 603 568 πάλιν
636 509 713 582 μὴ
766 509 845 570 ὅν.
881 515 966 567 Τῶ
1011 509 1065 566 δὲ
1098 511 1174 586 μὴ
1203 510 1338 585 δ’ντι,
1370 511 1482 575 πῶς
1514 511 1756 577 ἐκταθείη
1791 515 1849 568 10
1877 514 1949 585 ὃν,

2127 511 2267 572 438
2291 510 2629 592 pertingere
2661 513 2735 575 ad
2769 530 2841 576 ea
2870 528 3005 588 qua:
3033 518 3171 572 sunt
3202 519 3258 572 et
3289 529 3358 572 ea
3397 529 3528 592 quae
3569 530 3690 572 non

308 599 398 652 καὶ
443 610 597 671 μενεῖ
629 598 704 671 μὴ
768 600 826 653 ὃν
879 597 1061 673 πάλιν,
1097 607 1250 656 τοῦτο
1309 601 1484 668 πάντη
1542 607 1647 656 τῶν
1681 599 1944 659 ἀδυνάτων

2055 609 2210 676 sunt,
2236 600 2297 662 in
2330 609 2465 662 ente
2492 608 2688 663 autem
2711 603 2824 664 hoc
2847 618 2964 661 non
2985 598 3153 674 dicit,
3186 599 3287 662 sed
3305 608 3528 661 tantum
3563 618 3694 681 per-

311 685 597 765 ’.ἀσφαλῶς
660 690 786 764 γοῦν
821 691 992 755 τίθησι
1048 692 1212 748 ταῦτα
1243 693 1269 747 ὁ
1313 692 1487 767 ἅγιος.
1528 683 1752 767 εΟμοίως
1805 693 1891 748 καὶ
1933 695 1949 746 1"

2053 690 2282 768 tingere
2323 690 2398 752 ad
2451 709 2518 751 ea
2567 709 2698 767 qua
2751 693 3040 753 existunt?
3081 687 3293 770 Utique
3343 690 3686 764 dicendum,

302 781 406 844 τῆς
465 776 603 848 ζωῆς
659 777 918 852 ὀ’νομασία
973 781 1064 835 τοῦ
1121 779 1318 857 ἀγαθοῦ
1365 788 1492 837 Θεοῦ
1545 782 1618 843 εἷς
1675 779 1845 837 πάντα
1908 783 1949 838 τε

2051 798 2158 841 ens
2189 780 2425 861 quidem
2459 778 2680 842 bonum
2726 780 2945 844 factum
3003 797 3248 840 manere
3279 798 3693 860 saepenumero

301 873 480 938 ζῶντα
539 865 851 947 ἐκτείνεται,
912 869 1000 924 καὶ
1042 869 1173 943 ὑπὲρ
1229 871 1392 930 ταῦτά
1451 869 1582 945 ἐστι,
1638 872 1724 926 καὶ
1778 873 1812 939 ἡ
1866 877 1949 939 τῆι

2049 890 2168 932 non
2200 889 2331 946 ens;
2365 889 2496 931 cum
2540 870 2699 932 enim
2733 869 2981 932 materia
3033 888 3271 949 quoque
3319 888 3436 930 non
3469 887 3575 930 ens
3605 868 3692 930 di-

301 959 494 1036 σοφίας
540 959 611 1021 εἷς
669 958 843 1014 πάντα
879 958 945 1013 τὰ
991 957 1185 1036 λογικὰ
1243 962 1330 1016 καὶ
1390 961 1565 1038 νοερὰ,
1619 961 1739 1024 τοὺς
1795 960 1949 1039 ἀγγέ-

2047 961 2451 1041 catur,utique
2475 961 2723 1022 materia
2754 979 2992 1040 quoque
3020 959 3239 1021 bonum
3268 959 3693 1021 videliiturim-

301 1044 436 1111 λους
497 1048 659 1127 φημὶ,
692 1049 780 1102 καὶ
839 1049 1142 1125 αἷσθητικὰ,
1176 1047 1422 1116 δηλονότι
1453 1052 1545 1113 τὰς
1577 1051 1712 1124 μετὰ
1770 1052 1949 1125 σώμα-

2049 1052 2284 1132 propria
2308 1051 2538 1112 ratione
2569 1057 2816 1131 accepta
2861 1058 2922 1111 et
2953 1049 3084 1111 sine
3115 1050 3318 1110 formis
3367 1050 3689 1124 intellecta,

295 1158 395 1201 τος
457 1138 644 1216 ψυχὴς
678 1137 992 1212 ἐκτείνεται,
1041 1140 1127 1194 καὶ
1156 1140 1285 1218 ὑπὲρ
1337 1140 1501 1200 ταῦτά
1555 1142 1690 1199 ἔστι.
1739 1141 1850 1217 Χρὴ
1908 1138 1962 1195 δὲ

298 1227 518 1304 εἰδέναι,
561 1227 644 1284 ὅτι
697 1227 822 1284 ὅταν
858 1231 974 1306 περὶ
1024 1229 1267 1308 ἆγγελοεν
1298 1233 1385 1286 καὶ
1441 1231 1727 1310 ἀνθρώπιον
1785 1232 1961 1306 μόνων

298 1320 458 1398 φησὶ,
491 1318 612 1380 τοὺς
667 1317 926 1395 ἀγγέλους
973 1319 1194 1385 νοητούς
1252 1344 1407 1400 φησι,
1455 1321 1548 1385 τὰς
1589 1319 1642 1376 δὲ
1699 1323 1960 1400 ἡμετέρας

2045 1140 2279 1201 tametsi
2313 1159 2430 1201 non
2466 1159 2572 1220 per
2603 1159 2666 1201 se
2698 1140 3007 1220 sit,utpote
3038 1158 3070 1200 a
3103 1141 3224 1201 Deo
3253 1140 3694 1220 producta,ma-

2046 1237 2296 1310 neatque
2328 1248 2562 1292 rursum
2597 1249 2713 1290 non
2747 1229 3192 1302 ens.Quomodo
3221 1237 3416 1291 autem
3452 1248 3557 1292 ens
3572 1249 3690 1292 non

2048 1319 2506 1382 enticoextendi
2533 1321 2808 1400 possit,et
2833 1329 3074 1380 maneat
3112 1338 3350 1381 rursum
3388 1340 3504 1382 nou
3557 1339 3688 1402 ens,

301 1411 490 1487 ψυχὰς
537 1410 740 1484 νοεράς
776 1420 864 1466 νῦν
920 1408 972 1464 δὲ
1006 1408 1192 1476 ἐπειδὴ
1237 1433 1354 1486 περι
1414 1417 1544 1467 Θεοῦ
1597 1434 1778 1489 φησιν,
1815 1411 1949 1468 εἰκό-

2046 1409 2159 1472 Ιιοο
2181 1411 2385 1490 utique
2416 1409 2788 1491 impossibile
2813 1417 2921 1470 est.
2951 1409 3381 1489 Secure-igitur
3412 1413 3692 1490 proponit

301 1520 412 1563 τως
460 1499 549 1554 καὶ
580 1498 987 1577 τοὺς-ἀγγέλους
1054 1497 1168 1573 μεθ’
1204 1501 1363 1575 ἡμῶν
1408 1501 1619 1580 νοερούς
1653 1523 1836 1580 φησιν,
1872 1501 1949 1556 ἅτε

2049 1498 2173 1560 haec
2205 1507 2467 1561 sanctus.
2491 1498 2777 1562 Similiter
2798 1499 2970 1560 etiam
2998 1517 3216 1560 nomen
3249 1499 3376 1561 vitae
3409 1501 3550 1564 boni
3581 1503 3691 1566 Dei

301 1591 392 1644 καὶ
453 1589 637 1653 αὖτοὺς
669 1587 752 1645 διὰ
810 1596 902 1645 τοῦ
964 1603 1106 1644 νοεῖν
1167 1590 1257 1646 τὸν
1319 1593 1448 1647 Θεὸν
1503 1591 1851 1671 τρεφομένους
1897 1592 1949 1646 τί

2049 1589 2118 1651 ad
2169 1590 2364 1650 omnia
2423 1589 2680 1653 viventia
2725 1589 3085 1664 extenditur,
3120 1595 3178 1650 et
3204 1608 3384 1670 supra
3414 1591 3538 1654 haec
3573 1583 3684 1670 est,

302 1679 512 1757 νοήσει,
555 1679 728 1740 καθὼς
788 1680 876 1734 καὶ
929 1681 979 1734 αἱ
1039 1679 1359 1757 ἀνθρώπιναι
1422 1682 1614 1760 ψυχαί.
1678 1681 1949 1748 Αἶσθητιιιὲ

2048 1685 2130 1740 uti
2156 1687 2211 1741 et
2241 1679 2545 1758 sapientiae
2565 1679 2636 1739 ad
2679 1679 2878 1739 omnia
2912 1677 3227 1738 rationalia
3258 1690 3315 1741 et
3345 1681 3686 1761 intelligen-

299 1766 359 1822 δὲ
414 1771 624 1838 νοήσεις
655 1770 742 1823 καὶ
799 1769 864 1824 τὰ
921 1766 1116 1846 ἄλογα,
1151 1771 1224 1833 ὡς
1269 1772 1356 1827 καὶ
1390 1771 1521 1829 αὐτὰ
1576 1771 1715 1832 θείας
1780 1771 1949 1847 σοφίαι

2047 1767 2151 1842 tia,
2186 1766 2425 1845 angelos
2471 1767 2712 1847 inquam
2742 1776 2799 1828 et
2828 1767 3097 1842 sensilia,
3128 1768 3186 1829 id
3236 1777 3324 1831 est
3355 1769 3426 1831 ad
3458 1772 3688 1836 animas

298 1857 630 1936 μετέχοντα,
668 1857 720 1914 ἐν
769 1870 892 1920 ταῖς
946 1860 1202 1937 φυσικαῖς
1266 1861 1437 1915 αὐτῶν
1497 1863 1718 1935 ὁρμαῖς,
1753 1860 1824 1923 ὼς
1879 1859 1949 1914 ἐπ

2047 1875 2366 1936 corporeas
2396 1856 3020 1937 extenditur,etsupra
3038 1857 3165 1918 haec
3196 1859 3440 1920 eminet.
3473 1859 3684 1923 Scien~

294 1954 393 2003 τοῦ
441 1947 701 2026 ἀράχνου,
736 1948 822 2003 καὶ
872 1953 963 2003 τοῦ
992 1948 1294 2024 μύρμηκος,
1325 1951 1411 2004 καὶ
1468 1956 1572 2004 τῶν
1609 1947 1784 2003 ἄλλων
1834 1947 1949 2026 ἐφε-

2048 1946 2187 2007 dum
2221 1964 2384 2019 vero,
2419 1945 2654 2026 quando
2689 1945 2764 2007 de
2797 1945 3033 2026 angelis
3084 1955 3142 2008 et
3171 1947 3514 2010 hominibus
3546 1952 3686 2012 solis

296 2035 396 2104 ξῆς
443 2039 714 2099 ἀπάντυν,
2047 2035 2332 2116 loquitur,
2362 2035 2557 2116 ipsum
2591 2036 2835 2114 angelos
2864 2054 3072 2098 vocare
3113 2037 3534 2117 intelligibiles,
3573 2060 3683 2101 no-

294 2135 452 2188 stras
487 2143 628 2188 vero
659 2125 888 2188 animas
951 2125 1356 2205 intelligentes
1390 2148 1405 2198 ;
1441 2145 1598 2188 nunc
1642 2135 1836 2188 autem
1900 2145 2033 2188 cum
2095 2125 2169 2187 de
2228 2125 2349 2186 Deo
2413 2144 2610 2186 sermo
2655 2135 2770 2206 est,
2807 2126 3017 2187 merito
3066 2127 3240 2187 etiam
3277 2136 3391 2188 tam
3441 2131 3687 2209 angelos

292 2235 473 2297 quam
532 2234 641 2277 nos
684 2216 1088 2293 intelligentes
1138 2216 1461 2296 appellare,
1496 2217 1653 2296 quod
1713 2217 1889 2278 etiam
1953 2215 2066 2295 ipsi
2127 2217 2310 2277 Deum
2357 2213 2743 2292 intelligendo
2799 2215 3206 2277 intellectione
3273 2219 3528 2300 alantur,
3564 2238 3683 2282 non

293 2324 475 2368 secus
531 2325 599 2366 ac
629 2307 842 2367 animae
903 2307 1204 2368 humanae.
1247 2304 1500 2368 Sensilia
1557 2324 1699 2368 vero
1755 2305 2054 2384 intelliges
2118 2304 2292 2366 etiam
2355 2304 2741 2384 irrationalia,
2774 2309 2839 2366 ut
2867 2324 2996 2386 quae
3051 2306 3227 2366 etiam
3259 2305 3518 2369 divinam
3578 2327 3677 2371 sa-

300 2399 581 2477 pientiam
613 2397 967 2477 participant
995 2397 1056 2457 in
1089 2402 1212 2458 suis
1247 2395 1621 2459 naturalibus
1653 2394 2178 2477 propensionlbus,
2213 2402 2272 2455 ut
2303 2395 2362 2455 in
2408 2413 2625 2456 aranea
2657 2402 2714 2457 et
2743 2395 2988 2456 formica
3020 2395 3372 2477 caaterisque
3401 2398 3678 2461 omnibus

305 2495 486 2567 patet.

385 2578 413 2656 ᾗ
443 2575 515 2639 Π.
549 2577 748 2640 Ταύτας
781 2575 1023 2652 βούλεται
1059 2580 1083 2633 ὁ
1116 2576 1275 2654 λόγος
1299 2580 1529 2652 ὑμνῆσαι
1563 2579 1654 2642 τὰς
1687 2582 1784 2644 τῆς
1815 2599 1952 2651 προ-

298 2670 448 2730 νοίας
518 2666 898 2747 ἐκφαντορικὰς
954 2668 1041 2722 καὶ
1099 2667 1520 2745 παραστατικὰς,
1581 2668 1667 2723 καὶ
1711 2665 1953 2733 δηλωτι-

297 2758 399 2822 κὰς
451 2756 766 2832 θεωνυμίας,
804 2753 918 2811 οὐδὲ
949 2757 1047 2834 γὰρ
1107 2756 1270 2823 αὐτὴν
1302 2757 1399 2823 τὴν
1433 2757 1562 2833 ὒπὲρ
1611 2763 1784 2811 πᾶσαν
1815 2756 1954 2833 ἀγα-

295 2851 502 2913 θότητα
559 2849 648 2903 καὶ
695 2847 924 2911 θεότητα
987 2848 1118 2918 (θεοὶ
1149 2848 1247 2922 γὰρ
1296 2848 1380 2902 καὶ
1420 2849 1466 2900 οἱ
1510 2845 1726 2924 ἄγγελοι
1779 2847 1867 2902 καὶ
1910 2845 1956 2899 οἱ

295 2932 493 2989 δίκαιοι
551 2934 842 3011 ἅνθρωποι)
872 2935 970 3000 τὴν
1014 2931 1291 3010 ἱδρυμένην
1339 2934 1392 2989 ἐν
1442 2934 1786 3012 ἀποκρύφοις,
1822 2933 1957 2989 κατὰ

294 3023 384 3100 τό,
420 3021 510 3080 Ἐν
550 3022 838 3100 ἀποκρύφῳ
898 3019 1222 3098 καταιγίδοςο
1282 3025 1368 3079 καὶ
1421 3023 1505 3102 τό,
1556 3022 1767 3080 ’Ἔθετο
1823 3022 1953 3078 σκό-

290 3135 389 3176 τος
452 3112 762 3191 ἀποκρυφην
796 3112 973 3167 αὐτοῦ’
1035 3109 1172 3167 ἀλλὰ
1227 3111 1326 3179 τὴν
1369 3119 1474 3169 τῶν
1521 3111 1728 3190 ἀγαθῶν
1779 3112 1953 3167 ἁπάν-

292 3223 402 3259 των
464 3202 631 3258 αἰτίαν
659 3201 988 3277 ἀγαθότητα,
1027 3201 1115 3256 καὶ
1155 3203 1216 3257 τὸ
1265 3203 1370 3258 τῶν
1406 3201 1571 3258 ὄντων
1631 3201 1808 3259 αἴτιον
1866 3201 1948 3275 ὃν,

2119 2572 2252 2652 §Il.
2284 2572 2401 2635 llas
2445 2575 2618 2651 igitur
2670 2574 2774 2636 Dei
2821 2573 3277 2652 nominationes,
3312 2597 3442 2658 quae
3485 2581 3676 2660 provi-

2039 2664 2270 2728 dentias
2298 2664 2402 2727 Dei
2425 2665 2696 2744 aperiunt
2719 2673 2774 2725 et
2795 2676 3138 2746 proponunt
3180 2685 3245 2727 ac
3279 2668 3672 2748 manifestam,

2041 2757 2406 2835 prOpositum
2444 2761 2531 2815 est
2556 2753 2902 2834 praedicare,
2941 2773 3056 2814 non
3082 2773 3219 2816 vero
3250 2756 3408 2818 illam
3434 2777 3676 2838 quaesu-

2041 2862 2145 2922 pra
2177 2862 2414 2906 omnem
2441 2843 2764 2905 bonitatem
2795 2861 2862 2905 ac
2893 2842 3170 2906 deitatem
3202 2849 3359 2919 (nam
3402 2857 3459 2909 et
3482 2850 3678 2927 angeli

2041 2934 2432 3014 hominesque
2465 2934 2616 3012 justi
2649 2933 2755 2996 Dei
2795 2933 3193 3014 appellantur)
3223 2934 3284 2995 in
3316 2938 3679 3000 absconditis

2040 3022 2242 3085 sedem
2276 3023 2659 3105 posuit,juxta
2682 3023 2849 3086 illud:
2886 3022 2957 3083 In
2984 3024 3320 3087 abscondito
3352 3033 3679 3106 tempesta-

2039 3116 2344 3200 tis";atque
2364 3113 2509 3175 illud
2537 3134 2550 3173 :
2577 3113 2787 3175 Posuit
2804 3112 3083 3176 tenebras
3107 3113 3435 3178 latibulum
3461 3134 3666 3190 suum;

2040 3203 2142 3264 sed
2167 3203 2488 3265 bonitatem
2517 3202 2676 3264 illam
2701 3220 2834 3283 quae
2857 3201 3150 3264 bonorum
3165 3203 3431 3265 omnium
3454 3223 3680 3268 rerum-

289 3292 384 3347 καὶ
428 3292 526 3358 τὴν
569 3296 676 3347 τῶν
706 3292 919 3361 ζώντων
965 3291 1131 3347 αἰτίαν
1175 3293 1342 3362 ζωὴν.
1399 3293 1486 3348 καὶ
1522 3291 1619 3358 τὴν
1678 3289 1949 3372 σοφοδότιν

2038 3310 2158 3370 que
2189 3309 2364 3355 causa
2397 3290 2613 3368 existit,
2648 3301 2705 3353 et
2735 3291 2908 3352 vitam
2961 3310 3092 3371 quae
3132 3292 3448 3355 viventium
3501 3313 3679 3358 causa

288 3383 504 3462 σοφίαν·
566 3383 618 3438 τί
645 3382 830 3438 τούτου
887 3379 1173 3449 δηλοῦντος
1218 3383 1476 3462 ἐντεῦθεν,
1520 3383 1571 3439 ἐν
1601 3389 1678 3458 τῷ
1722 3383 1947 3458 συνάγε-

290 3475 414 3529 σθαι
459 3471 570 3548 ἅμα
597 3479 672 3547 τῷ
704 3473 929 3546 αἰτιᾰτῷ
972 3473 1031 3528 τὸ
1060 3473 1258 3530 αἴτιον·
1316 3472 1370 3528 ἓν
1402 3471 1587 3551 δῆλον,
1620 3471 1698 3527 ἵν’
1727 3470 1948 3528 ἀποδει-

289 3562 454 3642 χθείη
491 3562 550 3618 ἐκ
579 3571 671 3621 τοῦ
703 3564 940 3618 αἰτιατοῦ
971 3563 1030 3618 τὸ
1075 3561 1274 3622 αἴτιον·
1310 3564 1345 3631 ἢ
1379 3566 1465 3619 καὶ
1498 3560 1760 3628 ἀπόδειξις
1792 3561 1949 3638 λέγε-

288 3675 408 3732 ται,
443 3644 564 3708 ὀιλλΙ
594 3656 651 3712 οὗ
681 3654 773 3710 τοῦ
803 3650 963 3728 διότι,
997 3651 1133 3709 ἀλλὰ
1156 3663 1251 3712 τοῦ
1281 3654 1386 3733 ὅτι,
1411 3655 1482 3713 ὡς
1541 3652 1665 3708 ὅταν
1696 3650 1947 3708 δεικνύω-ν

293 3763 398 3822 μεν
453 3742 551 3809 τὴν
593 3745 692 3812 τῆς
733 3741 965 3812 σελήνης
1011 3741 1307 3822 ἀντίφραξιν
1347 3742 1431 3799 διὰ
1473 3747 1572 3809 τῆς
1634 3740 1946 3816 ἐκλείψεως.

298 3821 438 3890 ΗΟτι
469 3834 594 3911 γοῦν
627 3832 737 3890 ἐστι
769 3833 829 3888 τὸ
875 3839 1032 3890 Θεϊον
1085 3835 1302 3911 ἀγαθὸν,
1337 3833 1430 3889 καῖ
1462 3832 1544 3911 ὃν,
1577 3832 1663 3887 καὶ
1693 3832 1828 3903 ζωὴ,
1864 3831 1951 3886 καὶ

293 3923 480 4003 σοφία,
513 3923 846 3998 μανθάνομεν
894 3921 978 3979 διὰ
1020 3928 1127 3980 τῶν
1186 3923 1458 3980 αἰτιατῶν’
1491 3920 1557 3977 δι’
1612 3921 1642 3977 ὃ
1673 3919 1725 3976 δὲ
1787 3920 1951 3977 ταῦτά

297 4012 471 4092 ἐστιν,
516 4014 575 4070 οὐ
634 4014 986 4092 γινώσκομεν,
1021 4011 1205 4080 ἐπειδὴ
1259 4016 1358 4086 πρὸ
1420 4021 1605 4088 μικροῦ
1634 4008 1775 4076 ἕδοξέ
1832 4033 1948 4075 πως

295 4100 557 4159 ὑπόϐασιν
616 4102 815 4180 λέγειν,
865 4106 924 4159 τὸ
957 4104 1150 4180 ἀγαθὸν
1205 4105 1366 4160 εἰπὼν
1409 4106 1501 4160 τόῦ
1541 4102 1688 4165 ὄντος
1746 4101 1944 4160 αἴτιον.

300 4195 402 4252 Καὶ
435 4190 569 4249 οὕτω
625 4193 874 4272 καθεξῆς,
909 4192 1000 4248 ἵνα
1058 4193 1136 4267 μὴ
1192 4190 1475 4271 δράξωνταί
1509 4213 1646 4257 τινες
1704 4191 1947 4270 ἀφορμῆς

295 4282 591 4355 ἀσυνέτως,
627 4283 720 4338 οὐκ
780 4281 911 4339 ἄλλο
964 4283 1122 4361 φησὶν
1174 4283 1316 4339 εἶναι
1361 4284 1420 4339 τὸ
1467 4282 1551 4356 ὃν,
1582 4282 1670 4337 καὶ
1716 4278 1846 4337 Ξίλλο
1889 4282 1949 4337 τὸ

294 4372 523 4448 ἀγαθὸν,
553 4373 641 4428 καὶ
698 4371 918 4438 καθεξῆς
949 4370 1137 4428 τέίλλα’
1196 4372 1251 4426 ἓν
1296 4373 1394 4451 γὰρ
1423 4378 1528 4427 τῶν
1571 4371 1818 4428 ἁπάντων
1852 4369 1947 4426 αἴ-

291 4483 432 4540 τιον,
467 4461 552 4516 καὶ
611 4462 667 4517 ὡ
703 4458 895 4518 πολλαί’
958 4462 1044 4517 καὶ
1080 4462 1174 4535 μία
1204 4464 1391 4527 θεότης
1421 4463 1454 4528 ἡ
1489 4461 1554 4516 τὰ
1603 4461 1774 4516 πάντα
1805 4481 1945 4538 παρ-

291 4551 519 4628 iii-(wn.
589 4551 923 4608 Καθάπτεται
975 4550 1029 4606 δὲ
1087 4551 1318 4608 ἐντεῦθεν
1365 4553 1467 4606 τῶν
1499 4571 1555 4606 τε
1588 4549 1640 4606 ἐν
1704 4539 1944 4616 ’Ἕλλησι

293 4643 472 4719 σοφῶν
529 4641 618 4696 καὶ
675 4647 780 4697 τῶν
823 4641 927 4696 ἀπὸ
971 4642 1214 4716 Σίμωνος
1275 4642 1572 4719 αἱρετικῶν,
1625 4641 1676 4695 οἳ
1736 4661 1944 4713 κοσμο-

292 4731 479 4794 ποιούς
538 4753 665 4810 φασι
723 4730 896 4804 θεοὺς,
929 4729 1044 4787 καθ’
1103 4730 1225 4786 ὅσον
1278 4727 1663 4800 ὑποϐεϐήιιασι,
1697 4735 1944 4785 τοσοῦτον

2037 3389 2146 3461 est,
2194 3381 2680 3461 sapientiamque
2736 3380 3044 3461 sapientiae
3092 3380 3478 3464 largitricem;
3513 3385 3675 3464 quod

2033 3470 2176 3531 hinc
2207 3470 2590 3532 manifestum
2619 3469 2853 3545 ﬁt,dum
2887 3487 3005 3530 una
3033 3489 3165 3531 cum
3193 3471 3406 3533 effectu
3437 3491 3674 3535 causam

2035 3560 2362 3640 conjungit,
2422 3568 2484 3622 ut
2551 3559 2831 3621 nimirum
2894 3577 2964 3620 ex
3027 3559 3238 3621 effectu
3288 3561 3449 3624 clare
3500 3582 3677 3625 causa

2034 3649 2500 3730 demonstretur;
2525 3649 2614 3712 vel
2649 3648 2826 3710 etiam
2860 3649 3293 3713 demonstratio
3323 3651 3538 3714 dicitur
3557 3671 3676 3714 non

2035 3739 2336 3817 particula:
2366 3738 2520 3820 διότι,
2554 3737 2658 3800 sed
2697 3738 2800 3814 ὅτι,
2835 3746 2898 3799 ut
2926 3738 3162 3816 quando
3194 3739 3675 3804 demonstramus

2033 3827 2190 3891 lunae
2224 3829 2658 3911 oppositionem
2714 3847 2821 3909 per
2851 3827 3145 3910 eclipsim.
3179 3829 3465 3901 Quoniam
3495 3831 3677 3912 igitur

2033 3919 2195 3982 Deus
2224 3918 2442 3980 bonum
2477 3927 2586 4000 est,
2623 3925 2679 3980 et
2712 3937 2843 3995 ens;
2877 3926 2934 3980 et
2971 3920 3104 3995 vita,
3142 3927 3200 3980 et
3229 3921 3538 4002 sapientia,
3575 3923 3672 3984 di-

2030 4009 2254 4072 scimus
2282 4028 2350 4071 ex
2382 4009 2631 4086 effectis;
2666 4027 2772 4089 per
2800 4007 2957 4089 quod
3003 4017 3196 4070 autem
3231 4009 3355 4071 haec
3405 4010 3503 4092 sit,
3551 4031 3672 4073 non

2030 4099 2470 4177 cognoscimus,
2499 4098 2718 4180 quippe
2751 4098 2848 4179 qui
2881 4098 3052 4178 paulo
3101 4107 3236 4160 ante
3281 4099 3439 4162 visus
3471 4109 3558 4162 est
3587 4102 3675 4164 di-

2031 4207 2193 4263 cere,
2227 4188 2448 4250 bonum
2495 4206 2624 4251 esse
2673 4187 3174 4269 subjectum,cum
3209 4188 3354 4250 dixit
3385 4208 3514 4252 esse
3547 4192 3675 4272 ejus

2034 4279 2186 4359 quod
2223 4287 2311 4340 est
2340 4284 2616 4343 causa.Et
2638 4279 2716 4340 ita
2746 4277 3060 4360 deinceps,
3098 4297 3172 4340 ne
3204 4279 3303 4358 qui
3336 4279 3442 4341 hac
3500 4300 3674 4342 occa-

2031 4369 2198 4430 sione
2252 4369 2661 4448 imprudentes
2710 4367 3152 4448 deciperentur,
3208 4387 3324 4428 non
3374 4371 3475 4446 ait,
3511 4371 3674 4432 aliud

2033 4476 2164 4520 esse
2186 4460 2324 4520 459
2350 4478 2476 4534 ens,
2511 4469 2568 4521 et
2598 4458 2758 4520 aliud
2794 4457 3040 4534 bonum,
3079 4466 3133 4518 et
3158 4457 3240 4518 sic
3269 4458 3342 4520 de
3377 4461 3619 4521 caeteris
3656 4478 3669 4524 :

2030 4567 2146 4610 una
2173 4549 2468 4628 siquidem
2500 4548 2764 4610 omnium
2801 4554 3064 4621 causa,et
3096 4565 3212 4608 non
3246 4547 3533 4624 multai;et
3561 4570 3676 4612 una
3708 4560 3709 4563 ‘

2031 4639 2220 4700 deitas
2250 4658 2379 4719 quae
2410 4638 2684 4701 universa
2729 4638 3019 4717 produxit.
3081 4637 3435 4716 Perstringit
3472 4648 3669 4702 autem

2029 4728 2127 4790 hic
2185 4730 2524 4791 Graecorum
2587 4727 2910 4808 sapientes,
2944 4736 3002 4788 et
3047 4726 3358 4788 hzereticos
3411 4727 3676 4793 Simonis

292 4821 479 4876 καὶτὰ
523 4819 870 4898 ἀσθενέστερα
918 4826 1022 4876 τῶν
1083 4821 1387 4896 κτισμάτων
1449 4820 1807 4898 παράγοντας,
1843 4818 1942 4881 ἕως

2037 4826 2373 4895 sectatores,
2407 4817 2509 4899 qui
2540 4829 2837 4898 asserunt,
2878 4817 3021 4878 deos
3054 4815 3255 4877 mundi
3288 4816 3671 4882 fabricatores

293 4911 382 4966 καὶ
439 4915 537 4978 τῆς
586 4911 798 4967 πάντων
858 4910 1231 4990 ὑποστάθμης,
1262 4915 1360 4976 τῆς
1409 4907 1560 4986 ὕλῃς·
1616 4909 1702 4965 καὶ
1747 4908 1944 4974 ταύτης

294 5001 396 5074 γὰρ
455 4998 590 5055 ἴδιον
645 4997 970 5077 δημιουργὸν
1041 4997 1435 5059 ἀποδεδώκασι.
1512 4999 1724 5057 Τούτων
1777 4997 1947 5056 τοίνυν

297 5092 403 5145 τῶν
435 5098 526 5146 τοῦ
579 5091 695 5154 ἑνὸς
730 5096 860 5145 Θεοῦ
913 5092 1239 5169 θεωνυμιῶν,
1274 5091 1308 5157 ἡ
1337 5089 1434 5165 μὲν
1493 5096 1580 5145 τοῦ
1610 5089 1803 5167 ἀγαθοῦ
1851 5088 1947 5146 ἐκ·

299 5182 527 5258 φαντική
561 5179 673 5236 ἐστι
703 5185 798 5246 τῆς
859 5177 1147 5242 παντελοῦς
1179 5186 1271 5237 τοῦ
1300 5180 1432 5236 Θεοῦ
1485 5180 1750 5258 προνοίας,
1786 5181 1836 5236 αἱ
1894 5178 1947 5234 δὲ

297 5271 480 5326 λοιπαὶ
507 5275 740 5348 μερικῶν
783 5275 1045 5348 προνοιῶν
1089 5270 1189 5326 εἰσι
1241 5267 1552 5343 δηλωτικαὶ,
1589 5271 1640 5325 αἱ
1669 5269 1765 5342 μὲν
1825 5267 1944 5325 ὸλι-

298 5358 569 5440 κωτέρων,
602 5363 654 5417 αἱ
693 5357 749 5416 δὲ
807 5359 1200 5439 μερικωτὲρων⁶
1233 5360 1266 5427 ἦ
1323 5361 1419 5440 γὰρ
1476 5366 1566 5417 τοῦ
1610 5358 1809 5438 ἀγαθοῦ
1850 5360 1946 5428 τῆς

293 5448 586 5516 παντελοῦς
633 5451 903 5529 προνοίας,
940 5448 1021 5505 ὅτι
1080 5450 1254 5506 πάντα
1297 5449 1364 5506 δι’
1424 5449 1728 5529 ἀγαθότητα
1775 5452 1948 5528 παρή-

290 5542 402 5620 χθη
432 5541 522 5598 καί
552 5541 704 5597 εἰσιν·
737 5539 774 5606 ἡ
832 5537 889 5596 δε
921 5543 1020 5607 τῆς
1051 5539 1218 5614 ζωῆς,
1247 5544 1498 5620 μερικῆς,
1526 5537 1646 5597 ἀλλ’
1681 5536 1944 5597 ὁλικωτέ-

373 5713 396 5746 τ
423 5697 582 5765 Psal.
612 5717 790 5780 Lxxx,
821 5699 884 5765 8.
972 5716 992 5746 ι
1016 5696 1176 5767 Psal.
1210 5715 1353 5766 xvn.
1386 5697 1486 5764 12.

2029 4917 2244 4988 quanto
2275 4910 2586 4970 inferiores
2615 4915 2774 4988 sunt,
2819 4915 2978 4968 tanto
3028 4924 3266 4986 quoque
3310 4906 3674 4971 infirmiores

2033 4997 2363 5077 producere
2394 4997 2913 5072 creaturas,etiam
2939 5014 3125 5077 usque
3149 4995 3221 5057 ad
3247 4997 3510 5057 omnium
3534 4997 3672 5059 fun-

2032 5088 2375 5150 damentum
2413 5088 2497 5168 (id
2531 5093 2636 5158 est)
2671 5087 3001 5160 materiam;
3037 5105 3170 5147 nam
3205 5094 3262 5146 et
3309 5086 3449 5147 huic
3482 5106 3670 5167 pecu-

2033 5177 2237 5240 liarem
2288 5177 2655 5240 conditorem
2691 5179 3089 5256 assignarunt.
3124 5175 3280 5236 lnter
3316 5175 3440 5237 haec
3473 5176 3672 5258 itaque

2032 5275 2210 5331 unius
2233 5267 2842 5342 Deinomina,nomen
2857 5265 2997 5328 boni
3029 5264 3395 5328 universales
3417 5263 3520 5327 Dei
3542 5287 3671 5348 pro-

2030 5358 2321 5421 videntias
2351 5357 2635 5439 declarat,
2667 5356 2902 5434 reliqua
2932 5372 3074 5419 vero
3104 5354 3490 5436 particulares
3522 5375 3666 5439 pro-

2027 5449 2317 5510 videntias
2349 5448 2752 5524 manifestant,
2781 5446 2892 5508 alia
2925 5445 3164 5528 quidem
3198 5443 3384 5524 magis
3424 5447 3668 5509 univer-

2026 5541 2204 5623 sales,
2239 5538 2354 5603 alia
2375 5557 2513 5602 vero
2546 5537 2729 5619 magis
2755 5536 3172 5619 particulares;
3198 5534 3494 5616 siquidem
3527 5536 3670 5601 boni
