4032 6420
369 357 487 432 835
1097 357 1102 360 ’
1547 355 1610 428 S.
1654 359 1991 430 DIONYSIl
2037 360 2574 430 AREOPAGITAE.
3621 355 3745 428 836

365 521 583 566 nomen
635 490 910 579 designat
961 499 1354 562 universalem
1398 499 1643 562 omnino
1678 501 2000 582 providen-

2090 522 2204 579 ρας,
2247 501 2306 556 οὗ
2337 499 2461 577 γὰρ·
2493 499 2666 554 πάντα
2695 503 2876 569 {timur
2927 497 2961 564 ἡ
2994 495 3048 552 δὲ
3100 495 3197 565 τῆς
3244 497 3469 582 σοφίας,
3492 495 3566 552 ἔτι
3599 517 3752 574 μερι-

364 591 527 666 tiam,
553 578 836 668 quoniam
870 589 1146 651 universa
1196 607 1302 670 per
1355 578 1692 652 bonitatem-
1726 590 2002 670 producta

2090 578 2348 666 αωτέρας.
2411 585 2656 665 οὐδὲγὰρ
2708 587 2881 643 πάντα
2913 588 2976 642 τὰ
3032 591 3204 657 ζῶντα
3235 585 3393 664 σοφά.
3457 578 3750 643 Ὀλικωτὲ-

363 686 590 752 sunt,et
637 681 919 755 existunt;
955 697 1175 740 nomen
1226 696 1364 739 vero
1415 679 1545 740 vitae
1594 679 2002 759 particularem

2093 701 2184 758 ρας
2243 685 2368 755 γοῦν
2401 698 2530 755 φησι
2588 677 2680 737 τὰς
2715 675 2799 732 ἐπὶ
2827 674 3098 732 πλειώνων
3130 674 3516 753 Θεωρουμένας·
3564 676 3598 743 ἡ
3635 673 3754 744 ζωὴ

365 770 791 852 providentiam
808 766 1198 848 declarat,sed
1229 769 1688 845 generaliorem,
1717 787 1833 830 non
1849 769 2002 829 enim

2094 769 2192 845 γὰρ
2243 767 2421 847 φθάνει
2473 767 2558 823 καὶ
2619 767 2702 821 ἐπὶ
2761 771 2957 845 φυτῶν,
3005 765 3092 820 καὶ
3152 765 3303 836 ζώων
3363 763 3616 842 λογικῶν,
3664 765 3756 819 καὶ

363 867 562 923 omnia
598 861 814 937 vivunt,
849 859 1157 938 sapientiae
1186 876 1324 920 vero
1357 859 1550 920 adhuc
1583 859 1768 936 magis
1823 857 2002 938 parti-

2095 855 2330 933 ἆλόγων·
2364 855 2520 934 σοφία
2547 853 2602 909 δὲ
2637 856 2724 910 καὶ
2755 853 2938 933 λόγος,
2976 855 3323 933 μερικώτεροί
3352 856 3505 917 εἰσιν,

365 955 655 1025 cularem,
691 969 808 1012 non
859 949 1015 1010 enim
1049 948 1250 1008 omnia
1280 967 1411 1028 quae
1445 949 1647 1009 vivunt
1680 946 1940 1027 sapiunt.
1975 943 2390 1009 Generaliores
2436 949 2634 1004 autem
2664 950 2833 1004 vocat
2865 960 2987 1017 eas,
3015 960 3147 1024 qum
3199 941 3261 1003 in
3295 941 3564 1022 pluribus
3611 959 3756 1002 cer-

362 1048 584 1102 nuntur
614 1062 629 1112 ;
661 1040 776 1100 vita
805 1039 964 1099 enim
1000 1039 1272 1118 pervenit
1302 1057 1490 1119 usque
1533 1039 1603 1098 ad
1640 1037 1898 1117 plantas,
1936 1045 1993 1097 et
2036 1033 2318 1097 animalia
2352 1032 2662 1095 rationalia
2703 1032 3070 1109 rationisque
3100 1032 3407 1114 expertia;
3461 1029 3760 1112 sapientia

363 1139 560 1193 autem
591 1137 648 1189 et
673 1128 818 1189 ratio
856 1136 994 1188 sunt
1023 1127 1207 1205 magis
1240 1128 1649 1208 particulares.

445 1220 472 1298 §
504 1218 603 1281 Ill.
651 1218 905 1278 Dubium
969 1216 1107 1277 hinc
1153 1219 1446 1279 resultans
1480 1218 1676 1297 solvit,
1709 1234 1837 1291 cur,
1871 1234 2008 1278 cum

361 1328 578 1370 nomen
603 1307 790 1388 ipsius
823 1308 1000 1384 entis,
1036 1325 1209 1386 quam
1243 1308 1396 1383 vitaz,
1433 1318 1490 1370 et
1523 1309 1675 1388 vitae,
1710 1325 1884 1388 quam
1919 1324 2007 1366 sa-

361 1399 604 1479 pientiae
633 1398 810 1458 latius
835 1404 1036 1477 pateat
1062 1396 1382 1476 (siquidem
1409 1417 1511 1458 ens
1533 1407 1594 1458 ut
1617 1396 2007 1459 universalius

357 1489 425 1548 in
455 1487 731 1548 omnibus
762 1486 1079 1566 reperitur,
1115 1488 1232 1548 vita
1267 1505 1404 1547 vero
1438 1496 1498 1547 ut
1531 1493 1713 1567 magis
1745 1486 2003 1566 particu-

356 1576 504 1638 laris
532 1578 591 1637 in
623 1574 1004 1657 quibusdam,
1041 1583 1098 1634 et
1127 1577 1423 1653 sapientia
1447 1577 1642 1638 adhuc
1671 1576 1730 1636 in
1757 1575 2002 1655 paucio-

356 1666 549 1747 ribus)
582 1685 699 1726 non
732 1671 918 1744 magis
946 1665 1259 1746 excellant,
1297 1665 1538 1746 Deoque
1569 1666 1854 1728 viciniora
1887 1664 2005 1726 sint

361 1776 496 1835 quae
527 1755 877 1836 simpliciter
910 1754 1257 1834 existunt,et
1282 1757 1371 1818 his
1405 1755 1600 1816 minus
1631 1774 1765 1832 quae
1782 1756 1997 1834 vivunt,

363 1857 422 1908 et
446 1847 538 1908 his
571 1846 782 1906 iterum
817 1844 1012 1904 minus
1045 1862 1136 1925 ea,
1169 1845 1674 1924 quaaintelligunt;
1708 1845 1812 1905 sed
1848 1844 2005 1905 ordi-

359 1953 436 1997 ne
466 1935 922 2009 inverso,magis
954 1933 1426 2013 particularia,ut
1456 1933 1864 2014 intelligentia,
1890 1935 2004 1995 cir-

2176 1212 2331 1293 §HL
2390 1211 2656 1271 Ἐντεῦθεδ
2689 1212 3159 1270 ἐπανακύπτουσαν
3218 1212 3439 1288 ἀπορίαν
3491 1211 3628 1289 λύει,
3668 1209 3758 1267 διὰ

2091 1309 2165 1388 τί,
2206 1315 2296 1363 τοῦ
2349 1305 2606 1381 ὀνόματος
2667 1309 2823 1364 αὐτοῦ
2876 1307 2971 1362 τοῦ
3026 1304 3179 1369 ὄντος
3233 1307 3604 1384 ὑπεραίροντος
3652 1305 3759 1370 τὴν

2090 1399 2255 1469 ζωὴν,
2317 1397 2402 1452 καὶ
2459 1400 2558 1461 τῆς
2602 1395 2741 1464 ζωῆς
2803 1395 3197 1474 ὑπεραιρούσης
3242 1396 3341 1463 τὴν
3388 1395 3597 1473 copim,
3667 1392 3758 1472 (τὸ

2089 1488 2188 1566 γὰρ
2240 1487 2297 1542 ’ὂν
2330 1484 2654 1563 πλατύτερον
2697 1485 2782 1541 καὶ
2829 1484 2914 1540 ἐπὶ
2965 1489 3149 1563 πᾶσιν,
3188 1487 3218 1553 ἡ
3263 1483 3317 1540 δὲ
3349 1485 3460 1555 ζωὴ
3507 1506 3752 1560 μερικω-

2087 1589 2209 1654 τερα
2269 1577 2354 1632 καὶ
2387 1575 2470 1630 ἐπὶ
2528 1595 2654 1648 τισι,
2709 1578 2805 1629 καὶ
2849 1572 2992 1642 ἔτιὴ
3055 1573 3212 1652 σοφία
3270 1573 3656 1652 μερικωτερα)·
3694 1572 3756 1628 οὗ

2088 1665 2292 1741 μᾶλλον
2345 1663 2689 1744 ὑπερέχουσι,
2759 1665 2850 1719 καὶ
2909 1664 3026 1742 περὶ
3094 1663 3224 1719 Θεόν
3283 1665 3381 1719 εἰσι
3436 1664 3502 1718 τὰ
3559 1663 3753 1726 ἁπλῶς

2085 1757 2233 1826 ὄντα,
2269 1758 2358 1810 καὶ
2401 1759 2562 1823 ἦττον
2620 1754 2820 1810 τούτων
2877 1754 2943 1808 τὰ
2985 1760 3182 1830 ζῶντα,
3212 1757 3299 1810 καὶ
3359 1756 3531 1809 αὐτῶν
3587 1753 3755 1809 πάλιν

2086 1846 2246 1914 ἧττον
2280 1846 2343 1901 τὰ
2389 1844 2563 1923 νοερά·
2605 1842 2726 1899 ἀλλ’
2785 1843 3169 1921 ἀπέστραπται
3204 1846 3238 1911 ἡ
3281 1842 3447 1918 τάξις,
3482 1844 3570 1899 καὶ
3602 1844 3752 1918 μᾶλ-

2087 1937 2178 1992 λον
2240 1936 2305 1992 τὰ
2356 1936 2709 2012 μερικώτερα,
2757 1934 2933 2012 νοερὰ,
2969 1935 3086 2010 περὶ
3123 1932 3252 1988 Θεόν
3285 1937 3404 2006 εἰσι,
3439 1934 3528 1988 καὶ
3586 1936 3753 1988 καθε-

356 2025 517 2086 circa
546 2024 732 2085 Deum
767 2031 925 2098 sunt,
962 2030 1019 2083 et
1067 2023 1354 2105 deinceps
1383 2035 1670 2105 quantum
1710 2041 2002 2104 superex-

2090 2026 2182 2093 ξῆς
2245 2025 2369 2082 ὅσον
2426 2023 2908 2102 ὁπερεκτείνονται,
2974 2025 3034 2079 τὸ
3111 2021 3440 2100 ποῤῥώτερον
3499 2023 3560 2077 ἐοι
3619 2029 3756 2082 Θεοῦ

357 2117 716 2196 panduntur,
754 2122 912 2173 tanto
964 2113 1252 2175 remotius
1281 2133 1314 2175 a
1347 2117 1467 2177 Deo
1500 2116 1778 2178 existunt.
1814 2113 2000 2192 Majo-

2090 2116 2295 2196 ἔχουσι,
2360 2118 2614 2185 Μείζονας
2668 2112 2720 2168 δὲ
2755 2112 2952 2190 δωρεάς
2997 2135 3126 2189 φησι
3190 2113 3286 2175 τὰς
3348 2112 3432 2168 ἐπὶ
3487 2110 3756 2168 πλειόνων

356 2223 423 2266 ra
458 2222 597 2266 vero
631 2221 876 2264 munera
907 2212 1071 2265 vocat
1102 2221 1194 2283 ea,
1230 2222 1359 2284 quae
1388 2223 1422 2265 a
1453 2205 1722 2284 pluribus
1753 2221 2002 2265 cernun-

2090 2204 2470 2285 θεωρουμένας,
2537 2207 2653 2260 οἷον
2727 2205 2787 2258 τὸ
2849 2204 2906 2258 ὃν
2970 2204 3056 2258 καὶ
3131 2203 3298 2272 ζωήν,
3371 2199 3753 2280 Ἀποκρίνεται

359 2303 547 2376 tur,ut
595 2301 790 2373 ens,et
837 2293 1034 2355 vitam.
1089 2294 1439 2374 Respondet
1495 2295 1713 2375 itaque,
1744 2301 1800 2354 et
1829 2292 2002 2355 solvit

2090 2297 2254 2354 τοίνῢν
2314 2295 2400 2352 καὶ
2435 2295 2542 2351 λύει
2577 2295 2676 2361 τὴν
2733 2295 2980 2372 ἀπορίαν,
3016 2291 3212 2372 λέγων,
3249 2292 3328 2349 ὅτι
3371 2293 3414 2348 εἷ
3447 2292 3546 2367 μὲν
3589 2294 3755 2349 ἀνούοη

351 2383 739 2464 quaestionem
773 2381 1007 2458 dicens,
1046 2382 1206 2463 quod
1239 2382 1288 2444 si
1321 2383 1563 2465 quidem
1599 2403 1689 2466 ea,
1725 2403 1856 2464 quin
1902 2385 1999 2444 in-

363 2474 657 2553 telligunt,
687 2473 928 2535 entitate
961 2492 1032 2534 ac
1063 2472 1186 2534 vita
1237 2483 1536 2555 carerent,
1573 2483 1630 2536 et
1659 2491 1727 2535 ea
1759 2491 1888 2553 qua;
1917 2477 2004 2532 vi-

355 2572 498 2624 vunt
527 2563 801 2624 similiter
825 2561 1218 2625 substantiam
1252 2582 1370 2624 non
1404 2565 1715 2640 haberent,
1740 2572 1903 2625 recte
1941 2580 2006 2624 se

357 2653 613 2716 haberet
642 2653 952 2727 dubitatio;
995 2670 1196 2713 verum
1225 2672 1356 2714 cum
1386 2673 1457 2716 ea
1488 2673 1622 2734 qua:
1668 2653 2009 2731 intelligunt

361 2743 536 2804 etiam
567 2743 840 2818 existant,
870 2750 927 2802 et
949 2742 1143 2802 vivant
1173 2742 1415 2823 potiori,
1450 2751 1508 2804 et
1539 2741 1880 2820 intelligant
1903 2758 2004 2802 su-

361 2850 469 2914 pra
505 2851 746 2894 sensum
800 2850 868 2892 ac
897 2831 1216 2911 rationem,
1245 2841 1302 2892 et
1356 2851 1477 2912 prae
1507 2832 1735 2892 cunctis
1769 2830 2006 2891 entibus

363 2922 720 3003 participem
749 2920 1064 2999 unitatem,
1111 2921 1224 2980 hoc
1274 2922 1476 3000 utique
1522 2919 1676 2981 bono
1706 2919 1828 2982 Deo
1855 2919 2004 2979 vici-

356 3015 560 3074 niores
595 3011 1000 3088 existunl,quo
1027 3008 1388 3072 luculentius
1421 3012 1616 3090 ipsum
1650 3010 2004 3090 participan-

359 3103 682 3181 tcs,plures
703 3099 877 3159 etiam
903 3097 977 3159 ab
1002 3097 1131 3176 ipso
1157 3097 1330 3159 dotes
1351 3109 1734 3180 acceperunt,
1772 3098 2002 3161 scilicet

357 3198 416 3251 et
445 3189 785 3262 eutitatem,
823 3195 882 3251 et
914 3186 1118 3261 vitam,
1153 3195 1210 3249 et
1237 3188 1660 3266 cognitionem,
1689 3197 1746 3250 et
1777 3189 2004 3251 intelle-

356 3287 546 3355 ctum;
580 3295 690 3339 nec
719 3295 838 3338 non
893 3276 1072 3338 etiam
1105 3275 1274 3339 dotes
1305 3277 1651 3359 ampliores,
1685 3279 1844 3355 quod
1878 3279 2002 3341 haec

2086 2409 2175 2443 σια
2231 2389 2368 2452 ἦσαν
2425 2386 2489 2440 τὰ
2544 2385 2695 2460 νοερὰ
2745 2385 2830 2438 καὶ
2890 2382 3174 2462 ἄζωα,καὶ
3234 2381 3394 2439 πάλιν
3454 2383 3519 2437 τὰ
3577 2389 3754 2452 ζῶντα

2088 2475 2324 2550 ὰνούσια,
2399 2473 2572 2539 καλῶς
2641 2474 2702 2528 ἂν
2750 2473 2910 2552 εἶχεν
2967 2476 3001 2541 ἡ
3059 2473 3275 2552 ἀπορίαν
3339 2470 3520 2538 ἐπειδὴ
3579 2470 3633 2527 δὲ
3687 2473 3755 2527 τὰ

2089 2567 2243 2642 νοερὰ
2300 2565 2387 2620 καὶ
2446 2562 2570 2620 ὄντα
2631 2563 2749 2642 εἶσὶ,
2785 2564 2872 2618 καὶ
2932 2567 3084 2636 ζῶσι,
3120 2562 3205 2618 καὶ
3261 2563 3404 2632 ζωὴν
3451 2562 3741 2638 κρείττονα,

2091 2654 2176 2709 καὶ
2219 2652 2568 2730 γινώσκουσιν
2621 2653 2750 2730 ὅπερ
2805 2650 3054 2717 αἴσθησιν
3086 2652 3176 2707 χαὶ
3233 2650 3418 2728 λόγον,
3467 2653 3549 2706 καὶ
3603 2651 3748 2727 παρὰ

2089 2743 2260 2799 πάντα
2291 2742 2355 2799 τὰ
2382 2740 2505 2798 ὄντα
2554 2751 2646 2800 τοῦ
2676 2740 2827 2804 ὄντος
2878 2740 3223 2820 μετέχουσιν,
3259 2742 3405 2814 αςιτοὶ
3451 2738 3653 2816 μᾶλλον
3691 2739 3750 2794 ἄν

2090 2834 2436 2905 πλησιάζοιεν
2501 2838 2574 2907 τῷ
2627 2835 2808 2912 ἀγαθῴ
2853 2835 2991 2904 Θειῖ),
3035 2836 3080 2890 οἱ
3137 2835 3532 2912 ὑπερπερισσῶς
3593 2833 3755 2890 αὖτοῦ

2091 2927 2444 3003 μετάχοντες,
2480 2927 2567 2979 καὶ
2600 2923 2818 2986 πλείους
2869 2923 3066 3002 δωρεὰς
3101 2923 3346 3003 ἔχοντες,
3381 2921 3633 2988 δηλονότι
3667 2923 3752 2976 καὶ

2089 3017 2149 3070 τὸ
2183 3015 2346 3086 εἶναι,
2371 3015 2456 3069 καὶ
2478 3015 2538 3070 τὸ
2567 3020 2686 3089 ζῇν,
2713 3016 2798 3069 καὶ
2830 3015 2888 3069 τὸ
2912 3013 3357 3093 γινώσκει·ι,ἆλ).ά
3380 3014 3467 3068 καὶ
3486 3014 3547 3068 τὸ
3574 3026 3744 3068 νοεῖν·

2086 3103 2244 3160 πάλιν
2277 3102 2331 3158 δὲ
2364 3103 2570 3177 μείζους
2602 3102 2826 3180 δωρεὰς
2875 3102 2953 3158 ὅτι
3005 3103 3170 3160 ταῦτα
3201 3103 3372 3160 πάντα
3427 3102 3751 3181 κρειττόνως

2087 3193 2301 3274 ἔχουσιν
2361 3195 2499 3249 οὗτοι
2534 3193 2675 3271 παρὰ
2706 3194 2769 3248 τὰ
2802 3191 2964 3249 ἄλλα·
3000 3196 3086 3250 καὶ
3117 3192 3258 3250 ἔστιν
3301 3191 3520 3264 ἀληθὲς,
3557 3194 3638 3248 ὃτι
3686 3192 3754 3246 τὰ

2087 3280 2290 3357 μᾶλλον
2322 3281 2624 3361 μετέχοντα
2656 3287 2748 3339 τοῦ
2798 3290 2929 3339 Θεοῦ
2961 3281 3163 3356 μᾶλλον
3195 3285 3337 3355 αὒτῴ
3366 3281 3749 3353 πλησιάζουσι,

354 3367 555 3429 omnia
611 3383 733 3447 prae
786 3364 1016 3428 caeteris
1069 3367 1455 3444 praestantiori
1503 3368 1678 3429 modo
1722 3369 1998 3440 habeant;

2090 3369 2308 3439 Ἐπειδὴ
2339 3369 2391 3426 δὲ
2445 3374 2561 3448 περὶ
2612 3373 2814 3427 τούτων
2865 3371 3116 3448 εἴπομεν,
3149 3372 3270 3451 φέρε
3317 3371 3402 3428 ἐπὶ
3459 3373 3549 3426 τὸν
3609 3393 3754 3448 προ-

359 3466 567 3536 estque
589 3457 703 3519 hoc
725 3473 953 3532 verum,
980 3455 1118 3515 4-ἱο
1142 3456 1242 3517 illa
1270 3475 1399 3538 quin
1423 3455 1611 3520 Deum
1647 3458 1832 3536 magis
1863 3477 2003 3539 par-

357 3549 600 3628 ticipant
632 3545 745 3628 ipsi
767 3565 1002 3628 quoque
1033 3547 1288 3609 existere
1330 3547 1676 3611 viciniores.
1711 3547 2002 3621 Quoniam

2086 3463 2327 3536 κείμενον
2387 3463 2587 3517 σκοπὸν
2620 3460 2877 3536 ἕλοῶμεν,
2914 3465 3002 3518 καὶ
3035 3463 3152 3540 περὶ
3207 3464 3300 3518 τοῦ
3347 3462 3509 3525 ὄντως
3572 3460 3752 3536 ὄντος,

2087 3553 2176 3607 καὶ
2220 3558 2326 3606 τῶν
2358 3550 2523 3606 ὄντων
2557 3553 2859 3608 οὖσιοποιοῦ
2889 3549 3254 3628 διαλάϐωμεν.

350 3649 547 3700 autem
602 3637 676 3698 de
707 3637 798 3697 his
831 3637 1241 3717 disseruimus,
1281 3636 1530 3715 agedum
1575 3637 1648 3699 ad
1695 3645 2066 3720 propositum
2099 3658 2344 3721 scopum
2392 3640 2724 3721 veniamus,
2769 3647 2829 3702 et
2863 3640 2938 3701 de
2997 3647 3134 3702 ente
3172 3657 3310 3703 vere
3340 3638 3640 3722 eristente
3687 3647 3748 3702 et

361 3728 670 3791 entitatum
705 3726 1004 3788 eifectrice
1033 3725 1214 3787 verba
1245 3726 1550 3790 faciamus.

436 3820 466 3894 ἕ
495 3816 602 3880 IV.
633 3817 744 3888 Qui
777 3823 888 3891 est,
916 3816 975 3876 td
1011 3815 1301 3898 estDeus,
1331 3817 1660 3879 secundum
1697 3818 2000 3880 oraculum

353 3907 800 3986 Mosaicum,est
827 3924 1006 3986 supra
1036 3906 1364 3984 ipsummet
1394 3924 1524 3968 esse
1545 3907 1690 3988 (hoc
1723 3907 1880 3969 enim
1916 3916 2006 3972 est

352 4013 544 4076 supra
591 3996 1016 4067 substantiam)
1046 4012 1224 4055 causa
1253 3994 1520 4057 efﬁciens
1567 3995 1952 4056 substantiam
1984 4015 2001 4076 ;

353 4085 580 4167 quippe
611 4081 1058 4145 subsistentiam
1083 4092 1141 4145 et
1168 4083 1540 4146 existentiam
1572 4085 1886 4166 perficiens
1919 4092 2006 4146 to-

355 4175 472 4236 tius
500 4192 632 4236 esse
656 4172 967 4236 collective
983 4173 1389 4254 sumpti;uihil
1413 4174 1573 4235 enim
1601 4183 1692 4236 est
1715 4175 1774 4236 in
1796 4174 2000 4254 rebus,

351 4264 508 4346 quod
525 4281 640 4328 non
662 4263 802 4324 inde
833 4281 1005 4324 suum
1028 4281 1160 4325 esse
1181 4263 1483 4325 sortiatur.
1512 4264 1861 4327 Secundum
1882 4265 2002 4326 vir-

350 4363 539 4417 tutem
561 4363 760 4416 autem
794 4352 967 4428 dixit,
989 4353 1268 4434 quoniam
1298 4351 1416 4414 alia
1439 4352 1680 4434 quidem
1715 4353 2002 4435 producta

349 4451 509 4521 sunt,
542 4444 658 4506 alia
682 4460 821 4504 vero
847 4443 1430 4523 producuntur.Cum
1464 4444 1668 4524 itaque
1694 4445 1850 4506 Deus
1874 4443 2002 4504 uni-

349 4551 586 4596 versum
618 4551 748 4596 esse
783 4534 842 4595 in
874 4550 940 4594 se
970 4535 1100 4613 ipso
1131 4532 1452 4597 collectum
1487 4533 1727 4608 habeat,
1762 4542 1878 4594 tam
1907 4551 2002 4595 eo.

345 4641 478 4684 rum
504 4642 634 4704 quae
651 4622 1117 4703 existunt,quam
1154 4640 1284 4703 qua).
1316 4622 1514 4684 futura
1544 4630 1702 4693 sunt,
1737 4622 1905 4703 ponit
1925 4621 1999 4682 il-

344 4712 446 4774 lud
466 4714 796 4775 secundum
821 4714 1118 4775 virtutem
1149 4729 1279 4774 com
1288 4711 1674 4794 prehendens
1693 4718 1870 4774 etiam
1903 4731 2002 4774 en-

2166 3819 2194 3900 ἓ
2227 3818 2328 3884 Ν.
2367 3811 2425 3879 Ὀ
2462 3821 2558 3898 ὥν,
2597 3823 2623 3877 ὁ
2654 3823 2783 3887 Θεὸς
2815 3822 2950 3879 κατὰ
2992 3822 3082 3877 τὸν
3127 3823 3258 3900 πρὸς
3291 3820 3490 3889 Μωσῆν
3521 3841 3757 3900 χρημα-

2085 3912 2303 3989 τισμὸν,
2335 3910 2464 3989 ὑπὲρ
2524 3924 2665 3967 εἶναι
2730 3913 2812 3987 ὃν,
2849 3909 3026 3991 (τοῦτο
3085 3912 3186 3990 γάρ
3246 3911 3356 3968 ἐστι
3409 3911 3470 3966 τὸ
3525 3910 3757 3986 ὑπερθύ-

2087 4000 2256 4079 σιος.)
2315 4000 2452 4057 αἰτία
2498 4002 2787 4066 ὑποστάσις
2847 4001 2978 4057 ἐστί·
3026 4002 3087 4058 τὸ
3149 4007 3280 4080 γοῦν
3335 4002 3407 4065 εἷς
3467 3997 3756 4056 ὖπόστὰσιν

2087 4091 2174 4146 καὶ
2231 4087 2446 4169 ὕπαρξιν
2498 4089 2820 4148 συντελοῦσα
2873 4090 3001 4146 ὅλου
3067 4093 3161 4148 τοῦ
3220 4090 3364 4148 εἶναι
3419 4085 3750 4158 συλλήϐδην·

2087 4177 2231 4236 οὔδέν
2261 4181 2360 4257 γὰρ
2388 4186 2494 4236 τῶν
2525 4180 2715 4261 ὄντων,
2748 4182 2775 4236 ὃ
2809 4180 2888 4256 μὴ
2919 4180 3125 4237 ἐκεῖθεν
3149 4179 3268 4259 ἔχει
3300 4181 3360 4236 τὸ
3391 4180 3560 4241 εἶναι,
3600 4178 3751 4236 Κατὰ

2086 4267 2302 4343 δύναμιν
2346 4267 2399 4326 δὲ
2431 4271 2612 4347 εἶπεν,
2646 4270 2728 4328 ὅτι
2771 4271 2837 4328 τὰ
2870 4271 2968 4347 μὲν
2999 4269 3388 4350 παρῆχθησαν,
3421 4270 3486 4325 τὰ
3517 4266 3573 4323 δὲ
3605 4290 3752 4346 παρα

2085 4361 2326 4437 ἄγονται.
2386 4359 2533 4418 Ἐπεὶ
2563 4367 2688 4439 γοῦν
2733 4362 2796 4418 τὸ
2847 4369 3003 4418 Θεϊον
3035 4359 3176 4416 ἅπαν
3221 4360 3282 4416 τὸ
3327 4359 3470 4416 εἶναι
3524 4358 3580 4414 ἐν
3616 4358 3750 4414 ἑαυ-

2087 4454 2161 4522 τῷ
2211 4448 2471 4506 συλλαϐὸν
2502 4450 2647 4530 ἴχει,
2679 4452 2768 4507 καὶ
2815 4456 2923 4507 τῶν
2951 4448 3118 4508 ὄντων
3149 4451 3239 4506 καὶ
3287 4455 3392 4505 τῶν
3451 4445 3747 4523 ἐσομένων,

2083 4540 2256 4606 τίθησι
2315 4541 2377 4596 τὸ
2432 4542 2568 4597 κατὰ
2613 4538 2840 4617 δύναμιν
2898 4537 3310 4618 περιλαμϐάνων
3354 4540 3440 4596 καὶ
3484 4539 3544 4594 τὸ
3606 4538 3753 4594 εἶναι

2084 4632 2190 4686 τῶν
2241 4629 2534 4707 ἐσομένων,
2569 4631 2674 4709 *ὅτι
2705 4629 2758 4687 ἒν
2806 4636 2881 4703 τῷ
2910 4629 3077 4694 ὅντως
3120 4629 3230 4686 ὃντι
3264 4630 3428 4709 ἐστὶν,
3459 4628 3496 4696 ἢ
3540 4625 3752 4703 μᾶλλον

2085 4719 2174 4775 καὶ
2223 4699 2492 4798 πρόεστιν.
2520 4699 2532 4707 ⁷
2569 4699 2650 4779 ”Α
2730 4720 2828 4799 γὰρ
2857 4699 2967 4776 ’καὶ
3027 4719 3093 4774 τὰ
3145 4718 3371 4795 ἐσόμενα
3413 4699 3492 4774 ’τὸ
3543 4699 3752 4792 ⁷μέλλον

347 4802 574 4865 titatem
610 4803 1188 4882 futurorum,quiain
1207 4820 1276 4864 eo
1293 4802 1397 4880 qui
1431 4819 1570 4864 vere
1601 4810 1692 4864 est
1719 4807 1999 4880 existunt,

2090 4807 2314 4890 ἔχωσιν,
2349 4809 2488 4870 ἀλλὰ
2515 4810 2660 4890 παρὰ
2689 4816 2766 4884 τῷ
2796 4807 3112 4890 δημιουργῷ
3141 4809 3580 4887 προϋφίστανται,
3615 4809 3750 4864 καθ-

345 4892 443 4956 vel
469 4895 665 4974 potius
689 4893 866 4956 etiam
894 4891 1381 4973 praeexistunt.Et
1411 4891 1464 4956 si
1484 4896 1643 4954 enim
1663 4909 1794 4974 qua
1816 4891 2002 4957 exsti-

345 4990 481 5045 tura
509 4991 648 5045 sunt
668 4982 936 5045 futurum
961 4982 1455 5055 habeant,tamen
1481 4982 1639 5063 apud
1671 4990 2000 5045 creatorem

345 5072 1102 5154 praeexistunt,secundum
1133 5071 1193 5133 id
1225 5071 1383 5154 quod
1413 5091 1448 5135 a
1475 5070 1744 5136 Jeremia
1773 5072 1998 5136 dictum

345 5171 461 5240 est;
488 5163 569 5224 ita
591 5171 653 5223 ut
681 5161 827 5224 illud
850 5162 1182 5225 secundum
1204 5167 1492 5226 virtutem
1514 5181 1634 5226 non
1672 5162 1742 5226 ad
1761 5171 1998 5226 creato-

343 5269 472 5315 rem
520 5251 906 5314 referendum
936 5257 1032 5328 sit,
1083 5251 1188 5314 sed
1230 5252 1302 5314 ad
1349 5261 1680 5317 creaturas.
1723 5251 1890 5326 Quod
1950 5252 2002 5315 si

343 5342 524 5404 aliam
558 5341 1060 5419 signiﬁcationem
1108 5341 1344 5405 virtutis
1391 5343 1674 5425 accipias,
1707 5341 1989 5424 quemad-

349 5433 594 5494 modum
621 5431 794 5514 dicis,
818 5431 1018 5512 ignem
1051 5429 1274 5495 habere
1305 5431 1421 5493 vim
1446 5432 1859 5515 calefaciendi,
1891 5435 2003 5497 hoc

345 5539 531 5585 sensu
563 5520 637 5584 de
670 5531 937 5586 creatore
968 5521 1222 5602 intelligi
1253 5523 1568 5585 commode
1627 5541 1746 5586 non
1780 5532 2001 5605 potest.

344 5610 448 5675 Est
476 5612 657 5692 igitur
684 5618 920 5676 creator
949 5611 1214 5694 unitatis,
1248 5621 1308 5674 et
1338 5611 1483 5694 quid
1537 5613 1672 5676 dico
1730 5613 1999 5679 eutitatis

343 5700 466 5768 rei?
495 5699 764 5786 quinimo
794 5701 1107 5784 ipsiusmet
1146 5701 1476 5765 existentiaa
1515 5703 1800 5782 entitatis,
1851 5703 1997 5768 sub-

2086 4900 2158 4962 ὡς
2212 4889 2331 4978 ἔχει
2382 4901 2470 4956 καὶ
2521 4889 2603 4956 τὸν
2637 4900 2752 4978 περὶ
2807 4898 2898 4956 τοῦ
2943 4889 3194 4979 Ἰερεμίου
3237 4896 3555 4976 λεγόμενον·
3610 4896 3748 4953 ὥστε

2084 4989 2145 5044 τὸ
2206 4989 2341 5048 κατὰ
2371 4987 2614 5067 δύναμιν,
2651 4991 2711 5047 οὒ
2763 4989 2894 5067 πρὸς
2953 4989 3046 5044 τὸν
3101 4986 3424 5066 δημιουργὸν
3489 4985 3748 5066 χρήσεις,

2084 5075 2222 5134 ἀλλὰ
2265 5078 2394 5156 πρὸς
2447 5078 2515 5135 τὰ
2543 5077 3033 5158 δημιουργούμενα.
3067 5077 3126 5134 Εἰ
3153 5075 3209 5133 δέ
3237 5097 3297 5156 γε
3333 5076 3394 5132 τὸ
3425 5073 3608 5154 ἕτερον
3640 5096 3748 5142 ση-

2083 5165 2407 5243 μαινόμενόν
2467 5172 2566 5236 τῆς
2623 5165 2881 5244 δυνάμεος
2939 5163 3254 5247 λαμϐανεις,
3303 5164 3482 5244 ὥσπερ
3543 5162 3744 5244 λέγεις,

2085 5256 2296 5314 δυναται
2327 5257 2389 5313 τὸ
2439 5265 2539 5337 πῦρ
2590 5258 2910 5338 θερμαίνειν,
2943 5257 3100 5314 τοῦτο
3159 5257 3244 5313 ἐπὶ
3277 5264 3370 5315 τοῦ
3420 5252 3751 5334 δημιουργοῦ

2085 5349 2274 5415 νοῆσαι
2305 5346 2400 5404 οὒκ
2429 5347 2741 5428 ἐπισφαλές.
2776 5345 2949 5405 ’Ἔστι
2993 5354 3118 5424 γοῦν
3149 5345 3469 5426 δημιουργὸς
3512 5350 3608 5401 τοῦ
3654 5343 3748 5400 ὅν-

2085 5460 2202 5512 τος,
2233 5439 2323 5494 καὶ
2355 5439 2404 5495 τί
2435 5436 2577 5517 λέγω
2603 5437 2758 5502 ὄντος
2804 5437 3120 5516 πράγματος
3153 5453 3174 5510 ;
3207 5437 3372 5504 αὐτῆς
3429 5439 3528 5502 τῆς
3573 5436 3744 5515 ὑπάρ-

2091 5527 2220 5594 ξεως
2279 5527 2370 5584 τυῦ
2399 5525 2576 5609 ὄντος,
2611 5527 2706 5597 τῆς
2736 5527 3101 5599 ὑποστάσεως,
3135 5531 3231 5604 τῇς
3273 5525 3477 5604 οὐσίας,
3525 5524 3626 5592 τῆς
3657 5524 3748 5603 cpti-

2081 5639 2244 5693 σεως,
2275 5617 2425 5698 ἀρχὴ
2457 5624 2565 5676 τῶν
2598 5618 2830 5692 αἰώνων,
2864 5617 2939 5682 ὡς
2996 5613 3320 5696 δημιουργὸς
3352 5615 3552 5673 αὒτῶν⁶
3587 5612 3657 5672 δι’
3691 5615 3749 5672 οὗ

2083 5709 2183 5791 γὰρ
2231 5711 2317 5767 καὶ
2377 5709 2500 5776 τοὺς
2550 5708 2741 5774 αἰῶνας
2801 5706 3046 5790 ἐποίησα,
3096 5707 3257 5790 φησὶν
3300 5708 3327 5764 ὁ
3379 5703 3741 5773 Ἀπόστολος,
