4032 6480
173 291 301 361 841

689 293 787 362 DE
829 298 1127 362 DIVINIS
1169 293 1621 368 NOMINIBUS,
1668 286 1829 357 CAP.
1881 295 1956 358 V.
2014 329 2087 340 —
2136 296 2522 360 PARAPHR.
2573 296 3094 366 PACHYMERE.

3470 306 3587 373 842

169 437 288 492 τινὶ
350 435 442 493 ἐπὶ
470 441 578 493 τῶν
610 437 726 494 καθ’
778 438 923 510 ἡμᾶς
954 438 1279 506 ποιοτήτων,
1317 433 1482 512 ἤγουν
1528 435 1624 501 τῆς
1656 432 1838 490 λευκό-

1935 433 2388 496 similitudinem
2420 442 2478 495 et
2507 443 2723 497 caetera
2752 437 2921 517 dixit,
2956 441 3200 505 omnino
3226 444 3399 506 vitam
3425 465 3583 523 esse,

168 548 350 602 τῃτος
405 531 504 592 τῆς
565 525 838 600 μελανίας,
902 527 1059 582 οἱονεὶ
1117 525 1328 601 πρῶτόν
1386 547 1504 580 τινα
1565 523 1849 581 αὖτοποιό-

168 637 325 681 τητα
392 618 636 690 νοοῦμεν,
682 615 845 693 ἤγουν
902 614 1223 694 λευκότητα,
1253 615 1322 682 ἢν
1351 613 1415 681 δὴ
1465 610 1850 686 συμϐαίνουσαν

172 717 304 766 τοῖς
363 705 766 784 ὑποκειμένοις,
831 707 916 761 καὶ
973 708 1246 785 φαινεσθαι
1302 705 1390 760 καὶ
1437 703 1583 781 δρᾷν·
1643 707 1758 760 οἷον
1815 705 1848 771 ἡ

173 796 609 871 αὖτοασώματος
669 794 954 874 λευκότης,
1019 794 1372 872 ἐπιγενομένη
1443 793 1673 872 σώματι,
1736 791 1852 849 λευ-

169 887 361 942 καίνει
419 895 598 959 τοῦτο,
633 885 770 943 οὕτω
829 908 920 961 μοι
953 887 1084 958 νόει,
1119 883 1261 950 πλὴν
1311 882 1610 962 ἀναλόγως,
1646 885 1733 938 καὶ
1763 883 1848 939 ἐπὶ

169 978 285 1030 τῶν
356 972 572 1056 δωρεῶν
629 977 736 1032 τῶν
795 977 973 1046 θείων,
1004 981 1102 1042 τῆς
1161 979 1328 1045 ζωῆς,
1390 974 1487 1041 τῆς
1544 974 1748 1053 σοφίας,
1783 972 1846 1035 ἃς

171 1063 444 1121 ἐκάλεσεν
476 1065 649 1146 ἀρχὰς
697 1065 801 1122 τῶν
835 1063 1026 1126 ὄντων,
1089 1065 1196 1131 Τῆς
1258 1063 1522 1142 ἡμετέρας
1554 1063 1654 1141 γὰρ
1700 1066 1843 1132 ζωῆς

171 1155 328 1236 ἀρχὴ
389 1156 477 1212 καὶ
521 1155 840 1233 δημιουργὸς
882 1157 916 1222 ἡ
982 1155 1251 1234 αύτοζωὴ,
1284 1153 1380 1209 καΐ
1431 1159 1530 1220 τῆς
1561 1153 1750 1233 σοφίας
1814 1154 1842 1219 ἡ

172 1246 499 1326 ὰύτοσοφία,
555 1249 716 1302 Αὗται
749 1247 840 1300 σύν
890 1251 1101 1324 πρῶτον
1159 1245 1489 1300 ἐπινοοῦνται
1533 1242 1704 1321 οὖσαι,
1740 1242 1843 1298 εἶθ’

175 1333 351 1398 οὕτως
389 1337 489 1392 εἰσὶ
539 1335 624 1392 καὶ
658 1334 822 1413 ἀρχαὶ
852 1341 959 1390 τῶν
989 1335 1227 1413 ζώντων,
1260 1335 1292 1401 ἡ
1346 1334 1588 1403 αὒτοζωὴ
1620 1335 1654 1403 ἦ
1706 1333 1837 1389 θεία.

176 1426 347 1505 φημὶ,
382 1428 473 1480 καὶ
534 1423 588 1479 ἐν
618 1431 692 1498 τῷ
728 1431 842 1496 Θεῷ
890 1425 1028 1494 ζωή,
1063 1425 1250 1489 Τίθησι
1285 1420 1340 1477 δὲ
1381 1423 1440 1477 τὸ
1473 1425 1544 1486 ὡς
1603 1421 1838 1494 ζώντων,

176 1514 262 1572 ὅτι
315 1513 483 1570 πάλιν
513 1516 584 1579 ὡς
616 1512 781 1569 ὄντων
814 1513 875 1568 τὸ
909 1513 1035 1568 αὑτὸ
1088 1511 1167 1568 ὅν·
1206 1513 1293 1568 καὶ
1340 1514 1413 1575 ὼς
1446 1516 1621 1591 σοφῶν
1653 1511 1842 1588 ὃντων,

176 1607 212 1672 ὴ
253 1605 550 1684 αὒτοσοφία
583 1603 727 1684 ἀρχή
779 1601 914 1682 ἐστι,
948 1604 1035 1659 καὶ
1065 1608 1170 1658 τῶν
1201 1601 1418 1677 ὁμοίων.
1455 1601 1693 1675 Εἴπομεν
1745 1601 1844 1678 γὰρ

1935 533 1990 584 et
2021 525 2376 605 simpliciter
2405 524 2626 603 vivere,
2661 545 3034 608 nequaquam
3083 549 3218 593 vero
3250 532 3586 598 istiusmodi

1931 613 2105 705 vitam
2142 613 2659 705 explicavit.Sicut
2686 615 2874 692 igitur
2895 617 3091 699 aliqua
3105 622 3334 684 ratione
3359 624 3418 684 in
3444 643 3586 705 qua-

1933 701 2196 764 litatibus
2218 704 2602 795 nostratibus,
2625 721 2685 764 v.
2710 725 2764 784 g.
2790 706 3436 794 albedinemigredine,
3456 701 3581 795 pri-

1935 810 2094 854 mum
2144 793 2323 885 quasi
2367 811 2474 872 per
2522 795 2964 885 sequalitatem
3014 798 3273 879 aliquam
3323 793 3584 885 concipio

1935 900 2087 963 mus,
2141 881 2461 962 ipsammet
2509 882 2742 946 scilicet
2796 884 3137 948 albedinem
3173 907 3278 968 per
3306 881 3583 956 accidens

1930 971 2218 1051 subjectis
2251 972 2688 1047 advenientem,
2709 982 2769 1033 et
2798 993 3118 1059 appetere,
3151 985 3213 1042 et
3243 982 3502 1060 operari;
3523 993 3584 1045 ut

1929 1079 2061 1122 cum
2082 1061 2294 1124 albedo
2318 1080 2423 1141 per
2438 1080 2502 1122 se
2521 1061 2878 1143 incorporea
2898 1067 2962 1116 85
2985 1069 3224 1146 corpori
3254 1069 3582 1135 adveniens

1929 1150 2071 1212 illud
2103 1151 2363 1226 dealbat,
2393 1151 2478 1214 ita
2529 1153 2782 1232 concipe
2825 1155 2974 1236 haec,
3029 1156 3135 1217 sed
3195 1161 3582 1240 proportione

1930 1259 2243 1301 munerum
2276 1241 2633 1312 divinorum,
2670 1243 2805 1303 vitae
2831 1246 3163 1324 sapientiae,
3198 1266 3330 1328 quae
3374 1267 3576 1314 rerum

1929 1331 2216 1410 principia
2233 1331 2572 1422 appellavit.
2600 1333 2831 1394 Nostrae
2859 1334 3020 1395 enim
3049 1336 3183 1396 vitae
3213 1337 3576 1422 principium

1929 1425 1989 1483 et
2019 1428 2223 1482 auctor
2254 1429 2344 1481 est
2373 1421 2501 1500 ipsa
2545 1439 2653 1500 per
2701 1439 2766 1483 se
2821 1423 2956 1501 vita,
2989 1430 3049 1485 et
3090 1421 3580 1511 sapientiae’ipsa

1929 1528 2034 1590 per
2066 1528 2131 1571 se
2181 1511 2491 1589 sapientia.
2527 1513 2672 1573 Haec
2701 1511 2901 1592 itaque
2933 1515 3186 1593 primum
3219 1519 3572 1599 concipiun-

1926 1607 2019 1660 tur
2052 1600 2437 1675 exsistere,ac
2469 1600 2692 1661 deinde
2723 1601 2806 1661 sic
2839 1603 3127 1666 exsistere
3159 1605 3452 1688 principia
3485 1612 3572 1672 vi-

177 1697 268 1751 καὶ
325 1694 544 1772 πρώην,
577 1693 656 1750 ὃτι
709 1691 1029 1767 ὁμοίὸτητας
1061 1692 1206 1770 λέγει
1264 1690 1380 1747 καθ’
1413 1690 1472 1752 ἃς
1521 1691 1838 1770 μετέχουσιν

1925 1689 2211 1782 ventium,
2249 1691 2393 1782 ipsa,
2427 1691 2693 1770 inquam,
2725 1691 2922 1751 divina
2957 1711 3062 1772 per
3093 1711 3158 1754 se
3189 1696 3326 1776 vita,
3359 1709 3419 1759 et
3441 1719 3573 1782 quae

177 1788 224 1841 οἱ
268 1788 413 1841 Θεϊοι
447 1784 562 1846 vde:
596 1793 686 1842 106
719 1790 872 1842 Θεοῦ.
929 1783 1140 1840 Τούτων
1173 1783 1262 1838 οὖν
1303 1787 1406 1837 τῶν
1437 1780 1634 1856 ὁμοίων
1693 1780 1838 1858 ἀρχὴ

177 1877 210 1943 ἣ
262 1873 680 1949 αὖτοομοιότῃς,
715 1871 783 1939 ἣν
815 1871 932 1929 καθ’
991 1872 1144 1928 ἑαυτὸ
1201 1874 1261 1928 τὸ
1309 1879 1466 1927 Θετον
1502 1872 1688 1949 αὒχεϊ’
1751 1872 1839 1927 καὶ

176 1965 285 2020 τῶν
366 1963 678 2041 ἧνωμένων,
762 1960 1008 2028 δηλονότι
1081 1966 1187 2017 τῶν
1263 1961 1696 2039 περιωρισμένων
1769 1965 1838 2034 τῇ

178 2053 347 2126 οἰκείᾳ
407 2053 583 2132 φύσει,
647 2054 732 2108 καὶ
810 2053 888 2125 μὴ
944 2049 1363 2127 ἐσκεδασμένων
1438 2051 1659 2105 ἕκαστον
1736 2049 1835 2127 γὰρ

175 2167 276 2220 τῃν
340 2144 510 2199 ὃντων
543 2143 678 2199 κατά
737 2163 854 2198 τινα
913 2142 1111 2198 ἑνιαῖον
1151 2141 1492 2220 περιορισμὸν
1523 2140 1608 2195 καὶ
1667 2139 1836 2213 ἑαυτῷ

174 2232 458 2309 ἡνωμένον
511 2232 836 2293 συνίσταται.
899 2232 1106 2287 Τούτων
1162 2230 1248 2287 οὖν
1309 2228 1468 2286 πάλιν
1520 2228 1667 2308 ἀρχὴ
1698 2231 1731 2296 ἡ
1788 2229 1840 2284 ἐν

174 2331 255 2398 τῷ
303 2331 422 2397 Θεῷ
457 2322 799 2387 αὐτοενότης·
862 2322 950 2378 καὶ
981 2326 1086 2376 τῶν
1119 2319 1295 2376 ἄλλων
1329 2321 1428 2376 ὃσα
1486 2318 1521 2385 ἢ
1553 2324 1650 2384 τῆς
1697 2323 1840 2388 ζωῆς

179 2413 514 2493 μετέχοντα,
545 2413 581 2479 ἢ
634 2412 732 2479 τῆς
768 2411 1040 2491 γνώσεως,
1073 2410 1107 2478 ἢ
1152 2413 1238 2467 καὶ
1291 2408 1623 2488 ἀμφοτέρων,
1672 2408 1844 2478 ζῶντά

179 2506 341 2577 εἶσιν,
376 2503 412 2570 ἢ
471 2503 627 2582 σοφὰ,
664 2501 700 2570 ἢ
732 2503 818 2557 καὶ
861 2501 1132 2581 ἀμφότερα
1176 2501 1210 2567 ἢ
1262 2503 1350 2555 καὶ
1379 2498 1617 2570 πλείονα,
1653 2497 1687 2565 ἢ
1718 2506 1841 2574 γοῦν

179 2595 267 2650 καὶ
329 2594 479 2666 ὂντα,
526 2595 614 2648 καὶ
646 2591 901 2669 ὸθάνατ-α,
939 2592 1028 2646 καὶ
1081 2590 1256 2666 νοερὰ,
1288 2590 1362 2651 ὡς
1414 2588 1633 2643 ἐπὶτῶν
1690 2588 1841 2642 Οείων

180 2682 452 2760 ἀγγέλωνο
503 2683 704 2738 τούτων
764 2683 851 2737 οὗν
883 2681 1130 2735 ἁπάντων
1180 2681 1273 2742 τὰς
1332 2676 1699 2754 αὖτομετοχὰς
1758 2675 1842 2730 εὖ·

181 2775 388 2848 ρήσεις,
421 2770 668 2839 δηλονότι
715 2770 812 2838 τῆν
865 2771 1158 2847 αὖτοζωὴν,
1205 2775 1304 2834 τὴν
1363 2768 1705 2844 αὓτοσοφίαν,
1755 2769 1839 2823 καὶ

177 2864 242 2918 τὰ
273 2862 464 2936 λοιπὰ,
496 2868 586 2918 τοῦ
649 2860 790 2916 εἶναι
825 2862 1184 2939 μετεχούσας,
1213 2861 1297 2913 καὶ
1349 2858 1399 2913 ἐν
1433 2863 1508 2930 τῷ
1546 2857 1687 2912 εἶναι
1734 2877 1836 2930 με-

179 2953 392 3016 νούσαςο
455 2953 584 3007 mea
643 2951 742 3030 γάρ
788 2954 938 3006 αὗται
1002 2958 1092 3006 106
1170 2949 1311 3004 εἶναι
1375 2947 1686 3025 μετέχουσι,
1747 2947 1836 3001 καί

179 3042 302 3117 εἶσι,
335 3041 474 3097 γατά
514 3049 668 3099 τοῦτο
702 3041 787 3096 καὶ
816 3037 958 3118 παρά
989 3041 1093 3095 τῶν
1127 3037 1303 3094 ἄλλων
1336 3038 1680 3116 μετέχονται.

1924 1779 1982 1839 in
2012 1779 2129 1840 Deo
2157 1788 2245 1839 est
2275 1780 2414 1840 vita.
2451 1782 2713 1859 Apponit
2743 1790 2940 1842 autem
2974 1790 3284 1861 quatenus
3335 1779 3568 1869 υἱυιὶηι,

1921 1869 2071 1930 sicut
2101 1878 2278 1931 etiam
2305 1887 2411 1930 ens
2437 1887 2546 1949 per
2568 1887 2656 1949 se,
2689 1880 2994 1949 quatenus
3015 1881 3173 1952 sunt,
3204 1882 3263 1935 et
3283 1887 3574 1955 quatenus

1921 1964 2178 2037 sapiunt,
2218 1959 2345 2036 ipsa
2381 1977 2484 2036 per
2520 1977 2585 2020 se
2617 1960 2906 2039 sapientia
2942 1960 3299 2042 principium
3325 1971 3569 2048 exsistit,

1919 2057 1978 2108 et
2007 2048 2093 2109 sic
2125 2049 2198 2108 de
2229 2048 2545 2110 similibus.
2581 2049 2750 2110 Prius
2773 2051 2929 2111 enim
2964 2050 3332 2128 dicebamus,
3379 2056 3570 2135 ipsum

1922 2137 2343 2199 similitudines
2377 2139 2946 2212 vocare,secundum
2978 2158 3126 2220 quas
3159 2140 3376 2206 divina
3407 2166 3572 2210 men-

1922 2235 2010 2287 tes
2053 2230 2238 2288 Deum
2301 2226 2677 2308 participant.
2730 2226 2948 2289 Harum
2990 2231 3186 2309 itaque
3217 2231 3569 2298 similitudi-

1925 2335 2066 2377 num
2104 2316 2461 2396 principium
2495 2326 2581 2378 est
2611 2317 2738 2396 ipsa
2769 2336 2875 2397 per
2905 2337 2971 2380 se
3000 2319 3431 2398 similitudo,de
3454 2345 3570 2406 qua

1925 2406 2052 2486 ipse
2087 2425 2190 2486 per
2209 2425 2273 2467 se
2310 2409 2465 2468 Deus
2496 2407 2806 2486 gloriatur;
2831 2409 2989 2468 utiet
3008 2427 3206 2470 rerum
3243 2412 3563 2494 unitarum,

1926 2497 1982 2557 id
2016 2504 2103 2557 est
2143 2505 2355 2558 natura
2405 2514 2511 2558 sua
2567 2496 2966 2573 detinitarum,
3000 2507 3058 2560 et
3088 2517 3206 2561 non
3257 2503 3565 2581 dispersa-

1925 2604 2055 2646 rum
2086 2607 2097 2646 :
2133 2585 2413 2664 qualibet
2435 2587 2592 2646 enim
2613 2605 2730 2666 res,
2760 2588 3088 2649 secundum
3111 2608 3285 2650 unam
3303 2592 3563 2674 aliquam

1925 2675 2356 2750 deﬁnitionem,
2391 2675 2506 2736 sibi
2533 2695 2770 2756 quoque
2825 2678 2988 2739 unita
3036 2688 3288 2740 constat.
3339 2681 3562 2748 Horum

1924 2765 2100 2843 igitur
2130 2765 2345 2826 iterum
2382 2765 2739 2845 principium
2774 2767 2901 2847 ipsa
2931 2787 3065 2848 quae
3098 2769 3154 2828 in
3187 2771 3308 2830 Deo
3341 2782 3428 2834 est
3460 2793 3569 2854 per

1923 2873 1988 2916 se
2020 2857 2235 2931 unitas;
2271 2865 2390 2916 tum
2423 2865 2482 2916 et
2515 2865 2864 2917 caeterorum
2920 2876 3289 2939 quaecunque
3339 2862 3429 2924 vel
3473 2865 3562 2925 vi-

1923 2955 2063 3017 tam,
2126 2947 2210 3006 vel
2277 2946 2566 3026 notitiam,
2629 2946 2717 3006 vel
2780 2956 3096 3028 utrumque
3153 2950 3564 3032 participando

1917 3035 2166 3108 vivunt,
2242 3036 2327 3096 vel
2407 3039 2687 3115 sapiunt,
2750 3036 2840 3097 vel
2902 3045 3150 3116 utraque
3219 3047 3321 3100 aut
3396 3043 3566 3121 plura

174 3131 422 3212 habent,
468 3130 738 3210 quinimo
801 3127 887 3190 vel
919 3129 1080 3188 entia
1107 3136 1269 3200 sunt,
1306 3127 1396 3187 vel
1430 3125 1813 3199 immortalia,
1849 3124 1936 3185 vel
2005 3125 2425 3204 intelligentia,
2464 3134 2526 3185 ut
2561 3125 2621 3186 in
2652 3125 2868 3188 divinis
2899 3127 3127 3205 angelis
3157 3128 3416 3204 accidit;
3451 3133 3565 3195 ho-

177 3241 328 3294 rum,
365 3222 631 3300 inquam,
667 3219 926 3278 smnium
963 3236 1067 3297 per
1088 3236 1154 3278 se
1178 3217 1673 3297 participationes
1707 3215 2000 3295 reperies,
2037 3214 2270 3277 scilicet
2303 3216 2488 3294 ipsam
2519 3234 2624 3295 per
2654 3235 2716 3276 se
2740 3215 2938 3292 vitam,
2966 3235 3072 3296 per
3103 3235 3166 3278 se
3189 3219 3564 3304 sapientiam,

175 3321 230 3374 et
259 3319 476 3373 caetera
522 3308 843 3388 ipsummet
877 3326 1008 3370 esse
1063 3307 1424 3388 participare
1456 3314 1513 3366 et
1562 3306 1622 3365 in
1657 3323 1788 3365 esse
1841 3322 2198 3384 permanere
2236 3325 2251 3380 ;
2319 3305 2380 3365 in
2431 3315 2716 3384 quantum
2753 3307 2911 3367 enim
2965 3323 3099 3368 esse
3133 3309 3570 3390 participantet

172 3412 332 3477 sunt,
368 3402 430 3461 in
467 3406 691 3460 tantum
728 3398 910 3460 etiam
943 3397 1016 3458 ab
1049 3398 1181 3459 aliis
1214 3395 1673 3478 participantur.

251 3493 282 3573 ς
346 3489 438 3553 VI.
477 3499 532 3548 Et
580 3489 632 3544 δὲ
667 3490 846 3546 ἐκεῖνα
903 3491 965 3545 τά
1003 3491 1243 3569 μείζονα,
1275 3489 1409 3564 ἅπερ
1469 3486 1651 3566 ἔχουσι
1711 3486 1888 3544 καθ’(ἒ

171 3586 394 3640 ἕκαστον
447 3582 537 3637 καὶ
579 3582 638 3635 τὸ
698 3581 845 3652 αὐτὸ,
883 3579 937 3634 ἐν
997 3586 1064 3655 τῇ
1111 3580 1326 3658 μετοχῇ
1382 3584 1473 3634 τοῦ
1503 3576 1651 3638 ὄντος
1707 3578 1826 3655 εἰσί,

171 3675 323 3746 πόσῳ
357 3693 412 3751 γε
445 3669 649 3746 μᾶλλον
677 3673 842 3726 ταῦτα
872 3667 936 3736 δὴ
980 3671 1045 3725 τὰ
1077 3668 1290 3724 ἐκείνων
1324 3666 1624 3745 μετέχοντα
1681 3679 1831 3722 ποιεῖ

171 3765 232 3819 τὸ
263 3766 428 3834 εἶναι,
463 3765 634 3831 ζῶντα
665 3761 854 3838 τυχὸν,
893 3759 926 3826 ἢ
959 3759 1117 3837 σοφὰ,
1157 3759 1210 3813 ἐν
1253 3764 1320 3834 τῇ
1351 3756 1562 3812 ἐκείνων
1595 3761 1828 3835 μετοχῇ·

172 3854 260 3910 καὶ
315 3853 373 3908 o6
433 3851 635 3930 (καθὼς
709 3848 1056 3924 ὕπολήψαιτό
1126 3871 1205 3909 τις
1265 3845 1555 3924 ἀσυνέτως)
1613 3845 1692 3901 ὅτι
1740 3846 1826 3925 ἀφ’

175 3942 401 4014 ἑαυτῶν,
434 3941 521 3997 καὶ
548 3941 609 3995 οὔ
652 3940 786 3995 κατὰ
817 3940 1062 4018 μετοχὴν
1116 3938 1318 4016 ἑτέρου,
1349 3944 1514 3993 ταῦτα
1558 3936 1776 4014 ἔχουσιν
1810 3951 1826 4008 ;

176 4031 354 4089 ’Ἔστι
399 4027 453 4085 δὲ
483 4030 544 4085 τὸ
574 4027 905 4108 ἐπιχείρημα
951 4027 1373 4105 δραστικώτατον
1421 4025 1479 4082 ἐκ
1512 4033 1602 4081 τοῦ
1655 4027 1832 4100 μείζο-

180 4145 292 4184 νος.
329 4120 550 4196 Πρώτην
582 4121 754 4174 τοίνυν
803 4121 901 4185 τὴν
957 4125 1050 4175 106
1109 4118 1252 4174 εἶναι
1311 4115 1507 4194 δωρεὰν
1542 4128 1658 4178 τοϊς
1718 4116 1831 4171 οὖσι

183 4210 556 4291 παρεχόμενος
583 4208 611 4264 ὀ
659 4209 812 4283 Θεὸς,
847 4207 907 4264 ἐκ
935 4209 1133 4274 ταύτης
1166 4207 1261 4263 καΐ
1312 4205 1534 4286 πρώτως
1564 4207 1837 4286 ὑμνεῖται,

180 4303 270 4357 καὶ
318 4299 459 4356 ’ἐστιν
492 4297 542 4362 ἐξ
575 4297 738 4364 αὐτῆς
778 4299 866 4354 καὶ
900 4299 1024 4354 αὐτὸ
1070 4299 1131 4353 τὸ
1189 4297 1330 4353 εἶναι
1377 4298 1610 4370 πάντων,
1645 4298 1729 4352 καὶ
1786 4295 1840 4350 ἐν

177 4391 314 4468 αύτῇ
375 4386 773 4462 συνειλημμένα
839 4384 1240 4464 διακρατοῦνται
1292 4385 1427 4442 κατὰ
1489 4384 1666 4452 ἁπλῆν
1723 4405 1841 4439 τινα

179 4482 266 4537 καὶ
309 4477 653 4556 περιεκτικὴν
685 4483 790 4533 τῶν
835 4474 976 4532 ὅλων
1022 4476 1188 4532 αἰτίαν
1223 4477 1310 4532 καὶ
1370 4473 1622 4554 ἄσχετονο
1666 4471 1838 4530 οὐδενί

176 4570 277 4650 γὰρ
308 4566 454 4647 λόγῷ
502 4567 538 4635 ἢ
583 4568 840 4642 νοήματι,
873 4564 909 4634 ἢ
963 4566 1236 4646 πράγματι
1268 4563 1387 4644 ἔχει
1439 4565 1500 4619 τὸ
1532 4570 1690 4619 Θεῒον
1739 4563 1836 4629 τὴν

175 4661 307 4739 πρὸς
359 4659 422 4713 τὰ
455 4655 581 4714 ὄντα
643 4655 832 4736 σχέσιν
890 4677 946 4711 τε
984 4657 1069 4711 καὶ
1121 4656 1423 4716 κοινωνίαν,
1485 4654 1560 4710 Τὰ
1604 4651 1656 4707 δὲ
1716 4651 1837 4719 ἑξῆς

177 4746 579 4830 παραδείγματα
635 4745 955 4804 πιστευτικά
1025 4747 1125 4802 εἰσι
1187 4751 1280 4800 τοῦ
1353 4744 1495 4800 εἶναι
1547 4743 1719 4800 πάντα
1779 4742 1838 4799 ἐκ

1995 3491 2019 3560 §
2051 3484 2147 3546 Vl.
2180 3484 2239 3547 Si
2270 3493 2466 3546 autem
2495 3486 2597 3545 illa
2632 3487 2877 3565 majora,
2904 3505 3038 3566 quae
3077 3486 3300 3550 habent
3332 3509 3568 3574 quoque

1911 3574 2143 3651 singula
2175 3593 2281 3654 per
2311 3593 2399 3654 se,
2436 3576 2740 3636 enlitatem
2769 3575 3152 3656 participem.
3189 3589 3409 3657 quanto
3437 3603 3567 3644 ma-

1912 3663 2001 3743 gis
2053 3665 2179 3725 haac
2210 3682 2340 3744 quae
2371 3665 2611 3726 illorum
2655 3664 2967 3744 participia
3018 3674 3174 3738 sunt,
3207 3667 3346 3728 facit
3374 3671 3567 3749 ipsum

1914 3771 2048 3814 esse
2135 3753 2435 3831 viventia,
2502 3773 2552 3816 v.
2613 3773 2697 3832 g.,
2761 3754 2855 3814 vel
2917 3755 3253 3833 sapientia,
3316 3777 3422 3838 per
3477 3768 3568 3823 sul

1915 3842 2455 3923 participationem;
2511 3851 2568 3903 et
2614 3863 2732 3904 non
2797 3843 2883 3922 (ut
2939 3845 3231 3924 quispiam
3292 3847 3572 3926 imperite

1914 3932 2193 4002 suscipari
2218 3935 2429 4001 posset)
2451 3947 2549 4002 per
2575 3949 2635 3989 se
2657 3942 2711 3988 et
2732 3933 2857 3988 sine
2880 3934 3114 3990 alterius
3137 3936 3572 4006 participatione

1917 4023 2041 4083 haec
2065 4021 2316 4084 habent?
2337 4024 2651 4084 Estautem
2674 4023 2786 4083 hoc
2808 4025 3360 4101 argumentum444
3378 4029 3576 4092 efﬁca-

1917 4112 2222 4173 cissimum
2257 4131 2290 4171 a
2322 4111 2712 4191 majori.Cum
2747 4112 2950 4192 itaque
2979 4111 3135 4174 Dens
3170 4115 3424 4192 primum
3457 4120 3574 4183 hoc

1925 4201 2145 4262 donum
2174 4202 2353 4262 rebus
2393 4202 2696 4280 largiatur,
2737 4221 2806 4263 ex
2860 4208 2986 4284 ipso
3028 4221 3267 4284 quoque
3311 4208 3572 4286 primum

1925 4291 2217 4371 laudatur,
2253 4300 2313 4352 et
2352 4291 2581 4352 exsistit
2615 4310 2684 4352 ex
2728 4292 2880 4370 ipso,
2916 4291 3237 4372 ipsummet
3291 4304 3380 4356 est
3439 4315 3572 4361 esse

1924 4379 2215 4453 omnium,
2258 4388 2316 4439 et
2362 4379 2423 4440 in
2479 4379 2612 4459 ipso
2668 4379 2919 4440 collecta
2962 4383 3342 4442 continentur
3373 4389 3574 4449 omnia

1924 4467 2253 4529 secundum
2279 4468 2616 4548 simplicem
2649 4468 2908 4548 aliquam
2936 4477 2993 4530 et
3015 4471 3570 4550 comprehensivam

1925 4567 1981 4619 et
2014 4559 2570 4637 incomprehensam
2614 4558 3025 4619 universorum
3082 4577 3319 4622 causam
3357 4583 3370 4625 :
3405 4564 3570 4626 nulla

1921 4653 2077 4707 enim
2091 4646 2866 4727 ratione,velconceptu,vel
2884 4665 2950 4708 re
2970 4666 3101 4709 com
3114 4650 3462 4714 munionem
3477 4654 3570 4716 vel

1923 4736 2365 4816 proportionem
2393 4736 2573 4799 habet
2590 4740 2747 4800 Deus
2766 4756 2896 4798 cum
2918 4738 3100 4801 rebus
3122 4739 3568 4809 exsistentibus.

180 4845 273 4896 τοῦ
329 4845 482 4910 Θεοῦ,
547 4837 616 4902 ὡς
675 4836 844 4892 αἰτίου
913 4841 1010 4903 τῆς
1066 4835 1266 4891 τούτων
1323 4831 1618 4910 ὑπάρξεως,
1673 4831 1835 4888 ἄλλοι)

1925 4825 2204 4906 Exempla
2232 4835 2425 4887 autem
2461 4845 2593 4907 qua}
2642 4836 2976 4908 sequuntur
3005 4827 3186 4890 ﬁdem
3219 4829 3463 4906 faciunt,
3501 4851 3573 4896 ea

180 4929 324 5007 παρὰ
379 4935 546 4985 ταῦτα
601 4926 966 5005 ὑπάρχοντος,
1026 4923 1124 4981 καί
1184 4924 1237 4981 ἐν
1325 4925 1467 4998 αὐτῷ
1527 4923 1834 4981 συνεστάναι

185 5017 330 5091 ἄλλῳ
374 5017 516 5096 παρὰ
561 5017 724 5072 ταῦτα
761 5016 1082 5095 ὑπάρχοντι⁶
1117 5015 1151 5082 ἡ
1215 5014 1310 5092 γὰρ
1355 5013 1549 5092 μονὰς,
1581 5014 1654 5076 ὡς
1701 5013 1838 5069 αἰτία

185 5108 439 5186 ἀριθμῶν,
475 5103 741 5179 ἑνοειδῶς,
778 5104 836 5160 ού
888 5101 1299 5182 ποιγιλλορένη,
1335 5101 1371 5170 ἢ
1403 5099 1578 5166 ἄλλως
1609 5103 1696 5159 καὶ
1735 5100 1837 5156 ἅλ-

186 5198 293 5262 λως
371 5194 660 5272 νοουμένη,
714 5195 834 5258 τοὺς
913 5194 1116 5258 πάντας
1187 5190 1508 5272 περιεληφεν
1591 5190 1832 5270 ἀριθμός·

187 5289 274 5346 καὶ
302 5292 362 5344 τὸ
391 5284 553 5362 μέσον
581 5290 675 5341 τοῦ
727 5284 920 5341 κύκλου
950 5286 1164 5363 κέντρον
1196 5281 1404 5346 ἁπάσας
1440 5281 1534 5345 τὰς
1579 5281 1685 5337 ἀπὸ
1736 5283 1836 5348 τῆς

187 5376 513 5460 περιφερείας
569 5374 767 5438 εὐθείας
833 5373 1072 5455 περιέχει
1144 5370 1409 5448 ὲνοειὸὥς,
1478 5373 1566 5428 καὶ
1624 5369 1834 5452 ἅπλῶς,

1922 4933 2052 4994 quae
2081 4924 2219 4976 sunt
2247 4915 2448 4976 omnia
2507 4935 2575 4977 ex
2617 4915 2738 4976 Deo
2764 4917 3362 4999 exsistere,tanquam
3394 4940 3572 4984 causa

1923 5023 2128 5066 eorum
2164 5005 2545 5080 exsistentiaa,
2579 5023 2712 5068 cum
2747 5005 3020 5069 diversus
3050 5006 3129 5070 sit
3159 5007 3232 5069 ab
3260 5008 3398 5085 illis,
3430 5010 3570 5074 etin

1922 5095 2052 5176 ipso
2075 5096 2404 5156 consistant
2422 5095 2657 5157 diverso
2675 5096 2748 5157 ab
2772 5096 2891 5159 illis
2913 5096 3568 5179 exsistente;siquidem

1926 5183 2142 5264 unitas,
2179 5192 2455 5264 tanquam
2508 5204 2686 5248 causa
2719 5205 3134 5262 numerorum,
3163 5187 3566 5267 nniformiter,

1921 5274 2383 5355 haudquaquam
2419 5276 2736 5358 variegats,
2764 5278 2854 5339 vel
2877 5277 3054 5340 aliter
3081 5287 3261 5359 atque
3285 5277 3459 5340 aliter
3482 5285 3568 5341 in-

1922 5364 2178 5445 tellecta,
2211 5366 2521 5430 universos
2551 5385 2835 5430 numeros
2864 5366 3304 5448 complectitur;
3343 5375 3403 5430 et
3434 5387 3566 5434 me-

1502 5501 1771 5570 VARUE
1835 5498 2277 5568 LEC‘I‘IONES.

265 5587 349 5644 85'
379 5589 550 5656 Max.
584 5605 900 5672 corporea.

463 5710 734 5782 Ρηιιοι..
774 5712 887 5782 Ga.
920 5712 1018 5782 III.

3173 5704 3247 5773 27
