4032 6432
435 254 555 329 843
1627 258 1688 328 S.
1737 260 2075 328 DIONYSlI

2166 256 2614 331 lREOAGITIE.
3705 252 3827 328 844

430 396 593 460 dium
608 394 815 459 circuli
831 401 1102 460 centrum
1118 412 1328 459 omnes
1341 395 1870 460 acircumferentia
1882 397 2073 461 lineas

2166 403 2242 459 cui
2289 402 2513 479 ὁμοίωςο
2556 402 2751 480 ἀμερὲς
2800 402 2901 482 γάρ
2946 401 3056 459 ἐστι
3106 402 3170 458 τὸ
3232 414 3487 476 σημεῖον,
3514 400 3654 458 ὥστε
3704 407 3825 464 πῶς

429 495 624 549 rectas
647 484 1026 548 uniformiter
1047 493 1105 547 et
1125 486 1383 567 simplici
1408 484 1712 566 similique
1739 487 1914 549 modo
1937 507 2075 549 con-

2166 491 2337 557 ἄλλως
2380 494 2467 550 καὶ
2498 492 2672 554 ἄλλως
2732 492 2826 555 τὰς
2877 490 3078 553 εὐθείας
3129 490 3533 571 περιλήψεται;
3595 499 3826 553 Θαυμα-

430 576 598 656 tinet;
625 583 911 661 punctum
934 575 1095 637 enim
1115 586 1276 638 caret
1297 575 1589 656 partibus,
1607 577 1903 657 quomodo
1935 597 2075 658 ergo

2166 585 2288 648 σίως
2339 582 2394 640 δὲ
2425 584 2632 640 τέθεικε
2666 585 2725 640 τὸ
2773 584 2892 662 περὶ
2922 590 3015 639 τοῦ
3059 581 3255 638 κύκλου
3312 579 3673 661 παράδειγμα,
3704 583 3826 645 πῶς

428 666 599 729 aliter
628 674 803 747 atque
824 666 1001 729 allter
1027 666 1216 728 lineas
1244 674 1438 728 rectas
1467 665 1655 746 possit
1684 667 2075 748 comprehen-

2166 673 2396 731 ἒνοῦνται
2447 672 2503 729 ἐν
2532 680 2608 745 τῷ
2642 678 2759 746 Θεῷ
2809 672 3018 735 ἒυιαίως
3048 672 3115 728 τὰ
3167 672 3364 746 πάντα,
3397 672 3492 728 καί
3525 678 3642 737 πῶς
3698 670 3826 727 δια·-

428 755 604 819 dere?
633 754 888 820 Mirabili
911 762 1109 818 autem
1142 754 1320 817 modo
1353 755 1549 836 posuit
1590 756 1931 837 exemplum
1964 757 2075 820 hoc

2166 765 2419 843 κρίνονται
2475 764 2831 842 ἀφιστάμενα,
2865 764 2951 819 καὶ
2980 763 3096 820 καθ’
3154 760 3278 818 ὅσον
3334 761 3671 840 ἀφίστανται,
3736 761 3835 816 καὶ

430 845 505 909 de
519 846 771 928 circulo,
782 854 847 908 ut
862 843 1464 927 ostendat,quomodo
1489 844 1867 909 uniformiter
1880 847 1939 909 in
1952 847 2073 910 Deo

2166 857 2249 911 τὸν
2313 852 2610 929 σκεδασμὸν
2668 850 3032 929 λαμϐάνοντα.
3117 851 3256 909 ’Ἔτι
3318 853 3403 908 καὶ
3462 850 3518 907 ἐν
3575 857 3644 927 τῇ
3717 849 3833 917 δη-

427 942 705 1000 universa
732 937 1035 1013 uniantur,
1061 942 1120 998 et
1141 934 1440 1016 quomodo
1464 954 1601 1012 qum
1621 934 2072 1000 distantdistin-

2166 950 2442 1022 αιουργικῇ
2511 943 2618 999 τῷν
2696 942 2840 999 ὅλων
2908 943 3059 1022 φύσει
3141 944 3337 1006 πάντες
3412 942 3459 997 ὁὶ
3530 940 3629 1009 τῆς
3702 943 3832 997 καθ’

428 1034 771 1108 guantur,et
798 1027 860 1088 in
890 1034 1173 1108 quantum
1223 1025 1465 1098 distant,
1501 1025 1564 1087 in
1614 1033 1836 1088 tantum
1893 1028 2071 1089 etiam

2166 1033 2380 1091 ἕκαστον
2436 1034 2640 1113 φύσεως
2686 1031 2836 1110 λόγοι
2897 1031 3319 1108 συνειλημμένοι
3374 1030 3511 1086 εἰσὶν
3572 1030 3834 1110 ἀσυγχύο

430 1117 817 1198 dissipentur.
849 1116 943 1179 Ad
984 1117 1133 1191 haec,
1169 1115 1347 1178 etiam
1394 1114 1458 1176 in
1508 1123 1736 1198 natura,
1786 1118 2075 1180 creatrice

2166 1126 2290 1199 τῶς,
2351 1123 2531 1199 ὥσπερ
2589 1123 2681 1179 καί
2759 1122 2813 1178 ὲν
2883 1127 2950 1198 τῇ
3007 1127 3152 1198 ψυχῇ
3211 1119 3498 1197 μονοειδῶς
3560 1124 3611 1177 αἱ
3682 1141 3830 1197 προ-

427 1207 871 1283 universorum,
896 1224 1110 1269 omnes
1129 1206 1541 1286 cujuscunque
1563 1214 1789 1268 natura;
1816 1208 2075 1271 rationes

2166 1215 2411 1281 νοητικαί
2472 1212 2719 1287 δυνάμεις
2780 1211 2967 1291 αὐτῆς,
3019 1213 3053 1279 ἡ
3111 1211 3368 1288 θρεπτικὴ
3412 1208 3659 1278 δηλονότι
3707 1208 3830 1266 καθ’

427 1295 651 1380 absque
680 1296 1030 1360 confusione
1075 1296 1340 1359 collectas
1383 1304 1541 1370 sunt,
1580 1297 1735 1359 sicut
1782 1298 1843 1361 in
1878 1300 2075 1360 anima

2166 1304 2223 1372 ἢν
2279 1303 2477 1383 τρέφει,
2509 1304 2543 1370 ἡ
2588 1300 2844 1369 αὸξητικὴ
2873 1300 2993 1359 καθ’
3039 1301 3104 1368 ἣν
3138 1301 3276 1367 αὔξει
3325 1302 3388 1357 τὸ
3418 1301 3548 1378 πρὸς
3580 1302 3641 1356 τὸ
3699 1320 3829 1376 γεν-

425 1388 801 1450 uniformiter
834 1387 1125 1465 copulatae
1168 1395 1305 1448 sunt
1335 1385 1593 1467 provida;
1622 1393 1869 1450 virtutes
1918 1389 2071 1470 ejus,

2166 1401 2253 1466 νᾷν
2293 1391 2683 1469 ἐπιτήδειον,ἡ
2734 1391 3014 1457 αἰσθητικὴ
3064 1391 3181 1447 καθ’
3240 1390 3307 1458 ἣν
3364 1389 3645 1446 ἐπιστατεῖ
3698 1402 3830 1454 ταῖς

427 1476 710 1540 videlicet
732 1476 1017 1538 nutritiva
1037 1493 1152 1557 qua
1181 1476 1391 1550 nutrit,
1424 1475 1652 1539 auctrix
1683 1494 1797 1557 qua
1825 1487 1997 1557 auget
2015 1476 2073 1538 id

2166 1485 2490 1562 αἰσθήσεσιν,
2520 1484 2555 1550 ἡ
2612 1480 2897 1548 δοξαστικὴ
2943 1480 3061 1537 καθ’
3114 1480 3179 1548 ἢν
3236 1484 3401 1559 κρίνει
3458 1479 3523 1535 τὰ
3572 1479 3826 1551 αἰσθητὰ,

426 1567 586 1649 quod
616 1573 820 1649 aptum
852 1574 943 1630 est
973 1565 1369 1646 generationi,
1407 1566 1691 1629 sensitiva
1721 1586 1833 1647 qua
1868 1574 2075 1648 praeest

2166 1572 2196 1640 ἡ
2254 1573 2587 1653 φανταστικὴ
2644 1570 2762 1627 καθ’
2832 1571 2901 1639 ἢν
2961 1571 3026 1626 τὰ
3099 1571 3321 1636 αἰσθητὰ
3375 1570 3726 1648 φαντάζεται,
3791 1568 3829 1635 ἡ

426 1657 728 1740 sensibus,
760 1657 1058 1740 opinativa
1089 1673 1206 1737 qua
1234 1655 1525 1719 discernit
1547 1674 1617 1718 ea
1648 1676 1780 1738 quae
1809 1658 2075 1719 sentiun-

2166 1663 2410 1741 dpemtxi‘.
2468 1661 2585 1719 καθ’
2636 1661 2734 1729 τήν
2786 1660 3051 1739 ὀρέγεται,
3096 1661 3184 1716 καὶ
3231 1657 3456 1726 καθεξῆς
3502 1660 3554 1714 αἱ
3611 1657 3824 1714 λοιπαί·

427 1756 547 1824 tur,
582 1747 958 1826 imaginativa
986 1765 1104 1828 qua
1132 1746 1439 1809 sensibilia
1478 1746 1854 1825 imaginatur,
1888 1765 2075 1829 appe-

2166 1754 2299 1811 οὕτω
2340 1754 2428 1809 καὶ
2465 1754 2512 1808 οἱ
2545 1749 2922 1830 δημιουργιάοὶ
2974 1748 3128 1828 λόγοι
3160 1752 3216 1804 ὲν
3246 1755 3323 1823 τῷ
3365 1748 3703 1827 δημιουργῳ,
3738 1748 3829 1804 καὶ

427 1837 592 1899 titiva
646 1857 766 1918 qua
819 1838 1131 1919 appetit,et
1180 1838 1266 1898 sic
1315 1836 1391 1899 de
1440 1837 1719 1899 caeteris:
1756 1838 1841 1898 sic
1893 1840 2074 1900 etiam

427 1928 675 1990 creandi
729 1929 994 1991 rationes
1048 1945 1258 1989 omnes
1316 1927 1671 2008 speciesque
1716 1930 1982 1990 omnium
2013 1928 2076 1990 in

429 2025 699 2081 creatore
728 2024 1260 2099 sunt,manentque
1290 2016 1637 2098 inconfusre,
1664 2026 2075 2081 verumtamen

428 2106 491 2169 in
521 2106 653 2189 ipso
682 2119 844 2185 sunt,
879 2126 997 2169 non
1045 2116 1319 2189 tanquam
1384 2108 1442 2167 in
1495 2105 1625 2169 loco
1663 2106 1881 2189 (neque
1913 2108 2073 2170 enim

428 2198 558 2278 ipse
581 2196 789 2261 inloco
813 2206 1044 2271 est,ncc
1067 2214 1199 2275 qua;
1219 2197 1280 2256 in
1306 2195 1599 2273 ipso),sed
1629 2196 1802 2259 habet
1828 2197 1930 2259 illa
1950 2198 2074 2259 sic—

426 2295 491 2347 ut
511 2284 776 2368 seipsum
800 2285 1290 2362 habet,omnibus
1310 2284 1552 2367 quidem
1577 2287 1756 2347 simul
1778 2287 2071 2349 exsisten-

424 2372 606 2455 tibus,
633 2375 931 2440 distinctis
957 2383 1157 2438 autem
1200 2375 1261 2435 in
1303 2382 1472 2455 parte
1513 2374 1956 2439 indivisibiliter
1983 2376 2072 2440 86.

423 2465 704 2547 Acceptis
732 2465 1022 2547 exemplis
1041 2483 1076 2527 a
1099 2482 1350 2526 numero
1376 2472 1435 2527 et
1453 2475 1687 2541 centro,
1705 2466 1806 2541 ait,
1827 2468 2075 2529 minime

429 2553 755 2617 absurdum
781 2573 940 2631 esse,
979 2574 1047 2616 ex
1062 2554 1355 2616 similibus
1377 2555 1737 2634 imaginibus
1762 2556 1833 2618 ad
1866 2575 2071 2619 eorum

428 2662 563 2724 quae
592 2643 747 2707 dicta
790 2651 931 2707 sunt
959 2644 1197 2706 culmen
1243 2644 1596 2720 ascendere,
1650 2645 1826 2707 modo
1861 2665 2070 2727 super-

427 2733 763 2796 mundanos
793 2734 998 2796 oculos
1025 2733 1710 2797 adhibeamus.Diximus
1736 2736 1916 2809 enim,
1948 2755 2076 2796 om-

427 2823 530 2885 nia
573 2824 635 2884 in
667 2843 845 2886 causa
894 2824 1062 2887 unite
1106 2831 1386 2904 tanquam
1414 2824 1471 2884 in
1503 2824 1733 2886 unitate
1792 2844 2077 2888 numeros

429 2931 659 2989 omnes,
687 2921 746 2976 et
773 2913 1094 2989 collectim,
1129 2921 1406 2993 tanquam
1441 2914 1501 2973 in
1533 2922 1743 2975 centro
1773 2914 1961 2977 lineas
1985 2934 2078 2978 re-

430 3010 716 3084 ctas,quae
743 3022 778 3065 a
807 3002 1288 3065 circumferentia
1314 3002 1643 3084 ducuuntr,
1668 3005 1986 3068 contineri.

2161 1844 2226 1900 τὰ
2260 1841 2381 1909 εἴδη
2439 1842 2676 1920 πάντων,
2712 1842 2800 1896 καὶ
2857 1861 3052 1900 παντες
3098 1840 3202 1896 εἰσί
3237 1839 3329 1894 καί
3395 1837 3697 1917 ἂσύγχυτοι
3732 1837 3831 1912 μέο

2162 1949 2329 2006 νοοσι,
2366 1931 2506 2000 πλὴν
2564 1930 2618 1986 ἐν
2650 1931 2792 1987 αὒτῶ
2828 1931 2958 1986 εἰσιν
2990 1933 3094 2009 οὔχ
3149 1931 3223 1994 ὡς
3254 1928 3307 1984 ἐν
3336 1927 3509 2002 τόπῳ,
3551 1925 3695 2007 (οὔτε
3729 1928 3829 2006 γὰρ

2163 2024 2317 2086 αὐτὸς
2363 2021 2417 2077 ἐν
2460 2021 2632 2097 τόπῳ,
2667 2020 2785 2078 οὔτε
2816 2020 2880 2076 τὰ
2931 2019 2984 2075 ἐν
3017 2018 3212 2097 αὐτῷ’)
3244 2015 3365 2074 ἀλλ’
3418 2016 3537 2097 ἔχει
3569 2016 3707 2073 αὗτᾶ
3755 2018 3831 2079 ὡς

2162 2114 2347 2169 ἑαυτὸν
2404 2114 2550 2190 ἔχει,
2583 2110 2795 2167 πάντων
2848 2108 2943 2185 μὲν
2986 2111 3125 2184 ὁμοῦ
3181 2106 3369 2182 ὄντων,
3403 2105 3828 2185 διακεκριμένων

2159 2201 2214 2258 δὲ
2270 2206 2323 2258 ἒν
2375 2206 2452 2274 τῷ
2504 2201 2649 2279 μέρει
2683 2200 2919 2275 ἀμερῶς.
2980 2196 3165 2254 Λαϐὼν
3197 2198 3304 2254 ἀπὸ
3351 2208 3445 2255 τοῦ
3489 2200 3714 2274 ἀριθμοῦ
3744 2194 3833 2252 καὶ

2157 2299 2249 2349 τοῦ
2300 2290 2518 2367 κέντρου
2577 2291 2639 2345 τὰ
2701 2286 3126 2367 παραδείγματα,
3191 2288 3351 2366 φησὶν
3406 2285 3488 2344 ὅτι
3542 2289 3641 2343 οὐκ
3688 2285 3831 2343 ἔστιν

2158 2383 2355 2438 ἄτοπον
2389 2381 2449 2436 ἐκ
2480 2380 2732 2436 τοιούτων
2792 2379 3009 2433 εἰκόνιον
3040 2377 3127 2433 ἐπὶ
3170 2378 3231 2433 τὸ
3272 2377 3407 2452 ὕψος
3438 2379 3543 2433 τῶν
3592 2376 3830 2455 λεγομέ-

2159 2494 2259 2528 νων
2343 2468 2667 2547 ἀναϐαίνειν,
2727 2490 2891 2546 μρνον
2967 2469 3011 2523 εἰ
3082 2466 3379 2546 ὀφθαλμοῖς
3448 2467 3831 2545 ὑπερκοσμίοις

2155 2561 2436 2643 χρώμεθα.
2501 2559 2743 2633 Εἴπομεν
2800 2559 2925 2636 γὰρ³
2958 2556 3242 2613 δ’τιπάντα
3296 2557 3348 2613 ἐν
3407 2564 3482 2630 τῷ
3512 2558 3657 2627 αἰτίῳ
3716 2578 3825 2631 μο-

2156 2650 2482 2723 νοειδῶς,ὡς
2515 2649 2568 2704 ἐν
2611 2654 2679 2725 τῇ
2709 2646 2893 2723 μονάδι
2920 2648 2965 2702 οἱ
2992 2646 3205 2724 ἂριθμοῖ
3268 2644 3526 2723 ἅπαντες³
3546 2647 3635 2702 καὶ
3665 2648 3825 2714 ἡνω-

2160 2742 2341 2819 μένος,
2373 2743 2444 2806 ὡς
2494 2739 2547 2795 ὲν
2579 2743 2655 2810 τῷ
2716 2738 2914 2816 κέντρῳ
2966 2740 3014 2792 αἱ
3060 2736 3165 2793 ἀπὸ
3222 2741 3321 2804 τῆς
3352 2737 3685 2816 περιφερείας
3734 2737 3826 2791 εὖ-

2159 2825 2322 2880 θεῖαί.

510 3091 908 3172 §VILOmnia
932 3092 1491 3173 igiturquaecunque
1512 3094 1903 3156 essendi445
1933 3113 2071 3175 gra-

2236 3088 2266 3167 §
2294 3088 2424 3168 VII,
2457 3089 2635 3144 Πάντα
2666 3086 2780 3168 οὖν,
2817 3085 2916 3144 ὅσα
2957 3086 3012 3141 ἐν
3062 3094 3137 3162 τῷ
3166 3088 3308 3144 εἶναι
3340 3086 3491 3166 ὄντα,
3527 3106 3827 3166 χαρακτη-

431 3180 574 3243 dum
606 3180 1300 3261 sortiuntur,insigniunt
1322 3182 1423 3243 illa
1446 3201 1579 3262 quae
1596 3193 1755 3262 sunt;
1775 3186 1889 3246 nisi
1915 3185 2075 3248 enim

434 3278 593 3333 esset
621 3271 1145 3351 vita,nequaquam
1171 3271 1525 3348 viveremus;
1551 3274 1669 3336 nisi
1698 3282 1860 3336 esset
1884 3283 2080 3336 custo-

430 3359 550 3435 dia,
587 3378 960 3441 nequaquam
1004 3359 1467 3439 custodiremur;
1500 3363 1617 3424 nisi
1648 3374 1808 3427 esset
1859 3372 2076 3445 motus,

431 3467 805 3532 nequaquam
830 3453 1448 3515 moveremur.0mnia
1468 3452 1903 3533 itaque,omnia
1922 3471 2082 3530 quas-

430 3558 668 3621 cunque
710 3540 953 3602 essendi
984 3540 1233 3619 gradum
1286 3541 1576 3617 obtinent,
1616 3542 1945 3623 insigniunt
1975 3543 2082 3606 illa

430 3648 566 3712 quae
585 3630 903 3693 sunt.Dicit
931 3640 1130 3692 autem
1166 3629 1269 3691 illa
1300 3649 1433 3711 quae
1462 3640 1623 3713 sunt,
1657 3652 1775 3694 non
1807 3631 2085 3695 substan-

432 3720 566 3798 tias,
601 3720 707 3784 sed
739 3719 1109 3795 (accidentia)
1145 3738 1274 3798 quas
1320 3721 1382 3782 in
1413 3722 1761 3784 substantiis
1813 3740 2078 3785 cernun-

431 3817 552 3885 tus,
583 3818 768 3888 atque
801 3809 977 3872 etiam
1010 3826 1080 3871 ex
1111 3808 1232 3871 Deo
1264 3820 1427 3888 sunt;
1476 3813 1605 3875 haec
1666 3820 1862 3874 autem
1915 3821 2082 3875 extra

431 3917 648 3981 corpus
675 3897 1009 3961 consistere
1036 3909 1368 3980 nequeunt,
1403 3919 1593 3983 eaque
1632 3903 1806 3964 etiam
1841 3919 1949 3983 per
1971 3921 2079 3965 co-

435 3988 778 4068 gitationem
809 3997 1048 4051 sanctus
1079 3987 1255 4051 Pater
1286 3990 1507 4054 divisit.

513 4077 733 4156 εγω.
796 4081 987 4159 Atque
1044 4097 1113 4140 ex
1174 4080 1286 4141 hac
1342 4080 1608 4143 omnium
1680 4100 1856 4145 causa
1904 4084 2081 4147 etiam

2162 3181 2287 3259 ρίζει
2347 3179 2412 3235 τὰ
2441 3176 2588 3235 ὄντα·
2626 3178 2669 3233 εἰ
2719 3178 2819 3255 γὰρ
2863 3177 2940 3251 μὴ
2999 3177 3067 3245 ἧν
3096 3177 3230 3253 ζωὴ,
3267 3176 3362 3233 οὐκ
3406 3174 3469 3231 ἂν
3518 3176 3753 3251 ἐζῶμεν·
3788 3176 3831 3230 εἱ

2164 3271 2242 3345 μὴ
2289 3269 2356 3338 ἦν
2388 3269 2612 3349 φρουρὰ,
2642 3267 2733 3323 οὒκ
2782 3265 2843 3322 ἂν
2885 3266 3296 3346 ἐφρουρούμεθα¹
3333 3268 3376 3322 εἰ
3421 3265 3497 3341 μή
3554 3265 3623 3332 ἦν
3672 3268 3836 3329 κίνη-

2165 3383 2272 3433 σις,
2320 3362 2414 3416 οὒκ
2466 3357 2530 3414 ἂν
2592 3358 2926 3431 ἐκινούμεθα,
2992 3357 3170 3413 Πάντα
3204 3364 3354 3435 γοῦν,
3386 3356 3560 3413 πάντα
3623 3355 3727 3413 ὅσα
3784 3354 3838 3411 ἒν

2164 3456 2242 3524 τῷ
2274 3452 2405 3506 εἰναι
2436 3448 2589 3523 ὄντα,
2621 3450 2687 3504 τὰ
2730 3446 2855 3503 ὄντα
2890 3440 3367 3528 χαρακτηρίζουσι.
3429 3438 3619 3504 ⁸Ὀντα
3652 3443 3707 3500 δὲ
3740 3443 3837 3501 λέ-

2164 3562 2246 3618 γει
2306 3544 2364 3599 οὔ
2394 3539 2487 3600 τὰς
2549 3539 2754 3612 οὐσίας,
2788 3535 2925 3592 ἀλλὰ
2955 3539 3020 3592 τὰ
3078 3537 3131 3593 ἑν
3178 3550 3299 3599 ταῖς
3336 3536 3538 3597 obsim:
3592 3535 3836 3613 θεωρού-

2164 3653 2298 3706 μενα
2356 3628 2416 3686 ἐκ
2448 3635 2541 3686 τοῦ
2573 3634 2703 3685 Θεοῦ
2756 3635 2889 3683 εἰσι⁶
2925 3635 3089 3685 ταῦτα
3145 3625 3199 3682 δὲ
3258 3625 3410 3691 ἐκτὸς
3441 3625 3715 3701 σωμάτων
3776 3625 3836 3680 οὗ

2164 3721 2374 3778 δύναται
2434 3719 2789 3792 συνίστασθαι,
2823 3714 2989 3774 διεῖλε
3051 3715 3106 3774 δὲ
3166 3719 3311 3794 ὁμῶς
3370 3715 3501 3771 αὐτὰ
3560 3716 3588 3770 ὁ
3643 3715 3831 3788 Πατὴρ

2161 3810 2282 3867 κατ’
2313 3810 2577 3868 ἐπίνοιαν.

2246 4079 2275 4160 §
2329 4075 2488 4142 VIII.
2544 4079 2641 4137 Καὶ
2689 4077 2751 4136 ἐκ
2780 4082 2879 4145 τῆς
2926 4076 3092 4141 αἰτίας
3137 4082 3243 4137 τῶν
3287 4076 3500 4133 πάντων
3532 4075 3587 4132 αἱ
3641 4076 3835 4144 νοηταὶ

433 4167 816 4233 intellectiles
858 4167 1055 4249 quoad
1108 4186 1240 4247 nos,
1306 4175 1368 4233 et
1410 4169 1816 4252 intelligentes
1888 4172 2075 4255 quoad

2167 4173 2239 4234 ὡς
2296 4169 2426 4249 πρὸς
2458 4169 2625 4247 ἡμᾶς,
2661 4169 2757 4225 καῖ
2786 4168 2959 4245 νοεραί
2987 4168 3058 4232 ὡς
3113 4167 3243 4245 πρὸς
3274 4167 3364 4223 τὸν
3398 4166 3530 4222 Θεὸν
3580 4163 3833 4235 δυνάμεις

434 4259 623 4323 Deum
660 4306 678 4335 ,
740 4257 990 4320 virtutes
1069 4257 1455 4341 subsistunt,
1517 4261 1603 4324 uti
1653 4270 1709 4324 et
1757 4263 1974 4325 animae
2028 4271 2075 4324 el

2168 4260 2496 4339 ὑπέστησαν,
2559 4258 2653 4315 καὶ
2712 4260 2763 4316 αἱ
2823 4259 3019 4339 ψυχαὶ,
3077 4260 3171 4315 καί
3227 4257 3294 4314 τὰ
3348 4257 3597 4337 σώματα,
3635 4258 3728 4314 καὶ
3769 4256 3833 4313 τὰ

433 4366 711 4431 corpora,
763 4356 822 4411 et
874 4366 1009 4425 quae
1055 4349 1475 4430 quoquomodo
1508 4350 1565 4413 in
1597 4351 1731 4414 aliis
1758 4352 2075 4430 exsistunt,

2171 4354 2412 4409 ὁπωσοῦν
2442 4350 2478 4418 ἢ
2509 4348 2562 4405 ἐν
2593 4348 2791 4428 ἑτέροις
2845 4351 3181 4428 ὑπάρχοντα,
3209 4346 3282 4411 ὥς
3314 4352 3538 4427 χρῶμα,
3574 4346 3831 4427 σχρῆμα,

435 4452 507 4502 ut
535 4438 726 4516 color,
772 4437 985 4519 forma,
1023 4438 1297 4521 qualitas,
1333 4439 1565 4521 aliaque
1606 4459 1738 4519 quas
1767 4442 1929 4504 circa
1957 4461 2075 4504 cor-

2170 4439 2497 4514 πηλικότης,
2533 4440 2620 4496 καὶ
2679 4437 2847 4495 τᾶλλα
2902 4439 2966 4494 τά
2997 4439 3114 4517 περὶ
3173 4439 3234 4494 τὸ
3286 4442 3444 4513 σῶμα
3491 4436 3768 4516 ὁρώμενα,
3800 4436 3839 4504 ἢ

433 4546 549 4611 pus
603 4535 952 4609 cernuntur,
1012 4528 1105 4590 vel
1159 4546 1265 4609 per
1323 4531 1747 4611 cogitationem
1791 4550 1925 4594 esse
1985 4532 2075 4593 di-

2168 4553 2285 4610 111‘
2333 4530 2565 4586 ἐπίνοιαν
2625 4533 2764 4585 εἶναι
2796 4526 3085 4607 λεγόμενα,
3119 4528 3241 4584 οἷον
3302 4528 3503 4603 νόημα,
3541 4526 3836 4598 αἴσθησ“ις,

435 4624 674 4693 cuntur,
731 4626 796 4679 ut
843 4617 1195 4699 intellectio,
1225 4636 1463 4696 sensus,
1508 4620 1681 4702 ratio,
1729 4629 1789 4684 et
1838 4620 2075 4685 similia.

2168 4621 2353 4700 λόγος,
2412 4618 2503 4675 καὶ
2561 4620 2627 4675 τὰ
2668 4620 2908 4680 τοιαῦτα.
2989 4618 3209 4689 Χωρίζει
3280 4616 3407 4695 γοῦν
3482 4616 3670 4674 ἐκεῖνα
3732 4618 3839 4673 ἀπὸ

436 4707 543 4772 Illa
597 4708 801 4790 utique
835 4707 909 4770 ab
946 4707 1040 4769 his
1077 4711 1365 4783 secernit,
1421 4712 1701 4793 quoniam
1760 4711 1883 4793 illa,
1937 4722 2085 4773 tam-

438 4798 548 4862 etsi
571 4797 634 4860 in
664 4797 796 4861 aliis
826 4796 1175 4873 subsistant,
1230 4808 1429 4864 tamen
1477 4799 1683 4863 sensui
1741 4800 2085 4881 subjiciun-

437 4897 558 4967 tur;
609 4888 736 4950 hinc
784 4895 982 4949 autem
1037 4903 1419 4970 nequaquam
1484 4890 1686 4953 sensui
1745 4890 2079 4971 subjacent,

436 4980 542 5041 sed
575 4995 683 5059 per
710 4977 895 5040 solam
918 4976 1337 5056 cogitationem
1370 4988 1838 5059 cognoscuntur.
1880 4983 2083 5062 Itaque

438 5074 691 5133 virtutes
719 5067 840 5131 illae
866 5069 1077 5150 beatae,
1110 5076 1228 5132 tam
1285 5070 1496 5152 prima;
1541 5089 1718 5152 quam
1765 5079 2084 5153 sequentes

439 5165 501 5223 et
547 5157 776 5221 ultimae
833 5157 1027 5238 quoad
1086 5157 1240 5236 illas,
1316 5179 1437 5223 non
1492 5161 1686 5243 quoad
1756 5179 1887 5240 nos;
1944 5179 2082 5224 nam

439 5248 633 5332 quoad
676 5265 791 5311 nos
820 5265 1029 5311 omnes
1081 5250 1595 5331 supermundiales
1639 5260 1778 5315 sunt
1812 5301 1828 5333 ,
1901 5251 2082 5315 etiam

440 5347 781 5422 postremas;
815 5345 875 5402 et
902 5336 1273 5421 principatus
1300 5347 1357 5404 et
1385 5342 1588 5406 omnia
1633 5360 1706 5407 ex
1758 5341 1881 5406 Deo
1929 5347 1993 5407 et
2021 5343 2084 5407 in

2167 4712 2390 4785 τούτων,
2439 4708 2518 4765 ὅτι
2550 4707 2755 4783 ἐκεῖνα,
2792 4711 2834 4765 εἰ
2878 4709 2971 4765 καί
3004 4710 3059 4764 ἒν
3111 4706 3308 4786 ἑτέροις
3340 4707 3681 4783 ὖφίστανται,
3718 4705 3837 4763 ἀλλ’

2169 4801 2255 4859 οὖν
2310 4800 2547 4869 αἰσθήσει
2608 4800 2938 4855 ὑπόκεινται·
3020 4805 3185 4855 ταῦτα
3242 4792 3302 4853 δὲ
3362 4797 3467 4877 οὐχ
3522 4798 3834 4853 ὃπόκεινται

2168 4891 2429 4969 αἰσθήσει,
2463 4887 2584 4944 ἀλλ’
2614 4888 2731 4945 κατ’
2778 4889 3012 4946 ἐπίνοιαν
3058 4886 3231 4963 μόνην
3274 4887 3654 4964 γινώσκονται.
3720 4884 3834 4947 Καὶ

2167 4988 2290 5061 γςῦν
2343 4981 2393 5037 αὶ
2452 4980 2707 5058 μακάριαι
2760 4977 3035 5055 δυνάμεις,
3093 4976 3189 5034 καὶ
3250 4979 3299 5034 αἱ
3360 4982 3569 5055 πρῶται
3629 4978 3726 5033 καὶ
3779 4979 3831 5032 αἱ

2168 5070 2287 5149 μετ’
2339 5070 2525 5148 αὐτὰς,
2584 5069 2672 5126 καὶ
2732 5071 2783 5125 αἱ
2839 5067 3067 5149 ἔσχαται
3125 5068 3257 5144 πρὸς
3312 5065 3541 5142 ἐκείνας,
3576 5064 3637 5123 οὗ
3698 5067 3828 5145 πρὸς

2166 5164 2334 5237 ἡμᾶς·
2370 5161 2501 5235 πρὸς
2547 5159 2647 5238 γὰρ
2705 5160 2849 5233 ἡμᾶς
2911 5157 3257 5236 ὺπεριόσμιοί
3317 5158 3405 5213 καὶ
3454 5159 3507 5212 αἱ
3565 5155 3823 5238 ἔσχαται·

2166 5253 2255 5308 καὶ
2290 5253 2339 5307 αἱ
2385 5249 2674 5329 ἀρχαὶκαὶ
2723 5248 2896 5306 πάντα
2927 5247 2987 5305 ἐκ
3034 5254 3128 5306 τοῦ
3174 5252 3305 5303 Θεοῦ
3333 5248 3431 5303 καὶ
3486 5243 3543 5302 ἐν
3575 5252 3655 5322 τῷ
3712 5251 3823 5318 Θεῷ

2168 5343 2295 5399 εἰσι*
2341 5340 2427 5397 καὶ
2483 5340 2561 5415 μὴ
2616 5340 2778 5416 μόνον
2823 5339 2884 5396 τὸ
2935 5341 3075 5398 εἶναι
3134 5335 3272 5395 ἀλλὰ
3326 5335 3415 5393 καὶ
3473 5336 3533 5394 τὸ
3564 5335 3627 5393 εὖ
3682 5337 3821 5394 εἶναι

1772 5512 2033 5579 νΑιιιιΕ
2081 5506 2525 5579 LEGTIONES.

526 5619 591 5673 86
609 5618 779 5687 Max.
816 5624 877 5685 in
900 5622 1270 5687 indivisibili.
