4032 6420
449 302 566 373 847

1633 305 1692 368 S.
1770 303 2116 369 DIONYSII
2186 302 2689 371 AREOPAGIT/E

3731 292 3855 370 848

450 441 775 520 tigurarum
808 438 1103 522 omnium;
1132 439 1259 503 hanc
1282 440 1590 522 vero,quia
1611 458 1792 520 supra
1814 458 1883 503 ea
1906 439 2102 500 omnia

2191 437 2298 496 ἔστι
2332 442 2460 503 Θεὸς
2491 440 2740 520 ἀσχέτως
2793 443 2880 497 καὶ
2912 438 3279 519 ἐξῃρημένως·
3335 439 3422 496 καὶ
3457 436 3604 499 οὐδὲν
3662 436 3852 505 τέλος,

443 537 627 606 est,et
649 548 830 611 supra
854 531 1301 612 incorporeum,
1337 539 1396 592 et
1425 549 1605 610 supra
1628 530 2102 592 immaterialita-

445 626 565 681 tem
595 619 785 681 forma
813 619 1137 701 specieque
1170 639 1403 693 carens,
1441 620 1737 701 principia
1760 628 1820 682 et
1863 621 2015 682 ﬁnes
2048 628 2105 679 et

445 708 646 773 media
664 727 866 771 rerum
894 708 1656 791 circumplectensmullum
1691 710 1850 773 enim
1887 708 2107 790 princi-

445 798 611 880 pium
638 807 939 881 est,supra
972 799 1128 881 quod
1165 819 1282 863 non
1309 800 1383 861 sit
1411 802 1570 864 Deus
1602 800 2103 880 incomprehense

446 896 509 951 et
541 897 906 969 exempte;et
930 888 1450 971 nullusﬁnis,post
1478 907 1653 971 quem
1685 908 1803 951 non
1826 889 2103 960 sitDeus;

440 986 501 1040 et
531 978 763 1040 nullum
799 979 1087 1054 medium,
1121 978 1180 1040 in
1213 998 1330 1060 quo
1354 998 1474 1040 non
1509 980 1584 1040 sit
1616 978 1795 1047 Deus,
1838 980 2005 1058 juxta
2033 977 2106 1040 il-

441 1067 545 1129 lud
572 1089 587 1131 :
616 1069 738 1149 Ego
764 1067 925 1130 Deus
947 1069 1201 1149 primus,
1237 1079 1293 1130 et
1318 1087 1429 1148 ego
1458 1076 1586 1149 post
1615 1070 1765 1145 haec;
1803 1079 1863 1129 et
1896 1075 2111 1149 prmter

443 1178 541 1223 me
571 1177 689 1222 non
719 1170 811 1223 est
832 1159 1042 1236 alius‘;
1062 1162 1175 1223 hoc
1207 1161 1369 1222 enim
1408 1169 1499 1224 est
1532 1160 1919 1242 principium,
1946 1169 2004 1223 et
2028 1160 2099 1221 ii-

443 1250 561 1331 nis,
588 1258 644 1311 et
666 1248 954 1329 medium,
980 1250 1185 1331 utique
1216 1250 1550 1313 secundum
1578 1269 1759 1311 unam
1790 1260 1849 1312 et
1879 1268 2099 1330 supra-

442 1357 620 1420 quam
642 1339 866 1401 unitam
887 1340 1025 1401 447
1046 1340 1490 1403 causam.Licet
1506 1340 1665 1403 enim
1687 1340 1856 1402 multi
1882 1340 2101 1401 sintef—

441 1428 631 1490 lectus
644 1437 702 1491 et
718 1448 967 1493 munera
991 1431 1449 1505 inﬁnita,tamen
1466 1448 1642 1511 supra
1658 1448 1899 1492 omnem
1928 1431 2100 1491 unio-

440 1537 579 1582 nem
605 1518 785 1583 habet
812 1539 997 1582 unum
1030 1520 1176 1582 illud
1203 1538 1404 1602 causa,
1425 1519 1804 1601 quasliquido
1824 1519 2104 1583 omnibus

441 1607 651 1672 illucet
699 1629 867 1673 more
923 1610 1067 1673 solis
1102 1611 1279 1691 hujus
1310 1611 1616 1672 sensibilis
1652 1627 1665 1669 :
1703 1611 1753 1671 si
1786 1610 1943 1672 enim
1982 1611 2100 1684 hic,

2290 530 2303 551 ν
2361 532 2382 551 n
2452 535 2464 553 τ
2539 530 2561 563 ῃ
2602 554 2627 563 1-
2768 530 2779 550 Ι
2821 548 2835 563 ο
2939 532 2952 549 \
3040 527 3107 549 ’Μ
3251 528 3261 545 ι
3428 528 3442 544 ς
3524 532 3547 551 γ
3585 528 3633 550 ,ιν
3740 527 3769 545 ν

2188 533 2284 604 μεθ
2358 554 2385 586 ο
2417 553 2510 589 ουκ
2540 554 2648 587 εστι
2682 538 2809 591 Θεος
2868 553 2955 586 και
3007 550 3151 585 ουοεν
3198 551 3384 604 μεσον,
3426 549 3480 583 εν
3509 554 3555 603 ῳ
3583 550 3680 587 ουκ
3743 550 3861 584 εστι

2188 621 2340 693 Θεὸς,
2374 621 2510 677 κατὰ
2568 619 2651 675 τό·
2716 617 2859 697 Ἐγὼ
2918 621 3049 684 Θεὸς
3108 620 3342 698 πρῶτος,
3404 641 3490 674 και
3543 619 3653 697 ἐγὼ
3715 619 3861 694 μετὰ

2187 719 2372 782 ταῦτα,
2408 710 2494 765 καὶ
2552 708 2695 776 πλὴν
2726 710 2859 784 ἒμοῦ
2916 711 3009 765 οὒκ
3065 708 3197 765 ἔστι·
3258 715 3415 765 τοῦτο
3474 708 3576 788 γὰρ
3618 707 3768 764 ἐστιν
3823 709 3859 775 ἡ

2189 799 2337 878 ἀρχὴ
2394 801 2455 854 τὸ
2510 797 2686 873 τέλος,
2725 800 2812 856 καὶ
2868 799 2929 855 τὸ
2987 796 3175 874 μέσον,
3220 798 3358 853 κατὰ
3407 799 3533 873 γοῦν
3583 798 3707 873 μίαν
3768 797 3862 853 καὶ

2190 888 2606 967 ὑπερηνωμένην
2666 889 2857 947 αἰτίαν.
2920 889 2978 945 Εἰ
3020 888 3119 966 γὰρ
3162 885 3337 945 πολλὰ
3389 888 3455 945 τὰ
3508 888 3719 946 uitiata
3766 887 3864 944 καὶ

2191 981 2242 1035 αἰ
2299 976 2490 1056 δωρεαί
2543 977 2773 1058 ἄπειροι,
2836 976 2973 1034 ἀλλὰ
3030 979 3119 1034 καί
3193 978 3325 1055 ὑπὲρ
3402 982 3576 1034 πᾶσαν
3659 977 3862 1034 ἕνωσιν

2191 1067 2310 1147 ἔχει
2342 1069 2403 1123 τὸ
2457 1068 2658 1123 ἑνιαϊον
2689 1070 2749 1123 τὸ
2797 1066 2996 1141 αἴτιον,
3043 1068 3327 1148 ἀχράντως
3364 1080 3486 1129 τοῖς
3530 1073 3695 1124 πᾶσιν
3724 1067 3860 1123 ἐπι-

2185 1156 2410 1233 λάμπει,
2467 1154 2615 1224 δίκην
2675 1164 2768 1213 τοῦ
2842 1159 3094 1225 αἰσθητοῦ
3144 1159 3332 1217 τούτου
3397 1156 3570 1225 ἡλίου·
3646 1159 3692 1213 εἰ
3751 1159 3861 1236 γὲιρ

2187 1250 2337 1309 οὗτος
2385 1248 2412 1302 ὁ
2457 1246 2518 1302 ἐκ
2546 1254 2637 1304 τοῦ
2687 1254 2818 1303 Θεοῦ
2846 1247 3078 1310 ὑποστὰς
3139 1245 3344 1311 πολλὰς
3396 1248 3575 1308 οὐσίας
3605 1248 3697 1304 καί
3726 1246 3855 1303 δια-

2184 1338 2373 1418 φόρους
2432 1338 2723 1403 ποιότητας
2784 1336 2868 1399 εἷς
2928 1335 3002 1394 ὢν
3047 1334 3336 1411 μονοειδῶς
3395 1335 3715 1416 ἐπιλάμπει,
3764 1336 3860 1392 καί

2187 1427 2452 1501 μενούσης
2516 1432 2641 1500 μιᾶς
2675 1427 2763 1482 καί
2792 1427 2987 1488 ἐνιαίας
3045 1428 3145 1492 τῆς
3176 1425 3455 1506 λάμψεως,
3484 1425 3725 1508 διάφοροι
3771 1429 3858 1505 γίο

2186 1538 2363 1573 νονται
2421 1516 2471 1570 αἱ
2529 1514 2806 1593 ἐνέργειαι*
2870 1514 3056 1591 πολλῴ
3100 1536 3160 1593 γε
3193 1514 3400 1590 μᾶλλον
3459 1515 3544 1572 ἐπί
3603 1523 3737 1573 Θεοῦ
3792 1518 3857 1573 τὸ

2185 1612 2423 1661 τοιοῦτον
2481 1604 2695 1674 νοήσειέ
2723 1628 2801 1669 τις
2848 1606 2941 1663 τοῦ
2978 1613 3204 1673 ποιητοῦ
3239 1606 3329 1663 καί
3386 1605 3567 1679 αύτοῦ,
3600 1607 3693 1662 καί
3745 1612 3857 1664 τῶν

444 1716 578 1764 cum
605 1719 677 1764 ex
706 1702 830 1764 Deo
855 1699 1382 1777 subsistat,multas
1414 1699 1773 1763 substantias
1805 1720 1873 1762 ac
1896 1701 2100 1763 diver-

2188 1693 2366 1751 ἄλλων
2399 1694 2673 1757 ἁπάντων.
2724 1696 2825 1753 Καί
2874 1697 2918 1751 εἷ
2948 1698 2975 1751 ὸ
3025 1695 3175 1763 ἥλιος
3204 1697 3301 1760 τὰς
3334 1698 3501 1760 αἰτίας
3532 1702 3640 1754 τῶν
3669 1698 3860 1754 τοσούο

440 1806 540 1851 sas
589 1789 902 1870 qualitates
951 1809 1108 1853 unus
1139 1790 1432 1852 exsistens
1461 1790 1838 1853 uniformiter
1869 1790 2099 1852 illumi-

2187 1806 2290 1840 των
2342 1787 2624 1861 ἐνεργειῶν
2683 1786 2770 1840 διαί
2825 1786 3087 1854 κινήσεων
3154 1785 3445 1861 μονοειδῶς
3502 1785 3853 1866 προείληφεν,

441 1879 1096 1961 net,et,illuminatione
1125 1900 1244 1942 una
1275 1890 1334 1943 et
1367 1881 1537 1943 unita
1566 1889 1979 1960 permanente,
2002 1880 2097 1942 di-

2188 1874 2394 1936 ἐνιαίως
2429 1872 2553 1936 ὅλος
2610 1872 2802 1930 ἅπασιν
2836 1874 3179 1951 ἐπιλάμπων,
3213 1876 3302 1931 καί
3344 1876 3553 1948 ἑκάστῳ
3606 1877 3855 1952 εὖρισκό-

441 1986 629 2031 νει-διο
654 1970 787 2032 fiant
821 1971 1229 2051 operationes;
1260 1979 1478 2050 quanto
1513 1970 1698 2048 magis
1735 1970 1796 2031 in
1826 1972 1948 2033 Deo
1968 1970 2102 2051 quis

2189 1986 2345 2040 μενος
2413 1964 2733 2042 πρόσφορος’
2798 1963 2985 2039 πολλῷ
3042 1986 3105 2042 γε
3163 1964 3367 2041 μᾶλλον
3419 1968 3854 2045 συγχωρήσομεν

447 2058 594 2119 illud
624 2058 937 2142 intelligat,
971 2066 1069 2141 qui
1107 2070 1221 2121 tam
1257 2060 1415 2121 illius
1437 2078 1607 2141 qaam
1632 2067 1978 2121 creterarum
2001 2078 2102 2120 re—

2192 2054 2331 2110 εἴναι
2386 2055 2526 2132 παρὰ
2570 2061 2647 2128 τῷ
2679 2053 2989 2132 δημιουργῷ
3044 2056 3108 2112 τὰ
3139 2064 3244 2111 τῶν
3273 2055 3440 2112 ὅντων
3492 2057 3712 2113 πάντων
3743 2070 3853 2113 πα-

448 2166 583 2209 rum
620 2148 891 2212 conditor
920 2149 1182 2213 exsistit?
1204 2150 1281 2213 Et
1307 2151 1355 2211 si
1387 2149 1476 2212 sol
1528 2156 1823 2209 tantorum
1857 2167 2103 2229 operum

446 2255 515 2299 ac
543 2237 872 2300 motionum
945 2258 1151 2302 causas
1221 2238 1598 2300 uniformiter
1658 2239 2102 2318 prazacceperit,

445 2327 612 2389 unite
643 2335 799 2390 totus
817 2328 1096 2391 omnibus
1126 2329 1445 2409 aﬂ’ulgens,
1481 2328 1808 2408 unicuique
1835 2346 2105 2390 commo-

448 2417 562 2478 dus
594 2416 1118 2500 inventus;quanto
1142 2421 1327 2497 magis
1350 2417 1875 2493 apud-Creatorem
1906 2435 2106 2480 exem-

446 2508 629 2586 plaria
678 2525 879 2569 rerum
928 2509 1195 2569 omnium
1226 2508 1517 2570 exsistere
1555 2506 1987 2569 concedamus?
2018 2507 2101 2571 Ac

342 2600 347 2603 ’
444 2596 610 2659 Plato
642 2598 880 2677 quidem
916 2597 1081 2660 ideas
1107 2598 1553 2678 etexemplaria
1576 2598 1754 2659 nimis
1792 2598 1888 2657 vili
1918 2605 1973 2657 et
2004 2597 2098 2656 in-

448 2685 631 2763 digna
664 2687 772 2750 Dei
794 2687 1022 2749 ratione
1040 2689 1295 2770 accepit;
1318 2688 1415 2750 hic
1440 2690 1611 2749 Pater
1644 2705 1781 2748 vero
1815 2688 1925 2747 hac
1968 2688 2101 2767 qui—

450 2775 590 2837 dem
611 2794 752 2838 voce
782 2796 920 2840 usus
942 2785 1052 2859 est,
1091 2778 1193 2841 sed
1221 2796 1461 2839 sensum
1490 2776 1617 2856 ejus
1646 2778 1739 2859 pie
1766 2777 2099 2859 explicavit,

452 2864 1059 2946 dicens,exemplaria
1078 2887 1208 2930 esse
1232 2867 1493 2929 rationes
1525 2866 2103 2944 prmexsistentes,ac

452 2954 691 3016 divinas
713 2956 1043 3018 voluntates
1065 2975 1195 3038 qua:
1217 2956 1512 3017 deﬁniunt
1540 2974 1605 3017 ac
1630 2956 1853 3017 faciunt
1872 2957 2104 3017 univer-

404 3050 411 3057 '
453 3062 519 3107 sa
542 3044 689 3114 (sola
710 3045 869 3106 enim
888 3046 1349 3126 (Dcilvoluntate
1365 3044 1564 3105 omnia
1582 3046 1934 3123 consistunt,
1958 3064 2103 3123 quas

452 3140 512 3195 et
535 3131 1040 3214 prwdeﬁnitiones
1067 3153 1170 3195 seu
1205 3134 1661 3215 prmdicationes
1691 3135 1855 3195 divus
1884 3136 2105 3198 Paulus

2191 2142 2536 2223 ραδείγματα,
2593 2145 2693 2208 Καί
2736 2148 2762 2199 ὁ
2791 2146 2886 2220 μὲν
2922 2144 3142 2201 Πλάτων
3185 2146 3284 2208 τὰς
3337 2143 3477 2207 ἰδέας
3505 2148 3597 2201 καί
3625 2145 3698 2201 τα⁷
3747 2169 3854 2202 πα-

2190 2233 2512 2311 ραδείγματα
2585 2239 2849 2297 ταπεινῶς
2908 2235 2996 2290 καί
3073 2233 3296 2300 ἀναξίως
3370 2234 3503 2291 Θεοῦ
3583 2234 3851 2315 ἒξείληιρε⁹

2190 2329 2216 2378 ὁ
2262 2322 2315 2378 δὲ
2350 2324 2525 2400 πατὴρ
2581 2328 2648 2399 τῇ
2701 2324 2797 2397 μὲν
2855 2322 2991 2390 λέξει
3049 2323 3347 2404 ἐχρήσατο,
3395 2326 3495 2392 τὴν
3534 2322 3590 2379 δὲ
3649 2324 3851 2381 ἔννοιαν

2190 2411 2415 2474 εύσεϐιῦς
2466 2411 2791 2489 ἐξηγήσατο,
2827 2412 3229 2491 παραδείγματα
3275 2412 3447 2492 λέγων
3501 2415 3628 2476 τοὺς
3679 2428 3851 2493 προϋ-

2189 2507 2462 2583 ιρεστῶτας
2525 2501 2741 2580 λόγους,
2797 2503 2884 2559 καί
2936 2506 3001 2559 τὰ
3052 2504 3365 2585 ἀφοριστικὰ
3424 2505 3680 2570 ποιητικὰ
3731 2509 3856 2561 θεῖα

2185 2594 2486 2667 Θελήματα,
2550 2594 2724 2667 (μόνῳ
2784 2594 2882 2672 γὰρ
2931 2597 3007 2667 τῷ
3063 2592 3341 2669 βούλεσθαι
3386 2595 3451 2651 τὰ
3481 2595 3650 2650 πάντα
3707 2595 3853 2650 ὺπέ-

2188 2682 2429 2754 στησενυ)
2475 2682 2562 2744 οὓς
2597 2683 2685 2738 καί
2728 2684 3083 2762 προορισμοὺς
3133 2686 3161 2738 ὸ
3190 2687 3338 2747 θεῖος
3396 2683 3601 2745 Παῦλός
3659 2702 3850 2764 φησιν·

2187 2773 2287 2830 o=‘-
2366 2773 2416 2827 az
2622 2773 2669 2807 ’ρ
2736 2793 2755 2804 -
2865 2774 2919 2829 λέ
3218 2775 3229 2795 '
3500 2774 3517 2828 t
3594 2776 3623 2829 ι
3678 2774 3732 2830 ’λ
3837 2792 3849 2807 ο

2234 2802 2286 2835 ας
2398 2817 2418 2827 -
2497 2794 2781 2851 προώρισς,
2903 2796 3061 2851 ιγων,
3140 2796 3357 2836 τούτους
3426 2797 3494 2832 κα
3626 2796 3695 2832 κα
3737 2795 3825 2831 εσε

2188 2864 2276 2918 καί
2334 2861 2572 2936 ἒτὲρωοι,
2632 2862 2917 2941 Προορίσας
2976 2864 3120 2937 ἡμᾶς
3191 2863 3244 2919 ἐν
3301 2870 3378 2937 τῷ
3432 2862 3702 2938 θελήματι
3749 2867 3848 2921 αὖ-

2187 2960 2299 3014 τοῦ,
2358 2954 2425 3010 Τὸ
2460 2950 2539 3031 δὲ,
2572 2950 2686 3008 ἐπεί
2733 2952 2822 3008 καί
2874 2954 3053 3014 ούαέας
3112 2954 3339 3031 παράγει
3395 2954 3532 3012 κατὰ
3589 2955 3690 3021 τὴν
3748 2954 3849 3011 ὐπὸ

2648 3090 2663 3121 ,
2699 3044 2936 3099 τοιοῦτόν
2976 3066 3096 3099 τινα
3147 3042 3266 3124 ἔχει
3296 3042 3478 3122 λόγον.
3536 3046 3735 3119 Εἶπεν,
3770 3044 3845 3100 ὃτι

2187 3133 2400 3189 πάντων
2473 3136 2578 3187 τῶν
2652 3132 2820 3188 ὃντων
2876 3134 2941 3188 τά
3000 3130 3400 3211 παραδείγματα
3467 3132 3524 3189 ἐν
3594 3134 3675 3209 τῷ
3736 3141 3846 3191 Θεῶ

2497 2773 2781 2852 προώρισε,

2187 3044 2365 3107 οὒσίας
2425 3040 2637 3098 ἔκϐασιν

451 3218 969 3301 appellat,dicens:
998 3223 1163 3300 Quos
1183 3213 1387 3285 autem
1403 3224 1880 3305 prmdeszinavit,
1912 3226 2018 3287 hos
2049 3234 2102 3287 et

2190 3223 2355 3301 ἐστιν,
2388 3222 2511 3278 εἶτα
2567 3223 2792 3296 ὡσπερεί
2821 3244 2965 3287 τινος
3023 3224 3130 3279 τῶν
3187 3221 3363 3279 ἄλλων
3408 3223 3509 3298 μὲν
3564 3225 3689 3286 τοὺς
3749 3225 3848 3280 λό-

450 3311 685 3372 vocavit
703 3319 816 3387 a;et
835 3312 1010 3375 alibi:
1034 3314 1627 3392 Quiprwdestinavit
1658 3332 1769 3375 nos
1794 3316 1858 3375 in
1887 3315 2101 3377 colun-

2191 3335 2315 3391 γους
2342 3309 2573 3375 διδόντος
2603 3324 2743 3369 εἶναι
2776 3313 2830 3368 ἐν
2860 3318 2936 3386 τῷ
2968 3317 3108 3394 Θεῷ,
3139 3311 3386 3380 δηλονότι
3418 3319 3524 3371 τῶν
3554 3322 3846 3395 προνοιῶν,

454 3404 709 3461 tatesua
732 3395 778 3463 δ.
813 3400 978 3473 Quod
1012 3410 1206 3463 autem
1242 3402 1423 3463 etiam
1456 3400 1819 3463 substantias
1853 3401 2102 3465 adducat

2190 3408 2294 3457 τῶν
2338 3400 2569 3482 δωρεῶν,
2603 3404 2709 3459 τῶν
2758 3404 3046 3483 κινήσεων,
3078 3405 3251 3469 καθὼς
3285 3405 3374 3461 καί
3408 3405 3474 3460 τά
3518 3404 3855 3465 ἁποστολιιά

449 3488 781 3550 secundum
840 3491 1241 3568 egressionem
1276 3511 1309 3553 a
1361 3491 1715 3564 substantia,
1772 3491 2102 3553 istiusmodi

2191 3493 2328 3570 ῥητά
2390 3491 2626 3572 ἔχουσιν
2691 3494 2765 3555 ὡς
2839 3492 3149 3570 συνάγεσθαι
3211 3494 3349 3558 ἴσως
3404 3494 3663 3575 ὶντεῦθεν,
3727 3497 3853 3559 τοὺς

450 3579 741 3640 rationem
768 3578 1293 3644 babet.Dixeratin
1312 3579 1431 3643 Deo
1456 3600 1586 3642 esse
1611 3584 1878 3643 omnium
1904 3600 2102 3642 rerum

2192 3583 2289 3657 μὲν
2346 3584 2698 3661 προορισμοὺς
2750 3586 2849 3647 τῆς
2906 3580 3171 3648 διαιονίας
3236 3585 3453 3651 καὶτῆς
3511 3584 3849 3657 ἀποστολῆς,

451 3668 838 3750 exemplaria;
872 3670 1090 3731 deinde
1119 3690 1186 3731 ac
1230 3671 1277 3731 si
1309 3670 1441 3750 quis
1466 3670 1710 3732 aliarum
1738 3671 1977 3750 quidem
2010 3690 2102 3733 re-

2195 3675 2278 3728 καί
2335 3674 2455 3735 τοὺς
2486 3672 2678 3750 λόγους
2736 3673 2937 3729 τούτων
2983 3672 3122 3730 εἴναι
3172 3673 3227 3730 ἐν
3256 3674 3332 3748 τῷ
3387 3681 3526 3755 Θεῷ,
3562 3674 3740 3731 αὐτῶν
3797 3673 3853 3731 δὲ

454 3774 588 3819 rum
622 3757 963 3819 rationesin
991 3761 1111 3822 Deo
1138 3778 1268 3823 esse
1287 3760 1676 3841 dicat,utputa
1698 3760 2102 3841 providentia-

2188 3769 2294 3818 τῶν
2353 3762 2650 3839 προσώπων
2679 3763 2745 3818 τὰ
2797 3760 3196 3842 παραδείγματα
3257 3764 3335 3839 μὴ
3393 3764 3563 3820 εἶναι’
3619 3766 3855 3845 ὡσπερεί

450 3865 661 3909 rumac
683 3851 1601 3930 munerum,motuumque,sicut
1617 3851 1935 3930 apostolica
1950 3852 2102 3912 dicta

2188 3874 2336 3918 τινος
2368 3859 2491 3931 γοῦν
2524 3852 2763 3926 οἰομένου
2821 3860 3037 3909 τοιαῦτα
3066 3854 3154 3909 καί
3182 3855 3506 3933 χωρίζοντος
3550 3858 3661 3909 τῶν
3688 3876 3852 3928 προσ-

453 3936 713 4011 tradunt;
765 3938 842 3999 ita
888 3947 950 3999 ut
988 3939 1127 4002 hinc
1177 3940 1416 4021 quidem
1475 3939 1866 4019 probabiliter
1924 3942 2098 4001 colli-

451 4034 642 4105 gatur,
702 4027 1249 4106 prmdestinationes
1301 4029 1624 4091 ministerii
1683 4036 1742 4089 et
1803 4031 2102 4110 apostola-

450 4121 544 4175 tus
598 4114 984 4194 rationesque
1043 4119 1253 4181 horum
1314 4136 1449 4180 esse
1509 4118 1570 4179 in
1627 4120 1769 4194 Deo,
1835 4119 2097 4200 ipsarum

445 4211 642 4266 autem
718 4223 1106 4287 personarum
1185 4207 1547 4287 exemplaria
1620 4226 1739 4269 non
1799 4228 1951 4270 esse.
2015 4211 2099 4273 Ac

446 4292 499 4357 si
553 4293 689 4373 quis
741 4294 940 4377 itaque
1016 4295 1352 4359 istiusmodi
1431 4296 1734 4378 opinionis
1815 4299 1987 4381 foret,
2043 4308 2100 4361 et

443 4400 479 4444 a
520 4383 796 4464 personis
858 4386 1132 4448 actiones
1178 4394 1509 4467 separaret,
1573 4387 1804 4465 asserit,
1860 4398 2093 4452 creato-

2185 3942 2348 3997 ώπων
2404 3943 2499 4005 τὰς
2560 3942 2846 4021 ἐνεργείας,
2883 3944 3013 4021 φησί
3066 3946 3346 4016 συνιστῶν,
3379 3942 3463 3999 ὃτι
3523 3944 3615 4002 καί
3678 3945 3849 4001 αὖτῶν

2184 4031 2302 4087 καθ’
2360 4031 2485 4088 αὒτὸ
2515 4038 2625 4086 τῶν
2653 4033 2957 4112 προσώπων
3014 4034 3134 4096 τοὺς
3170 4032 3362 4111 λόγους
3392 4032 3510 4113 ἔχει
3563 4033 3695 4112 παρ’
3722 4034 3847 4092 Eu:-

2188 4130 2261 4195 τῷ
2317 4123 2344 4178 ὁ
2391 4119 2740 4203 δημιουργός,
2772 4123 2889 4179 ἱπεί
2938 4123 3028 4179 καί
3084 4124 3265 4189 αύσῖας
3321 4124 3578 4202 παράγει,
3639 4124 3846 4199 Σκέψαι

2184 4213 2284 4289 γὰρ
2342 4211 2447 4267 ἀπὸ
2507 4213 2613 4269 τῶν
2669 4213 2784 4270 καθ’
2849 4214 2994 4289 ἡμᾶς
3044 4214 3345 4293 τεχνητῶν,
3381 4213 3463 4271 ’ὁτι
3500 4216 3668 4289 ἡμεῖς
3720 4216 3837 4295 μὲν,

2183 4301 2297 4358 ἐπεί
2355 4301 2447 4357 οὒκ
2501 4303 2681 4366 οὐσίας
2747 4304 3077 4384 παράγομεν,
3124 4303 3241 4361 οὐδὲ
3298 4302 3420 4367 τοὺς
3481 4302 3680 4381 λόγους
3740 4308 3841 4361 τῶν

2181 4392 2369 4450 οὖσίών
2418 4389 2541 4468 παρ’
2600 4393 2815 4457 ἑαυτοῖς
2873 4393 3100 4473 ἔχομεν’
3163 4393 3321 4459 ἕξεων
3382 4392 3435 4449 δὲ
3492 4396 3582 4450 καί
3640 4394 3843 4475 τέχνης

439 4487 567 4534 rem
616 4473 1017 4555 ipsarummet
1070 4493 1459 4558 personarum
1520 4494 1759 4558 quoque
1831 4485 2095 4542 rationes

2187 4481 2369 4560 λόγους
2432 4480 2579 4539 οὐδὲν
2622 4482 2816 4539 κωλύει
2877 4482 3025 4563 ἔχειν
3085 4484 3256 4559 ἡμᾶς,
3294 4482 3409 4540 καθ’
3461 4486 3551 4549 οὒς
3583 4473 3843 4541 ἀποτελε-

438 4579 637 4653 penes
657 4583 724 4627 se
756 4565 1147 4648 habere,cum
1182 4566 1358 4628 etiam
1380 4564 1737 4628 substantias
1772 4568 2079 4649 producat.

2187 4573 2316 4639 ώείη
2364 4574 2424 4628 τὸ
2482 4574 2774 4653 τεχνητόν.
2809 4564 2866 4632 ¢O
2923 4572 2976 4629 δὲ
3029 4577 3181 4649 Θεὸς,
3218 4575 3330 4631 ἐπεί
3361 4575 3450 4631 καί
3478 4576 3688 4631 τούτων
3747 4576 3842 4632 κά-

436 4651 744 4745 Siquidem
779 4654 835 4715 id
869 4656 1186 4718 observare
1215 4656 1351 4717 licet
1380 4655 1441 4716 in
1490 4655 1669 4718 rebus
1716 4658 2080 4721 nostratibus

2187 4664 2348 4719 ιείνων
2406 4665 2755 4742 παραγωγεύς
2812 4664 2978 4741 ἐστιν,
3012 4666 3232 4730 εἰκότως
3291 4664 3408 4745 ἔχει
3441 4665 3532 4720 καί
3594 4664 3838 4745 ἀμφοτὲ-

432 4748 560 4803 arte
592 4741 784 4824 factis,
819 4746 1099 4823 quoniam
1133 4764 1241 4809 nos
1273 4745 1514 4827 quidem
1556 4764 1690 4807 cum
1721 4747 2078 4811 substantias

2187 4777 2265 4807 μων
2309 4753 2424 4823 τοὺς
2466 4753 2683 4829 λόγους,
2717 4754 2806 4809 xxi
2849 4761 2953 4812 τῶν
2985 4753 3165 4819 ἕξεων.

434 4847 555 4922 non
588 4831 1011 4916 producamus,
1045 4836 1511 4899 substantiarum
1545 4855 1782 4918 quoque
1814 4838 2075 4901 rationes
2098 4840 2251 4922 apud
2290 4860 2399 4903 nos
2433 4840 2679 4903 minime
2713 4841 3001 4905 habemus
3039 4863 3055 4915 ;
3086 4842 3507 4905 habitudinum
3543 4848 3755 4904 autem
3786 4853 3837 4907 et

433 4921 581 4982 artis
611 4923 875 5013 rationes
898 4923 1118 4986 habere
1147 4945 1255 4988 nos
1282 4925 1425 4987 nihil
1450 4934 1627 5001 vetat,
1666 4928 1993 4989 secundum
2021 4921 2163 5010 quas
2187 4950 2284 4993 res
2307 4938 2432 4993 arte
2466 4933 2614 4993 facta
2646 4931 3007 4997 absolvatur.
3040 4933 3195 4995 Deus
3220 4951 3381 5013 vero,
3407 4950 3543 4995 cum
3568 4939 3691 4993 tam
3719 4932 3837 4993 base

433 5011 1086 5105 quamillaqproducat,
1127 5017 1339 5078 merito
1372 5015 1551 5079 habet
1581 5024 1976 5100 utrorumque
2004 5022 2285 5099 rationes,
2320 5030 2436 5083 tam
2471 5022 2937 5085 substantiarum
2973 5044 3146 5105 quam
3181 5011 3521 5105 habituum.

513 5100 669 5181 §IX.
705 5102 986 5196 Clemens
1042 5114 1241 5169 autem
1289 5105 1683 5188 philosophus
1742 5108 1909 5171 urbis
1958 5109 2079 5173 Bo-

2248 5114 2275 5192 §
2334 5112 2433 5174 ῘΧ.
2474 5105 2529 5171 Ὀ
2562 5114 2740 5191 μέντοι
2788 5100 3074 5196 φιλόσοῷος
3110 5115 3339 5191 Κλήμης
3370 5117 3397 5171 ὁ
3434 5103 3658 5189 Ῥώμης
3719 5114 3834 5171 ἐπί-

429 5208 622 5256 ωιιιιω
679 5192 1021 5285 episcOpus,
1082 5203 1145 5257 ut
1202 5196 1447 5274 quidam
1525 5196 1888 5278 interpretes
1943 5201 2083 5263 448

2187 5203 2502 5279 ικοπος,ὥς
2557 5206 2682 5285 φασί
2714 5227 2850 5270 τινες
2916 5205 3286 5285 ἐξηγούμενοι,
3318 5203 3444 5281 δόξῃ
3504 5205 3613 5259 τινί
3660 5226 3830 5270 xam—

427 5287 621 5374 aiunt,
639 5284 981 5366 opinionem
1035 5286 1347 5366 quamdam
1375 5294 1615 5349 secutus
1671 5296 1777 5364 est,
1810 5300 2083 5370 quietra-

2187 5294 2461 5361 ιολούΟησε
2521 5284 2774 5374 λεγούσῃ,
2811 5298 2899 5353 καί
2957 5296 3009 5353 ἐν
3039 5302 3107 5364 τῆ
3157 5284 3361 5374 γενέσει
3394 5293 3502 5351 τῶν
3564 5294 3823 5362 αἰσθητῶν

426 5371 721 5448 dit,etiam
741 5374 802 5435 in
817 5376 1204 5454 generatione
1228 5393 1433 5439 rerum
1455 5375 1765 5439 sensilium
1792 5380 2078 5460 quasdam

2193 5386 2309 5442 ἵναί
2338 5408 2484 5451 τινας
2542 5371 2773 5466 ἀρχικὰς
2806 5386 2993 5454 αἰτίας,
3059 5378 3149 5451 (Ως
3172 5371 3310 5465 γοῦν
3342 5385 3397 5441 ἐν
3449 5395 3573 5449 τοϊς
3609 5398 3824 5453 νοητοῖς

426 5478 560 5528 esse
578 5480 794 5527 causas
833 5464 1214 5549 principales.
1251 5464 1767 5539 Quemadmodum
1796 5471 1995 5552 itaque
2016 5472 2076 5534 in

2187 5498 2274 5534 στι
2333 5474 2507 5555 λέγειν
2566 5464 2660 5541 τοῖς
2722 5479 2930 5549 νοήσεις
2963 5477 3058 5543 τάς
3114 5464 3257 5540 θείας
3318 5474 3510 5555 λόγους
3567 5474 3827 5557 ἀρχικοὺς

501 5634 523 5665 ι
557 5626 746 5706 Apoc.
782 5646 925 5711 xxu,
961 5629 1057 5692 13.
1148 5642 1170 5670 ι
1204 5630 1379 5693 Rom.
1413 5643 1541 5709 νιιι,
1572 5627 1670 5694 30.

1759 5630 1785 5673 ι’
1813 5630 2032 5713 Ephes.
2069 5640 2198 5718 1,5.
