4032 6458
420 417 528 485 851

1589 416 1651 481 S.
1698 415 2042 480 DIONYSII
2089 414 2629 480 AREOPAGITIE.

3702 402 3821 474 852

418 556 635 633 citatis,
662 559 862 617 omnia
910 554 972 616 in
1030 555 1227 633 seipsa
1262 571 1380 614 non
1408 552 1602 615 solum
1635 554 1921 633 continet,
1961 570 2061 615 ve-

2177 554 2289 622 ωῆς
2320 553 2549 618 ἑαυτῶν,
2582 549 2669 604 καὶ
2701 550 2800 614 τῆς
2829 544 3168 604 τελειοποιοῦ
3210 544 3318 602 ἀπὸ
3349 547 3449 612 τῆς
3482 541 3821 609 τελειώσεως

418 665 550 708 rum
604 648 781 710 etiam
835 645 1143 727 prazhabet
1196 643 1566 725 praedeﬁnite
1610 645 1901 706 inchoans
1933 661 2075 724 pro-

419 755 691 815 gressum
748 756 918 799 suum
984 735 1483 810 substantiﬁcum,
1540 742 1598 796 et
1669 742 2078 796 creaturarum

420 827 875 908 productionem
910 845 942 888 a
971 828 1062 889 sui
1095 826 1281 905 ipsius
1316 842 1475 905 esse,
1509 827 1662 886 sicut
1682 832 1857 887 etiam
1893 824 2080 905 ipsam

419 917 873 979 viviticattonem
891 936 922 976 a
936 916 1027 978 sui
1047 916 1236 997 ipsius
1267 916 1468 993 vita,et
1498 914 2079 976 consummationem

422 1026 455 1068 a
487 1027 592 1068 sua
616 1007 1008 1085 perfectione.
1040 1004 1199 1069 Dixit
1227 1010 1424 1065 autem
1458 1005 1595 1084 hoc,
1629 1004 1913 1085 quoniam
1942 1022 2079 1065 om—

421 1099 516 1159 nia
548 1117 616 1159 ex
649 1097 767 1158 Deo
799 1097 952 1158 facta
979 1104 1327 1175 sunt,atque
1350 1096 1549 1157 omnia
1569 1095 1786 1174 seipsis
1810 1094 2075 1175 proprie,

423 1197 481 1247 et
505 1191 562 1246 in
586 1194 872 1266 quantum
898 1195 1167 1246 naturam
1197 1182 1639 1257 habent,Deum
1673 1183 2031 1263 participant
2057 1203 2074 1255 ;

424 1275 470 1334 si
504 1274 747 1352 quidem
815 1283 1040 1334 tantum
1074 1277 1382 1347 exsistant,
1420 1272 1779 1352 participant
1808 1271 2075 1332 divinum

424 1382 584 1438 esse;
617 1364 668 1424 si
700 1374 1088 1443 cognoscant,
1114 1363 1372 1422 divinam
1404 1362 1830 1439 cognitionem;
1860 1361 1909 1421 si
1936 1379 2074 1421 vero

422 1455 597 1515 etiam
626 1452 1260 1533 intelligant,divinam
1286 1451 1754 1513 intellectionem
1792 1468 1921 1531 quas
1942 1470 2076 1511 om-

423 1562 558 1603 nem
589 1544 818 1605 excedit
842 1543 1317 1621 intelligentiam.
1356 1543 1599 1603 Inchoat
1632 1550 1831 1601 autem
1867 1559 1899 1601 a
1929 1540 2076 1601 sub-

423 1635 715 1697 stantiﬁco
751 1634 1372 1713 progressu,quoniam
1400 1631 1659 1711 primum
1697 1629 2082 1708 intelligimus

2163 646 2377 709 ἐαῦτης.
2415 651 2551 699 Eme
2594 638 2649 695 δὲ
2704 647 2885 712 τοῦτο,
2948 638 3060 695 ἐπεὶ
3104 638 3171 695 τὰ
3202 636 3375 694 πάντα
3406 636 3466 693 ἐκ
3527 637 3622 691 τοῦ
3693 635 3827 691 Θεόυ

2164 733 2429 813 ἐγένοντο,
2464 732 2553 788 καὶ
2609 731 2676 789 τὰ
2734 730 2907 789 πάντα
2949 736 3042 786 τοῦ
3073 734 3205 785 Θεοῦ
3261 726 3587 807 μετέχουσιν
3621 725 3826 789 οἰκείως

2165 825 2400 897 ἑαυτοῖς,
2438 823 2523 878 διαὶ
2578 822 2751 885 ιὶαθὼς
2801 818 2991 900 ἔχουσι
3041 819 3271 898 φύσεως
3339 819 3384 873 εί
3434 817 3534 891 μὶν
3564 817 3665 872 εἰσι
3724 814 3827 890 μό-

2168 935 2277 986 νον,
2338 914 2445 969 ἀπὸ
2497 920 2591 970 τοῦ
2621 911 2766 967 εἶναι
2832 916 2927 967 τοῦ
2959 910 3099 967 θείου
3135 925 3149 940 ⁸
3208 910 3254 964 εἷ
3283 907 3339 964 δὲ
3371 906 3643 985 γνωστικά
3671 906 3829 985 εἰσίν,

2164 1003 2270 1060 ἀπὸ
2302 1008 2400 1069 τῆς
2452 1004 2593 1064 θείας
2650 1001 2901 1079 γνώσεως
2937 1020 2950 1030 ⁸
2988 1001 3033 1055 εἷ
3082 997 3137 1056 δὲ
3181 998 3273 1056 καί
3324 998 3502 1076 νοερὰ,
3564 997 3671 1052 ἀπὸ
3728 1000 3830 1061 τῆς

2161 1094 2301 1157 θείας
2361 1093 2450 1148 xxi
2511 1091 2643 1168 ὒπέρ
2690 1097 2869 1147 πᾶσαν
2920 1092 3107 1157 νόησιν
3149 1090 3413 1159 νοήσεως.
3448 1086 3739 1163 "Apy-51m
3770 1082 3827 1140 δὲ

2159 1187 2259 1251 τῆς
2305 1184 2610 1240 οὖσιοποιοῦ
2663 1178 2916 1258 προόδου,
2967 1180 3047 1235 ὅτι
3121 1185 3341 1258 πρῶτως
3392 1178 3707 1251 ἐπινοοῦμεν
3765 1176 3827 1231 τὸ

2160 1272 2301 1329 εἷναί
2343 1294 2514 1352 τινος,
2567 1271 2655 1327 καὶ
2694 1261 2800 1326 εἷθ’
2856 1268 2993 1327 οὕτω
3047 1270 3109 1324 τὸ
3160 1265 3383 1326 τοιῶσδε
3441 1266 3585 1323 εἶναι
3643 1272 3821 1327 τοῦτο,

2160 1364 2342 1422 Τοίνυν
2397 1361 2590 1441 ἤρξατό
2616 1363 2716 1428 τῆς
2768 1362 3022 1427 τοιαύτης
3098 1357 3325 1438 προόδου
3372 1357 3477 1415 ὑπὸ
3538 1356 3632 1413 τοῦ
3684 1355 3825 1411 εἶναι

2163 1454 2356 1516 ἑαυτῆς
2392 1471 2404 1485 ·
2455 1453 2546 1507 οὺχ
2596 1451 2749 1529 ἢρκει
2784 1450 2884 1529 γάρ
2913 1456 2991 1525 τῷ
3046 1450 3339 1525 ἀγαθότητι
3370 1494 3385 1521 ,
3429 1446 3571 1523 μόνη
3608 1452 3680 1523 τῇ
3712 1446 3827 1521 περὶ

2163 1542 2358 1609 ὲαυτῆς
2417 1541 2831 1621 ἐνασχολεϊσθαι
2889 1540 3100 1619 θεωρία,
3169 1535 3290 1594 ἀλλ’
3344 1535 3445 1592 ἔδει
3480 1535 3712 1617 χῦθῆναι
3742 1535 3827 1591 xxi

2166 1630 2375 1688 ὁδεῦσαι
2403 1632 2463 1687 τὸ
2494 1631 2688 1709 ἀγαθὸν
2724 1632 2794 1694 εἰς
2820 1626 3038 1685 πλείονα
3068 1630 3133 1685 τὰ
3148 1628 3589 1707 εὐεργετούμενα,

426 1742 559 1785 esse
602 1702 890 1803 alicujus:
915 1735 971 1784 ct
1005 1702 1223 1783 deinde
1271 1724 1355 1783 sic
1388 1702 1474 1783 vel
1506 1720 1702 1782 taliter
1740 1702 1913 1780 illud‘
1934 1739 2087 1781 esse.
2142 1718 2515 1801 Quapropter
2545 1702 2878 1781 'itiusmodi
2909 1702 3291 1800 progressum
3324 1714 3625 1778 inchoavit
3652 1733 3687 1775 a
3734 1702 3831 1803 sui

423 1810 615 1894 ipsius
642 1801 776 1874 esse
813 1832 830 1889 ;
862 1831 979 1873 non
1012 1813 1168 1873 enim
1202 1812 1344 1872 satis
1377 1820 1467 1871 est
1498 1810 1772 1889 bonitati,
1807 1812 1855 1871 si
1888 1811 2047 1872 circa
2075 1810 2455 1893 semetipsam
2490 1809 2745 1890 propriae
2767 1815 2932 1870 vacet
2960 1805 3485 1887 contemplationi,
3511 1803 3618 1866 sed
3654 1801 3833 1866 debe-

427 1904 526 1963 bat
561 1923 668 1981 per
710 1904 878 1983 plura
910 1901 1203 1963 beneﬁcia
1235 1901 1485 1962 diﬁ‘undi
1510 1920 1577 1962 ac
1615 1902 1950 1981 propagari.

509 1992 639 2071 §X.
700 1997 812 2054 l’er
869 1992 1068 2053 omnia
1129 2000 1326 2053 autem
1388 1991 1650 2052 dimanat
1683 1991 2073 2071 providentia,

2241 1994 2269 2066 ᾗ
2304 1998 2369 2049 Χ.
2409 1991 2505 2047 Διὰ
2534 1990 2748 2047 πάντων
2786 1986 2841 2045 δὲ
2871 1995 3029 2067 φοιτᾷ
3089 1994 3156 2065 τῇ
3221 1987 3465 2066 προνοία,
3518 1987 3607 2042 xxi.
3667 1986 3835 2041 πάντα

430 2092 763 2158 cunctaque
795 2082 985 2161 replet
1017 2081 1440 2154 essentia,etin
1465 2082 1647 2141 rebus
1673 2081 1948 2142 omnibus
1970 2080 2081 2142 de-

429 2173 697 2235 iectatur.
724 2172 849 2233 Hoc
882 2188 1025 2233 vero
1056 2171 1221 2246 dicit,
1255 2189 1372 2231 non
1407 2170 1566 2251 quod
1618 2173 1775 2232 Deus
1818 2171 2083 2231 aifectio-

429 2281 565 2322 nem
600 2261 810 2322 lubeat
833 2262 1028 2337 gaudii
1056 2272 1114 2321 et
1141 2259 1551 2321 exsultationis
1600 2261 1702 2319 sed
1738 2279 1771 2320 a
1803 2259 1974 2320 nobis
1997 2260 2085 2339 ip-

429 2352 508 2411 sis
533 2350 929 2428 gaudentibus
962 2350 1037 2410 de
1068 2368 1316 2427 operum
1344 2358 1683 2410 nostrorum
1711 2347 2085 2429 perfectioni-

430 2439 563 2518 bus,
595 2439 891 2519 siquidem
926 2438 1261 2500 secuudum
1298 2441 1593 2501 rationem
1650 2439 1995 2517 procedant,
2030 2447 2089 2502 et

432 2531 655 2592 nullam
692 2532 1005 2591 incurrant
1037 2531 1598 2610 reprehensionem;
1635 2530 1747 2591 hoc
1781 2533 1937 2589 enim
1973 2528 2087 2590 sibi

432 2638 674 2701 quoque
697 2623 816 2679 vuit
850 2620 951 2681 illa
972 2638 1109 2694 qua:
1135 2623 1191 2679 in
1220 2620 1418 2680 divina
1455 2636 1745 2698 sacraque
1782 2618 2087 2697 Scriptura

431 2710 670 2771 additur
713 2710 1059 2790 approbatio
1100 2732 1112 2772 :
1157 2710 1302 2771 Ecce
1344 2711 1501 2772 bona
1551 2710 1728 2771 valde
1756 2725 1802 2771 ε.
1857 2706 2087 2779 Quibus

431 2800 704 2877 congruit
735 2809 792 2860 et
814 2798 958 2859 illud
991 2800 1175 2861 divini
1208 2800 1444 2861 Davidis
1473 2799 1730 2859 dicentis
1774 2820 1786 2856 :
1826 2799 2086 2859 [λειαὺί-

436 2897 541 2952 tur
570 2890 945 2951 Dominusin
968 2892 1244 2968 operibus
1277 2892 1406 2950 suis
1428 2890 1461 2969 ῖς
1502 2888 1765 2968 illudque
1816 2889 2085 2950 Salomo-

441 2979 567 3042 nis:
599 2980 726 3057 Ego
756 2997 931 3041 erum
986 2982 1090 3040 cui
1115 2979 1556 3057 congaudebat.
1592 2978 1825 3040 Etenim
1860 2990 1923 3037 ut
1954 2995 2083 3052 vox,

441 3088 573 3130 cum
599 3089 712 3128 una
760 3069 863 3142 sit,
892 3087 926 3127 a
959 3068 1156 3128 multis
1188 3087 1425 3147 quoque
1461 3066 1727 3140 auribus,
1764 3072 1823 3127 in
1878 3085 1943 3127 se
1974 3086 2091 3127 una

439 3176 676 3220 rursum
712 3175 1127 3237 perseverans,
1161 3177 1278 3218 non
1330 3159 1496 3235 prius
1546 3177 1739 3238 neque
1773 3158 2086 3236 posterius,

444 3266 639 3326 neque
669 3247 905 3308 divisim
931 3265 1127 3325 neque
1161 3247 1507 3327 partialiter,
1545 3249 1647 3308 sed
1684 3247 1935 3326 integre,
1984 3247 2089 3307 sed

446 3319 704 3397 totaliter
736 3345 794 3396 et
824 3354 892 3396 ex
925 3319 1068 3408 toto,
1103 3319 1177 3395 et'
1211 3335 1387 3397 simul
1439 3319 1501 3397 et
1551 3336 1760 3397 eodem
1797 3319 1993 3412 modo,
2031 3319 2151 3395 utc

444 3444 563 3486 una
595 3425 948 3506 percipitur;
983 3425 1067 3486 sic
1118 3424 1260 3485 4ὅο
1290 3426 1471 3487 etiam
1504 3426 1659 3487 Deus
1700 3427 1873 3488 unice
1905 3436 1962 3486 et
1992 3425 2091 3485 in-

446 3523 606 3593 tegre
630 3515 702 3576 ab
727 3514 1009 3577 omnibus
1033 3516 1835 3596 participatur,omniumque
1868 3516 2093 3595 princi-

444 3606 605 3686 pium
661 3614 771 3679 est,
825 3613 1102 3686 tanquam
1136 3623 1341 3685 causa,
1377 3606 1510 3665 ﬁnis
1561 3615 1625 3666 ut
1674 3606 1842 3685 cujus
1893 3623 2091 3681 causa;

442 3714 577 3755 nam
614 3695 816 3755 omnia
869 3701 1117 3775 propter
1147 3694 1337 3757 Deum
1372 3704 1530 3766 sunt,
1567 3713 1773 3756 verum
1810 3715 1926 3756 non
1952 3714 2094 3775 pro-

446 3794 574 3864 pter
604 3786 1048 3866 necessitatem,
1082 3785 1185 3845 sed
1222 3797 1470 3867 propter
1502 3784 1852 3867 bonitatem;
1877 3794 1936 3846 et
1967 3786 2099 3846 ﬁnis

445 3873 711 3934 omnium
744 3883 859 3953 est,
896 3886 959 3935 ut
989 3876 1092 3955 qui
1124 3877 1389 3937 continet
1413 3884 1469 3936 et
1492 3877 1768 3937 terminat
1802 3876 2095 3937 universa.

441 3962 603 4025 Nihil
635 3963 794 4025 enim
834 3969 1190 4043 potestatem
1223 3985 1290 4027 ac
1321 3965 1757 4045 providentiam
1788 3965 1918 4044 ejus
1953 3966 2100 4026 etfu-

445 4058 548 4129 git,
584 4054 688 4113 sed
721 4053 777 4112 in
812 4054 939 4133 ipso
987 4065 1203 4117 cuncta
1265 4055 1685 4129 terminantur,
1740 4064 1799 4116 et
1842 4054 2101 4115 inﬁnitas

446 4144 641 4203 omnis
673 4143 981 4205 inﬁnitatis
1031 4163 1100 4205 ac
1136 4145 1574 4206 terminationis
1607 4145 1856 4220 exsistit;
1894 4163 2099 4222 aequa-

449 4231 582 4293 liter
612 4233 772 4293 enim
805 4234 1094 4297 deﬁciunt
1125 4243 1241 4295 tam
1278 4234 1547 4296 inﬁnitas
1578 4254 1755 4312 quam
1810 4236 2100 4296 termina-

446 4324 527 4383 tio
551 4341 582 4383 a
614 4323 812 4384 divina
841 4324 1162 4399 inﬁnitate,
1199 4326 1351 4386 sicut
1382 4344 1414 4385 a
1445 4325 1571 4387 sole
1599 4345 1665 4387 ac
1697 4324 1848 4387 ccelo
1873 4328 1973 4406 qui
1999 4326 2102 4387 illa

447 4413 779 4479 intuentur.
810 4414 899 4473 vel
926 4413 1123 4492 potius
1153 4414 1329 4473 etiam
1366 4415 1553 4493 magis
1584 4424 1645 4476 et
1676 4416 1983 4475 excessive
2010 4423 2103 4475 at-

449 4521 567 4578 que
600 4503 829 4563 inﬁnite
848 4503 1384 4565 deﬁciunt.Verum
1407 4523 1683 4584 quaenam
1716 4514 1805 4565 est
1836 4505 1896 4565 in
1926 4504 2105 4566 rebus

2168 2080 2375 2158 πληροῖ
2404 2090 2497 2139 τοῦ
2524 2093 2690 2160 εἶναι,
2725 2080 2814 2136 καὶ
2846 2079 2932 2135 ἐπὶ
2984 2084 3115 2135 πᾶσι
3150 2090 3265 2141 τοῖς
3327 2086 3475 2135 οὖσιν
3516 2074 3834 2153 ἀγάλλεται,

2169 2179 2335 2229 Τοῦτο
2389 2170 2442 2225 δὲ
2484 2168 2655 2247 λέγει,
2690 2171 2793 2249 οὐχ
2822 2166 2903 2225 ὅτι
2946 2171 2972 2225 ὁ
3005 2171 3135 2233 Θεὸς
3166 2169 3332 2231 πάθος
3365 2167 3487 2247 ἕχει
3517 2172 3698 2246 χαρᾶς
3754 2165 3837 2221 καὶ

2170 2259 2571 2340 ἀγαλλιάσεως,
2605 2259 2727 2315 ἀλλ’
2761 2258 2851 2340 ἀφ’
2882 2264 3038 2335 ἡμῶν
3070 2259 3373 2340 χαιρόντων
3403 2271 3524 2319 τοῖς
3556 2262 3667 2312 τῶν
3694 2257 3834 2330 ἡμε-

2172 2351 2338 2428 τέρων
2396 2349 2564 2428 ἔργων
2623 2348 3075 2424 ἀποτελέσμασιν,
3113 2349 3269 2427 εἴπερ
3313 2348 3449 2404 κατὰ
3503 2345 3670 2425 λόγον
3703 2367 3832 2423 προ-

2172 2440 2347 2513 ϐαῒεν,
2382 2446 2467 2497 xxi
2527 2440 2793 2516 μηδεμίαν
2847 2440 3074 2519 μομφὴν
3133 2439 3317 2519 ἐχοιεν
3350 2455 3365 2469 ⁸
3403 2440 3559 2494 τοῦτο
3591 2438 3695 2515 γὰρ
3727 2435 3835 2492 ἐστι

2132 2534 2258 2589 ‘xxi
2289 2535 2322 2599 ἡ
2355 2533 2497 2610 παρά
2530 2537 2594 2603 τᾷ
2647 2531 2757 2603 θείᾳ
2788 2532 2876 2587 xxi
2932 2534 3045 2610 ἱερᾷ
3106 2531 3290 2610 Γραιρῆ
3337 2528 3459 2605 μετ’
3539 2528 3842 2590 ὲπιτάσεως

2172 2622 2453 2700 ἐπίκρισις,
2505 2623 2590 2700 τὸ,
2656 2620 2788 2678 Ἰδοὺ
2839 2620 2977 2677 καλά
3034 2621 3172 2693 λίαν,
3262 2620 3554 2699 Σ·5μφων,ν
3623 2618 3839 2679 τούτοις

2170 2714 2257 2768 καὶ
2308 2714 2369 2767 τὸ
2428 2712 2569 2789 παρὰ
2628 2719 2704 2786 τῷ
2755 2713 2877 2783 θείῳ
2914 2708 3096 2782 Δαϐὶδ,
3132 2712 3557 2790 Εὔφρανθήσεται
3619 2708 3841 2786 Κύριος,

2170 2800 2366 2877 λέγων,
2402 2800 2485 2856 ἐπὶ
2516 2814 2631 2863 τοῖς
2662 2800 2834 2878 ἔργοις
2891 2801 3048 2857 αὖτοῦ
3083 2816 3095 2831 ⁸
3131 2801 3217 2857 καὶ
3249 2802 3309 2856 τὸ
3339 2800 3429 2856 τὸῦ
3460 2798 3839 2872 Σολομῶντος.

2172 2894 2313 2966 Ἐγω
2344 2893 2494 2964 ἥμην
2626 2890 2977 2970 προσέχαιρε,
3011 2892 3108 2949 Καί
3139 2892 3263 2967 γοῦν
3294 2889 3476 2965 ὤσπερ
3526 2888 3688 2967 φωνὴ
3721 2888 3837 2961 μία,

2174 2987 2302 3036 οὖσα
2344 2981 2485 3058 παρά
2536 2978 2751 3036 πολλῶν
2814 2982 3013 3060 ἀκοῶν,
3068 2980 3297 3053 μένουσα
3360 2980 3445 3035 xxi
3496 2978 3669 3034 πάλιν
3722 2977 3834 3054 μία,

2176 3068 2484 3148 μετέχεται,
2542 3070 2600 3125 οὒ
2630 3062 2900 3147 προτέρως
2946 3072 3033 3127 xxi
3082 3071 3339 3148 ὑστέρως,
3384 3070 3443 3124 οὗ
3500 3065 3835 3146 μεμερισμέ-

2175 3165 2301 3238 νῶς,
2335 3162 2427 3215 οὒκ
2458 3160 2557 3214 ἀνά
2589 3159 2750 3237 μέρος
2780 3159 2901 3235 μὲν,
2939 3160 3204 3224 ὁλοτελῶς
3251 3158 3331 3233 δὲ,
3366 3157 3505 3215 ἀλλά
3538 3160 3632 3215 καὶ
3662 3156 3842 3214 ὁλοτε-

2175 3247 2307 3322 λιῦς,
2361 3250 2447 3303 καὶ
2505 3248 2754 3323 καθόλου,
2804 3251 2892 3305 καὶ
2928 3252 3063 3325 ἅμα,
3120 3252 3210 3306 xxi
3257 3250 3513 3311 ὡσαύτως
3569 3249 3645 3312 ὡς
3698 3247 3794 3322 μία
3828 3261 3840 3273 '

2177 3336 2311 3394 οὕτω
2342 3339 2472 3415 πρὸς
2499 3339 2712 3394 πάντων
2742 3340 2833 3396 καί
2862 3340 2922 3395 τὸ
2958 3346 3118 3395 Θετον
3150 3361 3437 3420 μετεχεται
3461 3338 3652 3402 ἑνικῶς
3674 3359 3735 3392 τε
3758 3336 3847 3391 καί

2177 3427 2463 3501 ὄλοτελῶς,
2499 3430 2585 3484 καί
2614 3429 2760 3508 ἀρχὴ
2788 3433 2899 3485 ἔστι
2937 3430 3176 3510 πάντων,
3211 3433 3282 3496 ὡς
3328 3428 3529 3503 αἴτιον,
3564 3434 3657 3484 καί
3688 3425 3847 3488 τέλος

2177 3522 2250 3583 ὡς
2281 3529 2343 3577 οὗ
2374 3518 2549 3575 ἕνεκα·
2582 3520 2753 3575 πάντα
2783 3521 2883 3599 γὰρ
2916 3517 3068 3574 ἕνεκα
3094 3521 3250 3596 Θε-ιῦ,
3284 3518 3405 3576 ἀλλ’
3436 3521 3494 3575 οὕ
3514 3517 3600 3575 διὰ
3632 3518 3845 3598 χρείαν,

2178 3608 2297 3665 ἀλλ’
2331 3608 2636 3686 ἀγαθότητα
2670 3624 2684 3639 ⁸
2713 3611 2799 3664 xxi
2829 3609 2991 3687 πέρας
3023 3608 3262 3690 πάντων,
3297 3612 3459 3667 οἱονεί
3504 3609 3848 3686 περιειτικὸν

2183 3699 2271 3753 καί
2319 3697 2462 3775 ὄρος.
2498 3694 2658 3753 Οὒδέν
2709 3698 2807 3776 γὰρ
2838 3697 3062 3754 ἐκϐαίνει
3096 3700 3195 3767 τὴν
3226 3704 3383 3759 αὐτοῦ
3415 3696 3728 3754 δοναστείαν
3762 3699 3848 3752 καί

2186 3788 2455 3866 πρὸνοιοίν,
2490 3784 2610 3842 ἀλλ’
2658 3790 2730 3851 εἷς
2782 3789 2909 3844 αὒτὸ
2978 3789 3044 3844 τὰ
3095 3790 3270 3846 πάντα
3315 3788 3694 3868 περατοῦνται,
3762 3789 3850 3844 καὶ

2185 3876 2394 3952 ἀπειρία
2451 3878 2629 3943 πάσης
2690 3878 2929 3954 ἀπειρίας
2976 3880 3062 3935 καὶ
3120 3878 3349 3957 πέρατος
3384 3896 3399 3912 ⁸
3463 3877 3514 3943 ἐξ
3559 3878 3689 3934 ’ίσου
3749 3878 3849 3955 γὰρ

2185 3965 2569 4022 ἀπολείπονται
2620 3968 2705 4021 xxi
2756 3968 2790 4035 ἡ
2841 3967 3052 4045 ἀπειρία
3107 3970 3195 4024 xxi
3250 3971 3311 4024 τὸ
3357 3967 3521 4045 πέρας
3546 3971 3649 4033 τῆς
3702 3967 3846 4030 θείας

2184 4056 2449 4135 ἀπειρίας,
2515 4055 2749 4133 καθάπερ
2801 4056 2952 4122 ἡλίου
3009 4059 3096 4114 xxi
3154 4060 3375 4137 οὕρανοῦ
3431 4059 3477 4113 οί
3538 4058 3676 4136 πρὸς
3708 4056 3849 4112 αἶ)τά

2183 4144 2496 4221 βλεπομτες,
2535 4143 2564 4211 ἥ
2626 4145 2830 4220 μᾶλλον
2888 4148 2976 4202 καὶ
3004 4145 3190 4227 πλέον,
3223 4149 3311 4205 καὶ
3358 4148 3698 4224 ὑπερεκεινα,
3765 4138 3851 4199 καὶ

2185 4236 2413 4312 ἀπείρως
2444 4233 2850 4297 ἀπολείπονται.
2885 4234 3052 4292 Ἀλλὰ
3086 4258 3166 4299 τις
3209 4241 3245 4304 ὴ
3277 4238 3332 4291 ἐν
3364 4249 3479 4300 τοῖς
3521 4235 3645 4291 καθ’
3704 4236 3842 4308 ἡμᾶς

2186 4324 2395 4393 ἀπειρία
2432 4345 2447 4394 ;
2503 4322 2662 4380 Εἴποι
2694 4346 2773 4386 τις
2830 4324 2915 4380 ἀν’
2953 4326 3015 4381 Ἤ
3043 4324 3146 4392 ὅλη
3179 4326 3215 4392 ἢ
3245 4327 3324 4381 ἀεὶ
3354 4327 3847 4406 μετάσχημέιτιζο-

2188 4413 2351 4493 μένη,
2384 4415 2470 4470 καὶ
2500 4412 2693 4470 ἄλλοτε
2739 4416 2813 4479 είς
2863 4413 2999 4471 ἄλλα
3046 4415 3167 4482 εἴδη
3227 4415 3669 4492 μεταϐαίλλουσα.
3706 4412 3853 4471 Ἀλλ’

2191 4506 2278 4561 οὖν
2308 4504 2396 4559 καί
2453 4500 2585 4568 αὕτη
2648 4502 2702 4558 ἐν
2737 4510 2813 4576 τῷ
2866 4511 2981 4578 Θεῷ
3033 4505 3385 4582 πεπέρασται,
3424 4508 3469 4561 εἰ
3508 4507 3599 4562 xxi
3629 4502 3857 4567 ἄστατός

3370 4554 3385 4586 2

451 4592 817 4653 nostratibus
847 4592 1139 4656 inﬁnitas?
1169 4593 1229 4655 Si
1262 4595 1420 4655 dicat
1452 4595 1584 4673 quis
1617 4595 1946 4674 materiam,
1972 4614 2086 4670 qua

2189 4594 2297 4649 ἐστι
2370 4593 2459 4648 καί
2508 4592 2775 4670 ἀόριστος.
2812 4591 2979 4650 ’Ἐστι
3010 4601 3136 4671 γοῦν
3189 4596 3252 4650 τό
3285 4603 3443 4651 Θεϊον
3474 4594 3718 4672 ἀπειρία,
3758 4592 3845 4648 xxi

451 4700 693 4761 semper
723 4684 1179 4759 transtiguratur
1212 4691 1388 4763 atque
1448 4684 1506 4745 in
1565 4685 1713 4745 alias
1744 4697 1925 4761 atque
1958 4685 2105 4747 alias

452 4773 670 4830 turmas
717 4780 1165 4842 transmutatur;
1204 4774 1369 4854 atqui
1427 4775 1553 4836 haec
1609 4776 1738 4855 ipsa
1777 4794 2012 4856 quoque
2043 4774 2105 4837 iu

455 4860 575 4921 Deo
629 4861 1000 4942 terminatur,
1051 4864 1430 4941 quantumvis
1462 4864 1763 4926 instabilis
1814 4865 1890 4925 sit
1922 4873 1981 4925 et
2005 4865 2103 4925 in-

454 4950 1049 5029 detinita.Estituque
1085 4954 1240 5013 Deus
1267 4954 1527 5016 inﬁnitas
1559 4954 1736 5016 etiam
1769 4955 2098 5036 inﬁnitatis,

454 5058 571 5100 nou
608 5047 769 5119 quasi
804 5041 1135 5102 secundum
1168 5060 1232 5102 se
1265 5045 1754 5124 transformetur,
1791 5046 1897 5106 sed
1943 5046 2100 5125 quod

456 5129 608 5190 hanc
644 5149 711 5192 ex
746 5130 932 5191 nihilo
966 5131 1272 5210 producat.
1308 5134 1529 5197 Dicens
1559 5144 1754 5196 autem
1791 5135 2103 5197 inﬁnitatis

2188 4688 2285 4753 τῆς
2337 4682 2601 4760 ἀπειρίας.
2663 4685 2767 4762 οὔχ
2825 4686 2898 4747 ὡς
2931 4684 3545 4759 μετασχηματιζόμενον
3606 4684 3731 4741 κατ’
3763 4682 3858 4739 αὖ·

2189 4781 2314 4853 τῆς,
2373 4771 2495 4830 ἀλλ’
2538 4776 2613 4839 ὡς
2664 4774 2753 4829 καί
2804 4774 3001 4840 ταύτην
3061 4773 3114 4840 ἒξ
3165 4774 3261 4831 οὐκ
3291 4774 3457 4830 ὄντων
3486 4774 3810 4853 παρα-ταγὸν
3843 4813 3860 4829 .

2191 4865 2371 4921 Εἰπὼν
2404 4861 2459 4918 δὲ
2506 4863 2745 4941 ἀπειρίας
2775 4864 2864 4919 καί
2894 4864 3141 4943 πέρατος,
3177 4865 3309 4941 φησί
3338 4865 3447 4921 τῶν
3507 4866 3582 4928 ὡς
3614 4865 3861 4921 ἀντικει-

2195 4955 2368 5030 μένων
2401 4970 2416 4985 ⁸
2453 4954 2512 5009 οὒ
2533 4953 2633 5031 γὰρ
2663 4952 2850 5029 κυρίως
2882 4960 3048 5008 ταῦτα
3096 4954 3170 5017 ὡς
3202 4950 3306 5018 ἕξις
3348 4954 3436 5009 καί
3468 4975 3726 5030 στερησις
3761 4955 3861 5011 ἀν-

2194 5045 2466 5120 τίκεινται,
2503 5040 2630 5119 (ἔδει
2678 5041 2779 5117 γὰρ
2836 5042 3064 5119 φανῆνάί
3094 5063 3225 5098 ποτε
3276 5043 3373 5109 τὴν
3436 5040 3568 5115 ἓξιν,
3604 5043 3765 5125 ε’ίπερ
3795 5050 3862 5111 ἦν

2192 5132 2465 5203 τοῦτο,καί
2497 5128 2634 5187 οὕτω
2706 5129 2945 5207 γενέσθαι
3004 5131 3104 5200 τὴν
3161 5131 3432 5210 στέρησιν·
3434 5135 3470 5214 )
3518 5132 3660 5191 ἀλλά
3716 5134 3861 5209 μάλ-

457 5228 513 5279 ct
546 5220 1001 5295 terminationis,
1036 5220 1116 5281 ait
1138 5222 1292 5283 sicut
1324 5226 1761 5304 oppositorum;
1788 5245 1906 5286 non
1938 5226 2086 5287 enitr

2191 5221 2283 5280 λον
2330 5224 2403 5283 ὡς
2446 5221 2741 5299 κατὰφασις
2785 5219 2877 5275 xxi
2904 5219 3174 5300 ἀπόφασις
3218 5222 3542 5280 ἀντίκεινται
3583 5243 3599 5258 ⁸
3637 5223 3858 5300 λέγεται

456 5306 585 5370 haec
617 5310 851 5389 proprie
883 5314 1036 5371 sicut
1067 5310 1300 5372 habitus
1338 5321 1396 5374 et
1428 5315 1674 5392 privatio
1726 5324 2086 5395 opponuntut

2195 5314 2292 5391 γὰρ
2336 5316 2432 5368 ιιαθ
2483 5310 2587 5375 ἕξιν
2618 5310 2706 5365 καί
2752 5307 3022 5384 στέρησιν,
3086 5315 3288 5367 νοεῖται
3337 5310 3393 5368 δὲ
3440 5314 3581 5370 κατὰ
3609 5315 3861 5393 κατάφα-

463 5397 795 5479 (oportebat
820 5399 979 5459 enim
1020 5416 1308 5480 apparere
1338 5402 1657 5483 aliquando
1697 5405 1984 5480 habitum,
2022 5403 2086 5465 sit

2194 5405 2273 5459 σίν
2303 5403 2392 5458 xxi
2441 5401 2735 5479 ἀπόφασιν,
2792 5395 3057 5478 ’Ἄπειρον
3121 5399 3221 5478 γάρ
3280 5400 3493 5479 λέγεται
3524 5405 3586 5459 τὸ
3621 5404 3700 5475 μὴ
3731 5403 3863 5483 ἔχον

460 5486 700 5567 quidem
734 5488 784 5549 is
813 5498 964 5564 erat,
1005 5498 1062 5551 et
1088 5491 1172 5550 sic
1214 5490 1345 5553 ﬁeri
1380 5492 1975 5574 privationem),quin
1999 5512 2086 5575 pol

2195 5493 2383 5571 πέρας,
2417 5488 2474 5546 οὗ
2513 5491 2573 5546 τὸ
2601 5486 2849 5565 στερηθέν
2881 5489 3109 5567 πέρατος
3138 5507 3152 5521 ⁸
3189 5490 3243 5547 ἐν
3263 5491 3339 5547 ἐνί
3368 5491 3576 5566 μέντοι,
3604 5490 3861 5559 δηλονότι

460 5575 579 5637 lius
600 5586 982 5657 opponuntur
1003 5580 1158 5642 sicut
1174 5579 1488 5642 afﬁrmatio
1512 5591 1570 5645 et
1592 5586 1847 5663 negatio.
1886 5584 2086 5646 Dicitu‘

2197 5583 2430 5661 ἐνιαίως,
2488 5580 2559 5645 ὥς
2613 5577 2872 5641 πολλάκις
2935 5577 3174 5657 εἰρηται,
3207 5582 3275 5636 τὰ
3317 5582 3491 5639 πάντα
3522 5583 3551 5639 ό
3582 5584 3745 5657 Θεὸς,
3777 5581 3863 5638 xxi

546 5738 627 5785 d°o
658 5737 805 5802 Gen,
841 5758 879 5817 ι,
916 5739 1018 5804 3t.
1105 5744 1126 5787 τ
1149 5739 1308 5808 Psal.
1340 5757 1463 5820 cm,
1498 5743 1599 5807 31.
