4032 6506
239 467 367 535 853
734 471 833 536 DE
876 469 1175 537 DIVIle
1215 469 1669 546 NOMINIBUS,
1714 470 1878 534 CAP.
1924 471 1999 534 V.
2051 503 2127 516 —
2172 471 2556 536 PARAPHR.
2600 471 3121 535 PAGHYMER/E.
3517 465 3632 536 854

239 611 474 689 προέχει
525 611 597 674 ὡς
649 607 848 684 αἴτιος,
891 609 979 666 καὶ
1039 608 1335 676 δπέστησεν
1394 611 1465 672 ὡς
1525 609 1783 686 ποιητὴς,
1818 608 1904 664 καὶ

2006 606 2147 668 enim
2174 609 2504 670 secundum
2537 605 2804 668 habitum
2829 617 2890 668 et
2911 605 3324 688 privationem,
3351 607 3640 684 intelligi-

238 702 434 778 παρὼν
472 701 666 774 ὁμοίως
703 714 818 762 τοῖς
851 705 980 756 πᾶσι
1031 699 1118 756 καὶ
1153 707 1451 779 πανταχοῦ·
1485 701 1573 756 καὶ
1627 699 1710 754 ἐπὶ
1741 699 1913 755 πάντα

2006 705 2094 756 tur
2111 705 2306 758 autem
2335 715 2440 776 per
2469 681 3001 758 aﬂirmationem'et
3027 681 3648 776 negationismlnﬁhi-

2002 795 2122 846 tum
2157 804 2411 866 namque
2443 785 2663 846 dicitur
2685 784 2741 844 id
2771 784 2926 865 quod
2949 785 3263 848 nonhabet
3293 785 3496 863 ﬁnem,
3527 805 3646 849 non

2001 875 2156 954 quod
2195 876 2482 954 privatum
2517 885 2604 936 est
2635 876 2776 950 (ine;
2809 874 2965 936 Deus
2995 875 3290 956 siquidem
3343 877 3404 938 in
3437 897 3555 939 uno
3588 878 3650 942 id

2003 974 2090 1026 est
2121 965 2306 1047 unite,
2339 977 2402 1028 ut
2434 983 2589 1046 saepe
2642 965 2866 1026 dictum
2911 966 3230 1044 est,omnia
3261 975 3318 1030 et
3348 966 3655 1049 przehabet

2003 1063 2068 1116 ut
2099 1065 2380 1136 causa,et
2409 1055 2740 1116 subsistere
2769 1054 2904 1115 facit
2935 1062 2997 1115 ut
3027 1055 3322 1137 conditor,
3354 1065 3531 1139 atque
3557 1061 3646 1122 si-

2006 1143 2226 1206 militer
2249 1144 2528 1206 omnibus
2547 1153 2606 1206 et
2626 1144 2847 1224 ubique
2877 1161 3139 1226 praesens
3157 1153 3334 1227 est,et
3355 1147 3430 1208 ad
3452 1151 3654 1213 omnia

2004 1251 2068 1294 se
2123 1234 2388 1296 extendit
2438 1234 2876 1296 conservatrice
2926 1234 3314 1315 providentia,
3365 1237 3426 1298 in
3458 1239 3656 1319 seipse

2007 1333 2206 1385 manet
2240 1334 2522 1404 tanquam
2557 1343 2736 1405 supra
2769 1324 2968 1386 omnia
2994 1325 3310 1406 exsistens,
3341 1335 3399 1388 et
3429 1329 3650 1392 nullius

2005 1432 2204 1492 egens.
2255 1417 2329 1477 Et
2356 1424 2525 1478 stans
2555 1415 2797 1496 dicitur,
2829 1414 2963 1496 quia
2995 1415 3052 1474 in
3085 1432 3154 1477 eo
3188 1416 3415 1479 nullum
3473 1420 3660 1484 vesti-

2005 1505 2163 1584 gium
2213 1505 2555 1566 mutationis
2603 1506 2892 1581 cernitur;
2928 1513 2986 1565 et
3017 1522 3255 1567 rursum
3305 1526 3366 1570 se
3385 1527 3656 1584 movens,

2009 1594 2142 1674 quia
2177 1613 2275 1656 res
2308 1595 2769 1675 continetatque
2800 1603 3131 1656 conservat.
3167 1596 3237 1660 Et
3266 1616 3506 1660 rursum
3537 1619 3658 1663 non

2007 1684 2132 1745 hinc
2155 1693 2264 1760 est,
2299 1686 2404 1747 sed
2441 1704 2622 1764 supra
2649 1687 2775 1747 hmo
2805 1707 2817 1744 :
2859 1688 3039 1747 motio
3073 1685 3655 1767 enim,estactioim-

2008 1774 2296 1852 perfecta;
2352 1775 2524 1838 statio
2560 1793 2699 1837 vero
2733 1784 2820 1836 est
2850 1776 3194 1837 omnimoda
3225 1776 3612 1843 immobilitas
3641 1803 3657 1861 ;

249 1871 340 1926 καὶ
371 1879 528 1928 τοῦτο
568 1872 908 1948 ὑπεροχικῶς
955 1868 1064 1926 ἔστί
1095 1891 1154 1924 τε
1209 1872 1296 1925 καὶ
1328 1869 1535 1926 νοεῖται
1569 1870 1624 1925 ἑν
1653 1878 1728 1944 τῷ
1779 1876 1915 1944 Θεῷ,

2006 1881 2134 1942 qum
2164 1865 2212 1923 si
2247 1873 2378 1943 post
2411 1865 2650 1926 modum
2687 1865 2805 1946 ﬁat,
2833 1866 3002 1945 quies
3041 1866 3656 1948 appellabitur.Deum

253 1960 364 2018 Οὔκ
419 1959 472 2016 ἓν
503 1982 603 2016 τινι
640 1967 747 2015 τῶν
806 1960 972 2015 ὄντων
1018 1959 1174 2015 πάλιν
1232 1961 1344 2016 ἐστὶ
1400 1958 1482 2014 διὰ
1539 1962 1600 2016 τὸ
1647 1961 1700 2014 ἑν
1757 1965 1918 2015 πᾶσιν

2006 1963 2196 2014 autem
2229 1955 2364 2015 mali
2395 1954 2706 2035 plusquam
2737 1956 3149 2035 imperfectam
3183 1959 3476 2022 actionem
3501 1978 3658 2039 esse,

255 2049 515 2129 ἄσχετον·
566 2048 714 2106 οὒόὲν
775 2050 1039 2126 προσήνει
1083 2051 1254 2122 τούτῳ
1297 2056 1402 2106 τῶν
1455 2050 1680 2104 αἰωνίων
1710 2047 1790 2105 ὅτι
1835 2067 1920 2121 καὶ

2006 2043 2228 2103 clarum
2265 2045 2539 2124 est;quod
2574 2063 2709 2107 vero
2743 2045 2921 2107 etiam
2945 2047 3021 2106 sit
3050 2065 3227 2128 supra
3255 2047 3656 2113 immobilita-
3719 2083 3732 2100 -

249 2147 360 2196 τῶν
406 2139 612 2195 αἰώνων
645 2141 877 2208 ποιητής
911 2139 1072 2195 ἐστιν·
1125 2139 1270 2196 οὖδὲν
1303 2139 1407 2194 τῶν
1444 2140 1544 2195 ὑπὸ
1589 2141 1807 2218 χρόνον,
1842 2138 1920 2202 ὅτι

2009 2120 2502 2212 ιειιψιθιῚιω-θει
2527 2153 2594 2196 ex
2627 2153 2696 2195 eo
2729 2134 2886 2214 quod
2919 2120 3359 2198 omnia'habeat
3392 2139 3664 2203 eminen-

251 2232 343 2287 καὶ
375 2231 586 2309 ⁸(ρόνων
639 2230 898 2298 ποιητής.
936 2229 1134 2286 Αἱώνια
1183 2228 1236 2284 δὲ
1268 2228 1411 2306 λέγει
1473 2230 1566 2292 τὰς
1601 2229 1784 2306 νοερὰς
1830 2227 1920 2284 δυ·-

2009 2231 2187 2294 ter,et
2219 2242 2337 2283 non
2368 2223 2522 2284 sicut
2546 2242 2642 2284 res
2664 2233 2806 2284 sunt
2830 2233 2886 2284 et
2909 2225 3472 2305 intelligunturEtsi
3495 2231 3658 2292 enim

2009 2310 2130 2372 Deo
2159 2314 2329 2374 valde
2357 2332 2618 2375 consona
2639 2315 2715 2374 sit
2744 2313 3088 2376 omnimoda
3121 2315 3524 2392 immobilitas,
3561 2325 3662 2381 at-

2010 2409 2204 2463 tamen
2239 2422 2307 2463 ea
2337 2411 2464 2484 ipsa
2489 2403 2827 2465 eminenter
2849 2411 2942 2466 est
2965 2412 3025 2468 et
3057 2405 3409 2485 intelligitur
3427 2407 3488 2470 in
3511 2411 3656 2474 Deo.

2007 2491 2260 2554 Rursum
2311 2511 2426 2554 non
2481 2505 2573 2555 est
2603 2495 2663 2554 in
2698 2494 2816 2555 ullo
2852 2513 3058 2556 eorum
3093 2514 3222 2576 quae
3251 2499 3560 2580 sunt,quia
3597 2499 3660 2563 in

2006 2581 2134 2644 45:
2201 2582 2480 2644 omnibus
2534 2585 3160 2664 incomprehensibilis
3217 2589 3472 2667 exsistit;
3505 2591 3660 2654 nihil

2004 2690 2205 2734 rerum
2263 2675 2674 2736 zeviternarum
2737 2675 2816 2737 illi
2877 2677 3176 2753 convenit,
3213 2678 3348 2758 quia
3391 2697 3653 2744 aurorum

2007 2783 2248 2841 quoque
2264 2764 2538 2825 conditor
2556 2765 2811 2842 exsistit;
2828 2766 2978 2827 nihil
2994 2785 3196 2828 rerum
3215 2770 3628 2849 temporalium
3643 2822 3659 2854 ,

2005 2855 2142 2936 quia
2194 2867 2525 2935 temporum
2586 2874 2822 2936 quoque
2886 2865 3121 2918 creator
3177 2867 3288 2930 est;
3351 2861 3661 2924 aeviternas

2005 2953 2202 3006 autem
2237 2951 2402 3006 vocat
2431 2945 2680 3006 virtutes
2712 2946 3025 3009 intellectu
3063 2947 3654 3030 prmditas,quoniam

2006 3037 2112 3100 aevi
2145 3035 2468 3114 participes
2499 3035 2816 3118 exsistunt,
2851 3041 2912 3100 et
2941 3037 3080 3118 quia
3111 3047 3320 3100 natura
3369 3042 3658 3121 temporis

2007 3127 2239 3206 priores
2291 3137 2453 3200 sunt;
2517 3127 2796 3204 quoniam
2846 3134 3080 3204 tempus
3111 3145 3144 3188 a
3175 3129 3308 3189 caeli
3360 3138 3658 3213 terraeque

2007 3216 2310 3279 creatione
2343 3224 2738 3296 computatur.
2773 3217 2944 3290 Quod
2968 3226 3168 3281 autem
3197 3218 3314 3300 ipsi
3345 3221 3492 3283 nihil
3516 3243 3656 3286 con-

255 3327 416 3376 φησι·
455 3311 520 3368 τὰ
551 3310 649 3388 γὰρ
694 3311 860 3376 νοητὰ
891 3311 960 3373 ὡς
995 3311 1096 3364 ὑπὸ
1129 3309 1320 3385 μέτρου
1351 3309 1442 3364 τοῦ
1483 3309 1666 3364 αἰῶνος
1701 3321 1920 3384 μετρεῖ-

2007 3306 2498 3384 veniat,intellige
2529 3307 2862 3368 secundum
2888 3307 3301 3390 substantiam,
3328 3319 3385 3372 et
3415 3332 3533 3374 non
3559 3331 3658 3376 se-

254 3421 372 3478 ται³
421 3401 466 3454 εἰ
499 3401 583 3456 καὶ
617 3400 918 3474 ὁμωνύμως
977 3405 1052 3470 τῷ
1085 3405 1360 3475 μετροῦντι
1407 3399 1554 3454 αἰῶνι
1587 3398 1674 3452 καὶ
1725 3398 1788 3452 τὰ
1820 3418 1920 3470 μευ

2009 3395 2267 3459 cundum
2300 3395 2478 3457 aliam
2503 3397 2842 3477 quampiam
2877 3398 3355 3478 intelligentiam,
3383 3420 3439 3464 v.
3463 3423 3521 3482 g.
3543 3423 3657 3484 gu-

2011 3486 2382 3547 bernationis
2456 3505 2525 3547 ac
2575 3487 3047 3562 constitutionis,
3108 3498 3287 3566 atque
3342 3492 3655 3559 similium.

2009 3575 2158 3636 Nota
2205 3594 2343 3637 vero
2397 3577 2557 3657 hinc,
2593 3575 2651 3636 id
2684 3577 2840 3657 quod
2876 3577 3168 3659 principio
3199 3588 3383 3661 caret,
3420 3601 3660 3664 quoque

2011 3673 2292 3728 aeternum
2345 3683 2498 3740 esse,
2542 3683 2660 3726 non
2696 3677 2894 3729 tamen
2950 3687 3126 3730 omne
3176 3669 3334 3750 quod
3367 3679 3657 3735 aeternum

243 793 462 865 πρόεισι
520 796 588 866 τῇ
642 797 934 865 συστατικῇ
979 793 1214 868 προνοίᾳ,
1251 793 1338 848 καὶ
1389 787 1470 866 ἐφ’
1525 788 1710 848 ἐαυτοῦ
1769 787 1913 863 μένει

239 884 320 944 ὡς
385 880 520 957 ὑπὲρ
551 880 724 936 πάντα
775 879 848 936 ὢν
881 882 966 935 καὶ
998 877 1225 954 μηδενὸς
1285 879 1556 956 δεόμενος,
1590 877 1693 940 Καὶ
1751 878 1916 942 ἑστώς

239 973 362 1027 ἐστι
430 975 508 1044 τῷ
539 971 674 1026 κατὰ
725 968 892 1044 μηδὲν
927 969 1064 1033 ὅλως
1126 969 1178 1024 ἓν
1228 971 1370 1044 αὖτῷ
1402 970 1562 1048 ἴχνος
1615 966 1916 1043 μεταϐολῆς

243 1064 593 1138 θεωρεῖσθαι·
645 1063 732 1115 καὶ
783 1060 1091 1135 κινούμενος
1146 1058 1304 1116 πάλιν
1336 1059 1389 1114 ἐν
1420 1065 1495 1132 τῷ
1525 1057 1794 1138 -συνὲχειν
1853 1059 1920 1114 τὰ

243 1151 380 1207 ὄντα
435 1152 522 1206 καὶ
559 1149 906 1228 συγκρατεῖν.
970 1151 1068 1206 Καὶ
1117 1151 1260 1212 αὖθις
1311 1150 1368 1204 οὒ
1414 1147 1578 1207 ταῦτά
1635 1148 1801 1224 ἐστιν,
1838 1146 1918 1203 ὅτι

240 1245 380 1321 ὑπὲρ
431 1245 618 1299 ταῦτα’
660 1243 869 1308 κίνησις
933 1242 1032 1319 γὰρ
1063 1241 1259 1308 ἀτελὴς
1311 1241 1521 1318 ἐνεργιά
1549 1243 1684 1298 ἔστι·
1732 1243 1916 1306 στάσις

243 1333 302 1390 δὲ
365 1336 399 1402 ἡ
432 1333 770 1392 παντάπασιν
803 1331 1073 1398 ἀκινησία·
1121 1331 1258 1412 ἥτις³
1293 1335 1336 1388 εἰ
1394 1333 1528 1406 μετὰ
1560 1333 1657 1399 τὴν
1711 1331 1918 1398 κίνησιν

243 1425 482 1500 γένοιτο,
519 1422 710 1500 ἠρεμία
741 1420 802 1478 ἂν
847 1420 1071 1488 κληθείη
1133 1424 1202 1479 Τὸ
1263 1429 1427 1478 κακοῦ
1459 1422 1698 1478 εἶναιτὸ
1759 1429 1920 1478 Θεϊον

245 1512 380 1589 ὑπὲρ
430 1511 529 1580 τὴν
589 1509 752 1578 ἄτελῆ
792 1509 1086 1590 ἑνεργειπιν,
1119 1509 1358 1578 εὔδηλον·
1408 1509 1488 1566 ὅτι
1547 1510 1600 1566 δὲ
1663 1511 1749 1566 καὶ
1791 1510 1920 1588 ὑπὲρ

245 1609 428 1658 πᾶσαν
475 1601 778 1674 ἀκινησίαν,
812 1598 978 1666 δῆλον
1008 1603 1070 1656 ὲκ
1127 1607 1222 1657 τοῦ
1254 1601 1320 1656 τὰ
1350 1601 1521 1656 πάντα
1557 1601 1704 1680 ἔχειν
1755 1602 1922 1679 ὑπερ-

248 1697 485 1770 ογικῶς,
522 1693 607 1747 οιαὶ
659 1693 716 1746 οὗ
761 1691 936 1752 καθώς
989 1692 1095 1746 εἰσι
1129 1692 1216 1746 καὶ
1275 1699 1534 1748 νοοῦνται.
1592 1691 1648 1746 Εἰ
1679 1691 1776 1769 γὰρ
1835 1691 1920 1746 καὶ

247 1780 370 1836 λέαν
423 1781 630 1853 συνᾴδει
677 1781 761 1836 ἐπὶ
823 1783 953 1835 Θεοῦ
983 1781 1044 1834 τὸ
1103 1781 1437 1836 παντάπασιν
1469 1781 1736 1852 ἀκῖνητον,
1784 1779 1922 1836 ἀλλὰ

253 2321 444 2396 νέμεις
466 2323 538 2385 ὡς
569 2321 759 2383 αἰῶνος
804 2320 1175 2399 μεταχούσας,
1208 2319 1296 2374 καὶ
1327 2317 1410 2374 διὰ
1469 2321 1529 2375 τὸ
1561 2319 1656 2386 τῆς
1701 2320 1804 2396 πρὸ
1834 2325 1926 2374 τοῦ

254 2411 458 2490 χρόνου
501 2411 704 2491 φύσεως
755 2409 998 2487 γενέσθαι
1059 2411 1236 2475 αὐτάς·
1295 2409 1489 2488 χρόνος
1535 2411 1634 2488 γάρ
1667 2409 1770 2464 ἀπὸ
1827 2409 1923 2474 τῆς

259 2504 483 2577 οὖρα-φοῦ
531 2501 620 2555 καὶ
666 2499 766 2577 γῆς
827 2501 1099 2568 ποιήσεως
1155 2500 1486 2576 ἀριθμεῖται.
1527 2501 1604 2557 Τὸ
1652 2497 1730 2573 δὲ,
1765 2496 1923 2556 Οὺδὲν

254 2592 519 2670 προσήκει
562 2589 758 2670 τούτῳ,
792 2587 909 2645 κατ’
957 2589 1136 2646 οὖσίαν
1167 2590 1376 2663 νόησιν,
1411 2590 1499 2645 καὶ
1549 2591 1608 2644 οὒ
1647 2586 1764 2644 κατ’
1819 2585 1922 2642 ἅλ-

255 2681 361 2748 λτρδ
415 2683 534 2740 τινὰ
585 2681 812 2760 ἔννοιαν,
848 2681 968 2738 οἷον
1011 2680 1398 2760 κυϐερνήσεως,
1459 2681 1544 2738 καὶ
1591 2683 1914 2744 συστάσεως.

254 2773 346 2828 καὶ
405 2773 510 2826 τῶν
583 2772 857 2833 τοιούτων,
917 2771 1226 2844 Σημείωσαι
1285 2769 1338 2826 δὲ
1407 2771 1660 2844 ἐντεῦθεν,
1724 2770 1804 2825 ὅτι
1862 2771 1921 2825 τὸ

255 2863 499 2942 ἄεάαχρον
554 2866 640 2916 καὶ
682 2861 920 2934 αἰώνιον,
958 2865 1016 2920 οὗ
1077 2861 1186 2936 μὴν
1240 2859 1292 2916 δὲ
1325 2869 1428 2918 πᾶν
1477 2865 1537 2918 τὸ
1593 2861 1806 2917 αἰώνιον
1837 2861 1922 2916 καὶ

255 2955 527 3030 Ξέναρχον,
582 2953 851 3010 Αὐτοαιὼν
884 2950 937 3008 δὲ
981 2953 1041 3007 τὸ
1085 2959 1264 3030 Θεῒον,
1299 2951 1380 3008 ὅτι
1435 2953 1495 3008 τὸ
1545 2952 1684 3008 εἶναι
1739 2951 1920 3006 τούτου

253 3044 334 3116 μὴ
387 3043 550 3106 μόνον
584 3044 765 3121 χρόνῳ
797 3043 854 3097 οὒ
907 3055 1216 3120 μετρεῖται,
1253 3041 1376 3097 ἀλλ’
1431 3039 1534 3097 οὐδ’
1591 3043 1762 3115 αἰῶνι,
1799 3039 1920 3094 ἀλλ’

257 3130 384 3186 etC-7.6
447 3129 590 3185 ἐστιν
643 3131 815 3202 ἑαυτῷ
866 3131 1016 3188 αἰών,
1067 3129 1242 3207 Μετρα
1303 3127 1359 3184 δὲ
1412 3135 1520 3185 τῶν
1577 3128 1742 3184 ὄντων
1801 3129 1920 3190 τοὺς

255 3221 456 3282 αἰῶνας
515 3226 620 3276 τῶν
652 3220 882 3293 νοητῶν,
918 3221 1004 3274 καὶ
1061 3220 1179 3283 τοὺς
1225 3217 1452 3298 χρόνους
1505 3217 1611 3273 τῶν
1660 3219 1923 3284 αἰσθητῶν

255 3490 526 3568 τρούμενα
559 3489 803 3567 λέγονται
859 3490 1051 3552 Αἷῶνες
1088 3490 1186 3567 γὰρ
1237 3488 1480 3566 λέγονται
1526 3489 1612 3544 καὶ
1658 3490 1704 3542 οἱ
1757 3486 1923 3564 ἅγγε-

256 3581 370 3639 λοι.
407 3579 559 3636 Οὕτω
611 3581 696 3635 καὶ
728 3579 812 3635 ἐπὶ
865 3581 971 3636 τῶν
1001 3581 1284 3644 αἰσθητῶν·
1343 3579 1408 3634 τὰ
1455 3578 1554 3656 γὰρ
1597 3577 1924 3654 μετρούμενα

255 3676 340 3743 τῷ
405 3670 586 3748 χρόνῴ
619 3671 921 3744 ὁμωνύμως
980 3669 1167 3748 χρόνοι
1199 3667 1468 3745 λέγονται,
1502 3669 1572 3730 ὡς
1619 3669 1654 3734 ἡ
1711 3669 1924 3733 κίνησις

257 3767 370 3815 των
429 3759 665 3837 ἀστέρων
709 3760 794 3814 καὶ
854 3767 944 3815 τοῦ
988 3759 1163 3830 ἡλίου,
1201 3759 1285 3814 καὶ
1338 3761 1383 3813 οἱ
1415 3759 1543 3834 βὶοι*
1577 3758 1923 3834 μετρούμενοι

259 3851 364 3928 γὰρ
423 3851 524 3904 ὑπὸ
557 3849 775 3928 χρόνου,
813 3850 998 3929 χρόνοι
1061 3847 1330 3926 λέγονται·
1361 3850 1387 3903 ὁ
1421 3848 1518 3924 γὰρ
1564 3847 1754 3926 χρόνος
1809 3848 1919 3910 εἷς·

257 3943 328 3998 τὰ
383 3938 437 3994 δὲ
470 3939 707 4016 μετρικοὶ
760 3961 974 4018 χρονοι,
1004 3939 1076 4001 ὡς
1137 3937 1237 3996 ὑπό
1269 3939 1365 4003 τῆς
1413 3943 1538 4013 μιᾶς
1576 3937 1921 4015 παρατάσεως

2011 3755 2429 3836 est,principio
2450 3759 2848 3819 carere.Deus
2871 3765 3066 3819 autem
3094 3768 3184 3820 est
3212 3759 3466 3840 ipsamet
3487 3767 3659 3826 aeter-

2009 3847 2180 3918 nitas,
2216 3848 2495 3926 quoniam
2529 3847 2658 3925 ejus
2697 3865 2828 3908 esse
2855 3867 2972 3908 non
3005 3849 3198 3910 solum
3231 3859 3500 3932 tempore
3537 3872 3659 3915 non

2007 3935 2515 4014 mensuralur,sed
2542 3955 2735 4016 neque
2760 3940 3109 4014 aeternitate,
3149 3941 3252 4002 sed
3288 3951 3376 4002 est
3407 3949 3661 4023 ipsemet

257 4039 356 4088 τοῦ
414 4033 529 4094 ita;
576 4031 773 4110 χρόνου
831 4031 1181 4108 μετρούμενα.
1261 4031 1440 4086 Πάντα
1497 4031 1584 4085 οὖν
1634 4037 1797 4085 ταὺτα
1857 4028 1920 4085 δι’

2006 4027 2323 4089 mternitas.
2357 4027 2458 4087 Ait
2496 4035 2693 4088 autem
2726 4029 2942 4090 sacula
2971 4028 3464 4114 intelligibilium,
3513 4042 3659 4096 tem-

259 4124 446 4194 α³›τοῦ,
495 4123 582 4176 καὶ
605 4120 696 4176 ἀπ’
743 4121 922 4190 αὖτοῦ,
959 4123 1044 4176 καὶ
1076 4123 1127 4174 ὲν
1157 4120 1298 4193 αυτῷ
1327 4119 1488 4178 ἐστιν.

2009 4137 2151 4198 pora
2197 4134 2336 4181 vero
2372 4117 2681 4178 sensilium
2719 4137 3027 4180 mensuras
3057 4139 3209 4196 esse;
3239 4123 3536 4200 siquidem
3569 4126 3662 4188 in-

263 4209 594 4290 tellectilia,
629 4217 908 4289 tanquam
970 4227 1268 4270 mensurae
1327 4207 1616 4288 subjecta,
1652 4207 1868 4269 saeculo
1903 4217 2351 4284 mensurantur,
2386 4207 2496 4268 etsi
2529 4207 2742 4269 eodem
2803 4211 3072 4286 nomine,
3109 4231 3240 4291 quae
3297 4231 3656 4278 mensuram-

259 4307 381 4372 tur,
421 4309 479 4358 et
532 4299 688 4378 quod
721 4306 1051 4370 mensurat,
1087 4299 1442 4360 afﬁciantur.
1497 4299 1712 4376 Angeti
1745 4299 1906 4361 enim
1941 4299 2118 4360 etiam
2182 4297 2397 4359 saecula
2425 4297 2823 4378 appellantur.
2861 4301 2944 4361 lta
2992 4301 3166 4361 etiam
3200 4302 3259 4362 in
3308 4303 3654 4371 sensilibus:

257 4408 402 4471 quae
451 4390 610 4451 enim
646 4398 916 4468 tempore
968 4397 1417 4467 mensurantur,
1455 4389 1664 4449 eodem
1699 4407 1834 4450 cum
1901 4397 2170 4468 tempore
2202 4388 2448 4448 nomine
2499 4389 2903 4468 appellantur,
2937 4397 2998 4452 ut
3029 4400 3222 4452 motus
3271 4400 3564 4455 astrorum
3601 4405 3660 4458 et

255 4479 432 4548 solis,
470 4488 528 4539 et
556 4485 759 4541 aetates
803 4479 979 4539 vitae:
1044 4487 1313 4558 tempore
1359 4477 1519 4538 enim
1557 4485 1916 4540 mensuratae
1945 4487 2214 4557 tempora
2244 4475 2544 4552 dicuntur,
2581 4477 2878 4554 siquidem
2939 4487 3172 4558 tempus
3197 4499 3380 4542 unum
3414 4503 3429 4558 ;
3486 4503 3658 4548 men-

259 4567 488 4631 suralia
531 4586 669 4630 vero
705 4579 974 4650 tempora
1024 4575 1182 4643 sunt,
1220 4586 1348 4647 quae
1399 4567 1575 4629 unius
1607 4567 1782 4648 hujus
1814 4568 2100 4648 temporis
2151 4568 2498 4629 extensione
2534 4579 2982 4630 mensurantur.
3036 4569 3174 4631 Haec
3207 4569 3406 4652 itaque
3455 4575 3656 4639 omnia

263 4676 376 4738 per
403 4659 620 4738 ipsum,
671 4667 728 4720 et
757 4659 830 4720 ab
863 4659 1017 4737 ipso,
1054 4665 1112 4719 et
1146 4657 1206 4717 in
1245 4657 1373 4737 ipso
1406 4665 1565 4719 sunt.
