4032 6490
311 420 421 490 861

786 424 885 493 DE
930 423 1229 490 DIVINIS
1268 420 1727 504 NOMINIBUS,
1769 422 1934 487 CAP.
1984 421 2089 489 Vl.
2137 456 2215 470 -—
2256 421 2646 487 PARAPHR.
2689 422 3203 491 PACHYMERzE.

3569 420 3689 491 862

308 568 397 623 καὶ
445 572 539 622 τοῦ
584 564 684 635 τῆς
734 570 877 638 ζωῆς
929 561 1310 641 δημιουργικοῦ
1353 559 1513 639 λόγοῦ
1564 561 1704 617 αῐτία
1735 561 1875 618 ἐστὶν
1925 562 1959 629 ἡ

2052 558 2416 640 producitur,
2451 576 2626 621 causa
2655 560 2882 621 exsistit
2913 560 3108 623 divina
3138 561 3274 625 vita.
3315 557 3451 625 Haec
3483 570 3684 625 autem

306 656 420 712 θεία
464 658 602 727 ζωή.
638 662 814 714 Ταῦτα
844 653 898 710 δὲ
940 653 1078 710 κατὰ
1120 656 1225 708 τῶν
1255 650 1651 732 πρεσϐευόντων
1680 650 1821 716 ἰδέας
1865 653 1961 708 αῦ-

304 746 670 810 θυποστάτους
715 747 804 801 καὶ
862 742 1163 808 συναῖδίους
1210 749 1287 817 τῷ
1333 740 1641 821 δημιουργῷ
1698 740 1960 821 λέγοντοι,

306 833 409 892 Ἐκ
450 835 648 902 ταύτης
706 835 802 902 τῆς
851 833 1062 890 αἰωνίου
1110 835 1252 904 ζωῆς
1313 834 1362 889 αἰ
1427 831 1637 911 λογικαὶ
1689 833 1859 913 ψυχαί
1902 834 1964 890 τὸ

303 924 606 1002 ἀνώλεθρον
656 924 867 1004 ἔχουσι,
905 923 967 979 νά
1011 921 1181 998 ἄλογα
1209 928 1319 993 ζῶα
1362 922 1533 978 πάντα
1580 928 1730 995 ζῶσι,
1765 924 1852 979 καὶ
1898 924 1964 980 τὰ

302 1015 443 1093 φυτὰ
493 1016 553 1071 τὸ
597 1020 693 1086 ζῆν
726 1012 911 1094 ἔχουσι
942 1013 1078 1070 κατὰ
1110 1012 1343 1093 ἔσχατον
1386 1012 1687 1092 ἂπῆχημά,
1721 1015 1791 1078 ὡς
1848 1011 1968 1069 ἐλέ-

300 1126 475 1181 γομεν
529 1105 812 1181 πρότερον.
866 1105 927 1160 Αἱ
973 1112 1098 1180 γοῦν
1148 1106 1279 1174 ζωαὶ
1320 1109 1427 1159 τῶν
1481 1101 1694 1181 ἀλόγων
1748 1107 1834 1162 καὶ
1863 1108 1969 1160 τῶν

297 1192 482 1272 φυτῶν
532 1197 627 1253 οῦκ
671 1195 767 1250 εἶσὶ
828 1196 993 1269 θεῖαι,
1028 1191 1163 1249 ἀλλά
1222 1201 1315 1251 τοῦ
1374 1191 1555 1249 ἐνύλου
1607 1194 1766 1273 πυρός
1797 1215 1853 1250 τε
1883 1194 1971 1251 καὶ

300 1283 632 1358 πνεύματος.
680 1283 790 1350 Τὴν
839 1281 893 1338 δὲ
950 1283 1287 1361 ἀνθρωπίνην
1341 1283 1484 1354 ζωὰν
1533 1285 1739 1359 πνεῦμά
1800 1307 1962 1365 φησιν

300 1375 332 1427 ὁ
402 1372 588 1447 Δαυίδ,
649 1372 842 1450 λέίωψ
928 1370 1270 1436 Ἀντανελετς
1348 1375 1408 1428 τὸ
1480 1382 1686 1449 πνεῦμα
1762 1375 1960 1448 αὒτῶν,

299 1464 400 1517 καί
490 1461 817 1537 ἐκλείηινουσι⁸
924 1464 1011 1519 καὶ
1095 1461 1277 1519 πάλιν⁶
1389 1460 1799 1528 Ἐξαποστελεϊς
1901 1466 1962 1521 τὸ

299 1553 517 1627 πνεῦμά
577 1573 697 1630 σου,
744 1552 830 1607 καὶ
876 1553 1275 1625 κτισθήσονται,
1334 1548 1579 1618 δηλονότι
1641 1554 1715 1617 εἷς
1768 1552 1965 1610 παλιν-

298 1642 478 1712 ζωὶαν
534 1643 622 1697 καὶ
687 1640 1049 1706 ἐξανάστασιν.
1110 1643 1179 1699 Τὸ
1211 1642 1310 1717 γὰρ
1383 1640 1805 1720 ἀποταναιρεῖσθαι
1878 1644 1964 1701 ἐπὶ

298 1740 399 1790 τοῦ
452 1733 775 1811 κεχωρίσθαι
835 1731 1059 1803 τέθεικε,
1093 1729 1322 1803 δεικνὺς,
1354 1728 1434 1786 ὅτι
1483 1736 1580 1788 καὶ
1633 1730 1758 1805 παρ’
1806 1734 1963 1790 αὖτοῦ

298 1821 536 1898 ἀργῆθεν
594 1820 747 1888 ἐδοθη
782 1822 843 1876 τὸ
874 1826 1105 1895 πνεῦμα’
1144 1821 1383 1876 ἀσθενεῖν
1439 1818 1493 1875 δὲ
1527 1822 1655 1900 πρὸς
1687 1823 1747 1877 τὸ
1797 1822 1960 1897 μετέ-

2048 648 2379 712 secundum
2410 650 2779 730 antiquiores
2809 649 3095 714 dicuntur
3125 651 3276 715 ideae
3311 670 3419 732 per
3446 670 3510 714 se
3543 651 3693 714 sub-

2048 740 2333 802 sistentes
2358 750 2413 800 et
2448 739 2703 801 creatori
2733 738 3156 803 comternaeEx
3188 741 3296 804 hac
3328 750 3549 805 aeterna
3579 742 3695 804 vita

2046 834 2260 892 animae
2288 829 2608 891 rationales
2648 829 3276 911 incorruptibilitatem
3308 832 3695 913 habent,bru-

2048 927 2103 980 ta
2129 919 2329 981 omnia
2347 919 2634 993 vivunt,et
2666 919 2899 1001 plantae,
2934 921 3092 1001 quod
3116 921 3323 982 ultimo
3357 922 3485 983 vitae
3512 921 3699 1000 gradu

2048 1010 2364 1089 gaudeant,
2400 1009 2557 1071 sicut
2580 1017 2754 1070 antea
2783 1008 3222 1072 diximus.Vitae
3262 1011 3461 1092 itaque
3486 1011 3695 1073 bruto-

2049 1116 2180 1159 rum
2212 1115 2283 1159 ac
2316 1099 2646 1178 plantarum
2683 1117 2800 1159 non
2832 1109 2973 1160 sunt
3002 1099 3237 1173 divinae,
3263 1101 3368 1163 sed
3395 1100 3545 1178 ignis
3578 1118 3703 1161 ma-

2060 1186 2283 1251 terialis
2312 1205 2379 1248 ac
2406 1189 2667 1268 spiritus.
2704 1189 3033 1250 Humanam
3062 1198 3257 1251 autem
3307 1191 3485 1251 vitam
3532 1195 3702 1251 vocat

2047 1275 2230 1341 David
2255 1276 2793 1357 spiritum,dicens:
2817 1278 3069 1358 Auferes
3093 1280 3383 1358 spiritum
3406 1282 3703 1358 eorum,et

2047 1366 2323 1445 deﬁcient
2339 1387 2388 1447 3;
2407 1375 2465 1427 et
2490 1387 2502 1428 :
2532 1366 2791 1429 Emittes
2809 1369 3099 1445 spiritum
3122 1376 3377 1443 tuum,et
3400 1368 3703 1431 creaban-

2046 1464 2148 1518 tur
2168 1487 2221 1533 ιλ,
2255 1456 2532 1517 videlicet
2554 1457 2614 1517 in
2642 1460 3097 1519 resuscitatione
3127 1478 3193 1519 ac
3227 1458 3697 1520 resurrectione.

2048 1549 2290 1623 Auferri
2314 1555 2509 1606 autem
2553 1547 2747 1625 posuit
2777 1564 2883 1625 pro
2915 1551 3215 1627 separari,
3252 1548 3587 1624 declarans,
3620 1547 3695 1609 ab

2044 1634 2217 1698 initio
2241 1653 2481 1715 quoque
2505 1635 2782 1715 spiritum
2809 1635 2994 1698 fuisse
3024 1636 3252 1713 datum;
3278 1638 3586 1716 inﬁrmari
3609 1656 3701 1698 ve-

2046 1744 2110 1787 ro
2127 1725 2270 1786 dicit
2300 1725 2356 1785 in
2385 1725 2561 1803 hujus
2587 1725 2717 1787 vitze
2748 1726 3366 1807 participatione,quia
3397 1746 3513 1788 non
3538 1726 3701 1789 domi

2044 1835 2189 1891 suae,
2223 1834 2334 1876 nec
2391 1833 2424 1875 a
2480 1814 2694 1896 seipsis
2752 1816 2931 1879 vitam
2980 1816 3221 1897 habent,
3256 1816 3360 1879 sed
3393 1816 3629 1879 insitam
3665 1835 3699 1880 a

300 1932 433 1991 χειν
485 1915 584 1978 τῆς
641 1916 787 1983 ζωῆς
832 1910 1030 1992 ταύτης
1090 1911 1242 1989 φησὶ,
1282 1909 1366 1966 διὰ
1394 1911 1455 1967 τὸ
1507 1912 1583 1985 μὴ
1614 1910 1825 1969 οἴκοθεν
1880 1906 2175 1978 καὶΒθθο

299 1999 436 2077 παρ’
466 2001 668 2057 ἑαυτῶν
699 2001 951 2080 ἔχειντὴν
982 2001 1148 2073 ζωὴν,
1184 1997 1302 2055 ἀλλ’
1333 1999 1572 2067 ἐπακτὴν
1602 2002 1661 2056 ὲκ
1697 2008 1780 2057 τοῦ
1808 2007 1961 2059 Θεοῦ.

388 2089 420 2169 §
475 2087 550 2150 ῙῙ.
585 2090 708 2148 ’Ὁτι
755 2100 881 2166 γοῦν
911 2090 1009 2156 τὴν
1065 2090 1209 2161 ζωὴν
1242 2088 1480 2156 ἓπακτὴν
1534 2088 1774 2170 ἔχουσιν,
1810 2091 1967 2147 ἀσθε-

300 2186 495 2237 νοῦντα
541 2181 672 2258 πρὸς
706 2180 803 2247 τὴν
855 2178 1100 2258 μετοχὴν
1132 2178 1322 2259 αὒτῆς,
1363 2177 1685 2260 ἐκλείπουσι,
1721 2180 1807 2236 καὶ
1856 2179 1964 2235 πά-

301 2273 389 2329 λιν
451 2271 893 2351 ἐπιστρεφόμεναι,
929 2267 1089 2324 πάλιν
1146 2276 1425 2341 ζωοῦνται.
1487 2270 1663 2327 Τοίνυν
1720 2271 1754 2338 ἡ
1804 2270 1967 2327 αὐτο-

306 2364 450 2443 ζωὴ³
482 2363 636 2424 αὐτὸς
695 2363 722 2417 ὁ
753 2358 1130 2439 δημιουργικὸς
1188 2360 1276 2415 καὶ
1325 2358 1814 2438 παραδειγματικὸς
1866 2366 1966 2427 τῆς

310 2459 457 2523 ζωῆς
500 2451 681 2530 λόγος,
719 2453 744 2507 ὁ
802 2449 854 2506 ἐν
887 2456 963 2524 τῷ
998 2456 1113 2524 Θεῷ
1144 2448 1318 2515 ἀίδιος
1363 2449 1460 2526 ὢν,
1495 2448 1741 2527 δωρεῖται
1786 2451 1968 2528 ἁπάσῃ

310 2545 426 2617 ζωῇ
458 2543 517 2598 τὸ
565 2541 737 2615 εἶναι,
772 2542 859 2596 καὶ
890 2546 959 2617 τῇ
1002 2538 1213 2618 ἁπλῶς,
1245 2540 1331 2596 καὶ
1380 2546 1448 2617 τῇ
1492 2539 1611 2596 καθ’
1653 2540 1850 2597 ἕκαστα
1882 2542 1966 2597 οἱ-

303 2633 464 2698 κείως
527 2632 735 2701 ἑκάστῳ
798 2636 907 2687 τῶν
965 2631 1190 2700 ζώνιων.
1253 2631 1337 2685 καὶ
1396 2642 1514 2695 τοῖς
1571 2635 1669 2704 μὲν
1724 2630 1965 2709 ἀγγέλοις

301 2722 453 2792 ζωὴν
507 2718 682 2776 δίδωσι
733 2720 830 2787 τὴν
891 2717 1045 2775 ἄυλον
1103 2720 1190 2775 καὶ
1247 2718 1472 2787 θεοειδῆ·
1535 2718 1650 2775 ὅλοι
1708 2721 1808 2799 γάρ
1867 2722 1963 2777 εἶσι

300 2814 439 2883 ζωαὶ
500 2811 749 2880 ἐνούσιοι,
811 2810 893 2865 ἀεί
943 2811 1029 2865 καὶ
1090 2809 1491 2888 ἀπαρεγκλίτως
1550 2811 1850 2886 κινούμενοι
1911 2811 1963 2867 ἐν

300 2908 374 2977 τῇ
419 2906 539 2977 ζῇν,
578 2891 959 2977 εΥπερεκτείνει
1012 2897 1063 2954 δὲ
1098 2900 1196 2966 τὴν
1254 2900 1505 2966 τοιαύτην
1550 2901 1690 2972 ζωὴν
1722 2898 1789 2956 δι’
1822 2899 1963 2978 ἀγα-

297 2995 507 3057 θότητα
545 2988 954 3066 (ἀμεταμέλητα
1008 2990 1107 3067 γὰρ
1168 2990 1233 3045 τὰ
1289 2992 1409 3045 θεῖα
1463 2992 1819 3069 χαρίσματα³>
1875 2993 1962 3047 καὶ

298 3089 384 3156 τῷ
440 3080 693 3155 δαιμονίῳ
725 3079 900 3159 φύλῳ·
936 3082 1022 3136 καὶ
1071 3082 1105 3147 ἡ
1137 3081 1249 3151 ζωὴ
1281 3081 1381 3159 γὰρ
1439 3088 1542 3138 τῶν
1572 3078 1837 3157 δαιμόνων
1876 3082 1963 3137 καὶ

296 3170 434 3250 παρ’
488 3170 650 3238 αὒτῆς
709 3168 936 3243 ὑπέστη,
1000 3171 1087 3227 καὶ
1132 3169 1258 3245 παρ’
1316 3172 1476 3238 αὐτῆς
1528 3170 1810 3251 συνέχεται
1866 3172 1961 3239 τῆς

294 3266 609 3332 αῦτοζωῆς.
670 3269 933 3338 Δωρετται
964 3261 1196 3325 καὶτοῖς
1236 3259 1529 3338 ἀνθρώποις
1588 3274 1709 3324 ταῖς
1763 3262 1964 3337 συμμί-

297 3373 458 3415 κτοις
509 3355 719 3429 ψυχαῖς
780 3350 917 3425 μετὰ
980 3349 1226 3423 σώματος
1298 3349 1399 3416 τὴν
1454 3350 1742 3427 ἄγγελοι.δῆ
1796 3352 1960 3425 ζωὴν,

296 3440 453 3510 πλὴν
512 3442 586 3505 ὡς
631 3438 827 3495 ἔνεστισ
875 3438 1039 3514 μέσον
1097 3439 1196 3517 γὰρ
1252 3440 1350 3505 τῆς
1408 3445 1634 3519 φυσικῆς
1680 3444 1822 3511 ζωῆς
1878 3440 1966 3497 καὶ

293 3536 407 3598 τῆς
451 3528 742 3608 ἀγγελικῇς
796 3527 944 3591 ὄντες
974 3530 1169 3608 ἡμεῖς,
1203 3531 1299 3596 τὴν
1345 3528 1512 3605 ῥοπὴν
1564 3527 1650 3585 ἐπ’
1695 3529 1965 3610 ἀμφότερα

294 3621 426 3678 κατ’
480 3618 925 3685 αὐτεξουσιότητα
969 3618 1197 3699 ἔχομεν·
1245 3618 1280 3687 ἢ
1341 3617 1544 3694 μᾶλλον
1604 3620 1799 3693 εἰπεῖν,
1834 3622 1965 3698 πρὸς

294 3713 406 3780 τὴν
465 3709 759 3790 ἀγγελικὴν
819 3714 1107 3791 ταχθέντες
1164 3712 1308 3783 ζωὴν
1355 3709 1409 3767 εἴ
1464 3734 1561 3768 που
1593 3717 1661 3789 τῇ
1715 3710 1965 3791 προαιρέσ-

297 3816 398 3861 aet
469 3803 559 3859 καὶ
647 3800 1112 3881 παρεγκλίνοιμεν,
1187 3799 1498 3877 ὑπερϐλύσει
1577 3801 1965 3883 φιλανθρωπίας

294 3895 439 3973 πρὸς
489 3894 551 3949 τὸ
581 3891 634 3958 ἐξ
666 3892 845 3972 ἀρχῆς
909 3890 1316 3967 ἀνακαλούμεθα
1376 3893 1464 3948 καὶ
1520 3892 1961 3973 ἐπιστρεφόμεθκ·

293 3986 395 4042 καὶ
468 3985 529 4040 τὸ
585 3981 1034 4059 θαυμαστότερον,
1101 3981 1253 4048 ὅλους
1317 3984 1457 4056 ἡμᾶς
1527 3984 1663 4039 κατὰ
1721 3984 1965 4055 σώματος

300 4076 447 4148 πρὸς
507 4073 603 4141 τὴν
658 4070 953 4149 ἀνώλεθρον
982 4072 1126 4142 ζωὴν
1178 4070 1564 4150 ἐπαγγέλλεται
1624 4074 1964 4149 μεταθήσειν.

303 4170 540 4243 Πρᾶγμα
589 4162 657 4230 τῆ
703 4161 917 4235 ἀνοήτῳ
964 4162 1061 4236 μὲν
1114 4160 1236 4238 δόξῃ
1266 4167 1371 4217 τῶν
1417 4153 1712 4236 Ἐλλήνων,
1750 4161 1970 4241 (ταύτην

298 4255 412 4333 γὰρ
469 4250 814 4318 παλαιότητά
872 4272 1060 4329 φησιν,
1094 4252 1167 4313 ὡς
1223 4252 1404 4329 μωρὰν
1464 4253 1551 4307 καὶ
1610 4251 1850 4332 σαθράνῆ
1884 4252 1971 4307 iui

302 4340 725 4417 πιστευόμενον,
785 4338 922 4402 ἴσως
981 4341 1056 4401 ὡς
1114 4342 1256 4419 παρὰ
1313 4342 1465 4421 φύσιν
1505 4340 1710 4398 δοκοῦν·
1774 4341 1969 4397 ἐκεῖνοι

298 4434 411 4511 γὰρ
445 4432 588 4510 παρὰ
638 4431 787 4511 φύσίν
817 4429 1061 4507 Λέγουσιν
1093 4431 1235 4487 εἶναι
1267 4437 1336 4508 τῇ
1393 4430 1495 4507 ὐλῃ
1526 4434 1586 4487 τὸ
1646 4430 1970 4487 ἀπαθανατί-

294 4526 508 4594 ζεσθαι’
571 4520 672 4587 ὅλη
705 4521 803 4599 γὰρ
842 4520 994 4594 οὖσα,
1041 4522 1129 4576 καὶ
1180 4522 1315 4577 κατὰ
1368 4522 1519 4600 φύσιν
1563 4521 1764 4600 ἔχουσα
1804 4523 1864 4578 τὸ
1916 4523 1969 4577 ἐν

2130 2084 2158 2164 §
2188 2080 2264 2148 Il.
2290 2083 2439 2156 Quia
2465 2084 2665 2166 itaque
2706 2087 2881 2147 vitam
2911 2086 3149 2149 insitam
3193 2087 3434 2160 habent,
3460 2087 3601 2149 dum
3623 2086 3698 2149 ad

2052 2174 2183 2256 ejus
2214 2174 2724 2256 participationem
2749 2176 3536 2254 inﬁrmantur,deticiunt,et
3556 2178 3700 2239 dum

2049 2283 2288 2327 rursum
2321 2274 2773 2348 convertuntur,
2803 2285 3039 2329 rursum
3074 2269 3463 2330 viviﬁcantur.
3489 2267 3691 2349 Itaque

2052 2373 2159 2437 per
2179 2373 2243 2416 se
2263 2355 2381 2415 vita
2398 2356 2849 2419 estconditricis
2871 2367 3044 2438 atque
3070 2358 3427 2439 exemplaris
3449 2358 3581 2421 vitae
3602 2375 3695 2418 ra-

2052 2445 2155 2519 tio,
2177 2462 2309 2525 quae
2332 2444 2392 2505 in
2415 2444 2538 2506 Deo
2563 2453 2785 2508 aeterna
2808 2446 3121 2530 exsistens,
3157 2448 3362 2510 tribuit
3381 2465 3513 2509 esse
3532 2445 3700 2508 omni

2052 2533 2206 2615 vitae,
2232 2542 2347 2595 tam
2370 2534 2505 2595 vitae
2525 2535 2879 2616 simpliciter
2894 2557 3070 2619 quam
3104 2538 3350 2600 cuilibet
3372 2538 3697 2599 viventium

2051 2623 2110 2685 in
2134 2622 2505 2705 particulari;
2538 2637 2714 2704 atque
2738 2627 2965 2705 angelis
2986 2628 3227 2709 quidem
3251 2630 3349 2692 dat
3364 2628 3539 2689 vitam
3579 2627 3696 2688 im-

2050 2714 2413 2775 materialem
2438 2733 2505 2775 ac
2528 2714 2902 2794 deiformem;
2932 2719 3037 2778 toti
3062 2719 3219 2780 enim
3247 2728 3385 2781 sunt
3406 2718 3536 2779 vitae
3561 2717 3699 2779 sub-

2049 2804 2382 2885 stantiales,
2417 2823 2551 2884 quae
2586 2808 2833 2869 vivendo
2886 2826 3128 2888 semper
3177 2816 3235 2870 et
3288 2807 3702 2871 indesinenter

2048 2894 2483 2957 moventur.Ad
2511 2895 2698 2975 ipsam
2733 2914 2971 2978 quoque
3008 2900 3239 2961 turbam
3272 2898 3698 2960 daamoniacam

2046 2984 2381 3046 istiusmodi
2407 2986 2582 3045 vitam
2616 3004 2723 3067 per
2752 2985 3078 3051 bonitatem
3111 2988 3370 3051 extendit
3402 2988 3559 3069 (sine
3580 3006 3701 3069 pce-

2045 3078 2302 3136 nitentz‘a
2325 3077 2482 3136 enim
2508 3077 2830 3138 suntdona
2856 3079 2967 3140 Dei
2989 3081 3057 3155 i);
3088 3079 3386 3158 siquidem
3417 3078 3540 3140 vita
3571 3079 3699 3140 die-

2048 3183 2288 3227 monum
2314 3164 2386 3225 ab
2409 3171 2660 3245 ipsamet
2699 3185 2805 3246 per
2832 3186 2898 3228 se
2914 3170 3089 3229 vitam
3119 3187 3353 3249 quoque
3375 3168 3606 3230 exsistit
3632 3187 3701 3230 ac

2048 3254 2576 3329 continetur.Quiu
2602 3265 2658 3318 et
2683 3257 3308 3338 hominibus,quorum
3338 3259 3700 3320 animmcor-

2052 3344 2295 3425 poribus
2325 3351 2652 3407 commistze
2702 3355 2862 3422 sunt,
2888 3349 3341 3428 angelit‘ormem
3373 3354 3548 3409 vitam
3581 3348 3693 3409 tri-

2052 3434 2197 3507 buit,
2229 3442 2515 3516 quantum
2547 3436 2780 3497 scilicet
2799 3438 2883 3498 fas
2906 3448 3018 3514 est;
3050 3458 3156 3499 nos
3183 3440 3362 3514 enim,
3400 3457 3534 3500 cum
3570 3456 3699 3499 me-

2050 3523 2133 3584 dii
2164 3525 2350 3585 simus
2380 3524 2882 3603 interangelicam
2919 3528 3092 3589 vitam
3121 3547 3188 3591 ac
3211 3529 3565 3601 naturalem,
3599 3546 3697 3590 se-

2050 3614 2309 3677 cundum
2327 3613 2582 3676 liberum
2603 3615 2912 3678 arbitrium
2927 3617 3217 3680 habemus
3231 3618 3694 3699 propensionem

2048 3704 2119 3765 ad
2153 3711 2492 3784 utramque;
2543 3704 2667 3766 sive
2717 3706 2929 3769 melius
2960 3707 3320 3789 dicendo,ad
3366 3708 3695 3787 angelicam

2047 3795 2221 3856 vitam
2254 3794 2593 3875 compositi,
2619 3795 2810 3858 sicubi
2846 3815 2951 3877 per
2996 3798 3330 3861 libertatem
3367 3798 3549 3860 etiam
3583 3798 3695 3860 de-

2050 3884 2365 3955 ﬂectimus,
2403 3884 2952 3964 superabundantia
2984 3887 3369 3967 benignitatis
3398 3887 3471 3949 ad
3505 3887 3703 3969 pristi-

2052 3992 2193 4035 num
2224 3983 2439 4036 statum
2468 3991 2821 4037 revocamur
2850 3985 3026 4058 atque
3059 3977 3700 4058 convertimur;quod-

2053 4081 2168 4143 que
2198 4062 2385 4142 magis
2419 4064 2757 4126 mirandum
2792 4073 3087 4138 est,etiam
3124 4068 3453 4130 secundum
3484 4086 3701 4148 corpus

2052 4152 2124 4213 ad
2156 4153 2667 4235 incorruptibilem
2702 4156 2877 4216 vitam
2908 4176 3015 4219 nos
3050 4157 3423 4221 traducturus
3456 4158 3703 4239 promit-

2054 4243 2145 4305 tit.
2177 4242 2319 4315 Quae
2348 4261 2444 4304 res
2472 4244 2613 4305 456
2642 4245 2868 4308 insanae
2926 4248 3167 4329 quidem
3221 4249 3529 4327 gentilium
3565 4249 3699 4328 opi-

2054 4334 2219 4394 nioni
2246 4336 2438 4415 (quam
2470 4342 2824 4398 vetustatem
2882 4338 3161 4419 appellat,
3224 4339 3445 4419 quippe
3476 4338 3696 4399 fatuam

2056 4431 2113 4485 et
2143 4423 2439 4503 putidam)
2463 4425 2637 4485 etiam
2659 4426 2886 4487 credita
2909 4428 3119 4489 merito
3153 4427 3324 4507 quasi
3354 4436 3559 4489 contra
3593 4446 3704 4489 na-

2056 4520 2245 4574 turam
2275 4513 2565 4592 videatur;
2589 4515 2851 4576 illienim
2898 4517 3086 4597 aiunt,
3125 4536 3258 4579 esse
3288 4526 3494 4580 contra
3527 4526 3707 4579 natu-

299 4614 474 4688 ἑαυτῇ
504 4607 856 4684 μεταϐάλλειν
888 4611 952 4666 τὰ
1001 4608 1148 4689 εἴδη,
1182 4616 1299 4666 πῶς
1332 4624 1487 4684 μενεῖ
1530 4611 1583 4667 ἐν
1633 4610 1772 4683 αὒτῷ
1830 4612 1965 4667 ἒσαεῖ

2060 4623 2184 4667 ram
2214 4614 2273 4666 ut
2298 4607 2540 4668 materia
2571 4607 2671 4668 ﬁat
2698 4608 3091 4682 immortalis;
3115 4629 3249 4671 nam
3284 4608 3427 4671 dum
3460 4621 3550 4672 est
3573 4628 3704 4670 uia-

300 4682 685 4778 ἀμετάϐλητος
740 4702 829 4755 καὶ
861 4682 1163 4774 ἀκίνητοςξ
1226 4682 1462 4758 Ἐκεῖνοι
1522 4714 1667 4779 γοϊν,
1703 4682 1770 4777 τῇ
1826 4703 1965 4780 φύσει

2066 4700 2420 4773 teria,etiam
2449 4701 2777 4762 secundum
2808 4710 3076 4765 naturam
3102 4722 3267 4765 suam
3292 4703 3547 4766 habetut
3567 4702 3628 4765 in
3643 4722 3707 4766 se

300 4790 744 4865 ἀκολουθοῦντες,
779 4790 995 4854 εἰκότως
1040 4789 1182 4847 ἅπαν
1241 4790 1384 4856 ξένον
1442 4796 1539 4858 τῆς
1571 4792 1775 4871 φύσεως
1833 4793 1975 4865 παρὰ

303 4883 465 4961 φύσιν
524 4883 688 4960 φασὶ,
721 4880 809 4935 καὶ
868 4880 947 4955 μὴ
993 4878 1111 4937 οἷόν
1140 4902 1197 4936 τε
1251 4880 1492 4959 γενέσθαι
1522 4884 1763 4939 πώποτε·
1808 4884 1973 4955 ἡμεῖς

304 4972 389 5046 δὲ,
428 4972 561 5049 πρὸς
621 4972 712 5026 τὸν
762 4969 893 5025 Θεὸν
940 4968 1365 5040 ἀποϐλέποντες,
1400 4972 1492 5026 τὸν
1541 4979 1632 5027 τοῦ
1683 4972 1761 5046 μὴ
1820 4971 1971 5034 ὃντος

301 5062 375 5118 τὰ
438 5060 610 5115 πάντα
640 5056 787 5136 λόγῳ
838 5058 987 5134 μόνῳ
1015 5061 1104 5116 καὶ
1162 5059 1421 5137 θελήματι
1482 5062 1877 5131 ὑποστήσαντα,
1915 5063 1973 5118 τὸ

302 5148 495 5207 δοκοῦν
552 5148 774 5210 ἐκείνοις
805 5150 947 5229 παρὰ
1002 5149 1154 5229 φύσιν
1183 5154 1327 5209 θεῖον
1360 5152 1448 5209 καὶ
1504 5152 1633 5228 ὑπὲρ
1664 5152 1817 5232 φύσιν
1874 5150 1969 5207 λέ-

302 5261 499 5318 γομεν,
534 5238 624 5296 καί
665 5236 884 5295 δυνατὸν
939 5239 1207 5317 γενέσθαι,
1243 5248 1374 5298 Θεοῦ
1404 5240 1672 5305 θέλοντος.
1708 5248 1839 5298 Θεοῦ
1872 5242 1970 5320 γὰρ

302 5330 636 5408 βουλομένου
669 5330 731 5385 τὸ
769 5327 1011 5407 γενέσθαι
1040 5351 1091 5385 τι
1124 5328 1292 5402 ξένον,
1324 5330 1383 5386 οῦ
1438 5328 1665 5409 λέγομεν
1697 5331 1838 5409 παρὰ
1869 5332 1969 5409 φύ-

307 5437 419 5476 σινο
452 5419 540 5495 βία
570 5418 670 5497 γάρ
714 5416 823 5482 ἐςτι
866 5426 1025 5476 τοῦτο
1073 5423 1171 5486 τῆς
1215 5420 1442 5500 φύσεως,
1473 5421 1562 5477 καί
1594 5421 1719 5500 οὐχί
1774 5421 1971 5478 σύστα-

312 5531 398 5572 σιξ
456 5509 687 5588 φύσεως²
736 5507 857 5564 ἀλλ’
911 5508 1176 5584 ἀσθένεια,
1211 5509 1351 5567 ὣστε
1403 5510 1689 5591 πεφυκέναι
1732 5511 1821 5566 καί
1862 5512 1970 5566 παί-

310 5603 396 5656 λιν
451 5598 538 5656 ἐπί
567 5600 627 5656 τὸ
656 5599 793 5656 κατὰ
822 5599 973 5679 φύσιν
1019 5602 1299 5682 χωρῆσαι,
1330 5600 1488 5659 εἵπου
1541 5605 1639 5668 τῆς
1668 5601 1783 5677 βίας
1834 5601 1972 5679 ἀφε-

396 5800 424 5842 σ
452 5785 606 5852 Psal.
645 5802 770 5864 CIII,
803 5787 905 5853 29.
990 5790 1019 5833 ιι
1046 5785 1225 5870 lbid.,
1255 5787 1356 5852 30.
1445 5788 1458 5825 ‘
1503 5788 1681 5855 Rom.
1717 5807 1806 5870 xl,
1839 5786 1942 5854 29.

2056 4787 2279 4849 formas
2310 4798 2683 4866 transmutet,
2715 4794 3013 4872 quomodo
3047 4813 3185 4874 ergo
3239 4795 3301 4855 in
3350 4813 3415 4856 se
3466 4812 3708 4874 semper

2058 4878 2443 4939 immutabilis
2467 4888 2522 4941 et
2543 4880 2867 4944 immobilis
2888 4901 3129 4946 manere
3151 4884 3363 4965 possit?
3387 4884 3476 4947 Illi
3508 4886 3707 4965 itaque

2057 4976 2326 5029 naturam
2360 4979 2705 5048 sequentes,
2739 4973 3142 5035 verosmiliter
3166 4974 3398 5049 dicunt,
3432 4992 3613 5036 omne
3646 4974 3701 5035 id

2055 5056 2215 5139 quod
2238 5066 2463 5119 natura;
2484 5061 2865 5140 peregrinum
2923 5082 2991 5126 ac
3016 5082 3234 5125 novum
3266 5063 3505 5144 accidit,
3552 5081 3702 5124 con-

2055 5156 2145 5209 tra
2173 5156 2444 5209 naturam
2467 5167 2625 5230 esse,
2659 5162 2713 5211 et
2743 5151 2871 5213 ﬁeri
2896 5172 3196 5235 nunquam
3229 5171 3425 5234 posse;
3462 5171 3567 5214 nos
3598 5170 3703 5214 ve-

2053 5255 2120 5299 ro
2178 5237 2252 5298 ad
2309 5241 2497 5301 Deum
2549 5243 3019 5325 Spectantes,qui
3052 5245 3253 5306 omnia
3284 5259 3359 5305 ex
3389 5242 3576 5303 nihilo
3606 5243 3704 5305 vel

2053 5326 2234 5389 verbo
2266 5327 2393 5389 solo
2413 5346 2482 5390 ac
2505 5330 2802 5393 voluntate
2825 5350 2930 5394 sua
2948 5334 3276 5397 consistere
3298 5331 3525 5409 fecit,id
3542 5332 3703 5412 quod

2055 5418 2198 5498 ipsis
2229 5425 2435 5480 contra
2454 5426 2727 5481 naturam
2750 5422 3074 5503 videtur,id
3109 5442 3216 5485 nos
3241 5422 3503 5484 divinum
3535 5429 3705 5483 etsu-

2056 5526 2163 5590 pra
2221 5514 2490 5569 naturam
2523 5527 2657 5571 esse
2689 5509 2969 5593 dicimus,
3003 5519 3082 5592 et,
3116 5513 3350 5574 volente
3389 5513 3537 5590 Deo,
3573 5512 3705 5573 ﬁeri

2057 5616 2256 5681 posse.
2286 5600 2409 5661 Deo
2437 5598 2598 5661 enim
2630 5600 2865 5664 volente
2879 5601 3182 5683 quidpiam
3198 5601 3580 5683 peregrinum
3594 5620 3701 5665 seu
