4032 6432
343 329 461 401 863

1526 346 1585 410 S.
1633 340 1984 410 DlONYSlI
2025 342 2553 411 AREOPAGITE.

3616 342 3740 411 864

351 488 566 563 novum
584 470 994 555 ﬁeri,minime
1011 485 1218 542 contra
1241 488 1521 544 naturam
1545 498 1679 545 esse
1695 479 1951 544 dicimus
1975 496 1992 556 ;

2082 480 2190 546 θείη
2221 480 2311 537 καί
2337 480 2432 550 τῆς
2486 482 2629 562 παρὰ
2658 481 2809 563 φύσιν
2866 480 3153 555 κινήσεως,
3186 481 3259 541 Τὸ
3307 479 3352 539 δ’
3383 479 3517 560 ὖπὲρ
3576 480 3739 561 φύσιν

353 561 451 652 vis
471 562 630 652 enim
656 564 782 627 haec
803 576 895 627 est
918 575 1229 650 naturm,et
1255 589 1371 633 non
1404 580 1632 633 naturae
1648 580 1853 652 status,
1889 569 1994 634 sed

348 648 836 729 imbecillitas,ita
856 656 1105 721 utdeum
1128 648 1198 721 ad
1218 661 1544 723 naturalem
1562 669 1776 722 statum
1798 648 1999 724 redire

348 740 644 823 debeat,si
670 744 907 825 quando
932 746 1023 808 vis
1045 747 1141 811 illa
1162 750 1602 833 motusque,qui
1636 762 1847 813 contra
1886 768 1997 812 na-

348 839 539 893 turam
572 843 681 909 est,
699 834 1195 910 auferatur.Quod
1220 857 1358 903 vero
1382 858 1562 921 supra
1595 848 1861 903 naturam
1878 851 1993 922 est,

347 929 562 985 statum
612 923 795 989 habet
835 933 893 988 et
932 935 1157 990 naturae
1183 930 1795 1007 transformationem,
1831 933 1909 994 ita
1939 940 2003 993 ut

350 1010 477 1101 Deo
513 1014 752 1094 quidem
791 1016 1024 1078 volente
1074 1018 1195 1101 ﬁat,
1231 1019 1515 1083 miraculo
1571 1030 1773 1082 autem
1824 1021 2003 1084 etiam

348 1098 409 1161 in
442 1101 748 1166 identitate
780 1106 872 1167 sui
894 1106 1123 1168 ordinis
1150 1098 1603 1188 perseveremita
1622 1119 1686 1171 ut
1707 1112 2009 1189 ignoretur

349 1198 587 1272 penitus
611 1194 669 1255 id
693 1195 850 1276 quod
893 1196 1058 1278 prius
1108 1200 1438 1261 secundum
1476 1207 1743 1262 naturam
1777 1200 1998 1263 habere

346 1280 681 1350 dicebatur.
719 1287 950 1368 Proprii
982 1295 1175 1350 autem
1213 1297 1408 1351 motus
1437 1290 1699 1369 pregrini
1728 1290 1994 1374 quidem,

347 1381 408 1433 et
437 1388 615 1454 supra
642 1394 745 1436 eos
774 1395 925 1457 quos
947 1396 1057 1439 nos
1088 1377 1382 1442 habemus
1413 1379 1679 1450 dicendi,
1714 1380 1819 1442 sed
1854 1400 1997 1461 pro-

348 1461 461 1543 prii
489 1481 559 1525 ac
593 1466 920 1530 secundum
956 1476 1226 1530 naturam
1259 1468 1540 1549 ejus.Etsi
1573 1468 1733 1532 enim
1767 1470 1999 1533 dicatur

348 1570 483 1615 esse
512 1573 694 1633 supra
724 1565 1016 1639 naturam,
1052 1565 1250 1620 tamen
1290 1559 1751 1640 (superintelligi
1787 1559 1996 1639 debet)

347 1653 607 1708 nostram
642 1645 795 1709 hanc
841 1667 973 1727 qua:
1029 1647 1282 1724 videtur,
1321 1659 1381 1711 et
1426 1667 1558 1710 eam
1602 1667 1780 1731 quam
1832 1649 1996 1731 prius

346 1733 579 1816 habuit,
610 1753 733 1800 non
770 1746 967 1801 autem
988 1748 1076 1801 est
1099 1756 1279 1819 supra
1310 1748 1584 1801 naturam
1608 1739 1988 1821 omnipoten-

346 1832 468 1886 tem
500 1815 571 1887 ac
598 1825 882 1899 divinam;
918 1828 1132 1891 divinae
1167 1815 1461 1907 siquidem
1503 1838 1751 1903 naturas,
1779 1815 1994 1911 inquae
2017 1815 2055 1865 Β
2078 1815 2296 1914 βίπιὀς’;

2081 570 2331 627 σύστασιν
2385 572 2502 654 ἔχει
2571 575 2658 632 καὶ
2715 572 3242 655 μετασχηματισμὸν
3304 573 3531 653 φύσεως,
3593 571 3739 630 ὥστε

2081 660 2319 739 γενέσθαι
2350 664 2446 739 μὲν
2479 669 2611 721 Θεοῦ
2662 663 2932 745 θέλοντος,
2975 665 3150 740 μένειν
3196 663 3251 720 δὲ
3296 666 3384 720 καί
3427 663 3737 739 θαυμαστὸν

2080 753 2169 808 καί
2226 753 2279 809 ἐν
2309 761 2377 829 τῇ
2408 766 2692 822 ταυτότητι
2752 760 2845 831 τῇς
2873 755 3072 821 τάξεως
3126 757 3305 828 αὐτοῦ,
3339 757 3413 820 ὡς
3469 754 3737 831 ἀγνοῆσαι

2083 844 2411 900 παντάποσιν
2469 843 2598 922 ὅπερ
2628 843 2841 924 ἐλέγετο
2901 843 3049 926 ἔχειν
3080 846 3216 903 κατὰ
3245 846 3393 924 φύσιν
3452 842 3733 921 πρότερον.

2085 935 2188 998 Τὰς
2222 930 2275 989 δὲ
2321 936 2515 999 οἰκείας
2546 937 2779 1005 κινήσεις
2836 933 2982 1001 ξένας
3015 936 3112 1010 μὲν
3139 936 3227 991 καί
3282 935 3412 1013 ὑπὲρ
3441 935 3500 1027 ’ὁκ
3527 935 3735 1014 ἔχομεν

2088 1021 2265 1102 λέγειν
2317 1028 2391 1090 ὡς
2438 1026 2633 1088 οτκεὶας
2663 1024 2716 1081 δὲ
2748 1026 2835 1081 καί
2862 1026 3000 1081 κατὰ
3035 1026 3185 1106 φύσιν
3244 1029 3423 1084 αεῦτοῦ.
3455 1023 3471 1049 ’
3492 1021 3572 1081 Ἀν
3633 1024 3738 1100 γὰρ

2090 1115 2179 1173 καί
2221 1115 2350 1191 ὑπὲρ
2380 1115 2528 1193 φύσιν
2562 1114 2810 1193 λέγηται,
2845 1114 2962 1170 ἀλλ’
2996 1115 3084 1172 οὖν
3136 1115 3233 1183 τὴν
3263 1114 3382 1172 καθ’
3435 1114 3580 1190 ἡμᾶς
3612 1112 3740 1169 ταύ-

2078 1228 2177 1273 την
2234 1206 2322 1262 καί
2354 1203 2629 1281 ὁρωμένην
2689 1205 2777 1261 καί
2806 1204 2904 1272 τῆν
2936 1205 3001 1272 ἢν
3059 1205 3190 1285 εἶχε
3233 1205 3399 1284 τυχὸν
3448 1225 3732 1282 προτερον,

2080 1296 2139 1353 οὗ
2190 1296 2296 1372 μὴν
2354 1292 2407 1351 δὶ
2465 1295 2562 1362 τὴν
2634 1294 2902 1362 πανσθενῆ
2961 1296 3049 1351 καί
3105 1295 3265 1350 θείαν·
3340 1300 3408 1371 τῇ
3462 1295 3562 1373 γὰρ
3620 1292 3739 1363 θείᾳ

2078 1388 2254 1468 φύσει,
2287 1388 2359 1450 ὡς
2413 1383 2540 1462 οὔσῃ
2598 1385 2748 1463 φύσει
2787 1388 2873 1441 καί
2918 1385 3163 1441 συστάσει
3218 1389 3327 1441 τῶν
3374 1393 3526 1456 ζωῶν
3584 1384 3736 1439 ἁπα-

2079 1484 2209 1551 σῶν,
2248 1478 2333 1532 καί
2390 1474 2625 1551 μάλιστα
2653 1480 2759 1532 τῶι
2808 1476 3086 1552 θειοτέρων
3137 1473 3315 1532 εῗτουν
3346 1480 3450 1530 τῶν
3504 1472 3735 1553 ἅγγελι-

2078 1573 2209 1645 κῶν,
2243 1566 2277 1634 ἢ
2329 1566 2437 1639 μὴν
2469 1587 2574 1621 των
2632 1567 2687 1620 ἓν
2731 1571 2797 1642 τῇ
2830 1565 3111 1624 ἀναστάσει
3144 1566 3250 1620 τῶν
3283 1564 3546 1639 σωμάτων
3599 1564 3741 1639 μετᾶ

2078 1662 2270 1736 ψυχῶν
2327 1661 2511 1726 ζωσῶν
2571 1652 2786 1712 οὔδειλία
2842 1655 2953 1711 ἔστί
3012 1655 3123 1725 ζωὴ
3272 1653 3412 1732 παρᾶ
3471 1654 3648 1732 νεύσιν,
3699 1654 3735 1721 ἢ

2076 1749 2207 1824 ὑπὲρ
2246 1747 2421 1825 φύσιν,
2477 1746 2605 1802 Ποία
2658 1746 2756 1823 γὰρ
2807 1746 2919 1815 ζωὴ
2962 1749 3038 1818 τῷ
3090 1751 3204 1818 Θεῷ
3253 1744 3395 1823 παρὰ
3450 1745 3614 1821 φσῖσιν
3648 1747 3741 1802 καὶ

2284 1857 2299 1913 ;
2360 1838 2488 1893 [hia
2542 1834 2595 1890 δὲ
2627 1835 2759 1906 ὕπερ
2816 1835 2967 1913 (ξύσιν
2999 1835 3098 1902 τὴν
3134 1835 3364 1910 ἐαυτοῦς
3421 1834 3471 1890 τί
3497 1836 3598 1914 γὰρ
3650 1831 3744 1892 καί

345 1922 437 2005 est
451 1924 677 2005 natura
698 1925 1014 2001 statusque
1039 1921 1291 1981 vitarum
1336 1919 1626 1993 omnium,
1664 1920 1991 2000 prmsertim

2082 1931 2269 1984 ὁποῖον
2333 1928 2391 1983 τὸ
2425 1931 2521 1993 τῆς
2580 1927 2720 1991 θείας
2752 1926 2955 2005 φύσεως
2989 1924 3296 1997 ὖπερέκεινα
3325 1946 3351 1996 ;
3408 1921 3614 1998 "Qa-zz;
3650 1921 3737 1981 ὅτε

343 2003 705 2105 diviniorum
736 2008 864 2070 sive
890 2009 1318 2085 angelicarum,
1352 2008 1437 2071 vel
1462 2008 1640 2071 etiam
1674 2028 1992 2089 corporum

2082 2017 2312 2096 λέγομεν
2360 2016 2445 2073 ἐπί
2506 2024 2659 2097 Θεοῦ,
2716 2015 2796 2071 ὅτι
2854 2015 3007 2072 τοῦτό
3055 2013 3165 2070 ἐστι
3210 2015 3297 2071 καί
3339 2017 3493 2072 τοῦτο
3523 2013 3739 2092 λέγεται

344 2097 1000 2186 inresurrectionevivis
1013 2099 1328 2161 animabus
1343 2099 1996 2179 conjunctorum,nulla

2082 2109 2209 2185 ὑπὲρ
2238 2108 2410 2186 φύσιν,
2449 2111 2508 2165 οὔ
2538 2106 2636 2173 τὴν
2669 2106 2854 2163 ἑαυτοῦ
2896 2104 3150 2183 λέγομεν,
3183 2105 3262 2172 wh
3293 2105 3502 2183 γένοιτο
3538 2103 3552 2163 !
3600 2104 3739 2162 ἀλλὰ

342 2183 460 2246 vita
487 2195 575 2246 est
605 2195 809 2249 contra
831 2198 1127 2270 naturam,
1163 2189 1252 2251 vel
1284 2207 1463 2269 supra
1496 2197 1794 2251 naturam.
1828 2189 1994 2264 Qua-

342 2272 415 2335 lis
441 2274 598 2336 enim
633 2277 747 2339 vita
778 2277 900 2342 Deo
934 2287 1138 2341 contra
1171 2288 1445 2342 naturam
1480 2296 1548 2339 ac
1581 2278 1838 2342 violenta
1868 2282 1942 2344 sit
1968 2286 1995 2343 ‘I

342 2381 477 2443 quae
506 2383 645 2428 vero
665 2385 843 2449 supra
874 2378 1142 2430 naturam
1179 2367 1340 2450 ejus?
1371 2368 1512 2450 quid
1546 2373 1701 2430 enim
1733 2380 1792 2431 et
1817 2369 1993 2451 quale

342 2453 601 2516 divinam
634 2464 909 2521 naturam
940 2459 1207 2540 superet?
1231 2457 1427 2534 Unde,
1460 2458 1700 2535 quando
1737 2459 1995 2523 dicimus

343 2543 418 2606 de
449 2543 760 2627 Deo,quod
795 2550 908 2612 hoc
947 2548 1033 2611 sic
1087 2557 1146 2609 et
1204 2551 1316 2612 lioc
1349 2549 1582 2611 dicatur
1610 2568 1793 2628 suiira
1824 2559 1996 2611 natu-

341 2652 624 2711 ram,non
654 2636 1043 2720 intelligimus
1074 2647 1343 2701 naturam
1377 2639 1731 2720 ejus,absit!
1769 2641 1875 2702 sed
1896 2660 1997 2701 no-

342 2732 615 2803 stram,et
636 2737 918 2793 caeterum
944 2748 1142 2791 rerum
1177 2729 1472 2806 omnium;
1497 2740 1555 2791 et
1595 2730 1830 2811 quando
1858 2749 1995 2792 rur-

342 2833 472 2880 sum
497 2828 750 2882 econtra
772 2820 1029 2884 dicimus
1051 2821 1381 2883 secundum
1419 2829 1718 2895 naturam,
1748 2840 1865 2882 non
1892 2842 1999 2885 no-

341 2915 524 2972 stram
550 2912 949 2990 intelligimus
980 2928 1307 2991 rerumque
1336 2919 1716 2984 ceterarum,
1760 2912 1864 2974 sed
1899 2913 1995 2992 ip-

340 3000 491 3066 sius.
524 3002 926 3080 Quamobrem
979 2999 1459 3064 contradictoria:
1503 2997 1765 3062 Simonis
1811 3004 1995 3063 ratio-

342 3102 689 3171 nes,contra
718 3090 1048 3155 doctrinam
1081 3108 1214 3171 qua)
1242 3090 1603 3170 ait,corpora
1635 3099 1837 3153 nostra
1857 3094 1996 3155 457

2076 2198 2175 2264 τὴν
2236 2197 2498 2275 ἡμετέραν
2542 2217 2597 2253 τε
2648 2198 2737 2252 καὶ
2799 2198 2895 2263 τὴν
2948 2202 3055 2250 τῶν
3087 2193 3265 2251 ἄλλων
3309 2195 3587 2252 ἁπάντων·
3651 2197 3742 2252 καί

2078 2286 2166 2344 ὅτε
2225 2286 2385 2344 πάλιν
2418 2289 2551 2343 κατὰ
2602 2287 2774 2367 φύσιν,
2812 2286 3194 2366 ἀντιστρόφως,
3250 2285 3309 2340 οὗ
3340 2287 3437 2353 τὴν
3469 2286 3737 2366 ἡμετέραν

2078 2399 2133 2432 τε
2166 2377 2253 2433 καί
2301 2382 2404 2432 τῶν
2442 2373 2638 2446 ἄλλων,
2669 2374 2809 2431 ἄλλα
2840 2376 2937 2444 τὴν
2990 2375 3195 2434 ἑαυτοῦ.
3230 2377 3289 2432 Οἱ
3321 2381 3447 2453 γοῦν
3480 2375 3734 2455 ἆντιῤῥη-

2081 2467 2218 2523 τικοί
2267 2474 2361 2523 τοῦ
2421 2468 2661 2540 Σίμωνος
2732 2464 2884 2543 λόγοι
2945 2466 3081 2522 κατὰ
3160 2486 3251 2521 του
3318 2463 3588 2543 δόγματος
3645 2474 3738 2523 τοῦ

2082 2556 2357 2634 λέγοντος,
2416 2555 2495 2612 ὅτι
2551 2556 2617 2611 τὰ
2687 2556 2910 2630 σώματα
2966 2558 3122 2631 ἡμων
3204 2556 3726 2631 ὰθανατισθήσονται,

2086 2646 2259 2725 πόρῤω
2313 2642 2790 2712 ἆπεληλάσθωσαν.
2831 2646 2899 2703 Τὸ
2947 2642 3001 2700 δὲ
3036 2642 3238 2701 οἴεσθαι
3296 2654 3481 2703 τοῦτον
3506 2647 3567 2701 εκ
3624 2653 3731 2702 τῶν

2083 2744 2321 2817 φανερῶν
2383 2737 2581 2793 τούτων
2639 2737 2728 2791 καί
2786 2736 3049 2802 αἰσθητῶν
3100 2736 3193 2797 τὰς
3252 2732 3541 2799 ἀποδείξεις
3600 2736 3740 2792 κατᾶ

2084 2834 2182 2896 τῆς
2241 2825 2622 2897 ἀκαταλήπτου
2682 2824 2770 2880 καί
2840 2830 3001 2881 πᾶσιν
3053 2825 3283 2904 ἀφανοῦς
3348 2824 3519 2889 αἰτίας
3591 2823 3743 2889 ταῖς⁸

2084 2919 2297 2976 πάντων
2378 2916 2677 2994 πορίζεσθαι
2736 2915 2962 2990 μάταιόν
3026 2917 3157 2970 ἑστι·
3219 2915 3283 2971 τὰ
3342 2917 3442 2993 γαρ
3514 2913 3743 2981 δοξαστᾶ

2084 3016 2249 3066 ταῦτα
2306 3008 2395 3064 καί
2453 3006 2678 3073 αἰσθητὰ
2735 3011 2847 3069 πῶς
2907 3004 3191 3083 ἀνατρέψει
3245 3005 3429 3060 ἐκεῖνα
3485 3006 3550 3063 τὰ
3609 3007 3741 3083 ὑπὲρ

2082 3098 2333 3163 αἴσθησιν
2391 3098 2478 3152 καί
2531 3093 2741 3151 ἅπασαν
2804 3094 3036 3161 νόησινε
3093 3092 3299 3158 οὒδενὸς
3355 3116 3444 3150 και
3490 3101 3565 3169 τῷ
3626 3100 3742 3171 Θεῷ

341 3170 796 3246 immortalitate
823 3170 1124 3260 donanda,
1160 3179 1367 3260 procul
1399 3179 1787 3261 repellantur.
1826 3181 1995 3250 Hunc

2084 3188 2318 3244 ἐναντίου
2362 3183 2532 3259 ὄντος,
2564 3191 2679 3249 πῶς
2738 3184 2885 3241 ’ἐσται
2935 3206 2985 3240 τι
3018 3183 3161 3262 παρὰ
3212 3184 3362 3260 φύσιν
3404 3184 3497 3240 καί
3541 3185 3738 3267 βίαιον,

339 3280 545 3336 autem
585 3271 852 3346 abitrari,
886 3289 958 3333 ex
989 3269 1079 3332 his
1109 3268 1451 3349 cODSpicuis
1483 3278 1541 3330 et
1572 3268 1663 3331 his
1697 3274 2019 3341 sensilibus
2049 3285 2257 3343 contra
2286 3273 2960 3357 incomprehensibilem
2994 3281 3168 3353 atque
3202 3269 3482 3334 omnibus
3513 3272 3739 3336 obscu-

338 3381 467 3426 ram
493 3361 905 3426 universorum
939 3377 1174 3422 causam
1203 3359 1750 3422 demonstrationes
1780 3365 2051 3443 praebere
2077 3386 2273 3448 posse,
2304 3384 2519 3427 vanum
2553 3372 2666 3441 est;
2692 3363 2994 3446 quomodo
3028 3363 3188 3425 enim
3221 3361 3282 3424 id
3313 3361 3471 3442 quod
3494 3382 3739 3425 omnem

337 3470 579 3516 sensum
625 3460 684 3514 et
713 3449 1131 3530 cogitationem
1163 3456 1408 3529 superat
1436 3457 1714 3512 evertent
1745 3469 1815 3514 ea
1840 3473 1974 3535 quae
2003 3476 2187 3520 sensu
2215 3465 2281 3521 et
2310 3455 2663 3535 cogitatione
2697 3449 3164 3534 percipiuntur?
3212 3470 3349 3514 cum
3376 3459 3579 3515 autem
3618 3451 3741 3515 Deo

338 3541 489 3605 nihil
532 3542 609 3604 sit
633 3540 1028 3615 contrarium,
1065 3538 1366 3621 quomodo
1399 3538 1628 3617 aliquid
1661 3540 1778 3602 erit
1808 3543 1865 3606 ei
1898 3557 2110 3610 contra
2142 3558 2416 3609 naturam
2450 3545 2544 3608 vel
2569 3544 2890 3606 violentum
2923 3549 2950 3607 ’ἲ

421 3631 574 3714 §III.
605 3632 753 3697 Cum
774 3649 913 3694 vero
937 3628 1011 3692 ab
1035 3629 1166 3710 ipso
1188 3629 1515 3692 viviﬁcetur
1548 3629 1606 3690 id
1640 3631 1799 3711 quod
1838 3635 1994 3718 vivit,

340 3727 464 3787 sive
483 3723 730 3802 angelus
750 3720 833 3785 sit
852 3720 975 3783 sive
991 3718 1325 3809 homo,sive
1346 3718 1588 3782 brutum
1616 3720 1740 3783 sive
1769 3728 1995 3809 planta,

341 3820 403 3876 et
433 3815 648 3894 exipso
667 3811 802 3874 vita;
830 3809 1027 3871 omnis
1070 3808 1331 3884 initium,
1371 3814 1622 3891 vitaeque
1659 3807 1999 3872 substantia

338 3902 440 3974 sit,
473 3900 764 3964 credibile
793 3900 968 3962 etiam
1010 3906 1137 3960 erat
1188 3906 1243 3961 et
1297 3898 1443 3961 illud
1506 3897 1994 3973 resurrectionis,

342 3996 621 4076 quoniam
653 3989 727 4052 ab
759 3991 887 4071 ipso
915 3989 989 4052 ad
1021 3987 1221 4051 denuo
1254 3986 1571 4050 vivendum
1604 3986 1993 4051 resuscitabi-

355 4100 513 4145 mur.
538 4078 692 4143 Vita-
715 4098 891 4161 porro
938 4076 1299 4160 principium
1330 4078 1414 4139 ait
1442 4095 1575 4139 esse
1607 4078 1836 4139 animas
1866 4083 1997 4157 (per

343 4170 453 4235 bas
481 4170 642 4233 enim
673 4186 946 4250 corpora,
968 4187 1100 4250 quas
1118 4167 1195 4229 ad
1224 4166 1399 4229 vitam
1434 4167 1916 4244 veniunt,vivunt
1937 4178 2002 4227 et

343 4260 845 4337 moventur),vitae
863 4268 1059 4321 autem
1092 4257 1417 4320 essentiam
1453 4258 1610 4337 ipsas
1634 4276 1741 4337 per
1771 4276 1835 4318 se
1867 4274 2000 4319 esse

341 4352 572 4415 animas
592 4351 1093 4431 intellectilesque
1118 4348 1361 4411 virtutes
1391 4348 1711 4430 (siquidem
1744 4349 1837 4410 hae
1863 4350 2004 4409 sunt

2166 3636 2316 3718 5111.
2349 3637 2495 3716 Ἐφεί
2515 3635 2569 3691 δὲ
2594 3633 2719 3713 παρ’
2753 3634 2911 3691 αὐτοῦ
2940 3640 3163 3706 ζωοῦται
3185 3634 3246 3690 τὸ
3270 3640 3427 3710 ζωον,
3449 3634 3549 3690 κᾶν
3569 3631 3740 3711 ἄγγε-

2081 3728 2172 3795 λος
2203 3731 2263 3809 ᾗ,
2298 3726 2394 3783 κᾶν
2424 3726 2722 3805 ἅνθρωπος,
2749 3724 2845 3781 κᾶν
2879 3723 3097 3804 ἂλογον,
3123 3722 3222 3780 κᾶν
3248 3726 3427 3799 φυτὸν,
3460 3725 3550 3780 καί
3572 3722 3626 3789 ἐξ
3650 3728 3743 3783 αὒ-

2079 3826 2175 3876 105
2204 3825 2345 3876 πᾶσα
2373 3822 2515 3890 ζωῆς
2544 3816 2691 3896 ἁρχὴ
2722 3815 2811 3871 καί
2832 3814 2973 3886 ζωῆς
3015 3813 3188 3887 obuia,
3215 3813 3403 3871 πιστόν
3435 3813 3496 3870 ἂν
3529 3813 3625 3881 εἴη
3656 3813 3745 3871 καί

2081 3911 2140 3966 τὸ
2170 3914 2269 3975 τῆς
2302 3907 2664 3978 ἀναστάσεως,
2692 3906 2772 3961 ὃτι
2803 3904 2927 3983 παρ’
2963 3904 3120 3961 αὖτοῦ
3150 3905 3221 3962 εἰς
3257 3902 3591 3975 παλινζωΐαν
3608 3904 3743 3960 ἀνα-

2078 3999 2405 4073 στησὸμεθα.
2442 4001 2594 4064 Ζωῆς
2627 3994 2689 4052 δα
2718 3995 2896 4075 ἀρχὴν
2919 3995 3010 4061 τὰς
3042 3996 3223 4074 ψυχάς
3255 4016 3411 4075 φησι,
3450 3993 3545 4073 (δι’
3568 3995 3742 4050 αὐτῶν

2080 4091 2180 4168 γὰρ
2217 4089 2283 4143 τὰ
2341 4089 2412 4148 εἷς
2444 4087 2587 4158 ζωῆς
2651 4085 2921 4164 ἐρχόμενα
2951 4082 3175 4159 σώματα
3206 4084 3379 4155 ζῶντά
3404 4085 3504 4138 εἱσι
3544 4082 3637 4139 καί
3666 4105 3742 4138 κι-

2082 4177 2347 4255 νοῦνται·)
2389 4180 2529 4247 ζωῆς
2564 4173 2617 4231 δὲ
2677 4177 2856 4231 οὖσιαν
2914 4174 3074 4238 αὐτὰς
3114 4176 3237 4230 καθ’
3296 4172 3455 4238 αὐτὰς
3483 4172 3580 4236 τὰς
3646 4177 3741 4247 ψυ-

2084 4269 2191 4349 χὰς
2236 4269 2325 4324 καὶ
2370 4268 2465 4328 τὰς
2526 4266 2722 4331 νοητὰς
2768 4262 3035 4339 δυνάμεις
3100 4265 3269 4335 (αὗται
3327 4262 3427 4339 γάρ
3458 4263 3559 4318 εἰσι
3610 4260 3743 4333 ζωαί

2084 4359 2332 4431 ἒνούσώι,
2393 4356 2483 4411 καί
2538 4355 2905 4432 αὖτοκίνητοι,
2965 4353 3055 4411 καί
3112 4351 3412 4432 ἀθάνατον)
3475 4355 3630 4408 αὗται
3689 4349 3743 4407 δὲ

340 4442 856 4516 substantiales,et
873 4459 978 4523 per
997 4458 1064 4502 se
1090 4439 1345 4501 mobiles
1373 4447 1550 4522 atque
1582 4437 1992 4514 immortales;

2082 4447 2129 4514 ἐξ
2186 4447 2350 4514 αὐτῆς
2386 4446 2484 4514 τῆς
2529 4445 2658 4523 ὑπὲρ
2688 4451 2865 4500 πᾶσαν
2898 4444 3042 4515 ζωὴν
3099 4446 3241 4506 θείας
3271 4446 3413 4514 ζωῆς
3445 4443 3535 4497 καί
3586 4446 3743 4514 ζῶσι,

340 4534 436 4596 lite
460 4544 659 4595 autem
694 4551 764 4595 ex
814 4532 1067 4610 ipsamet
1112 4528 1316 4591 divina
1365 4528 1482 4590 vita
1536 4545 1669 4610 qua)
1702 4536 1791 4590 est
1819 4544 1996 4607 supra

2082 4539 2166 4595 καί
2228 4536 2419 4608 ζωοῦσι
2471 4539 2538 4594 τὰ
2596 4534 2843 4609 σώματα,
2879 4534 2932 4590 ἐν
2991 4535 3027 4610 ᾗ
3086 4539 3154 4610 τῇ
3213 4532 3326 4605 θείᾳ,
3381 4537 3517 4608 ζωῇ.
3555 4533 3601 4588 εἰ
3659 4533 3746 4588 καί

340 4639 578 4684 omnem
615 4622 886 4697 vitam,et
930 4621 1130 4683 vivunt
1159 4637 1531 4700 corporaque
1577 4617 1898 4698 viviﬁcant,
1932 4617 1993 4677 in

2082 4626 2275 4685 πολλαί
2342 4628 2440 4683 εἶσι
2497 4628 2628 4696 ζωαί
2683 4626 2773 4681 καί
2820 4624 3092 4699 ὁμώνομοι
3152 4625 3202 4679 αἱ
3245 4621 3367 4680 καθ’
3424 4623 3595 4701 ἡμᾶς,
3626 4619 3746 4677 ἀλλ’

340 4729 459 4792 qua
487 4710 690 4774 divina
719 4693 832 4774 vita
860 4711 999 4773 licet
1029 4709 1230 4772 multae
1258 4693 1377 4770 sint
1405 4693 1562 4789 vita),
1613 4717 1676 4769 et
1724 4693 1992 4787 ejusdem

2082 4717 2167 4775 οὖν
2228 4714 2470 4779 ὲνοειδῶς
2501 4717 2589 4772 καί
2639 4716 2778 4771 κατὰ
2808 4715 2931 4773 μίαν
2988 4714 3089 4781 τὴν
3119 4715 3349 4784 ζωτικὴν
3382 4714 3552 4769 αἰτίαν
3606 4735 3745 4792 προ·

339 4801 601 4864 nominis
632 4818 769 4864 cum
802 4810 1023 4877 nostra,
1058 4808 1256 4862 tamen
1305 4817 1422 4860 uno
1476 4797 1647 4859 modo
1683 4807 1741 4858 et
1770 4816 1994 4858 secun-

342 4891 485 4954 dum
538 4909 714 4954 unam
744 4891 986 4953 vitalem
1022 4907 1263 4952 causam
1324 4888 1757 4969 praeexsistunt.
1799 4887 1996 4959 Quare

340 4980 806 5063 Deus,tanquam
825 4990 1030 5043 auctor
1048 4988 1106 5040 et
1122 4996 1369 5039 consum
1381 4985 1574 5040 mator
1590 4976 1722 5039 vitae
1749 4984 1988 5050 nostrae,

341 5081 620 5153 tanquam
645 5078 958 5132 contentor
986 5078 1043 5130 et
1066 5066 1435 5143 distributor,
1474 5074 1749 5148 tanquam
1784 5063 1993 5144 dispo-

342 5180 494 5224 nens
522 5158 890 5225 differentias
903 5158 1094 5221 omnis
1118 5157 1503 5234 vitaa,scilicet
1528 5155 1992 5235 intellectilium,

343 5251 753 5331 rationalium,
809 5246 1145 5329 sensilium,
1172 5255 1230 5309 et
1261 5265 1470 5309 eorum
1503 5264 1634 5327 qua:
1678 5253 1990 5326 augentur,

341 5341 609 5405 omnium
644 5337 1002 5422 principium
1028 5335 1715 5400 exsistit.Consideratur
1741 5335 1898 5398 enim
1932 5334 1995 5396 in

342 5436 504 5492 omni
534 5428 650 5492 vita
677 5426 1011 5492 secundum
1045 5426 1439 5509 multiplicem
1474 5426 1605 5489 vitae
1653 5423 1993 5505 generatio-

346 5537 484 5581 nem
505 5538 573 5583 ac
603 5517 1123 5582 varietatemzalia
1177 5525 1270 5580 est
1321 5516 1483 5579 enim
1545 5516 1763 5597 angeli,
1798 5524 1856 5578 et
1884 5514 1999 5578 alia

344 5607 630 5684 hominis,
664 5617 723 5670 et
769 5608 887 5672 alia
937 5606 1125 5681 bruti,
1159 5614 1219 5669 et
1264 5605 1382 5669 alia
1427 5605 1662 5688 plantae;
1720 5603 2003 5687 quocirca

352 5697 770 5767 consideratur
800 5705 864 5761 ut
892 5694 1217 5783 omnigcna
1264 5695 1646 5776 diversaque,
1680 5713 1812 5779 quae
1839 5694 2004 5758 unita

2074 4808 2412 4887 ὺφίστανται.
2468 4797 2527 4863 Ὀ
2590 4805 2678 4862 οὖν
2736 4809 2892 4883 Θεὸς,
2926 4805 2997 4869 ὡς
3055 4801 3237 4865 αἴτιος
3288 4803 3377 4859 καί
3413 4816 3745 4879 συμπληρω-

2077 4882 2225 4951 τικὸς
2278 4890 2375 4955 τῆς
2433 4891 2577 4957 ζωῆς
2616 4888 2797 4964 ἡμῶν,
2832 4882 2903 4948 ὡς
2946 4884 3200 4965 συνοχεὺς
3245 4884 3335 4939 καί
3394 4882 3742 4960 διαιρετικὸς,

2076 4980 2149 5042 ὡς
2208 4975 2452 5042 διατάξας
2486 4973 2691 5043 δηλαδὴ
2741 4976 2835 5038 τὰς
2867 4973 3117 5055 διαφορὰς
3149 4973 3357 5041 ἆπόσης
3400 4974 3571 5049 ζωῆς,
3607 4994 3742 5040 νοη-

2075 5073 2207 5147 τῶν,
2268 5066 2523 5143 λογικῶν,
2572 5067 2929 5145 αἰσθητικῶν,
2975 5062 3296 5143 αὑξητικῶν,
3332 5063 3484 5144 ἀρχὴ
3527 5062 3742 5119 πάντων

2074 5158 2243 5230 εστίν,
2290 5155 2668 5234 Ἐνθεωρεϊται
2701 5153 2754 5209 δὲ
2801 5155 2985 5230 ἁπάσῃ
3042 5159 3155 5230 ζωῇ
3184 5153 3319 5209 κατά
3348 5155 3449 5220 τῆν
3503 5150 3741 5230 πολυγο-

2078 5247 2192 5303 νίαν
2222 5247 2310 5302 καί
2353 5247 2449 5314 τὴν
2485 5244 2752 5302 ποικιλίαν
2809 5246 2910 5311 τῆς
2942 5243 3104 5311 ξωῆςο
3143 5241 3282 5309 ἄλλη
3326 5242 3426 5321 γάρ
3486 5239 3739 5322 ἀγγέλου,

2077 5338 2167 5394 καί
2196 5335 2340 5403 ἄλλη
2368 5335 2665 5412 ἀνθρώπου,
2698 5334 2789 5391 καί
2826 5332 2964 5402 ἄλλη
3014 5334 3236 5412 ἀλόγου,
3266 5332 3356 5389 καί
3384 5330 3523 5399 ἄλλη
3554 5337 3739 5413 φυτοῦο

2079 5424 2163 5487 διά
2194 5433 2348 5482 τοῦτο
2379 5425 2715 5505 ἐνθεωρετται
2763 5421 3077 5491 παντοδατνὶ⁸
3109 5423 3197 5480 καί
3228 5419 3448 5489 ποικίλη
3479 5423 3515 5491 ἡ
3570 5420 3740 5477 ἑνιαία

2081 5537 2139 5572 τε
2172 5521 2261 5572 καί
2290 5514 2459 5596 ἁπλῆ,
2492 5517 2526 5584 ἡ
2572 5512 2842 5594 ἀνενδεὴς,
2892 5511 3099 5590 μᾶλλον
3129 5513 3185 5569 δὲ
3229 5513 3318 5570 καί
3362 5509 3734 5591 ὒπερπλήρηςσ

2083 5606 2143 5661 οὗ
2196 5605 2296 5683 γάρ
2334 5607 2517 5663 ἱκανὸν
2573 5604 2661 5662 ἐπί
2707 5602 2907 5673 ταύτης
2952 5604 3013 5660 τὸ
3066 5600 3304 5668 ἂνενδεὲς
3363 5600 3566 5681 λέγειν,
3600 5598 3736 5655 ἀλλά

2085 5695 2397 5777 προσθετέον
2456 5697 2544 5753 καί
2573 5697 2633 5751 τὸ
2685 5693 3058 5774 ὒπερπλήρης,
3086 5694 3216 5751 καθὸ
3277 5695 3340 5750 τὸ
3398 5692 3594 5770 ἀγαθὸν
3638 5695 3735 5767 τῆς
