4032 6426
380 275 496 343 867

1516 281 1574 346 S.
1649 273 1992 345 DIONYSII
2049 277 2580 346 AREOPAGITE.

3651 286 3772 358 868

379 427 695 490 tellectiles
743 431 1120 500 contueatur,
1155 433 1352 488 tamen
1383 428 1556 490 istam
1583 434 1895 502 unionem,
1916 445 2014 506 qui

2117 419 2272 485 ὃλους
2333 428 2464 477 Θεοῦ
2520 421 2882 499 γιγνομένουτ
2957 438 3205 503 κρεῖττον
3263 428 3364 504 γὰρ
3425 429 3568 486 εἶναι
3616 437 3778 508 Θεοῦ,

380 518 562 580 rebus
590 535 654 576 se
685 514 1097 594 superioribus
1124 516 1816 597 conjungitur,naturam
1849 517 2038 596 ipsius

377 609 552 686 longe
582 603 1240 684 superare.Sccundum
1287 607 1438 669 hanc
1461 609 1657 685 itaque
1683 606 1878 668 divina
1905 614 2040 666 sunt

377 695 786 774 intelligenda,
823 713 940 756 non
977 713 1141 756 more
1174 705 1396 770 nostro,
1450 697 1556 760 sed
1605 705 1899 778 quatenus
1930 708 2038 756 nos

375 787 487 868 ipsi
521 794 676 847 totos
706 803 739 846 a
769 785 939 845 nobis
993 785 1130 846 totis
1175 785 1547 861 abdicamus,
1599 796 1657 848 et
1695 792 1799 847 toti
1836 793 2036 846 trans-

373 877 529 938 imus
561 876 622 936 in
655 878 842 939 Deum
879 900 893 952 -,
929 875 1229 955 siquidem
1277 876 1453 956 longe
1498 885 1735 958 prastat
1771 894 1883 937 nos
1927 875 2038 938 Dei

2123 512 2207 566 καὶ
2250 511 2326 585 μὴ
2360 512 2558 567 ἑαυτῶν
2581 509 2636 558 9°
2697 512 2834 569 οὕτω
2881 515 2978 592 γὰρ
3039 513 3186 571 ἔσται
3219 531 3282 572 τα
3327 519 3448 574 θεῖα
3479 517 3607 574 δοτὰ
3657 535 3778 580 τοῖς

2123 601 2257 674 μετὰ
2289 608 2416 658 Θεοῦ
2460 603 2760 680 γινομένοις
2791 602 2867 656 10.
2932 605 3139 670 Ταύτην
3173 604 3262 661 οὖν
3305 607 3403 673 τὴν
3435 605 3631 686 ἄλογον
3689 611 3784 665 καὶ

2123 688 2277 746 ἄνουν
2337 692 2420 748 καὶ
2475 694 2657 770 μωρὰν
2711 695 2898 772 σοφίαν
2949 691 3289 774 ὕπεροχικῶς
3342 700 3650 773 ὑμνοῦντες,
3685 699 3783 754 εἴ-

2121 802 2334 860 πωμεν,
2367 779 2446 838 ὅτι
2501 781 2696 846 παντός
2747 781 2857 840 ἔστι
2920 790 3030 858 νοῦ,
3065 786 3150 840 καὶ
3206 783 3394 864 λόγου⁷
3451 789 3539 844 καὶ
3596 788 3781 854 πάσης

2121 871 2328 949 σοφίας,
2394 874 2476 928 καὶ
2533 871 2791 935 συνέτεως
2863 873 3024 930 αἰτία·
3090 874 3174 930 καὶ
3233 879 3396 942 αὐτῆς
3445 876 3554 933 ἐστι
3629 885 3782 935 πᾶσα

374 985 508 1029 esse
538 985 714 1047 quam
749 972 1013 1045 nostros;
1083 964 1166 1028 sic
1197 968 1357 1027 enim
1394 967 1592 1028 divina
1615 965 1787 1028 nobis
1808 965 1934 1026 dari
1962 985 2014 1044 ρ(

2120 959 2310 1036 βουλὴ,
2346 962 2432 1017 καὶ
2485 959 2612 1038 παρ’
2643 961 2808 1028 αὐτῆς
2853 969 2997 1019 πᾶσα
3050 969 3245 1041 γνῶσις
3303 967 3392 1022 καὶ
3428 969 3652 1041 σύνεσις,
3687 970 3782 1023 γαὶ

376 1064 603 1137 terunt,
627 1057 676 1116 si
708 1073 841 1117 cum
875 1055 996 1116 Deo
1023 1055 1311 1118 fuerimus
1337 1055 2014 1138 conjuncti.HancigituI

2119 1050 2172 1106 ἐν
2217 1052 2348 1125 αὒτῇ
2382 1054 2571 1114 πάντες
2601 1053 2647 1106 οἷ
2689 1053 2942 1131 θησαυροὶ
2971 1057 3070 1120 τῆς
3135 1053 3320 1133 σοφίας
3354 1057 3438 1111 καί
3491 1061 3591 1123 τῆς
3625 1058 3780 1134 γνώ-

373 1148 621 1208 rationis
650 1153 958 1225 expertem
975 1154 1342 1208 etamentem
1368 1147 1771 1228 atquelatuam
1796 1144 2014 1225 sapien

2120 1141 2256 1202 σεώς
2311 1143 2441 1196 εἰσιν
2499 1141 2823 1221 ἀπόκρυφοι.
2881 1143 2979 1200 Καὶ
3011 1145 3111 1220 γὰρ
3164 1142 3438 1219 ἑπομένως
3488 1159 3607 1210 τοϊς
3667 1146 3776 1214 ἤδη

375 1246 494 1301 tem
525 1235 826 1314 superlate
857 1235 1187 1310 laudantes,
1244 1237 1539 1311 dicamus,
1588 1236 1783 1298 omnis
1815 1236 2014 1296 mentis

2114 1231 2517 1309 προειρημένοις
2564 1232 2598 1298 ἡ
2661 1231 2958 1312 ὑπέρσοφος
3014 1235 3106 1289 καὶ
3161 1235 3430 1315 πάνσοφος
3489 1237 3628 1292 αίτία
3685 1239 3778 1294 καὶ

373 1336 432 1390 et
455 1326 726 1406 rationis,
773 1325 1091 1403 omnisque
1138 1328 1447 1407 sapientia
1501 1336 1560 1388 et
1609 1325 2014 1406 intelligentia

2113 1320 2206 1388 τῆς
2259 1318 2586 1400 αὒτοσοφίας
2620 1321 2704 1376 καὶ
2765 1326 2859 1388 τῆς
2893 1320 3026 1390 ὅλης
3085 1325 3174 1380 καὶ
3230 1330 3326 1400 τῇς
3370 1323 3489 1382 καθ’
3549 1325 3778 1383 ἕκαστόν

371 1435 611 1480 causam
647 1433 780 1477 esse
827 1425 930 1496 ;et
975 1415 1161 1496 ipsius
1193 1435 1332 1479 esse
1363 1436 1539 1478 omne
1596 1416 1939 1496 consilium,
1967 1427 2014 1477 el

2111 1412 2254 1469 ἐστιν
2284 1410 2596 1470 ὒποστάτις.
2982 1455 2990 1462 -

365 1506 442 1569 ab
475 1525 546 1569 ea
592 1523 831 1567 omnem
864 1506 1175 1568 scientiam
1237 1515 1294 1567 et
1324 1507 1771 1588 intelligentiam
1807 1503 2130 1587 proﬁcisci,
2165 1499 2314 1564 etin
2365 1517 2435 1561 ea
2465 1518 2678 1564 omnes
2734 1503 3052 1564 thesauros
3109 1503 3418 1582 sapientia
3462 1513 3518 1566 et
3576 1505 3778 1568 scien-

368 1598 466 1662 tia
494 1595 876 1659 absconditos
903 1614 1036 1658 esse
1084 1596 1119 1660 '.
1155 1595 1390 1660 Etenim
1455 1598 1883 1660 convenienter
1913 1597 1984 1656 iis
2025 1611 2162 1677 qua
2193 1598 2366 1653 antea
2397 1589 2558 1655 dicta
2604 1602 2761 1666 sunt,
2797 1609 2996 1654 causa:
3029 1610 3388 1674 supraquam
3422 1595 3666 1676 sapiens
3715 1603 3779 1658 et

367 1687 568 1750 omnia
599 1687 820 1760 sciens,
861 1703 966 1766 per
998 1705 1062 1749 se
1097 1687 1408 1768 sapientia
1439 1696 1498 1751 et
1530 1687 1710 1751 totius
1743 1685 2053 1769 sapientia
2083 1681 2436 1746 universalis
2468 1689 2526 1743 et
2554 1682 2876 1762 singularis
2911 1683 3203 1745 effectrix.

446 2008 574 2090 §Il.
603 2008 682 2072 Ex
715 2028 783 2072 ea
801 2011 1256 2074 intellectilesac
1291 2012 1695 2091 intelligentes
1713 2011 2014 2089 angelica-

2182 2007 2270 2074 Ἐξ
2343 2007 2505 2074 αὐτῆς
2566 2009 2617 2064 αἶ
2669 2008 2854 2074 νοηταὶ
2916 2009 2998 2064 καὶ
3059 2009 3232 2086 νοεραὶ
3294 2009 3400 2064 τῶν
3463 2009 3770 2088 ἁγγελικῶν

366 2118 497 2162 rum
535 2100 822 2162 mentium
852 2101 1103 2164 virtutes
1127 2102 1439 2183 simplices
1469 2122 1538 2164 ac
1572 2103 1772 2164 beatas
1795 2103 2014 2162 habent

2101 2106 2235 2156 νοῶν
2299 2096 2533 2162 δυνάνεις
2582 2099 2671 2160 τὰς
2716 2097 2889 2162 ἁπλᾶς
2943 2099 3032 2154 καὶ
3087 2098 3347 2174 μακαρίας
3394 2100 3582 2179 ἔχουσι
3637 2103 3772 2170 νοή-

365 2189 816 2271 intelligentias,
853 2191 994 2253 dum
1041 2209 1159 2253 non
1193 2192 1451 2254 dividuis
1509 2202 1612 2255 aut
1656 2210 1688 2254 e
1730 2191 2014 2265 dividuis,

2103 2212 2236 2262 σεις,
2275 2190 2369 2246 οὔκ
2423 2187 2478 2243 ἐν
2537 2202 2837 2266 μεριστοτς,
2991 2186 3096 2243 ἀπὸ
3155 2195 3439 2270 μεριστῶν,
3473 2190 3510 2258 ἢ
3573 2191 3768 2260 αἰσθή-

365 2280 455 2340 vel
487 2280 760 2342 sensibus
801 2282 889 2342 vel
934 2282 1167 2343 diﬂ‘usis
1209 2282 1568 2362 rationibus,
1605 2283 2014 2346 ratiocinando

2103 2301 2264 2359 σεων,
2297 2279 2332 2346 ἢ
2392 2278 2567 2356 λόγων
2620 2276 2923 2342 διεξοδικῶν
2982 2277 3030 2320 ﬂ
3093 2280 3409 2357 συνάγουσαι
3467 2280 3567 2346 τὴν
3624 2281 3767 2336 θείαν

362 2369 622 2432 divinam
648 2370 935 2450 colligunt
958 2372 1415 2453 scientiam,nec
1442 2373 1654 2434 iisdem
1680 2373 2014 2436 communi-

2104 2372 2324 2446 γνῶσιν,
2357 2366 2475 2424 οῦδὲ
2525 2367 2627 2424 ὒπό
2659 2389 2798 2433 τινος
2857 2374 3037 2424 κοινοῦ
3095 2369 3225 2446 πρὸς
3274 2368 3436 2424 ταῦτα
3469 2390 3764 2447 συμπεριε·

364 2467 458 2522 ter
484 2460 929 2541 adharent,sed
963 2465 1040 2522 ab
1075 2468 1236 2524 omni
1270 2463 1514 2525 materia
1558 2463 2014 2544 pluralitateque

2103 2459 2360 2537 χόμεναι,
2417 2459 2616 2522 παντὸς
2672 2456 2726 2512 δὲ
2787 2457 2970 2513 ὕλικοῦ
3029 2459 3113 2513 καὶ
3172 2457 3408 2526 πλήθους
3479 2457 3536 2508 η
3591 2463 3764 2517 καθα-

363 2559 840 2630 pura,spiritali,a
858 2563 1092 2618 materia
1120 2571 1343 2620 secreto
1371 2573 1542 2635 atque
1556 2564 1827 2621 unitormi
1852 2564 2014 2621 modo

2103 2548 2365 2628 ρεύουσαι,
2399 2553 2616 2626 νοερῶς,
2672 2547 2871 2627 ἀύλως,
2904 2546 3161 2610 ἐνοειδῶς
3204 2545 3280 2620 ¹³,
3333 2549 3398 2603 τὰ
3447 2550 3608 2614 νοητὰ
3653 2555 3760 2604 τῶν

365 2657 435 2700 ea
457 2642 718 2720 capiunt,
745 2661 882 2722 qua
913 2643 972 2703 in
1008 2643 1221 2706 divinis
1243 2644 1497 2723 intelligi
1526 2653 2014 2724 possunt;estque

2101 2641 2254 2695 θείων
2313 2647 2511 2694 νοοῦσιο
2544 2641 2630 2694 καὶ
2693 2636 2835 2693 ἔστιν
2881 2641 3069 2700 αὐταῖς
3116 2639 3150 2705 ἡ
3211 2639 3368 2715 νοερὰ
3401 2637 3611 2712 δύναμις
3666 2640 3758 2694 καὶ

365 2729 484 2790 illis
514 2731 602 2793 vis
630 2731 917 2810 spiritalis
967 2742 1144 2813 atque
1203 2736 1472 2814 operatio
1526 2735 1922 2814 impermista,
1959 2743 2014 2797 et

2103 2729 2338 2806 ἐνέργεια
2395 2729 2465 2796 τῆ
2498 2728 2688 2805 ἀμιγεῖ
2750 2727 2835 2783 καί
2893 2728 3147 2807 ἁχράντῳ
3202 2729 3523 2806 καθαρότητι
3583 2749 3763 2794 κατη-

361 2819 744 2884 immaculata
771 2823 1022 2902 puritate
1044 2824 1460 2904 resplendens,
1489 2833 1547 2886 et
1578 2827 1897 2905 conspicax
1920 2825 2014 2886 di-

2099 2817 2424 2896 γλαῖσμένη,
2483 2820 2570 2873 καὶ
2630 2819 2923 2885 συνοπτικὴ
2965 2824 3070 2873 τῶν
3141 2819 3293 2874 θείων
3337 2820 3575 2884 νοήσεων
3633 2817 3766 2892 ἆμε-

361 2911 627 2972 vinarum
660 2911 1348 2993 intelligentiarum,qua
1375 2914 1684 2976 divisionis
1712 2934 1782 2976 ac
1819 2923 2014 2976 mate-

2098 2908 2232 2987 ρὲίᾳ,
2295 2909 2380 2964 καὶ
2432 2907 2608 2980 ἆῦλίᾳ,
2667 2909 2757 2964 καὶ
2812 2909 2890 2982 τῷ
2943 2906 3187 2971 θεοειδῶς
3245 2908 3319 2964 ἑνὶ
3376 2905 3432 2949 η
3488 2910 3622 2983 πρὸς
3672 2911 3765 2965 τὸν

359 2999 465 3062 ria
487 3000 896 3074 carentia,nec
937 3021 1055 3062 non
1083 3002 1365 3064 deiformi
1389 3004 1617 3065 unitate
1646 3003 1721 3065 ad
1753 3002 2011 3066 divinam

2097 3001 2239 3055 θεῖον
2294 2995 2347 3038 ¹⁵
2375 2996 2668 3076 ὂπέρσοφον
2725 2999 2813 3054 καὶ
2867 3005 3011 3072 νοῦν,
3049 3000 3135 3054 καὶ
3183 2997 3368 3074 λόγον,
3403 2999 3479 3063 ὡς
3518 2998 3758 3079 ἐφικτὸν,

358 3099 421 3151 et
438 3090 745 3172 plusquam
769 3091 1100 3171 sapientem
1138 3101 1399 3155 mentem
1422 3113 1490 3155 ac
1505 3093 2013 3176 rationem,quan-

2097 3085 2510 3162 ἀποτυπουμένη
2568 3083 2653 3142 διὰ
2704 3088 2803 3154 τὴν
2861 3088 3003 3143 θείαν
3059 3087 3270 3166 σοφίαν.
3327 3091 3422 3145 Καὶ
3468 3090 3644 3168 ψυχαὶ
3705 3091 3761 3145 τὸ

357 3186 480 3240 tum
514 3179 644 3240 ﬁeri
669 3187 886 3260 potest,
925 3198 1031 3258 per
1063 3180 1321 3243 divinam
1349 3183 1703 3264 sapientiam
1729 3175 2010 3246 eﬂ’orma-

2097 3177 2310 3256 λογικὸν
2371 3177 2555 3258 ἔχουσι
2599 3175 2896 3244 διεξοδικῶς
2946 3178 3044 3252 μὲν
3091 3179 3175 3234 ιιαὶ
3223 3177 3406 3252 κύκλῳ
3473 3180 3596 3256 περὶ
3660 3179 3758 3246 τὴν

357 3278 478 3332 tur.
511 3267 663 3330 Hinc
694 3268 869 3330 etiam
896 3275 1110 3332 anima
1140 3271 1530 3334 ratiocinandi
1560 3273 1675 3334 vim
1709 3272 2007 3346 obtinent,

2097 3274 2200 3324 τῶν
2261 3265 2427 3323 ὄντων
2484 3264 2735 3336 ἔίλήθειαν
2794 3265 3291 3348 περιπορευόμεναι,
3339 3269 3426 3325 καὶ
3479 3273 3560 3340 τῷ
3597 3289 3757 3348 μερι-

357 3376 494 3439 qua
516 3358 656 3420 dum
691 3375 799 3440 per
842 3357 1146 3440 digressus
1178 3361 1462 3442 quosdam
1499 3371 1560 3424 et
1590 3381 1697 3443 per
1726 3363 2010 3443 ambages

2097 3365 2203 3432 στῷ
2257 3359 2344 3414 καὶ
2373 3363 2452 3432 τῷ
2480 3355 2804 3430 παντοδαπῷ
2833 3354 2887 3399 ίθ
2912 3362 3006 3434 τῇς
3045 3358 3314 3421 ποικιλίας
3373 3355 3753 3433 ἀπολειπόμε-

2088 3471 2178 3505 ναι
2211 3453 2318 3506 τῶν
2350 3447 2566 3504 ἑνιαίων
2611 3454 2748 3506 νοῶν
2781 3445 2854 3487 ¹⁷⁶
2889 3454 2957 3522 τῇ
3002 3445 3058 3504 δὲ
3103 3448 3209 3504 τῶν
3238 3447 3453 3505 πολλῶν
3493 3450 3568 3510 εἷς
3614 3450 3675 3506 τὸ
3704 3448 3758 3504 ἓν

2092 3537 2370 3611 συνελίξει,
2405 3539 2493 3594 καὶ
2536 3545 2640 3594 τῶν
2683 3536 2984 3615 ἱσαγγέλων
3027 3539 3288 3618 νοήσεων,
3334 3537 3415 3617 ἐφ’
3461 3536 3588 3595 ὅσον
3647 3543 3754 3615 ψυ-

2094 3641 2231 3709 χαῖς
2290 3629 2490 3685 οἰκεῖον
2523 3629 2610 3684 καὶ
2669 3627 2908 3703 ἐφικτὸν,
2943 3627 3270 3703 ἀξιούμεναι,
3337 3627 3483 3685 Αλλᾶ
3513 3630 3605 3685 καί
3661 3630 3756 3692 τὰς

2094 3721 2363 3789 αἰσθήσεις
2424 3718 2606 3791 αὐτὰς,
2665 3721 2761 3777 οὐκ
2817 3716 2880 3772 ἄν
2939 3741 3020 3783 τις
3084 3718 3310 3796 ἁμάρτοι
3364 3718 3594 3793 σκοποῦ,
3657 3725 3754 3786 τῆς

2092 3810 2279 3887 σοφίας
2315 3809 2594 3888 ἀπήχημα
2625 3809 2824 3885 φήσαςο
2881 3810 3052 3866 καίτοι
3081 3809 3171 3864 καί
3227 3811 3254 3864 ὁ
3284 3806 3558 3883 δαιμόνιος
3606 3816 3751 3886 νοῦς,

2091 3901 2127 3975 ᾗ
2171 3901 2288 3963 νοῦς
2317 3896 2390 3973 1⁸,
2437 3900 2599 3966 αὐτῆς
2632 3897 2765 3955 ἐστι*
2829 3896 2945 3955 καθ’
2976 3898 3099 3954 ὅσον
3133 3895 3188 3953 δὲ
3249 3905 3365 3960 νοῦς
3410 3899 3554 3954 ἐστιν
3614 3898 3748 3966 ἧλο-

2095 3988 2351 4068 γημένος,
2384 3999 2598 4068 τυχεῖν,
2632 3988 2692 4044 οὗ
2719 3987 2943 4068 ἐφίεται,
2983 3989 3060 4064 μὴ
3093 3986 3267 4066 εἰδὼς,
3303 3987 3442 4062 μήτε
3473 3987 3749 4064 βουλόμε-

2090 4102 2202 4154 νος,
2238 4078 2501 4135 ἔκπτωσιν
2561 4079 2746 4158 σοφίας
2807 4078 3125 4157 κυριώτερον
3179 4077 3336 4134 αὐτὸν
3387 4077 3746 4157 προσρητέον.

2091 4167 2242 4226 Ἀλλ’
2275 4167 2356 4224 ὅτι
2401 4169 2500 4242 μὲν
2528 4169 2715 4248 σοφίας
2760 4169 2927 4234 αὐτῆς
2959 4168 3047 4226 καί
3103 4169 3307 4244 πάσης,
3343 4169 3433 4224 καί
3461 4175 3553 4224 νοῦ
3604 4191 3746 4226 παν-

2089 4262 2202 4341 τὸς,
2235 4259 2323 4315 καί
2379 4256 2562 4336 λόγου,
2597 4259 2686 4314 καί
2745 4259 3038 4328 αἰσθήσεως
3083 4258 3262 4324 πάσης
3312 4258 3349 4326 ἠ
3377 4259 3500 4314 θεία
3561 4261 3745 4337 σοφία,

2084 4351 2169 4408 καὶ
2223 4349 2394 4429 ἀρχὴ,
2431 4359 2516 4405 και
2549 4347 2709 4428 αἰτία,
2743 4348 2833 4404 καί
2887 4348 3169 4410 ὑποστάτις
3201 4344 3276 4427 19,
3309 4346 3401 4404 καί
3444 4345 3742 4427 τελείωσις,

2083 4441 2173 4496 καί
2229 4439 2449 4519 φρουρὰ,
2507 4438 2596 4495 καί
2657 4437 2847 4518 πέρας,
2893 4435 3131 4517 εἵρηται³
3205 4438 3322 4500 πῶς
3379 4434 3435 4493 δέ
3497 4437 3658 4502 αὑτὸς
3717 4440 3744 4494 ὁ

2085 4538 2214 4607 Θεος
2278 4531 2306 4586 ὁ
2362 4527 2655 4608 ὃτιὲρσοφος
2707 4529 2886 4609 σοφία,
2921 4529 3010 4584 καί
3066 4534 3213 4608 νοῦς,
3268 4528 3358 4584 καί
3413 4525 3602 4606 λόγος,
3659 4526 3745 4583 καί

357 3466 560 3510 rerum
608 3448 966 3532 investigarit
1015 3451 1347 3532 veritatem,
1385 3460 1624 3534 propter
1671 3453 1918 3515 divisam
1949 3463 2010 3517 et

356 3537 700 3599 omnitidam
737 3541 1080 3603 varietatem
1129 3561 1248 3602 nou
1313 3561 1519 3623 parum
1565 3543 1638 3604 ab
1674 3545 1856 3605 unitis
1889 3542 2008 3606 illis

352 3627 652 3690 mentibus
693 3628 982 3691 deﬁciunt
1015 3650 1031 3706 ;
1066 3631 1171 3692 sed
1218 3631 1319 3692 ubi
1363 3632 1607 3694 demnm
1635 3651 1668 3694 e
1702 3632 1909 3694 multis
1946 3633 2008 3694 in

354 3737 538 3780 unum
577 3737 711 3782 sese
761 3719 1068 3799 colligunt,
1118 3722 1417 3801 angelicas
1466 3723 1672 3798 etiam,
1724 3731 2010 3805 quantum

353 3809 590 3889 quidem
616 3809 929 3872 animabus
963 3813 1260 3893 congruit,
1287 3812 1714 3893 intelligentias
1731 3814 2012 3875 amulan-

356 3899 635 3973 tur.Quin
660 3909 718 3962 et
735 3918 947 3962 sensus
962 3899 1124 3981 ipsos
1138 3903 1184 3963 si
1205 3903 1338 3983 quis
1360 3904 1669 3984 sapientia
1689 3904 2007 3985 quemdam

355 3988 604 4050 sibilum
632 4007 766 4052 esse
789 3990 1027 4072 dixerit,
1058 4010 1432 4073 nequaquam
1458 4012 1492 4055 a
1515 4012 1654 4056 vero
1677 3993 2003 4057 aberrabit:

349 4097 491 4140 nam
517 4087 575 4141 et
595 4079 929 4142 damonum
953 4099 1192 4162 quoque
1216 4101 1407 4165 mens,
1440 4084 1501 4146 in
1523 4091 1809 4165 quantum
1835 4102 2009 4146 mens

350 4175 693 4251 est,exipsa
721 4177 831 4249 est;
867 4172 928 4232 in
961 4181 1252 4249 quantum
1287 4192 1424 4236 vero
1468 4192 1678 4237 amens
1711 4183 1822 4250 est,
1856 4182 1917 4236 et
1947 4173 2006 4235 id

349 4259 506 4341 quod
534 4265 758 4342 appetit
786 4279 900 4323 nec
930 4260 1027 4336 sit,
1064 4281 1174 4325 nec
1194 4265 1318 4326 vult
1340 4265 1810 4347 assequi,verius
1838 4283 1872 4327 a
1901 4282 2003 4326 sa-

349 4349 574 4430 pientia
594 4350 844 4413 defectio
867 4349 987 4413 dici
1001 4351 1328 4417 debet.Sed
1347 4355 1486 4416 460
1507 4355 1788 4437 quoniam
1803 4354 2005 4417 divina

345 4440 638 4519 sapientia
664 4439 978 4521 ipsiusmet
1006 4441 1334 4525 sapientia,
1363 4453 1539 4526 atque
1571 4445 1768 4506 omnis
1798 4445 2000 4507 etiam~

348 4529 590 4605 mentis,
613 4530 863 4592 rationis
887 4550 958 4593 ac
990 4549 1204 4595 sensus
1230 4535 1614 4617 principium,
1643 4542 1704 4598 et
1728 4543 2002 4610 causa,et

348 4619 805 4700 procreatrix,et
831 4621 1212 4702 perfectio,et
1241 4624 1540 4708 custodia,
1568 4633 1626 4688 et
1659 4626 1996 4688 terminatio

2097 4627 2277 4700 γνῶσις
2324 4617 2387 4669 10
2415 4620 2662 4695 ὑμνεῖται
2695 4637 2712 4700 ;
2747 4624 2863 4683 πῶς
2893 4618 2993 4697 γὰρ
3028 4619 3210 4688 νοήσει
3263 4639 3313 4674 τι
3344 4620 3450 4675 τῶν
3503 4617 3739 4691 νοητῶν,

345 4709 502 4770 dicta
531 4717 619 4771 est
652 4710 993 4790 ;quomodo
1038 4729 1180 4791 ergo
1225 4713 1385 4777 Deus
1451 4707 1584 4795 ipSe
1627 4710 1992 4796 supraQuam

2097 4715 2174 4771 ιῦκ
2229 4709 2376 4791 ἔχων
2408 4709 2591 4788 νοερὰς
2639 4708 2901 4788 ἐνεργείας
2933 4731 2950 4784 ;
3009 4707 3044 4777 ἢ
3075 4714 3190 4774 πῶς
3230 4707 3495 4787 γνώσεται
3525 4709 3593 4766 τὰ
3651 4709 3739 4763 αἶ·-

345 4800 586 4879 sapiens
615 4799 928 4879 sapientia,
959 4808 1018 4862 et
1051 4819 1243 4879 mens,
1283 4813 1343 4866 et
1367 4803 1704 4882 verbum,et
1735 4805 1993 4884 cognitio

2097 4801 2246 4867 ιθῆτὰ
2273 4848 2290 4881 ,
2360 4800 2540 4866 πάσης
2625 4799 2919 4869 αἰσθήσεως
3003 4796 3464 4877 ὑπεριδρυμένοςς

3557 4799 3736 4857 Καίτοι

345 4888 1036 4972 pradicatur?quomodo
1069 4893 1226 4955 enim
1247 4894 1538 4975 intelligat
1557 4893 1880 4977 quidquam
1907 4894 1998 4957 in-

2097 4891 2252 4949 τάντα
2307 4891 2465 4947 αὒτὸν
2514 4886 2702 4946 εἰδέναι
2754 4889 2884 4968 φησί
2912 4888 2980 4945 τὰ
3035 4887 3228 4966 Αόγια,
3263 4887 3352 4944 καί
3399 4885 3552 4944 οὐδὲν
3613 4886 3734 4944 δια-

349 4979 742 5057 tellectilium,
775 4981 828 5042 si
857 4997 978 5042 non
1002 4979 1216 5048 habeat
1256 4984 1585 5067 spiritalem
1615 4993 1812 5050 actum
1842 4990 1872 5049 ?
1900 4985 1993 5048 vel

426 5139 439 5175 '
471 5141 703 5207 Coloss.
738 5159 804 5226 Il,
838 5144 898 5210 3.

2081 4984 2291 5065 φεύγειν
2335 4981 2430 5048 τήν
2456 4980 2599 5037 θείαν
2647 4982 2869 5056 γνῶσινο
2902 4976 3066 5054 ἀλλὰ,
3097 4977 3231 5058 ὅπερ
3260 4977 3397 5057 ἓφην
3441 4975 3732 5054 πολλάκις,

1677 5255 1934 5324 VARIE
1955 5251 2394 5323 LECTIONES.

423 5428 457 5484 9
486 5430 595 5518 καίΔ
612 5432 751 5518 μέλη
784 5432 978 5511 αὐτῶν,
1127 5434 1227 5518 Sc.
1312 5436 1366 5481 ¹ο
1393 5439 1720 5518 γενομένοις,
1754 5442 1824 5506 Ρ.
1877 5439 1944 5504 S.

344 5671 403 5728 ιο
429 5674 522 5732 καί
552 5671 825 5761 γνώστης,
856 5675 919 5742 S.
952 5676 1020 5742 Ρ.
1053 5675 1152 5744 SC.
1184 5676 1317 5744 Sar.

2032 5437 2080 5482 Ῑί
2115 5434 2436 5509 διεξοδικῶς,
2475 5431 2539 5496 Ρ.

344 5511 442 5598 _S_C.
505 5513 601 5598 καὶ
622 5515 818 5598 ᾇῢλως,
850 5519 969 5573 καὶ¹
1005 5515 1267 5598 ἑνοειδῶς,
1303 5521 1368 5585 Ρ,
1408 5511 1532 5576 ’καί-
1567 5511 1795 5598 νοητῶς,
1826 5521 2026 5595 ἆΰλως,
2061 5521 2124 5584 S.
2210 5517 2266 5563 ¹⁸
2306 5516 2517 5598 Evt-etim,
2543 5514 2607 5577 S.
2668 5511 2801 5598 Sar:

342 5591 397 5679 ἒξ
423 5596 518 5679 καί
572 5597 679 5679 τῶν
735 5591 996 5679 μεριστῶν
1041 5597 1135 5679 καὶ
1191 5591 1564 5679 παντοδαπῶν,
1590 5603 1652 5667 S.
1685 5591 1791 5666 Ρ.’
1836 5601 1893 5648 Π
1947 5591 2188 5678 ὶννοιῶν,
2250 5602 2316 5666 S.

2629 5431 2682 5476 1³
2725 5432 2948 5497 πάθους.
3036 5427 3089 5474 13
3115 5431 3382 5510 καθαρῶς,
3416 5428 3613 5510 ἆῢλως,

2891 5512 2944 5556 ίδ
2975 5513 3108 5590 πρὸς
3148 5512 3210 5570 τὸ
3253 5506 3467 5590 ⁷νοερόν,
3497 5508 3575 5574 Μ.
3599 5506 3602 5507 ν
3629 5506 3724 5572 Sc.

2398 5593 2453 5640 18
2480 5596 2524 5654 εί
2573 5598 2692 5663 νοῦς
2743 5593 2826 5659 Μ.
2879 5591 2982 5658 Sc.
3065 5589 3119 5639 ιθ
3150 5589 3463 5672 ὑπόστασις,
3509 5593 3573 5659 S.
3630 5590 3723 5654 Sc.
