4032 6430
405 278 511 350 871

1586 288 1645 356 S.
1696 291 2037 357 DIONYSII
2083 285 2592 356 AREOPAGITIE

3664 281 3784 352 87?

3445 428 3463 460 1

394 423 647 505 piarium
662 424 791 502 ejus
805 420 1142 486 divinorum
1157 425 1216 486 in
1231 444 1295 487 se
1309 425 1669 500 habente,ad
1684 447 2025 506 cognoscent

2125 450 2230 482 των
2290 428 2393 502 ὁδῷ
2443 432 2530 485 καὶ
2573 427 2714 492 ταξει
2768 451 2906 484 κιτα
2937 427 3153 502 δύναμιν
3187 427 3399 502 ἅνειμεν
3444 428 3495 482 ἐν
3535 432 3604 502 τῇ
3640 426 3781 481 πάν-

391 515 530 575 dum
554 513 695 574 illud
730 531 1028 574 summum
1078 516 1297 576 bonum
1353 524 1410 577 et
1440 515 1708 578 omnium
1747 521 2037 578 bonorum

389 605 594 684 tinem,
624 601 715 664 via
745 611 803 663 et
829 603 1043 665 ordine
1068 623 1170 685 pro
1196 605 1422 668 viribus
1440 607 1822 669 ascendimus
1845 608 1904 669 in
1925 607 2035 668 ab-

384 693 605 755 latione
637 703 695 755 et
730 694 788 754 in
820 695 1224 773 superlatione
1254 695 1546 771 omnium,
1584 710 1644 758 et
1675 698 1736 757 in
1767 698 2032 760 omnium

385 802 580 845 causa.
608 783 899 856 Quocirca
928 786 1084 846 Deus
1115 785 1174 846 in
1221 785 1499 848 omnibus
1545 786 1947 867 cognoscitur,
1981 795 2038 848 et

382 873 702 953 separatim
722 871 792 933 ab
827 873 1102 934 omnibus
1138 895 1154 948 ;
1185 883 1241 935 et
1276 895 1381 955 per
1427 877 1829 956 cognitionem
1881 877 2036 939 Deus

383 962 770 1042 cognoscitur
798 982 863 1024 ac
899 981 1008 1044 per
1028 964 1464 1044 ignorationem
1497 986 1512 1043 ;
1541 975 1598 1029 et
1620 977 1712 1029 est
1743 967 1819 1030 de
1850 987 1920 1029 eo
1945 987 2039 1029 co-

383 1053 597 1134 gnitio,
635 1053 804 1133 ratio,
850 1061 908 1115 et
952 1055 1224 1136 scientia,
1258 1065 1316 1118 et
1352 1066 1563 1137 tactus,
1588 1063 1650 1120 et
1689 1077 1928 1139 sensus,
1980 1063 2041 1122 et

387 1143 618 1224 Opinio,
651 1151 709 1204 et
740 1143 1433 1222 cogitatio.etnomen,et
1462 1146 1576 1208 alia
1598 1147 1822 1226 omnia;
1855 1160 1916 1209 et
1941 1166 2038 1208 ne-

381 1251 496 1314 que
519 1232 884 1311 intelligitur,
913 1251 1110 1310 neque
1140 1235 1381 1310 dicitur,
1413 1255 1610 1318 neque
1642 1237 1984 1299 nominatur
2018 1262 2034 1312 ;

379 1341 492 1384 nec
524 1321 786 1383 estaliud
819 1339 1024 1385 eorum
1059 1344 1189 1404 quae
1231 1334 1386 1394 sunt.
1419 1345 1528 1389 nec
1572 1327 1634 1388 in
1687 1327 1884 1408 aliquo
1927 1345 2035 1390 e0-

377 1431 507 1474 rum
542 1431 672 1492 quae
703 1421 840 1473 sunt
886 1416 1260 1492 cognoscitur
1295 1438 1310 1487 ;
1346 1427 1403 1478 et
1433 1418 1492 1478 in
1524 1417 1803 1479 omnibus
1838 1417 2038 1480 omnia

379 1509 554 1579 est,et
587 1500 806 1564 nihilin
839 1503 996 1574 ullo;
1027 1511 1084 1565 et
1109 1522 1179 1566 ex
1212 1507 1505 1569 omnibus
1527 1506 1600 1568 ab
1629 1508 1906 1570 omnibus
1928 1528 2035 1570 co-

376 1592 702 1672 gnoscitur,
729 1600 834 1653 eta
866 1592 1027 1654 nullo
1059 1612 1126 1654 ex
1156 1594 1275 1657 ulla
1304 1614 1367 1657 re
1400 1617 1412 1660 :
1443 1597 1646 1676 utique
1673 1598 1747 1659 de
1774 1597 1896 1660 Deo
1921 1599 2033 1662 ista

372 1689 537 1745 recte
564 1681 836 1756 dicimus,
877 1691 934 1743 et
963 1702 1032 1744 ex
1079 1684 1357 1746 omnibus
1393 1693 1632 1768 quoque
1660 1688 1840 1750 rebus
1862 1689 2027 1751 cele-

2120 539 2226 573 των
2272 517 2541 598 ἀφαιρέσει
2586 520 2672 574 καὶ
2726 519 2997 596 ὑπεροχῇ,
3031 520 3119 574 καὶ
3179 518 3235 572 ἐν
3295 523 3363 593 τῇ
3419 517 3631 572 πάντων
3691 515 3778 570 αῖ-

2121 606 2233 680 τίᾳ.
2278 609 2370 664 Διὸ
2425 610 2511 664 καὶ
2543 607 2594 664 ἐν
2655 614 2814 663 πᾶσιν
2847 609 2874 664 6
2906 609 3036 668 Θεὸς
3082 607 3424 685 γινώσκεται,
3461 607 3549 662 καὶ
3608 607 3782 684 χωρὶς

2120 699 2354 754 πάντωνθ
2405 698 2499 753 καί
2545 698 2628 753 διὰ
2660 696 2906 774 γνώσεως
2931 700 2957 752 6
2990 699 3120 761 Θεὸς
3167 703 3511 773 γινώτκεται,
3548 697 3634 751 καὶ
3692 691 3780 749 διὰ

2120 788 2412 867 ἀγνωσίας,
2445 790 2531 844 καὶ
2578 787 2720 844 ἔστιν
2753 787 2909 845 ταιῦτοῦ
2961 790 3048 846 καὶ
3080 787 3286 861 νόησις,
3321 787 3409 842 καὶ
3467 785 3653 863 λόγος,
3691 784 3786 839 καὶ

3327 879 3414 932 καὶ
3474 874 3620 954 δόξα,
3680 872 3780 929 xii

2123 877 2418 951 ἐπιστήμη,
2455 880 2542 934 καὶ
2601 877 2805 956 ἐπαφὴ,
2860 879 2950 934 καὶ
3015 876 3292 956 αἴσθησις,

2123 968 2405 1048 φαντάσία,
2451 971 2538 1023 καὶ
2597 965 2789 1046 ὅνομα,
2823 968 2910 1022 καὶ
2969 967 3035 1023 τά
3100 964 3236 1022 ἄλλα
3296 967 3490 1038 πάντα,
3525 967 3613 1020 καὶ
3661 961 3784 1018 οὔτε

2123 1071 2348 1119 νοεῖται,
2399 1057 2515 1113 οὔτε
2563 1055 2812 1136 λέγεται,

2121 1169 2170 1202 τι
2203 1153 2308 1202 τῶν
2337 1147 2524 1219 ὄντων,
2561 1143 2675 1204 οὒδέ
2709 1145 2760 1200 ἕν
2789 1167 2890 1201 τινι
2951 1151 3058 1200 τῶν
3087 1144 3253 1203 ὄντων
3307 1149 3651 1222 γινώσκεται’
3687 1144 3778 1198 καὶ

2122 1236 2175 1292 ἐν
2211 1242 2333 1292 πᾶσι
2368 1236 2538 1292 πάντα
2565 1234 2708 1308 ἐστὶ,
2743 1235 2838 1290 καῖ
2862 1233 2915 1289 ἐν
2949 1233 3124 1292 οὐδενὲ
3156 1232 3324 1309 οὐδὲν,
3352 1235 3447 1290 καὶ
3471 1233 3532 1288 ἐκ
3558 1233 3779 1289 πάντων

2847 1054 2962 1113 οὔτε
3015 1057 3354 1129 ὀνομάζεται’
3402 1057 3490 1110 καὶ
3519 1056 3612 1111 οὒκ
3666 1051 3780 1108 ἔστι

2122 1331 2251 1382 πᾶσι
2296 1326 2638 1402 γινώσκεται,
2678 1325 2772 1381 καῖ
2803 1323 2854 1389 ἐξ
2887 1323 3100 1387 οὑδενὸς
3153 1322 3340 1382 οὔδενῦ
3381 1322 3476 1380 καί
3507 1324 3606 1400 γὰρ
3641 1329 3779 1378 ταῠο

2120 1439 2183 1472 τα
2215 1416 2379 1494 ὀρθῶς
2412 1414 2538 1493 περὶ
2571 1422 2701 1470 Θεοῦ
2731 1412 2980 1491 λέγομεν,
3016 1414 3112 1469 καί
3160 1413 3221 1470 ἐκ
3249 1421 3353 1470 τῶν
3384 1413 3550 1470 ὄντων
3593 1412 3778 1469 ἀπάν-

2119 1528 2226 1562 των
2275 1507 2520 1580 ὑμνεῖται
2583 1505 2717 1560 κατά
2774 1505 2868 1571 τὴν
2917 1504 3129 1560 πάντων
3179 1503 3467 1581 ἀναλογίαν
3496 1503 3570 1559 ὧν
3633 1504 3780 1558 ἐστιν

2119 1597 2318 1661 αἴτιος.
2376 1592 2488 1656 Καὶ
2523 1594 2663 1650 ἔστιν
2717 1593 2859 1658 αὖθις
2891 1593 2926 1660 ἡ
2965 1595 3184 1661 θειτάτη
3233 1616 3328 1650 του
3369 1593 3501 1650 Θεοῦ
3547 1597 3776 1672 γνῶσις,

2111 1690 2144 1754 ἡ
2207 1684 2276 1742 δι’
2334 1685 2597 1764 ἀγνωσίας
2642 1683 3044 1762 γινωσκομένη,
3110 1684 3246 1739 κατά
3307 1685 3406 1751 τὴν
3465 1683 3597 1760 ὑπὲρ
3656 1689 3781 1738 νοῦν

375 1771 602 1852 bratur,
626 1771 954 1833 secundum
984 1772 1250 1832 omnium
1277 1793 1528 1855 quorum
1568 1775 1699 1856 ipse
1734 1795 1910 1838 causa
1940 1784 2025 1838 est

2113 1777 2326 1852 ἕνωσιν,
2389 1774 2515 1832 ὅταν
2561 1778 2588 1830 6
2648 1783 2791 1848 νοῦς,
2853 1772 2960 1828 τῶν
3015 1773 3181 1828 ὅντων
3237 1775 3450 1830 πάντων
3505 1772 3775 1846 ἀποστὰς,

377 1860 1113 1942 proportionem.Estitem
1135 1863 1512 1926 divinissima
1542 1865 1646 1926 Dei
1665 1866 2030 1948 notilia,quae

377 1969 485 2033 per
515 1951 907 2013 nescientiam
940 1951 1254 2032 accipitur,
1291 1956 1626 2016 secundum
1657 1956 1845 2032 illam,
1898 1975 2029 2035 quae

377 2056 548 2112 supra
574 2040 920 2097 intellectum
941 2042 1594 2116 est,unionem,quaudo
1612 2060 1828 2113 mens,a
1854 2047 2027 2103 rebus

376 2130 655 2194 omnibus
671 2131 1060 2212 recedens,ac
1079 2132 1319 2195 demum
1337 2139 1722 2212 semetipsam
1737 2136 2024 2198 deserens

373 2221 633 2302 desuper
657 2219 1016 2297 fulgentibus
1038 2221 1223 2284 radiis
1250 2224 1704 2307 unitur,quibus
1737 2226 1912 2288 inillo
1935 2226 2027 2290 in-

371 2309 674 2374 scrutabili
698 2310 1008 2390 sapientiae
1020 2312 1315 2393 profundo
1332 2313 2022 2380 collustratur.Attamen

375 2398 618 2481 (utdixi)
633 2417 703 2460 ex
724 2397 795 2459 iis
814 2418 1048 2480 quoque
1070 2401 1347 2464 omnibus
1361 2404 1838 2483 estagnoscenda
1853 2425 2024 2486 ,quo-

370 2490 528 2551 niam
557 2489 1041 2570 ipsa,secundum
1067 2488 1567 2571 Scripturam,est
1596 2495 1863 2556 omnium
1878 2496 2026 2558 effe-

368 2581 836 2660 ctrixn,qua2que
865 2598 1107 2661 semper
1134 2589 1260 2642 erat
1288 2594 1503 2646 cuncta
1535 2594 2024 2665 componens°,et

2114 1867 2296 1922 ἔπειτα
2356 1867 2451 1922 καί
2534 1866 2720 1920 ἑαυτὸν
2792 1863 2971 1941 ἀφείς,
3033 1863 3204 1938 ἐνωθῇ
3276 1876 3398 1928 ταῖς
3448 1863 3775 1942 ὑπερφαὲσιν

2112 1957 2347 2034 ἀκτῖσιν,
2382 1955 2586 2011 ἐκεῖθεν
2633 1952 2728 2009 καὶ
2761 1952 2874 2008 ἐκεῖ
2923 1952 2998 2025 τῷ
3042 1951 3432 2027 ἀνεξερευνήτῳ
3461 1953 3610 2028 βάθει
3672 1953 3772 2017 τῆς

2112 2047 2295 2126 σοφίας
2354 2043 2868 2118 καταλαμπόμενος,
2907 2042 3086 2098 Καίτοι
3119 2040 3215 2096 καὶ
3249 2043 3307 2097 ἐκ
3373 2045 3602 2111 παντων,
3641 2040 3775 2119 ὅπερ

2110 2136 2242 2216 ἔφην
2305 2134 2468 2202 αὑτὴν
2527 2131 2815 2211 γνωστέονδ
2865 2130 2997 2196 αὕτη
3054 2131 3153 2208 γάρ
3198 2131 3308 2187 ἐστι
3355 2133 3489 2188 κατά
3546 2133 3608 2187 τὸ
3660 2132 3774 2186 Λό-

2108 2249 2222 2305 γιον
2280 2227 2315 2294 ἡ
2348 2224 2560 2281 πάντων
2608 2220 2891 2294 ποιητικὴ,
2925 2218 3021 2276 καί
3079 2220 3169 2276 ἀεῖ
3202 2221 3374 2278 πάντα
3438 2223 3769 2300 ἁρμόζοδσα,

2109 2315 2205 2372 καὶ
2247 2320 2346 2382 τῆς
2405 2312 2596 2369 ἀλύτου
2647 2318 2752 2368 τῶν
2815 2310 3027 2366 πάντων
3092 2307 3403 2389 ἐφαρμογῆς
3436 2310 3532 2366 καὶ
3574 2310 3772 2376 τάξεως

2111 2406 2269 2481 αἰτία,
2318 2403 2416 2459 καὶ
2479 2402 2565 2458 ἀεὶ
2635 2402 2700 2456 τὰ
2758 2398 2887 2466 τέλη
2947 2401 3050 2453 τῶν
3105 2399 3372 2477 προτέρων
3430 2401 3771 2456 συνάπτουσαι

2109 2497 2235 2561 ταῖς
2292 2495 2494 2574 ἀρχαῖς
2532 2498 2637 2548 τῶν
2689 2488 2940 2561 δευτέρων
2973 2485 3071 2544 καὶ
3128 2489 3227 2555 τήν
3273 2491 3394 2565 μίαν
3443 2493 3535 2546 τοῦ
3566 2492 3770 2553 παντὸς

2111 2588 2405 2661 σύμπνοιαν
2435 2581 2532 2638 καῖ
2558 2582 2809 2659 ἁρμονίαν
2846 2577 3250 2657 καλλιεργοὺτα.

364 2669 800 2732 indissolubilis
849 2688 1051 2731 rerum
1099 2672 1365 2734 omnium
1421 2675 1814 2738 connexionis
1875 2675 2220 2758 ordinisque
2269 2691 2470 2752 causa,
2503 2687 2864 2749 semperque
2917 2671 3067 2732 ﬁnes
3101 2667 3564 2752 praecedentium
3618 2687 3760 2730 cum

366 2759 675 2841 principiis
705 2760 1082 2840 sequentium
1141 2767 1472 2839 connectit,
1508 2766 1867 2846 unicamque
1901 2767 2079 2829 totius
2111 2764 2373 2828 universi
2422 2759 2801 2834 concordiam
2833 2768 2890 2821 et
2935 2759 3383 2824 consonantiam
3416 2760 3765 2821 concinnat.

1982 2928 2011 3008 δ
2057 2929 2155 2991 IV.

447 3082 603 3146 Deus
626 3081 806 3145 etiam
824 3084 972 3145 ratio
987 3085 1340 3164 praedicatur
1364 3104 1397 3148 a
1423 3087 1897 3168 Scripturis,non
1921 3108 2014 3152 so-

2179 3091 2350 3169 Λόγος
2381 3087 2436 3145 δέ
2469 3090 2496 3144 ὁ
2545 3089 2674 3152 Θεὸς
2704 3089 2950 3162 ὑμνεῖται
2997 3087 3129 3166 πρὸς
3183 3091 3294 3143 τῶκ
3321 3086 3476 3161 ἱερῶν
3523 3083 3764 3164 Λογίων,

365 3172 487 3235 lum
512 3172 650 3254 quia
671 3173 916 3234 rationis
957 3175 1096 3235 469
1119 3183 1178 3237 et
1201 3177 1416 3237 mentis
1445 3185 1506 3238 et
1552 3178 1864 3258 sapientia;
1891 3179 2014 3241 lar-

365 3263 752 3343 gitorest,sed
777 3263 1483 3344 quiacausasomniumin
1519 3285 1585 3328 se
1608 3266 1844 3348 ipsam“
1875 3269 2014 3332 uni-

365 3351 638 3414 formiter
666 3351 1092 3432 anticipavit,ei
1122 3357 1262 3433 quia
1295 3373 1401 3434 per
1430 3356 1632 3417 omnia
1664 3367 1843 3432 meat,
1871 3377 2013 3440 per—

365 3442 677 3517 vadens,ut
697 3441 776 3502 ait
804 3442 1361 3523 Scripturap,usque
1391 3445 1462 3506 ad
1486 3446 1664 3508 tinem
1697 3447 1966 3510 omnium
1994 3469 2008 3512 :

363 3539 422 3594 et
453 3532 850 3613 potissimum,
884 3532 1023 3610 quia
1053 3534 1204 3595 ratio
1251 3535 1358 3596 Dei
1391 3553 1569 3616 supra
1597 3557 1834 3599 omnem
1860 3538 2010 3600 sim-

362 3621 684 3704 plicitatem
718 3621 968 3702 simplex
983 3631 1162 3694 est,et
1188 3623 1262 3684 ab
1287 3625 1568 3687 omnibus
1592 3646 1770 3707 supra
1787 3629 2008 3705 omnia,

359 3729 541 3792 supra
568 3711 961 3773 substantiam
981 3712 1271 3776 absoluta.
1301 3713 1470 3776 Ratio
1499 3716 1626 3778 haec
1650 3717 1902 3798 simplex
1927 3733 2016 3787 est

360 3821 429 3864 ac
451 3820 588 3863 vere
610 3802 902 3864 exsistens
934 3803 1169 3877 veritas,
1205 3804 1366 3866 circa
1395 3816 1677 3885 quam,ut
1707 3827 1917 3888 puram
1955 3816 2018 3871 et

361 3891 735 3955 infallibilem
799 3893 1216 3954 universorum
1252 3896 1588 3976 notionem,
1625 3897 1773 3959 ﬁdes
1819 3899 2020 3960 divina

362 3989 650 4052 versatur,
678 3998 810 4059 quae
839 3992 931 4042 est
960 3989 1240 4045 constans
1274 3985 1539 4047 ﬁdelium
1576 3987 2018 4050 ﬁrmamentum

364 4070 629 4159 fundaus
647 4068 794 4159 illos
816 4069 874 4159 in
911 4070 1179 4142 veritate,
1215 4075 1473 4156 atquein
1506 4075 1654 4154 ipsis
1681 4077 2018 4159 veritatem,

361 4161 502 4223 dum
535 4157 963 4221 indissuasibili
1007 4161 1314 4226 identitate
1359 4165 1697 4245 simplicem
1757 4157 2022 4230 veritatis

361 4248 763 4329 cognitionem
795 4248 1014 4312 habent
1041 4269 1242 4314 rerum
1275 4254 1743 4319 credendarum.
1779 4260 1932 4320 Nam
1971 4257 2023 4319 si

364 4338 621 4419 cognitio
633 4356 731 4400 res
745 4339 1005 4418 cognitas
1023 4358 1158 4403 cum
1176 4342 1674 4422 cognoscentibus
1695 4345 2019 4426 unit,igno-

2099 3185 2158 3241 οὒ
2185 3182 2345 3257 μόνον
2378 3178 2457 3234 ὅτι
2489 3176 2584 3234 καί
2615 3176 2776 3254 λόγου
2804 3179 2901 3234 καὶ
2932 3186 3021 3236 νοῦ
3061 3176 3158 3234 καί
3189 3175 3376 3254 σοφίας
3429 3174 3550 3230 ἐστί
3579 3194 3766 3253 χορη-

2098 3273 2214 3350 γὸς,
2243 3268 2363 3325 ἀλλ’
2423 3267 2507 3324 ὅτι
2547 3266 2644 3323 καί
2686 3267 2781 3332 τὰς
2812 3267 3026 3326 πάντων
3088 3267 3256 3330 αἱτίας
3289 3265 3344 3321 ἐν
3388 3264 3563 3336 ἑαυτῷ
3590 3286 3763 3339 μονο-

2097 3361 2254 3424 ειδῶς
2300 3356 2615 3438 προείληφε,
2649 3357 2746 3413 καῖ
2788 3355 2869 3412 ὅτι
2902 3354 2986 3412 διὰ
3035 3356 3247 3413 πάντων
3294 3366 3470 3434 χωρεῖ
3525 3350 3766 3410 διικνού-

2099 3473 2278 3531 μενος,
2314 3451 2386 3512 ὡς
2442 3447 2509 3503 τὰ
2551 3447 2719 3523 Λόγιά
2751 3467 2937 3525 φησιν,
2969 3443 3101 3525 ἄχρι
3156 3451 3249 3502 τοῦ
3279 3444 3494 3501 πάντων
3552 3442 3763 3508 τέλους’

2094 3542 2191 3598 καὶ
2248 3541 2350 3618 πρὸ
2406 3559 2467 3616 γε
2525 3537 2751 3610 τούτων,
2787 3534 2867 3592 ὅτι
2925 3536 3102 3603 πάσης
3163 3535 3470 3601 ἁπλότητος
3530 3537 3558 3590 ὁ
3615 3537 3765 3596 θεῖος

2093 3629 2472 3709 ὑπερήπλωται
2525 3626 2709 3705 λογος,
2755 3627 2851 3683 καὶ
2908 3625 3120 3683 πάντων
3180 3623 3330 3681 ἐστὶν
3384 3624 3517 3702 ὑπὲρ
3581 3622 3762 3680 πάντα

2095 3723 2230 3778 κατά
2281 3721 2340 3775 τὸ
2401 3719 2714 3797 ὑπερούσιον
2790 3714 3211 3791 ἀπολελυμένος,
3281 3716 3444 3778 Οὗτος
3512 3715 3542 3769 6
3601 3713 3766 3792 λόγος

2101 3809 2270 3883 ἐστὶν,
2297 3810 2330 3876 ἡ
2361 3806 2508 3884 ἀπλῇ
2537 3808 2631 3863 καί
2657 3808 2822 3868 ὃντως
2855 3807 2981 3862 οὖσα
3009 3804 3255 3883 ἀλήθεια,
3281 3803 3406 3881 περὶ
3437 3801 3525 3874 ἥν,
3554 3805 3632 3866 ὡς
3656 3825 3762 3859 κα-

2102 3901 2263 3978 θαρὰν
2323 3898 2408 3954 καὶ
2461 3894 2676 3965 ἀπλανῆ
2731 3896 2838 3951 τὼν
2897 3892 3039 3950 ὅλων
3097 3891 3526 3970 γνῶσιν,ἡθεία
3588 3893 3764 3958 πίστις

2104 3977 2276 4063 ἐστὶν,
2309 3989 2343 4055 ἡ
2404 3987 2630 4062 μόνιμος
2691 3991 2800 4040 τῶν
2857 3982 3292 4058 πεπιστευμένων
3348 3977 3399 4022 ³1
3458 3979 3694 4060 ἵδρυσις,
3727 3985 3762 4050 ἦ

2107 4080 2318 4141 τοὺτους
2377 4074 2679 4154 ἐνιδρύουσα
2715 4080 2781 4150 τῇ
2826 4073 3068 4148 ἀληθείᾳ,
3103 4073 3201 4129 καί
3244 4072 3430 4136 αὑτοῖς
3481 4071 3585 4138 τὴν
3614 4071 3758 4139 ἀλῆ-

2105 4174 2271 4244 θειαν,
2335 4166 2709 4241 ἁμεταπείστῳ
2763 4166 3074 4242 ταυτότητι,
3121 4163 3216 4228 τὴν
3262 4159 3438 4229 ἁπλῆν
3487 4161 3587 4230 τῆς
3615 4160 3762 4230 ὀλη-

2104 4259 2244 4324 θείας
2290 4263 2483 4336 γνῶσιν
2537 4255 2776 4335 ἐχόντων
2837 4260 2942 4309 τῶν
2993 4251 3390 4327 πεπεισμένων,
3455 4254 3513 4308 Εἱ
3562 4252 3667 4330 γὰρ
3724 4255 3758 4314 ἡ

2104 4350 2298 4427 γνῶσις
2333 4345 2560 4412 ἑνωτικὴ
2590 4344 2695 4400 τῶν
2739 4342 3050 4422 ἐγνωκότων
3087 4341 3184 4399 καί
3226 4341 3604 4421 ἐγνωσμένων,
3639 4344 3675 4410 ἡ
3706 4340 3760 4397 δὲ

361 4430 512 4491 ratio
552 4446 690 4490 vero
729 4429 1026 4518 ignoranti
1057 4449 1237 4494 causa
1257 4441 1426 4494 estut
1457 4451 1697 4513 semper
1713 4443 2017 4517 mutet,at-

2109 4439 2285 4518 ἕγνοια
2341 4431 2642 4513 μεταϐολῆς
2675 4433 2762 4490 ἀεὶ
2793 4435 2888 4490 καί
2934 4437 3029 4499 τῆς
3061 4431 3113 4498 ἐξ
3135 4433 3318 4488 ἑαυτοῦ
3347 4453 3424 4504 τῳ
3476 4429 3758 4508 ἀγνοοῦντι

363 4537 480 4601 que
507 4537 541 4580 a
567 4518 762 4609 seipse
794 4515 1276 4603 dis'crepet,eum
1309 4521 1410 4604 qui
1444 4523 1634 4585 credit
1656 4524 1715 4586 in
1750 4515 2015 4609 veritate,

2109 4515 2401 4607 Βιαιρὲσεως
2463 4524 2626 4600 αἰτία,
2660 4523 2751 4580 τὸν
2808 4526 2864 4579 ἐν
2923 4521 3145 4595 ἀληθείᾳ
3196 4521 3581 4600 πιστεύσαντα,
3626 4523 3762 4578 κατά

354 4609 519 4688 juxta
542 4607 1134 4689 Scripturam,nihila
1155 4628 1293 4672 vero
1333 4611 1476 4674 ﬁdei
1503 4611 1894 4676 fundamento
1924 4607 2017 4676 di;

2109 4619 2188 4674 τὸν
2232 4617 2370 4694 ἱερὸν
2400 4614 2599 4694 Λόγον,
2643 4611 2790 4671 οὐδὲν
2835 4611 3151 4680 ἀποκινήσει
3183 4611 3278 4678 τῆς
3321 4610 3457 4666 κατά
3485 4609 3585 4678 τὴν
3616 4610 3759 4677 ἀλη-

361 4695 648 4771 movebit,
681 4696 742 4758 in
795 4717 914 4778 quo
945 4701 1347 4763 constantiam
1383 4701 1628 4764 habebit
1685 4703 2016 4768 immobilis

2109 4711 2163 4775 iii
2199 4727 2374 4764 πιστιν
2407 4725 2584 4769 εστιας
2630 4701 2710 4782 ἐφ’
2769 4703 2805 4777 ᾗ
2838 4702 2902 4757 τὸ
2958 4700 3186 4778 μόνιμον
3216 4699 3319 4766 ἕξει
3350 4705 3447 4775 τῇς
3506 4701 3766 4771 ἀκινήτου

361 4797 420 4849 et
454 4786 850 4848 immutabilis
893 4787 1239 4854 identitatis.
1303 4789 1499 4853 Probe
1546 4810 1806 4875 namque
1859 4796 2017 4858 novit

2109 4802 2194 4854 mi
2216 4791 2548 4872 ἀμεταϐόλου
2577 4794 2930 4858 ταυτότητος.
2967 4791 3038 4849 Εὖ
3081 4792 3182 4871 γὰρ
3215 4789 3361 4847 οῖδεν
3407 4791 3436 4846 ὃ
3470 4792 3605 4869 πρὸς
3665 4792 3766 4858 τὴν

359 4878 629 4962 quisquis
675 4880 876 4942 unitus
937 4889 1024 4942 est
1082 4881 1334 4966 veritati,
1386 4901 1564 4966 quam
1604 4885 1759 4948 bene
1790 4906 1855 4950 se
1899 4891 2010 4951 ha-

2109 4887 2353 4957 ἀλήθειαν
2414 4883 2655 4957 ἐνωθείς,
2689 4882 2769 4938 ὅτι
2830 4884 2887 4937 εὖ
2929 4879 3072 4963 ἔχει,
3102 4879 3200 4938 κᾶν
3250 4880 3296 4937 οἱ
3327 4877 3516 4937 πολλοὶ
3575 4885 3763 4938 νουθε-

361 4977 517 5048 beat,
566 4967 837 5051 quamvis
871 4987 1004 5031 cum
1052 4972 1221 5035 multi
1272 4983 1334 5034 ut
1365 4984 1666 5037 amentem
1712 4987 2005 5057 arguant;

2109 4988 2239 5035 :o‘tev
2274 4975 2457 5049 αὑτὸν,
2489 4975 2562 5037 ὡς
2622 4970 2966 5038 ἐξεστηκότα·
3032 4969 3273 5027 λανθάνει
3312 4968 3436 5049 μὲν,
3469 4971 3545 5034 ὡς
3587 4971 3756 5045 εἰκὸς,

359 5062 504 5124 latet
535 5061 694 5122 enim
719 5059 874 5132 illos,
923 5059 1005 5120 uti
1053 5080 1158 5142 par
1190 5071 1299 5138 est,
1336 5084 1473 5128 eum
1528 5084 1634 5146 per
1663 5085 1818 5130 verae
1871 5069 2008 5133 ﬁdei

2109 5067 2280 5130 ιῦτξοὺς
2323 5068 2383 5120 ἐκ
2431 5062 2635 5129 πλάνης
2683 5066 2750 5138 τῇ
2796 5059 3021 5133 ἀληθείᾳ
3050 5058 3134 5116 διὰ
3182 5060 3280 5126 τῆς
3312 5057 3482 5122 ’ὄντως
3526 5062 3761 5125 πίστεως

359 5150 665 5213 veritatem
725 5167 796 5210 ex
828 5166 1035 5212 errore
1079 5158 1451 5233 excessisse;
1480 5153 1608 5235 ipse
1641 5165 1837 5219 autem
1870 5177 2009 5222 vere

2109 5154 2410 5222 ιξεστηκώςθ
2463 5154 2617 5217 αὑτὸς
2649 5150 2704 5207 δὲ
2734 5150 2948 5218 ἀληθῶς
2998 5146 3143 5206 οἶδεν
3177 5148 3389 5228 ἑαυτὸν,
3421 5148 3526 5226 οὑχ
3563 5147 3618 5229 (ὅ
3650 5171 3757 5230 φα·

359 5242 518 5304 uovit
537 5257 753 5321 se,non
784 5243 871 5313 (ut
889 5238 975 5303 illi
998 5239 1358 5326 fabulantur)
1387 5246 1787 5328 insanire,sed
1810 5250 1884 5312 ab
1907 5250 2005 5314 in-

2109 5269 2173 5303 rw
2229 5243 2288 5295 39
2341 5243 2566 5318 ἐκεῖνοι)
2624 5239 2968 5318 μαινόμενον.
3033 5236 3168 5296 ἀλλᾶ
3225 5241 3324 5304 τῆς
3375 5235 3608 5295 ἀστάτου
3670 5239 3758 5295 καὶ

439 5425 467 5458 ι
495 5411 671 5476 Prov.
706 5426 830 5477 vm.
915 5419 938 5448 °
967 5413 1108 5496 Sap.
1143 5429 1253 5478 vn.
1342 5425 1368 5468 Ρ
1397 5416 1536 5498 Sap.
1569 5435 1690 5482 Vill.

1691 5555 1788 5622 VA
1797 5555 1946 5622 RUE
2001 5549 2440 5620 LECTIONES.

443 5689 516 5738 ³ο·
539 5693 602 5760 id
630 5703 742 5780 est,
767 5697 897 5762 sine
923 5697 1059 5763 ulla
1085 5701 1543 5784 compositione.
1629 5703 1678 5750 ³1
1712 5706 2108 5788 πεπεισμένων,
2139 5702 2202 5767 S.
2251 5701 2322 5766 Ι).
2411 5694 2460 5742 ³¹
2495 5695 2568 5764 ὥς
2603 5716 2791 5783 φασιν,
2822 5695 2888 5761 P.
2979 5690 3031 5741 ³³
3065 5695 3400 5775 μαινόμενοι,
3438 5687 3502 5758 S.
