  <div class='ocr_page' id='page_1' title='image "/cluster/home/n/w/nwhite01/storage/ocr_20150623/3/coo.31924054872829/444.png"; bbox 0 0 4032 6436; ppageno 0'>
   <div class='ocr_carea' id='block_1_1' title="bbox 197 384 3569 470">
    <p class='ocr_par' dir='ltr' id='par_1_1' title="bbox 197 384 3569 470">
     <span class='ocr_line' id='line_1_1' title="bbox 197 384 3569 470; baseline 0.002 -13"><span class='ocrx_word' id='word_1_1' title='bbox 197 386 305 457; x_wconf 89' lang='lat'><strong>873</strong></span> <span class='ocrx_word' id='word_1_2' title='bbox 792 384 892 457; x_wconf 77' lang='lat' dir='ltr'><strong>ne</strong></span> <span class='ocrx_word' id='word_1_3' title='bbox 935 392 1233 459; x_wconf 89' lang='lat' dir='ltr'><strong>DIVINIS</strong></span> <span class='ocrx_word' id='word_1_4' title='bbox 1276 394 1725 470; x_wconf 80' lang='lat' dir='ltr'><strong>NOMINIBUS,</strong></span> <span class='ocrx_word' id='word_1_5' title='bbox 1772 395 1940 457; x_wconf 87' lang='lat' dir='ltr'><strong>CAP.</strong></span> <span class='ocrx_word' id='word_1_6' title='bbox 1987 395 2122 457; x_wconf 82' lang='lat' dir='ltr'><strong>v11.</strong></span> <span class='ocrx_word' id='word_1_7' title='bbox 2175 430 2244 442; x_wconf 89' lang='grc'><strong>-</strong></span> <span class='ocrx_word' id='word_1_8' title='bbox 2285 394 2647 460; x_wconf 84' lang='lat' dir='ltr'><strong>CORDERII</strong></span> <span class='ocrx_word' id='word_1_9' title='bbox 2695 396 2941 459; x_wconf 71' lang='lat' dir='ltr'><strong>Nom.</strong></span> <span class='ocrx_word' id='word_1_10' title='bbox 3453 384 3569 464; x_wconf 72' lang='lat'><strong>874</strong></span> 
     </span>
    </p>
   </div>
   <div class='ocr_carea' id='block_1_2' title="bbox 195 527 1787 609">
    <p class='ocr_par' dir='ltr' id='par_1_2' title="bbox 195 527 1787 607">
     <span class='ocr_line' id='line_1_2' title="bbox 195 527 1787 607; baseline 0.001 -22"><span class='ocrx_word' id='word_1_11' title='bbox 195 527 487 595; x_wconf 82' lang='grc' dir='ltr'><strong>ἆλλοιωτῆς</strong></span> <span class='ocrx_word' id='word_1_12' title='bbox 519 532 642 607; x_wconf 84' lang='grc' dir='ltr'><strong>περί</strong></span> <span class='ocrx_word' id='word_1_13' title='bbox 676 531 775 597; x_wconf 76' lang='grc' dir='ltr'>τὴν</span> <span class='ocrx_word' id='word_1_14' title='bbox 824 530 1139 599; x_wconf 75' lang='grc' dir='ltr'><strong>παντοδαπῆ</strong></span> <span class='ocrx_word' id='word_1_15' title='bbox 1169 532 1264 599; x_wconf 73' lang='grc' dir='ltr'>τῆς</span> <span class='ocrx_word' id='word_1_16' title='bbox 1310 530 1515 597; x_wconf 83' lang='grc' dir='ltr'>πλάνης</span> <span class='ocrx_word' id='word_1_17' title='bbox 1570 530 1787 588; x_wconf 58' lang='lat' dir='ltr'><strong>nonali:</strong></span> 
     </span>
    </p>
   </div>
   <div class='ocr_carea' id='block_1_3' title="bbox 1983 527 3575 609">
    <p class='ocr_par' dir='ltr' id='par_1_3' title="bbox 1983 527 3575 609">
     <span class='ocr_line' id='line_1_3' title="bbox 1983 527 3575 609; baseline 0.003 -16"><span class='ocrx_word' id='word_1_18' title='bbox 1983 529 2120 593; x_wconf 81' lang='lat' dir='ltr'><strong>abili</strong></span> <span class='ocrx_word' id='word_1_19' title='bbox 2174 528 2563 609; x_wconf 87' lang='lat' dir='ltr'><strong>mutabilique</strong></span> <span class='ocrx_word' id='word_1_20' title='bbox 2606 527 2952 591; x_wconf 83' lang='lat' dir='ltr'><strong>omnimode</strong></span> <span class='ocrx_word' id='word_1_21' title='bbox 2986 531 3238 592; x_wconf 78' lang='lat' dir='ltr'><strong>errantis</strong></span> <span class='ocrx_word' id='word_1_22' title='bbox 3265 532 3575 597; x_wconf 73' lang='lat' dir='ltr'><strong>varietatis</strong></span> 
     </span>
    </p>
   </div>
   <div class='ocr_carea' id='block_1_4' title="bbox 195 617 1787 702">
    <p class='ocr_par' dir='ltr' id='par_1_4' title="bbox 195 617 1787 696">
     <span class='ocr_line' id='line_1_4' title="bbox 195 617 1787 696; baseline 0.001 -23"><span class='ocrx_word' id='word_1_23' title='bbox 195 622 349 696; x_wconf 77' lang='grc' dir='ltr'>φορᾶς</span> <span class='ocrx_word' id='word_1_24' title='bbox 404 617 485 674; x_wconf 78' lang='grc' dir='ltr'><strong>δίὰ</strong></span> <span class='ocrx_word' id='word_1_25' title='bbox 513 618 607 687; x_wconf 72' lang='grc' dir='ltr'><strong>τῆς</strong></span> <span class='ocrx_word' id='word_1_26' title='bbox 638 619 814 689; x_wconf 78' lang='grc' dir='ltr'><strong>ἁπλῆς</strong></span> <span class='ocrx_word' id='word_1_27' title='bbox 845 622 939 677; x_wconf 76' lang='grc' dir='ltr'><strong>καὶ</strong></span> <span class='ocrx_word' id='word_1_28' title='bbox 983 622 1063 677; x_wconf 76' lang='grc' dir='ltr'><strong>ἀεὶ</strong></span> <span class='ocrx_word' id='word_1_29' title='bbox 1091 626 1230 679; x_wconf 77' lang='grc' dir='ltr'>κατὰ</span> <span class='ocrx_word' id='word_1_30' title='bbox 1272 622 1335 678; x_wconf 76' lang='grc' dir='ltr'><strong>τὰ</strong></span> <span class='ocrx_word' id='word_1_31' title='bbox 1365 622 1497 678; x_wconf 73' lang='grc' dir='ltr'><strong>αὐτὰ</strong></span> <span class='ocrx_word' id='word_1_32' title='bbox 1539 623 1627 677; x_wconf 80' lang='grc' dir='ltr'>καὶ</span> <span class='ocrx_word' id='word_1_33' title='bbox 1660 624 1787 678; x_wconf 72' lang='grc' dir='ltr'>ὡσσιι</span> 
     </span>
    </p>
   </div>
   <div class='ocr_carea' id='block_1_5' title="bbox 1983 617 3575 702">
    <p class='ocr_par' dir='ltr' id='par_1_5' title="bbox 1983 617 3575 702">
     <span class='ocr_line' id='line_1_5' title="bbox 1983 617 3575 702; baseline 0.006 -25"><span class='ocrx_word' id='word_1_34' title='bbox 1983 621 2194 682; x_wconf 40' lang='grc' dir='ltr'><strong>ιοιίοηθ</strong></span> <span class='ocrx_word' id='word_1_35' title='bbox 2221 637 2327 699; x_wconf 90' lang='lat' dir='ltr'><strong>per</strong></span> <span class='ocrx_word' id='word_1_36' title='bbox 2348 618 2704 698; x_wconf 76' lang='lat' dir='ltr'><strong>simplicem,</strong></span> <span class='ocrx_word' id='word_1_37' title='bbox 2721 617 2880 679; x_wconf 88' lang='lat' dir='ltr'><strong>circa</strong></span> <span class='ocrx_word' id='word_1_38' title='bbox 2896 620 3108 682; x_wconf 87' lang='lat' dir='ltr'><strong>eadem</strong></span> <span class='ocrx_word' id='word_1_39' title='bbox 3134 639 3372 702; x_wconf 84' lang='lat' dir='ltr'><strong>semper</strong></span> <span class='ocrx_word' id='word_1_40' title='bbox 3395 632 3455 685; x_wconf 90' lang='lat' dir='ltr'><strong>et</strong></span> <span class='ocrx_word' id='word_1_41' title='bbox 3477 642 3575 687; x_wconf 90' lang='lat' dir='ltr'><strong>eo-</strong></span> 
     </span>
    </p>
   </div>
   <div class='ocr_carea' id='block_1_6' title="bbox 193 706 1785 788">
    <p class='ocr_par' dir='ltr' id='par_1_6' title="bbox 193 708 1783 788">
     <span class='ocr_line' id='line_1_6' title="bbox 193 708 1783 788; baseline 0.003 -25"><span class='ocrx_word' id='word_1_42' title='bbox 193 728 290 770; x_wconf 88' lang='grc' dir='ltr'><strong>τως</strong></span> <span class='ocrx_word' id='word_1_43' title='bbox 361 708 595 787; x_wconf 75' lang='grc' dir='ltr'>ἐχούσής</span> <span class='ocrx_word' id='word_1_44' title='bbox 655 708 903 777; x_wconf 71' lang='grc' dir='ltr'><strong>ἀληθείας</strong></span> <span class='ocrx_word' id='word_1_45' title='bbox 982 709 1432 788; x_wconf 68' lang='grc' dir='ltr'><strong>ὴλεοθερωμὲνον,</strong></span> <span class='ocrx_word' id='word_1_46' title='bbox 1510 711 1659 769; x_wconf 74' lang='grc' dir='ltr'><strong>Οὕτω</strong></span> <span class='ocrx_word' id='word_1_47' title='bbox 1719 734 1783 788; x_wconf 86' lang='grc' dir='ltr'><strong>γο</strong></span> 
     </span>
    </p>
   </div>
   <div class='ocr_carea' id='block_1_7' title="bbox 1980 706 3572 788">
    <p class='ocr_par' dir='ltr' id='par_1_7' title="bbox 1980 706 3572 786">
     <span class='ocr_line' id='line_1_7' title="bbox 1980 706 3572 786; baseline 0.004 -17"><span class='ocrx_word' id='word_1_48' title='bbox 1980 726 2063 769; x_wconf 86' lang='lat' dir='ltr'><strong>em</strong></span> <span class='ocrx_word' id='word_1_49' title='bbox 2093 710 2267 769; x_wconf 77' lang='lat' dir='ltr'><strong>modo</strong></span> <span class='ocrx_word' id='word_1_50' title='bbox 2296 726 2360 769; x_wconf 89' lang='lat' dir='ltr'><strong>se</strong></span> <span class='ocrx_word' id='word_1_51' title='bbox 2385 706 2734 786; x_wconf 76' lang='lat' dir='ltr'><strong>habentem,</strong></span> <span class='ocrx_word' id='word_1_52' title='bbox 2758 707 3063 771; x_wconf 72' lang='lat' dir='ltr'><strong>veritatem</strong></span> <span class='ocrx_word' id='word_1_53' title='bbox 3086 710 3572 777; x_wconf 84' lang='lat' dir='ltr'><strong>esseliberatum.</strong></span> 
     </span>
    </p>
   </div>
   <div class='ocr_carea' id='block_1_8' title="bbox 192 794 1784 881">
    <p class='ocr_par' dir='ltr' id='par_1_8' title="bbox 192 797 1784 879">
     <span class='ocr_line' id='line_1_8' title="bbox 192 797 1784 879; baseline 0.001 -27"><span class='ocrx_word' id='word_1_54' title='bbox 192 800 235 853; x_wconf 81' lang='grc' dir='ltr'><strong>οἱ</strong></span> <span class='ocrx_word' id='word_1_55' title='bbox 278 801 373 863; x_wconf 81' lang='grc' dir='ltr'><strong>τῆς</strong></span> <span class='ocrx_word' id='word_1_56' title='bbox 434 797 552 854; x_wconf 66' lang='grc' dir='ltr'>καθ’</span> <span class='ocrx_word' id='word_1_57' title='bbox 596 800 741 873; x_wconf 78' lang='grc' dir='ltr'><strong>ἡμᾶς</strong></span> <span class='ocrx_word' id='word_1_58' title='bbox 795 801 1071 879; x_wconf 63' lang='grc' dir='ltr'><strong>θεοσοφίας</strong></span> <span class='ocrx_word' id='word_1_59' title='bbox 1116 799 1418 879; x_wconf 68' lang='grc' dir='ltr'><strong>ἀρχηγικοὲ</strong></span> <span class='ocrx_word' id='word_1_60' title='bbox 1476 801 1784 875; x_wconf 69' lang='grc' dir='ltr'><strong>καθηγεμόν</strong></span> 
     </span>
    </p>
   </div>
   <div class='ocr_carea' id='block_1_9' title="bbox 1985 794 3577 881">
    <p class='ocr_par' dir='ltr' id='par_1_9' title="bbox 1985 795 3577 881">
     <span class='ocr_line' id='line_1_9' title="bbox 1985 795 3577 881; baseline 0.004 -24"><span class='ocrx_word' id='word_1_61' title='bbox 1985 816 2052 857; x_wconf 92' lang='lat' dir='ltr'><strong>oc</strong></span> <span class='ocrx_word' id='word_1_62' title='bbox 2082 796 2256 858; x_wconf 87' lang='lat' dir='ltr'><strong>modo</strong></span> <span class='ocrx_word' id='word_1_63' title='bbox 2281 796 2457 875; x_wconf 83' lang='lat' dir='ltr'><strong>primi</strong></span> <span class='ocrx_word' id='word_1_64' title='bbox 2479 795 3017 877; x_wconf 69' lang='lat' dir='ltr'><strong>divinaasapientiai</strong></span> <span class='ocrx_word' id='word_1_65' title='bbox 3037 798 3223 860; x_wconf 78' lang='lat' dir='ltr'><strong>nostri</strong></span> <span class='ocrx_word' id='word_1_66' title='bbox 3247 812 3577 881; x_wconf 64' lang='lat' dir='ltr'><strong>praecepto-</strong></span> 
     </span>
    </p>
   </div>
   <div class='ocr_carea' id='block_1_10' title="bbox 189 885 1781 968">
    <p class='ocr_par' dir='ltr' id='par_1_10' title="bbox 189 885 1777 968">
     <span class='ocr_line' id='line_1_10' title="bbox 189 885 1777 968; baseline 0.002 -26"><span class='ocrx_word' id='word_1_67' title='bbox 189 886 310 964; x_wconf 79' lang='grc' dir='ltr'><strong>ὑπὲρ</strong></span> <span class='ocrx_word' id='word_1_68' title='bbox 370 885 623 953; x_wconf 73' lang='grc' dir='ltr'><strong>ἀληθείας</strong></span> <span class='ocrx_word' id='word_1_69' title='bbox 685 890 1075 957; x_wconf 72' lang='grc' dir='ltr'>ἀποθνήσκουσι</span> <span class='ocrx_word' id='word_1_70' title='bbox 1130 896 1308 946; x_wconf 80' lang='grc' dir='ltr'>πᾶσαν</span> <span class='ocrx_word' id='word_1_71' title='bbox 1352 888 1577 966; x_wconf 64' lang='grc' dir='ltr'><strong>ἡμέραν,</strong></span> <span class='ocrx_word' id='word_1_72' title='bbox 1642 912 1777 968; x_wconf 76' lang='grc' dir='ltr'><strong>μαρτ</strong></span> 
     </span>
    </p>
   </div>
   <div class='ocr_carea' id='block_1_11' title="bbox 1982 885 3574 968">
    <p class='ocr_par' dir='ltr' id='par_1_11' title="bbox 1982 887 3574 967">
     <span class='ocr_line' id='line_1_11' title="bbox 1982 887 3574 967; baseline 0.003 -19"><span class='ocrx_word' id='word_1_73' title='bbox 1982 905 2027 948; x_wconf 75' lang='lat' dir='ltr'><strong>is</strong></span> <span class='ocrx_word' id='word_1_74' title='bbox 2058 905 2161 965; x_wconf 91' lang='lat' dir='ltr'><strong>pro</strong></span> <span class='ocrx_word' id='word_1_75' title='bbox 2196 887 2443 948; x_wconf 74' lang='lat' dir='ltr'><strong>veritate</strong></span> <span class='ocrx_word' id='word_1_76' title='bbox 2472 887 2742 963; x_wconf 78' lang='lat' dir='ltr'><strong>quotidie</strong></span> <span class='ocrx_word' id='word_1_77' title='bbox 2774 888 3131 963; x_wconf 91' lang='lat' dir='ltr'><strong>moriuntur,</strong></span> <span class='ocrx_word' id='word_1_78' title='bbox 3168 890 3574 967; x_wconf 84' lang='lat' dir='ltr'><strong>testificantes,</strong></span> 
     </span>
    </p>
   </div>
   <div class='ocr_carea' id='block_1_12' title="bbox 188 976 1780 1059">
    <p class='ocr_par' dir='ltr' id='par_1_12' title="bbox 188 978 1780 1058">
     <span class='ocr_line' id='line_1_12' title="bbox 188 978 1780 1058; baseline 0.001 -25"><span class='ocrx_word' id='word_1_79' title='bbox 188 984 412 1054; x_wconf 79' lang='grc' dir='ltr'><strong>ροῡντες,</strong></span> <span class='ocrx_word' id='word_1_80' title='bbox 448 980 519 1043; x_wconf 86' lang='grc' dir='ltr'><strong>ὡς</strong></span> <span class='ocrx_word' id='word_1_81' title='bbox 550 980 716 1053; x_wconf 72' lang='grc' dir='ltr'><strong>εἰκὸς,</strong></span> <span class='ocrx_word' id='word_1_82' title='bbox 748 979 835 1034; x_wconf 70' lang='grc' dir='ltr'><strong>καὶ</strong></span> <span class='ocrx_word' id='word_1_83' title='bbox 894 978 1030 1058; x_wconf 75' lang='grc' dir='ltr'>λόγῃ</span> <span class='ocrx_word' id='word_1_84' title='bbox 1061 982 1217 1037; x_wconf 75' lang='grc' dir='ltr'>παντὶ</span> <span class='ocrx_word' id='word_1_85' title='bbox 1250 981 1337 1036; x_wconf 72' lang='grc' dir='ltr'>καὶ</span> <span class='ocrx_word' id='word_1_86' title='bbox 1386 979 1525 1057; x_wconf 74' lang='grc' dir='ltr'>ἔργῳ</span> <span class='ocrx_word' id='word_1_87' title='bbox 1556 986 1623 1056; x_wconf 76' lang='grc' dir='ltr'><strong>τῇ</strong></span> <span class='ocrx_word' id='word_1_88' title='bbox 1680 980 1780 1036; x_wconf 75' lang='grc' dir='ltr'><strong>ἔνια</strong></span> 
     </span>
    </p>
   </div>
   <div class='ocr_carea' id='block_1_13' title="bbox 1984 976 3576 1059">
    <p class='ocr_par' dir='ltr' id='par_1_13' title="bbox 1984 976 3576 1059">
     <span class='ocr_line' id='line_1_13' title="bbox 1984 976 3576 1059; baseline 0.003 -21"><span class='ocrx_word' id='word_1_89' title='bbox 1984 978 2014 1038; x_wconf 77' lang='lat' dir='ltr'><strong>ti</strong></span> <span class='ocrx_word' id='word_1_90' title='bbox 2048 996 2151 1056; x_wconf 86' lang='lat' dir='ltr'><strong>par</strong></span> <span class='ocrx_word' id='word_1_91' title='bbox 2182 984 2294 1057; x_wconf 87' lang='lat' dir='ltr'><strong>est,</strong></span> <span class='ocrx_word' id='word_1_92' title='bbox 2330 984 2386 1038; x_wconf 90' lang='lat' dir='ltr'><strong>et</strong></span> <span class='ocrx_word' id='word_1_93' title='bbox 2421 976 2587 1039; x_wconf 88' lang='lat' dir='ltr'><strong>omni</strong></span> <span class='ocrx_word' id='word_1_94' title='bbox 2615 996 2897 1039; x_wconf 86' lang='lat' dir='ltr'><strong>sermone</strong></span> <span class='ocrx_word' id='word_1_95' title='bbox 2929 985 2987 1039; x_wconf 92' lang='lat' dir='ltr'><strong>et</strong></span> <span class='ocrx_word' id='word_1_96' title='bbox 3012 997 3196 1058; x_wconf 90' lang='lat' dir='ltr'><strong>opere</strong></span> <span class='ocrx_word' id='word_1_97' title='bbox 3219 981 3576 1059; x_wconf 82' lang='lat' dir='ltr'><strong>singularem</strong></span> 
     </span>
    </p>
   </div>
   <div class='ocr_carea' id='block_1_14' title="bbox 184 1066 1776 1146">
    <p class='ocr_par' dir='ltr' id='par_1_14' title="bbox 184 1066 1775 1146">
     <span class='ocr_line' id='line_1_14' title="bbox 184 1066 1775 1146; baseline 0.002 -24"><span class='ocrx_word' id='word_1_98' title='bbox 184 1066 281 1122; x_wconf 60' lang='lat' dir='ltr'><strong>si?»</strong></span> <span class='ocrx_word' id='word_1_99' title='bbox 351 1074 683 1141; x_wconf 79' lang='grc' dir='ltr'><strong>Χριστιανῶν</strong></span> <span class='ocrx_word' id='word_1_100' title='bbox 741 1067 1133 1146; x_wconf 74' lang='grc' dir='ltr'><strong>ἀληθογνωσὲᾀ,</strong></span> <span class='ocrx_word' id='word_1_101' title='bbox 1182 1071 1241 1125; x_wconf 72' lang='grc' dir='ltr'><strong>τὲ</strong></span> <span class='ocrx_word' id='word_1_102' title='bbox 1294 1075 1481 1125; x_wconf 77' lang='grc' dir='ltr'>πασῶν</span> <span class='ocrx_word' id='word_1_103' title='bbox 1528 1070 1692 1137; x_wconf 57' lang='lat' dir='ltr'><strong>aut-ii»</strong></span> <span class='ocrx_word' id='word_1_104' title='bbox 1752 1092 1775 1125; x_wconf 91' lang='grc' dir='ltr'>ε</span> 
     </span>
    </p>
   </div>
   <div class='ocr_carea' id='block_1_15' title="bbox 1988 1066 3580 1146">
    <p class='ocr_par' dir='ltr' id='par_1_15' title="bbox 1988 1066 3580 1146">
     <span class='ocr_line' id='line_1_15' title="bbox 1988 1066 3580 1146; baseline 0.004 -21"><span class='ocrx_word' id='word_1_105' title='bbox 1988 1085 2093 1126; x_wconf 77' lang='lat' dir='ltr'><strong>.am</strong></span> <span class='ocrx_word' id='word_1_106' title='bbox 2142 1066 2494 1129; x_wconf 61' lang='lat' dir='ltr'><strong>Christianae</strong></span> <span class='ocrx_word' id='word_1_107' title='bbox 2543 1067 2809 1130; x_wconf 80' lang='lat' dir='ltr'><strong>veritatis</strong></span> <span class='ocrx_word' id='word_1_108' title='bbox 2858 1068 3250 1146; x_wconf 79' lang='lat' dir='ltr'><strong>agnitionem,</strong></span> <span class='ocrx_word' id='word_1_109' title='bbox 3311 1070 3580 1132; x_wconf 90' lang='lat' dir='ltr'><strong>omnium</strong></span> 
     </span>
    </p>
   </div>
   <div class='ocr_carea' id='block_1_16' title="bbox 184 1156 1776 1237">
    <p class='ocr_par' dir='ltr' id='par_1_16' title="bbox 184 1156 1775 1236">
     <span class='ocr_line' id='line_1_16' title="bbox 184 1156 1775 1236; baseline 0.003 -25"><span class='ocrx_word' id='word_1_110' title='bbox 184 1179 259 1212; x_wconf 63' lang='grc' dir='ltr'>ναι</span> <span class='ocrx_word' id='word_1_111' title='bbox 318 1159 407 1213; x_wconf 82' lang='grc' dir='ltr'><strong>καὶ</strong></span> <span class='ocrx_word' id='word_1_112' title='bbox 438 1156 807 1234; x_wconf 75' lang='grc' dir='ltr'><strong>ἁπλουστέραν</strong></span> <span class='ocrx_word' id='word_1_113' title='bbox 854 1160 947 1215; x_wconf 80' lang='grc' dir='ltr'><strong>καί</strong></span> <span class='ocrx_word' id='word_1_114' title='bbox 981 1159 1268 1236; x_wconf 76' lang='grc' dir='ltr'>Θειοτὲραν,</span> <span class='ocrx_word' id='word_1_115' title='bbox 1305 1158 1507 1233; x_wconf 81' lang='grc' dir='ltr'>μᾶλλον</span> <span class='ocrx_word' id='word_1_116' title='bbox 1535 1158 1589 1216; x_wconf 78' lang='grc' dir='ltr'><strong>δὲ</strong></span> <span class='ocrx_word' id='word_1_117' title='bbox 1635 1162 1695 1216; x_wconf 82' lang='grc' dir='ltr'><strong>τὸ</strong></span> <span class='ocrx_word' id='word_1_118' title='bbox 1744 1183 1775 1215; x_wconf 84' lang='grc' dir='ltr'>α</span> 
     </span>
    </p>
   </div>
   <div class='ocr_carea' id='block_1_17' title="bbox 1991 1156 3583 1237">
    <p class='ocr_par' dir='ltr' id='par_1_17' title="bbox 1991 1156 3583 1237">
     <span class='ocr_line' id='line_1_17' title="bbox 1991 1156 3583 1237; baseline 0.003 -20"><span class='ocrx_word' id='word_1_119' title='bbox 1991 1174 2061 1217; x_wconf 88' lang='lat' dir='ltr'><strong>se</strong></span> <span class='ocrx_word' id='word_1_120' title='bbox 2098 1175 2235 1218; x_wconf 89' lang='lat' dir='ltr'><strong>cum</strong></span> <span class='ocrx_word' id='word_1_121' title='bbox 2272 1156 2776 1237; x_wconf 87' lang='lat' dir='ltr'><strong>simplicissimam</strong></span> <span class='ocrx_word' id='word_1_122' title='bbox 2819 1164 2940 1219; x_wconf 91' lang='lat' dir='ltr'><strong>tum</strong></span> <span class='ocrx_word' id='word_1_123' title='bbox 2976 1157 3434 1235; x_wconf 85' lang='lat' dir='ltr'><strong>divinissimam,</strong></span> <span class='ocrx_word' id='word_1_124' title='bbox 3461 1160 3583 1222; x_wconf 93' lang='lat' dir='ltr'><strong>imo</strong></span> 
     </span>
    </p>
   </div>
   <div class='ocr_carea' id='block_1_18' title="bbox 183 1245 1775 1329">
    <p class='ocr_par' dir='ltr' id='par_1_18' title="bbox 183 1245 1771 1324">
     <span class='ocr_line' id='line_1_18' title="bbox 183 1245 1771 1324; baseline 0.001 -22"><span class='ocrx_word' id='word_1_125' title='bbox 183 1246 274 1313; x_wconf 78' lang='grc' dir='ltr'><strong>τὴν</strong></span> <span class='ocrx_word' id='word_1_126' title='bbox 325 1245 469 1303; x_wconf 79' lang='grc' dir='ltr'>εἶναι</span> <span class='ocrx_word' id='word_1_127' title='bbox 503 1246 601 1315; x_wconf 75' lang='grc' dir='ltr'>τὴν</span> <span class='ocrx_word' id='word_1_128' title='bbox 654 1250 825 1323; x_wconf 85' lang='grc' dir='ltr'>μόνην</span> <span class='ocrx_word' id='word_1_129' title='bbox 858 1247 1034 1315; x_wconf 77' lang='grc' dir='ltr'><strong>ἀληθῆ</strong></span> <span class='ocrx_word' id='word_1_130' title='bbox 1085 1250 1173 1304; x_wconf 81' lang='grc' dir='ltr'><strong>καὶ</strong></span> <span class='ocrx_word' id='word_1_131' title='bbox 1205 1249 1327 1324; x_wconf 66' lang='grc' dir='ltr'>μίαν</span> <span class='ocrx_word' id='word_1_132' title='bbox 1376 1250 1461 1304; x_wconf 72' lang='grc' dir='ltr'><strong>κπιὲ</strong></span> <span class='ocrx_word' id='word_1_133' title='bbox 1500 1249 1675 1317; x_wconf 66' lang='grc' dir='ltr'><strong>ἁπλῆν</strong></span> <span class='ocrx_word' id='word_1_134' title='bbox 1716 1252 1771 1305; x_wconf 78' lang='lat' dir='ltr'><strong>Oa</strong></span> 
     </span>
    </p>
   </div>
   <div class='ocr_carea' id='block_1_19' title="bbox 1986 1245 3578 1329">
    <p class='ocr_par' dir='ltr' id='par_1_19' title="bbox 1986 1246 3578 1329">
     <span class='ocr_line' id='line_1_19' title="bbox 1986 1246 3578 1329; baseline 0.003 -22"><span class='ocrx_word' id='word_1_135' title='bbox 1986 1248 2122 1309; x_wconf 82' lang='lat' dir='ltr'><strong>itius</strong></span> <span class='ocrx_word' id='word_1_136' title='bbox 2169 1248 2323 1309; x_wconf 88' lang='lat' dir='ltr'><strong>hanc</strong></span> <span class='ocrx_word' id='word_1_137' title='bbox 2362 1246 2545 1307; x_wconf 82' lang='lat' dir='ltr'><strong>solam</strong></span> <span class='ocrx_word' id='word_1_138' title='bbox 2572 1265 2705 1309; x_wconf 87' lang='lat' dir='ltr'><strong>esse</strong></span> <span class='ocrx_word' id='word_1_139' title='bbox 2736 1266 2931 1311; x_wconf 78' lang='lat' dir='ltr'><strong>veram</strong></span> <span class='ocrx_word' id='word_1_140' title='bbox 2956 1259 3135 1329; x_wconf 87' lang='lat' dir='ltr'><strong>atque</strong></span> <span class='ocrx_word' id='word_1_141' title='bbox 3170 1255 3402 1312; x_wconf 89' lang='lat' dir='ltr'><strong>unicam</strong></span> <span class='ocrx_word' id='word_1_142' title='bbox 3429 1250 3578 1312; x_wconf 90' lang='lat' dir='ltr'><strong>sim-</strong></span> 
     </span>
    </p>
   </div>
   <div class='ocr_carea' id='block_1_20' title="bbox 108 1336 1700 1417">
    <p class='ocr_par' dir='ltr' id='par_1_20' title="bbox 108 1336 535 1414">
     <span class='ocr_line' id='line_1_20' title="bbox 108 1336 535 1414; baseline -0.005 -23"><span class='ocrx_word' id='word_1_143' title='bbox 108 1384 115 1391; x_wconf 93' lang='lat'><strong>.</strong></span> <span class='ocrx_word' id='word_1_144' title='bbox 184 1336 437 1414; x_wconf 74' lang='grc' dir='ltr'>γνωσίαν.</span> <span class='ocrx_word' id='word_1_145' title='bbox 530 1386 535 1389; x_wconf 87' lang='grc'><strong><em>,</em></strong></span> 
     </span>
    </p>
   </div>
   <div class='ocr_carea' id='block_1_21' title="bbox 1030 1336 2622 1417">
    <p class='ocr_par' dir='ltr' id='par_1_21' title="bbox 1928 1336 2622 1417">
     <span class='ocr_line' id='line_1_21' title="bbox 1928 1336 2622 1417; baseline 0.004 -20"><span class='ocrx_word' id='word_1_146' title='bbox 1928 1337 2145 1417; x_wconf 89' lang='lat' dir='ltr'><strong>plicem</strong></span> <span class='ocrx_word' id='word_1_147' title='bbox 2179 1337 2287 1401; x_wconf 86' lang='lat' dir='ltr'><strong>Dei</strong></span> <span class='ocrx_word' id='word_1_148' title='bbox 2326 1336 2622 1400; x_wconf 81' lang='lat' dir='ltr'><strong>notitiam.</strong></span> 
     </span>
    </p>
   </div>
   <div class='ocr_carea' id='block_1_22' title="bbox 1398 1549 2381 1617">
    <p class='ocr_par' dir='ltr' id='par_1_22' title="bbox 1398 1549 2381 1617">
     <span class='ocr_line' id='line_1_22' title="bbox 1398 1549 2381 1617; baseline -0.001 -1"><span class='ocrx_word' id='word_1_149' title='bbox 1398 1549 1982 1617; x_wconf 84' lang='lat' dir='ltr'><strong>ADNOTATIONES</strong></span> <span class='ocrx_word' id='word_1_150' title='bbox 2025 1552 2381 1617; x_wconf 83' lang='lat' dir='ltr'><strong>CORDERII</strong></span> 
     </span>
    </p>
   </div>
   <div class='ocr_carea' id='block_1_23' title="bbox 250 1658 3597 1737">
    <p class='ocr_par' dir='ltr' id='par_1_23' title="bbox 250 1658 3597 1737">
     <span class='ocr_line' id='line_1_23' title="bbox 250 1658 3597 1737; baseline 0.003 -23"><span class='ocrx_word' id='word_1_151' title='bbox 250 1658 343 1732; x_wconf 63' lang='grc' dir='ltr'><strong>ξι.</strong></span> <span class='ocrx_word' id='word_1_152' title='bbox 375 1659 462 1737; x_wconf 72' lang='lat' dir='ltr'><strong>Ad</strong></span> <span class='ocrx_word' id='word_1_153' title='bbox 502 1659 691 1737; x_wconf 85' lang='lat' dir='ltr'><strong>locum</strong></span> <span class='ocrx_word' id='word_1_154' title='bbox 726 1660 885 1717; x_wconf 83' lang='lat' dir='ltr'><strong>Pauli</strong></span> <span class='ocrx_word' id='word_1_155' title='bbox 908 1660 937 1737; x_wconf 53' lang='grc' dir='ltr'><em>ξ</em></span> <span class='ocrx_word' id='word_1_156' title='bbox 972 1659 1095 1737; x_wconf 78' lang='lat' dir='ltr'><strong>qu.</strong></span> <span class='ocrx_word' id='word_1_157' title='bbox 1129 1660 1290 1737; x_wconf 66' lang='lat'><strong>1,25,</strong></span> <span class='ocrx_word' id='word_1_158' title='bbox 1323 1660 1605 1737; x_wconf 79' lang='lat' dir='ltr'><strong>vide_qi_iae_</strong></span> <span class='ocrx_word' id='word_1_159' title='bbox 1630 1672 1826 1737; x_wconf 86' lang='lat' dir='ltr'><strong>_supra</strong></span> <span class='ocrx_word' id='word_1_160' title='bbox 1889 1659 2141 1737; x_wconf 73' lang='lat' dir='ltr'><strong>diximus</strong></span> <span class='ocrx_word' id='word_1_161' title='bbox 2200 1662 2255 1717; x_wconf 89' lang='lat' dir='ltr'><strong>in</strong></span> <span class='ocrx_word' id='word_1_162' title='bbox 2315 1661 2471 1737; x_wconf 68' lang='lat' dir='ltr'><strong>potis</strong></span> <span class='ocrx_word' id='word_1_163' title='bbox 2521 1662 2593 1719; x_wconf 88' lang='lat' dir='ltr'><strong>ad</strong></span> <span class='ocrx_word' id='word_1_164' title='bbox 2623 1662 2870 1732; x_wconf 91' lang='lat' dir='ltr'><strong>primum</strong></span> <span class='ocrx_word' id='word_1_165' title='bbox 2908 1671 3079 1733; x_wconf 89' lang='lat' dir='ltr'><strong>caput</strong></span> <span class='ocrx_word' id='word_1_166' title='bbox 3104 1665 3278 1737; x_wconf 87' lang='lat' dir='ltr'><strong>hujus</strong></span> <span class='ocrx_word' id='word_1_167' title='bbox 3308 1665 3465 1736; x_wconf 88' lang='lat' dir='ltr'><strong>libri,</strong></span> <span class='ocrx_word' id='word_1_168' title='bbox 3496 1668 3523 1737; x_wconf 64' lang='grc' dir='ltr'><strong><em>ς</em></strong></span> <span class='ocrx_word' id='word_1_169' title='bbox 3554 1665 3597 1724; x_wconf 86' lang='grc'><strong>1.</strong></span> 
     </span>
    </p>
   </div>
   <div class='ocr_carea' id='block_1_24' title="bbox 185 1730 3601 1809">
    <p class='ocr_par' dir='ltr' id='par_1_24' title="bbox 185 1730 3601 1809">
     <span class='ocr_line' id='line_1_24' title="bbox 185 1730 3601 1809; baseline 0.003 -23"><span class='ocrx_word' id='word_1_170' title='bbox 185 1730 396 1809; x_wconf 66' lang='lat' dir='ltr'><strong>Sensus</strong></span> <span class='ocrx_word' id='word_1_171' title='bbox 429 1731 688 1809; x_wconf 71' lang='lat' dir='ltr'><strong>litteratis</strong></span> <span class='ocrx_word' id='word_1_172' title='bbox 720 1740 802 1788; x_wconf 90' lang='lat' dir='ltr'><strong>est</strong></span> <span class='ocrx_word' id='word_1_173' title='bbox 832 1747 845 1789; x_wconf 92' lang='lat'>:</span> <span class='ocrx_word' id='word_1_174' title='bbox 894 1732 1045 1809; x_wconf 61' lang='lat' dir='ltr'><strong>Quod</strong></span> <span class='ocrx_word' id='word_1_175' title='bbox 1090 1732 1315 1809; x_wconf 69' lang='lat' dir='ltr'><strong>etuttuni</strong></span> <span class='ocrx_word' id='word_1_176' title='bbox 1341 1736 1418 1788; x_wconf 79' lang='lat' dir='ltr'><strong>eet</strong></span> <span class='ocrx_word' id='word_1_177' title='bbox 1446 1730 1566 1809; x_wconf 65' lang='lat' dir='ltr'><strong>Dei,</strong></span> <span class='ocrx_word' id='word_1_178' title='bbox 1592 1731 1650 1788; x_wconf 88' lang='lat' dir='ltr'><strong>id</strong></span> <span class='ocrx_word' id='word_1_179' title='bbox 1679 1730 1766 1809; x_wconf 77' lang='lat' dir='ltr'><strong>est</strong></span> <span class='ocrx_word' id='word_1_180' title='bbox 1793 1731 2043 1809; x_wconf 84' lang='lat' dir='ltr'><strong>quod_in</strong></span> <span class='ocrx_word' id='word_1_181' title='bbox 2081 1733 2188 1789; x_wconf 84' lang='lat' dir='ltr'><strong>Deo</strong></span> <span class='ocrx_word' id='word_1_182' title='bbox 2225 1742 2277 1788; x_wconf 90' lang='lat' dir='ltr'><strong>et</strong></span> <span class='ocrx_word' id='word_1_183' title='bbox 2309 1732 2531 1809; x_wconf 87' lang='lat' dir='ltr'><strong>Christo</strong></span> <span class='ocrx_word' id='word_1_184' title='bbox 2564 1730 2699 1790; x_wconf 80' lang='lat' dir='ltr'><strong>nato</strong></span> <span class='ocrx_word' id='word_1_185' title='bbox 2728 1750 2793 1790; x_wconf 88' lang='lat' dir='ltr'><strong>ac</strong></span> <span class='ocrx_word' id='word_1_186' title='bbox 2831 1730 2997 1809; x_wconf 80' lang='lat' dir='ltr'><strong>passo</strong></span> <span class='ocrx_word' id='word_1_187' title='bbox 3030 1730 3229 1805; x_wconf 72' lang='lat' dir='ltr'><strong>putarit</strong></span> <span class='ocrx_word' id='word_1_188' title='bbox 3260 1730 3521 1809; x_wconf 46' lang='lat' dir='ltr'><strong>gentiles&quot;</strong></span> <span class='ocrx_word' id='word_1_189' title='bbox 3545 1748 3601 1797; x_wconf 92' lang='lat' dir='ltr'><strong>et</strong></span> 
     </span>
    </p>
   </div>
   <div class='ocr_carea' id='block_1_25' title="bbox 185 1802 3595 1930">
    <p class='ocr_par' dir='ltr' id='par_1_25' title="bbox 185 1802 3595 1930">
     <span class='ocr_line' id='line_1_25' title="bbox 185 1802 3595 1930; baseline 0.002 -72"><span class='ocrx_word' id='word_1_190' title='bbox 185 1802 511 1930; x_wconf 50' lang='lat' dir='ltr'><strong>philospphi</strong></span> <span class='ocrx_word' id='word_1_191' title='bbox 542 1806 778 1861; x_wconf 86' lang='lat' dir='ltr'><strong>stultum</strong></span> <span class='ocrx_word' id='word_1_192' title='bbox 808 1818 950 1871; x_wconf 89' lang='lat' dir='ltr'><strong>esse,</strong></span> <span class='ocrx_word' id='word_1_193' title='bbox 986 1803 1045 1861; x_wconf 84' lang='lat' dir='ltr'><strong>id</strong></span> <span class='ocrx_word' id='word_1_194' title='bbox 1076 1805 1384 1876; x_wconf 77' lang='lat' dir='ltr'><strong>sapientius</strong></span> <span class='ocrx_word' id='word_1_195' title='bbox 1415 1808 1492 1861; x_wconf 82' lang='lat' dir='ltr'><strong>est</strong></span> <span class='ocrx_word' id='word_1_196' title='bbox 1545 1802 1858 1873; x_wconf 70' lang='lat' dir='ltr'><strong>homnibue,</strong></span> <span class='ocrx_word' id='word_1_197' title='bbox 1918 1802 1975 1859; x_wconf 88' lang='lat' dir='ltr'><strong>id</strong></span> <span class='ocrx_word' id='word_1_198' title='bbox 2034 1815 2118 1861; x_wconf 91' lang='lat' dir='ltr'><strong>est</strong></span> <span class='ocrx_word' id='word_1_199' title='bbox 2174 1817 2404 1860; x_wconf 90' lang='lat' dir='ltr'><strong>omnem</strong></span> <span class='ocrx_word' id='word_1_200' title='bbox 2435 1806 2748 1862; x_wconf 76' lang='lat' dir='ltr'><strong>humanam</strong></span> <span class='ocrx_word' id='word_1_201' title='bbox 2778 1802 3116 1878; x_wconf 71' lang='lat' dir='ltr'><strong>sapientiam</strong></span> <span class='ocrx_word' id='word_1_202' title='bbox 3151 1802 3389 1866; x_wconf 75' lang='lat' dir='ltr'><strong>excedit.</strong></span> <span class='ocrx_word' id='word_1_203' title='bbox 3422 1810 3505 1868; x_wconf 90' lang='lat' dir='ltr'><strong>lta</strong></span> <span class='ocrx_word' id='word_1_204' title='bbox 3536 1810 3595 1865; x_wconf 88' lang='lat' dir='ltr'><strong>P.</strong></span> 
     </span>
     <span class='ocr_line' id='line_1_26' title="bbox 258 1889 507 1930; baseline -0.004 0"><span class='ocrx_word' id='word_1_205' title='bbox 258 1889 364 1930; x_wconf 90' lang='lat' dir='ltr'><strong>rne</strong></span> <span class='ocrx_word' id='word_1_206' title='bbox 397 1889 507 1930; x_wconf 83' lang='lat' dir='ltr'><strong>in..</strong></span> 
     </span>
    </p>
   </div>
   <div class='ocr_carea' id='block_1_26' title="bbox 258 1888 507 1931">
    <p class='ocr_par' dir='ltr' id='par_1_26' title="bbox 258 1888 507 1931">
     <span class='ocr_line' id='line_1_27' title="bbox 258 1888 507 1931; baseline -0.004 -1"><span class='ocrx_word' id='word_1_207' title='bbox 258 1888 507 1931; x_wconf 69' lang='grc' dir='ltr'><strong>Πιθιιυε.</strong></span> 
     </span>
    </p>
   </div>
   <div class='ocr_carea' id='block_1_27' title="bbox 249 1945 3597 2021">
    <p class='ocr_par' dir='ltr' id='par_1_27' title="bbox 249 1945 3597 2021">
     <span class='ocr_line' id='line_1_28' title="bbox 249 1945 3597 2021; baseline 0.002 -19"><span class='ocrx_word' id='word_1_208' title='bbox 249 1945 473 2021; x_wconf 75' lang='lat' dir='ltr'><strong>Ibidem</strong></span> <span class='ocrx_word' id='word_1_209' title='bbox 502 1962 516 2001; x_wconf 90' lang='lat'><strong>:</strong></span> <span class='ocrx_word' id='word_1_210' title='bbox 549 1946 1016 2021; x_wconf 59' lang='lat' dir='ltr'><strong>Islampiiioitem,</strong></span> <span class='ocrx_word' id='word_1_211' title='bbox 1050 1963 1155 2021; x_wconf 77' lang='lat' dir='ltr'><strong>qua</strong></span> <span class='ocrx_word' id='word_1_212' title='bbox 1185 1946 1350 2003; x_wconf 84' lang='lat' dir='ltr'><strong>rebus</strong></span> <span class='ocrx_word' id='word_1_213' title='bbox 1368 1963 1434 2021; x_wconf 17' lang='lat' dir='ltr'><strong>Lee</strong></span> <span class='ocrx_word' id='word_1_214' title='bbox 1447 1946 1821 2021; x_wconf 67' lang='lat' dir='ltr'><strong>superioribus</strong></span> <span class='ocrx_word' id='word_1_215' title='bbox 1849 1947 2220 2021; x_wconf 67' lang='lat' dir='ltr'><strong>conjungilur,</strong></span> <span class='ocrx_word' id='word_1_216' title='bbox 2271 1953 2534 2004; x_wconf 80' lang='lat' dir='ltr'><strong>naturam</strong></span> <span class='ocrx_word' id='word_1_217' title='bbox 2561 1948 2730 2020; x_wconf 74' lang='lat' dir='ltr'><strong>ipsius</strong></span> <span class='ocrx_word' id='word_1_218' title='bbox 2769 1949 2923 2021; x_wconf 76' lang='lat' dir='ltr'><strong>longe</strong></span> <span class='ocrx_word' id='word_1_219' title='bbox 2970 1964 3245 2021; x_wconf 78' lang='lat' dir='ltr'><strong>superare.</strong></span> <span class='ocrx_word' id='word_1_220' title='bbox 3287 1951 3392 2009; x_wconf 87' lang='lat' dir='ltr'><strong>Ubi</strong></span> <span class='ocrx_word' id='word_1_221' title='bbox 3443 1959 3597 2015; x_wconf 87' lang='lat' dir='ltr'><strong>nota.</strong></span> 
     </span>
    </p>
   </div>
   <div class='ocr_carea' id='block_1_28' title="bbox 184 2017 3604 2093">
    <p class='ocr_par' dir='ltr' id='par_1_28' title="bbox 184 2017 3604 2093">
     <span class='ocr_line' id='line_1_29' title="bbox 184 2017 3604 2093; baseline 0.003 -22"><span class='ocrx_word' id='word_1_222' title='bbox 184 2017 423 2093; x_wconf 83' lang='lat' dir='ltr'><strong>intelligi</strong></span> <span class='ocrx_word' id='word_1_223' title='bbox 459 2028 647 2093; x_wconf 74' lang='lat' dir='ltr'><strong>actum</strong></span> <span class='ocrx_word' id='word_1_224' title='bbox 676 2017 834 2093; x_wconf 83' lang='lat' dir='ltr'><strong>ﬁdei,</strong></span> <span class='ocrx_word' id='word_1_225' title='bbox 866 2034 978 2091; x_wconf 89' lang='lat' dir='ltr'><strong>qua</strong></span> <span class='ocrx_word' id='word_1_226' title='bbox 1011 2017 1102 2075; x_wconf 81' lang='lat' dir='ltr'><strong>hic</strong></span> <span class='ocrx_word' id='word_1_227' title='bbox 1142 2020 1199 2074; x_wconf 93' lang='lat' dir='ltr'><strong>in</strong></span> <span class='ocrx_word' id='word_1_228' title='bbox 1230 2021 1316 2073; x_wconf 86' lang='lat' dir='ltr'><strong>via</strong></span> <span class='ocrx_word' id='word_1_229' title='bbox 1351 2017 1652 2093; x_wconf 78' lang='lat' dir='ltr'><strong>dirigimur</strong></span> <span class='ocrx_word' id='word_1_230' title='bbox 1681 2018 1751 2075; x_wconf 88' lang='lat' dir='ltr'><strong>ad</strong></span> <span class='ocrx_word' id='word_1_231' title='bbox 1782 2032 1873 2075; x_wconf 86' lang='lat' dir='ltr'><strong>res</strong></span> <span class='ocrx_word' id='word_1_232' title='bbox 1903 2017 2270 2093; x_wconf 64' lang='lat' dir='ltr'><strong>divinaspro</strong></span> <span class='ocrx_word' id='word_1_233' title='bbox 2303 2028 2470 2093; x_wconf 74' lang='lat' dir='ltr'><strong>capiti</strong></span> <span class='ocrx_word' id='word_1_234' title='bbox 2502 2017 2701 2093; x_wconf 61' lang='lat' dir='ltr'><strong>nostra</strong></span> <span class='ocrx_word' id='word_1_235' title='bbox 2732 2017 3266 2090; x_wconf 78' lang='lat' dir='ltr'><strong>apprehendendas,</strong></span> <span class='ocrx_word' id='word_1_236' title='bbox 3327 2037 3460 2093; x_wconf 85' lang='lat' dir='ltr'><strong>quae</strong></span> <span class='ocrx_word' id='word_1_237' title='bbox 3518 2031 3604 2080; x_wconf 85' lang='lat' dir='ltr'><strong>est</strong></span> 
     </span>
    </p>
   </div>
   <div class='ocr_carea' id='block_1_29' title="bbox 182 2086 3604 2162">
    <p class='ocr_par' dir='ltr' id='par_1_29' title="bbox 182 2086 3604 2162">
     <span class='ocr_line' id='line_1_30' title="bbox 182 2086 3604 2162; baseline 0.002 -17"><span class='ocrx_word' id='word_1_238' title='bbox 182 2086 397 2162; x_wconf 82' lang='lat' dir='ltr'><strong>donum</strong></span> <span class='ocrx_word' id='word_1_239' title='bbox 458 2087 553 2145; x_wconf 87' lang='lat' dir='ltr'><strong>Dei</strong></span> <span class='ocrx_word' id='word_1_240' title='bbox 613 2101 666 2146; x_wconf 83' lang='lat' dir='ltr'><strong>et</strong></span> <span class='ocrx_word' id='word_1_241' title='bbox 723 2086 943 2147; x_wconf 78' lang='lat' dir='ltr'><strong>ordinis</strong></span> <span class='ocrx_word' id='word_1_242' title='bbox 1004 2086 1489 2161; x_wconf 53' lang='lat' dir='ltr'><strong>supernaturalis.‘</strong></span> <span class='ocrx_word' id='word_1_243' title='bbox 1521 2088 1646 2162; x_wconf 18' lang='lat' dir='ltr'><strong>,Cur</strong></span> <span class='ocrx_word' id='word_1_244' title='bbox 1695 2099 1881 2147; x_wconf 88' lang='lat' dir='ltr'><strong>autem</strong></span> <span class='ocrx_word' id='word_1_245' title='bbox 1929 2090 2079 2147; x_wconf 81' lang='lat' dir='ltr'><strong>Deus</strong></span> <span class='ocrx_word' id='word_1_246' title='bbox 2123 2086 2460 2162; x_wconf 70' lang='lat' dir='ltr'><strong>huiusmodi</strong></span> <span class='ocrx_word' id='word_1_247' title='bbox 2492 2086 2849 2149; x_wconf 55' lang='lat' dir='ltr'><strong>sublimia&#39;et</strong></span> <span class='ocrx_word' id='word_1_248' title='bbox 2874 2104 3104 2162; x_wconf 88' lang='lat' dir='ltr'><strong>captum</strong></span> <span class='ocrx_word' id='word_1_249' title='bbox 3140 2086 3403 2150; x_wconf 79' lang='lat' dir='ltr'><strong>nostrum</strong></span> <span class='ocrx_word' id='word_1_250' title='bbox 3434 2109 3604 2151; x_wconf 84' lang='lat' dir='ltr'><strong>exce-</strong></span> 
     </span>
    </p>
   </div>
   <div class='ocr_carea' id='block_1_30' title="bbox 180 2159 3598 2288">
    <p class='ocr_par' dir='ltr' id='par_1_30' title="bbox 180 2159 3598 2288">
     <span class='ocr_line' id='line_1_31' title="bbox 180 2159 3598 2288; baseline 0.002 -72"><span class='ocrx_word' id='word_1_251' title='bbox 180 2159 372 2288; x_wconf 43' lang='lat' dir='ltr'><strong>(lentia:3</strong></span> <span class='ocrx_word' id='word_1_252' title='bbox 426 2176 458 2216; x_wconf 90' lang='lat' dir='ltr'><strong>a</strong></span> <span class='ocrx_word' id='word_1_253' title='bbox 519 2162 688 2219; x_wconf 89' lang='lat' dir='ltr'><strong>nobis</strong></span> <span class='ocrx_word' id='word_1_254' title='bbox 739 2163 891 2219; x_wconf 89' lang='lat' dir='ltr'><strong>credi</strong></span> <span class='ocrx_word' id='word_1_255' title='bbox 949 2159 1217 2231; x_wconf 83' lang='lat' dir='ltr'><strong>voluerit,</strong></span> <span class='ocrx_word' id='word_1_256' title='bbox 1265 2172 1380 2219; x_wconf 88' lang='lat' dir='ltr'><strong>tres</strong></span> <span class='ocrx_word' id='word_1_257' title='bbox 1437 2161 1708 2233; x_wconf 91' lang='lat' dir='ltr'><strong>pulchras</strong></span> <span class='ocrx_word' id='word_1_258' title='bbox 1765 2163 2017 2219; x_wconf 81' lang='lat' dir='ltr'><strong>rationes</strong></span> <span class='ocrx_word' id='word_1_259' title='bbox 2073 2159 2229 2220; x_wconf 69' lang='lat' dir='ltr'><strong>alteri</strong></span> <span class='ocrx_word' id='word_1_260' title='bbox 2286 2164 2516 2219; x_wconf 88' lang='lat' dir='ltr'><strong>Lessius</strong></span> <span class='ocrx_word' id='word_1_261' title='bbox 2577 2163 2676 2219; x_wconf 92' lang='lat' dir='ltr'><strong>lib.</strong></span> <span class='ocrx_word' id='word_1_262' title='bbox 2708 2176 2767 2220; x_wconf 75' lang='lat' dir='ltr'><strong>v1</strong></span> <span class='ocrx_word' id='word_1_263' title='bbox 2824 2163 2895 2218; x_wconf 85' lang='lat' dir='ltr'><strong>De</strong></span> <span class='ocrx_word' id='word_1_264' title='bbox 2919 2159 3347 2236; x_wconf 66' lang='lat' dir='ltr'><strong>perfectionibus</strong></span> <span class='ocrx_word' id='word_1_265' title='bbox 3376 2166 3598 2232; x_wconf 77' lang='lat' dir='ltr'><strong>divinis,</strong></span> 
     </span>
     <span class='ocr_line' id='line_1_32' title="bbox 180 2246 390 2288; baseline -0.005 0"><span class='ocrx_word' id='word_1_266' title='bbox 180 2246 298 2288; x_wconf 80' lang='lat' dir='ltr'><strong>can.</strong></span> <span class='ocrx_word' id='word_1_267' title='bbox 379 2274 390 2287; x_wconf 93' lang='lat'><strong>.</strong></span> 
     </span>
    </p>
   </div>
   <div class='ocr_carea' id='block_1_31' title="bbox 180 2246 390 2289">
    <p class='ocr_par' dir='ltr' id='par_1_31' title="bbox 180 2246 390 2289">
     <span class='ocr_line' id='line_1_33' title="bbox 180 2246 390 2289; baseline -0.01 0"><span class='ocrx_word' id='word_1_268' title='bbox 180 2246 298 2289; x_wconf 77' lang='lat' dir='ltr'><strong>CdD.</strong></span> <span class='ocrx_word' id='word_1_269' title='bbox 336 2246 390 2288; x_wconf 69' lang='grc' dir='ltr'><strong>ὅ.</strong></span> 
     </span>
    </p>
   </div>
   <div class='ocr_carea' id='block_1_32' title="bbox 244 2246 3599 2379">
    <p class='ocr_par' dir='ltr' id='par_1_32' title="bbox 244 2246 3599 2379">
     <span class='ocr_line' id='line_1_34' title="bbox 244 2246 3599 2379; baseline 0.003 -24"><span class='ocrx_word' id='word_1_270' title='bbox 244 2246 502 2361; x_wconf 52' lang='grc' dir='ltr'><strong>ξ’[ἶῖ-’ἱωδ</strong></span> <span class='ocrx_word' id='word_1_271' title='bbox 534 2313 641 2375; x_wconf 89' lang='lat' dir='ltr'><strong>est,</strong></span> <span class='ocrx_word' id='word_1_272' title='bbox 674 2306 880 2376; x_wconf 82' lang='lat' dir='ltr'><strong>inquit,</strong></span> <span class='ocrx_word' id='word_1_273' title='bbox 913 2308 1357 2379; x_wconf 78' lang='lat' dir='ltr'><strong>utcaptivantes</strong></span> <span class='ocrx_word' id='word_1_274' title='bbox 1387 2303 1740 2362; x_wconf 89' lang='lat' dir='ltr'><strong>intellectum</strong></span> <span class='ocrx_word' id='word_1_275' title='bbox 1768 2306 2111 2379; x_wconf 83' lang='lat' dir='ltr'><strong>nostrum&#39;in</strong></span> <span class='ocrx_word' id='word_1_276' title='bbox 2136 2306 2478 2379; x_wconf 86' lang='lat' dir='ltr'><strong>obsequium</strong></span> <span class='ocrx_word' id='word_1_277' title='bbox 2502 2305 2669 2379; x_wconf 73' lang='lat' dir='ltr'><strong>ﬁdei,</strong></span> <span class='ocrx_word' id='word_1_278' title='bbox 2690 2306 2849 2362; x_wconf 88' lang='lat' dir='ltr'><strong>illum</strong></span> <span class='ocrx_word' id='word_1_279' title='bbox 2873 2309 3045 2364; x_wconf 76' lang='lat'><strong>403</strong></span> <span class='ocrx_word' id='word_1_280' title='bbox 3071 2316 3250 2365; x_wconf 91' lang='lat' dir='ltr'><strong>totum</strong></span> <span class='ocrx_word' id='word_1_281' title='bbox 3277 2308 3391 2364; x_wconf 84' lang='lat' dir='ltr'><strong>Deo</strong></span> <span class='ocrx_word' id='word_1_282' title='bbox 3415 2308 3599 2379; x_wconf 83' lang='lat' dir='ltr'><strong>subji-</strong></span> 
     </span>
    </p>
   </div>
   <div class='ocr_carea' id='block_1_33' title="bbox 180 2376 3600 2449">
    <p class='ocr_par' dir='ltr' id='par_1_33' title="bbox 180 2376 3600 2449">
     <span class='ocr_line' id='line_1_35' title="bbox 180 2376 3600 2449; baseline 0.001 -18"><span class='ocrx_word' id='word_1_283' title='bbox 180 2377 400 2433; x_wconf 84' lang='lat' dir='ltr'><strong>ciamus</strong></span> <span class='ocrx_word' id='word_1_284' title='bbox 435 2393 447 2439; x_wconf 85' lang='lat'><strong><em>;</em></strong></span> <span class='ocrx_word' id='word_1_285' title='bbox 482 2384 537 2433; x_wconf 88' lang='lat' dir='ltr'><strong>et</strong></span> <span class='ocrx_word' id='word_1_286' title='bbox 569 2386 950 2449; x_wconf 77' lang='lat' dir='ltr'><strong>agnoscentes</strong></span> <span class='ocrx_word' id='word_1_287' title='bbox 983 2376 1435 2435; x_wconf 82' lang='lat' dir='ltr'><strong>imbecillitatem</strong></span> <span class='ocrx_word' id='word_1_288' title='bbox 1467 2379 1672 2434; x_wconf 85' lang='lat' dir='ltr'><strong>mentis</strong></span> <span class='ocrx_word' id='word_1_289' title='bbox 1702 2384 1925 2442; x_wconf 83' lang='lat' dir='ltr'><strong>nostrae,</strong></span> <span class='ocrx_word' id='word_1_290' title='bbox 1961 2391 2025 2433; x_wconf 87' lang='lat' dir='ltr'><strong>ac</strong></span> <span class='ocrx_word' id='word_1_291' title='bbox 2055 2376 2256 2433; x_wconf 78' lang='lat' dir='ltr'><strong>divinae</strong></span> <span class='ocrx_word' id='word_1_292' title='bbox 2303 2376 2594 2448; x_wconf 73' lang='lat' dir='ltr'><strong>Sapientiae</strong></span> <span class='ocrx_word' id='word_1_293' title='bbox 2625 2378 3005 2439; x_wconf 88' lang='lat' dir='ltr'><strong>altitudinem.</strong></span> <span class='ocrx_word' id='word_1_294' title='bbox 3043 2380 3218 2438; x_wconf 90' lang='lat' dir='ltr'><strong>Deum</strong></span> <span class='ocrx_word' id='word_1_295' title='bbox 3274 2380 3358 2438; x_wconf 90' lang='lat' dir='ltr'><strong>sic</strong></span> <span class='ocrx_word' id='word_1_296' title='bbox 3415 2376 3600 2437; x_wconf 63' lang='lat' dir='ltr'><strong>hon&#39;o-</strong></span> 
     </span>
    </p>
   </div>
   <div class='ocr_carea' id='block_1_34' title="bbox 181 2461 403 2505">
    <p class='ocr_par' dir='ltr' id='par_1_34' title="bbox 181 2461 403 2505">
     <span class='ocr_line' id='line_1_36' title="bbox 181 2461 403 2505; baseline -0.009 -1"><span class='ocrx_word' id='word_1_297' title='bbox 181 2461 403 2505; x_wconf 84' lang='lat' dir='ltr'><strong>remus.</strong></span> 
     </span>
    </p>
   </div>
   <div class='ocr_carea' id='block_1_35' title="bbox 262 2518 3599 2594">
    <p class='ocr_par' dir='ltr' id='par_1_35' title="bbox 262 2518 3599 2594">
     <span class='ocr_line' id='line_1_37' title="bbox 262 2518 3599 2594; baseline 0.002 -20"><span class='ocrx_word' id='word_1_298' title='bbox 262 2538 284 2568; x_wconf 77' lang='grc' dir='ltr'>ι</span> <span class='ocrx_word' id='word_1_299' title='bbox 320 2518 575 2576; x_wconf 87' lang='lat' dir='ltr'><strong>Secunda</strong></span> <span class='ocrx_word' id='word_1_300' title='bbox 600 2526 713 2594; x_wconf 78' lang='lat' dir='ltr'><strong>est,</strong></span> <span class='ocrx_word' id='word_1_301' title='bbox 746 2528 808 2576; x_wconf 90' lang='lat' dir='ltr'><strong>ut</strong></span> <span class='ocrx_word' id='word_1_302' title='bbox 837 2533 1000 2579; x_wconf 89' lang='lat' dir='ltr'><strong>mens</strong></span> <span class='ocrx_word' id='word_1_303' title='bbox 1031 2528 1224 2594; x_wconf 80' lang='lat' dir='ltr'><strong>nostra</strong></span> <span class='ocrx_word' id='word_1_304' title='bbox 1256 2533 1485 2578; x_wconf 83' lang='lat' dir='ltr'><strong>sursum</strong></span> <span class='ocrx_word' id='word_1_305' title='bbox 1517 2521 1791 2594; x_wconf 74' lang='lat' dir='ltr'><strong>erigatur,</strong></span> <span class='ocrx_word' id='word_1_306' title='bbox 1825 2526 1887 2576; x_wconf 92' lang='lat' dir='ltr'><strong>et</strong></span> <span class='ocrx_word' id='word_1_307' title='bbox 1912 2518 1983 2575; x_wconf 91' lang='lat' dir='ltr'><strong>ad</strong></span> <span class='ocrx_word' id='word_1_308' title='bbox 2016 2519 2208 2576; x_wconf 85' lang='lat' dir='ltr'><strong>divina</strong></span> <span class='ocrx_word' id='word_1_309' title='bbox 2243 2520 2499 2594; x_wconf 81' lang='lat' dir='ltr'><strong>elevetur</strong></span> <span class='ocrx_word' id='word_1_310' title='bbox 2526 2538 2543 2582; x_wconf 83' lang='lat'><strong><em>:</em></strong></span> <span class='ocrx_word' id='word_1_311' title='bbox 2577 2520 2624 2577; x_wconf 89' lang='lat' dir='ltr'><strong>si</strong></span> <span class='ocrx_word' id='word_1_312' title='bbox 2655 2522 2796 2594; x_wconf 81' lang='lat' dir='ltr'><strong>enim</strong></span> <span class='ocrx_word' id='word_1_313' title='bbox 2829 2520 2977 2579; x_wconf 89' lang='lat' dir='ltr'><strong>Deus</strong></span> <span class='ocrx_word' id='word_1_314' title='bbox 3003 2537 3123 2594; x_wconf 88' lang='lat' dir='ltr'><strong>non</strong></span> <span class='ocrx_word' id='word_1_315' title='bbox 3152 2530 3504 2594; x_wconf 84' lang='lat' dir='ltr'><strong>proponeret</strong></span> <span class='ocrx_word' id='word_1_316' title='bbox 3534 2538 3599 2581; x_wconf 88' lang='lat' dir='ltr'><strong>ea</strong></span> 
     </span>
    </p>
   </div>
   <div class='ocr_carea' id='block_1_36' title="bbox 182 2590 3600 2663">
    <p class='ocr_par' dir='ltr' id='par_1_36' title="bbox 182 2590 3600 2663">
     <span class='ocr_line' id='line_1_38' title="bbox 182 2590 3600 2663; baseline 0 -15"><span class='ocrx_word' id='word_1_317' title='bbox 182 2604 312 2663; x_wconf 70' lang='lat' dir='ltr'><strong>quae</strong></span> <span class='ocrx_word' id='word_1_318' title='bbox 343 2590 919 2663; x_wconf 9' lang='lat' dir='ltr'><strong>captu‘mrhumanum</strong></span> <span class='ocrx_word' id='word_1_319' title='bbox 952 2592 1250 2657; x_wconf 81' lang='lat' dir='ltr'><strong>excedunt,</strong></span> <span class='ocrx_word' id='word_1_320' title='bbox 1284 2607 1447 2650; x_wconf 89' lang='lat' dir='ltr'><strong>mens</strong></span> <span class='ocrx_word' id='word_1_321' title='bbox 1482 2605 1591 2648; x_wconf 89' lang='lat' dir='ltr'><strong>non</strong></span> <span class='ocrx_word' id='word_1_322' title='bbox 1620 2590 1976 2648; x_wconf 82' lang='lat' dir='ltr'><strong>attolleretur</strong></span> <span class='ocrx_word' id='word_1_323' title='bbox 2000 2606 2253 2662; x_wconf 88' lang='lat' dir='ltr'><strong>sursum,</strong></span> <span class='ocrx_word' id='word_1_324' title='bbox 2285 2593 2383 2648; x_wconf 88' lang='lat' dir='ltr'><strong>sed</strong></span> <span class='ocrx_word' id='word_1_325' title='bbox 2409 2595 2463 2647; x_wconf 91' lang='lat' dir='ltr'><strong>in</strong></span> <span class='ocrx_word' id='word_1_326' title='bbox 2498 2607 2604 2650; x_wconf 91' lang='lat' dir='ltr'><strong>suo</strong></span> <span class='ocrx_word' id='word_1_327' title='bbox 2633 2593 2811 2661; x_wconf 75' lang='lat' dir='ltr'><strong>gradu</strong></span> <span class='ocrx_word' id='word_1_328' title='bbox 2843 2601 2898 2650; x_wconf 89' lang='lat' dir='ltr'><strong>et</strong></span> <span class='ocrx_word' id='word_1_329' title='bbox 2921 2593 3115 2651; x_wconf 89' lang='lat' dir='ltr'><strong>inﬁma</strong></span> <span class='ocrx_word' id='word_1_330' title='bbox 3140 2590 3292 2651; x_wconf 78' lang='lat' dir='ltr'><strong>sorte</strong></span> <span class='ocrx_word' id='word_1_331' title='bbox 3321 2601 3600 2659; x_wconf 87' lang='lat' dir='ltr'><strong>maneret,</strong></span> 
     </span>
    </p>
   </div>
   <div class='ocr_carea' id='block_1_37' title="bbox 181 2661 3599 2790">
    <p class='ocr_par' dir='ltr' id='par_1_37' title="bbox 181 2661 3599 2790">
     <span class='ocr_line' id='line_1_39' title="bbox 181 2661 3599 2790; baseline 0.001 -71"><span class='ocrx_word' id='word_1_332' title='bbox 181 2661 376 2790; x_wconf 53' lang='lat' dir='ltr'><strong>titeque</strong></span> <span class='ocrx_word' id='word_1_333' title='bbox 398 2662 470 2719; x_wconf 89' lang='lat' dir='ltr'><strong>ad</strong></span> <span class='ocrx_word' id='word_1_334' title='bbox 500 2661 901 2790; x_wconf 74' lang='lat' dir='ltr'><strong>Deibvisionem</strong></span> <span class='ocrx_word' id='word_1_335' title='bbox 932 2664 1357 2734; x_wconf 86' lang='lat' dir='ltr'><strong>disponeretur.</strong></span> <span class='ocrx_word' id='word_1_336' title='bbox 1391 2663 1533 2722; x_wconf 89' lang='lat' dir='ltr'><strong>ﬁdes</strong></span> <span class='ocrx_word' id='word_1_337' title='bbox 1568 2664 1723 2720; x_wconf 90' lang='lat' dir='ltr'><strong>enim</strong></span> <span class='ocrx_word' id='word_1_338' title='bbox 1771 2661 2293 2734; x_wconf 42' lang='lat' dir='ltr'><strong>supernaturaliu’m</strong></span> <span class='ocrx_word' id='word_1_339' title='bbox 2345 2664 2529 2721; x_wconf 90' lang='lat' dir='ltr'><strong>media</strong></span> <span class='ocrx_word' id='word_1_340' title='bbox 2565 2674 2648 2721; x_wconf 91' lang='lat' dir='ltr'><strong>est</strong></span> <span class='ocrx_word' id='word_1_341' title='bbox 2679 2666 2828 2722; x_wconf 85' lang='lat' dir='ltr'><strong>inter</strong></span> <span class='ocrx_word' id='word_1_342' title='bbox 2857 2669 3245 2736; x_wconf 83' lang='lat' dir='ltr'><strong>cognitionem</strong></span> <span class='ocrx_word' id='word_1_343' title='bbox 3277 2665 3599 2723; x_wconf 84' lang='lat' dir='ltr'><strong>naturalem</strong></span> 
     </span>
     <span class='ocr_line' id='line_1_40' title="bbox 185 2745 828 2790; baseline 0 0"><span class='ocrx_word' id='word_1_344' title='bbox 185 2748 213 2790; x_wconf 91' lang='lat' dir='ltr'><strong>e</strong></span> <span class='ocrx_word' id='word_1_345' title='bbox 265 2748 551 2790; x_wconf 75' lang='lat' dir='ltr'><strong>Vismnem</strong></span> <span class='ocrx_word' id='word_1_346' title='bbox 625 2745 828 2790; x_wconf 72' lang='lat' dir='ltr'><strong>catam.</strong></span> 
     </span>
    </p>
   </div>
   <div class='ocr_carea' id='block_1_38' title="bbox 185 2743 828 2793">
    <p class='ocr_par' dir='ltr' id='par_1_38' title="bbox 185 2743 828 2793">
     <span class='ocr_line' id='line_1_41' title="bbox 185 2743 828 2793; baseline 0.002 -2"><span class='ocrx_word' id='word_1_347' title='bbox 185 2743 234 2792; x_wconf 79' lang='grc' dir='ltr'><strong>θι</strong></span> <span class='ocrx_word' id='word_1_348' title='bbox 265 2743 551 2791; x_wconf 70' lang='grc' dir='ltr'><strong>νὶειοῃθω</strong></span> <span class='ocrx_word' id='word_1_349' title='bbox 586 2743 828 2793; x_wconf 72' lang='lat' dir='ltr'><strong>beatam.</strong></span> 
     </span>
    </p>
   </div>
   <div class='ocr_carea' id='block_1_39' title="bbox 259 2804 3603 2878">
    <p class='ocr_par' dir='ltr' id='par_1_39' title="bbox 259 2804 3603 2878">
     <span class='ocr_line' id='line_1_42' title="bbox 259 2804 3603 2878; baseline 0.001 -15"><span class='ocrx_word' id='word_1_350' title='bbox 259 2828 276 2856; x_wconf 76' lang='grc' dir='ltr'>ι</span> <span class='ocrx_word' id='word_1_351' title='bbox 314 2804 529 2870; x_wconf 85' lang='lat' dir='ltr'><strong>Tertia,</strong></span> <span class='ocrx_word' id='word_1_352' title='bbox 590 2808 723 2877; x_wconf 87' lang='lat' dir='ltr'><strong>quia</strong></span> <span class='ocrx_word' id='word_1_353' title='bbox 780 2821 911 2865; x_wconf 92' lang='lat' dir='ltr'><strong>cum</strong></span> <span class='ocrx_word' id='word_1_354' title='bbox 968 2807 1079 2864; x_wconf 89' lang='lat' dir='ltr'><strong>vita</strong></span> <span class='ocrx_word' id='word_1_355' title='bbox 1141 2815 1350 2865; x_wconf 80' lang='lat' dir='ltr'><strong>aeterna</strong></span> <span class='ocrx_word' id='word_1_356' title='bbox 1411 2806 1484 2863; x_wconf 89' lang='lat' dir='ltr'><strong>sit</strong></span> <span class='ocrx_word' id='word_1_357' title='bbox 1516 2820 1690 2876; x_wconf 88' lang='lat' dir='ltr'><strong>supra</strong></span> <span class='ocrx_word' id='word_1_358' title='bbox 1742 2813 2040 2878; x_wconf 57' lang='lat' dir='ltr'><strong>naturam,</strong></span> <span class='ocrx_word' id='word_1_359' title='bbox 2068 2820 2131 2862; x_wconf 89' lang='lat' dir='ltr'><strong>ea</strong></span> <span class='ocrx_word' id='word_1_360' title='bbox 2164 2820 2395 2878; x_wconf 90' lang='lat' dir='ltr'><strong>quoque</strong></span> <span class='ocrx_word' id='word_1_361' title='bbox 2441 2820 2563 2878; x_wconf 81' lang='lat' dir='ltr'><strong>quae</strong></span> <span class='ocrx_word' id='word_1_362' title='bbox 2591 2806 2664 2864; x_wconf 87' lang='lat' dir='ltr'><strong>ad</strong></span> <span class='ocrx_word' id='word_1_363' title='bbox 2694 2806 2850 2865; x_wconf 80' lang='lat' dir='ltr'><strong>illam</strong></span> <span class='ocrx_word' id='word_1_364' title='bbox 2882 2808 3101 2865; x_wconf 89' lang='lat' dir='ltr'><strong>ducunt</strong></span> <span class='ocrx_word' id='word_1_365' title='bbox 3145 2807 3351 2865; x_wconf 81' lang='lat' dir='ltr'><strong>debent</strong></span> <span class='ocrx_word' id='word_1_366' title='bbox 3382 2817 3603 2867; x_wconf 66' lang='lat' dir='ltr'><strong>naturae</strong></span> 
     </span>
    </p>
   </div>
   <div class='ocr_carea' id='block_1_40' title="bbox 180 2876 3603 3007">
    <p class='ocr_par' dir='ltr' id='par_1_40' title="bbox 180 2876 3603 3007">
     <span class='ocr_line' id='line_1_43' title="bbox 180 2876 3603 3007; baseline 0.001 -72"><span class='ocrx_word' id='word_1_367' title='bbox 180 2886 414 3007; x_wconf 45' lang='lat' dir='ltr'><strong>gapgudm</strong></span> <span class='ocrx_word' id='word_1_368' title='bbox 438 2890 722 3005; x_wconf 42' lang='lat' dir='ltr'><strong>.s‘uperare</strong></span> <span class='ocrx_word' id='word_1_369' title='bbox 754 2895 770 2943; x_wconf 84' lang='lat'><strong>;</strong></span> <span class='ocrx_word' id='word_1_370' title='bbox 806 2879 945 2935; x_wconf 88' lang='lat' dir='ltr'><strong>hinc</strong></span> <span class='ocrx_word' id='word_1_371' title='bbox 974 2886 1269 2951; x_wconf 84' lang='lat' dir='ltr'><strong>tantopere</strong></span> <span class='ocrx_word' id='word_1_372' title='bbox 1298 2882 1357 2936; x_wconf 91' lang='lat' dir='ltr'><strong>in</strong></span> <span class='ocrx_word' id='word_1_373' title='bbox 1388 2878 1695 2949; x_wconf 87' lang='lat' dir='ltr'><strong>Scripturis</strong></span> <span class='ocrx_word' id='word_1_374' title='bbox 1724 2877 1940 2935; x_wconf 77' lang='lat' dir='ltr'><strong>donum</strong></span> <span class='ocrx_word' id='word_1_375' title='bbox 1972 2876 2103 2933; x_wconf 87' lang='lat' dir='ltr'><strong>ﬁdei</strong></span> <span class='ocrx_word' id='word_1_376' title='bbox 2131 2876 2589 2949; x_wconf 71' lang='lat' dir='ltr'><strong>commendatur,</strong></span> <span class='ocrx_word' id='word_1_377' title='bbox 2641 2888 2692 2936; x_wconf 91' lang='lat' dir='ltr'><strong>et</strong></span> <span class='ocrx_word' id='word_1_378' title='bbox 2745 2895 2814 2935; x_wconf 82' lang='lat' dir='ltr'><strong>ex</strong></span> <span class='ocrx_word' id='word_1_379' title='bbox 2882 2881 3071 2937; x_wconf 86' lang='lat' dir='ltr'><strong>divina</strong></span> <span class='ocrx_word' id='word_1_380' title='bbox 3102 2879 3479 2939; x_wconf 89' lang='lat' dir='ltr'><strong>illustratione</strong></span> <span class='ocrx_word' id='word_1_381' title='bbox 3499 2882 3603 2938; x_wconf 89' lang='lat' dir='ltr'><strong>ha-</strong></span> 
     </span>
     <span class='ocr_line' id='line_1_44' title="bbox 218 2962 575 3007; baseline -0.011 0"><span class='ocrx_word' id='word_1_382' title='bbox 218 2965 280 3007; x_wconf 91' lang='lat' dir='ltr'><strong>er</strong></span> <span class='ocrx_word' id='word_1_383' title='bbox 381 2962 453 3006; x_wconf 91' lang='lat' dir='ltr'><strong>ici</strong></span> <span class='ocrx_word' id='word_1_384' title='bbox 484 2963 575 3005; x_wconf 88' lang='lat' dir='ltr'><strong>ur.</strong></span> 
     </span>
    </p>
   </div>
   <div class='ocr_carea' id='block_1_41' title="bbox 218 2958 575 3007">
    <p class='ocr_par' dir='ltr' id='par_1_41' title="bbox 218 2958 575 3007">
     <span class='ocr_line' id='line_1_45' title="bbox 218 2958 575 3007; baseline -0.011 0"><span class='ocrx_word' id='word_1_385' title='bbox 218 2958 301 3007; x_wconf 77' lang='grc' dir='ltr'><strong>ΘΠ</strong></span> <span class='ocrx_word' id='word_1_386' title='bbox 336 2958 514 3006; x_wconf 68' lang='lat' dir='ltr'><strong>(“Cliti</strong></span> <span class='ocrx_word' id='word_1_387' title='bbox 525 2963 575 3005; x_wconf 80' lang='grc' dir='ltr'><strong>ι’.</strong></span> 
     </span>
    </p>
   </div>
   <div class='ocr_carea' id='block_1_42' title="bbox 247 3018 3604 3094">
    <p class='ocr_par' dir='ltr' id='par_1_42' title="bbox 247 3018 3604 3094">
     <span class='ocr_line' id='line_1_46' title="bbox 247 3018 3604 3094; baseline 0 -16"><span class='ocrx_word' id='word_1_388' title='bbox 247 3019 381 3092; x_wconf 89' lang='lat' dir='ltr'><strong>§II.</strong></span> <span class='ocrx_word' id='word_1_389' title='bbox 415 3018 503 3094; x_wconf 65' lang='lat' dir='ltr'><strong>Ea:</strong></span> <span class='ocrx_word' id='word_1_390' title='bbox 532 3036 597 3077; x_wconf 76' lang='lat' dir='ltr'><strong>ea</strong></span> <span class='ocrx_word' id='word_1_391' title='bbox 624 3020 954 3078; x_wconf 73' lang='lat' dir='ltr'><strong>intellectites</strong></span> <span class='ocrx_word' id='word_1_392' title='bbox 984 3038 1046 3077; x_wconf 88' lang='lat' dir='ltr'><strong>ac</strong></span> <span class='ocrx_word' id='word_1_393' title='bbox 1066 3021 1440 3093; x_wconf 79' lang='lat' dir='ltr'><strong>intelligentes,</strong></span> <span class='ocrx_word' id='word_1_394' title='bbox 1477 3029 1582 3077; x_wconf 91' lang='lat' dir='ltr'><strong>etc.</strong></span> <span class='ocrx_word' id='word_1_395' title='bbox 1618 3020 1764 3076; x_wconf 83' lang='lat' dir='ltr'><strong>Hinc</strong></span> <span class='ocrx_word' id='word_1_396' title='bbox 1815 3019 1979 3094; x_wconf 88' lang='lat' dir='ltr'><strong>divus</strong></span> <span class='ocrx_word' id='word_1_397' title='bbox 2029 3021 2276 3077; x_wconf 87' lang='lat' dir='ltr'><strong>Thomas</strong></span> <span class='ocrx_word' id='word_1_398' title='bbox 2310 3031 2467 3094; x_wconf 89' lang='lat' dir='ltr'><strong>parte</strong></span> <span class='ocrx_word' id='word_1_399' title='bbox 2498 3022 2703 3094; x_wconf 88' lang='lat' dir='ltr'><strong>prima,</strong></span> <span class='ocrx_word' id='word_1_400' title='bbox 2736 3031 2938 3093; x_wconf 63' lang='lat' dir='ltr'><strong>quiest.</strong></span> <span class='ocrx_word' id='word_1_401' title='bbox 2974 3023 3067 3091; x_wconf 69' lang='grc'><strong>55,</strong></span> <span class='ocrx_word' id='word_1_402' title='bbox 3102 3021 3265 3080; x_wconf 89' lang='lat' dir='ltr'><strong>artic.</strong></span> <span class='ocrx_word' id='word_1_403' title='bbox 3296 3022 3330 3076; x_wconf 76' lang='grc'>2</span> <span class='ocrx_word' id='word_1_404' title='bbox 3360 3023 3604 3080; x_wconf 88' lang='lat' dir='ltr'><strong>conclu-</strong></span> 
     </span>
    </p>
   </div>
   <div class='ocr_carea' id='block_1_43' title="bbox 178 3091 3601 3166">
    <p class='ocr_par' dir='ltr' id='par_1_43' title="bbox 178 3091 3601 3166">
     <span class='ocr_line' id='line_1_47' title="bbox 178 3091 3601 3166; baseline 0 -17"><span class='ocrx_word' id='word_1_405' title='bbox 178 3091 278 3160; x_wconf 83' lang='lat' dir='ltr'><strong>dit,</strong></span> <span class='ocrx_word' id='word_1_406' title='bbox 311 3092 579 3166; x_wconf 77' lang='lat' dir='ltr'><strong>angelos,</strong></span> <span class='ocrx_word' id='word_1_407' title='bbox 612 3105 746 3150; x_wconf 89' lang='lat' dir='ltr'><strong>cum</strong></span> <span class='ocrx_word' id='word_1_408' title='bbox 777 3110 806 3151; x_wconf 91' lang='lat' dir='ltr'><strong>a</strong></span> <span class='ocrx_word' id='word_1_409' title='bbox 838 3095 1180 3166; x_wconf 85' lang='lat' dir='ltr'><strong>corporibus</strong></span> <span class='ocrx_word' id='word_1_410' title='bbox 1208 3091 1316 3151; x_wconf 85' lang='lat' dir='ltr'><strong>sint</strong></span> <span class='ocrx_word' id='word_1_411' title='bbox 1348 3094 1640 3161; x_wconf 86' lang='lat' dir='ltr'><strong>abstracti,</strong></span> <span class='ocrx_word' id='word_1_412' title='bbox 1673 3106 1787 3148; x_wconf 90' lang='lat' dir='ltr'><strong>non</strong></span> <span class='ocrx_word' id='word_1_413' title='bbox 1818 3092 2137 3166; x_wconf 77' lang='lat' dir='ltr'><strong>intelligere</strong></span> <span class='ocrx_word' id='word_1_414' title='bbox 2167 3108 2267 3163; x_wconf 83' lang='lat' dir='ltr'><strong>per</strong></span> <span class='ocrx_word' id='word_1_415' title='bbox 2297 3091 2516 3166; x_wconf 74' lang='lat' dir='ltr'><strong>species</strong></span> <span class='ocrx_word' id='word_1_416' title='bbox 2543 3110 2573 3150; x_wconf 90' lang='lat' dir='ltr'><strong>a</strong></span> <span class='ocrx_word' id='word_1_417' title='bbox 2604 3091 2778 3152; x_wconf 77' lang='lat' dir='ltr'><strong>rebus</strong></span> <span class='ocrx_word' id='word_1_418' title='bbox 2810 3102 3087 3166; x_wconf 82' lang='lat' dir='ltr'><strong>acceptas.</strong></span> <span class='ocrx_word' id='word_1_419' title='bbox 3123 3096 3221 3149; x_wconf 89' lang='lat' dir='ltr'><strong>sed</strong></span> <span class='ocrx_word' id='word_1_420' title='bbox 3247 3108 3347 3164; x_wconf 91' lang='lat' dir='ltr'><strong>per</strong></span> <span class='ocrx_word' id='word_1_421' title='bbox 3377 3098 3601 3164; x_wconf 86' lang='lat' dir='ltr'><strong>species</strong></span> 
     </span>
    </p>
   </div>
   <div class='ocr_carea' id='block_1_44' title="bbox 175 3163 3601 3238">
    <p class='ocr_par' dir='ltr' id='par_1_44' title="bbox 175 3163 3601 3238">
     <span class='ocr_line' id='line_1_48' title="bbox 175 3163 3601 3238; baseline 0.001 -19"><span class='ocrx_word' id='word_1_422' title='bbox 175 3166 276 3221; x_wconf 88' lang='lat' dir='ltr'><strong>sibi</strong></span> <span class='ocrx_word' id='word_1_423' title='bbox 318 3165 661 3238; x_wconf 76' lang='lat' dir='ltr'><strong>naturaliter</strong></span> <span class='ocrx_word' id='word_1_424' title='bbox 689 3163 1047 3238; x_wconf 81' lang='lat' dir='ltr'><strong>congenitas.</strong></span> <span class='ocrx_word' id='word_1_425' title='bbox 1082 3166 1174 3223; x_wconf 81' lang='lat' dir='ltr'><strong>Sic</strong></span> <span class='ocrx_word' id='word_1_426' title='bbox 1217 3167 1389 3238; x_wconf 74' lang='lat' dir='ltr'><strong>enim,</strong></span> <span class='ocrx_word' id='word_1_427' title='bbox 1428 3166 1633 3235; x_wconf 84' lang='lat' dir='ltr'><strong>inquit.</strong></span> <span class='ocrx_word' id='word_1_428' title='bbox 1665 3173 1916 3238; x_wconf 85' lang='lat' dir='ltr'><strong>oportet_</strong></span> <span class='ocrx_word' id='word_1_429' title='bbox 1936 3163 2263 3235; x_wconf 81' lang='lat' dir='ltr'><strong>intelligere</strong></span> <span class='ocrx_word' id='word_1_430' title='bbox 2292 3164 2721 3223; x_wconf 88' lang='lat' dir='ltr'><strong>distinctionem</strong></span> <span class='ocrx_word' id='word_1_431' title='bbox 2739 3163 3125 3235; x_wconf 82' lang='lat' dir='ltr'><strong>spiritualium</strong></span> <span class='ocrx_word' id='word_1_432' title='bbox 3148 3163 3601 3222; x_wconf 34' lang='lat' dir='ltr'><strong>sub’stantiarum</strong></span> 
     </span>
    </p>
   </div>
   <div class='ocr_carea' id='block_1_45' title="bbox 174 3235 3601 3308">
    <p class='ocr_par' dir='ltr' id='par_1_45' title="bbox 174 3235 3601 3308">
     <span class='ocr_line' id='line_1_49' title="bbox 174 3235 3601 3308; baseline 0 -16"><span class='ocrx_word' id='word_1_433' title='bbox 174 3244 223 3294; x_wconf 91' lang='lat' dir='ltr'><strong>et</strong></span> <span class='ocrx_word' id='word_1_434' title='bbox 255 3235 550 3301; x_wconf 85' lang='lat' dir='ltr'><strong>ordinem,</strong></span> <span class='ocrx_word' id='word_1_435' title='bbox 585 3237 732 3292; x_wconf 88' lang='lat' dir='ltr'><strong>sicut</strong></span> <span class='ocrx_word' id='word_1_436' title='bbox 761 3235 845 3293; x_wconf 75' lang='lat' dir='ltr'><strong>est</strong></span> <span class='ocrx_word' id='word_1_437' title='bbox 874 3237 1158 3294; x_wconf 78' lang='lat' dir='ltr'><strong>distinctio</strong></span> <span class='ocrx_word' id='word_1_438' title='bbox 1192 3246 1244 3293; x_wconf 92' lang='lat' dir='ltr'><strong>et</strong></span> <span class='ocrx_word' id='word_1_439' title='bbox 1272 3236 1415 3293; x_wconf 92' lang='lat' dir='ltr'><strong>ordo</strong></span> <span class='ocrx_word' id='word_1_440' title='bbox 1444 3236 1848 3308; x_wconf 80' lang='lat' dir='ltr'><strong>corporalium.</strong></span> <span class='ocrx_word' id='word_1_441' title='bbox 1884 3235 2160 3304; x_wconf 87' lang='lat' dir='ltr'><strong>Suprema</strong></span> <span class='ocrx_word' id='word_1_442' title='bbox 2204 3246 2391 3292; x_wconf 87' lang='lat' dir='ltr'><strong>autem</strong></span> <span class='ocrx_word' id='word_1_443' title='bbox 2448 3251 2689 3307; x_wconf 88' lang='lat' dir='ltr'><strong>corpora</strong></span> <span class='ocrx_word' id='word_1_444' title='bbox 2752 3238 2967 3294; x_wconf 64' lang='lat' dir='ltr'><strong>habent</strong></span> <span class='ocrx_word' id='word_1_445' title='bbox 3023 3240 3335 3308; x_wconf 83' lang='lat' dir='ltr'><strong>potentiam</strong></span> <span class='ocrx_word' id='word_1_446' title='bbox 3395 3242 3450 3293; x_wconf 92' lang='lat' dir='ltr'><strong>in</strong></span> <span class='ocrx_word' id='word_1_447' title='bbox 3510 3240 3601 3294; x_wconf 89' lang='lat' dir='ltr'><strong>sui</strong></span> 
     </span>
    </p>
   </div>
   <div class='ocr_carea' id='block_1_46' title="bbox 170 3307 3604 3380">
    <p class='ocr_par' dir='ltr' id='par_1_46' title="bbox 170 3307 3604 3380">
     <span class='ocr_line' id='line_1_50' title="bbox 170 3307 3604 3380; baseline 0.001 -16"><span class='ocrx_word' id='word_1_448' title='bbox 170 3319 383 3365; x_wconf 89' lang='lat' dir='ltr'><strong>natura</strong></span> <span class='ocrx_word' id='word_1_449' title='bbox 414 3308 663 3365; x_wconf 89' lang='lat' dir='ltr'><strong>totaliter</strong></span> <span class='ocrx_word' id='word_1_450' title='bbox 696 3310 1001 3379; x_wconf 85' lang='lat' dir='ltr'><strong>perfectam</strong></span> <span class='ocrx_word' id='word_1_451' title='bbox 1033 3323 1134 3379; x_wconf 92' lang='lat' dir='ltr'><strong>per</strong></span> <span class='ocrx_word' id='word_1_452' title='bbox 1165 3308 1406 3380; x_wconf 75' lang='lat' dir='ltr'><strong>formam</strong></span> <span class='ocrx_word' id='word_1_453' title='bbox 1438 3323 1456 3377; x_wconf 85' lang='lat'>;</span> <span class='ocrx_word' id='word_1_454' title='bbox 1489 3310 1546 3363; x_wconf 88' lang='lat' dir='ltr'><strong>in</strong></span> <span class='ocrx_word' id='word_1_455' title='bbox 1580 3307 2138 3380; x_wconf 80' lang='lat' dir='ltr'><strong>corporibusautem</strong></span> <span class='ocrx_word' id='word_1_456' title='bbox 2172 3307 2540 3365; x_wconf 84' lang='lat' dir='ltr'><strong>inferioribus</strong></span> <span class='ocrx_word' id='word_1_457' title='bbox 2571 3309 2820 3380; x_wconf 86' lang='lat' dir='ltr'><strong>potentia</strong></span> <span class='ocrx_word' id='word_1_458' title='bbox 2868 3307 3119 3380; x_wconf 63' lang='lat' dir='ltr'><strong>materia;</strong></span> <span class='ocrx_word' id='word_1_459' title='bbox 3178 3322 3292 3365; x_wconf 89' lang='lat' dir='ltr'><strong>non</strong></span> <span class='ocrx_word' id='word_1_460' title='bbox 3354 3308 3604 3367; x_wconf 88' lang='lat' dir='ltr'><strong>totaliter</strong></span> 
     </span>
    </p>
   </div>
   <div class='ocr_carea' id='block_1_47' title="bbox 170 3376 3606 3452">
    <p class='ocr_par' dir='ltr' id='par_1_47' title="bbox 170 3376 3606 3452">
     <span class='ocr_line' id='line_1_51' title="bbox 170 3376 3606 3452; baseline 0 -17"><span class='ocrx_word' id='word_1_461' title='bbox 170 3380 471 3449; x_wconf 87' lang='lat' dir='ltr'><strong>perﬁcitur</strong></span> <span class='ocrx_word' id='word_1_462' title='bbox 500 3393 600 3448; x_wconf 89' lang='lat' dir='ltr'><strong>per</strong></span> <span class='ocrx_word' id='word_1_463' title='bbox 629 3376 895 3452; x_wconf 76' lang='lat' dir='ltr'><strong>formam,</strong></span> <span class='ocrx_word' id='word_1_464' title='bbox 929 3376 1282 3452; x_wconf 63' lang='lat' dir='ltr'><strong>sed&#39;accipit,</strong></span> <span class='ocrx_word' id='word_1_465' title='bbox 1308 3393 1463 3452; x_wconf 79' lang='lat' dir='ltr'><strong>nunc</strong></span> <span class='ocrx_word' id='word_1_466' title='bbox 1493 3391 1666 3435; x_wconf 87' lang='lat' dir='ltr'><strong>unam</strong></span> <span class='ocrx_word' id='word_1_467' title='bbox 1686 3376 1857 3452; x_wconf 77' lang='lat' dir='ltr'><strong>nunc</strong></span> <span class='ocrx_word' id='word_1_468' title='bbox 1886 3376 2054 3433; x_wconf 84' lang='lat' dir='ltr'><strong>aliam</strong></span> <span class='ocrx_word' id='word_1_469' title='bbox 2081 3380 2322 3435; x_wconf 78' lang='lat' dir='ltr'><strong>formam</strong></span> <span class='ocrx_word' id='word_1_470' title='bbox 2347 3381 2417 3435; x_wconf 89' lang='lat' dir='ltr'><strong>ab</strong></span> <span class='ocrx_word' id='word_1_471' title='bbox 2443 3376 2638 3452; x_wconf 78' lang='lat' dir='ltr'><strong>aliquo</strong></span> <span class='ocrx_word' id='word_1_472' title='bbox 2669 3387 2871 3450; x_wconf 84' lang='lat' dir='ltr'><strong>agente</strong></span> <span class='ocrx_word' id='word_1_473' title='bbox 2894 3396 2911 3448; x_wconf 88' lang='lat'><strong>;</strong></span> <span class='ocrx_word' id='word_1_474' title='bbox 2938 3378 3203 3452; x_wconf 82' lang='lat' dir='ltr'><strong>similiter</strong></span> <span class='ocrx_word' id='word_1_475' title='bbox 3227 3390 3280 3436; x_wconf 91' lang='lat' dir='ltr'><strong>et</strong></span> <span class='ocrx_word' id='word_1_476' title='bbox 3306 3380 3606 3437; x_wconf 82' lang='lat' dir='ltr'><strong>inferiores</strong></span> 
     </span>
    </p>
   </div>
   <div class='ocr_carea' id='block_1_48' title="bbox 166 3449 3604 3522">
    <p class='ocr_par' dir='ltr' id='par_1_48' title="bbox 166 3449 3604 3522">
     <span class='ocr_line' id='line_1_52' title="bbox 166 3449 3604 3522; baseline 0 -15"><span class='ocrx_word' id='word_1_477' title='bbox 166 3453 503 3509; x_wconf 75' lang='lat' dir='ltr'><strong>substantize</strong></span> <span class='ocrx_word' id='word_1_478' title='bbox 535 3449 917 3513; x_wconf 73' lang='lat' dir='ltr'><strong>intellectivze.</strong></span> <span class='ocrx_word' id='word_1_479' title='bbox 948 3449 1400 3509; x_wconf 63' lang='lat' dir='ltr'><strong>scilicet&#39;animze</strong></span> <span class='ocrx_word' id='word_1_480' title='bbox 1430 3449 1722 3519; x_wconf 75' lang='lat' dir='ltr'><strong>humanae,</strong></span> <span class='ocrx_word' id='word_1_481' title='bbox 1752 3450 1965 3522; x_wconf 83' lang='lat' dir='ltr'><strong>habent</strong></span> <span class='ocrx_word' id='word_1_482' title='bbox 1999 3452 2309 3518; x_wconf 85' lang='lat' dir='ltr'><strong>potentiam</strong></span> <span class='ocrx_word' id='word_1_483' title='bbox 2343 3449 2747 3508; x_wconf 64' lang='lat' dir='ltr'><strong>intelleitiivam</strong></span> <span class='ocrx_word' id='word_1_484' title='bbox 2770 3466 2885 3509; x_wconf 92' lang='lat' dir='ltr'><strong>non</strong></span> <span class='ocrx_word' id='word_1_485' title='bbox 2937 3450 3277 3522; x_wconf 85' lang='lat' dir='ltr'><strong>completam</strong></span> <span class='ocrx_word' id='word_1_486' title='bbox 3323 3452 3604 3508; x_wconf 86' lang='lat' dir='ltr'><strong>naturali-</strong></span> 
     </span>
    </p>
   </div>
   <div class='ocr_carea' id='block_1_49' title="bbox 166 3520 3602 3593">
    <p class='ocr_par' dir='ltr' id='par_1_49' title="bbox 166 3520 3602 3593">
     <span class='ocr_line' id='line_1_53' title="bbox 166 3520 3602 3593; baseline 0 -14"><span class='ocrx_word' id='word_1_487' title='bbox 166 3531 271 3588; x_wconf 87' lang='lat' dir='ltr'><strong>ter,</strong></span> <span class='ocrx_word' id='word_1_488' title='bbox 307 3538 415 3580; x_wconf 89' lang='lat' dir='ltr'><strong>sec</strong></span> <span class='ocrx_word' id='word_1_489' title='bbox 438 3524 761 3593; x_wconf 84' lang='lat' dir='ltr'><strong>completur</strong></span> <span class='ocrx_word' id='word_1_490' title='bbox 790 3523 848 3579; x_wconf 92' lang='lat' dir='ltr'><strong>in</strong></span> <span class='ocrx_word' id='word_1_491' title='bbox 883 3523 967 3580; x_wconf 89' lang='lat' dir='ltr'><strong>eis</strong></span> <span class='ocrx_word' id='word_1_492' title='bbox 998 3524 1343 3591; x_wconf 86' lang='lat' dir='ltr'><strong>successive,</strong></span> <span class='ocrx_word' id='word_1_493' title='bbox 1379 3536 1478 3592; x_wconf 88' lang='lat' dir='ltr'><strong>per</strong></span> <span class='ocrx_word' id='word_1_494' title='bbox 1508 3523 1619 3578; x_wconf 92' lang='lat' dir='ltr'><strong>hoc</strong></span> <span class='ocrx_word' id='word_1_495' title='bbox 1646 3522 1799 3592; x_wconf 89' lang='lat' dir='ltr'><strong>quod</strong></span> <span class='ocrx_word' id='word_1_496' title='bbox 1832 3520 2121 3593; x_wconf 86' lang='lat' dir='ltr'><strong>accipiunt</strong></span> <span class='ocrx_word' id='word_1_497' title='bbox 2154 3522 2373 3593; x_wconf 86' lang='lat' dir='ltr'><strong>species</strong></span> <span class='ocrx_word' id='word_1_498' title='bbox 2404 3522 2796 3593; x_wconf 83' lang='lat' dir='ltr'><strong>intelligibiles</strong></span> <span class='ocrx_word' id='word_1_499' title='bbox 2848 3540 2875 3578; x_wconf 90' lang='lat' dir='ltr'><strong>a</strong></span> <span class='ocrx_word' id='word_1_500' title='bbox 2910 3520 3085 3579; x_wconf 83' lang='lat' dir='ltr'><strong>rebus</strong></span> <span class='ocrx_word' id='word_1_501' title='bbox 3112 3538 3130 3591; x_wconf 83' lang='lat'>;</span> <span class='ocrx_word' id='word_1_502' title='bbox 3181 3524 3432 3593; x_wconf 87' lang='lat' dir='ltr'><strong>potentia</strong></span> <span class='ocrx_word' id='word_1_503' title='bbox 3465 3537 3602 3580; x_wconf 85' lang='lat' dir='ltr'><strong>vero</strong></span> 
     </span>
    </p>
   </div>
   <div class='ocr_carea' id='block_1_50' title="bbox 166 3592 3603 3667">
    <p class='ocr_par' dir='ltr' id='par_1_50' title="bbox 166 3592 3603 3667">
     <span class='ocr_line' id='line_1_54' title="bbox 166 3592 3603 3667; baseline -0 -16"><span class='ocrx_word' id='word_1_504' title='bbox 166 3594 527 3667; x_wconf 26' lang='lat' dir='ltr'><strong>intellect‘iva</strong></span> <span class='ocrx_word' id='word_1_505' title='bbox 560 3592 619 3649; x_wconf 78' lang='lat' dir='ltr'><strong>in</strong></span> <span class='ocrx_word' id='word_1_506' title='bbox 650 3596 983 3651; x_wconf 86' lang='lat' dir='ltr'><strong>substantiis</strong></span> <span class='ocrx_word' id='word_1_507' title='bbox 1010 3594 1404 3667; x_wconf 83' lang='lat' dir='ltr'><strong>spiritualibus</strong></span> <span class='ocrx_word' id='word_1_508' title='bbox 1436 3593 1856 3667; x_wconf 78' lang='lat' dir='ltr'><strong>superioribus,</strong></span> <span class='ocrx_word' id='word_1_509' title='bbox 1891 3592 1945 3647; x_wconf 89' lang='lat' dir='ltr'><strong>id</strong></span> <span class='ocrx_word' id='word_1_510' title='bbox 1978 3601 2064 3647; x_wconf 87' lang='lat' dir='ltr'><strong>est</strong></span> <span class='ocrx_word' id='word_1_511' title='bbox 2092 3592 2423 3667; x_wconf 67' lang='lat' dir='ltr'><strong>inangelis,</strong></span> <span class='ocrx_word' id='word_1_512' title='bbox 2458 3592 2795 3651; x_wconf 66' lang='lat' dir='ltr'><strong>naturaliter</strong></span> <span class='ocrx_word' id='word_1_513' title='bbox 2818 3594 3100 3667; x_wconf 58' lang='lat' dir='ltr'><strong>completa</strong></span> <span class='ocrx_word' id='word_1_514' title='bbox 3133 3592 3217 3649; x_wconf 73' lang='lat' dir='ltr'><strong>est</strong></span> <span class='ocrx_word' id='word_1_515' title='bbox 3250 3608 3353 3665; x_wconf 90' lang='lat' dir='ltr'><strong>per</strong></span> <span class='ocrx_word' id='word_1_516' title='bbox 3383 3596 3603 3667; x_wconf 84' lang='lat' dir='ltr'><strong>species</strong></span> 
     </span>
    </p>
   </div>
   <div class='ocr_carea' id='block_1_51' title="bbox 158 3663 3602 3737">
    <p class='ocr_par' dir='ltr' id='par_1_51' title="bbox 158 3663 3602 3737">
     <span class='ocr_line' id='line_1_55' title="bbox 158 3663 3602 3737; baseline -0 -16"><span class='ocrx_word' id='word_1_517' title='bbox 158 3665 585 3737; x_wconf 85' lang='lat' dir='ltr'><strong>intelligibiles</strong></span> <span class='ocrx_word' id='word_1_518' title='bbox 605 3663 1132 3737; x_wconf 59' lang='lat' dir='ltr'><strong>connaturales,&#39;ad</strong></span> <span class='ocrx_word' id='word_1_519' title='bbox 1163 3665 1352 3723; x_wconf 85' lang='lat' dir='ltr'><strong>omnia</strong></span> <span class='ocrx_word' id='word_1_520' title='bbox 1389 3663 1761 3735; x_wconf 84' lang='lat' dir='ltr'><strong>intelligenda</strong></span> <span class='ocrx_word' id='word_1_521' title='bbox 1792 3678 1923 3737; x_wconf 77' lang='lat' dir='ltr'><strong>quae</strong></span> <span class='ocrx_word' id='word_1_522' title='bbox 1954 3664 2291 3737; x_wconf 87' lang='lat' dir='ltr'><strong>naturaliter</strong></span> <span class='ocrx_word' id='word_1_523' title='bbox 2308 3677 2656 3735; x_wconf 86' lang='lat' dir='ltr'><strong>cognoscere</strong></span> <span class='ocrx_word' id='word_1_524' title='bbox 2680 3674 2937 3735; x_wconf 86' lang='lat' dir='ltr'><strong>possunt.</strong></span> <span class='ocrx_word' id='word_1_525' title='bbox 2961 3665 3031 3722; x_wconf 91' lang='lat' dir='ltr'><strong>Et</strong></span> <span class='ocrx_word' id='word_1_526' title='bbox 3053 3665 3161 3722; x_wconf 92' lang='lat' dir='ltr'><strong>hoc</strong></span> <span class='ocrx_word' id='word_1_527' title='bbox 3191 3663 3358 3737; x_wconf 83' lang='lat' dir='ltr'><strong>etiam</strong></span> <span class='ocrx_word' id='word_1_528' title='bbox 3381 3666 3602 3737; x_wconf 19' lang='lat' dir='ltr'><strong>ex‘ipso</strong></span> 
     </span>
    </p>
   </div>
   <div class='ocr_carea' id='block_1_52' title="bbox 166 3735 3602 3809">
    <p class='ocr_par' dir='ltr' id='par_1_52' title="bbox 166 3735 3602 3809">
     <span class='ocr_line' id='line_1_56' title="bbox 166 3735 3602 3809; baseline -0 -16"><span class='ocrx_word' id='word_1_529' title='bbox 166 3739 347 3795; x_wconf 88' lang='lat' dir='ltr'><strong>modo</strong></span> <span class='ocrx_word' id='word_1_530' title='bbox 375 3735 973 3809; x_wconf 11' lang='lat' dir='ltr'><strong>&#39;essendigtiujusmodi</strong></span> <span class='ocrx_word' id='word_1_531' title='bbox 1009 3735 1471 3796; x_wconf 33' lang='lat' dir='ltr'><strong>‘substantiarum</strong></span> <span class='ocrx_word' id='word_1_532' title='bbox 1500 3744 1755 3808; x_wconf 86' lang='lat' dir='ltr'><strong>apparet,</strong></span> <span class='ocrx_word' id='word_1_533' title='bbox 1814 3736 2145 3809; x_wconf 78' lang='lat' dir='ltr'><strong>substantiae</strong></span> <span class='ocrx_word' id='word_1_534' title='bbox 2202 3736 2355 3809; x_wconf 78' lang='lat' dir='ltr'><strong>enim</strong></span> <span class='ocrx_word' id='word_1_535' title='bbox 2415 3738 2743 3807; x_wconf 85' lang='lat' dir='ltr'><strong>spirituales</strong></span> <span class='ocrx_word' id='word_1_536' title='bbox 2773 3737 3088 3799; x_wconf 65' lang='lat' dir='ltr'><strong>inferioris.</strong></span> <span class='ocrx_word' id='word_1_537' title='bbox 3122 3736 3343 3793; x_wconf 88' lang='lat' dir='ltr'><strong>scilicet</strong></span> <span class='ocrx_word' id='word_1_538' title='bbox 3373 3735 3602 3805; x_wconf 72' lang='lat' dir='ltr'><strong>animae,</strong></span> 
     </span>
    </p>
   </div>
   <div class='ocr_carea' id='block_1_53' title="bbox 166 3806 3610 3880">
    <p class='ocr_par' dir='ltr' id='par_1_53' title="bbox 166 3806 3610 3880">
     <span class='ocr_line' id='line_1_57' title="bbox 166 3806 3610 3880; baseline 0 -16"><span class='ocrx_word' id='word_1_539' title='bbox 166 3809 396 3866; x_wconf 88' lang='lat' dir='ltr'><strong>habent</strong></span> <span class='ocrx_word' id='word_1_540' title='bbox 427 3823 557 3865; x_wconf 90' lang='lat' dir='ltr'><strong>esse</strong></span> <span class='ocrx_word' id='word_1_541' title='bbox 576 3806 742 3866; x_wconf 81' lang='lat' dir='ltr'><strong>afﬁne</strong></span> <span class='ocrx_word' id='word_1_542' title='bbox 771 3809 997 3879; x_wconf 88' lang='lat' dir='ltr'><strong>corpori</strong></span> <span class='ocrx_word' id='word_1_543' title='bbox 1028 3811 1084 3865; x_wconf 89' lang='lat' dir='ltr'><strong>in</strong></span> <span class='ocrx_word' id='word_1_544' title='bbox 1116 3816 1396 3880; x_wconf 87' lang='lat' dir='ltr'><strong>quantum</strong></span> <span class='ocrx_word' id='word_1_545' title='bbox 1427 3806 1897 3880; x_wconf 65' lang='lat' dir='ltr'><strong>sunt&#39;corporum</strong></span> <span class='ocrx_word' id='word_1_546' title='bbox 1928 3808 2144 3880; x_wconf 71' lang='lat' dir='ltr'><strong>formae,</strong></span> <span class='ocrx_word' id='word_1_547' title='bbox 2184 3816 2237 3864; x_wconf 90' lang='lat' dir='ltr'><strong>et</strong></span> <span class='ocrx_word' id='word_1_548' title='bbox 2268 3806 2395 3864; x_wconf 91' lang='lat' dir='ltr'><strong>ideo</strong></span> <span class='ocrx_word' id='word_1_549' title='bbox 2427 3806 2489 3863; x_wconf 82' lang='lat' dir='ltr'><strong>ex</strong></span> <span class='ocrx_word' id='word_1_550' title='bbox 2520 3810 2641 3877; x_wconf 91' lang='lat' dir='ltr'><strong>ipso</strong></span> <span class='ocrx_word' id='word_1_551' title='bbox 2674 3809 2842 3865; x_wconf 87' lang='lat' dir='ltr'><strong>modo</strong></span> <span class='ocrx_word' id='word_1_552' title='bbox 2874 3809 3100 3865; x_wconf 88' lang='lat' dir='ltr'><strong>essendi</strong></span> <span class='ocrx_word' id='word_1_553' title='bbox 3133 3809 3401 3877; x_wconf 87' lang='lat' dir='ltr'><strong>competit</strong></span> <span class='ocrx_word' id='word_1_554' title='bbox 3432 3809 3516 3880; x_wconf 86' lang='lat' dir='ltr'><strong>eis</strong></span> <span class='ocrx_word' id='word_1_555' title='bbox 3539 3817 3610 3865; x_wconf 90' lang='lat' dir='ltr'><strong>ut</strong></span> 
     </span>
    </p>
   </div>
   <div class='ocr_carea' id='block_1_54' title="bbox 166 3878 3605 3952">
    <p class='ocr_par' dir='ltr' id='par_1_54' title="bbox 166 3878 3605 3952">
     <span class='ocr_line' id='line_1_58' title="bbox 166 3878 3605 3952; baseline -0 -14"><span class='ocrx_word' id='word_1_556' title='bbox 166 3895 195 3938; x_wconf 89' lang='lat' dir='ltr'><strong>a</strong></span> <span class='ocrx_word' id='word_1_557' title='bbox 230 3880 589 3952; x_wconf 85' lang='lat' dir='ltr'><strong>corporibus</strong></span> <span class='ocrx_word' id='word_1_558' title='bbox 618 3890 673 3938; x_wconf 91' lang='lat' dir='ltr'><strong>et</strong></span> <span class='ocrx_word' id='word_1_559' title='bbox 692 3895 793 3951; x_wconf 89' lang='lat' dir='ltr'><strong>per</strong></span> <span class='ocrx_word' id='word_1_560' title='bbox 822 3878 1060 3951; x_wconf 85' lang='lat' dir='ltr'><strong>corpora</strong></span> <span class='ocrx_word' id='word_1_561' title='bbox 1096 3878 1257 3937; x_wconf 79' lang='lat' dir='ltr'><strong>suam</strong></span> <span class='ocrx_word' id='word_1_562' title='bbox 1285 3880 1690 3952; x_wconf 80' lang='lat' dir='ltr'><strong>perfectionem</strong></span> <span class='ocrx_word' id='word_1_563' title='bbox 1725 3878 2149 3952; x_wconf 86' lang='lat' dir='ltr'><strong>intelligibilem</strong></span> <span class='ocrx_word' id='word_1_564' title='bbox 2197 3880 2938 3952; x_wconf 84' lang='lat' dir='ltr'><strong>consequantur,alioquin</strong></span> <span class='ocrx_word' id='word_1_565' title='bbox 2969 3881 3207 3952; x_wconf 80' lang='lat' dir='ltr'><strong>_frustra</strong></span> <span class='ocrx_word' id='word_1_566' title='bbox 3264 3879 3605 3952; x_wconf 79' lang='lat' dir='ltr'><strong>corporibus</strong></span> 
     </span>
    </p>
   </div>
   <div class='ocr_carea' id='block_1_55' title="bbox 167 3950 3605 4023">
    <p class='ocr_par' dir='ltr' id='par_1_55' title="bbox 167 3950 3605 4023">
     <span class='ocr_line' id='line_1_59' title="bbox 167 3950 3605 4023; baseline -0.001 -14"><span class='ocrx_word' id='word_1_567' title='bbox 167 3950 495 4011; x_wconf 71' lang='lat' dir='ltr'><strong>nnireritur</strong></span> <span class='ocrx_word' id='word_1_568' title='bbox 530 3967 550 4023; x_wconf 82' lang='lat'><strong>;</strong></span> <span class='ocrx_word' id='word_1_569' title='bbox 581 3950 1081 4011; x_wconf 38' lang='lat' dir='ltr'><strong>sub’siantiie’vero</strong></span> <span class='ocrx_word' id='word_1_570' title='bbox 1110 3950 1542 4023; x_wconf 61' lang='lat' dir='ltr'><strong>superioresid</strong></span> <span class='ocrx_word' id='word_1_571' title='bbox 1573 3961 1660 4007; x_wconf 91' lang='lat' dir='ltr'><strong>est</strong></span> <span class='ocrx_word' id='word_1_572' title='bbox 1688 3950 1900 4021; x_wconf 86' lang='lat' dir='ltr'><strong>angeli,</strong></span> <span class='ocrx_word' id='word_1_573' title='bbox 1933 3959 2072 4006; x_wconf 91' lang='lat' dir='ltr'><strong>sunt</strong></span> <span class='ocrx_word' id='word_1_574' title='bbox 2113 3966 2142 4006; x_wconf 87' lang='lat' dir='ltr'><strong>a</strong></span> <span class='ocrx_word' id='word_1_575' title='bbox 2174 3950 2510 4023; x_wconf 82' lang='lat' dir='ltr'><strong>corporibus</strong></span> <span class='ocrx_word' id='word_1_576' title='bbox 2544 3951 2789 4008; x_wconf 87' lang='lat' dir='ltr'><strong>totaliter</strong></span> <span class='ocrx_word' id='word_1_577' title='bbox 2823 3950 3114 4017; x_wconf 78' lang='lat' dir='ltr'><strong>absolutae,</strong></span> <span class='ocrx_word' id='word_1_578' title='bbox 3147 3950 3605 4007; x_wconf 61' lang='lat' dir='ltr'><strong>immaterial&#39;ter</strong></span> 
     </span>
    </p>
   </div>
   <div class='ocr_carea' id='block_1_56' title="bbox 166 4021 3604 4095">
    <p class='ocr_par' dir='ltr' id='par_1_56' title="bbox 166 4021 3604 4095">
     <span class='ocr_line' id='line_1_60' title="bbox 166 4021 3604 4095; baseline -0.001 -14"><span class='ocrx_word' id='word_1_579' title='bbox 166 4034 222 4081; x_wconf 93' lang='lat' dir='ltr'><strong>et</strong></span> <span class='ocrx_word' id='word_1_580' title='bbox 258 4024 325 4081; x_wconf 88' lang='lat' dir='ltr'><strong>in</strong></span> <span class='ocrx_word' id='word_1_581' title='bbox 364 4037 495 4081; x_wconf 88' lang='lat' dir='ltr'><strong>esse</strong></span> <span class='ocrx_word' id='word_1_582' title='bbox 524 4021 870 4095; x_wconf 84' lang='lat' dir='ltr'><strong>inteligibili</strong></span> <span class='ocrx_word' id='word_1_583' title='bbox 905 4021 1300 4088; x_wconf 83' lang='lat' dir='ltr'><strong>subsistentes,</strong></span> <span class='ocrx_word' id='word_1_584' title='bbox 1333 4031 1389 4080; x_wconf 91' lang='lat' dir='ltr'><strong>et</strong></span> <span class='ocrx_word' id='word_1_585' title='bbox 1416 4022 1545 4080; x_wconf 89' lang='lat' dir='ltr'><strong>ideo</strong></span> <span class='ocrx_word' id='word_1_586' title='bbox 1574 4036 1740 4079; x_wconf 86' lang='lat' dir='ltr'><strong>suam</strong></span> <span class='ocrx_word' id='word_1_587' title='bbox 1772 4023 2177 4095; x_wconf 78' lang='lat' dir='ltr'><strong>perfectionem</strong></span> <span class='ocrx_word' id='word_1_588' title='bbox 2211 4021 2622 4095; x_wconf 78' lang='lat' dir='ltr'><strong>intelligibilem</strong></span> <span class='ocrx_word' id='word_1_589' title='bbox 2655 4034 3087 4094; x_wconf 87' lang='lat' dir='ltr'><strong>consequuntur</strong></span> <span class='ocrx_word' id='word_1_590' title='bbox 3110 4036 3212 4095; x_wconf 77' lang='lat' dir='ltr'><strong>per</strong></span> <span class='ocrx_word' id='word_1_591' title='bbox 3244 4023 3604 4095; x_wconf 72' lang='lat' dir='ltr'><strong>intelligilem</strong></span> 
     </span>
    </p>
   </div>
   <div class='ocr_carea' id='block_1_57' title="bbox 166 4038 3598 4167">
    <p class='ocr_par' dir='ltr' id='par_1_57' title="bbox 166 4038 3598 4167">
     <span class='ocr_line' id='line_1_61' title="bbox 166 4038 3598 4095; baseline -0.001 -14"><span class='ocrx_word' id='word_1_592' title='bbox 166 4038 222 4081; x_wconf 92' lang='lat' dir='ltr'><strong>et</strong></span> <span class='ocrx_word' id='word_1_593' title='bbox 258 4040 325 4081; x_wconf 86' lang='lat' dir='ltr'><strong>in</strong></span> <span class='ocrx_word' id='word_1_594' title='bbox 364 4038 495 4081; x_wconf 88' lang='lat' dir='ltr'><strong>esse</strong></span> <span class='ocrx_word' id='word_1_595' title='bbox 524 4038 699 4079; x_wconf 85' lang='lat' dir='ltr'><strong>inieii</strong></span> <span class='ocrx_word' id='word_1_596' title='bbox 749 4038 870 4081; x_wconf 88' lang='lat' dir='ltr'><strong>iniit</strong></span> <span class='ocrx_word' id='word_1_597' title='bbox 905 4038 1300 4088; x_wconf 80' lang='lat' dir='ltr'><strong>subsistentes,</strong></span> <span class='ocrx_word' id='word_1_598' title='bbox 1333 4038 1389 4080; x_wconf 87' lang='lat' dir='ltr'><strong>et</strong></span> <span class='ocrx_word' id='word_1_599' title='bbox 1416 4038 1545 4080; x_wconf 88' lang='lat' dir='ltr'><strong>meo</strong></span> <span class='ocrx_word' id='word_1_600' title='bbox 1574 4038 1740 4079; x_wconf 87' lang='lat' dir='ltr'><strong>suam</strong></span> <span class='ocrx_word' id='word_1_601' title='bbox 1772 4038 2177 4091; x_wconf 87' lang='lat' dir='ltr'><strong>perieciionem</strong></span> <span class='ocrx_word' id='word_1_602' title='bbox 2211 4038 2622 4092; x_wconf 78' lang='lat' dir='ltr'><strong>inteiiiginiiem</strong></span> <span class='ocrx_word' id='word_1_603' title='bbox 2655 4038 3087 4094; x_wconf 84' lang='lat' dir='ltr'><strong>consequuntur</strong></span> <span class='ocrx_word' id='word_1_604' title='bbox 3110 4038 3212 4095; x_wconf 89' lang='lat' dir='ltr'><strong>per</strong></span> <span class='ocrx_word' id='word_1_605' title='bbox 3244 4038 3598 4091; x_wconf 82' lang='lat' dir='ltr'><strong>inteiiigiiem</strong></span> 
     </span>
     <span class='ocr_line' id='line_1_62' title="bbox 166 4038 3598 4167; baseline -0.001 -16"><span class='ocrx_word' id='word_1_606' title='bbox 166 4095 489 4165; x_wconf 82' lang='lat' dir='ltr'><strong>eﬂluxum,</strong></span> <span class='ocrx_word' id='word_1_607' title='bbox 519 4108 685 4165; x_wconf 89' lang='lat' dir='ltr'><strong>quoa</strong></span> <span class='ocrx_word' id='word_1_608' title='bbox 708 4038 837 4153; x_wconf 44' lang='lat' dir='ltr'><strong>ilco</strong></span> <span class='ocrx_word' id='word_1_609' title='bbox 865 4098 1083 4167; x_wconf 88' lang='lat' dir='ltr'><strong>species</strong></span> <span class='ocrx_word' id='word_1_610' title='bbox 1125 4109 1318 4153; x_wconf 89' lang='lat' dir='ltr'><strong>rerum</strong></span> <span class='ocrx_word' id='word_1_611' title='bbox 1360 4095 1721 4165; x_wconf 86' lang='lat' dir='ltr'><strong>cognitarum</strong></span> <span class='ocrx_word' id='word_1_612' title='bbox 1752 4106 2094 4167; x_wconf 79' lang='lat' dir='ltr'><strong>acceperunt</strong></span> <span class='ocrx_word' id='word_1_613' title='bbox 2124 4094 2290 4167; x_wconf 74' lang='lat' dir='ltr'><strong>simul</strong></span> <span class='ocrx_word' id='word_1_614' title='bbox 2327 4108 2458 4149; x_wconf 91' lang='lat' dir='ltr'><strong>cum</strong></span> <span class='ocrx_word' id='word_1_615' title='bbox 2488 4094 2860 4151; x_wconf 88' lang='lat' dir='ltr'><strong>intellectuali</strong></span> <span class='ocrx_word' id='word_1_616' title='bbox 2896 4106 3116 4151; x_wconf 67' lang='lat' dir='ltr'><strong>natura.</strong></span> <span class='ocrx_word' id='word_1_617' title='bbox 3153 4092 3315 4150; x_wconf 90' lang='lat' dir='ltr'><strong>Unde</strong></span> <span class='ocrx_word' id='word_1_618' title='bbox 3348 4093 3598 4167; x_wconf 80' lang='lat' dir='ltr'><strong>i_dem_D.</strong></span> 
     </span>
    </p>
   </div>
   <div class='ocr_carea' id='block_1_58' title="bbox 166 4164 3599 4239">
    <p class='ocr_par' dir='ltr' id='par_1_58' title="bbox 166 4164 3599 4239">
     <span class='ocr_line' id='line_1_63' title="bbox 166 4164 3599 4239; baseline -0.002 -13"><span class='ocrx_word' id='word_1_619' title='bbox 166 4167 441 4226; x_wconf 82' lang='lat' dir='ltr'><strong>Thomas</strong></span> <span class='ocrx_word' id='word_1_620' title='bbox 470 4164 552 4223; x_wconf 60' lang='lat' dir='ltr'><strong>ex</strong></span> <span class='ocrx_word' id='word_1_621' title='bbox 574 4169 681 4223; x_wconf 89' lang='lat' dir='ltr'><strong>hoc</strong></span> <span class='ocrx_word' id='word_1_622' title='bbox 708 4167 845 4239; x_wconf 82' lang='lat' dir='ltr'><strong>item</strong></span> <span class='ocrx_word' id='word_1_623' title='bbox 876 4164 1000 4225; x_wconf 83' lang='lat' dir='ltr'><strong>loco</strong></span> <span class='ocrx_word' id='word_1_624' title='bbox 1031 4168 1290 4239; x_wconf 84' lang='lat' dir='ltr'><strong>Dionysii</strong></span> <span class='ocrx_word' id='word_1_625' title='bbox 1320 4164 1517 4238; x_wconf 75' lang='lat' dir='ltr'><strong>quaest.</strong></span> <span class='ocrx_word' id='word_1_626' title='bbox 1553 4166 1641 4232; x_wconf 82' lang='lat'><strong>58,</strong></span> <span class='ocrx_word' id='word_1_627' title='bbox 1675 4175 1779 4239; x_wconf 88' lang='lat' dir='ltr'><strong>art.</strong></span> <span class='ocrx_word' id='word_1_628' title='bbox 1814 4165 1869 4234; x_wconf 89' lang='lat'><strong>3,</strong></span> <span class='ocrx_word' id='word_1_629' title='bbox 1915 4165 2251 4239; x_wconf 17' lang='lat' dir='ltr'><strong>concludit,”</strong></span> <span class='ocrx_word' id='word_1_630' title='bbox 2274 4167 2899 4239; x_wconf 75' lang='lat' dir='ltr'><strong>angelosquaecunque</strong></span> <span class='ocrx_word' id='word_1_631' title='bbox 2940 4172 3295 4237; x_wconf 86' lang='lat' dir='ltr'><strong>cognoscunt</strong></span> <span class='ocrx_word' id='word_1_632' title='bbox 3325 4165 3450 4239; x_wconf 84' lang='lat' dir='ltr'><strong>sine</strong></span> <span class='ocrx_word' id='word_1_633' title='bbox 3480 4164 3599 4239; x_wconf 89' lang='lat' dir='ltr'><strong>dis-</strong></span> 
     </span>
    </p>
   </div>
   <div class='ocr_carea' id='block_1_59' title="bbox 160 4237 3601 4309">
    <p class='ocr_par' dir='ltr' id='par_1_59' title="bbox 160 4237 3601 4309">
     <span class='ocr_line' id='line_1_64' title="bbox 160 4237 3601 4309; baseline -0.002 -13"><span class='ocrx_word' id='word_1_634' title='bbox 160 4254 359 4297; x_wconf 85' lang='lat' dir='ltr'><strong>cursu</strong></span> <span class='ocrx_word' id='word_1_635' title='bbox 399 4238 848 4309; x_wconf 86' lang='lat' dir='ltr'><strong>apprehendere,</strong></span> <span class='ocrx_word' id='word_1_636' title='bbox 882 4247 933 4295; x_wconf 91' lang='lat' dir='ltr'><strong>et</strong></span> <span class='ocrx_word' id='word_1_637' title='bbox 960 4237 1259 4296; x_wconf 85' lang='lat' dir='ltr'><strong>conﬁrmat</strong></span> <span class='ocrx_word' id='word_1_638' title='bbox 1292 4237 1493 4308; x_wconf 82' lang='lat' dir='ltr'><strong>apart.</strong></span> <span class='ocrx_word' id='word_1_639' title='bbox 1529 4238 1723 4307; x_wconf 83' lang='lat' dir='ltr'><strong>Angeli</strong></span> <span class='ocrx_word' id='word_1_640' title='bbox 1756 4242 1934 4304; x_wconf 84' lang='lat' dir='ltr'><strong>enim,</strong></span> <span class='ocrx_word' id='word_1_641' title='bbox 1969 4238 2171 4308; x_wconf 83' lang='lat' dir='ltr'><strong>inquit.</strong></span> <span class='ocrx_word' id='word_1_642' title='bbox 2202 4238 2358 4292; x_wconf 87' lang='lat' dir='ltr'><strong>illum</strong></span> <span class='ocrx_word' id='word_1_643' title='bbox 2392 4237 2632 4307; x_wconf 89' lang='lat' dir='ltr'><strong>gradum</strong></span> <span class='ocrx_word' id='word_1_644' title='bbox 2668 4247 2860 4294; x_wconf 84' lang='lat' dir='ltr'><strong>tenent</strong></span> <span class='ocrx_word' id='word_1_645' title='bbox 2916 4240 2977 4293; x_wconf 87' lang='lat' dir='ltr'><strong>in</strong></span> <span class='ocrx_word' id='word_1_646' title='bbox 3035 4238 3369 4309; x_wconf 85' lang='lat' dir='ltr'><strong>substantiis</strong></span> <span class='ocrx_word' id='word_1_647' title='bbox 3427 4238 3601 4306; x_wconf 84' lang='lat' dir='ltr'><strong>spiri-</strong></span> 
     </span>
    </p>
   </div>
   <div class='ocr_carea' id='block_1_60' title="bbox 159 4308 3602 4383">
    <p class='ocr_par' dir='ltr' id='par_1_60' title="bbox 159 4308 3602 4383">
     <span class='ocr_line' id='line_1_65' title="bbox 159 4308 3602 4383; baseline -0.002 -14"><span class='ocrx_word' id='word_1_648' title='bbox 159 4308 670 4383; x_wconf 35' lang='lat' dir='ltr'><strong>tualibus’,qu_em</strong></span> <span class='ocrx_word' id='word_1_649' title='bbox 701 4324 944 4383; x_wconf 87' lang='lat' dir='ltr'><strong>corpora</strong></span> <span class='ocrx_word' id='word_1_650' title='bbox 975 4311 1224 4383; x_wconf 75' lang='lat' dir='ltr'><strong>cretestia</strong></span> <span class='ocrx_word' id='word_1_651' title='bbox 1285 4311 1342 4366; x_wconf 88' lang='lat' dir='ltr'><strong>in</strong></span> <span class='ocrx_word' id='word_1_652' title='bbox 1394 4310 1739 4383; x_wconf 82' lang='lat' dir='ltr'><strong>substantiis</strong></span> <span class='ocrx_word' id='word_1_653' title='bbox 1773 4311 2080 4383; x_wconf 70' lang='lat' dir='ltr'><strong>corporeis</strong></span> <span class='ocrx_word' id='word_1_654' title='bbox 2135 4309 2311 4378; x_wconf 89' lang='lat' dir='ltr'><strong>(unde</strong></span> <span class='ocrx_word' id='word_1_655' title='bbox 2371 4321 2422 4364; x_wconf 89' lang='lat' dir='ltr'><strong>et</strong></span> <span class='ocrx_word' id='word_1_656' title='bbox 2480 4312 2740 4383; x_wconf 64' lang='lat' dir='ltr'><strong>caelestes</strong></span> <span class='ocrx_word' id='word_1_657' title='bbox 2798 4316 3017 4366; x_wconf 87' lang='lat' dir='ltr'><strong>mentes</strong></span> <span class='ocrx_word' id='word_1_658' title='bbox 3072 4324 3100 4364; x_wconf 86' lang='lat' dir='ltr'><strong>a</strong></span> <span class='ocrx_word' id='word_1_659' title='bbox 3162 4308 3434 4379; x_wconf 82' lang='lat' dir='ltr'><strong>Dionysio</strong></span> <span class='ocrx_word' id='word_1_660' title='bbox 3494 4321 3602 4383; x_wconf 86' lang='lat' dir='ltr'><strong>ap-</strong></span> 
     </span>
    </p>
   </div>
   <div class='ocr_carea' id='block_1_61' title="bbox 159 4380 3604 4454">
    <p class='ocr_par' dir='ltr' id='par_1_61' title="bbox 159 4380 3604 4454">
     <span class='ocr_line' id='line_1_66' title="bbox 159 4380 3604 4454; baseline -0.002 -13"><span class='ocrx_word' id='word_1_661' title='bbox 159 4380 525 4454; x_wconf 78' lang='lat' dir='ltr'><strong>pellantur).</strong></span> <span class='ocrx_word' id='word_1_662' title='bbox 554 4381 645 4438; x_wconf 83' lang='lat' dir='ltr'><strong>Est</strong></span> <span class='ocrx_word' id='word_1_663' title='bbox 675 4380 863 4454; x_wconf 84' lang='lat' dir='ltr'><strong>autem</strong></span> <span class='ocrx_word' id='word_1_664' title='bbox 887 4383 1003 4439; x_wconf 79' lang='lat' dir='ltr'><strong>haec</strong></span> <span class='ocrx_word' id='word_1_665' title='bbox 1032 4381 1362 4454; x_wconf 12' lang='lat' dir='ltr'><strong>differentia,</strong></span> <span class='ocrx_word' id='word_1_666' title='bbox 1391 4382 1539 4454; x_wconf 87' lang='lat' dir='ltr'><strong>inter</strong></span> <span class='ocrx_word' id='word_1_667' title='bbox 1568 4380 1825 4454; x_wconf 80' lang='lat' dir='ltr'><strong>cmlestia</strong></span> <span class='ocrx_word' id='word_1_668' title='bbox 1855 4390 1910 4435; x_wconf 90' lang='lat' dir='ltr'><strong>et</strong></span> <span class='ocrx_word' id='word_1_669' title='bbox 1942 4388 2167 4436; x_wconf 87' lang='lat' dir='ltr'><strong>terrena</strong></span> <span class='ocrx_word' id='word_1_670' title='bbox 2200 4395 2465 4450; x_wconf 89' lang='lat' dir='ltr'><strong>corpora,</strong></span> <span class='ocrx_word' id='word_1_671' title='bbox 2498 4382 2653 4454; x_wconf 87' lang='lat' dir='ltr'><strong>quod</strong></span> <span class='ocrx_word' id='word_1_672' title='bbox 2685 4395 2924 4454; x_wconf 82' lang='lat' dir='ltr'><strong>corpora</strong></span> <span class='ocrx_word' id='word_1_673' title='bbox 2959 4389 3180 4454; x_wconf 88' lang='lat' dir='ltr'><strong>terrena</strong></span> <span class='ocrx_word' id='word_1_674' title='bbox 3206 4392 3306 4448; x_wconf 90' lang='lat' dir='ltr'><strong>per</strong></span> <span class='ocrx_word' id='word_1_675' title='bbox 3337 4381 3604 4434; x_wconf 87' lang='lat' dir='ltr'><strong>mutatio-</strong></span> 
     </span>
    </p>
   </div>
   <div class='ocr_carea' id='block_1_62' title="bbox 153 4451 3602 4524">
    <p class='ocr_par' dir='ltr' id='par_1_62' title="bbox 153 4451 3602 4524">
     <span class='ocr_line' id='line_1_67' title="bbox 153 4451 3602 4524; baseline -0.002 -12"><span class='ocrx_word' id='word_1_676' title='bbox 153 4451 306 4513; x_wconf 77' lang='lat' dir='ltr'><strong>nem</strong></span> <span class='ocrx_word' id='word_1_677' title='bbox 342 4462 404 4512; x_wconf 90' lang='lat' dir='ltr'><strong>et</strong></span> <span class='ocrx_word' id='word_1_678' title='bbox 433 4461 651 4511; x_wconf 90' lang='lat' dir='ltr'><strong>motum</strong></span> <span class='ocrx_word' id='word_1_679' title='bbox 686 4452 1082 4524; x_wconf 87' lang='lat' dir='ltr'><strong>adipiscuntur</strong></span> <span class='ocrx_word' id='word_1_680' title='bbox 1113 4468 1272 4524; x_wconf 84' lang='lat' dir='ltr'><strong>suam</strong></span> <span class='ocrx_word' id='word_1_681' title='bbox 1310 4452 1568 4510; x_wconf 84' lang='lat' dir='ltr'><strong>ultimam</strong></span> <span class='ocrx_word' id='word_1_682' title='bbox 1598 4452 2025 4524; x_wconf 80' lang='lat' dir='ltr'><strong>perfectionem,</strong></span> <span class='ocrx_word' id='word_1_683' title='bbox 2058 4466 2298 4521; x_wconf 87' lang='lat' dir='ltr'><strong>corpora</strong></span> <span class='ocrx_word' id='word_1_684' title='bbox 2331 4452 2751 4524; x_wconf 32' lang='lat' dir='ltr'><strong>veroncmlestia</strong></span> <span class='ocrx_word' id='word_1_685' title='bbox 2787 4451 2973 4507; x_wconf 85' lang='lat' dir='ltr'><strong>statim</strong></span> <span class='ocrx_word' id='word_1_686' title='bbox 3006 4465 3077 4506; x_wconf 77' lang='lat' dir='ltr'><strong>ex</strong></span> <span class='ocrx_word' id='word_1_687' title='bbox 3110 4453 3229 4521; x_wconf 84' lang='lat' dir='ltr'><strong>ipsa</strong></span> <span class='ocrx_word' id='word_1_688' title='bbox 3262 4464 3364 4524; x_wconf 77' lang='lat' dir='ltr'><strong>sua</strong></span> <span class='ocrx_word' id='word_1_689' title='bbox 3396 4459 3602 4507; x_wconf 85' lang='lat' dir='ltr'><strong>natura</strong></span> 
     </span>
    </p>
   </div>
   <div class='ocr_carea' id='block_1_63' title="bbox 154 4520 3605 4597">
    <p class='ocr_par' dir='ltr' id='par_1_63' title="bbox 154 4520 3605 4597">
     <span class='ocr_line' id='line_1_68' title="bbox 154 4520 3605 4597; baseline -0.002 -14"><span class='ocrx_word' id='word_1_690' title='bbox 154 4541 341 4584; x_wconf 87' lang='lat' dir='ltr'><strong>suam</strong></span> <span class='ocrx_word' id='word_1_691' title='bbox 377 4525 641 4597; x_wconf 83' lang='lat' dir='ltr'><strong>ultimam</strong></span> <span class='ocrx_word' id='word_1_692' title='bbox 674 4520 1081 4597; x_wconf 75' lang='lat' dir='ltr'><strong>perfectionem</strong></span> <span class='ocrx_word' id='word_1_693' title='bbox 1113 4523 1343 4581; x_wconf 76' lang='lat' dir='ltr'><strong>habent.</strong></span> <span class='ocrx_word' id='word_1_694' title='bbox 1378 4523 1466 4579; x_wconf 87' lang='lat' dir='ltr'><strong>Sic</strong></span> <span class='ocrx_word' id='word_1_695' title='bbox 1494 4524 1662 4597; x_wconf 80' lang='lat' dir='ltr'><strong>igitur</strong></span> <span class='ocrx_word' id='word_1_696' title='bbox 1694 4521 1992 4597; x_wconf 82' lang='lat' dir='ltr'><strong>interiores</strong></span> <span class='ocrx_word' id='word_1_697' title='bbox 2022 4520 2368 4597; x_wconf 81' lang='lat' dir='ltr'><strong>intellectus,</strong></span> <span class='ocrx_word' id='word_1_698' title='bbox 2405 4522 2623 4597; x_wconf 84' lang='lat' dir='ltr'><strong>scilicet</strong></span> <span class='ocrx_word' id='word_1_699' title='bbox 2652 4524 2977 4597; x_wconf 81' lang='lat' dir='ltr'><strong>hominum,</strong></span> <span class='ocrx_word' id='word_1_700' title='bbox 3008 4536 3109 4592; x_wconf 90' lang='lat' dir='ltr'><strong>per</strong></span> <span class='ocrx_word' id='word_1_701' title='bbox 3134 4520 3605 4597; x_wconf 85' lang='lat' dir='ltr'><strong>quemdam__mo-</strong></span> 
     </span>
    </p>
   </div>
   <div class='ocr_carea' id='block_1_64' title="bbox 148 4591 3605 4667">
    <p class='ocr_par' dir='ltr' id='par_1_64' title="bbox 148 4591 3605 4667">
     <span class='ocr_line' id='line_1_69' title="bbox 148 4591 3605 4667; baseline -0.002 -11"><span class='ocrx_word' id='word_1_702' title='bbox 148 4607 291 4656; x_wconf 86' lang='lat' dir='ltr'><strong>tum</strong></span> <span class='ocrx_word' id='word_1_703' title='bbox 333 4605 394 4656; x_wconf 89' lang='lat' dir='ltr'><strong>et</strong></span> <span class='ocrx_word' id='word_1_704' title='bbox 424 4591 748 4654; x_wconf 75' lang='lat' dir='ltr'><strong>discursum</strong></span> <span class='ocrx_word' id='word_1_705' title='bbox 779 4597 1174 4654; x_wconf 86' lang='lat' dir='ltr'><strong>intellectualis</strong></span> <span class='ocrx_word' id='word_1_706' title='bbox 1204 4591 1552 4667; x_wconf 80' lang='lat' dir='ltr'><strong>operationis</strong></span> <span class='ocrx_word' id='word_1_707' title='bbox 1582 4594 1988 4667; x_wconf 81' lang='lat' dir='ltr'><strong>perfectionem</strong></span> <span class='ocrx_word' id='word_1_708' title='bbox 2020 4596 2080 4652; x_wconf 88' lang='lat' dir='ltr'><strong>in</strong></span> <span class='ocrx_word' id='word_1_709' title='bbox 2110 4594 2439 4665; x_wconf 85' lang='lat' dir='ltr'><strong>cognitione</strong></span> <span class='ocrx_word' id='word_1_710' title='bbox 2473 4596 2725 4651; x_wconf 75' lang='lat' dir='ltr'><strong>vetitatis</strong></span> <span class='ocrx_word' id='word_1_711' title='bbox 2747 4594 3141 4667; x_wconf 82' lang='lat' dir='ltr'><strong>adipiscuntur</strong></span> <span class='ocrx_word' id='word_1_712' title='bbox 3166 4591 3189 4661; x_wconf 55' lang='grc'><strong>“;</strong></span> <span class='ocrx_word' id='word_1_713' title='bbox 3220 4591 3605 4667; x_wconf 79' lang='lat' dir='ltr'><strong>dumscilicet</strong></span> 
     </span>
    </p>
   </div>
   <div class='ocr_carea' id='block_1_65' title="bbox 148 4664 3605 4740">
    <p class='ocr_par' dir='ltr' id='par_1_65' title="bbox 148 4664 3605 4740">
     <span class='ocr_line' id='line_1_70' title="bbox 148 4664 3605 4740; baseline -0.002 -13"><span class='ocrx_word' id='word_1_714' title='bbox 148 4684 229 4727; x_wconf 81' lang='lat' dir='ltr'><strong>ex</strong></span> <span class='ocrx_word' id='word_1_715' title='bbox 262 4684 399 4728; x_wconf 89' lang='lat' dir='ltr'><strong>uno</strong></span> <span class='ocrx_word' id='word_1_716' title='bbox 430 4670 661 4739; x_wconf 89' lang='lat' dir='ltr'><strong>cognito</strong></span> <span class='ocrx_word' id='word_1_717' title='bbox 690 4671 747 4725; x_wconf 92' lang='lat' dir='ltr'><strong>in</strong></span> <span class='ocrx_word' id='word_1_718' title='bbox 780 4668 935 4726; x_wconf 89' lang='lat' dir='ltr'><strong>aliud</strong></span> <span class='ocrx_word' id='word_1_719' title='bbox 961 4664 1258 4740; x_wconf 71' lang='lat' dir='ltr'><strong>cognitum</strong></span> <span class='ocrx_word' id='word_1_720' title='bbox 1285 4664 1625 4738; x_wconf 83' lang='lat' dir='ltr'><strong>procedunt.</strong></span> <span class='ocrx_word' id='word_1_721' title='bbox 1647 4666 1705 4724; x_wconf 90' lang='lat' dir='ltr'><strong>Si</strong></span> <span class='ocrx_word' id='word_1_722' title='bbox 1724 4675 1925 4740; x_wconf 78' lang='lat' dir='ltr'><strong>autem</strong></span> <span class='ocrx_word' id='word_1_723' title='bbox 1944 4668 2143 4740; x_wconf 82' lang='lat' dir='ltr'><strong>statim</strong></span> <span class='ocrx_word' id='word_1_724' title='bbox 2180 4664 2235 4722; x_wconf 81' lang='lat' dir='ltr'><strong>in</strong></span> <span class='ocrx_word' id='word_1_725' title='bbox 2257 4669 2390 4740; x_wconf 80' lang='lat' dir='ltr'><strong>ipsa</strong></span> <span class='ocrx_word' id='word_1_726' title='bbox 2423 4667 2752 4740; x_wconf 78' lang='lat' dir='ltr'><strong>cognitione</strong></span> <span class='ocrx_word' id='word_1_727' title='bbox 2790 4665 3053 4740; x_wconf 87' lang='lat' dir='ltr'><strong>principii</strong></span> <span class='ocrx_word' id='word_1_728' title='bbox 3078 4667 3197 4721; x_wconf 91' lang='lat' dir='ltr'><strong>noti</strong></span> <span class='ocrx_word' id='word_1_729' title='bbox 3230 4664 3605 4740; x_wconf 83' lang='lat' dir='ltr'><strong>inspicerent,</strong></span> 
     </span>
    </p>
   </div>
   <div class='ocr_carea' id='block_1_66' title="bbox 146 4735 3604 4813">
    <p class='ocr_par' dir='ltr' id='par_1_66' title="bbox 146 4735 3604 4813">
     <span class='ocr_line' id='line_1_71' title="bbox 146 4735 3604 4813; baseline -0.002 -14"><span class='ocrx_word' id='word_1_730' title='bbox 146 4744 335 4813; x_wconf 87' lang='lat' dir='ltr'><strong>quasi</strong></span> <span class='ocrx_word' id='word_1_731' title='bbox 368 4735 560 4813; x_wconf 74' lang='lat' dir='ltr'><strong>notas,</strong></span> <span class='ocrx_word' id='word_1_732' title='bbox 582 4754 792 4813; x_wconf 88' lang='lat' dir='ltr'><strong>omnes</strong></span> <span class='ocrx_word' id='word_1_733' title='bbox 822 4735 1223 4797; x_wconf 69' lang='lat' dir='ltr'><strong>conclusiones</strong></span> <span class='ocrx_word' id='word_1_734' title='bbox 1254 4735 1685 4813; x_wconf 80' lang='lat' dir='ltr'><strong>consequentes.</strong></span> <span class='ocrx_word' id='word_1_735' title='bbox 1720 4737 1782 4794; x_wconf 90' lang='lat' dir='ltr'><strong>in</strong></span> <span class='ocrx_word' id='word_1_736' title='bbox 1812 4740 1898 4795; x_wconf 89' lang='lat' dir='ltr'><strong>eis</strong></span> <span class='ocrx_word' id='word_1_737' title='bbox 1927 4738 2223 4813; x_wconf 80' lang='lat' dir='ltr'><strong>discursus</strong></span> <span class='ocrx_word' id='word_1_738' title='bbox 2256 4735 2447 4813; x_wconf 77' lang='lat' dir='ltr'><strong>lucum</strong></span> <span class='ocrx_word' id='word_1_739' title='bbox 2480 4735 2593 4793; x_wconf 76' lang='lat' dir='ltr'><strong>non</strong></span> <span class='ocrx_word' id='word_1_740' title='bbox 2629 4736 2883 4802; x_wconf 83' lang='lat' dir='ltr'><strong>haberet,</strong></span> <span class='ocrx_word' id='word_1_741' title='bbox 2914 4743 2973 4813; x_wconf 83' lang='lat' dir='ltr'><strong>et</strong></span> <span class='ocrx_word' id='word_1_742' title='bbox 2997 4736 3106 4813; x_wconf 88' lang='lat' dir='ltr'><strong>hoc</strong></span> <span class='ocrx_word' id='word_1_743' title='bbox 3132 4744 3217 4793; x_wconf 87' lang='lat' dir='ltr'><strong>est</strong></span> <span class='ocrx_word' id='word_1_744' title='bbox 3246 4736 3308 4792; x_wconf 90' lang='lat' dir='ltr'><strong>in</strong></span> <span class='ocrx_word' id='word_1_745' title='bbox 3356 4735 3604 4813; x_wconf 82' lang='lat' dir='ltr'><strong>angelis,</strong></span> 
     </span>
    </p>
   </div>
   <div class='ocr_carea' id='block_1_67' title="bbox 144 4808 3603 4884">
    <p class='ocr_par' dir='ltr' id='par_1_67' title="bbox 144 4808 3603 4884">
     <span class='ocr_line' id='line_1_72' title="bbox 144 4808 3603 4884; baseline -0.002 -13"><span class='ocrx_word' id='word_1_746' title='bbox 144 4808 301 4884; x_wconf 74' lang='lat' dir='ltr'><strong>quia</strong></span> <span class='ocrx_word' id='word_1_747' title='bbox 348 4811 547 4884; x_wconf 81' lang='lat' dir='ltr'><strong>statim</strong></span> <span class='ocrx_word' id='word_1_748' title='bbox 576 4812 633 4868; x_wconf 87' lang='lat' dir='ltr'><strong>in</strong></span> <span class='ocrx_word' id='word_1_749' title='bbox 665 4811 782 4868; x_wconf 88' lang='lat' dir='ltr'><strong>illis</strong></span> <span class='ocrx_word' id='word_1_750' title='bbox 809 4826 928 4884; x_wconf 83' lang='lat' dir='ltr'><strong>quae</strong></span> <span class='ocrx_word' id='word_1_751' title='bbox 957 4813 1143 4884; x_wconf 87' lang='lat' dir='ltr'><strong>primo</strong></span> <span class='ocrx_word' id='word_1_752' title='bbox 1174 4808 1509 4884; x_wconf 81' lang='lat' dir='ltr'><strong>naturaliter</strong></span> <span class='ocrx_word' id='word_1_753' title='bbox 1539 4818 1915 4884; x_wconf 68' lang='lat' dir='ltr'><strong>cognoscunt2</strong></span> <span class='ocrx_word' id='word_1_754' title='bbox 1942 4809 2252 4879; x_wconf 86' lang='lat' dir='ltr'><strong>inspiciunt</strong></span> <span class='ocrx_word' id='word_1_755' title='bbox 2281 4812 2472 4884; x_wconf 88' lang='lat' dir='ltr'><strong>omnia</strong></span> <span class='ocrx_word' id='word_1_756' title='bbox 2504 4823 2857 4884; x_wconf 78' lang='lat' dir='ltr'><strong>quaecunque</strong></span> <span class='ocrx_word' id='word_1_757' title='bbox 2911 4808 2967 4865; x_wconf 92' lang='lat' dir='ltr'><strong>in</strong></span> <span class='ocrx_word' id='word_1_758' title='bbox 2995 4809 3077 4865; x_wconf 88' lang='lat' dir='ltr'><strong>eis</strong></span> <span class='ocrx_word' id='word_1_759' title='bbox 3119 4808 3403 4884; x_wconf 76' lang='lat' dir='ltr'><strong>cognosci</strong></span> <span class='ocrx_word' id='word_1_760' title='bbox 3461 4820 3603 4884; x_wconf 86' lang='lat' dir='ltr'><strong>pos-</strong></span> 
     </span>
    </p>
   </div>
   <div class='ocr_carea' id='block_1_68' title="bbox 145 4878 3602 4953">
    <p class='ocr_par' dir='ltr' id='par_1_68' title="bbox 145 4878 3602 4953">
     <span class='ocr_line' id='line_1_73' title="bbox 145 4878 3602 4953; baseline -0.002 -12"><span class='ocrx_word' id='word_1_761' title='bbox 145 4878 305 4943; x_wconf 71' lang='lat' dir='ltr'><strong>sunt</strong></span> <span class='ocrx_word' id='word_1_762' title='bbox 344 4902 363 4951; x_wconf 83' lang='lat'><strong>;</strong></span> <span class='ocrx_word' id='word_1_763' title='bbox 396 4887 456 4940; x_wconf 89' lang='lat' dir='ltr'><strong>et</strong></span> <span class='ocrx_word' id='word_1_764' title='bbox 483 4883 608 4939; x_wconf 86' lang='lat' dir='ltr'><strong>ideo</strong></span> <span class='ocrx_word' id='word_1_765' title='bbox 642 4878 902 4940; x_wconf 68' lang='lat' dir='ltr'><strong>dicuntur</strong></span> <span class='ocrx_word' id='word_1_766' title='bbox 934 4878 1370 4945; x_wconf 77' lang='lat' dir='ltr'><strong>intellectuales,</strong></span> <span class='ocrx_word' id='word_1_767' title='bbox 1401 4884 1533 4953; x_wconf 90' lang='lat' dir='ltr'><strong>quia</strong></span> <span class='ocrx_word' id='word_1_768' title='bbox 1565 4878 1737 4953; x_wconf 75' lang='lat' dir='ltr'><strong>etiam</strong></span> <span class='ocrx_word' id='word_1_769' title='bbox 1767 4879 1921 4953; x_wconf 91' lang='lat' dir='ltr'><strong>apud</strong></span> <span class='ocrx_word' id='word_1_770' title='bbox 1948 4878 2053 4938; x_wconf 83' lang='lat' dir='ltr'><strong>nos</strong></span> <span class='ocrx_word' id='word_1_771' title='bbox 2078 4896 2142 4937; x_wconf 89' lang='lat' dir='ltr'><strong>ea</strong></span> <span class='ocrx_word' id='word_1_772' title='bbox 2174 4895 2298 4951; x_wconf 68' lang='lat' dir='ltr'><strong>quae</strong></span> <span class='ocrx_word' id='word_1_773' title='bbox 2323 4878 2879 4953; x_wconf 41' lang='lat' dir='ltr'><strong>statim‘natural’iter</strong></span> <span class='ocrx_word' id='word_1_774' title='bbox 2941 4878 3479 4950; x_wconf 54' lang='lat' dir='ltr'><strong>apprehenduntur,</strong></span> <span class='ocrx_word' id='word_1_775' title='bbox 3510 4880 3602 4953; x_wconf 85' lang='lat' dir='ltr'><strong>in-</strong></span> 
     </span>
    </p>
   </div>
   <div class='ocr_carea' id='block_1_69' title="bbox 142 4949 3603 5030">
    <p class='ocr_par' dir='ltr' id='par_1_69' title="bbox 142 4949 3603 5030">
     <span class='ocr_line' id='line_1_74' title="bbox 142 4949 3603 5030; baseline -0.003 -16"><span class='ocrx_word' id='word_1_776' title='bbox 142 4949 357 5030; x_wconf 82' lang='lat' dir='ltr'><strong>telligi</strong></span> <span class='ocrx_word' id='word_1_777' title='bbox 390 4954 685 5030; x_wconf 81' lang='lat' dir='ltr'><strong>dicuntur.</strong></span> <span class='ocrx_word' id='word_1_778' title='bbox 718 4954 872 5012; x_wconf 91' lang='lat' dir='ltr'><strong>unde</strong></span> <span class='ocrx_word' id='word_1_779' title='bbox 907 4949 1472 5030; x_wconf 78' lang='lat' dir='ltr'><strong>intellectus__dicittir</strong></span> <span class='ocrx_word' id='word_1_780' title='bbox 1501 4952 1730 5011; x_wconf 87' lang='lat' dir='ltr'><strong>habitus</strong></span> <span class='ocrx_word' id='word_1_781' title='bbox 1747 4949 2082 5030; x_wconf 80' lang='lat' dir='ltr'><strong>primorum</strong></span> <span class='ocrx_word' id='word_1_782' title='bbox 2114 4949 2551 5030; x_wconf 62' lang='lat' dir='ltr'><strong>principiorum,</strong></span> <span class='ocrx_word' id='word_1_783' title='bbox 2586 4951 2788 5030; x_wconf 74' lang='lat' dir='ltr'><strong>animai</strong></span> <span class='ocrx_word' id='word_1_784' title='bbox 2818 4965 2954 5030; x_wconf 79' lang='lat' dir='ltr'><strong>vero</strong></span> <span class='ocrx_word' id='word_1_785' title='bbox 2972 4949 3262 5030; x_wconf 65' lang='lat' dir='ltr'><strong>humanae,</strong></span> <span class='ocrx_word' id='word_1_786' title='bbox 3284 4964 3416 5030; x_wconf 79' lang='lat' dir='ltr'><strong>quae</strong></span> <span class='ocrx_word' id='word_1_787' title='bbox 3435 4949 3603 5030; x_wconf 72' lang='lat' dir='ltr'><strong>veri-</strong></span> 
     </span>
    </p>
   </div>
   <div class='ocr_carea' id='block_1_70' title="bbox 141 5022 3601 5104">
    <p class='ocr_par' dir='ltr' id='par_1_70' title="bbox 141 5022 3601 5104">
     <span class='ocr_line' id='line_1_75' title="bbox 141 5022 3601 5104; baseline -0.003 -19"><span class='ocrx_word' id='word_1_788' title='bbox 141 5022 331 5104; x_wconf 64' lang='lat' dir='ltr'><strong>tatis&#39;</strong></span> <span class='ocrx_word' id='word_1_789' title='bbox 361 5027 626 5104; x_wconf 70' lang='lat' dir='ltr'><strong>notitiam</strong></span> <span class='ocrx_word' id='word_1_790' title='bbox 684 5041 787 5104; x_wconf 81' lang='lat' dir='ltr'><strong>per</strong></span> <span class='ocrx_word' id='word_1_791' title='bbox 844 5026 1159 5104; x_wconf 69' lang='lat' dir='ltr'><strong>quemdam</strong></span> <span class='ocrx_word' id='word_1_792' title='bbox 1213 5026 1562 5104; x_wconf 75' lang='lat' dir='ltr'><strong>discursum</strong></span> <span class='ocrx_word' id='word_1_793' title='bbox 1595 5022 1902 5104; x_wconf 74' lang='lat' dir='ltr'><strong>acquirunt</strong></span> <span class='ocrx_word' id='word_1_794' title='bbox 1956 5022 2612 5104; x_wconf 37' lang='lat' dir='ltr'><strong>rationales.’vocan_tur.</strong></span> <span class='ocrx_word' id='word_1_795' title='bbox 2678 5022 2843 5090; x_wconf 88' lang='lat' dir='ltr'><strong>Quod</strong></span> <span class='ocrx_word' id='word_1_796' title='bbox 2870 5022 3123 5104; x_wconf 74' lang='lat' dir='ltr'><strong>quidem</strong></span> <span class='ocrx_word' id='word_1_797' title='bbox 3190 5022 3474 5104; x_wconf 72' lang='lat' dir='ltr'><strong>contingit</strong></span> <span class='ocrx_word' id='word_1_798' title='bbox 3534 5022 3601 5104; x_wconf 81' lang='lat' dir='ltr'><strong>in</strong></span> 
     </span>
    </p>
   </div>
   <div class='ocr_carea' id='block_1_71' title="bbox 144 5094 3600 5167">
    <p class='ocr_par' dir='ltr' id='par_1_71' title="bbox 144 5094 3600 5167">
     <span class='ocr_line' id='line_1_76' title="bbox 144 5094 3600 5167; baseline -0.003 -10"><span class='ocrx_word' id='word_1_799' title='bbox 144 5099 245 5158; x_wconf 83' lang='lat' dir='ltr'><strong>eis</strong></span> <span class='ocrx_word' id='word_1_800' title='bbox 281 5113 363 5156; x_wconf 76' lang='lat' dir='ltr'><strong>ex</strong></span> <span class='ocrx_word' id='word_1_801' title='bbox 396 5094 953 5157; x_wconf 55' lang='lat' dir='ltr'><strong>debilitate&#39;lumiiiis</strong></span> <span class='ocrx_word' id='word_1_802' title='bbox 1008 5098 1459 5165; x_wconf 85' lang='lat' dir='ltr'><strong>intellectualis;</strong></span> <span class='ocrx_word' id='word_1_803' title='bbox 1519 5098 1567 5153; x_wconf 91' lang='lat' dir='ltr'><strong>si</strong></span> <span class='ocrx_word' id='word_1_804' title='bbox 1625 5094 1780 5154; x_wconf 79' lang='lat' dir='ltr'><strong>enim</strong></span> <span class='ocrx_word' id='word_1_805' title='bbox 1834 5095 1959 5167; x_wconf 88' lang='lat' dir='ltr'><strong>ejus</strong></span> <span class='ocrx_word' id='word_1_806' title='bbox 2018 5094 2429 5167; x_wconf 77' lang='lat' dir='ltr'><strong>plenitudinem</strong></span> <span class='ocrx_word' id='word_1_807' title='bbox 2458 5166 2463 5167; x_wconf 16' lang='grc' dir='ltr'>ί</span> <span class='ocrx_word' id='word_1_808' title='bbox 2493 5094 2793 5167; x_wconf 82' lang='lat' dir='ltr'><strong>haberent,</strong></span> <span class='ocrx_word' id='word_1_809' title='bbox 2836 5096 2983 5167; x_wconf 90' lang='lat' dir='ltr'><strong>sicut</strong></span> <span class='ocrx_word' id='word_1_810' title='bbox 3022 5094 3250 5167; x_wconf 81' lang='lat' dir='ltr'><strong>angeli,</strong></span> <span class='ocrx_word' id='word_1_811' title='bbox 3311 5094 3505 5167; x_wconf 82' lang='lat' dir='ltr'><strong>statim</strong></span> <span class='ocrx_word' id='word_1_812' title='bbox 3538 5094 3600 5167; x_wconf 84' lang='lat' dir='ltr'><strong>in</strong></span> 
     </span>
    </p>
   </div>
   <div class='ocr_carea' id='block_1_72' title="bbox 145 5163 3601 5243">
    <p class='ocr_par' dir='ltr' id='par_1_72' title="bbox 145 5163 3601 5243">
     <span class='ocr_line' id='line_1_77' title="bbox 145 5163 3601 5243; baseline -0.003 -14"><span class='ocrx_word' id='word_1_813' title='bbox 145 5172 373 5243; x_wconf 86' lang='lat' dir='ltr'><strong>primo</strong></span> <span class='ocrx_word' id='word_1_814' title='bbox 403 5178 634 5242; x_wconf 88' lang='lat' dir='ltr'><strong>aspectu</strong></span> <span class='ocrx_word' id='word_1_815' title='bbox 664 5170 1085 5241; x_wconf 83' lang='lat' dir='ltr'><strong>principiorum</strong></span> <span class='ocrx_word' id='word_1_816' title='bbox 1113 5178 1288 5229; x_wconf 91' lang='lat' dir='ltr'><strong>totam</strong></span> <span class='ocrx_word' id='word_1_817' title='bbox 1317 5163 1580 5226; x_wconf 84' lang='lat' dir='ltr'><strong>virtutem</strong></span> <span class='ocrx_word' id='word_1_818' title='bbox 1611 5183 1811 5226; x_wconf 91' lang='lat' dir='ltr'><strong>eorum</strong></span> <span class='ocrx_word' id='word_1_819' title='bbox 1841 5163 2419 5239; x_wconf 71' lang='lat' dir='ltr'><strong>comprehenderent,</strong></span> <span class='ocrx_word' id='word_1_820' title='bbox 2453 5166 2729 5224; x_wconf 88' lang='lat' dir='ltr'><strong>intuendo</strong></span> <span class='ocrx_word' id='word_1_821' title='bbox 2758 5166 3040 5239; x_wconf 88' lang='lat' dir='ltr'><strong>quidquid</strong></span> <span class='ocrx_word' id='word_1_822' title='bbox 3068 5163 3143 5223; x_wconf 69' lang='lat' dir='ltr'><strong>ex&#39;</strong></span> <span class='ocrx_word' id='word_1_823' title='bbox 3164 5169 3242 5224; x_wconf 90' lang='lat' dir='ltr'><strong>eis</strong></span> <span class='ocrx_word' id='word_1_824' title='bbox 3272 5163 3601 5236; x_wconf 83' lang='lat' dir='ltr'><strong>syllogizari</strong></span> 
     </span>
    </p>
   </div>
   <div class='ocr_carea' id='block_1_73' title="bbox 318 5256 402 5298">
    <p class='ocr_par' dir='ltr' id='par_1_73' title="bbox 318 5256 402 5298">
     <span class='ocr_line' id='line_1_78' title="bbox 318 5256 402 5298; baseline 0 0"><span class='ocrx_word' id='word_1_825' title='bbox 318 5256 402 5298; x_wconf 79' lang='grc' dir='ltr'><strong>Θῐ.</strong></span> 
     </span>
    </p>
   </div>
   <div class='ocr_carea' id='block_1_74' title="bbox 142 5252 3601 5437">
    <p class='ocr_par' dir='ltr' id='par_1_74' title="bbox 142 5252 3601 5437">
     <span class='ocr_line' id='line_1_79' title="bbox 142 5252 3601 5437; baseline -0.003 -65"><span class='ocrx_word' id='word_1_826' title='bbox 142 5252 534 5372; x_wconf 53' lang='grc' dir='ltr'><strong>Ροὲξιξηιω</strong></span> <span class='ocrx_word' id='word_1_827' title='bbox 592 5310 778 5378; x_wconf 87' lang='lat' dir='ltr'><strong>docet,</strong></span> <span class='ocrx_word' id='word_1_828' title='bbox 836 5312 1090 5384; x_wconf 84' lang='lat' dir='ltr'><strong>angelos,</strong></span> <span class='ocrx_word' id='word_1_829' title='bbox 1137 5311 1424 5382; x_wconf 89' lang='lat' dir='ltr'><strong>homines,</strong></span> <span class='ocrx_word' id='word_1_830' title='bbox 1456 5309 1709 5373; x_wconf 84' lang='lat' dir='ltr'><strong>sensilia,</strong></span> <span class='ocrx_word' id='word_1_831' title='bbox 1756 5318 1811 5369; x_wconf 89' lang='lat' dir='ltr'><strong>et</strong></span> <span class='ocrx_word' id='word_1_832' title='bbox 1851 5309 2102 5382; x_wconf 85' lang='lat' dir='ltr'><strong>denique</strong></span> <span class='ocrx_word' id='word_1_833' title='bbox 2134 5309 2326 5367; x_wconf 88' lang='lat' dir='ltr'><strong>omnia</strong></span> <span class='ocrx_word' id='word_1_834' title='bbox 2345 5323 2458 5437; x_wconf 49' lang='lat' dir='ltr'><strong>(per</strong></span> <span class='ocrx_word' id='word_1_835' title='bbox 2484 5309 2585 5366; x_wconf 91' lang='lat' dir='ltr'><strong>Dei</strong></span> <span class='ocrx_word' id='word_1_836' title='bbox 2623 5309 2964 5380; x_wconf 87' lang='lat' dir='ltr'><strong>sapientiam</strong></span> <span class='ocrx_word' id='word_1_837' title='bbox 2994 5316 3183 5366; x_wconf 90' lang='lat' dir='ltr'><strong>creata</strong></span> <span class='ocrx_word' id='word_1_838' title='bbox 3215 5320 3366 5377; x_wconf 83' lang='lat' dir='ltr'><strong>esse,</strong></span> <span class='ocrx_word' id='word_1_839' title='bbox 3399 5313 3456 5363; x_wconf 90' lang='lat' dir='ltr'><strong>et</strong></span> <span class='ocrx_word' id='word_1_840' title='bbox 3494 5319 3601 5363; x_wconf 89' lang='lat' dir='ltr'><strong>suo</strong></span> 
     </span>
     <span class='ocr_line' id='line_1_80' title="bbox 142 5378 3601 5437; baseline -0.002 0"><span class='ocrx_word' id='word_1_841' title='bbox 142 5386 358 5437; x_wconf 80' lang='lat' dir='ltr'><strong>modo</strong></span> <span class='ocrx_word' id='word_1_842' title='bbox 388 5386 723 5437; x_wconf 80' lang='lat' dir='ltr'><strong>sapientiam</strong></span> <span class='ocrx_word' id='word_1_843' title='bbox 755 5385 857 5437; x_wconf 85' lang='lat' dir='ltr'><strong>Dei</strong></span> <span class='ocrx_word' id='word_1_844' title='bbox 885 5386 1210 5437; x_wconf 78' lang='lat' dir='ltr'><strong>praedicare.</strong></span> <span class='ocrx_word' id='word_1_845' title='bbox 1238 5391 1302 5437; x_wconf 90' lang='lat' dir='ltr'><strong>ut</strong></span> <span class='ocrx_word' id='word_1_846' title='bbox 1329 5384 1567 5437; x_wconf 83' lang='lat' dir='ltr'><strong>pulchre</strong></span> <span class='ocrx_word' id='word_1_847' title='bbox 1597 5395 1840 5437; x_wconf 69' lang='lat' dir='ltr'><strong>magnus</strong></span> <span class='ocrx_word' id='word_1_848' title='bbox 1872 5382 2114 5437; x_wconf 91' lang='lat' dir='ltr'><strong>Basilius</strong></span> <span class='ocrx_word' id='word_1_849' title='bbox 2144 5382 2202 5437; x_wconf 92' lang='lat' dir='ltr'><strong>in</strong></span> <span class='ocrx_word' id='word_1_850' title='bbox 2236 5382 2337 5437; x_wconf 93' lang='lat' dir='ltr'><strong>illu</strong></span> <span class='ocrx_word' id='word_1_851' title='bbox 2412 5382 2855 5437; x_wconf 84' lang='lat' dir='ltr'><strong>Proverbiorum</strong></span> <span class='ocrx_word' id='word_1_852' title='bbox 2883 5394 3008 5437; x_wconf 85' lang='lat' dir='ltr'><strong>vni.</strong></span> <span class='ocrx_word' id='word_1_853' title='bbox 3039 5381 3110 5435; x_wconf 67' lang='lat'><strong>22</strong></span> <span class='ocrx_word' id='word_1_854' title='bbox 3150 5378 3415 5436; x_wconf 77' lang='lat' dir='ltr'><strong>Dominus</strong></span> <span class='ocrx_word' id='word_1_855' title='bbox 3446 5391 3601 5433; x_wconf 80' lang='lat' dir='ltr'><strong>crea-</strong></span> 
     </span>
    </p>
   </div>
   <div class='ocr_carea' id='block_1_75' title="bbox 140 5379 3604 5457">
    <p class='ocr_par' dir='ltr' id='par_1_75' title="bbox 140 5379 3604 5457">
     <span class='ocr_line' id='line_1_81' title="bbox 140 5379 3604 5457; baseline -0.004 -13"><span class='ocrx_word' id='word_1_856' title='bbox 140 5386 358 5446; x_wconf 86' lang='lat' dir='ltr'><strong>modo</strong></span> <span class='ocrx_word' id='word_1_857' title='bbox 388 5386 723 5457; x_wconf 84' lang='lat' dir='ltr'><strong>sapientiam</strong></span> <span class='ocrx_word' id='word_1_858' title='bbox 754 5385 857 5457; x_wconf 87' lang='lat' dir='ltr'><strong>Dei</strong></span> <span class='ocrx_word' id='word_1_859' title='bbox 885 5379 1211 5456; x_wconf 69' lang='lat' dir='ltr'><strong>praedicare,</strong></span> <span class='ocrx_word' id='word_1_860' title='bbox 1238 5391 1302 5442; x_wconf 92' lang='lat' dir='ltr'><strong>ut</strong></span> <span class='ocrx_word' id='word_1_861' title='bbox 1329 5379 1567 5457; x_wconf 88' lang='lat' dir='ltr'><strong>pulchre</strong></span> <span class='ocrx_word' id='word_1_862' title='bbox 1597 5395 1840 5454; x_wconf 88' lang='lat' dir='ltr'><strong>magnus</strong></span> <span class='ocrx_word' id='word_1_863' title='bbox 1859 5379 2114 5457; x_wconf 82' lang='lat' dir='ltr'><strong>_Basilius</strong></span> <span class='ocrx_word' id='word_1_864' title='bbox 2144 5382 2202 5457; x_wconf 89' lang='lat' dir='ltr'><strong>in</strong></span> <span class='ocrx_word' id='word_1_865' title='bbox 2236 5379 2380 5438; x_wconf 87' lang='lat' dir='ltr'><strong>illud</strong></span> <span class='ocrx_word' id='word_1_866' title='bbox 2412 5379 2855 5457; x_wconf 0' lang='lat' dir='ltr'><strong>Deroverbiorum</strong></span> <span class='ocrx_word' id='word_1_867' title='bbox 2883 5394 3008 5446; x_wconf 86' lang='lat' dir='ltr'><strong>vni,</strong></span> <span class='ocrx_word' id='word_1_868' title='bbox 3039 5381 3110 5435; x_wconf 61' lang='grc' dir='ltr'>Ἡ</span> <span class='ocrx_word' id='word_1_869' title='bbox 3150 5379 3415 5457; x_wconf 64' lang='lat' dir='ltr'><strong>Dominus</strong></span> <span class='ocrx_word' id='word_1_870' title='bbox 3446 5391 3604 5433; x_wconf 80' lang='lat' dir='ltr'><strong>crea-</strong></span> 
     </span>
    </p>
   </div>
   <div class='ocr_carea' id='block_1_76' title="bbox 137 5451 3602 5529">
    <p class='ocr_par' dir='ltr' id='par_1_76' title="bbox 137 5451 3602 5529">
     <span class='ocr_line' id='line_1_82' title="bbox 137 5451 3602 5529; baseline -0.003 -13"><span class='ocrx_word' id='word_1_871' title='bbox 137 5462 232 5516; x_wconf 77' lang='lat' dir='ltr'><strong>vit</strong></span> <span class='ocrx_word' id='word_1_872' title='bbox 264 5472 374 5514; x_wconf 87' lang='lat' dir='ltr'><strong>me</strong></span> <span class='ocrx_word' id='word_1_873' title='bbox 398 5451 733 5529; x_wconf 59' lang='lat' dir='ltr'><strong>principium</strong></span> <span class='ocrx_word' id='word_1_874' title='bbox 758 5451 976 5513; x_wconf 73' lang='lat' dir='ltr'><strong>viai-itm</strong></span> <span class='ocrx_word' id='word_1_875' title='bbox 1003 5451 1242 5514; x_wconf 67' lang='lat' dir='ltr'><strong>suat-uin.</strong></span> <span class='ocrx_word' id='word_1_876' title='bbox 1276 5451 1825 5529; x_wconf 78' lang='lat' dir='ltr'><strong>Loquitur,_inquit,</strong></span> <span class='ocrx_word' id='word_1_877' title='bbox 1844 5454 1916 5511; x_wconf 91' lang='lat' dir='ltr'><strong>de</strong></span> <span class='ocrx_word' id='word_1_878' title='bbox 1945 5456 2221 5529; x_wconf 68' lang='lat' dir='ltr'><strong>sapientia</strong></span> <span class='ocrx_word' id='word_1_879' title='bbox 2263 5453 2485 5529; x_wconf 88' lang='lat' dir='ltr'><strong>mundi,</strong></span> <span class='ocrx_word' id='word_1_880' title='bbox 2519 5468 2641 5523; x_wconf 84' lang='lat' dir='ltr'><strong>quae</strong></span> <span class='ocrx_word' id='word_1_881' title='bbox 2670 5464 2924 5529; x_wconf 84' lang='lat' dir='ltr'><strong>apparet,</strong></span> <span class='ocrx_word' id='word_1_882' title='bbox 2957 5464 3012 5510; x_wconf 91' lang='lat' dir='ltr'><strong>et</strong></span> <span class='ocrx_word' id='word_1_883' title='bbox 3037 5465 3238 5508; x_wconf 86' lang='lat' dir='ltr'><strong>vocem</strong></span> <span class='ocrx_word' id='word_1_884' title='bbox 3262 5451 3385 5529; x_wconf 57' lang='lat' dir='ltr'><strong>fere</strong></span> <span class='ocrx_word' id='word_1_885' title='bbox 3411 5463 3511 5520; x_wconf 91' lang='lat' dir='ltr'><strong>per</strong></span> <span class='ocrx_word' id='word_1_886' title='bbox 3535 5463 3602 5506; x_wconf 90' lang='lat' dir='ltr'><strong>ea</strong></span> 
     </span>
    </p>
   </div>
   <div class='ocr_carea' id='block_1_77' title="bbox 130 5520 3602 5604">
    <p class='ocr_par' dir='ltr' id='par_1_77' title="bbox 130 5520 3602 5604">
     <span class='ocr_line' id='line_1_83' title="bbox 130 5520 3602 5604; baseline -0.003 -14"><span class='ocrx_word' id='word_1_887' title='bbox 130 5546 287 5604; x_wconf 70' lang='lat' dir='ltr'><strong>qua:</strong></span> <span class='ocrx_word' id='word_1_888' title='bbox 327 5520 917 5604; x_wconf 62' lang='lat' dir='ltr'><strong>cernunthr_omit_tit_,_</strong></span> <span class='ocrx_word' id='word_1_889' title='bbox 935 5529 1091 5600; x_wconf 86' lang='lat' dir='ltr'><strong>quod</strong></span> <span class='ocrx_word' id='word_1_890' title='bbox 1118 5530 1338 5604; x_wconf 84' lang='lat' dir='ltr'><strong>scilicet</strong></span> <span class='ocrx_word' id='word_1_891' title='bbox 1365 5520 1395 5604; x_wconf 70' lang='grc' dir='ltr'><strong><em>ᾇ</em></strong></span> <span class='ocrx_word' id='word_1_892' title='bbox 1423 5528 1542 5604; x_wconf 72' lang='grc' dir='ltr'><strong>Περ</strong></span> <span class='ocrx_word' id='word_1_893' title='bbox 1574 5520 1752 5604; x_wconf 72' lang='lat' dir='ltr'><strong>iactus</strong></span> <span class='ocrx_word' id='word_1_894' title='bbox 1783 5520 1873 5592; x_wconf 72' lang='lat' dir='ltr'><strong>sit,</strong></span> <span class='ocrx_word' id='word_1_895' title='bbox 1908 5535 1963 5582; x_wconf 87' lang='lat' dir='ltr'><strong>et</strong></span> <span class='ocrx_word' id='word_1_896' title='bbox 1993 5520 2108 5581; x_wconf 74' lang='lat' dir='ltr'><strong>non</strong></span> <span class='ocrx_word' id='word_1_897' title='bbox 2139 5526 2372 5604; x_wconf 79' lang='lat' dir='ltr'><strong>fortuito</strong></span> <span class='ocrx_word' id='word_1_898' title='bbox 2410 5520 2563 5604; x_wconf 68' lang='lat' dir='ltr'><strong>tanta</strong></span> <span class='ocrx_word' id='word_1_899' title='bbox 2600 5520 2901 5604; x_wconf 63' lang='lat' dir='ltr'><strong>sapientia</strong></span> <span class='ocrx_word' id='word_1_900' title='bbox 2935 5541 2997 5604; x_wconf 78' lang='lat' dir='ltr'><strong>ea</strong></span> <span class='ocrx_word' id='word_1_901' title='bbox 3047 5537 3177 5595; x_wconf 73' lang='lat' dir='ltr'><strong>quae</strong></span> <span class='ocrx_word' id='word_1_902' title='bbox 3232 5520 3602 5604; x_wconf 77' lang='lat' dir='ltr'><strong>eﬂectasunt</strong></span> 
     </span>
    </p>
   </div>
   <div class='ocr_carea' id='block_1_78' title="bbox 126 5595 3605 5672">
    <p class='ocr_par' dir='ltr' id='par_1_78' title="bbox 126 5595 3605 5672">
     <span class='ocr_line' id='line_1_84' title="bbox 126 5595 3605 5672; baseline -0.004 -11"><span class='ocrx_word' id='word_1_903' title='bbox 126 5595 431 5661; x_wconf 70' lang='lat' dir='ltr'><strong>decorat.</strong></span> <span class='ocrx_word' id='word_1_904' title='bbox 464 5599 537 5659; x_wconf 89' lang='lat' dir='ltr'><strong>Ut</strong></span> <span class='ocrx_word' id='word_1_905' title='bbox 582 5601 737 5657; x_wconf 88' lang='lat' dir='ltr'><strong>enim</strong></span> <span class='ocrx_word' id='word_1_906' title='bbox 786 5598 917 5657; x_wconf 72' lang='lat' dir='ltr'><strong>Caeli</strong></span> <span class='ocrx_word' id='word_1_907' title='bbox 952 5595 1215 5659; x_wconf 66' lang='grc' dir='ltr'><strong>ἓπανταητ</strong></span> <span class='ocrx_word' id='word_1_908' title='bbox 1240 5600 1469 5672; x_wconf 78' lang='lat' dir='ltr'><strong>gloriam</strong></span> <span class='ocrx_word' id='word_1_909' title='bbox 1498 5596 1612 5666; x_wconf 82' lang='lat' dir='ltr'><strong>Dei,</strong></span> <span class='ocrx_word' id='word_1_910' title='bbox 1644 5604 1693 5652; x_wconf 80' lang='lat' dir='ltr'><strong>et</strong></span> <span class='ocrx_word' id='word_1_911' title='bbox 1718 5613 1849 5670; x_wconf 76' lang='lat' dir='ltr'><strong>opus</strong></span> <span class='ocrx_word' id='word_1_912' title='bbox 1879 5612 2139 5654; x_wconf 82' lang='lat' dir='ltr'><strong>manuum</strong></span> <span class='ocrx_word' id='word_1_913' title='bbox 2168 5598 2286 5668; x_wconf 79' lang='lat' dir='ltr'><strong>ejus</strong></span> <span class='ocrx_word' id='word_1_914' title='bbox 2316 5598 2606 5672; x_wconf 70' lang='lat' dir='ltr'><strong>qnnuntiat</strong></span> <span class='ocrx_word' id='word_1_915' title='bbox 2660 5595 3061 5666; x_wconf 74' lang='lat' dir='ltr'><strong>ﬁrmamentum</strong></span> <span class='ocrx_word' id='word_1_916' title='bbox 3089 5606 3137 5672; x_wconf 66' lang='lat' dir='ltr'><strong>ti,</strong></span> <span class='ocrx_word' id='word_1_917' title='bbox 3182 5601 3477 5672; x_wconf 74' lang='lat' dir='ltr'><strong>enarrant,</strong></span> <span class='ocrx_word' id='word_1_918' title='bbox 3512 5595 3605 5649; x_wconf 86' lang='lat' dir='ltr'><strong>in-</strong></span> 
     </span>
    </p>
   </div>
   <div class='ocr_carea' id='block_1_79' title="bbox 124 5664 3607 5751">
    <p class='ocr_par' dir='ltr' id='par_1_79' title="bbox 124 5664 3607 5751">
     <span class='ocr_line' id='line_1_85' title="bbox 124 5664 3607 5751; baseline -0.004 -16"><span class='ocrx_word' id='word_1_919' title='bbox 124 5687 379 5751; x_wconf 80' lang='lat' dir='ltr'><strong>quam,</strong></span> <span class='ocrx_word' id='word_1_920' title='bbox 405 5685 495 5731; x_wconf 88' lang='lat' dir='ltr'><strong>me</strong></span> <span class='ocrx_word' id='word_1_921' title='bbox 522 5684 661 5731; x_wconf 87' lang='lat' dir='ltr'><strong>voce</strong></span> <span class='ocrx_word' id='word_1_922' title='bbox 682 5672 812 5747; x_wconf 75' lang='lat' dir='ltr'><strong>quia</strong></span> <span class='ocrx_word' id='word_1_923' title='bbox 841 5688 942 5729; x_wconf 74' lang='lat' dir='ltr'><strong>itan</strong></span> <span class='ocrx_word' id='word_1_924' title='bbox 968 5677 1099 5731; x_wconf 77' lang='lat' dir='ltr'><strong>sunt</strong></span> <span class='ocrx_word' id='word_1_925' title='bbox 1125 5664 1296 5739; x_wconf 65' lang='lat' dir='ltr'><strong>voce},</strong></span> <span class='ocrx_word' id='word_1_926' title='bbox 1327 5686 1493 5746; x_wconf 78' lang='lat' dir='ltr'><strong>neque</strong></span> <span class='ocrx_word' id='word_1_927' title='bbox 1521 5664 1816 5740; x_wconf 69' lang='lat' dir='ltr'><strong>sermones,</strong></span> <span class='ocrx_word' id='word_1_928' title='bbox 1847 5684 2070 5744; x_wconf 81' lang='lat' dir='ltr'><strong>quorum</strong></span> <span class='ocrx_word' id='word_1_929' title='bbox 2099 5664 2206 5725; x_wconf 66' lang='lat' dir='ltr'><strong>non</strong></span> <span class='ocrx_word' id='word_1_930' title='bbox 2232 5669 2541 5727; x_wconf 80' lang='lat' dir='ltr'><strong>audiantur</strong></span> <span class='ocrx_word' id='word_1_931' title='bbox 2568 5664 2719 5727; x_wconf 76' lang='lat' dir='ltr'><strong>uoces</strong></span> <span class='ocrx_word' id='word_1_932' title='bbox 2749 5683 2945 5727; x_wconf 86' lang='lat' dir='ltr'><strong>eorum</strong></span> <span class='ocrx_word' id='word_1_933' title='bbox 2982 5683 2995 5725; x_wconf 92' lang='lat'>:</span> <span class='ocrx_word' id='word_1_934' title='bbox 3062 5670 3131 5723; x_wconf 87' lang='lat' dir='ltr'><strong>ad</strong></span> <span class='ocrx_word' id='word_1_935' title='bbox 3180 5664 3447 5723; x_wconf 76' lang='lat' dir='ltr'><strong>eumdem</strong></span> <span class='ocrx_word' id='word_1_936' title='bbox 3477 5678 3607 5723; x_wconf 88' lang='lat' dir='ltr'><strong>mo-</strong></span> 
     </span>
    </p>
   </div>
   <div class='ocr_carea' id='block_1_80' title="bbox 228 5770 764 5849">
    <p class='ocr_par' dir='ltr' id='par_1_80' title="bbox 228 5770 764 5849">
     <span class='ocr_line' id='line_1_86' title="bbox 228 5770 764 5849; baseline 0.011 -17"><span class='ocrx_word' id='word_1_937' title='bbox 228 5786 263 5832; x_wconf 75' lang='lat' dir='ltr'><strong>q</strong></span> <span class='ocrx_word' id='word_1_938' title='bbox 300 5770 473 5838; x_wconf 88' lang='lat' dir='ltr'><strong>Psal.</strong></span> <span class='ocrx_word' id='word_1_939' title='bbox 505 5789 673 5849; x_wconf 85' lang='lat' dir='ltr'><strong>xvni,</strong></span> <span class='ocrx_word' id='word_1_940' title='bbox 702 5772 764 5838; x_wconf 74' lang='grc'><strong>2.</strong></span> 
     </span>
    </p>
   </div>
   <div class='ocr_carea' id='block_1_81' title="bbox 304 5871 1896 5950">
    <p class='ocr_par' dir='ltr' id='par_1_81' title="bbox 304 5880 1257 5950">
     <span class='ocr_line' id='line_1_87' title="bbox 304 5880 1257 5950; baseline 0.005 -5"><span class='ocrx_word' id='word_1_941' title='bbox 304 5880 315 5885; x_wconf 80' lang='grc'><strong>’</strong></span> <span class='ocrx_word' id='word_1_942' title='bbox 712 5884 977 5947; x_wconf 70' lang='grc' dir='ltr'><strong>ΡΑτειοι..</strong></span> <span class='ocrx_word' id='word_1_943' title='bbox 1008 5880 1122 5947; x_wconf 77' lang='lat' dir='ltr'><strong>Gtt.</strong></span> <span class='ocrx_word' id='word_1_944' title='bbox 1154 5880 1257 5950; x_wconf 83' lang='lat' dir='ltr'><strong>Ili.</strong></span> 
     </span>
    </p>
   </div>
   <div class='ocr_carea' id='block_1_82' title="bbox 1750 5871 3342 5950">
    <p class='ocr_par' dir='ltr' id='par_1_82' title="bbox 3268 5871 3342 5937">
     <span class='ocr_line' id='line_1_88' title="bbox 3268 5871 3342 5937; baseline 0 0"><span class='ocrx_word' id='word_1_945' title='bbox 3268 5871 3342 5937; x_wconf 83' lang='lat'><strong>‘28</strong></span> 
     </span>
    </p>
   </div>
  </div>
