4052 6516
429 425 547 501 8'79

1609 428 1672 501 S.
1715 434 2055 499 DIONYSII
2099 431 2631 505 AREOPAGITE.
2683 485 2689 492 .

3709 435 3830 503 880

424 567 534 659 hic
561 575 805 632 sanctus
829 573 910 630 ait
940 588 956 630 :
1003 568 1270 645 Quando
1299 587 1482 633 meus
1525 572 2072 653 superuataralibu.

2179 583 2270 633 τοῦ
2329 577 2501 653 μένει,
2551 578 2754 658 ἀμερὴς
2811 579 3077 659 φαινὲται.
3113 575 3198 636 διὰ
3240 585 3394 637 τοῦτο
3438 578 3626 636 ἓνωσιν
3683 577 3828 657 λέγει

425 658 625 721 radiis
636 661 813 722 unita
822 659 1159 738 fueris,sed
1175 660 1459 740 quoniam
1475 662 1917 724 intellectiones
1934 662 2080 725 infe-

418 748 534 813 rior
553 767 617 811 es
646 756 789 813 sunt
817 749 1276 829 intelligente,et
1302 751 1540 831 quando
1553 751 1778 830 aliquid
1800 752 2080 830 intelligi-

421 846 541 915 tur,
573 838 994 902 verosimiliter
1037 839 1216 902 etiam
1271 838 1483 902 divisio
1516 841 1791 920 quadam
1840 843 2079 905 unionis

413 927 527 1010 ips:
547 947 617 991 us
646 928 866 992 mentis
896 927 1135 1012 existit;
1168 929 1310 992 dum
1335 948 1471 992 vero
1498 930 1559 993 in
1589 949 1655 994 se
1685 931 1816 1012 ipso
1852 940 2072 1007 manet,

421 1017 715 1082 indivisus
755 1029 1004 1099 apparet
1031 1036 1045 1082 :
1071 1017 1298 1083 idcirco
1344 1019 1630 1083 unionem
1664 1029 1836 1084 vocat
1861 1030 2075 1083 statum

424 1106 595 1170 illum
623 1127 800 1186 quem
833 1107 1163 1170 secundum
1197 1128 1263 1171 se
1295 1110 1496 1172 unitus
1527 1110 1729 1191 habet,
1766 1112 2076 1192 aqualiter

2161 667 2260 734 τὴν
2299 669 2436 724 κατὰ
2479 671 2538 725 τὸ
2595 667 2800 726 ἐνισῖον
2855 669 3042 726 ἒαττοῦ
3086 667 3314 749 ἵδρυσιν,
3378 667 3678 746 προσϐαλεῐ
3725 671 3826 748 γάρ

2164 755 2295 820 ἴσως
2354 765 2420 833 τῇ
2482 761 2598 837 περὶ
2645 766 2774 816 Θεοῦ
2822 761 3037 835 θεῶρὶα,
3099 761 3159 817 03
3210 761 3493 839 μερισθεὶς,
3559 762 3617 818 οὐ
3659 783 3825 826 κινη-

2159 847 2286 927 θεὶς,
2349 851 2408 906 οὒ
2455 850 2676 922 νοήσας,
2739 846 2858 905 ἀλλ’
2919 848 3057 911 ὅλως
3116 849 3254 905 κατὰ
3298 871 3415 906 τινα
3459 847 3664 928 ἀτρεμῆ
3700 849 3825 905 ἀκια

2159 937 2346 1003 νησίαν
2417 938 2472 994 ἰ)
2558 945 2632 1013 τῷ
2688 937 2844 1004 ’ὃλους
2901 939 3132 1017 γίνεσθαι
3190 941 3334 1015 ἡμᾶς
3393 941 3486 996 τοῦ
3543 945 3678 996 Θεοῦ
3738 941 3827 995 καὶ

2160 1027 2238 1099 μὴ
2332 1029 2553 1086 ὲαῦτῶν·
2617 1029 2751 1087 εῗτω
2827 1031 2926 1109 γὰρ
2980 1030 3077 1098 τὴν
3134 1032 3276 1086 θείαν
3338 1029 3532 1086 ἀκτϊνά
3594 1051 3676 1094 τις
3736 1027 3827 1085 δὲ-

2161 1114 2331 1181 ξεται.

427 1197 589 1288 enim
611 1215 678 1261 se
691 1196 1181 1288 applicatdivina
1198 1199 1692 1281 contemplationi
1708 1201 2460 1282 indivisus,immotus,non
2487 1205 2968 1286 intelligens,sed
2994 1207 3599 1288 integre,secundum
3615 1227 3826 1286 quam-

427 1286 564 1350 dam
577 1289 962 1379 intremulam
979 1286 1624 1379 immobilitatem.dum
1642 1292 1751 1353 toti
1767 1291 1940 1352 ﬁmus
1957 1289 2594 1361 Dei.etnonnostri;sic
2609 1298 2770 1359 enim
2785 1297 3052 1360 divinum
3065 1286 3301 1360 radium
3314 1297 3822 1379 aliquisaccipiet-

507 1381 536 1456 Ξ
569 1377 817 1442 lI.Hanc
846 1379 1046 1459 itaque
1087 1378 1462 1459 sapientiam,
1512 1399 1644 1460 qua
1668 1399 1785 1442 non
1819 1381 2076 1443 admittit

424 1469 719 1532 rationem
734 1469 1252 1550 interpretantem,
1286 1487 1397 1531 nec
1415 1469 1782 1532 intellectum
1804 1489 2073 1552 compre-

423 1558 934 1628 hendentem,nec
965 1557 1323 1638 sapientiam
1360 1559 1916 1641 enuntiantem(hoc
1930 1578 2073 1622 sen-

423 1666 496 1711 su
517 1648 678 1711 enim
706 1657 876 1712 vocat
896 1648 1395 1725 irrationalem,et
1416 1658 1717 1712 amentem
1739 1668 1806 1712 ac
1837 1653 2072 1713 stultam

420 1757 543 1801 non
567 1757 677 1818 per
727 1738 1123 1812 aﬁ‘ectionem,
1178 1738 1282 1800 sed
1316 1756 1424 1818 per
1457 1741 1831 1818 negationem
1867 1749 1926 1802 et
1970 1759 2076 1821 per

423 1846 762 1906 excessum,
795 1846 915 1892 non
962 1835 1206 1908 propter
1235 1827 1588 1910 deiectum),
1627 1847 1733 1911 per
1763 1848 2074 1893 excessum

422 1917 609 1998 igitur
637 1919 792 1982 hanc
820 1918 1130 1982 laudantes
1159 1917 1642 1994 dicimus,omnis
1661 1920 1876 1983 mentis
1899 1929 1956 1983 et
1988 1939 2074 1982 ra-

423 2008 606 2071 tionis
623 2013 939 2090 omnisque
956 2007 1260 2090 sapientia
1279 2026 1519 2070 causam
1533 2010 1911 2090 exsistere,et
1924 2009 2072 2092 ipsi-

2159 2017 2319 2081 αῦτῆς
2366 2014 2475 2070 ἐστι
2525 2021 2668 2072 πᾶσα
2723 2014 2891 2092 βουλὴ
2923 2016 3011 2072 καὶ
3072 2017 3299 2093 σύνεσις,
3332 2016 3472 2072 κατὰ
3505 2017 3564 2071 τὸ
3603 2035 3616 2050 ·

424 2116 495 2160 us
507 2117 640 2162 esse
651 2117 829 2164 omne
845 2097 1159 2162 consilium
1175 2098 1554 2161 etscientiam
1566 2148 1580 2174 ,
1585 2102 1752 2178 juxta
1764 2100 2076 2165 illud:Mea

423 2197 513 2252 est
539 2193 1030 2272 scientia,mcum
1051 2190 1191 2252 item
1213 2188 1534 2251 consilium
1557 2198 1615 2251 ct
1630 2191 1953 2254 securitas‘
1980 2212 1996 2268 ;
2018 2198 2075 2253 et

420 2283 482 2341 in
505 2280 636 2361 ipsa
653 2297 856 2343 omnes
877 2279 1147 2342 thesauri
1157 2295 1269 2359 sap
1279 2280 1485 2342 ieutice
1496 2279 1635 2340 467
1651 2289 1791 2343 sunt
1808 2288 1861 2343 et
1876 2300 1974 2357 cog
1983 2282 2071 2343 ni-

421 2373 613 2434 tionis
628 2371 968 2435 absconditi
983 2369 1373 2446 “,secundum
1397 2388 1672 2449 magnum
1697 2372 2067 2452 Apostolum.

420 2458 655 2524 Etenim
689 2461 842 2523 sicut
871 2468 1094 2522 aeterna
1143 2457 1463 2539 divinaque
1493 2459 1610 2521 vita
1639 2460 2072 2541 suppeditatrix

421 2550 584 2613 dicta
613 2559 704 2614 est
735 2550 912 2612 etiam
935 2548 1124 2630 ipsius
1138 2565 1245 2629 per
1267 2565 1332 2609 se
1363 2549 1588 2630 vita,et
1607 2557 1957 2612 caterarum
1981 2551 2072 2611 vi-

418 2649 610 2704 tarum
633 2641 926 2721 omnium,
964 2639 1050 2701 sic
1081 2637 1286 2719 utique
1325 2638 1504 2701 etiam
1536 2640 1942 2720 omnisapiens
1972 2660 2070 2702 sa-

423 2731 646 2811 pientia
666 2732 858 2813 ipsius
889 2747 1126 2811 quoque
1157 2746 1265 2808 per
1293 2747 1358 2791 se
1387 2730 1695 2810 sapientia
1724 2749 1924 2801 causa,
1959 2731 2075 2793 sci-

420 2819 562 2883 licet
580 2839 687 2902 per
715 2839 780 2884 se
803 2819 926 2884 sive
946 2819 1006 2882 in
1030 2836 1120 2894 se,
1149 2819 1400 2881 rationis
1430 2819 1740 2900 sapientia
1770 2820 2074 2882 creatricis

421 2913 741 2991 omnisque
767 2908 1077 2991 sapientia
1098 2907 1364 2971 etIectrix
1388 2909 1609 2985 existit,
1637 2927 1708 2970 ex
1751 2927 1870 2988 qua
1892 2910 2072 2972 intel-

421 2999 714 3063 lectiones
738 3000 960 3061 habent
984 2996 1364 3059 intellectiles
1383 3005 1442 3058 et
1466 2997 1865 3079 intelligentes
1898 3000 2075 3062 virtu-

420 3101 510 3151 tes
522 3086 1782 3169 angelorum.Intelligentessuntinferiores
1795 3101 2072 3169 respectu

426 3180 836 3258 superiorum,
870 3185 928 3239 et
971 3193 1180 3238 omnes
1215 3184 1492 3256 respectu
1522 3177 1664 3240 Dei:
1699 3178 2075 3241 intellectiles

424 3275 564 3329 sunt
593 3267 937 3347 superiores
971 3273 1251 3345 respectu
1284 3265 1728 3347 inferiorum,et
1752 3288 1963 3331 omnes
1980 3287 2076 3332 re-

420 3365 634 3439 spectu
657 3360 871 3435 nostri;
892 3376 1000 3420 nos
1017 3357 1173 3420 enim
1201 3355 1481 3418 duntaxat
1501 3376 1710 3421 sumus
1732 3359 2074 3438 intelligen-

423 3456 538 3532 tes,
582 3449 720 3530 quia
750 3467 869 3510 non
893 3447 1184 3510 habemus
1216 3446 1392 3509 aliam
1426 3449 1875 3528 intelligentiam
1922 3449 2076 3512 infe-

420 3540 642 3605 riorem
659 3557 953 3621 perquam
970 3536 1700 3618 intelligamur,siquidem
1716 3537 2076 3619 anima,qua

420 3649 529 3693 nos
557 3626 1212 3710 sequitur,irrationalis
1242 3635 1332 3689 est
1362 3635 1422 3688 et
1455 3627 1674 3689 mentis
1698 3646 1937 3710 expers.
1960 3628 2077 3693 Ha-

419 3721 564 3782 bent
589 3719 788 3800 itaque
800 3717 1074 3781 caelestes
1096 3714 1363 3778 Virtutes
1389 3716 1833 3782 intellectiones
1867 3736 1988 3780 non
2013 3719 2075 3780 in

420 3807 843 3888 divisibilibus,
866 3823 976 3868 nos
1005 3812 1203 3869 autem
1253 3805 1317 3868 in
1350 3805 1748 3870 divisibilibus
1783 3826 2070 3871 sensuum

419 3896 858 3963 instrumentis.
892 3895 1070 3962 Aliud
1103 3895 1266 3959 enim
1316 3895 1578 3973 auditus,
1607 3905 1667 3960 et
1697 3897 1860 3960 aliud
1889 3900 2068 3975 visus,

422 3998 481 4053 et
498 3989 586 4051 sic
606 3988 680 4050 de
702 3986 856 4050 aliis.
890 3985 1046 4049 Etab
1071 3984 1164 4048 his
1191 3985 1589 4050 divisibilious
1621 3988 1944 4051 sensilibus
1973 4008 2076 4051 re.-

419 4096 556 4141 rum
603 4077 1008 4157 cognitionem
1052 4075 1401 4154 recipimus,
1435 4083 1537 4138 aut
1579 4076 1641 4138 in
1673 4077 2073 4140 divisibilibus

420 4169 661 4251 quidem
684 4185 753 4230 ex
777 4174 947 4248 parte
978 4164 1456 4244 cogitationibus,
1483 4165 1588 4228 sed
1613 4185 1646 4229 a
1674 4167 2073 4230 divisibilibus

419 4258 753 4339 disciplinis
771 4276 876 4319 seu
897 4255 1231 4317 intellectus
1271 4255 1526 4335 objectis
1562 4276 1578 4333 ;
1614 4258 1728 4319 hoc
1763 4259 1920 4319 enim
1957 4267 2068 4335 est,

414 4365 532 4430 per
550 4342 1128 4430 divagationes.Non
1143 4347 1299 4406 enim
1320 4345 1497 4407 simul
1515 4346 1862 4428 disciplinas
1880 4349 2073 4431 perci-

2240 1384 2368 1465 §lI.
2405 1389 2610 1455 Ταύτην
2643 1391 2766 1466 γοῦν
2814 1389 2908 1458 τὴν
2969 1389 3180 1468 σοφίαν,
3241 1392 3341 1456 τὴν
3399 1389 3479 1463 μὴ
3523 1401 3825 1468 πεφυκυῖαν

2158 1473 2396 1541 δεξασθαι
2455 1475 2614 1556 λόγον
2675 1479 3080 1558 ἓρμηνεῦτικὸν,
3112 1481 3148 1550 ἥ
3211 1484 3332 1535 νοῦν
3391 1476 3823 1558 καταληπτικὸν,

2156 1565 2192 1633 ἥ
2226 1567 2411 1646 σοφίαν
2434 1565 2814 1645 ἑξαγγελτικὴν
2852 1588 2864 1602 ·
2925 1565 3092 1646 (οὕτω
3150 1568 3249 1646 γὰρ
3314 1567 3458 1645 λέγει
3504 1569 3566 1624 τὸ
3597 1567 3823 1647 ἀλόγον,

2159 1657 2246 1712 καὶ
2302 1655 2479 1731 ἄνουν,
2552 1659 2638 1712 καὶ
2700 1660 2902 1738 μωρὸν,
2938 1661 2995 1713 οῦ
3045 1658 3183 1714 κατὰ
3226 1655 3480 1730 διάθεσιν,
3517 1655 3656 1712 ἀλλὰ
3690 1659 3827 1714 κατὰ

2158 1745 2446 1826 ἀπόφασιν,
2481 1748 2567 1803 καὶ
2597 1749 2733 1804 κατὰ
2761 1749 3058 1828 ὑπεροχὴν,
3094 1748 3152 1803 οὗ
3181 1747 3318 1803 κατὰ
3350 1745 3825 1826 ἔλλειψιν·)·ἷ›περ-

2159 1842 2364 1916 οχικῶς
2426 1839 2516 1894 οῦν
2571 1837 2772 1904 ταύτην
2817 1839 3125 1913 ὕμνοῦντες,
3202 1834 3454 1915 λέγομεν,
3489 1836 3571 1892 ὅτί
3621 1838 3824 1901 παντὸς

2159 1924 2268 1980 ἐστι
2302 1925 2387 1980 καὶ
2419 1923 2578 2003 λόγου
2624 1925 2719 1982 καὶ
2765 1935 2855 1984 νοῦ
2916 1927 3002 1981 καὶ
3045 1926 3224 1992 πάσης
3272 1926 3457 2006 σοφίάς
3521 1924 3689 2005 αἰτία,
3741 1927 3829 1982 καὶ

3673 2015 3822 2089 Ἐμὴ

2156 2104 2386 2181 σύνεσις,
2451 2105 2554 2179 ἐμὴ
2584 2103 2638 2160 δὲ
2708 2105 2875 2182 βουλῆ
2933 2106 3020 2162 καὶ
3071 2104 3355 2184 ἂσφάλειαο
3422 2105 3511 2161 καὶ
3558 2105 3612 2161 ἐν
3687 2105 3826 2182 αὖτῇ

2157 2195 2349 2259 πάντες
2433 2197 2479 2252 οἱ
2576 2196 2828 2275 θῆσαυροὶ
2908 2194 3003 2262 τῆς
3066 2194 3252 2274 σοφίας
3342 2197 3464 2273 εἰσὶ,
3528 2197 3617 2250 καὶ
3723 2199 3824 2262 τῆς

2159 2285 2403 2359 γνώσεως
2462 2284 2775 2365 ἀπόκρυφοι,
2849 2285 2985 2341 κατά
3039 2287 3130 2340 τοι
3209 2285 3384 2363 μέγαν
3457 2282 3819 2346 ’Λπάστολον.

2156 2375 2261 2433 Καὶ
2293 2376 2390 2452 γὰρ
2447 2376 2627 2452 ὡσπερ
2675 2377 2709 2443 ἡ
2743 2376 2938 2431 αἱωνία
2970 2375 3057 2431 καὶ
3089 2375 3202 2430 θεία
3231 2374 3343 2445 ζωὴ
3373 2376 3662 2431 ὑποστᾶτιν
3696 2374 3817 2431 ἐλέο

2156 2465 2279 2541 γετό
2329 2465 2415 2520 καὶ
2472 2467 2635 2531 αὒτῆς
2695 2469 2794 2530 τῆς
2850 2464 3120 2534 αὖτοζωὴς
3176 2464 3259 2519 ιιαὶ
3306 2466 3409 2520 τῶν
3441 2463 3637 2540 ἑτέρων
3666 2464 3818 2521 ἀπα-

2156 2561 2262 2610 σῶν
2293 2557 2464 2628 ζωῶν,
2527 2551 2666 2609 οὕτω
2707 2551 2771 2620 δὴ
2818 2555 2904 2610 καὶ
2931 2553 2968 2620 ἡ
3014 2576 3284 2618 πανσοφος
3321 2554 3498 2632 σοφία,
3535 2555 3675 2610 αἰτία
3708 2556 3826 2610 ἐστὶ

2156 2645 2369 2708 καὶτῆς
2417 2644 2756 2722 αὒτοσοφίας,
2818 2641 3066 2710 δηλονότι
3128 2641 3194 2698 δι’
3243 2643 3447 2718 scuto-3,
3495 2641 3658 2720 ἤγουν
3722 2647 3826 2700 τοῦ

2157 2734 2210 2791 ἐν
2244 2739 2385 2810 αὐτῷ
2415 2732 2794 2814 δημιουργικοῦ
2834 2733 2996 2811 λόγου
3051 2739 3147 2800 τῆς
3204 2735 3417 2812 σοφίας,
3478 2734 3561 2789 καὶ
3593 2731 3824 2800 ἆπεὶσῆς

2157 2827 2338 2904 σοφίας
2401 2825 2683 2888 ὑποστάτις
2718 2823 2768 2889 ἐξ
2801 2824 2866 2892 ἧς
2926 2823 3114 2904 ἔχουσι
3158 2825 3251 2888 τὰς
3287 2825 3500 2892 νοήσεις
3547 2825 3598 2879 αἱ
3630 2823 3826 2893 νόήταί

2158 2937 2212 2971 τε
2243 2916 2329 2970 καὶ
2381 2917 2552 2988 νοεραὶ
2608 2921 2712 2970 τῶν
2773 2912 3017 2991 ἀγγέλων
3061 2912 3330 2988 δυνάμεις.
3397 2913 3589 2988 Νοεραὶ
3634 2915 3688 2969 αὶ
3718 2913 3826 2993 ὕφ-

2157 3006 2358 3081 ειμέναι
2390 3011 2495 3061 τῶν
2551 3005 2679 3085 ὑπὲρ
2738 3004 2924 3084 αὐτὰς,
2984 3005 3072 3061 καὶ
3116 3011 3282 3062 πᾶσαι
3317 3011 3450 3061 Θεοῦ
3484 3019 3497 3033 ⁸
3537 3005 3728 3071 νοηταὶ
3771 3006 3823 3060 αἱ

2156 3096 2398 3174 ὑπεράνω
2441 3096 2576 3171 ωρὸς
2636 3096 2729 3157 τὰς
2760 3096 3066 3174 ὑφειμένοις,
3113 3096 3201 3150 καὶ
3232 3096 3398 3151 πᾶσαί
3453 3096 3586 3167 πρὸς
3622 3097 3765 3168 ἡμᾶς
3801 3111 3814 3124 ⁸

2158 3184 2321 3261 ἡμεῗς
2355 3186 2454 3264 γὰρ
2485 3187 2657 3264 νοεροὶ
2684 3185 2848 3260 μόνον
2879 3183 3070 3264 ἐσμὲᾷνί
3098 3181 3217 3242 οῦδὲ
3263 3184 3362 3264 γάρ
3395 3181 3606 3264 ἔχομεν
3643 3184 3819 3263 ἑτέραν

2158 3254 2315 3340 ἡμῶν
2369 3254 2696 3344 ’κατωτέρανν
2725 3254 2954 3344 νόησιν,
3000 3254 3070 3320 δι’
3123 3264 3188 3333 ἧς
3244 3254 3308 3319 ἂν
3335 3254 3744 3340 ’νοηθείημενί
3790 3271 3826 3336 ἦ

2159 3356 2352 3432 ἄλογος
2411 3357 2512 3436 γὰρ
2568 3356 2662 3411 mi
2722 3357 2757 3424 ἡ
2801 3353 2953 3420 ἄνους
3015 3355 3170 3434 ψυχὴ
3213 3353 3332 3411 καθ’
3359 3356 3537 3430 ἡμᾶς.
3573 3347 3588 3366 ”
3621 3363 3827 3436 Εχουσι

2157 3455 2282 3524 γοῦν
2314 3449 2363 3502 αἱ
2415 3446 2647 3524 οὐράνιαι
2693 3441 2938 3520 δυνάμεις
2987 3446 3082 3508 τὰς
3141 3444 3354 3514 νοήσεις
3411 3447 3506 3502 οὐκ
3568 3445 3628 3502 ἒν
3676 3469 3827 3524 μερι-

2158 3536 2313 3600 στοῖς
2350 3554 2365 3570 ⁸
2398 3537 2563 3611 ἡμεῖς
2614 3535 2714 3614 γὰρ
2768 3535 2824 3590 ἐν
2886 3537 3163 3610 μεριστοῖς
3224 3547 3344 3599 τοῖς
3389 3534 3762 3614 αἱσθητῆρῖοις
3809 3553 3824 3569 ·

2157 3623 2289 3683 ἄλλο
2321 3627 2420 3703 γὰρ
2453 3625 2614 3699 ἀκοὴ,
2648 3625 2735 3681 καὶ
2765 3625 2942 3702 ἕτερον
2972 3623 3120 3704 ὄψις,
3168 3623 3255 3680 καὶ
3302 3624 3367 3681 τὰ
3397 3623 3535 3681 ἄλλα
3568 3626 3777 3700 ὁμοίως
3808 3669 3825 3685 .

2156 3711 2261 3776 Καὶ
2324 3717 2430 3771 ἀπὸ
2488 3721 2754 3794 μεριστῶν
2812 3717 2918 3771 τῶν
2988 3713 3107 3772 κατ’
3166 3713 3299 3770 αὐτὰ
3371 3714 3666 3796 αἰσθητῶν,
3732 3718 3830 3785 τὴν

2155 3809 2260 3861 τῶν
2292 3804 2430 3862 ὅλων
2453 3807 2647 3884 γνῶσιν
2688 3801 3156 3881 ἀναλαμϐάνομεν,
3188 3803 3224 3871 ἢ
3268 3805 3322 3862 ὲν
3367 3805 3658 3881 μεριστοῖς
3705 3807 3826 3889 μὲν,

2155 3908 2273 3960 τοϊς
2321 3896 2458 3952 κατὰ
2513 3894 2671 3974 μέρος
2727 3893 3013 3970 νοήμασιν,
3081 3893 3188 3950 ἀπὸ
3249 3899 3517 3973 μεριστῶν
3590 3892 3678 3975 δὲ,
3725 3903 3824 3952 τῶν

2157 3987 2440 4062 μαθήσεων
2468 3983 2587 4052 ἤτοι
2619 3991 2724 4042 τῶν
2761 3983 3084 4061 νοουμένώνο
3111 3982 3267 4042 τοῦτο
3308 3983 3409 4064 γὰρ
3450 3987 3565 4041 εστι
3597 3986 3664 4042 τὸ
3686 3984 3822 4052 διεξ-

2158 4073 2370 4135 οδικῶν.
2407 4079 2524 4156 Οὗχ
2553 4074 2665 4152 ἅμα
2695 4076 2795 4154 γὰρ
2823 4075 2919 4137 τὰς
2977 4073 3236 4149 μαθήσεις
3293 4070 3674 4152 λαμϐάνομεν,
3721 4075 3821 4132 ἆλ-

2156 4163 2224 4220 λὰ
2251 4164 2434 4244 χρόνῶ
2485 4165 2572 4222 καὶ
2616 4170 2908 4242 μεριστῶς.
2944 4164 3004 4221 Αἱ
3036 4161 3090 4218 δὲ
3123 4163 3299 4237 νοεραὶ
3333 4164 3545 4243 φύσεις,
3577 4165 3820 4223 ἀκοινω-

2157 4256 2329 4325 νήτως
2360 4256 2491 4333 πρὸς
2522 4257 2589 4312 τὰ
2611 4263 2830 4313 τοιαῦτα
2859 4253 3032 4311 πάντα
3077 4252 3322 4333 ἔχουσαι,
3358 4254 3532 4324 ἐνιαίᾳ
3555 4256 3651 4312 καὶ
3683 4254 3819 4330 ἁπλῇ

2157 4345 2337 4414 νοήσει
2368 4349 2463 4414 τῆς
2494 4344 2740 4413 ἀληθείας
2770 4351 2868 4412 τήν
2911 4346 3108 4424 γνῶσιν
3133 4341 3622 4419 ἐπιλαμϐάνονται.
3676 4348 3746 4404 Τὸ
3769 4343 3819 4400 δὲ

422 4437 752 4520 pimus,sed
785 4445 1072 4517 tempore,
1099 4454 1168 4498 ac
1197 4435 1454 4498 divisim.
1487 4435 1894 4518 Intelligentes
1923 4458 2062 4502 vero

2159 4436 2249 4492 51:0
2290 4457 2428 4500 τινος
2482 4443 2682 4510 κοινοῦ,
2715 4435 2953 4492 τοιοῦτόν
3011 4433 3154 4491 ἐστιν
3182 4449 3196 4463 ⁸
3233 4435 3282 4489 αἱ
3330 4433 3455 4513 παρ’
3484 4436 3636 4510 ἡμῖν
3681 4435 3826 4514 γνῶ-

418 4536 671 4609 natura,
704 4527 928 4588 nullam
960 4526 1020 4588 in
1043 4525 1136 4587 his
1159 4524 1436 4587 omnibus
1458 4528 2064 4591 communicationem

418 4617 855 4698 habentes,una
871 4615 1250 4697 simplicique
1265 4615 1675 4680 intellectione
1687 4619 1949 4681 veritatis
1968 4638 2066 4682 co-

2150 4547 2258 4590 σεις
2302 4527 2406 4582 ἀπὸ
2465 4532 2699 4604 μερικῶν
2755 4525 3143 4603 συναγόμεναι,
3204 4523 3382 4581 κοινόν
3439 4545 3491 4580 τι
3557 4527 3832 4583 ἀποκαθι-

2150 4623 2338 4695 στῶσι,
2396 4617 2484 4673 καὶ
2529 4613 2623 4672 ἀπ’
2654 4615 2882 4696 ἐκείνου,
2918 4617 2992 4682 ὡς
3026 4613 3600 4694 προσγινωσκομένου,
3653 4615 3835 4694 ἕτερον

421 4706 686 4786 gnitione
719 4705 1272 4770 illustrantur.lllud
1295 4707 1633 4788 autem,suh
1664 4709 1861 4790 aliquo
1894 4728 2065 4771 com-

2159 4708 2224 4770 νίς
2279 4713 2474 4786 γνῶσιν
2542 4706 2851 4785 συνάγεται·
2898 4705 2987 4762 καὶ
3045 4706 3145 4784 γὰρ
3202 4705 3290 4760 καὶ
3340 4704 3491 4761 αὖταὶ
3540 4708 3595 4761 αἱ
3645 4705 3834 4782 ἔμετοι

421 4796 592 4859 muni
635 4804 725 4859 est
766 4797 1064 4876 ejusmodi
1101 4816 1114 4858 :
1149 4804 1370 4859 nostra
1402 4797 1773 4877 cognitiones
1822 4816 1855 4862 a
1888 4798 2069 4862 rebus

419 4886 624 4949 divisis
654 4886 919 4948 collecta
949 4903 1270 4948 commune
1320 4886 1460 4967 quid
1514 4886 1884 4964 abstrahunt,
1913 4897 1971 4951 et
1993 4889 2067 4950 ab

417 4976 546 5052 illo,
594 4983 872 5058 tanquam
925 4977 1304 5056 pracognito,
1353 4977 1515 5040 aliud
1561 4978 1621 5039 in
1668 4979 2068 5059 cognitionem

417 5065 1045 5148 adducitur;quoniam
1069 5065 1338 5148 ipsamet
1355 5067 1533 5131 etiam
1558 5068 1922 5132 immediata
1935 5088 2070 5152 pro-

419 5157 748 5240 positiones
777 5174 847 5218 ac
879 5157 1083 5237 prima
1127 5157 1383 5238 species,
1419 5178 1539 5221 non
1598 5159 1771 5222 aliter
1825 5161 2069 5222 omnino

417 5248 601 5313 etiam
628 5247 700 5308 ad
735 5247 1308 5312 demonstrationem
1349 5249 1706 5330 conducent,
1742 5250 1856 5311 nisi
1888 5250 2064 5312 etiam

418 5338 562 5420 ipsa
584 5355 655 5400 ex
673 5336 1526 5421 sensilibusdivisibilibusqne
1543 5339 1799 5400 motibus
1813 5339 1883 5400 ad
1909 5360 2040 5402 com
2053 5374 2068 5385 -

419 5445 602 5490 mune
647 5426 953 5508 quidpiam
985 5427 1211 5490 fuerint
1261 5438 1573 5490 revocata.
1621 5427 1786 5491 Sicut
1816 5430 1974 5491 enim
2009 5429 2069 5490 in

418 5515 749 5593 bello,dum
773 5517 839 5579 ﬁt
857 5517 1016 5597 fuga,
1032 5517 1259 5581 sistitur
1282 5523 1457 5600 unus,
1493 5527 1552 5582 et
1575 5525 1707 5600 post
1727 5537 1863 5581 eum
1892 5517 2065 5599 alter,

423 5614 484 5670 et
511 5606 743 5688 tertius,
787 5613 849 5672 et
875 5607 964 5672 sic
1007 5608 1084 5672 de
1124 5610 1448 5688 cateris,et
1493 5610 1580 5674 sic
1618 5609 1772 5674 forte
1813 5615 2072 5674 victores

503 5772 518 5806 '
551 5765 722 5834 Prov.
756 5785 886 5848 vm,
920 5772 1018 5838 14.
1103 5785 1132 5820 ιι
1161 5773 1391 5839 Coloss.
1424 5792 1491 5852 ιι,
1515 5771 1576 5835 3.

2156 4797 2506 4877 πρωστάσεις,
2535 4794 2964 4878 καὶᾶρχοειδεῖς,
2991 4797 3086 4851 οῦκ
3116 4792 3293 4856 ἄλλως
3313 4793 3485 4860 ἕξουσι
3511 4796 3575 4851 τὸ
3599 4796 3839 4854 καθόλου

2155 4889 2242 4942 καὶ
2299 4887 2359 4942 τὸ
2420 4888 2492 4950 εἰς
2546 4885 2811 4952 ἀπόδειξιν
2861 4884 3184 4966 εὔχρηστον,
3221 4884 3264 4939 εἰ
3311 4885 3387 4959 μή
3445 4885 3539 4940 καὶ
3585 4893 3744 4943 αῦται
3774 4885 3842 4953 ἒξ

2156 4977 2419 5043 αἰσθητῶν
2449 4979 2534 5034 καὶ
2582 4983 2815 5052 μερικῶν
2873 4975 3138 5043 κινὴσεων
3171 4973 3254 5036 εἴς
3313 4995 3363 5028 τι
3420 4975 3606 5030 κοινὸν
3685 4999 3840 5053 συμ-

2156 5065 2551 5147 περιληφθεϊεν.
2589 5067 2683 5132 ’δὶς
2716 5067 2814 5147 γὰρ
2846 5065 2899 5123 ἐν
2932 5063 3180 5144 πολέμῳ,
3232 5064 3439 5142 τροπῆς
3493 5067 3845 5148 γενομένης,

2156 5156 2240 5221 εἷς
2269 5156 2424 5233 ἔστη,
2485 5157 2574 5215 καί
2613 5157 2730 5233 μετ’
2793 5163 2953 5214 αυτοῦ
3011 5153 3274 5234 δεύτερες,
3337 5154 3426 5209 καί
3478 5155 3683 5234 τρίτος,
3740 5161 3850 5215 καὶ

2154 5248 2403 5324 καθεξῆς,
2466 5252 2554 5306 καὶ
2585 5248 2750 5314 οὕτως
2809 5249 2944 5313 ἴσως
2981 5247 3352 5326 ἐπικρατοῦσιν
3402 5247 3448 5302 οἱ
3480 5247 3619 5310 τέως
3642 5270 3852 5325 παρι-

2151 5343 2517 5403 πεπονθότες·
2557 5341 2642 5397 καὶ
2725 5341 2814 5396 ἒπὶ
2885 5339 2982 5407 τῆς
3055 5337 3244 5403 κοινῆς
3317 5333 3569 5413 γνώσεως
3631 5341 3859 5416 μερικὰ

2153 5431 2236 5487 καὶ
2294 5432 2516 5498 αἰσθητὰ
2579 5431 2916 5509 συναγόμενα
2968 5429 3028 5484 τὸ
3083 5427 3259 5483 κοινὸν
3316 5431 3552 5488 ποιοῦσι,
3615 5433 3704 5502 Τῷ
3735 5431 3871 5510 γὰρ

2153 5519 2382 5584 πολλοὺς
2435 5519 2699 5583 πολλάκις
2753 5521 2920 5594 ὁποίῳ
2968 5517 3034 5585 δὴ
3075 5539 3174 5573 τινι
3224 5515 3350 5592 πυρὶ
3379 5513 3864 5593 π).ησιάσαι,κὰὶ

2152 5611 2528 5692 θερμανθῆνάι,
2602 5611 2637 5680 ἡ
2682 5608 2942 5678 καθολικὴ
2965 5607 3247 5687 ἐπεγένετο
3291 5609 3510 5686 γνῶσις,
3572 5604 3659 5664 ὅτι
3720 5614 3866 5667 πᾶν
