4052 6418
207 325 312 395 881

665 323 764 389 DE
805 321 1105 389 DIVINIS
1143 315 1596 400 NOMINIBUS,
1627 319 1798 382 CAP.
1841 311 1994 380 vn.
2043 342 2116 354 -
2157 308 2543 371 PARAPHR.
2593 285 3105 372 PAGHYMERE.

3477 303 3597 372 882

206 470 307 541 πᾶρ
338 459 626 538 θερμαίνει·
665 457 717 524 ἒξ
749 459 808 515 οὗ
833 463 1010 514 κοινοῦ
1050 453 1520 535 σδμπεριεχομένη
1551 456 1584 522 ἡ
1616 450 1854 532 ἡμετέρα

1949 445 2085 507 evad
2101 456 2206 507 unt
2235 443 2335 524 qui
2360 450 2497 505 ante
2518 441 3009 515 succumbebant;
3045 441 3322 541 similiter
3341 441 3406 505 in
3423 460 3600 541 com-

203 554 422 622 διάνοια,
468 549 643 628 ἕδερον
673 549 926 623 μανθανει
955 545 1020 604 δι’
1055 549 1234 627 αὐτοῦ,
1270 547 1398 622 ὅπερ
1430 545 1515 601 ἐπὶ
1546 550 1652 600 τῶν
1687 542 1858 622 ἆγγέ-

203 644 305 700 λων
336 644 431 699 οὒκ
461 639 625 697 ἔστιν’
660 638 796 696 ἀλλὰ
829 639 1028 702 παντὸς
1062 636 1264 716 ὕλικοῦ³
1302 635 1548 704 δηλονότι
1585 637 1857 713 αὶσθητοῦ,

206 735 290 791 καὶ
343 731 576 802 πλήθους
639 736 871 806 μερικῶν
929 750 1088 786 τινων
1155 729 1404 805 γνώσεων
1462 726 1858 804 καθαρεύοντες,

205 821 443 885 ἐνοειδῶς
475 823 579 900 οὐχ
601 819 807 881 ἅπαντα
839 819 904 876 τὰ
934 822 1054 876 θεῖα
1088 821 1316 891 νοοῦσιν,
1350 814 1468 872 ἀλλ’
1501 815 1599 872 ὅσα
1629 817 1862 872 νοεῖσθαι

205 913 407 976 τούτοις
455 912 740 991 πεφύκασι³
777 907 861 966 διὰ
896 909 992 977 τήν
1051 910 1156 965 ἀπὸ
1191 914 1321 964 Θεοῦ
1352 908 1483 985 πρὸς
1519 905 1707 968 αὖτοὺς
1768 903 1859 959 ἕλ-

203 1003 429 1082 λαμψιν,
464 1005 606 1079 ᾗτινι
637 1002 724 1056 καὶ
758 998 1230 1077 καταγλαίζονται,
1265 999 1352 1054 καὶ
1399 998 1524 1074 πρὸς
1556 997 1618 1051 τὸ
1663 996 1865 1052 ἑνιαϊον

202 1093 609 1151 ἀνατυποῦνται⁶
647 1099 797 1149 τοῦνο
828 1090 927 1168 γάρ
971 1089 1114 1145 ἐστιν
1169 1087 1338 1143 αότὼν
1368 1088 1430 1142 τὸ
1458 1083 1708 1148 θεοειδές,
1768 1084 1866 1140 Διὰ

198 1183 391 1249 ταύτην
425 1183 522 1249 τὴν
551 1181 694 1238 θείαν
740 1181 926 1259 σοφίαν
960 1180 1047 1235 καὶ
1071 1181 1121 1234 αἱ
1153 1179 1326 1258 ψυχαὶ
1357 1178 1416 1232 τὸ
1449 1175 1666 1253 λογικὸν
1696 1173 1863 1255 ἔχου-

199 1295 268 1335 σι,
327 1273 424 1327 Διὰ
466 1273 515 1327 τί
566 1269 619 1325 δὲ
650 1273 709 1346 06
765 1270 828 1325 τὸ
877 1269 1058 1346 νοερὸν
1104 1268 1286 1343 εἶπεν,
1320 1265 1457 1323 ἀλλὰ
1501 1267 1562 1321 τὸ
1615 1264 1856 1344 λογικὸν,

199 1363 230 1430 ἢ
277 1360 441 1429 δῆλον
495 1363 558 1418 ὲκ
616 1368 709 1418 τοῦ
771 1357 1178 1430 πλεονάζοντος·
1239 1356 1412 1414 πάντα
1468 1356 1566 1433 γὰρ
1622 1355 1688 1412 τὰ
1733 1352 1860 1431 τῇδε

201 1452 289 1508 ὅσα
359 1449 568 1508 οἴδασιν
600 1450 649 1506 αἱ
710 1448 881 1529 ψυχαὶ
940 1445 1240 1513 διεξοδικῶς
1287 1445 1354 1502 δι’
1418 1443 1749 1520 ἐποδείξεων,
1783 1442 1858 1499 ἔτι

199 1542 247 1598 δὲ
297 1543 390 1598 καὶ
450 1541 534 1596 διὰ
592 1540 825 1618 μερικῶν
879 1539 1171 1607 αἰσθήσεων
1228 1534 1427 1597 οἴδασι.
1477 1535 1551 1593 Τὰ
1593 1533 1647 1590 δὲ
1693 1536 1860 1600 νοητὰ

199 1645 306 1690 νοεῖ
358 1633 394 1700 ἡ
429 1630 583 1710 ψνχὴ
628 1633 688 1688 0-3
721 1631 845 1684 καθὸ
879 1627 1034 1708 ψυχὴ
1080 1626 1240 1704 λόγον
1285 1626 1510 1705 ἔχουσα,
1546 1623 1684 1680 ἀλλὰ
1731 1625 1859 1680 καθὸ

199 1729 339 1787 νοῦς⁶
392 1721 514 1776 τότε
545 1720 652 1799 γὰφ
703 1717 850 1775 οἶδεν
896 1720 922 1774 6
958 1717 1076 1780 νοῦς
1121 1718 1184 1773 τὰ
1235 1716 1422 1796 νοητὰ,
1456 1716 1544 1772 ὅτε
1576 1715 1653 1790 μὴ
1699 1717 1860 1788 μόνον

1948 535 2110 596 muni
2172 532 2535 614 c0gnitione,
2568 531 2891 594 divisibilia
2947 530 3307 614 sensiliaque
3349 531 3601 596 collecta

1949 643 2265 687 commune
2314 623 2455 704 quid
2517 622 2760 684 faciunt.
2820 621 2967 684 Nam
3016 641 3086 684 ex
3116 642 3186 686 eo
3218 623 3378 704 quod
3428 621 3602 686 multi

1948 718 2293 800 frequenter
2322 716 2396 776 ad
2429 712 2624 793 ignem
2659 714 2919 794 aliquem
2951 713 3309 777 accedentes
3331 714 3601 777 calefacti

1950 806 2406 881 sint,communi
2437 803 2645 867 notitia
2671 813 2982 886 acceptum
3015 813 3372 881 est,omnem
3399 805 3598 886 ignem

1949 898 2300 974 calefacere,
2335 915 2452 979 qua
2481 896 2787 959 communi
2827 895 3038 960 notitia
3082 895 3399 959 informata
3427 915 3601 959 mens

1949 998 2175 1068 nostra,
2199 1006 2268 1049 ex
2288 1005 2360 1049 ea
2381 986 2685 1068 quidpiam
2701 986 2863 1048 aliud
2883 986 3081 1064 discit;
3103 988 3261 1070 quod
3289 1007 3406 1051 non
3419 988 3604 1050 habet

1950 1079 2144 1141 locum
2197 1076 2259 1141 in
2309 1076 2579 1155 angelis:
2606 1076 2712 1140 sed
2745 1077 2819 1139 ab
2852 1079 3016 1140 omni
3066 1079 3384 1161 materiali,
3417 1078 3479 1141 id
3511 1086 3603 1142 est

1946 1167 2216 1231 sensibili
2246 1167 2638 1230 divisibilium
2678 1168 2987 1230 notionum
3023 1169 3595 1252 multitudine,puri,

1945 1258 2321 1321 uniformiter
2350 1275 2446 1321 res
2469 1257 2719 1335 divinas,
2755 1258 2893 1321 468
2933 1279 3053 1322 non
3079 1277 3287 1322 omnes
3326 1262 3598 1346 quidem,

1943 1348 2048 1411 sed
2084 1367 2233 1431 quas
2264 1367 2365 1410 eos
2397 1367 2573 1412 nosse
2594 1349 2684 1412 fas
2716 1356 2944 1431 est,per
2965 1349 3224 1414 divinam
3257 1351 3600 1416 illustratio.

1944 1458 2079 1502 nem
2128 1439 2482 1518 intelligunt,
2521 1458 2636 1521 qua
2685 1439 3058 1503 illustrantur
3090 1450 3147 1503 et
3185 1444 3256 1506 ad
3307 1443 3596 1508 unitatem

1944 1529 2436 1591 informanturzin
2449 1528 2559 1590 hac
2571 1527 2731 1590 enim
2751 1530 2856 1590 sita
2873 1541 3184 1594 esteorum
3199 1531 3595 1599 deiformitas.

1944 1616 2056 1681 Per
2074 1619 2227 1682 lianc
2250 1637 2490 1700 quoque
2517 1617 2779 1681 divinam
2804 1621 3155 1700 sapientiam
3175 1623 3353 1687 etiam
3379 1627 3598 1690 animas

1946 1709 2340 1772 ratiocinandi
2391 1710 2507 1769 vim
2552 1707 2974 1773 obtinent.Cur
3005 1719 3203 1773 autem
3238 1732 3356 1776 non
3389 1719 3595 1796 νοερόν,

197 1819 297 1868 τῶν
361 1797 652 1888 αἶσθητῶνς
685 1807 824 1864 ἀλλὰ
869 1809 958 1864 καὶ
1010 1812 1106 1873 τῆς
1137 1811 1324 1885 ψυχῆς
1374 1807 1462 1862 καὶ
1508 1805 1698 1862 ἑαυτοῦ
1754 1802 1862 1869 ἐξί-

1949 1818 2050 1863 seu
2074 1799 2485 1881 intelligendi,
2532 1797 2637 1888 sed
2670 1798 2910 1881 λογικόν,
2942 1799 3005 1861 id
3035 1811 3129 1864 est
3177 1807 3600 1871 ratiocinandi

201 1924 412 1960 σταται,
472 1899 638 1958 Τοῦτο
684 1896 847 1964 δηλοῖ
881 1899 966 1954 καὶ
1017 1900 1043 1954 6
1072 1901 1214 1962 θεῖος
1245 1894 1604 1974 Ἀπόστολος,
1672 1903 1712 1952 Ο
1757 1899 1864 1970 ψυ-

199 1993 353 2072 χικὸς
414 1989 711 2067 ἅιθρωπος,
761 1975 959 2067 λέγων,
1023 1990 1082 2045 οὐ
1141 1984 1360 2065 δέχεται
1421 1985 1487 2042 τὰ
1545 1993 1640 2043 τοῦ
1695 1984 1866 2039 πνέύ-

199 2071 388 2155 ματος.
456 2077 865 2136 Ἀπολείπονται
929 2076 1018 2133 οὗν
1073 2077 1124 2132 αἱ
1158 2077 1331 2156 ψυχαὶ
1375 2079 1481 2131 τῶν
1536 2073 1748 2130 ἐνιαίων
1778 2071 1867 2129 καὶ

198 2169 499 2248 ἁγγελικῶν
555 2171 690 2224 νοιῦν
745 2167 821 2242 τῷ
872 2164 1101 2238 ποικίλῳ
1150 2167 1237 2222 καὶ
1281 2185 1518 2241 μεριστῳ
1568 2162 1666 2230 τῆς
1723 2185 1865 2219 παν-

200 2259 458 2322 τοδαποῦς
512 2259 783 2336 γνώσεῶς.
823 2257 986 2336 Εἶτα,
1020 2254 1204 2323 ἐπειδὴ
1232 2256 1283 2312 αἱ
1333 2255 1470 2312 κατὰ
1529 2253 1626 2316 τὰς
1684 2253 1866 2332 ψυχὰς

201 2351 450 2426 γνώσεις³
489 2345 573 2404 δια
615 2346 779 2426 λόγου
836 2347 1136 2424 γινόμεναι,
1174 2347 1246 2409 εἷς
1277 2346 1340 2401 τὸ
1368 2343 1426 2400 ἓν
1476 2341 1865 2399 συνελίττονται

207 2438 389 2518 (τοῦτο
448 2440 544 2516 γὰρ
605 2436 717 2494 ἐστι
776 2438 869 2492 καί
902 2438 964 2492 τὸ
1018 2432 1132 2492 καθ’
1193 2435 1318 2491 αὐτὸ
1376 2435 1463 2489 καὶ
1527 2433 1579 2488 τὸ
1639 2429 1865 2487 καθόλου

202 2535 299 2595 τῆς
359 2526 728 2606 ἂποδείξεως’)
765 2526 1025 2592 ἀξιοῦνται
1075 2526 1163 2581 καὶ
1212 2525 1263 2580 αἱ
1319 2525 1491 2602 ψυχαὶ
1541 2522 1647 2578 τῶν
1700 2522 1864 2598 ίσαγ-

200 2618 394 2697 γέλων.
462 2619 561 2674 Διὰ
611 2624 790 2695 τοῦτο,
839 2617 1058 2691 νοήσαι,
1095 2613 1173 2670 δὲ’
1235 2616 1332 2670 καὶ
1393 2611 1623 2685 ἐνιαίως,
1670 2613 1742 2674 ὡς
1802 2609 1864 2666 ἂν

198 2711 346 2767 εἴποι
398 2732 505 2784 τις,
552 2719 782 2770 νοοῦσιν·
834 2708 870 2776 ἢ
931 2710 1024 2765 καὶ
1068 2706 1266 2786 ἄλλως,
1315 2704 1402 2762 ὅτε
1436 2705 1512 2780 μὴ
1563 2702 1646 2760 διὰ
1676 2700 1859 2782 λόγου,

197 2800 332 2858 ἀλλὰ
365 2800 432 2857 δι’
478 2800 732 2857 ἐπιπόνου
757 2800 842 2856 καὶ
888 2796 1006 2856 κατ’
1041 2797 1234 2876 ἀρετὴν
1269 2794 1452 2870 ἕξεως,
1489 2795 1517 2850 ὃ
1550 2795 1638 2852 καὶ
1671 2805 1859 2870 κρεῖτ-

193 2913 300 2963 τον⁹
369 2892 443 2956 εἷς
503 2892 563 2946 τὸ
639 2889 842 2946 ἐνιαῖον
898 2893 998 2956 τῆς
1045 2888 1298 2966 γνώσεως
1356 2885 1626 2942 ωθάνουσι·
1691 2883 1864 2946 καθὼς

196 2981 334 3038 ἔστιν
369 2981 503 3038 ἰδεῖν
533 2981 583 3036 ἐν
616 2993 735 3044 τοῖς
769 2979 1024 3058 μεγαλοις
1060 2979 1148 3033 καὶ
1199 2977 1357 3041 θείοις
1389 2976 1650 3046 πατράσιν
1679 2975 1860 3049 ἡμῶν,

193 3086 307 3134 τοῖς
359 3074 440 3146 μὴ
473 3071 577 3127 ἆπῗ)
634 3073 738 3145 μαθ
752 3071 942 3143 ήσεως⁷
977 3066 1098 3124 ἀλλ’
1130 3067 1235 3124 ἀπὸ
1278 3065 1637 3144 καθαρότητος
1667 3069 1764 3132 τῆς
1795 3061 1860 3119 δι’

1948 1890 2066 1952 vim
2099 1889 2342 1962 dixerit,
2396 1907 2468 1951 ex
2511 1887 2835 1951 abundanti
2868 1889 3253 1953 manifestum
3286 1893 3370 1971 ﬁt;
3398 1896 3602 1960 omnia

1951 1980 2110 2040 enim
2133 1998 2264 2060 quae
2293 1979 2390 2040 hic
2414 1979 2629 2041 animae
2652 1989 2893 2056 norunt,
2919 1999 3026 2062 per
3053 1981 3215 2045 fusas
3236 1984 3500 2048 rationes
3529 2005 3601 2050 ac

1950 2068 2783 2151 demonstrationes,quinimo
2803 2072 2978 2133 etiam
2993 2090 3101 2154 per
3121 2075 3493 2140 sensationes
3510 2077 3602 2139 di-

1949 2157 2212 2220 visibiles
2243 2158 2991 2240 percipiunt.lntellectilia
3019 2179 3156 2225 vero
3191 2164 3351 2232 enim
3378 2165 3607 2230 intelli-

1949 2249 2055 2328 git,
2084 2267 2202 2310 non
2234 2249 2296 2310 in
2317 2257 2602 2330 quantum
2632 2250 2833 2312 anima
2864 2251 3157 2315 rationem
3192 2252 3390 2329 habet,
3408 2257 3512 2318 sed
3536 2256 3600 2319 in

1948 2347 2231 2420 quantum
2264 2357 2434 2401 mens
2463 2348 2552 2401 est
2575 2357 2682 2402 seu
2704 2340 3083 2406 intellectus:
3120 2351 3259 2406 tunc
3301 2346 3463 2407 enim
3495 2347 3598 2409 in-

1951 2427 2158 2508 telligit
2189 2448 2358 2492 mens
2391 2429 2809 2510 intelligibilia,
2843 2431 3081 2512 quando
3133 2439 3194 2496 et
3245 2435 3509 2498 animam
3541 2443 3603 2500 et

1947 2521 2327 2600 semetipsam
2361 2517 2742 2584 deserit.Hoc
2772 2520 3070 2601 significat
3097 2543 3334 2606 quoque
3365 2525 3603 2590 divinus

1946 2611 2264 2690 Apostolus
2278 2610 2827 2676 dicenszAnimulis
2846 2612 3022 2676 homo
3045 2631 3166 2678 non
3189 2621 3353 2696 capit
3369 2635 3441 2680 ea
3467 2635 3604 2699 qua

1947 2707 2087 2766 sunt
2133 2703 2392 2783 spiritus
2412 2713 2457 2766 ν.
2483 2703 2781 2766 Deﬁciunt
2827 2703 3029 2785 itaque
3062 2704 3278 2768 animae
3308 2705 3381 2768 ab
3413 2708 3600 2770 unitis

1949 2793 2064 2856 illis
2094 2801 2152 2855 et
2179 2793 2461 2872 angelicis
2485 2792 2784 2856 mentibus
2816 2795 3093 2856 varietate
3110 2801 3171 2858 et
3200 2795 3601 2861 divisibilitate

1947 2886 2282 2963 omnigenze
2301 2883 2918 2964 cognitionis.Deinde
2940 2903 3076 2946 cum
3095 2903 3182 2948 ea:
3203 2887 3598 2966 cognitiones,

1947 2994 2079 3055 quas
2108 2975 2441 3038 secundum
2474 2974 2702 3037 animas
2732 2975 2905 3056 fiunt,
2934 2976 2992 3036 in
3027 2995 3210 3038 unum
3247 2980 3599 3058 conglome-

1946 3074 2156 3128 rantur
2180 3066 2317 3146 (hoc
2333 3065 2491 3126 enim
2517 3064 2794 3128 estetiam
2807 3067 3130 3130 secundum
3143 3085 3208 3131 se
3225 3073 3600 3134 etuniversa

193 3162 412 3239 ἀρετὴν,
473 3163 546 3225 εἷς
603 3159 843 3237 μεγάλαις
907 3159 1126 3238 θεωρίας
1187 3155 1424 3230 ἐλθοῦσι,
1490 3155 1581 3212 καὶ
1637 3154 1860 3232 γνώσεις

1949 3155 2524 3231 demonstrationis)
2553 3154 2771 3218 animae
2808 3174 3048 3236 quoque
3075 3159 3304 3235 angelis
3333 3161 3600 3244 aequipa-

192 3252 463 3330 θειοτέρας
495 3250 530 3318 ἢ
592 3250 729 3306 κατὰ
773 3247 1067 3326 ἄνθρωπον.
1105 3246 1238 3303 ’Ἔτι
1297 3246 1392 3302 οῦκ
1422 3243 1483 3300 ἂν
1539 3244 1753 3320 ἁμάρτῃ
1783 3266 1863 3307 τις

194 3344 276 3399 οιαὶ
342 3343 466 3417 περὶ
529 3342 636 3396 τὼν
696 3340 990 3408 αἰσθήσεων
1043 3337 1482 3417 ἀποφηνάμενος,
1543 3333 1623 3390 ὅτι
1679 3332 1864 3389 τελευ-

190 3445 347 3489 1110»
402 3428 684 3507 ἀπῆχημα
728 3435 835 3492 τῶς
881 3430 1023 3489 θείας
1087 3427 1273 3506 σοφίας
1332 3424 1483 3481 εἰσίν’
1517 3422 1707 3503 ἔχουσι
1763 3423 1864 3502 γὰρ

189 3524 274 3577 καὶ
337 3520 497 3576 αῦται
529 3517 636 3583 ἕξιν
703 3520 816 3574 τινα
880 3517 1271 3583 ἀντιληπτικὴν
1331 3521 1438 3571 τῶν
1497 3511 1868 3588 ὑποκειμένων

188 3613 272 3667 καὶ
331 3609 663 3688 γνωστικὴν,
729 3609 775 3664 εἷ
831 3612 918 3664 καὶ
973 3605 1299 3680 σωματικῶν
1364 3604 1748 3680 αἰσθητηρίων,
1799 3600 1864 3658 δι’

187 3702 261 3754 ὧν
295 3703 403 3767 τῆς
449 3703 635 3778 ψυχῆς
696 3698 1032 3777 παρακύψαι,
1068 3694 1355 3754 ἐνδέονται.
1405 3696 1464 3752 Ol
1508 3691 1562 3749 δὲ
1595 3691 1862 3772 δαίμονες,

188 3792 318 3846 καθὸ
372 3795 492 3845 νοῦν
521 3790 610 3844 καὶ
670 3788 816 3844 αὐτοὶ
849 3786 1092 3867 ἔχουσιν⁷
1136 3788 1199 3842 Ex
1241 3783 1338 3852 τῆς
1399 3784 1583 3863 σοφίας
1613 3790 1704 3840 τοῦ
1737 3789 1868 3840 Θεοῦ

187 3890 385 3939 τοῦτον
429 3878 743 3945 κέκτηνται·
796 3876 1160 3956 ἀλογήσαντες
1203 3873 1280 3946 δὲ,
1339 3876 1424 3930 καὶ
1469 3874 1548 3948 μὴ
1592 3874 1864 3949 μείναντες

186 3969 322 4049 ὅπερ
388 3971 548 4047 ἦσαν,
584 3967 824 4024 ἕκωωσιν
856 3967 1043 4045 σοφίας
1103 3964 1306 4040 μᾶλλον
1361 3962 1672 4038 ὑπέμειναν,
1709 3960 1862 4042 Ἐφί-

186 4081 303 4116 εται
369 4058 592 4136 μὲνγὰρ
651 4056 705 4122 ἐξ
732 4055 952 4134 ἀλογίας
1001 4053 1240 4112 καὶθέλει
1271 4056 1332 4112 τὸ
1380 4053 1582 4110 ἰσόθεον
1630 4050 1864 4128 ὅδαιμὸο

186 4170 299 4211 νιος
335 4148 489 4220 νοῦς,
521 4149 614 4203 οὒκ
658 4143 775 4202 οἶδε
805 4144 860 4202 δὲ
916 4143 1060 4208 ὅπως
1092 4143 1277 4200 τούτου
1322 4155 1514 4223 τυχεῖν
1545 4140 1770 4216 ἔνεστιν,
1805 4142 1862 4199 οῦ

186 4241 376 4318 φύσει³
413 4237 596 4292 παθὼν
625 4235 724 4303 τὴν
750 4233 994 4314 ἄγνοιαν,
1020 4231 1140 4291 ἀλλ’
1167 4233 1418 4296 ὲκοδσίοος
1444 4234 1508 4288 τὸ
1538 4233 1680 4309 παρὰ
1709 4233 1862 4312 φύσιν

186 4331 535 4408 αἱροὺμενος.
572 4326 740 4382 ’Ὥστε
773 4327 860 4381 καὶ
884 4324 999 4381 ἐπεὶ
1025 4323 1365 4402 ἡλογημένος
1391 4323 1530 4378 ἐστὶν
1556 4325 1583 4378 6
1605 4328 1710 4379 τῶν
1742 4321 1862 4379 δαι-

185 4441 260 4487 μο
276 4421 404 4474 δίων
422 4426 564 4478 νοῦς,
600 4416 660 4473 0-3
704 4414 893 4494 σοφός,
926 4413 1064 4470 ἀλλὰ
1096 4413 1276 4491 σοφίος
1308 4412 1668 4475 ὲκπεπτωκὼς
1689 4412 1858 4488 ῥηθή-

1947 3254 2175 3308 rantur.
2205 3245 2434 3306 Idcirco
2457 3245 2771 3308 considera
2801 3246 2977 3309 etiam
3019 3247 3207 3324 unite,
3251 3258 3315 3312 ut
3343 3250 3427 3313 ita
3466 3256 3599 3333 quis

1951 3335 2164 3398 dixerit
2193 3334 2561 3415 intelligant:
2590 3335 2830 3417 quando
2860 3335 3140 3400 videlicet
3169 3338 3318 3401 alias
3347 3359 3468 3403 non
3495 3360 3602 3422 per

1950 3425 2376 3501 rationem,sed
2395 3427 2764 3506 perarduum
2796 3426 3117 3509 virtutique
3142 3446 3466 3510 congruum
3489 3433 3602 3494 ha-

1954 3517 2164 3591 bitum,
2184 3516 2349 3593 quod
2377 3516 2584 3593 utique
2607 3517 2984 3597 praestantius
3012 3527 3123 3594 est,
3143 3520 3216 3593 ad
3239 3521 3598 3600 cognitionis

1951 3607 2239 3669 unitatem
2275 3612 2644 3688 pertingunt;
2676 3607 2828 3669 sicut
2862 3607 3064 3669 videre
3093 3608 3234 3672 licet
3262 3617 3321 3672 in
3369 3614 3602 3693 magnis

1949 3717 2016 3760 ac
2047 3696 2265 3759 divinis
2314 3697 2589 3760 Patribus
2638 3698 2881 3772 nostris,
2917 3698 3020 3778 qui
3068 3718 3188 3762 non
3234 3701 3598 3780 eruditione,

1950 3787 2053 3850 sed
2089 3788 2360 3867 puritate,
2391 3805 2496 3868 per
2527 3788 2804 3851 virtutem
2842 3788 2914 3851 ad
2954 3807 3197 3870 magnas
3239 3794 3602 3875 contempla-

1951 3879 2142 3940 tiones
2174 3878 2783 3959 divinioresque,qua3
2813 3879 3138 3942 humanum
3169 3889 3406 3962 captum
3427 3901 3600 3966 supe-

1947 3977 2103 4041 rent,
2129 3967 2499 4048 cognitiones
2519 3979 2942 4047 pervenerunt.
2959 3970 3046 4032 Ad
3067 3970 3193 4033 haec
3225 3990 3600 4056 nequaquam

1947 4059 2276 4140 aberrabit,
2299 4057 2625 4138 quisensus
2648 4061 3057 4141 quoqueipsos
3072 4068 3404 4124 extremum
3433 4065 3604 4147 quasi

1945 4151 2264 4230 quamdam
2290 4151 2827 4230 divinaasapientia:
2839 4153 3247 4215 resonantiam
3265 4155 3602 4235 appellarit:

1947 4261 2082 4305 nam
2108 4249 2165 4304 et
2186 4243 2297 4321 ipsi
2317 4240 2538 4304 habent
2559 4241 2829 4304 habitum
2845 4241 3318 4324 quemdam,quo
3343 4243 3446 4307 illa
3469 4264 3602 4327 qua

1948 4330 2022 4392 iis
2050 4328 2451 4406 subjiciuntur
2471 4329 2838 4410 recipiantet
2861 4338 3596 4417 cognoscant,quanquam

1947 4420 2253 4500 corporeis
2282 4418 2700 4482 instrumentis
2717 4419 3016 4482 sensitivis
3036 4439 3186 4501 opus
3210 4420 3604 4505 habeant,per

184 4531 372 4567 σεται.
431 4503 581 4562 Ἀλλ’
615 4504 695 4561 ὅτι
725 4505 820 4581 μὲν
874 4506 908 4572 ἡ
938 4504 1051 4560 θεία
1081 4503 1236 4584 σοφία
1289 4504 1488 4565 πσντὸς
1519 4500 1609 4558 νοῦ
1643 4503 1727 4558 καὶ
1763 4501 1861 4558 λό-

1949 4528 2080 4592 quae
2110 4509 2308 4571 anima
2339 4508 2680 4589 prospiciat.
2717 4508 3026 4572 Damones
3057 4500 3283 4586 vero,in
3313 4500 3602 4594 quantum

183 4621 317 4678 γου,
368 4597 458 4653 καὶ
507 4593 686 4662 πάσης
745 4593 1042 4662 αἰσθήσεως
1100 4593 1385 4654 ῦποστάτις
1443 4591 1551 4647 ἐστὶ
1583 4593 1670 4647 καὶ
1728 4592 1866 4648 αἰτία

187 4689 441 4764 εἴρηται,
492 4690 608 4748 πῶς
666 4682 721 4740 δὲ
795 4684 950 4748 αὐτὸς
1011 4683 1040 4739 6
1099 4682 1393 4763 ὑπέρσοφος
1449 4681 1579 4744 Θεὸς
1637 4693 1753 4738 νοεῖ
1806 4681 1870 4738 τὰ

185 4777 398 4849 νοητὰ,
431 4775 468 4843 ἢ
519 4775 586 4831 τὰ
643 4773 890 4852 αἰσθητὰ,
937 4771 1072 4848 μηδὲ
1134 4773 1316 4851 νοερὰς
1374 4774 1522 4851 ἔχων
1579 4770 1866 4850 ἐνεργείας,

183 4868 283 4924 καὶ
326 4865 503 4932 πάσης
559 4865 853 4934 αἰσθήσεως
915 4861 1366 4942 ὑπεριδρυμένος;
1422 4860 1604 4920 Καίτοι
1635 4863 1760 4941 sarci
1807 4862 1870 4942 τᾲ

180 4961 320 5015 θεῖα
384 4955 476 5010 καὶ
533 4955 645 5033 ἱερὰ
715 4952 1033 5032 Εὒαγγέλια,
1098 4953 1276 5032 Κύριε,
1337 4953 1398 5008 σὺ
1453 4950 1627 5008 παίντα
1687 4949 1866 5017 οἶδας.

184 5045 452 5119 Ῥητέον,
485 5043 598 5123 οὖν,
641 5042 770 5122 ὅπερ
803 5042 936 5121 ἔφην
965 5040 1247 5118 πολλάκις,
1281 5043 1363 5098 ὃτι
1393 5041 1458 5097 τὰ
1502 5041 1639 5098 κατὰ
1671 5040 1872 5111 στέρη-

184 5159 278 5192 σιν
343 5133 615 5211 λεγόμενα
675 5132 760 5189 ἐπὶ
806 5140 961 5208 Θεοῦ,
1009 5132 1096 5188 καί
1142 5132 1208 5187 τὰ
1265 5130 1472 5187 ἐναντία
1532 5131 1870 5211 ὑπεροχικῶς

181 5225 470 5298 νοοῦνται,
504 5223 566 5277 τὸ
624 5219 843 5298 ἄλογον,
880 5223 940 5277 τὸ
991 5218 1168 5299 ἄνοον,
1221 5221 1283 5277 τὸ
1326 5219 1550 5299 ἀναφὲς,
1585 5222 1646 5277 τὸ
1701 5220 1870 5299 ἀόρα-

183 5337 318 5393 τον,
378 5310 518 5369 ὥστε
569 5313 595 5368 6
653 5315 800 5374 θεῖος
859 5317 978 5374 νοῦς
1039 5310 1211 5366 πάντα
1271 5309 1508 5389 συνέχει,
1568 5311 1706 5367 κατά
1755 5331 1870 5367 τινα

183 5401 542 5480 ἑξῃρημένην
594 5407 790 5479 γνῶσιν
839 5399 1180 5479 προειληγὼς
1225 5402 1324 5468 τὴν
1369 5399 1581 5457 πάντων
1637 5399 1871 5472 εἴδησιν,

1952 4599 2006 4660 ei
2040 4600 2150 4679 ipsi
2183 4606 2448 4661 mentem
2478 4597 2721 4673 habent,
2775 4615 2850 4661 ex
2883 4598 3082 4662 divina
3110 4599 3404 4677 sapientia
3433 4620 3600 4664 eam-

1953 4689 2088 4753 dem
2121 4695 2566 4771 compararunt;
2599 4707 2634 4750 a
2662 4687 2892 4752 ratione
2920 4697 3120 4753 autem
3152 4689 3368 4774 aversi,
3403 4710 3602 4775 neque

1953 4778 2013 4841 id
2069 4780 2230 4859 quod
2283 4786 2457 4842 erant
2486 4786 2928 4860 permanentes,
2965 4779 3403 4863 prolapsionem
3435 4800 3470 4845 a
3499 4801 3603 4846 sa-

1953 4868 2175 4952 pientia
2199 4869 2397 4953 potius
2415 4869 3170 4952 sustinuerunt.Siquidem
3198 4890 3368 4936 mens
3383 4872 3607 4936 daemo-

1955 4971 2126 5034 niaca
2179 4990 2252 5033 ex
2303 4970 2757 5034 irrationalitate
2817 4970 3004 5034 ambit
3031 4980 3092 5034 et
3119 4972 3354 5038 aﬂ‘ectat
3397 4989 3602 5054 aequa-

1955 5069 2178 5133 litatem
2242 5068 2374 5146 Dei,
2436 5068 2542 5132 sed
2603 5070 2793 5132 nescit
2850 5070 3146 5153 quomodo
3180 5089 3314 5134 eam
3366 5073 3606 5154 assequi

1957 5171 2167 5252 possit;
2200 5189 2319 5233 non
2349 5169 2509 5253 quod
2539 5178 2744 5236 natura
2786 5170 3070 5251 ignorans
3100 5171 3200 5252 sit,
3235 5169 3346 5232 sed
3387 5171 3604 5233 volun-

1956 5277 2104 5344 tarie
2158 5274 2217 5337 id
2265 5273 2424 5355 quod
2478 5282 2688 5337 contra
2731 5281 3002 5338 naturam
3035 5280 3126 5336 est
3154 5271 3356 5352 eligat.
3409 5269 3608 5354 Unde,

1957 5382 2020 5442 in
2071 5383 2355 5461 quantum
2415 5391 2584 5436 mens
2635 5373 2973 5436 daemonum
3029 5391 3062 5434 ο
3108 5371 3341 5435 ratione
3381 5370 3607 5449 deﬁcit,

182 5497 270 5559 ὡς
343 5490 518 5554 αἴτιος
559 5490 792 5567 πάντων,
828 5491 920 5550 ιιαῖ
965 5491 1136 5548 πάντα
1181 5487 1331 5558 εἰδὼς
1389 5488 1614 5572 ἔνδοθεν,
1650 5491 1738 5548 καὶ
1781 5491 1862 5548 οὒκ

1961 5495 2337 5561 nequaquam
2367 5476 2626 5560 sapiens,
2657 5477 2766 5540 sed
2787 5494 2822 5539 a
2848 5476 3142 5561 sapientia
3189 5472 3480 5541 defecisse
3511 5472 3610 5539 di-

290 5693 321 5725 '
354 5679 539 5747 ICor.
573 5697 638 5759 ιι,
679 5680 776 5743 14.
