4052 6422
469 354 591 422 883

1655 349 1717 414 S.
1766 349 2108 413 DIONYSII
2150 347 2684 411 AREOPAGIT/E.

3747 339 3867 408 884

460 486 813 551 cetur.469
834 483 952 549 Sed
985 483 1265 566 quoniam
1316 482 1513 546 divina
1561 480 1873 565 Sapientia
1919 477 2100 543 omnis

2199 478 2250 546 ἐξ
2283 479 2464 555 ἄλλο),
2500 480 2536 548 ἢ
2585 478 2667 536 διά
2710 501 2859 542 τινος
2890 476 3058 546 ἄλλης
3099 479 3555 559 προῦπαρχούσης
3579 479 3866 559 γνώσεως⁶

462 579 681 642 mentis
707 588 763 642 et
785 576 1033 640 rationis
1055 575 1368 655 omnisque
1391 591 1602 636 sensus
1628 571 1894 636 effectrix
1919 579 1976 634 et
1999 577 2109 643 est,

461 676 520 730 et
549 687 726 731 causa
758 664 1307 746 dicitur,quomodo
1338 665 1591 744 ipsemet
1619 680 1979 744 supraquam
2013 679 2111 721 sa-

461 759 634 840 piens
665 759 824 822 Deus
857 755 1130 835 intelligit
1161 752 1560 832 intelligibilia
1601 753 1943 826 sensiliave,
1979 767 2112 813 cum

458 865 655 930 neque
687 847 1087 926 intelligentes
1117 845 1334 906 habeat
1368 845 1771 924 operationes,
1827 851 1884 904 et
1932 856 2116 921 supra

462 956 703 1002 omnem
733 955 976 1000 sensum
996 933 1445 997 sitcollocatus‘?
1483 933 1757 995 Attamen
1784 931 1990 992 divina
2020 949 2117 990 sa«

462 1046 683 1110 craque
704 1025 1017 1106 Evangelia
1032 1023 1628 1103 dicunt:Domine,tu
1650 1024 1856 1085 omnia
1881 1024 2112 1084 nosti“.

457 1115 790 1180 Dicendum
817 1118 1041 1197 itaque,
1075 1114 1235 1196 quod
1264 1113 1383 1176 dixi
1403 1112 1642 1193 sapius,
1680 1112 1836 1193 quod
1862 1129 1991 1191 quae
2014 1127 2119 1191 per

460 1206 852 1287 privationem
877 1205 952 1268 de
970 1207 1095 1266 Deo
1118 1205 1488 1283 dicuntur,et
1514 1202 1830 1282 contraria,
1865 1219 1968 1282 per
1999 1219 2110 1260 ex-

457 1295 796 1359 cellentiam
820 1295 1325 1376 intelligantur,ut
1349 1292 1720 1368 irrationale,
1749 1310 1986 1370 amens,
2017 1296 2112 1350 in-

468 1385 694 1462 tactile,
721 1384 1043 1466 invisibile,
1069 1385 1144 1446 ita
1177 1393 1239 1446 ut
1273 1383 1468 1444 divina
1489 1399 1660 1443 mens
1690 1380 1888 1443 omnia
1927 1380 2115 1441 conti-

454 1475 955 1555 neat,secundum
977 1476 1340 1536 eminentem
1366 1472 1678 1553 quamdam
1708 1471 2109 1548 cognitionem

455 1565 720 1627 omnium
749 1565 1018 1627 notitiam
1038 1561 1442 1643 anticipando,
1462 1571 1737 1643 tanquam
1770 1578 1946 1621 causa
1979 1577 2110 1620 om-

452 1654 618 1717 nium
643 1654 964 1732 omniaque
991 1653 1309 1714 intrinsese
1334 1659 1678 1725 noscens,et
1711 1669 1828 1710 non
1863 1667 1933 1711 ex
1965 1648 2106 1728 alio,

452 1762 650 1825 neque
675 1763 780 1826 per
802 1745 1061 1825 aliquam
1086 1743 1261 1804 aliam
1288 1740 1794 1821 prmexsistentem
1821 1739 2111 1818 cognitio-

2199 573 2286 628 καὶ
2333 571 2429 628 ἀπ’
2461 571 2625 637 αὐτῆς
2667 575 2768 636 τῆς
2819 570 2998 648 ἀρχῆς
3049 567 3222 644 εἰδὼς,
3261 574 3320 630 οὗ
3368 576 3466 636 τῆς
3517 569 3699 650 ἀρχῆς
3757 571 3870 625 τῶν

2197 661 2607 742 παραχθέντων,
2643 658 2782 718 ἀλλὰ
2833 659 2930 727 τῆς
2975 658 3266 726 καθολικῆς
3325 660 3502 741 ἀρχῆς
3560 668 3654 717 τοῦ
3705 666 3864 716 Θεοῦ·

2197 753 2350 830 ὅπερ,
2403 749 2515 807 ἐπεὶ
2588 751 2682 806 οὒκ
2755 749 2941 828 εὐαγές
3001 750 3114 805 ἐστι
3195 747 3487 824 λαμϐάνειν
3558 750 3644 806 ἐπὶ
3703 757 3864 824 Θεοῦ,

2202 841 2458 921 ἄναρχος,
2496 841 2596 919 γὰρ
2646 842 2734 896 καὶ
2782 840 3153 920 ὕπερᾶναρχος
3217 841 3242 896 ὁ
3293 839 3473 908 Θεός.)
3502 838 3726 896 ἐκόλασε
3782 837 3869 895 διὰ

2200 941 2312 1005 τοῦ¹
2351 929 2463 988 ’¹[ν²
2513 929 2654 986 εἴπω
2688 927 2876 991 Καλως
2909 952 3035 1008 γουν
3078 928 3166 986 καὶ
3195 930 3280 987 καὶ
3330 931 3357 986 ὁ
3385 930 3554 1008 μέγας
3585 929 3867 994 Βασίλὲιος

2199 1024 2427 1092 τίθησιν,
2463 1019 2544 1076 ὅτι
2578 1019 2676 1076 εἰσί
2706 1041 2847 1092 τινα,
2871 1017 3079 1099 ἅνᾶρχα
3111 1019 3230 1096 μὲν,
3263 1019 3516 1088 τελευτὴν
3547 1019 3601 1076 δὲ
3633 1020 3865 1101 ἔχοντά,

2202 1114 2374 1192 λέγων
2406 1111 2500 1174 τὰς
2555 1111 2693 1174 θείας
2726 1115 2825 1175 τῆς
2877 1107 3226 1188 δημιουργίας
3259 1111 3504 1180 νοήσεις
3549 1108 3644 1167 ἀπ’
3678 1112 3864 1190 ἀρχῆς

2196 1206 2319 1284 γαρ³
2374 1200 2443 1259 ἵν’
2481 1200 2644 1264 οὕτως
2705 1199 2870 1273 εἴπω,
2903 1201 3044 1274 παρὰ
3103 1207 3179 1275 τῷ
3237 1199 3547 1279 δημιουργῷ
3599 1205 3647 1257 οἱ
3706 1199 3864 1279 λόγοι

2196 1301 2294 1363 τῆς
2344 1295 2590 1352 κτίσεως.
2629 1292 2725 1346 Δια
2772 1299 2924 1348 10-310
2955 1293 3052 1370 γὰρ
3084 1290 3299 1370 λέγεται
3345 1293 3434 1348 καὶ
3478 1293 3563 1351 τό.
3598 1289 3661 1350 Ὀ
3695 1291 3852 1355 εἰδὼς

2197 1386 2368 1444 πάντα
2423 1384 2542 1458 πρὶν
2572 1381 2830 1460 γενέσεως
2886 1383 3082 1438 αἷτὼν·
3132 1385 3206 1437 ὧν
3267 1387 3368 1449 τὴν
3399 1382 3627 1462 γένεσιν⁹
3663 1383 3758 1440 οὐκ
3801 1385 3863 1438 ὲκ

2197 1483 2290 1533 τοῦ
2351 1472 2769 1546 καταμανθάνειν
2829 1472 2959 1528 αὐτὰ
2991 1472 3158 1531 ὅποΐά
3207 1472 3323 1528 τινά
3352 1475 3480 1528 εἰσιν
3525 1473 3668 1553 ἔχει·
3701 1480 3862 1530 τοῦτο

2195 1567 2294 1644 γὰρ
2327 1563 2613 1633 ἐδήλωσεν,
2649 1563 2836 1642 εἰπών³
2867 1561 2962 1618 οὒκ
3004 1565 3066 1618 ὲκ
3095 1568 3201 1618 τῶν
3250 1561 3416 1619 ὄντων
3448 1562 3513 1620 τὰ
3541 1562 3668 1619 ὄντα
3713 1585 3860 1638 μαν-

2743 1651 2801 1706 υῦ
2861 1653 2979 1709 κατ’
3011 1649 3160 1708 ἒδέαν
3215 1654 3460 1718 ἱκάστοις
3522 1651 3854 1728 ἐπιϐάλλων,

2193 1656 2387 1727 θάνων,
2451 1654 2537 1709 καὶ
2598 1654 2681 1733 τὸ,

2195 1743 2314 1801 ἀλλ’
2339 1747 2412 1806 ὡς
2444 1742 2674 1809 ποιητὴς
2707 1743 2909 1799 τούτων
2939 1742 3038 1810 τὴν
3071 1740 3277 1809 εἴδησιν
3311 1744 3418 1799 τῶν
3448 1745 3656 1800 οἰκείων
3685 1742 3858 1823 ἔργων

453 1852 619 1911 nem;
643 1845 700 1895 ct
724 1835 799 1896 ab
825 1835 952 1916 ipso
977 1833 1147 1896 initio
1169 1849 1575 1904 noscens,non
1600 1829 1674 1891 ab
1701 1829 1874 1892 initio
1907 1847 2100 1890 rerum

2195 1833 2437 1915 προέχεῖ,
2476 1832 2621 1898 εἰδὼς
2667 1831 2813 1896 ὅπως
2867 1833 2997 1888 αὕτα
3045 1832 3141 1888 καΐ
3178 1832 3260 1913 ἐφ’
3311 1836 3395 1898 οἷς
3452 1832 3676 1912 παρᾶξει
3721 1837 3854 1914 πρὸς

452 1911 905 2006 productarum,
939 1923 1042 1985 sed
1090 1923 1161 1983 ab
1196 1921 1518 1983 universali
1563 1919 1734 1981 initio
1765 1921 1912 1993 Deo;
1943 1917 2100 1999 quod

2191 1911 2418 2002 γένεσιν,
2453 1911 2547 1978 Ὠν
2593 1925 2627 1991 ἡ
2680 1923 2998 2000 παρατροπή
3057 1923 3145 1979 καὶ
3292 1921 3562 2004 ἔλλειψις,
3599 1911 3775 2001 ἤγουν
3819 1927 3853 1994 ἡ

454 2031 590 2074 cum
616 2032 733 2074 non
758 2012 898 2073 satis
920 2011 1237 2074 commode
1263 2010 1321 2071 in
1341 2012 1462 2074 Deo
1487 2007 1674 2088 accipi
1711 2007 1896 2090 possit
1926 2008 2103 2084 (quo-1

453 2105 610 2167 niam
636 2104 794 2167 Deus
811 2105 942 2166 sine
968 2103 1132 2166 initio
1159 2110 1270 2180 est,
1301 2112 1359 2164 et
1392 2102 1704 2183 plusquam
1738 2100 1868 2160 sine
1910 2099 2099 2161 initio)

451 2195 713 2256 correxit
744 2195 885 2258 illud
905 2193 1182 2256 addendo
1212 2211 1226 2255 :
1262 2190 1335 2255 Ut
1357 2191 1438 2254 ita
1459 2191 1676 2253 dicam.
1713 2193 1898 2252 Recte
1932 2190 2106 2268 igitur

450 2284 625 2346 etiam
665 2303 910 2360 magnus
955 2283 1209 2346 Basilius
1243 2282 1620 2363 ait,quaadam
1656 2299 1789 2342 esse
1819 2297 1953 2356 qua)
1981 2285 2108 2358 qui-

448 2373 584 2436 dem
609 2374 902 2455 principio
931 2372 1272 2454 carent,sed
1306 2373 1485 2433 ﬁnem
1519 2371 1767 2445 habent,
1798 2378 1859 2429 ut
1891 2369 2106 2430 divina:

449 2463 564 2526 illae
584 2467 899 2528 creationis
931 2463 1354 2546 cogitationes;
1389 2462 1462 2525 ab
1508 2461 1680 2522 initio
1720 2460 1906 2534 enim,
1933 2467 1994 2520 ut
2026 2460 2106 2521 ita

445 2554 826 2636 dicam,apud
851 2555 1193 2618 Creatorem
1236 2553 1402 2616 fuere
1452 2558 1716 2614 rationes
1749 2549 2098 2612 creationis.

441 2641 586 2707 Nam
620 2644 848 2707 idcirco
877 2644 1096 2706 dicitur
1129 2665 1142 2705 :
1175 2643 1288 2718 Qui
1313 2643 1471 2706 nosti
1494 2642 1701 2705 omnia
1736 2641 2101 2720 priusquam

441 2733 977 2817 ﬁantV'°;quorum
1005 2734 1295 2813 originem
1321 2733 1632 2806 novit,non
1659 2729 1817 2810 quod
1839 2748 1905 2792 ex
1928 2729 2000 2790 iis
2015 2728 2104 2790 di-

445 2833 571 2886 scat
591 2824 788 2905 qualia
809 2825 1042 2899 sint,uti
1070 2822 1624 2896 declaravitdicens
1658 2840 1671 2880 :
1705 2820 1837 2882 Non
1891 2839 1959 2880 ex
2001 2837 2099 2880 re-

442 2913 555 2976 bus
577 2913 722 2995 ipsis
740 2932 836 2976 rcs
861 2915 1092 2989 dicens,
1123 2933 1317 2995 neque
1338 2911 1588 2990 singulis
1621 2909 1950 2972 secundum
1990 2929 2098 2969 cu--

437 3004 660 3085 jusque
687 3003 949 3085 speciem
983 3003 1324 3082 intendens,
1359 3000 1465 3063 sed
1526 3009 1620 3060 tan
1639 3019 1814 3079 quum
1867 3006 2104 3060 creator

440 3109 687 3153 suorum
747 3109 994 3172 operum
1047 3090 1352 3172 praehabet
1413 3089 1843 3167 cognitionem,
1905 3088 2102 3148 sciens

452 3180 690 3261 quando
713 3188 772 3242 et
801 3180 1018 3281 quibus
1033 3179 1240 3284 modis
1275 3178 1924 3284 illasit‘producturus..
1947 3175 2102 3248 Quo-
2121 3234 2160 3284 Ο

446 3287 578 3331 rum
614 3269 915 3350 perversio
936 3278 992 3333 et
1014 3269 1298 3351 defectio,
1332 3269 1460 3332 sive
1483 3267 1785 3330 frustratio
1819 3279 1882 3329 et
1912 3267 2100 3347 impo-

449 3359 890 3435 tentia,malum
926 3360 1277 3436 introducit,
1314 3358 1637 3440 privatione
1669 3361 1798 3439 ejus
1828 3358 1983 3439 quod
2010 3375 2101 3418 se-

445 3451 704 3512 cundum
736 3459 1003 3513 naturam
1039 3458 1150 3526 est,
1184 3450 1243 3511 id
1280 3450 1441 3532 quod
1474 3457 1679 3510 contra
1707 3457 1977 3509 naturam
2015 3455 2104 3509 est

445 3540 859 3604 introducens.
893 3540 984 3603 Ad
1002 3541 1118 3602 hoc
1140 3540 1299 3603 enim
1328 3541 1478 3602 lucis
1509 3539 1852 3619 exemplum
1881 3537 2100 3613 attulit;

443 3646 578 3690 nam
612 3630 792 3712 hujus
811 3629 1423 3712 privationetenebraa
1455 3630 1836 3708 exsistunt,et
1859 3645 2098 3691 causam

440 3717 668 3781 habent
697 3719 1031 3782 absentiam
1057 3728 1282 3782 natura:
1303 3719 1639 3796 lucis,sicut
1658 3718 1836 3781 etiam
1863 3717 2100 3780 habitus

442 3805 908 3889 principaliores
958 3816 1098 3870 sunt
1141 3807 1596 3889 privationibus,
1630 3815 1709 3889 et,
1748 3816 1810 3869 ut
1857 3805 1937 3868 ita
1964 3807 2100 3886 quis

445 3895 628 3978 dicat,
666 3916 880 3961 causa}.
912 3896 1099 3960 Nemo
1129 3899 1323 3980 itaque
1343 3917 1415 3960 ex
1437 3897 1532 3959 his
1555 3898 1631 3960 ad
1659 3906 1776 3958 tam
1809 3895 2099 3960 absurdae

444 3988 771 4049 sententias
820 3987 1168 4062 abducetur,
1209 3997 1270 4049 ut
1295 3987 1474 4064 dicat,
1501 3988 1678 4048 etiam
1715 3985 2004 4048 malorum
2037 3988 2097 4048 in

445 4077 645 4156 seipse
665 4094 901 4138 causam
932 4075 1157 4140 habere
1187 4077 1531 4156 Deum,sive
1571 4079 1767 4158 ipsum
1793 4094 1925 4138 esse
1951 4096 2090 4138 cau-

443 4183 569 4228 sam
607 4185 712 4228 cur
731 4167 854 4228 haec
881 4167 1304 4250 producantur;
1319 4169 1440 4246 jam
1462 4165 1692 4247 pridem
1717 4166 1875 4228 enim
1901 4176 2098 4228 osten-

441 4253 552 4330 dit,
588 4275 783 4336 neque
817 4275 948 4338 ens,
978 4275 1173 4339 neque
1222 4260 1281 4318 in
1307 4256 1490 4318 rebus
1521 4273 1654 4318 esse
1687 4257 1928 4320 malum.
1969 4259 2097 4320 Hoc

439 4362 578 4409 vero
605 4347 783 4407 etiam
818 4345 1082 4408 declarat
1111 4347 1475 4427 exemplum.
1509 4343 1671 4408 Sicut
1703 4347 1859 4407 enim
1895 4345 1945 4408 si
1963 4350 2095 4426 quis

435 4433 632 4497 lucem
656 4437 814 4498 hanc
835 4435 1131 4498 visibilem
1167 4435 1384 4497 mentis
1406 4455 1475 4498 ac
1492 4435 1740 4496 rationis
1757 4447 2091 4516 compotem

439 4533 755 4604 supponat;
782 4524 1000 4588 deinde
1022 4543 1305 4606 rogemus
1330 4525 1544 4606 ipsam,
1581 4544 1655 4586 an
1690 4524 1966 4586 tenebras
1997 4544 2092 4588 co-

439 4601 851 4694 gnoscat,ipsa
869 4624 1068 4677 autem
1095 4601 1159 4677 se
1178 4601 1744 4696 nosse'dicat,etiam
1766 4623 2090 4693 antequam
2121 4601 2161 4650 θ

439 4701 706 4766 tenebrae
726 4703 866 4765 470
889 4716 1117 4787 essent;
1143 4725 1343 4782 nosse,
1395 4707 1659 4786 inquam,
1699 4723 1816 4768 non
1854 4724 1958 4786 per
1987 4705 2094 4767 ali-

441 4810 614 4874 quam
652 4796 1090 4875 experientiam
1122 4796 1445 4876 (quomodo
1495 4795 1653 4856 enim
1681 4795 1779 4857 lux
1813 4795 2091 4858 tenebras

435 4881 651 4944 sciret?
675 4901 810 4945 nam
836 4885 884 4946 si
901 4887 992 4946 lux
1020 4885 1247 4961 sit,non
1267 4892 1444 4947 erunt
1463 4884 1894 4966 tenebrae),sed
1915 4904 2090 4948 nosse

438 4973 600 5034 dicat
630 4973 909 5036 tenebras
931 4974 991 5036 in
1023 4985 1308 5056 quantum
1343 4975 1438 5036 lux
1463 4989 1578 5051 est;
1615 4975 1867 5055 ideoque
1902 4976 2086 5049 novit,

437 5062 595 5143 quod
627 5069 677 5123 si
709 5063 1020 5145 proprium
1055 5064 1258 5147 lumen
1287 5065 1672 5139 contraxerit,
1709 5084 1884 5127 nemo
1917 5065 2048 5127 vide
2069 5103 2088 5117 ο

438 5151 546 5215 bit.
581 5152 664 5215 Ita
699 5159 876 5216 etiam
911 5153 1069 5217 Deus
1099 5174 1204 5236 per
1224 5174 1462 5218 causam
1494 5155 1762 5216 omnium
1794 5155 1851 5218 in
1886 5175 1950 5218 se
1981 5176 2086 5218 co-

437 5241 766 5322 gnitionem
801 5242 1002 5319 habet,
1029 5263 1145 5307 non
1179 5247 1334 5327 quod
1361 5245 1727 5328 experientia
1757 5263 1886 5306 eam
1915 5264 2084 5308 com-

436 5331 730 5413 paraverit
764 5331 912 5413 (tum
941 5335 1097 5396 enim
1127 5334 1285 5397 Deus
1317 5335 1656 5414 cognitione
1687 5337 1977 5416 posterior
2001 5337 2086 5397 in-

438 5421 787 5499 veniretur),
813 5424 997 5485 autin
1026 5424 1225 5505 aliquo
1263 5435 1532 5505 tempore
1565 5444 1683 5486 non
1716 5428 2080 5503 cognoverit.

438 5505 586 5573 Nota
613 5512 1126 5595 autem,tenebras
1157 5532 1289 5578 esse
1312 5515 1592 5579 effectum
1615 5520 1714 5596 qui
1749 5534 1816 5577 ex
1851 5515 2083 5578 defectu

521 5700 604 5768 ’Ἰ
634 5702 847 5767 Joaun.
882 5718 945 5780 ιι,
976 5703 1078 5768 20.
1138 5702 1208 5745 "'
1242 5701 1472 5770 Daniel.
1508 5720 1634 5783 xm,
1667 5703 1766 5767 42.

2187 2014 2456 2094 ἂποτυχία
2507 2013 2654 2080 καὶὴ
2707 2011 2985 2091 ἀδυναμία⁷
3019 2013 3080 2068 τὸ
3132 2015 3298 2069 κακὸν
3341 2014 3564 2090 εἱσάγει,
3594 2019 3665 2091 τῇ
3722 2037 3855 2071 στε-

2189 2106 2337 2182 ρήσει
2391 2105 2479 2160 τοῦ
2527 2103 2662 2158 κατὰ
2700 2103 2850 2183 φύσιν
2904 2103 2964 2157 τὸ
3012 2103 3150 2180 παρᾶ
3213 2102 3366 2162 ωύσιν
3397 2110 3652 2166 ποιοῦσα,
3712 2107 3853 2183 Πρὸς

2189 2202 2345 2251 τοῦτο
2406 2193 2506 2272 γὰρ
2567 2194 2626 2248 τὸ
2685 2194 2776 2248 10-3
2834 2193 3010 2256 φωτὸς
3063 2194 3376 2271 παρήγαγεν
3418 2192 3741 2272 ὑπόδειγμαο
3790 2203 3856 2270 τῇ

2189 2284 2289 2362 γὰρ
2363 2283 2550 2340 τούτου
2609 2282 2852 2360 στερήσει
2923 2283 2985 2338 τὸ
3043 2283 3233 2347 σκότος
3294 2282 3708 2364 παρυφίσταται,
3773 2289 3855 2343 καὶ

2188 2371 2358 2428 αἰτίαν
2412 2370 2528 2451 ἔχει
2560 2371 2655 2439 τὴν
2686 2372 2948 2427 ἀπουσίασ
2977 2375 3076 2438 τῆς
3119 2380 3210 2431 τοῦ
3257 2374 3436 2437 φωτὸς
3471 2375 3704 2453 φῦσεως,
3739 2378 3848 2431 ὦσι-

2188 2483 2285 2540 περ
2338 2462 2426 2518 καὶ
2477 2463 2581 2517 τῶν
2642 2462 2946 2538 στερήσεων
3011 2463 3061 2517 αἱ
3122 2461 3257 2526 ἔξεις
3303 2463 3665 2542 ἀρχικώτεραι
3721 2488 3853 2542 τυγ-

2187 2551 2439 2631 χάνουσι,
2485 2550 2578 2606 καῖ
2617 2552 2688 2615 ὡς
2746 2549 2806 2606 ἄν
2839 2572 2918 2608 τις
2959 2550 3126 2624 εἴποι,
3161 2553 3345 2614 αἰτίαι,
3395 2551 3589 2619 Μηδεὶς
3617 2561 3746 2632 γοῦν
3792 2555 3854 2612 ἐκ

2186 2641 2390 2698 τούτων
2432 2643 2562 2718 πρὸς
2607 2641 2835 2705 ἀτόπους
2881 2640 3158 2718 ἐπαγέσθω
3212 2641 3435 2716 ἑννοίας,
3487 2642 3618 2699 ὥστε
3669 2643 3851 2723 λέγειν

2186 2731 2272 2789 καὶ
2334 2730 2436 2786 τῶν
2499 2737 2680 2787 κακῶν
2736 2731 2789 2786 ἐν
2848 2732 3019 2804 ἐαυτῷ
3058 2730 3180 2788 κατ’
3238 2733 3410 2788 αἰτίαν
3462 2733 3719 2814 προέχειν
3762 2736 3856 2790 τὸν

2187 2823 2340 2900 Θεὸν,
2389 2821 2548 2898 ἤγουν
2588 2820 2764 2875 αἴτιον
2814 2822 2984 2877 αὖτῶν
3015 2823 3075 2876 ὲκ
3127 2823 3314 2878 τούτου
3353 2823 3669 2900 σενσίγεσθαί
3700 2827 3854 2882 αὐτὸν

2186 2911 2349 2966 εἶναι’
2405 2909 2636 2988 iisin-(51,0
2686 2908 2843 2974 ἔδειξε
2870 2913 3007 2984 μήτε
3061 2912 3142 2984 ὃν,
3183 2911 3318 2987 μήτε
3369 2912 3420 2966 ὲν
3467 2927 3591 2976 τοῖς
3628 2915 3747 2971 οὖσι
3795 2919 3852 2972 τὸ

2186 2999 2372 3060 κακόν.
2436 3007 2598 3056 Τοῦτο
2627 2998 2680 3054 δὲ
2741 2997 2903 3066 δηλοῖ
2960 3001 3045 3056 καὶ
3107 3002 3166 3057 τὸ
3199 2999 3560 3080 παράδειγμα.
3629 2995 3852 3083 "tl-711:9

2185 3092 2284 3167 γὰρ
2345 3090 2480 3153 εἴτις
2531 3090 2781 3145 ὑπόθοιτο
2826 3091 2903 3146 τὸ
2964 3096 3076 3169 φῶς
3134 3094 3290 3147 10-310
3323 3096 3384 3148 τὸ
3428 3096 3623 3171 ὁρατὸν
3682 3094 3846 3150 ἔννουν

2188 3179 2330 3234 εἴναι
2388 3182 2475 3236 καὶ
2506 3179 2742 3257 λογικὸν,
2779 3183 2899 3237 εἶτα
2951 3183 3237 3254 πυθοίμεθα
3294 3184 3472 3255 αὐτοῦ,
3509 3185 3552 3239 εἰ
3604 3185 3849 3262 γινώσκει

2184 3270 2246 3325 τὸ
2296 3272 2506 3342 σκότος,
2543 3271 2603 3326 τό
2652 3268 2707 3326 δὲ
2739 3271 2887 3327 εἴποι
2945 3273 3226 3349 γινώσκειν
3256 3275 3342 3329 καὶ
3374 3275 3491 3352 πρὶν
3523 3273 3752 3352 γὲνηται
3798 3279 3851 3330 τὸ

2186 3361 2396 3424 σκότος·
2434 3384 2517 3439 γιν
2534 3366 2712 3416 ὸσκειν
2744 3359 2798 3416 δέ
2845 3362 2902 3417 οὗ
2962 3363 3099 3418 κατὰ
3128 3383 3246 3419 τινα
3304 3376 3520 3441 πεῖραν,
3558 3364 3710 3444 (πῶς
3757 3367 3850 3444 γὰρ

2187 3448 2291 3505 ἴδοι
2339 3450 2526 3514 σκότος
2579 3454 2640 3507 τὸ
2671 3457 2783 3529 φῶς
2815 3469 2836 3522 ;
2863 3452 2906 3506 εἰ
2951 3452 3051 3529 γὰρ
3089 3459 3226 3532 φῶς,
3260 3456 3354 3511 οὐκ
3405 3453 3554 3509 ἔσται
3616 3459 3854 3526 σκότος’)

2187 3539 2324 3597 ἀλλὰ
2381 3540 2656 3619 γινώσκειν
2689 3540 2838 3598 εἴποι
2895 3541 2957 3597 τὸ
3016 3541 3210 3604 σκότος
3265 3545 3396 3599 καθὸ
3453 3550 3594 3620 φῶςο
3633 3542 3718 3601 διὸ
3773 3547 3853 3600 καὶ

2185 3627 2356 3706 οἶδεν,
2390 3627 2494 3710 6'11,
2527 3629 2618 3686 ἐὰν
2648 3632 2898 3707 συστείλῃ
2931 3633 2991 3686 τὸ
3021 3632 3221 3688 οἰκεῖον
3254 3638 3392 3709 φῶς,
3425 3631 3599 3698 οὒδεὶς
3632 3634 3850 3710 ὄψεται.

2185 3719 2336 3778 Οῧτω
2364 3721 2452 3777 καὶ
2501 3721 2529 3776 ὁ
2560 3722 2688 3785 Θεὸς
2738 3720 2857 3776 κατ’
2903 3723 3074 3778 αἰτίαν
3129 3720 3182 3776 ἐν
3232 3722 3402 3796 ἑαυτῷ
3446 3723 3548 3791 τὴν
3603 3725 3855 3783 ἁπάντων

2184 3807 2393 3877 εἴδησιν
2455 3809 2596 3892 ἔχει,
2655 3811 2716 3866 οὔ
2784 3811 2853 3878 τῆ
2914 3813 3068 3889 πείρα
3140 3813 3338 3880 ταύτην
3389 3813 3852 3897 ἐπικτησάμενος,

2185 3899 2323 3980 (επεὶ
2381 3902 2612 3979 εὑρεθείη
2671 3900 2734 3956 ἅν
2791 3902 3234 3980 μεταγενέστερος
3293 3905 3320 3960 ὁ
3373 3907 3503 3969 Θεὸς
3557 3909 3661 3971 τῆς
3711 3908 3852 3984 γνώο

2181 3989 2368 4070 σεως,)
2440 3989 2640 4057 ἤκατᾶ
2697 4013 2810 4048 τινα
2863 3993 3061 4070 χρόνον
3106 3993 3182 4067 μὴ
3243 3995 3542 4070 γινώσκων.
3614 4002 3854 4072 Σημειοῦ

2181 4079 2234 4136 δὲ
2281 4081 2340 4135 τὸ
2372 4081 2610 4136 αἰτιατὸν
2671 4080 2814 4137 εἶναι
2852 4082 2913 4137 τὸ
2944 4081 3135 4144 σκότος
3171 4081 3220 4147 ἐξ
3253 4081 3545 4157 ἐλλείψεως
3580 4091 3678 4142 τοῦ
3738 4109 3853 4165 (ρω-

2180 4171 2293 4244 τὸς,
2355 4168 2484 4246 ὅπερ
2560 4169 2670 4226 ἐστὶ
2722 4171 2859 4226 κατὰ
2910 4174 3250 4251 Μανιχαίων’
3339 4175 3616 4231 Ἐντεῦθεν
3676 4198 3848 4231 κατα.

2183 4260 2444 4338 σκευάζει,
2482 4259 2561 4315 ὃτι
2623 4260 2759 4315 κατὰ
2792 4261 2915 4334 μίαν
2945 4264 3032 4316 καὶ
3067 4262 3162 4328 τήν
3197 4262 3362 4329 αὐτὴν
3394 4265 3594 4341 γνῶσιν
3654 4267 3685 4320 ὁ
3723 4268 3842 4329 Θεὸς

2181 4347 2296 4406 οἶδε
2328 4371 2416 4404 και
2462 4349 2647 4406 ἑαυτὸν
2680 4351 2768 4406 καὶ
2797 4351 2859 4404 τὰ
2916 4350 2980 4407 τὰ
3015 4351 3210 4431 πάντα,
3245 4350 3329 4408 διὰ
3354 4363 3508 4412 τοῦτο
3550 4355 3642 4410 καὶ
3675 4354 3844 4418 ἀύλως

2178 4440 2242 4495 τὰ
2280 4437 2457 4519 ὑλικὲι³
2493 4441 2580 4495 καὶ
2644 4440 2710 4496 τὰ
2768 4441 2992 4519 μεριστὰ
3038 4440 3360 4523 ἀμερίστως,
3399 4445 3485 4500 καὶ
3541 4445 3610 4501 τὰ
3671 4444 3846 4502 πολλᾶ

2182 4529 2410 4592 ἐνιαίως⁶
2475 4527 2630 4592 ἅϋλος
2704 4529 2804 4608 γὰρ
2859 4551 2946 4586 κσι
3008 4529 3294 4610 ἀμέριστος
3357 4534 3442 4589 καὶ
3515 4534 3714 4612 ὲνιαξα,
3753 4527 3841 4589 καὶ

2179 4617 2351 4697 ἁπλῆ,
2383 4620 2418 4686 ἡ
2469 4626 2664 4696 γνῶσιν
2721 4620 2755 4686 ἡ
2804 4621 2937 4682 θεια.
3005 4619 3174 4698 Εἴπερ
3227 4619 3484 4700 ἐλέγομεν
3545 4621 3630 4680 ὅτι
3684 4623 3844 4696 ἐντῷ

2177 4709 2273 4783 ἐνὶ,
2309 4706 2554 4775 δηλονότι
2599 4708 2648 4764 ἐκ
2684 4707 2750 4784 τῇ
2805 4715 2902 4783 μιᾷ
2929 4710 3016 4765 καὶ
3076 4709 3223 4788 ἁπλῇ
3254 4709 3627 4791 δημιουργικῇ
3687 4712 3842 4770 δυνέ-

2177 4817 2263 4870 μει
2321 4795 2586 4863 ὑπέστησε
2614 4797 2681 4854 τὰ
2737 4795 2980 4876 διάφορα,
3016 4797 3154 4854 οἶςτω
3206 4800 3292 4856 καὶ
3325 4799 3376 4856 ἐν
3430 4799 3528 4881 ἐνὶ,
3563 4799 3734 4880 ἤγουν
3792 4803 3843 4858 ἒν

2177 4886 2343 4959 ἑνιαίᾳ
2385 4887 2474 4942 καὶ
2516 4885 2664 4963 ἁπλῇ
2719 4885 2935 4966 γνώσει,
2972 4887 3037 4944 τὰ
3097 4886 3323 4969 διάφορα
3375 4892 3657 4968 γινώσκειο
3707 4892 3843 4948 ἀλλὰ

2174 4975 2262 5032 καὶ
2291 4976 2531 5056 χορηγός
2576 4979 2688 5032 εστι
2748 4977 2926 5042 πάσης
2985 4984 3255 5056 γνώσεως,
3291 4977 3409 5037 καθ’
3459 4981 3526 5047 ἣν
3579 4981 3845 5060 γνώσεταί

2173 5089 2252 5131 τις
2284 5069 2376 5122 καί
2412 5068 2618 5147 ἐαύτὸν,
2649 5069 2738 5124 καὶ
2773 5068 2838 5124 τὰ
2868 5067 3024 5124 ἄλλα·
3062 5073 3166 5128 Οὔκ
3231 5069 3330 5150 ἄρα
3363 5073 3390 5127 '0
3419 5073 3552 5135 Θεὸς
3585 5071 3713 5128 κατ’
3739 5072 3839 5129 ἄλ-

2171 5156 2272 5223 λην
2329 5160 2426 5232 μὶν
2483 5164 2646 5236 γνῶσι
2701 5156 2970 5236 γνώσεταν
3027 5159 3235 5234 ἑαυτὸν,
3270 5160 3391 5216 κατ’
3450 5160 3626 5229 ἄλλην
3655 5159 3714 5218 δὲ
3774 5163 3839 5218 τὰ

2170 5243 2642 5326 δημιουργήματα.
2678 5249 2735 5305 Εἰ
2781 5250 2908 5325 γοῦν
2941 5248 3073 5315 αὐτὴ
3122 5250 3156 5317 ἡ
3190 5251 3329 5306 αἰτία
3355 5250 3598 5322 πάντων,
3635 5251 3836 5319 ἑαυτὴν

2171 5339 2257 5393 καὶ
2289 5336 2377 5417 ἀφ’
2412 5337 2603 5405 ἑαυτῆς
2662 5336 2938 5418 γινώσκει,
2974 5339 3122 5412 πόσῳ
3151 5360 3212 5418 γε
3257 5338 3461 5416 μᾶλλον
3493 5341 3558 5398 τὰ
3591 5339 3690 5397 ἀπ’
3735 5343 3834 5398 αὖ·

2172 5432 2268 5494 τῆς
2317 5425 2581 5494 εἰδήσεται
2615 5449 2632 5503 ;
2666 5426 2805 5484 ἀλλὰ
2834 5431 2902 5494 τῆ
2933 5431 3140 5504 ἑαυτοῦ,
3175 5431 3263 5487 καὶ
3307 5431 3367 5488 οὗ
3411 5438 3479 5508 τῇ
3509 5437 3620 5488 τῶν
3664 5431 3834 5487 ὄντων

2168 5519 2468 5594 ἓπιστήμῃ.
2525 5515 2835 5598 Ἐπιχειρεϊ
2866 5520 2990 5595 γοῦν
3037 5516 3098 5575 ἐκ
3126 5525 3220 5576 τοῦ
3269 5519 3574 5598 ὶλάττονσς,
3611 5519 3694 5577 ὅτι
3749 5521 3834 5577 καὶ
