4052 6468
377 355 495 421 887
1550 344 1613 410 S.
1659 343 2005 409 DlONYSlI
2056 340 2576 406 AREOPAGITIE
2623 402 2628 407 .
3667 330 3793 402 888

380 498 565 571 motu,
600 481 1318 567 omninoqneimmobilis
1359 489 1474 557 est,
1506 480 1655 543 nihil
1694 477 2081 571 habenssuil

2167 475 2373 545 ηλονότι
2401 477 2464 534 τὸ
2509 481 2608 545 τῆς
2653 476 2946 552 ποιήσεως,
3008 476 3081 541 ὼς
3125 474 3403 554 ἐλέγομεν,
3449 474 3511 532 ἐκ
3569 472 3793 531 πάντων

381 563 920 663 proprinmmeque
936 574 1030 636 sui
1060 590 1314 663 compos
1341 569 1768 663 exsistens,s_ed
1803 569 2044 663 penitus

2167 566 2479 646 ινώσγεται⁷
2535 566 2613 643 μὴ
2662 565 2827 642 μόνον
2904 567 2979 630 ὡς
3038 563 3215 631 αἴτιος
3273 567 3371 632 τῆς
3428 568 3796 644 παραγωγῆς,

382 653 468 731 cst
492 653 709 730 divini
734 653 895 728 illius
924 661 1318 739 arcani,quod
1359 662 1535 723 etiam
1567 659 1711 722 alibi
1737 658 2042 722 interiori-

2167 654 2261 712 ne
2291 657 2380 713 καὶ
2430 660 2528 724 τῆς
2588 656 2871 735 συναφείας
2925 656 3120 731 αὒτῶν,
3156 656 3245 713 καὶ
3286 655 3366 713 ἀεὶ
3396 658 3474 730 τῷ
3504 653 3653 711 τέλει
3684 657 3801 709 τῶν

385 761 565 814 tatem
622 746 961 828 appellavit.
1008 741 1442 808 Nilhilominus
1490 744 1673 805 etiam
1709 740 2041 803 secundum

2168 745 2401 825 ροτέρων
2442 746 2539 811 τὰς
2582 752 2689 802 τῶν
2746 743 3002 822 δευτέρων
3058 746 3341 803 συνάπτων
3383 746 3557 825 ἀρχὰς
3593 759 3609 775 ’
3647 740 3805 800 οὗδέν

383 841 560 903 aliam
594 844 908 910 rationem,
946 834 1217 896 videlicet
1249 832 1534 907 ﬁctionis,
1572 841 1637 893 ut
1658 830 2028 902 dicebamus,

2167 836 2226 915 ἂρ
2283 834 2450 911 μέσον
2506 841 2614 893 τῶν
2671 836 2987 911 κτισμάτων
3045 836 3225 909 κενὸν,
3257 835 3313 891 ἐν
3369 842 3417 909 ᾦ
3459 837 3557 893 οὐκ
3585 833 3703 890 ἔστι
3747 854 3801 887 τι

386 950 456 996 ex
504 927 783 991 omnibus
814 924 1190 1005 cognoscitur
1221 943 1339 985 non
1364 924 1553 986 solum
1592 931 1657 985 ut
1678 940 1854 984 causa
1889 938 2030 1001 pro-

2167 926 2494 1004 ιμιούργημα
2528 945 2542 959 ·
2605 924 2807 1004 πλῆρες
2872 925 2973 1004 γάρ
3020 924 3165 982 ἔστιν
3227 926 3392 1002 ἅπαν,
3452 928 3551 982 τῶν
3596 923 3798 982 ὄντων.

387 1020 920 1094 ductionis,verum
945 1015 1122 1077 etiam
1154 1012 1597 1093 conjunctionis
1618 1019 2037 1092 eorum,atque

2176 1015 2236 1071 ἄν
2266 1017 2358 1071 τὸν
2413 1015 2542 1095 ἀέρα
2586 1015 2793 1095 εἴποις,
2852 1016 2946 1071 καὶ
3009 1015 3166 1079 αὒτὸς
3211 1013 3595 1093 δημιούργημὰ
3623 1014 3742 1069 ἐστι
3784 1032 3797 1045 ο

388 1129 631 1191 semper
646 1108 748 1171 ﬁni
778 1107 1041 1188 priorum
1074 1104 1455 1185 sequentium
1481 1101 1777 1183 principia
1806 1118 2031 1162 conne~

2167 1106 2260 1161 ατὰ
2314 1104 2468 1161 τούτο
2526 1106 2616 1161 καὶ
2679 1106 2946 1180 σύμπνοια
2990 1104 3077 1162 ἐπὶ
3138 1104 3234 1163 τοῦ
3291 1106 3496 1168 παντὸς
3550 1103 3803 1182 λέγεται,

390 1210 562 1264 ctens
590 1221 603 1272 ;
633 1198 861 1260 nullum
892 1196 1050 1258 enim
1079 1194 1340 1256 medium
1364 1211 1564 1255 rerum
1585 1201 1913 1255 creatarum
1953 1208 2047 1251 va-

2167 1194 2285 1250 ἱονεὶ
2315 1194 2638 1269 συμπάθεια.
2686 1192 2783 1257 Ὠς
2840 1200 2967 1272 γοῦν
3026 1194 3111 1252 ἐπὶ
3154 1201 3247 1253 τοῦ
3294 1196 3432 1267 ζώου
3464 1197 3497 1263 ἦ
3527 1193 3806 1270 σύμπνοιά

392 1308 595 1364 cuum,
618 1289 683 1350 in
713 1306 827 1369 quo
854 1305 973 1348 non
1007 1285 1082 1347 sit
1114 1285 1311 1366 aliqua
1335 1294 1613 1345 creatura
1647 1300 1663 1357 ;
1698 1285 2044 1343 universum

2167 1304 2297 1357 στιν,
2349 1285 2484 1358 3)μοῦ
2540 1283 2808 1341 πνεόντων
2868 1290 2975 1340 τῶν
3046 1285 3245 1357 ζόντων
3294 1285 3548 1343 ἁπάντων
3594 1283 3803 1359 μελῶν,

392 1380 552 1443 enim
577 1379 759 1442 rebus
792 1377 1034 1459 plenum
1064 1374 1433 1437 est.Etiamsi
1455 1390 1657 1436 aerem
1685 1371 1931 1452 dixeris,
1956 1377 2048 1432 ta-

2167 1373 2296 1440 ύτως
2325 1373 2411 1430 ἐπὶ
2437 1376 2635 1439 παντὸς
2667 1376 2987 1449 συμπάθεια.

396 1488 532 1532 men
567 1476 624 1529 et
647 1468 776 1548 ipse
803 1474 1077 1529 creatura
1100 1464 1295 1526 existit
1326 1464 1697 1541 ;secundum
1725 1463 1836 1524 hoc
1871 1461 2047 1522 etiam

394 1558 755 1639 conspiratio
798 1558 858 1619 in
891 1557 1173 1617 universo
1205 1554 1427 1617 dicitur
1476 1553 1642 1633 quasi
1675 1551 2019 1615 consensio.
2056 1549 2222 1613 Sicut
2254 1551 2460 1634 itaque
2505 1554 2563 1615 in
2597 1553 2839 1616 animali
2889 1553 3255 1636 conspiratio
3287 1561 3401 1632 est,
3429 1573 3562 1616 cum
3622 1553 3809 1617 simul

392 1650 517 1717 viva
548 1648 750 1710 omnia
784 1645 1051 1708 membra
1081 1645 1331 1725 spirant,
1363 1645 1451 1706 sic
1480 1644 1620 1704 479
1652 1652 1708 1704 et
1738 1642 1800 1704 in
1834 1641 2114 1703 universo
2146 1642 2472 1705 consensio
2505 1643 2760 1707 exsistit.

475 1738 624 1819 διν.
650 1737 824 1800 Modo
854 1736 1001 1799 dicit
1029 1736 1233 1811 etiam,
1258 1734 1556 1815 quomodo
1591 1736 1749 1797 Deus
1786 1733 2049 1794 Verbum

2216 1731 2372 1814 διν.
2409 1733 2571 1801 "Han
2617 1733 2762 1813 λέγει
2828 1738 2915 1792 καὶ
2970 1742 3086 1799 πῶς
3146 1734 3306 1815 λόγος
3364 1737 3552 1812 ὖμνεϊν
3586 1738 3617 1792 6
3676 1738 3810 1800 Θεὸς

399 1848 504 1891 seu
537 1832 683 1889 ratio
717 1826 1072 1895 celebretur.
1100 1843 1218 1885 non
1252 1824 1445 1887 solum
1469 1824 1675 1904 utique
1693 1824 1856 1902 juxta
1890 1838 2053 1903 pros-

2167 1826 2198 1883 6
2248 1827 2411 1899 μόνον
2470 1826 2649 1881 τοίνυν
2705 1825 2841 1882 κατὰ
2888 1827 2955 1885 τὰ
3013 1825 3396 1904 προειρημένα,
3457 1826 3538 1882 ὃτι
3607 1829 3671 1884 εκ
3703 1830 3810 1883 τῶν

402 1917 873 1995 dicta,quoniam
899 1934 970 1977 ex
1000 1915 1229 1976 effectis
1252 1922 1530 1994 tanquam
1552 1931 1729 1975 causa
1749 1912 2054 1991 cognosci-
2080 1943 2081 1987 y

2167 1916 2389 1972 ιῖτιατῶν
2435 1918 2508 1979 ὡς
2560 1913 2737 1978 αἴτιος
2795 1916 3140 1996 γινώσκεται,
3197 1917 3358 1981 αὗτὸς
3427 1918 3528 1994 γὰρ
3589 1916 3737 1972 ἐστιν
3782 1919 3810 1973 6

405 2021 501 2070 tur
534 2007 687 2088 (ipse
709 2006 866 2068 enim
898 2004 1095 2066 omnis
1117 2003 1363 2065 rationis
1389 2012 1449 2064 et
1472 2001 1782 2084 sapientiae
1810 2001 2052 2082 largitor

2167 2006 2383 2085 χορηγὸς
2411 2006 2611 2068 παντὸς
2644 2003 2810 2084 λόγου
2842 2006 2930 2062 καὶ
2960 2006 3137 2072 πάσης
3169 2004 3407 2086 σοφίας)
3441 2003 3562 2062 ἀλλ’
3594 2003 3687 2063 ὅτι
3715 2009 3805 2063 καὶ

406 2103 543 2171 est);
601 2097 707 2159 sed
758 2095 897 2176 quia
927 2113 1134 2156 causas
1163 2112 1367 2155 rerum
1412 2095 1679 2155 omnium
1723 2095 1780 2154 in
1812 2111 1881 2154 se
1922 2092 2051 2172 ipso

2167 2096 2228 2157 ὰς
2258 2101 2367 2151 τῶν
2395 2094 2567 2152 όντων
2598 2095 2849 2153 ἁπάντων
2894 2095 3064 2158 uitia:
3094 2094 3149 2150 ἐν
3204 2096 3376 2169 ἑαυτῷ
3422 2094 3568 2175 ἔχει’
3632 2100 3680 2153 οἱ
3714 2097 3813 2175 γὰρ

405 2187 585 2249 habet
623 2186 918 2248 :rationes
949 2185 1108 2246 enim
1135 2184 1331 2245 omnis
1381 2191 1609 2245 natura;
1656 2183 1718 2244 in
1755 2183 1884 2262 ipso
1915 2189 2054 2242 sunt

2167 2184 2339 2247 μύσεως
2371 2184 2584 2252 ἀπάσης
2615 2183 2765 2261 λόγοι
2825 2184 2880 2240 ἐν
2924 2186 3067 2258 αὗτῷ
3126 2187 3252 2241 εἰσιν
3289 2185 3360 2250 ὡς
3427 2185 3577 2257 αίτίῳ
3631 2184 3816 2251 πάσης

408 2292 684 2357 tanquam
718 2276 776 2336 in
809 2293 985 2336 causa
1014 2273 1211 2335 omnis
1230 2274 1551 2335 creationis
1574 2296 1589 2354 ;
1616 2273 1771 2335 ideae
1798 2290 2055 2352 namque

2168 2275 2486 2352 ημιονργίας
2523 2289 2537 2305 '
2574 2272 2724 2331 αἵτε
2768 2272 2869 2352 γὰρ
2924 2272 3056 2331 ἱδέαι
3107 2276 3194 2331 καὶ
3250 2274 3318 2331 τὰ
3377 2272 3813 2355 παραδείγματα,

408 2375 466 2429 et
484 2365 851 2444 exemplaria
882 2382 1000 2425 non
1026 2364 1140 2424 alia
1161 2365 1219 2424 in
1253 2364 1396 2445 alio,
1420 2363 1524 2425 sed
1547 2382 1681 2424 cum
1697 2370 1935 2425 internae
1952 2380 2054 2423 ra-

2167 2363 2247 2443 ιῦχ
2291 2363 2444 2441 ἕτερα
2487 2364 2612 2421 ὄντα
2666 2367 2721 2420 ἓν
2765 2363 2950 2440 ἑτέρῳ,
2999 2364 3137 2421 ἀλλὰ
3182 2366 3400 2435 νοήσεις
3431 2361 3604 2420 ἆῗδιαι
3639 2367 3817 2445 οὖσαι,

411 2458 606 2518 tiones
637 2456 774 2529 sint,
819 2456 881 2517 in
916 2454 1046 2536 ipso
1078 2453 1395 2516 exsistunt.
1452 2453 1607 2516 Dicit
1635 2462 1834 2515 autem
1867 2453 2060 2534 ipsum

2167 2478 2199 2508 ιν
2252 2452 2397 2527 αὒτῷ
2447 2455 2568 2511 εἰσι.
2636 2454 2793 2533 Λέγει
2824 2452 2879 2510 δὲ
2923 2455 3081 2511 αὐτὸν
3109 2453 3294 2533 λόγον,
3339 2457 3427 2512 καὶ
3455 2458 3530 2520 ὡς
3561 2453 3648 2511 διὰ
3674 2456 3815 2512 πάν-

409 2546 703 2625 Verbum,
735 2545 893 2626 quod
918 2544 1097 2606 etiam
1131 2562 1237 2624 per
1256 2544 1459 2606 omnia
1479 2544 1611 2606 sine
1632 2543 2064 2623 impedimento

2167 2565 2252 2599 ξων
2309 2549 2584 2623 χωροῦντα
2640 2543 2953 2618 ἀκωλύτως,
3006 2545 3095 2600 καὶ
3136 2545 3314 2602 πάντα
3343 2545 3615 2623 περιιόντα
3642 2545 3819 2626 μέχρι

414 2645 702 2719 permeat,
731 2635 1052 2716 omniaque
1076 2634 1253 2695 etiam
1278 2648 1466 2713 usque
1491 2636 1564 2698 ad
1590 2641 2069 2714 extremaperva-

415 2729 541 2801 dat,
596 2725 681 2788 uti
733 2725 908 2788 etiam
939 2725 1013 2787 ad
1043 2722 1328 2787 Haebrees
1377 2726 1459 2786 ait
1486 2724 1808 2805 Apostolus
1846 2743 1862 2792 ς
1896 2722 2071 2785 Vivus

418 2821 581 2882 enim
608 2834 806 2882 sermo
822 2816 1118 2896 etefﬁcaa;
1147 2824 1263 2891 !,et
1283 2833 1421 2893 qua!
1449 2814 1905 2891 sequuntur.Ac
1926 2831 2071 2894 pm-

419 2908 647 2983 sertim,
680 2905 819 2988 quia
847 2921 1030 2986 supra
1060 2923 1297 2966 omnem
1349 2903 1787 2986 simplicitatem
1821 2902 2073 2982 simplex

421 3009 534 3073 est,
569 2996 720 3060 etab
743 2993 908 3058 omni
932 2994 1483 3069 materialiberum,
1519 3003 1754 3073 sumpta
1787 2993 2071 3054 similitu—

424 3086 566 3149 dine
581 3105 655 3148 ex
687 3085 869 3146 verbo
899 3093 1239 3145 nostrarum
1288 3083 1707 3162 cogitationum
1747 3104 1762 3160 ;
1794 3082 2076 3163 quoniam

425 3176 671 3238 verbum
695 3191 932 3254 quoque
957 3185 1229 3235 nostrum
1257 3174 1492 3254 quando
1522 3193 1639 3234 non
1669 3174 1969 3247 scribitur,
2004 3174 2077 3235 ab

427 3266 590 3330 omni
614 3264 860 3325 materia
882 3263 1138 3326 liberum
1163 3282 1296 3325 esse
1314 3272 1566 3327 constat.
1600 3264 1912 3337 Quomodo
1941 3282 2079 3325 vero

2154 2634 2239 2691 ιιαὶ
2288 2640 2396 2689 τῶν
2425 2632 2697 2714 ἐσχάτων,
2730 2635 2804 2699 ὡς
2827 2635 2915 2691 καὶ
2949 2634 3003 2690 ἑν
3035 2639 3103 2710 τῇ
3123 2635 3257 2713 πρὸς
3324 2623 3585 2712 Ἐϐραιοος
3643 2623 3814 2716 φησὶν

2155 2725 2182 2779 6
2237 2714 2587 2787 ιΑπόσειιολος·
2635 2726 2747 2780 Ζῶν
2818 2724 2920 2803 γὰρ
2968 2726 2996 2780 ὁ
3052 2722 3216 2800 λόγος
3289 2727 3385 2780 καὶ
3427 2714 3676 2803 ἓνεργὴςς
3726 2726 3821 2782 καὶ

2153 2813 2221 2869 τὰ
2248 2809 2395 2880 ἑξῆς.
2419 2815 2516 2871 Καὶ
2546 2814 2648 2891 πρὸ
2693 2813 2919 2893 τούτων,
2963 2813 3044 2870 ὅτι
3076 2813 3255 2880 πάσης
3307 2813 3621 2882 ἁπλότητος
3655 2816 3823 2892 ὅπερ·

2156 2900 2426 2976 ήπλωται,
2508 2905 2601 2961 καὶ
2651 2915 2837 2971 πάσης
2891 2903 3023 2972 ὕλης
3075 2901 3424 2979 ἀπολέλύται,
3472 2904 3533 2961 ἐκ
3576 2906 3675 2963 τοῦ
3697 2905 3824 2983 παρ’

2156 2993 2297 3067 ἡμῖν
2337 2991 2500 3071 λόγου
2545 2992 2970 3070 λαμϐονομάνων
3015 3000 3117 3051 τῶν
3160 2993 3394 3051 ἐννοιῶν·
3443 2994 3569 3051 ἀλλ’
3615 2996 3700 3053 Bri
3730 2998 3822 3070 μὲν

2159 3085 2186 3139 6
2217 3081 2342 3161 παρ’
2404 3084 2542 3159 ἣμῖν
2590 3082 2769 3163 λόγος,
2826 3084 2916 3142 ὃτέ
2970 3085 3048 3160 μὴ
3107 3082 3388 3165 γράφεται,
3449 3086 3637 3152 πάσης
3697 3086 3822 3153 ὕλης

2160 3172 2553 3249 ἆποὶελυμὲνος
2610 3174 2743 3251 ἐστὶ,
2799 3171 2980 3241 δηλον,
3015 3174 3137 3237 Πῶς
3167 3172 3223 3229 δὲ
3266 3173 3364 3231 καΐ
3394 3173 3622 3248 ἁπλοῦς,
3658 3176 3826 3233 καίτοι

2162 3286 2222 3342 γε
2254 3277 2401 3320 εἶποι
2445 3286 2548 3341 τις,
2579 3266 2662 3321 ὃτι
2719 3265 2780 3322 ὲκ.
2809 3268 3094 3346 στοιχείων
3146 3268 3233 3323 καὶ
3266 3263 3546 3323 συλλαϐὧι
3615 3268 3831 3345 σύγκει-

429 3357 606 3418 etiam
622 3355 1114 3436 simplex,utique
1136 3355 1296 3416 dicet
1321 3354 1702 3436 aliquis,cum
1737 3373 1806 3415 ex
1822 3353 2081 3417 elemen-

2167 3376 2250 3411 ται
2284 3373 2300 3434 ς
2335 3353 2484 3410 Ἀλλ’
2521 3356 2581 3411 o’s
2632 3353 2861 3432 λέγομεν
2920 3359 3011 3413 τὸν
3042 3357 3385 3436 προφορικὸν,
3448 3355 3590 3416 ἀλλὰ
3633 3359 3732 3414 τὸν
3762 3358 3837 3413 ἐν.

430 3448 506 3509 tis
528 3456 587 3508 et
617 3444 862 3527 syllabis
892 3443 1389 3507 constet?Verum
1415 3463 1533 3507 non
1556 3444 1812 3507 dicimus
1833 3444 2080 3508 verbum

426 3537 583 3621 quod
632 3534 1065 3618 profertur,sed
1110 3533 1357 3597 verbum
1388 3534 1716 3615 internum,
1752 3534 2084 3596 secundum

428 3628 585 3708 quod
620 3625 797 3708 etiam
827 3623 1152 3688 rationales
1172 3624 1454 3686 dicimur.
1490 3622 1600 3708 Hic
1635 3623 1792 3708 Deus
1819 3623 2087 3708 Verbum

431 3704 569 3772 cum
589 3707 667 3769 sit
696 3706 828 3788 ipsa
857 3723 1095 3786 quoque
1130 3713 1373 3787 veritas,
1408 3707 1619 3767 merito
1650 3705 1827 3767 etiam
1864 3712 1956 3766 est
1986 3704 2085 3765 in-

434 3797 697 3860 fallibilis
725 3797 995 3856 omnium
1045 3793 1331 3871 cognitio.
1363 3792 1515 3868 Quid
1552 3795 1626 3855 sit
1652 3803 1852 3855 autem
1888 3793 2090 3873 cogni-

437 3889 541 3963 tio,
576 3885 773 3947 statim
799 3883 1108 3965 subjungit
1132 3884 1376 3947 dicens:
1413 3884 1625 3947 Divina
1657 3883 1968 3964 ﬁdesque:
2001 3892 2091 3946 est

435 3982 718 4040 constans
748 3974 1016 4036 ﬁdelium
1049 3974 1515 4050 ﬁrmamentum,
1569 3973 1827 4035 fundans
1857 3974 1996 4036 illos
2029 3974 2087 4036 in

437 4064 710 4140 veritate,
742 4071 920 4144 atque
952 4069 1012 4125 in
1034 4063 1179 4144 ipsis
1205 4063 1627 4144 veritatem,ita
1657 4071 1723 4124 ut
1754 4063 1900 4126 ﬁdes
1927 4065 2090 4126 veri-

441 4154 576 4217 tatis
598 4152 744 4234 quid
770 4170 951 4214 unum
985 4152 1086 4213 ﬁat
1113 4170 1248 4214 cum
1284 4151 1672 4214 credentibus
1701 4171 1717 4229 ;
1754 4171 1872 4214 non
1916 4170 2092 4215 secus

439 4263 509 4307 ac
539 4244 602 4305 in
631 4248 767 4322 igne
790 4241 1017 4304 ferrum
1034 4241 1179 4321 quid
1205 4260 1388 4303 unum
1409 4242 1473 4303 tit
1492 4261 1628 4304 cum
1654 4242 2094 4324 eo,eademque

441 4340 719 4415 operatur
735 4350 868 4413 quae
888 4329 1301 4412 ignis.[dcirco
1336 4341 1451 4393 tam
1477 4331 1626 4394 ﬁdes
1645 4351 1822 4410 quam
1845 4334 2094 4396 creden-

441 4435 530 4488 tes
546 4426 783 4505 operari
816 4421 1034 4484 dicitur
1061 4443 1076 4493 ;
1102 4421 1396 4503 siquidem
1413 4421 1728 4484 credentes
1753 4423 2091 4503 simplicem

442 4512 760 4596 quamdam
834 4511 1239 4590 cognitionem
1286 4511 1507 4575 habent
1540 4513 1783 4577 minime
1815 4514 2089 4592 divisam,

446 4604 816 4682 minimeque
837 4599 1395 4682 dubiam;quoniam
1423 4601 1682 4681 cognitio
1703 4620 1798 4665 res
1827 4605 2094 4683 cognitas

2166 3443 2426 3520 διιιὶθετον1
2480 3443 2595 3500 καθ’
2668 3445 2723 3500 ὄν
2788 3446 2876 3502 καὶ
2943 3444 3152 3523 λογικοὶ
3208 3443 3497 3524 λεγόμεϐα.
3576 3448 3750 3509 Οὗτος
3811 3447 3838 3501 6

2170 3533 2301 3596 Θεὸς
2332 3531 2517 3609 λόγος,
2539 3531 2586 3588 ὤ
2610 3532 2741 3599 αὕτη
2784 3535 2873 3589 καὶ
2901 3537 2980 3606 τῷ
3008 3533 3119 3589 ὅντι
3152 3540 3284 3589 οὖσα
3329 3532 3581 3607 ἀλήθεια,
3614 3534 3839 3594 εἰκότως

2169 3620 2282 3678 ἐστὶ
2322 3620 2419 3679 καῖ
2450 3621 2692 3690 ἀπλανὴς
2723 3643 2830 3679 των
2863 3621 3003 3679 ὅλων
3062 3626 3279 3702 γνῶσις.
3340 3624 3401 3681 Τί
3443 3620 3500 3680 δέ
3533 3623 3650 3681 ἐστι
3693 3624 3840 3704 γνῶ-

2172 3730 2275 3790 σις⁷
2310 3709 2457 3774 εὓθὺς
2514 3710 2881 3770 ἓπισυνέπτει,
2934 3709 3221 3789 διδάσκων,
3269 3704 3331 3770 Ἠ
3370 3713 3484 3769 Θεία
3549 3714 3757 3784 πίστις,
3808 3714 3841 3780 ἦ

2174 3799 2398 3875 μόνιμος
2427 3802 2534 3856 τῶν
2578 3801 2951 3876 πεπεισμένων
2994 3798 3223 3879 ἵδρυσις,
3256 3804 3291 3870 ἦ
3350 3800 3661 3879 ἑνιδρύουσα
3724 3804 3841 3865 τοὺς

2172 3891 2517 3955 πιστεύοντας
2548 3896 2615 3969 τῇ
2662 3890 2884 3965 ἀληθείᾳ
2936 3890 3032 3948 καί
3085 3892 3183 3961 τὴν
3216 3891 3470 3962 ἀλήθειαν
3528 3894 3660 3959 τοῖς
3746 3915 3840 3949 πι-

2174 3980 2467 4058 στεύουσιν,
2520 3983 2594 4043 ὡς
2627 3982 2859 4059 γίνεσθαι
2889 3981 3111 4046 ταὸτούς
3170 3982 3269 4049 τήν
3326 4004 3383 4038 τε
3432 3988 3536 4050 τῆς
3588 3982 3843 4051 ἀληθεῖας

2174 4070 2351 4125 πίστιν
2381 4073 2468 4127 καὶ
2509 4071 2630 4133 τοὺς
2660 4071 3004 4138 πιστεύοντας
3039 4092 3056 4108 ⁶
3100 4071 3283 4151 ὥσπερ
3314 4074 3413 4152 γὰρ
3459 4073 3489 4128 6
3533 4072 3591 4129 ἐν
3614 4080 3699 4147 τῷ
3728 4073 3844 4151 πυρὶ

2174 4154 2384 4237 σίδηρος
2441 4161 2630 4226 ταῦτὸς
2686 4166 2765 4233 τῷ
2821 4163 2942 4241 πυρὶ
2991 4183 3220 4240 γινεται,
3270 4163 3358 4218 καὶ
3410 4162 3623 4241 ἐνεργεῖ
3655 4162 3761 4218 ὅσα
3787 4163 3842 4217 τὸ

2174 4254 2300 4326 πῦρ.
2338 4249 2438 4304 Διὰ
2493 4248 2648 4306 τηῦτο
2711 4248 2921 4329 λέγεται
2992 4253 3082 4309 καὶ
3111 4252 3212 4319 τὴν
3255 4252 3430 4308 πίστιν
3475 4250 3727 4330 ἐνεργεῖν
3758 4251 3840 4307 καὶ

2176 4338 2295 4403 τοὺς
2340 4340 2683 4403 πιστεύοντας
2731 4354 2745 4371 ⁶
2806 4342 2853 4397 οἱ
2893 4343 2992 4419 γὰρ
3064 4339 3413 4415 πεπεισμένοι
3470 4340 3659 4409 ἁπλῆν
3721 4362 3836 4398 τινα

2175 4431 2370 4505 γνῶσιν
2401 4428 2616 4509 ἓχουσι,
2645 4431 2734 4486 καὶ
2767 4431 2826 4488 οὒ
2857 4427 3186 4508 διῃρημένην
3248 4451 3307 4487 τε
3368 4432 3459 4487 καὶ
3517 4429 3842 4511 ἀμφίϐολον,

2176 4515 2259 4573 ὅτι
2306 4519 2341 4586 ἡ
2400 4519 2621 4598 γνῶσις,
2656 4520 2722 4577 τὰ
2771 4542 2829 4577 τε
2886 4520 3226 4599 γινώσκοντα
3285 4521 3375 4577 καὶ
3419 4520 3487 4578 τὰ
3534 4519 3844 4596 ἐγνωσμένα

2176 4607 2313 4680 ἑνοῖ,
2347 4605 2457 4676 ἠδὲ
2488 4610 2676 4688 ἄγνοια
2718 4607 3022 4689 διαιρέσεως
3081 4610 3220 4667 αἰτία
3269 4616 3339 4682 τῷ
3380 4610 3663 4688 ἀγνοοῦντι
3698 4611 3842 4687 γίνε-

448 4710 586 4756 cum
616 4691 1117 4770 cognoscentibus
1148 4691 1597 4773 unit,ignoratio
1624 4710 1763 4754 vero
1794 4692 2081 4772 ignoranti

2175 4712 2286 4752 ται⁶
2337 4699 2367 4754 6
2424 4699 2525 4776 γὰρ
2582 4698 2788 4777 ἄγνοῶν
2847 4698 2967 4779 ἔχει
3026 4700 3088 4756 τὸ
3145 4699 3246 4767 τῆς
3300 4700 3528 4776 γνώμης
3575 4697 3847 4777 ἀνίδρυτον

447 4781 676 4844 exsistit
706 4798 883 4843 causa
912 4779 1269 4859 divisionis;
1298 4781 1595 4862 siquidem
1620 4781 1906 4861 ignorans
1930 4801 2066 4847 men

2180 4788 2269 4842 καὶ
2301 4786 2372 4851 εἰς
2418 4786 2591 4845 πολλὰ
2637 4790 3004 4867 μεριζόμενον,
3053 4791 3155 4848 Τὸν
3205 4796 3328 4866 γοῦν
3383 4789 3438 4846 ἐν
3489 4788 3718 4862 ἀληθείᾳ
3749 4811 3845 4846 πι-

447 4881 571 4934 tem
595 4868 770 4932 habet
795 4870 1328 4945 inconstantem,et
1359 4870 1423 4933 in
1455 4871 1640 4933 multa
1668 4870 2081 4936 divisam.Eun

2183 4876 2433 4933 στεύοντα
2456 4876 2603 4934 οὒδέν
2653 4879 2971 4948 ἂποκινήσει
3023 4882 3125 4948 τῆς
3156 4882 3293 4936 κατά
3316 4879 3418 4946 τὴν
3459 4879 3644 4935 πίστιν
3674 4879 3847 4942 ἑστίας

447 4965 645 5042 itaque
674 4958 775 5041 qui
803 4958 996 5022 credit
1021 4959 1081 5020 in
1116 4960 1544 5035 veritate,nihil
1564 4979 1595 5022 a
1629 4960 1768 5024 ﬁdei
1799 4962 2081 5026 domicilii

2181 4986 2240 5021 τε
2269 4966 2357 5022 καὶ
2400 4964 2665 5045 ἱδρύσεως.
2703 4966 2764 5026 Ὀ
2798 4969 2897 5045 μὲν
2923 4975 3017 5025 οὖν
3061 4969 3200 5025 κατὰ
3258 4969 3349 5024 τὸν
3407 4967 3753 5025 Ἀπόστολον
3793 4967 3846 5023 ἐν

447 5069 516 5114 ac
532 5050 923 5114 fundamento
955 5047 1305 5138 dimovebit.
1329 5050 1443 5124 Qui
1474 5051 1697 5131 itaque,
1740 5056 1905 5131 juxta
1934 5053 2081 5136 Apo-

2184 5061 2262 5130 τῷ
2291 5056 2469 5129 σκότῳ
2523 5062 2621 5125 τῆς
2680 5057 2898 5137 ἀγνοίας
2957 5057 3054 5138 ὢν,
3113 5059 3347 5126 ὑπὸτῆς
3380 5057 3592 5125 πλάνης
3655 5059 3847 5124 ταύτῆς

450 5141 669 5204 stutum
690 5150 735 5213 γ,
763 5139 823 5200 in
852 5136 1117 5200 tenebris
1139 5138 1491 5219 ignorantiae
1502 5140 1731 5203 exsistit
1751 5161 1959 5204 errore
1975 5144 2081 5225 lpSI

2187 5142 2565 5227 σαλευόμενος,
2639 5147 2974 5226 περιφέρεται
3031 5136 3191 5204 παντὶ
3239 5146 3424 5222 ἀνέμῳ
3464 5150 3565 5216 τῆς
3607 5147 3718 5205 τῶν
3749 5147 3847 5203 ἆν-

450 5228 1192 5299 ﬂuctuans,circumfertur
1215 5231 1378 5292 omni
1415 5240 1583 5293 vento
1606 5232 1894 5313 nequitiae
1917 5234 2081 5296 homi

2187 5234 2410 5311 θρώπων
2469 5234 2705 5312 κυϐείας,
2768 5236 2949 5316 ὤσπερ
2980 5238 3028 5296 οἱ
3058 5236 3115 5294 ἐν
3166 5235 3392 5315 πελάγει
3447 5234 3850 5311 κλυδωνιζόμεο

452 5317 782 5395 num,sicut
803 5316 888 5379 illi
921 5316 1025 5399 qui
1055 5318 1117 5381 in
1142 5322 1289 5382 mari
1320 5327 1674 5402 tempestate
1703 5324 2021 5402 agitantur,
2049 5341 2081 5387 ε

2192 5347 2319 5403 νοι,⁶
2366 5327 2453 5382 καὶ
2510 5329 2711 5399 νομίζει
2764 5324 2973 5403 μᾶλλον
3014 5328 3136 5394 τούς
3167 5327 3498 5393 Γνωστικοὺς
3543 5325 3845 5404 μαίνεσθαι,

454 5408 793 5473 existimant
812 5406 1131 5471 Gnosticos
1157 5408 1425 5473 insanire
1460 5428 1478 5488 ;
1512 5410 1669 5472 sicut
1693 5413 1870 5475 etiam
1898 5415 2081 5477 Festu:

2193 5415 2265 5477 ὡς
2296 5416 2384 5471 καὶ
2413 5418 2441 5472 6
2468 5417 2681 5485 Φῆστός
2712 5439 2842 5497 φησι
2887 5424 2965 5492 τῷ
2997 5416 3191 5492 Παύλῳ
3219 5417 3533 5496 κηρύττοντι
3574 5427 3677 5494 τῖεν
3705 5414 3850 5484 ἀλή-

452 5498 636 5563 Panlo
659 5498 966 5560 veritatem
983 5498 1329 5580 praedicanti
1343 5498 1538 5563 aiebat
1563 5500 2081 5581 :Inaam’s,Puulel

2193 5509 2359 5562 θειαν’
2417 5508 2617 5584 Μαὶνῃ,
2680 5506 2875 5570 Παῦλέ.
2935 5506 2997 5566 Ὀ
3048 5504 3102 5563 δὲ
3161 5508 3456 5586 γνωστικὸς
3513 5505 3601 5563 καὶ
3630 5510 3709 5579 τῷ
3740 5505 3852 5562 ὅντι

536 5698 563 5730 ι
592 5685 779 5752 Hebr.
809 5706 896 5766 tv.
930 5688 1031 5752 l2.

1115 5700 1142 5741 ι
1181 5687 1408 5770 Ephes.
1439 5704 1521 5765 tv,
1556 5689 1657 5756 14.
1741 5702 1765 5735 ³
1800 5691 1939 5762 Act.
1971 5709 2137 5774 τινι,
2167 5691 2273 5759 24.
