4052 6424
413 295 526 367 891

1589 303 1650 368 S.
1698 300 2038 370 DlONYSII
2095 300 2607 367 AREOPAGITE

3677 294 3793 368 892

410 436 568 521 quod
591 430 838 500 inﬁnitae
884 432 1118 500 inﬁnito
1149 454 1400 500 numero
1445 437 1750 519 productae
1779 436 2049 519 potentia!

2138 437 2352 517 ἄπειρον
2409 434 2790 515 παραγομὲνας
2833 433 3080 513 δυνάμεις
3136 435 3236 507 τὴν
3293 435 3640 518 ὑπεράπειρον
3704 440 3790 496 αὖε

408 546 710 609 nunquam
760 536 980 609 queant
1034 545 1392 609 supraquam
1435 528 1726 590 inﬁnitam
1774 526 2054 609 potentiae

409 620 539 699 ejus
597 618 908 700 potenﬁcae
959 619 1327 681 eﬁ'ectionem
1364 618 1652 682 hebetare
1701 639 1716 695 ;
1773 618 2051 699 quodque

403 706 722 771 ineﬂ'ahilis
753 716 814 771 et
841 708 1331 787 incognoscihilis
1372 717 1431 770 et
1473 707 1945 789 inexcogitabilis
1974 706 2052 769 sit

403 799 1047 862 omniatranscendens
1069 800 1199 879 ejus
1218 799 1642 879 potentia,qua3
1663 796 2050 861 exuberantia

404 889 711 971 potestatis
743 897 1039 970 potentem
1060 888 1259 951 reddit
1291 888 1908 968 inﬁrmitatem,cujus
1939 907 2047 951 ex-

403 987 631 1042 tremos
650 997 885 1061 quoque
913 979 1199 1040 terminos
1220 978 2047 1062 continetpenetratque,sic-

402 1077 467 1132 ut
495 1074 554 1131 in
582 1070 656 1132 iis
676 1087 808 1150 qua;
828 1087 1071 1131 sensum
1097 1068 1265 1131 valde
1287 1068 1508 1132 feriunt
1528 1068 2046 1149 videmus,praalu-

401 1159 535 1222 cida
554 1159 782 1221 lumina
803 1158 1052 1221 hebetes
1071 1177 1307 1240 quoque
1330 1158 1569 1221 videndi
1583 1159 1891 1221 facultates
1910 1176 2048 1240 per-

399 1248 1075 1329 stringere;etingentes
1091 1249 1255 1310 aiunt
1279 1248 1563 1330 strepitus
1585 1248 1870 1311 audiendi
1893 1267 2049 1331 quo-

2137 538 2231 587 τοῦ
2287 528 2380 596 τῆς
2455 526 2812 602 δυναμοποιοῦ
2870 524 3144 603 δυνάμεως
3228 524 3491 604 ἀμϐλῦναι
3546 527 3791 594 ποίησιν⁸

2136 620 2224 676 καὶ
2277 621 2352 692 τῷ
2407 616 2683 697 ἀφθέγκτῳ
2714 618 2802 673 καὶ
2848 616 3109 697 ἀγνώστῳ
3136 618 3246 689 έκαὶ
3302 617 3639 693 ἀνεπινοήτῳ
3697 616 3792 685 τῆς

2136 710 2307 765 πάντα
2358 706 2727 787 ὑπερεχοῦσης
2761 708 2920 765 αὖτοῦ
2965 705 3265 788 δυνάμεως,
3299 706 3335 776 ἢ
3366 706 3449 764 διὰ
3491 708 3792 788 περιουσίαν

2134 807 2226 857 τοῦ
2255 796 2473 854 δυνατοῦ
2523 798 2611 853 καὶ
2640 796 2740 864 τὴν
2775 796 3047 854 ἀσθένειαν
3080 795 3331 872 δυναμοτ,
3374 799 3462 855 καὶ
3488 798 3557 855 τὰ
3584 796 3794 878 ἔσχατα

2132 896 2237 945 τῶν
2299 887 2689 966 ἂπηχημάτων
2751 886 2813 936 57
2867 887 3031 955 αὐτῆς
3092 886 3307 967 συνέχει
3363 887 3451 945 καὶ
3492 885 3791 967 διακρατεϊ,

2132 976 2367 1056 καθάπερ
2399 979 2485 1034 καὶ
2522 974 2617 1033 ἐπὶ
2662 982 2767 1033 τῶν
2819 976 2939 1034 κατ’
2978 976 3229 1045 αἴσθησιν
3278 975 3511 1034 δυνατῶν
3560 980 3791 1057 ὁρῶμεν,

2134 1072 2217 1128 ὅτι
2272 1071 2339 1128 τὰ
2396 1068 2750 1148 ὑπέρλαμπρα
2801 1071 2951 1149 φῶτα
2986 1072 3072 1127 καὶ
3131 1068 3299 1149 μέχρι
3359 1077 3464 1127 τῶν
3520 1068 3792 1146 ἀμελειῶν

2134 1161 2368 1238 ὁράσεων
2429 1160 2636 1238 φθάνειο
2674 1160 2758 1215 καὶ
2802 1160 2924 1222 τοὺς
2967 1158 3237 1238 μεγάλους
3290 1160 3417 1239 φασῖ
3444 1162 3552 1215 τῶν
3607 1158 3795 1238 ψόφων

2132 1254 2220 1309 καὶ
2249 1253 2323 1314 εἷς
2352 1251 2447 1316 τὰς
2499 1250 2576 1325 μή
2606 1247 2722 1305 λίαν
2752 1248 2985 1312 εὒκόλῶς
3028 1251 3135 1308 τῶν
3176 1248 3336 1330 ἢχων
3388 1246 3791 1325 ἀντιλαμϐανο-

2135 1341 2295 1417 μένας
2327 1341 2490 1405 ἀκοὰς
2546 1338 2857 1403 εἰσδύεσθαι,
2925 1342 2994 1398 Τὸ
3028 1341 3128 1418 γὰρ
3179 1340 3359 1406 πάντη
3390 1338 3625 1408 ἀνήκοον
3679 1337 3793 1397 οὒδέ

2134 1431 2294 1502 ἁκοήο
2333 1431 2422 1488 καὶ
2453 1431 2513 1487 τὸ
2543 1426 2772 1487 καθόλου
2802 1431 2880 1506 μὴ
2908 1429 3108 1508 βλέπον
3139 1426 3256 1490 οὐδὲ
3286 1427 3467 1507 ὅρασις
3494 1425 3569 1471 ³³·

400 1356 515 1420 que
532 1356 921 1413 sensus,sono
933 1338 1225 1419 capiendo
1240 1356 1447 1419 parum
1479 1338 2049 1420 idoneos,penetra-

396 1445 485 1491 re.
512 1427 680 1501 Quod
718 1427 880 1491 enim
906 1429 1148 1509 penitus
1180 1448 1299 1491 non
1332 1430 1511 1491 audit.
1517 1429 1642 1509 jam
1677 1448 1796 1490 non
1827 1438 1919 1492 est
1947 1446 2050 1490 au-

396 1516 556 1582 ditus
589 1536 606 1596 ;
635 1536 834 1602 neque
855 1522 1036 1601 visus,
1067 1516 1227 1601 quod
1258 1536 1379 1582 non
1401 1518 1594 1582 cernit
1625 1518 1896 1583 omnino.

2000 1683 2030 1760 Ξ
2088 1680 2201 1746 III.

476 1839 620 1905 Haec
647 1840 829 1921 igitur
852 1842 1115 1924 potentia
1148 1842 1252 1906 Dei
1279 1842 1746 1925 inﬁniti-potens
1762 1844 1822 1906 in
1849 1842 2049 1906 omnia

2215 1843 2361 1913 Αὕτη
2392 1842 2438 1900 δ’
2485 1843 2637 1913 οὖνὴ
2690 1843 3111 1922 ἀπειροδύναμος
3160 1845 3254 1903 τοῦ
3301 1848 3420 1904 θεοῦ
3442 1843 3677 1910 διάδοσις
3725 1847 3795 1909 εἰς

397 1948 531 2011 quia
558 1939 698 1992 sunt
728 1941 883 1994 meat
907 1939 964 1994 et
988 1932 1662 2015 progreditur,nihilque
1685 1951 1890 1995 eorum
1918 1952 2049 2011 qua!

2136 1937 2308 1994 πάντα
2338 1935 2404 1991 τὰ
2435 1932 2563 1991 ὄντα
2593 1946 2793 2015 χωρεῖ,
2824 1935 2914 2014 κγὶ
2948 1933 3095 1993 οὐδὲν
3126 1935 3240 1993 ἐστι
3269 1940 3375 1992 τῶν
3400 1936 3568 1993 ὅντων
3598 1934 3628 1991 ὃ
3657 1955 3796 1991 παν-

399 2020 640 2083 suntsic
670 2026 911 2082 omnino
946 2023 1233 2085 nudatum
1268 2034 1380 2097 est,
1409 2024 1554 2099 quin
1584 2022 1845 2101 aliquam
1880 2032 2049 2104 pote-

2136 2024 2304 2089 τελῶς
2335 2024 2608 2103 ἀφῄρηται
2638 2024 2699 2079 τὸ
2731 2022 2882 2103 ἔχειν
2918 2024 3035 2082 τινὰ
3068 2023 3309 2101 δύναμιν⁸
3346 2023 3471 2082 ἀλλ’
3521 2023 3558 2093 ἢ
3589 2024 3797 2103 νοερὰν.

403 2116 617 2171 atatem
661 2109 877 2174 haheat
910 2132 922 2176 :
953 2114 1098 2193 quin
1131 2113 1327 2193 potius
1360 2121 1713 2193 potestatem
1751 2114 1930 2175 habet
1961 2111 2049 2175 vel

2136 2116 2171 2186 ἣ
2227 2115 2477 2193 λογικὴν,
2508 2114 2545 2181 ἣ
2606 2114 2948 2182 αἰσθητικὴν.
2980 2114 3016 2183 ἢ
3054 2117 3312 2191 ζωτικὴν,
3344 2114 3381 2184 ἢ
3427 2110 3663 2181 omasi;
3710 2111 3801 2171 δόο

397 2196 835 2280 intelligentem
862 2203 954 2266 vel
978 2203 1561 2279 raliocinantem,vel
1585 2204 1941 2266 sentientem
1962 2203 2049 2265 vel

2138 2228 2296 2280 ναμιν
2329 2204 2469 2283 ἔχει*
2535 2204 2620 2260 οιαὶ
2680 2204 2807 2260 αὒτὸ
2867 2202 2945 2281 δὲ,
3002 2207 3047 2261 εί
3096 2204 3248 2282 θέμις
3310 2207 3507 2281 εἰπεῖν,
3538 2205 3603 2261 τὸ
3660 2204 3802 2261 εἶναι

399 2287 821 2371 vlventem,vel
837 2292 1137 2373 propriam
1169 2292 1550 2369 substantiae;
1579 2301 1636 2357 et
1663 2294 1859 2374 ipsum
1894 2311 2049 2374 esse,

2136 2293 2378 2371 δύναμιν,
2424 2293 2496 2357 εἷς
2526 2293 2587 2349 τὸ
2636 2292 2780 2351 εἶναι
2812 2292 2931 2375 ἔχει
2989 2294 3131 2373 παρὰ
3185 2296 3287 2363 τῆς
3349 2294 3671 2373 ὃπερουσίου
3709 2290 3803 2350 δυο

401 2376 453 2439 si
483 2376 570 2440 fas
600 2390 695 2442 est
724 2380 956 2459 dicere,
1001 2381 1352 2463 potentiam,
1386 2382 1565 2449 habet
1609 2390 1670 2446 ut
1702 2383 1779 2446 sit
1804 2383 1880 2445 ab
1924 2382 2053 2464 ipsa
2137 2386 2376 2461 νάμεως.

402 2470 892 2550 supraessentiali
904 2471 1194 2555 potentia.

1988 2636 2058 2715 ’δ
2102 2635 2202 2700 IV.

482 2788 569 2853 Ex
628 2798 757 2874 ipsa
804 2804 942 2859 sunt
975 2795 1300 2861 deiformes
1320 2799 1733 2878 angelicorum
1768 2796 2046 2861 ordinum

2216 2798 2302 2864 Ἐξ
2336 2799 2500 2870 αὐτῆς
2548 2801 2679 2856 εἰσιν
2716 2801 2769 2858 αἱ
2800 2797 3053 2863 θεοειδεῖς
3102 2799 3212 2855 τῶν
3240 2796 3544 2877 ἀγγελικῶν
3604 2795 3803 2853 διακό-

397 2881 678 2965 potentiae
734 2903 858 2962 ;ex
915 2886 1046 2967 ipsa
1097 2906 1340 2967 quoque
1396 2887 1618 2950 habent
1671 2896 1891 2951 statum
1928 2887 2048 2949 im-

2136 2911 2283 2964 σμων
2314 2887 2586 2966 δυνάμεις·
2640 2887 2693 2956 ἐξ
2745 2891 2912 2957 αὐτῆς
2969 2889 3149 2947 καὶτὸ
3193 2900 3337 2945 εῖναι
3394 2886 3804 2963 ἀμεταπτώτως

394 2975 767 3052 mutabilem,
802 2995 912 3039 nec
943 2996 1064 3039 non
1094 2995 1306 3040 omnes
1335 2996 1473 3041 suas
1499 2977 1800 3059 spiritales
1833 2988 1897 3040 et
1925 2983 2045 3039 im-

396 3066 678 3129 mortales
691 3086 762 3129 ac
784 3075 1102 3147 perpetuas
1113 3068 1752 3149 motiones,ipsamque
1772 3075 2049 3129 constan-

2136 3070 2483 3147 ἀεικινησίας,
2530 3069 2618 3125 καὶ
2680 3074 2740 3125 τὸ
2790 3067 3015 3147 ἀῤῥεπές
3077 3070 3229 3148 αὗτὸ,
3273 3067 3362 3124 καὶ
3409 3064 3518 3133 τὴν
3576 3063 3800 3122 ἀνελᾶτ-

398 3153 537 3214 tiam
572 3154 833 3236 bonique
863 3156 1322 3239 appetitum,qui
1354 3156 1539 3221 minui
1574 3176 1691 3219 non
1725 3158 1936 3239 possit,
1968 3156 2042 3219 ab

2136 3180 2297 3215 τωτον
2356 3156 2533 3238 ἔφεσιν
2587 3164 2686 3216 τκῦ
2725 3159 2951 3238 ἀγαθοῦ,
2988 3158 3123 3237 πρὸς
3179 3161 3281 3225 τῆς
3336 3155 3704 3234 ἀπειραγᾶθου
3753 3149 3803 3195 ³9

394 3242 711 3306 immensa;
738 3246 1018 3310 bonitatis
1047 3247 1312 3328 potentia
1326 3258 1711 3328 receperunt,
1736 3250 1907 3328 cujus
1927 3265 2049 3309 mu-

2136 3247 2406 3322 δυνάμεως
2467 3246 2773 3329 εἰλήφασιν,
2822 3251 2986 3316 αὐτῆς
3018 3246 3255 3328 ἐφιείσης
3301 3248 3484 3311 αὺτοῖς
3524 3247 3590 3303 τὸ
3648 3242 3801 3301 δύνα-

393 3350 540 3396 nere
568 3333 958 3410 habent,utet
982 3337 1208 3417 possint
1242 3346 1300 3400 et
1324 3345 1445 3401 sint
1474 3342 1600 3401 haec
1627 3339 2049 3420 ipsa,semper-

2136 3343 2253 3395 σθαι
2311 3338 2398 3394 καὶ
2439 3340 2499 3395 τὸ
2539 3338 2684 3395 εἶναι
2739 3348 2923 3412 ταῦτα,
2956 3339 3046 3396 καὶ
3099 3336 3330 3417 ἐφίεσθαι
3385 3335 3469 3393 ἀεὶ
3511 3336 3686 3412 εἶναι,
3718 3335 3804 3391 καί

396 3441 513 3505 que
542 3441 677 3487 esse
696 3425 1139 3509 desiderent,et
1169 3427 1226 3490 id
1260 3430 1459 3510 ipsum
1495 3446 1675 3508 posse
1703 3428 2049 3494 desiderare

2137 3429 2260 3486 αὐτὸ
2291 3429 2350 3485 τὸ
2377 3426 2618 3486 δύνασθαι
2649 3427 2880 3508 ἐφίεσθαι
2913 3435 3006 3487 τοῦ
3035 3427 3115 3486 ἀεὶ
3148 3424 3418 3485 δύνασθαι“

394 3530 637 3596 semper
677 3515 930 3597 possint.

2016 3652 2159 3732 5v.

2204 3814 2413 3893 Πρόεισι
2456 3811 2510 3870 δὲ
2560 3815 2625 3871 τὰ
2683 3819 2782 3883 τῆς
2834 3813 3179 3871 ἀνεκλείπτου
3240 3812 3511 3888 δυνάμεως
3555 3815 3650 3871 καὶ
3721 3815 3801 3877 τίς

2123 3903 2451 3983 ἀνθρώπους,
2507 3906 2595 3961 καὶ
2648 3909 2782 3978 ζῶα,
2844 3905 2931 3961 καὶ
2990 3903 3148 3984 φυτὰ,
3183 3907 3283 3961 καὶ
3344 3902 3447 3970 τὴν
3507 3902 3649 3971 ὅλην
3707 3914 3797 3962 τοῦ

2122 3997 2318 4059 παντὸς
2377 3995 2551 4075 φύςιψ
2616 3996 2703 4051 καὶ
2764 3993 2993 4069 δυναμοτ
3044 3994 3109 4051 τὰ
3178 3992 3426 4069 ἡνωμένα
3500 3995 3641 4072 πρὸς
3697 3996 3797 4063 τήν

2122 4082 2372 4153 ἀλλήλων
2431 4083 2613 4158 ψιλίαν
2670 4085 2756 4142 καὶ
2813 4084 3119 4159 κοινωνίαν,
3152 4084 3240 4140 καὶ
3296 4084 3361 4140 τὰ
3418 4079 3801 4160 διακεκριμένα

390 4190 461 4235 ac
479 4176 1051 4257 communionem,et
1076 4195 1209 4258 qua;
1233 4176 1511 4239 distincta
1529 4185 1686 4247 sunt,
1722 4186 1783 4236 ut
1814 4193 2035 4238 secun-

2136 4176 2252 4251 πρὸς
2306 4175 2364 4229 τὸ
2397 4173 2537 4231 εἶναι
2567 4175 2704 4231 κατὰ
2748 4176 2839 4231 τὸν
2870 4175 3072 4231 οίκεῐον
3102 4173 3302 4231 ἕκαστα
3360 4170 3523 4251 λόγον
3555 4174 3644 4229 καὶ
3674 4174 3798 4247 δρον

392 4263 530 4325 dum
556 4283 722 4328 suam
754 4285 1004 4348 quaeque
1046 4266 1337 4329 rationem
1371 4284 1440 4329 ac
1471 4264 1884 4328 deﬁnitionem
1917 4264 2037 4326 im-

2136 4265 2403 4344 ὶσύιαυτα
2457 4265 2548 4320 καί
2602 4265 2937 4345 ἀσύμφυρτα⁶
2986 4265 3073 4322 καὶ
3131 4265 3226 4329 τὰς
3284 4270 3375 4320 τοῦ
3434 4264 3636 4329 παντὸς
3694 4263 3796 4319 τά·-

392 4360 675 4436 permista
704 4374 945 4438 quoque
968 4364 1026 4418 et
1055 4356 1363 4420 inconfusa
1385 4355 1709 4417 consistant
1736 4376 1752 4429 ;
1780 4372 1891 4417 nec
1921 4370 2040 4415 non

2136 4353 2226 4419 Ξεις
2279 4354 2369 4410 καὶ
2397 4353 2748 4429 εὖθυμοσύνας
2798 4353 2862 4403 ιϐ
2893 4355 2965 4417 είς
3010 4356 3070 4411 τὸ
3102 4356 3305 4411 οἰκεῖον
3358 4352 3557 4430 ἀγαθὸν
3588 4351 3795 4411 διασώ-

386 4444 654 4509 universi
686 4446 859 4527 hujus
888 4445 1133 4508 ordines
1146 4463 1213 4507 ac
1238 4444 1603 4508 directiones
1632 4444 1693 4505 in
1727 4443 1882 4505 hono
1896 4460 2040 4523 pro-

2136 4452 2201 4514 ζει
2264 4444 2349 4500 καὶ
2398 4444 2492 4507 τὰς
2554 4444 2843 4510 ὰθανάτους
2876 4450 2981 4501 τῶν
3040 4442 3344 4523 ἀγγελικῶν
3396 4439 3597 4499 ἐνάδων
3652 4443 3791 4513 ζωὰς

386 4537 518 4619 prio
539 4545 871 4611 conservat,
895 4546 1073 4618 atque
1095 4536 1463 4599 immortales
1484 4533 1883 4615 angelicarum
1906 4531 2040 4595 uni-

2136 4532 2435 4603 ὶλωϐήτους
2490 4530 2852 4615 διαφυλᾶττει,
2915 4536 3003 4591 καὶ
3054 4534 3150 4599 τὰς
3212 4533 3478 4613 οὐρανίας,
3523 4533 3617 4589 καὶ
3676 4554 3794 4611 φω-

388 4608 571 4689 tatum
601 4626 749 4689 vitas
789 4608 1186 4703 inviolabiles,
1244 4634 1302 4689 et
1344 4608 1676 4688 ccelestivum
1741 4622 2035 4686 luminum

2136 4623 2399 4702 ττηρικὰς,
2434 4623 2523 4679 καὶ
2575 4608 2849 4703 ἀστρῴους
2878 4623 3077 4700 οὐσίας,
3111 4623 3201 4680 καὶ
3258 4608 3430 4688 τάξεις
3482 4608 3792 4679 ἀναλλοιώ-

387 4716 531 4779 475
559 4715 947 4800 siderumque
977 4716 1338 4781 substantias
1366 4725 1546 4798 atque
1566 4716 1811 4778 ordines
1842 4721 2039 4777 servat

2136 4733 2265 4787 τους,
2310 4712 2398 4769 καὶ
2449 4714 2541 4769 τὸν
2592 4714 2757 4770 αἰῶνα
2817 4713 3067 4770 δύνασθαι
3110 4713 3254 4770 εἶναι
3314 4724 3492 4769 ποιεῖ’
3545 4712 3638 4769 καὶ
3695 4711 3789 4776 τὰς

386 4806 814 4884 immutabiles,
842 4799 1180 4888 saeculaque
1209 4815 1273 4870 ut
1294 4824 1430 4870 esse
1462 4804 1691 4888 possint
1724 4804 2036 4885 indulget;

2136 4809 2213 4861 τοῦ
2254 4804 2450 4884 χρόνου
2504 4802 2816 4881 περιελίξεις
2877 4800 3128 4883 διακρίνει
3190 4802 3289 4879 μὲν
3333 4814 3459 4867 ταῖς
3511 4799 3788 4883 προόδοις,

389 4905 725 4980 temporum
760 4915 997 4980 quoque
1017 4896 1586 4960 circumvolutiones
1620 4893 2039 4976 pregressibus

2136 4892 2333 4971 τυνάγει
2384 4890 2439 4949 δὲ
2482 4906 2606 4956 ταῖς
2665 4891 3157 4953 ἀποκαταστάσεσϋ
3193 4893 3282 4949 καὶ
3340 4892 3435 4958 τὰς
3489 4893 3584 4948 to")
3624 4892 3789 4971 πυρὸς

387 4978 629 5071 quidem
662 4978 995 5069 distinguit,
1014 4986 1311 5049 reditibus
1336 5004 1476 5049 vero
1506 4983 1765 5063 colligit;
1792 4994 1853 5047 et
1883 4982 2039 5064 ignis

2136 4983 2368 5059 Ξυνάμεις
2424 4979 2710 5048 ἀσϐέστους
2743 4995 2917 5063 ποιεῖ,
2952 4984 3040 5040 καί
3092 4982 3186 5045 τὰς
3241 4986 3338 5040 τσῦ
3383 4978 3576 5045 ὕδατος
3632 4978 3786 5060 ἒπιῤ-

388 5070 544 5141 vires
571 5076 958 5141 inexstinctas
989 5075 1264 5149 facit,nec
1296 5093 1416 5138 non
1448 5092 1621 5155 aqum
1651 5074 1876 5135 ﬂuenta
1906 5089 2037 5155 pcr-

2136 5074 2242 5139 ioc‘zc
2295 5072 2693 5153 ἀνεκλείπτους,
2742 5076 2829 5131 καὶ
2884 5074 2984 5142 τὴν
3044 5073 3224 5152 ἀερίαν
3260 5070 3424 5152 χύσιν
3482 5071 3667 5151 ὁρίζει,
3701 5070 3787 5126 καὶ

388 5168 570 5231 ennia
603 5190 620 5241 ;
654 5167 875 5231 aeriam
922 5184 1160 5249 quoque
1190 5166 1484 5228 fusionem
1520 5163 1826 5239 terminat,
1860 5169 2037 5244 atque

2136 5164 2217 5232 εὴν
2248 5167 2349 5242 γῆν
2403 5160 2722 5226 ἐπτόὗδενὸς
2780 5161 2963 5244 ἱδρύει,
3000 5162 3090 5220 καὶ
3117 5161 3213 5226 τάς
3271 5160 3570 5239 ζωογόνους
3621 5159 3785 5227 αὐτῆς

390 5254 612 5321 terram
645 5275 825 5339 supra
846 5248 1100 5318 nihilum
1125 5256 1593 5338 ﬁrmat,ejusque
1621 5252 1885 5316 vivificos
1910 5267 2037 5334 par-

2136 5251 2319 5318 δδϊνας
2368 5251 2709 5332 ἀδιαφθόρους
2741 5254 2990 5334 φυλάττει
3043 5250 3122 5303 δί’
3157 5253 3243 5310 καὶ
3280 5250 3375 5314 τὴν
3410 5250 3468 5307 ἐν
3524 5248 3780 5339 ἀλλήλοις

390 5354 487 5412 tus
515 5338 1008 5429 incorrupttbiles
1039 5344 1319 5423 custodit;
1344 5346 1487 5427 quin
1509 5351 1569 5407 et
1598 5341 2037 5406 elementorum

2136 5344 2229 5401 τῶν
2282 5343 2569 5423 στοιχείων
2626 5342 2883 5423 ἁρμονίαν
2928 5344 3018 5401 καὶ
3092 5347 3271 5421 κρῦσιν
3326 5340 3631 5422 ἆσύγχυτον
3699 5338 3782 5396 καὶ

1718 5505 1820 5567 VA
1832 5503 1990 5567 BHE
2033 5499 2446 5569 LECTIONES

472 5666 527 5713 ³⁷
553 5669 920 5753 ἀηχῆματπ,
952 5668 1019 5735 Ρ.
1104 5667 1161 5713 ⁸⁸
1190 5671 1308 5728 οὔτε
1336 5668 1538 5747 ὅρασις,
1570 5662 1635 5728 Ρ.
1720 5661 1776 5709 ³9
1803 5665 2245 5746 ἀπειροδυνάμου.
2328 5662 2394 5717 ω
2420 5663 2807 5746 εὒθημοσύνας,
2842 5667 2909 5732 P.
2991 5664 3046 5717 41
3078 5662 3446 5746 διαφυλάττει,
3483 5660 3547 5726 S.
3580 5659 3651 5727 P-

474 3812 657 3877 Porro
708 3813 1104 3876 indeiicientis
1149 3814 1319 3878 istius
1376 3816 1654 3897 potentiae
1689 3833 1937 3877 munera
1978 3815 2038 3876 in

393 3901 671 3965 homines
729 3923 966 3987 quoque
1017 3906 1346 3980 dimanant,
1424 3916 1483 3969 et
1539 3909 1597 3969 in
1659 3904 1939 3968 animalia
1982 3913 2041 3966 et

395 3993 643 4073 plantas.
682 4001 989 4074 totamque
1026 4005 1296 4059 naturam
1344 3995 1609 4059 universi
1642 4016 1662 4067 ;
1697 3994 2041 4058 corroborat

393 4082 555 4144 enim
586 4082 706 4159 illa,
743 4103 873 4166 quae
899 4087 1059 4149 unita
1098 4094 1256 4162 sunt,
1293 4087 1367 4149 ad
1419 4094 1679 4149 mutuam
1712 4085 2035 4148 amicitiam

232 6030 439 6235 Χ

2131 2977 2344 3059 ἔχουσι,
2377 2981 2465 3037 καὶ
2522 2981 2695 3045 πάσας
2748 2980 2922 3035 αὸτῶν
2976 2978 3071 3042 τὰς
3132 2979 3317 3057 νοερὰς
3367 2979 3457 3035 καὶ
3515 2976 3804 3040 ἀθανάτους
3904 3051 3910 3057 .
