4052 6470
291 317 417 389 893

1310 317 1412 382 DE
1454 314 1752 382 DIVINIS
1791 314 2244 396 NOMINIBUS,
2291 316 2456 380 CAP.
2506 317 2672 384 VIII.

3563 314 3681 385 894

287 457 590 540 ἀδιαίρετον
644 455 934 530 ἀποσώζει,
994 456 1082 514 καὶ
1138 454 1238 524 τὴν
1309 459 1496 536 ψυχῆς
1558 455 1645 512 καὶ
1703 453 1939 529 σώματος

2033 451 2193 514 inter
2248 469 2312 514 se
2360 451 2811 530 congruentiam
2843 460 3020 537 atque
3073 452 3428 537 temperiem
3463 450 3678 520 incon-

282 551 532 611 σύνδεσιν
561 551 802 632 συνέχει,
841 550 930 608 καὶ
987 549 1083 615 τὰς
1142 555 1251 606 τῶν
1304 548 1481 629 φυτῶν
1537 547 1819 627 θρεπτικὰς
1861 547 1939 603 καῖ

2033 543 2224 604 fusam
2250 552 2307 604 et
2327 543 2640 606 indivisam
2664 556 3072 626 servat,atque
3085 548 3300 610 animae
3323 556 3382 612 et
3407 547 3680 628 corporis

276 642 575 710 αὖξητικὰς
619 640 866 717 δυνάμεις
928 639 1172 696 ἀνακινεῖ
1208 657 1224 674 ⁸
1257 640 1343 697 καὶ
1400 637 1678 717 διακρατεῖ
1723 637 1822 692 τὰσ
1853 637 1945 692 οὕ-

272 731 496 796 σιώδεις
524 738 630 789 τῶν
685 728 825 787 ὅλων
857 728 1130 808 δυνάμεις,
1173 729 1260 785 καὶ
1291 729 1391 797 τὴν
1421 735 1513 786 τοῦ
1544 728 1743 789 παντὸς
1789 722 1945 781 ἀδιά-

271 820 442 882 λυτον
472 823 642 898 μονὴν
700 819 760 870 49
828 818 1194 900 ἀσφαλίζεται,
1245 820 1334 876 καὶ
1389 819 1486 886 τὴν
1542 816 1729 874 θέωσιν
1782 815 1944 883 αὒτήν

271 910 559 991 δωρεῖται,
621 909 838 986 δύναμιν
908 911 979 974 είς
1038 912 1195 967 τοῦτο
1253 907 1616 984 ἐπιθεωμένοις
1670 906 1732 955 45
1802 927 1947 982 παρο

273 1003 491 1082 ἐχουσα
553 1021 564 1035 ·
621 1002 711 1058 καὶ
758 999 896 1063 ὅλως
958 996 1105 1056 οὒδὲν
1166 998 1276 1055 ἐστι
1327 998 1560 1056 καθόλου
1619 1003 1724 1054 τῶν
1754 998 1941 1073 ὄντων,

271 1093 385 1159 τὴν
450 1091 875 1169 παγκρατορικῆν
928 1087 992 1138 44
1050 1087 1344 1168 ἀσφάλειαν
1398 1089 1486 1144 καὶ
1540 1088 1804 1166 περιοχήν
1847 1084 1944 1152 τῆς

273 1185 428 1247 θείας
485 1179 756 1256 δύνάμεως
818 1178 1184 1259 ἀφῃρημένον,
1241 1180 1311 1236 Τὸ
1358 1180 1456 1256 γὰρ
1515 1176 1742 1233 καθόλου
1773 1173 1943 1241 μηδε·

276 1273 412 1346 μίαν
445 1269 661 1344 δύναμιν
692 1269 824 1349 ἕλον
853 1269 967 1326 οὔτε
994 1267 1155 1342 ἐστίν,
1197 1268 1314 1325 οὔτε
1369 1269 1418 1323 τί
1470 1268 1632 1338 ἐστι),
1684 1263 1798 1322 οὔτε
1835 1264 1945 1321 ἐστί

272 1381 363 1426 τις
395 1361 550 1420 αὺτοῦ
577 1361 852 1422 παντελῶς
878 1357 1040 1423 θέσις,

2033 651 2254 694 nexum
2287 633 2980 718 continet,stirpiumque
3001 639 3238 701 altrices
3261 639 3673 719 auctricesque

2031 725 2188 784 vires
2211 725 2461 788 suscitat
2486 745 2501 802 ;
2531 746 2637 789 nec
2663 747 2780 790 non
2805 729 3154 792 essentiales
3177 748 3380 791 rerum
3406 731 3670 791 omnium

2029 811 2336 875 facultates
2375 825 2434 877 et
2459 816 2932 880 indissolubilem
2965 819 3144 880 totius
3189 819 3449 881 universi
3482 827 3678 880 tuetur

2034 903 2424 977 mansionem,
2457 905 2600 982 quin
2655 915 2712 968 et
2737 909 2926 988 ipsam
2970 927 3212 990 quoque
3234 907 3676 969 deiﬁcationem

2032 999 2358 1071 prmstat,et
2379 994 2626 1057 virtutes
2650 997 2725 1058 ad
2756 1016 2884 1059 eam
2920 999 3240 1080 requisitas
3268 998 3343 1060 iis
3372 999 3473 1078 qui
3501 998 3671 1060 deifi-

2029 1082 2203 1144 candi
2226 1092 2360 1144 sunt
2382 1084 2900 1167 prmbet;denique
2923 1088 3068 1150 nihil
3103 1097 3192 1150 est
3217 1095 3273 1149 in
3299 1089 3670 1160 universum,

2030 1171 2190 1248 quod
2216 1173 2643 1253 omnipotentis
2669 1177 2848 1239 tutela
2874 1186 2933 1241 et
2979 1178 3434 1241 conversatione
3457 1177 3675 1240 divinae

2029 1262 2306 1340 potentiae
2340 1265 2625 1342 privatum
2651 1267 2934 1340 sit.Quod
2960 1267 3122 1330 enim
3149 1269 3424 1330 universe
3448 1267 3671 1329 nullam

2027 1350 2205 1412 habet
2235 1360 2608 1436 potestatem,
2643 1376 2753 1418 nec
2787 1365 2896 1432 est,
2934 1377 3042 1420 nec
3073 1358 3401 1441 quidquam
3437 1367 3671 1441 est,nec

2026 1449 2119 1502 est
2160 1441 2428 1505 funditus
2461 1444 2618 1530 ullus
2651 1448 2782 1528 ejus
2818 1448 2987 1511 situs.

1878 1604 1909 1686 δ
1961 1603 2064 1667 VI.

362 1777 549 1834 Καίτοι
592 1771 754 1853 φησὶ)
811 1769 1044 1846 Ἐλύμας
1089 1772 1118 1827 6
1177 1772 1371 1849 μάγος·
1434 1775 1490 1831 Εἰ
1548 1768 1939 1846 παντδδύναμός

2108 1766 2311 1849 Atqui,
2344 1768 2538 1850 inquit
2567 1768 2800 1852 Elymas
2829 1789 3040 1852 magus
3097 1791 3112 1833 :

273 1863 425 1921 ἔστιν
456 1866 485 1922 6
517 1863 672 1942 Θεὸς,
718 1869 832 1926 πῶς
879 1861 1093 1939 λέγεται
1151 1885 1201 1918 τι
1249 1863 1325 1937 μὴ
1385 1859 1628 1920 δύνασθαι
1687 1861 1820 1940 πρὸς
1853 1866 1944 1916 τοῦ

269 1943 399 2010 καθ’
429 1943 566 2026 ὑμᾶς
608 1950 860 2029 θεολόγου
895 1969 910 2025 ;
946 1948 1276 2026 Λοιδορεῖται
1335 1949 1389 2006 δὲ
1445 1957 1521 2024 τῷ
1571 1951 1695 2025 θείῳ
1755 1947 1946 2021 Παύλῳ

895 2000 910 2025 ν

271 2044 534 2125 φήσαντι,
595 2045 673 2119 μὴ
732 2040 971 2098 δύνασθαι
1037 2042 1126 2098 τὸν
1171 2044 1300 2098 Θεὸν
1362 2043 1548 2098 ἑαυτὸν
1592 2039 1939 2118 ἀρνήσασθαι,

274 2135 500 2214 Προθεὶς
527 2133 592 2184 45
632 2131 688 2188 δὲ
718 2134 895 2210 τοῦτο,
930 2131 1046 2188 λίαν
1104 2131 1318 2210 όρῤωδῶ
1387 2131 1468 2207 μὴ
1512 2133 1599 2188 καὶ
1631 2131 1808 2192 ἀνοίας
1843 2130 1941 2206 ὀφ-

273 2223 436 2294 λήσω
491 2221 726 2302 γέλωτα,
772 2219 969 2278 παίδων
1037 2221 1331 2300 ἆθυρόντων
1397 2219 1801 2296 οἰκοδομήματα
1856 2221 1942 2275 καὶ

275 2314 367 2372 ἐπὶ
401 2314 627 2390 ψάμμου
657 2313 746 2368 καὶ
775 2311 971 2379 ἀσθενῆ
1018 2311 1296 2368 καταλύειν
1356 2310 1417 2360 46
1485 2311 1800 2390 ἐπιχειρῶν,
1858 2310 1943 2366 καὶ

276 2404 463 2483 ὣσπερ
530 2408 673 2466 τινος
783 2402 1064 2481 ἀνεφίκτοῦ
1150 2409 1350 2458 σκοποῦ
1443 2402 1943 2479 καταστοχάζεσθαι

277 2492 517 2552 σπεύδων
565 2498 662 2570 τῇς
712 2490 829 2570 περὶ
881 2492 1068 2548 τούτου
1100 2490 1436 2570 ’θεολογικῆς
1481 2490 1734 2554 διανοίας·
1774 2492 1804 2558 ἡ
1838 2492 1936 2569 γὰρ

275 2585 300 2641 ἑ
445 2581 552 2604 ””
799 2581 836 2614 ”·
1127 2580 1303 2638 ’λθέ
1415 2579 1936 2636 ’ί·“““’λ-

308 2605 470 2643 αυτου
520 2604 739 2662 αρνησις
799 2603 1064 2646 εκπτωσις
1118 2603 1148 2637 α
1189 2605 1223 2648 η
1260 2604 1367 2644 ..ιας
1412 2603 1553 2637 εστ.ν
1649 2605 1682 2648 η
1709 2597 1762 2637 οε
1793 2603 1824 2636 α
1863 2582 1898 2650 vi

266 2679 387 2733 θεια
418 2675 478 2730 ὃν
509 2673 643 2746 ἐστι,
705 2673 791 2729 καὶ
823 2671 858 2739 ἡ
919 2677 1016 2739 τῆς
1051 2670 1298 2738 ἀληθείας
1344 2669 1616 2737 ἔκπτωσις
1663 2676 1754 2728 τοῦ
1784 2670 1935 2734 ὄντος

267 2765 566 2826 ἔκπτωσις.
603 2764 661 2822 Εἰ
710 2764 879 2819 τοίνυν
911 2763 943 2830 ἡ
976 2760 1196 2828 ἀλήθεια
1248 2760 1305 2817 ὅν
1335 2761 1500 2842 ἐστιν,
1531 2764 1566 2830 ἡ
1608 2759 1662 2817 δὲ
1717 2761 1935 2842 ἂρνήσις

266 2856 368 2924 τῆς
397 2854 648 2925 ἀληθείας
693 2859 783 2909 τοῦ
827 2852 976 2915 ὄντος
1030 2851 1318 2925 ἔκπτωσις,
1380 2853 1440 2908 ἐκ
1482 2858 1576 2910 τοῦ
1631 2853 1780 2915 ὃντος
1840 2853 1935 2908 ἐκ·-

267 2960 460 3003 πεσεῖν
501 2947 527 3002 6
560 2945 689 3007 Θεὸς
723 2944 782 3000 οὗ
830 2940 1065 3021 δύναται,
1102 2943 1189 2998 καὶ
1221 2943 1280 2998 τὸ
1313 2942 1390 3018 μὴ
1450 2955 1588 2998 εῖναι
1644 2941 1739 2997 οὒκ
1769 2941 1933 3020 ἔστιν³

3172 1772 3235 1836 Si
3291 1776 3672 1855 omnipotens

2029 1865 2118 1918 est
2148 1857 2328 1933 Deus,
2362 1859 2662 1938 quomodo
2689 1879 2724 1923 a
2754 1862 3027 1941 theologo
3080 1871 3270 1926 vestro
3297 1865 3518 1945 aliquid
3552 1885 3671 1929 non

2030 1965 2203 2028 posse
2237 1948 2455 2011 dicitur
2484 1948 2508 2013 ?
2542 1951 2853 2014 Insimulat
2876 1961 3074 2015 autem
3109 1954 3372 2016 divinum
3398 1956 3668 2032 Paulum,

2027 2036 2346 2110 dicentem,
2372 2057 2490 2099 non
2524 2058 2699 2119 posse
2730 2043 2920 2104 Deum
2954 2044 3344 2124 semetipsum
3373 2057 3616 2124 negarec
3653 2095 3666 2109 .

2027 2127 2149 2188 Hoc
2170 2135 2365 2190 autem
2390 2127 2532 2190 dum
2560 2133 3250 2209 propono,vehementer
3273 2141 3579 2213 metuo,ne
3609 2144 3677 2198 ut

2026 2235 2234 2278 amens
2257 2217 2481 2289 videar,
2508 2220 2609 2299 qui
2635 2220 2969 2283 ludentium
2994 2241 3316 2304 puerorum
3341 2231 3673 2287 structuras

2027 2323 2346 2369 arenaceas
2377 2316 2437 2369 et
2495 2310 2760 2372 inﬁrmas
2813 2320 3084 2374 evertere
3117 2312 3349 2393 moliar,
3385 2325 3566 2395 atque
3595 2315 3670 2377 ad

2026 2395 2635 2479 bujuslociscopum,
2664 2407 2945 2479 tanquam
2992 2401 3096 2484 qui
3147 2401 3355 2482 attingi
3386 2414 3666 2484 nequeat,

2023 2486 2192 2567 quasi
2205 2486 2561 2549 collimando
2580 2489 2853 2552 connitar
2867 2509 3111 2554 sensum
3127 2493 3180 2572 ej
3190 2511 3256 2556 us
3270 2493 3672 2572 theologicum

2020 2576 2311 2656 attingere
2330 2577 2627 2658 siquidem
2650 2580 2744 2641 sui
2769 2581 2956 2661 ipsius
2981 2581 3340 2661 negatio,est
3357 2601 3390 2644 a
3419 2584 3669 2647 veritate

2023 2667 2322 2747 prolapsio
2348 2686 2362 2744 ;
2386 2667 2606 2731 veritas
2628 2679 2829 2732 autem
2853 2679 2946 2735 est
2965 2672 3022 2734 id
3053 2672 3212 2754 quod
3235 2680 3326 2734 est
3354 2693 3370 2750 ;
3421 2681 3480 2735 et
3499 2693 3534 2736 a
3567 2693 3670 2737 ve-

2020 2757 2198 2821 ritate
2220 2757 2500 2835 defectio,
2537 2768 2629 2822 est
2648 2759 2722 2822 ab
2744 2761 2984 2823 essendi
3010 2769 3166 2824 statu
3189 2761 3530 2826 dimotio.Si
3560 2765 3666 2828 ita-

2021 2865 2135 2927 que
2161 2849 2378 2910 veritas
2399 2857 2488 2910 est
2509 2849 2571 2909 id
2592 2849 2750 2930 quod
2770 2851 3124 2932 est,negatio
3141 2859 3339 2914 autem
3365 2854 3663 2933 veritatis,

2021 2946 2114 2998 est
2137 2937 2210 2999 ab
2234 2938 2472 3000 essendi
2496 2948 2648 3001 statu
2674 2940 2995 3022 prolapsio,
3027 2943 3233 3023 utique
3255 2943 3494 3006 essendi
3517 2952 3669 3008 statu

265 3037 343 3101 ὡς
399 3035 461 3091 ἄν
519 3056 599 3098 τις
659 3034 812 3113 φαίη,
868 3032 928 3088 τὸ
989 3029 1337 3106 μὴδύνασθαι
1391 3035 1450 3089 οὗ
1478 3029 1715 3105 δύναται,
1755 3034 1934 3088 καὶτὸ

2024 3028 2293 3091 frustrari
2315 3029 2473 3092 Deus
2499 3030 2934 3114 uequit,neque
2968 3042 3163 3112 potest
3188 3049 3302 3095 non
3325 3051 3492 3110 esse;
3521 3055 3588 3098 ac
3616 3039 3668 3099 si

264 3129 350 3203 μὴ
397 3124 584 3182 εἰδέναι
634 3123 770 3178 κατὰ
814 3121 1062 3198 στέρησιν
1122 3123 1215 3176 ὡκ
1275 3120 1444 3184 οἶδεν,
1473 3119 1652 3178 ’Ὀπεε
1713 3123 1741 3178 6
1771 3124 1930 3202 σοφὸς

2024 3119 2152 3200 quis
2175 3119 2352 3190 dicat,
2378 3139 2496 3182 non
2527 3130 2724 3201 potest
2747 3141 2863 3183 non
2893 3140 3093 3203 posse,
3131 3131 3188 3184 et
3213 3125 3446 3187 nescire
3481 3127 3670 3188 nescit

266 3218 370 3274 οὐκ
421 3214 700 3292 ἐννοήσας,
761 3224 1009 3288 μιμεῖται
1064 3213 1180 3275 τοῦς
1238 3217 1342 3267 τῶν
1371 3209 1616 3276 ἀθλητῶν
1663 3210 1939 3288 ἀπειρονὶ-

2027 3228 2134 3291 per
2167 3210 2585 3288 privationem.
2619 3214 2743 3273 Hoc
2772 3212 3011 3292 sapiens
3039 3212 3141 3277 ille
3174 3232 3295 3274 non
3323 3214 3670 3295 intelligens

265 3329 395 3371 κας,
433 3303 514 3378 οἴ,
560 3301 825 3364 πολλάκις
873 3300 1113 3365 ἀσθενεῖς
1173 3314 1312 3357 εῖναι
1371 3300 1492 3362 τοὺς
1544 3301 1939 3378 ἀνταγωνιστὰς

2024 3300 2277 3362 athletas
2299 3299 2610 3381 imperitos
2634 3302 3032 3384 imitatur,qui
3054 3321 3469 3384 saepenumero
3487 3306 3676 3370 imbe-

266 3393 612 3468 δποθὲμενοι,
646 3391 784 3448 κατὰ
847 3393 908 3446 τὸ
966 3389 1151 3447 δοκοῦν
1182 3389 1418 3468 ἑαυτοῖς,
1480 3391 1566 3446 καὶ
1601 3391 1730 3466 πρὸς
1764 3389 1938 3447 ἀπὸν-

266 3507 369 3548 τχς
401 3481 531 3527 ηυδε
565 3481 751 3542 αὐτοὺς
784 3478 1031 3558 ἀνδρείως
1083 3482 1536 3561 σκιαμαχοῦντες,
1568 3481 1656 3535 καὶ
1688 3482 1776 3538 τὸν
1812 3481 1938 3559 ἀέρα

269 3573 540 3636 διακένοις
600 3570 845 3648 πληγαῖς
916 3569 1178 3648 εὖθαρσῶς
1258 3568 1669 3641 καταπαίοντες,
1734 3569 1939 3628 οἴονται

267 3671 382 3721 τῶν
430 3660 735 3721 ἀντιπάλων
779 3659 952 3716 αὒτῶν
996 3681 1407 3739 κεκρατηκεναι,
1471 3660 1558 3714 καὶ
1631 3660 1938 3740 ἀνακηρύτ-

265 3777 453 3812 τουσιν
511 3752 752 3826 ἑαυτοὺς,
814 3748 931 3806 οὔτε
1009 3747 1202 3813 εἰδότες
1276 3750 1374 3816 τὴν
1432 3747 1645 3806 ἐκείνων
1696 3749 1934 3827 δύναμιν,

266 3842 472 3920 Ἠμεῖς
505 3841 561 3899 δὲ
591 3841 704 3900 τοῦ·
740 3837 992 3917 θεολόγου
1022 3840 1158 3896 κατά
1190 3841 1250 3896 τὸ
1284 3839 1497 3917 ἐφικτὸν
1521 3839 1936 3920 στοχαζόμενοι,

264 3935 361 3992 τὸν
410 3930 768 4010 ὓπερδύνοὶμον
830 3927 896 3978 49
941 3931 1070 3986 Θεὸν
1128 3930 1416 4004 ὑμνοῦμεν,
1481 3929 1554 3991 ὡς
1605 3929 1936 3988 παντοδύνα-

265 4049 400 4104 μον,
439 4025 512 4087 ὡς
538 4023 796 4100 μακάριον
835 4021 924 4076 καὶ
983 4020 1140 4095 μόνον
1175 4018 1456 4093 δυνὰστην,
1493 4020 1563 4084 ὡς
1619 4021 1937 4091 δεσπόζοντα

261 4115 324 4170 ἐν
356 4120 426 4191 τῇ
458 4110 732 4183 δυναστείᾳ
764 4109 920 4165 αὖτοῦ
950 4117 1042 4166 τοῦ
1073 4111 1285 4184 αἰῶνος,
1319 4110 1393 4170 ὡς
1451 4108 1574 4165 κατ’
1634 4107 1781 4165 οὐδὲν
1831 4117 1936 4167 τῶν

263 4202 440 4260 ὄντων
471 4198 860 4258 ἐκπεπτωκότα
897 4214 911 4227 ⁸
948 4196 1151 4273 μᾶλλον
1184 4197 1237 4254 δὲ
1282 4199 1369 4254 καὶ
1427 4197 1784 4279 ὑπερέχοντα,
1847 4201 1934 4257 καὶ

2025 3389 2191 3451 cilles
2211 3390 2323 3451 sibi
2345 3389 2721 3453 adversarios
2752 3398 3186 3474 proponunt,et
3217 3393 3356 3456 dum
3392 3395 3670 3459 videntur

2023 3479 2139 3543 sibi
2153 3499 2288 3542 cum
2305 3480 2655 3543 absentibus
2672 3481 2785 3544 illis
2797 3482 3033 3544 fortiter
3049 3484 3107 3544 in
3127 3484 3338 3547 umbra
3355 3485 3666 3568 dimicare,

2022 3589 2348 3650 aeremque
2377 3573 2562 3632 cassis
2583 3571 2802 3636 ictibus
2823 3581 3163 3634 constanter
3186 3574 3430 3656 feriunt,
3456 3576 3669 3639 existi-

2025 3671 2185 3723 mant
2208 3679 2271 3722 se
2295 3661 2458 3742 ipsos
2478 3661 2849 3724 adversarios
2876 3682 3015 3724 suos
3038 3681 3378 3744 superasse,
3414 3685 3668 3748 seseque

2016 3752 2141 3832 jam
2175 3752 2420 3814 victores
2446 3752 2733 3830 jactitant,
2769 3772 2903 3816 cum
2944 3753 3129 3817 robur
3160 3773 3366 3818 eorum
3400 3756 3666 3819 nondum

2023 3841 2279 3904 habeant
2307 3840 2830 3922 exploratum.Nos
2851 3853 3053 3905 autem
3095 3845 3169 3907 ad
3203 3845 3569 3925 theologum,
3603 3848 3666 3910 in

2022 3941 2306 4008 quantum
2323 3931 2454 3993 ﬁeri
2468 3931 3052 4014 potest,collimando
3067 3934 3665 3999 collaudamusDeum

2021 4030 2448 4104 prrepotentem
2478 4029 2538 4083 ut
2566 4022 3135 4105 omnipotentem,ut
3154 4026 3664 4102 beatum,solum—

2020 4131 2137 4188 que
2197 4119 2522 4193 potentem,
2571 4119 2774 4192 utpote
2835 4115 2938 4194 qui
2998 4116 3305 4195 potestatis
3359 4117 3501 4180 476
3545 4137 3667 4181 suae

2019 4203 2353 4284 principatu
2375 4201 2619 4278 ipsimet
2648 4204 2964 4265 aeternitati
2994 4205 3357 4287 dominetur,
3386 4208 3666 4290 nullaque

259 4295 577 4377 προέχοντα
620 4293 791 4354 πάντα
847 4292 915 4351 τὰ
959 4289 1086 4349 ὅντα
1142 4291 1273 4348 καθὰ
1317 4290 1535 4366 δύναμιν
1596 4293 1931 4372 ὑπερούσιον,

2024 4312 2277 4373 unquam
2309 4311 2375 4354 re
2408 4292 2721 4354 frustratus
2774 4311 2790 4370 ;
2850 4293 3140 4375 quinimo,
3179 4303 3243 4356 ut
3272 4297 3372 4377 qui
3404 4289 3666 4378 desuper

261 4390 367 4443 καὶ
401 4391 530 4442 πᾶσι
561 4383 681 4448 τοῗς
711 4381 824 4439 οὖσι
855 4383 916 4438 τὸ
974 4378 1184 4436 δύναθαι
1245 4381 1412 4456 εἶναι,
1476 4381 1561 4437 καὶ
1613 4380 1733 4437 τόδε
1790 4382 1933 4439 εἶναι

2024 4383 2233 4444 habeat
2261 4390 2318 4443 et
2342 4381 2687 4462 przehabeat
2713 4386 2912 4484 omnia
2941 4404 3070 4484 quae
3093 4385 3662 4484 secundumﬂpoten-

264 4477 408 4534 κατὰ
436 4473 740 4554 περιουσίαν
769 4468 1200 4550 ὑπερϐαλλούσης
1226 4468 1496 4546 δυνάμεως
1522 4471 1732 4550 ἀφθόνῳ
1777 4472 1931 4552 χύσει

2024 4471 2158 4535 tiam
2175 4491 2338 4534 suam
2359 4490 2467 4552 sup
2479 4473 2931 4534 raessentialem
2947 4475 3664 4558 exsistunt,omnibusque

260 4565 329 4620 50
351 4564 743 4643 δεδωρημενον.

2024 4563 2352 4642 robus,tam
2378 4571 2441 4622 ut
2472 4580 2604 4623 esse
2629 4563 3050 4644 possintquam
3075 4573 3138 4624 ut
3156 4565 3296 4640 sint,
3331 4567 3663 4630 secundum

2012 4653 2375 4715 afﬂuentiam
2413 4651 2958 4732 superabundantis
2980 4655 3287 4736 potestatis
3309 4656 3547 4736 copiosa
3563 4656 3661 4720 fu-

2011 4743 2180 4806 sione
2214 4740 2522 4822 largiatur.

1878 4903 1907 4985 §
1951 4903 2078 4970 VII.

352 5077 679 5144 Δικαιοσύνη
723 5073 777 5130 δὲ
807 5073 950 5139 αὖθις
983 5075 1010 5129 6
1043 5074 1197 5152 Θεὸς,
1235 5073 1310 5137 ὡς
1368 5077 1496 5130 πᾶσι
1530 5072 1594 5128 τὰ
1639 5070 1756 5129 κατ’
1788 5071 1933 5138 ἀξίαν

2097 5067 2144 5129 Α
2168 5065 2396 5146 justitia
2437 5073 2631 5126 autem
2685 5081 2892 5128 rursus
2952 5066 3232 5129 laudatur
3264 5068 3449 5142 Deus,
3498 5069 3656 5149 quod

264 5170 554 5246 ἀπονέμων
603 5169 874 5244 ὑμνεῖται,
949 5165 1357 5241 γαὶεῦμετρίαν,
1417 5164 1504 5219 καὶ
1548 5160 1767 5243 κάλλὸς,
1844 5155 1930 5259 καξ

2024 5157 2322 5224 omnibus.
2351 5162 2415 5217 ut
2445 5154 2847 5259 dignumnest,
2880 5157 3100 5218 tribuat
3133 5167 3193 5221 et
3226 5165 3657 5259 congruentem

261 5259 531 5336 εὐταξίαν,
564 5260 649 5315 καὶ
712 5254 1092 5334 διακόσμησιν,
1155 5254 1242 5313 καὶ
1300 5253 1474 5316 πάσας
1533 5250 1785 5329 διανομὰς
1844 5237 1930 5310 καὶ

2024 5247 2347 5324 modum,et
2369 5241 2961 5325 pulchritudinem,et
2978 5246 3660 5328 compositionemordi-

346 5438 373 5467 ο
404 5421 455 5485 ΙΙ
485 5417 643 5484 Τιω·
680 5433 748 5494 η»
788 5419 883 5481 ‘3'
1598 5491 1861 5559 VARLE
1901 5485 2343 5560 LECTIONES-

341 5635 404 5687 49
433 5635 747 5696 εὖδιάλοπον
801 5635 999 5712 μονήν,
1031 5633 1100 5698 Ρ,
1185 5630 1240 5676 ‘3
1285 5634 1402 5697 τοῖς
1446 5631 1773 5697 θεουιιένοις.
1838 5630 1903 5695 S.
1989 5629 2045 5676 44
2095 5628 2606 5707 παντοκρατορικήν,
2693 5626 2757 5682 ιδ
2794 5631 3057 5710 προσθείς,
3141 5624 3197 5673 ⁸ο
3223 5627 3533 5691 κατάλυσιν.
3581 5621 3646 5689 δ’

259 5716 394 5765 47⁸⁸⁸
421 5717 684 5784 ἃπαντας.
767 5713 822 5762 ⁸9
851 5716 979 5799 ὑπὲρ
1008 5713 1249 5794 δὸναμιν,
1285 5713 1346 5778 S.
1433 5712 1498 5764 5°
1525 5714 1745 5794 χρήσει.
2874 5713 2893 5792 Ι
