4052 6464
387 339 504 406 895
1564 338 1628 403 S.
1667 339 2009 404 DIONYSIl
2047 338 2580 404 AREOPAGITIE.
3658 336 3786 404 896

387 476 481 539 nis
505 471 1123 556 etdispositionem;et
1149 473 1426 536 omnibus
1448 470 1779 555 dispertiat,
1816 484 1879 535 et
1899 475 2025 536 sin-

2138 473 2283 540 ‘a'Eetc
2315 475 2572 555 ἀφορίζων
2616 475 2824 551 ἑκάστῳ
2870 476 3006 532 κατὰ
3047 477 3138 533 τὸν
3183 474 3347 540 ὄντως
3406 474 3532 534 ὄντα
3562 475 3781 534 δικαιό-

388 567 543 646 gulis
565 566 806 628 ordines
829 565 1518 647 praestituat,sccundum
1541 581 1736 626 veram
1760 565 2038 645 etjustis-

2138 588 2278 621 εατον
2318 567 2459 642 ὅρον,
2513 567 2600 622 καὶ
2656 573 2784 623 πᾶσι
2843 568 2940 632 τῆς
3002 567 3173 622 αὐτῶν
3235 565 3468 622 ἒκαστιυν
3503 568 3786 647 αύτοπραο

393 657 605 717 simam
641 657 1151 737 praescriptionem
1183 676 1199 733 ;
1225 665 1282 716 et
1303 654 1579 717 omnibus
1603 672 1726 716 suae
1747 655 2039 736 cujusque

2138 657 2238 735 (ἔας
2271 654 2442 721 αἴτιος
2476 657 2571 718 ὥν,
2607 657 2786 712 Πάντα
2839 656 2938 734 γὰρ
2967 657 3003 723 ἦ
3062 657 3172 714 θεία
3225 654 3527 725 δικαιοσύνη
3571 658 3786 734 τάττει,

394 746 644 808 actionis
666 755 873 808 auctor
889 745 1202 808 sit.0mnia
1222 745 1378 805 enim
1406 743 1601 804 divina
1624 743 1848 822 justitia
1877 744 2038 806 ordi-

396 845 518 912 nat,
539 844 598 898 et
618 836 994 910 determinat,
1032 834 1353 914 omniaque
1373 834 1446 895 ab
1465 835 1731 895 omnium
1766 833 2043 897 mistione

399 938 458 991 et
488 930 838 991 confusione
872 928 1058 990 libera
1089 947 1356 1008 servans,
1390 930 1603 1008 cuique
1630 927 2043 989 convenientia

398 1017 584 1080 rebus
615 1018 892 1080 omnibus
930 1018 1158 1092 tribuit,
1219 1025 1397 1099 prout
1427 1019 1718 1098 cujusque
1769 1018 2044 1094 congruit

404 1108 697 1188 dignitati.
721 1108 952 1170 Etenim
977 1109 1026 1169 si
1049 1109 1173 1170 haec
1190 1118 1352 1169 recte
1381 1107 1659 1183 dicimus,
1689 1107 1728 1168 ii
1759 1113 1860 1188 qui
1891 1108 2041 1168 divi-

402 1217 536 1260 nam
553 1201 841 1280 justitiam
864 1199 1234 1275 cavillantur,
1253 1199 1392 1260 dum
1419 1199 1666 1261 minime
1700 1198 2042 1270 advertunt,

401 1308 569 1351 suam
602 1290 713 1370 ipsi
763 1290 1115 1369 injustitiam
1161 1289 1474 1350 manifesto
1507 1289 1832 1363 damnant;
1878 1291 2047 1352 aiunt

397 1379 943 1453 enim,mortalibus
973 1379 1195 1441 debere
1217 1377 1416 1440 inesse
1440 1378 2046 1458 immortalitatem,et

393 1467 572 1530 rebus
591 1469 958 1550 imperfectis
980 1470 1436 1551 perfeCtionem,
1473 1470 1660 1549 iisque
1677 1488 1807 1550 qua;
1830 1469 2046 1549 seipsis

401 1559 965 1621 moventuraliunde
991 1570 1210 1622 motam
1237 1565 1751 1638 necessitatem,ac
1784 1556 2046 1620 mutabi-

2124 747 2210 802 καὶ
2237 747 2497 826 ὁροθετεῐ,
2533 748 2620 802 καὶ
2651 747 2821 802 πάντα
2852 745 2957 802 ἀπὸ
3007 748 3220 804 πάντων
3286 746 3454 826 ἀμιγῆ
3487 751 3572 805 καὶ
3602 749 3790 822 ἀσύμ-

2127 836 2291 914 φυρτά
2342 834 2691 909 διασῶζουσα,
2738 839 2803 893 τὰ
2834 837 3043 911 ἑκάστῳ
3073 838 3418 916 προσήκοντα
3466 844 3595 894 πᾶσι
3651 840 3786 906 τοῖς

2129 932 2240 982 οὖσι
2270 923 2524 1004 δωρεῖται
2567 929 2704 982 κατά
2747 929 2846 993 τὴν
2907 925 3113 1002 ἑκάστῳ
3168 934 3275 984 τῶν
3333 928 3500 985 ὄντων
3557 927 3792 986 ἐπιϐάλ-

2127 1015 2320 1074 λουσαν
2376 1016 2544 1082 ἅξίαν,
2609 1017 2705 1075 Καὶ
2765 1019 2808 1073 εἰ
2865 1020 3030 1074 ταῦτα
3089 1019 3252 1095 ὀρθῶς
3310 1023 3504 1097 φαμεν,
3554 1019 3668 1076 ὅσοι
3718 1027 3793 1096 τῇ

2126 1107 2236 1177 θείᾳ
2278 1104 2718 1184 διαλοιδοροῦνται
2774 1106 3105 1184 δικαιοσύνῃ,
3166 1106 3509 1165 λανθάνουσιν
3582 1113 3790 1167 ἑαυτῶν

2129 1196 2328 1253 ἀδικίαν
2385 1197 2582 1276 ἐναργῆ
2642 1199 3160 1278 κάταψηφιζόμενοι’
3215 1201 3340 1280 φασὶ
3393 1201 3492 1279 γὰρ
3552 1200 3789 1282 ὀφείλειν

2128 1287 2334 1344 ἐκεῖναι
2363 1287 2417 1338 51
2450 1289 2572 1353 τοῖς
2618 1293 2838 1356 θνητοῖς
2873 1290 2970 1356 τὴν
3014 1291 3322 1364 ἀθανασίαν,
3368 1293 3604 1356 καὶτοῖς
3651 1295 3786 1348 ἀτε-

2128 1377 2239 1432 λέσι
2267 1379 2327 1434 τὸ
2357 1378 2582 1452 τέλειον,
2611 1381 2697 1437 καὶ
2727 1380 2847 1442 τοῖς
2890 1381 3258 1450 αὖτοκινήτοις
3313 1381 3413 1448 τὴν
3471 1383 3787 1456 ἑτεροκίνη-

2128 1489 2218 1525 τον
2241 1467 2298 1518 59
2331 1468 2594 1545 ἀνάγκην,
2651 1472 2737 1525 καὶ
2786 1483 2904 1535 τοῖς
2962 1468 3284 1535 ἀλλοιωτοῖς
3328 1470 3425 1538 τὴν
3455 1472 3786 1549 ταύτότητα,

2130 1560 2216 1613 καὶ
2259 1558 2325 1614 τά
2364 1557 2741 1635 τελειοδύναμα
2798 1561 2918 1621 τοῖς
2964 1560 3224 1635 ἀσθενέσι,
3288 1563 3374 1617 καὶ
3433 1561 3583 1617 ἀίδια
3642 1564 3789 1619 εἶναι

401 1649 558 1712 libus
589 1650 1057 1725 identitatem,et
1079 1648 1483 1712 imbecillibus
1508 1649 1859 1730 perficiendi
1887 1660 2049 1730 pote-

2138 1649 2192 1704 τά
2238 1647 2495 1728 ἔγχρονα,
2544 1651 2630 1705 καὶ
2689 1647 2996 1725 ἀμετάϐολα
3053 1651 3118 1705 τά
3177 1651 3327 1729 φύσει
3385 1651 3449 1700 55
3478 1653 3788 1724 κὶνούμενα,

397 1746 636 1814 etatem,
665 1739 808 1802 item
838 1757 908 1803 ea
940 1759 1075 1822 quae
1099 1748 1482 1820 temporanea
1509 1747 1649 1801 sunt
1668 1757 1802 1802 esse
1825 1758 2042 1821 perpe-

2138 1738 2215 1794 καὶ
2271 1739 2364 1802 τὰς
2421 1738 2719 1817 ἐπικαίρους
2781 1737 2970 1808 ἡδονὰς
3028 1740 3239 1804 αἰωνίας
3297 1741 3385 1822 δι,
3429 1745 3519 1799 καί
3548 1742 3692 1806 ὅλως
3725 1746 3794 1800 τὰ

401 1842 526 1908 tua,
572 1839 630 1892 et
660 1830 1055 1894 immutabilia
1113 1851 1244 1913 quae
1298 1851 1326 1894 a
1363 1839 1572 1895 natura
1605 1842 1949 1903 moventur,
1985 1841 2048 1893 et

2138 1827 2308 1885 Ξίλλων
2368 1827 2551 1893 ἄλλοις
2601 1827 2933 1893 ἀποδιδόασι.
2972 1831 3100 1888 Δέον
3145 1830 3358 1906 εἰδέναι,
3390 1832 3488 1901 τῆν
3531 1833 3676 1890 θείαν
3707 1831 3790 1890 δι-

399 1931 819 2001 temporaneas
836 1922 1162 2003 voluptates
1190 1932 1478 1985 aeternum
1511 1923 2048 2004 perdurare,atque

2138 1920 2416 1986 καιοσὺνην
2449 1919 2501 1975 ἑν
2533 1919 2702 1993 τούτῳ
2759 1921 2927 1982 ὅντως
2977 1921 3134 1978 οὖσαν
3201 1921 3376 1991 ἀληθῆ
3420 1920 3792 2004 δικαιοσύνην,

398 2010 680 2072 universe
730 2011 830 2072 illa
882 2031 1017 2093 quae
1068 2011 1320 2074 aliorum
1377 2011 1512 2074 aliis
1543 2014 1896 2076 attribuunt.
1930 2011 2046 2074 Sed

2138 2008 2208 2065 ἔτι
2240 2016 2400 2066 πᾶσιν
2446 2010 2702 2085 ἀπονεμει
2746 2012 2813 2067 τὰ
2868 2012 3048 2068 οἱκεῖα
3097 2013 3236 2070 κατά
3266 2013 3365 2081 τὴν
3399 2013 3628 2072 suam
3682 2014 3793 2071 τῶν

402 2101 716 2163 sciendum
751 2110 864 2184 est,
900 2103 1161 2165 divinam
1191 2104 1477 2184 justitiam
1517 2104 1628 2165 hoc
1675 2103 1805 2184 ipso
1839 2120 2046 2166 revera

2138 2099 2295 2157 ὄντων
2339 2100 2506 2176 ἀξίαν,
2567 2102 2655 2158 καὶ
2697 2102 2792 2169 τὴν
2839 2102 3063 2160 ἑκάστου
3109 2103 3260 2184 φύσιν
3318 2103 3403 2161 ἑπὶ
3447 2108 3548 2172 τῆς
3593 2107 3792 2170 οἰκείας

402 2209 602 2254 veram
633 2210 767 2254 esse
789 2193 1287 2275 justitiam,quod
1312 2193 1592 2256 omnibus
1625 2212 1755 2275 quae
1772 2213 1879 2257 sua
1910 2201 2049 2254 sunt

406 2281 626 2345 tribuat
652 2301 760 2362 pro
785 2283 1000 2345 merito
1023 2284 1422 2364 singulorum,
1441 2292 1614 2365 atque
1634 2294 1907 2346 naturam
1941 2303 2054 2346 cu~

397 2373 620 2454 jusque
641 2371 701 2438 in
737 2373 951 2437 ordine
981 2375 1224 2457 proprio
1250 2375 1634 2456 potentiaque
1656 2374 1969 2437 custodiat.

2131 2189 2372 2262 διασώζει
2403 2188 2601 2256 τάξεως
2647 2193 2733 2248 καὶ
2764 2189 3061 2268 δυνάμεως.

1971 2538 2001 2617 §
2047 2531 2204 2598 VIII.

483 2698 559 2761 At
586 2698 809 2763 dixeris
839 2701 1090 2783 aliquis:
1156 2703 1287 2765 Non
1338 2709 1429 2762 est
1481 2700 1747 2781 justitiae,
1807 2699 2049 2782 permit-

409 2799 540 2852 tere
588 2791 746 2852 viros
804 2802 1042 2854 sanctos
1100 2791 1326 2854 auxilio
1359 2792 1678 2853 destitutos
1710 2810 1743 2852 a
1774 2790 2053 2872 pessimis

406 2880 744 2962 quibusque
761 2883 1248 2945 conculcari.Cui
1273 2881 1793 2962 respondendum,
1820 2880 1978 2962 quod
2000 2880 2050 2943 si

410 2970 650 3051 quidem
676 2971 940 3052 illi,quos
967 2973 1235 3054 appellas
1257 2982 1519 3044 sanctos,
1536 2981 1775 3033 terrena
1798 2969 2054 3050 diligunt

410 3078 543 3142 quae
559 3061 632 3120 ab
657 3062 1021 3123 amatoribus
1048 3080 1246 3124 rerum
1267 3061 1666 3123 materialium
1684 3060 2049 3144 ambiuntur,

407 3148 499 3208 vel
523 3151 635 3210 hoc
651 3149 780 3230 ipso
793 3152 915 3230 jam
938 3171 971 3212 a
989 3151 1189 3212 divino
1204 3169 1408 3212 amore
1425 3151 1661 3229 penitus
1677 3150 2051 3214 exciderunt.

2216 2693 2364 2752 Ἀλλ’
2396 2693 2542 2751 εἴποι
2588 2693 2650 2751 ἀν
2685 2716 2786 2760 τις.
2843 2697 2951 2754 Οὔκ
3008 2696 3119 2752 ἔστι
3177 2695 3538 2771 δικαιοσύνης,
3597 2696 3792 2776 ἄνδρας

2135 2785 2307 2848 ὁσίους
2337 2785 2426 2857 ἐᾷν
2459 2783 2913 2865 ἀϐοῆθτςτους,ὺπὸ
2943 2791 3048 2842 τῶν
3092 2787 3307 2867 φαύλῶν
3338 2788 3786 2869 ὲκτρυχομένους.

2138 2877 2271 2954 [Ιρὸς
2304 2873 2362 2929 ὅν
2390 2875 2602 2952 ῥητέον,
2636 2877 2712 2940 ὡς
2755 2877 2799 2931 εἰ
2848 2875 2946 2952 μὲν
2988 2877 3268 2955 ἀγαπῶσιν
3325 2877 3412 2944 οὕς
3456 2881 3561 2961 φὴς
3592 2881 3789 2954 ὁσίους,

2134 2967 2199 3021 τὰ
2227 2965 2312 3021 ἐπὶ
2343 2969 2444 3043 γῆς
2493 2965 2594 3021 ὑπὸ
2655 2966 2760 3022 τῶν
2791 2965 3068 3045 προσύλων
3122 2967 3448 3050 ζηλούμενα,
3510 2972 3609 3026 τοῦ
3657 2971 3794 3028 θείου

2137 3056 2346 3121 πάντως
2400 3055 2808 3113 ἐκπεπτώκασιν
2879 3057 3098 3136 ἔρωτος,
3150 3061 3247 3117 Καὶ
3308 3061 3402 3118 οὑκ
3456 3058 3566 3116 οἷδ’

2140 3144 2278 3201 ὅσιοι
2330 3144 2582 3213 κληθεῖεν
2637 3145 2722 3224 ἄν,
2783 3145 3082 3212 ἀδικοῦντες
3133 3149 3199 3205 τὰ
3255 3147 3422 3214 ὅντως
3458 3149 3658 3228 ἑραστά
3717 3154 3799 3206 καὶ

3652 3061 3797 3122 ὅπως

409 3236 616 3320 Neque
638 3258 782 3301 sane
822 3241 1116 3320 intelligo,
1167 3260 1422 3322 quanam
1455 3240 1689 3302 ratione
1721 3241 1906 3302 sancti
1939 3242 2049 3303 dici

2139 3234 2283 3308 θεία,
2344 3248 2461 3296 τοῖς
2520 3234 2814 3306 ἀζηλώτοις
2872 3237 2958 3292 καὶ
3028 3237 3336 3314 ἀνεράστοις
3373 3238 3462 3294 ὑπ’
3498 3240 3677 3296 αὒτῶν
3707 3244 3799 3298 οὒκ

413 3330 669 3410 possint,
687 3329 785 3411 qui
810 3349 908 3392 res
929 3349 1068 3392 vere
1098 3330 1382 3392 amandas
1409 3340 1464 3392 et
1486 3330 1716 3392 divinas
1740 3340 2056 3392 contume-

410 3415 510 3478 liis
531 3417 967 3500 afficiunt,dum
996 3439 1095 3482 eas
1113 3421 1293 3482 rebus
1315 3420 1614 3499 fugiendis
1634 3425 1696 3482 et
1710 3420 2058 3482 abominan-

418 3505 533 3582 dis,
565 3528 711 3590 quas
739 3511 967 3572 nefarie
1000 3513 1386 3584 insectantur,
1424 3509 1670 3574 minime
1702 3511 2053 3588 praeferunt.

416 3595 518 3659 Sin
550 3608 746 3662 autem
800 3619 871 3662 ea
899 3620 1030 3681 quas
1061 3619 1198 3662 vere
1231 3609 1368 3662 sunt
1397 3594 1692 3673 amarent,
1727 3601 2060 3678 gauderent

411 3687 643 3764 utique,
670 3689 827 3769 quod
854 3691 975 3752 Voti
1000 3699 1306 3769 compotes
1337 3689 1470 3751 ﬁeri
1501 3690 1744 3770 possint.
1781 3688 2057 3768 Nunquid

417 3790 558 3839 tunc
591 3778 776 3856 magis
809 3779 883 3839 ad
942 3780 1243 3858 angelicas
1272 3780 1516 3842 virtutes
1570 3780 1884 3856 accedunt,
1920 3798 2056 3842 cum

415 3885 616 3929 rerum
649 3867 984 3930 divinarum
1011 3870 1235 3945 studio,
1271 3879 1556 3952 quantum
1593 3875 1906 3950 possunt,a
1936 3888 2060 3931 ma-

414 3957 710 4020 terialium
736 3959 871 4019 477
899 3960 1214 4022 affectione
1245 3959 1560 4035 recedunt,
1597 3969 1656 4020 et
1685 3960 1755 4021 ad
1783 3962 1896 4022 hoc
1913 3959 2057 4020 viri-

419 4047 556 4109 liter
592 4057 950 4112 exercentur
970 4051 1256 4131 periculis
1285 4068 1419 4132 qum
1451 4049 1686 4111 honesti
1716 4069 1892 4111 causa
1921 4049 2060 4111 sub-

416 4145 558 4200 eunt
587 4137 617 4199 ει
650 4143 852 4220 Itaque
874 4141 989 4201 hoc
1024 4158 1159 4202 vere
1181 4140 1300 4202 dici
1328 4149 1551 4221 potest,
1586 4140 2060 4221 divinazjustitize

417 4228 604 4307 magis
625 4248 980 4311 congruere,
1013 4237 1080 4294 ut
1112 4248 1417 4307 nunquam
1452 4228 1704 4310 patiatur
1733 4231 2058 4312 proborum

417 4317 675 4380 virorum
699 4319 868 4382 virile
891 4320 1080 4381 robur
1098 4338 1296 4381 rerum
1323 4318 1724 4382 materialium
1740 4319 2062 4399 largitioni-

416 4407 528 4470 bus
549 4411 819 4472 enervari
837 4419 1015 4490 atque
1036 4410 1464 4491 emolliri;quin
1493 4409 1708 4489 potius,
1745 4409 1792 4470 si
1827 4409 1966 4488 quis
1998 4408 2058 4470 id

2142 3325 2342 3403 εὒαγῶς
2403 3324 2948 3404 παρευδοκιμιιύμενα,
3011 3329 3069 3386 Εἰ
3122 3326 3176 3384 δὲ
3238 3335 3346 3386 τῶν
3404 3329 3573 3394 ὅντώς
3630 3332 3798 3387 ’ὄντων

2142 3417 2322 3495 ἐρῶσι,
2355 3417 2715 3496 εὐφραίνεσθαι
2759 3419 2870 3498 χρὴ
2915 3419 3038 3482 τοὺς
3069 3421 3226 3475 τινῶν
3258 3419 3593 3500 ἑφιεμένοῦς,
3650 3421 3803 3490 ἡνίκα

2141 3513 2246 3563 τὼν
2297 3505 2496 3586 ἐφετῶν
2553 3509 2914 3587 τυγχάνωσιν,
2977 3507 3068 3566 "li
3100 3511 3222 3590 οὒχί
3251 3510 3371 3567 τότὲ
3403 3510 3614 3587 μᾶλλον
3646 3510 3799 3578 πλη-

2143 3597 2376 3668 σιάζουσι
2427 3609 2549 3662 ταῖς
2607 3597 2928 3676 ἆγγελικαῖς
2959 3598 3202 3677 ἀρεταῖς,
3233 3600 3384 3681 ὃταν,
3419 3604 3491 3664 ὡς
3549 3599 3798 3675 δυνατὸν,

2143 3687 2316 3767 ἐφέσει
2374 3693 2478 3743 τῶν
2538 3689 2690 3745 θείων
2746 3687 3068 3768 ἀναχωρῶσι
3097 3690 3196 3758 τῆς
3247 3696 3352 3746 τῶν
3397 3690 3594 3747 ὑλικῶν
3623 3714 3800 3769 προσ-

2142 3779 2378 3853 παθείας,
2427 3778 2873 3857 ἑγγυμναζόμενοι
2931 3781 3060 3858 πρὸς
3119 3782 3275 3837 τοῦτο
3332 3778 3449 3840 λίαν
3507 3780 3793 3860 ἀνδρικῶς,

2143 3869 2195 3924 ἑν
2225 3868 2350 3932 ταῖς
2399 3868 2528 3947 ὑπὲρ
2563 3877 2655 3927 τοῦ
2713 3867 2880 3926 καλοῦ
2922 3869 3288 3947 περιστάσεσιν
3364 3861 3541 3928 ’Ὥστε
3599 3871 3798 3940 ἀληθὲς

2143 3961 2333 4030 εἰπεῖν,
2373 3959 2452 4014 ὅτι
2512 3965 2667 4016 τοῦτο
2745 3956 2949 4034 μᾶλλον
3002 3960 3112 4017 ἑστι
3144 3965 3243 4027 τῆς
3272 3962 3412 4028 θείας
3455 3958 3796 4029 δικαιοσύνης

2144 4050 2300 4130 ἴδιον,
2336 4053 2395 4109 τὸ
2429 4053 2506 4126 μὴ
2549 4049 2758 4130 θέλγειν
2809 4053 2896 4108 καὶ
2947 4049 3234 4110 ἀπολλύειν
3280 4059 3386 4110 τῶν
3438 4054 3671 4131 ἀρίστων
3701 4057 3798 4123 τὴν

2143 4142 2466 4221 ἀρρενότητα
2493 4153 2614 4204 ταῖς
2660 4141 2766 4198 τῶν
2794 4141 2991 4199 ὕλικῶν
3021 4140 3284 4200 διαδόσεσι
3314 4144 3400 4216 55,
3445 4142 3612 4220 μηδὲ,
3662 4145 3798 4210 εἴτις

2145 4231 2446 4311 ἐπιχειροίη
2493 4232 2646 4287 τοῦτο
2691 4243 2890 4311 ποιεῖν,
2951 4235 3040 4304 ὶᾷν
3099 4229 3448 4306 ἀϐοηθήτους,
3520 4231 3646 4290 ἀλλ’
3693 4235 3803 4292 ἑνι-

2141 4319 2306 4397 δρύειν
2338 4323 2522 4383 αὗτοῦς
2553 4322 2610 4376 ἓν
2647 4326 2714 4398 τῇ
2770 4321 2909 4399 καλῇ
2968 4323 3054 4378 καὶ
3106 4322 3400 4398 ἀμειλίκτῳ
3456 4324 3672 4401 στάσει,
3719 4323 3806 4381 καὶ

2143 4409 2427 4486 ἀπονέμειν
2461 4409 2647 4473 αὖτοῖς
2678 4411 2936 4476 τοιούτοις
2962 4413 3075 4469 οὖσι
3107 4413 3172 4468 τὰ
3201 4410 3321 4470 κατ’
3345 4412 3520 4480 ἀξίαν,

417 4502 752 4578 tentaverit,
779 4500 999 4563 divinis
1020 4499 1254 4562 auxiliis
1283 4499 1555 4562 suffultos
1583 4499 1643 4560 in
1668 4498 1950 4580 praeclaro
1973 4499 2077 4562 illo
2109 4507 2167 4562 et
2189 4499 2545 4562 inconcusso
2569 4507 2728 4563 statu
2758 4499 3037 4580 solidare,
3066 4519 3178 4565 nec
3209 4520 3327 4565 non
3352 4510 3808 4584 perseverantes

415 4605 525 4666 pro
558 4590 788 4655 meritis
826 4590 1224 4654 remunerari.

2011 4753 2042 4833 ς
2086 4750 2187 4814 1x.

499 4919 636 4983 Haec
663 4922 838 4984 etiam
864 4922 1065 4984 divina
1089 4921 1321 5002 justitia
1347 4929 1620 5004 tanquam
1655 4923 1925 4984 omnium
1960 4940 2049 4984 sa-

2228 4922 2370 4989 Αύτη
2401 4929 2526 5002 γοῦν
2555 4927 2591 4993 ἡ
2620 4924 2731 4982 θεία
2773 4923 3080 4991 δικαιοσύνη
3133 4924 3222 4981 καὶ
3257 4927 3494 5003 σωτηρία
3524 4927 3635 4983 τῶν
3666 4927 3806 4985 ὅλων

419 5009 513 5072 lus
544 5012 903 5095 celebratur,
939 5012 1098 5095 quod
1145 5011 1445 5095 propriam
1480 5013 1773 5092 cujusque
1821 5014 1911 5075 rei
1945 5034 2049 5095 pu-

2143 5013 2412 5092 ὑμνεῖται,
2472 5013 2572 5081 τὴν
2623 5012 2755 5070 ίδίαν
2806 5014 3030 5072 ἑκάστου
3093 5015 3180 5070 καὶ
3242 5015 3475 5090 καθαρὰν
3535 5016 3646 5074 ἀπὸ
3699 5018 3807 5075 τῶν

419 5109 544 5152 ram
570 5094 642 5154 ab
687 5093 822 5154 aliis
852 5091 1174 5155 essentiam
1212 5091 1608 5174 ordinemque
1652 5091 1963 5157 conservet
1991 5114 2049 5158 ac

2144 5100 2320 5160 ἄλλων
2375 5091 2441 5155 56
2468 5104 2648 5162 οὐσίαν
2703 5105 2789 5160 καί
2845 5103 2992 5170 τάξιν
3049 5103 3400 5177 ἀποσώζουσα
3458 5107 3547 5162 καὶ
3599 5106 3808 5184 φυλάτο

423 5190 798 5257 tueatur,nec
831 5202 949 5243 non
979 5201 1116 5244 vera
1147 5201 1324 5244 causa
1343 5189 1441 5264 sit,
1473 5193 1539 5244 ut
1568 5183 1863 5245 actionem
1895 5203 2049 5262 quae-

2147 5211 2328 5265 τουσα,
2364 5195 2449 5250 καὶ
2498 5195 2636 5251 αἰτία
2692 5197 2930 5273 καθαρῶς
2988 5200 3118 5250 οὖσα
3173 5198 3272 5260 τῆς
3345 5193 3399 5251 ἑν
3477 5183 3625 5258 τοῖςί
3660 5195 3806 5260 ὃλοις

423 5289 538 5351 que
560 5291 723 5335 suam
752 5273 1030 5335 universa
1054 5282 1510 5354 prosequantur.
1547 5273 1611 5336 Si
1639 5275 1774 5354 quis
1807 5292 1944 5336 vero
1968 5293 2049 5338 sa-

2150 5277 2500 5361 ιδιοπραγίας,
2559 5287 2618 5342 Ei
2672 5281 2727 5343 δέ
2766 5305 2846 5350 τις
2901 5285 2998 5354 τὴν
3028 5283 3294 5362 σωτηρίαν
3353 5285 3571 5360 ὑμνοίη,
3609 5286 3700 5342 καί
3733 5286 3806 5349 ὠς

419 5361 606 5425 lutem
627 5363 1149 5446 laudet,quatenus
1169 5381 1203 5425 a
1223 5362 1406 5424 rebus
1421 5362 1823 5426 deterioribus
1848 5373 2049 5430 cuncta

2146 5367 2205 5424 ἑκ
2264 5377 2368 5428 τῶν
2426 5373 2688 5454 χειρόνων
2738 5375 2804 5431 τὰ
2877 5373 2978 5432 ὁλα
3037 5361 3314 5439 σωστικῶς
3397 5373 3807 5452 ἀναρπάζουσαν

1737 5500 2004 5566 νΑιιιΑῑ
2045 5503 2488 5574 LECTIONES.

503 5637 565 5730 51.
620 5642 746 5730 φησὶ
777 5642 876 5730 γάρ
938 5639 1171 5730 διρείλειν
1200 5638 1463 5730 etvetus.
1495 5632 1642 5730 _P.M
1677 5635 1740 5688 37
1773 5641 1858 5730 ναξ
1920 5645 2308 5730 ἑτεροκι-νήτοις
2337 5651 2434 5719 τήν
2485 5649 2854 5730 αὒτοκίνήτον,
2887 5644 2960 5710 D.
3045 5644 3102 5691 53
3142 5650 3282 5708 εἶναι
3329 5649 3397 5708 τὰ
3429 5647 3601 5730 φύσει,
3636 5643 3697 5711 S.
3730 5647 3802 5711 P.

425 5713 482 5760 54
520 5713 879 5800 αἱωᾷίους,
964 5713 1029 5774 53
1067 5733 1190 5784 ταῖς
1220 5719 1324 5778 τῶν
1354 5713 1558 5776 ⁷δλικῶν
1587 5715 1789 5798 δόσεσι,
1821 5716 1882 5782 S.
1917 5713 2018 5791 Β..
2074 5727 2138 5781 56
2179 5713 2342 5794 θλων,
