4052 6438
255 505 476 580 νᾶμεων
555 501 670 580 μεθ’

255 591 480 656 Ἰακώϐ.

340 699 370 771 §
425 695 500 758 ῙῙ.
547 701 664 758 Πῶς
730 694 818 750 οὖν
871 695 969 764 τὴν
1031 694 1206 760 πάσης
1259 692 1592 772 ἐξῃρημένην
1649 691 1917 768 δυνᾶμεως

251 782 478 862 δύναμιν
537 783 930 859 ὀνομάσομεν;
989 783 1250 862 Λέγομεν,
1308 784 1388 838 ὃτι
1449 781 1663 858 δύναμις
1711 783 1917 860 λέγεται

252 877 284 931 ὃ
336 877 494 954 Θεὸς,
543 877 631 930 καὶ
685 875 758 938 ὡς
811 873 1060 953 προέχων
1117 874 1212 929 καί
1269 873 1540 952 περιέχων
1587 871 1795 929 ἅπασαν
1827 871 1917 927 δύ-

249 985 441 1039 ναμιν,
475 963 562 1019 καὶ
591 965 664 1026 ὡς
711 961 886 1028 αἴτιος
917 963 1094 1029 πάσης
1149 959 1443 1036 δυνάμεως.
1491 963 1578 1018 καὶ
1609 965 1682 1024 ὡς
1741 961 1916 1038 παρά-

249 1079 369 1136 γων
431 1056 604 1112 πάντα
636 1055 746 1112 ἐστὶ
803 1055 940 1111 κατὰ
993 1052 1211 1129 δύναμιν
1245 1053 1481 1110 ἀκλιτον·
1546 1055 1604 1111 οὗ
1634 1055 1732 1132 γὰρ
1793 1053 1909 1110 κλι·

248 1146 483 1220 νόμενος
543 1145 618 1208 εἰς
676 1141 895 1218 δύναμιν
952 1142 1290 1223 δημιουργεῖ,
1354 1141 1476 1199 ἀλλ’
1536 1143 1782 1210 ἀκίνητος
1827 1145 1914 1200 καὶ

249 1233 541 1311 ἄκαμπτος
591 1235 850 1313 ὑπάρχων
881 1235 966 1290 ἐπὶ
1023 1239 1118 1300 τῆς
1153 1230 1282 1296 ἰδίας
1327 1233 1511 1310 ἰσχύος
1557 1234 1806 1312 napi-(tr
1856 1237 1914 1291 οῦ

248 1325 358 1404 γὰρ
418 1324 650 1381 κλίνεται
685 1326 756 1388 ὡς
819 1321 1047 1398 δυναμοῖ
1107 1321 1158 1378 ἓν
1201 1345 1323 1382 τινι.
1391 1315 1474 1378 ’Ἠ
1509 1319 1724 1378 ἅκλιτον
1785 1321 1909 1402 ἔφη,

251 1413 502 1473 τουτέστι
533 1419 633 1482 τῆς
681 1415 877 1478 οἰκείας
924 1412 1216 1490 ἀκρότητος
1247 1413 1326 1487 μὴ
1375 1415 1784 1490 ὑποκατιοῦσαν,
1833 1413 1914 1468 καὶ

247 1505 329 1567 ὡς
363 1503 524 1561 αῦτοῦ
554 1513 646 1562 τοῦ
678 1507 816 1561 εἶναι
877 1502 1094 1576 δύναμιν
1128 1503 1300 1567 αἴτιός
1343 1503 1480 1581 ἐστι,
1515 1503 1600 1558 καὶ
1626 1501 1706 1557 ὅτι
1764 1502 1910 1557 ἀπει-

249 1592 568 1674 ροδύναμος,
617 1593 696 1668 μὴ
740 1594 902 1668 μόνον
945 1595 1000 1648 τεν
1044 1599 1119 1666 τῷ
1149 1593 1406 1670 παράγειν
1451 1599 1622 1648 πᾶσαν
1667 1590 1912 1670 δύναμιν,

249 1683 398 1741 ἀλλὰ
457 1685 650 1757 καὶτῷ
687 1685 816 1761 ὑπὲρ
869 1689 1039 1738 πᾶσαν
1086 1682 1228 1738 εἶναι
1290 1683 1374 1737 καὶ
1407 1681 1572 1748 αὒτὴν
1601 1681 1700 1748 τὴν
1763 1681 1917 1737 αὒτφ

247 1773 504 1854 δύναμιν,
564 1775 656 1831 τὸν
713 1771 1200 1851 παραδειγματικόν
1287 1795 1425 1852 φημι
1489 1771 1585 1840 τῆς
1645 1769 1914 1847 δυνάμεως

717 363 816 433 DE
857 367 1154 434 DIVINIS
1197 359 1649 448 NOMINIBUS,
1695 357 1862 431 CAP.
1911 359 2077 432 VIII.
2131 401 2202 414 —-
2249 365 2638 434 PARAPHR.
2685 369 3197 438 PAGHYMERE.

753 506 908 580 ἡμῶν
943 551 959 583 ,
1033 503 1374 584 ἀντιλήπτωρ
1445 505 1600 578 ἡμῶν
1671 505 1698 558 ὁ
1780 505 1908 567 Θεὸς

2006 505 2196 565 minus
2225 505 2525 567 virtutum
2549 504 2676 580 ipse
2699 505 2920 568 estReJ:
2941 505 3207 585 glorias;
3247 517 3326 572 et:
3349 507 3648 573 Dominus

3527 363 3646 440 902

2002 595 2298 656 uirtutum
2321 595 2978 676 nobiscum,susceptor
3005 607 3212 660 noster
3235 599 3396 661 Deus
3412 601 3644 663 Jacobs.

2082 683 2110 762 §
2145 682 2212 746 li.
2253 685 2762 764 Quomodoigitur
2782 687 3109 768 potentiam
3142 687 3214 748 ab
3243 692 3402 751 omni
3437 697 3650 770 poten-

2002 773 2078 834 tia
2128 783 2395 854 exempta
2432 774 2873 838 nominabimus
2903 777 2934 836 ?
2987 776 3278 858 Dicimus,
3314 779 3500 841 Deum
3534 779 3652 842 dici

2003 863 2280 925 virtutem
2309 883 2414 927 seu
2448 873 2823 945 potestatem,
2869 875 3149 949 tanquam
3204 868 3648 948 prmhabentem

1999 953 2138 1013 480
2173 962 2232 1015 et
2263 959 2670 1018 continentem
2727 975 2968 1020 omnem
3027 958 3384 1036 potentiam,
3421 965 3482 1022 et
3513 968 3652 1022 tan-

2000 1063 2174 1123 quam
2217 1061 2452 1106 causam
2511 1045 2708 1108 omnis
2769 1047 3069 1126 potentizn,
3123 1055 3182 1108 et
3214 1049 3649 1129 producentem

2001 1132 2198 1194 omnia
2228 1135 2561 1196 secundum
2625 1135 3107 1199 indeclinabilem
3141 1137 3416 1199 virtutem
3468 1159 3482 1214 ;
3527 1155 3650 1200 non

1996 1221 2154 1283 enim
2187 1223 2258 1284 ad
2291 1223 2564 1284 virtutem
2599 1225 2920 1287 inclinatus
2961 1233 3144 1306 creat,
3183 1228 3288 1288 sed
3323 1228 3650 1291 immobilis

1998 1321 2056 1372 et
2087 1311 2427 1376 inﬂexibilis
2451 1315 2741 1376 exsisteus
2765 1316 2820 1376 in
2849 1317 3090 1397 propria
3105 1317 3324 1378 virtute
3347 1317 3647 1397 producit;

1999 1419 2117 1463 non
2149 1403 2310 1463 enim
2345 1403 2666 1465 inclinatur
2719 1406 2884 1486 quasi
2943 1415 3153 1486 potens
3199 1408 3276 1468 sit
3306 1406 3366 1468 in
3423 1407 3646 1490 aliquo.

2001 1490 2106 1554 Vel
2145 1491 2358 1550 Ξξκλιτον
2390 1492 2558 1570 dixit;
2592 1495 2645 1554 id
2683 1507 2772 1556 est
2803 1514 2834 1556 a
2859 1496 3099 1577 proprio
3130 1497 3365 1576 fastigio
3399 1499 3650 1562 minime

2003 1582 2498 1666 descendentem,
2543 1595 2602 1646 et
2663 1588 2826 1664 quasi
2865 1587 3175 1666 ipsiusmet
3233 1605 3362 1650 esse
3415 1589 3649 1652 virtutis

2001 1690 2261 1750 causam;
2283 1673 2565 1754 quodque
2598 1677 2672 1734 sit
2706 1675 2953 1737 inﬁnitae
2978 1678 3278 1758 potentiae,
3313 1697 3430 1740 non
3453 1679 3648 1742 solum

2001 1761 2062 1822 in
2095 1761 2311 1824 virtute
2341 1765 2504 1824 omni
2557 1765 2968 1845 producenda,
3006 1785 3204 1828 verum
3269 1767 3445 1830 etiam
3487 1769 3650 1850 quod

246 1863 441 1944 λόγον’
487 1852 586 1921 καὶ
646 1863 698 1920 ἐν
757 1871 836 1936 τῷ
901 1860 1278 1942 ὑπερδύνασθαι
1333 1862 1610 1938 ἀπειράκις
1673 1862 1914 1942 ἀπείρους

2006 1852 2078 1912 sit
2095 1869 2276 1933 supra
2296 1871 2534 1914 omnem
2559 1854 2738 1915 etiam
2773 1855 3096 1936 ipsammet
3119 1875 3228 1937 per
3249 1875 3314 1920 se
3347 1858 3646 1941 virtutem,

252 1951 513 2029 δονεῖμεις
558 1955 838 2032 παράγειν·
887 1953 974 2008 καί
1026 1972 1154 2010 ποτε
1189 1953 1264 2028 μὴ
1315 1949 1750 2026 ἀπιαμϐλονθῆναι
1783 1954 1913 2030 πρὸς

248 2044 354 2112 τὴν
413 2045 522 2101 τῶν
551 2043 780 2122 ἀπείρων
825 2041 1096 2116 δυνάμεων
1157 2044 1396 2120 ποίησιν,
1433 2043 1515 2098 καὶ
1547 2041 1627 2097 ὅτι
1689 2038 1916 2122 ἄφθεγκ-

247 2157 346 2190 τον
394 2135 485 2190 καὶ
529 2133 884 2200 ἀνεπινότιτον
919 2135 975 2187 τὸ
1005 2130 1268 2211 ὑπερέχον
1298 2133 1398 2196 τῆς
1431 2130 1588 2186 αῦτοῦ
1619 2129 1912 2206 δυνάμεως.

249 2215 446 2303 ’.Οπερ
501 2231 615 2289 πῶς
649 2223 710 2280 ἂν
743 2224 805 2292 ἦν
851 2223 1164 2304 ἄφθεγκτον,
1203 2221 1356 2298 εἴπερ
1407 2222 1484 2296 μὴ
1545 2221 1702 2301 εἶχεν
1761 2223 1917 2300 ἰσχὺν

251 2317 333 2378 εἷς
393 2317 453 2371 τὸ
489 2317 564 2390 μὴ
617 2315 989 2371 κατανοεῖσθαι
1021 2313 1164 2391 παρά
1217 2334 1380 2386 τινος,
1483 2309 1566 2366 διὰ
1617 2315 1918 2388 περιουσίαν

249 2411 354 2462 τοῦ
399 2404 615 2462 δυνατοῦ
673 2407 770 2460 καὶ
805 2403 902 2470 τὴν
965 2401 1235 2458 ἀσθένειαν
1279 2399 1506 2476 δυναμοϊ
1542 2425 1557 2476 ;
1619 2399 1918 2456 Ἀσθένειαν

255 2491 316 2552 δέ
375 2491 530 2550 καλεῖ
557 2495 624 2552 τὰ
667 2491 820 2548 ὕλικά
854 2499 1016 2548 ταῦτα
1072 2493 1157 2548 καὶ
1191 2491 1427 2568 περίγεια
1472 2491 1703 2565 σύματα,
1763 2489 1918 2546 ἅτινα

247 2585 342 2640 καὶ
415 2583 620 2663 ἔσχατα
675 2581 1018 2661 ἀπηχῆματέ
1079 2604 1210 2659 φησι
1270 2578 1354 2636 διὰ
1409 2583 1466 2634 τὸ
1526 2578 1768 2658 ἀμυδρῖῦς
1828 2581 1914 2636 καὶ

245 2673 391 2730 κατά
435 2674 534 2741 τὴν
586 2671 782 2729 οἰκείαν
832 2669 1244 2737 ἐπιτηδειότητα
1305 2671 1558 2748 μετέχειν
1603 2675 1701 2736 τῆς
1753 2669 1912 2724 δυνέ-

248 2785 402 2839 μεως
446 2769 538 2820 τοῦ
585 2768 741 2841 Θεοῦ,
798 2763 869 2826 ὡς
933 2759 1049 2840 ἔχει
1110 2759 1194 2816 ἐπὶ
1244 2765 1349 2815 τῶν
1409 2756 1667 2834 ἐμπίδων,
1715 2765 1910 2838 μυιῶν,

245 2853 342 2912 καὶ
401 2861 508 2910 τῶν
539 2851 715 2910 ἄλλων
748 2849 846 2908 ὅσα
891 2853 943 2908 ἓν
976 2863 1094 2913 τοϊς
1138 2849 1350 2912 οἰκείοις
1399 2847 1632 2925 κέντροις
1686 2848 1908 2928 ἰσχύον.

247 2966 362 3007 σιν,
399 2933 568 3000 ’Ὅθεν
616 2943 700 3000 καὶ
745 2948 821 3016 τῷ
851 2940 1012 3011 Ἰωήλ
1044 2963 1207 3019 φησιν
1259 2941 1286 2995 ὁ
1320 2939 1446 3002 Θεὸς
1493 2940 1610 3016 περὶ
1641 2943 1740 3005 τῆς
1771 2938 1914 3014 ἀκρί.

247 3031 364 3108 8ος,
399 3035 493 3090 καὶ
547 3041 637 3090 τοῦ
695 3032 952 3111 βροῦχου,
988 3032 1074 3086 καὶ
1132 3035 1232 3095 τῆς
1291 3029 1542 3104 κάμπης,
1579 3020 1640 3084 Ἠ
1696 3025 1912 3104 δύναμίς

250 3147 360 3200 μου
395 3125 424 3178 λ
458 3123 694 3202 μεγάλη,
757 3120 897 3180 ’Ὅτι
930 3119 983 3178 δὲ
1015 3121 1102 3176 καὶ
1133 3119 1214 3180 ἐπὶ
1271 3119 1478 3184 τούτοις
1519 3119 1632 3182 τοῖς
1692 3117 1912 3175 ἀσθενέ-

2001 1941 2431 2024 exemplarem,
2463 1943 2733 2026 inquam,
2769 1945 3000 2008 virtutis
3030 1947 3321 2008 rationem
3349 1965 3364 2022 ;
3407 1957 3466 2010 et
3495 1951 3654 2030 quod

2001 2039 2212 2111 potens
2243 2031 2322 2094 sit
2384 2033 2698 2114 plusquam
2761 2035 3049 2098 inﬁnities
3110 2035 3376 2098 inﬁnitas
3403 2037 3654 2101 virtutes

2001 2120 2358 2200 producere,
2397 2131 2454 2184 et
2485 2141 2790 2204 nunquam
2819 2127 2906 2186 vis
2933 2126 3062 2205 ejus
3095 2127 3152 2187 in
3195 2125 3445 2188 inﬁnitis
3471 2125 3650 2188 etiam

2003 2209 2316 2274 virtutibus
2333 2213 2613 2274 creandis
2635 2213 3199 2296 valeathebetari,et
3221 2215 3373 2296 quod
3393 2216 3651 2298 inexpli-

2001 2301 2210 2362 cabilis
2241 2303 2784 2382 etinexcogitabilis
2818 2303 2894 2364 sit
2925 2303 3149 2367 virtutis
3187 2306 3314 2384 ejus
3347 2305 3650 2368 excellen-

2005 2390 2189 2453 tia.At
2235 2393 2534 2471 quomodo
2588 2393 2666 2454 sit
2697 2393 3162 2475 inexplicabilis,
3197 2396 3494 2476 siquidem
3531 2415 3653 2458 non

2003 2479 2208 2542 habuit
2235 2481 2516 2542 virtutem
2535 2488 2598 2544 ut
2625 2501 2742 2544 non
2769 2483 3191 2564 conciperetur
3212 2484 3285 2546 ab
3308 2484 3654 2566 aliquo,nisi

2002 2587 2110 2649 per
2137 2569 2419 2650 potentiae
2435 2571 2862 2633 abundantiam
2883 2581 2940 2633 et
2967 2573 3392 2635 imbecillitatis
3411 2572 3653 2636 robora-

1998 2660 2219 2722 tionem
2253 2666 2280 2722 ?
2329 2659 2805 2724 Imbeciltitatem
2866 2671 3062 2724 autem
3097 2672 3266 2725 vocat
3320 2663 3652 2728 materialia

1997 2749 2122 2811 haec
2155 2757 2210 2811 et
2239 2759 2472 2811 terrena
2488 2770 2766 2833 corpora,
2804 2771 2938 2830 qua:
2965 2756 3145 2815 etiam
3179 2761 3451 2816 extrema
3479 2752 3652 2816 vesti-

1995 2842 2090 2920 gia
2123 2839 2286 2914 dicit,
2335 2840 2488 2922 quod
2517 2841 2770 2904 remisse
2803 2851 2865 2906 et
2899 2861 3006 2924 pro
3039 2851 3211 2924 captu
3243 2861 3358 2906 suo
3385 2843 3649 2906 divinam

1995 2931 2278 2994 virtutem
2311 2932 2708 3012 participent;
2739 2941 2804 2994 ut
2827 2951 2893 2995 se
2923 2951 3020 2995 res
3046 2933 3230 2996 habet
3260 2933 3322 2995 in
3355 2933 3650 2997 culicibus

1998 3031 2055 3083 et
2081 3022 2396 3096 muscis,et
2419 3021 2740 3101 similibus,
2775 3042 2906 3103 qua:
2939 3023 3197 3088 stimulis
3227 3025 3348 3086 suis
3391 3023 3642 3104 pollent.

1997 3111 2168 3175 Unde
2189 3113 2364 3173 etiam
2391 3111 2549 3174 Deus
2597 3112 2655 3174 in
2683 3115 2850 3176 Joele
2881 3114 2957 3176 de
2979 3114 3210 3176 locusta
3235 3121 3294 3177 et
3329 3113 3558 3176 brucho
3593 3122 3654 3177 et

247 3235 336 3270 σιν
394 3215 430 3282 ἡ
465 3201 682 3290 δύναμις
726 3217 818 3270 τοῦ
850 3219 980 3270 Θεοῦ
1009 3210 1210 3291 φθάνει,
1260 3207 1342 3266 ἴδε
1395 3209 1459 3266 τὰ
1491 3209 1611 3265 κατ’
1663 3208 1914 3277 αἴσθησιν

2006 3221 2183 3264 eruca
2207 3202 2372 3283 dicit,
2411 3201 2739 3267 Fortitudo
2787 3221 2924 3266 mea
2960 3215 3252 3297 magnai.
3315 3203 3482 3277 Quod
3508 3223 3648 3268 vero

248 3303 454 3360 δυνατὰ.
495 3303 555 3360 τό
617 3325 674 3360 τε
733 3303 920 3382 ὁρατὸν
976 3307 1110 3380 φῶς,
1167 3302 1254 3356 καὶ
1311 3299 1429 3364 τοὺς
1473 3297 1760 3362 ἀκουστοὺς
1819 3299 1919 3374 ψό-

249 3409 410 3474 φους·
474 3395 536 3450 vi
587 3396 686 3472 γὰρ
755 3391 976 3470 λαμ-ιιρά
1040 3397 1146 3448 τῶν
1209 3391 1399 3470 φώτων
1458 3389 1620 3468 μέχρι
1667 3391 1756 3446 καὶ
1813 3391 1916 3447 τῶν

249 3483 488 3542 ἀσθενῶν
557 3483 842 3562 δ’φθαλμῶν
925 3482 1129 3562 φθάνει,
1194 3480 1284 3536 καί
1342 3482 1388 3536 οἱ
1469 3479 1696 3558 μεγάλοι
1752 3483 1916 3560 ψόφοι

250 3573 422 3653 μέχρι
471 3577 571 3629 καὺ
618 3579 721 3628 τῶν
767 3572 998 3628 ἀσθενῶν
1060 3570 1236 3628 ἀκοῶν
1287 3565 1595 3630 εἷσδύονται.
1632 3567 1762 3626 Οτᾶτε
1819 3569 1916 3648 γὰρ

247 3665 314 3719 τὸ
375 3663 488 3742 φῶς
538 3665 593 3718 ὲν
641 3669 720 3736 τῷ
763 3661 890 3734 λίθῳ
947 3659 1162 3738 λέγεται
1221 3659 1456 3738 φθάνειν,
1493 3655 1607 3713 οὔτε
1653 3660 1680 3714 ὁ
1741 3660 1912 3739 ψόφος

249 3751 569 3810 εἰσδύεσθαι·
630 3750 754 3808 ἀλλ’
813 3751 869 3807 ἓν
925 3763 1042 3817 τοῖς
1081 3755 1374 3830 πεφυκόσιν
1429 3749 1553 3828 ὁρᾷν
1585 3747 1620 3816 ἢ
1677 3748 1911 3825 ἀκούειν,

250 3843 358 3900 κᾶν
389 3842 624 3906 ἀσθενῶς
655 3841 850 3924 ἔχωσι.

334 4111 367 4191 §
420 4108 522 4174 ῙῘῙ.
559 4110 706 4170 Κατά
763 4119 946 4169 τοῦτον
978 4111 1068 4166 τὸν
1127 4109 1285 4188 λόγον
1335 4111 1408 4175 εἷς
1469 4109 1638 4166 πάντα
1669 4107 1734 4163 τὰ
1791 4105 1917 4164 ὅντα

247 4203 499 4284 χωρήσει
556 4203 590 4270 ἡ
624 4199 842 4276 δόναμις
891 4201 984 4256 τὸῦ
1034 4205 1188 4279 Θεοῦ,
1224 4197 1304 4256 ὅτι
1357 4201 1527 4256 πάντα
1580 4196 1794 4254 δεκτικά
1821 4194 1913 4256 δυ-

245 4291 468 4368 νάμεώς
529 4292 682 4366 εἰσιν,
717 4291 752 4359 ἢ
785 4297 966 4370 νοερᾶς
1029 4291 1116 4346 καὶ
1146 4289 1468 4370 ἀγγελικῆς,
1503 4289 1534 4357 ἢ
1565 4287 1789 4366 λογικῆς
1835 4293 1921 4347 καὶ

247 4379 618 4458 ἀνθρωπίνης,
679 4377 716 4447 ἢ
776 4378 1088 4446 αἷσθητικῆς
1134 4383 1240 4433 τῶν
1312 4377 1548 4455 ἀλόγων,
1600 4377 1634 4445 ἢ
1688 4375 1930 4447 ζωτικῆς

246 4477 362 4528 τῶν
422 4479 621 4550 φυτῶν,
669 4471 706 4538 ἢ
767 4467 1056 4534 οὒσιώδαυς
1115 4467 1294 4548 ἐτέρας
1339 4475 1445 4526 τῶν
1505 4466 1684 4524 ἄλλων
1741 4467 1919 4523 ἁπαν-ρ

2002 3292 2180 3353 ctiam
2214 3300 2284 3354 ad
2313 3292 2440 3354 haec
2471 3293 2710 3354 inltrma
2733 3311 2927 3372 usque
2957 3291 3062 3356 Dei
3095 3293 3280 3356 virtus
3329 3293 3650 3375 pertingat,

2000 3381 2136 3443 vide
2163 3401 2295 3463 qua:
2318 3382 2650 3444 secundum
2685 3400 2929 3445 sensum
2983 3383 3246 3464 potentia
3267 3395 3430 3460 sunt,
3465 3392 3532 3446 ut
3553 3385 3651 3447 lu-

2003 3491 2140 3533 men
2167 3472 2534 3550 aspectabile
2575 3481 2633 3534 et
2662 3471 2936 3552 ingentes
2986 3475 3268 3554 strepitus
3307 3473 3652 3556 :siquidem

1998 3561 2734 3644 Splendidissimalumina
2757 3581 2946 3644 usque
2988 3563 3062 3624 ad
3105 3562 3373 3625 inﬁrmos
3412 3581 3652 3644 quoque

2000 3652 2204 3715 oculos
2227 3652 2596 3734 pertingant,
2626 3660 2686 3714 et
2711 3653 2986 3732 ingentes
3011 3651 3278 3731 fragores
3320 3651 3654 3716 imbecilles

2000 3759 2240 3823 quoque
2263 3741 2550 3804 audiendi
2598 3741 2910 3804 facultates
2946 3749 3288 3822 penetrant.
3325 3742 3455 3805 Non
3487 3741 3650 3806 enim

1998 3832 2094 3894 lux
2118 3832 2190 3893 ad
2217 3831 2478 3914 lapidem
2527 3833 2870 3913 pertingere
2928 3831 3183 3909 dicitur,
3242 3841 3442 3912 neque
3481 3831 3649 3894 illum

1999 3921 2287 4003 strepitus
2313 3921 2607 3996 subit,sed
2629 3921 2732 3983 illa
2749 3939 2882 4002 quae
2901 3921 3062 3985 visus
3093 3921 3456 4005 auditusque
3478 3939 3651 4006 capa-

2001 4015 2092 4076 cia
2114 4015 2258 4076 sunt
2283 4011 2768 4088 licet,imbecilla.

2081 4103 2108 4182 §
2142 4101 2244 4164 Ill.
2289 4102 2635 4164 Secundum
2685 4103 2838 4165 hanc
2870 4105 3159 4166 rationem
3195 4104 3264 4166 ad
3317 4121 3414 4166 res
3445 4121 3653 4167 omnes

2001 4191 2108 4254 Dei
2136 4192 2318 4256 virtus
2343 4201 2519 4268 meat,
2556 4193 2840 4274 quoniam
2887 4195 3088 4256 omnia
3114 4194 3345 4257 virtutis
3371 4203 3506 4256 sunt
3553 4213 3656 4256 ca-

2007 4282 2198 4364 pacia,
2233 4281 2356 4344 sive
2379 4282 2662 4362 spiritalis
2684 4291 2740 4346 et
2758 4283 3065 4363 angelicae,
3102 4285 3226 4347 sive
3254 4283 3566 4346 rationalis
3599 4291 3656 4346 et

2004 4373 2302 4454 humanae,
2339 4373 2460 4434 sive
2521 4372 2756 4434 sensilis
2816 4373 3150 4444 brutorum,
3220 4373 3346 4434 sive
3402 4373 3656 4436 viventis

2003 4463 2360 4543 plantarum,
2395 4461 2520 4524 sive
2569 4462 2822 4526 alterius
2854 4462 3262 4526 substantialis
3295 4471 3648 4524 cmterarum

247 4583 386 4636 των,
451 4561 580 4618 καθὸ
637 4563 730 4618 τὸν
783 4559 882 4635 μέν
942 4557 1217 4633 ἀδάμαντα
1273 4555 1489 4631 δύναμιν
1545 4555 1696 4638 ἔχειν
1741 4554 1916 4636 φαμὲν

2006 4570 2202 4613 rerum
2237 4555 2502 4614 omnium
2540 4572 2556 4632 ;
2602 4557 2775 4632 juxta
2805 4553 2968 4630 quod
2998 4553 3238 4634 quidem
3262 4553 3652 4616 adamantem

371 4621 386 4636 ι
783 4621 796 4635 .
1043 4621 1053 4633 .
1400 4621 1410 4631 .
1578 4621 1616 4638 η
1755 4621 1766 4636 .
1817 4621 1828 4632 .

249 4658 350 4708 τοῦ
405 4651 486 4726 μὴ
518 4650 822 4726 τέμνεσθαι,
872 4651 962 4706 τὸν
1016 4646 1062 4704 δ’
1107 4647 1234 4727 ἀέρα
1292 4647 1579 4722 ἀδυναμίαν
1609 4653 1702 4703 τοῦ
1759 4649 1916 4704 αὺτοῦ

2006 4641 2252 4704 dicimus
2275 4641 2500 4705 habere
2526 4621 2679 4704 hanc
2713 4621 3115 4720 virtutum-ut
3147 4642 3340 4705 secari
3372 4655 3652 4724 nequeat,

247 4739 460 4799 τςῧτου.
526 4741 624 4798 Καί
657 4741 784 4798 αὐτὸ
842 4737 1048 4796 δὲκαθ’
1108 4739 1235 4797 αὐτὸ
1290 4738 1348 4794 τὸ
1381 4735 1600 4814 δύναμιν
1631 4739 1771 4793 εἶναι
1829 4738 1918 4794 καὶ

247 4838 412 4887 τοῦτο
441 4831 584 4910 παρὰ
615 4829 709 4898 τῆς
730 4831 869 4893 θείας
900 4829 1012 4886 εστὶ
1057 4826 1350 4904 δυνάμεως.

337 5009 370 5088 §
429 5007 525 5072 tV.
591 5008 688 5067 Ἐκ
717 5015 816 5076 τῆς
879 5005 1127 5075 τοιαύτης
1173 5003 1591 5084 ἀπειροδυνάμον
1647 5005 1918 5082 δΰνάμεως

247 5103 306 5157 αἱ
361 5097 652 5176 ἀγγελικαί
686 5097 934 5173 δυνάμεις
987 5097 1107 5170 εἰσὶ,
1154 5097 1241 5152 καὶ
1298 5097 1359 5152 τὸ
1389 5099 1528 5152 εἶναι
1589 5094 1917 5172 ἀμετακινή-

247 5209 363 5252 τως
419 5185 632 5267 ἔχουσι,
695 5187 782 5242 καὶ
841 5183 1012 5242 τᾶλλα
1073 5183 1263 5241 πάντα·
1339 5185 1468 5250 αῦτὴ
1528 5183 1628 5262 γὰρ
1699 5183 1840 5240 ἐστιν
1891 5187 1919 5253 ἦ

249 5277 475 5358 ἐφιεῖσα
533 5275 718 5339 αὐτοῖς
761 5275 824 5332 τὸ
883 5271 1153 5352 δύνασθαι,
1209 5274 1299 5330 καὶ
1355 5276 1520 5352 εἶναι,
1555 5275 1644 5331 καὶ
1691 5272 1922 5353 ἐφίεσθαὶ

249 5366 426 5424 εἰσαεὶ
500 5365 592 5422 τοῦ
653 5368 818 5421 εἶναι’
895 5363 1030 5432 αῦτῆ
1097 5361 1240 5420 ἐστιν
1308 5363 1344 5430 ἡ
1413 5359 1772 5437 ἐνδυναμοῦσα
1835 5367 1922 5423 καὶ

251 5457 390 5514 αὐτὸ
424 5457 539 5514 καθ’
601 5457 724 5513 αὐτο
783 5456 843 5512 τὸ
887 5452 1157 5535 δύνασθαι,
1189 5453 1262 5519 εἰς
1291 5453 1354 5508 τὸ
1412 5451 1648 5532 ἐφίεσθαι
1691 5463 1784 5514 τοῦ
1841 5453 1922 5511 ἀει

247 5545 530 5610 δύνασθαι,

339 5729 372 5778 σ
397 5714 556 5786 Psal.
587 5731 760 5804 χχιιι,
795 5717 889 5784 10.
976 5715 1007 5761 ιι
1033 5713 1194 5778 Psat.
1230 5727 1347 5776 τιν
1377 5711 1437 5774 8.
1525 5713 1726 5800 ίΙοοΙ,
1759 5731 1828 5799 ιι,
1863 5713 1966 5780 25.

2001 4749 2200 4796 aerem
2229 4751 2364 4794 vero
2399 4733 2576 4812 hujus
2613 4732 2800 4811 ipsius
2825 4733 3265 4815 impotentiam.
3307 4733 3465 4806 Quin
3497 4741 3556 4796 et
3591 4733 3651 4795 id

2003 4823 2192 4902 ipsum
2218 4823 2548 4885 secundum
2577 4841 2642 4884 se
2663 4823 2936 4886 virtutem
2963 4841 3115 4900 esse,
3155 4822 3333 4886 etiam
3361 4842 3396 4886 a
3438 4823 3653 4886 virtute

2002 4913 2206 4974 divina
2234 4911 2488 4975 exsistit.

2083 5003 2111 5083 §
2145 5001 2240 5066 IV.
2303 5001 2384 5064 Ex
2439 5001 2540 5064 tali
2593 5003 2814 5066 inﬁniti
2845 5011 3088 5087 potente
3117 5004 3336 5068 virtute
3367 5004 3654 5084 angelica:

2003 5095 2250 5155 virtutes
2275 5092 2590 5172 exsistunt,
2616 5103 2673 5156 et
2703 5103 2920 5158 statum
2943 5095 3374 5158 immutabilem
3401 5103 3652 5157 cauera-

2005 5203 2120 5266 que
2145 5182 2347 5244 omnia
2371 5181 2618 5260 habent;
2645 5184 2771 5246 hmo
2787 5184 2950 5248 enim
2967 5183 3040 5245 iis
3067 5183 3268 5246 tribuit
3294 5192 3350 5246 et
3370 5201 3569 5266 posse,
3597 5193 3658 5246 et

2007 5291 2162 5353 esse,
2189 5279 2247 5334 et.
2269 5281 2549 5352 appetere
2567 5291 2808 5356 semper
2835 5274 3126 5350 esse;haac
3149 5273 3276 5335 481
3313 5283 3402 5358 est
3423 5292 3554 5356 quae
3585 5273 3656 5335 iis

2006 5363 2165 5424 vires
2211 5361 2578 5444 suppeditat,
2637 5371 2701 5426 ut
2759 5361 3021 5447 idipsum
3071 5381 3251 5447 posse
3307 5363 3656 5430 desiderare

2007 5469 2248 5534 semper
2279 5450 2530 5531 possint.
