4052 6420
439 323 557 390 903

442 557 502 613 in
533 551 809 612 homines
826 569 1069 632 quoque
1096 551 1424 625 dimanant,
1454 559 1511 611 et
1535 552 1915 626 inanimalia,
1952 553 2087 614 etin

444 643 698 724 plantas,
729 651 1028 722 totamque
1077 650 1343 703 naturam
1387 640 1674 704 universi.
1735 643 2092 706 Corroborat

442 733 600 794 enim
637 733 737 794 illa
759 751 895 811 quae
916 733 1080 793 unita
1104 741 1262 805 sunt,
1320 738 1517 812 partes
1560 750 1616 796 v.
1651 751 1712 812 ε.
1742 733 1919 794 totius
1950 751 2089 795 cor-

443 829 627 904 poris,
663 823 754 884 vel
779 828 954 884 etiam
985 823 1302 902 elementa,
1338 842 1471 902 quae
1494 822 1734 904 quidem
1759 823 2090 886 secundum

445 912 645 990 aliqua
666 913 781 976 sibi
806 921 1004 974 mutuo
1038 911 1502 984 communicant,
1533 914 1861 976 secundum
1900 913 2098 994 aliqua

445 1021 583 1064 vero
609 1003 948 1081 discrepant
977 1001 1169 1082 quoad
1205 1002 1380 1064 talem
1415 1003 2095 1066 communionem.Cor-

445 1091 692 1155 roborat
736 1093 913 1154 etiam
971 1111 1103 1170 quia
1137 1091 1423 1154 distincta
1479 1101 1635 1156 sunt.
1671 1103 1735 1154 ut
1767 1094 2095 1156 secundum

448 1201 617 1244 suam
643 1181 923 1264 quodque
954 1181 1244 1244 rationem
1283 1184 1721 1264 impermistum
1776 1184 2084 1246 consistat.

449 1272 593 1336 Cum
610 1283 804 1335 autem
820 1270 1126 1354 quodlibet
1145 1272 1358 1335 habeat
1389 1273 1661 1336 ordinem
1697 1283 1754 1336 et
1786 1273 2086 1356 propriam

449 1363 1004 1440 directionem,haec
1029 1363 1206 1424 etiam
1232 1363 1643 1437 rohorat,utin
1667 1362 1907 1445 proprio
1931 1380 2089 1444 quaa-

447 1473 563 1533 que
588 1453 800 1516 ordine
845 1461 1292 1516 conserventur.
1329 1452 1688 1515 Corroborat
1717 1453 1895 1514 etiam
1943 1453 2089 1514 vitas

445 1544 813 1611 immortales
838 1545 1238 1622 angelicarnm
1265 1544 1824 1616 unitatum,scilicet
1853 1542 2090 1624 simpli-

444 1639 600 1700 cium
619 1643 1056 1713 naturarum,ut
1081 1632 1452 1695 inviolabiles
1478 1632 2091 1697 conserventur.Con-

441 1737 642 1791 servat
671 1726 849 1787 etiam
883 1726 1129 1786 ordines
1160 1725 1434 1786 caelestes
1491 1723 1917 1787 immutabiles.
1966 1722 2090 1786 Ve-

1610 321 1671 392 S.
1719 329 2063 395 DIONYSII
2119 326 2658 397 AREOPAGIT/E.

517 464 548 542 §
579 460 645 524 V.
674 459 857 524 Porro
878 459 1283 524 indeﬁcientis
1305 461 1473 523 istius
1497 464 1808 542 potestatis
1827 481 2076 525 munera
2099 469 2133 516 A

3702 339 3799 405 904

2239 467 2265 538 §
2334 463 2403 527 ν,
2483 467 2691 541 Πρόεισι
2747 464 2800 522 δὲ
2867 469 2928 522 τὸ
2991 468 3339 525 ἀνέκλειπτον
3415 476 3510 539 της
3576 475 3802 541 τοιαύτης

2171 551 2443 626 δυνάμεως
2502 560 2590 612 καὶ
2650 559 2722 620 εἰς
2780 556 3108 634 ἁνθρώποος,
3171 560 3257 615 καὶ
3329 567 3462 634 ζῶα,
3524 565 3610 617 καὶ
3663 567 3800 643 φυτὰ,

2172 647 2260 700 καὶ
2317 647 2416 712 τὴν
2473 653 2580 702 τῶν
2638 646 2776 702 ὅλων
2834 647 3008 726 φύσιν,
3098 657 3339 724 Δυναμοτ
3393 653 3561 706 τοίνυν
3620 655 3703 709 καὶ
3748 674 3805 710 τα

2173 736 2446 816 ἡνωμένα,
2480 737 2543 792 τὰ
2593 737 2728 815 μέρη
2759 739 2926 817 τυχὸν
2979 745 3070 795 τοῦ
3112 738 3235 796 ἓλου
3279 744 3525 815 σώματος
3579 743 3615 810 ἢ
3643 745 3722 800 καὶ
3750 746 3807 800 τὰ

2175 827 2455 905 στοιχεῖα,
2504 825 2537 880 ἃ
2569 827 2704 882 καταί
2733 849 2849 883 τινα
2881 827 2980 900 μὲν
3038 825 3296 898 ἀλλήλοις
3328 839 3659 905 κοινωνοῦσι,
3689 833 3809 890 κατέ

2175 938 2292 971 τινα
2373 915 2427 971 δὲ
2488 914 2786 995 διαφέρουσι
2844 918 2976 994 πρὸς
3045 921 3145 984 τὴν
3203 920 3457 986 τοιαύτην
3525 923 3805 985 κοινωνίαν,

2181 1015 2422 1080 Δυναμοῐ
2467 1011 2559 1062 καὶ
2594 1007 2653 1061 τὰ
2711 1004 3086 1082 διακεκριμένα
3137 1009 3210 1072 εἷς
3248 1010 3308 1064 τὸ
3361 1023 3501 1066 εἶναι
3551 1013 3684 1068 κατὰ
3728 1014 3810 1068 τὸν

2179 1094 2374 1152 οἶδεϊον
2444 1095 2605 1174 λόγον
2639 1095 2859 1153 ἕκαστον
2929 1097 3288 1176 ἀσύμφυρτον.
3368 1098 3516 1158 Ἐπεὶ
3591 1100 3644 1157 δὲ
3693 1101 3809 1159 ἕκα-

2175 1209 2296 1243 στον
2362 1186 2479 1266 ἔχει
2559 1185 2704 1253 τάξιν
2782 1196 2866 1244 καὶ
2925 1190 3159 1246 εὸθισίαν
3230 1189 3383 1266 ἰδίαν,
3445 1189 3670 1268 δυναμοϊ
3733 1190 3808 1250 καὶ

2172 1283 2335 1333 ταῦτα
2395 1279 2467 1342 εἰς
2524 1278 2586 1334 τὸ
2642 1277 2990 1349 διασώζεσθαι
3056 1281 3132 1344 εἰς
3189 1280 3290 1348 τὴν
3348 1282 3544 1339 οἰκείαν
3601 1280 3807 1340 ἕκαστον

2174 1366 2338 1433 τάξιν.
2403 1367 2644 1442 Δυναμοῖ
2701 1368 2791 1424 καὶ
2861 1369 2955 1432 τὰς
3027 1368 3312 1435 ἀθανάτους
3364 1374 3503 1442 ζωὰς
3568 1373 3675 1430 τῶν
3725 1373 3812 1452 ἆγ-

2172 1455 2403 1536 γελικῶν
2473 1453 2692 1530 ἐνάδων,
2754 1455 2995 1526 δηλονότι
3076 1461 3183 1516 τῶν
3259 1459 3539 1519 ἆπλοϊκῶν
3597 1464 3811 1542 φύσεων,

2174 1549 2244 1611 εἷς
2303 1549 2365 1604 τὸ
2397 1546 2748 1628 φυλάττεσθαι
2805 1545 3222 1617 ἀδιαλωϐήτους.
3288 1549 3548 1610 Φυλάττει
3609 1554 3810 1616 καὶτὰς

2174 1638 2412 1713 οὐρανίας
2471 1635 2665 1710 τάξεις,
2724 1636 3140 1702 ἆναλλοιώτους.
3218 1638 3366 1708 Πλὴν
3426 1642 3504 1716 μὴ
3578 1644 3711 1699 κατὰ
3758 1645 3812 1699 τὸ

2174 1725 2359 1790 ἆῖδίως
2419 1727 2562 1783 εἶναι
2617 1729 2817 1802 νοήσῃς
2851 1729 2911 1783 τὸ
2955 1726 3337 1802 ἀναλλοίωτον,
3371 1729 3509 1787 ἀλλὰ
3538 1733 3676 1788 κατὰ
3727 1733 3816 1799 τὴν

438 1839 575 1882 rum
613 1815 734 1878 noli
767 1815 1100 1890 intelligere
1150 1815 1694 1877 immntabilitatem
1754 1813 2087 1877 secundum

2180 1815 2566 1895 ἄπαραλλαξίαν
2621 1817 2718 1884 τῆς
2764 1825 2856 1874 τοῦ
2884 1819 3080 1879 παντὸς
3137 1819 3358 1885 τάξεως.
3413 1821 3570 1878 Ποιεῖ
3631 1820 3684 1877 δὲ
3736 1825 3812 1879 καὶ

445 1926 577 1971 esse
598 1903 1165 1984 sempiternum,sed
1195 1903 1530 1964 secundum
1555 1901 2092 1965 immutabilitatem

443 1996 675 2059 ordinis
706 1992 990 2055 universi.
1028 1992 1182 2065 Quin
1214 2005 1272 2054 et
1297 1993 1534 2068 sarcula,
1574 2004 1634 2053 ut
1660 2011 1796 2054 esse
1833 1992 2087 2073 possint,

445 2085 717 2163 indulget
742 2104 758 2158 ;
784 2091 977 2163 potest
1004 2084 1166 2143 enim
1191 2083 1373 2144 rebus
1387 2082 1768 2162 sempiternis
1788 2090 2089 2161 tempora-

441 2177 561 2240 lem
589 2174 758 2256 quasi
788 2180 1011 2234 motum
1044 2172 1362 2252 quemdam
1396 2171 1776 2252 spatiumque
1803 2182 2086 2234 coexlen-

444 2262 1128 2327 dere.Corroboratvero
1157 2262 1336 2324 etiam
1374 2272 1794 2342 temporaneos
1809 2279 2090 2342 progres-

443 2372 568 2430 sus,
594 2363 886 2415 astrorum
939 2351 1170 2413 scilicet
1202 2351 1520 2432 motiones,
1556 2369 1691 2432 quae
1721 2352 1780 2412 in
1832 2349 2092 2428 quodam

442 2444 728 2524 temporis
748 2459 997 2504 numero
1017 2460 1118 2522 per
1133 2441 1448 2503 duodecim
1467 2441 1758 2503 dictarum
1775 2441 2090 2503 domorum

446 2536 632 2614 spatia
654 2533 878 2595 sensim
899 2541 1234 2594 moventur.
1263 2531 1622 2594 Corroborat
1643 2531 1820 2592 etiam
1854 2531 2091 2592 revolu-

449 2625 800 2704 tiones,qum
822 2621 895 2683 ab
917 2621 1116 2703 aliquo
1141 2635 1360 2702 puncto
1385 2623 1456 2683 ad
1484 2621 1640 2682 idem
1670 2627 1952 2700 punctum
1989 2640 2092 2682 re-

447 2713 1346 2794 currunt.Corroboratquatuor
1366 2710 1762 2784 elementa,ad
1784 2711 2093 2790 proprium

449 2804 730 2886 quodque
758 2801 1030 2865 ordinem
1080 2811 1304 2864 natura:
1349 2801 1767 2876 constringens
1798 2817 1865 2860 ac
1896 2801 2090 2861 conti-

447 2892 992 2956 nens.Corroborat
1015 2893 1275 2954 viviﬁcos
1298 2901 1473 2954 terra:
1497 2899 1724 2970 partus,
1748 2889 2097 2952 corroborat

449 3003 663 3047 nexum
687 2982 1048 3045 animtecum
1066 2982 1852 3062 corpore,suscitatvirtutes
1868 2979 2095 3042 anima-

451 3076 538 3136 les
570 3073 642 3135 ad
677 3073 936 3153 plantam
970 3089 1380 3152 saepenumero
1413 3071 1728 3132 fovendam
1753 3078 1812 3132 et
1865 3089 2090 3150 augen-

447 3165 611 3245 dam,
644 3171 701 3224 et
724 3163 784 3224 in
829 3163 887 3223 id
926 3163 1120 3243 ipsum
1180 3162 1536 3224 revolvendo
1564 3160 1912 3257 essentiales
1943 3161 2151 3257 viresC

449 3253 784 3327 conﬁrmat,
833 3261 892 3314 et
929 3252 1245 3333 ipsammet
1294 3251 1593 3332 justornm
1647 3249 2087 3312 deiﬁcationem

449 3342 764 3420 elargitur,
789 3341 1068 3404 virtutem
1100 3341 1244 3423 ipsis
1267 3341 1338 3403 ad
1370 3341 1483 3403 hoc
1511 3338 1802 3422 praebens.
1851 3339 1921 3401 Et
1953 3341 2091 3402 uni-

449 3433 692 3514 versim,
745 3432 894 3494 nihil
936 3439 1027 3493 est
1091 3431 1151 3493 in
1207 3449 1408 3494 rerum
1472 3439 1706 3502 natura,
1753 3429 1912 3510 quod
1975 3449 2094 3492 non

446 3522 874 3605 omnipotentis
903 3521 1237 3603 divinaeque
1294 3520 1528 3584 virtutis
1584 3519 1883 3602 particeps
1932 3519 2094 3582 exsi-

441 3621 681 3775 Sta§LVL
714 3693 838 3758 Etsi
861 3692 1233 3757 contradicat
1255 3693 1315 3754 in
1339 3692 1504 3755 Actis
1549 3693 1790 3774 Elymas
1863 3709 2087 3771 magus,

2175 1900 2269 1953 τὸν
2322 1899 2486 1953 αἶῶνα
2544 1896 2810 1954 δύνασθαι’
2875 1897 3122 1955 δύνασται
3173 1901 3272 1977 γὰρ
3315 1901 3377 1956 τὸ
3437 1905 3815 1982 συμπαρεκτεί-

2176 1991 2348 2043 νεσθαι
2410 2000 2521 2051 τοϊς
2567 1985 2758 2052 ἀϊδίοις
2804 1986 2923 2062 ολόν
2953 2011 3002 2044 τι
3069 1989 3320 2068 χρονικὸν
3360 1995 3562 2064 κίνημα
3595 1994 3680 2047 καὶ
3712 1991 3817 2048 διά-

2172 2100 2374 2152 στημα.
2445 2087 2683 2151 Δυναμοϊ
2738 2074 2792 2132 δὲ
2850 2079 2937 2134 καὶ
2993 2078 3088 2142 τὰς
3119 2080 3376 2158 χρονικὰς
3425 2080 3818 2159 προόδους,τας

2173 2175 2278 2223 τῶν
2359 2165 2592 2243 ἀστέρων
2651 2165 2854 2234 δηλαδὴ
2927 2169 3186 2242 κινήσεις,
3249 2169 3337 2226 ἐπί
3413 2193 3527 2227 τινα
3617 2173 3821 2252 ἀριθμὸν

2174 2256 2370 2337 χρόνου
2440 2254 2745 2322 διερπυύσας
2817 2258 2880 2311 τὰ
2952 2256 3024 2311 13’
3117 2258 3223 2314 τῶν
3293 2258 3599 2338 λεγομένων
3667 2263 3823 2320 οἴκων

2176 2340 2534 2421 διαστήματα.
2606 2356 2844 2421 Δυναμοτ
2895 2349 2980 2403 καὶ
3038 2348 3131 2411 τὰς
3193 2350 3683 2432 ἀποκαταστάσεις,
3740 2355 3823 2418 τὰς

2176 2437 2281 2493 ἀπὸ
2330 2436 2554 2511 σημείου
2609 2437 2752 2498 τινὸς
2811 2436 2892 2492 ἐπὶ
2953 2439 3012 2493 τὸ
3072 2441 3197 2497 αὖτὸ
3255 2455 3488 2516 σημεῖον
3548 2441 3826 2520 ἐπαναδρο-

2179 2526 2304 2597 μάς,
2372 2537 2612 2599 Δυναμοϊ
2642 2527 2708 2581 τὰ
2762 2526 2990 2604 τέσσαρα
3053 2543 3326 2607 στοιχεῖα,
3363 2532 3437 2593 εἷς
3486 2532 3583 2598 τὴν
3631 2534 3823 2588 οἰκείαν

2178 2615 2401 2670 ἕκαστον
2451 2614 2592 2679 τάξιν
2639 2619 2735 2682 τῆς
2794 2615 3000 2694 φθίσεως
3059 2618 3359 2696 συσφίγγων
3416 2621 3504 2676 καὶ
3555 2621 3819 2700 συνέχων,

2183 2716 2422 2780 Δυναμοτ
2477 2705 2571 2768 τὰς
2628 2703 2923 2782 ζωογόνους
3001 2705 3194 2772 ὠδῖνας
3249 2710 3348 2774 τῆς
3399 2713 3525 2788 γῆς,
3589 2721 3829 2786 Δυναμοῖ

2180 2797 2274 2862 τὴν
2325 2792 2558 2852 σύνδεσιν
2629 2799 2725 2861 τῆς
2803 2799 2988 2875 ψυχῆς
3059 2799 3194 2870 μετὰ
3251 2799 3524 2880 σώματος,
3587 2799 3831 2857 ἀνακινεῖ

2179 2887 2273 2948 τὰς
2331 2889 2566 2964 ψ’)χικας
2629 2881 2873 2958 δυνάμεις
2929 2887 2998 2950 εἰς
3051 2889 3109 2942 τὸ
3163 2887 3422 2951 πολλάκις
3478 2889 3690 2970 τρέφειν
3749 2894 3832 2947 καὶ

2181 2974 2345 3040 αὔξειν
2408 2976 2464 3030 τὸ
2516 2975 2697 3054 φυτὸν,
2761 2975 2846 3030 καὶ
2905 2976 2976 3037 εἷς
3035 2977 3158 3032 αὖτὸ
3215 2985 3368 3034 τοῦτο
3427 2979 3831 3039 ὲπανακνκλεῦ-

2179 3067 2321 3144 σθαι,
2353 3063 2626 3142 διακρατεϊ
2675 3063 2766 3129 τὰς
2826 3063 3094 3126 οὔσιώδεις
3144 3065 3416 3143 δυνάμεις,
3463 3069 3551 3125 καὶ
3610 3071 3672 3125 τὸ
3733 3077 3829 3126 πᾶν

2178 3153 2545 3233 ἄσφαλίζεται,
2607 3154 2695 3209 καὶ
2766 3155 2930 3223 αὐτὴν
2991 3155 3090 3221 τὴν
3159 3161 3260 3212 τῶν
3322 3155 3538 3214 δικαίων
3582 3158 3834 3240 δωρεῖται

2175 3244 2386 3323 θέωσιν)
2440 3241 2656 3317 δύναμιν
2715 3244 2918 3306 τούτοις
2993 3246 3066 3310 εἷς
3128 3257 3280 3307 τοῦτο
3339 3248 3681 3329 παρέχουσα.
3742 3252 3835 3308 Καὶ

2176 3335 2422 3407 καθόλου,
2487 3331 2633 3389 οὒδὲν
2691 3341 2796 3390 τῶν
2854 3334 3018 3391 ὄντων
3089 3336 3250 3412 ἐστὶν,
3297 3337 3427 3415 ὅπερ
3489 3343 3549 3398 0-3
3611 3340 3837 3419 μετὲγει

2177 3430 2271 3501 τῇς
2302 3425 2792 3503 παντοκρατορικῆς
2824 3426 2912 3480 καὶ
2954 3426 3095 3488 θεὶας
3125 3425 3419 3504 δυνάμεως,

2257 3696 2284 3770 §
2343 3689 2442 3756 VI.
2478 3692 2660 3752 Καίτοι
2705 3691 2969 3771 ἐπιφορεῖ
3021 3695 3048 3752 ὁ
3103 3692 3157 3751 ἐν
3186 3709 3304 3761 τοῖς
3356 3696 3611 3772 Πραξεσιν
3674 3696 3838 3757 Ἐλύ-

445 3784 657 3848 ιιὶεεηι
688 3806 703 3845 :
764 3786 827 3848 Si
871 3783 1249 3865 omnipotens
1274 3781 1457 3864 Deus,
1503 3782 1803 3865 quomodo
1833 3800 1866 3844 a
1897 3790 2091 3844 vestro

2180 3807 2282 3859 μας
2340 3788 2366 3840 ὁ
2399 3783 2594 3862 μάγος,
2631 3781 2823 3859 λέγων·
2863 3784 2919 3839 Ei
2978 3783 3378 3862 παντοδὺναμος
3437 3791 3464 3844 ὃ
3525 3790 3682 3854 Θεὸς,
3719 3795 3834 3851 πῶς

443 3875 742 3955 tbeologo,
811 3874 992 3937 Paulo
1043 3873 1342 3945 videlicet,
1401 3873 1620 3935 dicitur
1689 3871 1916 3953 aliquid
1973 3889 2090 3933 non

2180 3875 2318 3953 παρὰ
2374 3880 2464 3930 τοῦ
2525 3871 2640 3928 καθ’
2697 3872 2833 3946 ὒμᾶς
2891 3871 3168 3952 θεολόγου,
3216 3876 3424 3934 Παύλου
3480 3876 3696 3946 δηλαδῆ
3742 3878 3834 3935 λέ-

447 3970 716 4046 posset?
747 3964 1062 4028 Cavillatur
1113 3978 1311 4026 autem
1371 3964 1566 4043 ipsum
1611 3962 1936 4035 dicentem,
1971 3981 2090 4024 non

2180 3986 2323 4043 γεται
2383 3964 2427 4018 τῖ
2487 3962 2564 4036 μὴ
2637 3961 2932 4034 δύνασθαις
3008 3965 3054 4020 ὦ
3109 3962 3174 4032 δὴ
3238 3967 3324 4022 καὶ
3386 3964 3716 4045 λοιδορεῐται
3772 3969 3841 4024 εἷο

447 4070 622 4135 posse
646 4053 829 4114 Deum
864 4052 1251 4133 semetipsum
1284 4070 1524 4130 negare.
1560 4051 1712 4113 Dum
1738 4060 1936 4113 autem
1978 4051 2090 4112 hoc

2180 4055 2351 4126 πόντι,
2415 4053 2492 4126 μὴ
2570 4050 2812 4108 δύνασθαι
2873 4055 2962 4109 τὸν
3024 4057 3152 4111 Θεὸν
3230 4057 3416 4112 ἑαυτὶν
3474 4057 3836 4137 ἀρνήσασθαι.

447 4162 738 4226 propono,
769 4143 1154 4206 vehementer
1183 4152 1404 4213 metuo,
1443 4160 1518 4206 ne
1539 4143 1739 4205 videar
1767 4159 2087 4222 puerorum

2180 4142 2316 4222 Ἐγὼ
2372 4141 2425 4198 δὲ
2500 4142 2741 4220 προσθεὶς
2813 4153 2990 4216 τουτο,
3054 4141 3168 4200 λίαν
3224 4144 3485 4226 φοϐοῦμαι
3559 4149 3644 4221 μὴ
3703 4146 3840 4212 δσᾷξω

443 4239 804 4295 structuram
832 4250 1180 4294 arenaceam
1217 4241 1270 4293 et
1300 4233 1594 4293 inﬁrmam
1633 4249 2004 4313 oppugnare,
2035 4240 2091 4292 et

2180 4232 2531 4313 Βιαμαχεσθαι
2611 4234 2745 4311 πρὸς
2835 4233 3182 4308 μειρακιῶδες
3276 4237 3361 4291 καὶ
3440 4236 3659 4302 ἀσθενὲς

443 4323 514 4384 ad
543 4323 722 4403 hujus
744 4322 858 4384 loci
891 4340 1157 4396 sensum,
1199 4331 1472 4402 tanquam
1501 4321 1571 4384 ad
1597 4340 1841 4402 scopum
1867 4321 1968 4403 qui
1994 4329 2088 4381 at-

2180 4325 2398 4400 ῴάμμου
2471 4319 2830 4397 οἰκοδόμημα,
2897 4324 2982 4379 καὶ
3059 4327 3551 4404 καταστοχάζεσθαι
3642 4328 3842 4384 ὡσανεί

446 4413 591 4492 tingi
616 4421 894 4494 nequeat,
925 4411 1256 4474 collimare.
1321 4411 1466 4475 Dico
1499 4420 1700 4474 autem
1738 4412 1922 4473 Deum
1958 4429 2090 4472 esse

2180 4436 2311 4477 τινος
2388 4413 2666 4493 ἀνεφίκτου
2729 4419 2931 4470 σκοποῦ
2986 4419 3083 4481 τῆς
3144 4417 3266 4493 περί
3325 4417 3512 4472 τούτου
3569 4415 3840 4480 διανοίας.

446 4503 750 4566 veritatem
781 4521 794 4564 :
829 4502 1045 4565 veritas
1076 4512 1270 4564 autem
1299 4521 1405 4564 ens
1427 4501 1925 4577 est,mendacium
1951 4518 2089 4562 vero

2180 4505 2320 4580 Φημὶ
2381 4501 2458 4576 δὲ,
2494 4501 2574 4558 ὅτι
2635 4502 2661 4557 ὀ
2720 4504 2849 4568 Θεὸς
2911 4502 3132 4573 ἀλήθειά
3191 4504 3354 4562 ἐστιν’
3417 4508 3451 4574 ἡ
3497 4507 3554 4562 δὲ
3605 4506 3846 4578 ἀλήθεια

442 4593 582 4652 482
614 4612 811 4672 neque
840 4592 1286 4655 consistentiam
1339 4611 1448 4653 nec
1515 4596 1820 4654 entitatem
1882 4590 2082 4652 habet.

2180 4593 2229 4651 ὅν
2275 4594 2406 4668 ἐστι,
2442 4594 2501 4649 τὸ
2558 4589 2611 4648 δὲ
2643 4590 2832 4668 ψεῦδος
2881 4593 3241 4652 ἀνυπόστατον
3298 4596 3384 4652 καὶ
3445 4595 3522 4670 μὴ
3558 4597 3645 4660 ὄν,
3712 4599 3848 4656 Ἐὰν

445 4681 504 4744 Si
535 4683 733 4764 itaque
783 4682 999 4746 veritas
1052 4690 1298 4760 negaret
1347 4682 1759 4762 semetipsam,
1805 4699 2087 4742 succum-

2180 4683 2262 4740 οὖν
2317 4683 2613 4763 ἆρνήσηται
2659 4683 2854 4750 ἑαυτὴν
2905 4686 2939 4751 ἡ
2996 4681 3239 4759 ἀλήθεια,
3299 4689 3376 4760 τῷ
3428 4684 3609 4762 ψεύδει
3683 4709 3847 4768 περι-

448 4773 615 4834 beret
639 4771 974 4854 mendacio,
1007 4772 1141 4836 etid
1175 4773 1332 4854 quod
1366 4780 1457 4834 est
1498 4781 1558 4835 et
1613 4770 1844 4834 exsistit
1902 4769 2086 4832 mini-

2180 4788 2442 4853 πεσετται,
2472 4775 2562 4830 καὶ
2603 4775 2665 4829 τὸ
2713 4771 2771 4828 ὃν
2823 4775 2908 4830 καὶ
2947 4773 3006 4829 ὃν
3057 4774 3136 4850 μὴ
3190 4775 3250 4830 ὃν
3295 4774 3464 4838 ἔσται.
3503 4779 3576 4835 Τὸ
3604 4777 3701 4834 οὖν
3769 4789 3852 4854 μὴ

2171 4863 2412 4922 δύιασθαι
2485 4863 2570 4919 ἐπὶ
2630 4864 2762 4919 Θεοῦ
2834 4863 3157 4940 τὰττόμετον
3182 4911 3200 4942 ,
3289 4865 3492 4946 ἁφάτου
3559 4866 3855 4944 δυνάμεώς

446 4961 662 5034 tutum,
718 4959 810 5016 est
868 4953 1103 5030 signum
1156 4952 1404 5016 infinitae
1473 4952 1708 5014 virtutis
1766 4970 1782 5028 ;
1835 4950 2088 5033 perinde

2180 4955 2281 5012 ἐστι
2335 4966 2588 5030 σημεῖον·
2649 4951 2834 5029 ὅμοιον
2892 4955 2992 5032 γάρ
3052 4953 3194 5012 ἐστιν
3251 4957 3446 5030 εἰπεῖν,
3481 4955 3564 5014 ὅτι
3624 4959 3694 5014 οὔ
3751 4956 3855 5014 δύ-

443 5045 604 5105 enim
637 5051 727 5105 est
753 5061 821 5106 ac
853 5041 904 5106 si
937 5041 1264 5124 diceretur,
1296 5043 1483 5106 Deum
1517 5061 1636 5106 non
1668 5059 1846 5123 posse
1892 5041 2088 5104 facere

2180 5068 2320 5102 ναται
2373 5046 2400 5100 ὁ
2435 5046 2566 5109 Θεὸς
2601 5048 2820 5110 ποιῆσαι
2852 5043 3040 5101 ἑαυτὸν
3088 5045 3166 5120 μὴ
3198 5045 3342 5102 εἶναι
3377 5045 3531 5110 Θεόν,
3595 5045 3859 5126 "ﬂans?

441 5151 504 5195 se
526 5133 719 5214 ipsum
738 5152 856 5195 non
880 5152 1012 5195 esse
1032 5130 1765 5207 Deum.Quemadmodum
1788 5131 1946 5194 enim
1962 5131 2086 5214 lux,

2180 5137 2267 5214 γὰρ
2325 5136 2384 5191 τὸ
2444 5140 2580 5215 φῶς,
2642 5134 2772 5190 καθὸ
2824 5139 2959 5214 φῶς,
3015 5133 3075 5191 οὗ
3136 5133 3347 5192 δύναται
3405 5139 3599 5202 σκότος
3668 5139 3857 5214 εἶναι,

441 5223 499 5284 in
524 5231 810 5302 quantum
831 5225 928 5285 lux
953 5231 1063 5297 est,
1091 5243 1207 5286 non
1245 5231 1436 5303 potest
1467 5241 1598 5285 esse
1632 5221 1896 5286 tenebrae
1930 5241 1944 5282 :
1998 5221 2089 5284 sic

2180 5225 2306 5282 οὕτω
2361 5227 2448 5282 καὶ
2492 5232 2646 5282 τοῦτο
2702 5221 2955 5282 ἀδύνατον
3006 5225 3083 5300 τῷ
3127 5232 3242 5301 Θεῷ
3301 5223 3386 5282 διά
3449 5227 3540 5295 τὴν
3600 5227 3862 5307 ἆνυπὶρ-

442 5322 500 5376 et
531 5314 640 5375 hoc
663 5313 1032 5392 impossibile
1054 5323 1140 5374 est
1166 5317 1562 5393 Deo,propter
1583 5310 2086 5393 superabundan-

2180 5313 2370 5382 ἕλητον
2419 5313 2694 5385 ἀλήθειαν,
2754 5312 2972 5391 ’Ώσπερ
3017 5315 3104 5371 οὖν
3149 5319 3245 5374 οὒκ
3297 5314 3441 5374 οἶδεν
3502 5319 3529 5373 ὁ
3583 5319 3731 5382 Θεός
3799 5321 3862 5374 τὸ

446 5411 560 5464 tem
587 5404 921 5466 veritatem.
979 5403 1146 5466 Sicut
1178 5401 1352 5482 igitur
1377 5402 1528 5464 Deus
1578 5420 1878 5483 nunquam
1911 5402 2087 5466 scivit

2180 5407 2248 5481 αὴ
2323 5403 2510 5462 εἰδέναι
2571 5405 2814 5480 πώποτε,
2879 5406 2951 5471 ὡς
3007 5407 3066 5462 τὸ
3125 5416 3225 5485 πῦρ
3294 5408 3390 5464 οὐκ
3447 5405 3562 5464 οἶδε
3620 5411 3694 5465 τὸ
3771 5409 3858 5485 μὴ

442 5492 929 5572 inscitiam,sicut
952 5511 1064 5554 nec
1094 5493 1255 5555 novit
1285 5492 1438 5571 ignis
1460 5511 1579 5554 non
1609 5491 2080 5568 calefactionem,

2180 5495 2485 5575 ὶερμαίνειν,
2555 5493 2720 5555 οὕτως
2789 5493 2904 5554 οὐδὲ
2974 5493 3184 5554 δύναται
3272 5499 3332 5556 τὸ
3402 5501 3480 5574 μὴ
3551 5497 3856 5558 δύνασθαι·

441 5581 529 5644 sic
560 5599 759 5662 neque
789 5589 984 5664 potest
1009 5600 1130 5646 non
1154 5599 1373 5666 posse;
1399 5581 1557 5666 quod
1589 5581 1828 5665 sapiens
1860 5581 1963 5646 ille
1977 5600 2085 5667 per

2180 5585 2298 5664 imp
2348 5587 2375 5643 ὁ
2428 5584 2590 5666 σοφὸς
2639 5584 2760 5642 κατ’
2819 5585 3084 5667 εἰρωνείαν
3131 5586 3365 5664 Ἐλύμας
3397 5589 3492 5648 οὐκ
3539 5588 3858 5665 ὶννοτίσας,

524 5717 554 5763 ιι
579 5715 630 5781 Il
660 5715 818 5783 Tim.
849 5733 916 5802 ιι,
948 5718 1048 5782 l3.

447 4881 545 4924 me
589 4870 767 4924 esset.
825 4865 980 4940 Ergo
1018 4859 1163 4923 illud
1217 4881 1335 4925 non
1387 4881 1560 4944 posse
1590 4863 1653 4924 in
1699 4860 1824 4924 Deo
1860 4861 2086 4923 consti-
