4052 6432
193 378 303 443 905

619 378 718 439 DE
762 378 1058 440 DIVINIS
1099 377 1550 449 NOMINIBUS,
1597 374 1758 438 CAP.
1809 377 1974 439 VIII.
2030 410 2107 422 —
2154 369 2537 441 PARAPHR.
2588 377 3113 442 PACHYMERE.

3443 378 3564 446 906

192 523 424 590 μιμεῖται
476 509 583 565 τῶν
633 508 879 576 ἀθλητῶν
931 524 1050 572 τους
1102 508 1238 583 μηδὲ
1288 510 1388 576 τὴν
1420 510 1569 575 νίκην
1620 506 1819 571 εἰδότας

1908 506 2154 570 ironiam
2191 510 2426 591 Elymas
2449 511 2589 572 dum
2624 529 2730 573 nos
2764 511 3060 591 intelligit,
3103 513 3363 577 imitatur
3393 515 3571 596 pugi-

192 608 297 666 πῶς
348 600 565 677 γίνεταιν
622 598 820 663 οἵτινες
873 600 1008 655 κατά
1058 600 1117 654 τὶ
1174 596 1357 655 δοκοῦν
1406 599 1615 662 ἑαυτοῖς
1674 620 1831 653 σκια-

191 712 445 770 μαχουσιν
512 688 756 744 ἀποντων
828 694 932 743 τῶν
983 689 1412 765 ἀνταγωνιστῶν,
1471 692 1556 744 καὶ
1627 688 1831 744 οἴονται

186 789 284 837 τῶν
324 776 627 834 ἀντιπάλων
681 791 923 856 κρατεῖν,
960 779 1037 852 μὴ
1089 777 1283 840 εἶδοτες
1328 779 1427 844 τὴν
1477 778 1688 833 ἐκείνων
1739 776 1830 832 δύ-

189 891 357 945 ναμιν,
433 860 627 942 Ἡμεῖς
699 866 777 947 δὲ,
842 868 1369 947 καταστοχαζόμενοι
1432 873 1527 933 τῆς
1602 866 1831 927 διανοίας

184 967 268 1016 τοῦ
308 959 444 1014 θείου
506 956 741 1036 Παύλου,
794 958 1056 1031 ὕμνοῦμεν
1113 958 1200 1012 τὸν
1265 960 1392 1013 Θεὸν
1440 960 1512 1021 ὡς
1571 957 1827 1035 μακάριον

182 1050 261 1106 καὶ
316 1049 479 1122 μόνον
531 1045 813 1115 δυνάστην,
872 1048 943 1107 ὡς
1003 1045 1325 1116 δεσπόζοντα
1377 1056 1468 1104 τοῦ
1510 1048 1723 1125 αἰῶνος,
1754 1048 1827 1108 ὡς

181 1136 289 1194 κατ’
348 1135 491 1193 οὖδέν
523 1133 905 1193 ἐκπεπτωκότα
967 1143 1072 1193 τῶν
1131 1136 1320 1208 ὄντων,
1358 1138 1400 1191 εἶ
1457 1138 1557 1214 γὰρ
1616 1139 1676 1191 τὸ
1733 1134 1825 1191 δύο

183 1230 356 1283 νασθαι
417 1232 546 1281 πᾶσι
596 1238 718 1289 τοῖς
769 1225 914 1280 οὖσιν
974 1224 1165 1304 ἔνεστι,
1231 1223 1441 1288 παντως
1500 1228 1527 1280 ὁ
1585 1225 1719 1280 κατά
1776 1246 1825 1279 τι

180 1317 250 1391 μὴ
290 1314 601 1390 δυνάμενος,
632 1317 676 1371 εἰ
734 1314 810 1382 μή
870 1313 1097 1379 εὐσεϐῶς
1128 1317 1188 1371 τὸ
1246 1316 1406 1392 ῥητὸν
1452 1314 1824 1393 ἐκλαϐοὲμείια,

180 1407 478 1462 ἐκπεσεῖται
548 1406 680 1461 κατὰ
738 1427 789 1460 τι
854 1412 946 1460 τοῦ
1001 1405 1244 1481 ὃντος,ᾒ
1302 1427 1462 1483 φησιν
1495 1407 1521 1459 ὁ
1580 1405 1824 1469 ἀσύνετος

179 1495 453 1573 Ἐλύμας’)
514 1494 720 1569 μᾶλλον
791 1491 846 1549 δὲ
902 1495 980 1569 μὴ
1046 1496 1209 1567 μᾶνον
1281 1496 1376 1551 οὒκ
1440 1495 1824 1551 ἐκπεπτωιότα

178 1593 271 1641 τῶν
340 1584 535 1661 ὄντων,
596 1584 733 1641 ἀλλὰ
807 1586 894 1641 καὶ
964 1584 1269 1664 προέχοντα
1340 1588 1425 1641 καὶ
1496 1583 1826 1663 ὑπερέχοντα

174 1675 299 1731 κατά
368 1673 589 1752 δύναμιν
663 1676 1011 1753 ὑπερούσιον,
1088 1677 1175 1733 καὶ
1255 1674 1622 1754 δεδωρημένον
1696 1681 1822 1731 πᾶσι

173 1777 281 1827 τοῖς
327 1765 445 1822 οὖσι
495 1767 582 1821 καὶ
638 1768 699 1820 τὸ
758 1763 1002 1821 δύνασθαι
1062 1766 1226 1844 είναι,
1261 1767 1349 1822 καὶ
1406 1767 1467 1821 τὸ
1498 1763 1617 1821 τόδε
1680 1764 1824 1819 εἶναι

174 1854 298 1911 κατά
330 1856 637 1928 περιουσίαν
664 1853 1099 1933 ὑπερϐαλλούσης
1131 1852 1425 1930 δυνάμεως,

242 2123 272 2205 §
330 2121 460 2187 VII.
524 2122 674 2200 Ὀρος
733 2122 1094 2197 δικαιοσύνης,
1148 2123 1310 2203 ἐστὶν,
1343 2123 1505 2203 ἀρετὴ
1581 2122 1833 2200 διανεμη-

167 2220 285 2283 τικὴ
330 2222 428 2271 τοῦ
485 2212 606 2271 ut,
654 2214 822 2294 ἀξίαν,
875 2214 910 2282 ἢ
969 2211 1271 2292 ἴδιοπραγία
1327 2214 1433 2270 τῶν
1490 2219 1589 2280 τῆς
1636 2219 1820 2293 ψυχῇς

173 2312 379 2385 νοερῶν,
440 2305 475 2372 ἢ
551 2305 785 2379 μεσότης
857 2302 1159 2367 πλεονεξίας
1230 2306 1316 2360 καὶ
1385 2304 1706 2379 μειονεξίας,
1784 2305 1820 2372 ἢ

166 2397 264 2462 ἕξις
321 2396 697 2470 ἀπονεμητιιὴ
756 2393 1021 2459 ἰσότητας,
1090 2395 1225 2469 Πρὸς
1284 2402 1408 2470 γοῦν
1472 2396 1591 2459 τοὺς
1650 2395 1823 2451 τοιού.

158 2508 280 2549 τους
342 2485 493 2561 ὅρους
545 2484 721 2550 XXXI);
778 2485 1099 2540 ἀναπτύσσει
1161 2484 1259 2549 τὴν
1333 2485 1472 2539 θείαν
1541 2483 1814 2541 δικαιοσύ-

160 2597 276 2640 νην,
341 2574 443 2627 Διά
491 2580 646 2629 τοῦτο
701 2574 799 2651 γὰρ
848 2576 874 2628 ὁ
937 2580 1064 2637 Θεος
1122 2570 1427 2637 δικαιοσύνη
1476 2571 1709 2651 λέγεται,
1746 2576 1818 2635 ὡς

157 2669 283 2718 πᾶσι
338 2660 464 2718 κατ’
511 2660 656 2727 ἀξίαν
703 2661 988 2737 ἀπονέμων
1040 2662 1244 2717 ἃπαντα
1293 2664 1427 2721 κατὰ
1476 2664 1564 2717 τὸν
1619 2664 1816 2719 οἰκεῖον

161 2753 381 2809 ἑκάστου
444 2757 543 2819 τῆς
606 2752 810 2830 φύσεως
884 2754 1027 2830 ὅρον,
1083 2754 1169 2806 καί
1226 2754 1298 2813 ὼς
1361 2751 1533 2815 αἴτιος
1589 2751 1663 2807 ὢν
1720 2758 1817 2818 τῆς

157 2842 518 2921 αὖτοπραγίας
576 2841 817 2898 ἑκάστου·
871 2843 1041 2897 πάντα
1100 2841 1198 2919 γαρ
1256 2844 1290 2908 ἡ
1347 2844 1455 2897 θεία
1512 2840 1816 2908 δικαιοσύνη

156 2933 327 2989 τάττει
406 2931 530 2987 κατ’
589 2932 730 2996 ἀξίαν
790 2932 1036 2989 ἑκάστου.
1105 2930 1335 2986 Ἀδικίαν
1393 2933 1568 2989 τοίνυν
1630 2929 1813 2986 λαλοῦλ

153 3044 253 3100 σιν,
289 3024 337 3077 οἱ
396 3022 494 3087 τῆς
554 3023 693 3083 θείας
746 3018 1083 3086 δικαιοσύιης
1146 3024 1660 3099 καταψηνριζιὶρενοι,
1723 3020 1815 3076 καί

154 3110 428 3190 λέγοντες,
465 3109 689 3190 ὀφείλειν
724 3110 867 3166 εἶναι
929 3124 1046 3171 τοῖς
1097 3114 1315 3175 θνητοῖς
1349 3112 1446 3177 τὴν
1506 3112 1810 3184 ἀθανασίαν,

1917 596 2025 670 les,
2062 599 2162 678 qui
2182 618 2378 681 neque
2403 602 2711 663 victoriam
2739 611 2962 663 norunt
2986 603 3287 679 quomodo
3317 623 3569 687 compa-

1915 696 2108 751 retur:
2131 689 2231 767 qui
2253 692 2528 753 videntur
2559 692 2672 753 sibi
2720 692 2781 753 in
2813 691 3023 753 umbra
3044 711 3178 754 cum
3213 692 3561 758 absentibus

1916 777 2275 841 adversariis
2297 789 2663 856 concertare,
2714 782 3173 863 existimantque
3205 802 3269 844 se
3301 783 3435 845 illos
3466 802 3571 847 su-

1917 885 2150 946 perare,
2186 888 2322 931 cum
2355 871 2633 933 virtutem
2664 890 2871 933 eorum
2908 891 3025 933 non
3078 871 3337 934 habeant
3368 874 3572 954 explo-

1914 967 2123 1018 ratam.
2157 958 2274 1020 Nos
2296 969 2517 1035 autem,
2541 960 2612 1021 ad
2646 961 2764 1022 divi
2798 960 2960 1023 Pauli
2992 980 3235 1025 sensum
3260 961 3569 1025 colliman-

1915 1054 2021 1119 tes,
2045 1048 2452 1111 collaudamus
2478 1050 2662 1111 Deum
2692 1059 2967 1132 tanquam
2993 1050 3229 1111 beatum
3248 1051 3570 1131 solumque

1911 1144 2234 1216 potentem,
2271 1149 2475 1218 utpote
2500 1140 2904 1203 dominantem
2938 1140 3275 1222 aeternitati,
3312 1149 3370 1202 et
3400 1141 3574 1204 nulla

1910 1246 2166 1307 unquam
2214 1230 2458 1291 entitate
2489 1231 2832 1292 frustratum
2882 1231 2962 1311 (si
2993 1229 3152 1292 enim
3188 1231 3451 1310 potentia
3476 1248 3569 1293 re-

1910 1315 2021 1377 bus
2052 1316 2209 1379 inest
2234 1320 2539 1401 omnibus,
2571 1320 2819 1382 omnino
2851 1319 2899 1382 is
2923 1320 3024 1402 qui
3055 1319 3387 1383 secundum
3420 1320 3569 1402 quid

1908 1404 2205 1485 impotens
2238 1416 2348 1482 est,
2377 1410 2494 1470 nisi
2525 1409 2620 1490 pie
2655 1409 2878 1472 dictum
2926 1410 3039 1472 hoc
3071 1410 3564 1490 interpretemur,

1907 1497 2238 1558 secundum
2267 1499 2409 1579 quid
2441 1499 2514 1562 ab
2540 1501 2783 1561 entitate
2820 1498 3092 1576 descivit,
3119 1508 3183 1561 ut
3213 1499 3565 1582 imprudens

1909 1586 2145 1665 Elymas
2180 1588 2532 1669 tradit)quin
2564 1590 2763 1669 potius
2788 1608 2906 1650 non
2938 1589 3134 1651 solum
3168 1598 3448 1672 tanquam
3476 1608 3567 1652 se-

1909 1676 2167 1736 cundum
2194 1696 2320 1738 rem
2346 1678 2573 1739 uullam
2612 1678 3126 1759 deﬁcientem,sed
3152 1680 3329 1742 etiam
3344 1688 3406 1741 ut
3420 1697 3570 1761 prte-

1912 1764 2232 1827 habentem
2261 1784 2331 1827 ac
2357 1766 2619 1848 desuper
2652 1768 2971 1830 habentem
3005 1770 3206 1831 omnia
3230 1769 3563 1832 secundum

1846 1866 1886 1916 Β
1911 1855 2181 1916 virtutem
2206 1858 2795 1936 superessentialem,
2832 1866 2892 1920 et
2925 1858 3107 1921 rebus
3138 1860 3415 1922 omnibus
3445 1861 3563 1923 lar-

1911 1943 2171 2021 gientem
2207 1955 2321 2006 tam
2356 1955 2418 2007 ut
2446 1966 2578 2010 esse
2605 1949 2860 2029 possint,
2894 1968 3072 2029 quam
3111 1957 3176 2010 ut
3200 1948 3319 2011 sint
3343 1968 3563 2013 secun-

1913 2032 2053 2092 dum
2087 2033 2448 2096 afﬂuentiam
2494 2036 2727 2098 virtutis
2757 2037 3320 2117 superabundantis.

1992 2123 2022 2202 §
2058 2122 2182 2186 VlI.
2219 2124 2492 2187 Definitio
2547 2126 2798 2208 justitize
2830 2135 2942 2201 est,
2973 2128 3161 2189 virtus
3192 2129 3406 2207 cuique
3450 2134 3563 2191 trt-

1915 2212 2104 2274 bueus
2146 2233 2252 2293 pro
2286 2214 2594 2295 dignitate,
2628 2217 2717 2279 vel
2764 2215 3003 2298 prepria
3037 2216 3190 2278 actio
3219 2215 3563 2280 facultatum

1902 2304 2117 2364 animae
2146 2304 2230 2379 60,
2267 2304 2353 2365 \el
2384 2305 2647 2367 medium
2700 2305 2854 2367 inter
2885 2305 3311 2368 abundantiam
3337 2313 3398 2370 et
3421 2307 3563 2370 ino-

1908 2393 2085 2473 piam,
2124 2396 2209 2454 vel
2244 2394 2480 2455 habitus
2512 2394 2927 2457 distributivus
2958 2396 3559 2475 zequalitatisttius-

1908 2483 2065 2542 modi
2088 2484 2285 2564 itaque
2317 2483 2768 2547 deﬁnitionibus
2801 2484 2913 2545 rite
2946 2485 3358 2547 accommodat
3381 2486 3561 2566 justi-

1906 2574 2039 2633 tiam
2070 2574 2353 2635 divinam.
2390 2571 2620 2636 Idcirco
2656 2573 2812 2635 enim
2847 2566 3032 2637 'Deus
3055 2573 3289 2654 justitia
3319 2575 3556 2654 dicitur,

1902 2663 2057 2743 quod
2087 2662 2366 2724 omnibus
2393 2683 2496 2743 pro
2530 2663 2821 2743 dignitate
2856 2663 3079 2726 tribuat
3109 2663 3307 2725 omnia
3336 2683 3558 2728 secun-

1904 2756 2041 2813 dum
2091 2753 2391 2833 propriam
2431 2753 2726 2835 cujusque
2778 2759 3003 2814 naturae
3033 2752 3466 2832 definitionem,
3500 2763 3560 2818 et

1902 2843 2057 2922 quod
2109 2862 2284 2903 causa
2345 2844 2558 2905 eximat
2616 2844 2870 2923 propriae
2924 2842 3246 2923 cujuslibet
3278 2844 3554 2928 actionis,

1900 2932 2131 3009 singula
2164 2940 2320 2994 enim
2368 2932 2853 3012 disponitdivina
2877 2932 3107 3011 justitia
3138 2952 3244 3013 pro
3266 2937 3558 3016 cujusque

1900 3023 2205 3101 dignitate.
2227 3022 2605 3103 Iniquitatem
2641 3023 2838 3103 itaque
2862 3022 3316 3103 loquuntur,qui
3339 3023 3558 3088 divinae

1892 3113 2137 3191 justitiae
2189 3113 2628 3193 contradicunt,
2672 3121 2731 3175 et
2775 3112 2879 3193 qui
2922 3112 3150 3187 dicunt,
3203 3114 3556 3177 mortalibus

157 3206 235 3256 καὶ
280 3214 409 3263 τοῖς
468 3200 678 3256 ἀτελέσι
733 3202 787 3255 τὸ
820 3199 1047 3278 τέλειον,
1079 3202 1165 3255 καὶ
1214 3199 1402 3271 τᾶλλα,
1441 3200 1530 3255 ἵνα
1578 3202 1654 3275 μὴ
1699 3199 1813 3256 καθ’

1908 3204 2103 3263 inesse
2124 3203 2346 3264 debere
2364 3202 2967 3277 immortalitatem,et
2988 3200 3169 3263 rebus
3191 3202 3557 3284 imperfectis

154 3289 376 3348 ἓγαστον
436 3288 809 3365 διατρίϐωμεν,
878 3290 1153 3345 Anu?)th
1214 3292 1334 3368 γαρ,
1372 3296 1485 3354 πῶς
1538 3293 1563 3345 ὁ
1614 3289 1819 3364 ἅνθρω-

151 3402 271 3452 πος,
339 3378 552 3436 τοιονδε
619 3380 756 3451 ζῶον
812 3378 912 3453 ὢν,
974 3380 1258 3459 φθείρεται,
1310 3382 1495 3441 πῶςὸ
1582 3378 1819 3443 ἀσπάλαξ

145 3469 380 3550 τυᾮλὸς,
420 3470 537 3533 πῶς
593 3473 619 3526 ὁ
669 3469 809 3533 λίθος
873 3472 967 3524 οὒκ
1026 3471 1391 3541 αὺτοκίνητος,
1443 3476 1555 3534 πῶς
1608 3472 1666 3525 τὸ
1716 3476 1818 3524 πᾶν

146 3558 464 3616 ἀλλοιοῦται
516 3560 651 3615 κατά
702 3561 795 3624 τὰς
848 3559 1012 3635 ὥρας,
1075 3565 1189 3620 πῶς
1248 3561 1299 3613 αἱ
1360 3560 1629 3637 ἐπικαιροί
1690 3557 1818 3625 ἡδο-

145 3654 226 3705 ναὶ
287 3651 393 3707 οὒκ
453 3648 682 3706 αἰώνιον
756 3648 872 3706 δέον
929 3649 1140 3722 εἰδέναι,
1197 3647 1276 3704 ὅτι
1340 3655 1493 3705 πᾶσιν
1566 3649 1818 3723 ἀπονέμει,

146 3741 209 3795 τα
262 3742 457 3797 οἰκεῖα
487 3741 522 3807 ἡ
557 3740 668 3796 θεία
698 3738 1031 3818 δικαιοσύνη,
1064 3740 1174 3818 καὶ,
1203 3739 1291 3794 καὶ
1349 3737 1571 3797 ἕκαστον
1603 3739 1687 3795 ἐπὶ
1718 3742 1817 3805 τῆς

147 3831 354 3896 οἰκείας
392 3829 644 3900 διασώζει
676 3828 872 3894 τάξεως
905 3831 991 3886 καὶ
1024 3829 1318 3904 δυνάμεως,

213 4098 245 4177 §
292 4097 462 4163 VIII.
498 4097 649 4156 Ἀλλ’
702 4098 848 4157 εῗποι
880 4119 983 4163 τιςο
1022 4105 1141 4163 Πῶς
1187 4102 1245 4158 οὗ
1275 4099 1465 4175 βοηθεῖ
1495 4099 1613 4164 τοῖς
1653 4100 1815 4163 ὁσίοις

127 4187 579 4266 ἀδικουμένοις;
655 4179 868 4256 Ῥητέον
941 4188 1003 4243 ἐκ
1085 4188 1413 4265 διαιρέσεωςο
1508 4188 1816 4266 Ἀγαπῶσιν

129 4282 176 4335 οἱ
238 4279 397 4337 ὅσιοι
433 4280 501 4335 τὰ
558 4279 816 4359 παρόντα,
852 4279 887 4347 ἢ
944 4283 1038 4337 οὒκ
1077 4277 1378 4354 ἀγαπῶσιν,
1428 4279 1485 4334 Εἰ
1530 4279 1627 4352 μὲν
1680 4280 1817 4357 ἀγα-

124 4375 344 4449 πῶσιν,
420 4368 530 4447 οὐχ
598 4369 758 4442 ὅσιοι,
829 4372 899 4430 ὡς
977 4375 1069 4423 τοὺ
1153 4367 1289 4422 θείου
1368 4367 1816 4433 ἀποπεπτωοιότες

125 4457 371 4535 ἔρωτος’
446 4457 683 4514 damnum
733 4460 835 4538 γὰρ
892 4458 955 4512 τά
1012 4456 1177 4519 ὄντως
1240 4457 1433 4534 ἐραστά
1491 4456 1815 4534 παρευδοκι-

119 4550 396 4624 μούμενα
475 4546 560 4603 ὑπ’
631 4548 824 4627 αὒτῶν,
886 4547 1017 4603 διότι
1098 4553 1202 4601 τῶν
1275 4545 1563 4615 ἀζηλώτων
1629 4546 1815 4622 ἔρωσιν

121 4640 265 4695 αὒτὰ
333 4636 800 4717 περατρέχοντες.
864 4639 921 4695 Εἰ
965 4635 1011 4692 δ’
1058 4638 1151 4693 οὐκ
1190 4635 1491 4713 ἀγαπῶσιν,
1526 4634 1661 4692 ἀλλά
1712 4642 1816 4693 τῶν

115 4725 306 4794 ὅντως
380 4727 556 4784 ὄντων
616 4727 828 4801 ἐρῶσιν,
864 4727 1221 4808 εὒφραίνεσθαι
1284 4724 1484 4800 μᾶλλον
1515 4729 1628 4805 χρὴ
1685 4728 1814 4784 τού-

114 4840 281 4899 νους,
352 4819 455 4873 ὃτι
529 4817 895 4895 περιπίπτοιεν
980 4829 1320 4896 πειρασμοῖς,
1387 4817 1561 4879 καθὼς
1630 4817 1715 4873 καὶ
1788 4819 1814 4873 ὁ

108 4908 305 4987 μέγας
402 4904 661 4972 Ἰἇκῶϐος
739 4923 1014 4987 παραινετ,
1086 4906 1169 4962 διὰ
1250 4907 1350 4983 γὰρ
1435 4908 1630 4962 τούτων
1707 4913 1813 4962 τῶν

108 4998 347 5077 ἐφετῶν
448 4994 891 5077 ἐπιτυγχάνουσι,
954 4999 1042 5054 καὶ
1113 4996 1232 5053 τότε
1302 5007 1426 5059 ταῖς
1498 4995 1814 5074 ἀγγελικαϊς

104 5088 367 5165 ἀρεταῖς
456 5085 861 5169 πλησιάζουσιν,
934 5088 1339 5166 ἀναχωροῦντες
1431 5089 1527 5152 τῆς
1629 5086 1814 5153 ὺλικῆς

100 5175 518 5253 προσπαθείας
578 5174 634 5231 ἐν
697 5189 818 5240 ταῖς
864 5177 992 5255 ὑπὲρ
1047 5186 1139 5234 τοῦ
1199 5173 1363 5231 καλοῦ
1419 5176 1809 5252 περιστάσεσιν·

101 5268 266 5323 ὥστε
341 5264 555 5330 ἀληθὲς
603 5268 797 5340 εἰπεῖν,
831 5268 911 5322 ὃτι
944 5273 1098 5323 τοῦτο
1142 5264 1346 5339 μᾶλλόν
1377 5265 1486 5321 ἐστι
1533 5272 1627 5341 τῇς
1673 5266 1814 5330 θείας

98 5355 500 5421 δικαιοσύνης
565 5353 724 5432 ἴδιον,
789 5358 850 5412 τὸ
916 5357 1001 5412 ἐπί
1055 5378 1200 5417 τινας
1256 5356 1471 5432 βλέπειν
1529 5358 1814 5418 ποθοῦντας

97 5453 172 5507 τὰ
243 5448 499 5520 αἰώνια,
567 5450 642 5523 μὴ
698 5450 905 5528 θέλγειν
966 5449 1201 5512 τούτους·
1276 5448 1440 5526 ἤγουν
1494 5446 1561 5503 δι’
1622 5447 1817 5516 ἡδονῆς

93 5543 352 5613 ἆπατᾷν
430 5541 499 5613 τῇ
552 5538 722 5613 ἀνέτῳ
774 5536 1038 5619 διαγωγῇ,
1074 5537 1210 5593 ἀλλά
1272 5537 1475 5611 μᾶλλον
1507 5539 1603 5603 τὰς
1664 5561 1816 5619 περι-

188 5701 301 5755 60'
342 5696 538 5763 Mam.
566 5698 657 5761 vel
692 5700 934 5783 prepria
964 5699 1201 5763 actione
1233 5698 1488 5780 partium
1520 5698 1758 5767 animae.

461 5792 723 5858 PATROL.
765 5794 878 5863 GR.
910 5793 1008 5862 ΙΙΙ.

1905 3293 2362 3374 perfectionem,
2394 3303 2452 3354 et
2484 3303 2717 3369 caetera,
2754 3311 2840 3353 ne
2856 3291 3105 3370 singulis
3134 3292 3553 3360 immoremur.

1903 3384 2236 3444 Causantur
2266 3384 2564 3457 enim,cur
2590 3384 2791 3457 homo,
2811 3401 2943 3443 cum
2972 3381 3313 3444 istiusmodi
3333 3383 3556 3447 animal

1902 3473 1996 3541 sit,
2023 3483 2458 3551 corrumpatur,
2481 3490 2589 3533 cur
2615 3472 2769 3551 talpa
2800 3470 2989 3532 oculis
3019 3478 3237 3546 careat,
3266 3489 3373 3534 cur
3404 3471 3554 3553 lapis

1904 3581 2022 3622 non
2054 3563 2152 3637 sit,
2179 3581 2284 3642 per
2314 3581 2378 3623 se
2427 3561 2803 3641 mobilis,cur
2834 3562 3173 3623 universum
3217 3562 3551 3625 secundum

1906 3660 2286 3731 tempestates
2313 3653 2947 3728 485immutetur,cur
2973 3660 3375 3731 temporaneae
3391 3653 3557 3714 volu-

1904 3750 2091 3820 ptates
2109 3761 2226 3802 non
2242 3742 2359 3802 siut
2376 3741 2967 3803 mternre.Sciendum
2996 3740 3562 3822 est,divinamjusti—

1905 3831 2043 3891 tiam
2068 3831 2345 3893 omnibus
2370 3850 2501 3913 qua:
2521 3832 2738 3911 cuique
2762 3831 3153 3911 propriasunt
3170 3829 3557 3909 distribuere,

1902 3929 1961 3982 et
1998 3921 2470 4002 uniuscujusque
2523 3921 2796 3985 ordinem
2851 3920 3253 4002 virtutemque
3304 3939 3558 3986 conser-

1903 4028 2070 4075 vare.

1980 4100 2183 4180 §Vlll.
2236 4101 2353 4165 Sed
2400 4101 2561 4166 dicet
2608 4101 2865 4183 aliquis:
2902 4102 3021 4165 Cur
3077 4119 3198 4163 non
3260 4102 3563 4175 succurrit

1902 4195 2120 4253 sanctis
2140 4192 2358 4273 injuria
2372 4191 2967 4255 affectis?Dicendum
2982 4209 3115 4253 cum
3140 4190 3553 4255 distinctione:

1903 4282 2002 4342 Vel
2036 4281 2291 4359 diligunt
2336 4289 2521 4344 sancti
2580 4281 2922 4361 praesentia,
2976 4285 3062 4344 vel
3115 4300 3233 4344 non
3277 4280 3553 4359 diligunt.

1900 4370 1958 4433 Si
1991 4372 2232 4451 quidem
2274 4372 2549 4450 diligunt,
2586 4391 2704 4433 non
2736 4379 2873 4433 sunt
2917 4370 3133 4447 sancti,
3186 4379 3250 4432 ut
3298 4370 3403 4447 qui
3427 4371 3555 4451 jam

1898 4480 1932 4521 a
1974 4462 2169 4522 tilV'lllO
2202 4480 2404 4523 amore
2435 4461 2765 4522 exciderint
2800 4480 2816 4534 ;
2848 4461 3131 4540 quoniam
3178 4459 3379 4539 injurii
3410 4471 3552 4524 sunt

1836 4552 2078 4640 Drebus
2126 4570 2263 4613 vere
2311 4551 2602 4629 amandis,
2672 4568 2803 4629 qua)
2854 4550 2927 4610 ab
2989 4549 3135 4629 ipsis
3165 4551 3555 4630 praeferenda:

1901 4650 2062 4723 sunt,
2112 4642 2293 4723 quod,
2357 4641 2428 4703 iis
2500 4640 2811 4718 neglectis,
2874 4646 3077 4700 ament
3135 4658 3205 4702 ea
3250 4660 3383 4722 qua)
3431 4660 3555 4704 non

1898 4741 2035 4793 sunt
2080 4732 2360 4793 amanda.
2426 4729 2595 4803 Quod
2655 4730 2705 4791 si
2762 4746 2899 4792 vero
2961 4747 3079 4791 non
3138 4728 3407 4810 diligant,
3443 4731 3552 4794 sed

1899 4831 2101 4886 ament
2159 4841 2228 4883 ea
2304 4840 2440 4902 quae
2492 4838 2631 4882 vere
2691 4829 2855 4900 sunt,
2929 4827 3166 4899 oportet
3228 4820 3389 4902 ipsos
3444 4822 3552 4884 las-

1899 4913 2032 4987 tari,
2066 4912 2222 4994 quod
2256 4912 2317 4972 in
2354 4910 2714 4973 tentationes
2765 4909 3111 4984 inciderint,
3155 4910 3238 4972 uti
3304 4928 3554 4991 magnus

1896 5003 2150 5066 Jacobus
2174 5001 2687 5082 monet;quoniam
2713 5017 2821 5081 per
2849 5000 2957 5062 has
2988 5018 3059 5062 ea
3089 5017 3219 5082 qua
3249 5001 3556 5063 desidera-

1897 5093 2040 5155 bilia
2072 5099 2902 5173 suntassequuntur,tumque
2925 5090 3210 5169 angelicis
3235 5091 3556 5153 virtutibus

1896 5188 2392 5267 appropinquant,
2428 5185 2567 5246 dum
2600 5184 2661 5245 in
2692 5182 2988 5245 instantiis
3021 5202 3127 5265 pro
3165 5183 3346 5261 bono,
3369 5185 3442 5247 ab
3472 5184 3559 5247 af-

1901 5277 2061 5338 fectu
2121 5274 2410 5337 materiali
2461 5273 2805 5337 recedunt:
2864 5273 2944 5334 ita
3015 5282 3073 5335 ut
3148 5292 3288 5336 vere
3343 5276 3559 5359 possit,

1900 5366 2046 5427 illud
2083 5365 2268 5444 magis
2299 5383 2431 5426 esse
2463 5364 2767 5445 proprium
2793 5363 3007 5426 divinae
3030 5364 3296 5444 justitize,
3335 5376 3397 5429 ut
3423 5385 3551 5442 eos,

1904 5457 2007 5536 qui
2045 5456 2115 5517 ad
2159 5465 2378 5517 aeterna
2411 5463 2683 5535 spectare
2734 5452 3101 5531 desiderant,
3148 5474 3266 5518 non
3298 5463 3556 5538 patiatur

1906 5565 2011 5629 per
2043 5544 2389 5609 dissolutam
2421 5546 2595 5609 vitam
2629 5544 3025 5626 voluptatibus
3056 5547 3278 5629 decipi,
3314 5549 3419 5613 sed
3448 5568 3553 5634 po-

3158 5810 3234 5875 ‘29
