4052 6444
486 326 604 400 907

1674 328 1735 394 S.
1783 328 2129 393 DIONYSII
2171 327 2681 395 AREOPAGITAE

3754 324 3868 397 908

482 471 601 533 tius
659 467 1010 532 aﬂlictiones
1044 466 1370 548 sustinere,
1406 472 1472 528 ut
1500 465 1592 527 vel
1630 473 1899 527 amantes
1925 473 2117 543 ungat,

2216 465 2430 525 σσάσεις
2492 464 2871 544 παραχωρεῖν,
2917 462 3008 521 ἵνα
3063 463 3097 533 ἤ
3150 468 3438 530 ποθοῦντας
3494 465 3788 547 ὑπαλείφῃ,
3835 466 3868 534 ἢ

482 560 575 621 vel
605 560 876 641 lapsuros
907 556 1226 632 suffulciat,
1265 575 1375 618 nec
1405 574 1523 617 non
1556 558 1715 636 ipsos
1741 563 1801 617 in
1835 558 2129 636 prmclaro

480 648 588 712 illo
620 658 680 713 et
709 650 1069 712 inconcusso
1113 655 1265 709 statu
1295 646 1649 709 consolidat.
1703 644 2129 709 lnconcussum

483 746 681 801 autem
714 748 927 802 statum
975 745 1171 817 vocat,
1202 737 1535 798 institutum
1581 737 1745 814 quod
1810 736 2131 798 titillationi

481 835 861 892 terrenorum
895 828 1140 890 minime
1168 827 1467 905 cedit,nec
1500 834 1741 907 propter
1772 826 2131 889 tentationes

486 919 562 982 ad
588 919 918 983 materialia
944 917 1226 981 ﬂectitur.

565 1089 596 1169 §
626 1088 724 1154 1X.
750 1087 888 1150 Haec
919 1087 1096 1150 etiam
1140 1086 1341 1149 divina
1383 1086 1613 1165 justitia
1666 1079 1940 1167 tanquam
1973 1085 2131 1147 salus

483 1180 842 1259 celebratur,
876 1178 1032 1258 quod
1076 1178 1239 1257 juste
1271 1186 1562 1258 cujusque
1593 1185 1818 1239 natura)
1867 1176 2132 1239 rationes

481 1277 699 1347 servet,
734 1287 801 1331 ac
854 1285 1033 1329 causa
1060 1268 1137 1329 sit
1168 1267 1425 1347 prOpriaa
1470 1267 1759 1347 cujusque
1789 1266 1877 1328 rei
1910 1284 2133 1346 opera-

480 1358 999 1440 tionis.Propriam
1026 1365 1224 1419 autem
1243 1356 1655 1438 operationem
1676 1356 1990 1437 appellant
2014 1374 2133 1417 mo-

481 1453 610 1509 tum
640 1448 808 1510 illum
840 1447 942 1529 qui
958 1445 1208 1508 cuilibet
1236 1454 1464 1509 natura;
1485 1446 1762 1528 proprius
1794 1455 1885 1507 est
1911 1463 2130 1526 ;neque

478 1537 638 1599 enim
663 1537 937 1600 homines
955 1536 1149 1598 facere
1181 1545 1429 1617 possunt
1455 1555 1586 1617 quae
1609 1537 1850 1615 propria
1872 1544 2010 1597 sunt
2033 1554 2133 1597 an-

478 1627 653 1709 gelis,
686 1646 880 1708 neque
900 1646 1052 1707 aqua
1081 1645 1212 1707 quae
1245 1627 1637 1707 propriasunt
1666 1626 1878 1706 igni,et
1901 1635 2126 1687 contra.

477 1716 544 1782 Si
573 1718 703 1798 quis
728 1736 870 1780 vero
900 1715 1139 1791 dixerit,
1170 1717 1355 1779 Deum
1389 1716 1725 1778 secundum
1757 1717 1935 1778 alium
1982 1736 2131 1795 quo-

2216 557 2302 611 καὶ
2360 555 2716 633 παραπίπτειν
2786 552 3038 629 μέλλουσι
3109 555 3301 633 βοηθῇ,
3360 557 3445 611 καὶ
3504 554 3713 635 ἐνιδρύῃ
3772 558 3868 612 αὒ-

2213 646 2333 710 τοὺς
2386 645 2438 700 ἐν
2486 651 2554 721 τῇ
2602 643 2742 720 καλῇ
2804 646 2889 701 καὶ
2932 643 3225 720 ἀμειλίκτῳ
3271 646 3478 708 στάσει.
3528 645 3870 721 Ἀμείλικτον

2215 733 2267 789 δὲ
2327 736 2511 791 στάσιν
2569 737 2701 813 φησί
2760 735 2855 803 τὴν
2924 733 3197 792 ἀνένδοτον
3260 738 3390 806 πρὸς
3440 738 3528 792 τὸν
3579 734 3872 815 γαργαλισ-

2212 826 2314 898 μὸν
2347 831 2452 881 τῶν
2482 826 2693 902 γηίνων
2749 824 3020 901 ἔνστασιν,
3066 826 3151 881 καὶ
3180 826 3242 882 τὸ
3273 825 3350 890 μὴ
3402 826 3873 900 κατακάμπτεσθαί

2215 916 2342 991 πρὸς
2378 915 2439 970 τά
2482 914 2637 973 ὕλικά
2670 912 2754 970 διὰ
2783 918 2889 971 τῶν
2916 920 3248 994 πειρασμῶν,

2294 1082 2323 1162 §
2381 1081 2486 1146 ῙΧ.
2554 1074 2615 1141 Ἠ
2674 1085 2891 1151 τοιαύτη
2938 1085 3048 1141 θεία
3106 1084 3412 1152 δικαιοσύνη
3471 1088 3560 1142 καὶ
3622 1084 3871 1165 σωτηρία

2216 1174 2483 1253 ὓμνεϊται,
2518 1176 2590 1231 ὡς
2647 1171 2860 1235 δικαίως
2911 1172 3238 1244 διασῶζουσα
3298 1175 3420 1236 τοὺς
3473 1173 3704 1241 ἑκάστης
3766 1175 3866 1253 φύν

2216 1284 2350 1327 σεως
2387 1261 2604 1341 λόγους,
2667 1265 2753 1319 καὶ
2812 1264 2949 1319 αἰτία
3003 1263 3131 1319 οὖσα
3191 1262 3288 1330 τῆς
3344 1263 3675 1343 ἱδιοπραγίας
3736 1262 3867 1321 ἐκά-

2214 1376 2363 1412 στου.
2447 1352 2801 1431 ’ἰδιοπραγίαν
2869 1351 2921 1409 δὲ
2996 1353 3241 1429 ὠνόμασε
3307 1355 3406 1420 τὴν
3478 1354 3705 1412 ἑκάστου
3765 1359 3867 1411 τῶν

2215 1442 2381 1498 ὄντων
2440 1443 2575 1501 κατά
2636 1444 2787 1523 φύσιν
2845 1441 3142 1514 ἰδιάζουσαν
3192 1444 3424 1510 κίνησιν*
3478 1443 3596 1500 σῦδὲ
3648 1445 3750 1524 γὰρ
3806 1444 3868 1500 τά

2214 1532 2461 1610 ἀγγέλων
2525 1533 2817 1610 ἀνθρώποις
2878 1533 3123 1611 πράττειν
3180 1532 3423 1613 δυνατὸν,
3497 1533 3533 1601 ἢ
3591 1535 3658 1590 τά
3710 1535 3870 1613 πυρὸς

2217 1620 2362 1677 ὕδατι
2432 1624 2517 1678 καὶ
2576 1624 2637 1679 τὸ
2710 1620 2961 1698 ἔμπαλιν,
3028 1624 3084 1680 Εἰ
3151 1620 3205 1680 δέ
3263 1644 3344 1687 τις
3403 1622 3551 1701 λέγοι
3613 1626 3701 1680 καὶ
3759 1623 3872 1680 κατ’

2221 1709 2382 1767 ἄλλον
2445 1713 2635 1790 τρόπον
2706 1713 2971 1786 σωτηρίαν
3028 1713 3120 1768 τὸν
3177 1713 3330 1792 Θεὸν,
3388 1716 3460 1779 ὡς
3512 1713 3878 1787 ἀναρπάζοντι

478 1826 598 1889 que
629 1807 868 1869 modum
902 1809 1156 1868 salutem
1188 1824 1343 1879 esse,
1380 1806 1536 1886 quod
1560 1825 1595 1867 a
1618 1806 1800 1867 rebus
1820 1806 2117 1866 deteriori-

2218 1801 2321 1856 ἀπὸ
2354 1807 2459 1857 τῶν
2510 1803 2773 1881 χειρόνων
2834 1804 2899 1858 τά
2957 1803 3154 1878 πάντα,
3204 1804 3450 1883 (χείρονα
3523 1801 3579 1859 δέ
3627 1826 3761 1884 φησι
3817 1805 3879 1860 τὰ

476 1895 590 1959 bus
621 1895 822 1958 omnia
844 1895 1060 1975 eripiat
1090 1894 1415 1971 (deteriora
1444 1913 1583 1958 vero
1603 1904 1934 1974 vocat,quae
1950 1903 2107 1956 natu

2218 1896 2317 1957 τῆς
2378 1894 2588 1970 φύσεως
2627 1893 2851 1949 ἑκάστοῦ
2910 1891 3163 1971 ἀλλότρια
3195 1896 3282 1950 καὶ
3339 1891 3549 1974 ἀνάξια,
3580 1893 3615 1961 ἢ
3677 1891 3879 1967 μᾶλλον

474 2003 559 2048 rae
587 1987 878 2067 cujusque
908 1985 1102 2047 aliena
1150 1993 1310 2058 sunt,
1343 1984 1434 2046 vel
1490 1984 1753 2063 indigna,
1812 1984 1901 2045 vel
1936 1987 2117 2065 potin:

2214 1982 2309 2048 τὴν
2369 1981 2501 2048 ὕλην
2564 1981 2725 2050 αὗτὴν
2770 1985 2866 2049 τὴν
2926 1980 3200 2056 ἀνείδεονο)
3258 1983 3345 2039 καὶ
3399 1985 3584 2039 τοῦτον
3618 1983 3693 2045 ὡς
3734 1986 3876 2039 θεῖον

472 2075 794 2156 ipsammet
827 2074 1135 2137 materiam
1170 2075 1510 2155 informem)
1546 2075 1703 2136 hunc
1736 2092 1844 2135 nos
1891 2094 2117 2154 quoque

2214 2069 2572 2147 ἀποδεξόμεθα
2655 2069 2913 2147 ὑμνῳδόψ
2980 2072 3187 2138 Ταύτην
3258 2075 3358 2151 γὰρ
3416 2074 3687 2150 σωτηρίαν
3770 2078 3873 2128 τῶν

472 2172 756 2248 tanquam
788 2164 1055 2228 divinum
1100 2164 1469 2227 laudatorem
1516 2165 1925 2227 admittemus.
1962 2164 2117 2227 Hanc

2210 2158 2349 2216 ὅλων
2413 2160 2711 2237 ἀξιώσομεν
2773 2162 2916 2219 εἶναι
2978 2161 3076 2229 τήν
3145 2163 3209 2217 τά
3277 2163 3452 2218 πάντα
3521 2158 3869 2236 ἀμετάϐλητα

477 2257 639 2318 enim
668 2255 921 2317 salutem
954 2253 1221 2316 omnium
1254 2262 1754 2335 statuemus,qum
1806 2254 2007 2335 omnia
2036 2255 2120 2314 sic

472 2342 790 2398 immutata
846 2335 1322 2416 inconcussaque
1365 2343 1579 2407 servat,
1642 2334 1795 2395 utin
1853 2334 2118 2396 deterius

470 2443 593 2488 non
623 2432 904 2505 vergant;
939 2433 997 2488 et
1026 2443 1264 2486 omnem
1293 2424 1752 2505 inaequalitatem
1779 2434 1956 2503 atque
1975 2424 2117 2487 alie-

472 2534 611 2577 nam
632 2517 926 2578 actionem
955 2515 1429 2595 eliminat,atque
1448 2514 1763 2594 cujuslibet
1784 2516 2112 2595 proportio-

470 2623 583 2667 nes
605 2606 940 2668 conﬁrmat.
977 2603 1041 2667 Si
1074 2610 1231 2667 enim
1266 2607 1483 2667 humor
1509 2605 1652 2665 484
1682 2623 1894 2684 aquam
1938 2606 2115 2667 dese-

468 2704 583 2772 rat,
611 2697 733 2776 jam
766 2714 885 2758 non
915 2694 1031 2758 erit
1059 2714 1209 2776 aqua
1244 2715 1259 2776 ;
1294 2696 1345 2757 si
1397 2695 1695 2757 redundet
1746 2704 1968 2777 tamen,
2002 2696 2116 2757 ali—

469 2784 614 2865 quid
637 2785 750 2848 erit
777 2804 791 2862 ;
825 2804 941 2867 quo
962 2785 1120 2847 circa
1142 2784 1320 2846 etiam
1343 2785 1680 2847 istiusmodi
1712 2786 1870 2846 salus
1899 2785 2118 2847 libera-

466 2875 552 2937 tio
582 2875 905 2939 vocabitur.
943 2874 1222 2956 quoniam
1268 2893 1336 2936 ea
1364 2893 1496 2955 quae
1524 2884 1858 2951 servantur,
1906 2894 1937 2936 a
1972 2894 2116 2955 pro-

466 2964 733 3046 priorum
766 2964 1058 3025 honorum
1120 2963 1456 3026 defectione
1514 2962 1864 3045 liberantur,
1924 2984 2035 3027 nec
2058 2966 2115 3027 in

466 3052 725 3115 nihilum
751 3052 940 3131 redigi
974 3052 1528 3131 permittunturget
1557 3056 1607 3113 si
1658 3054 1798 3133 quid
1852 3054 1925 3115 ad
1975 3074 2119 3134 pec—

2207 2250 2301 2307 καί
2353 2250 2551 2328 ἀρρεπῆ
2584 2254 2712 2330 πρὸς
2780 2253 2839 2308 τα
2897 2253 3066 2331 χείρω
3126 2249 3507 2332 διασώζουειειν³
3538 2253 3627 2307 καὶ
3689 2258 3862 2309 πᾶσαν

2206 2338 2495 2407 ἀνισότη-α
2540 2344 2624 2398 καὶ
2689 2339 3158 2420 ἀλλοτριοπραξίαν
3204 2340 3554 2420 ἕξορίζουσαν,
3618 2344 3706 2397 καὶ
3764 2343 3852 2406 τὰς

2204 2430 2425 2488 ἑκαστου
2496 2432 2780 2510 ἀναλογίας
2841 2432 3267 2491 συνιστάνουσαι.
3332 2433 3390 2488 Εἰ
3463 2432 3563 2509 γὰρ
3622 2430 3859 2507 ἐκλείιξιει

2197 2522 2257 2575 τὸ
2320 2524 2473 2601 ὖγρόν
2532 2523 2590 2579 ἐκ
2650 2534 2741 2582 τοῦ
2795 2523 3009 2595 ὕδατος,
3071 2524 3173 2600 οὐχ
3250 2520 3384 2600 ὕδωρ
3439 2520 3611 2577 ἔσται’
3674 2525 3719 2579 εἰ
3768 2524 3863 2587 ἐπὶ

2200 2612 2357 2669 πλέον
2437 2615 2808 2691 ἐγγενήσεται,
2864 2612 2995 2669 ἄλλο
3065 2635 3115 2667 τι
3189 2614 3495 2689 γενήσεται·
3569 2610 3682 2668 ἐπεὶ
3762 2615 3858 2669 καὶ

2202 2690 2563 2783 ἀπολύτρωσις
2610 2703 2828 2783 λεχθείη
2888 2705 2923 2771 ἡ
2966 2702 3187 2769 τοιαύτη
3250 2724 3508 2780 σωτηρια,
3572 2703 3651 2758 ὃτι
3710 2690 3857 2759 ἀπο-

2208 2792 2516 2870 λ’)τροῦνται
2586 2794 2653 2849 τὰ
2712 2793 2989 2867 σωζόμενα
3060 2792 3155 2859 τῆς
3211 2798 3315 2848 τῶν
3384 2793 3589 2849 οἰκείων
3645 2792 3862 2871 ἀγαθῶν

2202 2882 2588 2957 ἀποπτώσεως,
2661 2885 2747 2939 καὶ
2821 2887 2915 2941 οὐκ
2974 2883 3162 2939 ἐῶνται
3233 2883 3363 2960 πρὸς
3438 2884 3499 2937 τὸ
3573 2882 3654 2957 μὴ
3717 2884 3859 2940 εἶναι

2203 2971 2496 3029 διαπεσεϊψ
2558 2976 2645 3030 καὶ
2697 2975 2797 3050 ὃτι,
2864 2974 2915 3028 εἴ
2972 2996 3021 3029 τι
3076 2975 3205 3053 πρὸς
3246 2974 3307 3028 τὸ
3340 2970 3668 3048 πλημμελὲς
3729 2973 3863 3030 ἀποο

2204 3063 2454 3143 σφαλείη,
2528 3073 2621 3122 τοῦ
2690 3064 2927 3120 τοιούτου
3005 3063 3201 3126 πάθους
3273 3061 3667 3140 ἀπολυτροῦται
3753 3086 3856 3120 πα-

466 3148 663 3248 catum
696 3141 989 3215 deﬂectat,
1017 3141 1252 3248 ἕξεται)
1311 3142 1645 3204 istiusmodi
1704 3144 2117 3207 affectione“-

2208 3162 2395 3231 τρικῶς
2482 3153 2874 3234 ὕπεριδρύουαα,
2972 3155 3058 3210 καὶ
3137 3160 3230 3210 τοῦ
3313 3150 3478 3209 καλοῦ
3564 3154 3851 3231 ἀνιστῶσα⁷

466 3229 636 3292 berat
666 3238 908 3312 paterne
939 3231 1306 3313 suil‘ulciens,
1344 3233 1685 3315 bonumque
1732 3236 2113 3300 resuscitans.

466 3321 734 3400 quinimo
759 3321 1278 3404 etiam,antequam
1299 3323 1360 3384 in
1377 3324 1594 3386 malum
1630 3325 1940 3400 tncidat,in
1961 3326 2117 3388 bono

465 3409 735 3490 ﬁrmans,
763 3420 822 3473 et
850 3410 1144 3473 defectum
1169 3412 1452 3493 implens,
1482 3421 1541 3475 et
1562 3412 1637 3477 ab
1658 3416 1931 3477 omnibus
1951 3416 2118 3478 noxis

464 3497 802 3563 absolvens.

542 3585 671 3651 Hoc
723 3590 967 3671 quidem
1021 3589 1096 3653 de
1137 3590 1229 3652 his
1282 3590 1507 3655 dictum
1539 3610 1607 3655 ac
1631 3593 1705 3655 de
1729 3595 1980 3675 justitia,
2015 3615 2114 3658 se-

462 3678 724 3742 cundum
757 3698 937 3760 quam
969 3682 1175 3762 utique
1195 3681 1488 3762 justitiam
1523 3685 1787 3745 omnium
1813 3686 2115 3768 aequalitas

462 3777 934 3858 mensuraturac
978 3770 1311 3848 deﬁnitur;
1366 3773 1680 3853 omnisque
1725 3775 2109 3858 inaequalitas,

464 3876 599 3938 quae
638 3857 970 3920 secundum
1021 3860 1411 3938 privationem
1446 3863 1797 3943 eequalitatis
1828 3868 2108 3943 sumitur,

464 3948 919 4037 exterminatur.
954 3947 1217 4011 Observa
1237 3960 1460 4032 autem,
1497 3954 1695 4030 qualis
1751 3956 2119 4037 inaequalitas

465 4035 826 4109 eliminatur,
864 4038 1090 4100 scilicet
1139 4058 1269 4120 quae
1302 4049 1397 4102 est
1440 4045 1769 4106 secundum
1834 4035 2119 4125 privatio-

466 4143 601 4188 nem
635 4127 989 4208 aequalitatis
1022 4149 1035 4186 :
1072 4141 1164 4189 est
1224 4136 1382 4191 enim
1414 4131 1783 4213 inaequalitas
1816 4137 2021 4214 etiam,
2060 4137 2118 4199 in

465 4216 632 4278 omni
650 4224 772 4279 toto
804 4219 878 4280 ad
913 4226 1103 4279 totum
1159 4219 1513 4299 differentia,
1553 4225 1880 4300 secundum
1941 4247 2115 4307 quam

462 4307 1112 4401 quidlibetmaquolibet
1143 4310 1580 4377 dilfert.Talem
1615 4316 1817 4398 itaque
1850 4320 2113 4401 inaequa-

462 4398 925 4493 litatem-divina
953 4401 1181 4493 jﬁustitia
1206 4404 1555 4493 custodit,et
1587 4426 1704 4469 non
1736 4398 2113 4493 exterminat;

462 4505 585 4582 non
616 4489 777 4552 enim
808 4490 1163 4582 simpliciter
1207 4491 1671 4574 inaequalitatem
1704 4489 2110 4582 exterminari,

2204 3242 2407 3319 μᾶλλον
2464 3244 2639 3301 δὲκαὶ
2700 3246 2797 3321 πρὸ
2855 3243 2946 3300 τοῦ
2993 3255 3178 3301 πεσεῖν
3234 3244 3305 3308 εἰς
3354 3244 3414 3299 τὸ
3459 3256 3660 3323 χεῖρον
3704 3243 3758 3299 ἐν
3787 3250 3860 3317 τῷ

2201 3332 2349 3407 καλῴ
2404 3332 2664 3412 ἱδρύουσα.
2722 3335 2809 3389 καὶ
2874 3334 2934 3390 τὸ
2991 3331 3245 3413 ὒπεκρυέν
3299 3330 3714 3412 ἀναπληροῦσα,
3775 3336 3859 3389 καὶ

2202 3426 2411 3481 πάντων
2444 3432 2547 3481 τῶν
2578 3422 2791 3502 βλαϐῶν
2820 3422 3146 3486 ἀπολύουσα.

2280 3603 2448 3662 Ἀλλά
2478 3605 2592 3679 περὶ
2652 3605 2748 3677 μὲν
2810 3605 3008 3660 τούτων
3059 3605 3146 3660 καὶ
3192 3606 3289 3670 τῆς
3318 3601 3666 3671 δικαιοσύνης
3700 3604 3863 3683 εἴρη-

2195 3718 2309 3771 ται,
2346 3692 2460 3751 καθ’
2517 3695 2581 3763 ἣν
2645 3692 2709 3763 δη
2773 3692 3170 3769 δικαιοσύνῃνῆ
3228 3694 3438 3751 πάντων
3500 3695 3695 3757 ίσότης
3755 3715 3861 3771 με-

2196 3799 2399 3865 τρεῖται
2453 3786 2541 3841 καὶ
2619 3787 2865 3864 ὁρὶζεται,
2935 3785 3022 3840 καὶ
3095 3790 3237 3841 πᾶσα
3307 3784 3560 3853 ἀνισότης
3634 3787 3672 3853 ἦ
3728 3786 3864 3841 κατὰ

2201 3878 2302 3943 τὴν
2346 3876 2602 3953 στέρησιν
2648 3880 2744 3942 τῆς
2779 3877 3025 3942 ἱσὸτητος
3081 3872 3385 3953 ἓξορίζεται.
3418 3873 3574 3954 ’Ὅρα
3624 3871 3709 3948 δὲ,
3741 3877 3865 3931 ποία

2203 3965 2453 4033 ἀνισότης
2507 3964 2810 4044 ἐξορίζεται,
2870 3963 3118 4031 δηλονότι
3174 3966 3209 4032 ⁵η
3268 3966 3405 4022 κατά
3444 3966 3707 4044 στέρησιν
3767 3969 3861 4028 τῆς

2202 4055 2472 4123 ἱσότητος’
2530 4054 2639 4111 ἔστι
2684 4056 2783 4134 γὰρ
2828 4056 3081 4122 ἀνισότης
3132 4056 3219 4111 καὶ
3250 4056 3284 4122 ἡ
3337 4058 3389 4110 ὲν
3436 4062 3513 4129 τῷ
3546 4055 3713 4111 παντὶ
3760 4059 3863 4109 τῶν

2202 4144 2341 4202 ὅλων
2407 4147 2532 4224 πρὸς
2586 4144 2683 4202 ὅλα
2740 4143 2982 4224 διαφορά,
3051 4143 3166 4202 καθ’
3221 4145 3284 4213 ἢν
3347 4142 3585 4224 διαφέρει
3641 4144 3865 4201 ἕκαστον

2203 4235 2449 4296 ἑκάστου.
2497 4236 2604 4301 Τὴν
2650 4240 2773 4313 γοῦν
2832 4236 3082 4301 τοιαύτην
3135 4234 3425 4301 ἀνισότητα
3483 4235 3516 4302 ἡ
3582 4241 3679 4292 τοῦ
3738 4240 3853 4290 Θεοῦ

2199 4323 2506 4392 δικαιοσύνη
2567 4338 2808 4405 φρουρεῖ.
2843 4327 2930 4382 καὶ
2990 4328 3083 4384 οὒιι
3119 4323 3356 4404 ἐξορίζει·
3421 4327 3482 4383 οὗ
3512 4324 3618 4402 γὰρ
3679 4322 3857 4382 ἀτελῶς

2198 4416 2296 4482 τὴν
2356 4417 2644 4481 ἀνισότητα
2694 4416 3006 4493 ἐξορίζεσθαί
3050 4438 3233 4495 φησιν,
3291 4412 3430 4471 ἀλλα
3478 4412 3584 4481 τὴν
3632 4412 3690 4469 ἐν
3746 4424 3865 4475 τοῖς

2196 4506 2315 4562 καθ’
2366 4504 2611 4581 ἕκαστον,
2642 4505 2887 4562 τούτέστι
2921 4506 2982 4562 τὸ
3034 4506 3112 4581 μὴ
3162 4504 3220 4561 ῗσ
3240 4527 3300 4570 ος
3354 4504 3446 4561 καί
3491 4504 3698 4579 ὁμοίιος
3728 4502 3867 4567 ἕκα-

464 4578 568 4640 sed
599 4595 727 4641 eam
759 4599 893 4675 quae
918 4580 980 4641 in
1007 4580 1255 4659 singulis
1284 4584 1513 4659 existit,
1547 4585 1606 4647 id
1660 4597 1751 4648 est
1780 4578 2111 4655 secundum

2208 4617 2325 4651 πον
2380 4602 2487 4651 τῶν
2549 4595 2847 4675 γεγονότων
2907 4595 2962 4653 ἐν
3021 4594 3305 4662 ταῦτότητι
3365 4599 3433 4670 τῇ
3482 4592 3624 4649 κατέ
3682 4593 3861 4673 cpiam,

464 4683 640 4747 quam
665 4669 971 4764 quodlibet
995 4688 1203 4764 eorum
1239 4691 1369 4754 qua;
1400 4683 1558 4749 sunt,
1593 4676 1748 4738 haud
1782 4681 2112 4764 aequaliter,

463 4777 664 4838 neque
685 4762 968 4823 similiter
1008 4761 1071 4824 in
1099 4765 1349 4828 naturali
1400 4765 1652 4832 identita
1667 4777 1722 4831 te
1756 4761 2113 4849 consistunt,

463 4867 820 4932 permanere
848 4851 1015 4915 dicit.
1049 4855 1197 4915 Cum
1241 4871 1387 4918 vero
1442 4858 1626 4919 sciret
1680 4859 1829 4922 duos
1880 4864 2111 4939 modos,

459 4941 791 5033 secundum
819 4960 971 5022 quos
998 4941 1365 5033 inaequalitas
1392 4945 1632 5024 dicitur,
1674 4948 1821 5011 duos
1850 4954 2112 5033 exponit,

460 5038 522 5092 et
551 5031 655 5104 ait,
683 5033 873 5094 Deum
906 5042 1151 5094 eatenus
1169 5032 1283 5095 dici
1297 5034 1614 5115 justitiam,
1652 5031 1946 5119 quatenus
1977 5031 2113 5104 om?

462 5137 602 5213 nem
632 5119 1028 5213 aequalitatem
1055 5133 1377 5213 mensurat,
1412 5139 1471 5187 et
1497 5129 1826 5208 quamlibet
1849 5131 2112 5213 inaequa-

457 5208 686 5273 litatem
719 5212 1091 5274 exterminat.
1126 5209 1589 5295 Inaequalitatem
1643 5237 1779 5281 vero
1839 5208 2113 5302 intelligit

460 5317 592 5362 eam
627 5318 756 5381 quae
788 5318 893 5383 per
942 5302 1333 5382 privationem
1365 5307 1724 5386 aequalitatis
1779 5311 2020 5387 accidit,
2054 5314 2111 5375 id

457 5398 549 5452 est
575 5390 1058 5455 redundantiam.
1088 5392 1357 5455 Alterum
1377 5414 1612 5477 quoque
1658 5401 1902 5462 modum
1946 5403 2114 5465 aﬂ‘ert

460 5478 877 5560 inaequalitatis
917 5502 930 5545 :
967 5481 1127 5544 novit
1157 5483 1344 5564 enim,
1393 5485 1647 5567 aliquos,
1692 5491 2108 5571 intelligibiles

458 5573 520 5631 et
543 5576 929 5663 incorporeas
956 5572 1189 5663 formas
1216 5583 1277 5636 et
1304 5578 1582 5656 unitates,
1616 5577 1727 5640 hoc
1752 5589 1839 5642 est
1867 5582 2098 5663 simpli-

458 5675 559 5734 ces
589 5660 966 5744 substantias,
1001 5661 1400 5741 aequalitatem
1458 5672 1515 5726 et
1557 5666 1866 5732 identitam
1900 5660 2099 5736 nomi~

2200 4684 2489 4760 διαμένειν,
2551 4686 2652 4742 Δύο
2683 4685 2737 4741 δὲ
2784 4685 3010 4762 τρόπους
3070 4683 3187 4743 καθ’
3219 4685 3306 4747 οὒς
3342 4682 3601 4751 ἀνισότης
3646 4682 3867 4761 λέγεται

2200 4775 2371 4854 εἰδὼς,
2406 4776 2527 4840 τοὺς
2559 4776 2645 4832 δύο
2697 4774 2994 4855 διατρανοϊ,
3025 4776 3114 4832 καί
3163 4797 3347 4853 φησιν,
3382 4773 3463 4829 ὃτι
3508 4773 3649 4829 κατά
3705 4778 3867 4829 τοῦτο

2200 4864 2502 4934 δικαιοσύνη
2567 4864 2781 4945 λέγεται
2839 4868 2866 4922 ὁ
2925 4867 3075 4937 Θεὸς,
3126 4866 3254 4922 καθὸ
3315 4866 3403 4920 καὶ
3460 4863 3562 4931 τὴν
3632 4863 3865 4929 ἰσότητα.

2198 4963 2305 5013 τῶν
2376 4957 2587 5014 πάντων
2663 4956 2966 5035 ἐπιμετρεῖ,
3038 4955 3126 5012 καὶ
3196 4955 3294 5022 τὴν
3372 4953 3672 5019 ἀνισότητα
3746 4952 3867 5013 ἑνὸς

2197 5047 2418 5122 ἑκάστου
2490 5044 2720 5124 ἐξορίζει·
2804 5046 3126 5113 Ἀνισότητα
3203 5042 3257 5100 δὲ
3314 5041 3459 5121 λέγει
3548 5043 3645 5111 τήν
3728 5041 3869 5098 uti

2196 5136 2444 5214 στέρησιν
2520 5141 2618 5203 τῆς
2673 5136 2920 5204 ἰσότητος
2979 5132 3387 5211 συμϐαίνουσαν,
3460 5131 3708 5189 τουτέστι
3767 5131 3871 5196 τὴν

2198 5225 2531 5291 πλεονεξίαν.
2612 5223 2885 5306 Ἐπιφὲρει
2970 5223 3023 5281 δὲ
3095 5225 3181 5281 καὶ
3255 5225 3347 5279 τὸν
3418 5219 3600 5301 ἕτερον
3668 5221 3875 5301 τρόπον

2199 5322 2299 5383 τῆς
2350 5318 2692 5383 ἀνισότητος·
2746 5317 2834 5372 καὶ
2892 5315 2992 5395 γάρ
3047 5313 3159 5371 οτδέ
3204 5336 3352 5377 τινας
3411 5312 3476 5368 τὰ
3534 5312 3637 5384 μὲν
3694 5310 3878 5377 νοητᾶ

2197 5408 2285 5462 καὶ
2345 5407 2606 5478 ἀσώματα
2670 5405 2817 5480 εἴδη,
2877 5406 2966 5463 καὶ
3026 5405 3119 5469 τάς
3200 5402 3409 5482 ἐνάδας,
3468 5400 3719 5458 τουτέστι
3779 5399 3881 5461 τὰς

2196 5498 2366 5560 ἁπλᾶς
2431 5498 2627 5572 οὐσίας,
2681 5498 2902 5563 ἰσότητα
2962 5493 3057 5552 καὶ
3115 5494 3415 5560 ταύτότητα
3464 5491 3865 5563 ὀνομάσαντας.

2189 5588 2255 5643 τά
2311 5584 2365 5642 δὲ
2438 5588 2687 5663 αἰσθητὰ,
2736 5587 2769 5642 ἃ
2830 5588 2917 5642 καί
2993 5584 3213 5664 μεριστά
3270 5584 3367 5639 εἰσι
3426 5582 3510 5638 καὶ
3573 5579 3627 5636 ἐν
3692 5600 3883 5655 μετα-

2182 5675 2317 5755 ϐολῇ
2405 5679 2491 5735 καὶ
2541 5676 2763 5760 διαφορᾷ
2813 5675 2953 5757 πρδς,
3001 5673 3234 5751 ἄλληλα,
3270 5672 3559 5740 ἀνισότητα
3588 5670 3679 5729 καὶ
3742 5671 3885 5726 ξτε-
