4052 6426
441 417 588 483 915·

1583 414 1641 476 S.
1713 414 2056 477 DIONYSII
2115 413 2646 478 ΑΒΕΟΡΑΘΙΤίΕ.

3725 407 3850 476 916

439 547 770 614 similitudo
799 543 942 609 488
1006 552 1098 610 est
1153 541 1619 620 communicata,
1683 543 1967 625 idemque
2032 556 2110 609 est

2205 547 2262 627 ἴ)
2278 569 2351 605 νει
2385 547 2484 603 τινὶ
2539 546 2636 613 τῆς
2667 545 2806 608 θείας
2867 544 3186 620 ὁμοιότητος
3216 545 3400 622 ὅμοιόν
3431 545 3565 622 ἐστι,
3601 549 3692 604 καὶ
3749 547 3852 615 τὴν

441 641 616 704 etiam
658 637 848 719 ipsius
879 634 1302 698 similitudinis
1327 644 1534 697 auctor
1573 655 1588 710 ;
1622 643 1680 696 et
1709 635 1998 716 quidquid
2027 644 2110 698 est

2205 640 2389 695 ἓνωσιν
2421 637 2591 695 αὐτῶν
2637 635 2966 715 σομπληροϊ,

442 730 504 793 in
536 727 817 791 omnibus
849 726 1084 804 simile,
1123 724 1367 805 vestigio
1401 724 1658 807 quodam
1694 724 1910 788 divinae
1959 725 2366 790 similitudinis
2390 725 2588 790 simile
2638 725 2858 802 existit,
2893 731 2953 787 et
2977 724 3325 788 earumdem
3357 727 3852 808 conjunctionem

2041 899 2070 978 §
2108 895 2235 961 VII.

445 819 674 904 explet.

530 1061 646 1128 Sed
671 1077 954 1143 quorsum
1008 1059 1133 1119 haec
1195 1055 1481 1118 dicuntur
1517 1060 1542 1120 ?
1581 1058 1730 1121 Nam
1765 1066 1824 1120 et
1853 1065 2106 1140 ipsemet

2273 1063 2368 1118 Καὶ
2394 1061 2444 1116 τί
2487 1058 2572 1116 δεῖ
2615 1061 2733 1138 περὶ
2791 1059 2978 1116 τούτου
3022 1059 3198 1138 λέγειν
3235 1077 3251 1135 ;
3303 1060 3446 1130 Αὖτή
3504 1063 3606 1141 γὰρ
3635 1065 3673 1130 ἦ
3731 1067 3852 1120 θεο-

451 1153 760 1234 Scriptura
806 1148 953 1211 dicit
983 1147 1170 1212 Deum
1206 1165 1340 1210 esse
1390 1146 1775 1230 dissimilem,
1837 1148 2106 1228 nullique

2203 1151 2339 1227 Ιιογίαι
2367 1148 2422 1198 81
2474 1151 2534 1205 τὸ
2567 1149 2820 1224 ἀνόμοιον
2861 1151 3020 1208 αὐτὸν
3049 1151 3194 1206 εἶναι
3253 1149 3551 1229 πρεσϐεύει,
3587 1154 3680 1210 καὶ
3737 1169 3855 1218 τοῖς

450 1240 974 1314 conferendum,ut
995 1239 1068 1302 ab
1086 1237 1364 1303 omnibus
1383 1236 1778 1312 diversum,et
1799 1241 1956 1318 quod
1984 1257 2106 1302 ma-

2203 1247 2348 1296 πᾶσιν
2405 1240 2754 1319 ἀσύντακτον,
2788 1243 2861 1302 ὼς
2919 1241 3006 1296 καὶ
3037 1241 3250 1296 πάντων
3308 1240 3372 1291 82
3401 1242 3604 1320 ἕτερον,
3652 1245 3747 1300 καὶ
3797 1246 3856 1302 τὸ

447 1333 537 1412 gis
570 1330 902 1394 mirandum
929 1339 1038 1411 est,
1071 1329 1218 1392 nihil
1252 1327 1307 1389 ei
1359 1347 1492 1389 esse
1529 1328 1748 1391 simile.
1783 1331 2100 1390 Verumta-

2203 1328 2252 1397 Ξὴ
2313 1328 2751 1408 παραδοξότερον,
2815 1330 2898 1386 ὅτι
2957 1327 3094 1404 μηδὲ
3169 1331 3312 1388 εἶναι
3368 1355 3418 1388 τι
3477 1335 3669 1406 ὅμοιον
3715 1339 3857 1408 αυτῷ

451 1441 586 1484 men
621 1436 993 1500 nequaquam
1029 1420 1086 1482 id
1111 1427 1197 1481 est
1221 1419 1350 1499 ejus
1375 1417 1755 1482 similitudini
1787 1428 2100 1498 repugnat;

2185 1442 2338 1500 φησι,
2397 1421 2575 1477 Καίτοι
2646 1419 2740 1475 οὒκ
2794 1419 3026 1483 ἐναντίος
3082 1423 3109 1476 ὁ
3171 1421 3328 1499 λόγος
3386 1428 3455 1498 τῇ
3511 1423 3645 1500 πρὸς
3703 1425 3860 1480 αὐτὸν

452 1531 589 1574 nam
621 1511 830 1573 eadem
855 1512 979 1574 Deo
997 1509 1283 1572 etsimilia
1302 1516 1442 1570 sunt
1463 1516 1520 1569 et
1539 1507 2103 1584 dissimilia;similia

2203 1509 2491 1584 ὰμοιότητι·
2557 1510 2624 1565 τὰ
2656 1511 2754 1586 γὰρ
2814 1511 2943 1565 αυτὰ
2977 1511 3063 1566 καὶ
3114 1508 3275 1586 ὅμοια
3307 1519 3422 1586 Θεῷ
3463 1514 3553 1568 καὶ
3603 1511 3857 1587 ἀνόμοια·

448 1601 712 1685 quidem,
737 1599 1064 1662 secundum
1100 1597 1445 1680 possibilem
1479 1599 1610 1676 ejus
1637 1599 1737 1678 qui
1758 1599 2100 1678 participari

2203 1601 2383 1673 τὸμὲν
2441 1600 2576 1656 κατά
2620 1600 2719 1666 τὴν
2779 1598 3140 1681 ἐνδεχομένην
3195 1600 3287 1657 τοῦ
3343 1601 3621 1678 ἀμιμήτου
3680 1603 3860 1678 μίμη-

448 1692 658 1774 nequit
685 1685 1545 1772 participationem;dissimilia
1575 1705 1737 1762 vero,
1775 1689 2104 1752 secundum

2203 1713 2272 1745 rw
2301 1688 2376 1730 33'
2438 1692 2498 1746 τὸ
2531 1689 2608 1763 δὲ,
2642 1689 2781 1745 κατὰ
2845 1713 2906 1746 το
2937 1688 3163 1747 ἀποδέον
3188 1697 3296 1746 τῶν
3345 1693 3598 1748 αἰτιατῶν
3628 1699 3725 1748 τοῦ
3777 1694 3861 1748 αἷ-

451 1783 774 1846 eﬂ‘ectuum
803 1797 838 1840 a
866 1779 1062 1842 causis
1117 1778 1512 1840 diderentiam
1571 1777 1828 1840 inﬁnitis
1867 1797 2109 1858 prorsus

2203 1780 2324 1859 ιίου,
2383 1785 2467 1835 καὶ
2526 1779 2742 1856 μέτροις
2805 1781 3044 1860 ἀπείροις
3104 1801 3193 1837 και
3237 1780 3569 1861 ἀσυγκρίτοις
3631 1780 3862 1858 ἀπολιμο

453 1869 796 1954 parasangis
820 1867 1370 1952 incomparabiliter
1399 1866 1748 1930 distantem.

2192 1869 2492 1945 πανόμενον
2522 1869 2606 1930 84,

2031 2031 2061 2108 §
2105 2027 2264 2092 VlIl.

533 2193 682 2268 Quid
719 2201 913 2256 autem
938 2193 1013 2256 de
1045 2193 1245 2254 divino
1275 2198 1450 2253 statu
1483 2192 1576 2253 vel
1607 2190 1749 2253 sede
1781 2191 2052 2252 dicamus
2076 2193 2104 2251 ?

2270 2193 2329 2250 Τί
2386 2192 2438 2248 δέ
2485 2191 2731 2272 καὶπερὶ
2791 2196 2888 2260 τῆς
2920 2195 3060 2257 θείας
3100 2199 3364 2274 στάσεως,
3399 2195 3521 2262 ἤτοι
3579 2193 3865 2270 καθέδρας,

453 2282 1522 2363 Quid,inquam,aliud,praeterquam
1559 2299 1802 2342 manere
1829 2281 2014 2342 Deum
2046 2283 2108 2343 in

450 2375 670 2456 seipse,
703 2383 761 2435 et
790 2374 851 2434 in
877 2373 1088 2435 eodem
1123 2379 1276 2434 statu
1303 2371 1601 2432 immobili
1634 2372 1803 2433 ﬁrme
1837 2371 2111 2441 ﬁxum,et

451 2481 808 2544 supraquam
833 2462 1137 2525 fundatum
1161 2480 1293 2523 esse
1325 2461 1644 2535 stabiliter,
1704 2470 1761 2523 et
1782 2463 2109 2522 secundum

452 2555 660 2616 eadem
685 2561 744 2614 et
765 2553 922 2614 circa
941 2552 1098 2615 idem
1131 2551 1327 2632 ipsum
1356 2560 1414 2612 et
1443 2552 1737 2612 similiter
1766 2552 2021 2632 operari,
2057 2561 2115 2612 et

453 2643 698 2706 omnino
728 2659 862 2704 esse
892 2660 927 2704 a
954 2643 1150 2723 seipse
1182 2641 1647 2721 immutabilem,
1697 2649 1758 2704 et
1789 2661 1905 2703 non
1940 2661 2112 2720 posse

455 2732 938 2814 transmoveri,et
967 2749 1103 2793 esse
1133 2747 1207 2792 ex
1223 2738 1345 2791 toto
1371 2730 1767 2812 immobilem,
1791 2739 1966 2810 atque
1987 2731 2111 2791 hanc

455 2821 697 2904 quidem
726 2839 911 2902 supra
947 2819 1382 2901 substantiam;
1416 2819 1548 2900 ipse
1583 2819 1742 2881 enim
1797 2829 1888 2880 est
1919 2820 2114 2882 omnis

455 2921 641 2974 status
679 2917 736 2972 et
765 2911 1048 2973 sessionis
1105 2917 1334 2989 auctor,
1393 2908 1498 2987 qui
1567 2927 1751 2990 supra
1789 2909 2114 2970 sessionem

2195 2282 2366 2362 φαμέν
2400 2301 2416 2356 ;
2455 2283 2512 2338 Τί
2569 2280 2618 2336 δὲ
2682 2283 2814 2340 ἄλλο
2845 2306 2928 2363 γε,
2964 2285 3100 2362 γαρά
3159 2287 3219 2340 τὸ
3275 2282 3340 2334 85
3385 2285 3565 2358 μένειν
3601 2287 3759 2342 αὖνὸν
3811 2286 3868 2342 ἐν

2197 2375 2365 2446 ἐς)τῴ
2416 2374 2508 2426 τὸν
2567 2373 2719 2448 Θεὸν,
2767 2377 2852 2430 καὶ
2911 2373 2966 2429 ἐν
3023 2375 3262 2448 ἀκινήτῳ
3305 2375 3587 2442 ταύτότητι
3623 2377 3867 2451 μονίμως

2197 2462 2524 2540 πεπηγέναι,
2574 2464 2660 2518 καί
2718 2465 2994 2540 ἀραρότως
3052 2463 3444 2544 ὑπεριδρῦσοαι,
3477 2466 3564 2521 καὶ
3609 2468 3671 2520 τὸ
3728 2467 3872 2522 κατὰ

2197 2555 2264 2620 τὴ
2327 2553 2456 2610 αὐτὰ
2508 2554 2592 2607 καί
2655 2554 2774 2630 περί
2831 2555 2894 2610 τὸ
2952 2555 3079 2610 ἀύτὸ
3138 2556 3226 2610 καί
3289 2556 3542 2616 ὡσαύτως
3590 2555 3862 2632 ἐνεργεῖν,

2197 2645 2285 2700 καὶ
2341 2644 2476 2699 κατὰ
2535 2645 2593 2698 τὸ
2648 2643 3017 2717 ἀμετάστατον
3079 2646 3235 2701 αὖτὸν
3294 2643 3346 2709 ἐξ
3403 2645 3583 2702 ἑαυτοῦ
3638 2647 3866 2712 πάντως

2196 2737 2484 2813 ὑπάρχειν,
2521 2734 2606 2789 καὶ
2668 2735 2805 2790 κατά
2847 2736 2907 2791 τὸ
2967 2735 3360 2810 ἀμετακίνητον
3406 2737 3559 2813 αὐτὸ,
3592 2736 3681 2790 καὶ
3739 2735 3865 2794 ὸλι-

2203 2831 2307 2887 κῶς
2366 2824 2638 2903 ἀκίνητον,
2697 2825 2784 2880 καὶ
2863 2833 3028 2882 ταῦτα
3115 2823 3462 2902 ὑπερουσίως·
3547 2825 3709 2890 αὐτὸς
3765 2829 3868 2905 γὰρ

2199 2913 2341 2970 ἐστιν
2388 2915 2414 2969 ὁ
2457 2918 2556 2978 τῆς
2585 2912 2797 2969 πάντων
2841 2916 3078 2978 στάσεως
3108 2916 3195 2971 καὶ
3251 2912 3401 2992 ἕδρας
3434 2914 3640 2992 αἴτιος,
3677 2918 3706 2971 ὃ
3736 2917 3867 2994 ὑπὲρ

454 3018 695 3065 omnem
725 3017 795 3061 ac
817 3007 1036 3062 statum
1082 2997 1303 3078 existit,
1337 3005 1396 3058 et
1424 2997 1487 3058 in
1517 2997 1649 3078 ipso
1677 3008 1890 3062 cuncta
1913 2999 2114 3061 consi-

459 3097 644 3166 stunt,
667 3089 808 3152 dum
839 3089 903 3150 in
928 3087 1221 3150 bonorum
1273 3105 1519 3149 suorum
1573 3097 1732 3151 statu
1765 3088 2115 3154 inconcussa

460 3185 914 3248 conservantur.

2199 3010 2374 3058 πᾶσαν
2432 3001 2582 3079 ἕδραν
2640 3004 2726 3058 καὶ
2779 3001 2986 3075 στάσιν,
3035 3005 3122 3060 καὶ
3179 3003 3232 3059 ἐν
3307 3003 3451 3077 αὒτῴ
3511 3002 3691 3060 πάντα
3753 3029 3861 3062 συν-

2199 3092 2448 3171 έστηκεν,
2484 3091 2542 3148 ὲκ
2595 3095 2692 3158 τῆς
2754 3099 2863 3148 τῶν
2922 3094 3126 3151 οἰκείων
3184 3093 3394 3171 ἀγαθῶν
3451 3093 3697 3159 στάσεως
3729 3094 3861 3153 ἀσά-

2197 3182 2358 3240 λευτα
2388 3179 2877 3260 διαφυλαττόμενα.

2071 3361 2101 3438 §
2132 3356 2228 3422 1x.

538 3534 691 3610 Quid
724 3551 924 3617 porro,
959 3533 1204 3613 quando
1255 3532 1473 3594 iterum
1533 3532 1793 3614 theologi
1855 3535 2110 3621 tradunt,

2285 3539 2344 3596 Τί
2401 3536 2477 3611 δὲ,
2532 3537 2620 3592 καὶ
2652 3535 2780 3593 ὅταν
2846 3536 2990 3600 αὖθις
3039 3539 3084 3592 οἱ
3134 3535 3372 3614 θεοὶόγοι
3419 3539 3507 3594 καὶ
3557 3539 3649 3596 ἒπὶ
3707 3540 3885 3596 πάντα

458 3644 594 3689 eum
627 3625 730 3706 qui
753 3621 1077 3688 immobilis
1129 3632 1218 3686 est
1265 3622 1340 3685 ad
1373 3623 1650 3684 universa
1698 3625 2026 3704 procedere
2057 3646 2110 3691 at

2209 3629 2488 3706 προϊόντα,
2522 3628 2610 3682 καὶ
2668 3627 2974 3702 κινούμενόν
3035 3648 3162 3706 φασι
3195 3627 3287 3682 τὸν
3346 3627 3626 3703 ἀκίνητον,
3666 3631 3730 3685 οὐ
3757 3634 3884 3688 θεο-

461 3715 710 3795 moveri,
743 3731 946 3776 nonne
967 3712 1030 3774 id
1062 3713 1244 3775 etiam
1283 3711 1517 3775 ratione
1551 3713 1804 3793 quadam
1833 3716 1954 3776 Deo
1985 3737 2110 3779 con-

2207 3724 2421 3795 πρεπῶς
2481 3719 2567 3772 καὶ
2629 3723 2780 3774 τοῦτο
2839 3715 3112 3795 νοητέονς
3211 3720 3485 3774 Κινεῒσθαι
3553 3717 3662 3797 γὰρ
3723 3719 3883 3779 αὖτόν

457 3823 602 3886 grua
619 3801 1073 3880 intelligendum
1105 3800 1261 3864 est?
1311 3802 1414 3864 Pie
1445 3801 1740 3882 siquidem
1795 3807 2110 3882 putandum

2207 3805 2438 3872 εὐσεϐῶς
2497 3807 2726 3879 οἰητέον,
2791 3807 2850 3862 οὗ
2931 3805 3069 3862 κατὰ
3127 3807 3318 3886 φορὰν,
3373 3806 3410 3874 ἢ
3462 3807 3785 3883 ἀλλοίωσιν,
3843 3809 3878 3876 ἦ

457 3903 550 3958 est
569 3895 763 3976 ipsum
793 3892 1050 3966 moveri,
1084 3909 1203 3952 non
1234 3891 1568 3953 secundum
1607 3891 1991 3968 delationem,
2029 3897 2110 3959 vel

2207 3896 2526 3972 ἑτεροίωσιν,
2595 3895 2630 3963 ἢ
2703 3895 2930 3974 τροπὴν,
2992 3893 3022 3962 ἡ
3089 3894 3317 3961 τοπικὴν
3389 3895 3630 3973 κίνησιν,
3687 3899 3750 3956 οὗ
3779 3901 3877 3967 τὴν

457 3981 958 4063 immutationem,
987 3981 1077 4043 vel
1093 3979 1625 4056 alterationem,vel
1649 3983 2110 4047 conversionem

2203 3990 2436 4057 εὐθεῖαν,
2469 3990 2528 4044 οὐ
2578 3987 2675 4050 τὴν
2734 3984 3148 4064 κυκλοφορικὴν,
3184 3984 3243 4040 οὗ
3301 3984 3400 4052 τὴν
3431 3983 3484 4052 ἐξ
3545 3987 3784 4068 ἀμφοῖν,
3817 3989 3876 4046 ὠ

457 4081 560 4136 aut
579 4073 828 4134 localem
861 4078 1108 4144 motum,
1156 4069 1248 4132 vel
1281 4077 1536 4144 rectum,
1570 4069 1662 4132 vel
1689 4069 2110 4150 orbicularom,

2203 4077 2302 4136 τὴν
2354 4075 2576 4148 νοητὴν,
2613 4076 2671 4130 οὗ
2701 4075 2800 4140 τὴν
2831 4073 3098 4154 ψυχικὴν,
3133 4074 3192 4130 οὗ
3223 4075 3320 4142 τὴν
3350 4077 3582 4154 φυσικὴν
3613 4077 3706 4151 86,
3739 4078 3876 4136 ἀλλὰ

459 4162 550 4225 vel
575 4180 646 4225 ex
675 4162 944 4242 utrisque
971 4168 1369 4234 constantem,
1405 4160 1498 4222 vel
1543 4158 1992 4234 intellectilem,
2027 4165 2110 4226 vel

2203 4165 2263 4220 τὸ
2297 4166 2372 4227 εἷς
2417 4165 2595 4222 οὐσίαν
2630 4163 2775 4242 ἄγειν
2833 4166 2926 4218 τὸν
2959 4165 3090 4218 Θεὸν
3152 4165 3240 4220 καὶ
3268 4164 3514 4244 συνέχειν
3575 4189 3644 4222 τα
3676 4170 3868 4246 πάντα,

457 4253 802 4328 animalem,
851 4251 940 4312 vel
983 4250 1344 4330 naturalem,
1405 4249 1511 4310 sed
1567 4251 1901 4313 secundum
1958 4254 2110 4332 quod

2208 4255 2297 4311 καὶ
2341 4255 2604 4318 παντοίως
2659 4254 2874 4313 πάντων
2935 4267 3212 4335 προνοεῖν,
3259 4253 3348 4312 καί
3403 4257 3462 4311 τὸ
3517 4271 3779 4336 παρεῖναι
3815 4257 3876 4306 8Ί

457 4343 616 4406 Deus
644 4340 846 4404 omnia
866 4341 1139 4402 in'rerum
1167 4337 1495 4401 naturalem
1519 4340 1794 4420 producit
1819 4341 2110 4404 continet-

2211 4349 2340 4400 πᾶσι
2398 4349 2465 4419 τῇ
2511 4344 2726 4400 πάντων
2777 4343 2998 4422 ἀσχένῳ
3053 4345 3311 4424 περιοχῇ,
3345 4345 3434 4400 καὶ
3487 4359 3616 4410 ταῖς
3673 4347 3769 4402 ἐπὶ
3819 4349 3886 4403 τὰ

457 4451 596 4514 que,
629 4439 806 4513 atque
835 4429 1116 4492 omnibus
1150 4429 1344 4490 modis
1387 4428 1573 4490 rebus
1605 4429 1897 4491 omnibus
1930 4434 2110 4510 provi-

2213 4433 2337 4489 ὄντα
2395 4433 2567 4489 πάντα
2635 4446 3022 4511 προνοητικαϊς
3091 4431 3332 4508 προόὸοις
3403 4433 3494 4490 καί
3564 4435 3886 4515 ἐνεργείαις.

456 4519 1043 4602 det,omnibusadest
1063 4519 1568 4600 incomprehense
1600 4518 1808 4580 omnia
1833 4521 2106 4601 complec

2213 4519 2386 4578 Ἀλλά
2442 4525 2530 4578 καὶ
2587 4523 2822 4592 κινήσεις
2894 4529 3026 4578 Θεοῦ
3081 4529 3173 4578 τοῦ
3228 4522 3506 4603 ἀκινήτου,
3567 4527 3886 4605 θεοπρεπῶς

459 4611 662 4685 tendo,
694 4609 876 4692 idque
919 4608 1201 4671 omnibus
1246 4607 1649 4690 providentiae
1678 4608 1791 4670 viis
1825 4617 1882 4672 et
1916 4629 2110 4690 opera-

2217 4618 2285 4688 τῇ
2341 4611 2486 4689 λόγῳ
2537 4611 2917 4692 συγχωρητέον
2946 4612 3200 4686 ὑμνῆσαι.
3235 4613 3330 4670 Καὶ
3383 4615 3444 4668 τὸ
3478 4612 3580 4687 μὲν
3642 4616 3764 4673 εὗθὺ
3827 4619 3890 4672 τὸ

459 4699 743 4764 tionibus.
790 4699 945 4774 Quin
1003 4707 1060 4762 et
1100 4696 1431 4761 immobilis
1489 4698 1600 4762 Dei
1670 4705 1879 4761 motus
1907 4700 2110 4761 rationt

2220 4699 2431 4765 ἀκλινὲς
2491 4703 2730 4774 νοητέον,
2767 4703 2854 4758 καὶ
2909 4702 3006 4769 τὴν
3063 4701 3456 4780 ἆπαρέγκλιτον
3487 4701 3724 4782 πρόοδον
3783 4713 3894 4762 τῶν

457 4789 712 4872 quadam
744 4788 866 4852 Deo
890 4788 1268 4851 convenienti
1303 4787 1490 4868 possit
1544 4788 1894 4868 praedicari.
1929 4794 2110 4853 Ac-ret

2222 4791 2524 4872 ἐνεργειῶν,
2560 4793 2646 4848 καὶ
2695 4791 2794 4857 τὴν
2847 4789 2899 4856 ἐξ
2955 4790 3112 4847 αὑτοῦ
3171 4799 3278 4847 τῶν
3337 4789 3479 4848 ὅλων
3538 4793 3780 4871 γένεσιν·
3831 4798 3894 4850 τὸ

458 4889 590 4942 ctus
606 4877 1292 4961 quidemintelligendus
1316 4877 1391 4938 de
1418 4876 1860 4940 inﬂexibilitate
1881 4887 1940 4940 et
1963 4879 2105 4942 inde

2214 4879 2266 4936 δὲ
2301 4879 2586 4943 ἑλικοειόὲς
2643 4883 2742 4949 τὴν
2793 4882 3046 4960 σταθερὰν
3097 4879 3320 4957 πρόοδον
3377 4881 3467 4938 καὶ
3495 4883 3599 4950 τὴν
3660 4885 3896 4962 γόνιμον

457 4969 724 5033 clinabili
748 4985 1066 5050 progressu
1088 4966 1758 5049 operationum,eoque,
1780 4968 1881 5048 qui
1905 4985 1979 5033 ex
1998 4968 2110 5049 ipsc

2209 4971 2416 5028 στάσιν·
2447 4973 2510 5028 τὸ
2569 4971 2624 5028 δὲ
2658 4972 2792 5030 κατὰ
2823 4970 3014 5028 κύκλον
3064 4973 3124 5028 τὸ
3154 4973 3368 5050 ταύτὸν,
3399 4973 3488 5028 καὶ
3531 4973 3598 5028 τὸ
3630 4975 3702 5030 τὰ
3743 4974 3896 5049 μέσα

459 5068 780 5135 est,rerum
809 5059 1074 5123 omnium
1107 5065 1244 5119 ortu
1277 5078 1293 5134 ;
1330 5055 1610 5138 obliquus
1641 5065 1839 5119 autem
1875 5061 1954 5120 de
1987 5058 2110 5122 illa-

2213 5061 2296 5116 καὶ
2373 5058 2510 5140 ἄκρα
2593 5060 2917 5140 περιέχοντα
2995 5061 3084 5118 καὶ
3160 5058 3529 5139 περιεχόμενα
3597 5063 3891 5143 συνέχειν,

455 5167 590 5212 rum
615 5147 812 5212 stabili
843 5163 1161 5228 progressu
1196 5164 1264 5208 ac
1289 5145 1547 5210 fecundo
1577 5155 1729 5208 statu
1759 5166 1782 5220 ;
1807 5148 2110 5212 circulari:

2208 5151 2297 5206 καὶ
2355 5151 2452 5219 τὴν
2521 5155 2596 5215 εἰς
2655 5151 2810 5209 αὒτὸν
2877 5157 2984 5209 τῶν
3055 5149 3151 5208 ἀπ’
3208 5155 3366 5210 αὒτοῦ
3423 5151 3894 5231 προεληλυθότων

457 5239 719 5320 denique
749 5237 826 5300 de
869 5235 1176 5299 identitate
1221 5253 1289 5298 ac
1323 5235 1745 5318 complexione
1785 5237 2110 5299 mediorum

2207 5237 2552 5318 ἐφιστροφήν,

457 5335 638 5410 atque
671 5333 1084 5390 extremorum
1117 5344 1252 5409 qua
1281 5325 1596 5390 continent
1623 5335 1802 5410 atque
1829 5327 2235 5410 continentur,
2266 5337 2328 5392 et
2359 5329 2433 5391 de
2479 5329 2744 5405 illorum,
2779 5328 2920 5392 489
2943 5347 3076 5412 quae
3105 5329 3177 5391 ab
3209 5329 3339 5412 ipso
3393 5329 3780 5410 prodierant,
3817 5332 3896 5398 ad

455 5435 652 5500 ipsum
685 5433 1102 5482 converswne.
3253 5449 3255 5452 1

1779 5510 2039 5576 VARUE
2082 5510 2410 5577 LECTION
2417 5511 2528 5575 ES.

531 5671 708 5758 βίκιὶ
736 5675 871 5742 simi
914 5674 1016 5758 γέερ
1045 5675 1080 5742 ἡ
1113 5669 1383 5758 θεολξγίαε,
1417 5669 1480 5735 S.
1526 5671 1633 5758 _83
1663 5676 1973 5758 717alean
2006 5675 2104 5736 Sc.
2149 5673 2388 5758 amittat)
2439 5671 2619 5758 estin
2650 5672 2722 5758 S._
2761 5676 2833 5758 Ι),
2919 5674 2976 5719 ⁸³
3004 5677 3292 5758 praeponit
3324 5673 3390 5736 P-
3448 5676 3895 5758 195Aépsﬁéxtou

452 5750 682 5838 ιέέθεξεν,
713 5769 851 5838 qua
871 5750 1050 5838 verba
1079 5760 1216 5838 sunt
1245 5751 1399 5838 i1_1_S.
1436 5760 1496 5816 et
1523 5752 1628 5830 D.,
1659 5753 1766 5817 sed
1790 5750 1909 5838 illa
1923 5752 2166 5820 absunt.
2250 5753 2309 5798 ει
2335 5756 2656 5837 ἀσυγχύτους
2702 5750 3154 5836 ἀπολιιπόμένονζ
3188 5757 3253 5824 S.
3287 5758 3358 5821 D.
3445 5755 3512 5810 55
3533 5756 3569 5826 ἢ
3603 5750 3767 5838 ἀταρά
3800 5765 3868 5822 τό

453 5799 522 5899 ῑ›.
611 5799 1078 5916 autem.
1112 5831 1184 5900 ι).
1268 5799 2166 5917 ex...
2453 5799 2517 5837 ιιι
2631 5799 2654 5823 ~
2761 5799 3154 5836 νυ
3188 5799 3253 5824 υ-
3287 5799 3358 5821 υ-
3557 5799 3767 5838 ne-
