4052 6414
389 372 507 447 923

1549 379 1610 445 S.
1658 379 2001 446 DIONYSII
2045 379 2585 445 AREOPAGITE.

3658 380 3784 453 924

385 538 523 585 nem
545 526 742 583 autem
765 516 1222 583 simulacrorum
1242 536 1275 580 a
1294 514 1615 597 gentilibus
1626 515 1700 579 ad
1714 516 2011 579 veritatem

2112 519 2335 576 καθόσον
2386 519 2516 592 ἐστὶ,
2548 519 2929 599 θεωρήσωμεν,
2971 519 3073 590 Τὴν
3105 520 3160 579 δὲ
3203 520 3343 590 λέξιν
3372 529 3478 583 τῶν
3510 522 3778 604 ἄγαλμά-

391 611 671 688 traduxit;
693 611 779 674 illi
794 611 954 675 enim
978 612 1143 693 quasi
1159 610 1441 693 quasdam
1465 618 1688 671 statuas
1709 606 2031 693 faciebant,

393 702 666 765 manibus
697 690 1072 785 pedibusque
1094 690 1434 773 destitutas,
1465 700 1570 762 has
1601 707 1796 760 autem
1836 690 2031 778 Ἐρπᾶς

389 812 494 858 seu
521 793 912 860 Mercuriales
932 792 1540 876 appelabant,quippe
1565 790 1729 864 ﬁxas,
1747 788 2029 870 quoniam

387 884 692 967 quadratae
710 893 880 946 erant
913 908 929 961 ;
965 884 1055 947 vel
1077 902 1276 946 rerum
1319 879 1711 963 quarumdam
1744 878 1976 941 indices
2011 898 2025 942 :

387 978 555 1054 ερμῆς
582 976 742 1035 enim
768 975 879 1035 vim
906 973 1200 1035 sermonis
1243 973 1525 1053 explicat,
1571 968 1796 1050 quippe
1830 968 2027 1048 profe-

386 1082 530 1127 rens
559 1064 618 1126 id
641 1063 798 1147 quod
824 1065 1064 1126 insitum
1115 1073 1174 1124 et
1196 1063 1520 1125 internum.
1556 1058 1880 1124 Faciebant
1912 1059 2027 1120 ita-

389 1172 502 1232 que
532 1154 661 1217 illas
690 1172 977 1216 concavas
1008 1163 1211 1234 portas
1241 1154 1559 1230 habentes,
1593 1160 1771 1232 atque
1821 1149 1883 1212 in
1905 1148 2027 1211 illis

384 1244 704 1307 simulacra
723 1243 1099 1306 collocabant
1122 1244 1374 1305 deorum
1390 1260 1537 1322 quos
1551 1259 1662 1303 ven
1674 1239 2018 1313 erabantur,

383 1333 606 1396 deforis
636 1343 835 1396 autem
861 1334 992 1396 illas
1015 1332 1570 1397 clamlebant.Viles
1592 1350 1733 1410 ergo
1768 1348 2020 1411 appare-

383 1422 525 1486 bant
551 1424 887 1486 istiusmodi
911 1425 1428 1496 Mercurii,verum
1454 1423 1608 1484 intra
1634 1441 1699 1483 se
1723 1423 2021 1503 ipsorum-

385 1521 503 1575 met
523 1512 774 1576 deorum
798 1523 1071 1577 ornatum
1095 1512 1504 1577 continebant.
1532 1511 1818 1576 Similiter
1839 1520 1893 1573 et
1925 1511 2023 1572 hic

380 1602 489 1682 ait,
523 1604 765 1667 nomina
786 1605 1025 1685 quidem
1052 1604 1363 1685 ipsiusmet
1386 1602 1694 1667 existentis
1722 1620 1789 1663 ac
1839 1602 2023 1663 solius

380 1692 505 1755 veri
524 1692 653 1769 Dei,
687 1712 821 1770 quae
864 1693 925 1755 in
958 1693 1264 1774 Scriptura
1290 1700 1706 1763 recensentur,
1742 1691 2024 1753 videntur

380 1782 622 1862 quidem
644 1783 893 1865 indigna
915 1784 1271 1859 Deo;verum
1297 1784 1613 1864 explicata,
1632 1783 1865 1862 dignam
1898 1780 2020 1844 Deo

379 1872 933 1954 interpretationem
949 1874 1430 1954 babent,etintra
1442 1891 1506 1935 se
1519 1872 1836 1934 simulacra
1860 1891 2023 1954 qum-
2047 1892 2082 1941 Β

380 1961 517 2023 dam
563 1961 914 2045 divinasque
961 1964 1180 2045 ﬁguras
1204 1964 1418 2027 divinae
1448 1963 1652 2043 gloriae
1681 1961 2016 2025 continent.

459 2052 490 2133 ἕ
518 2054 599 2119 Il.
632 2057 871 2135 Magnus
901 2056 1063 2119 Deus
1091 2055 1451 2137 appellatur,
1476 2057 1581 2117 sed
1615 2072 1734 2115 non
1767 2052 2019 2114 alterius

377 2144 843 2226 comparatione,
876 2145 982 2207 sed
1014 2145 1345 2209 secundum
1402 2145 1518 2207 sibi
1551 2143 1849 2226 propriam
1885 2160 2016 2203 ma-

378 2233 792 2316 gnitudinem;
834 2237 987 2297 sicut
1009 2237 1247 2317 crelum,
1276 2244 1343 2299 ut
1366 2237 1451 2298 sic
1482 2234 1697 2310 dicam,
1734 2252 2011 2311 magnum

366 2323 586 2386 dicitur
608 2343 725 2388 non
749 2334 1027 2407 respectu
1055 2326 1303 2389 alterius
1322 2326 1455 2389 cmli
1481 2326 1735 2405 alicujus
1761 2324 2013 2386 minoris

367 2421 425 2475 et
449 2414 536 2478 sol
564 2414 819 2496 incidus,
857 2434 973 2477 non
1004 2417 1077 2478 ad
1118 2417 1365 2494 aliquid,
1403 2415 1511 2478 sed
1537 2413 1870 2477 secundum
1921 2432 2010 2477 se.

368 2501 737 2582 ItaqueDeus
758 2525 1005 2586 magnus
1026 2508 1396 2589 dicitur,non
1424 2525 1528 2585 per
1553 2507 1795 2569 alterius
1820 2504 2010 2567 colla-

370 2594 725 2677 tionem,setl
746 2598 1536 2678 propterincomparabilem
1561 2608 1767 2658 etVere
1783 2597 2008 2658 ineom-

367 2686 844 2765 prebensibilem
865 2687 1080 2752 divinae
1100 2688 1524 2767 magnitudinis
1570 2687 2008 2750 excellentiam.

2115 630 2225 666 των
2274 607 2326 676 ἐξ
2358 608 2629 677 Ἐλλήνων
2689 609 2775 667 ἐπὶ
2829 612 2889 667 τὸ
2947 609 3144 679 ἀληθὲς
3196 615 3525 694 μετήγαγεν·
3570 617 3780 675 ἐκεῖνοι

2115 698 2215 777 γὰρ
2245 700 2362 757 οἷόν
2392 722 2541 763 τινας
2597 698 2906 777 ἀνδριάντας
2946 700 3180 783 ἐποίουν,
3213 704 3353 779 μήτε
3387 717 3584 785 χεῖρας
3630 707 3781 781 μήτε

2116 785 2278 852 πόδας
2330 789 2584 869 ἔχοντας’
2617 789 2834 853 τούτους
2884 788 2939 846 δὲ
3008 798 3186 869 Ερμᾶς
3230 791 3476 868 ἐκάλουν,
3521 792 3779 862 δηλονότι

2113 876 2379 965 οτερῤυὺς,
2437 880 2759 959 τετράγωνοι
2818 881 2918 958 γὰρ
2973 886 3133 949 ἦσαν·
3196 883 3231 951 ἢ
3297 883 3621 965 ἐμφατικούς
3682 910 3777 945 τι·-

2113 983 2238 1024 νωιν
2279 959 2477 1046 Ἐρμῆς
2530 970 2631 1049 γὰρ
2662 972 2695 1038 ἡ
2754 992 2847 1027 του
2880 968 3042 1049 λόγου
3095 972 3345 1052 ἔμφασις,
3379 959 3454 1040 ὧς
3508 998 3780 1057 προφορι-

2110 1060 2202 1121 κὸς
2272 1065 2363 1114 τοῦ
2422 1057 2716 1119 ἐνδιαθετου
2773 1061 2859 1116 καὶ
2947 1059 3233 1139 ἐνδοτέρου.
3294 1063 3539 1121 Ἐποίουν
3597 1067 3778 1123 τοίνυν

2111 1149 2296 1211 αὐτοὺς
2354 1146 2623 1213 διακένους
2680 1150 2834 1229 θύρας
2887 1150 3145 1232 ἔχοντας,
3199 1153 3287 1210 καὶ
3342 1153 3538 1211 ἔσωθεν
3600 1156 3780 1213 αὐτῶν

2111 1237 2341 1295 ἐτίθεσαν
2400 1237 2684 1316 ἀγάλματα
2758 1242 2833 1295 ὧν
2904 1239 3151 1298 ἐσέϐοντο
3224 1245 3378 1321 θεῶν,
3456 1244 3642 1310 ἔξωθεν
3716 1244 3776 1301 δὲ

2111 1327 2415 1385 ἀπέκλειον·
2453 1338 2572 1393 τους
2633 1327 2857 1408 Ἐρμᾶς.
2933 1330 3243 1409 Ἐφαίνοντο
3315 1334 3403 1392 οὖν
3463 1336 3510 1391 οἱ
3566 1334 3775 1413 Ἐρμαϊ

2110 1416 2366 1485 εὐτελεῖς,
2402 1416 2592 1474 ἔσωθεν
2650 1416 2703 1473 δὲ
2755 1420 2877 1482 τοὺς
2926 1427 3032 1476 τῶν
3090 1424 3222 1478 θεῶν
3256 1424 3425 1479 αὖτῶν
3482 1423 3772 1481 καλλωπι-

2110 1508 2275 1583 σμοῦς
2333 1508 2520 1587 εἶχον.
2577 1507 2725 1566 Οὕτω
2781 1507 2846 1577 δὴ
2899 1508 3163 1568 κᾶνταῦθᾶ
3208 1535 3339 1591 φησι
3396 1515 3461 1571 τὰ
3492 1521 3590 1591 μὲν
3649 1516 3772 1587 περὶ

2104 1598 2196 1655 τοῦ
2227 1596 2375 1663 ὄντος
2421 1601 2508 1655 καὶ
2539 1601 2703 1670 μόνου
2755 1598 3003 1665 ἀληθινοῦ
3048 1608 3178 1659 Θεοῦ
3224 1601 3278 1658 ἐν
3321 1607 3390 1681 τῇ
3423 1611 3604 1687 Γραφῇ
3635 1606 3766 1663 ὀνό-

2107 1691 2247 1763 ματα
2306 1688 2489 1754 ἀνάξια
2538 1690 2682 1745 εἶναι
2744 1693 2859 1767 περὶ
2913 1699 3043 1748 Θεοῦ
3102 1691 3388 1770 λεγόμενα,
3423 1695 3769 1756 ἀναπτυσσό-

2299 1774 2349 1833 δὲ
2495 1780 2508 1799 π
2577 1776 2650 1815 ἐ’
2891 1790 2915 1800 ~
2981 1782 2993 1799 '
3191 1783 3202 1801 '
3497 1787 3511 1805 ε
3571 1785 3596 1805 ”

2106 1798 2239 1851 μενα
2331 1823 2376 1850 ν,
2424 1800 2511 1835 και
2568 1801 2725 1843 αςιως
2786 1787 2918 1839 Θεου
2976 1803 3383 1863 ερμηνευονται,
3426 1807 3512 1841 και
3572 1792 3769 1845 εσωθεν

2105 1866 2292 1945 ἔχουσι
2354 1868 2415 1923 τὰ
2476 1867 2782 1946 ἀγάλματα,
2850 1871 2937 1926 καὶ
3012 1871 3134 1936 τοὺς
3190 1873 3358 1936 θείους
3409 1875 3605 1941 τύπους
3666 1883 3766 1947 τῆς

2104 1957 2221 2034 περὶ
2253 1965 2383 2014 Θεοῦ
2414 1955 2568 2024 δόξης
2582 2006 2595 2020 ,

2182 2044 2313 2125 §IL
2352 2048 2525 2138 Μέγας
2564 2049 2753 2138 ὁλΘεὸς
2786 2048 3127 2130 ὀνομάζεται,
3176 2051 3298 2108 ἀλλ’
3343 2052 3404 2109 οὗ
3433 2056 3570 2132 πρὸς
3629 2058 3767 2138 σύγ.

2101 2159 2271 2212 κρισιν
2331 2137 2531 2215 ἑτέρου,
2564 2136 2701 2193 ἄλλα
2735 2140 2871 2195 κατὰ
2931 2142 2989 2196 τὸ
3018 2139 3161 2205 ἰδίως
3213 2147 3372 2201 αὐτοῦ
3403 2145 3571 2224 μέγα·
3630 2136 3766 2214 ὡςήὸ

2100 2228 2337 2305 οὖρανὸς,
2393 2231 2512 2283 οἷον
2574 2226 2696 2307 φέρε
2758 2230 2955 2309 εἰπεῖν,
3005 2229 3216 2308 λέγεται
3273 2233 3466 2312 μέγας,
3526 2236 3587 2294 οὗ
3628 2240 3764 2316 πρὸς

2099 2315 2259 2373 ἄλλον
2312 2317 2531 2393 οὖρανὸν
2587 2316 2924 2395 μικρότερον,
2959 2320 3048 2376 καὶ
3092 2324 3119 2375 ὁ
3178 2320 3331 2389 ἣλιος
3375 2315 3763 2408 φωτεινὸς,αό

2096 2407 2224 2482 πρός
2259 2429 2331 2481 τι,
2369 2406 2504 2462 ἀλλὰ
2530 2407 2645 2463 καθ’
2682 2409 2865 2470 αὐτόν,
2927 2400 2983 2467 Ὀ
3016 2418 3142 2488 γοῦν
3175 2414 3302 2478 Θεὸς
3346 2400 3517 2492 μέγας
3551 2400 3760 2495 λέγεται

2094 2498 2155 2553 οὗ
2213 2499 2342 2575 πρὸς
2373 2497 2778 2573 ἀντιπαράθεσιν
2814 2498 3018 2579 ἐτέρου,
3054 2499 3190 2558 ἀλλὰ
3243 2500 3326 2558 διὰ
3369 2506 3431 2560 τὸ
3481 2506 3759 2585 ἀπαράθε-

2092 2611 2188 2645 τον
2235 2589 2323 2643 καὶ
2358 2587 2519 2652 ὅντως
2550 2587 2930 2655 ἀκατάληπτον
2981 2596 3079 2656 τῆς
3110 2593 3251 2655 θείας
3307 2592 3751 2673 μεγαλειότητος.

2095 2678 2316 2755 Λέγεται
2375 2684 2498 2755 γοῦν
2528 2676 2723 2753 μέγας,
2756 2679 2826 2743 ὡς
2880 2678 3189 2754 μεταδιδοὺς
3222 2681 3409 2740 ἑαυτοῦ
3447 2690 3572 2741 πᾶσι
3629 2699 3756 2752 τοῖς

2096 2766 2371 2845 μεγάλοις·
2435 2764 2580 2825 οὐδὲν
2614 2768 2713 2845 γὰρ
2771 2766 2911 2845 μέγα
2968 2767 3086 2826 οὔτε
3144 2778 3300 2846 ποσῷ
3347 2771 3463 2830 οὔτε
3521 2775 3631 2850 μὴν
3686 2782 3760 2852 τῇ

370 2774 596 2839 Dicitur
607 2795 749 2857 ergo
768 2787 1322 2859 magnus,tanquam
1345 2778 1443 2859 qui
1459 2795 1524 2839 se
1535 2776 1815 2838 omnibus
1833 2774 2012 2837 rebus

372 2867 597 2945 magnis
616 2866 1203 2949 communicet;nihil
1223 2868 1382 2929 enim
1400 2867 1460 2927 in
1478 2865 1657 2927 rebus
1670 2866 1887 2927 creatis
1912 2884 2013 2926 ne—

366 2974 482 3036 que
498 2956 654 3018 mole
670 2945 1098 3038 nequevirtu'te
1125 2957 1592 3037 magnum,quod
1625 2974 1744 3016 non
1780 2955 2011 3017 dicatur

2101 2950 2296 3005 ἐκείνου
2351 2945 2563 3024 λέγεται
2637 2949 2798 3025 μέγα,
2857 2949 3255 3029 ὑπερχεομένου
3320 2956 3520 3019 παντὸς
3581 2945 3756 3035 μεγέ..

367 3035 647 3121 magnum
672 3035 1006 3109 secundum
1039 3035 1556 3128 participationem
1573 3046 1703 3126 ejus
1722 3045 1823 3126 qui
1844 3046 2011 3107 omni

2101 3042 2237 3116 θους,
2269 3038 2356 3093 καὶ
2412 3037 2585 3092 πάντα
2640 3035 2803 3094 τόπον
2858 3038 3230 3118 περιέχοντος,
3259 3045 3346 3099 καὶ
3393 3044 3567 3101 πάντα
3628 3045 3756 3124 ἄρι-

366 3133 760 3212 magnitudini
780 3124 1632 3215 superfunditur,omnemque
1647 3124 1842 3196 locum
1871 3153 2011 3196 con-

2101 3128 2222 3203 ὓμὸν
2277 3124 2714 3205 ὒπερϐαλλοντος.
2752 3125 2971 3196 Ἐπειδὴ
3019 3130 3118 3208 γὰρ
3151 3132 3210 3187 τὸ
3243 3131 3383 3205 μέγα
3435 3132 3524 3190 ἐπὶ
3583 3145 3757 3195 ποσοῦ

363 3222 903 3305 tinet,omnemque
921 3244 1236 3288 numerum
1262 3226 1668 3290 excedit.Cum
1692 3226 1848 3286 enim
1884 3243 2009 3287 ma-

2101 3217 2330 3296 λέγεται,
2366 3216 2450 3272 διὰ
2506 3226 2661 3275 τοῦτο
2719 3215 3103 3296 περιλαμϐάνει
3162 3220 3384 3299 μέγεθος
3438 3223 3608 3281 τόπον
3662 3228 3754 3284 καὶ

362 3325 538 3383 gnum
565 3312 634 3370 de
652 3314 962 3384 quantitate
984 3314 1456 3385 dicatur,idcirco
1481 3315 1773 3383 magnitud
1800 3329 1872 3371 ne
1894 3322 2007 3370 tam

2101 3307 2336 3387 ἂριθμὸν,
2368 3306 2502 3384 ἅπερ
2533 3306 2641 3364 ἐστὶ
2668 3314 2760 3365 τοῦ
2789 3318 2943 3368 ποιοῦ
2968 3307 3115 3388 εἴδη,
3144 3312 3205 3368 τὸ
3257 3313 3356 3387 μὲν
3386 3313 3613 3393 μέγεθος
3644 3315 3754 3373 λα-

364 3402 559 3463 locum
614 3422 789 3484 quam
834 3423 1153 3467 numerum
1186 3406 1666 3489 comprehendit,
1703 3424 1834 3487 quae
1870 3412 2007 3465 sunt

2101 3394 2197 3453 ῗὼν
2225 3397 2337 3454 ἀντὶ
2367 3402 2649 3474 γραμμῆς,
2676 3399 3007 3477 ἐπιφανείας,
3040 3404 3127 3457 καὶ
3157 3402 3430 3476 σώματος·
3464 3404 3665 3485 χρόνον
3693 3404 3753 3463 δὲ

362 3489 599 3571 species
619 3485 1464 3576 quantitatis,magnitudinem
1502 3485 1745 3578 quidem
1784 3512 1892 3574 pro
1927 3492 2002 3553 li-

2101 3486 2174 3543 ιαὶ
2205 3485 2362 3563 λόγον
2406 3488 2553 3567 ἀφεὶς
2597 3487 2688 3545 τὸν
2719 3491 3059 3569 προφορικόν“
3111 3492 3171 3547 τὸ
3202 3493 3324 3566 μὲν,
3359 3493 3442 3550 ὃτι
3500 3496 3744 3563 ποιητὴς

359 3598 494 3663 nea,
528 3584 846 3662 superﬁcie
876 3594 937 3648 et
958 3575 1209 3665 corpore
1239 3603 1489 3649 sumens
1522 3575 1539 3658 ξ
1592 3593 1829 3661 tempus
1861 3600 1999 3644 vero

2101 3576 2315 3654 τρᾶνων.
2363 3581 2424 3633 τὸ
2471 3575 2548 3658 δέ,
2578 3575 2658 3633 ὅτι
2715 3580 2831 3656 περὶ
2862 3582 3020 3639 αὐτοῦ
3069 3580 3365 3660 ἔμπροσθεν
3418 3584 3569 3658 εἷπε,
3604 3588 3751 3643 κατὰ

357 3687 821 3754 sermonemque
866 3674 1127 3737 vocalem
1152 3690 1160 3696 '
1187 3675 1368 3738 missa
1400 3675 1647 3755 faciens,
1681 3673 1825 3735 illud
1860 3672 2001 3753 qui-

2101 3667 2134 3724 :t
2163 3667 2320 3744 λόγος
2350 3669 2411 3723 τὸ
2454 3674 2612 3723 Θετον
2642 3666 2886 3745 λέγεται.
2935 3671 3037 3727 Τὸν
3068 3678 3193 3749 γοὺν
3234 3671 3401 3729 τόπον
3430 3673 3747 3752 περιέλαϐεν

357 3758 519 3835 dem,
548 3761 689 3842 quia
716 3771 1049 3844 temporum
1076 3774 1165 3828 est
1195 3766 1662 3842 conditor,hunc
1685 3761 1998 3839 vero,quia

2101 3759 2157 3821 bc
2215 3756 2526 3831 ἀσώματον,
2562 3758 2623 3813 τὸ
2655 3755 2709 3812 δὲ
2760 3757 2990 3845 μέγεθος
3015 3761 3104 3816 καὶ
3159 3763 3251 3817 τὸν
3282 3759 3525 3837 ἀριθμὸν,
3558 3764 3634 3828 ὡς
3681 3768 3747 3824 τὸ

358 3846 434 3937 de
465 3848 595 3928 ipso
627 3859 802 3913 antea
834 3852 1013 3916 Verba
1045 3853 1207 3934 fecit,
1235 3856 1292 3918 in
1346 3861 1630 3937 quantum
1665 3854 1823 3917 Deus
1856 3854 2001 3914 Ver-

2101 3846 2181 3902 ιὲν
2226 3845 2313 3902 ἐπ’
2360 3846 2577 3924 ἄπειρον
2631 3845 2915 3928 διαιρετὸν⁷
2949 3851 3037 3907 τόν
3082 3848 3138 3907 δὲ
3193 3849 3278 3907 ἐπ’
3307 3850 3525 3930 ἄπειρον
3575 3853 3745 3920 αὔξα-

355 3936 495 3999 bum
529 3940 882 4019 appellatur.
903 3944 1123 4005 Locum
1155 3945 1352 4026 itaque
1383 3941 1839 4026 comprehendit
1876 3949 2001 4003 tan-

2101 3936 2327 4003 νόμενυν.
2392 3938 2491 3992 Διὰ
2542 3944 2698 3994 τούτο
2743 3938 2843 4017 γὰρ
2872 3940 2965 3994 καί
3030 3940 3359 4017 προστίθησιο
3423 3943 3521 3999 Καὶ
3564 3949 3746 4001 πᾶσαν

355 4022 1473 4113 quamincorporeum,magnitudinem
1495 4022 1632 4097 vero
1657 4049 2000 4096 numerum-

2101 4027 2319 4097 ὶπειρίαν
2365 4022 2664 4089 διαϐαῖνον.
2728 4027 3043 4101 Θαυμασίως
3094 4026 3148 4085 δὲ
3193 4030 3367 4097 τίθησι
3414 4032 3501 4105 τὸ,
3554 4033 3745 4091 Πάντα

355 4118 667 4195 que,quod
692 4118 794 4182 illa
817 4121 1054 4201 quidem
1075 4122 1135 4183 in
1157 4123 1455 4187 inﬁnitum
1484 4124 1693 4197 dividi,
1723 4125 1816 4186 hic
1851 4140 1997 4184 vero

2101 4116 2242 4171 τόπον
2301 4114 2581 4194 περιέχον·
2638 4118 2666 4173 6
2726 4114 2828 4194 γάρ
2893 4117 3056 4182 τόπος
3110 4119 3378 4200 περιέχει,
3434 4124 3494 4181 οὗ
3551 4123 3741 4202 περιέ-

355 4207 486 4268 sine
511 4214 763 4271 termino
784 4212 986 4291 augeri
1021 4213 1384 4292 possit.Nam
1409 4215 1634 4277 idcirco
1668 4212 1849 4276 etiam
1879 4210 1994 4275 ad-

2101 4225 2260 4283 μται,
2330 4204 2491 4282 πέρας
2535 4204 2636 4283 γὰρ
2690 4204 2801 4261 ἐστι
2846 4212 2939 4261 τοῦ
2994 4226 3364 4288 περιεχιοντος⁸
3416 4213 3445 4267 6
3486 4207 3542 4267 δὲ
3600 4212 3737 4277 Θεὸς

352 4295 435 4357 dit
471 4317 485 4360 :
540 4296 792 4361 Omnem
827 4302 1166 4365 transiliens
1223 4304 1604 4368 inﬁnitatem.
1642 4301 1999 4364 Mirabiliter

2101 4293 2424 4371 »περᾶπειρός
2511 4294 2648 4369 ἐστι,
2705 4297 2798 4362 τῆς
2880 4295 3153 4373 βασιλείας
3243 4299 3344 4378 γὰρ
3410 4302 3569 4359 αὐτοῦ
3644 4306 3745 4362 οὐκ

350 4394 548 4449 autem
584 4389 1028 4469 ponit.0mnem
1059 4392 1254 4456 locum
1288 4395 1631 4466 continens,
1657 4393 1795 4474 quia
1830 4391 1996 4452 locus

2101 4384 2190 4439 ἰστι
2292 4383 2482 4463 πέρας.
2585 4382 2752 4441 Ἀλλὰ
2835 4389 2923 4444 καὶ
3027 4388 3156 4467 ὑπὲρ
3240 4392 3414 4446 πάντα
3515 4389 3741 4470 ἀριθμόν

352 4479 769 4556 continet,non
801 4483 1472 4560 continetur,terminus
1497 4485 1654 4547 enim
1676 4471 1769 4547 est
1795 4481 1994 4546 conti-

2108 4489 2241 4563 οτι-ν’
2290 4473 2363 4563 “ei
2419 4472 2518 4551 γὰρ
2597 4476 2684 4529 καὶ
2770 4472 2982 4553 λέγεται
3046 4478 3073 4533 ὁ
3134 4479 3266 4541 Θεὸς
3347 4482 3435 4542 τῖς
3492 4481 3582 4536 καὶ
3652 4480 3734 4563 ἓν,

350 4568 600 4669 uentis;
662 4571 821 4669 Deus
877 4584 1077 4669 autem
1138 4574 1450 4669 plusquam
1488 4575 1655 4669 ΔΔξὶς
1716 4574 1993 4669 infinitus

2101 4559 2194 4666 ελλ’
2255 4562 2343 4669 οὖέ
2394 4564 2480 4619 καὶ
2537 4563 2668 4641 ὑπὲρ
2722 4566 2783 4620 τὸ
2842 4568 2894 4623 ἓν
2951 4567 3088 4624 ἐστι·
3153 4568 3342 4643 κυρίως
3401 4570 3501 4647 γὰρ
3555 4571 3616 4625 τὸ
3680 4559 3739 4627 ἕν

353 4657 575 4734 existit,
610 4662 747 4742 quia
770 4663 935 4742 regni
960 4665 1090 4744 ejus
1127 4650 1244 4726 non
1275 4650 1367 4727 est
1396 4663 1555 4727 ﬁnis.
1618 4664 1774 4738 Quin
1807 4662 1985 4725 etiam

2101 4652 2263 4731 ’χέσιν
2310 4650 2428 4731 ἔχει
2488 4654 2617 4729 πρὸς
2674 4653 2791 4719 τοὺς
2848 4655 2900 4720 ἐξ
2953 4656 3110 4716 αὒτοῡ
3161 4655 3392 4720 πολλοὺς
3448 4657 3734 4736 ἀριθμοὺς,

2095 2857 2309 2932 δυνάμει
2369 2856 2463 2913 ἐπὶ
2509 2862 2616 2911 τῶν
2660 2856 2987 2932 κτισμάνων,
3025 2859 3155 2935 ὅπερ
3207 2861 3266 2918 οὗ
3309 2864 3447 2920 κατὰ
3508 2867 3758 2947 μετοχὴν

347 4766 528 4829 supra
563 4768 802 4814 omnem
851 4771 1167 4815 numerum
1200 4752 1399 4814 existit
1432 4770 1447 4827 ;
1500 4752 1611 4814 etsi
1644 4752 1805 4815 enim
1830 4751 1989 4814 Deus

346 4836 581 4900 dicatur
611 4859 765 4903 unus
786 4849 843 4903 et
874 4849 1183 4913 unum,est
1213 4850 1415 4904 tamen
1439 4842 1616 4905 etiam
1642 4842 1776 4924 plus
1808 4859 1987 4921 quam

345 4944 554 5007 unum,
594 4930 834 5010 proprie
855 4930 1015 4993 enim
1050 4948 1234 4992 unum
1257 4932 1688 4995 conuexionem
1704 4931 1887 4995 habet
1912 4931 1987 4994 ad

347 5016 567 5079 multos
584 5037 869 5083 numeros
910 5038 981 5083 ex
1015 5019 1142 5100 ipso
1168 5021 1509 5097 existentes,
1545 5032 1602 5085 et
1625 5022 1987 5103 principium

345 5115 436 5168 est
468 5107 889 5171 multitudinis.
919 5110 1141 5171 Verum
1179 5108 1333 5173 Deus
1363 5131 1544 5174 unum
1579 5112 1823 5184 dicitur,
1852 5113 1989 5192 quia

344 5195 601 5278 simplex
632 5203 745 5279 est,
772 5197 1314 5274 etindividuum,et
1333 5201 1988 5284 incompositum.Quin

344 5294 400 5347 et
426 5286 513 5348 sic
538 5286 672 5367 plus
696 5306 871 5369 quam
898 5287 1123 5360 unitur.
1158 5298 1219 5352 et
1241 5290 1374 5370 plus
1399 5310 1573 5373 quam
1623 5311 1808 5356 unum
1843 5299 1933 5355 est
1967 5315 1983 5370 ;

340 5373 564 5438 dicitur
581 5376 741 5438 enim
767 5376 842 5439 de
874 5378 1003 5459 ipso
1033 5398 1047 5441 :
1082 5377 1165 5441 Et
1179 5381 1440 5443 scientia
1461 5385 1591 5459 ejus
1611 5400 1733 5445 non
1749 5390 1841 5445 est
1858 5400 1981 5445 nu-

2069 4743 2158 4798 καὶ
2200 4740 2450 4830 ,πλήθους
2507 4741 2646 4800 ἐστὶν
2677 4744 2852 4824 ἀρχή.
2899 4745 3090 4821 Ὅμως
3149 4745 3369 4824 λέγεται
3404 4747 3433 4803 ὸ
3488 4750 3621 4810 Θεὸς
3652 4751 3735 4830 ἒς),

2071 4828 2256 4899 ἐπειδὴ
2298 4829 2500 4889 ἁπλοῦν
2533 4832 2670 4911 ἐστι,
2701 4837 2799 4889 καὶ
2859 4834 3077 4913 ἀμερὲς,
3111 4837 3200 4892 καὶ
3229 4835 3533 4899 ἀσύνθετον.
3598 4828 3736 4896 Ἀλέ

2072 4921 2140 4979 λὰ
2194 4923 2281 4978 καὶ
2310 4919 2477 4984 οὕτως
2536 4923 2900 5005 ὑπερήνωται,
2933 4928 3020 4981 καὶ
3076 4925 3207 5005 ὑπὲρ
3243 4947 3304 4981 το
3341 4924 3399 4981 ἓν
3449 4927 3585 4985 ἔστι·
3633 4927 3737 4984 λέ-

2070 5032 2220 5088 γεται
2278 5011 2379 5089 γὰρ
2434 5011 2556 5087 περὶ
2628 5015 2811 5070 αὐτοῦ’

2070 5103 2166 5157 οὒκ
2240 5098 2380 5157 ἔστιν
2438 5100 2683 5175 ἀριθμός.
2771 5102 2996 5181 Λέγεται
3069 5105 3158 5161 καὶ
3216 5103 3387 5182 μέγας

2068 5193 2403 5269 ὑπερπλῆρες
2451 5193 2611 5247 αὐτοῦ
2638 5191 2729 5249 καὶ
2774 5191 3169 5271 μεγαλουργὸν,
3200 5196 3284 5250 ὃτι
3316 5196 3368 5250 αἱ
3413 5198 3583 5273 πηγαὶ
3625 5199 3733 5253 τῶν

2068 5279 2280 5360 δωρεῶν
2330 5281 2510 5355 αὐτοῦ,
2558 5283 2701 5360 παρὰ
2762 5281 2976 5339 πάντων
3035 5283 3426 5360 μετεκόμεναι,
3474 5283 3731 5361 ἆμείωτοί

2067 5375 2189 5432 εἱσι.

2905 5016 3005 5072 Καὶ
3070 5019 3168 5082 τῆς
3228 5014 3487 5080 συνέσεως
3572 5017 3735 5075 αὐτοῦ

3469 5106 3608 5162 κατὰ
3668 5108 3733 5163 τὸ

340 5481 546 5555 uterus
576 5476 624 5527 ⁸.
675 5456 1108 5530 Dicitur—etiam
1171 5485 1440 5548 magnus,
1473 5456 1804 5534 secundum
1857 5472 2011 5555 plust

2101 5477 2181 5555 tm.
2210 5456 2644 5555 plenitudinem
2673 5476 2745 5523 ac
2804 5461 3301 5543 magniﬁcentiam
3331 5479 3526 5545 suam,
3572 5479 3736 5546 quoat

336 5550 496 5616 niam
527 5560 721 5619 fontes
754 5574 1069 5621 munerum
1104 5556 1294 5640 ipsius
1326 5557 1399 5621 ab
1431 5560 1709 5625 omnibus
1743 5548 2077 5647 participati
2110 5548 2356 5616 ιηίηίιηο
2389 5548 2762 5616 minuuntur.

419 5738 444 5772 κ
474 5728 629 5793 Psal.
658 5745 812 5816 CLVI,
844 5739 903 5796 5.
