4052 6414
286 387 404 456 925

769 393 870 457 DE
916 392 1216 460 DIVINIS
1257 391 1707 477 NOMINIBUS,
1753 399 1918 463 CAP.
1967 399 2076 463 IX.
2123 429 2201 442 —
2242 395 2632 458 PARAPHR.
2677 388 3194 460 PACHYMERE.

3560 385 3680 457 926

369 529 398 609 §
415 526 523 593 III.
561 528 760 609 Μικρὸν
819 526 874 586 δὲ
927 529 1087 588 πάλιν
1144 529 1381 610 λέγεται,
1432 533 1508 596 ὡς
1564 531 1744 592 οὖδένα
1789 537 1945 613 ὄγκον

2113 530 2266 615 §IIl.
2311 535 2557 596 Parvum
2610 550 2819 594 rursus
2871 531 3108 607 dicitur,
3156 539 3219 595 ut
3260 530 3419 612 quod
3452 529 3676 593 nullam

281 621 319 690 ἢ
351 618 625 695 διάστημα
677 620 924 698 πεφυκὼς
956 619 1216 694 δέξασθαι,
1277 619 1399 678 ἀλλ’
1463 623 1593 702 ὑπὲρ
1622 632 1784 682 ταῦτα
1818 627 1891 684 ὥν
1927 646 1941 663 ·

280 712 372 769 καὶ
423 709 627 788 ἄλλως,
686 709 816 766 διότι
877 710 959 766 διὰ
1016 733 1228 768 παντων
1289 711 1576 775 ἀκωλύτως
1635 729 1834 795 χωρεῖ.
1876 717 1944 775 Td

279 803 382 880 γὰρ
437 801 659 878 σμικρὸν
718 798 1154 880 ἀρχοειδὲστερόν
1214 802 1324 858 ἐστι
1393 802 1625 859 πάντων
1689 809 1817 864 καθὸ
1885 808 1944 864 ἐκ

277 891 374 947 τοῦ
403 896 590 969 μικροῦ
622 891 752 968 πρὸς
784 893 844 946 τὸ
898 892 1089 964 μεῖζον
1147 893 1353 970 πρόεισι
1415 893 1584 949 πάντᾶ
1642 895 1708 950 τὰ
1766 896 1818 954 ἐν
1876 904 1944 974 τῇ

280 980 522 1059 ἀῦξήσει,
553 981 641 1037 καὶ
669 979 829 1036 πάλιν
872 981 931 1036 ἐκ
992 985 1230 1056 μείζονος
1275 985 1406 1060 πρὸς
1463 985 1523 1038 τὸ
1573 987 1762 1064 μικρὸν
1805 1010 1942 1043 κατ-

279 1078 415 1143 αντᾷ
469 1069 534 1126 τοὶ
594 1069 648 1125 ἐν
698 1070 765 1146 τῇ
825 1071 1066 1144 μειώσει.
1133 1079 1419 1151 Στοιχεϊον
1476 1071 1527 1129 δὲ
1591 1073 1754 1156 ἐστιν,
1803 1075 1852 1142 ἒξ
1886 1079 1945 1134 οῦ

278 1165 368 1218 καὶ
427 1161 727 1216 συνίσταταί
756 1183 830 1233 τι,
892 1161 976 1216 καὶ
1035 1162 1106 1224 εἰς
1167 1160 1194 1216 ὅ
1227 1161 1529 1226 ἂναλύεται,
1585 1163 1675 1221 ’Ἢ
1708 1174 1830 1244 γοῦν
1859 1166 1942 1226 διὰ

279 1260 438 1308 τοῦτο
525 1251 932 1330 στοίχειωτικὸν
983 1249 1095 1306 ἐστι
1167 1253 1228 1307 τὸ
1305 1255 1550 1333 σμικρὸν,
1632 1255 1666 1323 ἢ
1726 1254 1805 1312 ὅτι
1857 1256 1945 1312 καὶ

280 1341 336 1397 ἐν
370 1345 449 1414 τῷ
505 1345 707 1416 μείζονι
769 1342 831 1394 τὸ
888 1342 1077 1417 μικρὸν
1147 1345 1451 1419 θεωροϊται,
1507 1343 1561 1399 ἐν
1631 1344 1684 1400 δὲ
1739 1353 1816 1420 τῷ
1847 1369 1942 1422 μι-

278 1438 394 1509 κρῷ
462 1433 524 1487 τὸ
584 1437 769 1504 μεῖζον
828 1429 905 1487 οῦ.
969 1427 1063 1495 Ὠς
1124 1441 1251 1509 γοῦν
1308 1433 1360 1487 ἐν
1447 1435 1522 1497 τῷ
1597 1435 1821 1508 συνθέτῳ
1879 1436 1944 1492 τὰ

277 1523 424 1578 ἁπλᾶ
469 1522 834 1600 ὲμιραίνονται,
889 1520 942 1576 ἐν
1000 1519 1054 1575 δὲ
1102 1535 1222 1584 τοῖς
1281 1521 1475 1586 ἁπλοῖς
1510 1523 1684 1582 οὒκέτι
1722 1528 1782 1582 τὸ
1813 1527 1940 1582 σύν-

275 1617 452 1686 θετον;
487 1613 573 1666 καὶ
627 1609 680 1665 ἐν
742 1623 863 1673 ταῖς
927 1608 1209 1674 συλλαϐαίς
1268 1610 1513 1679 δηλονότι
1562 1616 1626 1676 1'1
1659 1616 1932 1694 στοιχεῖα,

276 1703 338 1758 οὒ
370 1705 478 1777 μὴν
529 1701 582 1756 ἐν
642 1713 758 1762 τοϊς
832 1701 1124 1779 στοιχείοις
1207 1704 1258 1758 αἱ
1343 1701 1602 1761 συλλαϐαί
1654 1723 1670 1739 ⁸

274 1795 503 1848 ὶνταυθα
561 1792 619 1845 τὸ
677 1790 866 1868 μικρὸν
923 1793 1340 1869 στοιχειωτικὸν
1385 1791 1623 1872 λέγεται,
1674 1793 1753 1850 ὅτι
1816 1794 1940 1850 αὒτὸ

2027 625 2246 687 molem
2276 623 2365 684 vel
2391 623 2732 685 distantiam
2764 623 3071 703 suscipere
3117 623 3325 703 possit,
3361 621 3466 685 sed
3498 637 3680 702 supra

2027 716 2152 776 haec
2199 714 2440 795 existatj;
2474 721 2532 776 et
2577 713 2770 787 aliter,
2807 715 2949 791 quia
2979 715 3205 795 absque
3248 713 3676 792 impedimento

2026 812 2239 867 cuncta
2261 811 2552 885 penetrat.
2614 806 2868 867 Parvum
2930 804 3116 877 eniin,
3170 803 3528 884 principium
3590 807 3681 864 est

2027 896 2294 957 omnium
2323 914 2338 971 ;
2373 894 2656 972 quoniam
2685 896 2883 956 omnia
2933 913 3064 974 quae
3115 896 3553 956 incrementum
3584 911 3679 953 su-

2027 995 2214 1060 munt,
2253 1004 2320 1046 ex
2357 1003 2530 1064 parvo
2563 986 2619 1046 in
2656 1005 2932 1064 magnum
2964 986 3244 1059 evadunt,
3267 993 3325 1046 et
3347 1001 3586 1046 rursum
3618 983 3680 1044 in

2027 1078 2435 1149 decremento,
2466 1093 2532 1136 ex
2569 1077 2776 1154 majori
2802 1077 2876 1138 ad
2911 1077 2968 1138 id
3003 1077 3156 1157 quod
3185 1076 3382 1138 minus
3419 1083 3510 1137 est
3541 1073 3680 1134 red-

2027 1175 2187 1228 eunt.
2215 1165 2588 1227 Elementum
2620 1174 2812 1227 autem
2856 1175 2943 1228 est
2971 1167 3056 1241 id,
3093 1185 3160 1228 ex
3190 1185 3304 1246 quo
3351 1165 3528 1226 etiam
3561 1164 3678 1225 ali-

2029 1257 2169 1337 quid
2192 1257 2590 1334 componitur,
2615 1265 2672 1316 et
2696 1255 2754 1317 id
2778 1257 2934 1337 quod
2967 1254 3428 1319 resolvitur.Vel
3455 1254 3678 1316 idcirco

2028 1346 2210 1423 igitur
2242 1344 2419 1407 etiam
2452 1364 2695 1425 parvum
2728 1354 2818 1407 est
2866 1347 3258 1421 elementare,
3315 1346 3404 1407 vel
3447 1345 3586 1426 quia
3617 1344 3680 1405 in

2031 1435 2244 1515 majori
2268 1453 2511 1515 parvum
2546 1437 2979 1511 consideratur,
3017 1457 3136 1498 non
3160 1447 3359 1498 autem
3399 1452 3678 1512 magnum

2026 1527 2084 1587 in
2111 1544 2288 1606 parvo
2339 1524 2503 1586 Sicut
2534 1545 2672 1603 ergo
2698 1528 2758 1588 in
2813 1528 3143 1606 composito
3172 1525 3467 1607 simplicia
3499 1542 3683 1604 appa-

2027 1628 2163 1677 rent
2222 1633 2338 1675 non
2369 1623 2566 1677 autem
2593 1616 2653 1676 in
2686 1617 3060 1696 simplicibus
3082 1617 3587 1697 compositum,'.et
3617 1613 3679 1676 in

1775 1704 1939 1769 οὕτως
2023 1706 2263 1786 syllabis
2296 1723 2350 1766 V.
2385 1725 2442 1783 g.
2479 1705 2801 1785 elementa,
2831 1725 2952 1767 non
3000 1726 3136 1769 vero
3183 1706 3424 1787 syllaba
3455 1707 3518 1766 in
3548 1705 3678 1768 ele-

2027 1796 2244 1856 mentis
2277 1796 2394 1867 ;ita
2428 1793 2549 1874 hic,
2579 1812 2822 1874 parvum
2856 1796 2915 1858 id
2969 1799 3125 1877 quod
3179 1797 3548 1860 elementare
3591 1801 3686 1858 est

276 1882 379 1955 μὲν
434 1884 491 1936 ὲν
535 1881 613 1954 τῷ
643 1881 839 1955 μείζονι
899 1881 1230 1961 ἐμφαίνεται,
1267 1883 1327 1938 οὗ
1376 1887 1486 1957 μὴν
1515 1881 1570 1939 δέ
1602 1886 1688 1940 καὶ
1717 1885 1776 1940 τὸ
1807 1885 1941 1941 ἀνά-

2032 1885 2267 1960 dicitur,
2301 1886 2578 1966 quoniam
2611 1884 2807 1966 ipsum
2829 1885 3073 1966 quidem
3096 1886 3154 1948 in
3173 1887 3386 1967 majori
3412 1893 3681 1966 apparet,

276 1970 465 2030 παλιν.
531 1967 680 2027 Οῦτω
734 1967 947 2047 λέγεται
981 1972 1073 2026 καὶ
1129 1970 1219 2027 ἐπὶ
1250 1979 1380 2028 Θεοῦ
1413 1973 1473 2028 τὸ
1508 1973 1723 2054 μίκρὸν,
1759 1971 1826 2029 δι’
1872 1977 1947 2030 ὧν

274 2063 484 2128 τίθησιν
534 2058 904 2116 ἁποστολικῶν
951 2060 1230 2136 ῥημὰτων,
1271 2060 1322 2127 ἐξ
1379 2062 1452 2118 ὧν
1498 2065 1559 2119 τὸ
1617 2062 1945 2142 ὑπεροξύπο-

279 2176 372 2230 ρον
413 2156 512 2218 τῆς
543 2157 635 2207 τοῦ
699 2157 827 2207 Θεοῦ
883 2151 972 2207 καὶ
1027 2151 1112 2207 ἐπὶ
1164 2153 1230 2208 τὰ
1272 2152 1532 2228 ἀσώματα
1561 2155 1810 2234 χρήσεως
1843 2153 1945 2221 δη-

279 2243 498 2300 λοῦται.
574 2242 645 2298 Τὸ
702 2241 801 2318 γὰρ
856 2237 1167 2298 διικνεῖσθαι
1229 2243 1321 2298 τὸν
1371 2251 1500 2299 Θεον
1533 2243 1659 2323 ἄχρι
1681 2247 1768 2301 καὶ
1800 2267 1947 2322 μερι-

277 2340 420 2408 σμοῦ
448 2334 631 2411 ψυχῆς
682 2331 770 2386 καὶ
824 2331 1125 2404 πνεύματος
1175 2332 1476 2411 ἀποφαίνει,
1533 2332 1616 2389 ὅτι
1675 2335 1763 2389 καί
1819 2334 1945 2390 αὒτὸ

277 2425 346 2478 τὸ
403 2421 685 2495 ἀσώματον
733 2423 830 2487 τῆς
886 2424 1067 2496 ψυχῆς
1127 2423 1214 2475 καὶ
1267 2419 1491 2485 ἐνοειὸὲς
1546 2423 1648 2480 ῦπὸ
1694 2429 1786 2479 τοῦ
1817 2430 1946 2479 Θεοῦ

281 2511 597 2588 διαιρεῖσθαι
655 2507 887 2569 δύναται.
957 2512 1048 2564 Διὸ
1099 2511 1184 2566 καὶ
1228 2511 1318 2573 τὰς
1374 2511 1576 2574 ἐννοίας
1627 2514 1654 2568 ὸ
1688 2514 1816 2577 Θεὸς
1863 2525 1936 2569 ot"

277 2600 388 2680 δεν,
426 2599 618 2676 μεταξὺ
649 2601 747 2678 γὰρ
779 2607 864 2655 νοῦ
892 2599 986 2655 καί
1019 2601 1253 2669 νοήσεως
1291 2603 1314 2656 ὃ
1375 2602 1502 2665 Θεᾶς
1555 2603 1756 2682 χωρεῖ,
1816 2604 1944 2658 καθὸ

277 2692 497 2769 εἴρηται
535 2711 546 2724 ·
583 2692 654 2745 Σὸ
704 2688 868 2767 ἔγνως
922 2690 1040 2752 τοὺς
1097 2688 1475 2767 διαλογισμούς
1537 2715 1639 2765 μου
1697 2691 1802 2747 ἅπὸ
1836 2715 1941 2767 μα-

276 2784 486 2853 κρόθεν,
539 2778 675 2835 ἀλλὰ
722 2780 804 2834 καὶ
852 2778 1045 2854 μεταξὺ
1092 2780 1276 2858 ψυχῆς
1320 2781 1406 2836 καὶ
1466 2781 1792 2856 πνείματος,
1825 2784 1945 2856 ἒνῴ

276 2871 345 2938 δὴ
402 2871 662 2944 πτεύματι
720 2869 814 2930 τὰς
864 2870 1130 2938 αἷσθήσεις
1193 2868 1651 2947 ἐπεστηριγμὲνας
1712 2873 1940 2950 ἔχομεν,

277 2960 347 3018 δι’
406 2965 464 3017 οὗ
514 2961 601 3015 καὶ
653 2959 930 3024 αἰσθητοῖς
981 2961 1014 3025 ἡ
1048 2958 1203 3038 ψυχὴ
1248 2958 1573 3037 προσϐάλλει
1618 2961 1707 3016 καὶ
1748 2964 1809 3017 τὸ
1839 2959 1948 3018 δια-

275 3052 528 3118 νοητικὸν
575 3055 680 3105 τῶν
735 3048 976 3122 σκέψεων
1037 3047 1262 3126 ἔχομεν.
1326 3058 1492 3107 Τοῦτο
1522 3047 1576 3104 δὲ
1610 3051 1672 3106 τὸ
1708 3049 1944 3135 πνεῦμα,

277 3141 526 3220 δύναμιν,
590 3143 676 3195 καὶ
719 3140 876 3195 οἱονεὶ
931 3135 1174 3215 δεύτὲραν
1239 3139 1426 3219 ψυχὴν
1486 3141 1826 3214 αἰσθητικὴν,
1901 3143 1948 3198 οἱ

2031 1993 2150 2036 non
2173 1982 2367 2036 autem
2403 1993 2435 2034 e
2462 1972 2794 2038 contra.Sic
2825 1975 3042 2037 dicitur
3073 1976 3250 2037 etiam
3284 1979 3358 2037 (te
3385 1974 3506 2038 Deo
3541 1992 3683 2054 par-

2029 2082 2188 2144 vum,
2225 2070 2467 2146 propter
2491 2063 2646 2143 quod
2668 2064 2998 2143 apostolica
3025 2064 3204 2128 verba
3233 2064 3438 2146 refert,
3469 2062 3688 2146 quibus

2031 2153 2478 2216 demonstratur
2499 2152 2780 2215 velocitas
2806 2172 3152 2234 progressus
3203 2157 3309 2219 Dei
3340 2155 3410 2218 ad
3457 2172 3558 2216 res
3586 2153 3686 2215 in-

2029 2261 2373 2324 corporeas.
2407 2241 2574 2313 Quod
2609 2243 2769 2304 enim
2805 2246 3102 2322 pertingat
3127 2263 3315 2326 usque
3341 2243 3414 2306 ad
3446 2243 3688 2306 divisio-

2030 2351 2165 2394 nem
2188 2332 2398 2394 animae
2428 2341 2485 2393 et
2525 2333 2772 2412 spiritus
2805 2333 3068 2395 declarat
3099 2335 3289 2411 ipsam
3314 2353 3554 2416 quoque
3586 2333 3686 2394 in-

2030 2421 2482 2500 corporeitatem
2509 2431 2566 2482 et
2617 2421 3084 2485 uniformitatem
3117 2429 3330 2486 anima:
3359 2442 3394 2484 a
3415 2422 3537 2485 Deo
3583 2422 3683 2484 di-

2029 2510 2148 2572 vidi
2174 2529 2372 2591 posse.
2399 2509 2572 2573 Unde
2601 2513 2756 2572 Deus
2783 2530 3020 2593 quoque
3051 2513 3438 2593 cogitationes
3465 2505 3689 2573 intelli-

2028 2601 2132 2680 git,
2167 2601 2445 2680 quoniam
2483 2600 2639 2661 Deus
2670 2601 2845 2662 etiam
2873 2620 3062 2682 usque
3091 2603 3163 2663 ad
3199 2603 3572 2664 intellectum
3627 2607 3686 2662 et

2030 2690 2502 2754 intellectionem
2532 2691 2721 2771 ipsam
2750 2701 3043 2772 penetrat,
3079 2692 3232 2754 sicut
3279 2693 3501 2753 dictum
3540 2699 3632 2753 est
3664 2709 3681 2751 :

2036 2781 2120 2842 Tu
2145 2779 2509 2842 intellexisti
2531 2781 2932 2858 cogitationes
2964 2799 3131 2844 meas
3159 2782 3233 2844 de
3262 2781 3480 2864 longe,
3515 2779 3684 2861 ;quin

2030 2878 2087 2930 et
2111 2870 2268 2933 inter
2297 2870 2552 2930 animam
2579 2879 2636 2930 et
2667 2870 2968 2952 spiritum,
3009 2873 3064 2932 in
3093 2890 3210 2952 quo
3236 2871 3522 2932 nimirum
3557 2869 3687 2949 spi-

2031 2961 2148 3021 ritu
2180 2978 2393 3022 sensus
2425 2959 2718 3022 habemus
2776 2960 3093 3042 stabilitos,
3142 2980 3246 3040 per
3279 2980 3456 3043 quem
3503 2961 3686 3022 etiam

2031 3051 2230 3111 anima
2260 3049 2586 3111 sensilibus
2619 3049 2897 3131 intendit,
2925 3059 2984 3112 et
3014 3051 3129 3112 vim
3155 3051 3444 3113 habemus
3472 3049 3689 3112 intelli-

2030 3140 2209 3220 gendi
2233 3139 2879 3219 speculationcs.Hunc
2909 3149 3106 3204 autem
3141 3141 3412 3222 spiritum
3435 3140 3690 3220 gentiles

277 3229 409 3311 παρ’
443 3229 686 3297 ’Ἕλλησι
748 3227 964 3284 καλοῦσί
1023 3228 1199 3306 σοφοί.
1258 3227 1323 3286 Ἦ
1355 3236 1444 3285 οῦν
1502 3231 1787 3299 αἰσθητικῆ
1816 3229 1945 3298 αὕτη

2035 3235 2336 3310 sapientes
2366 3237 2578 3291 vocant
2608 3228 2985 3307 facultatem,
3042 3238 3102 3292 et
3132 3230 3312 3292 veluti
3363 3229 3687 3292 secundam

280 3321 442 3401 ψυχὴ
473 3319 622 3376 ἐστιν
675 3319 709 3386 ἡ
743 3317 906 3397 μέχρι
967 3315 1176 3391 μύελῶν
1231 3319 1320 3373 καὶ
1375 3314 1583 3396 φλεϐῶν
1641 3321 1729 3376 καὶ
1779 3320 1945 3398 ἀρτη-

2034 3321 2295 3381 animam
2328 3319 2669 3380 sensitivam
2703 3320 2936 3383 animai.
2973 3324 3126 3399 Ergo
3169 3321 3369 3381 anima
3401 3320 3527 3380 haec
3556 3337 3692 3380 sen-

281 3411 558 3488 ριῶνικαὶ
618 3408 844 3484 ὀστέων,
879 3408 966 3462 καὶ
1024 3413 1116 3462 τοῦ
1174 3404 1300 3462 ὅλου
1361 3409 1607 3482 σῶματος
1660 3407 1945 3485 διικνοῦσα,

2036 3410 2210 3470 sitiva
2241 3415 2514 3488 penetrat
2547 3427 2737 3489 usque
2766 3409 2836 3470 ad
2865 3409 3176 3481 medullas,
3210 3417 3485 3481 etvenas,
3505 3414 3564 3470 et
3585 3426 3688 3469 ar—

281 3500 354 3557 3-.'
409 3500 485 3555 ὦν
514 3498 763 3554 ἁπάντων
826 3495 1102 3552 διικνεῖται
1135 3498 1162 3552 ὁ
1196 3497 1322 3561 Θεὸς
1357 3495 1669 3578 ἀκωλύτως,
1702 3509 1822 3563 τοῦς
1854 3500 1952 3574 μὲν

280 3589 454 3654 διδοῦς
482 3590 751 3661 σῦστασιν,
785 3600 902 3650 τοῖς
954 3585 1009 3641 δὲ
1039 3583 1365 3666 ἐμϐατεύων,
1423 3589 1495 3644 ὡς
1533 3587 1796 3663 μηδεμίαν
1829 3589 1947 3645 κτί-

282 3704 391 3753 σιν,
427 3679 600 3757 ἆφανῆ
632 3690 771 3733 εῖναι
811 3675 1036 3732 ἐνώπιον
1068 3675 1246 3733 αὖτοῦ.
1279 3678 1588 3749 Σημείωσαι
1625 3677 1680 3733 δὲ
1710 3679 1827 3757 περὶ
1858 3680 1949 3734 τοῦ

283 3771 608 3845 πνεύματος,
643 3768 722 3822 ὃτι
756 3764 886 3822 ἃλλο
939 3765 1048 3822 ἐστὶ
1078 3767 1137 3820 τὸ
1189 3764 1477 3844 λεγόμενον
1523 3767 1730 3842 πνεῦμα
1760 3769 1948 3824 ἐνταῦ-

282 3865 372 3940 θα,
408 3861 537 3936 ὅπερ
567 3857 740 3936 φάμεν
769 3856 856 3910 καὶ
888 3855 1197 3923 αἰσθητικὴν
1256 3856 1466 3934 ψυχὴν,
1515 3858 1601 3912 καὶ
1630 3856 1762 3913 ἀλλο
1799 3857 1948 3914 ἕκετ-

283 3972 346 4006 νο
374 3952 436 4005 τὸ
467 3954 695 4021 πνεῦμα,
728 3946 846 4023 περὶ
875 3944 935 4000 οὗ
985 3947 1011 4000 ὁ
1063 3944 1230 4022 μέγας
1264 3944 1467 4010 Παῦλός
1499 3968 1660 4024 φητιν
1696 3966 1708 3980 ·
1745 3946 1805 4005 ’0
1840 3953 1946 4022 ψυ-

284 4041 450 4118 χικὸς
538 4034 813 4113 ἅνθρωπος
892 4036 952 4090 οῦ
1027 4032 1244 4113 δέχεται
1323 4036 1388 4092 τὰ
1467 4043 1558 4092 τοῦ
1620 4036 1945 4112 πνεύματος,

285 4131 502 4204 Πνεῦμα
556 4128 656 4204 γὰρ
727 4125 902 4182 ἐκεῖσε
981 4127 1041 4180 τὸ
1101 4127 1459 4200 πνευματικὸν
1511 4149 1642 4206 φησι
1677 4131 1944 4207 χάρισμα,

282 4221 418 4296 ὃπερ
478 4217 538 4273 ἐκ
593 4223 684 4272 τοῦ
738 4216 876 4271 θείου
933 4215 1299 4290 βαπτίσματος
1353 4213 1696 4292 λαμϐάνομεν
1726 4219 1772 4274 οἱ
1822 4240 1950 4274 πισ-

288 4310 388 4380 τοὶ,
451 4305 724 4384 καρτερίας
780 4311 1010 4379 πνεῦμα,
1075 4305 1376 4384 ὑπομονῆς,
1439 4305 1764 4383 πραότητος,
1841 4330 1951 4380 μα-

284 4397 593 4477 κροθύμίας,
644 4395 920 4456 συντονίας
979 4397 1053 4456 εἷς
1095 4393 1154 4449 τὰ
1199 4394 1416 4472 ἀγαθὸν,
1478 4395 1608 4452 καθὸ
1638 4409 1754 4460 τοῖς
1789 4401 1955 4476 ψυχι-

287 4503 410 4551 κοῖς
443 4489 488 4544 οἶ
520 4484 866 4562 πνευματικοί
908 4483 1258 4561 μωραίνοντες
1327 4484 1622 4563 φαίθονται,
1657 4482 1754 4540 κόίν
1795 4488 1950 4543 ἒκεῖ-

287 4602 370 4636 νοι
402 4600 495 4634 του
550 4577 774 4644 αληθοῦς
818 4573 1168 4653 ἐξέρχωνται,
1203 4571 1376 4636 κόίθὼς
1435 4575 1523 4629 καὶ
1584 4575 1768 4648 πρὼην
1828 4573 1949 4632 ἐλέ-

291 4689 484 4749 γομεν.

369 4847 522 4926 ξΙΧ,
573 4846 750 4903 Πάντα
794 4843 860 4899 τὰ
905 4849 983 4917 τῷ
1025 4845 1140 4916 Θεῷ
1191 4853 1467 4920 προσεῖναι
1501 4839 1765 4918 λεγόμενα
1795 4843 1951 4922 ὑπερ-

289 4943 478 5004 ουσίως
535 4935 783 5015 λέγονται
819 4953 834 4969 ⁸

288 5032 415 5095 σίως
445 5029 527 5084 ὅτι
585 5026 666 5106 ἐφ’
745 5025 930 5080 ἑαυτοῦ
988 5021 1156 5098 μένει,
1219 5022 1307 5077 καὶ
1350 5021 1486 5076 κατὰ
1541 5021 1606 5076 τὰ
1677 5023 1806 5080 αὐτά
1865 5026 1950 5079 καὶ

289 5121 544 5179 ὡσαύτως
575 5116 690 5196 ἔχει
723 5111 994 5187 ἱδρυμὲνο)
1026 5111 1079 5168 ἐν
1112 5124 1230 5175 τοῖς
1274 5109 1581 5174 καλλίστοις
1632 5110 1820 5189 πέρασι
1857 5117 1949 5178 τῆς

290 5213 408 5288 περὶ
457 5209 556 5275 τὴν
615 5206 793 5262 οὐσίαν
849 5201 1177 5282 φαινομένης
1239 5199 1586 5266 τάύτότητος.
1630 5197 1724 5256 Ἐκ
1761 5199 1815 5256 δὲ
1846 5206 1950 5258 τῶν

290 5287 534 5377 περάτων
592 5295 922 5373 ἐμφαίνεται,
987 5291 1068 5346 δτι
1127 5287 1252 5369 οὖχί
1310 5291 1421 5343 ἐστι
1464 5299 1561 5363 μὲν
1607 5295 1695 5344 νῦν
1738 5290 1948 5371 ταύτὸν,

1972 4628 2018 4678 D

893 4931 1008 4988 ὅθεν
1067 4933 1154 4989 καὶ
1216 4933 1404 4988 ταὺτὸν
1465 4929 1677 5008 λέγεται
1723 4934 1974 5011 ὑπερου-”

2035 3501 2234 3574 ierias,
2269 3508 2328 3561 et
2377 3517 2535 3579 ossa,
2571 3509 2632 3560 et
2691 3506 2871 3562 totum
2935 3517 3174 3580 corpus,
3245 3500 3320 3560 ad
3364 3498 3506 3561 493
3555 3516 3689 3578 quas

2035 3589 2238 3650 omnia
2267 3591 2423 3651 Deus
2454 3587 2679 3667 absque
2713 3588 3142 3670 impedimento
3174 3589 3456 3669 pertingit
3503 3606 3519 3663 ;
3554 3587 3690 3650 aliis

2035 3679 2273 3759 quidem
2305 3687 2523 3740 statum
2557 3678 3071 3759 impertiens,aliis
3094 3698 3235 3741 vero
3267 3697 3332 3741 se
3353 3677 3687 3753 insinuans,

2031 3768 2111 3832 ita
2139 3778 2202 3831 ut
2232 3768 2393 3830 nulla
2423 3777 2696 3830 creatura
2727 3769 2800 3830 sit
2823 3770 3055 3832 occulta
3086 3770 3146 3830 in
3178 3777 3499 3849 conspectu
3532 3769 3687 3847 ejus.

2030 3856 2178 3919 Nota
2208 3877 2346 3921 vero
2379 3858 2539 3920 circa
2597 3857 2893 3936 spiritum,
2932 3856 3113 3919 alinm
3181 3876 3314 3919 esse
3347 3857 3691 3937 praedictum

2031 3949 2331 4028 spiritum,
2361 3965 2540 4025 quem
2575 3947 2750 4008 etiam
2801 3948 3060 4009 animam
3110 3947 3448 4009 sensitivam
3482 3945 3690 4027 appel-

2033 4037 2248 4109 lamus,
2281 4045 2340 4099 et
2365 4037 2545 4098 alium
2579 4055 2712 4098 esse
2745 4036 2908 4098 illum
2943 4035 3242 4116 spiritum,
3276 4037 3352 4098 de
3396 4056 3513 4118 quo
3568 4054 3691 4098 ma-

2033 4146 2182 4206 gnus
2216 4127 2430 4188 Paulus
2458 4126 2536 4187 ait
2565 4146 2578 4186 :
2610 4127 2918 4187 Animalis
2947 4127 3125 4188 homo
3147 4145 3264 4188 non
3288 4130 3533 4206 capitea
3556 4143 3692 4206 quae

2033 4218 2442 4296 suntspiritus
2470 4246 2514 4276 ι.
2552 4215 2844 4296 Spiritum
2879 4215 3041 4276 enim
3087 4215 3170 4277 ibi
3229 4225 3396 4278 vocat
3441 4215 3690 4295 gratiam

2037 4306 2391 4388 spiritalem,
2425 4324 2604 4385 quam
2640 4304 2850 4366 ﬁdeles
2884 4305 2944 4366 in
3003 4304 3296 4385 baptismo
3342 4305 3693 4384 accipimus,

2038 4395 2311 4475 spiritum
2338 4393 2733 4467 fortitudinis,
2761 4393 3153 4472 sustinentia,
3190 4391 3692 4468 mansuetudinis,

2037 4485 2533 4563 longanimitatis,
2574 4483 2926 4543 intentionis
2956 4483 3029 4543 ad
3064 4483 3308 4556 bonum,
3340 4484 3504 4561 juxta
3533 4480 3697 4563 quod

2036 4575 2142 4634 viri
2174 4573 2472 4654 spiritales
2521 4570 2865 4634 hominibus
2917 4571 3278 4633 animalibus
3312 4571 3576 4633 insanire
3619 4571 3702 4632 vi-

2033 4664 2274 4745 dentur,
2308 4663 2686 4744 quantumvis
2719 4661 2958 4742 ipsimet
3016 4679 3051 4722 a
3085 4661 3332 4724 veritate
3391 4661 3698 4742 aberrent,

2032 4753 2116 4814 uti
2146 4754 2423 4831 superius
2459 4752 2840 4815 dicebamus.

2111 4842 2268 4922 §IV.
2323 4842 2461 4905 Haec
2524 4843 2725 4905 omnia
2779 4861 2912 4922 qua;
2959 4840 3080 4902 Deo
3111 4841 3315 4903 inesse
3347 4839 3504 4901 dicta
3535 4847 3696 4916 sunt,

2034 4931 2688 5012 suprasubstantialiter
2704 4931 3176 5001 dicuntur;unde
3208 4929 3385 4991 etiam
3421 4929 3478 4989 id
3507 4929 3704 5007 ipsum

2033 5022 2683 5101 suprasubstantialiter
2727 5021 2967 5101 dicitur,
3018 5019 3175 5101 quod
3220 5020 3281 5081 in
3325 5024 3524 5098 seipso
3576 5036 3694 5078 ma-

2035 5121 2195 5192 neat,
2231 5119 2290 5172 et
2313 5112 2647 5173 secundum
2675 5110 2882 5172 eadem
2911 5111 3245 5190 eodemque
3279 5108 3453 5170 modo
3478 5106 3704 5169 stabili-

2038 5210 2217 5263 tatem
2253 5201 2468 5262 habeat
2503 5201 2560 5261 in
2597 5199 3017 5279 pulcherrimis
3067 5198 3337 5260 terminis
3367 5197 3524 5259 circa
3545 5196 3697 5257 sub-

2037 5291 2318 5352 stantiam
2352 5289 2696 5371 apparentis
2722 5289 3073 5352 illentitatis.
3104 5293 3183 5352 Ex
3214 5285 3482 5349 terminis
3499 5293 3697 5348 autem

289 5375 490 5468 πέφυκε
544 5387 600 5442 δὲ
631 5405 760 5443 ποτε
791 5383 1083 5462 ἐκχυθῆναι
1128 5383 1201 5444 εἰς
1262 5379 1551 5457 ἑτερότητα
1584 5393 1597 5408 '
1634 5377 1813 5438 ἐκεῖνο
1856 5383 1945 5462 γὰρ

2038 5390 2305 5461 apparet,
2364 5380 2522 5461 quod
2583 5379 2836 5468 non_sit
2868 5377 3042 5468 modo
3091 5375 3700 5468 quidem__idem,_ali-

291 5465 614 5558 ἑτεροιοῦται
670 5471 930 5534 πολλάκις
989 5471 1048 5527 ἐκ
1099 5472 1198 5537 τῆς
1264 5467 1616 5544 ταύτότητος,
1645 5467 1811 5558 ,ὅπερ
1855 5473 1945 5550 οὐχ

2042 5469 2278 5550 quando
2311 5487 2448 5531 vero
2481 5466 2674 5558 possit
2691 5466 2746 5558 id
2766 5467 3126 5558 alteritatem
3160 5465 3698 5558 eﬂ‘undi;quoniam

290 5548 498 5649 ἴδρῦται
559 5569 614 5624 ἐν
668 5577 786 5630 τοῖς
839 5564 939 5630 τῆς
971 5559 1296 5628 ταύτότητος
1363 5558 1604 5637 πέρασιν.
1645 5548 1702 5618 Ὀ
1732 5556 1786 5616 δὲ
1827 5548 1945 5620 Θεὸς

2043 5548 2103 5620 id
2147 5548 2496 5642 frequenter
2529 5575 2601 5622 ex
2661 5556 2974 5619 identitate
3023 5555 3086 5619 iu
3139 5557 3388 5621 alterum
3440 5562 3701 5618 mutatur

368 5781 393 5825 !
434 5766 586 5831 Psal.
620 5781 897 5840 cxxxvni,
931 5760 990 5828 3.
1079 5772 1100 5804 ι
1139 5759 1165 5824 Ι
1199 5723 1334 5836 Cor,
1369 5775 1436 5835 ιι,
1471 5756 1576 5821 14.
