4052 6422
269 316 388 386 9‘29

764 323 861 387 DE
908 322 1205 387 DIVlNIS
1246 320 1698 404 NOMINIBUS,
1743 324 1907 386 CAP.
1943 319 2044 385 IX.
2092 354 2170 365 —
2216 324 2581 387 PARAPHR
2650 324 3162 390 PACHYMER/E.

3532 316 3653 394 930

268 460 361 515 τὸν
404 457 479 513 δὲ
515 459 675 533 θυμὸν
734 462 950 531 στῆθος,
984 458 1065 515 ὅτι
1116 460 1202 514 καὶ
1231 461 1290 514 ’.ὸ
1333 461 1553 532 θυμικὸν
1586 459 1640 515 ἐν
1670 467 1746 534 τῷ
1778 460 1909 529 στή-

2020 466 2149 519 uter
2177 458 2470 520 rationem
2499 469 2557 522 et
2597 461 3197 544 irrationabilitatem,
3226 463 3641 545 intelligentiae

268 551 347 604 θει
406 550 558 626 φασὶν
591 559 753 603 εῖναι·
817 549 916 614 τὴν
947 547 999 602 δὲ
1054 549 1329 623 ἐπιθυμίαν
1384 549 1636 626 γαστέρα,
1669 549 1781 605 ἐπεὶ
1836 550 1921 604 καὶ

268 639 389 715 περὶ
417 638 516 704 τὴν
565 637 794 715 γαστέρα
826 644 916 695 τοῦ
974 637 1221 711 σώματος
1281 643 1339 693 τὸ
1390 637 1774 712 ἐπιθυμητικὸν
1818 660 1921 694 πε-

267 745 602 805 ριγραφουσι’
666 729 761 794 τὴν
823 726 876 782 δὲ
931 729 1106 806 φύσιν,
1143 726 1310 793 σκέλη
1356 730 1444 784 καὶ
1475 726 1656 807 πόδας,
1693 727 1920 795 δηλοῦν..

266 840 356 878 τες
418 816 650 873 ἐντεῦθεν
712 818 770 872 τὸ
828 817 1055 893 βάσιμον
1111 818 1199 872 καὶ
1255 817 1464 893 εὸραῒον
1527 819 1623 884 τῆς
1693 820 1917 896 φύσεως

272 906 458 982 πολλῷ
489 928 548 983 γε
584 905 788 981 μᾶλλον
821 906 906 961 ἐπὶ
930 907 1063 962 Θεοῦ
1092 914 1182 963 τοῦ
1207 907 1419 962 πάντων
1451 907 1695 964 ἐπέκεινα
1715 912 1925 986 θεοπρε-

264 997 386 1060 πῶς
418 996 699 1077 ὀφείλομεν
730 996 1104 1069 ἀναπτύσσειν,
1137 997 1224 1051 καί
1274 998 1661 1076 ἀνακαθαίρειν,
1707 1001 1789 1054 καὶ
1823 1006 1927 1054 τῶν

268 1091 593 1161 σωματικῶν
652 1084 1010 1144 ἀπαλλάττειν
1043 1087 1103 1140 τὸ
1158 1087 1536 1163 θεωρούμενον,
1578 1090 1671 1145 Καὶ
1705 1087 1831 1143 αὖτὸ
1879 1087 1927 1143 δὲ

261 1177 328 1231 τὸ
365 1181 530 1255 τριχῆ
560 1174 862 1248 διαστατον,
899 1173 1027 1252 ὅπερ
1058 1173 1143 1230 ἐπὶ
1175 1179 1277 1231 τῶν
1310 1176 1573 1249 σωμάτων
1604 1175 1741 1242 ἰδίως
1794 1177 1922 1252 ἐστὶ²

264 1266 330 1320 τὸ
366 1269 566 1343 μῆκος,
600 1273 660 1320 τό
706 1263 950 1342 πλάτοις,
985 1266 1072 1319 καὶ
1122 1266 1183 1320 τὸ
1229 1265 1408 1341 βεῖῗλς,
1441 1268 1485 1321 εἰ
1516 1266 1798 1341 βουληθείη
1849 1290 1927 1331 τις

266 1355 531 1431 περιάψαι
564 1362 639 1427 τῷ
673 1355 828 1433 Θείῷ,
867 1356 1205 1431 θεοπρεεπῶε
1241 1356 1435 1434 ὀφείλει
1494 1366 1646 1414 τοῦτο
1678 1362 1925 1423 ποιῆσαι·

2007 548 2168 610 enim
2188 550 2468 611 terminos
2494 549 2624 611 sine
2647 550 3102 613 ratiocinatione
3124 553 3303 630 novit;
3328 554 3476 616 iram
3499 573 3643 620 vero

2010 646 2239 717 pectus.
2266 639 2544 717 quoniam
2569 639 2687 700 vim
2720 639 3080 702 irascibtlem
3113 642 3173 702 in
3209 652 3447 722 pectore
3476 645 3650 707 sitam

2009 745 2143 789 esse
2175 727 2383 804 aiunt;
2430 731 2976 806 concupiscentiam
3024 749 3161 793 vero
3193 743 3479 809 ventrem,
3517 755 3655 797 cum

2013 835 2120 897 per
2161 826 2423 879 ventrem
2475 839 2710 899 quoque
2757 827 3028 900 corporis
3060 820 3143 882 vis
3175 824 3658 903 concupiscibilis

2011 908 2382 986 designetur;
2411 920 2679 971 naturam
2710 928 2847 970 vero
2871 928 3045 970 crura
3071 911 3516 992 pedesque,per
3534 916 3660 976 haec

2013 996 2296 1058 nimirum
2324 1007 2548 1059 naturae
2572 1000 2959 1060 constantiam
2989 1001 3449 1082 firmitatemque
3470 1003 3659 1082 signi-

2013 1086 2277 1147 ﬁcando:
2317 1087 2499 1149 multo
2535 1090 2718 1165 magis
2749 1091 2958 1168 utique
2984 1089 3042 1150 in
3076 1092 3222 1170 Deo,
3248 1090 3427 1153 rebus
3459 1093 3660 1155 omni-

2014 1174 2123 1237 bus
2152 1177 2653 1256 eminentiore,eo
2672 1198 2784 1257 quo
2801 1178 2986 1239 Deum
3013 1180 3185 1241 decet
3209 1182 3384 1242 modo
3413 1185 3661 1263 mystico

2017 1265 2142 1327 hmo
2172 1267 2496 1346 esplicaro,
2531 1277 2590 1330 et
2617 1267 2675 1328 id
2711 1270 2868 1349 quod
2917 1269 3355 1344 consideratur,
3390 1270 3463 1333 ab
3498 1272 3663 1335 omni

2014 1374 2079 1417 re
2102 1375 2390 1437 corporea
2408 1358 2668 1419 liberare
2690 1372 2747 1419 et
2770 1361 3118 1420 abstrahere
3144 1359 3454 1424 debemus.
3478 1364 3662 1427 Porro

267 1446 363 1500 καὶ
428 1444 615 1510 νοῆσαι
677 1445 773 1518 μὲν
830 1442 1029 1507 πλάτος
1082 1443 1178 1511 τήν
1239 1447 1574 1523 ὑπερεύρειαν
1633 1448 1703 1507 εἷς
1762 1448 1931 1502 πάντα

2019 1446 2318 1526 triplicem
2335 1447 2908 1529 distantiam,quaein
2927 1450 3277 1529 corporibus
3291 1452 3533 1531 proprie
3546 1461 3659 1529 est,

268 1542 369 1592 τοῦ
429 1540 562 1608 Θεοῦ
606 1531 830 1612 πρόοδον
888 1535 961 1597 εἷς
993 1535 1052 1589 τὸ
1113 1550 1470 1614 παραγαγεῖν,
1520 1538 1588 1597 εἰς
1635 1539 1696 1592 τὸ
1741 1535 1931 1615 706’s;-

2018 1536 2326 1615 longitudo
2347 1536 2755 1611 etlatituilo,et
2775 1538 3173 1617 profunditas,
3191 1540 3239 1599 si
3258 1540 3390 1619 quis
3414 1540 3536 1604 Deo
3556 1561 3663 1605 ac-

270 1632 391 1699 νᾷν,
427 1626 499 1687 εἷς
559 1626 620 1679 τὸ
669 1637 941 1703 προνοεϊν’
1002 1627 1176 1698 μῆκος
1220 1624 1273 1680 δὲ
1323 1626 1420 1692 τὴν
1450 1626 1811 1706 ὑπερέχουσαν
1868 1627 1931 1682 τὰ

2019 1626 2398 1687 commodare
2410 1626 2769 1706 voluerit,ea
2784 1646 2896 1707 qua
2908 1627 3095 1690 Deum
3109 1629 3665 1695 decet407ratione

270 1716 449 1771 πάντα
504 1713 743 1788 δύναμιν
803 1714 957 1789 βᾶθος
1017 1713 1071 1768 δὲ
1132 1715 1230 1781 τὴν
1286 1715 1646 1792 ἀπερίληπτον
1713 1718 1931 1796 κρυιριόο

2018 1716 2073 1777 id
2103 1716 2441 1777 faciendum
2472 1726 2584 1793 est;
2617 1726 2673 1778 et
2705 1719 3089 1797 intelligenda
3112 1718 3352 1800 quidem
3384 1720 3657 1797 latitudo,

271 1827 437 1871 τητα,
501 1803 668 1860 Ἀλλὰ
698 1802 932 1883 δέδοικα,
969 1803 1045 1878 μὴ
1110 1803 1354 1871 λάθωμεν
1388 1803 1599 1861 ἑαυτοὺς
1631 1806 1929 1885 συμφύρον-

2018 1824 2374 1886 supraquam
2389 1824 2454 1866 ex
2469 1816 2631 1869 tensa
2648 1807 2746 1869 illa
2762 1807 2867 1869 Dei
2881 1809 2954 1869 ad
2978 1827 3075 1869 res
3091 1828 3300 1871 omnes
3325 1812 3664 1891 progressio

272 1917 366 1959 τες
440 1894 505 1950 τὰ
576 1895 696 1971 περὶ
764 1900 895 1951 Θεοῦ
955 1893 1254 1968 ἀσωμάτως
1313 1893 1631 1973 ὀφειὶόμενα
1698 1902 1931 1951 νοεῖσθαι

2018 1911 2148 1952 cum
2172 1897 2227 1951 in
2255 1894 2772 1965 producendo,tum
2796 1898 2850 1953 in
2876 1896 3271 1968 gubernando,
3299 1908 3421 1956 tum
3446 1902 3506 1957 in
3531 1915 3663 1971 pro-

271 1998 404 2044 ταῖς
463 1981 548 2039 διὰ
605 1982 885 2059 συμϐόλων
960 1985 1224 2050 αἰσθητῶν
1282 1982 1652 2049 ἀναπτύξεσιν.
1720 1983 1931 2063 ’Ἒγουν

2018 1985 2614 2064 videndo;longitudo
2629 1993 3065 2068 vero,potentia
3087 1987 3184 2049 illa
3198 2006 3331 2069 quae
3345 2005 3439 2051 res
3456 2007 3668 2052 omnes

273 2075 683 2149 ἀναπτύσσομεν
735 2075 795 2129 τὸ
826 2072 1049 2146 πλάτος,
1090 2074 1119 2140 ἢ
1175 2075 1237 2129 1:")
1268 2076 1467 2149 μῆκος,
1504 2074 1537 2141 ἢ
1568 2076 1628 2129 τὸ
1683 2075 1867 2153 βάθος,
1898 2074 1931 2141 ἢ

2018 2083 2287 2156 superat;
2341 2075 2712 2155 profunditas
2755 2095 2921 2150 vero,
2974 2095 3258 2139 arcanum
3310 2077 3458 2140 illud
3501 2079 3668 2158 quod

278 2164 494 2239 ἄλλοτι,
525 2162 837 2240 βουλόμενοι
897 2162 1086 2228 ἀνάξαι
1119 2164 1249 2221 αὒτὰ
1292 2164 1401 2220 ἀπὸ
1431 2170 1534 2219 τῶν
1584 2170 1929 2238 σωματικῶν·

279 2258 370 2312 καὶ
424 2253 605 2328 πάλιν,
645 2253 721 2327 μὴ
754 2252 929 2318 ἄλλως
988 2253 1208 2331 ἔχοντες
1240 2252 1435 2331 λέγειν,
1472 2256 1589 2330 περὶ
1622 2256 1684 2310 τά
1743 2277 1933 2329 σωμαο

278 2348 412 2404 τικὰ
471 2351 842 2422 καταντῶμεν,
906 2342 1130 2420 πρόοδον
1205 2343 1450 2422 λέγοντες
1511 2342 1749 2418 δύναμιν,
1805 2368 1937 2422 κρυ-

282 2435 539 2515 φιὸτητα,
594 2436 679 2489 καὶ
727 2436 792 2489 τὰ
849 2445 1090 2491 τοιαῦτα.
1155 2433 1188 2487 ἃ
1244 2435 1307 2501 δὴ
1351 2434 1437 2489 καὶ
1483 2436 1615 2491 αὐτὰ
1660 2435 1938 2507 σωματικὰ

289 2529 441 2599 εἰσιν,
478 2528 519 2579 εἱ
579 2526 667 2579 καὶ
698 2521 1003 2600 ὑψηλότερα
1061 2527 1165 2579 τῶν
1197 2523 1474 2601 προτερον
1517 2521 1596 2578 διὸ
1640 2525 1757 2586 περὶ
1814 2524 1934 2579 τού-

286 2638 392 2672 των
455 2615 508 2670 ἐν
540 2613 723 2675 ἄλλοις
783 2614 1020 2691 εἴρηται,
1083 2620 1185 2670 Νῦν
1236 2613 1290 2667 οὲ
1349 2614 1635 2689 ἑτερότήτα
1695 2612 1939 2689 λέγοντες

280 2707 372 2763 ἐπὶ
434 2713 585 2777 Θεοῦ,
617 2706 694 2779 μὴ
738 2704 1172 2776 ὅποπτεύσωμεν,
1208 2702 1287 2758 ὅτι
1341 2704 1412 2766 εἷς
1447 2702 1621 2778 ἕτερον
1672 2706 1753 2758 ui
1820 2702 1938 2759 ἕτε-

277 2821 372 2876 ροι
406 2797 712 2855 ἀλλοιοῦται
743 2797 803 2851 τὸ
838 2803 1016 2868 Θετον,
1052 2794 1192 2851 ἀλλὰ
1220 2797 1301 2874 τὸ,
1338 2794 1392 2849 ὲν
1453 2796 1515 2870 τῇ
1574 2795 1737 2867 οἰκεία
1768 2793 1940 2850 ἁπλό-

2021 2165 2454 2245 comprehendi
2477 2167 2705 2242 nequit.
2733 2166 2849 2230 Sed
2867 2186 3074 2228 vereor
3092 2185 3169 2230 ne
3193 2186 3299 2228 nos
3322 2172 3485 2246 ipsos
3507 2168 3671 2248 igno-

2020 2273 2321 2334 remus,ea
2343 2274 2475 2334 quae
2496 2256 2571 2317 de
2597 2258 2715 2319 Deo
2739 2261 3095 2336 incorporeo
3130 2257 3304 2318 modo
3334 2256 3669 2338 intelligere

2021 2342 2310 2404 debemus
2359 2344 2666 2407 sensilium
2718 2345 3124 2425 symbolorum
3172 2346 3668 2426 explicationibus

2022 2434 2497 2496 commiscentes
2536 2434 2918 2515 EXplicamus
2946 2434 3126 2514 igitur
3165 2435 3666 2518 latitudinem,vel

2025 2523 2476 2602 longitudinem.
2516 2526 2605 2586 vel
2642 2524 3122 2604 profunditatem,
3157 2525 3247 2588 vel
3290 2526 3449 2587 aliud
3482 2528 3665 2608 quid-

2027 2614 2204 2693 piam,
2234 2615 2373 2675 dum
2402 2633 2434 2674 a
2458 2613 2639 2675 rebus
2663 2614 2968 2693 corporeis
2998 2615 3099 2677 illa
3128 2616 3403 2677 volumus
3431 2615 3667 2680 abstra-

2025 2702 2207 2778 here;
2242 2712 2298 2764 et
2329 2721 2463 2763 cum
2489 2703 2661 2764 aliter
2682 2704 2895 2765 efferre
2922 2723 3037 2765 non
3072 2703 3391 2783 possimus,
3426 2724 3668 2769 rursum

2024 2793 2096 2852 ad
2120 2810 2406 2873 corporea
2428 2792 2719 2868 redimus,
2741 2792 2879 2853 dum
2909 2811 3252 2873 processum
3277 2793 3533 2856 dicimus
3553 2796 3669 2860 vir-

274 2911 407 2955 τητι
467 2886 690 2960 μένοντα
747 2887 838 2942 τὸν
907 2886 1055 2957 Θεὸν,
1116 2885 1180 2940 τά
1238 2884 1452 2941 ποικίλα
1495 2885 1582 2941 καὶ
1624 2883 1931 2940 παντοδαπὰ

2028 2891 2231 2961 tutem,
2259 2900 2565 2957 arcanum,
2592 2891 2649 2943 et
2669 2880 2907 2957 similia,
2940 2902 3076 2963 quae
3105 2883 3307 2963 utique
3330 2884 3507 2946 etiam
3540 2886 3669 2964 ipsa

276 2976 407 3044 εἴδη
468 2979 564 3042 τῆς
625 2976 846 3039 κτίσεως
897 2986 1256 3052 παραγαγεῖν,
1307 2974 1652 3053 ἐμφαίνομεψ
1715 2973 1931 3053 πρόοδον

2019 2990 2306 3052 corporea
2338 2980 2493 3039 sunt,
2530 2971 2663 3032 licet
2700 2971 2995 3052 prioribus
3027 2972 3396 3035 sublimiora.
3443 2976 3668 3038 Verum

276 3070 384 3146 γὰρ
416 3067 559 3146 λέγει
611 3066 710 3132 τὴν
742 3067 872 3143 πρὸς
930 3066 991 3120 τὸ
1046 3065 1216 3121 κτίσαι
1249 3065 1313 3120 τὰ
1365 3066 1535 3120 πάντα
1566 3067 1719 3121 οἱονεὶ
1777 3067 1931 3131 κίνη-

2021 3063 2095 3124 de
2128 3063 2217 3122 bis
2240 3061 2378 3123 alibi
2402 3061 2649 3125 dictum.
2678 3061 2852 3124 Modo
2885 3082 3025 3124 vero
3055 3062 3404 3125 alteritatem
3438 3065 3513 3126 de
3548 3067 3666 3127 Deo

274 3181 365 3214 σιν
400 3161 489 3215 καὶ
520 3157 713 3235 ὁρμήν,

2023 3154 2313 3224 dicentes,
2342 3170 2417 3214 ne
2438 3151 2810 3233 suspicemur
2834 3150 3020 3213 Deum
3046 3151 3109 3214 in
3130 3152 3286 3214 aliud
3308 3160 3485 3233 atque
3506 3153 3670 3216 aliud

273 3245 636 3329 permutari,
667 3242 773 3305 sed
830 3242 893 3305 in
954 3242 1193 3322 propria
1251 3242 1631 3317 simplicitate
1691 3255 2164 3324 permanentem,
2228 3242 2491 3303 diversas
2555 3250 2613 3303 et
2670 3242 3044 3303 omnimodas
3103 3243 3334 3322 species
3384 3252 3673 3306 creaturas

274 3337 617 3420 producere
642 3332 1045 3411 signiﬁcamus
1080 3353 1093 3395 :
1153 3351 1533 3413 progressum
1568 3339 1728 3394 enim
1780 3333 1921 3398 dicit
1953 3339 2139 3416 ipsam
2172 3332 2350 3395 veluti
2411 3332 2737 3395 motionem
2772 3340 2832 3393 et
2864 3332 3328 3412 propensionem
3358 3332 3431 3395 ad
3466 3352 3668 3396 rerum

276 3427 554 3491 omnium
589 3425 979 3486 creationem.

366 3518 395 3597 ἕ
426 3519 523 3580 VI.
582 3503 803 3588 ρὈμοιον
836 3512 888 3569 δὲ
925 3516 1012 3569 τὸν
1044 3515 1174 3570 Θεὸν
1234 3516 1277 3569 εἰ
1309 3515 1403 3587 μὲν
1436 3516 1509 3578 ὡς
1570 3515 1725 3572 αὐτὸν
1768 3515 1931 3589 ἐαυτῷ

2102 3512 2260 3593 §VI.
2295 3511 2564 3575 Similem
2600 3528 2740 3571 vero
2785 3513 2972 3573 Deum
3007 3510 3061 3573 si
3103 3512 3237 3592 quis
3266 3512 3501 3587 dixerit,
3534 3521 3671 3576 tan-

271 3609 409 3666 ὅλον
453 3605 514 3663 δι’
567 3606 690 3662 ὅλου
749 3603 895 3661 εἴποι
939 3625 1041 3675 τις,
1076 3603 1170 3659 οὒκ.
1226 3602 1547 3678 ἀτιμαπτὲον
1592 3605 1688 3671 τὴν
1738 3606 1931 3660 θεωνυ-

2022 3622 2198 3683 quam
2230 3602 2341 3663 sibi
2385 3610 2566 3662 totum
2604 3619 2709 3679 per
2743 3606 2925 3662 totum
2972 3602 3365 3680 conformem,
3401 3603 3515 3666 tale
3559 3620 3673 3664 no-

271 3701 428 3777 μίαν,
489 3683 709 3772 τὈμοιον
761 3693 814 3749 δέ
870 3717 973 3750 τινι
1028 3700 1132 3751 τῶν
1190 3693 1357 3750 ὅντων
1388 3700 1503 3768 μιῦς
1535 3695 1596 3749 τὸ
1657 3702 1812 3750 Θεϊον
1843 3694 1937 3751 λε-

270 3792 542 3872 χθήσεται
578 3806 593 3862 ;
638 3786 752 3843 ἐπεί
805 3785 884 3842 τοί
915 3806 977 3863 γε
1021 3786 1054 3853 ἡ
1101 3785 1211 3841 θεία
1244 3786 1449 3863 Γρανρή,
1484 3786 1556 3846 ὡς
1588 3783 1668 3840 ἀεὶ
1700 3786 1790 3839 τὸν
1834 3788 1935 3843 αὖ.

267 3884 371 3938 τὸν
416 3875 792 3938 ἀναλλοιώτως
846 3874 996 3954 ὄντα,
1030 3875 1285 3950 ἀνόμοιον
1334 3874 1463 3930 πᾶσί
1505 3896 1694 3954 φησιν,
1728 3872 1781 3929 ἂν
1834 3881 1932 3950 τῷ,

270 3970 369 4032 Τίς
431 3967 616 4039 ὅμοιός
655 3988 737 4023 σοι
782 3963 836 4021 ἐν
888 3968 1054 4039 θεοῖς,
1093 3965 1248 4043 Κύριε
1284 3985 1299 4036 ;
1362 3965 1451 4019 καὶ
1506 3964 1689 4043 πάλιν,
1725 3964 1832 4021 Τίνι
1872 3984 1938 4040 με

267 4059 643 4137 ὦμοιώσατες
703 4055 848 4134 λέγει
907 4062 1115 4133 Κύριος·
1165 4055 1251 4110 καὶ
1302 4053 1480 4113 πάλιν.
1522 4053 1666 4131 Ἐγὼ
1725 4054 1935 4131 ὁράσεις

267 4149 571 4224 ἐπλήθυνα,
639 4148 723 4203 ιιαὶ
776 4146 832 4201 ἐν
890 4146 1048 4225 χερσὶ
1104 4152 1208 4201 τῶν
1274 4150 1562 4224 προφητῶν
1622 4143 1930 4218 ὡμοιώθην’

267 4238 541 4297 τουτὲσιν.
607 4227 663 4293 ῑΟ
724 4237 880 4296 αῦτὸς
937 4234 1046 4312 ἐγὼ
1088 4233 1327 4309 ἐμαυτῷ,
1375 4236 1447 4296 ὡς
1481 4235 1760 4311 Εἰρηναῖος
1791 4232 1936 4311 λέγει

267 4331 329 4387 ἐν
365 4343 483 4392 τοῖς
547 4326 693 4384 Κατὰ
723 4324 993 4401 αἱρέσεως.
1028 4323 1180 4382 Οὕτω
1224 4321 1301 4398 δὲ,
1337 4324 1409 4386 ὡς
1454 4325 1549 4380 οὐκ
1579 4321 1721 4378 ἔστιν
1754 4322 1935 4398 ὅμοιος

271 4416 468 4492 οὐδενὶ,
531 4415 780 4495 δωρεῖται
840 4415 937 4481 τὴν
988 4413 1283 4489 ὁμοιότητα
1321 4426 1436 4476 τοῖς
1486 4409 1572 4468 ἐπ’
1603 4411 1759 4467 αὒτὸν
1814 4411 1938 4468 ἐπι-

2024 3712 2158 3753 men
2191 3691 2297 3753 Dei
2324 3690 2568 3751 minime
2591 3689 3032 3770 aspernandum
3058 3700 3164 3754 est.
3195 3690 3504 3767 Quomodo
3527 3710 3670 3755 vero

2021 3785 2179 3846 Deus
2202 3781 2378 3843 alicui
2403 3780 2491 3842 rei
2525 3780 2740 3842 similis
2766 3779 2886 3843 dici
2902 3780 3088 3862 possit
3108 3788 3136 3845 ?
3169 3781 3451 3863 quoniam
3476 3782 3676 3846 divina

2020 3870 2349 3954 Scriptura,
2382 3880 2670 3951 tanquam
2719 3888 2961 3953 semper
2990 3871 3275 3934 eumdem
3305 3872 3436 3935 sine
3470 3880 3670 3935 muta-

2019 3962 2206 4043 tione,
2241 3960 2519 4023 omnibus
2548 3960 2898 4023 dissimilem
2932 3961 3110 4040 dicit,
3146 3971 3209 4023 ut
3240 3963 3302 4024 in
3330 3962 3434 4025 illo
3468 3981 3482 4026 :
3519 3963 3666 4038 Quis

2019 4052 2246 4115 similis
2278 4052 2476 4114 tibiin
2498 4050 2641 4126 diis,
2669 4051 2964 4113 Domine?
3040 4070 3108 4113 ac
3146 4056 3359 4114 iterum
3387 4074 3401 4118 :
3440 4054 3667 4115 Cuime

2020 4139 2458 4204 assimilastis?
2501 4141 2708 4221 inquit
2736 4141 3028 4203 Domi-nus
3058 4149 3125 4221 °;
3156 4152 3218 4204 et
3244 4161 3494 4204 rursus:
3531 4141 3667 4222 Ego

2022 4234 2282 4294 visiones
2303 4229 2729 4310 multiplicum,
2746 4238 2802 4292 et
2833 4233 2898 4292 in
2926 4231 3207 4294 manibus
3225 4233 3666 4312 prophetarum

2021 4320 2398 4384 assimilatas
2415 4312 2578 4398 fui‘;
2612 4319 2670 4381 id
2697 4328 2805 4395 est,
2826 4320 2987 4382 idem
3011 4340 3119 4400 ego
3145 4321 3290 4381 mihi
3313 4322 3450 4402 ipsi,
3472 4323 3671 4384 utlro-

2023 4429 2186 4473 naeus
2221 4411 2364 4471 dicit
2392 4410 2450 4469 in
2483 4408 2656 4470 libris
2702 4408 2929 4471 Contra
2959 4410 3240 4472 haereses.
3277 4413 3424 4480 Cum
3470 4418 3668 4473 autem

269 4508 674 4587 στρεφομένοις.
724 4512 897 4580 HJK;
962 4505 1108 4562 Κατά
1166 4504 1394 4580 μίμησιν
1449 4503 1548 4569 τὴν
1594 4502 1730 4558 κατὰ
1780 4499 1931 4557 δύνα-

2018 4519 2134 4562 non
2163 4500 2241 4561 sit
2270 4498 2484 4560 similis
2516 4498 2644 4575 ulli,
2681 4497 3128 4560 similitudinem
3162 4501 3236 4562 ad
3266 4518 3331 4562 se
3365 4500 3670 4562 conversis

269 4623 369 4675 μιν
430 4599 537 4655 τῶν
593 4598 747 4653 θείων
796 4597 1012 4651 ἒχείνων
1069 4594 1158 4649 καί
1217 4594 1346 4671 ὑπὲρ
1402 4593 1578 4649 πάντα
1649 4590 1769 4671 ὅρον
1840 4591 1930 4648 καὶ

2018 4590 2327 4667 elargitur.
2376 4588 2727 4661 Quomodo?
2778 4585 3121 4650 Secundum
3168 4589 3563 4651 imitationem
3611 4597 3673 4651 et

270 4690 438 4767 λόγον
491 4686 867 4766 ὑπαρχόντων,
936 4684 1071 4741 κατὰ
1135 4684 1218 4758 τὸ,
1278 4683 1486 4739 Γίνεσθε
1547 4678 1766 4738 τέλειοι.
1817 4683 1925 4739 καὶ.

2018 4680 2086 4742 vi:
2107 4687 2289 4741 tutem
2314 4679 2564 4767 istarum
2590 4695 2792 4739 rerum
2826 4677 3167 4740 divinarum
3204 4698 3335 4757 qua;
3366 4680 3661 4742 rationem

267 4781 481 4836 Γίνεσθε
537 4778 861 4855 οἰκτίρμονες
919 4776 993 4837 ὡς
1052 4776 1080 4829 ὁ
1138 4774 1322 4852 Πατὴρ
1367 4774 1515 4848 ὑμῶν
1577 4771 1604 4826 ὁ
1669 4771 1926 4849 οὖράνιος’

268 4869 408 4949 ἂπερ
466 4868 553 4923 ἐπὶ
612 4874 743 4924 Θεοῦ
805 4866 903 4942 μὲν
959 4864 1151 4942 κυρίως
1210 4864 1299 4920 καὶ
1355 4863 1486 4940 ὑπὲρ
1541 4860 1715 4919 πάντα
1774 4859 1934 4939 λόγον

272 4961 363 5018 καὶ
395 4959 540 5037 ὅρον
600 4954 716 5015 οὐδὲ
773 4957 873 5034 γὰρ
920 4952 1086 5011 ’τόσον
1132 4954 1169 5023 ἢ
1224 4952 1379 5009 τόσον
1438 4953 1578 5008 ἐστὶν
1616 4950 1699 5008 ἐπ’
1754 4950 1937 5025 ἐκείνῳ

270 5051 335 5107 τὸ
367 5049 636 5128 οἰκτίρμων
668 5046 703 5114 ἢ
760 5048 822 5101 τὸ
853 5042 1078 5106 τέλειον.
1141 5042 1243 5100 ἀλλ
1311 5042 1702 5121 ἁπεριόριστον·
1738 5041 1822 5097 ἐπὶ
1854 5037 1935 5128 ,δὲ

268 5146 380 5196 τῶν
441 5127 749 5213 κτισμάτων
813 5135 949 5191 κατὰ
1002 5135 1104 5201 τὴν
1163 5134 1387 5191 ἑκάστου
1442 5129 1677 5198 σπουδὴν
1706 5132 1792 5188 καὶ
1843 5127 1936 5185 δύ-

272 5250 455 5305 ναμιν,
520 5228 596 5285 Τὰ
656 5235 782 5305 γοῦν
816 5224 1161 5303 παραγόμενα
1217 5221 1408 5301 ῥητέον
1437 5220 1598 5297 ὅμοια
1650 5225 1786 5294 Θεῷ,
1834 5221 1934 5277 αὖ-

270 5332 391 5384 τοϊς
433 5316 486 5374 δὲ
519 5319 608 5375 τὸν
669 5317 801 5372 Θεὸν
831 5318 1020 5391 ὅμοιον
1051 5315 1110 5370 οὗ
1160 5312 1372 5392 ρητὲὅν,
1406 5309 1489 5368 ὅτι
1521 5309 1637 5368 οὑδὲ
1668 5313 1696 5368 ὁ
1728 5310 1935 5391 ἅνθρωκ

273 5431 374 5473 πος
428 5408 613 5484 ὅμοιος
643 5407 711 5483 τῄ
765 5407 927 5462 εἶκονι
973 5402 1157 5484 αὐτοῦ,
1191 5405 1225 5469 ἡ
1264 5402 1319 5459 δὲ
1352 5403 1507 5459 εἰκὼν
1545 5402 1703 5478 ὁμοία
1734 5407 1810 5476 τῷ
1840 5401 1933 5457 ἆν-

270 5501 488 5580 θρώπῳ,
552 5496 673 5555 Ἐπὶ
715 5497 816 5575 γὰρ
870 5500 976 5552 τῶν
1028 5497 1311 5572 ὁμοταγῶν
1344 5493 1429 5549 καὶ
1476 5492 1761 5571 ὁμοφύλων
1823 5490 1933 5547 Πέ-

355 5685 387 5732 d
419 5684 578 5751 Psal.
609 5699 834 5762 Lxxxv,
866 5682 928 5751 7.
1016 5701 1043 5733 ο
1073 5682 1210 5747 Isai.
1242 5696 1399 5762 XLVI,
1434 5682 1491 5744 5.

1577 5681 1599 5726 τ
1624 5677 1765 5746 Ose.
1799 5695 1909 5757 x11,
1947 5676 2045 5744 10.

2013 4788 2255 4832 omnem
2291 4766 2737 4847 terminumque
2753 4768 3431 4849 excedunt,juxtaillud:
3463 4771 3670 4834 Estole

2015 4859 2273 4942 perfecti
2289 4863 2316 4906 ε
2332 4876 2353 4933 ;
2377 4865 2435 4919 et
2461 4876 2474 4920 :
2499 4858 2709 4920 Estote
2730 4859 3162 4922 misericordes
3183 4862 3342 4923 sicut
3365 4860 3556 4924 Pater
3575 4879 3671 4924 ινε-

2017 4957 2143 5012 sier
2161 4950 2418 5012 cmlestis
2442 4942 2489 5013 δ.
2529 4948 2673 5020 Quae
2706 4948 2765 5008 in
2799 4949 2920 5011 Deo
2953 4949 3195 5029 quidem
3226 4955 3464 5031 proprie
3492 4959 3550 5013 et
3572 4968 3675 5014 su-

2020 5057 2126 5120 pra
2146 5056 2385 5101 omnem
2419 5037 2744 5101 terminum
2772 5045 2830 5099 et
2859 5039 3179 5114 rationem;
3204 5058 3322 5101 non
3347 5040 3503 5101 enim
3530 5048 3666 5102 tan—

2024 5137 2145 5191 tum
2168 5130 2255 5191 vel
2285 5136 2512 5191 tantum
2538 5127 2599 5189 in
2625 5126 2728 5200 illo
2755 5136 2846 5189 est
2867 5127 3285 5191 misericordia
3305 5130 3395 5191 vel
3429 5129 3670 5210 perfec-

2021 5219 2123 5294 tio,
2159 5217 2265 5281 sed
2307 5216 2578 5292 inﬁnita;
2624 5217 2687 5278 in
2735 5218 3025 5280 creaturis
3055 5236 3192 5281 vero
3240 5236 3347 5299 pro
3381 5220 3672 5301 cujusque

2018 5307 2212 5370 studio
2240 5314 2299 5369 et
2323 5307 2622 5372 facultate.
2656 5305 2794 5368 Haec
2824 5307 3024 5389 itaque
3058 5326 3189 5388 quae
3216 5307 3470 5371 adducta
3507 5317 3668 5393 sunt,

2018 5397 2273 5460 dicenda
2311 5405 2447 5458 sunt
2494 5396 2616 5459 Deo
2672 5395 2915 5472 similia,
2965 5415 3083 5458 non
3116 5403 3315 5458 autem
3346 5396 3421 5459 iis
3452 5398 3669 5462 similis

2017 5485 2309 5550 dicendus
2337 5494 2427 5549 est
2456 5488 2656 5569 Dens;
2696 5486 2978 5568 quoniam
3009 5503 3204 5568 neque
3232 5485 3413 5550 homo
3444 5488 3662 5554 similis

2133 5693 2163 5741 ε
2187 5676 2390 5744 Matth.
2422 5691 2484 5757 ν,
2703 5678 2732 5722 ιι
2758 5676 2908 5743 Luc.
2940 5684 3023 5757 v1,
3057 5674 3159 5746 36.
