4052 6414
379 272 488 353 931
1540 279 1605 354 S.
1657 276 2000 352 DIONYSII
2042 276 2573 358 AREOPAGIT/E.
3656 298 3784 369 932

382 430 479 519 est
504 420 919 519 imaginisuae,
955 412 1058 519 sed
1092 422 1287 519 imago
1313 421 1529 519 similis
1551 431 1641 487 est
1665 422 2016 519 hominiz§i

2121 448 2244 504 τρου
2299 429 2468 508 τυχὸν
2529 432 2624 487 καὶ
2686 432 2915 513 Παύλου,
2986 428 3202 492 δυνατὸν
3273 435 3636 519 ἀναστρέφειν
3716 430 3783 496 τὸ

382 512 622 595 quidem
647 512 708 573 in
733 511 807 575 iis
831 532 964 595 quae
984 511 1255 606 ejusdem
1280 514 1507 606 ordinis
1538 522 1595 576 et
1615 512 1874 596 aequalia
1896 513 2016 606 At);

2120 514 2329 597 ὅμοιον,
2355 520 2441 575 καὶ
2472 525 2826 600 προηγεῖσθαι
2856 511 3072 604 θάτερον
3099 525 3343 606 θατέρου.

380 613 539 687 sunt,
573 607 774 676 Petro,
810 606 983 668 verbi
1013 605 1222 684 gratia,
1257 616 1318 668 et
1344 604 1549 685 Paulo,
1586 614 1782 687 potest
1818 604 2035 667 simili-

382 695 526 758 tudo
555 695 944 776 reciprocari,
974 696 1323 758 alterutrum
1349 695 1618 758 alterutri
1658 695 1951 775 prmferri.

459 785 489 867 §
521 784 649 851 VII.
685 783 750 847 In
785 801 961 847 causa
992 802 1131 846 vero
1164 784 1236 846 ad
1271 784 1515 848 eﬂ'ectus
1541 803 1912 868 nequaquam
1933 782 2016 847 adi

2201 784 2230 864 ἕ
2278 783 2404 849 VII.
2460 787 2582 846 Ἐπί
2635 788 2691 847 δὲ
2725 791 2818 848 τοῖ’)
2876 793 3039 850 αἰτίου
3070 796 3165 850 καί
3218 795 3327 852 τῶν
3378 798 3632 854 αἰτιατῶν
3686 798 3792 857 οὒκ

382 876 687 939 mittemus
703 874 1039 938 istiusmodi
1059 873 1620 963 reciprocationem,
1659 874 1764 937 sed
1808 874 2016 936 eﬂ‘ecti:

2118 874 2477 952 ἀποδεξόμεθα
2535 879 2636 946 τὴν
2693 882 3062 963 ἀιτιστροφὴν,
3109 882 3246 943 ἀλλὰ
3302 885 3369 941 τὰ
3408 886 3506 961 μὲν
3565 889 3787 945 αἰτιατά

381 964 623 1049 quidem
656 963 853 1027 causis
882 981 1015 1025 esse
1060 962 1314 1037 similes,
1349 982 1588 1027 causam
1633 982 1773 1026 vero
1806 964 2016 1027 effecti:

2118 963 2277 1039 ὅμοια
2335 972 2410 1041 τῷ
2473 968 2621 1042 αἱτίῴ
2664 968 2939 1050 εἴποιμεν,
2972 962 3053 1027 τὸ
3084 969 3138 1027 δὲ
3193 970 3371 1030 αἴτιον
3428 977 3532 1055 οὔχ
3588 975 3787 1049 ὅμοιον

383 1057 641 1120 similem
668 1070 1039 1135 nequaquam
1059 1051 1339 1131 dicimus;
1360 1053 1495 1135 quia
1513 1072 1632 1115 non
1655 1062 1746 1115 est
1767 1052 2011 1134 aequalis

2118 1068 2237 1117 τοῖς
2270 1054 2566 1120 αἴτιατοῖς*
2610 1056 2726 1114 οὐδὲ
2787 1061 2888 1139 γὰρ
2919 1059 3169 1135 ἐξισάζει,
3230 1061 3354 1119 ἀλλ’
3409 1051 3708 1123 ἐπὶ-*πλέον
3752 1070 3782 1124 6

379 1146 486 1209 sed
510 1144 699 1224 major
720 1150 809 1204 est
833 1140 937 1221 qui
961 1140 1059 1203 dat
1080 1159 1259 1231 quam
1285 1160 1419 1223 quas
1442 1141 1841 1231 participant:
1868 1141 2016 1204 Deus

2118 1141 2287 1209 διδοὺς
2345 1151 2449 1201 τῶν
2502 1149 2847 1228 μετεχόντων
2904 1149 3036 1212 ἐστί,
3112 1157 3253 1207 Πᾶσι
3308 1153 3409 1231 γὰρ
3468 1161 3560 1213 τοῦ
3629 1156 3778 1212 εἶναι

378 1253 525 1299 vero
549 1233 817 1295 omnium
842 1231 1039 1310 quoad
1059 1229 1368 1320 entitatem
1402 1230 1693 1320 similium
1708 1249 1892 1294 causa
1913 1239 2016 1305 est,

2118 1233 2318 1309 δμοίοις
2377 1234 2555 1301 αἴτιος
2586 1239 2614 1294 6
2644 1238 2798 1312 Θεὸς,
2834 1241 2922 1297 καὶ
2954 1240 3116 1308 αὐτῆς
3147 1242 3246 1309 τῆς
3313 1229 3776 1320 αὖτοομοιότητος

380 1334 440 1390 et
468 1323 657 1406 ipsius
686 1338 795 1402 per
821 1339 886 1383 se
916 1318 1327 1411 similitudinis
1363 1321 1630 1411 effector.
1671 1319 1837 1384 Solet
1866 1320 2016 1383 enim

2118 1322 2440 1392 ὒποστάτης.
2499 1324 2670 1393 "EGO;
2700 1328 2801 1406 γὰρ
2855 1333 2933 1402 τῷ
2978 1331 3141 1409 Πατρὶ
3191 1333 3284 1388 τὸν
3315 1333 3447 1389 Θεὸν
3478 1318 3657 1411 λέγειν
3684 1338 3777 1392 καὶ

379 1414 479 1478 hic
499 1412 674 1476 Pater
703 1413 893 1476 Deum
925 1409 1128 1472 dicere
1154 1408 1213 1471 id
1241 1409 1398 1492 quod
1425 1429 1531 1491 per
1559 1429 1626 1472 se
1657 1418 1774 1487 est,
1808 1414 1872 1474 et
1899 1411 2016 1491 ejus

2118 1413 2328 1489 αὒτοὸν,
2364 1415 2453 1471 καὶ
2492 1423 2587 1472 τοῦ
2644 1416 2912 1475 αὖτοεϊναι
2968 1408 3296 1496 ὑποστάτην,
3331 1423 3417 1478 καὶ
3477 1408 3777 1499 αὖτοζωὴν,

379 1503 540 1586 quod
574 1521 680 1595 per
708 1519 773 1563 se
807 1507 898 1563 est
924 1499 1324 1595 conditorem,
1357 1507 1417 1561 et
1462 1518 1682 1595 perae
1733 1500 1934 1579 vitam,
1973 1518 2016 1595 ei

2118 1505 2201 1561 καὶ
2258 1504 2355 1572 τῆς
2400 1509 2675 1577 αὖτοζωῆς
2727 1508 3055 1577 ὑποστάτην.
3089 1513 3232 1577 Φησὶ
3263 1509 3319 1567 δὲ
3348 1518 3533 1593 ταῦτα,
3567 1516 3673 1595 οὐχ
3701 1518 3780 1579 ὡς

383 1613 493 1677 per
523 1611 586 1655 se
614 1592 745 1653 vitae
765 1599 1124 1654 creatorem.
1151 1588 1290 1652 Haec
1315 1595 1513 1651 autem
1537 1589 1704 1683 dicit,
1730 1608 1847 1652 non
1873 1590 2016 1670 quod

2118 1592 2294 1672 ἑτέραν
2352 1594 2450 1670 μὲν
2493 1596 2710 1676 φάσκων
2741 1598 2885 1668 ζωὴν
2950 1599 3111 1656 αὐτὸν
3142 1602 3234 1656 τὸν
3292 1603 3447 1678 Θεὸν,
3723 1604 3781 1661 δὲ

379 1683 538 1745 dicat
561 1682 746 1745 Deum
768 1679 1060 1742 diversam
1081 1678 1323 1760 quidem
1348 1696 1481 1742 esse
1505 1677 1707 1761 vitam,
1738 1698 1806 1742 ac
1831 1680 2016 1742 diver-

2118 1686 2392 1763 παρῆχθαι
2446 1685 2589 1754 ζωὴν
2633 1685 2863 1753 οὖσιώδη
2917 1689 3009 1744 καὶ
3059 1689 3216 1745 οἱονεὶ
3270 1677 3629 1750 ἐνυπόστατον
3659 1695 3783 1772 περὶ

380 1792 506 1838 sam
541 1772 614 1835 ab
647 1790 718 1834 eo
749 1770 924 1832 vitam
961 1768 1341 1860 essentialem
1375 1768 1560 1831 fuisse
1594 1769 1942 1860 productam
1974 1780 2016 1832 el

2118 1776 2204 1830 τὸν
2255 1774 2409 1849 Θεὸν,
2441 1775 2509 1840 ἧς
2573 1775 2795 1854 μετέχει
2853 1777 2920 1834 τὰ
2963 1782 3107 1848 ζωῆς
3158 1778 3486 1860 μετέχοντα’
3530 1781 3654 1839 ἀλλ’

382 1864 550 1946 quasi
578 1860 1001 1953 subsistentem
1034 1860 1092 1920 in
1137 1857 1289 1953 Deo,
1337 1878 1515 1953 quam
1572 1859 2016 1953 participent‘et

2118 1865 2275 1927 αὐτὸς
2328 1865 2514 1924 ἑαυτὸν
2571 1865 2847 1941 ἐρμηνεύει
2905 1867 2958 1923 ἐν
3025 1872 3104 1943 τῷ
3163 1857 3427 1945 ἑνδελάνῷ
3476 1873 3774 1953 κεφαλαίῳ,

381 1971 515 2034 quae
553 1950 733 2042 vitam
768 1949 1153 2042 parti_cipan_t;
1189 1949 1317 2022 sed,
1353 1948 1509 2042 sicut
1530 1948 1800 2042 Aseipsum
1837 1950 2016 2031 expli-

2118 1955 2360 2025 αὖτοζωὴ
2419 1957 2507 2012 καὶ
2567 1954 2908 2032 αὖτοδύναμις
2964 1957 3061 2015 καῖ
3120 1959 3509 2034 αὖτοομοιότης
3554 1948 3774 2042 λέγεται

383 2051 478 2105 cat
497 2041 692 2121 capite
714 2037 1058 2113 undecimo,
1086 2037 1245 2100 Deus
1277 2037 1495 2100 dicitur
1526 2038 1655 2120 ipsa
1686 2038 1823 2120 vita,
1857 2047 2016 2121 atque

2119 2046 2146 2101 6
2180 2047 2332 2118 Θεὸς,
2367 2047 2441 2110 ὡς
2500 2046 2740 2125 ἀργικῶς
2768 2046 2924 2105 τοῦτο
2978 2047 3052 2105 ὢν
3081 2051 3169 2105 καὶ
3223 2053 3442 2126 θεΐκῶς,
3475 2053 3566 2107 καί
3595 2037 3773 2111 αἰτια·

382 2131 518 2214 ipsa
547 2129 753 2203 virtus,
806 2136 984 2208 atque
1028 2127 1160 2208 ipsa
1207 2126 1572 2204 similitudo,
1609 2138 1887 2209 tanquam
1924 2130 2016 2191 hoc

2119 2140 2248 2200 τῶς⁹
2310 2145 2472 2193 ταῦτα
2504 2136 2604 2215 γὰρ
2662 2138 2818 2201 αὐτὸς
2868 2143 2947 2211 τῷ
2974 2139 3085 2195 ὄντι
3115 2139 3249 2203 ἐστί,
3284 2146 3395 2208 Τῆς
3457 2141 3512 2199 δὲ
3571 2146 3770 2201 αὒτοο-

382 2220 646 2284 existens
686 2235 792 2298 per
833 2216 1074 2300 modum
1108 2216 1411 2297 principii,
1448 2224 1505 2279 et
1549 2226 1612 2280 ut
1660 2220 1838 2294 Deus,
1877 2228 1938 2282 et
1970 2238 2016 2281 u»

2119 2215 2408 2291 μοιότητός
2479 2216 2619 2275 ἐστιν
2681 2218 3010 2295 ὑποστάτης,
3054 2222 3144 2277 καὶ
3204 2228 3313 2278 τῶν
3368 2225 3645 2299 τοιούτων,
3695 2228 3772 2290 ὡς

379 2328 559 2374 causa
606 2329 621 2372 :
674 2309 801 2369 haec
852 2307 1009 2368 enim
1062 2305 1192 2388 ipse
1233 2307 1432 2386 reipsa
1462 2315 1575 2371 est.
1608 2307 1805 2389 Ipsius
1836 2317 2016 2371 auten

2118 2309 2409 2381 μεθεκτῶς,
2437 2308 2621 2372 αὐτοῖς
2682 2321 2801 2372 τοῖς
2832 2309 3056 2387 πρώτως
3089 2310 3145 2366 ἐν
3198 2326 3319 2377 τοῖς
3350 2315 3463 2373 οὖσι
3522 2320 3624 2382 τῆς
3654 2314 3765 2372 δω-

379 2396 788 2464 similitudinis
817 2404 879 2460 et
906 2394 1193 2458 similium
1230 2397 1505 2460 conditor
1537 2405 1651 2479 est,
1702 2406 1769 2461 ut
1796 2398 1900 2479 qui
1930 2416 2016 2461 re-

2118 2402 2236 2475 ρεᾶς
2267 2395 2461 2463 ταύτης
2516 2397 2679 2477 μετὲγ
2693 2421 2807 2455 ουσι
2865 2405 3147 2478 χορηγῶν’
3201 2402 3373 2460 πάντα
3414 2404 3516 2484 γὰρ
3559 2407 3769 2469 οἰκείως

381 2488 496 2553 bus
528 2489 749 2551 donum
798 2487 910 2549 hoc
961 2487 1245 2567 primario
1294 2486 1809 2567 participantibus,
1864 2497 1926 2549 ut
1969 2488 2016 2549 id

2118 2487 2327 2550 ἑαυτοῖς
2387 2487 2607 2567 μετέχει
2665 2487 2772 2544 τῶν
2832 2489 3113 2564 τοιούτων,
3159 2494 3212 2547 αἱ
3247 2492 3347 2566 μὲν
3404 2496 3631 2573 πρῶται·
3681 2498 3771 2552 οιαὶ

382 2579 578 2661 ipsum
601 2576 984 2658 participent,
1008 2574 1291 2655 elargitur
1315 2592 1330 2639 :
1357 2574 1652 2656 siquidem
1686 2581 1889 2638 omnia
1924 2594 2016 2657 ρι’(

2118 2575 2424 2665 ὑπέρταται,
2460 2576 2569 2657 ἅρχ
2583 2583 2732 2647 ικῶς,
2766 2578 2831 2634 τὰ
2860 2577 2916 2634 δὲ
2948 2577 3092 2654 ἑξῆς,
3125 2580 3481 2646 ὀποϐατικῶς.
3514 2585 3584 2642 Οὔ
3624 2598 3765 2665 χεῖ-

380 2679 555 2751 captu
585 2685 696 2729 suo
727 2666 865 2728 talia
897 2665 1269 2746 participant,
1313 2665 1505 2745 prima
1537 2665 1779 2747 quidem
1813 2684 2016 2747 supre-

2118 2689 2203 2736 pov
2268 2664 2323 2721 δὲ
2378 2668 2573 2740 εἰπεῖν,
2637 2666 2718 2723 ὅτι
2783 2670 2870 2723 καὶ
2932 2667 3088 2727 αὐτοῦ
3144 2679 3235 2728 τοῦ
3283 2664 3771 2753 παραδειπματικοῦ

379 2775 500 2839 ma,
527 2775 633 2839 per
659 2758 900 2819 modum
928 2754 1230 2836 principii,
1251 2763 1466 2817 caetera
1495 2773 1631 2817 vero
1656 2773 2016 2833 consequen-

2118 2761 2210 2823 τῆς
2268 2755 2584 2831 ὁμοιότητος
2616 2755 2778 2835 λόγου
2834 2759 3137 2827 ὑποστάτης
3192 2760 3333 2819 ἐστὶν
3364 2765 3392 2819 6
3423 2765 3577 2833 Θεὸς,
3613 2766 3688 2829 ὡς
3718 2764 3776 2821 έν

375 2855 469 2911 ter
499 2846 767 2909 inferiori
799 2844 1006 2926 gradu.
1041 2846 1173 2908 Non
1205 2863 1380 2907 secus
1401 2863 1538 2906 vero
1562 2845 1885 2907 dicendum
1915 2853 2016 2928 est,

2118 2846 2287 2920 ἐαυτῷ
2333 2845 2480 2925 ἔχων
2539 2846 2619 2901 ἀεὶ
2675 2848 2798 2911 τοὺς
2857 2847 3048 2927 λόγους
3098 2852 3308 2908 πύντων
3358 2853 3615 2932 ἀνάρχως
3671 2854 3769 2911 καὶ

374 2938 568 3001 Deum
595 2953 833 3016 quoque
855 2952 991 2996 esse
1008 2933 1377 2996 conditorem
1400 2934 1651 2997 rationis
1673 2933 2016 3013 exemplari:

2118 2936 2320 2997 ἐνιαίως
2381 2937 2815 3017 προϋφεστῶτας,
2859 2940 2946 3003 οὒς
2989 2941 3077 2996 καὶ
3136 2944 3494 3020 προορισμοὸς
3555 2943 3768 3022 προλα-

377 3024 808 3101 similitudinis,
841 3032 905 3086 ut
936 3023 1036 3105 qui
1068 3022 1129 3085 in
1160 3040 1226 3085 se
1271 3024 1402 3085 sine
1448 3024 1743 3104 principio
1776 3030 1833 3084 et
1865 3022 2016 3085 unite

2118 3023 2221 3082 ὅὼν
2265 3023 2475 3103 εἴρηκε.
2539 3028 2703 3084 Τοῦτο
2752 3034 2876 3105 γοῦν
2931 3030 2992 3084 τὸ
3036 3030 3091 3084 ἐν
3147 3037 3305 3089 πᾶσιν
3352 3032 3535 3107 ὅμοιον
3583 3034 3622 3101 ἦ
3672 3041 3777 3091 τῶν

376 3134 619 3198 semper
647 3113 870 3177 habeat
897 3130 1100 3175 rerum
1133 3112 1400 3175 omnium
1433 3113 1694 3176 rationes
1738 3120 2016 3194 praeexis-

2118 3116 2252 3176 ὅλων
2303 3116 2512 3191 ἑνότης,
2548 3125 2640 3175 τοῦ
2699 3120 2832 3175 ιατὸ.
2860 3118 2926 3175 τὰ
2956 3119 3088 3178 αὖτά
3116 3122 3203 3178 καὶ
3258 3123 3514 3187 ὡσαύτως
3546 3123 3775 3205 ’ἔχοντος

379 3214 594 3280 tentes,
627 3221 777 3283 quas
809 3210 867 3265 et
899 3202 1403 3284 praedelinitiones
1433 3201 1714 3284 superius
1755 3202 2024 3283 appella-

374 3297 487 3361 vit.
507 3294 614 3359 Illa
634 3294 813 3374 igitur
833 3295 1099 3357 omnium
1122 3291 1474 3372 similitudo,
1495 3310 1631 3370 quae
1650 3299 1739 3354 est
1757 3292 2021 3354 omnium

377 3393 596 3469 unitas,
627 3401 739 3466 per
764 3382 1282 3466 participationem
1317 3382 1522 3463 primm
1563 3398 1779 3459 causae,
1824 3381 1882 3444 id
1935 3388 2026 3445 est

2111 3207 2355 3287 μετέχει,
2405 3208 2543 3263 κατὰ
2591 3207 2874 3281 μετούσίαν
2944 3215 3038 3266 τοῦ
3094 3212 3307 3289 πρώτου
3366 3213 3555 3270 αἰτίου·
3617 3225 3774 3273 τοῦτο

2109 3298 2209 3376 γάρ
2240 3296 2348 3352 ἐστι
2406 3296 2467 3351 τὸ
2500 3293 2647 3375 ἴχνει
2703 3298 2803 3353 τινὶ
2833 3298 2993 3353 οἱονεὶ
3052 3301 3325 3373 μετουσίᾳ.
3361 3309 3528 3359 Τοῦτο
3553 3310 3683 3380 γοῦν
3712 3305 3773 3360 τὰ

2108 3386 2246 3443 κατὰ
2296 3385 2361 3441 τὰ
2390 3384 2522 3444 αὐτὰ
2572 3385 2661 3442 καὶ
2698 3385 2947 3450 ὡσαύτως
2993 3386 3123 3467 ἕχον
3174 3390 3346 3465 ἑαυτῷ
3372 3390 3581 3466 ὅμοιον,
3640 3394 3772 3450 ἀνὸ-

377 3476 552 3559 quasi
595 3474 841 3555 vestigio
890 3472 1149 3563 quodam
1185 3471 1678 3563 participationis,
1714 3473 2016 3554 participat

2118 3498 2283 3550 setov,
2317 3475 2554 3563 καὶτοῖς
2603 3481 2764 3533 πᾶσιν
2821 3476 3143 3536 ἀσύντακτον
3186 3478 3222 3545 ἦ
3268 3481 3380 3537 θεία
3435 3487 3471 3536 Γ
3475 3484 3620 3561 ραφή
3664 3506 3777 3563 φη-

374 3567 524 3632 illud
542 3564 704 3645 quod
726 3562 1057 3627 secundum
1085 3563 1293 3624 eadem
1316 3571 1378 3625 et
1398 3562 1610 3625 eodem
1634 3562 1811 3625 modo
1835 3581 1899 3625 se
1923 3566 2016 3624 ha-

2118 3587 2215 3645 πιν,
2262 3565 2368 3622 Οὸκ
2428 3561 2569 3621 ἔστιν
2618 3565 2805 3641 ὃμοιός
2861 3589 2944 3624 σοι
2989 3568 3045 3624 ἐν
3093 3571 3261 3642 θεοῖς,
3298 3570 3455 3649 Κύριε
3510 3561 3770 3650 λέγουσα,

378 3656 501 3723 bet.
534 3657 663 3720 Hoc
690 3655 892 3736 itaque
922 3651 1144 3733 simile,
1175 3651 1337 3730 quod
1368 3651 1698 3715 secundum
1731 3652 1945 3716 eadem
1969 3662 2016 3715 el

2118 3654 2219 3714 Οὔκ
2263 3652 2373 3711 ἔστι
2406 3660 2532 3733 γοῦν
2584 3654 2819 3714 ἐναντίον
2878 3663 3033 3716 τοῦτο
3074 3671 3194 3723 τοῖς
3246 3660 3645 3740 προῤῥηθεῖσιν,
3679 3661 3771 3720 ὅτε

378 3747 593 3812 eodem
643 3743 820 3807 modo
865 3761 928 3804 se
978 3740 1180 3823 habet,
1229 3741 1521 3805 dissimile
1559 3750 1673 3824 est,
1705 3760 2016 3824 rerumque

2118 3743 2366 3824 ἐλέγομεν
2425 3744 2491 3801 τὰ
2533 3744 2708 3803 πάντα
2737 3744 2897 3821 ὅμοια
2951 3753 3030 3823 τῷ
3073 3749 3208 3825 Θεῷ,
3246 3752 3308 3807 οὒ
3336 3753 3445 3827 μὴν
3477 3749 3531 3808 δὲ
3573 3754 3603 3809 6
3636 3756 3771 3816 Θεὸς

378 3837 653 3901 omnium
684 3831 1180 3917 compositionem
1212 3832 1461 3914 reapuit,
1489 3833 1573 3895 uti
1600 3841 1846 3896 testatur
1873 3831 2016 3897 Scri-

2118 3835 2320 3898 τούτοις
2354 3831 2562 3909 ὅμοιοςο
2629 3835 2689 3893 τὰ
2748 3837 2846 3916 γὰρ
2891 3838 3023 3895 αὐτὰ
3079 3841 3169 3896 καὶ
3201 3838 3362 3915 ὅμοια
3406 3846 3482 3915 τῷ
3510 3849 3629 3916 Θεῳ
3671 3844 3781 3900 καί-

380 3933 556 4011 ptura
576 3925 806 3989 dicens:
834 3923 970 3988 Non
993 3930 1080 3987 est
1102 3922 1325 3985 similis
1349 3923 1462 3986 tibi
1485 3917 2016 3998 indiis,Domine‘.

2118 3923 2367 4001 ἀνόμοιαο
2398 3926 2459 3981 τὸ
2515 3926 2637 4005 μὲν,
2668 3926 2806 3985 κατὰ
2860 3927 2958 3994 τὴν
3004 3926 3365 4010 ἐνδεχομένην
3423 3931 3677 4012 μίμησιι,
3712 3935 3775 3989 οὗ

379 4015 512 4080 Νοη
535 4025 627 4078 est
654 4015 861 4095 utique
887 4013 998 4075 hoc
1032 4013 1397 4074 contrarium
1422 4013 1496 4075 iis
1527 4032 1660 4095 quze
1690 4012 1848 4076 dicta
1869 4021 2016 4089 sunt,

2118 4015 2215 4094 γὰρ
2269 4012 2482 4081 τελείως
2606 4015 2858 4091 μίμησις·
2921 4020 2981 4074 τὸ
3020 4016 3099 4098 δὲ,
3135 4021 3215 4076 ὅτι
3259 4019 3472 4099 μέτροις
3531 4021 3775 4100 ἀπείροις

377 4125 513 4170 cum
535 4105 816 4177 diximus,
832 4101 1033 4164 omnia
1053 4100 1175 4164 Deo
1200 4120 1334 4165 esse
1354 4103 1594 4178 similia,
1619 4104 1805 4166 Deum
1829 4110 2016 4165 auteir

2118 4103 2203 4159 καί
2233 4104 2564 4183 ἀσυγκρίτοις
2598 4105 2663 4161 τὰ
2694 4106 2910 4162 αἰτιατά
2936 4114 3028 4163 τοῦ
3056 4108 3224 4166 αἰτίου
3253 4109 3630 4168 ἀπολείπονται
3651 4160 3662 4171 .

376 4215 499 4260 non
528 4212 661 4258 esse
691 4191 795 4256 ulli
826 4191 1081 4253 similem
1113 4191 1448 4274 ;siquidem
1483 4191 1693 4254 eadem
1726 4200 1787 4254 et
1818 4192 2035 4253 similia
2069 4202 2129 4255 et
2158 4191 2478 4254 dissimilia
2508 4202 2647 4255 sunt
2675 4192 2842 4272 Deo;
2876 4194 3021 4257 illud
3052 4197 3295 4276 quidem
3318 4198 3653 4261 secundum
3688 4200 3783 4264 iu-

375 4286 596 4350 dultam
629 4283 845 4366 cuique
872 4280 1284 4359 imitationem,
1319 4301 1437 4344 non
1470 4281 1633 4343 enim
1668 4280 1927 4362 perfecta
1955 4291 2044 4346 est
2076 4282 2320 4345 imitatio
2355 4304 2372 4357 ;
2408 4282 2518 4346 hoc
2548 4301 2711 4361 vero,
2745 4287 3022 4364 quoniam
3056 4287 3306 4349 elfectus
3335 4290 3588 4352 acausis
3619 4289 3774 4351 inﬁ-

375 4381 519 4439 nitis
548 4383 607 4439 et
638 4371 1206 4454 incomparabilibus
1230 4370 1575 4454 parasangis
1601 4370 1909 4434 deﬁciunt.

455 4467 486 4548 §
516 4463 667 4529 VIII.
704 4466 936 4528 Statum
967 4481 1037 4526 ac
1067 4462 1270 4525 sedem
1298 4478 1404 4543 pro
1426 4460 1895 4551 eodemiaccipit,
1916 4479 2016 4524 re-

2184 4460 2393 4543 §VHL
2434 4463 2627 4521 Στάσιν
2655 4466 2744 4524 καὶ
2785 4465 3035 4545 καθέδραν
3090 4470 3153 4525 τὸ
3185 4468 3313 4526 αὐτὸ
3355 4467 3599 4551 δέχεται,
3636 4473 3771 4550 πρὸς

375 4556 641 4637 spiciens
661 4554 735 4617 ad
752 4552 1119 4616 immobilem
1140 4551 1516 4614 identitalem
1538 4550 1872 4633 utriusque.
1892 4553 2029 4615 Sta-

374 4656 508 4709 tum
544 4644 704 4708 enim
755 4662 874 4707 non
926 4643 1068 4705 1199
1116 4642 1254 4705 dico
1295 4640 1488 4714 illum,
1526 4658 1643 4722 quo
1674 4641 1805 4723 quis
1834 4650 2032 4705 rectus

377 4736 445 4800 fit
475 4743 782 4817 postquam
816 4736 875 4797 in
894 4733 1040 4796 sede
1061 4732 1254 4794 fuerat
1284 4729 1645 4805 incurvatus,
1668 4730 1774 4793 sed
1801 4732 2034 4795 inﬂexi-

376 4825 674 4889 bilitatem
713 4832 773 4888 et
802 4821 1348 4885 immutabilitatem
1371 4819 1503 4898 Dei,
1538 4820 1780 4884 ﬁrmum
1811 4830 2030 4886 statum

377 4915 725 4998 appellavit;
742 4915 894 4977 sicut
912 4913 1088 4974 etiam
1113 4909 1324 4973 sedere
1344 4914 1700 4992 perpetuam
1726 4916 1784 4972 et
1804 4911 2031 4974 incom-

377 5003 847 5089 prehensibilem
879 5001 1139 5084 quietem
1168 4999 1394 5064 habere
1426 5001 1487 5063 in
1521 4999 1646 5064 basi
1682 5001 2032 5066 innomina-

376 5096 481 5161 bili
515 5117 529 5162 :
566 5094 764 5158 omnis
792 5094 952 5157 enim
985 5101 1174 5154 status
1202 5110 1272 5155 ac
1303 5090 1465 5154 sedis
1515 5108 1694 5154 causa
1723 5097 1816 5154 est
1840 5090 1936 5174 iis,
1969 5091 2031 5155 in

375 5204 493 5272 quo
525 5183 728 5250 omnia
757 5183 818 5246 in
848 5180 1023 5246 bonis
1055 5180 1312 5263 propriis
1341 5180 1639 5244 custodita
1669 5181 2028 5244 consistunt.

459 5363 489 5447 §
518 5365 624 5430 IX.
658 5362 906 5439 Quando
936 5379 1081 5427 vero
1112 5366 1290 5425 etiam
1338 5366 1560 5424 motum
1600 5358 1938 5442 reperimus
1967 5359 2030 5447 in

382 5444 508 5522 Deo
520 5453 746 5520 dictum
757 5451 1129 5537 ,juxtaillud:
1145 5449 1387 5516 Inclina
1402 5450 1669 5527 omlns,et
1681 5444 2026 5530 descende“,

460 5656 474 5697 ¹
504 5658 659 5725 Psal.
691 5677 909 5737 Lxxxv,
940 5662 1003 5726 ’7.
1091 5662 1120 5705 ιί
1150 5655 1305 5724 Psal.
1338 5672 1477 5732 xm,
1520 5654 1615 5719 lO.

2113 4556 2211 4622 τῆν
2269 4554 2518 4621 ἀκίνητον
2546 4554 2846 4624 ταύτο¹τητα
2903 4557 3187 4637 ἑκάστερον
3216 4559 3533 4625 ἀναπτύξας.
3570 4562 3772 4618 Στάσιν

2114 4645 2213 4724 γὰρ
2254 4645 2311 4700 οὗ
2339 4645 2437 4712 τὴν
2470 4646 2542 4710 εἰς
2600 4645 2660 4703 τό
2691 4648 2841 4725 ὀρθὸν
2893 4647 3137 4725 γενέσθαι
3168 4649 3274 4706 ἀπὸ
3332 4655 3427 4707 τοῦ
3451 4652 3772 4728 συγκεκάμ-

2114 4737 2235 4813 φθαι
2263 4740 2331 4807 τῇ
2375 4731 2598 4815 καθέδρᾳ
2629 4736 2790 4817 φημὶ,
2840 4734 2978 4794 ἀλλά
3006 4745 3068 4794 τὸ
3099 4737 3396 4806 ἀλλόνητον
3437 4741 3525 4796 καὶ
3554 4740 3767 4816 ἀμετά-

2114 4845 2370 4905 στρεπτον
2424 4827 2517 4883 τοῦ
2547 4832 2702 4901 Θεοῦ,
2734 4823 2950 4905 βεϐαίαν
3009 4829 3194 4885 στάσιν
3225 4828 3500 4888 ἐκάλεσεν·
3534 4832 3610 4894 ὡς
3674 4833 3768 4888 acui

2113 4907 2174 4962 τὸ
2231 4906 2487 4975 καθῆσθαι
2531 4907 2593 4964 τὸ
2624 4905 2679 4965 ἐν
2739 4907 3089 4987 ἀνονομσίσπῃ
3116 4910 3268 4986 βάσει
3324 4912 3414 4967 καὶ
3471 4911 3768 4968 ἀναπαύσει

2114 4993 2339 5076 διαρκῶς
2397 4998 2485 5053 καὶ
2520 4994 2919 5069 ἀκαταλήπτως
2978 4996 3150 5080 ἔχειν·
3214 5001 3369 5063 αὐτὸς
3401 5001 3503 5080 γάρ
3535 5001 3683 5058 ἐστιν
3740 5004 3769 5058 6

2114 5092 2210 5154 τῆς
2263 5088 2475 5145 πάντων
2535 5088 2771 5152 στάσεως
2826 5090 2916 5146 καὶ
2956 5087 3109 5169 ἕδρας
3166 5088 3366 5171 αἴτιος,
3412 5090 3467 5148 ἐν
3498 5100 3544 5167 ᾦ
3596 5092 3770 5150 πάντα

2114 5176 2434 5245 συνέστηκεν
2506 5175 2559 5236 ἒν
2629 5190 2750 5244 τοῖς
2821 5179 3033 5245 οἰκείοις
3112 5181 3335 5258 ἀγαθοῖς
3409 5180 3770 5262 διαφυλαττό-

2115 5287 2274 5344 μενα.

2192 5353 2223 5435 §
2252 5353 2352 5419 ΙΧ.
2378 5354 2567 5415 ’Ὅταν
2598 5356 2653 5414 δὲ
2676 5358 2765 5416 καὶ
2786 5358 2992 5426 κὶνησιν
3012 5358 3244 5439 εὕρωμεν
3270 5359 3357 5418 ἐπὶ
3378 5367 3512 5420 Θεοῦ
3532 5360 3770 5442 λεγομέ-

2113 5468 2208 5515 νην
2257 5446 2394 5503 me
2449 5446 2533 5525 τὸ,
2571 5445 2766 5506 Κλῖνον
2825 5449 3096 5528 οὐρανοὺς,
3162 5452 3249 5507 καὶ
3304 5448 3593 5534 κατάϐηθι,
3645 5455 3769 5510 θεο-
