4052 6436
281 313 407 390 933

805 315 902 390 DE
949 325 1243 393 DIVINIS
1284 325 1734 407 NOMINIBUS,
1769 327 1932 390 CAP.
1980 323 2086 388 IX.
2142 355 2222 373 -—
2263 323 2651 388 PARAPHB.
2701 315 3190 386 PACHYMER/E

3561 297 3676 389 934

274 465 496 538 πρεπῶς
529 460 626 526 τὴν
660 461 866 528 κίνησιν
899 462 1246 538 ἐκλήψσίμεθα
1282 483 1294 496 ’
1329 477 1558 520 κινεῖται
1593 463 1691 540 γὰρ
1715 461 1773 518 οὗ
1803 462 1927 522 κατὲ

2023 459 2147 524 Deo
2171 462 2347 541 digne
2383 467 2604 521 motum
2633 459 2994 536 accipiemus
3019 475 3033 532 ;
3062 477 3178 520 non
3209 458 3366 520 enim
3401 469 3671 522 movetur

273 570 398 604 τινα
456 555 560 604 τῶν
609 549 660 614 ἐξ
711 552 853 628 παρὰ
924 551 1229 634 φιλοσοφοίς
1305 555 1584 626 κινήσεων,
1631 550 1746 608 οὔτε
1805 553 1938 608 κατὰ

273 637 510 717 γένεσιν,
563 639 680 695 οὔτε
733 641 870 696 κατὰ
901 644 1114 720 φθορὰν,
1181 645 1298 702 οὕτε
1356 645 1491 700 κατὰ
1547 641 1786 715 αὕΞ-ησιν,
1823 639 1937 698 οὔτε

273 729 416 782 κατᾶ
447 729 690 802 μείωσιν,
759 731 874 786 οὔτε
935 735 1070 789 κατὰ
1119 736 1308 814 τόπον,
1357 733 1472 790 οῧτε
1526 736 1661 790 κατὰ
1709 733 1938 790 ἀλλοίω-

269 837 384 875 σιν.
431 819 526 874 Καὶ
559 817 740 894 πάλιν,
775 819 887 876 ἐπεὶ
918 823 952 889 ἡ
983 823 1189 890 κίνησις
1244 825 1445 903 τριχῶς
1474 825 1693 900 γίνεται,
1734 823 1762 890 ’r'.
1803 846 1938 879 κατα

269 905 510 986 εὐθεῖαν,
545 906 581 974 ἢ
643 909 776 964 κατὰ
833 909 1046 974 κύκλον,
1107 913 1142 980 ἢ
1177 912 1228 978 ἐξ
1259 913 1464 992 ἀμφοῖν
1505 911 1824 992 ἐλικοειδὼς,
1867 916 1939 978 ὡς

265 995 298 1049 δ
343 991 488 1072 ὄφις,
547 997 634 1052 καὶ
703 999 736 1065 ἡ
801 998 855 1054 ἐν
897 1014 1014 1064 τοῖς
1071 1001 1219 1058 ὕδασι
1268 1001 1416 1082 νάυς,
1447 1001 1561 1058 ούδέ
1586 1003 1720 1058 κατᾶ
1743 1003 1938 1068 ταύτας

265 1097 528 1144 κινεῖται.
583 1085 734 1142 Ἀλλ’
792 1088 909 1145 οὐδὲ
968 1092 1158 1161 νοητὸν
1203 1093 1411 1159 κίνησιν
1457 1107 1707 1164 κινεῖται,
1756 1107 1879 1149 οἷαν
1911 1096 1936 1148 ὁ

265 1173 390 1238 νοῦς
452 1176 524 1237 εἷς
561 1175 750 1232 ἑαυτὸν
783 1178 1250 1259 συνελισσόμενος,
1299 1182 1391 1238 καί
1451 1183 1524 1246 εἰς
1557 1184 1766 1252 νοήσεις
1797 1183 1936 1239 πολ-

266 1261 796 1342 λαπλασιαζόμενος,
861 1271 932 1326 Οὔ
991 1272 1253 1350 ψυχικὴν,
1317 1285 1438 1328 οταν
1503 1285 1736 1329 κινεῖται
1783 1275 1936 1352 ψυχὴ

266 1349 621 1430 διανοουμένη
681 1377 738 1412 τε
799 1359 888 1413 καὶ
928 1356 1236 1429 δοξάζουσα.
1299 1361 1370 1419 Οὔ
1430 1363 1680 1437 ψύσιριὴν,
1736 1362 1857 1418 οἲάν
1901 1365 1934 1432 ἡ

267 1443 426 1520 φύσις
458 1447 598 1500 κίνεϊ
632 1461 648 1478 ’
687 1445 834 1526 ἀρχὴ
887 1448 985 1526 γὰρ
1029 1450 1289 1519 κινήσεως
1335 1453 1422 1507 καὶ
1489 1453 1711 1520 ἠρεμίας
1769 1452 1928 1513 ἐστίν.

265 1530 447 1588 Ἀλλά
490 1534 696 1601 κίνησις
752 1543 843 1594 τοῦ
873 1537 1132 1606 ἔικινὴτου
1180 1541 1432 1604 ὡσαύτως
1464 1540 1686 1620 ἔχοντες
1721 1539 1932 1620 λεγεται

2021 554 2346 613 secundum
2377 549 2638 628 aliquem
2662 568 2694 610 e
2721 567 2824 609 sex
2847 547 3204 619 motibus,do
3223 547 3437 628 quibus
3471 551 3668 630 philo-

2022 641 2194 718 soPhi
2223 649 2422 720 agunt,
2461 659 2654 721 neque
2685 639 3017 700 secundum
3049 639 3526 720 generationem,
3563 659 3674 701 ne-

2023 749 2137 810 que
2157 731 2487 792 secundum
2513 729 2979 808 corruptionem,
3009 745 3202 808 neque
3220 729 3542 789 secundum
3569 747 3672 790 aco

2024 821 2580 900 cretionem.neque
2603 817 2931 880 secundum
2959 817 3674 899 immunitionem,neque

2022 911 2348 972 secundum
2375 911 2798 989 locum,neque
2813 907 3148 968 secundum
3168 907 3668 971 immutationem.

2020 998 2093 1061 Et
2119 1018 2524 1072 rursum,cum
2547 1003 2741 1060 motus
2765 997 3079 1078 tripliciter
3102 997 3322 1071 ﬁat,vel
3341 999 3670 1061 secundum

2022 1088 2240 1152 lineam
2301 1099 2552 1162 rectam,
2615 1087 2706 1148 vel
2767 1086 3096 1148 secundum
3131 1087 3442 1164 circulam,
3481 1091 3566 1150 vel
3602 1107 3674 1150 ex

2021 1179 2292 1260 utrisque
2315 1179 2579 1256 oblique,
2614 1182 3054 1256 sicutserpens,
3089 1183 3146 1237 et
3179 1177 3239 1237 in
3272 1181 3446 1258 aquis
3477 1180 3668 1254 navis,

2021 1287 2216 1348 neque
2247 1270 2422 1331 etiam
2456 1267 2787 1330 secundum
2823 1267 2932 1328 hos
2963 1265 3172 1328 modos
3224 1276 3512 1330 movetur.
3554 1267 3671 1332 Sed

2021 1377 2216 1435 neque
2251 1367 2410 1420 motu
2461 1357 2792 1420 intellectili
2825 1357 3032 1430 cietur,
3081 1356 3236 1417 sicut
3276 1375 3445 1420 mens
3475 1359 3536 1420 in
3568 1378 3668 1422 se-

2017 1452 2206 1528 ipsam
2225 1450 2560 1524 revolvitur,
2575 1457 2631 1509 et
2645 1447 2705 1507 in
2719 1445 3229 1509 intellectionibus
3246 1447 3673 1529 multiplicatur

2017 1538 2144 1600 Non
2170 1540 2342 1600 etiam
2377 1547 2538 1600 motu
2565 1534 2996 1618 animali,quali
3024 1545 3290 1598 movetur
3317 1539 3668 1601 animadum

265 1623 304 1688 ἦ
354 1624 427 1686 εἷς
461 1625 524 1680 τὰ
555 1623 678 1682 ὄντα
736 1627 986 1702 βούλησις
1031 1630 1190 1688 αὒτοῦ
1225 1651 1236 1663 ·
1273 1633 1360 1688 καὶ
1393 1633 1441 1688 αἱ
1489 1631 1702 1711 πρόοδοι
1737 1637 1830 1708 τῇς
1861 1635 1927 1697 εἷς

2016 1629 2292 1707 intelligit
2323 1635 2381 1692 et
2415 1625 2848 1709 Opinatur.Non
2883 1625 3154 1706 naturali,
3184 1627 3423 1704 qualem
3463 1637 3673 1691 natura

263 1711 444 1768 πάντα
499 1717 744 1792 προνοίας
797 1719 974 1793 αὖτου,
1031 1719 1083 1774 ἐν
1135 1725 1210 1794 τῷ
1241 1733 1488 1799 παρεῖναι
1521 1727 1652 1778 πᾶσι
1693 1721 1760 1790 τῆ
1795 1722 1927 1778 πάν-

2019 1717 2158 1792 ciet,
2177 1719 2456 1798 quoniam
2479 1718 2602 1778 hinc
2629 1725 2720 1778 est
2743 1713 3102 1795 principium
3135 1725 3329 1778 motus
3345 1725 3403 1778 et
3426 1717 3668 1800 quietis.

265 1823 378 1858 των
425 1803 642 1885 ἆσχέτῳ
663 1807 750 1862 καὶ
781 1807 1033 1882 ἀπολύτῳ
1063 1811 1147 1865 καὶ
1177 1809 1436 1890 ἂσυναφετ
1467 1817 1723 1890 περιοχῇ,
1757 1812 1927 1867 Ἀπα-

2020 1805 2134 1868 Sed
2161 1816 2356 1868 motus
2387 1805 2804 1885 immobilis,et
2833 1805 3042 1866 eodem
3077 1806 3252 1867 modo
3285 1825 3350 1867 se
3372 1807 3666 1890 habentis,

262 1894 528 1971 γορεὺσας
574 1893 750 1958 δὲτὰς
811 1899 1050 1958 τοιαύτας
1111 1901 1346 1970 κινήσεις
1378 1900 1468 1956 ἐπὶ
1528 1909 1678 1974 Θεοῦ,
1729 1899 1927 1974 μᾶλλον

2019 1896 2446 1976 dicituripsius
2483 1896 2750 1956 voluntas
2793 1897 2952 1956 circa
2982 1913 3050 1955 ea
3081 1913 3210 1974 quae
3240 1903 3401 1970 sunt,
3438 1905 3496 1958 et
3525 1916 3668 1978 pro-

262 1980 322 2037 δὲ
352 1983 448 2044 τὰς
482 1987 818 2060 σωματικὰς,
849 1989 948 2058 τήν
981 1988 1182 2062 κύκλῳ,
1245 1990 1343 2058 τὴν
1375 1992 1496 2046 κατ’
1556 1991 1793 2068 εὒοεῖαν,
1846 1986 1927 2044 καῖ

2015 2003 2256 2064 gressus
2283 1985 2674 2060 providentiae
2701 1984 2886 2064 ipsius
2915 1984 2986 2044 ad
3008 1984 3305 2064 universa,
3336 1985 3476 2046 dum
3499 1989 3674 2048 adest

265 2073 372 2140 τὴν
420 2072 708 2153 ἑλικοειδῆ,
770 2076 914 2141 ὅπως
995 2081 1106 2158 χρὴ
1164 2083 1470 2148 θεοπρεπῶς
1530 2081 1736 2146 κίνησιν
1787 2091 1927 2135 νοεῖν

2015 2075 2294 2138 omnibus
2329 2094 2436 2155 per
2467 2075 2734 2136 omnium
2766 2074 3440 2154 incomprehensibilem
3472 2083 3530 2137 et
3558 2075 3668 2136 ab-

263 2160 362 2217 ἐπί
400 2169 531 2220 Θεοῦ
585 2173 882 2244 σαφηνίζει,
945 2170 1036 2233 τὰς
1082 2170 1333 2234 αἰσθητὰς
1395 2170 1448 2225 ἐν
1478 2177 1553 2226 τῶ
1585 2171 1737 2226 παντὶ
1771 2171 1922 2235 κινή-

2013 2165 2268 2228 solutam
2295 2175 2350 2227 et
2381 2165 2704 2227 intactilem
2740 2165 3536 2244 comprehensionem.Cum
3567 2185 3670 2229 ne-

261 2273 378 2315 σεις
403 2253 752 2332 ἀναγωγικῶς
800 2259 1124 2334 ἑρμηνεύων.
1187 2260 1296 2325 Τὴν
1359 2267 1480 2336 γοῦν
1537 2257 1655 2315 κατ’
1719 2260 1926 2314 εὒθεῖαθ

2013 2263 2204 2334 gasset
2261 2255 2592 2316 istiusmodi
2629 2257 2686 2314 in
2720 2255 2841 2317 Deo
2897 2260 3212 2328 motiones,
3251 2253 3504 2316 maxime
3528 2273 3666 2317 vero

257 2341 473 2409 κίνησιν
503 2349 723 2418 νοοῦμεν
771 2345 853 2401 ἐπὶ
910 2354 1064 2421 Θεοῦ,
1112 2347 1194 2403 διὰ
1257 2351 1318 2404 τὸ
1363 2351 1478 2407 εὐθὺ
1541 2351 1623 2404 καὶ
1683 2347 1923 2426 ἀκλινὲς,

263 2433 360 2487 καὶ
395 2431 488 2500 τῆν
521 2430 570 2498 ἐξ
605 2436 760 2490 αὒτοῦ
783 2443 888 2491 τῶν
923 2435 1062 2492 ὅλων
1117 2438 1352 2514 γένεσιν,
1417 2439 1628 2494 αὗτόθεν
1695 2439 1792 2516 γὰρ
1840 2443 1926 2494 καὶ

261 2520 457 2585 εὐθέως
487 2523 520 2590 ἡ
565 2523 770 2600 γένεσις
806 2525 855 2590 ἐξ
889 2529 1043 2582 αὐτοῦ
1085 2531 1223 2605 ἔστι,
1284 2529 1370 2584 καὶ
1427 2533 1484 2586 οὗ
1542 2527 1623 2583 δελ
1667 2531 1820 2582 τιν’ὒν
1853 2529 1926 2588 εἷς

253 2619 419 2668 τοῦτο
474 2613 860 2672 συντελούντων
912 2617 1098 2696 τυχόν,
1163 2619 1333 2676 Τοῦτο
1378 2617 1432 2672 δὲ
1465 2618 1777 2690 κρειττόνως
1821 2640 1922 2672 σα-

255 2703 558 2781 φηνίζεται,
617 2704 791 2766 εἴτις
849 2705 954 2760 ἀπὸ
1016 2727 1115 2761 των
1167 2709 1414 2763 αἴτιαι-ὗν
1460 2707 1748 2784 ἀρξάμενος
1800 2729 1921 2761 σκο-

257 2791 416 2858 ποίη.
485 2792 550 2849 Εἴ
611 2815 660 2848 τι
715 2795 812 2872 γὰρ
875 2801 978 2850 τῶν
1018 2795 1182 2851 ὄντων
1241 2796 1324 2852 ἐπὶ
1402 2805 1518 2854 νοῦν
1577 2794 1784 2876 λάϐοις,
1837 2797 1919 2852 ἐπὶ

255 2882 356 2935 τὸν
409 2885 638 2950 ποιητὴν
690 2886 848 2942 αὐτοῦ
899 2885 1212 2965 ἀνατρέχεις
1245 2886 1454 2959 εὖθὲως,
1502 2885 1638 2942 ὥστε
1681 2887 1787 2944 ἀπὸ
1833 2895 1922 2944 τώ

261 2971 433 3029 αἰτίου
481 2971 668 3034 εὐθέως
729 2975 798 3038 εἰς
857 2975 916 3028 τὸ
963 2976 1194 3032 αἰτιατον
1225 2979 1258 3042 ἡ
1291 2982 1387 3042 τῆς
1433 2978 1689 3054 γενέσεως
1751 2977 1924 3033 ἐννοια

258 3062 524 3136 πρόεισιν.
557 3060 639 3116 ’Ἦ
670 3063 761 3117 καὶ
800 3060 1001 3138 ἄλλως,
1051 3063 1128 3119 ὅτι
1181 3065 1278 3133 τὴν
1337 3067 1471 3122 κατᾶ
1533 3067 1734 3144 γένεσιν
1769 3067 1920 3134 κίνη-

2011 2354 2422 2424 corpor«--as,ut
2451 2343 2832 2423 circularem,
2866 2353 3113 2416 rectam,
3143 2349 3202 2403 et
3232 2342 3664 2424 obliquam,de-

2011 2435 2194 2496 clarat
2219 2433 2517 2514 quomodo
2549 2433 2975 2494 convenienter
3004 2435 3142 2500 Deo,
3183 2431 3573 2510 intelligenda
3595 2433 3673 2494 sit

2009 2528 2069 2585 in
2106 2526 2224 2586 Deo
2260 2517 2789 2586 motiosensitivas
2819 2524 2878 2583 in
2902 2522 3178 2584 universo
3199 2523 3490 2585 motiones
3511 2541 3657 2584 ana-

2007 2616 2214 2692 gngice
2237 2615 2580 2695 explanans.
2605 2615 2694 2676 Ac
2713 2621 2942 2674 rectum
2967 2612 3208 2694 quidem
3243 2621 3464 2673 motum
3489 2613 3664 2675 intel-

2007 2705 2240 2782 ligimus
2269 2706 2326 2765 in
2359 2704 2502 2783 Deo,
2542 2717 2787 2784 prapter
2819 2701 3240 2764 rectitudinem
3289 2709 3346 2762 et
3377 2701 3668 2764 inﬂexibi-

2003 2794 2257 2874 litalem,
2295 2805 2356 2855 et
2387 2794 2800 2854 universorum
2853 2811 2920 2854 ex
2958 2791 3086 2872 ipso
3140 2793 3662 2873 procreationem;

2007 2902 2112 2963 per
2143 2904 2206 2944 se
2239 2884 2396 2944 enim
2433 2901 2488 2944 et
2520 2903 2588 2944 ex
2619 2894 2886 2964 tempore
2927 2881 3149 2943 creatio
3174 2899 3244 2944 ex
3277 2881 3404 2962 ipso
3439 2882 3662 2960 existit,

2007 2982 2066 3034 et
2087 2993 2202 3034 non
2231 2993 2334 3052 per
2363 2973 2720 3052 aliqua,quae
2751 2973 2820 3032 ad
2849 2990 3032 3050 ipsam
3073 2971 3664 3050 disponant,accidit.

2007 3061 2134 3125 Hoc
2165 3073 2361 3124 autem
2409 3063 2620 3124 melius
2673 3061 3030 3136 declaratur,
3067 3062 3116 3122 si
3158 3061 3290 3140 quis
3321 3061 3392 3122 ab
3427 3061 3662 3124 ell‘ectis

257 3171 348 3204 σιν
406 3151 616 3208 εὐθεῖάν
669 3174 850 3232 φασιν²
911 3156 983 3218 ὡς
1034 3154 1220 3218 ε-Βθὲως
1291 3155 1572 3236 ἐφιεμένης
1631 3163 1729 3224 τῆς
1790 3158 1920 3226 ὕλης

2013 3151 2353 3234 incipiendo
2402 3153 2767 3232 speculetur.
2823 3150 2968 3214 Nam
3019 3152 3070 3212 si
3103 3150 3243 3232 quid
3291 3169 3497 3213 eorum
3532 3171 3666 3230 quae

257 3247 357 3296 τοῦ
387 3239 562 3304 εἴδους
595 3243 680 3297 καὶ
734 3241 850 3298 καθ’
909 3245 1053 3299 αὐτὸ·
1089 3243 1169 3299 διὸ
1227 3247 1406 3302 καὶτὸ
1461 3245 1627 3316 εἶδος,
1681 3251 1739 3303 οὗ
1767 3270 1920 3304 ενεκα

257 3329 502 3406 λέγεται,
548 3331 708 3388 οίονεῖ
763 3333 1003 3398 τὸτέλος
1063 3336 1190 3412 πρὸς
1251 3334 1379 3413 ὅπερ
1427 3339 1456 3402 ἡ
1523 3339 1674 3416 φύσις
1733 3340 1920 3402 εὐθέως

255 3420 471 3500 τρέχει,
505 3422 582 3494 μὴ
613 3424 684 3486 εἰς
729 3421 862 3478 ἄλλα
917 3425 1007 3479 καὶ
1066 3422 1202 3480 ἄλλα
1261 3424 1602 3500 ἐλισσομένη,
1668 3427 1790 3484 ἀλλ’
1849 3430 1920 3490 εἷς

259 3513 394 3568 αὐτὸ
427 3510 675 3591 ἀφορῶσα
745 3514 804 3567 τὸ
837 3513 1266 3588 σκοπιμώτατον.
1306 3514 1456 3572 Ἐπεὶ
1513 3523 1632 3592 γοῦν
1693 3518 1726 3584 ἦ
1786 3519 1920 3574 κατὰ

255 3599 466 3678 γένεσιν
542 3602 745 3668 κίνησις
792 3601 977 3668 εὒθέως
1026 3604 1250 3682 γίνεται,
1284 3605 1374 3660 τὸν
1405 3605 1500 3672 τῆς
1535 3627 1592 3682 γε
1615 3605 1792 3664 ιέσεως
1827 3607 1922 3662 αἴ-

255 3711 374 3746 τιον
406 3693 710 3769 θεοπρεπῶς
773 3691 888 3747 κατ’
933 3697 1138 3752 εὐθεῖαν
1189 3697 1446 3750 κινεῖσθαι
1499 3717 1694 3774 φαμεν,
1729 3697 1838 3764 Τὴν
1869 3695 1924 3752 δὲ

257 3781 519 3858 σταθερὰν
580 3779 802 3860 πρόοδον
861 3782 957 3840 καὶ
1014 3784 1112 3850 τὴν
1167 3785 1384 3862 γόνιμον
1445 3787 1628 3842 στάσιν
1661 3785 1924 3856 ἐλικοειδὴ

259 3889 464 3949 φαμεν·
497 3869 532 3938 ἢ
563 3871 782 3938 τοιαύτη
829 3875 926 3952 γὰρ
975 3875 1203 3954 κίνησις,
1243 3876 1324 3930 καὶ
1386 3877 1446 3932 τὸ
1479 3879 1728 3954 σταθερὸν
1769 3877 1920 3956 ἔχει,

259 3958 367 4034 ὅτι,
430 3963 472 4016 εἰ
527 3965 624 4018 καὶ
687 3961 942 4020 ἒκκλίνειν
970 3977 1139 4037 ποιεῖ,
1173 3965 1333 4021 πάλιν
1359 3965 1430 4023 εἷς
1475 3968 1534 4022 τὸ
1579 3967 1703 4023 αὒτὸ
1735 3971 1822 4024 καὶ
1864 3971 1924 4025 τὸ

259 4049 436 4114 ἐξισου
479 4055 596 4114 τοῖς
655 4053 923 4131 προτέροις
955 4056 1088 4109 κατὰ
1114 4056 1178 4112 τὰ
1229 4057 1380 4128 αὐτὰ,
1414 4057 1500 4112 καὶ
1531 4071 1779 4113 κοινωνεῖ
1823 4081 1922 4114 καο

257 4141 330 4197 τὰ
362 4147 518 4198 τοῦτο
550 4147 616 4218 τῇ
649 4141 898 4217 κυκλικῇ,
935 4145 1020 4200 καὶ
1052 4146 1146 4211 τὴν
1205 4143 1426 4224 πρόοδον
1476 4145 1617 4225 ἔχει,
1693 4147 1806 4204 καθ’
1861 4149 1926 4216 ἣν

257 4243 515 4286 κοινωνεῖ
543 4231 611 4298 ﬁ,
641 4231 758 4287 κατ’
805 4233 1012 4288 εὖοεϊαν
1067 4235 1297 4304 κινήσει,
1361 4227 1504 4292 Ἐπεὶ
1541 4245 1665 4316 γοῦν
1721 4240 1754 4300 ἡ
1807 4235 1926 4294 κατ’

259 4319 472 4375 εὒθεϊαν
525 4320 732 4388 κίνησις
791 4321 874 4377 ἐπὶ
925 4325 1056 4378 Θεοῦ
1106 4323 1188 4380 διὰ
1246 4327 1344 4392 τὴν
1403 4331 1484 4386 εἰς
1520 4327 1724 4405 γένεσιν
1761 4330 1928 4384 αἰτίαν

259 4411 353 4465 καὶ
375 4408 598 4487 πρόοδον
656 4410 1062 4493 ὶξελαμϐίνετο,
1123 4413 1462 4490 λαμϐάνομεν
1513 4419 1598 4474 καὶ
1651 4419 1749 4484 τὴν
1810 4419 1926 4474 ἑλι-

2007 3251 2146 3303 sunt
2177 3245 2236 3302 in
2277 3251 2536 3304 mentem
2569 3244 2754 3322 capis,
2779 3253 2946 3304 recta
2965 3241 3034 3302 ad
3057 3251 3364 3304 auctorem
3397 3243 3528 3320 ejus
3557 3260 3663 3302 ac-

2006 3333 2217 3404 curris,
2252 3334 2330 3393 ita
2359 3341 2416 3393 ut
2465 3351 2500 3392 a
2529 3351 2708 3394 causa
2749 3333 2947 3394 statim
2989 3332 3058 3392 ad
3106 3332 3382 3393 effectum
3417 3349 3666 3410 genera-

2008 3421 2184 3484 tionis
2217 3421 2538 3484 intellectio
2565 3423 2881 3501 pertingat.
2913 3421 3016 3483 Vel
3079 3421 3252 3482 etiam
3307 3421 3502 3501 aliter,
3529 3421 3668 3502 quia

2008 3520 2228 3572 motum
2249 3511 2578 3574 secundum
2599 3511 3046 3591 generationem
3063 3519 3294 3573 rectum
3311 3528 3444 3572 esse
3475 3510 3662 3585 aiunt,

2008 3601 2147 3663 dum
2171 3609 2416 3664 materia
2441 3621 2654 3682 nempe
2681 3609 2839 3663 recta
2876 3609 2934 3663 et
2967 3619 3074 3680 per
3107 3619 3171 3662 se
3193 3601 3445 3662 formam
3474 3619 3654 3682 appe_-

2010 3694 2078 3754 tit
2107 3713 2122 3774 ;
2156 3711 2344 3774 quare
2369 3693 2546 3753 etiam
2579 3679 2790 3766 l'orma,
2825 3679 2992 3771 cujus
3022 3691 3212 3770 gratia
3252 3709 3386 3754 esse
3417 3679 3664 3772 dicito—1',

2007 3783 2172 3864 quasi
2193 3782 2325 3843 linis
2339 3784 2412 3843 sit
2446 3781 2584 3843 i500
2606 3781 2678 3842 ad
2703 3799 2880 3860 quem
2908 3791 3114 3843 natura
3134 3789 3294 3843 recta
3323 3789 3664 3854 currat,ne-

2009 3891 2299 3953 quaquam
2334 3871 2463 3934 aliis
2494 3877 2674 3947 atque
2705 3870 2834 3932 aliis
2865 3889 2928 3932 se
2959 3871 3336 3952 implectens,
3373 3870 3476 3932 sed
3500 3870 3572 3932 ad
3603 3869 3664 3931 id

2008 3964 2165 4045 quod
2193 3963 2450 4023 maxime
2486 3962 2854 4042 propositum
2888 3971 2973 4023 est
2998 3960 3262 4024 intuens.
3296 3959 3438 4022 Cum
3466 3961 3666 4040 itaque

2011 4062 2204 4115 motus
2237 4051 2308 4128 is,
2344 4053 2446 4132 qui
2496 4051 2830 4112 secundum
2863 4051 3314 4131 generationem
3361 4059 3471 4122 est,
3503 4059 3666 4112 recta

2012 4143 2130 4218 ﬁat,
2167 4151 2468 4204 auctorem
2501 4142 2928 4220 generationis,
2964 4160 3034 4202 eo
3081 4161 3198 4220 quo
3231 4140 3352 4202 Deo
3388 4143 3670 4202 convenit

2011 4234 2209 4308 modo,
2247 4241 2410 4294 recta
2443 4231 2664 4293 moveri
2697 4229 3272 4294 dicimusStabdem
3305 4239 3502 4292 autem
3535 4248 3673 4310 pro-

2008 4341 2278 4403 gressum
2312 4331 2370 4384 et
2401 4321 2720 4383 fecundum
2739 4329 2970 4399 statum
3018 4320 3272 4382 dicimus
3304 4320 3612 4402 obliquum
3649 4338 3666 4396 ;

2013 4415 2146 4476 talis
2186 4413 2344 4475 enim
2407 4422 2600 4473 motus
2645 4421 2702 4472 et
2735 4410 3112 4472 stabilitatem
3148 4409 3350 4482 habet,
3385 4408 3666 4491 quoniam

259 4497 446 4566 κοειδῆ
501 4501 732 4574 κίνησιν,
793 4507 869 4568 πῆ
931 4503 1052 4577 μὲν,
1113 4505 1180 4570 ἧς
1225 4505 1298 4569 εἰς
1369 4505 1492 4561 αῧτὸ
1553 4513 1918 4583 καταντῶσαν,

2013 4502 2148 4570 licet
2179 4503 2472 4565 inclinare
2503 4501 2700 4574 faciat,
2737 4517 2972 4562 rursum
3007 4499 3066 4561 in
3100 4499 3338 4579 eodem,
3382 4500 3558 4560 etiam
3597 4517 3670 4562 ex

261 4588 348 4644 διὰ
381 4591 442 4644 τὸ
467 4591 734 4668 σταθερὸν,
771 4593 866 4666 ζπῆ
923 4593 977 4647 δὲ
1031 4594 1102 4656 ὡς
1163 4595 1568 4674 προερχομένην
1625 4595 1676 4661 ἐξ
1735 4597 1928 4665 ἑαυτῆς

262 4675 348 4735 διὰ
403 4681 464 4734 τὸ
537 4681 609 4744 εἷς
641 4683 706 4736 τὰ
736 4682 1014 4758 ποιήματα
1044 4682 1284 4761 γόνιμον,
1321 4683 1488 4740 Πάλιν
1532 4687 1632 4750 τὴν
1661 4688 1797 4742 κατὰ
1826 4689 1926 4744 κύ-

263 4767 392 4824 κλον
449 4767 678 4846 λέγομεν
733 4771 965 4851 κίνησιν,
1011 4769 1095 4828 διὰ
1127 4775 1185 4829 τὸ
1230 4775 1444 4846 ταῦτὸν,
1475 4775 1560 4830 καὶ
1602 4773 1682 4832 ὅτι
1713 4777 1925 4858 συνέχει

259 4858 436 4914 πάντα
473 4900 490 4918 .
525 4861 835 4932 Σημείωσαι
884 4862 1006 4942 γὰρ,
1041 4860 1122 4918 ὅτι
1177 4861 1242 4918 τα
1297 4861 1698 4942 ὑπερϐεϐηκότα
1741 4866 1924 4944 περιέ-

264 4969 356 5027 χει
387 4949 454 5004 τὰ
484 4947 881 5017 ὑποϐεϐηκότα,
947 4944 1127 5030 ’Ἄκρα
1175 4961 1297 5030 γοῦν
1329 4953 1489 5010 κάλετ
1527 4957 1612 5017 τὰς
1671 4954 1930 5012 ἀνωτάτω

263 5035 512 5113 δύναμεις
572 5039 659 5095 καὶ
715 5039 1112 5113 πλησιαζούσας
1158 5049 1295 5116 Θεῷ,
1344 5044 1507 5118 μέσας
1567 5042 1619 5100 δε
1667 5045 1760 5108 τὰς
1812 5035 1928 5121 μετε

264 5126 470 5191 ἐκείνας
503 5129 623 5204 μὲν,
680 5130 786 5186 τῶν
818 5129 872 5186 δὲ
923 5133 1185 5199 αἰσθητῶν
1241 5133 1488 5190 ἁπάντων
1521 5135 1927 5214 ὑπερκειμένας,

268 5220 330 5274 Ai
361 5217 458 5293 μὲν
505 5217 590 5274 οὖν
621 5219 886 5277 ἀνώταται
948 5221 1257 5303 περιέχουσι
1283 5226 1377 5287 τὰς
1426 5223 1618 5304 μέσας,
1651 5227 1702 5280 αἱ
1734 5223 1786 5280 δὲ
1833 5227 1930 5302 μὲ-

267 5329 356 5365 σαι
387 5307 454 5364 τὰ
493 5309 739 5376 αἰσθητά.
807 5309 868 5369 Ὀ
920 5311 1100 5388 μέντοι
1161 5315 1292 5378 Θεὸς
1345 5312 1553 5370 ἅπαντα
1581 5314 1822 5396 πέοιέχει
1860 5317 1934 5379 ὡς

265 5396 459 5460 κύκλος
517 5399 582 5455 τὰ
653 5399 798 5467 ἐντος
829 5405 987 5460 αὐτοῦ
1017 5403 1210 5481 πάντα,
1243 5405 1332 5461 καί
1376 5405 1448 5468 εἷς
1481 5404 1668 5462 ἑαυτὸν
1697 5407 1769 5469 ὡς
1803 5408 1934 5486 πρὸς

267 5487 450 5570 αἴτιον
493 5487 818 5570 ἐπιστρέφει,

2013 4611 2204 4674 aequo,
2243 4591 2538 4672 prioribus
2569 4591 2898 4652 secundum
2945 4589 3153 4651 eadem
3177 4595 3238 4650 et
3267 4587 3668 4649 communicat

2013 4683 2206 4764 quoad
2243 4683 2354 4744 hoc
2398 4701 2533 4744 cum
2589 4679 2890 4754 circulari,
2926 4688 2984 4741 et
3030 4695 3412 4760 progressum
3462 4677 3666 4756 habet,

2011 4777 2339 4837 secundum
2362 4790 2538 4849 quem
2563 4773 3116 4832 communicatcum
3139 4778 3302 4831 motu
3323 4769 3667 4831 recto.Cum

2011 4863 2210 4944 itaque
2233 4871 2431 4924 motus
2451 4869 2651 4922 rectus
2683 4860 2744 4922 in
2775 4859 2898 4922 Deo
2932 4879 3106 4922 causa
3145 4857 3548 4937 generationis
3579 4865 3668 4918 at-

2013 4972 2133 5034 que
2165 4950 2564 5033 processionis
2595 4959 2870 5028 acceptus
2900 4952 2996 5031 sit,
3045 4949 3374 5030 accipimus
3431 4965 3672 5028 quoque

2019 5051 2240 5105 motum
2294 5041 2624 5122 obliquum,
2681 5041 2893 5121 partim
2957 5041 3226 5122 quidem,
3270 5047 3546 5120 tanquam
3609 5037 3671 5098 in

2018 5133 2176 5196 idem
2235 5139 2634 5204 remeantem,
2688 5139 2928 5212 propter
2976 5127 3420 5200 constantiam;
3457 5127 3668 5208 partim

2018 5241 2157 5285 vero
2189 5229 2466 5302 tanquam
2493 5237 2566 5282 ex
2588 5219 2718 5302 ipso
2751 5221 3170 5302 prodeuntem,
3223 5223 3470 5300 pr0pter
3498 5232 3672 5280 crea-

2021 5321 2285 5375 turarum
2317 5311 3033 5375 fecunditatem.Rursum
3054 5307 3412 5372 circularem
3445 5313 3669 5368 motum

2019 5402 2273 5468 dicimus
2299 5409 2542 5482 propter
2559 5399 3017 5482 identitatem,et
3046 5399 3202 5480 quod
3231 5397 3432 5460 omnia
3475 5393 3674 5458 conti-

2019 5503 2178 5556 neat.
2214 5493 2365 5556 Nota
2388 5489 2574 5572 enim,
2607 5491 2920 5571 superiora
2949 5489 3260 5553 continere
3291 5487 3400 5550 illa
3419 5503 3556 5568 qua)
3584 5487 3671 5548 in-

269 5567 498 5640 feriora
529 5567 689 5640 sunt.
717 5567 997 5644 Extrema
1029 5582 1211 5663 igitur
1239 5591 1407 5648 vocat
1451 5602 1762 5668 supremas
1792 5583 1926 5648 illas
1983 5584 2230 5647 virtutes
2263 5581 2508 5664 Deoque
2538 5567 2926 5663 propinquas,
2961 5579 3192 5643 medias
3229 5595 3370 5641 vero
3399 5595 3532 5659 quae
3571 5575 3670 5657 ip-

271 5689 372 5740 sas
411 5675 722 5754 sequntur,
759 5669 1074 5736 inferiores
1103 5673 1386 5759 denique,
1417 5667 1658 5740 naturas
1683 5675 1952 5740 omnium
1981 5673 2316 5739 sensilium.
2350 5671 2661 5756 Suprema
2696 5671 2894 5756 itaque
2923 5671 3230 5736 continent
3261 5667 3516 5748 medias,
3551 5685 3674 5730 me-
