4052 6456
205 395 339 461 945
706 394 806 456 DE
848 392 1148 456 DIVINIS
1190 391 1642 466 NOMINIBUS,
1690 391 1857 454 CAP.
1902 392 1981 453 Χ.
2016 422 2093 436 --
2138 388 2573 455 PARPAHPR.
2619 392 3138 457 PACHYMERE.
3515 394 3635 459 946

208 533 378 589 αότὸν
422 534 567 589 θεῖον
604 527 878 586 ὠδίνουσιν
936 527 1130 607 ἔρωτα.
1198 520 1261 585 Ἠ
1319 525 1375 583 δὲ
1427 525 1592 607 λέξις,
1623 526 1730 583 ἀπὸ
1777 533 1883 584 τῶν

1976 532 2160 587 torem
2183 534 2508 604 agnoscant
2530 525 2796 587 divinum
2824 544 2963 604 erga
2985 533 3180 607 ipsum
3204 545 3467 592 amorem
3495 548 3605 611 par

207 622 593 697 κοίσκομένων
625 617 916 699 ληφθεῖσα,
950 616 1113 685 δηλοῖ
1140 618 1238 687 τὴν
1299 621 1417 676 οἷον
1449 617 1503 673 ἐν
1543 616 1675 693 ἡμῖν
1734 640 1883 698 φυσι-

1976 617 2226 679 turiunt.
2275 612 2639 676 Vocabulum
2681 623 2878 676 autem
2911 616 3023 677 hoc
3074 637 3107 678 a
3156 619 3634 698 parturientibus

204 713 314 780 κήν
373 711 626 789 διάθεσιν,
661 709 757 765 καί
805 708 895 789 ἀφ’
932 710 1081 790 ἡμῶν
1111 709 1339 790 φυσικὴν
1392 708 1567 786 ὄρμὴν
1626 709 1761 787 πρὸς
1799 709 1883 764 τὸν

1976 713 2311 786 acceptum,
2334 705 2597 767 declarat
2623 704 3065 787 quodammodo
3092 706 3153 768 in
3177 710 3349 769 nobis
3371 711 3632 773 alfectio-

202 801 537 880 δημιουργὸν
588 798 685 856 καὶ
730 798 963 865 κίνησιν.
998 789 1088 864 Ὠς
1127 789 1236 878 γὰρ
1272 798 1302 866 ἧ
1363 804 1453 877 γῆ,
1489 797 1883 874 θερμαινομένη

1977 813 2115 855 nem
2148 795 2501 870 naturalem,
2534 803 2643 856 eta
2665 803 2879 857 natura
2911 796 3082 857 nobis
3109 796 3348 859 insitam
3378 819 3637 881 propen-

200 899 284 966 τῷ
342 891 500 970 ἡλίῳ,
546 891 679 969 πρὸς
718 886 914 950 ὠδῖνας
963 886 1296 966 διεγείρετκι,
1330 886 1470 945 οὕτω
1529 889 1618 944 καὶ
1650 889 1683 955 ἡ
1743 910 1883 961 καρ-

1979 885 2209 947 sionem
2245 902 2312 947 ac
2343 885 2670 946 motionem
2715 884 2786 946 ad
2844 886 3214 951 Creatorem.
3268 890 3434 951 Sicut
3465 892 3625 951 enim

201 980 316 1057 δία,
379 984 441 1038 τὸ
498 979 715 1060 έραστὸν
770 979 827 1034 ἓν
880 982 1044 1056 ἑαυτῇ
1112 978 1487 1059 περιφέρουσα,
1546 974 1719 1034 ὠδίνει
1788 979 1883 1034 τὸν

1976 982 2132 1036 terra
2166 976 2293 1037 sole
2341 974 2624 1036 calefacta
2678 975 2751 1035 ad
2811 976 3186 1056 paritudines
3239 988 3623 1061 provocatur;

208 1071 395 1151 ἔρωτα
407 1117 420 1131 .

290 1256 321 1327 §
380 1247 450 1313 ΙῙ.
498 1248 729 1317 Παλαιὸς
790 1248 843 1306 δὲ
872 1248 1087 1328 ἡμερῶν
1138 1250 1384 1324 ὅμνετται
1444 1251 1471 1305 6
1504 1250 1635 1314 Θεὸς
1694 1247 1779 1305 διὰ
1813 1250 1875 1304 τὸ

205 1346 359 1398 εἴναι
408 1341 500 1397 τὸν
532 1341 688 1397 αὖτὸν
719 1340 885 1397 αἰῶνα
909 1346 1015 1396 τῶν
1060 1339 1288 1396 αἰωνίων
1347 1337 1613 1417 ἀγγέλων·
1661 1338 1880 1402 τούτους

208 1434 317 1511 γὰρ
373 1435 496 1487 εἷπε
544 1431 801 1509 πρότερον
844 1429 1111 1505 αἰωνίους,
1142 1430 1214 1495 ὡς
1268 1429 1479 1508 αἰῶνος,
1516 1427 1872 1509 μετέχοντας,

208 1523 273 1577 οὒ
324 1522 434 1598 μὴν
464 1518 519 1576 δὲ
557 1522 628 1577 ὡς
683 1520 975 1599 ἀνάρχους.
1028 1518 1227 1599 Χρόνον
1254 1515 1309 1574 δὲ
1360 1522 1467 1575 τῶν
1499 1518 1600 1575 ὑπὸ
1653 1517 1877 1597 χρόνον,

210 1612 469 1669 ἁπαντων
518 1607 766 1677 δηλονότι
796 1615 903 1665 τῶν
946 1610 1249 1688 γεγονότων
1302 1608 1436 1684 μετὰ
1466 1608 1568 1675 τὴν
1623 1629 1885 1685 παραγω-

210 1703 320 1780 γὴν
370 1706 463 1756 τοῦ
493 1699 738 1778 οὒρανοὸ,
772 1701 830 1756 οὗ
888 1704 957 1775 τῇ
996 1698 1205 1769 κινήσει
1267 1699 1294 1754 6
1341 1697 1535 1777 χρόνος
1594 1696 1882 1774 εἰσάγεται.

209 1791 444 1870 Λέγεται
502 1787 685 1845 δὲκαὶ
738 1788 933 1869 χρόνος
967 1788 1061 1844 καί
1114 1789 1241 1844 αἰὼν
1298 1789 1384 1843 καὶ
1442 1785 1615 1864 ἡμέρα
1646 1788 1674 1842 6
1733 1787 1883 1865 Θεὸς,

1969 1063 2059 1126 sic
2090 1071 2149 1126 et
2177 1083 2301 1139 cor,
2336 1064 2398 1126 id
2428 1064 2587 1142 quod
2620 1064 2891 1126 amabile
2926 1074 3014 1127 est
3044 1065 3108 1127 in
3142 1066 3339 1149 seipso
3373 1074 3633 1132 circum-

1967 1153 2191 1226 ferens,
2223 1172 2490 1215 amorem
2522 1154 2799 1235 parturit.

2050 1244 2186 1303 507
2219 1244 2247 1322 §
2277 1242 2636 1324 ILAntiquis
2656 1261 2793 1307 vero
2818 1244 3052 1307 dierum
3079 1245 3424 1310 celebratur
3448 1249 3627 1327 Deus,

1970 1335 2110 1416 quia
2141 1336 2269 1415 ipse
2301 1342 2390 1395 est
2420 1352 2605 1395 avum
2634 1335 2978 1412 angelorum
3013 1336 3476 1408 mviternornm;
3522 1342 3633 1401 hos

1970 1424 2131 1487 enim
2155 1431 2330 1485 antea
2349 1430 2605 1485 mternos
2626 1424 2883 1504 dixerat,
2904 1426 3060 1505 quod
3079 1427 3438 1508 participem
3456 1438 3636 1491 aeter-

1969 1514 2242 1593 nitatem,
2297 1532 2418 1573 non
2469 1531 2604 1573 vero
2637 1513 2801 1591 quod
2854 1515 3132 1596 principii
3174 1526 3451 1596 expertes
3482 1520 3625 1583 sint.

1970 1602 2234 1683 Tempus
2260 1612 2465 1664 autem
2498 1621 2703 1665 eorum
2738 1622 2869 1684 quae
2893 1615 3030 1666 sunt
3051 1605 3320 1686 subjecta
3349 1609 3628 1689 tempori,

1969 1692 2034 1755 id
2065 1702 2154 1755 est
2187 1711 2392 1754 eorum
2425 1693 2692 1753 omnium
2727 1712 2855 1773 quae
2878 1693 3025 1755 facta
3050 1705 3187 1757 sunt
3220 1706 3350 1776 post
3381 1699 3624 1771 caelum,

1972 1802 2043 1845 ex
2075 1785 2247 1862 cujus
2280 1789 2443 1843 motu
2466 1781 2668 1842 existit
2701 1791 2962 1863 tempus.
2996 1783 3227 1845 Dicitur
3242 1794 3439 1846 autem
3472 1789 3631 1851 Deus

204 1882 547 1958 θεοπρεπῶς,
578 1880 651 1941 ὡς
701 1876 1097 1957 ἀμετάϐλητος,
1130 1877 1214 1933 ὅτι
1250 1878 1315 1933 τὰ
1358 1876 1531 1933 πάντα
1581 1876 1635 1932 ἐν
1687 1878 1883 1935 τούτοις

1976 1882 2031 1933 et
2061 1881 2322 1950 tempus,
2359 1879 2417 1932 et
2446 1889 2660 1943 aevum,
2717 1880 2777 1932 et
2818 1872 2951 1934 dies
2984 1892 3054 1935 eo
3086 1874 3262 1936 modo
3295 1894 3412 1956 quo
3444 1876 3629 1939 Deum

206 1967 668 2047 μεταϐαλλόνταιο
740 1969 873 2025 αὐτὰ
931 1966 986 2024 δέ
1060 1964 1410 2044 ἀμετάϐλητα
1481 1965 1695 2037 μένουσι
1754 1964 1890 2020 κατὰ

203 2063 268 2117 τὸ
332 2064 476 2116 εἰναι
507 2057 736 2139 χρόνους
795 2058 887 2115 καὶ
936 2056 1169 2136 ἡμέρας,
1227 2058 1287 2114 Εἰ
1336 2056 1437 2135 γὰρ
1494 2052 1889 2131 μετεϐάλλοντο

204 2149 329 2208 κατ’
389 2147 589 2223 οὗσίάν,
629 2154 775 2205 πᾶσα
822 2146 874 2204 δὲ
908 2145 1183 2223 μεταϐολὴ
1215 2146 1270 2204 ἐν
1314 2146 1518 2226 χρόνῳ,
1552 2141 1741 2219 ἔμελλε
1803 2148 1889 2202 καὶ

208 2242 245 2308 ἡ
281 2238 561 2317 μεταϐολὴ
591 2245 684 2295 τοῦ
738 2260 935 2318 χρονου
966 2237 1021 2294 ἐν
1079 2237 1265 2317 χρόνῳ
1317 2238 1575 2315 γίνεσθαι,
1607 2234 1698 2291 καὶ
1751 2232 1887 2305 ποίῳ

212 2331 398 2403 τούτῳ
428 2333 522 2388 οὒκ
548 2326 695 2385 οἶδα·
750 2328 886 2387 κατὰ
916 2329 977 2383 τὸ
1008 2326 1153 2382 εἶναι
1183 2325 1238 2381 δὲ
1298 2325 1496 2405 χρόνον
1525 2325 1618 2379 καὶ
1678 2322 1885 2400 ἡμέρας

210 2421 349 2478 εἷπε
404 2422 466 2476 τὸ
525 2419 696 2478 αὐτῶν
772 2415 1169 2493 ἀμετάϐλητον.
1238 2413 1401 2473 Ἐπεὶ
1460 2414 1808 2493 παρακατιὼν
1860 2414 1887 2467 6

205 2511 370 2589 ἇίγιος
424 2509 479 2566 ἒν
522 2507 809 2565 ἀλλοιώσει
860 2505 1004 2564 εἴποι
1048 2508 1141 2563 τὸν
1192 2506 1411 2586 χρόνον
1469 2504 1498 2560 ὃ
1529 2504 1626 2560 καῖ
1680 2500 1885 2559 δοτέονο

204 2599 364 2677 θέρος
422 2600 525 2678 γὰρ
574 2598 669 2655 καὶ
729 2596 823 2677 ἔαρ
881 2596 1210 2676 φθινόπωρον
1271 2598 1358 2652 καὶ
1407 2594 1643 2675 χειμὼν,
1689 2596 1743 2650 αἱ
1797 2601 1890 2652 τοῦ

209 2690 420 2770 χρόνου
475 2686 813 2751 ἀλλοιώσεις.
849 2685 1003 2744 Οὕτω
1053 2692 1181 2763 γοῦν
1209 2686 1517 2764 θεοπρεπῶς
1568 2684 1660 2740 καὶ
1690 2685 1718 2739 6
1760 2684 1891 2747 Θεὸς

210 2780 297 2836 ἀεὶ
364 2778 673 2853 κινούμενος
752 2774 835 2856 ἐφ’
896 2776 1083 2832 ἑαυτοῦ
1143 2774 1315 2850 μένει.
1379 2778 1476 2832 Καὶ
1544 2778 1744 2852 τρίτον,
1809 2771 1891 2827 ὅτι

209 2871 300 2926 καῖ
368 2871 444 2933 ὡς
503 2866 680 2930 αἴτιος
741 2868 934 2924 αὐτῶν
998 2862 1252 2943 ἐλέγομεν
1307 2864 1408 2943 γὰρ
1466 2863 1553 2919 καὶ
1606 2862 1889 2941 πρότερον,

210 2959 297 3016 ὅτι
363 2959 427 3014 τὰ
459 2957 632 3015 πάντα
692 2954 903 3033 λέγεται
936 2958 962 3011 6
1019 2956 1149 3019 Θεὸς
1201 2955 1274 3017 ὡς
1334 2951 1509 3017 αἴτιος
1561 2952 1622 3008 ἐκ
1652 2956 1759 3007 τῶν
1803 2952 1891 3007 αἷ-

1974 1963 2168 2040 decet,
2199 1966 2494 2041 quatenus
2530 1959 2919 2022 immutabilis
2950 1970 3041 2023 est
3074 1982 3089 2037 ;
3122 1964 3399 2044 quoniam
3433 1967 3634 2029 omnia

1973 2070 2105 2134 quae
2136 2058 2275 2111 sunt
2323 2052 2386 2112 in
2436 2050 2529 2111 his
2576 2051 2960 2113 mutationem
2998 2052 3261 2132 capiunt,
3296 2053 3427 2133 ipsa
3458 2074 3628 2137 vero,

1974 2149 2275 2222 quatenus
2308 2150 2580 2219 tempora
2611 2148 2669 2202 et
2699 2140 2831 2201 dies
2861 2149 3020 2215 sunt,
3055 2143 3363 2206 immutata
3400 2163 3636 2224 perma-

1973 2241 2142 2295 nent.
2164 2232 2313 2293 Nam
2329 2231 2379 2291 si
2402 2229 2731 2291 secundum
2747 2232 3067 2292 essentiam
3095 2242 3631 2307 mutarentur,cum

1970 2322 2163 2383 omnis
2187 2320 2431 2381 mutatio
2456 2320 2517 2379 in
2546 2327 2818 2399 tempore
2840 2321 2961 2397 ﬁat,
2991 2320 3243 2384 deberet
3268 2323 3447 2384 etiam
3487 2343 3630 2386 mu-

1971 2412 2113 2474 tatio
2142 2410 2431 2490 temporis
2459 2410 2521 2470 in
2553 2418 2822 2490 tempore
2864 2410 3012 2484 ﬁeri,
3063 2411 3223 2491 quali
3274 2420 3469 2473 autem
3505 2414 3627 2489 illo,

1971 2520 2092 2561 non
2124 2500 2277 2575 scio;
2305 2507 2596 2579 quatenus
2623 2505 2823 2560 autem
2858 2498 2985 2560 dies
3018 2507 3255 2580 tempus
3286 2509 3447 2582 sunt,
3480 2502 3633 2564 dixit

1974 2590 2049 2652 iis
2066 2607 2306 2670 quoque
2320 2596 2663 2669 competere
2677 2588 2754 2649 im
2766 2588 3243 2653 mutabilitatem.
3260 2589 3407 2652 Cum
3422 2592 3479 2654 in
3498 2612 3634 2672 pro-

1975 2699 2183 2760 gressu
2225 2680 2322 2741 hic
2362 2683 2606 2741 sanctus
2653 2677 2893 2754 dixerit,
2942 2689 3183 2760 tempus
3215 2681 3273 2741 in
3308 2683 3632 2746 mutatione

1977 2771 2332 2851 consistere;
2358 2771 2473 2829 hoc
2497 2768 2673 2829 etiam
2694 2768 3146 2831 concedendum
3167 2779 3256 2831 est
3286 2790 3300 2830 :
3330 2771 3628 2848 siquidem

1978 2869 2151 2922 aestas
2202 2868 2262 2921 et
2308 2864 2432 2933 ver,
2482 2867 2803 2920 autumnus
2856 2867 2915 2919 et
2949 2858 3143 2921 hiems
3175 2868 3312 2922 sunt
3345 2861 3632 2942 temporis

1980 2948 2359 3013 mutationes.
2388 2948 2703 3029 Sicitaque
2722 2948 2899 3009 etiam
2925 2950 3109 3031 Deus,
3135 2950 3313 3011 modo
3344 2952 3467 3013 Deo
3492 2970 3629 3013 con-

207 3056 441 3126 τιατῶν,
469 3049 514 3103 εἰ
556 3048 640 3103 καὶ
671 3045 802 3124 ὑπὲρ
863 3046 1037 3101 πάντα
1089 3044 1223 3104 ἐστί.
1289 3045 1383 3099 Διὸ
1417 3044 1502 3099 καὶ
1544 3039 1736 3103 πολιὸς
1794 3041 1883 3116 μὲν

1978 3039 2267 3119 venienti,
2291 3056 2535 3119 semper
2567 3047 2763 3099 motus
2793 3038 2853 3099 in
2886 3039 3084 3119 seipso
3111 3049 3446 3119 permanet.
3476 3040 3630 3103 Ter—

205 3140 368 3220 ὤφθη
424 3144 500 3211 τῷ
566 3136 788 3210 Δανιὴλ,
832 3133 1027 3203 λευκὴν
1061 3133 1219 3212 ἔχων
1266 3130 1501 3214 κεφαλὴν
1546 3133 1674 3188 ὡσεὶ
1728 3130 1883 3209 ἔριον¹

1976 3130 2058 3192 tio
2089 3130 2267 3192 etiam
2301 3138 2581 3209 tanquam
2604 3135 2814 3189 auctor
2839 3146 3075 3205 eorum;
3098 3128 3446 3192 dicebamus
3468 3131 3628 3192 enim

208 3218 491 3290 νεανίσκος
546 3224 599 3281 δὲ
631 3225 793 3281 πάλιν
844 3230 921 3298 τῷ
967 3222 1240 3299 Ἀϐραάμ·
1294 3224 1357 3279 τὸ
1390 3222 1513 3298 μὲν,
1546 3223 1621 3286 ὡς
1677 3221 1883 3278 πάντων

1976 3229 2173 3300 antea,
2199 3221 2385 3280 Deum
2421 3220 2624 3280 omnia
2648 3218 2764 3281 dici
2796 3228 3075 3299 tanquam
3110 3236 3345 3281 causam
3377 3239 3443 3282 ex
3477 3221 3630 3283 effe-

209 3320 273 3374 ὶκ
340 3325 475 3374 Θεοῦ
503 3337 560 3373 τε
612 3316 781 3372 ὃντων
813 3316 903 3371 καὶ
960 3312 1081 3390 μετ’
1137 3314 1320 3394 αὐτὸν,
1351 3314 1439 3369 καὶ
1469 3313 1739 3391 νεωτέρων
1792 3314 1883 3370 αὒ-

1978 3310 2114 3390 ctis,
2148 3308 2389 3371 tametsi
2420 3328 2600 3389 supra
2631 3310 2830 3370 omnia
2863 3310 2958 3371 sit.
2997 3311 3193 3382 Quare
3224 3310 3456 3371 Danieli
3490 3312 3627 3391 qui-

206 3415 330 3466 τοῦ·
393 3409 456 3463 τὸ
501 3405 581 3480 δὲ,
613 3405 693 3462 ὅτι
747 3406 803 3461 ἐν
851 3405 1055 3477 ἀκμαία
1103 3404 1192 3459 καὶ
1248 3403 1493 3460 εὖσταθεϊ
1535 3401 1883 3481 μακαριότητι

1976 3399 2112 3461 dem
2142 3418 2327 3461 canus
2352 3400 2650 3479 apparuit,
2674 3398 2994 3460 candidum
3025 3399 3253 3460 habens
3275 3410 3451 3478 caput
3472 3401 3631 3463 velut

209 3495 558 3561 ἆπαλαίωτόξ
603 3495 769 3551 ἐστιν·
824 3495 861 3561 ἦ
914 3492 983 3549 δι’
1034 3493 1373 3574 ἀμφοτέρων,
1405 3499 1498 3548 τοῦ
1547 3512 1602 3547 τε
1659 3488 1883 3570 πρεσϐύ-

1976 3490 2200 3570 lanam,
2226 3507 2465 3552 rursum
2491 3506 2629 3549 vero
2649 3489 2888 3567 juvenis
2913 3488 3248 3551 Abrahamo
3277 3508 3289 3552 :
3328 3490 3473 3550 illud
3502 3492 3631 3570 qui-

208 3611 309 3645 του
362 3588 451 3643 καὶ
510 3585 601 3642 τοῦ
632 3584 770 3662 νέου,
807 3581 1061 3651 δηλοῦται
1120 3584 1180 3639 τὸ
1213 3582 1264 3648 ἐξ
1321 3582 1500 3663 ἀρχῇς
1554 3579 1682 3661 ἄχρι
1711 3578 1883 3644 τέλους

1978 3581 2139 3654 dem,
2156 3580 2314 3660 quod
2329 3580 2531 3641 omnia
2554 3596 2626 3641 ex
2648 3578 2769 3641 Deo
2794 3579 2937 3660 sint,
2956 3588 3013 3641 et
3039 3586 3169 3660 post
3191 3581 3407 3661 ipsum,
3437 3600 3628 3662 eoque

209 3677 303 3733 8ιᾶ
366 3678 580 3734 πάντων
610 3677 716 3731 τῶν
771 3673 1079 3749 κτισμάτων
1136 3672 1379 3751 προϊέναι
1437 3671 1618 3729 αὐτόν’
1676 3671 1712 3739 ἣ
1773 3670 1883 3748 τρί-

1976 3670 2247 3750 iuniora;
2279 3670 2392 3732 hoc
2418 3688 2585 3751 vero,
2619 3670 2778 3747 quod
2812 3675 2871 3729 in
2905 3669 3173 3749 vigorosa
3208 3672 3629 3752 constantique

210 3790 334 3841 τον,
388 3766 563 3826 καθὼς
622 3766 711 3820 καὶ
767 3766 795 3820 6
853 3761 1217 3841 ἱεροτελεστὴς
1275 3762 1363 3819 καὶ
1426 3758 1738 3825 διδάσκα)ος
1794 3765 1883 3816 τοῦ

1976 3760 2289 3822 beatudine
2337 3760 2413 3820 sit
2462 3759 2617 3821 senii
2670 3777 2919 3839 expers;
2979 3760 3066 3820 vel
3120 3777 3228 3840 per
3279 3771 3621 3841 utrumque,

214 3857 430 3934 Πατρὸς
490 3846 738 3933 Ἰερόθεός
791 3875 976 3933 φησιν,
1039 3853 1121 3909 ὃτι
1185 3850 1253 3907 δι’
1313 3849 1628 3931 ἀμφοτέρῶν
1683 3850 1718 3917 ἡ
1775 3851 1886 3905 θεία

211 3946 522 4026 ἀρχαιότης
582 3942 861 4017 δηλοῦται,
930 3939 1015 3997 διὰ
1073 3942 1172 4017 μὲν
1243 3950 1337 4000 τοῦ
1378 3937 1756 4020 πρεσϐυτέρου,
1804 3938 1883 3993 ὅτι

210 4038 277 4093 τό
332 4036 570 4115 ἀρχαῖον
621 4034 709 4090 καὶ
768 4038 983 4111 πρῶτον
1042 4029 1201 4099 δηλοῖ
1257 4032 1321 4087 τὸ
1378 4027 1750 4109 πρεσϐύτερον
1803 4027 1887 4083 διὰ

217 4125 276 4182 δὲ
336 4128 432 4181 τοῦ
474 4122 755 4201 νεωτέρου,
786 4122 1001 4200 ἐπείπερ
1053 4122 1127 4186 ὡς
1159 4121 1212 4177 ἐν
1270 4121 1517 4201 ἀριθμοῖς
1560 4118 1885 4199 ἀρχηγικώ-

1968 3869 2103 3912 cum
2153 3867 2360 3911 senem
2396 3858 2517 3910 tum
2547 3850 2858 3930 juvenem,
2904 3850 3294 3930 signiﬁcatur,
3342 3850 3536 3931 ipsum
3590 3872 3620 3911 a

1971 3939 2266 4019 principio
2289 3957 2477 4018 usque
2505 3940 2577 3999 ad
2604 3939 2784 4000 ﬁnem
2807 3956 2915 4019 per
2937 3948 3242 4000 creaturas
3262 3959 3472 4001 omnes
3496 3959 3628 4021 per-

1970 4029 2215 4105 venire;
2241 4028 2333 4090 vel
2366 4029 2561 4101 tertio,
2590 4038 2659 4092 ut
2685 4028 2919 4090 divinus
2936 4029 3115 4108 hujus
3146 4031 3339 4090 Patris
3366 4029 3627 4091 initiator

1968 4137 2039 4181 ac
2071 4127 2405 4199 praeceptor
2426 4118 2791 4181 Hierotbeus
2820 4118 2923 4198 ait,
2958 4117 3116 4199 quod
3149 4130 3401 4199 utroque
3430 4119 3626 4182 divina

204 4237 360 4293 τερον
419 4215 518 4289 μὲν
568 4214 602 4280 ἡ
662 4213 853 4290 μονὰς,
915 4212 1002 4267 καὶ
1067 4212 1187 4267 κατ’
1240 4211 1459 4291 ἀριθμὸν
1517 4209 1796 4286 νεώτερον,
1858 4210 1883 4263 6

1976 4208 2101 4288 ejus
2115 4207 2776 4289 antiquitasindicetur,
2812 4211 2889 4269 ita
2912 4216 2975 4269 ut
3003 4226 3111 4288 per
3143 4226 3347 4269 senem
3378 4210 3620 4286 quidem

200 4306 259 4362 δὲ
311 4304 530 4383 ἀριθμός
585 4303 696 4359 ἐστι
750 4302 828 4375 τῷ
861 4299 1052 4371 πλήθει
1105 4301 1445 4380 φαινόμενος,
1480 4299 1605 4355 ὅσον
1661 4296 1883 4363 αὐξάνε-

1976 4297 2029 4359 id
2062 4297 2216 4379 quod
2250 4298 2557 4379 antiquum
2591 4306 2650 4359 et
2698 4298 2954 4379 primum
2991 4305 3082 4358 est
3110 4297 3483 4379 declaretur;
3520 4318 3625 4378 per

198 4418 319 4475 ται,
370 4394 598 4473 ἔμφασιν
659 4390 1069 4471 ὑστεροχρονὶας
1127 4389 1269 4470 ἔχει,
1334 4392 1431 4447 Διὰ
1492 4389 1645 4446 τοῦτο
1704 4390 1733 4445 6
1784 4385 1881 4462 μὲν

1976 4388 2246 4464 iuvenem
2272 4405 2442 4467 vero,
2470 4387 2751 4467 quoniam
2776 4386 2929 4447 sicut
2951 4392 3010 4446 in
3036 4386 3304 4447 numeris
3330 4388 3624 4468 principa-

198 4474 362 4558 Θεὸς,
399 4486 471 4547 ὡς
530 4482 705 4545 αἴτιος
760 4483 864 4537 τῶν
909 4479 1240 4556 κτισμάτων,
1276 4480 1455 4561 ἀρχῆς
1507 4480 1594 4535 καὶ
1652 4474 1879 4561 μονάδος

1976 4477 2079 4540 lior
2109 4475 2354 4557 quidem
2388 4485 2477 4538 est
2505 4477 2723 4551 unitas,
2755 4494 2889 4537 cum
2914 4476 2989 4536 sit
3013 4478 3069 4535 in
3104 4477 3370 4536 numeris
3405 4495 3621 4539 recen-

195 4574 365 4653 λόγον
421 4572 663 4653 ἐπέχων·
716 4571 781 4628 τὰ
840 4568 895 4625 δὲ
950 4570 1237 4648 κτίσματα,
1286 4557 1385 4632 ὡς*
1425 4568 1517 4625 ἀπ’
1578 4569 1735 4624 αὐτοῦ
1792 4557 1879 4622 καὶ

1976 4566 2102 4646 tior,
2157 4582 2445 4627 numerus
2498 4573 2705 4627 autem
2752 4564 2813 4625 in
2867 4564 3253 4626 multitudine
3299 4584 3623 4645 apparens,

192 4643 410 4721 αἰτίατὶ
442 4643 703 4739 πλῆθους,
761 4658 979 4722 εἰκότως
1013 4660 1040 4715 6
1076 4643 1190 4734 μὲν
1223 4643 1234 4648 ’
1256 4660 1317 4715 τὸ
1354 4658 1590 4739 ἀρχαῖον
1647 4656 1774 4731 ἕξει,
1810 4656 1875 4714 τὰ

1976 4643 2136 4733 πουι
2187 4662 2463 4734 augetur,
2521 4654 3028 4736 posterioritatem
3061 4643 3352 4735 temporis
3374 4643 3623 4718 obtinet.

195 4754 253 4811 δὲ
330 4754 597 4828 κτίσματα
684 4752 745 4807 τὸ
845 4749 983 4825 μετὰ
1068 4754 1237 4805 ταῦτα
1334 4749 1434 4818 τῆς
1535 4748 1714 4828 ἀρχῆς
1786 4746 1874 4803 καὶ

1976 4743 2197 4814 idcirco
2224 4746 2386 4807 Deus
2408 4743 2673 4824 quidem,
2700 4752 2975 4822 tanquam
3003 4762 3176 4805 causa
3198 4754 3626 4819 creaturarum,

199 4845 451 4923 ὕστερον.
1963 4833 2251 4915 principii
2273 4842 2451 4923 atque
2474 4833 2720 4895 unitatis
2749 4832 3041 4895 rationem
3062 4832 3316 4907 habens;
3337 4846 3626 4897 creatum

202 4922 377 5008 vero,
410 4941 693 5011 tanquam
721 4928 795 4989 ab
828 4926 957 5008 ipso
991 4934 1049 4989 et
1099 4945 1278 4990 causa
1312 4924 1714 4989 multitudinis
1751 4941 1767 4998 ;
1804 4924 1937 5006 ipse
1994 4923 2236 5004 quidem
2271 4922 2520 4986 habebit
2548 4922 2607 4984 id
2641 4924 2798 5004 quod
2832 4922 3134 5005 antiquius
3164 4932 3277 4995 est,
3314 4934 3622 5003 creaturae,

205 5041 353 5087 vero
386 5022 440 5083 id
484 5018 644 5101 quod
679 5022 814 5099 post
844 5017 1205 5098 principium
1237 5025 1297 5080 et
1329 5017 1623 5100 posterius
1651 5014 1875 5077 existit.

298 5115 329 5194 §
386 5109 490 5175 III.
533 5107 809 5167 Εἰσϐάλλει
867 5108 987 5186 περὶ
1049 5108 1210 5166 αὐτοῦ
1256 5118 1350 5168 τοῦ
1405 5108 1603 5188 χρόνου
1656 5107 1745 5163 καὶ
1792 5112 1885 5163 τοῦ

212 5207 408 5267 αἰῶνος
519 5197 718 5271 εἰπεῖν,
799 5197 1078 5277 σοφώτατο
1176 5197 1703 5278 κατασφαλιζόμενος
1792 5198 1884 5251 τὸν

210 5293 481 5372 ἀκροατὴν
558 5291 633 5354 εἰς
717 5283 1007 5363 εὐσέϐειαν,
1068 5288 1156 5344 καὶ
1228 5288 1469 5368 φάσκων,
1529 5288 1609 5363 μὴ
1684 5289 1884 5366 χρῆναι

208 5388 469 5441 ὑπονοεῖν
532 5380 598 5436 τὰ
647 5376 912 5457 λεγόμενα
966 5376 1152 5434 αἰώνια
1209 5380 1344 5436 κατᾶ
1400 5380 1554 5436 τοῦτο
1608 5378 1696 5433 καὶ
1757 5396 1882 5431 συν·-

209 5472 370 5532 αΐδια
441 5470 581 5528 εἶναι
632 5472 748 5541 Θεῷ
819 5466 896 5541 τῷ
952 5468 1055 5545 πρὸ
1100 5467 1332 5527 αἰώνων.
1389 5468 1464 5527 Τὰ
1520 5473 1648 5545 γοῦν
1710 5465 1885 5532 πάντη

211 5565 307 5621 καὶ
350 5559 629 5623 ἀπολύτως
666 5557 900 5635 ἀγένητα
934 5557 1023 5614 καὶ
1053 5556 1201 5615 ἀΐδια
1268 5558 1334 5616 τὰ
1389 5556 1475 5615 ἐπὶ
1509 5563 1641 5614 Θεοῦ
1698 5556 1886 5632 κυρίως

214 5654 431 5712 αἰώνια·
500 5652 546 5708 οὶ
624 5647 678 5705 δὲ
741 5644 991 5727 ἄφθαρτοι
1057 5645 1279 5728 ἂγγελοι
1365 5648 1567 5708 αἱώνιοι
1643 5644 1887 5724 λέγονται

2050 5104 2078 5185 ς
2112 5101 2215 5167 ΙΙΙ.
2241 5104 2453 5184 Incipit
2475 5101 2695 5182 deipso
2715 5110 2985 5183 tempore
3009 5112 3067 5166 et
3087 5105 3420 5167 aeternitate
3442 5106 3627 5168 verba

1968 5193 2644 5275 facere,sapientissime
2673 5210 2959 5253 securum
2994 5194 3256 5256 reddens
3285 5194 3620 5257 auditorem

1969 5286 2031 5349 in
2052 5284 2366 5363 religione,
2390 5281 2531 5344 508
2559 5300 2626 5344 ac
2658 5282 2869 5344 dicens
2903 5300 3022 5344 non
3047 5283 3269 5345 debere
3297 5276 3629 5347 existimari

1970 5394 2039 5438 ea
2057 5392 2192 5454 quae
2204 5382 2427 5435 aeterna
2438 5372 2748 5452 dicuntur,
2765 5371 2901 5433 ideo
2917 5390 3048 5434 esse
3063 5375 3186 5436 Deo
3201 5381 3493 5434 coaeterna
3529 5374 3630 5455 qui

1970 5472 2059 5528 est
2082 5471 2218 5526 ante
2238 5464 2477 5529 saecula.
2494 5462 2579 5525 Ea
2599 5463 2827 5542 itaque,
2849 5480 2981 5542 quae
3000 5462 3245 5525 omnino
3271 5471 3330 5524 et
3353 5462 3631 5526 absolute

1971 5553 2236 5635 ingenita
2256 5562 2316 5615 et
2341 5553 2705 5635 sempiterna
2727 5561 2863 5613 sunt
2885 5552 2943 5613 in
2968 5552 3115 5633 Deo,
3146 5553 3387 5634 proprie
3406 5562 3632 5616 aeterna

1975 5654 2145 5720 sunt;
2170 5645 2369 5724 angeli
2392 5662 2533 5708 vero
2556 5640 3069 5723 incorruptibiles,
3096 5642 3304 5704 aeterni
3327 5643 3627 5726 dicuntur,
