4052 6460
373 367 483 432 951
1547 371 1609 434 S.
1661 370 1972 435 DIONYSI

2178 367 2598 434 ΕΟΡΑΘΙΤίΕ.
3654 360 3778 427 952

376 508 436 564 et
465 499 895 563 indissolubilis
943 501 1259 577 connexio,
1306 502 1474 580 juxta
1520 501 1779 564 divinam
1831 502 1976 584 ipsiu

2175 527 2310 586 ιτως,
2371 504 2679 584 ἀδιαιρέτως
2761 502 3101 584 συνεχομένη
3171 503 3227 564 δ.
3306 503 3491 572 Διήκει
3553 501 3654 579 γὰρ
3736 502 3775 569 ἡ

375 593 852 672 congruentiam,
903 591 1126 666 existit;
1181 600 1241 654 et
1291 591 1556 673 perfecto
1609 601 1905 656 concentu
1957 611 1975 655 ε

2176 618 2208 660 ,ς
2266 593 2557 660 παντελοῦς
2615 593 2828 672 εἰρήνης
2881 591 3078 660 ὁλότης
3121 591 3208 649 ἒπί
3269 593 3442 648 πάντα
3491 591 3557 648 τὰ
3616 590 3776 665 ὄντα,

375 681 697 743 concordia
746 681 1257 763 consentioneque
1309 689 1641 762 coaptatnr,
1697 681 1838 744 dum
1899 681 1975 744 sir

2183 685 2247 741 τὰ
2296 686 2393 754 τὴν
2449 683 2825 752 ἇπλουστάτην
2886 686 3051 749 αὐτῆς
3113 683 3200 738 καὶ
3257 680 3428 760 ἀμιγῆ
3489 687 3587 748 τῆς
3645 681 3779 737 ἑνο-

378 769 728 833 confusione
749 770 1072 849 colligitur,
1093 789 1165 833 ac
1187 770 1319 833 sine
1342 770 1736 834 dissolutione
1765 773 1978 834 οοηιίηι

2177 781 2268 831 μισῦ
2322 771 2589 850 δυνάμεως
2654 773 2968 853 παρουσίαν,
3017 771 3208 828 ἑνοῦσα
3252 771 3447 844 πάντα,
3509 772 3597 827 καὶ
3646 792 3777 826 συν-

379 869 492 922 tur.
525 861 837 940 Integritas
865 859 1142 922 nimirum
1162 861 1441 941 perfecta;
1465 861 1650 941 pacis,
1679 881 1783 942 per
1804 863 1977 944 simpl

2185 885 2302 920 ›υσα
2357 866 2425 921 τὰ
2481 863 2615 944 ἄκρα
2670 862 2755 920 διὰ
2811 867 2917 920 τῶν
2979 862 3159 936 μέσων
3219 873 3340 924 τοῖς
3387 859 3592 940 ἄκροις,
3641 860 3785 916 κατά

379 950 684 1012 cissimam
710 967 876 1012 suam
903 968 1252 1031 meramque
1274 951 1504 1012 virtutis
1526 952 1758 1014 uniﬁcte
1781 971 1979 1032 praise]

2187 977 2240 1010 xv
2294 955 2505 1032 ὁμοφυῇ
2537 953 2925 1035 συζευγνύμενα
2953 951 2988 1001 6
3017 951 3216 1032 φιλίαν·
3260 951 3348 1007 καὶ
3388 951 3441 1006 ιδ
3489 950 3787 1007 ἀπολαύειν

382 1041 520 1102 tiam
552 1041 624 1101 ad
653 1059 723 1102 ea
752 1059 886 1118 quae
915 1048 1052 1101 sunt
1081 1041 1284 1102 omnia
1314 1041 1622 1123 pertingit,
1651 1042 1854 1103 omnia
1881 1061 1982 1104 con

2189 1048 2288 1109 τῆς
2321 1041 2630 1122 δωρουμένη
2662 1044 2749 1100 καὶ
2775 1054 2894 1108 ταῖς
2925 1042 3186 1122 ἐσχάταις
3217 1049 3307 1100 τοῦ
3338 1041 3536 1104 παντὸς
3568 1042 3788 1096 ἀποπε-

374 1130 1018 1210 jungens,etextremis
1039 1136 1304 1192 extrema
1320 1149 1430 1210 per
1452 1131 1648 1193 media
1669 1141 1974 1193 connectel

2182 1133 2411 1212 nimam,
2448 1135 2535 1190 καὶ
2594 1134 2766 1189 πάντα
2828 1133 3055 1211 ὁμόγνια
3106 1138 3331 1188 ποιοῦσα
3363 1142 3484 1192 ταῖς
3538 1130 3782 1203 ἐνότησι,

379 1219 707 1281 secundum
731 1218 967 1281 unicam
989 1221 1438 1282 connaturalem
1463 1221 1779 1283 amicitiam
1803 1239 1979 1298 coagu

2188 1235 2236 1287 ἰς
2309 1223 2622 1297 ταὺτότησι,
2707 1235 2832 1286 ταῖς
2902 1221 3152 1296 ἑνώσεσι,
3219 1233 3343 1283 ταῖς
3413 1231 3788 1297 συναγωγαῖς,

380 1309 523 1384 lata;
553 1309 696 1390 quin
729 1317 786 1370 et
816 1309 908 1371 sui
939 1327 1174 1389 quoque
1221 1310 1312 1372 vel
1361 1310 1646 1373 extremis
1677 1309 1854 1373 totius
1885 1312 1980 1373 uni

2186 1312 2428 1392 ιαιρέτως
2490 1311 2696 1380 δηλαδὴ
2755 1317 2857 1379 τῆς
2913 1312 3054 1374 θείας
3113 1312 3330 1388 εἰρήνης
3387 1309 3659 1384 ἑστώσης,
3691 1303 3786 1364 καὶ

381 1398 536 1460 versi
560 1398 833 1460 torminis
865 1398 1106 1461 {ruendi
1130 1399 1364 1480 copiam
1393 1399 1554 1477 facit,
1590 1401 1791 1462 omnia
1822 1419 1981 1462 consv

2223 1404 2299 1460 ἑνὶ
2367 1403 2543 1462 πάντα
2600 1400 2968 1474 δεικνυούσης,
3017 1402 3104 1458 καὶ
3166 1399 3252 1457 διὰ
3306 1400 3520 1459 πάντων
3578 1397 3787 1477 φοιτώ-

381 1490 546 1550 cians
595 1487 946 1564 unitatibus,
1002 1489 1435 1566 identitatibus,
1481 1490 1826 1566 unionibus,
1878 1510 1981 1552 con

2185 1513 2242 1572 ις,
2303 1494 2391 1550 καὶ
2448 1495 2546 1562 τῆς
2616 1493 2811 1556 οἰκείας
2869 1491 3194 1558 τσῦτότητος
3257 1491 3351 1548 οὒκ
3409 1487 3785 1563 ἐξισταμένης·

384 1578 854 1658 gregationibus,
887 1579 1029 1640 dum
1061 1579 1294 1641 scilicet
1325 1579 1523 1641 divina
1577 1597 1689 1660 pax
1741 1579 1984 1641 indivul:

2194 1583 2329 1638 όεισι
2401 1582 2504 1659 γὰρ
2555 1581 2651 1639 ἐπὶ
2710 1582 2907 1652 πάντα,
2956 1584 3045 1637 καὶ
3107 1578 3421 1654 μεταδίδωσι
3481 1585 3644 1635 πᾶσιν
3703 1580 3791 1633 οἱ-

386 1668 679 1748 persistit,
710 1682 768 1730 et
786 1669 845 1729 in
871 1687 987 1730 uno
1019 1677 1230 1730 cuncta
1248 1668 1639 1748 demonstrat,
1667 1678 1724 1730 et
1744 1669 1821 1729 ad
1841 1688 1981 1730 omn

2189 1671 2278 1734 ίως
2339 1672 2522 1735 αὐτοῖς
2584 1671 2778 1738 ἑαυτῆς
2835 1672 2924 1728 καὶ
2978 1669 3289 1750 ὑπερϐλύζει
3345 1669 3621 1743 περιουσίᾳ
3688 1672 3787 1734 τῆς

384 1759 689 1838 pertingit,
725 1767 783 1820 et
830 1777 866 1820 a
916 1759 1160 1839 propria
1191 1778 1480 1841 nusquam
1529 1759 1833 1821 identitate
1863 1777 1984 1821 rect

2190 1767 2399 1829 >ηνικῆς
2450 1761 2831 1840 γονιμότητος·
2865 1762 2955 1818 καὶ
3013 1761 3162 1835 μένει
3214 1757 3280 1816 δι’
3311 1758 3591 1837 ὒπεροχὴν
3653 1758 3790 1813 ἑνώ-

386 1847 503 1929 dit;
539 1867 674 1910 nam
706 1848 778 1938 ad
812 1848 1014 1910 omnia
1046 1849 1339 1928 procedit,
1371 1855 1591 1927 suique
1621 1848 1986 1930 participatic

2191 1873 2262 1915 ως
2303 1848 2409 1919 ὅλη,
2443 1851 2572 1929 πρὸς
2623 1849 2757 1919 ὅλην
2788 1850 2884 1909 καὶ
2934 1849 3051 1908 καθ’
3086 1848 3221 1917 ὅλην
3281 1848 3476 1916 ἑαυτὴν
3505 1845 3540 1895 6
3581 1848 3791 1924 ὑπερη-

389 1957 526 1998 nem
559 1937 839 2000 omnibus
869 1938 1136 2017 indulget
1175 1939 1509 2001 secundum
1559 1938 1849 2020 cujusque
1895 1956 2003 2019 pro
2070 1937 2077 1938 “
2123 1939 2360 2016 νωμένη.

387 2027 724 2111 prietatem,
758 2046 869 2090 nec
899 2046 1018 2111 non
1052 2027 1312 2111 paciﬁca
1341 2028 1738 2111 redundantia
1770 2028 2052 2091 bonitatis
2100 2028 2411 2111 exuberat,
2443 2028 2574 2090 5H
2611 2036 2791 2111 atque
2834 2037 3037 2092 manet
3067 2045 3173 2111 per
3200 2043 3510 2090 excessum
3544 2025 3792 2089 unionis

383 2114 505 2170 tota
533 2107 604 2169 ad
640 2116 840 2188 lotam,
875 2107 1066 2170 etiam
1085 2109 1416 2172 secundum
1456 2109 1713 2191 seipsam
1748 2116 1926 2170 totam
1957 2111 2218 2190 desuper
2249 2107 2442 2176 unita.

1996 2271 2026 2351 θ
2086 2269 2184 2332 Ill.

465 2430 584 2493 Sed
643 2434 997 2511 quomodo,
1051 2433 1213 2496 dicet
1268 2432 1526 2512 aliquis,
1582 2435 1783 2498 omnia
1833 2452 2040 2518 pacem

2203 2441 2325 2500 Πῶς
2356 2434 2432 2512 δὲ,
2465 2436 2595 2516 φσῖη
2632 2459 2737 2516 τις,
2771 2433 2973 2515 ἐφίεται
3013 2431 3048 2482 8
3075 2430 3252 2490 πέντέ
3294 2435 3511 2512 εἰρήνης
3543 2453 3560 2506 ;
3607 2431 3796 2489 πολλὰ

385 2529 726 2603 appetunt?
757 2543 892 2586 cum
923 2542 1022 2587 res
1061 2522 1335 2604 plurimae
1354 2523 1702 2588 diversitate
1727 2546 1794 2588 ac
1824 2526 1985 2589 distir

2197 2525 2525 2603 ρὲτερότητι
2576 2528 2663 2582 καὶ
2693 2523 2948 2601 διακρίσει
3006 2524 3217 2602 χαίρει,
3255 2525 3348 2580 καί
3403 2525 3498 2580 οὐκ
3549 2523 3612 2583 ἄν
3661 2543 3797 2579 ποτε

388 2611 589 2674 ctione
609 2612 929 2692 gaudeant,
956 2632 1157 2694 neque
1187 2632 1451 2695 unquam
1478 2625 1694 2697 sponte
1723 2633 1830 2677 sua
1861 2615 1988 2678 veli]

2199 2615 2316 2672 ίντα
2373 2614 2598 2690 ἠρεμεϊν
2629 2612 2897 2684 ἑθελήσοι.
2963 2613 3062 2671 Καὶ
3093 2613 3137 2669 εἰ
3189 2613 3290 2688 μὲν
3349 2613 3645 2692 ἑτερότητα
3710 2612 3799 2668 καὶ

389 2701 732 2782 quiescere.
765 2704 948 2785 Atqui
977 2704 1025 2766 si
1053 2703 1464 2766 diversitatem
1489 2713 1665 2787 atque
1700 2705 1989 2768 distinctit

2197 2706 2382 2783 ἱκρισιν
2414 2707 2442 2762 ὁ
2483 2711 2650 2762 ταῦτα
2678 2702 2852 2782 λέγων
2903 2703 3038 2782 φησί
3068 2701 3166 2770 τήν
3218 2702 3442 2760 ἑκάστου
3471 2705 3579 2760 τῶν
3627 2699 3797 2758 ὄντων

390 2808 554 2863 nem,
591 2791 695 2866 qui
729 2791 817 2855 sic
848 2793 1142 2873 loquitur,
1175 2791 1468 2874 cujusque
1496 2794 1584 2855 rei
1618 2793 1990 2874 proprietate]

2199 2795 2389 2874 ότητα,
2422 2799 2522 2851 καὶ
2575 2793 2656 2850 ὅτι
2691 2795 2891 2860 ταύτην
2924 2789 3040 2849 οὐδὲ
3096 2790 3151 2848 ἓν
3184 2794 3288 2848 τῶν
3318 2791 3483 2849 ὄντων
3535 2793 3626 2872 ὃν,
3664 2790 3797 2868 ὅπερ

391 2898 527 2942 esse
579 2890 828 2958 asserat,
882 2901 1017 2944 cum
1068 2900 1168 2944 res
1219 2882 1399 2962 nulla,
1447 2881 1590 2944 dum
1640 2882 1702 2944 in
1753 2901 1860 2944 suo
1891 2892 1991 2944 stat

2194 2885 2290 2961 τὶν,
2325 2883 2489 2940 ἐθέ)ει
2539 2884 2671 2941 ποτὲ
2700 2881 3016 2954 ἀπολλύειν,
3050 2881 3144 2939 οὒκ
3200 2880 3262 2937 ἂν
3292 2880 3407 2940 οὐδὲ
3435 2883 3606 2957 ἡμεῖς
3659 2883 3794 2957 πρὸς

393 2979 730 3051 permanet,
767 2989 894 3034 eam
930 2971 1131 3050 perire
1163 2973 1326 3047 velit,
1354 2989 1463 3033 nos
1484 2971 1570 3033 illi
1594 2971 1839 3034 minime
1859 2991 1993 3052 rept

2195 2983 2285 3034 ῠτο
2337 2973 2698 3052 ἀντιφήσομεν
2726 2970 2781 3043 9,
2816 2969 2954 3027 ἀλλὰ
3012 2973 3105 3028 καὶ
3156 2972 3356 3038 ταύτην
3409 2973 3629 3050 εἰρήνης
3666 2970 3795 3049 ἔφε-

393 3060 738 3142 gnabimus,
772 3062 876 3122 sed
909 3061 968 3121 id
1001 3062 1197 3142 ipsum
1240 3079 1471 3142 quoque
1496 3061 1658 3142 pacis
1676 3061 1993 3123 desideriul

2195 3087 2213 3117 ν
2273 3063 2707 3144 ἀποφανούμεθα.
2783 3062 2962 3118 Πάντα
3017 3062 3118 3139 γὰρ
3190 3062 3376 3139 ἀγαπᾷ
3439 3062 3570 3134 πρὸς
3631 3061 3795 3116 ἑαυτὰ

396 3168 530 3212 esse
562 3157 918 3212 statuemus.
953 3152 1178 3212 Amant
1225 3149 1385 3212 enim
1419 3150 1621 3213 omnia
1650 3170 1784 3214 cum
1818 3161 1996 3214 semel

2193 3153 2414 3220 ›ηνεύειν
2459 3173 2516 3208 τε
2565 3153 2649 3208 καὶ
2679 3151 2938 3229 ἡνῶσθαι,
2969 3149 3066 3207 καΐ
3124 3150 3329 3208 ἑαυτῶν
3376 3151 3465 3208 καὶ
3494 3156 3605 3206 τῶν
3666 3151 3793 3206 ἑαυ-

398 3236 544 3318 ipsis
573 3255 779 3316 pacem
804 3235 1054 3312 habere,
1080 3245 1261 3314 atque
1278 3255 1411 3300 esse
1432 3239 1772 3319 conjuncta,
1799 3259 1908 3301 nec
1926 3258 1998 3300 no

2192 3265 2234 3296 ιν
2284 3242 2510 3308 ἀκίνητα
2565 3242 2654 3297 καὶ
2703 3239 2926 3298 ἅπτωτα
2997 3239 3165 3303 εἶναι,
3236 3241 3334 3298 Καὶ
3384 3237 3494 3296 ἔστι
3541 3239 3634 3294 καὶ
3693 3243 3792 3304 τῆς

397 3345 464 3388 se
495 3344 722 3407 suaque
763 3326 965 3389 omnia
1013 3326 1258 3388 immota
1291 3337 1351 3391 et
1381 3326 1566 3390 illaesa
1597 3328 1942 3409 persistere.
1977 3332 1997 3392 Ι

2193 3328 2244 3388 ;θ’
2303 3330 2527 3389 ἕκαστον
2585 3331 2810 3408 ἀμιγοῦς
2868 3327 3134 3396 ἰδιότητος
3191 3329 3228 3397 ἦ
3270 3327 3536 3394 παντελὴς
3604 3325 3793 3405 εἰρήνη

395 3425 486 3477 cst
541 3398 805 3495 perfecta
852 3416 950 3478 illa
985 3435 1096 3497 pax
1140 3398 1613 3498 uniuscujusque
1665 3419 1990 3499 proprietat

2199 3421 2450 3492 λακτικὴ,
2511 3433 2635 3484 ταῖς
2699 3398 3081 3498 ἐίρηνοδῶροις
3155 3421 3318 3487 αὐτῆς
3399 3417 3672 3495 προνοίαις
3730 3419 3798 3472 τὰ

393 3506 781 3585 impermistaa
825 3506 1258 3583 conservatrix,
1300 3525 1408 3588 per
1438 3506 1844 3588 providentias
1875 3527 1993 3571 sua:

2198 3533 2298 3567 ,ντα
2340 3510 2668 3568 ἀστασίαστα
2701 3511 2787 3566 καὶ
2843 3509 3159 3586 ἀσύμφυρτα
3201 3507 3332 3586 πρός
3381 3529 3439 3563 τε
3485 3507 3650 3562 ἑαυτὰ
3711 3508 3798 3562 καὶ

395 3596 556 3677 pacis
588 3596 937 3675 largitrices,
977 3598 1176 3673 omnia
1230 3597 1388 3658 inter
1433 3596 1630 3678 seipsa
1662 3605 1720 3660 et
1749 3617 1882 3660 cum
1911 3600 1995 3661 ali,

2200 3601 2258 3665 ὸς
2319 3598 2528 3667 ἄλληλα
2574 3597 2930 3673 διασώζουσαι,
2961 3596 3054 3654 καί
3107 3597 3281 3654 πάντα
3334 3596 3390 3652 ἐν
3421 3599 3652 3675 σταθερᾷ
3713 3598 3799 3652 καὶ

392 3686 523 3747 sine
575 3686 874 3748 seditione
923 3696 982 3750 ct
1030 3686 1385 3750 confusione
1437 3686 1810 3763 custodiens,
1866 3697 1992 3770 atqu

2195 3688 2325 3762 λίτῳ
2383 3687 2598 3765 δυνάμει
2630 3689 2760 3769 πρὸς
2821 3687 2920 3756 τὴν
2951 3687 3152 3744 ἑαυτῶν
3211 3686 3426 3766 εἰρήνην
3456 3687 3544 3742 καὶ
3595 3685 3795 3752 ἀκινη-

394 3775 596 3837 omnia
628 3775 824 3838 stabili
859 3784 916 3838 et
948 3794 1239 3858 nusquam
1275 3775 1616 3840 declinante
1671 3779 1938 3858 potentia
1967 3799 1994 3842 a

901 3784 916 3837 t
948 3794 1239 3858 nusquam
1275 3775 1616 3840 declinante
1671 3779 1938 3858 potentia
1967 3779 2042 3842 ad
2130 3782 2246 3838 σίαν
2277 3781 2501 3838 ἱστῶσα.

397 3866 663 3946 ipsorum
703 3884 908 3947 pacem
941 3864 1549 3950 immobilitatemque
1587 3867 1920 3931 stabiliens.

2021 3968 2052 4051 ς
2095 3970 2195 4034 ιν.

477 4126 537 4187 Si
620 4131 833 4184 cuncta
900 4142 1084 4204 porro
1157 4143 1290 4208 qua;
1367 4137 1722 4204 moventur,
1801 4129 2049 4192 minime

2217 4131 2318 4190 Καὶ
2368 4131 2411 4187 εἰ
2442 4129 2508 4187 τὰ
2566 4129 2850 4204 κινούμενα
2899 4127 3070 4185 πάντα
3121 4129 3200 4204 μὴ
3230 4127 3479 4206 ἠρεμεῖν,
3531 4123 3670 4182 ἀλλά
3703 4147 3791 4181 κι-

399 4215 738 4298 quiescere,
763 4213 868 4275 sed
899 4214 1044 4277 cieri
1075 4233 1317 4297 semper
1344 4235 1452 4278 suo
1481 4229 1643 4281 motu
1675 4219 1857 4281 velint
1883 4221 1972 4282 vel

2199 4224 2336 4278 εσθαι
2391 4219 2470 4276 ἀεὶ
2526 4221 2626 4288 τὴν
2693 4220 2893 4275 ἑαυτῶν
2963 4218 3171 4286 κίνησιν
3230 4216 3426 4292 ἐθέλοι,
3483 4217 3575 4272 καὶ
3642 4223 3799 4273 τοῦτο

395 4308 524 4387 ipse
561 4304 837 4366 movendi
861 4323 926 4366 se
945 4305 1246 4387 appetitus
1267 4306 1339 4368 ad
1359 4307 1618 4370 divinam
1647 4308 1810 4371 illam
1839 4329 1995 4390 pacet

2199 4311 2306 4375 εσίς
2361 4310 2472 4367 ἐστι
2505 4315 2600 4378 τῆς
2654 4309 2794 4372 θείας
2851 4314 2958 4363 τῶν
2988 4308 3129 4364 ὅλων
3187 4308 3427 4384 εἰρήνης,
3460 4306 3563 4373 τῆς
3621 4306 3797 4362 πάντα

397 4394 796 4458 universalem
847 4394 1130 4475 pertinet,
1187 4415 1318 4478 qua:
1368 4401 1569 4461 omnia
1616 4397 1677 4460 in
1728 4399 1941 4480 seipsis
1972 4419 1997 4461 η

2196 4399 2218 4442 η’
2262 4402 2464 4456 ἑαυτῶν
2508 4397 2816 4455 ἀδιάπτωτκ
2851 4395 2906 4447 10
2955 4395 3338 4469 διασωζούσης,
3373 4397 3463 4451 καὶ
3492 4395 3592 4462 τὴν
3662 4396 3796 4450 παν-

397 4484 710 4547 elabantur
739 4491 963 4560 servat,
997 4493 1173 4566 atque
1203 4485 1473 4548 omnium
1516 4505 1720 4549 eorum
1753 4507 1884 4570 qua;
1915 4507 1997 4550 mc

2198 4515 2234 4544 ιν
2298 4496 2403 4546 τῶν
2461 4489 2785 4562 κινουμένων
2841 4486 3084 4551 ἰδιότητα
3143 4487 3232 4543 καὶ
3303 4484 3592 4552 κινητικὴν
3656 4485 3798 4555 ζωὴν

395 4583 608 4637 ventur
640 4573 1060 4652 proprietatem
1094 4577 1527 4654 motricemqne
1558 4578 1759 4653 vitam,
1794 4597 1870 4639 ne
1899 4597 1932 4640 a
1955 4598 1995 4640 St

2192 4581 2372 4648 ,ίνητον
2429 4581 2516 4635 καὶ
2560 4576 2772 4635 ἅπωτον
2821 4575 3210 4656 φυλαττούσης,
3242 4575 3297 4630 ἐν
3355 4581 3432 4648 τῷ
3477 4575 3544 4630 τὰ
3605 4574 3792 4630 κινού-

398 4663 649 4740 metipsa
703 4661 1001 4723 desciscat
1049 4663 1379 4747 excidatve,
1431 4667 1712 4737 custodit,
1769 4676 1830 4728 ut
1885 4679 1998 4731 mot

2199 4693 2262 4726 να
2313 4671 2442 4747 πρὸς
2477 4668 2636 4726 ἑαυτὰ
2694 4668 3052 4746 εἰρηνεύοντα,
3089 4668 3178 4726 καὶ
3239 4666 3492 4729 ὡσαύτως
3556 4664 3794 4745 ἔχοντα,

396 4769 601 4814 secum
637 4768 843 4830 pacem
877 4751 1156 4826 habeant,
1195 4763 1252 4817 et
1296 4773 1366 4818 eo
1402 4754 1577 4818 modo
1627 4775 1692 4820 se
1741 4756 1996 4821 habentia

1011 4762 1156 4826 sant,
1195 4763 1252 4817 et
1296 4773 1366 4818 eo
1402 4754 1577 4818 modo
1627 4775 1692 4820 se
1741 4756 2040 4836 habentia,
2137 4759 2260 4841 δρᾷν
2291 4760 2356 4816 τὰ
2387 4759 2611 4818 ἑαυτῶν.

397 4861 529 4926 qua;
559 4849 718 4915 sunt,
755 4850 1061 4921 peragant.

2021 4931 2165 5011 δν.

477 5084 792 5172 Gazterum,
851 5089 900 5144 si
951 5083 1088 5165 quis
1143 5084 1550 5150 diversitatem
1606 5107 1641 5152 a
1698 5105 1844 5172 pace
1900 5108 2041 5169 pro-

2209 5091 2267 5149 Εἰ
2309 5087 2385 5163 δὲ,
2428 5089 2526 5157 τὴν
2586 5086 2706 5146 κατ’
2759 5087 3026 5146 ἔκπτωσιν
3070 5086 3285 5165 εἰρήνης
3345 5084 3640 5164 ἑτερότητα
3705 5085 3799 5142 λέ-

398 5171 726 5262 lapsionem
779 5191 1080 5254 asserens,
1127 5177 1440 5238 conﬁrmet
1483 5171 1855 5259 pacemnon
1910 5199 1998 5242 ess

2194 5203 2261 5261 ιν,
2292 5180 2616 5258 ἰσχυρίζεται
2675 5178 2752 5254 μὴ
2812 5183 2972 5234 πᾶσιν
3017 5175 3162 5234 εἶναι
3215 5175 3446 5254 Εραστὴν
3477 5175 3579 5242 τὴν
3638 5177 3794 5251 εἰρή-

397 5261 678 5352 omnibus
708 5262 1025 5324 amabilem
1058 5283 1075 5344 ;
1129 5266 1613 5352 respondendum
1649 5270 1997 5349 potissimun

2190 5296 2247 5345 ιν,
2319 5268 2552 5346 μάλιστα
2609 5266 2706 5343 μὲν
2760 5265 2908 5324 οὒδὲν
2968 5267 3079 5323 ἐστι
3121 5271 3229 5321 τῶν
3285 5262 3476 5338 ὄντων,
3529 5264 3560 5320 ὃ
3611 5265 3790 5331 πάσης

397 5351 550 5416 nihil
580 5371 637 5415 in
670 5365 882 5415 natura
904 5370 1106 5416 rerum
1133 5351 1398 5420 existere
1422 5357 1580 5440 quod
1608 5361 1770 5423 omni
1799 5377 1997 5440 prorst

2198 5358 2404 5426 ιντελῶς
2435 5358 2676 5423 ἑνώσειῖκ
2719 5356 3104 5416 ἀποπέπτωκε·
3162 5355 3224 5414 τὸ
3270 5355 3370 5434 γὰρ
3399 5355 3579 5422 πάντη
3622 5353 3798 5411 ἄστα-

1727 5538 1981 5605 νΑΒιλΕ
2025 5536 2346 5605 LECTION
2352 5534 2463 5600 ES.

479 5703 536 5792 gi.
569 5703 933 5792 συγχεομένη,
982 5703 1214 5792 ‘Sc,
1305 5703 1340 5756 θ
1402 5708 1805 5791 συνεζευγμένα,
1855 5712 1914 5778 S.
1969 5708 2037 5776 Ρ,
2122 5710 2154 5762 ’1
2190 5710 2404 5778 ἑαυτῆς,
2494 5705 2528 5757 8
2582 5705 2664 5764 ὅτι
2723 5703 2948 5790 ἐφίεται,
2991 5703 3064 5774 D,
3149 5706 3184 5757 8
3239 5706 3660 5792 ἀντιιρήσαιμεν,
3723 5705 3797 5772 Ι),

481 5779 537 5828 ιο
564 5779 952 5863 ἀμεταπτωτα,
977 5787 1039 5852 S.
1084 5782 1149 5852 Ρ.
