4052 6426
218 371 339 438 953

1255 374 1353 436 DE
1397 373 1695 437 DIVINIS
1734 372 2187 448 NOMINIBUS,
2234 374 2398 434 CAP.
2444 373 2554 433 XI.

3490 363 3607 431 954

214 533 331 589 νον,
388 512 474 568 καὶ
527 510 766 588 ἔπειρον,
812 512 898 567 καὶ
954 508 1244 590 ἀνίδρυτον,
1307 512 1392 567 καὶ
1437 511 1702 589 ἀόριστον,
1755 512 1867 566 οὔτε

1976 520 2150 567 :areat
2181 506 2403 567 unione
2436 524 2451 579 ;
2485 505 2543 567 id
2578 506 2736 566 enim
2782 506 2941 585 quod
2968 504 3207 585 penitus
3240 502 3520 564 instabile
3552 507 3614 562 et

214 602 278 658 δν
310 602 477 680 ἐστιν,
523 601 641 658 οὕτε
685 600 738 656 ἐν
772 613 887 664 τοῖς
949 601 1114 664 οὖσιν,
1154 603 1208 658 Εἰ
1240 599 1294 656 δὲ
1342 602 1554 666 τούτους
1586 603 1743 680 φησὶν
1793 603 1869 658 εἰ·

216 694 361 771 ρήνῃ
418 693 506 747 καὶ
555 693 770 769 εἰρήνης
828 691 1051 769 ἀγαθοῖς
1102 691 1517 771 ἀπεχθάνεσθαι,
1565 693 1682 757 τοὺς
1743 692 1870 771 ἔρισι

213 783 309 839 καὶ
351 786 566 857 Θυμοϊς,
622 783 709 838 καὶ
752 780 1071 838 ἀλλοιώσεσι
1126 783 1213 837 καὶ
1268 781 1679 844 ἀκαταστασίαις
1742 784 1871 861 χαί·-

212 888 432 950 ροντας·
466 872 553 928 καὶ
610 874 751 928 οὗτοι
803 870 1066 946 ἀμαυροῖς
1126 870 1362 937 εἰδώλοις
1412 874 1681 949 εἰρηνικῇς
1741 872 1869 949 ἐφέ-

212 975 355 1019 σεως
411 950 829 1031 διοκρατοῦνται,
864 954 995 1028 πρὸς
1038 953 1219 1008 παθῶν
1265 951 1644 1032 ἐνοχλούμενοι
1695 952 1866 1009 πολο-

208 1044 475 1123 κινὴτων,
512 1044 599 1099 καὶ
654 1049 818 1098 ταῦτα
882 1043 1029 1113 ἰστᾳν
1084 1042 1523 1116 ἀνεπιστημόνως
1577 1043 1865 1122 ἐφιέμενοι,

209 1135 307 1190 καὶ
340 1135 570 1208 οἰόμενοι
615 1137 684 1208 τῇ
728 1131 1112 1208 ἀποπληρώσει
1146 1140 1249 1188 τῶν
1280 1134 1359 1189 ἀεὶ
1390 1132 1755 1211 ἀπορρεόντων
1800 1136 1869 1190 εἶ·-

211 1223 459 1300 ρηνεύειν
492 1222 707 1285 ἑαυτοῦς
737 1227 805 1297 τῇ
836 1220 1041 1293 ἀτεοξίᾳ
1070 1221 1117 1263 Η
1150 1224 1254 1277 τῶν
1285 1230 1636 1300 κρατησασῶν
1666 1224 1867 1292 ἡδονῶν

210 1312 733 1390 ἓκταρασσομὲνους.
771 1314 831 1370 Τί
888 1311 949 1367 ἄν
980 1334 1058 1377 τις
1088 1311 1232 1367 εἴποι
1258 1314 1375 1388 περὶ
1413 1313 1506 1380 τῆς
1563 1316 1697 1370 κατὰ
1739 1323 1871 1391 Χρι-

214 1404 351 1459 στὸν
381 1403 728 1481 εἶρηνοχύτου
758 1400 1147 1482 φιλανθρωπίας
1182 1426 1196 1475 ;
1231 1404 1345 1460 καθ’
1378 1403 1443 1472 ἢν
1474 1409 1533 1463 οὒ
1578 1406 1653 1479 μὴ
1687 1407 1872 1479 μάθω·-

219 1515 327 1569 μεν
374 1491 450 1548 ἔτι
497 1492 784 1566 πολεμεῖν,
834 1493 951 1549 οὔτε
999 1494 1233 1567 ἑαυτοῖς,
1286 1494 1401 1549 οὔτε
1450 1494 1729 1569 ἀλλήλοις,
1762 1496 1873 1553 οὔτε

220 1583 503 1662 ἀγγέλοις·
551 1581 688 1638 ἀλλὰ
719 1583 804 1638 καὶ
861 1581 1038 1646 αὐτοῖς
1086 1585 1150 1639 τὰ
1179 1587 1299 1640 θεῖα
1327 1586 1461 1640 κατᾶ
1492 1583 1707 1661 δύναμιν
1754 1609 1880 1642 συν-

220 1677 546 1754 εργήσωμον
600 1672 678 1753 12,
711 1674 847 1730 κατὰ
890 1674 1139 1749 πρόνοιαν
1183 1672 1356 1740 Ἰησοῦ
1387 1682 1477 1731 τοῦ
1518 1678 1583 1730 τὰ
1626 1676 1797 1731 πάντα
1828 1678 1881 1732 ἐν

219 1772 391 1822 πᾶσιν
448 1764 809 1843 ἐνεργοῦντος,
847 1764 925 1820 κοί
968 1771 1245 1828 ποιοῦντος
1276 1766 1492 1841 εἰρήνην
1546 1764 1767 1842 ἅῤῥῆτον
1797 1768 1887 1824 καὶ

1957 597 2250 657 inﬁnitum
2283 618 2297 673 ;
2325 597 2603 676 nullaque
2636 596 2779 657 sede
2809 595 3009 656 nixum
3042 596 3614 672 interminatumque

1956 687 2215 767 ﬁngitur,
2271 706 2399 766 quae
2428 687 2577 747 illud
2629 686 2825 766 ipsum
2850 703 2956 766 per
2985 704 3049 745 se
3080 683 3226 746 nihil
3271 693 3381 764 est,
3414 701 3522 744 nec
3552 681 3616 743 in

1954 776 2157 856 aliquo
2190 777 2409 840 existit.
2438 776 2541 839 Sin
2574 775 2839 856 obiiciat,
2874 794 2976 836 eos
3014 775 3141 852 paci
3196 775 3474 855 pacisque
3505 773 3613 833 bo-

1955 868 2048 928 nis
2100 867 2421 947 adversari,
2451 870 2550 946 qui
2579 867 2778 929 litibus
2828 875 2886 927 et
2912 865 3239 939 furoribus,
3269 862 3616 924 mutationi—

1952 956 2186 1035 busque
2206 967 2261 1017 et
2284 957 2761 1020 instabilitatibus
2784 958 3190 1027 delectantur;
3218 973 3419 1018 verum
3441 961 3498 1015 et
3530 951 3619 1019 illi

1951 1066 2189 1128 quoque
2237 1048 2508 1109 obscuris
2554 1048 2908 1129 quibusdam
2964 1045 3195 1127 paciﬁci
3227 1045 3510 1106 desiderii
3544 1043 3619 1103 si-

1953 1137 2237 1198 mulacris
2268 1138 2638 1218 detinentur,
2666 1139 2806 1199 dum
2841 1135 3396 1218 perturbationibus
3443 1133 3625 1193 variis

1953 1238 2229 1306 aguntur,
2263 1248 2409 1309 quas
2444 1228 2724 1309 imperite
2765 1230 2977 1291 sedare
3032 1227 3397 1299 desiderant,
3436 1235 3497 1284 et
3532 1241 3623 1283 δτι

1957 1318 2255 1379 ἰήιε-δηίοι-
2278 1338 2345 1381 se
2378 1338 2579 1399 pacem
2608 1320 2851 1392 habere,
2887 1320 2936 1379 si
2983 1316 3268 1379 continuo
3303 1312 3624 1375 ﬂuentibus

1960 1408 2366 1487 volupta=ibus
2397 1410 2743 1470 hauriendis
2777 1408 3141 1488 insistant;et
3174 1406 3622 1487 perturbantur,

1962 1501 2007 1559 si
2031 1499 2213 1559 rebus
2244 1499 2377 1578 iis,a
2398 1500 2610 1580 quibus
2639 1500 2750 1579 ipsi
2783 1499 2998 1560 devicti
3026 1506 3186 1577 sunt,
3234 1497 3622 1557 frustrentur.

1968 1588 2119 1662 Quid
2152 1609 2328 1668 porre
2369 1591 2525 1652 dicet
2547 1592 2679 1670 quis
2730 1590 2803 1651 de
2837 1588 3050 1651 Christi
3080 1586 3323 1666 paciﬁca
3347 1584 3624 1662 benigni-

1968 1689 2085 1740 tale
2118 1678 2140 1740 ?
2173 1698 2288 1759 qua
2312 1680 2622 1759 docemur,
2650 1699 2765 1740 non
2798 1681 2954 1741 ultra
2983 1678 3204 1739 bellum
3238 1692 3471 1755 gerere,
3504 1674 3626 1735 sive

1969 1789 2102 1831 cum
2153 1768 2327 1831 nobis
2374 1770 2512 1850 ipis,
2553 1770 2676 1831 sive
2732 1789 2868 1831 cum
2946 1766 3253 1849 proximis,
3314 1765 3440 1826 sive
3489 1782 3627 1823 cum

219 1855 278 1921 ἐξ
314 1857 500 1918 αἰῶνος
532 1853 958 1934 προωρὶσμένην,
992 1855 1080 1909 καὶ
1118 1852 1686 1918 ἀποκαταλλάσσοντος
1739 1857 1879 1931 ἡμᾶς

1976 1861 2213 1952 angelis,
2264 1860 2486 1937 quibus
2529 1859 2726 1940 potius
2771 1858 2911 1919 $512
2944 1877 3050 1936 pro
3100 1857 3256 1917 virili
3294 1872 3630 1952 cooperan-

220 1948 404 2021 ἑαυτῷ
449 1946 507 1996 ¹3
534 1948 622 2003 καὶ
666 1949 721 2002 ἒν
757 1947 929 2019 ἐαυτῷ
989 1952 1065 2017 τῷ
1114 1946 1297 2022 Πατρὶ,
1331 1947 1447 2020 περὶ
1491 1948 1566 2000 ὧν
1610 1949 1881 2027 ὑπερφυῶν

1976 1950 2112 2012 dum
2158 1961 2246 2011 est
2298 1951 2358 2011 in
2399 1949 2475 2011 iis
2524 1970 2656 2030 quae
2739 1951 2810 2010 ad
2868 1949 3054 2010 Deum
3124 1945 3635 2028 Spectant,juxta

216 2036 412 2117 δώρων
488 2039 542 2093 ἐν
598 2040 721 2100 ταῖς
796 2034 1149 2113 Θεολογικαϊς
1203 2037 1610 2092 ὑποτυπὼσεσιν
1689 2039 1881 2102 ἱκανῶς

217 2127 465 2206 εἴρηται,
518 2125 1152 2206 προσεπιμαρτυρού·ιτων
1207 2121 1261 2166 ﬂ
1290 2126 1426 2201 ἡμῖν
1482 2127 1569 2183 καὶ
1600 2132 1697 2195 τῆς
1741 2128 1881 2207 ἱερᾶς

214 2223 332 2274 τῶν
364 2216 559 2297 λογίων
590 2216 879 2279 ἐπιπνοίας
890 2260 907 2277 .

1969 2033 2157 2120 ipsius
2185 2042 2325 2104 Jesu
2360 2041 2817 2122 providentiam,
2865 2057 2998 2117 quae
3030 2039 3232 2100 omnia
3266 2038 3328 2099 in
3357 2032 3636 2095 omnibus

1968 2142 2273 2211 operatur,
2312 2150 2640 2211 pacemque
2674 2130 2903 2194 confert
2929 2128 3287 2190 ineffabilem
3310 2126 3385 2187 ab
3410 2132 3637 2186 aeterno

1967 2220 2419 2302 praedcﬁnitam,
2456 2241 2681 2302 nosque
2730 2220 2846 2281 sibi
2888 2221 2945 2279 in
2998 2218 3209 2298 spiritu
3240 2226 3300 2279 et
3331 2234 3436 2297 per
3479 2213 3630 2275 sein

217 2321 291 2370 se
324 2306 441 2388 ipsi
474 2306 637 2369 Patri
666 2304 1041 2376 reconciliat,
1078 2306 1164 2367 De
1189 2304 1408 2386 quibus
1438 2305 1613 2368 donis
1642 2310 2202 2389 supernaturalibus
2250 2312 2393 2374 satis
2424 2330 2722 2394 superque
2751 2310 2976 2373 dictum
3008 2317 3096 2371 est
3128 2308 3189 2369 in
3249 2306 3626 2386 Theologicis

220 2395 751 2474 institutionibus,
787 2413 957 2458 sacra
980 2394 1289 2477 Scriptura
1323 2393 1495 2457 nobis
1530 2396 1938 2461 testimonium
1971 2400 2348 2481 perbibente.

1829 2562 1858 2641 §
1913 2563 2015 2626 VI.

316 2720 471 2781 Ἀλλ’
520 2720 707 2790 ἐπειδὴ
740 2721 825 2778 καὶ
855 2719 1045 2779 ἄλλοτε
1096 2728 1198 2797 μοῦ
1229 2720 1296 2778 δι’
1333 2722 1629 2789 ἐπιστολῆς
1677 2722 1887 2797 ἐπύθου,

224 2815 281 2873 τί
319 2835 449 2871 ποτε
505 2812 605 2890 ἄρα
658 2811 795 2891 φημὶ
851 2812 912 2866 τὸ
944 2811 1069 2868 αὐτὸ
1127 2812 1293 2886 εἶναι,
1340 2813 1435 2881 τὴν
1468 2813 1759 2887 αὖτοζωὴν,
1793 2814 1891 2881 τὴν

228 2904 580 2982 αὖτοσοφίαν,
615 2904 702 2958 καὶ
750 2901 879 2980 πρὸς
912 2902 1098 2957 ἑαυτὸν
1151 2901 1281 2981 ἔφης
1317 2900 1631 2980 διαπορῆσαι
1662 2902 1741 2978 l5,
1773 2908 1888 2969 πῶς

224 2999 327 3053 τὸν
374 2996 504 3050 Θεὸν
546 2992 676 3050 ποτὲ
709 2991 807 3066 μὲν
863 2992 1135 3062 αὐτοζωήν
1167 3015 1330 3071 φημι,
1364 2996 1493 3049 ποτε
1543 2992 1598 3049 δὲ
1641 2999 1738 3061 τῆς
1788 2998 1889 3053 αὖ·

227 3086 446 3157 τοζωῆς
500 3083 830 3149 ὑποστάτην·
879 3081 1172 3158 ἀναγκαῖον
1215 3084 1421 3162 ᾠήθην,
1480 3083 1583 3162 ἱερὲ
1634 3091 1724 3141 τοῦ
1761 3093 1892 3145 Θεοῦ

225 3176 503 3255 ἄνθρωπε,
535 3174 630 3230 καί
678 3174 876 3240 ταύτης
909 3193 965 3228 σε
1016 3169 1074 3220 16
1102 3177 1200 3239 τῆς
1258 3170 1340 3250 ἐφ’
1397 3176 1532 3249 ἡμῖν
1576 3174 1797 3253 ἀπορίας
1840 3174 1893 3217 17

2056 2724 2174 2786 Sed
2226 2728 2365 2807 quia
2434 2728 2581 2790 alias
2657 2745 2753 2789 me
2824 2746 2929 2808 per
2984 2725 3293 2808 epistolam
3370 2723 3633 2784 interro-

1975 2815 2145 2896 gasti,
2197 2816 2339 2897 quid
2381 2818 2677 2898 appellem
2736 2837 2842 2898 per
2892 2837 2956 2880 se
2988 2835 3143 2894 esse,
3204 2833 3309 2895 per
3340 2832 3404 2875 se
3431 2813 3631 2889 vitam,

1975 2922 2083 2984 per
2111 2924 2173 2966 se
2197 2907 2572 2986 sapientiam,
2635 2917 2687 2969 et
2723 2916 2921 2970 tecum
2958 2909 3045 2970 ais
3096 2905 3422 2980 dubitasse,
3484 2922 3637 2983 quo-

1975 2994 2152 3055 modo
2186 2996 2371 3057 Deum
2431 2999 2751 3079 aliquando
2791 2998 3033 3078 quidem
3082 3015 3226 3057 voco
3272 3013 3377 3075 per
3420 3012 3484 3055 se
3548 2992 3637 3051 vi-

1975 3095 2118 3156 tam,
2167 3086 2487 3166 aliquando
2543 3106 2683 3148 vero
2743 3089 3080 3149 effectorem
3128 3103 3230 3165 per
3252 3103 3315 3144 se
3335 3084 3463 3144 vitae
3500 3100 3637 3155 ;ne.

1975 3176 2300 3236 cessarium
2336 3195 2468 3239 esse
2499 3180 2815 3240 arbitratus
2846 3196 3001 3247 sum,
3039 3178 3215 3239 homo
3266 3174 3371 3237 Dei
3411 3180 3640 3249 sancte,

226 3265 522 3324 ἀπολῦσαι.
574 3264 673 3321 Καὶ
720 3269 933 3341 πρῶτον
992 3261 1115 3341 μὲν,
1170 3261 1261 3317 ἴνα
1316 3262 1382 3318 τὰ
1441 3262 1762 3341 μυριόλεκτα
1805 3259 1887 3320 καῖ

1978 3263 2050 3325 ab
2096 3264 2207 3325 hac
2244 3265 2637 3341 dubitatione,
2692 3268 2889 3348 quoad
2936 3267 3181 3348 possim,
3242 3274 3297 3325 te
3356 3264 3636 3326 liberare.

227 3366 324 3414 νὺν
368 3351 745 3427 ἀναλάϐωμεν,
797 3351 893 3408 οὒκ
949 3350 1092 3407 ἔστιν
1149 3351 1410 3429 ὲναντίον,
1465 3350 1814 3429 αὖτοδύναμιν
1858 3354 1887 3422 ἢ

1982 3356 2067 3415 Ac
2102 3355 2358 3434 primum
2388 3357 2657 3439 quidem,
2694 3341 2755 3419 ut
2786 3341 2948 3418 nunc
2977 3341 3318 3437 repetamus
3348 3371 3479 3433 qua:
3514 3350 3647 3411 mil-

228 3447 509 3515 αὒτοζωην
544 3444 715 3499 εἰπεῖν
747 3443 838 3497 τὸν
885 3442 1040 3511 Θεὸν,
1073 3442 1162 3495 καὶ
1192 3445 1291 3507 τῆς
1335 3444 1633 3522 αὐτοζωῆς,
1664 3444 1698 3511 ἢ
1724 3441 1896 3519 etp-0..

229 3558 358 3607 νης,
392 3534 429 3601 ἢ
486 3531 757 3607 δυνάμεως
790 3532 1092 3598 δποστάτην
1128 3527 1199 3572 18·
1256 3532 1322 3587 τὰ
1365 3532 1464 3606 μὲν
1522 3534 1622 3610 γὰρ
1676 3532 1735 3589 ἐκ
1790 3540 1897 3589 τῶν

229 3624 407 3683 ὄντων
437 3624 526 3679 καὶ
574 3620 807 3697 μάλιστα
850 3621 910 3677 ἐκ
960 3628 1065 3677 τῶν
1102 3622 1326 3699 πρώτως
1377 3619 1567 3695 ὄντων,
1619 3624 1691 3684 ὡς
1722 3622 1899 3686 αἴτιος

230 3716 453 3774 ’πάντων
504 3719 611 3769 τῶν
661 3710 851 3790 ὄντων,
885 3709 1122 3789 λέγεται·
1181 3712 1241 3766 τὰ
1285 3710 1363 3787 δὲ,
1426 3713 1501 3776 ὡς
1550 3712 1681 3790 ὑπὲρ
1727 3713 1898 3769 πάντα

233 3806 338 3863 καί
386 3803 454 3860 τὰ
511 3802 736 3882 πρώτως
795 3799 922 3856 ὅντα
977 3800 1179 3877 ὑφερὼν
1232 3801 1555 3879 ὑπερουσίως
1604 3798 1680 3865 19,
1734 3803 1793 3860 Τί
1844 3801 1899 3858 δὲ

237 3896 405 3967 ὅλως,
440 3894 570 3970 φῂς,
604 3894 666 3949 τὸ
708 3890 836 3948 αὐτὸ
881 3890 1023 3947 εἶναι
1074 3889 1323 3969 λέγομεν,
1374 3892 1408 3959 ἢ
1458 3892 1554 3959 τὴν
1602 3893 1894 3964 αὒτοζωὴν,

239 3988 279 4054 ἦ
341 3984 440 4041 ὅσα
496 3981 777 4046 ἀπολύτως
837 3984 924 4037 καὶ
986 3981 1300 4060 ἀρχηγικῶς
1361 3982 1526 4057 εἶναι,
1563 3983 1648 4039 καὶ
1698 3985 1760 4039 ὲκ
1812 3984 1903 4039 τοῦ

243 4085 381 4135 Θεου
424 4074 647 4152 πρώτως
680 4071 1028 4151 ὑφεστηκέναι
1074 4073 1339 4146 τιθέμεθα.
1378 4080 1542 4130 Τοῦτο
1587 4070 1642 4129 δέ
1698 4094 1894 4153 φαμεν,

240 4166 342 4223 οὒκ
397 4163 540 4220 ’ἐστιν
571 4160 821 4240 ἀγκύλον,
857 4159 977 4216 ἀλλ’
1010 4161 1125 4217 εὐθὺ
1159 4162 1243 4217 οιαὶ
1292 4159 1467 4228 ἁπλῆν
1498 4162 1594 4229 τὴν
1630 4160 1896 4241 emim-

238 4278 323 4313 σιν
355 4254 508 4334 ἕχον.
567 4252 639 4311 Οὔ
668 4252 768 4327 γὰρ
796 4252 973 4309 οὖσίαν
1004 4252 1121 4306 τινὰ
1164 4253 1328 4329 θείαν,
1362 4250 1394 4318 ἢ
1427 4250 1724 4329 ἀγγελικὴν
1756 4252 1898 4308 εἷναί

239 4367 417 4428 φαμεν
450 4345 510 4401 τὸ
540 4342 667 4400 αὐτὸ
700 4342 841 4398 εἶναι
869 4338 925 4383 90
946 4340 1039 4397 τοῦ
1068 4341 1211 4397 εἶναι
1258 4342 1322 4397 τὰ
1353 4340 1477 4397 ὄντα
1505 4338 1674 4397 πάντα
1729 4344 1896 4397 αἰτίαν

242 4436 437 4517 (μόνον
491 4434 592 4512 γὰρ
651 4441 742 4490 τοῦ
794 4435 934 4488 εἶναι
984 4430 1154 4490 πάντα
1207 4432 1273 4486 τά
1331 4429 1477 4509 ὄντα,
1527 4432 1609 4486 καὶ
1668 4431 1796 4487 αὒτὸ
1837 4434 1899 4488 τὸ

236 4527 387 4584 εἶναι
445 4521 976 4601 ὅπερούσιεν,ἀρχὴ,
1036 4522 1121 4576 καὶ
1173 4521 1346 4592 οὖσία,
1379 4522 1465 4576 καὶ
1518 4520 1744 4597 αἴτιον),
1780 4521 1897 4579 οὐδὲ

233 4614 508 4694 ζωογόνον
554 4611 603 4654 εί
638 4610 777 4679 ἄλλη
806 4612 1031 4678 θεύτητα
1063 4610 1203 4689 παρὰ
1251 4610 1347 4677 τὴν
1377 4609 1623 4687 ὑπέρθεον
1671 4607 1726 4651 99
1755 4610 1897 4667 πάν-

1980 3444 2091 3505 lies
2120 3444 2277 3507 dicta
2306 3457 2467 3523 sunt,
2504 3466 2624 3508 non
2663 3456 2924 3529 pugnant
2958 3466 3161 3509 secum
3194 3445 3417 3523 dicere,
3458 3445 3644 3503 Deum

1982 3552 2089 3615 per
2107 3552 2170 3595 se
2205 3544 2578 3614 potesmtem,
2615 3548 2671 3599 et
2698 3557 2803 3618 per
2832 3557 2897 3598 se
2929 3538 3197 3611 vitam;et
3224 3533 3645 3611 dicere,Deum

1982 3634 2309 3687 creatorem
2359 3646 2465 3705 per
2496 3647 2559 3689 So.
2592 3634 2745 3702 vitae,
2779 3628 2868 3689 vel
2902 3645 3009 3707 per
3031 3646 3096 3688 se
3119 3626 3301 3706 pacis,
3340 3623 3426 3684 vel
3449 3639 3555 3703 per
3584 3639 3650 3682 se

1985 3716 2317 3795 potestatis;
2348 3718 2473 3779 hinc
2508 3718 2667 3779 enim
2693 3717 2909 3780 dicitur
2936 3720 3096 3780 Deus
3129 3735 3199 3777 ex
3224 3716 3297 3776 iis
3319 3730 3454 3793 quae
3484 3716 3647 3788 sunt,

1984 3814 2043 3866 et
2076 3806 2333 3868 maxime
2363 3826 2434 3868 ex
2475 3807 2546 3868 iis
2590 3827 2721 3887 quae
2754 3812 2943 3888 prima
2987 3814 3438 3881 sunt,tanquam
3470 3818 3653 3863 causa

1986 3895 2250 3956 omnium
2285 3915 2417 3976 quae
2446 3905 2582 3958 sunt
2618 3918 2633 3978 ;
2691 3898 2791 3959 illa
2849 3905 3045 3958 autem
3080 3896 3320 3969 dicitur,
3372 3901 3649 3972 tanquam

1984 3985 2247 4047 existens
2306 4006 2484 4066 supra
2529 3986 3005 4049 substantialiter
3053 4004 3231 4066 supra
3290 3982 3489 4045 omnia
3521 3997 3653 4060 qua;

1982 4085 2215 4147 sunt,et
2237 4096 2375 4157 quae
2402 4077 2590 4157 primo
2614 4076 3009 4150 sunt.Quaeris
3023 4084 3221 4138 autem
3241 4072 3383 4155 quid
3410 4086 3653 4153 prorsus

1981 4159 2254 4227 dicamus
2286 4186 2390 4246 per
2408 4186 2473 4230 se
2496 4185 2647 4247 esse,
2674 4178 2772 4228 aut
2794 4187 2900 4247 per
2929 4186 2992 4228 se
3020 4170 3209 4229 vitam.
3249 4172 3348 4226 aut
3374 4180 3658 4243 quacun-

1981 4273 2095 4335 que
2144 4254 2415 4317 abs'ilute
2465 4266 2522 4317 et
2586 4257 2994 4337 principaliter
3027 4274 3185 4329 esse,
3244 4263 3301 4314 et
3324 4271 3394 4313 ex
3430 4253 3547 4311 Deo
3581 4266 3653 4307 ac

1985 4344 2172 4423 primo
2201 4354 2397 4406 creata
2419 4365 2548 4407 esse
2575 4344 3343 4426 ponimusJiespondemus
3376 4359 3496 4401 non
3521 4354 3654 4399 esse

1984 4434 2093 4495 boc
2127 4442 2489 4511 contortum,
2524 4435 2628 4497 sed
2676 4445 2926 4508 rectum,
2965 4444 3023 4495 et
3052 4433 3389 4513 simplicem
3422 4429 3653 4493 habens

1982 4524 2485 4604 explanationem.
2519 4528 2650 4588 Non
2682 4526 2836 4586 enim
2868 4524 3013 4586 illud
3067 4542 3174 4602 per
3202 4542 3267 4584 se
3315 4540 3470 4599 esse,
3507 4524 3655 4583 sub-

1982 4614 2259 4677 stantiam
2306 4616 2621 4697 quamdam
2683 4615 2946 4677 divinam
2998 4623 3097 4675 aut
3145 4612 3478 4691 angelicam
3522 4631 3656 4675 esse

233 4729 344 4764 τωο
403 4704 501 4761 ὅσα
561 4709 649 4779 ζῇ,
681 4703 771 4759 καὶ
826 4701 921 4768 τῆς
976 4702 1251 4771 αὖτοζωῆς
1314 4700 1484 4756 αἰτίαν
1543 4700 1709 4772 ζωὴν,
1758 4700 1887 4780 οὔτε1

1986 4703 2267 4781 dicimus,
2302 4726 2433 4787 quae
2463 4707 2537 4766 sit
2584 4723 2760 4769 causa
2810 4715 2873 4766 ut
2922 4705 3042 4765 sint
3093 4703 3296 4764 omnia
3359 4721 3495 4781 qua;
3524 4711 3660 4765 sunt

234 4796 527 4853 συνελόντα
578 4794 776 4865 εἰπεῖν,
807 4791 1041 4871 ἀρχικὰς
1091 4796 1196 4846 τῶν
1247 4790 1411 4845 ὄντων
1442 4791 1530 4846 καὶ
1578 4788 1897 4868 δημιουργι-

234 4886 338 4949 κὰς
398 4884 577 4946 οὖσίας
608 4883 697 4939 καὶ
746 4881 1088 4959 ὑποστάσεις,
1125 4880 1342 4941 ἅστινας
1398 4875 1453 4919 33
1484 4880 1574 4935 καὶ
1602 4880 1749 4943 θεοὺς
1795 4884 1902 4935 τῶν

237 4974 410 5032 ὄντων
460 4973 549 5030 καὶ
614 4971 968 5049 δημιουργοῦς
1026 4966 1536 5048 αὐτοσχεδιάσαντες
1587 4968 1900 5043 ἀπεστομά-

239 5086 422 5137 τισαν,
477 5065 588 5137 οὓς,
649 5060 863 5128 ἀληθῶς
922 5061 1010 5115 καὶ
1068 5060 1257 5138 κυρίως
1329 5059 1524 5131 εἰπεῖν,
1579 5057 1695 5114 οὔτε
1754 5058 1903 5115 αὐτοὶ

243 5151 464 5231 ᾔδεισαν
493 5149 551 5194 εδ
579 5152 700 5232 (οὐκ
727 5148 782 5192 9⁵
811 5148 993 5227 ὄντας)
1028 5145 1145 5205 οὕτε
1198 5150 1244 5205 οἱ
1277 5146 1503 5224 πατὲρες
1550 5151 1749 5206 αὐτῶν·
1784 5146 1907 5203 ἀλλ’

244 5246 543 5319 αὖτοεϊναι,
605 5240 700 5299 καί
783 5238 1079 5314 αύτοζωὴν,
1134 5240 1225 5295 καὶ
1296 5236 1655 5305 αὒτοθεύτητά
1706 5259 1904 5315 φαμεν,

1986 4796 2201 4868 (solum
2240 4798 2400 4859 enim
2436 4797 2534 4875 qui
2568 4804 2659 4857 est
2690 4813 3053 4877 supraquam
3101 4794 3452 4867 substantia,
3490 4793 3660 4873 prin-

1985 4884 2231 4966 cipium,
2279 4896 2339 4949 et
2362 4886 2641 4961 essentia,
2695 4895 2752 4948 et
2801 4905 2980 4947 causa
3012 4893 3102 4946 est
3154 4896 3217 4945 ut
3274 4884 3393 4944 sint
3459 4882 3662 4945 omnia

1986 4993 2118 5056 qua;
2148 4988 2309 5056 sunt,
2350 4986 2408 5039 et
2437 4978 2631 5058 ipsum
2665 4995 2773 5056 per
2803 4995 2867 5037 se
2895 4975 3079 5055 esse),
3114 4992 3225 5035 nec
3251 4973 3424 5034 aliam
3449 4972 3660 5033 divini-

2015 5071 2170 5126 atem
2199 5084 2332 5144 qua:
2354 5069 2529 5128 vitam
2558 5067 2768 5147 pariat;
2803 5076 3200 5145 praaterquam
3234 5063 3410 5124 vitam
3443 5080 3657 5141 supra-

1995 5173 2169 5231 quam
2190 5156 2447 5219 divinam
2472 5157 2739 5219 omnium
2762 5173 3134 5237 quaecunque
3161 5153 3381 5233 vivunt,
3401 5151 3662 5233 etipsius

1993 5261 2100 5323 per
2127 5265 2193 5308 se
2240 5249 2374 5311 vitae
2402 5265 2663 5323 causam,
2698 5245 3019 5327 ponimus;
3066 5263 3179 5307 nec
3224 5250 3286 5305 ut
3316 5240 3660 5306 summatim

1586 5396 1849 5462 VARLE
1918 5400 2237 5472 LECTION
2244 5413 2358 5475 ES.

316 5563 367 5610 “
413 5564 620 5641 ἀταξίᾳ,
658 5565 727 5628 Ι),
814 5561 866 5605 19
898 5585 1018 5621 σονε

316 5563 367 5610 ίί
413 5564 620 5641 ἀταξίᾳ,
658 5565 727 5628 Ι),
814 5561 866 5605 19
898 5561 1295 5684 σονεργήσομεν
1356 5562 1427 5625 Β,
1487 5558 1586 5623 Sc.
1622 5560 1756 5623 Sar.

314 5644 372 5689 is
400 5647 659 5689 ιπηηςηη.
720 5646 763 5689 ς
820 5643 877 5689 ρ
920 5642 964 5689 n
1083 5638 1111 5684 6
1139 5642 1213 5689 ττι
1295 5609 1347 5684 ίτ
1378 5640 1458 5689 ξιον
1502 5644 1660 5689 sum
1701 5660 1756 5689 ηε

344 5645 372 5689 ⁵
400 5638 688 5726 ἀπορῆσαι,
820 5643 885 5705 Ρ.
919 5642 989 5707 D.
1025 5638 1032 5640 Ἴ
1060 5638 1111 5684 Ῑθ

1139 5642 1218 5701 τό.

1295 5609 1319 5682 ἰ
1356 5563 1427 5625 D.
1487 5563 1586 5623 SC.
1622 5563 1756 5623 Sar.
1844 5563 1896 5609 ¹³
1936 5570 1991 5625 ἓν
2048 5573 2310 5631 Πνεύματι
2354 5575 2439 5628 καὶ
2484 5570 2556 5628 δι’
2616 5572 2824 5632 ἑαυτοῦ.

1322 5640 1347 5682 7
1378 5640 1458 5682 ὶιην
1502 5644 1640 5682 ἕκητι,
1701 5660 1817 5682 nnn
1852 5657 1940 5682 Δοο
1972 5650 2028 5682 ς..
2068 5654 2112 5682 n
2198 5652 2250 5682 ιιι
2282 5654 2571 5682 2_.__z__..
2632 5653 2667 5682 υ
2772 5648 2824 5682 m

1322 5640 1347 5684 ’⁷
1378 5640 1462 5729 ἐς
1502 5644 1671 5729 ἡμῖν..
1701 5660 1821 5729 ηρη
1851 5657 1944 5729 est.
1971 5650 2031 5712 in
2066 5654 2134 5716 Ι),
2198 5652 2250 5697 1⁸
2279 5654 2595 5729 ἐπιστάτην,
2631 5653 2693 5715 S.

2910 5568 2964 5611 ¹⁴
3009 5566 3644 5647 πρπεπιμαρτορούσης.

2772 5648 2824 5694 ίθ
2852 5645 3255 5727 ὑπερκείμενος,
3295 5650 3359 5710 Ρ.
3448 5645 3510 5698 εὖ
3538 5647 3641 5703 αὔ-

233 5740 467 5804 τοεϊναι,
501 5720 620 5790 imo
647 5724 827 5789 verbo
860 5728 924 5790 Β.
958 5726 1028 5786 D.
1115 5720 1164 5765 ²¹
1207 5720 1493 5807 praecedit
1522 5723 1621 5803 γάρ
1655 5720 1717 5789 in
1739 5721 1800 5787 Ρ.
1868 5726 1924 5775 9⁸
1953 5738 2078 5797 τῶν.
2163 5731 2219 5779 33
2246 5734 2306 5802 ἅς
2338 5754 2500 5809 τινες,
2639 5732 2740 5798 Sc.
2814 5731 2873 5783 ﬂ
2901 5720 3121 5810 ᾔδεσαν,
3209 5720 3271 5785 95
3301 5728 3393 5789 ἅτε
3424 5728 3486 5799 δὴ
3521 5729 3617 5786 οὒκ
3638 5780 3655 5809 ,
