4052 6422
360 353 483 422 959
1544 361 1609 425 S.
1648 362 1992 430 DIONYSII

2098 361 2568 429 REOPAGITE.
3645 354 3773 423 960

435 492 549 566 Ubi
572 502 703 551 nota
736 508 808 551 ex
836 494 1122 553 Turriano
1149 508 1324 565 supra
1354 495 1549 566 citato,
1578 495 1956 554 substantiam
1987 495 2344 566 simpliciter,
2377 508 2504 551 esse
2549 492 2934 551 substantiam
2982 493 3269 566 abstracta
3311 493 3766 566 consideratam,

362 579 494 694 ante
521 565 733 623 dicitur
762 577 861 636 per
893 581 953 623 se
982 563 1317 631 substantia,
1350 565 1538 623 solum
1569 567 1869 625 continens
1901 571 1958 626 in
1987 563 2222 627 netione
2270 579 2371 624 sua
2402 580 2527 636 quae
2570 565 2641 622 ad
2698 566 3005 623 essentiam
3053 565 3389 622 substantiae
3447 563 3768 636 pertinent.

414 651 520 693 anc
552 638 842 694 notionem
876 640 1123 694 primum
1158 640 1330 694 menti
1361 638 1758 694 informamus.
1796 649 1987 694 nostea
2022 641 2312 694 notionem
2346 637 2754 694 universalem.
2787 636 3110 694 noti'nem.
3143 636 3396 694 inquam.
3429 636 3768 694 substantia

414 651 520 693 anc
548 638 842 711 notionem
876 640 1123 707 primum
1158 638 1758 711 mentiinformamus,
1796 649 1987 711 postea
2022 641 2312 698 notionem
2346 637 2754 702 universalem,
2787 636 3110 711 noti'nem.
3143 636 3396 711 inquam,
3429 636 3772 711 substantia

362 721 478 764 non
511 709 790 766 abstracta
818 706 1090 780 cogitatae,
1126 711 1223 766 sed
1255 710 1543 775 universo,
1577 718 1640 766 ut
1668 716 1754 767 est
1784 706 2099 768 substantia
2132 710 2478 775 communis,
2538 723 2661 780 quae
2710 710 2936 766 ratione
2967 706 3156 766 diﬂ‘ert
3184 706 3238 765 a'
3272 707 3772 780 substantialitate

363 780 847 853 abstractatsicut
881 779 1206 843 hum-initas
1236 783 1307 837 ab
1343 782 1592 838 homine.
1633 781 1828 838 Postea
1865 783 2303 840 consideramus
2333 781 2598 853 substant
2619 794 2711 837 am
2742 793 3113 853 communem
3144 781 3466 853 secundum
3497 779 3774 853 singulas

362 852 601 922 species.
636 852 771 926 Haec
789 853 1103 911 substantia
1134 854 1477 921 communis,
1510 861 1565 910 et
1592 853 1760 910 etiam
1783 856 2110 926 singularis,
2146 868 2262 910 non
2319 852 2682 926 simpliciter.
2732 850 2831 909 sed
2883 850 3137 926 quodam
3200 850 3389 926 _modo
3436 850 3770 926 substantia

364 932 448 981 est
479 943 492 988 ;
526 924 1001 997 quiasubstantia
1034 927 1357 982 communis
1386 934 1469 981 est
1497 939 1601 997 per
1631 922 2127 996 participitionem
2158 939 2258 997 per
2292 937 2353 981 se
2383 924 2737 997 substantia),
2760 994 2769 997 Α
2795 930 2851 981 et
2880 922 3247 997 particularis
3305 923 3623 997 substantia
3662 936 3769 997 per

363 993 858 1066 participationem
896 998 1212 1067 utriusque.
1246 993 1573 1053 communis
1603 993 1822 1053 scilicet
1843 993 1905 1053 et
1938 1012 2038 1067 per
2066 1012 2127 1054 se
2155 993 2505 1054 Substantiae.
2552 995 2617 1053 In
2677 993 3005 1067 huiusmodi
3043 1008 3181 1066 ergo
3239 995 3601 1067 substantia,
3642 995 3771 1067 sive

366 1065 724 1139 simpliciter.
758 1069 876 1124 sive
905 1065 1151 1139 quodam
1184 1068 1373 1132 modo,
1408 1068 1756 1136 principium
1790 1075 1874 1126 est
1927 1065 2152 1127 motus:
2217 1068 2362 1124 Deus
2392 1074 2582 1123 autem
2641 1065 2906 1139 nonest
2953 1065 3333 1139 principium,
3383 1067 3539 1139 quod
3590 1065 3771 1139 habet

365 1137 760 1210 habitudinem
792 1140 860 1195 ad
898 1137 954 1195 id
988 1141 1151 1210 cujus
1183 1139 1530 1210 principium
1562 1149 1669 1200 est,
1700 1139 1816 1195 imo
1848 1148 1932 1196 est
1966 1140 2314 1210 principium
2348 1152 2520 1208 supra
2556 1137 2926 1210 principium,
2985 1137 3145 1194 omni
3208 1137 3546 1195 habitudine
3602 1137 3772 1194 solu-

364 1219 488 1266 tum
538 1209 813 1269 Similiter
840 1208 1090 1283 potenti:
1125 1208 1483 1281 simpliciter,
1516 1220 1600 1268 est
1630 1213 1881 1282 potentia
1910 1208 2199 1269 ab-traet‘e
2229 1208 2604 1271 considerata.
2638 1208 2762 1281 quae
2791 1208 2997 1283 dicitur
3029 1223 3129 1279 per
3184 1223 3247 1267 se
3301 1210 3581 1281 petentia,
3615 1223 3775 1283 _quai

365 1283 600 1350 estipsa
633 1281 875 1339 essentia
899 1285 1194 1355 potentiae,
1221 1285 1385 1355 cujus
1417 1296 1517 1353 per
1553 1281 1950 1355 _se’potentiaa
2008 1283 2446 1355 participatione
2480 1290 2595 1355 _est
2652 1281 2900 1355 pmentia
2963 1283 3313 1355 communis,
3362 1289 3427 1355 et
3487 1281 3772 1355 obghanc

364 1367 595 1409 causam
627 1364 727 1425 est.
762 1353 1008 1425 quodam
1046 1354 1211 1412 modo
1246 1350 1492 1423 potentia
1546 1352 1817 1409 Similiter
1854 1350 2121 1422 potentia.
2160 1350 2525 1425 particularis
2552 1350 2917 1425 est‘quodam
2951 1350 3121 1409 modo
3157 1354 3452 1425 potentia,
3490 1352 3625 1422 quia
3686 1360 3777 1409 est

366 1438 467 1496 per
501 1423 892 1494 participation
933 1441 984 1481 m
1021 1427 1288 1496 potentiae
1317 1426 1661 1487 communis,
1695 1435 1747 1482 et
1780 1439 1878 1495 per
1909 1439 1970 1481 se
2030 1423 2314 1494 potentiae.
2386 1423 2717 1494 Huiusmodi
2780 1426 3079 1496 patentia,
3113 1423 3233 1480 siVe
3286 1423 3623 1496 simpliciter
3651 1424 3777 1480 sive

367 1494 559 1566 aliquo
591 1499 774 1561 modo,
808 1511 891 1553 est
926 1494 1106 1553 tne-lia
1140 1500 1289 1554 inter
1324 1497 1700 1567 substintiam
1735 1494 1961 1564 etopus
1989 1496 2144 1567 quod
2179 1498 2243 1553 ﬁt
2275 1509 2377 1567 per
2409 1506 2617 1553 metum
2652 1496 3002 1556 substantiae.
3038 1495 3161 1551 Non
3195 1495 3350 1552 enim
3401 1495 3526 1552 ﬁeri
3581 1505 3774 1566 potest

365 1581 530 1635 opus,
563 1569 671 1625 nisi
704 1573 775 1625 sit
809 1571 1052 1638 potentia
1089 1568 1367 1625 i-ﬂiciendi
1403 1567 1558 1623 illud,
1596 1566 1752 1635 Opus
1785 1566 2141 1633 simpliciter.
2178 1578 2263 1624 est
2282 1566 2437 1638 opus
2496 1582 2591 1638 par
2626 1582 2687 1623 se
2746 1576 2801 1623 et
2855 1574 3140 1623 abstracto
3191 1567 3647 1635 consideratum,
3708 1567 3775 1624 id

364 1649 455 1711 est
477 1640 596 1710 ipsa
629 1636 872 1697 essentia
905 1642 1109 1710 operis.
1144 1641 1301 1710 Opus
1326 1641 1572 1711 quodam
1606 1653 1696 1711 mo
1720 1643 1796 1701 to,
1828 1647 1912 1696 est
1943 1655 2087 1709 opus
2118 1636 2311 1709 ipsum'
2358 1636 2627 1695 universe
2680 1637 2882 1696 eonsid
2906 1647 3130 1711 tratum,
3176 1642 3329 1711 quod
3365 1648 3449 1711 est
3496 1653 3597 1711 per
3628 1654 3771 1708 par-

363 1710 755 1779 ticipationem
819 1712 1009 1782 operis
1057 1710 1417 1780 simpliciter,
1476 1710 1629 1781 quod
1687 1712 1890 1767 dicitur
1950 1727 2072 1782 per
2110 1726 2169 1767 se
2228 1723 2421 1782 opus;
2482 1717 2581 1767 aut
2631 1725 2780 1780 opus
2830 1710 3387 1782 particulare,’_quodr
3409 1720 3499 1767 est
3534 1711 3777 1782 partici-

362 1782 651 1855 pationem
683 1780 873 1855 operis
911 1783 1271 1855 universalis,
1304 1792 1358 1838 et
1387 1780 1581 1852 per’sc
1610 1785 1815 1855 operis.
1851 1782 1916 1839 In
1952 1780 2307 1855 huiusmodi
2367 1794 2557 1849 opere,
2618 1783 2738 1839 sive
2784 1780 3127 1852 simpliciter
3177 1780 3296 1837 sive
3346 1780 3550 1855 aliquo
3574 1783 3771 1850 modo,

362 1853 493 1910 ﬁnis
522 1863 627 1920 est,
659 1853 982 1922 ut’sanitas,
1014 1853 1539 1926 quomoducunque
1571 1853 1991 1914 consideretur,
2026 1867 2148 1910 sive
2178 1854 2462 1910 abstracto
2492 1861 2544 1907 et
2603 1867 2704 1921 per
2756 1867 2845 1926 se,
2887 1855 3029 1926 sive
3086 1854 3471 1911 communiter
3524 1862 3581 1911 et
3636 1855 3774 1911 nni-

364 1938 548 1990 verse,
572 1926 698 1996 sive
727 1930 799 1983 sit
830 1928 888 1983 in
924 1926 1274 1992 particulari,
1322 1925 1459 1981 finis
1489 1935 1574 1981 est
1607 1926 2018 1985 medicationis,
2053 1926 2150 1995 qui
2182 1934 2265 1979 est
2297 1934 2485 1980 motus
2519 1925 2819 1994 medentis,
2879 1925 3041 1995 prius
3098 1927 3385 1996 cogitatus
3443 1925 3770 1984 secundum

363 1995 676 2068 potentiam
707 2012 878 2068 quam
909 1999 1139 2060 sanitas,
1175 2011 1303 2068 quce
1329 2010 1442 2053 non
1473 2007 1653 2068 potem
1690 1996 1809 2052 ﬁeri
1847 2011 1945 2066 per
1982 1997 2347 2058 medicinam,
2384 1997 2495 2051 nisi
2532 1998 2692 2064 prius
2725 1997 3007 2068 cogitetur
3036 1995 3282 2066 potentia
3308 1997 3379 2052 ad
3412 1998 3764 2063 sanandum,

363 2065 741 2141 Deusautem
762 2083 947 2139 neque
975 2068 1105 2126 ﬁnis
1136 2065 1218 2125 est.
1252 2084 1435 2141 neque
1468 2065 1742 2131 medium,
1775 2065 2056 2141 quatenus
2088 2071 2203 2123 haec
2235 2069 2291 2123 in
2324 2068 2392 2121 iis
2433 2081 2564 2141 quas
2612 2074 2744 2126 sunt
2796 2065 3131 2141 ad_aliquid
3169 2076 3603 2141 numerantur,
3638 2082 3771 2141 quas

364 2137 537 2213 simul
569 2153 688 2213 esse
724 2137 1078 2213 cogitantur:
1114 2138 1491 2213 cumintinito
1523 2150 1711 2197 autem
1744 2137 1885 2197 nihil
1917 2140 2144 2197 ﬁnitum
2178 2154 2302 2198 esse
2329 2139 2568 2211 cogitari
2625 2149 2830 2213 potest.
2865 2137 3221 2198 Conferenda
3254 2149 3390 2199 sunt
3451 2137 3595 2198 haec
3624 2137 3763 2199 e‘um

364 2209 435 2266 iis
467 2223 591 2282 quae
630 2212 690 2268 in
713 2211 924 2271 Adnot.
965 2212 1037 2269 ad
1065 2226 1189 2283 cap.
1223 2210 1280 2281 5,
1314 2210 1463 2270 dicta
1508 2220 1660 2269 sunt.

1330 2409 1475 2473 516
1520 2409 2052 2475 PARAPHRASIS
2094 2408 2583 2477 PACHYMEBE
2627 2410 2779 2492 (47).

442 2519 470 2600 §
500 2520 669 2600 [Age
698 2536 841 2583 vero
882 2518 1061 2582 etiam
1122 2536 1356 2601 pacem,
1389 2537 1522 2599 quas
1571 2518 1767 2581 omnis
1812 2518 2011 2581 conci~

2176 2520 2206 2600 δ
2265 2519 2309 2583 Ι,
2346 2520 2477 2599 Φέρε
2542 2520 2629 2577 καὶ
2683 2520 2781 2587 τὴν
2840 2518 3009 2577 αἰτίαν
3065 2518 3387 2599 συναγωγῆς
3430 2520 3660 2589 ἁπάσης
3726 2524 3773 2578 εἶ

359 2609 622 2672 liationis
640 2626 818 2673 causa
842 2609 1059 2684 existit,
1089 2609 1660 2689 collaudemus;ipsa
1678 2617 1767 2671 est
1789 2608 2012 2671 etenim

2100 2609 2266 2688 ρῆνην
2295 2609 2790 2689 ἆνεοφῃμήσωμεν·
2853 2610 2988 2677 αὐτὴ
3044 2607 3145 2688 γέρ
3204 2609 3351 2665 ἐστιν
3395 2610 3431 2678 ἡ
3484 2610 3595 2667 τῶν
3625 2611 3776 2668 πάν-

359 2719 492 2781 ῳιῖο
519 2700 716 2762 omnia
762 2698 1091 2780 conjungit,
1127 2707 1427 2780 quatenus
1471 2699 1721 2761 divisam
1774 2699 2011 2761 illorum

2098 2722 2203 2756 των
2261 2700 2513 2771 ἐνωτίκή,
2547 2701 2679 2757 κατὸ
2707 2700 2771 2755 τὸ
2827 2701 3077 2779 μεριστὸν
3108 2702 3283 2758 αὐτῶν
3327 2698 3531 2769 πλῆθος
3587 2702 3663 2767 εἷς
3720 2702 3778 2760 ἓν

360 2790 804 2852 multitudinem
858 2791 918 2852 in
973 2809 1181 2867 unum;
1214 2789 1326 2851 hoc
1360 2797 1453 2852 est
1503 2790 1563 2850 in
1617 2808 1799 2851 unum
1851 2788 2014 2850 illius

359 2879 752 2961 desiderium,
783 2879 1154 2962 colligit;hoc
1186 2880 1346 2940 enim
1392 2878 1690 2958 integram
1722 2879 2011 2939 unitatem

356 2969 778 3053 appellat.lpsa
801 2979 891 3031 est
915 2989 1046 3050 quae
1073 2969 1245 3048 hujus
1270 2968 1533 3030 universi
1549 2987 1618 3028 ex
1640 2968 2010 3029 diversarum

360 3069 711 3123 naturarum
743 3059 1056 3121 elementis
1099 3064 1605 3137 contemperatam
1655 3076 2009 3136 compagem

361 3148 712 3211 constituit:
751 3149 1014 3229 hincque
1043 3146 1391 3208 intestinum
1437 3145 1663 3209 bellum
1697 3146 2013 3226 appellavit

360 3238 714 3317 qualitatum
746 3236 807 3300 in
838 3236 981 3319 ipsis
1003 3236 1504 3317 contrarietatem,
1544 3236 1762 3298 caloris
1786 3236 2018 3299 scilicet

359 3337 568 3391 contra
594 3327 800 3408 frigus,
848 3327 1077 3390 humidi
1106 3336 1315 3389 contra
1334 3325 1583 3402 siccum,
1635 3334 1694 3387 et
1727 3326 2015 3389 similium

359 3418 635 3495 aliorum,
685 3436 817 3500 quae
872 3419 944 3481 ad
994 3417 1170 3479 unius
1224 3416 1430 3478 mundi
1500 3417 2013 3497 complementum

355 3509 663 3572 uniuntur.
697 3508 995 3588 Religiose
1025 3518 1226 3571 autem
1260 3508 1356 3569 hic
1403 3507 1715 3588 gentilium
1752 3507 2015 3570 rationes

359 3598 708 3663 solvit.Cum
738 3599 900 3662 enim
936 3598 1106 3661 multi
1128 3599 1284 3661 inter
1308 3599 1440 3661 illos
1471 3598 2013 3680 dissideant,atque

357 3689 458 3754 alii
489 3691 734 3772 quidem
764 3689 967 3753 omnia
997 3706 1067 3751 ex
1098 3689 1520 3752 contrarietate
1546 3689 1824 3770 bellaque
1878 3687 2010 3751 exi-

362 3793 523 3844 stere
540 3780 927 3861 contendant,
958 3779 1056 3841 alii
1080 3797 1218 3842 vero
1251 3797 1322 3841 ex
1354 3779 1612 3841 amicitia
1661 3789 1719 3839 et
1749 3796 2010 3840 consen-

360 3870 556 3951 sione,
587 3870 669 3933 ita
725 3878 786 3932 ut
832 3869 907 3932 ab
956 3869 1075 3931 illis
1123 3869 1371 3946 quidem
1419 3869 1654 3930 dicatur
1712 3868 2013 3931 contentio

360 3959 605 4023 creandi
630 3958 989 4041 principium
1012 3958 1335 4032 exstitisse,
1364 3957 1438 4019 ab
1462 3959 1555 4019 his
1571 3976 1708 4020 vero
1728 3959 2013 4040 amicitia;

361 4052 537 4114 Pater
563 4050 684 4126 hic,
723 4067 930 4112 eorum
955 4049 1214 4110 rationes
1241 4049 1356 4111 rite
1390 4048 1785 4128 moderando,
1827 4048 2015 4112 Deum

362 4139 624 4203 universi
651 4138 1021 4202 conditorem
1072 4138 1399 4202 constituit.
1452 4137 1611 4200 Licet
1639 4139 1817 4202 etiam
1847 4139 2018 4203 aliter

358 4230 634 4310 accipere
664 4227 885 4293 bellum
908 4228 1276 4309 intestinum,
1307 4246 1411 4309 pro
1435 4246 1506 4289 eo
1528 4228 1685 4309 quod
1719 4238 1807 4290 est
1835 4236 2012 4289 natu-

360 4320 568 4383 raliter
596 4320 753 4383 inter
776 4338 873 4382 res
905 4319 1289 4400 incorporeas
1319 4327 1378 4380 et
1425 4318 1761 4380 materiales
1800 4335 1813 4381 :
1850 4318 2014 4381 Caro

359 4410 1145 4492 em‘m,inquit,concupiscit
1168 4410 1456 4471 adversus
1477 4410 1854 4488 spiritum,et
1876 4410 2012 4487 spi-

359 4503 521 4565 ritus
549 4502 839 4564 adversus
870 4517 1119 4564 carnem
1137 4499 1265 4561 ’.Εἰ
1290 4497 1402 4560 tale
1423 4498 1651 4561 bellum
1678 4499 1875 4561 divina
1902 4517 2010 4578 pax

360 4590 431 4652 ad
455 4589 735 4653 unionem
753 4590 1004 4662 reducit,
1045 4589 1374 4653 secundum
1410 4608 1587 4670 quam
1617 4588 2016 4670 antiquissimi

356 4681 443 4742 illi
474 4680 716 4743 ordines
764 4681 1059 4759 ctelestes,
1114 4697 1249 4741 cum
1286 4696 1489 4741 secum
1523 4681 1635 4760 ipsi
1669 4691 1733 4742 et.
1762 4681 1915 4741 inter
1949 4696 2015 4740 se

359 4771 822 4850 conjunguntur,
848 4779 971 4831 tum
995 4771 1069 4832 ad
1093 4788 1276 4831 unum
1317 4770 1819 4849 perfectissimum
1851 4769 2015 4852 pacis

358 4858 720 4940 principium
752 4859 1158 4937 adducuntur;
1185 4860 1342 4941 quod
1369 4878 1502 4922 cum
1528 4858 1833 4921 individua
1868 4859 2012 4939 (non

2099 2790 2310 2868 συνάγει
2369 2790 2466 2858 τὴν
2497 2789 2621 2865 μίαν
2671 2789 2832 2857 αὐτῆς
2864 2788 3064 2869 ἔφεσιν·
3132 2789 3334 2857 ταύτην
3364 2790 3465 2869 γὰρ
3511 2790 3607 2846 καί
3636 2788 3779 2858 ὅλην

2104 2878 2329 2947 ἕνότητά
2379 2900 2563 2958 φησιν,
2602 2878 2746 2947 Αὒτή
2778 2877 2923 2936 ἐστιν
2954 2881 2989 2948 ἠ
3032 2879 3131 2947 τὴν
3186 2880 3440 2958 ἁρμονίαν
3496 2878 3651 2937 τοῦδε
3682 2888 3778 2939 τοῦ

2102 2971 2302 3032 παντὸς
2334 2968 2632 3025 συνιστΒσα
2690 2966 2742 3034 ἒξ
2775 2968 3069 3049 ἐτεροφυῶν
3099 2973 3204 3025 τῶν
3249 2969 3534 3049 στοιχείων
3567 2992 3775 3049 συγκεο

2102 3058 2399 3135 κραμένην’
2418 3055 2498 3114 διὸ
2523 3060 2608 3114 καὶ
2638 3057 2876 3134 πόλεμον
2896 3056 3153 3138 ὲμφύλιον
3176 3057 3302 3115 εἷπε
3334 3060 3431 3127 τὴν
3461 3064 3570 3115 τῶν
3603 3058 3659 3115 ὲν
3683 3058 3782 3114 αὗ-

2102 3158 2222 3213 τοῡς
2256 3149 2558 3219 ποιοτήτων
2596 3147 2966 3227 ἐναιτιότητα,
3001 3151 3195 3225 θερμοῦ
3240 3150 3371 3227 πρὸς
3402 3149 3641 3228 ψυχρὸν,
3677 3148 3775 3205 καί

2097 3240 2254 3319 ὑγροῦ
2285 3242 2417 3319 πρὸς
2448 3240 2628 3318 ξηρὸν,
2659 3242 2748 3296 καὶ
2776 3246 2884 3297 τῶν
2916 3238 3093 3297 ἄλλων
3117 3240 3342 3320 ὁμοίιον,
3376 3238 3511 3318 ἅπερ
3542 3240 3620 3306 εἷς
3653 3240 3776 3306 ἑνὸς

2099 3329 2299 3404 κόσμου
2330 3328 2715 3406 συμπλήρωσιν
2746 3328 2976 3397 ἥνωται.
3019 3326 3261 3391 Εὒσεϐὤς
3303 3327 3358 3384 δὲ
3388 3328 3616 3386 ἐνταῦθα
3646 3329 3776 3390 τοὺς

2100 3426 2204 3475 τῶν
2232 3410 2507 3489 Ἐλλήνων
2536 3417 2727 3497 λόγους
2758 3418 2896 3484 λύει,
2920 3417 3140 3475 Πολλῶν
3170 3419 3271 3497 γὰρ
3299 3418 3357 3475 ἐν
3384 3419 3610 3486 ἒχείνοις
3638 3440 3778 3476 στα-

2096 3508 2408 3580 σιαζόντων,
2468 3510 2556 3565 καὶ
2611 3514 2717 3573 τῶς
2786 3509 2882 3585 μὲν
2944 3506 2996 3575 ἐξ
3053 3508 3414 3574 ἐναντιώσεως
3468 3511 3556 3566 καὶ
3600 3507 3775 3566 πολέ-

2098 3620 2199 3673 μου
2257 3598 2524 3676 Αεγόντων
2571 3598 2637 3655 τὰ
2695 3598 2872 3656 πάντα
2928 3599 3185 3677 γίνεσθαι,
3217 3619 3325 3655 των
3370 3598 3423 3654 δὲ
3484 3592 3776 3680 ἔχ’φιλὶας

2095 3690 2185 3746 καί
2214 3690 2544 3765 συμφωνίας,
2577 3690 2649 3755 ὡς
2680 3687 2928 3769 λέγεσθαι
2958 3689 3102 3767 παρὰ
3159 3701 3281 3752 τοϊς
3328 3688 3428 3764 μὲν
3475 3688 3536 3747 τό
3586 3702 3774 3755 νεῖκος

2098 3777 2277 3857 ἀρχὴν
2350 3776 2760 3858 δημιουργικὴν,
2828 3778 2973 3855 παρὰ
3028 3790 3144 3844 τοῖς
3203 3777 3260 3835 δὲ
3316 3779 3418 3846 τὴν
3476 3776 3681 3858 φιλίαν·
3747 3781 3777 3837 6

2099 3876 2298 3945 πατὴρ,
2361 3870 2434 3931 εἰς
2491 3869 2760 3947 ὀρθότητα
2822 3869 3135 3949 μεταφέρων
3179 3871 3300 3933 τοὺς
3360 3867 3578 3948 λόγους,
3641 3870 3778 3926 Θεὸν

2099 3958 2339 4038 Epist-hat
2374 3966 2467 4018 τοῦ
2498 3959 2697 4020 παντὸς
2750 3959 3011 4027 ποιητὴν.
3046 3956 3226 4016 ’Ἔστι
3259 3959 3348 4015 καί
3390 3956 3568 4023 ἄλλως
3602 3957 3776 4016 ἐγλα-

2097 4046 2218 4105 ϐεῖν
2267 4046 2523 4128 ἐμφύλιον
2555 4047 2816 4127 πόλεμον,
2850 4049 2943 4106 τὸν
3004 4054 3241 4127 φυσικῶς
3284 4051 3404 4110 τοῖς
3450 4047 3770 4121 ἀσωμάτοις

2098 4140 2227 4215 πρὸς
2280 4139 2346 4194 τὰ
2394 4136 2572 4212 ὑλικά,
2610 4128 2673 4209 Ἠ
2718 4137 2817 4216 γὰρ
2876 4135 3025 4216 σὰρξ,
3074 4136 3268 4217 φησῖν,
3303 4137 3559 4211 ἐπιθυμεῖ
3620 4139 3767 4195 κατὰ

2094 4230 2187 4287 τοῦ
2247 4227 2564 4306 πνεύματος³
2624 4227 2715 4284 καὶ
2773 4227 2834 4282 τὸ
2920 4233 3129 4293 πνεῦμα
3188 4228 3326 4284 κατὰ
3382 4230 3483 4294 τῆς
3543 4228 3771 4304 σαρκός.

2096 4319 2203 4382 Καὶ
2254 4333 2346 4373 τον
2380 4324 2615 4374 τοιοῦτον
2675 4313 2912 4391 πόλεμον
2953 4316 3129 4386 ἡθεία
3162 4316 3348 4394 εἰρήνη
3393 4317 3524 4395 πρὸς
3577 4314 3774 4373 ἕνωσιν

2096 4409 2237 4487 ἄγει,
2272 4407 2390 4464 καθ’
2440 4406 2507 4474 ἢν
2568 4408 2619 4463 αἱ
2680 4403 3035 4484 πρεσϐύταται
3081 4411 3189 4463 τῶν
3246 4405 3505 4485 οὒρανίων
3559 4405 3775 4473 τάξεων

2100 4500 2231 4577 πρὸς
2291 4496 2482 4560 ἑαυτὰς
2525 4496 2619 4552 καὶ
2677 4497 2808 4573 πρὸς
2854 4493 3092 4564 ἀλλήλας
3128 4495 3469 4574 συνάγονται,
3503 4495 3595 4553 καὶ
3645 4498 3775 4575 πρὸς

2100 4588 2224 4665 μίαν
2254 4586 2344 4643 καί
2376 4587 2613 4651 παντελῆ
2659 4589 2757 4652 τῆς
2789 4585 3007 4662 εἰρήνης
3055 4584 3236 4664 ἀρχὴν
3269 4584 3582 4661 ἀνάγονται,
3620 4582 3769 4654 ἥτις.

2098 4679 2309 4751 ἆμερῶς
2370 4679 2450 4750 (οὖ
2499 4675 2600 4752 γὰρ
2642 4676 2696 4730 εν
2756 4672 2903 4749 μέρει
2948 4677 3070 4747 τινὶ,
3136 4671 3256 4732 ἀλλ’
3316 4674 3575 4753 ἆθρόως“)
3648 4678 3775 4740 τοῖς

2098 4767 2250 4831 ὅλοις
2275 4762 2655 4836 ἐπιϐεϐηκοῖι,
2720 4765 2793 4829 ὡς
2873 4763 2929 4822 ἂν
2987 4762 3236 4842 κλῄθροις
3296 4765 3635 4839 συμπτύσσει
3708 4767 3779 4825 τὰ

2096 4858 2269 4915 πάντα
2319 4856 2406 4912 καὶ
2462 4851 2832 4927 ἄσφαὶίζεται,
2866 4854 2957 4910 καὶ
3005 4855 3096 4911 οὒκ
3142 4853 3204 4927 ἐᾷ
3263 4851 3596 4932 διαιρεθέντα
3659 4861 3771 4935 χύ-

357 4948 520 5010 enim
549 4967 619 5010 ex
651 4956 814 5030 parte
848 4948 1069 5030 aliqua,
1103 4950 1207 5010 sed
1269 4951 1530 5027 integre)
1578 4949 1871 5011 universis
1902 4948 2011 5009 ad-

2098 4951 2247 5014 θῆναι
2307 4947 2437 5025 πρὸς
2468 4965 2529 5000 το
2574 4941 2792 5022 ἄπειρον
2845 4945 2934 5001 καὶ
2962 4943 3234 5020 ἀόριστον,
3265 4944 3426 5001 οἱονεί
3469 4945 3532 5001 τὸ
3590 4943 3772 5003 ἀκαλ-

356 5038 537 5112 venit,
573 5039 738 5120 quasi
765 5038 1040 5101 claustris
1075 5039 1431 5119 quibusdam
1457 5057 1565 5101 seu
1594 5039 1859 5101 vectibus
1885 5057 2011 5099 om-

358 5130 458 5191 nia
483 5129 831 5205 communit,
863 5147 1057 5210 neque
1085 5131 1373 5208 permittit
1393 5129 1584 5191 divisa
1616 5131 1676 5191 in
1712 5129 2008 5190 infinitum

2101 5037 2185 5099 λὲς
2242 5036 2330 5093 καὶ
2377 5034 2719 5112 ἆμόρφωτον,
2751 5033 2818 5099 ἣν
2876 5035 2922 5090 οἱ
2954 5032 3054 5099 ἔξω
3098 5035 3251 5113 σοφοὶ
3285 5034 3422 5103 ὕλην
3489 5057 3777 5115 προσωνο-

2099 5126 2350 5202 μάκχσιν,
2386 5122 2602 5203 ἄπειρον
2665 5120 2915 5199 λέγοντες
2972 5123 3200 5197 ταύτῆν,
3247 5126 3320 5189 ὡς
3376 5124 3627 5203 ἀόριστον
3686 5136 3784 5190 ναὶ

358 5228 418 5282 et
448 5220 915 5293 interminatam,
955 5218 1121 5299 quasi
1168 5218 1241 5280 ad
1276 5218 1737 5299 pulchritudinis
1781 5218 2012 5280 formae-

2100 5214 2351 5275 ἆνεῖδεον.
2384 5212 2536 5271 Ἐπεὶ
2580 5220 2705 5291 γοῦν
2737 5210 3002 5275 εἷδοποιὸς
3031 5223 3126 5271 καὶ
3167 5212 3493 5279 καλλοποιὸς
3524 5217 3554 5272 6
3612 5217 3777 5291 Θεὸς,

358 5328 477 5388 que
505 5314 829 5371 carentiam
864 5307 1136 5383 diffundi,
1201 5327 1381 5391 quam
1438 5314 1664 5371 externi
1710 5310 2016 5389 sapientes

358 5400 668 5462 materiam
710 5397 1117 5481 appellabant,
1168 5398 1321 5462 hanc
1377 5399 1668 5462 inﬁnitam
1712 5400 2008 5473 dicentes,

358 5497 564 5569 utpote
608 5489 1053 5552 interminatam
1097 5496 1157 5551 et
1196 5488 1541 5551 informem.
1601 5490 1745 5552 Cum
1808 5491 2011 5566 itaque

356 5575 515 5639 Deus
546 5579 620 5640 sit
652 5580 857 5641 formae
883 5579 1470 5661 pulchritudinisque
1514 5589 1772 5657 creator,
1801 5579 2013 5642 merito

448 5693 468 5720 °
496 5684 625 5747 Gal.
662 5705 719 5761 ν,
759 5686 854 5751 17.

2097 5308 2316 5367 εἰκότως
2396 5303 2457 5360 τὸ
2542 5302 2805 5380 ἐρημοθὲν
2879 5310 3012 5363 Θεοῦ
3089 5301 3321 5363 ἀνείδεον
3396 5305 3598 5384 γίνεται
3686 5299 3779 5362 καὶ

2094 5393 2522 5453 ἂιιολλώπιστον·
2598 5393 2720 5472 Περὶ
2765 5399 2891 5471 γιοῦν
2962 5394 3130 5461 αὖτῆς
3173 5398 3273 5462 τῆς
3317 5394 3459 5460 θείας
3520 5396 3770 5476 εἰρήνης,

2097 5485 2124 5542 ὅ
2182 5507 2232 5542 τι
2275 5481 2405 5540 ποτὲ
2452 5481 2589 5560 ἐστι,
2622 5495 2966 5560 πκραιτεϊται
3026 5484 3224 5562 λέγειν·
3281 5484 3481 5553 ταύτην
3524 5486 3629 5562 γὰρ
3679 5486 3774 5543 καὶ

2098 5579 2127 5634 6
2184 5575 2238 5632 ἐν
2267 5574 2391 5638 ταῖς
2440 5569 2692 5651 Πράξεσιν
2737 5571 2995 5654 Ἰοῦστος,
3025 5574 3086 5630 ’ὂν
3130 5576 3219 5633 καὶ
3273 5573 3468 5645 Ἰωσῆν
3511 5572 3770 5651 ἐκάλουν,

436 5788 562 5875 (47)
594 5790 747 5857 Vide
775 5790 871 5858 Sc.
907 5792 969 5860 S.
1003 5792 1240 5861 Maximi
1272 5802 1417 5861 tom.
1454 5797 1532 5876 ll,
1560 5813 1704 5891 cap._
1730 5798 1784 5865 ΙΙ
1814 5796 1908 5861 De
1935 5794 2172 5861 divinis
2198 5791 2441 5857 nomin.
