4052 6444
263 401 379 467 961

752 401 850 465 DE
896 399 1191 465 DIVINIS
1252 394 1708 475 NOMINIBUS,
1755 386 1917 458 CAP.
1968 388 2073 457 XI.
2124 426 2197 439 --
2248 392 2632 458 PARAPHR.
2682 393 3182 459 PACHYMERIE

3561 390 3679 459 962

256 535 540 616 ἀφθεγξίαν
602 534 781 609 καλεῖ,
845 537 917 598 ὡς
976 533 1332 607 σιωπωμένην
1392 535 1478 589 καὶ
1533 529 1772 611 κρύφίαψ
1822 528 1912 584 καί

2026 528 2060 589 d
2094 531 2256 610 quod
2296 551 2327 592 a
2354 533 2479 593 Deo
2504 531 2853 594 destitutum
2885 531 3259 605 est,informe
3290 532 3354 593 ﬁt
3387 542 3680 615 etexpers

258 624 543 692 ὀκινησίαν
601 624 721 700 μὲν,
769 623 885 679 ἀλλ’
946 623 1029 679 ἐπὶ
1088 630 1263 679 πᾶσαν
1316 622 1520 689 κίνησιν
1581 619 1923 699 γιδωσδιομὲ-

256 736 386 781 νην·
439 715 570 781 αὕτη
623 715 722 791 γᾶρ
775 715 917 771 ἐστιν
991 717 1025 784 ἡ
1059 714 1122 769 τὰ
1181 712 1353 768 πάντα
1426 710 1805 779 εἶδοποιήσασκ
1837 710 1921 763 καὶ

260 807 561 883 κινήσασα,
624 804 728 871 ὅλη
759 805 859 881 γὰρ
888 802 989 879 ὅλῇ
1051 804 1211 879 ἐαυτῇ
1272 803 1635 878 ὅπερήνωται,
1675 802 1761 853 καὶ
1794 800 1919 855 ειυς

264 895 369 961 τὴν
428 892 967 963 πολλαπλασιαζουσα
1028 904 1148 957 ταῖς
1206 889 1322 946 καθ’
1368 890 1589 946 ἕκαστον
1635 888 1920 966 εἰρηναίαις

256 982 535 1062 προόδοις,
598 981 712 1038 οὐδὲ
771 1003 902 1038 ποτε
963 982 1059 1049 τὴν
1117 981 1312 1047 ἑαυτῆς
1374 981 1567 1035 ἑνιαίαν
1645 978 1921 1033 ἀπολείπει

255 1073 569 1139 ἆπλότητα,
636 1071 760 1147 Περὶ
807 1071 1003 1136 ταύτης
1061 1070 1232 1125 τοίνυν
1278 1070 1393 1126 οὔτε
1442 1070 1613 1125 εἰπεῖν
1664 1065 1771 1123 οὔτ’
1832 1067 1922 1122 ὲν-

262 1167 461 1231 νοῆσαι
495 1161 531 1229 ἢ
583 1160 799 1217 δυνατὸν
842 1161 877 1228 ἢ
908 1162 1146 1238 Θεμιτὸν,
1208 1158 1344 1213 ἀλλὰ
1406 1163 1601 1225 ταύτην
1630 1162 1703 1221 ὡς
1748 1157 1921 1235 ἄγνω-

259 1274 393 1308 στον
454 1249 540 1307 ἐπ’
603 1251 767 1317 aut-iw
823 1249 1120 1317 ἀναθέντες,
1156 1250 1249 1311 τὰς
1281 1250 1337 1303 ἐν
1365 1262 1485 1311 ταῖς
1532 1249 1770 1327 Γραφαῖς
1820 1261 1922 1323 ρη-

258 1342 446 1405 θείσας
498 1342 682 1406 νοντὰς
743 1341 1023 1414 μετουσίας
1084 1342 1272 1418 αὒτῆς,
1341 1340 1414 1398 ὡς
1469 1337 1687 1394 δυνατὸν
1742 1338 1932 1415 ἀνθρώ.

261 1453 419 1506 ποις,
458 1430 488 1498 ἢ
544 1429 751 1505 μᾶλλον
806 1443 924 1491 τοῖς
970 1430 1227 1484 κάκείνων
1270 1427 1714 1503 ἀπολείπομὲνοις
1764 1428 1931 1506 ημῖν,

261 1522 644 1593 σκοπησωμεν
657 1565 667 1577 .

2008 618 2495 696 pulchritudinis.
2554 620 2636 681 De
2691 622 2803 682 hac
2854 622 3037 699 igitur
3088 623 3287 683 divina
3335 641 3481 702 pace
3535 622 3680 703 quid

2009 708 2249 770 tandem
2278 710 2378 789 sit,
2414 710 2616 772 dicere
2650 712 2893 790 refugit;
2925 711 3209 788 quoniam
3245 712 3397 772 hanc
3415 714 3587 773 etiam
3616 712 3677 773 in

2008 796 2171 858 Actis
2202 798 2470 878 fJustus,
2509 820 2691 877 quem
2724 813 2784 862 et
2811 800 2993 864 Josen
3029 801 3419 861 nominabant
3482 804 3684 881 ἀιρθεγ-

2006 886 2112 952 stam
2146 898 2335 960 voeat,
2364 891 2592 969 quippe
2616 890 2891 952 silentem
2928 900 2987 951 et
3019 890 3341 966 occultam;
3376 902 3437 951 et
3471 892 3680 953 immo-

2008 976 2107 1037 bili
2122 986 2301 1039 tatem
2319 980 2703 1057 quidem,sed
2720 980 2791 1040 ab
2810 981 2973 1040 omni
2994 995 3159 1041 motu
3177 980 3674 1059 cognoscibilem;

2008 1067 2131 1127 hinc
2167 1069 2325 1128 enim
2354 1078 2443 1129 est
2480 1088 2611 1146 quae
2640 1069 2920 1131 informat
2968 1079 3024 1130 et
3074 1079 3267 1132 movet
3298 1071 3523 1143 omnia,
3560 1080 3680 1132 tota

2008 1159 2165 1216 enim
2192 1157 2304 1217 sibi
2338 1159 2441 1219 toti
2466 1161 2946 1238 superunitur;et
2983 1179 3119 1222 cum
3148 1162 3528 1240 semetipsam
3557 1162 3678 1223 sin-

2013 1246 2176 1324 gulis
2201 1248 2463 1326 pacificis
2484 1250 2961 1326 processionibus
2990 1249 3674 1331 multiplicat,nunquam

2014 1335 2151 1395 5I7
2181 1345 2377 1398 tamen
2412 1337 2648 1398 unicam
2684 1338 2845 1399 illam
2879 1358 3044 1399 suam
3092 1339 3679 1421 simplicitateque-

2018 1427 2187 1487 serit.
2227 1430 2308 1489 De
2335 1430 2441 1488 hac
2478 1431 2677 1508 itaque
2704 1448 2900 1509 neque
2930 1428 3156 1504 dicere,
3192 1449 3386 1511 neque
3418 1433 3682 1510 cogitare

2019 1515 2341 1596 quidquam
2358 1517 2443 1577 fas
2467 1518 2663 1578 estvel
2696 1518 3114 1596 possibile;sed
3150 1520 3595 1601 hauctanquam
3618 1522 3679 1581 in

264 1624 338 1670 se
384 1610 645 1688 ignotam
678 1616 1053 1688 enarrantes,
1090 1605 1472 1669 intellectiles
1523 1607 1652 1685 ejus
1712 1604 2198 1687 participationes
2263 1606 2323 1667 in
2355 1605 2681 1687 Scripturis
2735 1610 3083 1688 recensitas,
3118 1611 3274 1688 quod
3335 1612 3679 1672 hominibus

261 1698 363 1761 vel
398 1698 594 1779 potius
627 1697 799 1759 nobis
829 1697 960 1757 aliis
991 1696 1400 1770 inferioribus,
1440 1696 1721 1775 possibile
1755 1704 1867 1769 est,
1902 1694 2388 1758 consideremus.

356 1786 488 1867 §ll.
535 1794 751 1863 Πρῶτον
808 1788 979 1843 τοίνυν
1033 1786 1285 1864 λέγομεν,
1337 1788 1418 1843 ὅτι
1488 1788 1523 1854 ἠ
1580 1788 1689 1843 Οεία
1751 1785 1975 1882 ἐκείνηι

266 1881 463 1955 εἰρήνη
505 1880 538 1944 ἡ
572 1878 863 1956 ἄφθεγκτος
937 1883 1031 1941 τᾶς
1095 1878 1443 1953 αὒτοειρήνης
1498 1878 1639 1932 ἐστὶν
1701 1877 1934 1933 bracati-

266 1991 381 2043 τις,
444 1968 579 2027 xire:
636 1970 755 2032 τοὺς
788 1968 978 2044 λόγους
1024 1964 1141 2023 καθ’
1199 1966 1286 2029 οὖς
1347 1966 1615 2042 ἐλέγομεν
1645 1965 1938 2042 ἔμπροσθεν

266 2060 396 2138 περὶ
435 2063 533 2125 τῆς
605 2057 903 2129 αὖτοζωῆς,
973 2047 1152 2123 ’Ὅλην
1186 2056 1238 2112 δέ
1284 2057 1398 2113 καθ’
1455 2056 1680 2113 ἕκαστον
1724 2056 1938 2134 εἰρήνην

269 2147 428 2227 λέγει
489 2147 645 2221 ὅλην,
712 2146 829 2203 καθ’
894 2145 958 2214 ἤν
1003 2148 1069 2201 τὰ
1140 2146 1312 2201 πάντα
1372 2144 1674 2223 συνάγεται,
1727 2149 1813 2201 καὶ
1865 2147 1938 2208 εἰς

272 2240 413 2313 μίαν
479 2236 659 2317 ’ἔφεσιν
716 2238 1042 2293 ανατείνεται
1111 2237 1472 2314 μεμερισμένοι.
1546 2246 1667 2300 ταῖς
1725 2238 1936 2315 φύσεσιν

272 2328 438 2384 ὃνταυ
499 2327 618 2384 γαθ¹
683 2326 905 2384 ἕκαστον
965 2325 1041 2399 δὲ,
1090 2326 1207 2382 καθ’
1245 2325 1305 2391 ἀν
1347 2327 1591 2406 ἕκαστον,
1624 2328 1723 2393 τὴν
1756 2327 1940 2381 ἑαυτοῦ

276 2418 513 2484 ἑνότητα
593 2416 879 2497 φυλάττον,
954 2417 1012 2472 οὔ
1070 2414 1346 2494 διαχέεται
1409 2418 1537 2493 πρὸς
1610 2417 1803 2495 φθοράν
1852 2416 1939 2469 καὶ

280 2506 626 2586 ἀνυπαρξίαν,
694 2506 725 2561 ὀί
784 2504 849 2573 δὴ
908 2506 1155 2583 ἀνωτέρω
1213 2506 1367 2561 εἶπεν
1400 2506 1611 2584 ἄπειρον
1656 2508 1741 2560 καὶ
1785 2505 1938 2581 ἀόρι-

278 2619 437 2659 στον.
498 2597 806 2672 Σημείωσαι
861 2594 940 2667 δὲ,
1004 2598 1083 2651 ὃτι
1144 2597 1209 2652 τὰ
1263 2596 1357 2671 μὲν
1391 2597 1487 2652 δὶα
1532 2594 1715 2652 ἕνωσιν
1747 2594 1937 2672 λέγον-

274 2710 373 2745 ται
430 2687 578 2767 ἔχειν
634 2689 763 2765 πρὸς
816 2684 1048 2765 ἂλλῆλα,
1104 2689 1167 2741 τὸ
1210 2683 1264 2740 δέ
1328 2686 1383 2740 ’ἐν
1439 2688 1567 2761 πρὸς
1628 2684 1781 2743 ἑαυτὸ
1814 2685 1934 2739 ἑνό-

273 2793 447 2844 τητα’
478 2779 565 2833 καὶ
624 2779 685 2833 τὸ
735 2777 831 2853 μὲν
882 2775 957 2849 ἕν,
995 2776 1480 2853 συγκρατοόμενον,
1555 2778 1613 2833 οὔ
1662 2774 1936 2853 διαχέεται

274 2868 417 2946 πρὸς
472 2869 535 2924 τὸ
593 2869 834 2943 ἄπειρον,
888 2868 953 2920 τὰ
995 2864 1050 2920 δὲ
1098 2862 1222 2939 ὅλα,
1256 2867 1736 2943 συγκεραννύμενα,
1782 2865 1941 2937 ἀσύγ-

274 2980 427 3038 χοτα
484 2958 751 3033 μένουσιν,
820 2958 876 3013 Εἰ
920 2958 1021 3034 γὰρ
1079 2958 1166 3012 καὶ
1234 2958 1299 3012 τὰ
1343 2970 1624 3037 στοιχεῖα,
1658 2957 1809 3035 φησὶ,
1843 2956 1939 3021 τὴν

274 3050 417 3125 πρὸς
477 3046 688 3115 ἃλληλα
746 3045 1060 3122 συμπλοκὴν
1121 3047 1208 3103 καὶ
1266 3046 1404 3122 μίξιν
1449 3046 1738 3123 ἀδιαίρετον
1772 3045 1939 3125 ἔχου·

2102 1784 2233 1863 §ll.
2270 1784 2532 1846 Primum
2611 1786 2812 1866 itaque
2886 1787 3145 1848 dicimus
3188 1786 3444 1851 divinam
3514 1792 3675 1853 illam

2023 1892 2228 1953 pacem
2264 1873 2626 1935 ineffabilem
2649 1874 2841 1954 ipsius
2867 1893 2971 1953 per
2994 1894 3058 1936 se
3083 1876 3243 1955 pacis
3264 1895 3396 1938 esse
3425 1879 3683 1941 effectri-

2021 1982 2175 2035 cem,
2206 1963 2374 2042 juxta
2402 1965 2666 2025 rationes
2707 1966 2988 2043 superius
3030 1965 3240 2026 allatas
3283 1966 3356 2027 de
3390 1967 3516 2045 ipsa
3539 1970 3678 2032 vita.

2022 2051 2228 2113 Totam
2258 2063 2453 2114 autem
2493 2056 2781 2132 cujusque
2838 2072 3042 2134 pacem
3096 2066 3265 2117 vocat
3315 2058 3679 2139 universam,

2024 2150 2320 2222 quatenus
2368 2144 2589 2209 omnia.
2650 2162 2785 2220 qua:
2829 2145 3058 2205 naturis
3090 2144 3277 2206 divisa
3324 2154 3483 2226 sunt,
3530 2166 3680 2209 con-

2021 2232 2320 2311 ciliantur,
2382 2242 2441 2293 et
2470 2235 2545 2294 ad
2609 2250 2793 2293 unum
2873 2233 3241 2295 desiderium
3324 2242 3681 2315 excitantur;

2021 2322 2502 2402 uniuscujusque
2558 2340 2721 2397 vero,
2780 2332 3077 2401 quatenus
3110 2330 3365 2404 quisque
3388 2326 3680 2388 unitatem

2022 2429 2187 2472 suam
2211 2430 2479 2485 servans,
2511 2412 2760 2471 minime
2804 2412 3023 2472 diffluit
3047 2413 3119 2473 ad
3143 2416 3587 2494 corruptionem
3627 2425 3685 2478 et

2023 2500 2357 2580 interitum,
2377 2520 2509 2580 quae
2534 2499 2809 2579 superius
2833 2504 3060 2563 vocavit
3086 2503 3379 2564 inﬁnitum
3407 2514 3467 2565 et
3489 2505 3681 2567 inter-

2024 2590 2329 2651 minatem.
2382 2593 2531 2652 Nota
2560 2608 2719 2669 vero,
2758 2592 3127 2671 totaquidem
3174 2592 3292 2653 dici
3323 2594 3395 2654 ad
3428 2595 3683 2658 invicem

2024 2680 2247 2740 habere
2297 2680 2818 2759 conjunctionem.
2864 2699 3042 2741 unam
3099 2700 3258 2756 vero,
3313 2683 3387 2743 ad
3416 2684 3683 2765 seipsum

2023 2770 2734 2847 unitatum;atqueunum
2759 2770 2998 2850 quidem
3023 2779 3539 2849 contemperatum
3562 2794 3681 2837 non

2024 2859 2276 2919 dilfundi
2296 2859 2355 2919 in
2378 2861 2829 2940 inlinitum,tota
2846 2878 2984 2921 vero
3004 2862 3317 2922 commista
3334 2881 3575 2926 manere
3596 2866 3686 2926 in-

2024 2948 2364 3011 confusa.Si
2390 2949 2994 3028 enim,inquit,etiam
3017 2949 3317 3011 rlementa
3331 2952 3403 3011 ad
3424 2952 3681 3015 invicem

2024 3040 2453 3099 connexionem
2475 3050 2534 3097 et
2556 3037 2893 3099 mistionem
2909 3040 3265 3101 indivulsam
3287 3042 3685 3125 habent,atta-

276 3160 392 3212 σιν,
453 3135 574 3193 ἀλλ’
644 3136 789 3212 ὅμως
850 3139 901 3192 αἱ
943 3137 1144 3192 τούτων
1204 3138 1489 3203 ποιότητες
1533 3144 1633 3204 τὴν
1672 3137 1940 3213 ἀκρότητα

2030 3146 2166 3188 men
2200 3129 2415 3187 borum
2442 3128 2758 3207 qualitates
2775 3148 2912 3196 suas
2934 3130 3360 3207 extremitates,
3391 3135 3645 3211 v.g.calo
3665 3169 3684 3182 -

275 3228 490 3284 ἑαυτῶν
547 3230 607 3285 οὒ
660 3225 1144 3305 παραπολλύουσιν,
1189 3239 1307 3283 οῖον
1356 3228 1413 3283 τὸ
1472 3229 1686 3304 θερμὸν,
1734 3227 1795 3281 τὸ
1839 3222 1940 3291 ξη-

2027 3235 2179 3291 rem,
2216 3204 2575 3297 siccitatem,
2613 3226 2669 3278 et
2700 3228 2931 3289 caztera,
2970 3218 3217 3281 minime
3261 3204 3598 3301 deperdunt
3623 3225 3685 3286 in

275 3319 400 3396 ρὸν,
434 3319 522 3374 καὶ
576 3319 643 3373 τὰ
674 3316 856 3395 λοιπὰ,
919 3316 973 3371 ἐν
1015 3317 1114 3383 τὴν
1175 3318 1281 3372 τών
1326 3315 1629 3395 ἐτεροέιδῶν
1659 3339 1842 3394 κρασει
1876 3324 1943 3394 τῇ

277 3408 343 3464 ἒν
369 3414 447 3481 τῷ
475 3410 629 3465 παντὶ
687 3406 1045 3485 θεωρουμὲνῃ.
1115 3413 1307 3484 Κρᾶσιν
1362 3408 1461 3484 γὰρ
1521 3407 1739 3464 ἐνταῦθα
1810 3432 1942 3475 νοη-

277 3496 409 3553 τέον
455 3496 513 3554 οὔ
571 3498 669 3564 τὴν
727 3498 801 3559 ὡς
846 3494 931 3550 ἐπὶ
975 3500 1079 3550 τῶν
1110 3496 1282 3573 ὑγρῶο
1314 3496 1521 3574 φύρσιν,
1554 3498 1650 3562 την
1684 3500 1770 3553 καὶ
1802 3499 1944 3578 ἀφα-

278 3589 529 3658 νίζουσαν
584 3588 651 3642 τὰ
718 3587 1062 3660 ὑποκείμενα,
1153 3585 1290 3641 ἀλλὰ
1358 3588 1446 3654 τὴν
1503 3587 1799 3662 σύμπνοιαν
1859 3587 1945 3644 καὶ

279 3676 657 3755 ἀλληλουχίαν
720 3676 814 3743 τὴν
870 3674 924 3730 ἐν
974 3675 1198 3751 ἁρμονία
1274 3673 1637 3753 φυλάττουσαν
1687 3678 1753 3731 τὰ
1812 3679 1938 3757 ὑφε-

280 3766 491 3823 στῶτα.
547 3766 824 3837 Νοήσομεν
878 3770 997 3841 γοῦν
1058 3763 1180 3839 μίαν
1240 3764 1359 3819 τινὰ
1425 3763 1602 3830 ἀπλὴν
1648 3766 1800 3821 οἱονεὶ
1843 3767 1944 3844 φύ-

280 3879 373 3913 σιν
406 3856 619 3931 εἰρήνης
665 3853 1087 3929 ἒνΟεωρουμένην
1114 3853 1237 3916 τοῖς
1290 3858 1469 3927 πᾶσιν,
1506 3853 1725 3909 ἐνοῦσαν
1769 3855 1945 3911 ἅπαν-

278 3968 386 4009 τας
444 3946 628 4021 ἑαυτῇ,
690 3946 777 4000 καὶ
851 3946 917 4000 τὰ
960 3946 1133 4000 πάντα
1193 3941 1471 4021 ὰλλόλοις,
1536 3948 1620 3999 οιαὶ
1665 3946 1730 4000 τὰ
1774 3947 1948 4001 πάντα

282 4034 531 4113 ἑαυτοῖς,
591 4036 679 4090 καὶ
758 4034 1141 4115 φυλάττουσαν,
1202 4035 1289 4089 καὶ
1361 4033 1533 4111 ἀμιγὴ
1596 4036 1684 4091 καὶ
1749 4057 1947 4113 συγκε-

2028 3307 2397 3367 diversarum
2413 3308 2749 3385 specierum
2768 3309 3361 3390 temperatione,qute
3375 3312 3436 3371 in
3450 3314 3686 3377 univer-

2030 3416 2097 3457 so
2120 3396 3049 3476 conepicitur.Temperationem
3082 3408 3276 3459 autem
3304 3400 3417 3462 hoc
3442 3402 3574 3464 loco
3599 3406 3689 3465 in-

2030 3485 2299 3563 telligere
2317 3496 2705 3564 oportei,non
2740 3504 2868 3547 eam
2888 3487 3094 3567 qumin
3128 3488 3392 3550 humidis
3418 3492 3687 3567 ﬁt,com-

2034 3576 2537 3655 mistionem,quze
2568 3585 2624 3636 et
2656 3576 2925 3655 subjecta
2955 3577 3420 3657 corrumpit;sed
3453 3583 3690 3664 conspi-

2030 3666 2356 3727 rationem:
2391 3676 2449 3725 et
2482 3666 2654 3725 unius
2684 3665 2757 3726 ab
2788 3667 2973 3728 altero
3007 3667 3239 3747 depend
3258 3670 3503 3751 entiam,
3552 3692 3688 3750 quae

2032 3757 2089 3815 in
2122 3774 2407 3835 cOiupage
2432 3756 2688 3816 custodit
2716 3775 2786 3817 ea
2815 3776 2946 3837 qua;
2966 3756 3237 3819 subsunt.
3269 3760 3687 3840 Intelligcmus

2030 3845 2230 3925 itaque
2263 3865 2438 3906 unam
2473 3847 2791 3926 quamdam
2825 3847 3162 3927 simplicem
3209 3850 3377 3929 quasi
3411 3862 3681 3916 naturam

2033 3939 2194 4015 pacis
2224 3936 2285 3997 in
2318 3938 2596 3997 omnibus
2657 3938 3117 4012 consideratam,
3154 3940 3357 4000 omnia
3388 3940 3506 4003 sibi
3540 3944 3687 4025 ipsi,

2032 4038 2090 4085 et
2122 4027 2322 4087 omnia
2352 4026 2510 4087 inter
2538 4045 2626 4100 se,
2660 4038 2836 4107 atque
2876 4026 3076 4088 omnia
3119 4046 3324 4089 secum
3359 4030 3504 4109 ipsis
3538 4054 3690 4097 con-

278 4124 547 4205 κραμὲνα⁶
581 4124 775 4202 ἀμιγῆ,
833 4126 899 4193 τῆ
954 4123 1053 4196 ἰδίᾳ
1111 4124 1333 4181 ἑκάστου
1392 4125 1638 4191 ποιότητι
1680 4143 1693 4156 ⁶
1752 4147 1940 4203 συγκε-

2026 4117 2409 4197 jungentem,
2466 4136 2577 4178 nec
2630 4136 2746 4177 non
2804 4118 3063 4180 immista
3112 4127 3170 4178 et
3231 4128 3690 4201 contemperata

282 4214 555 4294 κραμένα,
588 4220 656 4292 τῇ
704 4216 833 4292 πρὸς
890 4213 1102 4279 ἀλληλα
1133 4212 1293 4289 μίξει.
1357 4213 1453 4269 Διὰ
1484 4217 1680 4280 ταῦτην
1712 4217 1757 4272 οἰ
1809 4220 1940 4273 θεῖοι

2029 4218 2485 4269 conservantem
2499 4209 2798 4283 ;immista,
2811 4208 3051 4289 propria
3068 4209 3359 4287 cujusque
3376 4214 3687 4295 qualitate;

283 4306 411 4369 νόες
470 4304 705 4361 ἑνοῦνται
766 4306 857 4361 καὶ
937 4304 1030 4366 τὰς
1115 4305 1360 4373 νοήσεσιν
1418 4304 1620 4359 ἑαυτῶν
1676 4306 1765 4360 καὶ
1820 4306 1940 4369 τοῖς

2028 4306 2496 4378 contemperata,
2528 4299 2602 4358 ad
2635 4298 2889 4359 invicem
2918 4299 3221 4360 mistione.
3252 4299 3368 4359 Per
3411 4303 3563 4364 hanc
3599 4308 3695 4367 di-

286 4394 821 4469 νοουμὲνοις’νοοῦσι
873 4395 971 4472 γὰρ
1029 4395 1115 4449 καὶ
1175 4394 1414 4466 ἑαυτοὺς,
1483 4395 1567 4448 ἰαὶ
1624 4397 1745 4458 τοὺς
1807 4397 1940 4451 ἑπα-

2032 4388 2182 4448 vinze
2214 4396 2440 4449 mentes
2486 4388 2768 4449 uniuntur
2796 4407 2927 4448 cum
2979 4390 3103 4449 suis
3152 4390 3688 4475 intellectionibus,

284 4482 674 4563 ναϐεϐηκότας,
731 4484 827 4540 καὶ
872 4482 947 4539 ἔτι
1004 4484 1069 4539 τὰ
1117 4480 1489 4559 ὑποδεέστερα.
1551 4480 1729 4541 ’Ὅταν
1764 4487 1852 4540 οὖν
1883 4491 1940 4544 τὰ

2035 4486 2158 4537 tum
2191 4479 2375 4538 rebus
2396 4477 2711 4538 intellectis
2745 4498 2757 4539 :
2786 4478 3127 4555 intelligunt
3157 4479 3317 4539 enim
3345 4490 3403 4541 et
3434 4484 3688 4563 seipsas,

290 4578 495 4633 ὲαῦτῶν
540 4576 820 4653 ἐνεργῶσι,
898 4574 987 4630 καὶ
1046 4574 1263 4636 ἑαυτοὺς
1324 4573 1512 4643 νοῶσι,
1576 4586 1696 4638 ταῖς
1729 4576 1940 4642 οἰκείαις

2034 4574 2093 4627 et
2122 4566 2487 4646 superiores,
2512 4568 2961 4648 atqueinsuper
2989 4566 3299 4633 inferiora.
3329 4569 3579 4642 Quando
3616 4578 3697 4639 ita

288 4666 531 4723 ἐνοῦνται
590 4665 859 4734 νοήσεσιιο
918 4663 1043 4719 ὅταν
1101 4661 1155 4718 δέ
1214 4664 1279 4718 τὰ
1337 4660 1734 4741 ὑπερϐεϐηκότα
1801 4664 1835 4731 ἢ
1884 4668 1940 4723 τᾶ

2032 4675 2148 4737 que
2196 4676 2332 4738 quae
2393 4668 2551 4732 sunt,
2607 4668 2837 4732 curant,
2907 4668 2966 4718 et
3023 4659 3382 4739 semetipsas
3465 4664 3693 4727 intelli-

288 4752 665 4821 ὕποϐεϐηκότα
721 4760 906 4827 νοῶσι,
963 4752 1082 4808 τότε
1142 4754 1381 4809 ἐνοῦνταὶ
1444 4751 1565 4814 τοῦς
1615 4754 1941 4830 νοουμένοις,

293 4848 367 4903 Τὸ
413 4845 513 4923 γὰρ
543 4851 693 4900 νοοῦν
725 4844 794 4910 τῆ
824 4846 1019 4921 γνώσει
1064 4843 1268 4898 ἑνοῦται
1302 4849 1376 4915 τῷ
1420 4841 1728 4919 γνωσθέντι,
1764 4846 1837 4907 ὡς
1868 4848 1955 4902 καὶ

292 4939 321 4993 ὁ
380 4936 585 5013 ἀγνοῶν
631 4931 994 5005 σκεδάννυται,
1055 4935 1115 4989 οὗ
1179 4930 1493 4987 καταλαϐων
1528 4934 1555 4986 ὃ
1606 4933 1683 5007 μὴ
1741 4934 1952 5001 ἐνόησε,

295 5027 445 5081 Μετὰ
476 5022 532 5079 δὲ
587 5024 781 5084 ταύτας
831 5023 925 5085 τάς
978 5021 1190 5087 ἐνώσεις
1226 5019 1412 5101 (αἴπερ
1444 5022 1539 5077 οὒκ
1580 5019 1643 5076 ἄν
1687 5021 1954 5102 ἐγένοντο,

294 5118 339 5172 εἰ
374 5116 451 5189 μὴ
483 5114 719 5192 είρήνευε
748 5113 921 5173 καθὼς
952 5110 1067 5167 καθ’
1104 5111 1288 5167 ἑαυτὸν
1320 5113 1347 5167 ὁ
1376 5117 1533 5185 νοῶν,
1571 5111 1606 5178 ἢ
1631 5113 1738 5186 μὴν
1770 5115 1797 5168 ὃ
1820 5117 1956 5170 νοῶν

294 5208 427 5284 πρὸς
473 5206 540 5261 τὰ
593 5202 904 5279 νοούμενα),
968 5204 1057 5258 ἒπι
1114 5202 1213 5267 τὴν
1270 5201 1542 5280 ἄγνωστον
1602 5201 1808 5268 ἐκείνην
1868 5212 1955 5265 καὶ

292 5296 439 5352 Θείαν
498 5292 752 5369 ἀνὰγεται
826 5291 1087 5369 συναφὴν.
1152 5290 1313 5347 Πά)ιν
1374 5290 1461 5347 ἐπὶ
1514 5297 1621 5347 τῶν
1684 5290 1956 5369 ἣμετέρων

299 5390 495 5465 ψυχῶν
537 5381 813 5461 ἐνδέχεται
850 5379 1122 5459 εὑρεθῆναι
1186 5380 1359 5456 ἆμερῆ
1404 5381 1493 5436 καὶ
1554 5379 1715 5436 ἀϋλον
1747 5381 1953 5455 νόησιν,

297 5476 428 5531 ὃταν
459 5473 581 5536 τοὺς
625 5469 997 5532 παντοδαποὺς
1042 5467 1332 5547 λογισμοὺς
1391 5472 1522 5548 πρὸς
1581 5471 1703 5545 μίαν
1777 5471 1959 5544 νοερὰν

301 5563 642 5641 καθαρότητα
719 5559 1057 5639 συναγάγωσι
1159 5560 1281 5617 τότε
1338 5561 1438 5639 γὰρ
1507 5564 1595 5617 καὶ
1666 5561 1762 5629 τὴν
1831 5561 1960 5638 ὑπὲρ

386 5742 407 5787 ί
436 5739 572 5802 Act.
604 5754 646 5815 ι,
677 5734 778 5799 23.

2030 4756 2196 4825 gunt,
2235 4747 2490 4827 propriis
2534 4747 3044 4809 intellectionibus
3076 4750 3367 4812 uniuntur
3405 4773 3421 4829 ;
3454 4758 3693 4833 quando

2039 4856 2176 4898 vero
2208 4838 2521 4917 superiora
2544 4838 2633 4898 vel
2670 4839 2951 4900 inferiora
2978 4839 3491 4921 intelltgunt,tunc
3514 4845 3696 4907 rebus

2038 4927 2361 4995 intellectis
2390 4927 2855 5007 conjunguntur.
2893 4928 3063 5000 Quod
3098 4932 3255 4990 enim
3284 4930 3699 5014 intelligit,per

2041 5019 2435 5095 cognitionem
2467 5018 2555 5078 rei
2588 5018 2836 5097 cognita;
2867 5019 3251 5099 conjungitur
3285 5042 3300 5094 ;
3333 5022 3487 5084 sicut
3518 5026 3695 5085 etiam

2039 5106 2321 5186 ignorans
2376 5107 2660 5169 dividitur
2719 5126 2839 5169 non
2870 5111 3395 5190 comprehendens
3428 5113 3485 5173 id
3537 5116 3697 5194 quod

2040 5197 2545 5276 ignoravit.l’orro
2575 5207 2705 5278 post
2729 5199 2907 5260 hasce
2932 5202 3353 5281 unionequuaa
3380 5222 3497 5264 non
3525 5206 3700 5267 exsti-

2039 5287 2975 5367 tissent,nisiintelligenssecum
2990 5289 3121 5369 ipse
3134 5293 3698 5372 quodammodo,vel

2041 5385 2207 5439 certe
2221 5376 2361 5437 518
2375 5396 2509 5438 cum
2525 5378 2704 5440 rebus
2718 5378 3039 5441 intellectis
3059 5398 3265 5461 pacem
3297 5381 3700 5465 invisisset)ad

2041 5467 2312 5546 ignotum
2340 5466 2507 5529 illum
2532 5468 2919 5550 divinumque
2942 5478 3321 5533 contractum
3355 5472 3696 5536 adducitur.

2044 5559 2305 5620 Rursum
2322 5556 2383 5618 in
2398 5558 2614 5620 animis
2632 5559 2853 5622 nostris
2869 5560 3138 5638 reperire
3169 5560 3307 5624 licet
3330 5561 3699 5626 individuam
