4052 6418
424 355 540 428 967
1598 358 1658 422 S.
1720 359 2060 425 DIONYSII
2100 355 2628 424 AREOPAGITE.
3707 359 3832 430 968

429 501 675 576 Quando
719 508 916 562 autem
965 498 1190 560 dicitur
1240 496 1398 558 Deus
1450 513 1558 576 per
1601 513 1666 556 se
1716 494 1857 570 vita,
1897 514 2076 574 supra

2179 498 2311 575 ρύσιν
2367 497 2604 578 λέγεται,
2661 497 2824 575 ἣγουν
2871 496 2963 555 καὶ
3017 498 3149 574 ὺπὲρ
3194 493 3454 576 ἀγγέλους
3511 503 3596 557 καὶ
3641 507 3827 558 πᾶσαν

430 609 669 654 omnem
696 598 966 651 naturam
984 586 1224 662 dicitur,
1247 585 1301 646 id
1328 595 1415 647 est
1439 585 1617 646 etiam
1635 604 1814 666 supra
1838 585 2082 664 angelos

2179 589 2349 663 ,γοερὰν
2392 589 2589 650 οὐσίαν,
2632 586 2719 653 Ἐξ
2764 589 2882 652 ἑνὸς
2933 585 2988 643 δὲ
3045 588 3141 654 τῆς
3188 589 3354 669 ζωῆς,
3400 591 3486 646 καὶ
3538 592 3656 669 περὶ
3713 590 3831 647 τῶν

427 698 789 762 omnemque
820 677 1206 739 substantiam
1241 675 1586 753 spiritalem.
1623 672 1706 736 Ex
1737 693 1856 735 uno
1881 685 2076 735 autem

2179 677 2364 750 ὃμοίων
2421 678 2620 751 ὁμοίως
2670 679 2812 753 ἡμᾶς
2858 676 2943 734 δεῖ
2996 690 3159 736 νοεῖν.
3220 667 3312 740 Ὠς
3357 679 3480 756 γοῦν
3511 667 3829 737 ἐπ’νᾶλλων

431 771 704 852 exemplo
731 770 881 843 vitae,
911 787 1018 829 nos
1043 771 1220 828 etiam
1243 766 1318 827 de
1345 765 1645 827 similibus
1670 764 1952 826 similiter
1976 785 2077 826 co-

2179 767 2413 822 ιίτιατῶν
2467 769 2776 846 εὒρίσκομεν
2806 769 2898 824 τὸν
2952 769 3082 823 Θεὸν
3132 768 3221 824 καὶ
3261 767 3366 824 ἀπὸ
3411 767 3611 826 τούτων
3655 768 3831 847 λεγό-

432 864 623 944 gitare
649 867 904 941 oportet.
941 856 1457 930 Quemadmodum
1479 856 1656 935 igitur
1676 855 1734 916 in
1763 853 1899 917 aliis
1925 856 2076 917 etre-

2179 877 2346 935 ιενον,
2384 857 2468 911 καὶ
2519 856 2682 916 πάλιν
2729 857 2858 936 ὅπερ
2906 859 3070 914 ταῦτα
3126 856 3274 939 ὄντα,
3307 869 3406 936 πῦρ
3457 861 3542 915 Ααὶ
3583 860 3717 939 ὑπὲρ
3767 861 3831 915 τὸ

435 953 545 1014 ctis
575 949 933 1032 reperimus,
972 949 1159 1010 Deum
1194 952 1371 1006 etiam
1395 963 1465 1006 ex
1483 946 1575 1007 his
1594 946 1843 1026 dictum,
1871 958 1928 1007 et
1949 964 2077 1006 rur-

2179 951 2285 1024 ι.ῦρ²
2322 948 2440 1002 νοῦν
2491 947 2578 1003 καὶ
2635 948 2766 1024 ὑπὲρ
2824 949 2913 1003 τὸν
2971 950 3114 1024 νοῦν,
3174 955 3382 1023 πνεῦμα
3443 953 3527 1006 καὶ
3581 951 3714 1027 ὑπὲρ
3768 951 3831 1005 τὸ

435 1062 563 1104 sum
607 1058 784 1121 supra
816 1040 942 1100 hmc
975 1037 1262 1112 existere,
1301 1037 1496 1115 ignem
1545 1043 1602 1096 et
1642 1054 1821 1114 supra
1854 1036 2077 1113 ignem,

439 1139 696 1195 mentem
721 1139 779 1191 et
802 1145 980 1208 supra
1005 1134 1294 1207 mentem,
1314 1126 1588 1206 spiritum
1622 1135 1680 1187 et
1711 1144 1890 1204 supra
1913 1125 2083 1206 spiri-

440 1233 588 1303 tum,
641 1222 727 1283 sic
775 1219 950 1281 etiam
1008 1235 1112 1297 per
1160 1234 1224 1277 se
1271 1217 1385 1278 vita
1437 1215 1656 1276 dicitur
1708 1223 1981 1295 tanquam
2017 1233 2084 1276 ex

440 1314 678 1391 etl‘ectu,
713 1319 772 1371 et
803 1325 981 1386 supra
1030 1313 1242 1386 ipsam.
1298 1305 1452 1379 Quid
1507 1324 1670 1386 vero,
1706 1305 1962 1384 inquies,
1998 1313 2087 1366 est

439 1404 564 1465 haec
598 1419 701 1482 per
723 1417 787 1461 se
808 1400 945 1478 vita,
968 1398 1136 1477 cujus
1175 1398 1426 1458 eti'ector
1459 1403 1517 1456 et
1548 1413 1728 1458 causa
1760 1394 1915 1456 Deus
1947 1394 2085 1456 est?

438 1512 575 1556 num
604 1499 692 1553 est
711 1508 809 1552 res
841 1506 944 1568 per
974 1505 1040 1549 se
1070 1485 1422 1559 subsistens,
1451 1485 1633 1547 etiam
1662 1485 1994 1548 secundum
2019 1503 2084 1547 se

425 1576 973 1646 considerata?Non
996 1577 1110 1636 hoc
1130 1575 1412 1651 dicimus;
1444 1593 1563 1636 non
1586 1574 1746 1637 enim
1771 1583 1860 1636 est
1881 1575 2086 1652 aliqua

431 1671 783 1744 substantia,
829 1667 950 1730 sive
983 1666 1186 1727 divina
1210 1665 1334 1727 sive
1362 1665 1653 1743 angelica,
1685 1665 1832 1728 illud
1879 1684 1986 1746 per
2021 1683 2086 1726 se

431 1780 565 1824 esse
597 1777 770 1821 causa
803 1757 1080 1818 essentia:
1113 1757 1405 1837 omnium,
1437 1756 1529 1817 vel
1562 1773 1669 1836 per
1702 1774 1767 1818 se
1794 1756 1935 1828 vita,
1972 1773 2088 1836 qua

430 1854 690 1912 viventia
725 1850 923 1908 vivunt
953 1848 1170 1924 (solum
1197 1846 1356 1906 enim
1393 1849 1462 1922 is,
1495 1845 1594 1926 qui
1627 1856 1719 1908 est
1749 1845 2088 1907 substantia

2165 1042 2393 1110 πνεῦμα·
2457 1036 2624 1100 οἚτως
2683 1039 2770 1093 καὶ
2858 1039 3100 1108 αὐτοζωὴ
3159 1039 3231 1101 ὡς
3302 1037 3355 1104 ἒξ
3415 1040 3675 1114 αἰτιατοῦ,
3743 1041 3832 1096 καὶ

2168 1125 2300 1200 ὑπὲρ
2355 1128 2541 1195 αὖτήν,
2590 1128 2649 1182 Τί
2701 1125 2779 1206 δὲ,
2813 1127 3014 1200 εἴποις,
3074 1127 3214 1183 ἔστιν
3272 1127 3405 1194 αὕτη
3467 1131 3497 1196 ἦ
3554 1129 3826 1202 «homo.

2175 1215 2235 1282 ἧς
2286 1218 2311 1271 6
2341 1217 2467 1280 Θεὸς
2495 1217 2796 1282 ὑποστάτης
2830 1218 2917 1272 καὶ
2964 1217 3140 1281 αἴτιος
3179 1237 3195 1291 ;
3227 1218 3323 1294 ἆρα
3357 1219 3722 1298 αὖθύπαρκτὸν
3773 1241 3832 1274 τι

2173 1311 2394 1383 πρᾶγμα
2430 1306 2516 1361 καὶ
2554 1306 2668 1361 καθ’
2704 1305 2828 1361 αὐτὸ
2875 1309 3234 1383 θεωρούμενον
3273 1325 3294 1380 ;
3350 1307 3422 1365 Οὔ
3453 1317 3606 1367 τοῦτο
3660 1307 3830 1386 λέγο-

2172 1411 2291 1469 μεν·
2339 1392 2456 1452 οὐδὲ
2515 1397 2610 1473 γὰρ
2668 1394 2778 1452 ἐστί
2821 1419 2901 1460 τις
2960 1397 3127 1471 οὐσία,
3183 1397 3218 1465 ἢ
3277 1399 3390 1454 θεία
3447 1397 3485 1466 ἢ
3532 1397 3827 1477 ἆγγελικη,

2170 1485 2230 1540 τὸ
2286 1489 2553 1543 αῦτοεῒναι
2586 1487 2722 1542 αἰτία
2750 1487 2842 1541 10-3
2885 1488 3125 1542 εἶναιτὰ
3173 1486 3371 1566 πάντα,
3408 1487 3444 1554 ἢ
3490 1489 3525 1555 ἡ
3586 1487 3832 1558 αῦτοζωὴ

2169 1577 2260 1630 τοῦ
2315 1581 2412 1651 ζῇν
2455 1575 2521 1632 τὰ
2564 1579 2738 1645 ζῶντα
2797 1573 2986 1654 (μόνον
3030 1576 3131 1655 γὰρ
3174 1583 3269 1633 τοῦ
3327 1575 3573 1633 εἶναιτὰ
3628 1577 3830 1649 πάντα,

2169 1666 2379 1722 καὶτοῦ
2433 1665 2602 1744 εἶναι,
2635 1667 2726 1720 καί
2775 1667 2902 1722 αὐτὸ
2930 1667 2990 1722 τὸ
3029 1665 3083 1721 ἐν
3129 1679 3246 1730 τοῖς
3274 1665 3417 1723 οὖσιν
3472 1667 3643 1747 εἶναι,
3681 1666 3832 1746 ἀρχὴ

2170 1757 2257 1810 καὶ
2300 1756 2440 1810 αἰτία
2489 1757 2630 1810 εστὶν
2685 1756 2719 1822 ἡ
2772 1755 3078 1832 ὑπερούσιος
3129 1755 3329 1835 οὗσία).
3372 1757 3479 1814 Οὔκ
3533 1754 3646 1812 ἔστι
3705 1764 3834 1834 γοῦν

2173 1846 2342 1900 εἰπεῖν
2401 1844 2632 1924 ἀρχικὰς
2663 1851 2769 1899 τῶν
2823 1843 2990 1900 ὄντων
3047 1846 3135 1901 καὶ
3184 1843 3570 1924 δημιουργικὰς
3622 1847 3827 1916 οὖσίας,

431 1920 1040 2021 suprasubstantialis,
1078 1920 1531 2016 principiumet-
1557 1955 1738 1999 causa
1761 1945 1848 1998 est
1878 1946 1940 1998 ut
1969 1936 2088 1997 sint

2179 1920 2532 2014 καθώσπερτοὶ
2595 1924 2892 2001 ΗΕλληνες,
2930 1934 3161 1999 πολλοὺς
3217 1920 3392 2001 θεοὺς-
3419 1920 3830 2016 σχεδιάσαντες,

436 2032 638 2093 omnia
657 2047 788 2106 qua)
815 2036 973 2107 sunt,
997 2037 1054 2088 et
1082 2027 1276 2106 ipsum
1299 2029 1477 2103 esse).
1505 2027 1636 2088 Non
1665 2027 1862 2107 itaque
1885 2025 2088 2088 dicere

2179 2027 2256 2087 :6;
2320 2023 2437 2080 οὔτε
2512 2026 2657 2080 αὐτοὶ
2728 2024 2972 2101 ᾔδεισαν,
3039 2024 3156 2082 οὔτε
3215 2027 3262 2082 οἱ
3333 2026 3559 2104 πατέρες
3634 2029 3834 2090 αῦτῶν,

435 2121 597 2199 licet,
634 2117 994 2198 principales
1023 2114 1309 2194 quasdam
1353 2133 1489 2176 esse
1538 2133 1738 2176 rerum
1790 2133 1997 2176 causas
2029 2123 2089 2176 et

2179 2113 2339 2170 Ἀλλὰ
2380 2113 2544 2171 ταῦτᾶ
2601 2136 2796 2194 φαμεν,
2852 2115 3093 2195 ἆρχικῶς
3129 2116 3227 2190 μὲν
3285 2118 3372 2172 καὶ
3418 2118 3667 2181 αἰτιατῶς
3728 2117 3828 2173 αὖ-

437 2209 730 2271 essentias
745 2203 1643 2283 conditrices,quemadmodum
1661 2205 1915 2282 gentiles
1939 2205 2091 2266 mul-

2179 2207 2262 2263 τὸν
2317 2207 2409 2261 τὸν
2455 2206 2611 2285 Θεὸν,
2645 2205 2857 2284 αὗτοὸν,
2919 2206 3219 2284 οιῦτοζωὴν³
3265 2205 3640 2272 αῦτοθεὸτητα·
3690 2209 3829 2279 μεθ-

439 2307 529 2359 tos
554 2299 699 2360 deos
729 2294 1129 2367 ellutiverunt,
1173 2312 1322 2374 quos
1354 2312 1465 2356 nec
1500 2293 1609 2374 ipsi
1663 2313 1859 2374 neque
1893 2303 2089 2374 patres

441 2406 648 2450 eorum
683 2385 1008 2446 sciverunt.
1058 2384 1349 2446 Caeterum
1405 2383 1532 2445 haec
1573 2382 1830 2444 dicimus
1861 2385 2091 2465 princi-

443 2475 932 2560 pialiterquidem
968 2484 1028 2535 et
1047 2472 1365 2535 causaliter
1390 2473 1582 2554 ipsum
1616 2472 1800 2535 Deum
1828 2492 1961 2536 esse
1987 2493 2094 2554 per

439 2587 505 2629 se
554 2585 684 2642 ens,
738 2583 843 2646 per
871 2583 936 2626 se
967 2564 1168 2637 vitam,
1205 2581 1313 2642 per
1362 2581 1427 2624 se
1476 2563 1806 2635 deitatem;
1853 2582 2088 2626 rursum

439 2659 568 2720 53H
632 2673 772 2718 vero
807 2654 1152 2734 participate
1194 2651 1474 2731 largiens,
1527 2653 1793 2733 inquam,
1850 2654 2092 2715 virtutes

441 2745 930 2831 providentiales.
968 2746 1113 2805 Cum
1141 2746 1300 2805 enim
1327 2743 1483 2804 Deus
1503 2743 2019 2823 imparticipabilis
2037 2753 2095 2805 et

443 2834 860 2911 participabilis
882 2835 970 2898 sit,
993 2832 1484 2904 imparticipabilis
1509 2833 1739 2903 quidem
1770 2833 2092 2890 stcundum

442 2928 744 2988 essentiam
767 2923 936 2996 (nihil
959 2926 1114 2979 enim
1128 2937 1326 2980 eorum
1345 2936 1467 2993 quae
1481 2931 1612 2979 sunt
1635 2922 2094 2993 essentiaajpstus

443 3021 744 3103 particeps
775 3016 996 3096 existit,
1047 3012 1342 3094 siquidem
1398 3013 1728 3073 secundum
1786 3011 2094 3103 propriam

445 3102 715 3173 naturam
747 3107 943 3168 existit
975 3121 1153 3182 supra
1185 3120 1254 3164 ea
1285 3120 1419 3178 qum
1456 3105 1619 3180 sunt)
1663 3102 2096 3184 participabilis

446 3218 585 3262 vero
607 3196 940 3260 secundum
970 3193 1191 3255 amicas
1213 3193 1343 3272 ejus
1372 3191 1855 3273 participationes
1878 3211 1946 3254 ac
1978 3192 2093 3253 dis-

2174 2301 2342 2359 εκτῶς
2399 2293 2454 2352 δὲ
2505 2293 2672 2354 πάλιν
2731 2301 2918 2374 ταῦτα⁷
2951 2297 3090 2376 φημὶ
3147 2297 3240 2359 τὰς
3294 2293 3630 2372 ὲιιδιδομένας
3687 2319 3838 2374 προ-

2176 2386 2428 2452 νοητικὰς
2485 2384 2754 2460 δυνάμεις,
2819 2383 3038 2453 Ἐπειδὴ
3097 2386 3197 2465 γὰρ
3255 2388 3282 2443 6
3328 2387 3460 2450 Θεὸς¹
3518 2389 3608 2443 καὶ
3665 2386 3841 2462 ἀμέθ-

2175 2477 2326 2536 εκτός
2386 2475 2498 2531 ἐστι
2559 2477 2645 2531 καὶ
2706 2477 2983 2550 μεθεκτὸς,
3040 2475 3332 2550 ἆμέθεκτος
3387 2476 3485 2552 μὲν
3542 2477 3685 2532 κατὰ
3744 2476 3843 2544 τήν

2175 2565 2355 2621 οὐσίαν
2410 2566 2534 2644 (τῆς
2568 2565 2664 2642 γὰρ
2696 2565 2873 2628 οζσίας
2928 2565 3086 2622 αὗτοῦ
3116 2564 3262 2622 οὐδὲν
3305 2567 3413 2622 τῶν
3470 2565 3640 2622 ὄντων
3675 2565 3842 2641 μετέ-

2175 2677 2290 2735 χει,
2350 2656 2480 2733 ὑπὲρ
2524 2656 2588 2711 τὰ
2637 2653 2764 2711 ὄντα
2816 2657 2916 2732 γάρ
2963 2657 3074 2711 ἔστι
3123 2656 3261 2712 κατὰ
3302 2657 3398 2724 τὴν
3448 2655 3584 2712 ἰδιαν
3639 2657 3844 2735 φύσι-ι’)

2176 2746 2426 2820 μεθεκτὸς
2479 2742 2533 2800 δὲ
2591 2745 2725 2800 κατὰ
2784 2747 2878 2808 τὰς
2930 2743 3252 2825 φιλοδώροῦς
3309 2745 3467 2802 αὐτοῦ
3517 2744 3840 2821 μεταδόσεις

2175 2837 2262 2891 κάξ
2319 2833 2539 2913 δωρεὰς,
2599 2838 2727 2891 καθὸ
2787 2837 2960 2891 πάντα
3033 2837 3095 2892 τά
3154 2834 3282 2892 ὅντα
3337 2837 3496 2895 αὖτοῦ
3580 2836 3836 2916 μετέχει,

2182 2923 2275 2979 καῖ
2321 2916 2388 2979 δι’
2420 2925 2578 2982 αὐτοῦ
2636 2923 2950 2991 συνέστηκε,
3018 2927 3089 2983 Τὸ
3147 2927 3246 3002 γὰρ
3295 2927 3372 2999 μὴ
3403 2925 3641 3006 μετέχον
3686 2930 3843 2984 αὐτοῦ

2180 3013 2296 3069 οὔτε
2354 3013 2516 3089 ἐστὶν,
2585 3015 2701 3069 οὔτε
2761 3014 2934 3088 ἔσται,
2980 3017 3098 3071 οὔτε
3149 3017 3242 3082 ἦν·
3305 3014 3386 3072 διὰ
3454 3024 3615 3073 τοῦτο
3672 3018 3738 3072 10
3786 3015 3840 3070 ’ὃν

2179 3105 2406 3184 μετέχει
2469 3110 2562 3160 τοῦ
2623 3104 2926 3173 αὖτοοντος,
2989 3106 3082 3162 οὐκ
3144 3106 3301 3162 αὺτοῦ
3371 3112 3463 3162 τοῦ
3525 3106 3692 3162 αἰτίου
3755 3113 3843 3163 τοῦ

2176 3195 2332 3254 ὒντος
2381 3196 2532 3268 Θεοῦ,
2571 3197 2735 3261 αὐτῆς
2789 3192 2994 3262 δηλαδὴ
3041 3199 3138 3261 τῆς
3184 3199 3384 3274 οὐσίας,
3417 3194 3552 3252 ἀλλὰ
3599 3197 3696 3252 τοῦ
3749 3198 3844 3252 αὖ·

449 3288 830 3368 tributiones,
850 3292 1142 3362 quatenus
1155 3301 1252 3344 res
1267 3301 1477 3344 omnes
1495 3283 1686 3362 ipsum
1715 3283 2090 3362 participant,

2180 3285 2394 3348 τοόντος
2449 3289 2544 3360 τῇς
2579 3282 2776 3363 δωρεᾶς
2840 3284 3022 3366 αὒτοῦ,
3055 3283 3174 3341 καθ’
3219 3286 3284 3354 ἢν
3335 3288 3422 3342 καὶ
3461 3286 3606 3342 ἔστιν
3637 3288 3665 3342 6
3714 3287 3846 3347 Θεὸς

448 3390 507 3443 et
536 3397 642 3461 per
667 3379 863 3458 ipsum
896 3373 1252 3439 consistunt.
1288 3375 1433 3434 Nam
1468 3373 1521 3434 id
1559 3373 1713 3453 quod
1746 3391 1865 3433 non
1899 3374 2093 3435 existit

2180 3376 2455 3450 μεθεκτός.
2513 3375 2746 3454 Μετέχει
2792 3375 2952 3432 πάλιν
2999 3377 3058 3431 τὸ
3101 3381 3205 3446 ζῶν
3255 3379 3355 3443 τῆς
3413 3379 3718 3456 αὒτοζωῆς,
3753 3378 3849 3434 οὐκ

447 3472 579 3551 ejus
611 3466 932 3548 particeps,
957 3479 1154 3540 neque
1175 3470 1284 3537 est,
1321 3479 1515 3543 neque
1547 3463 1684 3538 erit,
1719 3482 1914 3543 neque
1937 3472 2089 3544 erat;

2181 3467 2346 3532 αὐτῆς
2389 3466 2488 3531 τῆς
2519 3467 2659 3527 θείας
2691 3467 2894 3541 οὔσίας,
2929 3465 3066 3522 ἀλλὰ
3119 3467 3214 3535 τῆς
3247 3466 3301 3523 ὲν
3334 3471 3478 3541 αὒτῷ
3529 3469 3843 3546 αὗτοζωῆς,

446 3559 724 3642 quocirca
754 3573 862 3618 ens
915 3553 1226 3635 participat
1280 3570 1385 3632 per
1435 3571 1500 3614 se
1549 3570 1678 3628 ens,
1732 3571 1851 3613 non
1904 3555 2092 3632 ipsam

2181 3556 2279 3623 τῆς
2310 3557 2450 3619 Θείας
2480 3557 2616 3636 φημὶ
2647 3555 2871 3637 δωρεᾶς,
2902 3556 3023 3613 καθ’
3066 3556 3133 3625 ἣν
3164 3559 3251 3614 καὶ
3283 3579 3579 3638 μετεχεται
3611 3561 3640 3614 ὁ
3679 3556 3843 3620 Θεός.

445 3667 682 3714 causam
717 3646 973 3707 entitatis
1008 3647 1193 3706 Deum
1239 3648 1424 3723 ipsam
1466 3642 1696 3704 scilicet
1741 3643 2094 3712 essentiam.

2182 3647 2357 3705 Ταῦτα
2389 3645 2568 3724 ἔλεγεν
2589 3645 2883 3726 ἔμπροσθεν
2914 3648 3000 3702 καὶ
3025 3645 3144 3713 εἴδη
3174 3649 3264 3704 καί
3292 3649 3728 3727 παραδείγματα,
3759 3650 3851 3704 καὶ

443 3740 548 3803 sed
580 3737 1062 3801 distributionem
1093 3734 1282 3814 ipsius
1330 3750 1436 3812 per
1467 3751 1530 3794 se
1558 3737 1732 3808 entis,
1762 3733 2094 3795 secundum

2180 3743 2559 3816 προορισμοὺς,
2614 3739 2671 3794 οὑ
2741 3736 3130 3816 παριστάμενος
3202 3739 3280 3812 τῷ
3355 3739 3686 3812 Πλατωνικῷ
3749 3735 3848 3794 δό-

448 3849 622 3912 quam
657 3827 834 3890 etiam
864 3826 1022 3886 Deus
1053 3821 1478 3904 participabilis
1510 3823 1728 3884 existit.
1780 3821 2100 3904 Participat

451 3924 589 3982 item
623 3919 680 3979 id
717 3915 875 3998 quod
915 3915 1075 3990 vivit,
1107 3931 1212 3992 per
1241 3932 1305 3973 se
1339 3915 1537 3993 vitam,
1571 3932 1690 3972 non
1725 3912 1909 3992 ipsam
1941 3913 2095 3974 divi-

450 4027 586 4071 nam
621 4005 966 4076 essentiam,
1001 4004 1103 4065 sed
1141 4005 1324 4082 ipsam
1359 4021 1491 4083 quae
1521 4004 1578 4063 in
1614 4003 1742 4083 ipso
1768 4010 1858 4063 est
1901 4021 2006 4084 per
2033 4021 2098 4064 se

449 4099 654 4179 vitam,
673 4095 961 4176 divinam,
980 4092 1763 4173 inquam,distributionem,
1791 4111 1895 4171 per
1921 4111 2096 4174 quam

452 4189 629 4252 etiam
659 4186 1052 4268 participatur
1081 4187 1261 4246 Deus.
1297 4181 1435 4243 Haec
1478 4182 1642 4263 prius
1675 4187 1851 4244 etiam
1883 4184 2101 4244 formas

451 4289 514 4344 et
539 4276 905 4357 exemplaria
940 4284 1012 4336 et
1055 4272 1559 4355 prmdefinitiones
1589 4273 1945 4353 appellabat,
1983 4292 2099 4334 non

450 4370 818 4432 conﬁrmans
834 4365 1194 4428 Platonicam
1213 4362 1572 4437 doctrinam,
1589 4364 1762 4438 absit;
1788 4363 1894 4424 sed
1921 4382 2101 4425 sensu

453 4462 548 4541 pio
568 4457 870 4539 accipiens
888 4455 990 4518 illa
1011 4472 1142 4536 quae
1165 4453 1238 4516 ab
1263 4453 1390 4534 ipso
1415 4453 1607 4513 viliter
1626 4461 1677 4514 et
1708 4454 1948 4532 indigne
1977 4458 2098 4515 Deo

452 4551 608 4610 dicta
634 4557 829 4610 erant.
863 4545 1084 4607 Horum
1129 4543 1379 4605 eﬂ'ector
1407 4541 1564 4604 Deus
1596 4560 1728 4605 esse
1762 4543 1999 4618 dicitur,
2037 4552 2100 4604 ut

2181 3850 2371 3906 γματι,
2430 3826 2506 3901 μή
2591 3825 2825 3905 γένοιτο“
2891 3825 3012 3884 ἀλλ’
3073 3827 3302 3892 εὗσεϐὠς
3361 3826 3723 3904 ἐκλαμϐάνων
3786 3829 3851 3885 τὰ

2182 3915 2309 3988 παρ’
2369 3916 2568 3975 ἐκείνου
2621 3923 2886 3982 ταπεινῶς
2947 3917 3034 3972 καὶ
3080 3916 3306 3984 ἀναξίως
3369 3921 3501 3976 Θεοῦ
3551 3917 3846 3996 Ἰειςόμενέ.

2183 4007 2392 4063 Τούτων
2441 4007 2744 4078 ὑποστάτης
2777 4005 2987 4085 λέγεται
3019 4010 3046 4065 6
3092 4011 3223 4072 Θεὸς
3258 4013 3421 4084 εἶναι,
3456 4010 3529 4074 ὡς
3587 4007 3645 4064 ἐν
3706 4010 3850 4080 αὖτῷ

2183 4096 2330 4176 ἔχων
2362 4106 2547 4156 ταῦτα.
2586 4097 2721 4154 Εἶτα
2754 4099 2840 4154 καὶ
2869 4097 2967 4154 ὅλα
2997 4102 3127 4158 αῦτὰ
3168 4100 3570 4169 ὑποστήσασθαι
3601 4097 3847 4177 λέγεται,

2185 4184 2270 4242 διὰ
2299 4193 2405 4243 τῶν
2438 4187 2572 4242 κατᾶ
2602 4185 2826 4263 πρόοδον
2873 4190 3183 4245 ὅποστασῶν
3213 4190 3405 4245 οὓσιῶν
3436 4189 3526 4246 ὑπ’
3559 4190 3725 4246 αὗτοῦ
3756 4190 3850 4245 οὗ·

2187 4274 2413 4338 σιωδώς·
2451 4276 2548 4332 ὃλα
2579 4275 2750 4355 λέγων
2780 4277 2846 4335 τὰ
2877 4277 3141 4343 ὁλοτελῶς
3192 4279 3318 4354 μετέ
3327 4301 3493 4359 Low:
3527 4279 3618 4335 καὶ
3664 4280 3845 4340 οὐσίας

2186 4367 2273 4423 καὶ
2305 4365 2564 4437 ζωώσεως
2591 4369 2677 4424 καὶ
2707 4367 2998 4450 ἁγιασμοῦ,
3033 4371 3120 4425 καὶ
3151 4368 3390 4449 πάντων,
3422 4371 3495 4433 ὡς
3543 4369 3594 4424 αἱ
3627 4368 3849 4448 ἀγγελι-

2184 4458 2272 4513 xxi.
2331 4454 2602 4530 δυνάμεις.
2681 4459 2878 4535 Τρίτως
2927 4461 2992 4515 τὰ
3046 4459 3259 4538 μερικά·
3323 4459 3438 4515 τινὰ
3488 4459 3590 4538 γὰρ
3621 4459 3849 4538 μετέχει

2184 4548 2354 4622 μόνης
2414 4547 2716 4628 ὀντώσεως,
2777 4549 2894 4604 τινὰ
2946 4551 3032 4606 καὶ
3087 4551 3360 4614 ὀντωσεως
3417 4549 3504 4606 καὶ
3549 4549 3845 4624 ζωώστως,

452 4638 556 4716 qui
587 4637 714 4700 11th
739 4643 798 4697 in
831 4654 894 4697 se
924 4633 1164 4696 habeat.
1203 4633 1428 4694 Deinde
1453 4632 1630 4723 etiam
1666 4633 1941 4695 universa
1973 4635 2094 4695 haec

2183 4637 2302 4694 τινὰ
2347 4639 2432 4693 καὶ
2464 4637 2737 4702 ὃντώσεως
2787 4641 2876 4696 καὶ
2932 4645 3189 4710 ζωύσεως
3240 4640 3327 4696 καὶ
3376 4639 3588 4718 σοφίας.
3638 4642 3693 4696 αἱ
3751 4638 3852 4718 γάρ

453 4726 790 4790 condidisse
811 4723 1158 4807 perhibetur
1173 4740 1279 4802 per
1291 4721 1748 4802 essentias,quze
1771 4723 2094 4786 secundum

2185 4727 2452 4783 ἆνώταται
2509 4725 2755 4803 δῦνάμεις
2813 4735 2920 4784 τῶν
2978 4729 3229 4786 ἁπάντων
3274 4727 3585 4808 μετέχουσι.
3660 4733 3762 4788 Καὶ
3804 4731 3854 4785 τί

456 4817 899 4898 processionem
931 4815 1005 4876 ab
1056 4817 1184 4894 ipso
1218 4812 1693 4877 substantialiter
1724 4813 2098 4891 subsistunt;

456 4916 574 4969 tota
607 4926 712 4969 seu
749 4908 1026 4968 universa
1074 4904 1307 4979 dicens,
1360 4922 1496 4982 quas
1545 4904 1790 4967 omnino
1843 4906 2103 4986 perfecte

454 4998 812 5079 participant
835 5006 891 5057 et
925 4995 1268 5074 essentiam,
1298 5002 1357 5055 et
1379 4994 1583 5071 vitam,
1607 5001 1666 5056 et
1687 4994 2104 5057 sanctificatio-

455 5107 615 5163 nem,
647 5096 706 5149 et
729 5086 950 5168 omnia,
987 5094 1051 5149 ut
1081 5085 1365 5165 angelicae
1387 5086 1662 5148 virtutes.
1696 5083 1900 5148 Tertio
1927 5090 2102 5147 etiam

456 5197 526 5240 ea
553 5194 688 5258 quae
701 5196 769 5239 ex
787 5185 952 5258 parte
974 5191 1136 5248 sunt;
1156 5177 1424 5256 quasdam
1448 5176 1607 5237 enim
1637 5175 1988 5256 participant
2011 5195 2103 5236 so-

455 5269 568 5325 lam
591 5269 905 5337 entitatem,
937 5264 1194 5338 qumdam
1227 5276 1278 5324 et
1319 5282 1388 5323 en
1418 5266 1610 5323 itatem
1645 5276 1696 5323 et
1721 5267 1916 5336 vitam,
1947 5281 2104 5337 quae-

456 5359 592 5420 dam
608 5358 784 5420 etiam
799 5357 1105 5420 entitatem
1130 5367 1187 5419 et
1209 5357 1383 5418 vitam
1407 5364 1465 5416 et
1489 5356 1865 5438 sapientiam;
1888 5375 1954 5420 su
1966 5375 2069 5437 pre
2083 5392 2100 5404 ο

459 5467 571 5510 mae
591 5451 748 5510 enim
763 5449 1014 5510 virtutes
1027 5447 1290 5508 omnium
1306 5454 1448 5507 sunt
1463 5446 1806 5527 participes.
1829 5447 1947 5508 Sed
1961 5445 2102 5528 quid

457 5541 668 5603 attinet
699 5539 773 5602 de
800 5539 886 5600 his
910 5537 1134 5618 dicere,
1167 5553 1304 5599 cum
1340 5544 1670 5617 praeceptor
1698 5547 1902 5599 noster
1931 5537 2103 5599 divus

458 5624 817 5692 Hierothens
838 5629 995 5692 dicat
1021 5628 1210 5690 Deum
1243 5625 1590 5688 eﬂ‘ectorem
1625 5625 1885 5709 deitatis,
1922 5645 2100 5708 quem

460 5715 636 5779 etiam
661 5737 769 5797 per
781 5737 845 5781 se
866 5715 1373 5800 pulchritudinem
1397 5723 1457 5779 et
1483 5717 1822 5780 universam
1840 5717 2100 5798 pulchri-

2185 4814 2268 4898 δεῖ
2323 4815 2519 4896 λέγειν,
2580 4817 2712 4876 ὅπου
2769 4818 2858 4874 καί
2937 4820 2964 4874 6
3021 4817 3332 4884 διδασκαλος
3393 4820 3551 4895 ἡμῶν
3617 4821 3648 4875 6
3707 4821 3849 4898 ἱερὸς

2187 4897 2434 4985 Ἰερόθεος
2485 4908 2789 4975 ὑποστάτην
2821 4911 2943 4965 εἶπε
2994 4909 3084 4966 τὸν
3129 4910 3258 4966 Θεὸν
3310 4914 3407 4976 τῆς
3457 4897 3850 4986 θεότητοςίόν

2185 4999 2272 5053 καὶ
2325 4996 2680 5077 αὖτόκαλλος,
2711 4998 2798 5055 καὶ
2843 4997 2970 5056 ὅλον
3020 4998 3218 5064 καλλος
3279 5001 3442 5080 φήμὶ,
3487 5001 3578 5057 καὶ
3626 5001 3854 5079 μερικὸν

2187 5086 2383 5149 κάλλος
2420 5105 2436 5163 ;
2484 5088 2586 5167 οὔχ
2632 5085 2803 5146 ὅτιτὸ
2847 5088 2973 5144 ἁῦτό
3003 5091 3116 5146 ἔστι
3160 5091 3247 5147 καὶ
3279 5089 3403 5147 ὅλον
3440 5093 3535 5146 καὶ
3597 5111 3848 5171 μεριιιρν³

2185 5176 2308 5233 ἀλλ’
2363 5178 2467 5234 ἀπὸ
2517 5185 2624 5234 τῶν
2656 5177 2996 5258 μετεχόντῶν
3050 5178 3240 5244 ἄνίσως
3298 5185 3406 5236 τῶν
3463 5179 3680 5260 δωρεῶν
3721 5183 3855 5237 ὀνο-

2186 5269 2407 5343 μάζεται
2453 5270 2480 5326 6
2540 5273 2648 5325 τῶν
2697 5266 2908 5346 δωρεῶν
2953 5269 3152 5333 αἴτιος·
3187 5271 3272 5327 καὶ
3321 5273 3348 5326 6
3392 5270 3530 5328 κατὰ
3579 5270 3684 5338 τὴν
3725 5271 3856 5326 θεὸο

2185 5380 2322 5425 τητα
2379 5357 2669 5433 ἆμὲθεκτος
2701 5359 2838 5415 κατὰ
2890 5361 2983 5424 τὰς
3028 5360 3281 5424 ἀφθόνους
3331 5361 3517 5440 χύσεις
3574 5361 3686 5415 τῶν
3741 5359 3861 5416 δω-

2187 5454 2317 5526 ρεῶν
2391 5447 2701 5528 μετέχεται,
2772 5448 2850 5506 ’ἶν’
2920 5446 3150 5528 ἀκριϐῶς
3228 5451 3452 5529 ὑπερὲζῃ
3529 5447 3566 5505 ὅ
3631 5449 3861 5506 πάντων

2187 5537 2360 5604 αἴτιος
2391 5537 2640 5595 ἁπάντων
2683 5539 2790 5596 τῶν
2821 5537 2938 5597 καθ’
2996 5543 3276 5598 ὁποιανοῦν
3334 5541 3512 5597 οὑσίαν
3541 5541 3633 5597 καὶ
3694 5540 3865 5620 φύσιν

2187 5627 2581 5704 συνισταμένων
2632 5627 2688 5684 ἐν
2720 5629 2798 5704 τῷ
2856 5629 2993 5686 κατὰ
3045 5631 3140 5695 τὰς
3185 5629 3384 5710 δωρεᾶς
3444 5629 3865 5710 μετεχόμενον,

2185 5720 2319 5778 κατὰ
2363 5720 2463 5786 τὴν
2493 5718 2672 5776 οὐσίαν
2705 5718 2956 5796 μηδόλως
2987 5720 3333 5801 μετέχεσθαι.
