4052 6418
408 359 521 433 987
1596 364 1658 434 s.
1706 370 2053 444 DIONYSII
2084 365 2607 446 ‘AREOPAGITE
3672 368 3797 445 988

408 502 893 588 cipiat,similiter
922 513 979 569 et
1008 504 1271 571 identice
1301 504 2053 593 deﬁnitur,quinimo,tan-

2139 515 2212 580 ὡς
2272 511 2574 593 δπερτελές,
2611 512 2746 569 κατὰ
2790 511 2883 569 τὸν
2939 506 3261 571 ἀποδοθέντα
3309 511 3419 591 περὶ
3470 519 3579 572 τῶν
3633 517 3796 577 θείων

405 616 579 677 quam
641 598 773 680 plus
867 616 1042 677 quam
1109 597 1461 679 perfectum,
1523 599 1852 662 secundum
1915 601 2053 665 553

2142 604 2418 678 ὀνομάτων
2461 602 2679 680 τρόπον,
2714 600 2796 658 ὅτι
2851 600 2913 659 ἐκ
2957 604 3062 657 τῶν
3109 604 3358 660 αἰτιατῶν
3397 604 3509 679 ’μὲν
3540 607 3569 663 ὁ
3618 606 3797 674 αἴτίος

407 688 721 752 rationem.
760 688 820 750 in
851 687 1063 751 divinis
1109 686 1449 749 nominibus
1478 693 1863 766 assignatam,
1901 711 2053 773 quo-

2142 693 2479 768 ὀνομάζεται,
2510 690 2653 758 πλὴν
2703 691 2790 748 καί
2817 691 2948 768 ὑπερ
2977 693 3140 748 ταῦτά
3187 693 3302 749 ἐστι
3336 695 3423 750 καὶ
3451 696 3797 775 ὑπεροχικῶς

406 778 566 840 niam
580 797 649 841 ex
666 779 892 841 effectis
911 787 1113 840 auctor
1135 776 1857 859 denominatur,quamvis
1873 782 2053 843 etiam

2142 780 2354 859 λέγεται
2396 782 2746 861 ὃπεράγαθος,
2794 781 3126 861 ὑπερούσιος.
3172 783 3369 840 Λοιπόν
3411 784 3519 842 ἀπὸ
3561 793 3655 843 τοῦ
3699 788 3803 844 t5-

405 887 589 949 supra
650 870 783 932 illos
840 869 937 949 sit,
974 877 1029 929 et
1073 886 1177 947 per
1208 884 1514 929 excessum
1544 869 1887 932 nominetur
1923 871 2053 952 plus

2144 870 2287 928 λείου
2344 878 2450 927 τῶν
2507 872 2756 928 αἰτιατῶν
2805 878 3134 950 πραγμάτων
3192 872 3470 951 ὅπερτελὲς
3528 876 3589 933 τὸ
3646 878 3803 934 θετον

405 978 581 1040 quam
613 959 966 1039 lionus,plus
996 976 1170 1035 quam
1205 959 1488 1019 essentia.
1539 955 1831 1021 Caeterum
1865 959 1938 1023 ab
1969 960 2053 1022 ef-

2147 960 2381 1037 λέγεται·
2430 962 2556 1019 αὖτὸ
2601 963 2700 1040 γὰρ
2752 960 2938 1018 ἑαυτοῦ
2981 964 3070 1019 καὶ
3128 961 3251 1041 ὅρος
3308 965 3396 1021 καὶ
3436 965 3601 1029 τόπος
3655 964 3797 1046 ἐστὶ,

409 1051 666 1113 fectuum
688 1068 1009 1126 rerumque
1032 1046 1401 1127 perfectione
1421 1047 1580 1110 Deus
1603 1068 2053 1130 quoquesupra-

2147 1052 2234 1109 καὶ
2300 1050 2445 1110 οὐδὲν
2504 1053 2926 1130 ὑπερεκτεὶνετιι
2997 1059 3089 1109 τοῦ
3158 1058 3312 1128 Θεοῦ,
3373 1051 3510 1110 ἆλλᾶ
3578 1056 3666 1111 xuii
3728 1057 3803 1112 τὰ

406 1161 581 1218 quam
618 1140 912 1219 perfectus
936 1138 1313 1215 praedicatur:
1344 1138 1469 1217 ipse
1488 1139 1648 1199 enim
1674 1139 1767 1201 sui
1790 1144 1980 1219 ipsius
2007 1149 2053 1202 el

2149 1140 2339 1220 ἄπειρα
2383 1141 2539 1204 cirri);
2571 1154 2819 1221 napxto‘t'
2871 1140 2992 1205 τοῦς
3042 1143 3141 1221 γὰρ
3174 1143 3368 1207 αἰῶνας
3425 1142 3669 1222 ἀπείρους
3701 1143 3803 1202 ὅν·-

410 1231 547 1292 ﬁnis
570 1240 627 1290 et
651 1227 1472 1307 locutusest,nihilquesupra
1498 1229 1686 1290 Deum
1713 1231 2052 1293 extenditur

2149 1253 2243 1293 τας
2299 1231 2382 1304 (οὔ
2431 1231 2529 1310 γὰρ
2586 1232 2772 1311 έχουσι
2822 1230 3009 1312 πέρας)
3057 1233 3211 1296 αὐτὸς
3256 1240 3332 1308 τῷ
3389 1234 3588 1314 ἀπείρῳ
3624 1235 3800 1313 μεγέ-

407 1320 547 1401 quin
584 1325 755 1381 etiam
792 1319 1045 1399 ipsemet
1079 1318 1309 1379 inﬁnita
1367 1318 1598 1381 deﬁnit.
1636 1321 1782 1380 Nam
1843 1321 2053 1383 saecula

2149 1324 2225 1379 θει
2285 1322 2563 1401 ὑπερεχων
2594 1328 2669 1396 τῷ
2724 1325 2906 1379 ἑαυτοῦ
2958 1321 3357 1400 ἀπειροπλασίῳ
3413 1325 3655 1405 περιέχει
3704 1327 3801 1383 καὶ

405 1429 536 1491 quae
563 1418 701 1472 sunt
731 1410 958 1470 inﬁnita
985 1411 1201 1489 (neque
1227 1408 1385 1470 enim
1412 1409 1592 1469 ﬁnem
1618 1408 1863 1490 habent)
1900 1409 2053 1491 ipse-

2138 1417 2312 1468 πᾶσκν
2369 1411 2609 1490 ἀριστίαν
2664 1416 2833 1482 ζωῆς,
2867 1413 2939 1477 ὡς
2992 1415 3079 1469 ἰπὶ
3123 1419 3230 1469 τῶν
3288 1421 3520 1482 νοητῶν*
3580 1414 3640 1472 οὗ
3691 1416 3801 1495 γάρ

406 1510 529 1560 met
559 1499 784 1561 inﬁnita
816 1498 1224 1577 magnitudine
1257 1498 1554 1560 excedens
1590 1499 1902 1581 multiplici
1950 1520 2053 1563 sua

2138 1500 2355 1580 ὥρισται
2412 1502 2620 1566 τσύτοις
2676 1504 2703 1557 ὁ
2754 1502 2867 1578 βίος
2916 1503 2989 1564 ὼς
3043 1500 3265 1558 ἐπὶτῶν
3330 1503 3642 1586 ἀνθρώπων,
3675 1501 3803 1563 ἀλλ’

403 1591 702 1652 inﬁnitate
724 1589 1482 1654 complectiturzetomnem
1510 1589 1685 1649 vitam
1705 1589 2050 1653 terminiex-

2138 1591 2385 1647 ἀθάνατοι
2447 1590 2782 1657 ἐκτίσθησαν·
2846 1595 2873 1648 ὸ
2930 1594 3059 1654 Θεὸς
3122 1593 3198 1667 τῷ
3258 1594 3590 1673 ὑπεραιωνίῳ
3649 1594 3804 1661 ἐντὸς

408 1689 731 1760 pertem,ut
755 1680 816 1741 in
852 1679 1445 1755 intellectilibusmon
1480 1678 1639 1739 enim
1675 1678 1767 1740 his
1800 1680 1913 1742 vita
1942 1691 2053 1743 ter-

2173 1686 2198 1696 ~
2268 1679 2334 1703 ’πρ
2440 1679 2521 1702 ἀλ
2563 1681 2574 1702 1
2844 1682 2854 1701 ο

2137 1704 2236 1748 της
2271 1696 2396 1745 tam:
2430 1698 2742 1748 αιοιοτητος
2776 1684 3026 1761 ὸριζετςιν

408 1770 660 1827 minatur
687 1779 743 1826 ut
767 1771 825 1827 in
843 1768 1305 1834 hominibussvd
1333 1768 1685 1824 immortales
1707 1772 1880 1827 creati
1901 1770 2216 1827 sunttDeus
2230 1784 2365 1827 vero
2388 1771 2445 1827 in
2471 1780 2851 1841 superaetorna
2864 1771 3090 1842 propria
3111 1772 3814 1832 aaternitateterminatm‘.

487 1850 592 1929 §II
630 1850 841 1916 .Aliter
898 1852 1080 1913 etiam
1142 1850 1441 1931 perfectus
1484 1849 1727 1925 dicitur,
1777 1861 2053 1932 tanquam

2221 1856 2247 1927 §
2298 1853 2369 1914 ll.
2429 1862 2525 1911 Και
2579 1850 2759 1916 ἄλλως
2806 1853 3013 1910 τέλειον
3060 1853 3274 1932 λέγεται
3334 1856 3424 1911 καὶ
3464 1856 3539 1919 ὡς
3589 1854 3815 1923 ἆναυξές

407 1961 606 2021 neque
637 1950 843 2005 auctus
873 1960 1069 2022 neque
1096 1940 1447 2001 imminutus
1479 1961 1493 2013 ;
1530 1956 1724 2019 neque
1754 1943 1912 2003 enim
1946 1961 2053 2003 au-

2145 1944 2231 1999 κπιὶ
2289 1944 2574 2019 ἆμείωτον’
2615 1941 2731 1999 οὔτε
2795 1945 2894 2022 γὰρ
2928 1946 3204 2023 πρόσθεσιν
3263 1943 3382 2003 (οὔτε
3409 1946 3626 2020 μείωσιν
3676 1946 3814 2004 ἰπι-

406 2039 713 2113 gmentum
750 2050 860 2095 nec
893 2030 1356 2093 diminutionem
1404 2028 1661 2092 admittit
1683 2032 1842 2107 quod
1876 2032 2054 2093 etiam

408 2123 795 2207 perfectionis
808 2129 898 2184 est
912 2122 970 2183 in
990 2140 1059 2182 eo
1074 2119 1233 2202 quod
1251 2119 1678 2200 perfectionem
1705 2121 1880 2185 habet
1910 2124 2055 2183 item

409 2213 546 2296 quia
570 2212 771 2273 omnia
819 2229 950 2293 qua:
982 2209 1243 2291 perfecta
1271 2216 1408 2269 sunt
1460 2209 1689 2288 perﬁcit
1721 2210 2053 2271 secundum

409 2322 586 2365 unam
621 2304 1020 2365 incessantem
1055 2308 1112 2362 et
1142 2297 1411 2360 eamdem
1440 2298 2055 2378 elargitionrm.Quod

409 2395 613 2474 itaque
646 2393 823 2455 unice
841 2399 899 2454 et
922 2410 1040 2453 non
1060 2391 1249 2453 divise
1274 2389 1507 2471 perﬁcit
1520 2389 1573 2451 ei
1598 2408 1717 2450 non
1742 2390 2052 2472 minuitur,

409 2484 654 2565 plenum
688 2483 803 2547 erit
832 2489 889 2544 et
907 2499 1263 2563 supraquam
1288 2478 1553 2560 plenum.
1588 2478 1782 2542 Unum
1816 2499 1952 2544 vero
1968 2481 2053 2542 di-

410 2575 874 2654 citur,quoniam
904 2570 1236 2634 secundum
1269 2587 1451 2632 unum
1483 2568 1627 2651 quid
1660 2569 1861 2632 omnia
1890 2569 2057 2633 unita

404 2657 1853 2739 suntcausre,ethaecrursumomnibussecundum
1869 2677 2054 2721 unum

403 2751 806 2828 eminet;nihi|
839 2751 999 2814 enim
1020 2749 1182 2812 estin
1213 2747 1396 2811 rebus
1416 2749 1574 2830 quod
1602 2748 1778 2811 unius
1830 2768 1945 2811 non
1980 2750 2056 2813 sit

404 2845 707 2926 particeps
732 2841 833 2905 sed
855 2841 1006 2904 sicut
1037 2842 1236 2901 omnis
1270 2856 1554 2901 numerus
1587 2839 2053 2921 participatuni-

404 2942 607 3009 tatem,
641 2940 703 2995 et
732 2951 885 2994 unus
914 2930 1179 2993 binarius
1199 2928 1605 3005 denariusque
1635 2928 1879 3005 dicitur;
1914 2939 1971 2991 et
2003 2931 2055 2993 si

403 3027 588 3100 partis
615 3025 987 3098 memineris,
1032 3023 1196 3085 dices
1228 3039 1405 3083 unam
1438 3020 1841 3097 dimidiam,et
1874 3041 2051 3084 unam

403 3115 665 3187 tertiam,
723 3125 781 3176 et
812 3131 992 3175 unam
1037 3112 1356 3183 decimam,
1402 3118 1461 3172 et
1505 3110 1590 3172 sic
1630 3111 1939 3191 deinceps,
1974 3113 2056 3174 ita

2143 2032 2382 2112 δέχεται,
2420 2033 2550 2111 ὅπερ
2608 2034 2694 2090 καὶ
2726 2035 2786 2090 τὸ
2839 2033 3041 2091 τέλειον
3073 2033 3183 2092 ἕατ’
3216 2033 3279 2091 ἂν
3336 2038 3373 2113 ᾗ
3404 2035 3607 2093 τέλειον
3654 2036 3809 2116 ἔχει.

2226 2125 2239 2144 \
2308 2122 2331 2141 ’9
2706 2146 2717 2156 .
2887 2125 2901 2141 λ
3019 2125 3028 2141 ν
3262 2127 3273 2147 Ι

2147 2134 2243 2182 Και
2301 2123 2503 2203 αλλως,
2564 2122 2646 2181 ὅτι.
2708 2125 2795 2180 καὶ
2850 2146 2914 2180 τα
2972 2124 3157 2182 τέλεια
3203 2148 3377 2182 παντα
3433 2125 3810 2206 τελεσιουργετ

2139 2214 2276 2270 κατὰ
2322 2213 2444 2287 μίαν
2503 2213 2603 2281 τὴν
2665 2211 2938 2271 ἄπαυστον
2993 2216 3079 2272 καὶ
3122 2217 3320 2284 ταῦτὴν
3373 2218 3658 2297 χορηγίαν.
3724 2222 3809 2278 Τὸ

2140 2305 2265 2380 γοῦν
2326 2302 2535 2366 ὶνιαίως
2564 2305 2653 2360 καὶ
2701 2303 2761 2360 οὗ
2792 2304 3191 2382 μεμερισμένως
3246 2305 3641 2384 τελεσιουργοῦν
3696 2309 3800 2384 καὶ

2140 2392 2216 2466 μὴ
2259 2390 2643 2467 ἐλαττούμενον
2690 2390 2892 2451 τέλειον
2925 2381 2989 2450 ἂν
3042 2394 3135 2462 εἴη
3167 2395 3261 2453 καὶ
3292 2381 3650 2475 ὑπερτέλειον.
3693 2381 3800 2456 Ἓν

2139 2478 2195 2537 δὲ
2246 2479 2481 2558 λέγεται,
2517 2479 2599 2538 ὅτι
2628 2480 2746 2539 καθ’
2791 2485 2847 2541 ἓν
2875 2483 3050 2541 πάντα
3103 2485 3311 2550 ἑνιαίως
3336 2486 3462 2543 ﬁeri
3490 2493 3568 2562 τῷ
3613 2485 3795 2563 αἰτίῳ,

2137 2571 2224 2627 καὶ
2277 2572 2437 2627 πάλιν
2464 2571 2714 2629 ἁπάντων
2758 2570 2873 2629 καθ’
2903 2571 2959 2630 ἓν
3012 2574 3288 2656 ὑπερέχει·
3341 2574 3491 2634 οὒδὲν
3522 2578 3623 2657 γάρ
3672 2576 3797 2634 ἔστι

2136 2668 2241 2719 τῶν
2290 2662 2456 2719 ὄντων
2486 2661 2758 2743 ἀμέτοχον
2789 2663 2881 2720 τοῦ
2941 2664 3083 2740 ἑνὸς,
3118 2664 3236 2722 ἄλλ’
3269 2665 3445 2745 ὥσπερ
3476 2673 3581 2733 πᾶς
3634 2667 3798 2748 ἀριθ-

2139 2755 2239 2831 μὸς
2284 2750 2514 2829 μονάδος
2561 2752 2807 2835 μετέχει,
2842 2755 2927 2812 καὶ
2985 2756 3081 2830 μία
3112 2752 3235 2822 δυὰς
3299 2758 3383 2814 καὶ
3411 2754 3566 2822 δεκὰς
3623 2755 3796 2838 λεγε-

2138 2861 2245 2900 ται*
2298 2844 2387 2900 καὶ
2436 2844 2480 2900 si
2526 2844 2712 2922 μορίου
2772 2843 3129 2919 ἔπιμνησθῆς,
3176 2846 3343 2921 ἣμισυ
3386 2846 3442 2903 ἓν
3498 2847 3664 2926 ἐρεῖς,
3698 2850 3796 2907 καὶ

2135 2933 2308 3012 τρίτον
2337 2933 2416 3014 ἓν,
2451 2934 2537 2991 καὶ
2565 2931 2785 2992 δέκατον
2816 2936 2897 3009 ἓν,
2929 2937 3018 2993 καὶ
3050 2935 3258 3016 ἑφεξῆς*
3297 2937 3436 2995 οὕτω
3464 2940 3553 2995 καὶ
3584 2936 3795 3015 πάντα,

2136 3024 2234 3081 καὶ
2277 3030 2382 3081 πᾶν
2412 3024 2597 3104 μόριον
2631 3024 2861 3097 πάντων,
2895 3032 2988 3082 τοῦ
3033 3025 3147 3089 ἒνὸς
3196 3025 3441 3109 μετέχει*
3479 3030 3565 3085 καὶ
3614 3028 3668 3086 ἒν
3711 3036 3799 3105 τῷ

2138 3115 2282 3171 εἶναι
2338 3121 2494 3171 τοῦτο
2548 3116 2610 3171 τὸ
2654 3116 2713 3171 ἓν
2761 3115 2932 3172 πάντα
2963 3116 3138 3197 ἐστΐν,
3168 3117 3348 3197 ὣσπερ
3407 3117 3462 3175 ἐν
3510 3125 3587 3192 τῷ
3645 3119 3798 3178 εἶναι

406 3203 582 3268 etiam
621 3205 841 3275 omnia,
875 3210 933 3266 et
981 3203 1175 3264 omnis
1207 3219 1342 3281 pars
1398 3201 2053 3283 omnium,participant

2140 3205 2237 3271 τὴν
2281 3201 2489 3277 μονάδα
2545 3206 2738 3271 πάντες
2789 3205 2846 3261 οῗ
2889 3205 3119 3284 ἀριθμοὶ,
3155 3209 3243 3264 καὶ
3298 3211 3393 3266 οὐκ
3448 3209 3559 3266 ’ἐστι
3614 3209 3677 3267 τὸ
3736 3209 3800 3267 ἓν

407 3303 679 3371 unum;et
707 3295 823 3357 hoc
852 3295 982 3374 ipso
1011 3312 1128 3373 quo
1149 3298 1237 3355 est
1259 3310 1440 3353 unum
1463 3291 1630 3365 illud,
1656 3293 1856 3354 omnia
1888 3302 2051 3374 sunt;

404 3390 557 3450 sicut
586 3386 697 3448 hoc
729 3385 855 3465 ipso
887 3402 1003 3465 quo
1035 3390 1125 3445 est
1155 3382 1588 3457 unitas,omnes
1619 3382 1852 3444 numeri
1891 3383 2053 3444 exsi-

402 3482 585 3551 stunt,
620 3483 676 3537 et
707 3474 819 3536 hoc
846 3492 1029 3536 unum
1057 3491 1174 3535 non
1209 3479 1298 3533 est
1329 3490 1510 3533 unum
1539 3471 2055 3536 multorum.Deus

402 3565 565 3629 enim
599 3584 754 3627 unus
779 3574 887 3637 est,
913 3563 1090 3626 sicuti
1130 3572 1186 3625 et
1241 3561 1516 3643 simplex,
1562 3570 1619 3623 et
1650 3562 1962 3643 indivisus,
1997 3572 2055 3624 et

400 3673 611 3735 expers
631 3654 988 3718 diﬁ‘erentiae
1010 3652 1376 3734 speciﬁczeet
1399 3651 1473 3713 ab
1494 3650 1775 3714 omnibus
1796 3652 2057 3714 aﬁ‘ectio-

400 3744 572 3809 nibus
600 3752 659 3807 et
688 3742 1096 3806 accidentibus
1152 3742 1409 3805 alienus.
1468 3739 1593 3802 Hoc
1626 3741 1823 3817 ipsum
1873 3759 2053 3822 porro

397 3854 587 3897 unum
643 3834 802 3897 aliud
834 3841 956 3896 sive
990 3833 1178 3911 majus
1209 3832 1338 3896 sive
1378 3830 1576 3892 minus
1622 3830 1847 3911 effugit,
1906 3832 2052 3893 illud

399 3924 561 3987 enim
613 3942 794 4004 supra
827 3924 951 3986 hac
980 3920 1199 3995 existit,
1231 3929 1412 3998 atque
1447 3921 1705 4001 insuper
1727 3929 1789 3982 ut
1822 3921 2054 4001 princi-

401 4015 710 4094 pium,tam
725 4014 911 4094 ipsam
935 4012 1222 4074 unitatem
1241 4028 1421 4091 quam
1440 4009 1887 4073 multitudinem
1911 4011 2049 4074 deﬁ-

400 4106 489 4168 nit
520 4122 534 4169 :
570 4106 630 4167 in
680 4105 800 4168 Deo
832 4104 992 4168 enim
1026 4112 1165 4166 sunt
1208 4122 1417 4166 omnes
1450 4121 1601 4164 unus
1640 4111 1756 4164 tam
1782 4110 1883 4185 qui
1917 4113 2056 4167 ante

400 4196 837 4277 fueruntqnam
870 4195 972 4276 qui
999 4193 1181 4256 futuri
1219 4201 1399 4264 sunt;
1434 4212 1552 4254 non
1590 4199 1747 4254 enim
1778 4193 1863 4255 ibi
1893 4194 2055 4257 aliud

400 4286 641 4368 quidem
681 4282 1232 4368 praeteritum,aliud
1257 4301 1394 4345 vero
1418 4283 1887 4364 futurum,cujus
1910 4302 2051 4364 par-

399 4374 744 4456 ticipatione
772 4383 890 4436 tam
924 4392 1104 4435 unum
1139 4373 1252 4435 hoc
1304 4372 1485 4433 multa
1516 4371 1929 4447 deﬁniat,|icet
1962 4373 2054 4433 di-

400 4466 829 4545 versimode,et
852 4482 963 4527 nec
981 4471 1072 4527 est
1089 4462 1246 4525 ullus
1278 4460 1847 4542 modus,secundum
1872 4480 2049 4542 quem

401 4553 586 4615 multa
599 4558 789 4615 nonin
811 4572 930 4615 uno
943 4549 1703 4633 compreliendanturﬂum
1722 4550 1883 4613 enim
1906 4552 2052 4613 mul-
2073 4603 2117 4652 Β

401 4654 461 4705 ta
489 4643 626 4704 634
658 4650 796 4706 sunt
826 4642 1262 4724 partibus,sunt
1293 4660 1475 4703 unum
1508 4649 1653 4722 toto,
1684 4652 1750 4703 ut
1778 4659 1996 4723 corpus
2031 4660 2047 4720 ;

402 4751 538 4812 quae
567 4733 751 4795 multa
775 4730 1342 4797 suntaccidentibus
1356 4742 1499 4794 sunt
1528 4749 1709 4792 unum
1753 4731 2045 4813 subjecto,

402 4832 468 4885 ut
499 4823 677 4886 homo
710 4841 727 4901 ;
760 4831 817 4885 et
848 4823 1176 4905 quaemulta
1195 4831 1332 4883 sunt
1353 4839 1628 4902 numero,
1662 4822 1818 4885 sicut
1844 4825 2052 4885 Petrus

404 4922 461 4975 et
479 4912 859 4994 Paulus,sunt
890 4931 1068 4975 unum
1103 4911 1325 4993 specie,
1371 4921 1633 4993 uterque
1666 4911 1824 4972 enim
1873 4913 2051 4974 homo

401 5012 513 5067 est.
539 5002 681 5077 Quae
701 5021 874 5084 porro
908 5002 1086 5065 etiam
1124 5001 1305 5065 multa
1334 5015 1473 5065 sunt
1506 5001 1845 5082 virtutibus,
1886 5001 2055 5063 verbi

398 5091 812 5174 gratia,carbo,
844 5092 969 5167 lux,
1008 5094 1267 5173 ﬂamma,
1301 5100 1439 5155 sunt
1469 5109 1649 5153 unum
1683 5089 2057 5170 forma;ignis

400 5184 559 5245 enim
592 5182 831 5245 omnia:
867 5188 928 5245 et
966 5200 1099 5264 quae
1153 5183 1337 5245 multa
1364 5191 1502 5243 sunt
1534 5180 2048 5261 processionibus,

401 5285 458 5335 et
490 5272 761 5341 consiliis
787 5273 876 5335 vel
910 5272 1219 5353 operibus,
1253 5278 1392 5334 sunt
1426 5289 1609 5332 unum
1658 5288 1865 5351 causa,
1898 5290 2055 5333 unus

401 5369 563 5425 enim
591 5381 658 5424 ex
687 5382 803 5444 quo
831 5362 1080 5425 consilia
1105 5362 1194 5424 vel
1225 5378 1430 5443 opera,
1467 5369 1526 5422 et
1557 5359 1706 5421 nihil
1738 5373 1832 5421 est
1861 5359 1923 5421 in
1953 5379 2056 5422 re-

401 5450 514 5512 bus
560 5453 717 5533 quod
766 5470 883 5513 non
928 5452 1127 5533 aliquo
1180 5451 1355 5512 modo
1387 5450 1681 5530 particeps
1733 5450 1809 5510 sit
1853 5449 2053 5511 unius.

2137 3296 2292 3351 τοῦτο
2326 3300 2430 3351 τῶν
2488 3293 2703 3353 πολλῶν
2746 3294 2823 3359 ἕν,
2861 3286 2919 3356 ’0
2950 3297 3048 3371 μὲν
3091 3297 3192 3375 γὰρ
3223 3298 3353 3363 Θεὸς
3384 3297 3440 3353 ἓν
3483 3298 3625 3379 ἐστι,
3658 3300 3797 3358 καθὸ

2137 3383 2335 3449 ἁπλοῦς
2386 3406 2466 3459 τε,
2500 3385 2588 3442 καὶ
2645 3386 2868 3462 ἀμερὴς,
2902 3388 2990 3443 καὶ
3035 3391 3133 3457 τῆς
3185 3384 3304 3444 κατ’
3343 3386 3489 3450 εἶδος
3533 3386 3793 3469 διαφορᾶς

2138 3472 2384 3553 ἄμοιρος,
2436 3476 2525 3532 καὶ
2581 3475 2794 3533 πάντων
2840 3477 3169 3549 παθημάτων
3223 3480 3310 3535 καὶ
3367 3476 3795 3553 συμϐεϐηκότων

2137 3563 2440 3636 ἀλλότριος.
2494 3567 2565 3624 Τὸ
2598 3564 2650 3622 δὲ
2680 3566 2871 3623 ταύτὸν
2901 3566 2956 3623 ἓν
2986 3564 3162 3643 ἕτερον
3196 3567 3233 3637 ἢ
3271 3575 3456 3643 μεῖζον
3500 3568 3535 3637 ἢ
3568 3567 3794 3628 ἔλαττον

2136 3655 2540 3737 περιπέφευγεν·
2593 3655 2723 3733 ὑπὲρ
2753 3657 2852 3735 γὰρ
2896 3663 3063 3714 ταῦτα
3094 3656 3295 3730 ἐκεῖνο,
3330 3659 3417 3715 καὶ
3447 3657 3523 3715 ἔτι
3554 3661 3628 3724 ὡς
3687 3659 3794 3739 ἆρ-

2137 3745 2219 3825 χὴ
2273 3747 2361 3801 καὶ
2391 3747 2549 3802 αὖτοῦ
2590 3752 2684 3804 τοῦ
2712 3746 2830 3810 ἑνὸς
2864 3747 2952 3803 καὶ
3009 3745 3243 3818 πλήθους
3289 3748 3575 3826 ἐριστικόν
3608 3749 3665 3805 ὲν
3713 3756 3797 3826 τῷ

2141 3842 2255 3910 Θεῷ
2313 3836 2412 3915 γὰρ
2455 3835 2501 3892 οἶ
2534 3835 2728 3900 πάντες
2788 3839 2896 3915 εἷς,
2929 3837 3015 3894 καὶ
3043 3840 3088 3894 οἱ
3150 3839 3402 3916 προόντες
3445 3840 3533 3895 καὶ
3584 3840 3632 3895 oi
3664 3838 3795 3896 ἐσό-

2141 3940 2316 4000 μενον
2378 3924 2437 3982 οὒ
2468 3926 2567 4003 γάρ
2626 3925 2769 3982 ἐστιν
2800 3926 2918 3982 ἐκεῖ
2973 3927 3035 3983 τὸ
3066 3927 3166 4001 μὲν
3208 3925 3594 4005 παρεληλυθὸς,
3628 3930 3690 3988 τὸ
3740 3927 3798 3986 δὲ

2139 4012 2361 4095 μέλλον,
2397 4016 2458 4070 οὗ
2509 4019 2578 4091 τῇ
2622 4020 2835 4095 μετοχῇ
2878 4019 2965 4072 καὶ
2997 4018 3058 4073 τὸ
3089 4016 3146 4073 ἓν
3177 4024 3329 4073 τοῦτο
3390 4016 3456 4073 τὰ
3490 4016 3669 4077 πολλὰ
3701 4039 3796 4075 πε-

2139 4103 2376 4183 ριορίζει⁹
2430 4101 2575 4170 πλὴν
2618 4101 2903 4184 διλφὸρως,
2971 4106 3061 4162 καὶ
3117 4107 3215 4163 οὒκ
3270 4105 3381 4163 ἔστι
3440 4105 3555 4164 καθ’
3614 4105 3793 4164 ὅντινα

2140 4196 2332 4270 τρόπον
2363 4197 2423 4253 οὒ
2453 4191 2965 4277 περιληφθήσονται²
3002 4196 3069 4253 τὰ
3129 4196 3305 4255 πολλὰ
3336 4203 3412 4271 τῷ
3442 4195 3538 4253 ἔνί⁹
3572 4197 3643 4254 Τὸ
3690 4196 3792 4274 γὰρ

2136 4283 2311 4341 πολλὰ
2353 4297 2473 4349 τοῖς
2520 4284 2755 4363 μέρεσιν,
2805 4285 3047 4366 ὑπάρχον
3115 4285 3384 4357 δηλονότι,
3420 4286 3476 4343 ἓν
3532 4291 3610 4360 τῷ
3656 4284 3790 4361 ὅλῳ,

2136 4377 2255 4430 οἷον
2284 4376 2345 4431 τὸ
2392 4373 2568 4450 σῶμα·
2606 4376 2693 4432 καὶ
2726 4376 2787 4431 τὸ
2818 4374 2992 4432 πολλὰ
3024 4389 3143 4439 τοῖς
3179 4372 3573 4451 συμϐεϐηκόσιν
3616 4375 3671 4433 ἓν
3717 4382 3795 4451 τῷ

2133 4464 2492 4540 ὑποκειμένῳ,
2568 4468 2688 4522 οἷον
2751 4467 2778 4522 ὁ
2840 4463 3136 4543 ἄνθρωπος’
3195 4467 3284 4523 καὶ
3353 4468 3416 4523 τὸ
3486 4464 3662 4524 πολλὰ
3716 4474 3794 4544 τῷ

2134 4553 2365 4634 ἀριθμεῖ),
2414 4559 2531 4612 οἷον
2587 4555 2779 4633 Πέτρος
2813 4555 2909 4611 καί
2971 4553 3202 4632 Ηκῦλος,
3260 4558 3313 4615 ἓν
3361 4563 3438 4631 τῷ
3492 4553 3649 4638 εἴδει,
3693 4555 3793 4616 ἄν-

2133 4647 2342 4722 θρωπος
2396 4645 2496 4723 γὰρ
2528 4644 2613 4700 καὶ
2646 4643 2959 4724 ἀμφότεροι.
3016 4642 3186 4703 Ἀλλὰ
3218 4646 3304 4703 καὶ
3334 4646 3394 4703 τὰ
3438 4644 3611 4703 πολλὰ
3665 4647 3792 4714 ταῖς

2133 4731 2434 4815 δυνάμεσιν,
2468 4737 2587 4791 οἷον
2636 4731 2847 4813 ἄνθραξ,
2892 4738 3029 4809 φῶς,
3080 4733 3235 4813 φλὸξ,
3269 4735 3324 4792 ἓν
3371 4742 3449 4811 τῷ
3497 4734 3655 4806 εἴδει,
3687 4743 3790 4817 πῦρ

2133 4824 2233 4902 γὰρ
2273 4824 2471 4881 πάντα·
2522 4825 2610 4881 καὶ
2642 4825 2703 4881 τὸ
2745 4822 2920 4881 πολλοὶ
2948 4838 3071 4888 ταῖς
3099 4823 3344 4904 προόδοις
3376 4829 3463 4884 καὶ
3507 4840 3625 4890 τοῖς
3655 4828 3790 4904 βου-

2134 4912 2391 4989 λεόμκσιν
2444 4914 2479 4983 ἢ
2523 4926 2641 4980 τοῖς
2690 4913 2865 4993 ἔργοις
2925 4913 2982 4970 ἓν
3025 4921 3104 4989 τῷ
3148 4916 3322 4990 αἰτίῳ·
3365 4919 3446 4982 εἷς
3489 4916 3591 4996 γὰρ
3633 4915 3685 4983 ἐξ
3730 4918 3793 4974 οὗ

2138 5004 2188 5060 at
2239 5002 2425 5081 βουλαὶ
2453 5003 2490 5073 ἢ
2521 5005 2586 5063 τὰ
2631 5002 2904 5083 ἕργαηκαὶ
2935 5002 3081 5064 οὐδέν
3129 5004 3241 5063 ἔστι
3273 5012 3379 5064 τῶν
3422 5003 3590 5062 ὄντων
3622 5007 3650 5062 ὃ
3707 5005 3784 5079 μὴ

2138 5077 2359 5173 μετέχει
2391 5116 2468 5159 πη
2490 5100 2584 5150 τοῦ
2618 5077 2879 5158 side-“ev
2901 5091 3046 5172 λέγω
3075 5096 3138 5151 τὸ
3167 5092 3375 5153 ἐνιαῖον
3399 5097 3549 5170 αὖτὸ,
3583 5077 3785 5156 οὗτινος

2139 5181 2309 5238 πάντα
2357 5182 2671 5264 μετέχουσι,
2704 5183 2766 5238 τὸ
2823 5181 2879 5238 ἐν
2910 5190 2987 5257 τῷ
3016 5185 3153 5240 κατὰ
3203 5185 3375 5241 πάντα
3402 5184 3490 5240 καὶ
3520 5178 3786 5247 ὁλοτελῶς

2141 5272 2299 5345 ἑνικῷ
2323 5270 2743 5352 προσυνειληφὸς
2775 5273 2949 5329 πάντα
2982 5275 3068 5330 καὶ
3110 5271 3234 5353 ὅλα,
3264 5272 3435 5330 πάντα
3478 5271 3565 5328 καὶ
3595 5270 3660 5327 τὰ
3689 5272 3789 5328 ἂν-

2138 5362 2433 5436 τικείμενα.
2472 5363 2591 5423 Πῶς
2616 5369 2741 5440 γοῦν
2773 5361 3157 5443 προσυνείληφε
3180 5363 3245 5419 τὰ
3267 5361 3436 5419 πάντα
3456 5363 3518 5418 τὸ
3550 5362 3628 5437 ἓν,
3656 5362 3794 5428 μετὰ

2138 5457 2296 5508 τοῦτα
2355 5450 2704 5532 λεχθήσεται,
2743 5451 2831 5507 ὅτε
2882 5453 3363 5531 προεπινοούμενον
3423 5449 3681 5517 ἀποδείξει
3732 5453 3796 5508 τὸ

402 5538 593 5602 Unum
610 5541 744 5603 dico
775 5541 1111 5622 illud,quod
1141 5547 1340 5602 omnia
1372 5539 1919 5620 participant,quod
1953 5557 2053 5600 se-

2139 5539 2217 5602 ἓν,
2280 5538 2446 5597 Ἀλλὰ
2478 5542 2649 5597 πάντα
2681 5539 2952 5619 λέγοιται,
2989 5540 3114 5596 ὅταν
3158 5542 3231 5604 ὡς
3264 5539 3387 5608 εἴδη
3418 5543 3507 5598 καὶ
3536 5540 3675 5619 μέρη
3705 5541 3798 5599 καὶ

403 5630 663 5690 cundum
693 5632 893 5692 omnia
917 5632 1257 5710 etintregre
1273 5633 1496 5691 unitate
1517 5648 1621 5689 sua
1653 5629 1852 5688 omnia
1875 5627 2050 5689 etiam

2137 5628 2377 5710 διαφοραὶ
2407 5638 2498 5687 τοῦ
2541 5631 2657 5694 ἑνὸς
2689 5628 3087 5705 λαμϐάνωνται·
3124 5629 3248 5686 ὅλον
3279 5628 3356 5704 δὲ,
3396 5631 3524 5687 ὅταν
3557 5632 3619 5687 τὰ
3651 5630 3791 5709 μέρη

401 5720 758 5795 tota,omnia
778 5727 898 5785 etin
924 5740 958 5780 ῃ
983 5715 2051 5802 ευηίττιτίαεοηιριθειίιιινῼιιοιηοάο
2136 5720 2502 5802 συλλεγόμεναι
2548 5719 2603 5775 ἓν
2634 5719 2929 5805 ὁλόκληρον
2962 5719 3320 5810 ἀποτελῶσιν,
3352 5721 3472 5779 οἷον
3519 5722 3609 5783 καὶ
3638 5721 3699 5787 τὸ
3730 5719 3796 5779 ἂν
