4052 6442
374 342 485 421 991

1565 345 1626 420 S.
1672 354 2024 421 DIONYSII
2067 350 2575 422 AREOPAGITZE

3642 355 3781 429 992

374 493 486 558 etsi
507 498 681 560 Pater
697 489 1041 577 singillatim
1076 492 1323 560 etsimul
1355 492 1532 559 verba
1563 494 2006 560 collocarit.Ne-

2099 488 2211 550 ἔστι
2269 502 2425 554 τοῦτο
2480 494 2609 575 ὅπερ
2653 493 2816 576 ἐστὶν,
2876 491 3045 578 (οὕτω
3102 495 3202 581 γὰρ
3261 498 3579 561 συντακτὲον
3639 490 3777 560 καθ’

372 605 488 666 que
517 588 836 668 quidquam
852 587 1140 668 reperies,
1168 588 1324 669 quod
1358 607 1475 649 non
1510 588 1569 648 in
1603 606 1719 648 uno
1750 587 1924 648 etiam
1946 585 2023 648 sil

370 675 433 736 id
466 678 620 759 quod
654 688 744 740 est
771 680 787 752 (
795 679 879 740 sic
909 678 1068 740 enim
1103 697 1209 760 per
1231 676 1595 759 hyperbaton
1617 677 1884 740 construi
1905 676 2017 740 de-

372 763 504 845 bet)
536 776 594 830 et
648 769 1012 849 perﬁciatur,
1049 776 1107 830 et
1162 775 1570 848 conservetur,
1633 767 1693 829 in
1726 774 2014 848 quantum

369 876 553 920 unum
585 869 647 921 et
677 858 947 920 divinitas
963 857 1723 939 superesseutialiter,sicut
1753 857 1930 918 etiam
1956 856 2015 917 in

369 947 504 1011 aliis
536 949 895 1011 nominatur.
924 949 1050 1010 Non
1083 948 1355 1011 absolute
1386 967 1525 1010 vero
1553 948 1716 1010 omni
1749 966 1888 1027 uno,
1910 965 2012 1009 se-

370 1040 630 1101 cundum
664 1039 818 1120 quod
853 1042 1006 1101 Deus
1027 1058 1177 1101 unus
1206 1046 1263 1100 et
1285 1058 1467 1100 unum
1497 1037 2013 1116 nuncupaturdtoc

371 1128 535 1190 enim
571 1149 687 1190 uno
715 1130 841 1191 solo
872 1148 969 1191 res
999 1130 1311 1204 exsistunt,
1349 1136 1407 1191 et
1435 1137 1666 1210 opertet
1697 1129 1872 1189 etiam
1905 1145 2014 1188 nos

370 1217 596 1280 idcirco
631 1238 664 1279 a
703 1219 924 1291 multis,
986 1220 1160 1280 etiam
1195 1218 1398 1280 divisis
1450 1216 1914 1297 cognitionibus,
1939 1216 2012 1279 ad

368 1325 578 1389 unum,
611 1308 771 1386 quod
823 1310 1090 1370 omnium
1141 1328 1318 1370 causa
1377 1316 1486 1389 est,
1552 1307 1817 1369 converti
1854 1307 2012 1386 quod

366 1398 542 1460 etiam
587 1407 724 1460 ante
765 1416 943 1459 omne
975 1417 1156 1460 unum
1210 1406 1317 1474 est,
1344 1398 1574 1460 scilicet
1604 1405 1739 1459 ante
1771 1415 2008 1458 omnem

366 1500 663 1568 naturam,
694 1497 750 1550 et
778 1497 915 1550 ante
965 1508 1202 1551 omnem
1265 1488 1734 1560 multitudinem,
1770 1487 2015 1554 scilicet

367 1595 604 1639 omnem
624 1578 1119 1657 singillatim;hoc
1144 1579 1303 1639 enim
1330 1598 1513 1639 unum
1535 1596 1727 1654 neque
1744 1596 2009 1658 parvum,

2100 583 2446 660 6nap€itov')
2512 588 2599 642 καὶ
2657 584 2975 667 τελειοῦται,
3029 591 3116 647 καὶ
3174 589 3517 670 διασώζεται,
3582 592 3695 650 καθ’
3732 582 3780 639 δ

2102 673 2271 730 ἕνκαὶ
2316 678 2347 743 ἡ
2405 675 2594 743 θεότης
2651 678 2999 754 ὑπερουσιως,
3046 683 3117 743 ὡς
3171 683 3256 738 καὶ
3287 685 3343 739 ὲν
3394 696 3512 744 τοῖς
3569 681 3770 746 ἄλλοις

2101 765 2436 839 ὀνομάζεται,
2501 770 2609 825 Οὔκ
2638 766 2916 836 ἀπολύτως
2961 769 3015 826 δὲ
3073 773 3227 829 παντὶ
3260 773 3356 846 ἐνὶ,
3395 763 3539 829 ml)”
3565 776 3594 829 ὃ
3627 774 3773 839 Θεὸς

2100 855 2185 920 εἷς
2216 855 2305 912 καί
2332 855 2387 912 ἓν
2426 858 2739 932 ὃνομσὶζεται
2777 877 2790 891 '
2849 862 3022 937 τούτῳ
3071 864 3172 942 γὰρ
3231 865 3378 939 μὸνῳ
3437 870 3513 937 τῷ
3570 858 3658 921 ἐνὶ
3690 863 3772 921 τὰ

2098 947 2223 1003 ὂντα
2256 946 2386 1019 ἐστὶ,
2416 952 2514 1028 χαὶ
2556 948 2667 1028 χρὴ
2713 950 2800 1007 γαὶ
2831 953 2975 1027 ἡμᾶς
3007 953 3091 1010 διὰ
3124 954 3279 1011 τοῦτο
3310 955 3417 1011 ἀπὸ
3475 952 3579 1011 τῶν
3612 952 3766 1011 πολ-

2097 1034 2204 1091 λῶν
2265 1037 2349 1092 ιιαὶ
2383 1035 2778 1113 ἐσκεδασμένων
2808 1044 3057 1119 γνώσεων
3100 1045 3185 1101 ἓ.πῖ
3230 1046 3291 1100 τὸ
3329 1045 3543 1101 πάντων
3577 1056 3769 1100 αἴτιον

2097 1125 2151 1182 ἕν
2184 1126 2577 1206 ἐπιστρέφεται,
2637 1128 2766 1208 ὅπερ
2843 1130 2955 1188 ἐστὶ
3028 1136 3115 1190 καὶ
3160 1135 3262 1213 πρὸ
3338 1137 3536 1200 παντὸς
3607 1136 3761 1209 ἒνὸς,

2097 1213 2344 1281 δηλονότι
2389 1224 2488 1292 πρὸ
2520 1217 2696 1285 πάσης
2728 1221 2955 1299 φύσεως,
2997 1225 3083 1280 ιιαὶ
3130 1225 3230 1303 πρὸ
3264 1226 3461 1288 παντὸς
3488 1222 3760 1297 πλήθους,

2096 1303 2340 1372 δηλονοτι
2389 1308 2587 1374 παντὸς
2644 1317 2735 1365 τοῦ
2792 1313 2910 1368 καθ’
2973 1312 3195 1369 ἕκαστον
3232 1333 3248 1347 ·
3282 1323 3437 1371 τοῦτο
3476 1314 3668 1394 γὰρτὸ
3697 1311 3760 1369 ἓν

2096 1393 2215 1450 οὔτε
2247 1396 2434 1475 μικρὸν
2493 1396 2609 1453 οὕτε
2660 1398 2873 1479 μέτριον
2905 1401 3175 1466 καλεῖται,
3215 1405 3270 1462 Εἰ
3299 1402 3352 1459 δὲ
3397 1393 3596 1461 δετνκαὶ
3625 1401 3765 1461 τολ-

2097 1486 2291 1563 μῆσαι,
2334 1486 2451 1542 οὕτε
2482 1487 2646 1544 καλὸν
2676 1490 2795 1546 οὔτε
2841 1490 3033 1570 ἀγαθὸν
3073 1513 3086 1529 ·
3120 1500 3284 1550 ταῦτα
3317 1494 3417 1572 γὰρ
3444 1495 3588 1562 πάθη
3634 1515 3763 1556 πως

2098 1574 2219 1631 οἷον
2252 1577 2353 1632 εἶσι
2386 1579 2472 1634 καὶ
2502 1580 2743 1660 σχέσεις,
2803 1582 2890 1637 καὶ
2920 1580 3319 1657 συμϐεϐηκὸτα,
3348 1584 3474 1641 αὒτὸ
3508 1582 3560 1640 δὲ
3590 1585 3651 1640 τὸ
3696 1585 3763 1640 ’ἐν

363 1685 560 1748 neque
591 1668 898 1730 mediocre
925 1668 1356 1741 vocatur.Quiu
1384 1668 1641 1749 etiam,si
1669 1667 2006 1729 ain'lendum

2096 1666 2183 1720 καὶ
2227 1666 2356 1739 ὑπὲρ
2388 1674 2547 1725 ταῦτα
2595 1684 2820 1726 νοεῖται⁶
2865 1672 2928 1727 τὰ
2977 1671 3032 1728 δὲ
3091 1674 3260 1747 πάθη,
3319 1675 3392 1737 ὡς
3438 1677 3497 1730 τὸ
3560 1676 3761 1752 μικρὸν

360 1757 663 1840 sit,neque
695 1758 1231 1838 pulchrum,neque
1254 1758 1503 1821 bonum:
1534 1759 1659 1819 haec
1691 1757 1849 1818 enim
1871 1776 2006 1838 quo-

2096 1754 2191 1810 καὶ
2254 1757 2316 1812 τὸ
2375 1756 2609 1835 μέτριον,
2667 1762 2753 1817 καὶ
2814 1762 2904 1817 σύν
2963 1761 3142 1822 ἄλλοις
3203 1771 3468 1825 νοοῦνται.
3531 1766 3602 1823 Τὸ
3662 1770 3765 1821 οὖν

358 1847 677 1911 dammodo
700 1850 1046 1912 affectiones
1076 1856 1234 1928 sunt,
1270 1857 1329 1910 vl
1357 1848 1824 1915 habitudines,et
1850 1847 2006 1910 acci-

2097 1844 2296 1902 ἁπλοὺν
2325 1847 2413 1902 καὶ
2442 1847 2639 1910 ἀπαθὲς
2685 1848 2738 1904 ἔν
2796 1852 2914 1907 οὒτε
2966 1855 3039 1915 ὡς
3098 1853 3247 1931 γένος
3297 1853 3475 1910 θετέον
3516 1858 3622 1910 τῶν
3654 1852 3757 1909 ὅν·-

360 1938 784 2021 dentia,ipsum
809 1958 947 2002 vero
979 1941 1091 2001 hoc
1137 1959 1324 2000 unum
1350 1939 1528 2001 etiam
1552 1957 1732 2018 supra
1766 1940 1891 2001 haac
1914 1939 2006 1998 in-

2097 1936 2226 2012 τῶν,
2262 1935 2347 2009 (τὰ
2380 1936 2477 2013 γὰρ
2537 1937 2665 2015 γένη
2699 1936 3016 2012 διαιροῦνται
3060 1945 3131 2005 εἷς
3165 1945 3227 2000 τὰ
3253 1943 3426 2017 ε’ἷδη’)
3456 1942 3575 2000 οὕτε
3606 1966 3763 2022 στιγ-

357 2029 669 2108 telligitur;
703 2030 1048 2093 affectiones
1077 2048 1240 2103 vero,
1265 2039 1326 2091 ut
1354 2048 1594 2110 parvum
1627 2028 1770 2089 536
1800 2037 1856 2089 et
1882 2047 2006 2089 me-

2099 2026 2228 2105 μὴν,
2291 2025 2409 2081 οὔτε
2464 2027 2664 2100 μονάδα
2718 2031 2932 2106 κυρίως,
2992 2033 3182 2112 σχέσιν
3235 2034 3333 2111 γὰρ
3415 2032 3533 2113 ἔχει
3589 2034 3761 2091 ταῦτα

356 2118 584 2194 diocre,
620 2122 796 2183 etiam
819 2139 954 2182 cum
987 2119 1140 2195 aliis,
1163 2138 1267 2181 seu
1302 2120 1716 2199 dependenter
1749 2118 1821 2180 ab
1853 2119 2006 2190 aliis,

2097 2117 2225 2171 ﬂ\_
2300 2114 2321 2135 Α
2380 2114 2587 2157 ’,τες-ρ,
2658 2122 2684 2174 ὸ
2755 2120 2801 2161 Mr
2841 2121 2853 2139 τ
3021 2121 3051 2158 ,ἰ
3165 2123 3187 2161 ,ν
3445 2126 3460 2148 ν
3583 2116 3596 2137 ⁸
3660 2124 3688 2157 ς’

2139 2138 2223 2193 ρο,
2256 2138 2322 2171 τα
2378 2137 2563 2195 ερηη,
2624 2142 2653 2174 τ
2751 2142 2803 2175 0-
2836 2142 2979 2177 εστιν
3024 2123 3404 2182 απλοσστατον.
3467 2124 3575 2181 Αλλ
3630 2146 3757 2181 οστε

354 2208 839 2287 intelliguuntur.
864 2211 1018 2289 Ergo
1052 2229 1234 2272 unum
1269 2208 1415 2271 illud
1440 2209 1687 2290 simplex
1720 2218 1777 2270 et
1803 2227 2006 2287 expers

2100 2203 2155 2260 ὅν
2189 2206 2362 2264 θετέον
2394 2210 2520 2265 αὒτὸ
2549 2211 2609 2265 τὸ
2642 2208 2716 2285 ἔν,
2762 2210 2881 2267 ἀλλ’
2916 2212 3092 2292 ἀρχὴν
3126 2212 3315 2269 ὄντων’
3353 2216 3439 2270 καὶ
3468 2216 3529 2270 τὸ
3559 2214 3616 2270 ὅν
3649 2216 3758 2293 γὰρ

354 2302 1239 2382 aﬂ‘ectiouummequetanquam
1254 2318 1439 2379 genus
1454 2318 1653 2361 rerum
1673 2300 2006 2379 ponendum

2102 2295 2250 2352 οὔσία
2275 2297 2434 2375 ἐστὶν,
2490 2300 2594 2356 ἀπὸ
2647 2307 2740 2357 τοῦ
2771 2314 2935 2358 εἶναι’
2966 2305 2993 2358 6
3021 2302 3075 2358 δὲ
3112 2304 3240 2366 Θεὸς
3298 2304 3630 2382 ὕπερούσιος,
3662 2307 3762 2361 καὶ

363 2391 611 2474 (genera
642 2393 801 2455 enim
835 2391 1079 2455 omnino
1102 2389 1446 2453 dividuntur
1465 2391 1525 2452 in
1548 2390 1802 2471 species)
1821 2409 2006 2470 neque

2100 2386 2228 2464 ὑπὲρ
2258 2389 2319 2444 τὸ
2366 2388 2446 2469 ὅν,
2481 2389 2564 2446 διὰ
2600 2397 2756 2449 τοῦτο
2800 2393 2886 2448 καὶ
2932 2392 3061 2471 ὑπὲρ
3093 2393 3267 2450 πάιτα
3302 2393 3443 2473 ὅρον.
3501 2395 3589 2450 καὶ
3620 2394 3757 2469 ὑπὲρ

356 2491 665 2563 punctum,
718 2500 913 2564 neque
975 2482 1213 2562 proprie
1243 2499 1474 2554 monas,
1523 2481 1623 2542 illa
1666 2481 1827 2541 enim
1864 2500 2006 2542 con-

2103 2480 2288 2534 πᾶσαν⁸
2325 2479 2591 2558 ἀοριστίαν
2649 2481 2780 2556 ἐστὶ,
2820 2483 2907 2538 καὶ
2938 2484 3064 2539 αὒτὸ
3118 2485 3178 2539 τὸ
3229 2487 3376 2540 εἶναι
3434 2485 3616 2559 ὁρίζει,
3663 2486 3761 2541 καὶ

351 2571 669 2634 nexionem
703 2572 924 2634 habent
951 2590 1086 2633 cum
1116 2570 1528 2651 sequentibus;
1551 2569 1663 2633 boc
1696 2580 1892 2632 autem
1919 2577 2006 2632 est

2099 2568 2277 2624 αἴτιόν
2308 2568 2448 2625 ἐστιν
2496 2569 2681 2634 ἑνικῶς
2747 2569 2994 2638 δηλονοτι
3052 2572 3328 2652 ἐξαιρέτως
3394 2576 3483 2630 καὶ
3537 2573 3758 2648 ἁμιμῆ-

354 2659 1014 2741 simplicissimumSed
1048 2679 1243 2742 neque
1266 2660 1413 2724 illud
1439 2679 1620 2722 unum
1646 2661 2004 2741 ensaliqund

2092 2680 2220 2737 τως,
2253 2660 2339 2715 καὶ
2371 2660 2583 2715 πάντων
2614 2666 2719 2716 τῶν
2748 2660 2938 2733 ὄντων,
2973 2663 3062 2718 καὶ
3092 2660 3232 2719 ὅλων
3262 2661 3500 2740 παντων,
3549 2662 3756 2731 δηλον-

353 2750 728 2813 statuendum
759 2762 874 2824 est,
894 2751 1005 2813 sed
1031 2751 1258 2812 entium
1284 2750 1674 2832 principium,
1722 2750 2004 2831 quoniam

2092 2749 2172 2805 ότι
2205 2747 2516 2828 ὁλοκλήρων
2549 2770 2560 2780 ·
2618 2750 2706 2806 καὶ
2738 2749 2848 2827 ἅμα
2905 2761 2993 2807 καί
3023 2754 3127 2830 πρὸ
3171 2752 3408 2832 παντων,
3440 2754 3529 2809 καὶ
3584 2753 3756 2832 ὑπὲρ·

353 2838 417 2903 id
446 2841 601 2922 quod
625 2843 1001 2922 est,essentia
1031 2849 1142 2914 est,
1177 2858 1211 2902 a
1238 2839 1419 2902 verbo
1441 2859 1598 2914 esse,
1618 2839 1776 2902 Deus
1808 2848 2005 2901 autem

2092 2837 2267 2896 πάντα
2294 2839 2366 2900 ὡς
2401 2835 2600 2902 αἴτιον.
2637 2841 2724 2908 Μὴ
2781 2848 2907 2918 γοῦν
2937 2839 3059 2917 δόξῃ
3088 2842 3220 2897 τισὶν
3259 2841 3490 2899 ἐναντίον
3543 2843 3606 2899 τὸ
3639 2841 3758 2917 ἅμα

354 2931 880 3009 supraessentialis
905 2938 1083 3012 est,et
1115 2948 1295 3010 supra
1316 2930 1372 2991 id
1405 2930 1561 3011 quod
1592 2937 1680 2991 est
1702 2930 2006 3010 ;quocirca

2095 2927 2220 3003 πρός
2264 2941 2331 2983 τα
2374 2928 2518 3005 παρὰ
2563 2950 2662 2995 της
2691 2930 2833 2996 θείας
2881 2933 3093 3013 Γραφῆς
3125 2929 3401 3008 εἷρημένα,
3436 2931 3517 2988 ὅτι
3569 2931 3622 2987 ἓν
3653 2939 3761 3006 μιᾷ

354 3020 537 3083 etiam
566 3037 746 3102 supra
788 3039 1027 3086 omnem
1059 3020 1408 3093 terminum,
1465 3028 1529 3081 et
1556 3037 1736 3099 supra
1766 3037 2005 3080 omnem

2092 3019 2289 3094 ἑκάστῃ
2347 3017 2525 3096 ἡμέρᾳ
2583 3019 2701 3076 τοδε
2759 3044 2810 3077 τι
2870 3020 3259 3099 ἐδημιούργησε
3304 3024 3392 3078 καὶ
3423 3023 3752 3089 ὓπέστησεν.

352 3109 706 3173 infinitatem
738 3111 989 3191 exsistit,
1026 3119 1083 3172 et
1106 3110 1251 3172 illud
1287 3110 1485 3190 ipsum
1519 3126 1649 3170 esse
1674 3108 1899 3183 deﬁnit,
1951 3117 2006 3170 et

2092 3107 2229 3181 Ἀμα
2259 3107 2406 3178 εἷπε,
2446 3110 2583 3166 κατὰ
2637 3110 2737 3177 τὴν
2794 3120 2888 3169 τοῦ
2947 3113 3179 3178 ποιητοῦ
3206 3110 3421 3185 δύναμιν
3452 3132 3467 3147 ·
3499 3111 3594 3181 ἡδύ
3611 3134 3759 3169 νατο

351 3199 533 3263 unice
562 3219 743 3263 causa
774 3201 949 3281 est;id
985 3211 1076 3264 est
1105 3199 1443 3261 eminenter
1464 3208 1522 3260 et
1545 3197 1998 3272 inimitabiliter,

2092 3199 2189 3277 γὰρ
2218 3199 2306 3254 καὶ
2337 3199 2390 3253 ἒν
2442 3199 2689 3279 ἀκαριαίᾳ
2718 3207 2902 3277 καιροῦ
2952 3202 3091 3279 ῥοπῇ
3162 3203 3228 3258 τὰ
3264 3203 3440 3259 πάντα
3472 3204 3761 3271 συστήσα-

353 3297 472 3352 tam
505 3290 770 3351 omnium
804 3308 1007 3352 rerum
1039 3309 1216 3367 quam
1253 3296 1510 3350 totorum
1545 3288 1998 3357 omnium,scili-

2092 3292 2229 3363 σθαι,
2283 3290 2458 3352 καθὼς
2494 3290 2585 3346 καὶ
2644 3291 2672 3346 6
2730 3290 2898 3368 μέγας
2986 3288 3332 3365 διαλαμϐάνει
3390 3296 3508 3365 περὶ
3566 3293 3762 3349 τούτου

353 3388 448 3442 cet
470 3381 828 3457 integrorum
868 3399 882 3454 ;
919 3390 977 3442 et
997 3378 1172 3440 simul
1208 3377 1383 3438 etiam
1409 3386 1547 3438 ante
1571 3377 1771 3438 omnia
1793 3386 1853 3439 et
1891 3396 1997 3439 su-

2092 3380 2494 3457 Χρυσόστομος.
2542 3378 2646 3441 Καὶ
2680 3380 2811 3460 ὑπὲρ
2856 3382 2980 3437 αἰτό
3041 3381 3098 3436 ἓν
3154 3382 3183 3437 6
3274 3383 3428 3461 Θεὸς,
3511 3383 3585 3445 ὡς
3663 3388 3762 3442 καὶ

354 3487 463 3551 pra
490 3470 689 3532 omnia
717 3477 994 3550 tanquam
1042 3486 1238 3530 causa.
1281 3465 1368 3529 Ne
1396 3471 1596 3547 itaque
1627 3465 1772 3527 illud
1818 3467 2004 3530 simul

2092 3470 2257 3526 πάντα
2300 3470 2602 3550 ὕπερέχων,
2655 3471 2745 3528 καὶ
2799 3478 2902 3528 πᾶν
2954 3473 3014 3528 τὸ
3046 3470 3105 3526 ὅν
3138 3469 3191 3527 ἔν
3233 3474 3412 3551 ὁρίζειο
3469 3475 3532 3529 τὸ
3561 3474 3660 3552 γὰρ
3690 3473 3758 3529 ’ὃν

353 3558 711 3636 quibusdam
744 3558 1105 3622 contrarium
1148 3557 1420 3618 videatur
1458 3555 1533 3617 iis
1563 3574 1697 3634 quae
1729 3575 1762 3618 a
1798 3556 2004 3618 divina

2092 3558 2139 3614 ἕν
2186 3559 2406 3639 ἀριθμοῦ
2438 3558 2670 3628 δήλωσιν
2714 3561 2832 3642 ἔχει
2885 3560 2970 3618 ἐπὶ
3001 3582 3146 3623 τινας
3180 3560 3346 3627 ὅντως
3399 3563 3751 3638 ταττόμενον,

352 3649 660 3730 Scriptura
681 3649 840 3713 dicta
868 3648 1191 3729 sunt,quod
1217 3648 1481 3728 qualibet
1507 3648 1603 3709 die
1626 3647 1737 3710 hoc
1767 3655 1828 3711 et
1855 3646 2002 3709 illud

2092 3642 2342 3707 Ἐπὶτών
2396 3650 2562 3707 ὄντων
2608 3652 2803 3731 τοίνῦν,
2862 3650 3101 3708 τουτέστι
3156 3656 3262 3707 τῶν
3320 3655 3661 3730 κτισμάτως
3691 3656 3757 3710 τὸ

353 3747 642 3804 creaverit
662 3748 722 3803 et
744 3737 1325 3820 produxeritSimul
1352 3736 1866 3813 dixit,secundum
1891 3738 1977 3798 vir

352 3838 539 3892 tutem
573 3830 881 3911 creatoris;
933 3837 1163 3910 poterat
1210 3829 1393 3890 etiam
1425 3828 1485 3890 in
1515 3836 1816 3889 momento
1848 3836 2002 3889 tem-

349 3918 514 4002 poris
525 3920 726 3981 omnia
742 3918 1609 4001 producerequemadmodum
1626 3936 1868 3999 quoque
1885 3935 2008 3981 ma-

351 4008 1053 4090 gnustrysostomusde
1069 4010 1178 4070 hac
1209 4026 1275 4070 re
1305 4009 1589 4070 sentit.Et
1619 4008 2007 4088 supraipsum

353 4118 537 4161 unum
571 4098 727 4162 Deus
770 4107 883 4178 est,
930 4108 993 4160 ut
1022 4100 1128 4177 qui
1178 4117 1360 4179 supra
1414 4099 1629 4161 omnia
1672 4098 1921 4171 eminet,
1956 4105 2013 4159 et

350 4206 529 4252 omne
573 4208 681 4252 ens
739 4189 884 4271 quid
933 4206 1117 4250 unum
1139 4188 1397 4263 deﬁnit;
1438 4207 1573 4249 nam
1630 4188 1694 4250 id
1719 4189 1874 4269 quod
1924 4195 2013 4248 est

2089 3740 2141 3796 ἕν
2197 3740 2490 3815 τιθέμενον,
2550 3742 2689 3798 κατπλη
2742 3742 2962 3819 ἀριθμοῦ
3025 3741 3232 3801 ἔννοιαν
3265 3744 3484 3800 τῖθεται·
3520 3745 3610 3799 καὶ
3668 3741 3758 3800 διὰ

2088 3839 2242 3889 τοῦτο
2302 3833 2362 3888 τὸ
2421 3830 2475 3887 ὅν
2562 3831 2840 3909 ἐνάριθμον
2900 3831 3067 3913 λέγει,
3135 3832 3381 3901 δηλονότι
3427 3834 3487 3889 τὸ
3551 3834 3603 3889 ἐν
3664 3837 3755 3892 καὶ

2091 3924 2393 3979 ὑποπϊπτον
2471 3929 2549 3996 τῷ
2607 3922 2811 4001 ἀριθμῷ
2883 3921 2935 3978 ἕν
2995 3924 3135 3981 ἐστιν
3191 3922 3754 3999 ἀντιδιαστελλόμενον

2092 4013 2222 4089 πρὸς
2263 4012 2326 4067 τὸ.
2356 4010 2445 4069 δύο
2495 4012 2531 4079 ἠ
2572 4012 2639 4068 τὰ
2680 4013 2818 4089 τρία.
2853 4010 2912 4069 Ὀ
2971 4011 3025 4069 δὲ
3056 4023 3295 4078 τοιοῦτος
3340 4013 3561 4092 ἀριθμὸς
3610 4018 3751 4070 πάν-

2093 4123 2198 4166 τως
2242 4103 2416 4166 οὐσίας
2451 4102 2673 4181 μετέχει
2729 4102 2895 4168 τινός·
2960 4112 3020 4160 τὸ
3074 4103 3128 4160 δὲ
3171 4105 3485 4183 ὕπερούσιον
3524 4103 3575 4159 ἔν
3624 4102 3745 4159 καθ’

2094 4192 2221 4248 αὸτὸ
2264 4193 2351 4248 καὶ
2379 4190 2744 4249 ἁπλούστατον
2800 4191 2934 4255 ἐστι,
2998 4195 3313 4270 Θαυμασίως
3368 4200 3456 4250 οὖν
3502 4194 3567 4253 τὰ
3619 4191 3746 4271 περί

349 4297 562 4361 unum,
609 4280 845 4343 numeri
877 4278 1416 4343 manifestationem
1451 4277 1795 4353 habet,cum
1829 4276 2006 4340 alicui

2108 4288 2214 4337 ὴν)
2250 4307 2272 4337 ν
2336 4281 2785 4361 φνσσιολογήσας,
2854 4282 3070 4363 ἐπάγει,
3126 4283 3232 4359 ὅτι,
3295 4285 3391 4341 κᾶν
3437 4285 3525 4341 καὶ
3582 4285 3748 4361 μονὰς

347 4369 437 4431 rei
459 4370 798 4452 apponitur.
846 4368 1004 4452 Ergo
1033 4388 1214 4431 unum
1249 4369 1309 4430 in
1329 4368 1534 4450 rebus,
1560 4368 1621 4429 id
1654 4378 1744 4430 est
1762 4375 2000 4430 creatu-

2092 4372 2182 4429 κᾶν
2240 4373 2387 4451 τριὰς
2449 4375 2672 4448 ὑμνοϊτο
2702 4375 2737 4441 ἡ
2766 4373 2895 4452 ὑπὲρ
2938 4373 3110 4431 πάντα
3149 4374 3370 4448 θεότης,
3434 4374 3549 4432 οὔτε
3583 4374 3749 4449 μονὰς

345 4460 453 4541 ris,
487 4462 770 4542 positum,
791 4460 1122 4524 secundum
1158 4459 1392 4521 numeri
1422 4458 1717 4520 rationem
1738 4460 1997 4539 ponitur;

2092 4460 2175 4519 Ξῖτε
2208 4463 2393 4537 μονὰς,
2432 4464 2551 4519 οὒτε
2583 4462 2730 4543 τριὰς
2789 4460 2881 4519 ἅτε
2940 4466 3088 4544 τριάς
3118 4463 3284 4545 ἐστιν,
3321 4463 3358 4532 ἦ
3403 4463 3528 4541 παρ’
3591 4466 3750 4539 ἡμῶν

347 4558 407 4612 et
436 4549 662 4613 idcirco
694 4552 849 4632 quod
884 4567 1067 4613 unum
1123 4557 1236 4624 est,
1269 4549 1343 4611 ad
1378 4566 1695 4609 numerum
1731 4555 2001 4629 spectare

2092 4548 2151 4607 Βι’
2213 4550 2448 4629 ἀριθμῶν
2502 4550 2871 4629 γνωριζομὲνη
2915 4552 2950 4621 ἢ
3021 4550 3144 4633 παρ’
3209 4552 3412 4634 ἐτέρου,
3461 4551 3583 4610 ἀλλ’
3615 4553 3753 4631 ὑπὲρ

347 4638 641 4719 dicit,sive
666 4640 722 4701 id
736 4640 893 4720 quod
916 4639 1028 4702 sub
1052 4657 1366 4701 numerum
1392 4638 1766 4712 cadit,uuum
1791 4646 1880 4699 est
1895 4656 2003 4719 per

2092 4641 2258 4700 πάντα
2288 4648 2406 4699 νοῦν
2438 4643 2525 4699 καὶ
2569 4641 2681 4698 ’ἐστι
2713 4643 2800 4698 καὶ
2857 4644 3177 4718 δνομάζεται
3209 4645 3236 4699 6
3297 4644 3454 4707 Θεὸς·
3513 4641 3597 4700 διὰ
3650 4644 3751 4722 γὰρ

347 4730 782 4810 appositionem
798 4730 1051 4791 duorum
1078 4729 1167 4791 vel
1190 4726 1561 4791 trium.Talis
1579 4736 1775 4788 autem
1798 4747 2001 4789 nume-

346 4836 451 4881 rus
481 4820 726 4881 omnino
758 4818 1013 4900 aliquam
1045 4818 1439 4881 substantiam
1476 4817 2003 4898 participat;unum

346 4915 542 4970 autem
567 4907 1140 4988 supersubstantiale
1158 4907 1488 4970 secundum
1516 4925 1578 4968 se
1610 4926 1848 4987 quoque
1863 4907 2002 4968 sim.

347 4997 739 5079 plicissimum
773 4998 1593 5078 exsistit.Mirabiliteritaque
1618 5015 2002 5059 numerorum

347 5096 618 5151 naturam
649 5088 1017 5168 investigans
1048 5088 1271 5170 subdit,
1306 5088 1844 5167 divinitatem,quze
1867 5106 1998 5149 om-

348 5178 448 5240 nia
505 5187 764 5260 superat,
827 5178 961 5241 sive
1019 5197 1231 5241 monas
1288 5178 1588 5241 sivetrias
1620 5176 1997 5258 praedicetur,

347 5284 545 5344 neque
597 5267 909 5330 monadem
965 5288 1079 5350 qua
1144 5270 1485 5347 monadem,
1521 5267 1998 5348 nequetriadem

347 5374 463 5438 qua
511 5357 788 5434 triadem,
874 5377 1071 5439 neque
1143 5378 1177 5421 a
1221 5357 1419 5438 nobis,
1470 5376 1669 5439 neque
1748 5357 1820 5420 ab
1868 5359 2002 5420 aliis

346 5464 455 5526 per
482 5465 765 5510 numeros
797 5451 1216 5526 cognoscised
1241 5466 1427 5529 supra
1460 5466 1699 5510 omnem
1734 5458 2001 5511 mentem

347 5542 407 5597 et
429 5553 561 5597 esse
587 5545 644 5599 et
668 5538 964 5600 nominari
995 5542 1204 5601 Deum:
1237 5539 1498 5600 dicendo
1521 5538 1679 5599 enim
1705 5540 1858 5619 quod
1887 5557 2003 5599 non

350 5631 461 5696 est,
496 5624 887 5704 intelligimus
920 5629 1061 5706 quid
1096 5629 1174 5691 sit
1203 5627 1477 5691 Deus.Ne
1507 5628 1683 5705 igitur
1713 5628 2004 5709 simplici-

355 5727 447 5790 ter
474 5714 678 5776 audias
708 5716 879 5801 illud,
915 5736 1109 5801 neque
1142 5737 1349 5781 monas
1394 5736 1588 5801 neque
1622 5717 1898 5804 trias,sed
1934 5718 2006 5783 il-

2086 4736 2176 4787 τοῦ
2206 4732 2378 4788 εἰπεῖν
2424 4732 2554 4809 ὅπερ
2601 4732 2697 4786 οὑκ
2754 4730 2885 4811 ἔστι,
2935 4739 3154 4807 νοοῦμεν
3212 4732 3240 4789 ὅ
3274 4756 3323 4790 τι
3368 4731 3519 4788 ἐστιν
3558 4734 3586 4789 ὁ
3619 4733 3749 4798 Sed:

2089 4821 2175 4888 Μὴ
2205 4821 2376 4878 τοίνυν
2407 4820 2590 4886 ἁπλῶς
2621 4822 2704 4900 τὸ,
2770 4823 2878 4878 Οὔκ
2925 4821 3036 4878 ’ἐστι
3081 4823 3248 4898 μονὰς
3308 4821 3343 4890 ἦ
3401 4824 3568 4901 τριὰς,
3632 4821 3751 4887 ἐξα-

2085 4911 2307 4991 κούσης,
2358 4909 2496 4968 ἀλλὰ
2532 4912 2663 4988 πρὸς
2716 4917 2783 4983 τῇ
2844 4910 3209 4989 διεγνωσμίντ,
3262 4911 3510 4979 σύνταξον
3555 4914 3615 4968 τὸ
3649 4913 3744 4969 οὒκ

2086 5001 2250 5057 ἔστιν·
2314 5003 2373 5060 οὗ
2429 5003 2528 5079 γὰρ
2586 5000 2795 5058 ἀθελεϊν
2853 5003 2918 5058 τὰ
2974 5004 3074 5070 τῆς
3130 5005 3385 5070 τοιαύτης
3428 5001 3738 5078 ὁμολογίας,

2084 5091 2220 5147 ἀλλὰ
2262 5094 2322 5148 τὸ
2358 5091 2755 5171 ἀνεξιχνίαστον
2788 5094 2815 5148 ὁ
2866 5094 3027 5169 λόγος
3084 5092 3334 5169 βούλεται
3392 5090 3612 5156 διδάξαι.
3671 5090 3740 5147 Τὸ

2085 5184 2210 5258 γοῦν
2266 5182 2677 5260 ὑπερηνωμὲνον
2739 5183 2869 5261 φησὶ
2929 5181 3212 5250 δηλοῦσθαι
3271 5185 3331 5238 ὲκ
3394 5187 3491 5248 τῆς
3536 5181 3742 5254 ὀνομα-

2085 5273 2197 5335 σίας
2256 5273 2353 5339 τῆς
2405 5269 2656 5349 μονάδος,
2717 5274 2778 5329 τὸ
2835 5269 2890 5328 δὲ
2940 5274 3186 5351 θεόγονον
3217 5271 3276 5328 ἐκ
3319 5271 3414 5338 τῆς
3451 5270 3741 5344 ὀνομασίας

2085 5362 2183 5430 τῆς
2214 5359 2441 5439 τριάδος·
2478 5360 2567 5418 ἵνα
2619 5362 2719 5440 γὰρ
2752 5368 2999 5439 παραστῇ
3042 5368 3149 5418 τῶν
3192 5358 3572 5428 ἀνεκλαλήτων
3604 5360 3743 5415 ὑπο-

2085 5452 2322 5510 στάσεων
2351 5456 2385 5521 ἡ
2420 5454 2756 5530 προσκυνητή
2789 5451 3067 5532 ἔκφανσῖς,
3104 5455 3131 5507 ὁ
3175 5451 3393 5528 ἀριθμὸς
3443 5450 3741 5529 ἐπενοήθη,

2088 5542 2220 5597 καθᾶ
2275 5543 2361 5597 καὶ
2420 5540 2690 5607 Βισίλειος
2739 5544 2827 5597 καὶ
2884 5544 3177 5621 Γρηγόριος
3242 5543 3288 5597 οἱ
3331 5544 3470 5597 θεῖοι
3505 5540 3751 5617 λέγουσι.

2091 5629 2315 5705 Γόνιμον
2371 5629 2425 5686 δὲ
2495 5633 2585 5689 τὸν
2619 5631 2825 5710 Πατέρα
2882 5633 3184 5711 ὠνόμασεν,
3238 5630 3331 5687 ἅτε
3385 5637 3753 5710 προσκυνητοῦ

2102 5722 2219 5783 ι’ἱοῦ
2263 5720 2497 5805 Πατέρα,
2558 5723 2645 5781 καὶ
2701 5730 2793 5781 τοῦ
2849 5728 3324 5804 συμπροτιιυνητοῧ
3386 5721 3524 5800 αὒτῴ
3582 5718 3751 5779 Πνεύο
