4052 6454
358 376 476 447 999
1424 408 1429 415 τ
1537 377 1594 439 s.
1645 368 1991 440 DlONYSlI
2032 362 2565 442 AREOPAGITE.
3592 326 3762 446 loco

361 518 500 579 tiam
535 523 647 595 est,
683 517 966 594 quantum
1000 510 1086 572 fas
1117 506 1227 592 est,
1262 501 1876 592 indemonstrabiliter
1904 532 2002 577 as-

2088 520 2184 576 καὶ
2233 518 2483 592 ἀπολύτῳ
2532 521 2772 595 καθαρῶς
2834 515 3079 572 ἐκστάσει
3110 517 3239 593 πρὸς
3298 517 3395 584 τὴν
3424 516 3751 594 ὒπερούσιον

359 625 591 686 surgas;
617 604 914 681 siquidem
944 620 1053 683 per
1081 600 1330 663 liberam
1364 611 1422 663 et
1440 600 1803 684 absolutam,
1829 613 1888 666 et
1912 623 2002 685 pu-

2095 617 2189 666 τοῦ
2216 612 2353 666 θείου
2383 608 2601 672 σκότους
2632 606 2850 686 ἀκτῖνα,
2900 606 3073 662 πάντα
3101 604 3311 686 ἀφελὼν
3364 609 3462 662 καὶ
3494 604 3554 662 ἐκ.
3597 606 3750 664 πάν-

359 716 486 759 ram
534 697 617 757 tui
657 695 847 776 ipsius
879 712 911 754 a
943 692 1124 754 rebus
1153 691 1432 753 omnibus
1462 693 1900 769 avocationem,
1935 695 2002 757 ad

2092 720 2198 755 των
2229 698 2534 778 ἀγολυθείς,
2582 696 2889 775 ἁναχθήσῃ.

359 785 875 867 supernaturalem
897 783 1062 844 illum
1092 781 1363 860 caliginis
1387 781 1604 844 divinae
1628 783 1888 859 radium,
1909 786 2010 847 de-

362 877 567 944 tractis
597 874 879 940 omnibus
911 883 969 936 et
999 890 1031 933 a
1063 871 1294 934 cunctis
1341 872 1677 953 expeditus,
1710 875 2006 938 eveheris.

1967 1038 1998 1118 §
2036 1036 2111 1102 II.

2177 1202 2377 1260 Τούτων
2434 1199 2489 1257 δὲ
2549 1197 2644 1278 ὅρα
2699 1197 2847 1262 ὃπως
2892 1194 3077 1272 μηδεὶς
3137 1196 3241 1253 τῶν
3289 1196 3544 1272 ἀμυήτων
3599 1196 3749 1254 ἐπα-

359 1294 518 1367 dico,
543 1289 643 1372 qui
662 1288 841 1351 rebus
867 1285 1287 1367 (naturalibus)
1318 1284 1753 1359 adhaerescunt,
1773 1298 1832 1349 et
1853 1288 2001 1350 nihil

2088 1293 2252 1370 κούσῃ
2286 1311 2296 1322 ·
2334 1291 2546 1356 τούτους
2577 1288 2630 1345 δέ
2664 1310 2802 1367 φημι
2847 1289 2968 1350 τοὺς
2999 1289 3053 1342 ἓν
3084 1286 3207 1351 τοῖς
3264 1286 3406 1342 οὖσιν
3437 1286 3747 1368 ἐνισχημέ-

356 1382 508 1445 ultra
533 1377 818 1441 naturalia
848 1375 1378 1457 supernaturalitor
1414 1394 1547 1437 esse
1577 1376 1997 1456 imaginantur,

2088 1405 2226 1457 νους,
2252 1382 2339 1437 καὶ
2392 1379 2539 1437 οὒδὲν
2567 1378 2696 1456 ὑπὲρ
2750 1378 2812 1432 τὰ
2863 1376 2986 1432 ὄντα
3040 1377 3361 1455 ὑπερωσίως
3408 1388 3547 1433 εἴναι
3599 1397 3747 1455 φαν-

357 1472 624 1554 quinimo
647 1467 1017 1530 arbitrantur
1038 1486 1145 1527 sua
1174 1464 1515 1545 cognitione
1532 1485 1708 1529 nosse
1729 1471 2002 1550 eum,qui

2154 1471 2277 1505 νε
2384 1466 2792 1525 σ’λλ”έ
3219 1472 3247 1483 ”
3381 1459 3752 1523 θ”“’14

2088 1494 2424 1547 τακομενουη
2456 1493 2489 1526 α
2645 1488 2914 1542 οιομενου,
2966 1488 3153 1522 ειοιιαι
3185 1489 3253 1542 τῃ
3312 1488 3378 1522 κα
3462 1487 3646 1532 αυτους

351 1564 555 1643 posuit
579 1559 856 1621 tenebras
883 1555 1207 1619 latibulum
1244 1574 1421 1618 suum
1460 1568 1505 1619 ιδ.
1543 1555 1709 1628 Quod
1742 1559 1790 1620 si
1823 1577 2002 1639 supra

2088 1562 2278 1640 γνώσει
2310 1564 2400 1617 τὸν
2455 1559 2674 1635 θέμενον
2719 1556 2906 1622 σκότος
2964 1556 3275 1635 ἀποκρυφήν
3339 1557 3516 1617 αὒτοῦ.
3572 1558 3628 1614 Εἰ
3686 1555 3750 1613 δὲ

357 1659 591 1730 captum
625 1649 838 1709 horum
872 1647 990 1709 sint
1019 1646 1355 1709 divinorum
1384 1646 1798 1726 mysteriorum
1825 1649 2000 1710 insti-

2088 1654 2211 1730 ὺπέρ
2271 1650 2484 1713 τούτους
2544 1650 2671 1705 εἰσὶν
2733 1648 2785 1703 αἱ
2842 1649 2981 1702 θεῖαι
3042 1645 3430 1723 μυσταγωγίαι,
3477 1647 3528 1702 τί
3566 1645 3630 1702 ἂν
3662 1669 3747 1711 τις

358 1742 648 1812 tutiones;
678 1737 820 1815 quid
850 1737 1062 1798 dixerit
1089 1737 1222 1817 quis
1244 1737 1319 1797 de
1342 1736 1460 1797 illis
1486 1735 1589 1817 qui
1616 1737 1798 1815 magis
1819 1738 2002 1802 rudes

2088 1742 2212 1821 φαίη
2271 1742 2388 1818 περὶ
2440 1745 2545 1795 τῶν
2597 1735 2805 1812 μᾶλλον
2866 1735 3139 1815 ἀμύστων,
3197 1734 3315 1792 ὃσοι
3377 1736 3474 1803 τήν
3524 1737 3747 1793 πάντων

355 1839 514 1906 sunt,
548 1829 650 1910 qui
681 1844 975 1889 summam
1003 1844 1239 1889 causam
1265 1833 1554 1901 omnium,
1580 1844 1648 1888 ex
1681 1826 1755 1889 iis
1782 1847 1915 1909 quin
1939 1829 2000 1891 in

2088 1828 2469 1904 ὕπερκειμένην
2513 1828 2681 1884 αἰτίαν
2730 1832 2817 1883 καί
2876 1825 2935 1881 ἐκ
2977 1830 3082 1880 τῶν
3143 1824 3197 1881 ἐν
3227 1836 3345 1888 τοῖς
3386 1832 3529 1882 οὖσιν
3561 1825 3748 1906 ἐσχά-

355 1930 563 1984 natura
609 1936 810 1979 rerum
864 1924 1126 1979 extrema
1156 1924 1295 1977 sunt
1343 1914 1677 1994 designant,
1729 1917 2000 1998 nihilque

2088 1942 2186 1975 των
2216 1918 2721 1999 χαρακτηρίζουσιν,
2758 1916 2845 1972 καὶ
2889 1912 3035 1971 οὒδὲν
3068 1915 3228 1981 αὒτῆν
3278 1915 3560 1995 ὑπερέχειν
3613 1916 3749 1996 φασὶ

2122 2017 2147 2021 μ
2277 2008 2294 2021 η
2494 2008 2504 2021 .
2688 2008 2701 2021 .
2795 2019 2801 2021 .
2886 2004 2965 2021 η,
3141 2006 3157 2021 .
3260 2004 3280 2021 κ
3382 2005 3440 2021 ι.-

352 2011 520 2074 aiunt
547 2027 674 2069 eam
703 2005 1295 2087 ,antocellereimpiis
1321 2006 1635 2067 multarum
1671 2006 1994 2070 formarum

2088 2017 2187 2068 τῶν
2233 2008 2613 2084 πλαττομένων
2648 2008 2831 2069 αὗτοτῗς
2878 2004 3044 2062 ἀθέων
3072 2006 3159 2062 καὶ
3189 2004 3480 2063 πολυειδῶν
3525 2028 3749 2086 μορφω-

353 2098 737 2178 imaginibus,
755 2114 903 2177 quas
919 2095 1030 2176 ipsi
1054 2096 1304 2173 tingunt,
1322 2113 1456 2155 cum
1478 2104 1783 2173 oporteret
1813 2096 1870 2157 in
1904 2115 1993 2173 ea,

2088 2100 2289 2179 μάτων,
2323 2097 2436 2154 δέον
2485 2096 2570 2154 ἐπ’
2619 2097 2752 2173 αὐτῇ
2789 2097 2874 2152 καὶ
2907 2096 3079 2161 πάσας
3139 2096 3232 2159 τὰς
3261 2097 3367 2152 τῶν
3399 2094 3564 2153 ὄντων
3592 2097 3746 2154 τιθὲ-

352 2200 421 2252 ιιι
438 2189 703 2251 omnium
723 2204 920 2258 causa,
948 2204 1158 2247 omnes
1181 2184 1414 2247 entium
1444 2184 1874 2248 afﬁrmationes
1888 2196 2002 2249 sta-

2088 2210 2169 2244 ναι
2196 2186 2251 2230 ’⁷⁵
2290 2189 2374 2244 καὶ
2419 2185 2777 2266 κατκφάσκειν
2817 2187 3009 2258 θέσεις,
3045 2186 3116 2249 ὡς
3176 2184 3388 2243 πάντων
3445 2185 3605 2260 αἰτίᾳ,
3650 2188 3749 2243 καὶ

355 2291 531 2342 tuere
551 2297 619 2340 ac
641 2276 716 2339 de
738 2294 807 2338 ea
828 2276 1162 2352 afﬁrmare;
1195 2275 1338 2356 quin
1365 2274 1494 2336 illas
1515 2276 1674 2355 ipsas
1696 2294 1906 2339 omnes
1929 2277 2002 2340 de

2088 2278 2262 2340 πάσας
2294 2276 2452 2341 αὒτάς
2486 2275 2800 2354 κυριώτερον
2857 2274 3211 2353 ἀποφάσκειν,
3249 2276 3319 2341 ὡς
3379 2275 3509 2352 ὑπὲρ
3567 2276 3745 2333 πάντα

359 2389 430 2434 ea
461 2369 646 2448 magis
677 2366 918 2447 proyirie
964 2384 1205 2446 negare,
1241 2375 1519 2447 tanquam
1572 2384 1753 2444 supra
1794 2367 1995 2430 omnia

2088 2366 2369 2447 ὅπὲρούσῃ,
2420 2367 2509 2422 καὶ
2553 2364 2631 2438 μὴ
2666 2363 2873 2421 οῗεσται
2934 2365 3027 2425 τὰς
3066 2363 3361 2444 ἀποφάσεις
3420 2364 3742 2441 ἀντικειμέ-

357 2463 891 2539 superexsistente,
922 2474 1032 2517 nec
1068 2455 1413 2518 existimare
1446 2454 1794 2535 negationes
1825 2457 1996 2519 afﬁr-

2088 2478 2172 2523 νας
2228 2456 2373 2513 εἶναι
2426 2467 2550 2517 ταῖς
2599 2454 2983 2534 καταφάσεσιν,
3023 2451 3161 2509 ἀλλά
3190 2453 3328 2509 πολύ
3357 2453 3614 2533 πρότερον
3646 2455 3745 2511 αὒ-

351 2546 715 2611 mationibus
765 2563 903 2608 esse
958 2545 1332 2622 contrarias,
1391 2543 1497 2606 sed
1558 2543 1748 2625 ipsam
1809 2546 1998 2609 multo

2088 2547 2178 2614 τὴν
2205 2545 2334 2623 ὑπέρ
2363 2545 2458 2609 τὰς
2492 2544 2768 2624 στερήσεις
2801 2547 2943 2601 εἶναι
2973 2543 3072 2610 τὴν
3102 2542 3233 2623 ὑπὲρ
3264 2548 3436 2600 πᾶσαν
3459 2548 3548 2601 καὶ
3577 2544 3742 2625 ἀφαίο

439 1205 574 1264 Haec
605 1205 799 1262 autem
827 1196 980 1274 vide,
1010 1215 1083 1258 ne
1107 1196 1239 1276 quis
1264 1194 1465 1258 audiat
1487 1193 1821 1275 rudiorum;
1855 1199 2001 1260 istos

355 2638 618 2720 priorem
659 2643 718 2698 et
760 2634 1132 2716 superiorem
1188 2632 1618 2716 privationibus
1652 2654 1784 2698 esse
1821 2654 2002 2719 supra

2088 2658 2225 2715 ρεσιν
2258 2637 2345 2694 ιιαῖ
2366 2634 2509 2694 θέσιν
2538 2655 2555 2708 ;

355 2745 595 2790 omnem
623 2732 683 2789 et
706 2722 1094 2802 ablationem,
1122 2732 1181 2787 et
1209 2723 1592 2805 positionem.

1952 2860 1982 2940 §
2027 2857 2133 2924 III.

436 3022 558 3084 Hac
583 3022 788 3104 utique
820 3021 1053 3083 ratione
1098 3020 1267 3084 divus
1313 3021 1781 3085 Bartbolomaeus
1827 3020 1911 3084 ait
1941 3027 2001 3083 et

2084 3027 2111 3063 *‘
2165 3021 2316 3082 Οὕτω
2340 3021 2465 3101 γοῦν
2496 3027 2523 3080 ὁ
2550 3027 2697 3089 θεῖος
2732 3024 3134 3106 Βαρθολομαῖός
3166 3025 3230 3077 ’ἳϐ
3258 3049 3414 3106 φησι,
3466 3022 3561 3083 καί
3602 3023 3734 3082 πολ-

352 3111 652 3191 copiosam
704 3129 839 3173 esse
883 3110 1278 3189 theologiam,
1327 3120 1388 3174 et
1433 3112 1764 3185 minimam,
1821 3118 2000 3189 atque

2088 3111 2183 3179 λὴν
2212 3113 2313 3180 τὴν
2342 3112 2617 3192 θεολογίαν
2646 3116 2789 3172 εἶναι
2818 3117 2905 3173 καὶ
2959 3115 3257 3196 ἐλαχίστην
3292 3134 3307 3148 ⁸
3343 3118 3437 3172 καὶ
3473 3118 3526 3172 τὸ
3560 3116 3741 3192 Εὐαγ-

352 3199 743 3277 Evangeliom
766 3199 1026 3279 amplum
1062 3209 1121 3260 et
1151 3208 1524 3282 magnum,et
1555 3219 1765 3263 rursus
1788 3201 2000 3264 conci-

355 3305 506 3347 sum.
528 3289 690 3355 Illud,
718 3299 777 3347 ut
808 3289 946 3345 mihi
970 3289 1209 3362 videtur,
1236 3293 1447 3349 eximie
1470 3290 1820 3361 intelligi-ns,
1844 3290 1998 3362 quod

2081 3291 2243 3365 Ἐμοὶ
2271 3289 2420 3349 δοκεῖ
2449 3293 2508 3342 77
2537 3293 2714 3352 ἐκεῖνο
2744 3296 3018 3373 ὅπερνρυῶς
3050 3297 3306 3367 ἐννοήσας

2082 3201 2259 3280 γέλιον
2318 3201 2492 3259 πλατὺ
2543 3206 2638 3261 καῖ
2715 3204 2878 3284 μέγα,
2927 3208 3015 3263 καὶ
3086 3210 3227 3274 αὖθις
3282 3203 3742 3281 συν-τετμημένον,

3320 3346 3335 3376 ,
3369 3294 3451 3352 ὅτι
3503 3297 3592 3352 καὶ
3628 3318 3738 3351 πο-

356 3380 615 3460 benigna
634 3381 900 3442 omnium
924 3399 1101 3442 causa
1123 3383 1198 3443 sit
1230 3391 1290 3445 et
1320 3382 1696 3463 multiloqua,
1727 3389 1785 3441 et
1808 3379 1996 3442 brevi-

2088 3379 2302 3460 λύλογος
2361 3385 2505 3440 ἔστιν
2567 3387 2595 3452 ἦ
2658 3384 2825 3463 ἀγαθὴ
2885 3386 3095 3442 πάντων
3154 3387 3291 3445 αἰτία
3346 3388 3435 3442 καὶ
3465 3384 3744 3464 {392161;-

354 3470 533 3550 loqua
562 3470 737 3531 simul
769 3481 946 3551 atque
981 3471 1202 3532 nullius
1234 3472 1555 3546 sermonis,
1592 3477 1802 3552 utpote
1833 3472 2003 3548 cujus

353 3577 548 3640 neque
572 3560 751 3622 dictio
799 3579 996 3641 neque
1041 3560 1436 3640 intelligentia
1466 3562 1567 3642 sit,
1601 3561 1741 3642 quia
1773 3561 2003 3623 cunctis

352 3651 557 3706 creatis
579 3649 1616 3722 superessentialitcrsup:rsminet,et
1640 3651 1857 3723 absque
1874 3665 2004 3720 ope-

351 3746 619 3801 rimentis
635 3758 701 3801 ac
713 3757 852 3801 vere
873 3739 1214 3802 ostenditur
1227 3741 1493 3822 solisjis,
1515 3741 1615 3822 qui
1633 3747 1851 3803 cuncta
1872 3758 2002 3823 quae

347 3828 605 3910 impura,
635 3848 885 3910 quaeque
908 3848 1053 3910 pura
1080 3838 1238 3903 sunt,
1267 3838 1706 3910 pertranseunt,
1733 3848 1998 3893 omnem-

352 3937 472 3998 que
532 3920 796 3980 omnium
855 3929 1197 3981 sanctorum
1260 3920 1623 4000 fastigiorum
1686 3937 2001 3981 ascensum

347 4008 805 4083 transcendunt,
829 4017 886 4069 et
910 4010 1110 4070 omnia
1135 4008 1332 4070 divina
1357 4010 1602 4091 lumina,
1630 4019 1688 4071 et
1710 4027 1914 4083 sonos,
1944 4020 2004 4072 et

351 4116 664 4161 sermones
688 4098 970 4160 caelestes
997 4098 1367 4180 relinquunt,
1393 4108 1453 4161 et
1474 4100 1532 4160 in
1565 4099 1880 4177 caliginem
1905 4098 2004 4161 ab-

352 4188 694 4270 sorbentur,
755 4187 858 4251 ubi
890 4208 1034 4251 vere
1067 4197 1181 4272 est,
1215 4189 1371 4254 sicut
1417 4190 1499 4252 ait
1533 4191 1862 4270 Scriptura,
1902 4190 2006 4273 qui

352 4289 445 4340 est
476 4279 628 4340 ultra
658 4279 879 4342 omnia.
903 4277 1032 4341 Non
1057 4281 1216 4341 enim
1250 4288 1481 4344 temere
1511 4279 1748 4342 divinus
1779 4282 2008 4363 Moyses

351 4369 571 4450 expiari
597 4369 854 4450 primum
881 4368 1010 4451 ipse
1034 4367 1305 4449 jubetur,
1335 4390 1403 4433 ac
1432 4370 1653 4433 deinde
1681 4389 1716 4431 ιι
1747 4389 1865 4432 non
1899 4388 2001 4432 εχει

351 4458 524 4541 piatis
554 4459 878 4540 segregari,
906 4471 967 4520 et
1001 4468 1132 4540 post
1163 4459 1833 4541 omnemiexpiationem
1865 4460 1996 4522 δυ

351 4550 517 4612 audit
549 4549 902 4612 multisonas
952 4549 1153 4624 tubas,
1195 4550 1508 4631 cernitque
1539 4550 1724 4611 multa
1756 4550 2001 4626 lumina,

2089 4551 2319 4629 πίγγων,
2380 4551 2443 4602 80
2500 4554 2595 4624 ὁρᾷ
2633 4557 2784 4632 φῶτα
2869 4552 3063 4628 πολλὰ,

350 4657 533 4719 puros
557 4656 624 4700 ac
653 4640 967 4720 mulplices
993 4639 1193 4702 radios
1212 4640 1481 4720 jacentia
1508 4660 1525 4700 :
1559 4638 1938 4721 postmodum
1971 4659 2005 4702 a

350 4727 739 4790 multitudine
765 4739 1097 4811 separatur,
1120 4738 1183 4792 et
1202 4748 1335 4791 cum
1362 4729 1574 4792 electis
1591 4728 2003 4792 sacerdotibus

347 4819 420 4879 ad
453 4837 752 4885 summum
787 4819 1086 4899 fastigium
1116 4819 1452 4882 divinorum
1476 4836 1832 4881 ascensuum
1870 4839 1999 4900 per-

351 4908 519 4987 tingit
540 4935 587 4976 q.
626 4907 742 4970 Sed
781 4910 1067 4972 hactenus
1097 4909 1365 4971 nondum
1399 4917 1670 4972 versatur
1698 4928 1831 4971 cum
1864 4910 2000 4989 ipso

348 4996 495 5079 Deo,
530 5017 642 5060 nec
674 5015 808 5059 eum
844 4998 1005 5060 videt
1037 4998 1514 5079 (inaspectabilis
1541 4999 1698 5061 enim
1727 5002 1866 5081 est),
1894 5002 1999 5064 sed

349 5089 548 5149 locum
574 5086 675 5149 ubi
700 5093 922 5150 stetit'.
950 5086 1076 5150 Hoc
1106 5098 1304 5150 autem
1336 5089 1613 5151 existimo
1637 5089 1999 5172 signiﬁcare,

349 5178 717 5241 divinissima
738 5185 796 5240 et
818 5196 1054 5239 summa
1079 5195 1285 5240 eorum
1310 5196 1441 5259 quae
1469 5189 1796 5241 cernuntur
1825 5194 1886 5242 et
1916 5182 2004 5243 in-

353 5268 719 5348 telliguntur,
750 5268 1018 5331 rationes
1041 5266 1327 5347 quasdam
1351 5286 1483 5331 esse
1512 5288 1649 5351 quas
1679 5269 2000 5350 subjiciunt

429 5391 455 5433 Ρ
489 5376 649 5442 Hsal.
680 5392 829 5453 xvu,
874 5376 968 5440 t2.
1053 5387 1082 5431 (ι
1112 5375 1296 5440 Exod.
1330 5394 1454 5442 XIX.
1538 5394 1562 5424 τ
1590 5377 1780 5445 Exod.
1816 5400 2022 5449 xum.

2084 3493 2207 3535 κτος
2268 3470 2379 3548 ἅμα
2428 3475 2515 3531 καὶ
2574 3473 2793 3552 ἄλογος,
2875 3477 2945 3540 ὡς
3004 3475 3121 3533 οὔτε
3173 3476 3334 3554 λόγον
3390 3474 3506 3531 οὔτε
3554 3476 3745 3541 νόησιν

2085 3558 2309 3641 ἔχουσα,
2346 3560 2429 3618 διά
2458 3564 2519 3619 τὸ
2577 3565 2789 3619 πάντων
2851 3563 3015 3632 ain-iw
3064 3567 3380 3646 ὑπερουσίως
3411 3564 3743 3641 ὑπερκειμέ-

2084 3672 2182 3717 νην
2212 3651 2381 3731 εἶναι,
2413 3656 2499 3711 καὶ
2533 3657 2715 3729 μόνοις
2771 3654 3232 3731 ἀπερικαλύπτως,
3267 3658 3355 3712 καὶ
3387 3654 3598 3720 ἀληθῶς
3643 3653 3745 3711 ἐκ-

2084 3740 2409 3818 φαινὸμένην
2465 3755 2585 3808 τοῖς
2632 3745 2815 3801 καὶτά
2858 3746 3024 3823 ἐναγῆ
3085 3746 3254 3802 πάντα
3306 3743 3395 3799 καί
3445 3744 3512 3800 τὰ
3540 3745 3745 3819 καθαρὰ

2084 3827 2424 3905 διαςαίνουσι,
2461 3833 2550 3889 καί
2593 3839 2766 3890 πᾶσαν
2816 3841 3002 3892 πασῶν
3053 3835 3214 3912 ἀγίων
3259 3832 3563 3913 ἀκροτάτων
3617 3836 3743 3891 ἀνοί-

2083 3918 2237 3978 ϐασιν
2293 3920 2685 4000 ὑπερϐαίνουσι,
2743 3926 2833 3981 καί
2886 3925 3057 3982 πάντα
3110 3929 3231 3981 θεῖα
3296 3924 3359 3972 ’ἴε
3418 3945 3593 4004 φωτα,
3651 3925 3744 3981 καί

2084 4011 2279 4091 ἣχους,
2333 4013 2421 4068 καί
2470 4011 2661 4091 λόγους
2718 4016 2985 4093 οὐρανίους
3043 4012 3497 4088 ἀπολιμπάνουσι,
3544 4013 3739 4077 nisi:

2086 4103 2177 4157 τὸν
2208 4101 2401 4180 γνόφον
2430 4101 2806 4178 εἷσδυομένοις,
2857 4103 2916 4160 οὗ
2944 4101 3108 4168 ὅντως
3161 4104 3326 4184 ἐστίν,
3358 4105 3431 4168 ὡς
3462 4104 3530 4159 τὰ
3582 4101 3742 4181 λόγιά

2088 4212 2248 4269 φησιν
2304 4193 2332 4247 ὁ
2378 4191 2589 4249 πάντων
2647 4191 2918 4256 ἐπέκεινα.
2975 4195 3074 4252 Καί
3139 4195 3240 4273 γὰρ
3291 4193 3394 4272 οὔχ
3464 4190 3653 4256 ἁπλῶς
3712 4196 3742 4250 ὁ

2089 4283 2232 4343 θεῖος
2267 4285 2498 4351 Μωΰσῆς
2566 4280 2999 4360 ἀποκαθαρθῆναι
3050 4290 3260 4361 πρῶτον
3320 4282 3474 4348 αὐτὸς
3527 4282 3747 4339 κελεύε-

2088 4392 2175 4427 ται
2223 4367 2308 4450 79,
2345 4371 2435 4428 καί
2489 4370 2633 4437 αὖθις
2665 4377 2770 4430 τῶν
2833 4374 2911 4449 μὴ
2969 4374 3223 4430 τοιούτων
3253 4372 3628 4454 ἀφορισθῆναι,
3659 4366 3750 4431 καί

2090 4460 2239 4535 μετά⁴
2270 4466 2445 4519 πᾶσαν
2502 4461 2861 4541 ἀποκάθαρσιν
2911 4462 3091 4520 ἀκούει
3121 4468 3228 4522 τῶν
3259 4462 3588 4544 πολυφώνων
3620 4462 3748 4520 σαλ-

3154 4553 3385 4632 καθαράς
3463 4553 3743 4633 ἀπαστρά-

2085 4641 2363 4697 πτονταὸι
2394 4643 2481 4699 καί
2537 4640 2870 4722 πολυχύτους
2902 4643 3124 4706 ἀκτῖνας
3153 4658 3170 4675 ⁸
3205 4655 3328 4700 εϊτα
3360 4642 3467 4700 τῶν
3528 4642 3746 4701 πολλων

2086 4730 2404 4812 ἀφώρισται,
2463 4731 2553 4788 καί
2606 4732 2743 4789 κατά
2796 4730 2858 4782 3g
2919 4753 3028 4789 των
3084 4729 3418 4809 ἐκκρίτων83
3447 4732 3630 4811 ἱερέων
3662 4733 3750 4791 ἐπί

2083 4822 2182 4889 τὴν
2210 4819 2480 4901 ἀκρότητα
2511 4826 2616 4879 τῶν
2667 4824 2821 4879 θείων
2852 4820 3162 4879 ἀναϐάσεων
3207 4823 3416 4902 φθάνει,
3480 4822 3587 4881 Κάν
3617 4825 3750 4880 τού-

2084 4934 2195 4976 τοις
2227 4913 2369 4986 αὒτῴ
2400 4911 2497 4985 μὲν
2527 4911 2585 4968 οὗ
2637 4912 2938 4990 συγγίνεται
2971 4917 3050 4987 τῷ
3095 4913 3232 4994 Θεῷ,
3288 4916 3482 4991 θεωρεῖ
3537 4910 3591 4968 δὲ
3650 4913 3748 4970 οὒκ

2084 5004 2243 5060 αὐτὸν
2303 5000 2540 5079 (ἀθέατος
2597 5002 2748 5079 γὰρ’)
2805 5000 2943 5059 ἀλλὰ
3000 5005 3091 5060 τὸν
3153 5002 3317 5060 τόπον
3375 5008 3434 5059 οὗ
3491 5000 3608 5060 ἐστι
3651 5002 3738 5064 84.

2086 5095 2249 5153 Τοῦτο
2280 5089 2333 5148 δὲ
2378 5094 2534 5167 οἶμαι
2565 5092 2843 5166 σημαίνειν
2873 5088 2929 5135 85
2957 5094 3018 5149 τὸ
3071 5094 3135 5150 τὰ
3177 5095 3422 5149 θειὸτατα
3457 5093 3544 5149 καί
3577 5091 3741 5170 ἀκρό-

2083 5204 2217 5240 τατα
2259 5186 2365 5238 τῶν
2396 5181 2679 5261 ὁρωμένων
2730 5184 2820 5239 καί
2849 5184 3148 5260 νοουμένων
3196 5183 3536 5245 ὑποθετικοὺς
3594 5201 3742 5248 τινας

2083 5286 2224 5331 εἶναι
2268 5270 2459 5351 λόγους
2507 5292 2613 5329 των
2675 5270 3124 5349 δποϐεὸλημένων
3182 5279 3257 5347 τῷ
3310 5271 3486 5328 ’πάντα
3542 5271 3740 5353 ὑπερέ-

1654 5484 1918 5553 VARUE
1979 5487 2422 5554 LECTIONES.

425 5591 480 5635 ’Ν
508 5593 779 5669 οἰομένους
804 5599 970 5668 εἶναι,
1004 5591 1112 5658 Ch.
1146 5593 1269 5652 κατ’
1291 5594 1508 5669 αὐτούς,
1538 5593 1612 5657 D.
1643 5597 1759 5653 καθ’
1796 5599 2035 5676 ἑαυτούς,
2071 5599 2137 5661 S.

354 5674 423 5764 ρ·
449 5673 574 5764 “78
606 5676 789 5764 ἰξάλου
821 5677 911 5764 τᾶἢ
934 5679 1076 5750 θεῖα,
1113 5673 1293 5764 S._P.
1368 5673 1445 5764 :59
1472 5675 1911 5764 παρακελεύεται,
1944 5678 2008 5747 S.

353 5754 415 5818 S.
449 5753 518 5819 P.
605 5751 662 5797 3‘
690 5753 841 5833 ἔστη,
876 5753 934 5819 S.
970 5757 1038 5820 P.
1074 5758 1146 5819 D.
1182 5755 1279 5818 Sc.
1366 5755 1432 5810 83
1459 5751 1728 5836 σημαίνει,

2221 5598 2286 5650 75
2313 5596 2578 5681 reﬂaivctt,
2749 5597 2812 5649 76
2842 5600 3269 5681 Βαρτολομαϊος,
3303 5598 3508 5681 Π.“77
3538 5596 3742 5675 δοκεῖν,

2095 5680 2159 5734 80
2199 5681 2307 5741 καί.
2391 5676 2441 5722 θί
2473 5678 2864 5760 ἀστράπτοντα,
2898 5676 2964 5745 S.
3048 5677 3104 5723 33
3133 5681 3294 5757 μετά,
3379 5677 3435 5724 33
3463 5680 3746 5765 ἔγκρίτων,
