4052 6422
468 396 619 465 1015

1638 403 1700 468 S.
1752 403 2111 468 DIONYSII‘
2142 351 2712 469 ΑΒΕΟΡΑΗΙΤίΕ.’

3709 387 3871 462 4016

456 536 772 597 iutellectili
789 539 1041 598 motione
1054 539 1428 597 cessationem
1448 536 1999 611 appellavit,idcirco
2014 554 2108 596 an-

2203 540 2254 605 Ριν
2311 537 2367 596 δὲ
2411 539 2466 596 ἐν
2518 539 2730 616 ἑτέροις
2775 536 2899 597 εἵπε
2960 538 3047 596 καὶ
3105 536 3482 617 ἂνενεργησίαν
3537 538 3638 607 τῆς
3681 528 3867 617 νοεριὶς

464 629 2115 712 tequamverbafaciat,adbibetprecationem,atquesan-

463 726 616 779 ctam
662 718 896 782 invocat
915 719 1508 796 Trinitatem,dicens
1531 715 1907 792 :Trinitas,et
1937 734 2117 799 supra

462 806 658 886 ipsum
672 817 894 883 esse,et
917 825 1094 889 supra
1116 825 1292 889 quam
1320 807 1508 870 Deum
1534 816 1760 887 esse,et
1778 807 1913 888 plus
1936 825 2111 887 quam

463 895 592 958 551
635 897 859 960 bonum
891 915 1023 960 esse
1055 899 1282 959 habens
1316 918 1330 971 ;
1367 896 1669 978 siquidem
1703 897 1761 959 id
1787 902 1902 958 vim
1937 896 2117 960 habet

466 987 1129 1066 productionis,scilicet
1151 1003 1305 1069 esse;
1340 986 1486 1050 illud
1509 1006 1653 1050 vero
1677 985 2112 1067 efﬁcaciw,sci-

465 1076 606 1140 licet
632 1076 811 1152 Deus,
838 1076 1000 1140 aliud
1048 1094 1186 1139 vero
1233 1076 1865 1156 habitudinis,scilicet
1892 1075 2112 1153 bonus;

465 1186 583 1244 quo
610 1166 819 1247 utique
866 1171 1145 1229 naturam
1195 1166 1303 1229 Dei
1359 1166 1522 1228 nullo
1571 1166 1750 1229 modo
1781 1166 2106 1229 declarant.

465 1255 621 1320 Hinc
659 1274 798 1318 vero
846 1255 1083 1319 discere
1111 1255 1312 1337 liceat,
1351 1257 1509 1338 quod
1564 1256 1709 1320 dum
1761 1256 1837 1318 de
1872 1255 2114 1338 mystica

461 1345 758 1423 theologia
786 1346 968 1408 verba
997 1345 1193 1409 facere
1223 1345 1575 1430 instituerit,
1622 1355 1681 1409 et
1724 1355 1969 1429 propter
2000 1346 2114 1408 hoc

464 1435 1219 1517 petieritilluminari,banc
1237 1436 1423 1517 ipsam
1444 1437 1851 1517 precationem
1872 1436 2115 1517 mystice

466 1534 800 1607 componat.
835 1525 965 1588 Non
1013 1525 1173 1588 enim
1210 1526 1530 1607 dixit,quid
1574 1527 1651 1589 sit
1679 1525 1983 1600 Trias,sed
2018 1525 2117 1586 illa

465 1616 679 1696 quibus
696 1622 789 1677 est
817 1613 1261 1699 superior.Haec
1292 1619 1453 1679 enim
1486 1624 1577 1678 est
1607 1616 1861 1698 mystica
1879 1617 2110 1679 theolo-

463 1707 582 1786 gia,
613 1724 746 1786 quae
777 1724 973 1787 neque
1002 1706 1265 1769 sensatio
1314 1714 1427 1787 ast,
1474 1724 1675 1785 neque
1700 1707 1873 1781 ratio,
1921 1723 2115 1788 neque

468 1795 688 1859 mentis
712 1803 1120 1877 motio,neque
1162 1797 1455 1877 operatio,
1485 1814 1681 1876 neque
1711 1795 1969 1871 habitus,
2006 1813 2116 1858 ne-

2199 632 2462 702 κινήσεως
2502 651 2513 662 ·
2550 628 2642 689 διὰ
2676 637 2833 689 τοῦτο
2881 629 2983 706 πρὸ
3014 629 3121 685 τῶν
3151 627 3326 705 λόγων
3355 627 3423 704 τῇ
3458 627 3596 708 εὖχῇ
3639 627 3868 709 χρῆται,

2197 721 2444 799 καὶπρὸς
2474 720 2573 790 τὴν
2625 719 2783 799 ἁγίαν
2841 724 3116 776 ποτνιᾶται
3170 716 3388 796 Τριᾶδα,
3422 715 3594 795 λέγων
3631 733 3646 748 ⁸
3709 715 3867 795 Τριᾶς

2197 810 2286 867 καὶ
2339 810 2471 889 ὑπὲρ
2529 810 2591 867 τὸ
2653 808 2821 884 εἶναι,
2882 808 2969 865 καὶ
3039 807 3171 887 ὑπὲρ
3227 809 3290 863 τὸ
3362 808 3492 871 Θεὸς
3550 806 3721 887 εἶναι,
3778 805 3869 862 καὶ

2197 900 2258 956 τὸ
2339 898 2468 976 ὑπὲρ
2521 900 2581 956 τὸ
2639 899 2837 977 ἀγαθὸς
2896 896 3041 954 εἶναι
3110 895 3335 977 ἔχωσιν
3399 897 3461 953 τὸ
3524 896 3622 970 μὲν
3680 895 3866 975 Empu-

2196 1009 2281 1045 σιν
2311 986 2430 1069 ἔχει
2461 991 2816 1067 παραγωγῆς,
2879 984 3127 1055 δηλονότι
3183 986 3244 1043 τὸ
3280 990 3447 1059 sint,
3481 987 3544 1043 τὸ
3601 985 3659 1042 δὲ
3713 984 3866 1061 ἐνερ-

2197 1079 2342 1157 γείας
2374 1080 2435 1135 τὸ
2491 1080 2621 1142 Θεὸς
2652 1094 2667 1111 ·
2702 1078 2763 1135 τὸ
2793 1076 2849 1133 δὲ
2892 1075 3075 1151 ἕξεως,
3128 1075 3191 1132 τὸ
3231 1075 3452 1155 ἀγαθὸς,
3486 1075 3519 1134 ἅ
3548 1075 3616 1145 δὴ
3673 1081 3867 1154 ταῦτα,

2197 1168 2257 1225 οὒ
2285 1169 2435 1248 φύσιν
2467 1174 2652 1232 ποσῶς
2710 1164 3076 1245 παραδηλοῦσι
3123 1173 3279 1228 Θεοῦ.
3344 1163 3513 1223 ’Ἔστι
3570 1163 3627 1221 δὲ
3682 1163 3866 1221 ἒντεῦ-

2194 1260 2280 1316 θεν
2312 1261 2526 1338 μαθεῖν,
2586 1255 2667 1314 ὅτι
2700 1256 2823 1335 περῖ
2881 1255 3145 1331 μυστικῆς
3204 1254 3479 1335 θεολογέἀς
3543 1254 3868 1335 προθέμενος

2196 1345 2398 1425 λέγειν,
2435 1348 2522 1403 καὶ
2560 1349 2634 1415 εὶς
2663 1352 2819 1404 τοῦτο
2871 1347 3201 1425 φωτισθῆναι
3258 1344 3578 1425 εὖχόμενος,
3635 1346 3723 1401 καὶ
3770 1345 3868 1400 αὖ·

2196 1439 2297 1508 τήν
2327 1437 2426 1506 τὴν
2458 1437 2630 1518 εὖχὴν
2665 1439 2936 1512 μυστικῶς
2985 1434 3293 1501 συντίθησιν
3328 1454 3341 1468 ’
3379 1432 3496 1491 οὐδὲ
3530 1436 3632 1514 γὰρ
3662 1434 3790 1492 εἷπε
3820 1442 3871 1498 τί

2197 1527 2342 1585 ἐστιν
2374 1526 2410 1595 ἢ
2467 1528 2651 1605 Τριὰς,
2711 1524 2848 1582 ἄλλα
2898 1523 3062 1581 ταῦτα
3117 1524 3247 1603 ὑπὲρ
3280 1524 3311 1580 ὂὶ
3369 1524 3506 1586 ἐστι.
3569 1530 3739 1583 Τοῦτο
3769 1524 3867 1603 γὰρ

2198 1616 2337 1673 ἐστιν
2399 1618 2434 1685 ἡ
2499 1615 2735 1692 μ’)στικὴ
2784 1613 3053 1694 θεολογία,
3111 1615 3206 1671 οὔκ
3263 1613 3539 1688 αἴσθησις,
3587 1614 3648 1671 οὗ
3679 1613 3863 1693 λόγος¹

2201 1709 2261 1765 οὗ
2286 1708 2406 1768 νοὸς
2436 1707 2666 1786 κίνησις³
2736 1704 2831 1761 οὒκ
2863 1704 3122 1783 ἐνέργεια,
3194 1705 3297 1785 οὐχ
3355 1703 3484 1777 ἕξις,
3518 1707 3609 1761 οὖοι
3657 1702 3789 1761 ἄλλο
3817 1724 3865 1759 τι

2200 1802 2307 1853 τῶν
2364 1795 2638 1874 ἡμετέρων
2697 1795 3028 1873 παραστήσει
3089 1795 3308 1862 ταῦτην·
3358 1792 3481 1852 ἀλλ’
3545 1793 3600 1850 ἐν
3656 1791 3867 1873 ἀκριϐεῖ

468 1903 582 1966 que
612 1885 768 1984 quod
798 1885 1139 1984 quidquam.
1172 1903 1372 1948 rerum
1408 1885 1760 1948 nostratium
1817 1885 2119 1966 explicare

2203 1885 2453 1953 ἆκινησίά
2483 1887 2601 1950 νοὸς
2654 1884 2723 1942 τὰ
2772 1888 2889 1964 περὶ
2947 1884 3112 1951 αὒτῆς
3168 1882 3586 1962 ἐλλαμφθὲντες,
3648 1882 3864 1962 γνωσό-

468 1974 695 2055 possit;
748 1976 853 2037 sed
896 1977 959 2037 in
1003 1975 1263 2056 perfecta
1323 1977 1540 2039 mentis
1594 1978 1930 2039 cessatione
1960 1978 2121 2039 circa

467 2064 657 2144 ipsam
681 2063 1459 2147 illuminati,coguoscemus
1483 2083 1613 2128 eam
1647 2083 1783 2128 esse
1805 2083 1985 2148 supra
2004 2085 2121 2128 om-

467 2160 567 2216 nia
589 2173 720 2235 quae
749 2174 917 2218 mens
948 2156 1252 2236 intelligit;
1280 2167 1340 2219 et
1380 2173 1513 2218 cum
1548 2156 1856 2237 mysticum
1884 2156 2031 2235 quid
2063 2164 2122 2220 et

466 2243 770 2307 ineffabile
791 2246 1115 2321 contineat;
1147 2245 1483 2309 secundum
1516 2245 1631 2308 hoc
1660 2245 1855 2308 solum
1882 2264 2119 2309 sermo-

467 2352 576 2396 nes
608 2335 685 2398 de
707 2335 810 2398 illa
830 2345 1033 2419 erunt,
1064 2345 1125 2399 et
1155 2337 1450 2416 theologia
1468 2334 1800 2410 vocabitur,
1835 2337 2117 2419 quoniam

466 2424 582 2487 hoc
606 2424 683 2488 de
712 2424 834 2491 Deo
862 2425 1083 2490 dicitur
1108 2426 1267 2505 quod
1302 2425 1380 2487 sit
1406 2444 1588 2508 supra
1628 2426 1853 2489 omnia.
1885 2428 1971 2487 Tu
2003 2427 2117 2489 ita-

468 2534 608 2597 que,
635 2534 670 2577 o
704 2523 905 2578 sancta
928 2515 1209 2596 Trinitas,
1235 2516 1450 2579 divinae
1498 2515 1809 2597 sapientiae
1834 2516 1894 2579 in
1916 2515 2119 2580 Chris-

469 2604 647 2667 tianis
672 2622 914 2686 prases,
946 2624 1087 2688 quae
1133 2612 1396 2668 mentem
1448 2605 1611 2684 regis
1643 2613 1711 2667 ut
1737 2622 2003 2685 congrue
2044 2606 2120 2668 de

469 2693 687 2757 divinis
707 2696 949 2771 sentiat,
981 2703 1041 2758 et
1072 2712 1190 2757 non
1221 2693 1410 2775 sapiat
1435 2712 1908 2775 supervacanea,
1929 2691 2121 2776 dirige

469 2802 579 2847 nos
599 2783 672 2845 ad
704 2800 1049 2865 supremum
1080 2782 1516 2863 verticem,quo
1547 2784 1632 2846 nil
1661 2780 1985 2847 sublimius
2013 2801 2120 2848 ex-

469 2873 714 2953 cogitari
739 2882 954 2955 potest,
987 2873 1093 2955 qui
1136 2891 1495 2955 supraquam
1526 2873 1789 2953 ignotus,
1824 2881 1883 2935 et
1906 2892 2121 2957 supra-

470 2981 647 3043 quam
698 2963 930 3026 lucidus
974 2972 1034 3026 et
1059 2981 1240 3042 supra
1268 2980 1508 3025 omnem
1540 2962 1898 3042 cognitionis
1933 2983 2121 3044 nega-

472 3052 789 3125 tionem,et
816 3052 1058 3115 luminis
1070 3052 1524 3116 afﬁrmationem
1544 3054 2120 3137 exsistitQuoniam,

472 3141 615 3204 licet
641 3141 849 3223 ignota
876 3141 974 3224 sit,
994 3142 1330 3205 istiusmodi
1373 3140 1732 3218 sublimitas,
1768 3161 1887 3207 non
1917 3149 2122 3210 tamen

474 3231 650 3310 quasi
671 3231 834 3294 nullo
863 3231 1038 3293 modo
1068 3233 1168 3314 sit,
1188 3233 1292 3295 sed
1314 3240 1592 3312 tanquam
1617 3233 1831 3296 existat
1849 3234 2118 3312 quidem,

2204 1997 2338 2051 μετα
2387 1973 2467 2032 ὅτι
2518 1975 2650 2053 ὑπὲρ
2707 1975 2903 2054 πάντα,
2953 1970 3053 2028 ὅσα
3108 1969 3170 2029 ἄν
3242 1974 3270 2029 ὁ
3304 1980 3425 2037 νοῦς
3457 1974 3669 2045 variam,
3702 1972 3818 2030 ἔστί
3849 1988 3863 2004 ⁸

2201 2067 2290 2122 καὶ
2317 2066 2380 2122 τδ
2447 2065 2702 2142 μυστικὸν
2762 2063 2852 2121 καὶ
2899 2061 3265 2131 ἁνεκλάλητον
3320 2061 3547 2144 ἔχουσα,
3605 2063 3681 2124 εἷς
3712 2068 3869 2120 τοῦτο

2202 2155 2366 2231 μόνον
2409 2160 2514 2212 τῶν
2586 2153 2762 2234 λόγων
2823 2154 2997 2229 ἔσται,
3059 2155 3151 2210 οιαὶ
3211 2151 3458 2233 θεολογία
3513 2155 3866 2235 λεχθήσεται,

2203 2243 2335 2303 διότι
2390 2243 2548 2304 τοῦτο
2607 2245 2725 2323 περὶ
2786 2251 2921 2304 Θεοῦ
2981 2242 3221 2324 λέγεται,
3282 2242 3365 2301 ὅτι
3424 2244 3555 2322 ὄπὲρ
3599 2242 3668 2301 τά
3692 2244 3873 2302 πάντα

2202 2334 2332 2396 hct.
2369 2334 2441 2391 ΣΒ
2499 2333 2648 2414 γοῦν,
2710 2334 2947 2412 μακαρία
2986 2332 3168 2412 Τριᾶς,
3200 2334 3236 2401 ἡ
3286 2337 3389 2402 τῆς
3449 2332 3508 2390 ἂν
3564 2347 3685 2398 τοῖς
3744 2341 3874 2413 Χρι-

2201 2437 2440 2484 στιανοϊς
2503 2430 2756 2504 περισσοῦ
2841 2424 3029 2503 σοφίας
3105 2421 3322 2504 ἓιρορος,
3409 2421 3718 2501 κυϐερνῶσα
3779 2426 3871 2482 τὸν

2200 2515 2340 2589 νοῦν,
2378 2517 2451 2578 ὡς
2512 2514 2576 2571 ἃν
2619 2514 3002 2593 προσηκόντως
3060 2525 3179 2578 τοῖς
3249 2514 3404 2579 θείοις
3471 2519 3590 2592 νοῇ,
3642 2516 3732 2571 καὶ
3788 2515 3870 2589 μὴ

2202 2605 2425 2683 περισσὰ
2487 2606 2790 2682 σοφῖζηται,
2825 2603 3004 2660 ἴθϋνον
3043 2603 3191 2678 ἡμᾶς
3253 2602 3338 2659 ἐπὶ
3405 2604 3503 2671 τὴν
3560 2603 3865 2681 ἀκροτάτην

2200 2694 2466 2776 κορυφὴν,
2537 2696 2628 2750 καὶ
2675 2696 2800 2772 ὅπερ
2848 2691 2915 2761 ἣν
2970 2691 3065 2748 οὒκ
3125 2691 3240 2749 ἔστι
3308 2714 3357 2748 τι
3409 2691 3746 2769 ὁψηλότερον
3776 2693 3871 2751 ἒν-

2201 2792 2391 2855 νοῆσαι
2447 2783 2545 2853 τὴν
2620 2783 3023 2863 δπεράγνωετον
3080 2783 3171 2840 καὶ
3249 2783 3521 2863 δπερφαῆ,
3578 2784 3681 2851 τὴν
3734 2782 3870 2857 iure?

2201 2880 2376 2931 πᾶσαν
2433 2874 2524 2930 καὶ
2591 2871 2859 2954 ἀπόφασιν
2904 2870 3204 2952 yvcbo-s'wc,’
3238 2874 3327 2933 καὶ
3401 2876 3701 2954 κατάφασιν
3756 2874 3868 2953 φά-

2208 2985 2319 3025 ους.
2354 2962 2488 3022 ’Ὅτι
2533 2964 2691 3020 εἶκαὶ
2742 2962 3015 3040 ἄγνωστὸς
3085 2961 3229 3018 ἔστιν
3285 2965 3320 3034 ἡ
3353 2960 3575 3030 τοιαῦτη
3605 2962 3864 3042 ἀκρότης,

2208 3051 2329 3110 ἀλλ’
2360 3054 2483 3134 οὐχὶ
2539 3055 2613 3118 ὡς
2679 3050 2907 3129 μηδαμῆ
2953 3047 3217 3128 μηδαμῶς
3250 3058 3404 3109 οὖσαθ
3440 3051 3566 3109 ἆλλ“
3629 3054 3704 3116 ὡς
3734 3055 3871 3110 οὖσα

2209 3142 2330 3224 μέν³
2366 3143 2566 3200 νικῶσα
2609 3140 2664 3199 δὲ
2719 3140 2888 3208 ἔξίσυυ
2945 3141 3035 3198 καὶ
3080 3147 3181 3198 πᾶν
3238 3142 3393 3222 φάος,
3454 3140 3701 3209 δηλονότι
3756 3149 3870 3201 tci-

2208 3256 2306 3291 σαι
2351 3238 2571 3311 γνῶσιν,
2636 3234 2725 3291 καὶ
2797 3238 2971 3289 πᾶσαν
3025 3230 3312 3310 ἀγνωσίαν
3378 3238 3533 3289 τοῦτο
3592 3232 3695 3310 γὰρ
3750 3232 3869 3290 ἐστι

473 3308 577 3384 sed
610 3339 679 3384 ex
710 3340 884 3403 aequo
913 3321 1093 3383 etiam
1121 3308 1300 3383 omne
1319 3308 1523 3384 lum—en
1554 3323 1767 3404 vincat,
1796 3308 1967 3386 idest
1988 3308 2119 3387 om?

2207 3324 2268 3380 τὸ
2299 3321 2583 3402 ὑπερφαὲς,
2636 3325 2732 3379 καὶ
2794 3325 2945 3384 αῡθϊς
3009 3323 3071 3378 τὸ
3118 3322 3551 3400 ὑπεράγνωστον·
3611 3321 3669 3379 ἐν
3712 3321 3752 3391 ἦ
3800 3320 3869 3391 δὴ

473 3429 613 3475 nem
657 3413 1057 3491 cognitionem
1085 3419 1144 3474 et
1189 3429 1430 3473 omnem
1492 3412 1924 3493 ignorationem
1960 3431 1977 3490 ;
2012 3414 2125 3476 hoc

472 3501 634 3563 enim
655 3511 744 3562 est
772 3518 1131 3581 supraquam
1165 3499 1577 3582 lucens,atque
1598 3503 1739 3563 item
1764 3520 2121 3584 supraquam

471 3588 831 3670 ignotumln
861 3610 979 3673 quo
1001 3591 1211 3672 utique
1240 3592 1483 3668 vertice,
1517 3591 1839 3673 simplicia,
1871 3602 1932 3655 et
1981 3592 2120 3654 uni-

472 3680 686 3743 formia
705 3688 764 3743 et
791 3680 1361 3755 absoluta,videlicet
1381 3699 1452 3744 ea
1480 3700 1613 3763 quae
1642 3682 1775 3745 sine
1802 3681 2120 3763 symbolis,

471 3779 531 3834 et
558 3779 623 3834 ut
650 3779 812 3845 sunt,
845 3770 1124 3853 existunt,
1146 3789 1268 3832 non
1305 3778 1504 3833 tamen
1536 3770 1875 3852 parabolice
1901 3780 2122 3853 myste—

470 3860 562 3938 ria
580 3859 914 3922 secundum
937 3878 1295 3941 supraquam
1328 3858 1585 3922 lucidam
1636 3860 1852 3923 occulti
1914 3862 2120 3942 mysti-

472 3949 649 4030 cique
669 3948 889 4012 silentii
910 3947 1225 4029 caliginem
1252 3948 1615 4031 velantur,in
1646 3950 1758 4012 hac
1781 3950 1983 4031 utique
2014 3968 2119 4011 ca-

468 4038 655 4118 ligine
684 4037 1248 4115 tenebricosissima,
1275 4047 1518 4123 propter
1559 4044 1900 4120 mysterium
1929 4049 1989 4103 et
2014 4058 2119 4102 ar—

471 4147 683 4191 canum
707 4146 1065 4211 supraquam
1114 4129 1569 4211 lucentesqute
1615 4147 1972 4212 supraquam
2019 4129 2116 4192 lu-

469 4218 776 4281 cidissima
824 4226 984 4299 sunt,
1033 4225 1280 4302 propter
1323 4217 1678 4281 infinitatem
1732 4219 2025 4282 donorum
2050 4237 2127 4286 ac,

470 4308 976 4389 providentiarum
1020 4315 1078 4371 et
1120 4308 1552 4372 beneﬁciorum
1603 4307 1737 4389 Dei,
1787 4327 1860 4372 ex
1900 4309 2119 4392 quibus

469 4416 826 4482 supraquam
873 4399 1029 4463 lucet
1060 4398 1206 4461 illud
1252 4398 1361 4462 Dei
1414 4398 1911 4476 secretissimum,
1945 4407 2005 4464 et
2026 4410 2118 4463 ta-

470 4496 661 4569 ctum,
692 4489 1007 4571 visumque
1047 4488 1413 4568 fugientibus
1454 4506 1821 4570 supraquam
1855 4489 2123 4570 pulchris

469 4577 796 4656 fulgoribus
825 4588 884 4641 et
911 4578 1335 4661 splendoribus
1367 4585 1600 4642 mentes
1631 4578 1820 4641 oculis
1849 4588 2123 4643 carentes

2207 3417 2408 3492 κορυφῇ
2457 3414 2522 3469 τὰ
2580 3410 2726 3468 ἀπλᾶ
2776 3411 2867 3468 καὶ
2922 3408 3126 3478 ἐνόειδῆ
3185 3413 3272 3467 καὶ
3314 3408 3575 3487 ἀπόλυτα,
3628 3412 3694 3467 τὰ
3735 3408 3873 3493 δίχα

2206 3500 2297 3569 δη)
2311 3500 2411 3569 αδὴ
2440 3499 2745 3583 σῠμϐόλων,
2778 3501 2867 3557 καὶ
2909 3501 2982 3563 ὡς
3016 3500 3234 3581 ἓχουσιν
3278 3497 3404 3557 ὄντα
3429 3515 3445 3531 ⁸
3498 3504 3558 3559 οὗ
3610 3501 3719 3576 μὴν
3752 3522 3871 3558 πα-

2206 3587 2505 3661 ραϐολικῶς
2564 3591 2829 3668 μυστήρια
2910 3590 3049 3647 κατᾶ
3126 3590 3217 3647 τὸν
3286 3590 3596 3670 {strip-suros
3667 3590 3871 3668 γνόφον

2204 3686 2303 3744 τῆς
2361 3681 2579 3761 κρυφίας
2636 3681 2723 3736 καὶ
2771 3684 3033 3756 μυστικῆς
3083 3683 3239 3758 σιγῆς
3305 3678 3660 3753 κεκὰλυπταί,
3722 3679 3780 3737 ἒν
3823 3683 3872 3756 ᾧ

2204 3768 2270 3837 δὴ
2313 3772 2494 3850 γνόφῳ
2563 3769 2950 3844 σκοτεινοτάτῳ
2979 3767 3064 3825 διὰ
3118 3770 3181 3825 τὸ
3212 3769 3471 3837 mortbe
3516 3769 3606 3825 καὶ
3635 3768 3870 3847 ἂρρῆτον

2203 3860 2603 3940 ὕπερλάμπουσι
2688 3860 2755 3914 τὰ
2836 3857 3289 3939 ὑπερφονὲστατα,
3371 3856 3458 3915 διὰ
3513 3859 3575 3914 τὸ
3644 3857 3869 3940 ἄπειρον

2203 3953 2309 4009 τὼν
2358 3957 2451 4008 τοῦ
2512 3956 2643 4007 Θεοῦ
2705 3946 2913 4027 δωρεῶν
2985 3950 3075 4005 καὶ
3132 3970 3393 4028 προνοιων
3478 3948 3568 4005 καὶ
3644 3950 3869 4029 εὐεργε-

2201 4040 2355 4119 σιῶν,
2408 4038 2462 4107 ἐξ
2507 4042 2581 4095 ὧν
2650 4036 2986 4116 ὑπερλάμπει
3048 4039 3105 4095 τὸ
3149 4044 3240 4095 τοῦ
3288 4043 3421 4096 Θεοῦ
3470 4040 3871 4119 κρυφιώτατον,

2202 4133 2289 4187 διαὶ
2344 4129 2399 4186 ἐν
2452 4133 2530 4202 τῷ
2587 4127 2783 4206 ἀναιρεῖ
2865 4129 2955 4184 καὶ
3029 4129 3262 4206 αοράτῷ,
3347 4149 3452 4184 των
3546 4128 3869 4207 ὑπερκᾶλων

2200 4218 2442 4300 ἆγλαϊῶν
2499 4218 2587 4274 καὶ
2633 4215 3021 4294 λαμπροτάτων
3078 4216 3472 4297 ὁπερπληροῦσι
3517 4219 3641 4283 τοὺς
3684 4220 3870 4295 ἀνομ-

2202 4317 2398 4387 μάτους
2428 4307 2577 4386 νόας,
2608 4308 2727 4374 τοὺς
2769 4329 2893 4383 κατ,
2955 4305 3115 4366 ἄλλον
3158 4308 3357 4385 τρόπον
3420 4307 3870 4384 πολνομμᾶτους,

2203 4399 2297 4464 τας
2351 4396 2640 4479 ἆγγελικέις
2711 4420 2852 4477 φημι
2942 4398 3031 4455 καὶ
3086 4398 3228 4462 θείας
3314 4394 3588 4479 δυνάμειςο
3646 4400 3708 4455 0-5
3765 4400 3875 4477 γὰρ

2204 4489 2490 4570 ὀφθαλμῶν
2546 4490 2811 4555 αἱσθητων
2882 4489 2987 4544 εἶσι
3046 4490 3254 4564 μεστοὶ,
3315 4478 3438 4543 ἀλλ’
3495 4488 3638 4546 ’ἐστιν
3695 4489 3877 4544 αὖτὼν

2203 4583 2239 4649 ἡ
2279 4580 2427 4637 οὐσία
2471 4577 2562 4636 ἃτε
2618 4577 2724 4651 ζῶν
2805 4584 2949 4652 νοῦς,
2983 4576 3015 4635 ὅ
3060 4577 3202 4634 ἐστιν
3260 4576 3532 4657 ὀφθαλμὸς
3588 4576 3879 4657 ὗξυδερχέ-

469 4664 679 4745 implet
727 4686 876 4749 quas
910 4669 1026 4730 alio
1058 4667 1235 4730 modo
1281 4668 1607 4731 multorum
1640 4668 1954 4731 oculorum
1989 4687 2119 4733 esse

2209 4690 2419 4750 στατος,
2475 4671 2532 4725 αἲ
2579 4669 2668 4725 καὶ
2724 4666 3025 4743 ἆνόμματοι
3085 4665 3408 4746 λογίζονται,
3458 4664 3547 4722 διὰ
3611 4669 3699 4723 τὸν
3748 4666 3875 4724 ἄδυ-

472 4750 643 4836 dicit,
677 4757 974 4837 angelicas
1020 4756 1254 4820 scilicet
1281 4756 1635 4840 divinasque
1678 4757 1967 4821 virtutes:
2005 4777 2124 4822 non

470 4841 630 4905 enim
655 4845 981 4909 sensilibus
1010 4845 1200 4909 oculis
1232 4846 1424 4928 plenae
1463 4855 1627 4929 sunt,
1664 4847 1768 4911 sed
1795 4865 2004 4910 earum
2037 4867 2126 4911 es-

471 4933 664 5006 sentia
691 4935 821 5000 viva
833 4935 1104 5019 quasdam
1136 4952 1305 4998 mens
1324 4944 1434 5014 est,
1462 4936 1520 4999 id
1547 4945 1638 5001 est
1658 4938 1869 5000 oculus
1891 4939 2124 5019 perspi-

471 5027 845 5107 cacissimus,
890 5044 1023 5108 quas
1055 5033 1115 5089 et
1143 5025 1333 5089 oculis
1365 5045 1574 5091 carere
1631 5027 1773 5091 552
1817 5035 2123 5112 censetur,

473 5126 717 5201 propter
749 5119 1115 5180 inaccessam
1138 5113 1302 5177 illam
1327 5116 1642 5198 caliginem
1670 5116 1891 5181 silentii
1914 5117 2120 5180 divini.

472 5208 538 5272 In
566 5216 852 5290 quantum
885 5206 1081 5287 itaque
1108 5202 1267 5267 Deus
1299 5205 1624 5270 invisibilis
1655 5215 1775 5290 est,
1801 5206 1865 5270 in
1893 5215 2125 5270 tantum

473 5299 652 5362 etiam
684 5301 919 5359 mentes
946 5293 1074 5358 haec
1117 5294 1305 5357 oculis
1349 5304 1573 5359 carent.
1610 5295 2125 5371 Quemadmodum

473 5387 634 5451 enim
666 5386 796 5467 ipse
819 5383 1133 5448 invisibilis
1162 5383 1483 5462 exsistens,
1530 5385 1713 5449 simul
1745 5403 1984 5449 omnem
2010 5386 2132 5466 pul-

473 5475 878 5540 chritudinem
900 5481 964 5536 et
990 5473 1353 5537 desiderium
1378 5475 1638 5551 excedit,
1670 5486 1733 5540 et
1764 5494 1884 5540 non
1906 5474 2129 5538 idcirco

474 5566 634 5647 quod
657 5584 775 5628 non
807 5565 1100 5646 videatur,
1131 5562 1598 5644 despicitur,sed
1628 5571 1687 5627 in
1710 5574 1998 5649 quantum
2029 5565 2129 5630 de-

474 5654 802 5729 sideratur,
851 5651 1401 5735 pulchritudinibus
1443 5653 1755 5736 adimplet.
1818 5653 1919 5720 Sic
1950 5655 2126 5719 etiam

478 5751 715 5811 mentes
741 5742 928 5808 oculis
956 5750 1231 5809 carentes
1258 5751 1538 5828 respectu
1553 5745 1897 5829 splendoris
1917 5763 2122 5813 earum

2209 4780 2298 4816 τον
2344 4758 2539 4840 γνόφον
2595 4762 2693 4827 τῆς
2750 4759 2890 4824 θείας
2933 4759 3116 4837 σιγῆς,
3196 4759 3333 4815 Καθέρ
3394 4764 3519 4834 γοῦν
3573 4759 3636 4813 τὸ
3704 4758 3878 4815 Θεῖον

2207 4848 2453 4925 ἀόρατον,
2519 4848 2653 4905 κατὰ
2708 4853 2865 4905 τοῦτο
2896 4846 2982 4904 καὶ
3052 4847 3099 4904 οἱ
3129 4847 3246 4909 νόες
3277 4846 3604 4921 ἆνόμματοι.
3638 4845 3735 4910 Ὠς
3768 4849 3879 4925 γὰρ

2209 4939 2387 4996 ἐκεῖνο
2446 4937 2670 5018 ἀόρατον
2724 4936 2805 5018 ὄν,
2867 4935 3017 5011 ὅμως
3072 4935 3202 5016 ὑπὲρ
3253 4942 3427 4993 πᾶσαν
3477 4934 3748 5004 καλλονὴν
3783 4939 3879 4993 χαὶ

2209 5029 2384 5109 gessi;
2455 5027 2589 5084 ἐστι·
2649 5028 2737 5083 καὶ
2792 5029 2852 5083 οὗ
2904 5024 3036 5082 διότι
3094 5026 3201 5106 οὔχ
3231 5027 3438 5102 ὁρᾶται,
3498 5038 3877 5106 καταφρονεῖ-

2208 5120 2317 5192 τάι,
2354 5116 2490 5174 ἀλλὰ
2520 5115 2653 5173 διότι
2685 5118 2955 5196 ποθεϊται,
3016 5120 3121 5172 τῶν
3193 5114 3470 5173 καλλονῶν
3524 5113 3880 5195 ἀποπληροῖ,

2210 5208 2360 5268 Οὕτω
2415 5209 2499 5264 καὶ
2559 5207 2606 5263 οἱ
2663 5205 2776 5272 νόες
2834 5204 3135 5281 ἆνόμματοι
3204 5205 3354 5270 ὅντες
3413 5206 3546 5284 πρὸς
3616 5207 3680 5262 τὸ
3736 5204 3883 5285 ῧπὲρ

2210 5296 2405 5355 ϐάλλον
2459 5302 2556 5365 τῆς
2610 5294 2992 5374 λαμπρότητος
3040 5297 3086 5352 οἱ
3146 5293 3526 5371 πολοόμματοι
3570 5295 3710 5351 κατὰ
3768 5294 3884 5351 ἂλ-

2214 5387 2305 5445 λον
2362 5388 2582 5467 τρόπον,
2628 5388 2702 5450 ὡς
2760 5386 3125 5465 πολύγνωστοι
3186 5389 3293 5441 τῶν
3347 5386 3484 5443 κατὰ
3539 5385 3640 5453 τὴν
3670 5386 3885 5443 οἰκείαν

2213 5476 2428 5554 δύναμιν
2455 5477 2726 5556 γνώσεων,
2758 5474 2906 5550 ὅμως
2953 5474 3050 5542 τῆς
3105 5474 3247 5537 θείας
3307 5472 3654 5550 λαμπηδόνος
3687 5475 3883 5555 ἐφίεν-

2212 5580 2322 5625 ται*
2382 5567 2470 5623 καὶ
2568 5568 2627 5624 οὖ
2682 5563 2815 5621 διότι
2891 5564 2987 5622 οὒκ
3066 5564 3399 5645 ἐφικνοῦνται
3468 5561 3648 5623 διόλου
3692 5585 3881 5621 κατα-

2211 5663 2513 5738 φρονοόσιν³
2569 5651 2707 5711 ἀλλὰ
2762 5652 2897 5710 διότι
2967 5656 3215 5725 ποθουσι,
3268 5659 3374 5710 τῶν
3405 5650 3685 5709 καλλονῶν
3745 5651 3886 5709 ἂνα-

2211 5745 2565 5825 πίμπλανται,
2622 5745 2692 5804 Τὸ
2749 5742 2803 5801 δέ
2856 5743 3052 5828 ἀναφὲς
3092 5742 3183 5822 ’μὴ
3251 5744 3387 5805 κατὰ
3442 5743 3541 5817 τὴν
3600 5741 3883 5817 αἴσθητήν
