4052 6450
316 413 468 480 1017

781 412 882 477 DE
927 411 1262 478 MYSTIGA
1342 410 1805 486 THEOLOGIA,
1851 410 2018 476 CAP.
2078 409 2128 473 Ι.
2176 442 2252 456 —
2298 405 2684 475 PARAPHR.
2734 396 3227 472 PACHYMERE

3546 395 3700 466 1018

306 548 539 629 ἂκλάὸῃς
572 548 737 629 ἁφὴν,
769 546 906 605 ἀλλὰ
966 548 1101 605 κατὰ
1140 550 1241 616 τὴν
1302 547 1525 618 νοητὴν,
1584 546 1694 617 ἣτις
1754 548 1895 606 ἐστὶν
1925 548 1959 614 ἡ

2049 553 2278 626 captum
2312 545 2805 619 excedentis,alio
2838 546 3013 610 modo
3039 544 3239 609 multis
3264 542 3451 609 oculis
3480 539 3700 603 instru-

304 649 527 720 γνῶσις.
558 640 650 698 Ἐν
683 645 806 719 γοῦν
835 639 912 713 τῷ
941 638 1157 719 ἀναιρεῖ,
1209 639 1372 716 ἤγουν
1427 639 1504 700 τῷ
1554 636 1813 717 ἀγνώστῳ
1870 639 1957 693 καὶ

302 731 537 805 ἀοράτῳ.
598 733 657 789 οὗ
714 730 872 786 παύει
945 730 1035 785 τὸν
1107 729 1266 786 πόθον
1344 728 1451 784 τῶν
1509 728 1952 806 ἆνατεινομένων,

303 819 444 877 ἀλλὰ
501 818 707 894 μᾶλλον
767 819 1128 897 ἀναζωπυρεῖ,
1215 816 1296 874 διὸ
1378 820 1465 874 καὶ
1526 824 1633 874 τῶν
1683 817 1957 874 καλλονῶν

303 907 617 988 ἐρπίπλησι,
680 908 750 964 Σὺ
806 906 884 979 δὲ,
926 910 971 963 ὦ
1067 906 1198 964 καλὲ
1259 907 1481 982 Τιμόθεε
1518 956 1533 987 ,
1569 908 1811 972 σύντονος
1870 906 1958 963 ἔσο

301 1001 436 1077 πρὸς
495 1021 561 1055 τα
612 998 841 1073 μυστικὰ
901 997 1163 1075 θεάματα,
1231 1000 1302 1063 ὡς
1367 995 1430 1052 ἂν
1489 996 1586 1052 κὲίν
1648 990 1784 1053 οὕτω
1841 1008 1958 1060 τοῖς

299 1089 462 1150 θείοις
528 1090 601 1152 ὡς
662 1088 879 1167 ἔφικτὸν
950 1088 1287 1165 ἔντρανίσῃς,
1345 1087 1440 1149 Ὠς
1509 1087 1606 1164 γὰρ
1665 1086 1750 1143 ἐπὶ
1819 1108 1962 1150 τινος

303 1176 496 1253 ὁλκῆς,
557 1177 677 1257 φέρε
758 1178 930 1233 εἰπεῖν
987 1173 1071 1234 διὰ
1126 1178 1345 1257 σχοίνου
1374 1176 1562 1256 βάρους
1592 1179 1735 1240 τινος
1768 1175 1964 1254 ὀφείλει

304 1270 552 1334 σύντονος
581 1281 721 1324 εἴναι
753 1269 780 1323 ὁ
812 1267 1005 1345 ἓλκων,
1041 1268 1129 1324 καὶ
1159 1265 1325 1342 μηδὲν
1355 1266 1548 1341 μεταξὺ
1579 1268 1675 1333 τῆς
1710 1265 1955 1323 ἑλκυστι-

304 1359 409 1423 κῆς
466 1356 739 1431 δονάμεως
809 1356 1118 1434 καθαιρεῖν-ιι
1177 1355 1289 1436 (εὰν
1354 1358 1453 1436 γὰρ
1507 1360 1735 1436 καθυφῇ,
1796 1356 1955 1413 πάλιν

301 1446 542 1527 ἀρχῆθεν
596 1449 751 1527 χρεία
804 1450 1120 1523 συναγωγῆς
1181 1445 1276 1514 τῆς
1334 1444 1627 1525 δυνάμεως,
1671 1447 1758 1503 καὶ
1798 1444 1954 1503 πάλιν

300 1536 509 1602 τσίσεως
589 1536 835 1594 συντόνου
871 1553 884 1566 ·
944 1535 1042 1592 καὶ
1089 1536 1178 1593 ἐὰν
1254 1536 1415 1593 πᾶλιν
1472 1540 1677 1615 καθυφῇ
1751 1537 1836 1593 ἐπι
1894 1536 1956 1593 τὸ

298 1624 532 1705 ἔξαρχῆς
588 1625 725 1697 ἡξει,
774 1626 866 1682 καί
914 1622 1058 1685 ὠδὶν
1108 1625 1356 1684 εὒοδώσει
1402 1642 1416 1657 ⁸
1467 1629 1501 1695 ἡ
1563 1635 1663 1705 γὰρ
1724 1626 1809 1683 ἐπὶ
1859 1649 1951 1701 μισ

298 1718 425 1793 κρὸν
482 1716 662 1798 ὕφεσις
720 1717 780 1773 τὸ
856 1722 960 1772 πᾶν
1043 1715 1387 1792 ἀπόλλυσιν)
1450 1716 1586 1773 οὕτω
1668 1714 1796 1773 λάϐε
1868 1719 1954 1773 καὶ

297 1804 387 1863 ἰπὶ
440 1806 538 1874 τῆς
592 1807 732 1870 θείας
791 1806 1230 1885 ἐπεντρανίσεως,
1298 1805 1359 1875 ἥν
1392 1809 1481 1864 καὶ
1531 1804 1799 1885 διατριϐὴν
1859 1805 1953 1862 λέ-

2043 645 2171 707 etas,
2200 644 2480 719 tanquam
2506 636 2819 702 multisrize
2837 637 3031 719 quoad
3063 636 3432 715 cognitiones
3458 647 3702 694 earum-

2042 725 2176 787 dem
2212 730 2403 807 captui
2436 730 2934 804 accommodatas,
2973 726 3205 790 divinas
3234 730 3520 806 expetunt
3554 720 3696 783 illu-

2043 815 2401 891 strationes;
2462 836 2573 880 nec
2632 818 2861 881 idcirco
2922 817 3079 898 quod
3140 835 3239 881 eas
3299 818 3696 893 assequantur

2042 905 2224 967 etiam
2258 916 2669 987 contemnunt,
2705 909 2809 971 sed
2836 909 2995 990 quod
3027 927 3125 969 eas
3158 905 3525 975 desiderent,
3555 899 3699 981 pul-

2044 996 2491 1059 chritudinubis
2545 1000 2876 1080 replentur.
2916 998 3065 1063 lllud
3115 1012 3313 1059 autem
3359 996 3554 1075 ἀναφὲς
3625 1006 3702 1050 n8

2045 1086 2375 1148 secundum
2397 1096 2615 1149 tactum
2666 1088 2950 1151 sensilem
2998 1088 3284 1167 accipias,
3346 1083 3451 1147 sed
3478 1098 3699 1142 secun-

2049 1175 2191 1236 dum
2250 1177 2688 1253 intellectilem,
2725 1197 2856 1260 qua:
2916 1188 3005 1239 est
3061 1183 3241 1240 notio.
3277 1174 3478 1255 Itaque
3510 1178 3569 1233 in
3602 1170 3700 1260 in-

2037 1264 2224 1330 tactili
2248 1284 2356 1327 seu
2381 1268 2577 1346 ignoto
2613 1280 2667 1330 et
2713 1258 3150 1347 inaspectabili,
3188 1285 3307 1329 non
3341 1264 3497 1327 sistit
3529 1258 3697 1322 desi-

2038 1353 2272 1417 derium
2294 1375 2494 1418 rerum
2556 1357 2936 1438 aptabilium,
2970 1357 3075 1420 sed
3110 1357 3305 1437 potius
3344 1350 3698 1427 exsuscitat,

2041 1444 2198 1505 unde
2230 1446 2407 1507 etiam
2434 1447 2982 1525 pulchritudinibus
3025 1446 3338 1525 adimplet.
3373 1443 3462 1506 Tn
3495 1458 3700 1513 vero,0

2042 1531 2198 1596 bone
2229 1534 2564 1618 Tiznothee,
2597 1530 2855 1618 mysticis
2918 1536 3278 1618 spectaculis
3310 1531 3581 1601 intende,
3641 1534 3707 1590 ut

2039 1624 2128 1687 vel
2159 1629 2245 1686 sic
2278 1626 2504 1687 divinas
2534 1645 2632 1688 res
2694 1630 2772 1688 uti
2807 1626 3002 1702 decet,
3041 1634 3342 1705 penetres.
3394 1618 3703 1696 Quemad-

2041 1715 2283 1777 modum
2344 1717 2502 1777 enim
2534 1722 2584 1778 si
2632 1718 2726 1779 cui
2774 1717 2938 1797 fune,
2999 1725 3063 1778 ut
3095 1716 3180 1778 sic
3244 1715 3460 1783 dicam,
3520 1726 3705 1792 grave

2041 1805 2271 1883 pondus
2299 1806 2541 1887 aliquod
2597 1807 3041 1879 attrahendum,
3091 1807 3355 1868 intentus
3398 1818 3556 1882 esse,
3589 1815 3705 1859 nec

300 1917 409 1973 γει.
463 1894 607 1960 Τέως
664 1895 719 1953 δὲ
772 1898 861 1953 καὶ
914 1898 1008 1958 τὰς
1067 1897 1333 1966 αἰσθήσεις
1380 1896 1636 1970 ἀπόλιπε,
1710 1896 1789 1953 ὅτι
1826 1896 1953 1974 ὺπέρ

2049 1894 2360 1976 quidquam
2395 1896 2719 1958 attractivaa
2754 1897 3048 1959 facultatis
3111 1894 3356 1958 interim
3400 1890 3706 1953 remittere

299 1984 577 2065 αἴσθησιν,
637 1987 722 2042 καὶ
779 1987 874 2050 τὰς
932 1987 1166 2060 νοήσεις,
1229 1985 1309 2044 ὅτι
1362 1988 1491 2065 ὑπὲρ
1548 1987 1733 2052 νόησιν
1782 2002 1796 2017 ⁸
1859 1988 1956 2042 καὶ

299 2076 476 2133 πάντα
518 2076 739 2143 αἰσθητὰ
788 2076 875 2134 καὶ
920 2077 1085 2143 νοητὰ
1129 2073 1392 2150 σῦμϐολα,
1453 2077 1541 2132 καὶ
1593 2077 1671 2149 μὴ
1701 2074 1828 2133 ὅντα
1872 2070 1961 2131 καὶ

303 2166 454 2242 ὂντα,
514 2164 576 2221 ἐκ
631 2164 980 2244 παραλλήλου
1020 2167 1075 2221 τα
1133 2167 1288 2225 αὕτα.
1338 2167 1413 2225 Τὰ
1457 2167 1556 2244 γὰρ
1588 2166 1811 2233 αἷσθητὰ
1841 2164 1963 2222 ἐκεί·

304 2253 431 2312 λουν
462 2256 539 2331 μὴ
587 2254 739 2326 ὄντα,
794 2254 886 2312 ἅτε
944 2252 1248 2331 μεταϐολῆς
1305 2256 1520 2323 ἁπάσης
1566 2256 1793 2312 πάντοτε
1824 2276 1960 2330 μετ-

309 2345 532 2424 έχοντα,
565 2345 655 2403 καὶ
711 2345 789 2422 μὴ
859 2346 1111 2409 ὡσαύτως
1170 2345 1251 2401 ἀεί
1311 2345 1437 2402 ὄντα
1472 2363 1487 2381 ⁶
1546 2346 1612 2403 τα
1668 2343 1721 2400 δὲ
1797 2344 1963 2413 νοητὰ

310 2434 463 2510 ὄντα,
498 2437 570 2499 ὡς
595 2435 649 2491 ἐν
694 2435 978 2502 ταῦτὸτητι
1028 2434 1278 2509 μένοντα,
1335 2436 1423 2491 καὶ
1480 2436 1610 2513 πρὸς
1667 2435 1764 2502 τὴν
1824 2434 1963 2490 ἕνω-

310 2547 421 2605 σιν,
452 2526 551 2593 τὴν
591 2525 788 2581 ἑνιαίαν
832 2525 1039 2591 ἐκείνην
1070 2524 1156 2581 καὶ
1212 2524 1386 2600 ἀμερῆ
1443 2546 1533 2581 και
1593 2525 1734 2581 θείαν
1795 2525 1964 2579 ὡσαν-

308 2615 355 2673 ιῖ
402 2615 612 2683 νόησιν.
645 2615 809 2674 Τοῦτο
869 2615 967 2693 γὰρ
1013 2617 1157 2670 ἐστιν
1208 2616 1244 2682 ἡ
1299 2615 1507 2689 ἑνωσις,
1542 2614 1661 2670 καθ’
1720 2613 1783 2681 ἦν
1811 2613 1962 2672 ἐνοῦ-

304 2727 396 2764 tat
429 2707 457 2762 ὁ
501 2716 643 2780 νοῦς,
722 2707 810 2762 καί
862 2704 1142 2783 συνάγεται
1217 2706 1291 2769 εἰς
1368 2706 1430 2761 τὸ
1512 2703 1837 2772 κατανοῆσαί
1887 2725 1957 2763 τι.

308 2795 629 2875 ⁹Αγνώστως
686 2794 998 2862 ἆνατάθητι·
1058 2794 1206 2862 πλὴν
1263 2792 1318 2849 δὲ
1377 2796 1478 2873 μὴ,
1529 2794 1610 2850 ὅτι
1673 2793 1963 2872 ἆγνώστως

305 2881 473 2965 λέγω,
533 2883 773 2962 ὑπολάϐῃ
829 2906 932 2956 τις,
989 2884 1078 2940 ’ὁτε
1124 2881 1187 2940 σύ
1246 2884 1368 2959 μὲν,
1433 2885 1506 2947 ὡς
1566 2885 1644 2958 μὴ
1717 2884 1964 2963 ἐφικνού-

306 2996 466 3049 μενος
526 2977 693 3055 τυχὸν
752 2980 857 3032 τῶν
916 2972 1068 3030 θείων
1120 2974 1475 3051 πραγμάτων,
1512 2973 1727 3052 ἄγνοιαν
1785 2972 1962 3053 ἔχεις,

305 3062 469 3128 ἄλλος
500 3063 554 3122 δὲ
585 3087 665 3129 τις
718 3063 1001 3143 γνώσεται,
1062 3062 1181 3119 ἀλλ’
1244 3064 1374 3140 ὑπὲρ
1434 3069 1610 3120 πᾶσαν
1670 3065 1848 3121 οὖσίαν
1879 3064 1966 3120 καὶ

307 3155 513 3233 γνῶσιν
560 3155 626 3212 τὰ
676 3155 796 3212 θεῖά
828 3155 951 3229 εἶσι,
998 3154 1086 3209 καὶ
1144 3150 1422 3219 ἄπολύτως
1487 3158 1647 3209 πᾶσιν
1690 3151 1962 3231 ἔγνωσταί,

305 3242 594 3324 ’Ἃσχετον
647 3242 700 3299 δὲ
732 3242 978 3299 ἔκστασιν
1034 3241 1179 3320 λέγει
1236 3243 1336 3310 τὴν
1393 3243 1739 3322 ἀναχώρησιν
1785 3244 1962 3308 πάσης

2046 1984 2222 2045 debet
2256 1984 2415 2065 (nam
2450 1986 2500 2046 si
2532 1986 2680 2067 quid
2735 1987 3061 2059 remiserit,
3095 2002 3303 2047 rursus
3351 1982 3423 2045 ab
3456 1981 3621 2042 initio
3646 1984 3710 2039 ut

2045 2073 2200 2135 vires
2231 2075 2473 2154 colligat
2511 2084 2569 2138 et
2618 2076 2892 2139 intendat
2946 2094 3194 2137 necesse
3242 2083 3355 2155 est,
3402 2078 3460 2133 et
3511 2070 3560 2131 si
3591 2069 3707 2130 ite-

2046 2181 2177 2225 rum
2228 2166 2515 2242 remittat,
2571 2165 2769 2227 denuo
2815 2167 2885 2228 ad
2944 2166 3300 2247 principium
3360 2160 3601 2234 redibit,
3650 2165 3707 2219 et

2047 2254 2196 2317 nihil
2246 2264 2410 2319 recte
2467 2265 2727 2338 peraget,
2776 2258 3057 2339 quoniam
3089 2256 3178 2317 vel
3215 2272 3389 2336 parva
3418 2249 3706 2314 remissio

2046 2353 2232 2409 totum
2287 2347 2559 2419 destruit)
2594 2367 2609 2423 ;
2642 2347 2729 2408 sic
2752 2348 2929 2410 etiam
2975 2348 3181 2425 accipe
3215 2345 3274 2405 in
3334 2342 3533 2404 divina
3568 2356 3701 2419 per-

2048 2436 2433 2512 scrutatione,
2470 2456 2647 2518 quam
2698 2444 2756 2499 et
2806 2437 3302 2501 exercitationem
3352 2439 3543 2494 vocat.
3594 2429 3710 2491 Eo-

2052 2543 2237 2606 usque
2268 2533 2464 2588 autem
2498 2544 2710 2587 sensus
2741 2527 3038 2608 relinque,
3070 2525 3352 2608 quoniam
3377 2539 3556 2601 supra
3577 2536 3714 2580 sen-

2051 2632 2178 2676 sum
2216 2664 2231 2690 ,
2269 2624 2328 2676 et
2351 2616 2809 2698 intellectiones,
2857 2617 2996 2699 quia
3046 2634 3224 2697 supra
3276 2612 3649 2675 intellectum
3684 2626 3700 2668 :

2049 2704 2370 2785 omniaque
2382 2707 2627 2769 sensilia
2641 2708 3126 2788 intellectiliaque
3140 2724 3205 2786 sy
3217 2702 3557 2781 mbola,tam
3575 2715 3707 2780 quae

2051 2811 2167 2855 non
2181 2804 2502 2876 suntquam
2527 2817 2662 2879 quas
2682 2807 2921 2873 sunt,ex
2938 2796 3211 2878 apposito
3243 2791 3547 2875 ipsa.Nam
3572 2807 3707 2852 sen-

2048 2884 2179 2945 silia
2208 2886 2580 2948 vocabantea
2599 2908 2730 2969 quas
2747 2907 2863 2950 non
2897 2892 3131 2961 sunt,ut
3154 2903 3285 2967 quae
3309 2901 3549 2945 omnem
3579 2897 3709 2942 mu-

2049 2973 2337 3037 tationem
2372 2977 2820 3059 pa‘rticipant,et
2853 2996 2970 3039 non
3019 2984 3157 3038 sunt
3204 2991 3446 3055 semper
3487 2970 3701 3033 eodem

2049 3063 2269 3141 modo;
2319 3065 2683 3131 intellectilia
2720 3085 2856 3129 vero
2889 3085 2961 3130 ea
3002 3083 3137 3147 quae
3179 3072 3339 3143 sunt,
3400 3068 3614 3140 utpote
3643 3059 3708 3121 in

2048 3152 2356 3216 identitate
2402 3157 2836 3236 permanentia,
2874 3166 2931 3219 et
2988 3173 3173 3237 penes
3216 3155 3498 3216 unionem
3539 3149 3701 3211 illam

2050 3245 2275 3305 unitam
2300 3250 2363 3309 et
2391 3246 2702 3309 indivisam
2734 3247 2806 3309 ad
2838 3246 3096 3309 divinam
3130 3241 3570 3326 quodammodo
3607 3240 3708 3302 in-

307 3333 577 3415 σχέσεως,
642 3340 730 3402 Μὴ
784 3340 909 3412 γοῦν
969 3331 1116 3411 ἔχων
1197 3331 1387 3411 σχέσιν
1462 3332 1600 3405 τινὰ,
1661 3332 1799 3404 μὴτε
1856 3332 1963 3407 μὴν

2049 3333 2621 3400 ιθΙΙθοίὶοηθιηῊθεο
2652 3338 2812 3398 enim
2846 3346 2938 3399 est
2961 3336 3126 3415 unio,
3156 3333 3489 3397 secundum
3518 3346 3695 3413 quam

310 3422 437 3502 πρὸς
497 3423 706 3503 ἑαυτὸν,
768 3423 907 3498 μήτε
965 3423 1074 3497 μὴν
1153 3424 1283 3501 πρὸς
1342 3443 1394 3478 τι
1454 3422 1560 3478 τῶν
1629 3421 1961 3496 κτισμάτων,

310 3510 399 3569 καί
441 3510 597 3577 αὗτὸς
649 3513 823 3570 πάντα
882 3509 933 3576 ἐξ
996 3511 1181 3568 ἑαυτοῦ
1221 3507 1455 3591 ἀφελὼν,
1519 3510 1606 3566 καὶ
1667 3510 1727 3566 ἑκ
1757 3510 1968 3565 πάντων

311 3601 612 3678 ἀπολυθεὶς,
667 3604 740 3667 ὡς
795 3601 935 3676 μήτε
998 3600 1250 3679 κατέχειν
1304 3622 1351 3655 τι
1408 3606 1512 3657 τῶν
1576 3599 1726 3655 κάτω
1774 3596 1970 3672 συμϐό-

310 3691 343 3749 λ
545 3693 559 3714 ‘
682 3692 695 3711 ’
734 3694 761 3748 θ
849 3698 870 3707 ”
1080 3714 1090 3728 ι
1168 3690 1224 3746 τί)
1379 3688 1425 3727 ίλ
1479 3689 1525 3721 ’ν
1590 3692 1617 3745 θ
1764 3686 1789 3707 ”’
1855 3692 1882 3745 θ

347 3715 421 3747 ων
476 3715 564 3749 και
647 3714 732 3748 αισ
768 3713 933 3764 ητων,
1005 3711 1196 3748 mare)
1230 3711 1283 3745 εν
1374 3710 1587 3767 ειραεεσ
1623 3710 1673 3745 αι
1734 3710 1853 3744 οιεσ
1892 3710 1966 3767 αι,

311 3782 451 3859 μήτε
500 3780 609 3857 μὴν
664 3781 984 3861 κατέχεσθαι
1036 3781 1180 3859 παρα
1240 3801 1383 3843 τινος
1441 3785 1549 3835 τῶν
1607 3778 1861 3835 τοιούτων
1907 3778 1967 3835 ἐκ

310 3879 403 3931 τοῦ
427 3873 544 3949 περὶ
575 3872 641 3929 τὰ
663 3878 880 3928 τοιαῦτα
924 3871 1254 3950 στρέφεσθαι,
1310 3870 1402 3926 ob":
1421 3890 1477 3935 ος
1508 3868 1594 3925 ἐπὶ
1640 3868 1740 3936 τὴν
1771 3868 1965 3925 ἀκτῖνα

310 3967 411 4029 τῆς
441 3961 581 4025 θείας
612 3959 987 4037 ἀκαταληψίας
1023 3959 1334 4039 ἁναχθήσῄ,

2052 3442 2221 3485 mens
2251 3425 2454 3487 unitur
2479 3474 2494 3501 ,
2528 3435 2587 3488 et
2616 3428 2932 3489 adducitur
2960 3427 3035 3488 ad
3099 3423 3323 3506 aliquid
3357 3421 3704 3499 intelligen-

2053 3511 2220 3576 dum.
2280 3512 2423 3575 Sine
2458 3517 2726 3579 motione
2754 3534 3001 3594 assurge
3034 3536 3050 3596 ;
3086 3522 3491 3576 verumtamen
3526 3528 3703 3572 nemo

2055 3603 2537 3686 existimet,quod
2568 3606 2698 3667 sine
2730 3606 2991 3667 motione
3022 3604 3242 3678 dicam,
3290 3614 3346 3664 te
3377 3602 3531 3665 forte
3567 3609 3706 3661 tau-

2054 3709 2233 3771 quam
2264 3710 2363 3753 res
2394 3694 2619 3756 divinas
2674 3694 2924 3756 minime
2965 3702 3327 3764 assecutum,
3380 3710 3481 3752 eas
3531 3689 3709 3765 igno-

2050 3794 2348 3863 raturum,
2384 3784 2565 3845 alium
2599 3802 2742 3847 vero
2797 3785 3137 3866 quempiam
3172 3783 3303 3846 illas
3359 3779 3705 3842 intellectu-

2050 3873 2349 3945 rum;sed
2402 3873 2603 3936 divina
2650 3892 2829 3955 supra
2861 3893 3100 3936 omnem
3134 3873 3452 3936 essentiam
3486 3882 3546 3932 et
3594 3886 3709 3928 no—

2052 3960 2275 4024 tionem
2308 3964 2613 4028 exsistere,
2649 3973 2824 4044 atque
2862 3965 3135 4027 absolute
3179 3961 3461 4025 omnibus
3512 3959 3714 4038 ignota

312 4066 468 4112 esse.
521 4048 665 4111 554
694 4048 976 4112 Liberum
1030 4066 1168 4109 vero
1213 4064 1525 4112 excessum
1582 4046 2077 4128 dicit,recessum
2110 4051 2182 4111 ab
2241 4054 2406 4114 omni
2465 4055 2802 4116 aﬂ‘ectione.
2844 4055 3085 4118 Nullam
3143 4071 3284 4132 ergo
3318 4050 3547 4113 habens
3613 4047 3706 4109 af-

312 4139 655 4221 fectionem,
691 4159 768 4202 ne
819 4139 1061 4220 quidem
1091 4137 1164 4198 ad
1215 4137 1623 4216 temetipsum,
1652 4157 1762 4200 nec
1812 4138 1985 4199 aliam
2022 4140 2095 4200 ad
2128 4141 2385 4222 aliquam
2425 4155 2781 4225 creaturam,
2820 4154 2883 4207 et
2910 4144 3290 4224 temetipsum
3322 4142 3395 4202 ab
3426 4138 3711 4202 omnibus

307 4228 695 4312 abstrahens,
727 4237 787 4291 et
816 4230 890 4290 ab
942 4227 1219 4290 omnibus
1279 4227 1609 4307 absolutus,
1645 4236 1712 4291 ut
1761 4227 1911 4291 nihil
1962 4229 2140 4292 etiam
2204 4233 2612 4313 symbolarum
2673 4235 3026 4297 inferiorum
3087 4246 3144 4296 et
3202 4231 3513 4294 sensilium
3574 4228 3721 4290 reti-

307 4336 453 4381 neas
507 4321 666 4382 unde
696 4318 922 4399 puteris
973 4316 1360 4397 conﬁrmari;
1425 4334 1621 4397 neque
1681 4318 1859 4377 etiam
1923 4317 2242 4383 retinearis
2298 4324 2371 4384 ab
2426 4326 2627 4405 aliquo
2674 4325 2986 4400 similium,
3020 4332 3079 4387 te
3136 4322 3211 4386 ad
3263 4320 3399 4384 talia
3459 4334 3714 4381 conver-

319 4409 524 4486 tendo;
553 4411 639 4471 sic
673 4409 914 4472 demum
951 4408 1023 4470 ad
1061 4408 1277 4471 divinae
1308 4407 2045 4485 incompreliensibilitatis
2072 4413 2307 4474 radium
2344 4414 2685 4479 adduceris.

391 4499 421 4580 §
452 4511 517 4561 ιι.

309 4592 409 4648 οὒκ
479 4590 784 4671 ἆμετᾶχόυς
858 4590 963 4647 τῶν
1025 4594 1322 4663 μυστικῶν,
1383 4599 1503 4649 τοῖς
1583 4584 1637 4642 δὲ
1699 4588 1977 4655 αἰσθητοῖς

312 4677 736 4756 ἰνειλουμὲνους,
796 4681 886 4738 καὶ
942 4676 1091 4736 οὒδὲν
1175 4677 1303 4754 ὑπὲρ
1363 4677 1429 4733 τᾶ
1513 4678 1641 4733 ὂντα
1711 4680 1853 4733 εἶναι
1916 4680 1975 4735 τὸ

315 4776 478 4827 Θετον
545 4768 992 4851 φανταζομένους,
1076 4766 1324 4835 δηλονότί

316 4858 417 4935 μὲν
476 4865 553 4934 τῷ
614 4860 837 4935 ὀνόματι
892 4858 986 4915 τοῦ
1046 4865 1300 4937 Χριστοῦ,
1351 4858 1427 4933 μή
1458 4856 1566 4931 μὴν
1599 4855 1685 4914 ἐπὶ
1714 4854 1973 4914 τελεωτὲο

318 4970 414 5029 ραν
473 4947 722 5012 ἐλθόντας
781 4954 997 5028 γνῶσιν·
1061 4947 1323 5024 ἂμύστους
1379 4944 1435 5003 δὲ
1486 4945 1631 5024 λέγει
1694 4946 1808 5012 τοὺς
1833 4970 1974 5003 παν-

318 5037 520 5095 τάπασι
577 5039 791 5095 πάντων
844 5043 948 5094 τῶν
1010 5038 1279 5113 μυστικῶν
1335 5035 1640 5115 ἆμιτόχοος
1697 5033 1973 5093 είδολολά-

317 5148 468 5203 τρας,
513 5129 655 5195 Φησὶ
704 5128 899 5184 τοίνυνο
936 5125 1083 5204 ’Ὅρα
1114 5126 1192 5197 μὴ
1221 5148 1302 5191 τις
1333 5125 1393 5183 ὲκ
1415 5126 1613 5182 τούτων
1645 5131 1748 5181 τῶν
1780 5148 1973 5201 μυστι-

319 5215 430 5273 κῶν
506 5215 869 5285 ὲπτκούσηται
932 5234 948 5255 ·
1001 5218 1045 5273 εἰ
1088 5216 1189 5295 γὰρ
1240 5218 1286 5272 οἱ
1318 5215 1545 5290 ἀμύητοι
1612 5212 1759 5271 οὒδέν
1817 5214 1974 5297 ἔχοι)-

320 5328 403 5362 σιν
501 5305 835 5385 ὑψηλότερον
935 5309 1346 5386 φαντασθῆναι,
1460 5302 1599 5360 ἀλλὰ
1708 5305 1976 5379 νομίζουσι

316 5401 557 5453 τοιοῦτον
586 5409 727 5453 εῖναι
784 5397 876 5453 τὸν
966 5397 1094 5452 Θεὸν
1135 5396 1309 5458 καθὼς
1356 5392 1597 5451 δύνανται
1630 5394 1774 5451 αὖτοὶ
1805 5409 1973 5473 νοεῖν,

320 5486 415 5542 τὸν
490 5484 712 5562 θέμενον
824 5484 1013 5549 σκότος
1097 5483 1409 5565 ἀποκρυφήν
1522 5486 1681 5542 αὐτοῦ
1736 5530 1752 5563 ,
1840 5488 1976 5545 κατὰ

317 5573 417 5643 τὴν
450 5576 684 5657 Γραφῆν.
731 5571 977 5644 δηλονότι
1022 5575 1111 5633 τὸν
1195 5575 1249 5633 ἐν
1294 5579 1361 5653 τῇ
1444 5571 1708 5655 ὅπὲρτάτῃ
1792 5572 1970 5655 ἆγνω.

1398 4766 1520 4831 τοὺς
1589 4766 1974 4830 πιστεύσαντας

417 5761 446 5797 η
480 5749 636 5816 Psal.
671 5764 809 5825 xvu,
842 5746 941 5813 ιε.

608 4501 919 4578 Σημείωσαι
980 4498 1061 4556 ὅτι
1149 4501 1417 4568 ἂωδήτους
1468 4497 1611 4576 λέγει
1679 4500 1765 4554 καὶ
1846 4500 1963 4561 τοὺς

2133 4502 2267 4582 §II.
2304 4507 2455 4569 Nota
2483 4517 2684 4567 autem
2730 4514 2792 4569 ut
2832 4507 3100 4581 ἀμυήτους
3161 4503 3259 4565 hic
3316 4501 3493 4563 etiam
3554 4499 3715 4562 dicat

2061 4613 2187 4667 eos,
2237 4597 2336 4676 qui
2368 4596 2631 4677 alioquin
2664 4597 2839 4658 etiam
2872 4614 2989 4658 non
3021 4602 3160 4657 sunt
3192 4599 3459 4655 exsortes
3494 4600 3719 4672 myste-

2061 4683 2310 4758 riorum,
2336 4685 2438 4746 sed
2469 4688 2649 4747 rebus
2678 4687 2872 4748 adhuc
2919 4684 3244 4747 sensilibus
3274 4681 3524 4743 involuti
3555 4686 3715 4760 sunt,

2060 4790 2256 4854 neque
2290 4775 2716 4853 imaginantur,
2752 4775 2940 4837 Deum
2992 4775 3316 4855 quidquam
3350 4790 3482 4834 esse
3541 4788 3721 4850 supra

2060 4880 2128 4923 ea
2161 4883 2292 4944 qua}
2322 4865 2640 4941 exsistunt,
2664 4866 2769 4943 qui
2794 4864 3071 4926 videlicet
3107 4864 3169 4925 in
3200 4863 3444 4924 nomine
3476 4860 3715 4942 quidem

2059 4952 2278 5015 Christi
2309 4953 2596 5036 credunt,
2643 4955 2717 5018 ad
2765 4954 3185 5035 perfectiorem
3220 4960 3415 5015 tamen
3448 4949 3715 5012 notitiam

2058 5060 2178 5104 non
2232 5053 2547 5125 assurgunt
2593 5063 2609 5121 ;
2673 5045 2938 5119 ἂμύστους
2972 5062 3110 5106 vero
3136 5052 3305 5104 vocat
3347 5040 3714 5113 idololatras,

2056 5132 2324 5195 omnium
2346 5152 2589 5214 prorsus
2615 5140 3026 5214 mysteriorum
3052 5130 3446 5195 exsortes.Ait
3467 5130 3712 5208 itaque;

2056 5218 2203 5283 Vide
2235 5242 2310 5284 ne
2353 5224 2486 5305 quis
2512 5242 2719 5286 eorum
2781 5224 3063 5305 mysteria
3116 5224 3244 5285 haec
3274 5221 3475 5282 audiat
3533 5239 3547 5295 ;
3577 5236 3715 5279 nam

2060 5315 2109 5372 si
2131 5310 2218 5372 illi
2248 5313 2351 5393 qui
2384 5333 2502 5375 non
2539 5322 2677 5375 sunt
2713 5313 3015 5393 instructi,
3046 5313 3188 5375 nihil
3223 5309 3541 5373 sublimius
3564 5307 3715 5370 ima-

2057 5400 2248 5479 ginari
2317 5404 2565 5484 possint,
2614 5403 2719 5465 sed
2775 5403 3122 5466 existiment
3174 5399 3513 5463 istiusmodi
3576 5416 3715 5461 esse

2058 5488 2271 5572 Deum,
2306 5492 2543 5575 qualem
2568 5493 2680 5574 ipsi
2702 5492 3027 5572 concipere
3059 5499 3329 5574 possunt,
3364 5490 3467 5567 qui
3492 5505 3714 5551 secun-

2057 5579 2197 5648 dum
2214 5580 2586 5671 Scripturam
2609 5585 2813 5668 posuit
2835 5583 3117 5651 tenebras
3133 5580 3461 5651 latibulum
3479 5593 3711 5665 suum",
