4052 6432
409 336 560 412 1019

1573 327 1634 400 S.
1680 329 2023 398 DIONYSII
2063 322 2593 395 AREOPAGI'I‘E.

3622 311 3783 394 1020

393 481 451 548 id
479 490 566 544 est
596 477 697 558 qui
729 478 787 541 in
813 472 1240 541 sublimissima
1287 471 1658 554 ignoratione
1709 472 2026 534 absconsui

2123 463 2209 537 σίᾳ
2265 460 2687 538 καλυπτόμενον⁸
2746 457 2798 518 τί
2853 455 2916 517 ἔν
2976 481 3059 529 τις
3109 457 3240 542 φαίη
3300 457 3418 541 περὶ
3463 472 3571 521 των
3628 460 3782 521 ιιᾶλ-

392 583 505 650 est;
528 571 671 649 quid
697 571 853 632 dicat
879 569 1018 649 quis
1045 567 1120 628 de
1151 565 1225 626 iis
1256 565 1356 645 qui
1401 563 1583 643 magis
1619 565 1846 642 profani
1869 571 2028 642 sunt,

392 672 447 726 et
481 663 804 725 idololatriae
857 657 1162 721 existunt?
1205 659 1350 720 Cum
1385 672 1526 716 vero
1560 653 1704 715 dicit
1727 673 1904 733 supra
1926 654 2034 714 hos

391 773 523 817 esse
556 753 782 814 divinas
827 747 1236 829 mystagogias,
1271 765 1388 806 non
1419 746 1552 806 ideo
1579 744 1720 805 dicit
1742 744 1900 825 quod
1933 744 2028 804 di-

388 844 521 906 vina
547 844 698 905 forte
729 859 904 920 supra
935 840 1042 900 hos
1092 835 1331 917 quidem
1365 834 1503 916 sint,
1538 853 1656 895 non
1697 834 2029 895 sintautem

386 953 565 1014 supra
592 933 738 996 alios
764 953 778 1007 ;
804 929 1022 992 etenim
1055 927 1193 1008 quid
1226 926 1358 987 novi
1383 933 1530 997 erat,
1562 925 1857 1003 siquidem
1890 925 2026 1004 ipsi,

389 1043 524 1090 cum
555 1025 736 1085 rudes
766 1028 986 1092 essent,
1040 1037 1109 1079 ea
1153 1036 1266 1079 non
1321 1015 1802 1094 caperent?Non
1867 1017 2026 1078 enim

392 1116 579 1178 dixit:
630 1113 824 1192 Supra
877 1112 1086 1173 horum
1156 1105 1576 1186 cognitionem,
1630 1107 1784 1168 sed:
1839 1109 2031 1186 Supra

389 1207 548 1286 ipsos
583 1223 689 1280 ;ac
721 1202 770 1262 si
796 1202 1066 1270 diceret;
1123 1197 1401 1261 Nondum
1437 1201 1629 1257 sciunt
1683 1195 1870 1257 Deum
1901 1215 2032 1258 esse

388 1285 565 1375 supra
611 1293 668 1354 id
697 1291 851 1372 quod
892 1297 1137 1371 possunt
1187 1286 1564 1362 intelligere;
1629 1285 1772 1365 quin
1815 1295 1872 1347 et
1922 1287 2032 1348 hoc

387 1403 591 1447 eorum
615 1390 848 1462 captum
875 1379 1127 1456 excedit,
1159 1382 1220 1438 et
1251 1375 1617 1438 arbitrantur
1648 1393 1753 1436 sua
1787 1375 2032 1436 notione

386 1496 450 1539 se
507 1479 692 1538 Deum
742 1490 939 1550 nosse,
1000 1468 1222 1547 duplici
1293 1466 1628 1528 laborantes
1675 1466 2026 1546 ignorantia,

383 1565 612 1627 scilicet
638 1561 965 1624 secundum
1007 1560 1306 1630 affectum,
1343 1568 1401 1615 et
1435 1554 1632 1615 divina
1665 1554 2025 1632 ignorantes,

387 1664 443 1718 et
474 1654 627 1736 quod
675 1653 952 1732 ignorent
993 1647 1346 1709 nescientes.
1371 1643 1521 1716 Quid
1559 1645 1735 1723 igitur
1761 1644 2029 1706 dicemus

385 1754 459 1817 de
485 1752 769 1835 profanis,
802 1751 901 1830 qui
935 1751 1122 1812 Deum
1161 1765 1232 1808 ex
1287 1744 1469 1835 rebus
1502 1744 1743 1818 intimis,
1796 1744 2027 1806 scilicet

381 1834 720 1907 inanimatis
752 1839 1019 1902 materiis
1052 1846 1112 1899 et
1158 1836 1362 1898 formis
1410 1834 1808 1897 describunt?
1837 1837 2030 1914 Opor-

386 1942 472 1999 tet
503 1935 678 1996 etiam
732 1931 849 2013 ipsi
905 1949 1143 1992 omnem
1193 1945 1394 1989 rerum
1456 1924 1811 2003 positionem
1862 1926 2033 1987 attri-

389 2025 601 2104 buere,
633 2025 784 2086 sicut
814 2023 869 2084 in
902 2020 1052 2083 libro
1088 2017 1177 2080 De
1206 2017 1438 2079 divinis
1464 2017 1809 2078 nominibus
1842 2015 2030 2078 tradi-

390 2115 611 2189 dimus,
646 2112 928 2196 quoniam
961 2130 1030 2172 ex
1074 2107 1353 2171 omnibus
1384 2105 1644 2167 divinum
1671 2106 1904 2167 Numen
1931 2124 2032 2168 no-

390 2194 678 2281 minatur,
721 2211 998 2283 tanquam
1041 2216 1220 2261 causa
1276 2217 1348 2260 ex
1393 2196 1628 2259 eﬂ‘ectis
1661 2215 1676 2276 ;
1712 2204 1770 2256 et
1827 2194 2029 2257 omnia

382 2295 496 2377 ipsi
519 2293 919 2366 attribuenda,
942 2300 1219 2371 tanquam
1254 2285 1560 2350 exsistenti
1593 2303 1771 2367 supra
1800 2284 2023 2350 omnia.

380 2394 513 2457 Non
545 2394 704 2457 enim
728 2393 960 2455 axioma
1005 2386 1489 2452 contradictionis
1545 2385 1627 2446 ibi
1671 2384 1866 2446 locum
1914 2384 2025 2447 ha-

380 2483 504 2560 bet,
528 2483 682 2546 sicut
704 2483 824 2558 hic;
856 2481 1137 2564 quoniam
1163 2479 1260 2540 hic
1289 2478 1348 2538 in
1372 2495 1439 2537 re
1472 2478 1633 2537 omni
1659 2475 1750 2536 vel
1774 2473 2028 2536 afﬁrma-

381 2573 461 2635 tio
491 2583 580 2635 est
625 2573 714 2636 vel
751 2575 1005 2650 negatio,
1057 2578 1116 2631 et
1167 2568 1217 2629 si
1247 2565 1558 2628 afﬁrmatio
1589 2583 1728 2627 vera
1782 2569 1876 2636 sit,
1916 2582 2025 2625 ne-

383 2669 536 2740 gatio
568 2664 714 2726 falsa
760 2668 874 2737 est,
911 2661 1001 2724 vel
1035 2667 1236 2723 contra
1273 2679 1288 2734 ;
1321 2656 1404 2718 ibi
1427 2673 1565 2717 vero
1603 2663 1722 2717 tam
1755 2653 2023 2716 afﬁrma-

380 2754 460 2814 tio
517 2772 692 2834 quam
746 2753 887 2815 554
923 2751 1155 2830 negatio
1187 2766 1320 2810 vera
1365 2755 1468 2822 est,
1511 2746 1840 2806 secundum
1894 2761 2028 2805 sen-

377 2861 481 2904 sus
505 2843 719 2908 dictos.
753 2845 900 2907 Cum
931 2861 1067 2904 vero
1101 2839 1258 2902 Deus
1281 2837 1356 2899 sit
1394 2851 1576 2915 supra
1618 2853 1854 2895 omnem
1889 2852 2024 2895 cum

379 2932 735 2996 ablationem
772 2941 892 2994 tum
929 2931 1372 3012 positionem,et
1401 2944 1580 3003 supra
1614 2923 1671 2984 id
1706 2923 1861 3004 quod
1908 2941 2022 2984 non

379 3031 492 3095 est,
519 3032 577 3084 et
597 3041 775 3102 supra
805 3023 860 3084 id
890 3021 1047 3103 quod
1081 3027 1194 3098 est,
1249 3024 1309 3080 et
1330 3033 1507 3097 supra
1534 3013 1933 3093 cognitionem
1969 3022 2028 3075 et

379 3110 1220 3192 supraignoratinnem,multo
1242 3107 1424 3184 magis
1442 3113 1528 3167 est
1547 3122 1727 3183 supra
1750 3103 2029 3181 privatio-

379 3203 611 3281 nes,vel
628 3222 806 3284 supra
829 3197 1328 3283 positiones.Nam
1342 3200 1444 3277 qui
1469 3193 1620 3255 tollit
1645 3193 2023 3284 positionem,

380 3293 688 3356 deﬁnitum
709 3283 860 3375 quid
895 3293 1066 3366 tollit,
1099 3299 1160 3352 et
1190 3288 1341 3349 forte
1375 3303 1544 3347 mens
1571 3285 1643 3346 ad
1699 3284 1836 3375 quid
1867 3283 2026 3375 aliud

381 3373 1095 3457 delabetur,existimans,
1117 3398 1249 3442 cum
1283 3377 1428 3438 illud
1454 3395 1570 3437 non
1599 3373 2026 3452 esset,hoc,vel

381 3481 566 3560 aliud;
593 3491 651 3545 et
672 3483 722 3545 si
743 3483 946 3545 omnia
968 3481 1100 3562 quis
1123 3479 1596 3553 tollat,occurret
1613 3474 1698 3535 illi
1721 3473 1877 3554 quod
1901 3491 2028 3534 om-

382 3579 522 3634 nino
553 3592 670 3634 non
704 3583 831 3647 est;
864 3574 962 3654 qui
988 3591 1126 3634 vero
1155 3569 1308 3634 tollit
1339 3565 1820 3649 privationemjn
1855 3563 2018 3654 birsin

376 3662 597 3745 quibus
618 3683 788 3728 mens
808 3653 923 3726 non
957 3671 1150 3744 potest
1172 3660 1490 3738 concipere
1513 3658 1770 3736 aliquam
1788 3653 2020 3716 habitu-

375 3755 602 3829 dinem,
661 3756 903 3817 omnino
963 3747 1664 3833 praabetsusiiicandum.
1698 3745 1842 3806 illud
1890 3762 2020 3806 esse

379 3843 603 3925 aliquid
625 3841 1237 3922 incomprehensibile
1254 3839 1582 3921 quoddico.
1610 3840 1763 3900 Ecce
1780 3835 2018 3915 positio,

383 3936 658 4012 quoniam
684 3935 940 4015 praedico
974 3935 1048 3994 tle
1077 3933 1197 3994 Deo
1221 3927 1670 4008 lumen;aliquis
1692 3944 1829 3986 vero
1853 3932 2024 4002 negat

383 4022 699 4103 illud,quia
723 4023 875 4086 Deus
902 4041 1018 4084 non
1041 4029 1130 4084 est
1151 4021 1374 4082 lumen:
1401 4018 1672 4097 suspicor
1703 4015 1865 4076 illum
1891 4031 2023 4103 esse

378 4112 521 4188 quid
539 4100 711 4175 aliud
735 4132 768 4174 a
799 4112 1044 4194 lumine;
1067 4121 1242 4189 negat
1271 4109 1446 4172 etiam
1477 4107 1642 4182 illud,
1681 4113 1738 4167 et
1767 4104 1836 4165 ad
1863 4100 2020 4194 aliud

378 4202 719 4282 dilabor;si
751 4209 925 4281 neget
953 4191 1172 4272 omnia,
1206 4200 1384 4261 etiam
1417 4197 1566 4259 nihil
1595 4195 1837 4257 omnino
1857 4191 2021 4270 cogi-

377 4302 694 4367 tabo.Veni
722 4304 896 4365 etiam
923 4303 996 4364 ad
1035 4301 1445 4384 privationem.
1476 4296 1626 4358 Ecce
1648 4294 1793 4356 dicit
1817 4292 2018 4374 priva-

2116 551 2208 611 λον
2267 553 2684 631 ἀμύστων,’καὶ
2728 549 3176 630 εἰδωλολατρῶνς
3233 554 3304 612 Τὸ
3347 552 3425 628 δέ²
3459 554 3588 634 ὑπὲρ
3647 553 3784 610 τού-

2114 665 2233 710 τοδς
2301 642 2436 699 εἱσΐν
2517 645 2568 698 αἱ
2637 645 2776 698 θεῖαι
2850 643 3243 720 μυσταγωγίαι,
3320 648 3382 702 οὒ
3449 643 3618 724 λέγει,
3687 641 3781 699 ὅτε

2115 735 2280 812 τδχὸν
2324 733 2452 810 ὑπὲρ
2499 733 2684 795 αὖτοὺς
2717 730 2812 806 μέν
2870 733 2967 788 εἰσι
3001 732 3064 787 τὰ
3111 736 3254 812 θεῖα,
3287 734 3417 812 ὑπὲρ
3465 733 3660 797 ἄλλους
3721 732 3781 789 δὲ

2113 821 2207 878 οὔκ
2264 825 2385 879 εἶσι·
2417 824 2503 879 καὶ
2551 823 2601 877 τί
2636 821 2735 899 γὰρ
2797 819 2941 887 ξένον
2983 821 3072 902 ἦν,
3107 822 3160 878 εἴ
3204 845 3302 901 περ
3353 824 3528 902 α’ὒτοί,
3566 835 3782 904 παχεῖς

2122 911 2147 932 »ι
2619 912 2630 932 ι
2684 909 2714 931 ρ
3003 913 3017 932 ν
3127 913 3141 932 \
3459 905 3472 924 ι
3563 915 3579 932 ς

2112 934 2282 986 οντες,
2318 913 2376 968 οὗ
2436 910 2894 986 κατελαμοανονς
2953 920 3026 969 Ou
3084 934 3184 989 γαρ
3233 913 3414 988 εἶπεν,
3479 923 3618 992 Υπερ
3678 914 3782 981 τὴν

2111 1003 2312 1059 τούτων
2371 1009 2589 1080 γνῶσιν,
2647 999 2768 1056 ἀλλ’
2831 993 2990 1063 ’Υπὲρ
3048 1003 3258 1076 αὐτοὺς,
3319 1003 3519 1060 ὡσανεΐ
3578 1003 3782 1082 λέγων,

2147 1090 2227 1136 ρκὶ
2342 1100 2363 1110 ν
2465 1113 2476 1123 .
2582 1090 2627 1145 ’λ
2669 1087 2698 1112 ρ
2819 1090 2843 1107 η
3209 1095 3220 1112 σ
3278 1093 3293 1110 \
3381 1093 3403 1111 η
3529 1099 3547 1108 -
3687 1092 3736 1112 κο

2115 1111 2230 1148 οδο..
2285 1113 2432 1148 τουτο
2467 1113 2593 1146 ιιατε
2634 1113 2784 1166 αοον,
2817 1111 2897 1146 οτι
2959 1093 2987 1147 6
3043 1093 3174 1154 Θεὸς
3203 1115 3335 1171 υπερ
3378 1115 3407 1148 ο
3459 1116 3650 1160 νοησαι
3683 1111 3782 1150 ου-

2122 1203 2296 1236 νανται
2374 1183 2517 1236 οὗτοι
2578 1179 2744 1235 ἔστιν·
2801 1179 2938 1236 ἀλλὰ
3007 1183 3093 1237 καὶ
3151 1189 3307 1240 τοῦτο
3375 1182 3506 1261 ὑπὲρ
3584 1186 3780 1248 αὖτοὺς

2115 1272 2374 1349 ἐγεγόνει,
2433 1272 2519 1326 καὶ
2579 1271 2782 1327 οἴονται
2843 1276 2910 1347 τῇ
2955 1272 3156 1327 ἑαυτῶν
3229 1272 3423 1350 γνώσει
3496 1275 3557 1329 τὸ
3615 1281 3780 1332 Θεϊον

2117 1360 2328 1439 εἰδέναι,
2402 1366 2674 1425 νοσοῦντες
2748 1360 2847 1427 τὴν
2927 1359 3117 1428 διπλῆν
3205 1359 3446 1440 ἄγνοιαν,
3527 1362 3778 1431 δηλονότι

2114 1453 2213 1518 τὴν
2266 1453 2402 1507 κατὰ
2445 1450 2693 1524 διὰθεσιν,
2727 1454 2814 1508 καὶ
2873 1452 2939 1506 τὰ
2997 1454 3117 1507 θεῖα
3172 1452 3508 1530 ἂγνοοῦνιες,
3544 1457 3633 1510 καὶ
3693 1455 3778 1511 ὅτι

2113 1542 2387 1620 ἀγνοοῦσιν
2455 1543 2547 1597 οὒκ
2609 1538 2825 1604 εἶδότες’
2889 1543 2948 1599 Τί
3003 1541 3128 1618 γοῦν
3185 1544 3433 1617 εἴποιμεν
3495 1544 3619 1622 περί
3668 1551 3776 1602 τῶν

2112 1634 2381 1708 ἀρύστων,
2442 1631 2556 1689 ὅσοι
2615 1633 2705 1688 τὸν
2765 1633 2894 1687 Θεὸν
2953 1629 3012 1687 ἐκ
3088 1639 3194 1689 τῶν
3250 1638 3434 1698 αὖτοϊς
3491 1634 3772 1714 ἐσχάτων,

2115 1721 2361 1790 δηλονὸτι
2418 1728 2524 1778 τῶν
2587 1721 2816 1802 ἀψύχων
2873 1719 3013 1776 ὑλῶν
3083 1724 3170 1778 καί
3230 1726 3602 1803 μορφωμάτων
3657 1747 3778 1804 χα-

2118 1815 2536 1892 ρακτηρὶζουσι;
2593 1811 2721 1868 Δέον
2767 1810 2848 1868 ἐπ’
2903 1814 3044 1885 αὒτῴ
3085 1813 3174 1868 καί
3223 1821 3396 1870 πᾶσαν
3453 1821 3557 1871 τῶν
3606 1815 3777 1872 ὃντων

2118 1903 2476 1980 καταφάσκειν
2533 1901 2697 1976 θέσιν,
2733 1903 2806 1964 ὡς
2867 1900 2919 1958 ὲν
2975 1909 3051 1976 τῷ
3109 1903 3235 1981 Περί
3289 1904 3441 1959 θείων
3499 1905 3777 1981 ὀνομάτων

2116 1992 2394 2072 ἐλέγομεν,
2461 1990 2541 2047 ὅτι
2599 1991 2656 2047 ἐκ
2713 1991 2927 2047 πάντων
2974 1992 3032 2048 τὸ
3078 1996 3234 2050 Θεῖον
3293 1995 3632 2073 ὀνομάζεται,
3695 1997 3772 2061 ὡς

2114 2081 2288 2148 αἴτιος
2357 2084 2418 2138 εκ
2484 2087 2591 2138 τῶν
2671 2080 2944 2137 αἱτιατῶν·
3024 2081 3112 2138 καί
3193 2088 3295 2139 πᾶν
3371 2085 3397 2139 ὃ
3469 2085 3773 2166 κατέφησεν

2114 2172 2467 2252 ἀποφάσκειν,
2527 2172 2600 2234 ὡς
2675 2170 2807 2249 ὑπὲρ
2866 2171 2932 2227 τὰ
2991 2171 3117 2228 ὄντα
3191 2171 3326 2233 ὄντι.
3386 2173 3459 2231 Οὒ
3543 2175 3651 2256 γὰφ
3710 2176 3776 2232 τὸ

2113 2261 2316 2338 ἀξίωμα
2373 2267 2471 2329 τῆς
2528 2261 2856 2341 ἀντιφάσεως
2909 2259 3086 2318 ἓιιετσε
3146 2261 3332 2343 χώραν
3377 2263 3517 2345 ἔχει,
3554 2266 3630 2330 ὡς
3677 2263 3774 2323 ἒν-

2111 2356 2295 2412 ταῦθα⁶
2355 2350 2575 2409 ἐνταῦθα
2628 2353 2729 2429 γὰρ
2784 2350 2872 2408 ἐπί
2929 2352 3126 2416 παντὸς
3195 2354 3231 2422 ἡ
3301 2355 3596 2434 κατάφασις
3639 2353 3676 2424 ἢ
3735 2356 3772 2424 ἡ

2110 2442 2398 2524 ἃπόφασις,
2465 2444 2552 2500 καὶ
2614 2443 2658 2498 εἰ
2714 2442 2748 2510 ἦ
2821 2442 3118 2522 κατάφασις
3193 2441 3420 2518 ἆλήθῆς,
3480 2442 3680 2521 ψευδὴς
3735 2445 3774 2513 η

2110 2531 2397 2613 ἀπόφασις,
2452 2531 2488 2602 ἢ
2542 2533 2604 2589 τὸ
2658 2530 2942 2590 ἀνάπαλιν
3005 2532 3184 2589 ἐνετσε
3250 2534 3304 2591 δὲ
3361 2538 3453 2592 καὶ
3512 2537 3545 2605 ἡ
3592 2534 3767 2593 κατά-

2108 2644 2264 2702 φασις
2324 2622 2417 2679 καὶ
2476 2625 2511 2691 ἡ
2569 2622 2835 2702 ἀπόφασις
2895 2620 3123 2690 ἀληθεῖς
3173 2625 3304 2704 πρὸς
3361 2626 3456 2687 τὰς
3512 2646 3771 2704 προειρη-

2109 2712 2289 2788 μένας
2329 2712 2546 2775 ἐννοίας.
2612 2713 2762 2768 Ἐπεὶ
2815 2711 2869 2767 δὲ
2922 2713 2983 2769 16
3035 2720 3195 2770 Oe'tov
3251 2714 3382 2794 ὑπὲρ
3439 2721 3618 2772 πᾶσαν
3680 2715 3773 2772 καὶ

2109 2802 2378 2881 ἀφαίρεσιν
2436 2803 2522 2860 καὶ
2578 2801 2718 2858 θέσιν
2768 2800 2901 2876 ἐστὶ,
2963 2803 3048 2858 καὶ
3109 2803 3241 2874 ὑπὲρ
3298 2804 3358 2861 τὸ
3413 2805 3492 2879 μὴ
3546 2805 3635 2877 ὃν,
3683 2804 3772 2863 καὶ

2109 2893 2237 2958 ὑπὲρ
2292 2894 2353 2948 τὸ
2401 2891 2485 2971 ὃν,
2544 2892 2631 2948 καὶ
2687 2892 2816 2969 ὑπερ
2869 2897 3094 2972 γνῶσιν,
3145 2894 3233 2950 καὶ
3287 2893 3417 2974 ὑπὲρ
3472 2894 3767 2973 ἀγνωσίαν,

2109 2979 2298 3056 πολλῷ
2329 2979 2489 3037 πλέον
2532 2979 2642 3036 ἐστὶ
2672 2980 2731 3036 τὸ
2782 2979 2912 3057 ὑπὲρ
2944 2981 3037 3042 τὰς
3097 2982 3374 3060 περήσεις
3412 2980 3447 3050 ἤ
3486 2984 3619 3060 ὑπὲρ
3671 2982 3768 3048 τὰς

2109 3070 2304 3143 Θέσεις,
2371 3068 2426 3128 Ὀ
2505 3070 2604 3148 γὰρ
2662 3071 2890 3144 ἀναιρῶν
2948 3069 3091 3126 θέσιν
3150 3071 3447 3147 ὡρισμένον
3497 3094 3549 3127 τι
3607 3071 3768 3128 ἄναι-

2045 3175 2085 3225 C
2111 3173 2217 3240 ρετ,
2253 3161 2337 3217 οιαὶ
2385 3158 2519 3222 ἴσως
2553 3161 2580 3216 6
2611 3166 2728 3224 νοῦς
2777 3159 2861 3215 ἐπ’
2893 3158 3024 3216 ἄλλο
3056 3165 3437 3236 μεταπεσεῖται
3497 3161 3765 3234 οὶόμενος,

2110 3250 2223 3306 ἐπεὶ
2282 3249 2461 3306 ἐκεῖνο
2517 3250 2612 3305 οὒκ
2640 3249 2729 3323 ἦν,
2763 3255 2918 3306 τοῦτο
2977 3249 3145 3328 εἶναι,
3179 3250 3378 3328 ἕτερον’
3429 3250 3527 3307 κᾶν
3589 3251 3766 3309 πάντα

2109 3340 2300 3418 ἀναιρῇ
2336 3361 2444 3418 τις,
2481 3340 2801 3409 καταντήσει
2857 3340 2929 3403 εἷς
2961 3339 3021 3394 τὸ
3082 3338 3307 3415 μῆδαμῆ
3352 3337 3617 3416 μηδαμῶς
3679 3339 3767 3397 ὅνο

2109 3430 2137 3485 ὀ
2193 3428 2249 3485 δὲ
2279 3430 2522 3506 στέρησιν
2576 3427 2803 3507 ἀναιρῶν
2853 3427 2940 3484 ἐπί
2971 3429 3200 3511 τούτοις,
3236 3429 3319 3510 ἐφ’
3379 3434 3463 3496 οἷς
3493 3433 3586 3488 οὒκ
3641 3430 3766 3512 ἔχει

2109 3521 2136 3575 6
2185 3526 2306 3583 νοῦς
2354 3518 2460 3584 ἕξιν
2513 3519 2762 3585 ἒννοῆσαί
2808 3540 2950 3598 τινα,
2981 3519 3191 3583 πάντως
3221 3521 3471 3576 ὑπονοεῖν
3525 3517 3765 3601 δίδωσιν,

2102 3609 2180 3666 ὅτι
2241 3609 2352 3665 ἐστί
2413 3631 2452 3665 τι
2503 3608 2886 3675 ἀκατάληπτον
2930 3609 3046 3666 οἷόν
3102 3631 3151 3666 τι
3196 3607 3361 3687 λέγω·
3409 3607 3544 3667 Ἰδοὺ
3587 3612 3759 3684 θέσις,

2103 3691 2183 3755 ὅτι
2234 3697 2376 3776 λέγω
2420 3696 2504 3754 ἐπὶ
2563 3704 2692 3754 Θεοῦ
2751 3701 2885 3777 φῶς’
2946 3697 3155 3778 ἀναιρεῖ
3206 3721 3287 3762 τις
3346 3706 3525 3774 τοῦτο,
3557 3699 3640 3757 ὅτι
3701 3704 3765 3761 οὒ

2105 3791 2239 3868 φώς,
2305 3792 2515 3845 ὅπονοῶ
2573 3786 2652 3844 ὅτι
2711 3786 2844 3843 ἂλλο
2911 3810 2959 3843 τι
3039 3789 3182 3867 παρὰ
3233 3790 3293 3846 τὸ
3351 3796 3490 3869 φῶς·
3549 3792 3769 3870 ἀναιρεῖ

2105 3881 2349 3952 κάκεῖνο,
2405 3879 2499 3935 καὶ
2537 3878 2609 3943 εἷς
2668 3876 2801 3933 ἄλλο
2853 3881 3276 3954 μεταπεσοῦμαι·
3325 3879 3506 3936 ἀνεῖλε
3560 3881 3763 3960 πάντα,

2068 3972 2191 4029 νκαὶ
2241 3971 2298 4024 τὸ
2349 3965 2575 4044 μηδαμῆ
2640 3964 2904 4042 μηδαμῶς
2963 3969 3255 4035 ὁπενόησα,
3319 3967 3471 4026 Ἐλθέ
3527 3971 3616 4027 καὶ
3674 3970 3772 4029 ἐπὶ

2104 4065 2203 4126 τῆς
2252 4059 2571 4137 στερήσεως.
2634 4055 2767 4115 Ἰδοὺ
2822 4057 2964 4135 λέγει
3023 4059 3295 4136 στέρησιν,
3358 4059 3440 4116 ὅτι
3494 4062 3528 4128 ἡ
3589 4059 3762 4138 ἀκρο-

2104 4151 2239 4217 τάτη
2287 4149 2486 4228 κορυφὴ
2544 4146 2812 4224 ἄγνωστός
2863 4147 3025 4204 ἐστιν·
3085 4148 3298 4225 ἀναιρεῖ
3345 4172 3424 4214 τις
3475 4151 3532 4206 τὸ
3570 4149 3759 4228 ἄγνω-

2103 4263 2252 4320 στον,
2286 4241 2382 4295 σῦκ
2427 4237 2545 4318 ἔχει
2594 4239 2621 4291 ὁ
2675 4259 2791 4300 νους
2826 4235 3136 4315 ἑδρασθῆναι
3192 4237 3272 4295 ὅτι
3303 4241 3518 4317 γνωστή
3571 4242 3760 4316 (τοῦτο

2104 4331 2202 4408 γὰρ
2285 4329 2490 4390 κοίναϊς
2557 4327 2774 4390 ἓννοίαις
2863 4326 3322 4408 διωμολόγηται)·
3400 4327 3759 4409 ἒναπελειφθη

377 4402 624 4484 tionem,
707 4402 985 4484 quoniam
1046 4417 1315 4462 summus
1368 4405 1568 4458 vertex
1605 4395 1840 4474 ignotus
1872 4397 2010 4452 est:

531 4511 542 4516 -
651 4501 664 4514 ο
721 4501 734 4513 ο
865 4511 875 4516 -
1293 4507 1305 4516 .
1390 4497 1508 4516 .',.
1556 4496 1623 4516 II-
1672 4503 1761 4516 Δί-
1808 4491 1989 4516 Α-..Ω..

2110 4421 2292 4493 τοίνδν,
2353 4417 2426 4481 ὥς
2499 4417 2609 4472 ἐστι
2665 4437 2715 4471 τι
2794 4417 2872 4490 μὴ
2931 4417 3093 4491 μόνον
3168 4419 3297 4498 ὅπερ
3356 4419 3452 4487 τὴν
3525 4395 3755 4498 γνῶαιν,

375 4501 699 4582 negatquis
719 4501 1010 4581 ignotum,
1061 4519 1180 4561 non
1214 4496 1766 4579 potestintellectus
1800 4491 2011 4554 contir-

2110 4508 2232 4566 ἱλλὰ
2276 4491 2387 4565 in?
2435 4505 2861 4583 ὑπεράγνωστον’
2929 4508 3017 4563 καὶ
3072 4491 3318 4586 συνήχθη
3379 4513 3456 4583 τῷ
3518 4491 3634 4584 est?)
3694 4491 3758 4566 ἔτι

373 4601 524 4662 mari
545 4601 701 4679 quod
725 4607 902 4664 notus
917 4600 988 4661 sit
1015 4600 1153 4679 (hoc
1175 4598 1333 4659 enim
1361 4600 1418 4658 in
1438 4593 2009 4674 conceptibuscom-

2110 4601 2293 4658 τούτων
2329 4599 2390 4655 16
2448 4595 2848 4663 ἀκατάληπτον.
2889 4597 2987 4652 Διὰ
3028 4604 3177 4654 τοῦτο
3205 4599 3294 4655 καὶ
3326 4601 3353 4655 6
3387 4598 3560 4669 πατὴρ
3612 4621 3757 4678 προ-

376 4699 658 4761 munibus
690 4705 780 4764 est
837 4696 1585 4776 manifestum)concipitur
1613 4695 1813 4771 itaque
1843 4688 2011 4772 quasi

2110 4694 2370 4766 τιμότερον
2451 4686 2621 4752 τίθησι
2677 4687 2740 4741 τὸ
2794 4686 2926 4765 ὑπὲρ
2981 4687 3074 4750 τὰς
3137 4688 3421 4766 στερήσεις
3474 4689 3536 4745 τὸ
3593 4695 3756 4747 Θεϊον

371 4797 449 4860 sit
477 4798 694 4878 aliquid
721 4799 874 4878 quod
894 4799 969 4860 sit
1002 4815 1120 4858 non
1141 4795 1335 4856 solum
1370 4813 1549 4874 supra
1566 4795 2026 4878 notionem,ve-_

2110 4781 2233 4839 ίῖναι
2264 4780 2353 4837 καὶ
2378 4776 2646 4853 λέγεσθαι,
2682 4775 2716 4843 ἢ
2751 4775 2881 4855 ὑπὲρ
2912 4777 3005 4840 τὰς
3034 4777 3226 4842 θέσεις,

369 4905 502 4949 rum
554 4863 940 4968 etiam'supra
987 4863 1462 4966 ignorationem;
1513 4893 1575 4947 et
1606 4902 1676 4944 ex
1725 4883 1817 4944 bis
1851 4879 1971 4943 Deo
2015 4864 2699 4968 incomprehensibilitas
2751 4863 3121 4966 attribuitur.
3156 4865 3386 4968 Idcirco
3419 4865 3599 4928 etiam
3653 4865 3757 4967 hic

369 4977 546 5039 Pater
597 4953 874 5059 tanquam
933 4953 1076 5058 quid
1137 4953 1510 5056 praestantius
1569 4973 1756 5056 ponit,
1822 4971 2011 5034 Deum
2070 4977 2202 5026 esse
2260 4975 2328 5020 ac
2387 4955 2504 5017 dici
2562 4970 2742 5035 supra
2802 4953 3191 5033 privationes,
3224 4955 3317 5018 vel
3365 4972 3547 5036 supra
3583 4954 3757 5036 posi-

370 5069 586 5129 tiones.

454 5158 481 5238 §
512 5157 850 5222 IlLDeinde
868 5155 1238 5218 traditionem
1260 5155 1574 5235 quamdam
1589 5173 1705 5216 non
1729 5157 2008 5235 scriptam

2173 5141 2202 5219 ἕ
2279 5149 2370 5203 ill.
2431 5135 2578 5192 Μετὰ
2653 5141 2818 5196 ταῦτα
2875 5137 2962 5193 καὶ
3033 5110 3286 5216 ἄγρα-σφων
3362 5133 3756 5213 παραδοθεῖσαν

369 5224 559 5310 salicti
589 5246 1008 5310 Bartholomaai
1039 5224 1294 5326 apostoli
1319 5246 1507 5326 ponit,
1541 5245 1820 5325 dicentis,
1851 5224 2011 5304 inul-

2110 5232 2288 5314 (ρῆσιν
2346 5227 2435 5286 τοῦ
2488 5225 2638 5302 ἁγίου
2724 5224 3026 5284 ἀποστόλου
3094 5225 3489 5304 Βαρθολομαίου
3551 5228 3752 5307 τίθησι,

372 5346 488 5401 tam
510 5357 642 5400 esse
674 5335 1028 5415 theologiam
1053 5314 1111 5398 et
1136 5314 1604 5415 perexiguamet
1625 5314 2008 5412 Evanéelium

2110 5319 2301 5387 πολλὴν
2359 5319 2446 5375 καὶ
2505 5314 2799 5395 ἐλαχίστην
2851 5316 2951 5383 την
3002 5315 3279 5396 θεολογίαν
3335 5315 3611 5395 λέγοντος,
3665 5320 3757 5374 καὶ

372 5447 505 5491 esse
553 5429 737 5491 latum
788 5433 849 5489 et
875 5404 1202 5504 “magnum.
1249 5404 1566 5505 Reliquum
1605 5404 1883 5486 existimo
1915 5422 2014 5486 hic

2110 5411 2154 5469 ιδ
2217 5406 2538 5487 Εὕαγγέλιον
2597 5404 2768 5461 πλατὺ
2801 5406 2888 5462 καὶ
2947 5405 3107 5484 μέγα.
3172 5408 3270 5466 Καὶ
3330 5406 3497 5480 αὖθις,
3561 5407 3756 5487 οἶμαι,

371 5519 544 5581 etiam
570 5516 806 5580 silentio
835 5495 1738 5596 suppressumwporiebatenim
1771 5514 1867 5576 hic
1891 5514 2006 5574 ite-

2110 5500 2309 5558 ινναῦθα
2368 5501 2428 5555 τὸ
2487 5495 2681 5554 λεῖπον
2755 5498 3144 5575 παρεσιωπήθῃ
3179 5513 3193 5528 ·
3251 5495 3355 5554 ἔδει
3414 5498 3516 5576 γὰρ
3574 5498 3754 5553 εἰπεῖν

369 5624 504 5670 rum
529 5607 732 5669 dicere
760 5586 1073 5685 angustum
1105 5614 1163 5667 et
1217 5586 1480 5686 parvum,
1511 5611 1568 5666 et
1612 5604 1867 5667 arbitror
1895 5603 2011 5664 hoc

2110 5590 2186 5649 ιαί
2263 5592 2405 5652 αὖθις
2466 5587 2646 5644 στενὸν
2723 5586 2810 5643 καὶ
2881 5588 3096 5666 μικρὸν,
3153 5588 3242 5645 καὶ
3320 5590 3504 5662 οἶμαι,
3575 5608 3750 5666 παρέ-

370 5695 610 5759 silentio
653 5675 1063 5777 suppréssum,
1098 5695 1188 5760 vel
1217 5675 1315 5757 ἀι)
1348 5675 1602 5774 ipsemet
1630 5707 1833 5759 sancto
1857 5696 2009 5758 Bar-

2110 5682 2366 5760 πιωπήθη,
2521 5677 2606 5733 καὶ
2663 5681 2739 5777 τιῑι
2808 5677 2942 5777 αγῑω
3013 5675 3392 5757 Βαρθολομαίῳ
3418 5676 3593 5777 ᾳτότε,
3660 5676 3751 5734 ὅτε

371 5764 971 5869 ιὶιοιοωωο,’ςὶιειιιάο
992 5764 1125 5849 eam
1154 5764 1511 5850 senteniiam
1549 5782 2015 5869 proferebat,vel

2110 5781 2193 5853 τὴν
2249 5772 2401 5852 ῥῆσιν
2447 5767 2652 5847 ἓλεῖενι
2709 5768 2745 5842 ἢ
2799 5765 2991 5848 ἀρτίως
3056 5771 3132 5848 τῷ
3189 5767 3367 5854 πατρὶ,
3413 5764 3495 5831 διὰ
3551 5769 3612 5827 τὸ
3654 5773 3747 5829 τοῦ
