4052 6460
372 364 519 438 1021
825 369 923 435 DE
969 368 1304 433 MYSTICA
1349 364 1811 442 THEOLOGIA,
1859 365 2003 431 CAP

2097 363 2124 427 ’.
2162 398 2229 411 -
2282 360 2714 432 PARPAHPR.
2765 362 3281 430 PACHYMERE.
3598 356 3750 429 1022

358 505 678 587 πράγματοξ
726 505 1089 586 ἆπεμφατνον,
1148 507 1271 569 Πῶς
1324 505 1424 585 γὰρ
1482 506 1664 561 στενὸν
1722 505 1783 561 τὸ
1839 511 2008 562 πᾶσαν

2101 500 2275 564 modo
2306 501 2379 564 ab
2406 502 2521 566 hoc
2541 501 2740 576 Patre,
2777 509 3019 583 propter
3040 502 3225 585 ipsius
3243 502 3332 567 rei
3378 501 3751 567 dissimilitu-

356 604 689 678 σαγηνεῠσαν
766 599 863 665 τὴν
921 595 1290 670 οἰκουμένηνς
1365 597 1451 652 καί
1522 598 1634 661 πῶς
1704 597 1891 674 μικρὸν
1950 597 2008 651 τὸ

2097 593 2323 656 dinem.
2360 593 2669 666 Quomodo
2698 593 2857 655 enim
2919 603 3229 673 angustum
3263 596 3524 677 sit,qnod
3559 602 3749 658 totum

352 689 606 768 περιέχον
650 689 713 744 τὸ
772 686 913 764 μέγα
969 691 1067 753 τῆς
1131 682 1394 748 εὒσεϐείας
1457 686 1795 761 μυστήριον;
1850 684 2008 741 Τοῦτο

2100 682 2387 743 mundum
2430 684 2642 763 capit?
2690 694 2750 744 et.
2795 683 3096 761 quomodo
3142 702 3389 765 parvum
3444 685 3525 764 id,
3592 686 3751 763 quod

348 784 479 856 γοῦν
535 776 769 856 ἐγένετο,
804 778 876 839 ὡς
939 780 1116 851 οἶμαι,
1151 773 1218 831 δι’
1278 772 1574 836 εὐλάϐειαν,
1641 773 1751 832 ’Ἓν
1810 797 1912 831 τισι
1959 774 2008 830 δὲ

2102 790 2377 851 magnum
2438 772 2679 851 pietatis
2728 772 3073 853 mysterium
3124 774 3595 855 complectitur?
3626 774 3752 838 Hoc

348 868 564 945 εὕρηται
609 868 670 923 τὸ
727 868 814 924 καὶ
870 867 1010 931 αὖθις
1070 864 1520 939 συντετμημένον.
1588 866 1652 923 Τὸ
1710 863 1763 919 δὲ
1805 864 2002 941 προτέ-

2097 865 2299 942 utique
2334 862 2552 923 factum
2602 870 2712 935 est,
2750 863 2832 923 uti
2883 872 3044 942 puto,
3098 874 3342 945 propter
3372 865 3749 946 religionem,

349 979 439 1037 ρος
482 956 654 1012 γὼλον
699 958 726 1013 ὁ
780 955 930 1034 ἅγιος
992 954 1344 1032 ἐξηγούμενος
1401 953 1568 1031 λέγει,
1602 954 1681 1010 ὅτι
1734 955 1849 1029 ἐμοί
1911 954 2004 1010 δο-

2097 951 2148 1010 in
2202 952 2555 1031 quibusdam
2605 971 2744 1014 vero
2800 954 3013 1014 iterum
3067 954 3374 1035 reperitur
3417 957 3750 1029 concisum,

347 1060 463 1118 κεῖ,
517 1048 588 1112 ὡς
642 1046 818 1102 ἐκεῖνο
875 1044 1127 1113 ἐννοήσας
1189 1046 1215 1099 ὁ
1261 1048 1405 1108 θεῖος
1465 1042 1816 1117 Ἀπλστολος,
1848 1052 2008 1102 ταῦτα

2097 1040 2357 1102 Priorem
2390 1052 2585 1102 autem
2649 1044 2956 1122 periodum
3003 1046 3102 1106 hic
3147 1053 3389 1107 sanctus
3419 1046 3745 1124 explicans,

352 1135 661 1217 ἐφθέγξατο,
715 1135 801 1191 ὅτι
857 1136 892 1203 ἡ
954 1135 1092 1190 αἰτία
1152 1133 1390 1213 πάντων,
1436 1135 1526 1190 καὶ
1584 1133 1798 1190 πολλῶν
1838 1133 2008 1191 δέεται

2097 1130 2171 1191 ait
2223 1138 2284 1190 ut
2314 1132 2462 1191 mihi
2495 1130 2746 1207 videtur,
2781 1134 2949 1211 quasi
2982 1135 3217 1195 divinus
3241 1134 3564 1214 Apostolus
3598 1136 3749 1197 illud

350 1226 552 1304 λόγων,
585 1227 673 1282 καὶ
731 1223 925 1301 ἄλογος
958 1225 1044 1279 καὶ
1088 1222 1452 1303 βραχύλεκτός
1511 1223 1677 1280 ἐστιν·
1742 1222 1855 1283 οὐδὲ
1913 1226 2008 1301 γὰρ

2100 1220 2465 1301 intelligens,
2496 1221 2624 1282 haec
2657 1222 2870 1283 dixerit
2904 1228 3225 1304 gquoniam
3275 1227 3542 1287 omnium
3576 1244 3753 1287 causa

353 1316 515 1394 λόγον
547 1315 670 1395 ἔχει
704 1316 739 1383 ἢ
774 1314 956 1379 νόησιν
989 1314 1388 1391 παραστατικὴν
1420 1320 1517 1379 τῆς
1556 1314 1748 1379 οἰκείας
1781 1315 2008 1394 φύσεως.

2102 1309 2303 1369 multis
2328 1310 2502 1371 etiam
2538 1312 2737 1373 verbis
2770 1333 2921 1392 opus
2968 1314 3171 1389 habet,
3214 1322 3270 1376 et
3302 1315 3465 1376 nullo
3498 1324 3557 1377 et
3587 1316 3750 1377 brevi

353 1408 426 1462 Τὸ
484 1403 538 1460 δὲ
616 1403 913 1469 πολύλογος
993 1402 1489 1481 προπαροξυτόνως,
1545 1403 1842 1481 πολυλόγος
1916 1406 2008 1481 γὰρ

2103 1400 2279 1460 verbo
2311 1399 2528 1462 dicitur
2560 1422 2579 1472 ,·
2612 1411 2771 1463 caret
2794 1404 2954 1464 enim
2988 1404 3167 1465 verbo
3204 1414 3261 1465 et
3296 1412 3589 1486 conceptu
3619 1425 3750 1485 pro-

350 1494 386 1551 ὄ
411 1492 588 1551 πολλὰ
630 1494 828 1571 λέγων,
863 1492 1161 1571 πολύλογος
1207 1491 1260 1548 δὲ
1322 1496 1347 1549 ὁ
1402 1492 1612 1549 πολλῶν
1659 1492 1833 1571 λόγων
1892 1491 2008 1549 δεό-

2102 1491 2286 1570 priam
2343 1492 2472 1570 ejus
2532 1500 2800 1553 naturam
2851 1494 3181 1573 explicante
3237 1495 3377 1555 555
3448 1495 3747 1574 πολύλογος

351 1600 533 1658 μενος·
611 1586 683 1648 ὡς
744 1584 1082 1659 πρωτότοκος
1144 1582 1619 1661 προπαροξυτόνως
1695 1587 1720 1639 ὁ
1804 1584 2008 1660 πρῶτος

2097 1585 2293 1642 autem
2347 1580 2632 1642 scribitur
2690 1601 2823 1643 cum
2859 1593 3107 1645 accentu
3154 1586 3215 1646 in
3246 1588 3747 1665 antepenultima,

350 1676 583 1753 τεχθείς·
675 1673 1007 1751 πρνρτονόκος
1094 1671 1150 1728 δὲ
1225 1673 1588 1750 παροξυτόνως
1669 1676 1697 1728 ii
1786 1678 2008 1751 πρώτως

2098 1689 2229 1730 nam
2281 1670 2575 1749 πολυλογος
2628 1691 2765 1733 cum
2815 1684 3059 1743 accentu
3122 1676 3181 1735 in
3259 1675 3603 1755 penultima,
3658 1685 3753 1737 est.

346 1772 573 1821 τεκοῦσα
606 1765 763 1843 γυνη,
799 1766 872 1825 ὡς
909 1764 996 1819 καὶ
1030 1762 1295 1841 ’Ὄμηρος
1325 1761 1507 1830 δηλοϊ’

2097 1762 2287 1821 multa
2308 1762 2541 1838 dicens,
2575 1763 2869 1840 πολύλογος
2906 1782 3047 1825 vero
3096 1765 3302 1827 multis
3334 1764 3534 1828 verbis
3576 1766 3751 1828 indi-

345 1872 547 1932 gens:
611 1854 762 1915 sicut
795 1852 973 1914 etiam
1033 1855 1373 1931 πρωτότοκος
1422 1862 1672 1914 accentu
1734 1852 1796 1914 in
1849 1859 2008 1929 ante]

2097 1850 2342 1925 tultima,
2379 1859 2468 1911 est
2524 1858 2626 1930 qui
2687 1852 2877 1934 primo
2938 1855 3183 1934 paritur,
3218 1857 3559 1933 πρωτοτόκος
3609 1874 3747 1920 vero

348 1936 408 2005 in
445 1945 781 2024 perultima,
820 1941 1037 2004 mulier
1063 1961 1195 2022 quae
1229 1941 1420 2021 primo
1449 1943 1623 2023 parit,
1663 1942 1747 2004 uti
1783 1943 1957 2004 etiam
1992 1941 2287 2002 Homerus
2317 1939 2578 2002 declarat
2613 1963 2626 2005 :

435 2034 776 2112 [Ιρωτοτόκος
813 2034 1033 2111 Κινύρη,
1083 2038 1140 2091 οὔ
1172 2036 1290 2111 πρὶν
1321 2032 1488 2089 εἰδυῖα
1519 2035 1722 2092 τόκοιο.

2098 2029 2282 2091 Nunc
2299 2037 2564 2109 primum
2579 2039 2834 2113 pariens
2852 2033 3287 2115 ()inyre,priua
3303 2036 3497 2098 inscia
3511 2042 3749 2115 partus.

2171 2127 2315 2192 Cum
2342 2130 2547 2209 itaque
2579 2132 2852 2207 dixisset,
2881 2133 3034 2214 quod
3074 2152 3268 2214 neque
3291 2151 3630 2197 sermonem
3646 2134 3751 2195 ha-

347 2225 647 2301 ηγούμενος
708 2222 878 2302 λέγει,
908 2224 968 2279 ού
1018 2220 1103 2277 διά
1133 2223 1194 2278 τὸ
1252 2220 1477 2298 μαδημῆ
1509 2221 1772 2299 μηδαμῶς
1825 2224 2000 2303 εἶναι,

2097 2221 2257 2280 beret
2314 2238 2508 2299 neque
2543 2231 2927 2301 conceptum,
2982 2222 3042 2283 id
3096 2223 3403 2302 explicans
3453 2224 3562 2294 ait,
3626 2241 3747 2285 non

348 2313 487 2371 ἀλλὰ
536 2311 621 2370 διὰ
669 2315 730 2369 τὸ
789 2311 1243 2392 ὒπερεκτείνεσθαι
1294 2314 1639 2390 ὑπερουσίως,
1679 2315 1766 2369 καὶ
1819 2313 2002 2389 μόνοις

2097 2316 2251 2390 quasi
2287 2309 2449 2370 nullo
2483 2311 2661 2372 modo
2692 2310 2789 2385 sit,
2828 2312 2934 2372 sed
2976 2311 3138 2392 quod
3169 2313 3750 2394 supraessentialiter

348 2403 681 2482 ἐκφαίνεσθαι
728 2415 848 2466 τοῖς
909 2400 1259 2458 διαϐαίνουσιν
1312 2403 1500 2470 ὲπίσης
1555 2404 1642 2459 καὶ
1688 2404 1752 2460 τὰ
1798 2402 2004 2478 μυσαρὰ

2097 2397 2372 2459 omnibus
2400 2400 2809 2473 antecellat,et
2841 2401 2984 2463 solis
3003 2400 3078 2463 iis
3106 2411 3409 2483 appareat,
3434 2421 3564 2483 quas
3603 2421 3750 2465 cun-

345 2495 435 2551 καὶ
468 2497 532 2548 τὰ
579 2492 797 2571 καθαρὰ,
836 2494 920 2548 καὶ
972 2488 1343 2570 ὑπερϐαίνουσι
1375 2498 1549 2548 πᾶσαν
1600 2492 1891 2570 ἀκρότητα,
1926 2493 2008 2549 καὶ

2097 2496 2209 2561 cta,
2249 2507 2379 2569 quae
2405 2488 2922 2572 impura,qua=:que
2944 2509 3091 2569 pura
3121 2501 3278 2567 sunt,
3308 2498 3747 2573 pertranseunt,

342 2582 774 2658 ἀπολιμπάνουσι
805 2582 894 2639 καὶ
920 2581 1093 2638 πάντα
1141 2580 1313 2659 φῶτα,
1348 2578 1593 2648 δηλονότι
1638 2589 1812 2639 πᾶσαν
1863 2587 2008 2661 γνῶ-

2097 2587 2149 2640 et
2196 2579 2298 2658 qui
2349 2598 2587 2641 omnem
2624 2586 2906 2644 verticem
2942 2582 3397 2657 transcendunt,
3433 2582 3754 2664 omniaque

431 2134 610 2192 Εἰπὼν
686 2133 797 2208 οὖν,
862 2133 943 2189 ὃτι
1014 2131 1173 2211 λόγον
1246 2132 1361 2213 ἔχει
1422 2132 1538 2189 οὔτε
1590 2135 1802 2214 νόησιν,
1847 2132 2005 2200 ἐπεξ-

343 2695 455 2747 σιν,
486 2675 575 2730 καὶ
629 2672 832 2735 πάντας
862 2670 1035 2751 ἤχους
1086 2672 1173 2727 καὶ
1233 2668 1451 2748 λόγως,
1485 2668 1730 2738 δηλονότι
1774 2674 1840 2729 τὰ
1894 2674 2006 2752 περὶ

345 2770 481 2822 Θεοῦ
530 2763 584 2818 ἐν
637 2775 759 2827 ταῖς
800 2767 1035 2839 Γραφαϊς
1082 2761 1357 2835 εἰρημένα,
1422 2763 1701 2841 Οὗρανίους
1746 2760 1801 2818 δὲ
1858 2760 2003 2840 λέγει

343 2853 559 2915 τούτους
605 2853 676 2913 ὡς
710 2853 786 2928 μή
849 2852 987 2907 κατὰ
1016 2851 1115 2917 τὴν
1163 2850 1493 2928 ἀνθρωπίνην
1525 2855 1610 2909 καὶ
1640 2854 1842 2930 γηίνην
1880 2852 2001 2908 ἐπί-

343 2965 519 3020 νοιαν,
552 2940 689 2997 ἀλλὰ
747 2942 883 2998 κατὰ
913 2943 1054 2997 θείαν
1101 2940 1380 2997 ἐπίπνοιαν
1426 2942 1513 2998 καὶ
1570 2940 1882 3022 λεχθέντας,
1919 2944 2005 2999 καὶ

341 3031 759 3112 παραδοθέντας,
819 3032 907 3087 καὶ
966 3028 1327 3104 εἷσδυομένους
1401 3032 1472 3095 εἰς
1542 3032 1630 3087 τὸν
1687 3035 1832 3089 θεῖον
1903 3034 2002 3099 τῆς

342 3122 610 3200 ἀγνωσίας
664 3121 884 3200 γνόφον,
918 3123 979 3177 οὗ
1039 3119 1215 3175 ἐστινό
1271 3121 1486 3180 πάντων
1545 3120 1809 3178 ἐπέκεινα.
1850 3121 2007 3200 ιὈρα

345 3210 428 3285 δὲ,
474 3219 591 3275 πῶς
623 3212 770 3268 εἶπε·
833 3223 948 3274 τοῖς
982 3207 1306 3266 διαϐαίνουσι
1364 3210 1446 3265 καὶ
1476 3211 1541 3266 τὰ
1596 3211 1759 3288 ἕναγῆ
1805 3213 1890 3267 καὶ
1945 3213 2011 3267 τὰ

2092 2667 2342 2749 lumina,
2375 2668 2435 2730 id
2467 2680 2559 2731 est
2581 2688 2822 2731 omnem
2856 2673 3179 2748 notionem,
3213 2691 3543 2753 omnesque
3574 2691 3754 2735 sonos

2092 2776 2159 2818 ac
2191 2777 2739 2839 sermones,eorum
2774 2760 3059 2823 videlicet
3076 2781 3208 2843 quae
3230 2762 3304 2825 de
3327 2766 3451 2827 Deo
3470 2763 3530 2824 in
3552 2761 3755 2843 Scrip-

2094 2847 2241 2908 turis
2292 2848 2451 2909 dicta
2506 2856 2667 2930 sunt,
2728 2850 3097 2930 relinquunt.
3162 2853 3348 2913 Vocat
3403 2862 3597 2915 autem
3644 2851 3755 2915 hos

2092 2937 2676 3018 coalestes,tanquam
2712 2959 2830 3001 non
2852 2941 3184 3002 secundum
3215 2942 3532 3004 humanam
3568 2950 3754 3004 terre-

2090 3045 2348 3109 namque
2367 3028 2960 3110 intelligentiam,sed
2978 3032 3310 3093 secundum
3338 3032 3596 3092 divinam
3620 3031 3747 3093 ins-

2093 3118 2540 3199 pirationem,et
2572 3120 2763 3181 dictos
2795 3130 2851 3181 et
2883 3120 3129 3182 traditos
3153 3129 3211 3182 et
3233 3121 3431 3184 divina
3453 3121 3555 3182 illa
3576 3127 3749 3200 igno-

2092 3208 2337 3271 rationis
2361 3210 2617 3287 caligine
2648 3210 2966 3285 involutos,
3007 3208 3107 3271 ubi
3138 3221 3231 3273 est
3259 3211 3310 3272 is
3342 3210 3441 3290 qui
3473 3211 3751 3274 omnibus

345 3302 572 3380 καθαρὰ,
604 3302 684 3358 ὃτι
728 3302 814 3356 καὶ
868 3298 934 3355 τά
982 3299 1215 3376 ἡμέτερα
1263 3303 1468 3378 καθαρὰ
1526 3302 1653 3377 πρὸς
1716 3302 1819 3368 τὴν
1870 3301 2008 3360 θείαν

2097 3298 2371 3379 superior
2401 3299 2619 3361 existit.
2655 3300 2922 3363 Observa
2952 3301 3426 3382 vero,quomodo
3458 3301 3637 3363 dixit:
3676 3302 3754 3363 lis

344 3390 553 3457 ἐκείνην
615 3388 1063 3468 παραϐαλλόμενα
1125 3392 1482 3466 καθαρότητα,
1546 3390 1713 3466 ἐναγῆ
1764 3390 2008 3468 λογίζον-

2098 3387 2198 3467 qui
2231 3396 2343 3448 tam
2371 3388 2601 3468 impura
2627 3408 2802 3470 quam
2843 3408 2986 3469 pura
3007 3400 3447 3471 pertranseunt;
3468 3391 3753 3471 quoniam

345 3502 458 3559 ται,
521 3481 656 3536 κατὰ
717 3480 778 3535 τὸ
851 3479 1153 3557 εἰρημένον·
1230 3485 1383 3536 Πᾶσα
1439 3477 1746 3547 δικαιοσύνη
1807 3481 2008 3557 ἀνθρώ-

2098 3476 2199 3538 illa
2230 3478 2406 3538 etiam
2433 3497 2568 3554 quas
2602 3477 2758 3557 apud
2794 3498 2902 3540 nos
2935 3498 3079 3558 pura
3107 3488 3409 3554 sunt,cum
3435 3480 3633 3542 divina
3656 3480 3755 3543 illa

346 3592 476 3649 που,
556 3571 629 3633 ὡς
717 3569 874 3646 ῥακος
948 3568 1393 3643 ἆποκαθημένης,
1467 3574 1536 3644 τῇ
1624 3569 1736 3642 θείᾳ
1801 3570 2008 3633 πάντως

2098 3567 2353 3645 puritate
2383 3577 2744 3648 comparata,
2810 3568 3119 3631 immunda
3165 3577 3537 3650 reputantur,
3589 3571 3756 3649 juxta

347 3658 660 3734 δικαιοσύνῃ
715 3656 1195 3737 παραϐαλλομένη,
1254 3659 1321 3724 ἧς
1383 3659 1475 3715 οὒκ
1545 3656 1688 3713 ἔστιν
1764 3658 2006 3736 ἀριθμός.

349 3746 506 3826 "Op:
565 3746 619 3803 δὲ
663 3748 751 3805 καὶ
802 3749 887 3828 τὸ,
924 3753 1104 3803 Πᾶσαν
1147 3748 1419 3824 ἆκρότητα
1471 3745 1756 3825 ὑπερϐῆναι
1790 3750 1877 3806 καὶ
1921 3750 2005 3805 αἰ-

347 3842 560 3904 σθητῶν
616 3839 703 3893 καὶ
760 3842 964 3904 νοητῶν
1023 3836 1293 3911 μὴμόνον
1352 3838 1541 3893 ὡσανεὶ
1574 3838 1703 3893 αὒτὰ
1745 3839 1811 3894 τὰ
1863 3840 2005 3914 πρά-

342 3948 553 4008 γματα,
584 3925 722 3983 ἀλλὰ
779 3930 868 3983 καὶ
925 3927 1023 3994 τὴν
1089 3927 1291 3982 τούτων
1337 3924 1629 4004 ἀκρότητα,
1681 3929 2008 3995 Ἀκρότητας

340 4018 445 4097 γὰρ
476 4015 695 4075 ἒκάλοῦν
746 4018 793 4072 οἱ
825 4014 1049 4072 παλαιοὶ
1082 4016 1315 4082 ἑκάστης
1373 4016 1550 4074 οὐσίας
1582 4018 1644 4073 τὸ
1692 4018 2006 4095 καθαρώτα-

340 4128 460 4182 τον,
515 4106 566 4171 ἐξ
612 4108 671 4163 οὗ
728 4104 957 4184 ἤρτηται
1020 4112 1330 4186 προσεχῶς,
1375 4106 1643 4164 τουτέστιν
1705 4107 2006 4185 ἐχομένως,

341 4198 380 4266 ἦ
443 4198 614 4255 ούσία.
673 4200 772 4259 Ὦς
806 4197 992 4276 ψυχῆς
1053 4196 1283 4275 ἀκρότης
1333 4199 1360 4253 ὁ
1412 4198 1553 4258 νοῦς·
1615 4198 1701 4253 καὶ
1733 4197 1926 4273 ἔρωτος
1985 4198 2013 4253 ὁ

342 4286 453 4343 τῶν
483 4283 895 4352 ἆναϐεϐηκοτων
940 4283 1185 4362 διάπυρος
1237 4286 1406 4360 πόθῳ*
1444 4288 1530 4342 καὶ
1577 4286 1673 4353 τῆς
1704 4284 1820 4342 καθ’
1872 4290 2011 4361 ἡμᾶς

342 4376 624 4454 ἱεραρχίας
685 4378 744 4432 τὸ
777 4375 934 4453 ἐγγὺς
990 4387 1260 4432 συντεῖνον
1318 4373 1530 4438 ἂϋλίας.
1600 4379 1695 4440 ⁶Ως
1726 4374 1886 4432 πάλιν
1929 4377 2014 4432 imi

342 4468 453 4523 τῶν
507 4466 790 4540 αἰσθητῶν,
829 4466 992 4544 πυρὸς
1037 4467 1098 4521 τὸ
1145 4463 1542 4544 λαμπρότατον,
1576 4469 1663 4522 καὶ
1710 4464 1896 4529 ὕδατος
1956 4468 2015 4523 τὸ

343 4553 615 4636 ἀχνῶδες,
685 4556 773 4611 καὶ
848 4556 914 4611 τὰ
980 4553 1143 4611 λοιπὰ
1215 4553 1516 4632 ἀναλόγως.
1597 4555 2014 4634 Παρακελεύεται

345 4651 625 4724 τοιγαροῦν
685 4648 713 4701 ὁ
759 4644 920 4723 λόγος
982 4646 1069 4701 καὶ
1105 4644 1276 4701 αὖτῶν
1325 4650 1431 4700 τῶν
1487 4646 1648 4723 ἁγίων
1707 4646 2015 4723 ἀκροτήτων

344 4737 446 4802 νὴν
509 4732 763 4791 ἀνάϐασιν
819 4732 1141 4814 ὑπερϐῆναι,
1200 4736 1287 4790 καὶ
1344 4732 1481 4790 οὕτω
1538 4733 1865 4792 καταλαϐεῖν
1923 4739 2013 4792 τὸν

344 4826 510 4883 τόπον
541 4824 594 4878 ἐν
637 4825 682 4898 ᾦ
713 4826 739 4880 δ
789 4826 943 4896 Θεὸς,
979 4825 1007 4880 ὃ
1061 4827 1148 4880 καὶ
1185 4823 1269 4879 ἐπὶ
1328 4824 1592 4889 Μωυσέως
1624 4825 1831 4903 γέγονε,
1895 4833 2011 4892 Ση-

348 4914 574 4992 μείωσαι
620 4916 716 4981 τὴν
749 4912 894 4979 τάξιν
951 4919 1057 4969 τῶν
1094 4912 1448 4970 τελεσθέντων
1494 4914 1579 4971 ἐπὶ
1638 4922 1858 4991 Μωυσῇ,
1896 4917 2014 4994 πρὶν

347 5004 636 5071 ἃξιωθηναι
708 5005 778 5068 εἷς
856 5005 944 5059 τὸν
1017 5003 1212 5083 γνόφον
1298 5002 1578 5066 εἰσελθεῖν,
1639 5011 1854 5083 Πρῶτον
1914 5007 2013 5083 γὰρ

348 5094 717 5171 ἀπεκαθάρθη,
750 5093 836 5149 καὶ
890 5092 1028 5150 οὕτω
1080 5100 1185 5149 τῶν
1234 5091 1409 5150 ἄλλων
1454 5094 1745 5173 ἀφωρίσθη,
1812 5096 1947 5157 Μεθ’
1985 5097 2012 5150 ὃ

348 5186 451 5264 γὰρ
504 5184 637 5258 μετὰ
693 5189 800 5238 τῶν
858 5179 1038 5239 ἄλλων
1096 5189 1200 5238 τῶν
1268 5184 1575 5262 σαλιρίγγων
1636 5184 1861 5261 ἀκήκοε,
1925 5190 2012 5244 καὶ

348 5275 417 5331 τὰ
474 5276 591 5328 θεῖα
653 5277 803 5350 φῶτα
855 5270 1124 5349 κατεῖδεν,
1176 5272 1506 5352 ἀφορίζεται,
1563 5273 1658 5329 καῖ
1714 5276 1847 5348 μετὰ
1907 5281 2013 5331 τῶν

346 5361 532 5441 ἱερέων
582 5360 836 5417 ἳσταταν
872 5364 958 5417 καὶ
1008 5363 1081 5425 εἰς
1127 5365 1219 5419 τὸν
1266 5366 1411 5419 θεῖον
1455 5363 1649 5443 γνόφον
1699 5362 1890 5443 εἰσδὺς,
1921 5366 2011 5419 τὸν

351 5453 484 5510 Θεὸν
531 5451 629 5526 μὲν
659 5454 763 5530 οὔχ
794 5452 912 5529 ὁρᾷ,
947 5453 1100 5525 (Θεὸν
1144 5453 1239 5530 γὰρ
1276 5451 1450 5515 οὐδεὶς
1504 5455 1705 5531 ἑώρακε
1734 5454 2007 5533 πώποτε),

346 5544 442 5599 τὸν
472 5542 635 5597 τόπον
666 5538 721 5596 δὲ
752 5540 806 5596 ἐν
840 5544 885 5612 ᾧ
916 5539 1072 5609 ἔστη“
1108 5542 1160 5611 ἐξ
1207 5545 1265 5603 οὗ
1295 5540 1571 5623 δηλοῦται,
1604 5544 1670 5603 τὰ
1713 5549 1819 5607 τῶν
1849 5567 2005 5611 voco-

435 5728 464 5764 ο
492 5709 623 5778 Isai.
670 5725 834 5795 uiv,
862 5710 928 5775 6.

2095 3656 2249 3736 quod
2284 3656 2504 3717 dictum
2535 3665 2627 3719 est
2663 3675 2677 3720 :
2722 3656 2940 3720 Omnis
2991 3660 3239 3733 iustitia
3271 3660 3539 3722 hominis
3573 3664 3756 3740 quasi

2092 3763 2341 3826 pannus
2362 3755 2755 3809 menstruam!
2785 3766 2839 3823 ο,
2876 3766 3010 3809 cum
3057 3748 3255 3808 divina
3301 3748 3545 3809 omnino
3569 3750 3753 3828 justi-

2095 3835 2174 3897 tia
2204 3844 2563 3915 comparata,
2615 3838 2786 3917 cujus
2818 3855 2937 3897 non
2999 3849 3085 3900 est
3118 3856 3425 3900 numerus.
3489 3836 3753 3902 Observa

2092 3924 2235 3986 item
2298 3924 2485 3987 illud:
2520 3925 2631 3997 Qui
2663 3945 2901 3987 omnem
2949 3927 3235 3990 verticem
3288 3928 3744 4004 transcendunt,

2093 4034 2225 4076 cum
2257 4015 2721 4090 sensilium,tum
2756 4016 3220 4091 intellectilium,
3243 4036 3360 4078 non
3383 4018 3575 4079 solum
3596 4037 3748 4094 quo-

2095 4104 2413 4165 dammodo
2429 4105 2926 4185 resipsas.verum
2945 4106 3119 4168 etiam
3136 4126 3337 4169 earum
3354 4107 3750 4172 summitates.

2096 4194 2480 4257 Summitates
2521 4196 2677 4255 enim
2720 4205 2955 4257 veteres
2994 4197 3373 4277 appellabant
3405 4197 3461 4257 id
3500 4198 3657 4277 quod
3688 4199 3751 4260 in

2096 4285 2364 4363 qualibet
2379 4285 2637 4346 essentia
2652 4286 3032 4364 purissimum
3048 4287 3369 4364 exsistit,ex
3383 4288 3753 4367 quoassidue

2097 4394 2205 4437 seu
2228 4376 2606 4436 continenter
2625 4375 2885 4437 essentia
2903 4375 3365 4456 dependeat.Sic
3395 4378 3607 4438 animm
3625 4394 3755 4440 ver-

2102 4474 2194 4526 tex
2228 4484 2331 4526 seu
2357 4465 2667 4526 summitas
2689 4478 2777 4526 est
2810 4474 3070 4539 mens,et
3097 4466 3449 4546 amoris,qui
3467 4484 3757 4546 superno-

2100 4573 2229 4616 rum
2259 4554 2554 4615 desiderio
2570 4554 3051 4626 succenditur;et
3080 4555 3753 4638 nostrwbierarchiaeﬁd

2101 4646 2257 4725 quod
2294 4645 2560 4723 proxime
2581 4643 2835 4705 intendit
2868 4645 3457 4707 immaterialitatem.
3484 4646 3581 4708 Sic
3611 4664 3751 4709 rur-

2099 4754 2228 4795 sum
2274 4735 2335 4795 in
2367 4734 2715 4815 sensilibus,
2752 4734 2927 4813 ignis,
2967 4734 3025 4795 id
3052 4734 3756 4815 quodlucidissimum;et

2097 4824 2350 4904 aquae,id
2377 4827 2534 4900 quod
2569 4825 2985 4886 tenuissimum
3021 4834 3137 4897 est,
3172 4834 3229 4886 et
3260 4833 3479 4887 caetera
3511 4844 3752 4906 propor-

2097 4915 2258 4976 tione
2283 4934 2411 4977 sua.
2448 4914 2729 4975 Hortatur
2755 4914 2959 4995 itaque
2996 4915 3092 4976 hic
3128 4934 3348 4989 sermo,
3407 4925 3753 4979 sanctorum

2096 5023 2334 5084 quoque
2353 5013 2634 5066 verticum
2674 5023 2986 5065 ascensum
3021 5023 3327 5085 superare,
3363 5015 3422 5066 et
3450 5007 3532 5067 sic
3557 5007 3752 5069 locum

2094 5095 2546 5173 apprehendere
2569 5094 2628 5154 in
2658 5114 2772 5173 quo
2807 5103 2895 5155 est
2913 5095 3157 5169 Deus,id
3179 5096 3335 5174 quod
3372 5096 3546 5155 etiam
3568 5097 3753 5176 Moysi

2096 5186 2331 5247 accidit.
2383 5184 2530 5246 Nota
2582 5184 2852 5246 ordinem
2916 5203 3123 5246 eorum
3173 5203 3305 5264 quas
3355 5186 3535 5264 Moysi
3603 5204 3755 5247 con-

2098 5274 2383 5354 tigerunt,
2437 5274 2785 5354 priusquam
2820 5274 3037 5352 dignus
3081 5284 3170 5336 est
3215 5273 3454 5336 habitus
3499 5275 3558 5334 in
3604 5274 3754 5336 cali-

2095 5366 2290 5441 ginem
2326 5364 2576 5442 ingredi.
2615 5362 2877 5425 Primum
2930 5365 3088 5425 enim
3126 5363 3395 5443 expiatus
3419 5364 3546 5431 fuit.
3582 5374 3640 5424 et
3669 5365 3754 5427 sic

2093 5452 2164 5515 ab
2197 5454 2327 5515 aliis
2357 5463 2701 5532 segregatus
2732 5453 2877 5513 556
2903 5454 3014 5517 Ubi
3067 5454 3226 5515 enim
3274 5472 3390 5514 una
3434 5472 3571 5515 cum
3616 5454 3755 5517 aliis

2093 5543 2266 5613 tubas
2295 5544 2645 5621 audivisset,
2682 5555 2741 5613 et
2764 5543 3209 5612 divinatumina
3243 5543 3509 5617 vidisset,
3549 5560 3754 5624 segre-
