4052 6436
372 343 523 414 1023

1552 343 1612 418 S.
1663 352 2007 421 DIONYSII
2053 352 2585 424 AREOPAGITE.

3598 337 3756 419 1024

351 499 610 576 gatur,et
630 512 766 559 cum
798 492 1213 560 sacerdotibus
1242 496 1649 574 constituitur;
1682 507 1742 562 et
1767 499 1827 563 in
1850 500 2004 562 divt-

2091 492 2264 568 μένων
2320 495 2412 552 καί
2479 489 2765 568 ὁρωμένων
2835 487 3098 568 ἀκρότατα
3165 486 3506 576 ὖποθιτικούς
3593 511 3747 556 τινας

352 603 490 645 nam
517 585 830 664 caliginem
863 584 1398 667 immersus,Deum
1431 587 1675 668 quidem
1709 608 1828 650 non
1847 589 2007 652 videt

355 675 568 754 (Deum
597 676 758 737 enim
779 694 954 739 nemo
984 677 1138 739 vidit
1166 694 1435 756 unquam
1457 679 1552 752 θ’),
1581 679 1686 738 sed
1723 680 1915 741 locum
1943 679 2003 741 in

353 783 472 846 quo
494 773 762 840 steterat;
795 766 954 827 unde
984 766 1589 846 signiﬁcatur,eorum
1623 786 1759 844 quae,
1789 767 2005 832 inte'li-

354 862 576 932 gnntur
593 863 652 918 et
683 856 956 919 videntur
984 855 1520 927 summitates,esse
1546 857 1806 920 rationes
1837 877 2005 938 quas-

354 943 489 1005 dam
523 944 928 1026 hypotheticas
959 963 1164 1006 eorum
1193 963 1325 1026 quis
1357 944 1416 1006 in
1450 944 1570 1009 Deo
1618 955 1773 1008 sunt.
1809 945 2006 1029 Hypo-

355 1034 607 1097 theticas
628 1052 767 1096 vero
789 1035 1050 1096 rationes
1070 1044 1237 1096 vocat
1263 1053 1362 1095 eas
1375 1054 1614 1116 quaeres
1633 1037 2002 1115 describunt,

356 1130 414 1184 et
443 1123 612 1204 quasi
633 1125 1122 1206 contemplandas
1145 1125 1588 1206 praebent,quas
1617 1127 1698 1187 ait
1721 1145 1854 1190 esse
1885 1129 2006 1190 Deo

357 1214 672 1294 subjectas,
706 1217 762 1278 id
795 1225 885 1279 est
923 1217 1175 1295 intelligi
1209 1218 1406 1280 inesse
1451 1217 1562 1307 ipsi
1597 1238 1610 1281 :
1650 1237 1720 1280 ex
1747 1219 1816 1280 iis
1847 1220 2008 1282 enim

357 1307 664 1380 docemur,
695 1307 890 1388 ipsum
925 1307 1104 1371 rebus
1137 1307 1414 1370 omnibus
1458 1326 1591 1370 esse
1629 1319 2006 1388 praesentem,

358 1414 476 1456 non
517 1397 905 1478 transeundo,
940 1397 1045 1459 sed
1107 1397 1494 1478 providendo.
1529 1397 1841 1478 Spiritales
1875 1416 2012 1464 vero

353 1485 609 1548 vertices
667 1495 831 1548 vocat
879 1487 1152 1549 cmlestes
1193 1496 1252 1550 et
1301 1488 1680 1552 intellectiles
1725 1490 2014 1551 essentias

2090 585 2232 640 εἶναι
2291 583 2480 662 λόγως
2525 585 2631 640 τῶν
2689 590 2765 658 τῷ
2823 591 2937 655 eaq)
2984 583 3305 659 προσόντων,
3369 574 3745 645 ’Υποθετικοὺς

2083 666 2142 730 δέ
2199 697 2330 754 φησι
2388 675 2508 736 τοὺς
2561 673 2974 755 ὑφογραιρικοὺς,
3005 673 3168 748 ἣγουν
3220 672 3577 750 θεωρητικοὺς
3634 677 3748 727 τῶν

2085 763 2274 837 ὄντων,
2308 765 2440 843 ἀπερ
2489 761 2894 838 ὒποϐεϐλημένα
2924 770 2998 836 τῷ
3045 770 3162 836 Θεῷ
3205 761 3308 842 ἔφη
3338 767 3502 834 εἶναι,
3541 761 3747 829 δηλον-

2087 855 2168 912 ότι
2229 869 2508 934 προσεῖναι
2567 855 2850 928 νοούμενα⁶
2915 854 2966 920 ὲΞ
3028 857 3199 912 αὐτῶν
3255 877 3377 932 γαρ,
3433 867 3551 920 τοῖς
3610 860 3746 911 πᾶσι

2089 960 2336 1025 παρεῖναι
2392 951 2600 1024 τοῦτον,
2647 943 3019 1020 διδασκόμεθα,
3052 947 3110 1002 οὗ
3170 942 3563 1020 μεταϐατικῶς,
3626 941 3747 1001 οὗδὲ

2089 1042 2479 1115 προνοητικῶς.
2556 1037 2767 1101 Νοητάς
2839 1033 2893 1090 δὲ
2965 1035 3265 1112 ἀκρότητας
3333 1037 3428 1098 τάς
3501 1032 3748 1111 οὖρανίας

2091 1127 2177 1182 καὶ
2227 1126 2408 1203 νοερόὶς
2439 1125 2617 1188 οὐσίας
2663 1123 2843 1198 καλεῖ,
2876 1125 2970 1188 τάς
3022 1125 3141 1202 περί
3171 1127 3301 1179 Θεὸν
3332 1123 3511 1205 οὔσας,
3545 1123 3608 1189 ἃς
3662 1127 3755 1180 καὶ

2094 1215 2287 1278 τόπους
2345 1216 2672 1292 ἆγιωτάτους
2724 1215 3026 1291 ὠνόμασεν,
3086 1217 3162 1270 ὧν
3213 1214 3302 1270 καὶ
3354 1218 3527 1272 αὗτῶν
3582 1214 3753 1290 ὑπὲρ·

2094 1326 2264 1361 κειναι
2308 1306 2395 1360 καὶ
2447 1305 2758 1384 ἀπολύεται,
2791 1305 2926 1360 κατὰ
2976 1303 3142 1378 μηδὲν
3180 1306 3360 1370 αὐτοῖς
3405 1303 3544 1368 ὅλως
3576 1326 3753 1382 προσ-

2097 1395 2310 1457 εοικώς.
2372 1397 2657 1474 Θεωρήσας
2717 1396 2887 1451 τοίνυν
2947 1397 3038 1451 τὸν
3087 1395 3252 1450 τόπον
3320 1400 3549 1461 Μωϋσῆς
3608 1397 3669 1451 οὗ
3723 1397 3755 1450 ὁ

2098 1487 2227 1550 Θεὸς
2283 1487 2538 1556 εἱστήκει,
2575 1487 2660 1541 καὶ
2700 1485 2819 1541 τότε
2871 1485 3145 1564 ἀφολυθεὶς
3176 1485 3283 1541 τῶν
3325 1507 3381 1540 τε
3439 1485 3751 1562 ὁρωμένων,

358 1595 488 1657 quze
510 1577 671 1640 circa
705 1581 891 1639 Deum
938 1586 1096 1652 sunt,
1132 1597 1279 1658 quas
1311 1588 1365 1640 et
1415 1579 1575 1640 locos
1606 1580 2006 1642 sanctissimos

2095 1574 2389 1655 τόυτέστιν,
2454 1577 2716 1641 αἰσθητῶν
2791 1575 3078 1644 ἀπάντων,
3141 1574 3233 1631 καί
3312 1581 3416 1629 τῶν
3481 1576 3751 1653 ὁρώντων,

357 1666 920 1749 appellavit,quibus
951 1669 1378 1748 supereminet,
1433 1679 1491 1730 et
1519 1688 1553 1730 a
1582 1670 1797 1750 quibus
1826 1669 2006 1731 abso-

2098 1666 2331 1722 τουτέστι
2403 1672 2508 1722 τῶν
2581 1664 2814 1742 λογικῶν
2884 1663 3155 1736 ἁπάντων,
3217 1671 3421 1729 νοητῶν
3476 1664 3611 1744 φημι
3662 1665 3756 1720 καὶ

357 1756 514 1820 lutus
537 1757 990 1820 est.secundum
1018 1758 1164 1820 nihil
1188 1759 1431 1819 omnino
1454 1761 1596 1840 ipsis
1621 1759 2009 1823 assimilatas.

355 1847 587 1928 Moyses
603 1848 802 1929 itaque
815 1847 1252 1927 contemplatus
1275 1849 1470 1910 locum
1486 1847 1587 1911 ubi
1604 1847 1758 1910 Deus
1771 1856 2006 1912 steterat

2097 1853 2263 1903 καῠτα
2319 1847 2393 1908 εἰς
2423 1845 2512 1902 τὸν
2564 1844 2760 1922 γνόφοι
2790 1843 3022 1914 εἰσῆλθε,
3056 1843 3324 1900 τουτέστιν
3373 1845 3448 1906 εἰς
3489 1845 3591 1912 τὴν
3649 1863 3755 1899 πε-

355 1945 601 2017 tumque
639 1936 712 1998 ab
769 1937 840 1998 iis
878 1954 1011 2016 quae
1057 1937 1333 1999 videntur
1379 1937 1772 2012 absolutus,id
1819 1946 1907 1999 est
1938 1941 2006 2000 ab

2098 1937 2144 2006 ρὶ
2175 1942 2307 1993 Θεοῦ
2358 1933 2645 2013 ἀγνωσίαν·
2684 1933 2802 1990 ἔνθα
2860 1933 3035 1997 πάσας
3067 1932 3346 2007 ἀπομόσας
3394 1935 3490 1995 τάς
3520 1955 3755 2012 γνωστι-

358 2027 638 2088 omnibus
651 2027 970 2089 sensilibus
986 2035 1043 2088 et
1059 2026 1613 2107 aspectabilibus,id
1627 2039 1717 2090 est
1736 2027 2006 2090 omnibus

2099 2027 2194 2089 κάς
2241 2023 2578 2099 ἀντιλήψεις,
2613 2022 2824 2102 ἐγένετο
2877 2022 2931 2078 ἐν
2959 2029 3036 2098 τῷ
3083 2021 3276 2102 ἀφανεῖ
3327 2022 3492 2098 θοτῷ
3545 2024 3644 2098 νῷ,
3677 2028 3757 2096 τῷ

359 2115 1601 2197 rationalibus,intelleetilibus,inquam,et
1634 2118 2006 2199 intelligenti-

2100 2115 2308 2192 ἀοράτῳ
2364 2122 2550 2173 πασῶν
2580 2119 2686 2170 τῶν
2732 2121 3040 2190 γνωστικῶν
3075 2112 3414 2189 ἀντιλήψεων
3468 2121 3562 2171 τοῦ
3617 2113 3756 2190 πέρα

361 2205 474 2269 bus
494 2208 861 2281 essentiis,et
883 2225 1019 2269 cum
1046 2207 1142 2268 his
1169 2207 1346 2268 etiam
1361 2207 1434 2268 ab
1463 2207 1776 2269 animabus
1800 2208 2006 2270 nostris

2101 2203 2313 2262 πάντων
2371 2211 2526 2284 Θεοῦ,
2586 2205 2676 2260 καὶ
2728 2203 2919 2268 ξνοθεὶς
2977 2200 3061 2258 διὰ
3128 2211 3223 2260 τοῦ
3276 2203 3516 2260 τοιούτου
3557 2204 3757 2280 τρόπου

360 2295 670 2372 liberatus,
708 2305 915 2378 postea
941 2298 1001 2358 in
1048 2296 1361 2375 caliginem
1407 2297 1714 2376 ingressus
1758 2308 1869 2377 est,
1904 2299 2006 2361 hoc

2100 2301 2166 2372 τῇ
2236 2295 2472 2374 ἀγνωσία
2530 2292 2626 2349 καὶ
2683 2299 2751 2370 τῇ
2811 2293 3182 2371 ἀνενεργησίᾳ,
3245 2293 3318 2351 0'3
3374 2292 3517 2372 λέγω
3575 2291 3628 2349 δὲ
3685 2298 3758 2368 τῇ

356 2392 467 2461 est,
502 2386 563 2447 in
587 2385 692 2449 Dei
715 2386 1189 2466 ignorationem;
1224 2386 1322 2447 ubi
1342 2405 1476 2448 cum
1509 2387 1705 2449 omnis
1735 2388 2006 2466 cognitio.

2099 2387 2216 2463 περὶ
2273 2384 2432 2442 αὐτοῦ
2487 2383 2833 2461 ἀνενεργησίᾳ
2863 2389 2955 2439 τοῦ
3025 2380 3160 2440 ἑδὶου
3213 2383 3326 2464 νοῦ,
3355 2383 3473 2440 οὔτε
3529 2382 3636 2458 μὴν
3689 2384 3760 2459 τῇ

353 2476 450 2537 nis
483 2476 753 2538 subsidia
783 2475 1301 2552 exclusisset,-fuit
1329 2477 1389 2538 in
1423 2477 1676 2540 obscura
1701 2476 1754 2521 θί
1791 2487 2006 2553 mente,

2099 2475 2277 2554 ἑτέρον
2333 2475 2680 2553 ἀνενεργησίᾳ
2710 2473 2765 2528 ἐν
2794 2473 2872 2547 τῷ
2903 2473 3042 2542 μήτε
3072 2475 3248 2546 αὐτὸν,
3289 2475 3428 2548 μήτε
3485 2472 3664 2552 ἕτερόν
3704 2493 3755 2529 τι

353 2583 486 2646 qum
508 2565 692 2629 videri
723 2567 948 2648 nequit,
998 2568 1132 2638 Dei,
1167 2585 1346 2648 supra
1377 2585 1588 2629 omnes
1646 2568 2006 2648 intelligendi

2094 2579 2237 2622 νοεῖν
2295 2567 2480 2641 (τοῦτο
2511 2565 2610 2642 γὰρ
2670 2562 2943 2626 παντελῶς
2975 2560 3251 2630 ἡλιθιότης
3309 2565 3394 2620 καὶ
3422 2563 3578 2641 ἀργία
3635 2562 3756 2626 νοός

351 2655 668 2718 facultates
690 2657 1252 2738 constituti,talique
1275 2657 1450 2718 modo
1470 2660 1826 2738 conjunctus
1851 2661 2006 2738 igno«

2094 2653 2285 2731 ἔστιν),
2321 2653 2438 2709 ἀλλ’
2496 2654 2704 2716 ἑνωθεὶς
2753 2652 2890 2710 κατά
2933 2651 2995 2706 τὸ
3054 2665 3297 2730 κρεῖττον
3370 2659 3447 2726 ιιῷ
3479 2650 3758 2716 παντελῶς

351 2746 571 2808 rationi
605 2747 1153 2811 etcessationi.Non
1187 2749 1319 2810 dico
1355 2749 1613 2830 preprize
1645 2749 1863 2812 mentis
1898 2749 2006 2812 cir-

2095 2744 2373 2822 ἀγνώστῳ,
2407 2742 2460 2798 ἐν
2512 2749 2590 2818 τῷ
2635 2741 2783 2822 ἔχειν
2834 2741 3212 2818 ἀνενεργτ,σίαν
3267 2742 3446 2808 πάσης
3477 2740 3755 2819 γνώσεως,

351 2854 422 2899 ca
448 2837 638 2917 ipsum
691 2838 1037 2915 cessationi,
1071 2857 1266 2920 neque
1315 2839 1490 2900 etiam
1524 2839 1769 2900 alterius
1800 2856 2004 2900 cessa-

2091 2834 2145 2889 ὲν
2204 2840 2282 2906 τῷ
2338 2831 2637 2890 ἀπολιπεῖν
2695 2831 2941 2899 δηλονότι
3007 2831 3258 2896 ἑκουσίως
3329 2834 3416 2889 καὶ
3476 2831 3756 2910 ἀραρότως

355 2928 526 3009 ttoni,
560 2946 673 2990 nec
702 2929 992 3009 seipsum,
1051 2917 1524 3010 nec—quidquam
1585 2928 1746 2990 aliud
1778 2928 2004 2990 intelli-

2092 2925 2267 2980 πᾶσάν
2343 2930 2541 3002 γνῶσιν
2596 2921 2647 2987 ἕξ
2669 2925 2782 2978 οθεν
2841 2925 2913 2988 ὡς
2987 2921 3323 3002 συγχέουσαν
3380 2920 3584 2998 μᾶλλον
3669 2917 3758 2978 καὶ

353 3021 549 3099 gendo
576 3019 884 3098 (bocenim
913 3036 1145 3079 merum
1170 3009 1354 3079 otium
1374 3018 1810 3100 stupiditasque
1839 3036 2006 3080 men-

2093 3012 2429 3090 βλάπτσιυσαν
2485 3013 2521 3080 ἢ
2593 3009 3061 3086 συμϐαλλομένην,
3123 3011 3244 3068 τότε
3303 3017 3372 3086 τῇ
3441 3011 3628 3087 ἀγνοίᾳ
3687 3012 3750 3066 τὸ

355 3098 430 3172 tis
451 3109 691 3183 estl,sed
717 3108 1045 3169 secundum
1083 3109 1377 3189 potiorem
1427 3098 1640 3170 mentis
1675 3098 2006 3190 portionem

2095 3108 2197 3157 πᾶν
2256 3101 2416 3179 ἔγνω,
2481 3099 2572 3157 ”Η
2648 3103 2748 3178 γὰρ
2806 3104 2926 3181 οὒχὶ
2986 3101 3079 3158 καί
3138 3101 3356 3156 ἐνταῦθα
3413 3098 3644 3176 ἀμυδρόν
3704 3121 3755 3155 τι

353 3200 450 3262 isti
480 3199 679 3277 ignoto
712 3197 950 3277 penitus
982 3197 1406 3258 unitusomnis
1435 3199 1791 3278 cognitionis
1817 3217 2006 3260 cessa-

2093 3191 2331 3248 τοιοῦτον
2389 3191 2614 3270 γίνεται,
2672 3190 2759 3247 ὅτε
2816 3191 3036 3266 θέλομεν
3100 3193 3199 3265 μὲν
3259 3191 3611 3266 ἐνθυμηθῆναί
3675 3211 3753 3262 τι,

353 3289 574 3352 tionem
601 3288 1171 3366 obtinendosponte
1216 3288 1451 3349 scilicet
1470 3290 2006 3368 convenienterque

2098 3282 2556 3360 περικτυπούμεθα
2608 3279 2664 3336 δὲ
2735 3279 2996 3343 πολλάριις
3053 3283 3195 3359 παρά
3251 3303 3419 3360 τινος,
3464 3283 3538 3344 ὡς
3597 3279 3756 3348 δῆθεν

353 3377 691 3440 deserendo
705 3398 738 3438 ο
751 3395 946 3438 mnem
965 3376 1432 3457 notionem,quaz
1447 3377 1820 3439 extrinsecus
1833 3377 2006 3436 atfusa

2099 3368 2491 3445 συμϐάλΑεσθαι
2551 3373 2623 3427 εἰς
2655 3372 2752 3438 τήν
2797 3371 3079 3445 ἐνθύμησιν
3137 3370 3405 3450 θέλοντος,
3436 3369 3534 3426 καῖ
3589 3372 3757 3444 ἡμεῖς

353 3467 794 3545 quodammodo
857 3466 1167 3528 confundit
1229 3466 1428 3548 potius
1495 3467 1800 3546 magisque
1848 3466 2006 3527 obest

2099 3461 2518 3541 δυσχεραίνομεν
2567 3468 2774 3534 τοῦτον,
2808 3463 2882 3522 ὡς
2938 3459 3040 3528 ἤδη
3073 3459 3307 3540 ὄχλησιν
3361 3461 3753 3533 ἑμποιήσαντι,

354 3577 528 3637 quam
565 3557 769 3637 prosit,
795 3576 927 3618 cum
961 3557 1089 3618 sine
1116 3557 1356 3618 notione
1387 3557 1585 3618 omnia
1619 3557 1802 3618 novit.
1840 3556 2006 3618 Nun-

2095 3552 2346 3618 κάκείνην
2402 3551 2500 3618 νήν
2544 3549 2911 3627 συναγομένην
2972 3548 3204 3627 ἀμυδρὰν
3262 3552 3417 3623 ἡμῶν
3469 3549 3758 3622 ἐνθύμησιν

2098 1762 2290 1834 νοερῶν
2345 1757 2560 1828 οὖσιῶν,
2595 1753 2711 1830 μεθ’
2753 1756 2826 1808 ὧν
2881 1754 2970 1809 καὶ
3021 1751 3297 1830 ἡμετέρων
3341 1758 3533 1833 ψυχῶν
3591 1775 3754 1820 τηνι-

351 3649 490 3729 quid
516 3667 653 3710 vero
677 3650 854 3710 etiam
883 3648 979 3710 hic
1001 3647 1202 3711 simile
1228 3647 1371 3724 quid
1395 3646 1650 3709 obscure
1674 3645 2006 3726 fit,quando

2095 3641 2452 3700 ἀπολέσαντα.
2487 3641 2546 3699 Τί
2598 3641 2698 3719 γάρ
2727 3639 2867 3695 ἐστιν
2900 3637 3030 3694 ἄλλο
3099 3639 3245 3712 τότε,
3283 3641 3326 3693 εἷ
3377 3639 3456 3712 μὴ
3508 3637 3758 3714 βούλεται

350 3728 617 3801 volumus
647 3738 890 3818 quidem
921 3737 1145 3818 aliquid
1171 3745 1366 3798 mente
1387 3737 1795 3809 volutare,sed
1819 3753 2006 3814 saepe-

2095 3737 2124 3791 ὁ
2157 3737 2275 3799 νοῦς
2306 3734 2360 3790 ὲν
2412 3733 2758 3810 ἀνενεργησίᾳ
2787 3737 2894 3788 τῶν
2927 3730 3104 3787 ἄλλων
3161 3733 3448 3807 γενόμενος
3482 3728 3757 3808 σχολάσαι

347 3846 597 3890 numero
626 3830 699 3890 ab
729 3829 926 3909 aliquo
957 3827 1612 3904 interpellamur,quasi
1646 3827 1706 3888 in
1742 3834 2003 3887 mentem

2091 3825 2218 3897 περῖ
2271 3827 2332 3882 τὸ
2364 3823 2712 3904 προκείμενον
2747 3844 2764 3892 ς
2822 3823 2946 3900 Περὶ
2980 3819 3030 3876 δὲ
3077 3828 3168 3877 τοῦ
3200 3823 3395 3898 γνόφου
3427 3820 3755 3895 σημείωσαι,

351 3918 651 3998 quidpiam
673 3906 960 3980 revocare
975 3918 1232 3988 volente,
1260 3927 1440 3980 etnos
1455 3917 1594 3979 hinc
1627 3915 2006 3993 indignamur

2091 3913 2171 3971 ὅτι
2227 3917 2289 3971 τὸ
2322 3913 2603 3986 Ἐϐραϊκὸν
2658 3910 2861 3992 ἀραφέλ
2919 3911 3058 3991 ἔχει,
3095 3909 3224 3986 ὅπερ
3281 3913 3309 3966 ὁ
3368 3908 3464 3985 μὲν
3524 3906 3759 4010 Ἀἴκύλας

351 3997 514 4088 quod,
539 4025 648 4068 nos
674 4006 893 4084 turbet,
931 4016 989 4068 et
1019 4007 1332 4068 obscuram
1363 4007 1556 4086 illam,
1601 4024 1776 4087 quam
1827 4012 2006 4072 menti

2091 4009 2176 4064 καὶ
2237 4003 2524 4062 Θεοδοτίων
2581 4004 2777 4082 γνόιρον
2839 3999 3119 4074 ἐξέδωκαν,
3155 4001 3360 4076 σύναιμα
3405 4012 3522 4063 τοῖς
3565 3997 3758 4056 Ἑῖδο-

351 4086 876 4170 impresseramus,
912 4096 1396 4173 imaginationem
1444 4086 1811 4178 pessumdet.
1857 4095 2006 4168 Quid

2095 4097 2359 4170 μήκονταο
2408 4095 2707 4172 Σύμμαχος
2740 4090 2921 4166 μέντοι
2981 4089 3246 4170 ὁμίχλην
3282 4089 3342 4146 Ὀ
3389 4086 3442 4144 δὲ
3496 4086 3758 4164 Ἐϐραῖος

350 4186 509 4247 enim
546 4204 715 4247 mens
762 4184 922 4247 aliud
952 4193 1094 4248 tunc
1123 4185 1281 4257 velit,
1337 4203 1511 4268 quam
1569 4187 1628 4247 in
1663 4193 2006 4247 caeterarum

2091 4185 2230 4263 λέγει
2309 4188 2370 4242 τὸ
2437 4181 2636 4262 ἀραφέλ
2698 4185 2867 4256 ὄνομα
2937 4181 3079 4236 εἶναι
3159 4179 3530 4256 στερεώματος
3589 4181 3664 4240 εἷς
3725 4180 3755 4235 ὃ

350 4280 684 4338 cessatione
701 4275 1094 4356 rerum,circa
1117 4275 1173 4336 id
1207 4267 1367 4353 quod
1399 4275 1452 4338 ei
1489 4275 1854 4356 propositum
1888 4286 2003 4346 est,

2091 4275 2273 4354 ἔφθασε
2335 4279 2564 4341 Μωΰσῆς
2592 4293 2606 4308 ⁸
2667 4272 2800 4329 ἐπτά
2856 4272 2956 4348 γὰρ
3017 4270 3360 4347 στερεώμστα
3419 4267 3685 4345 λέγουσιν,
3719 4268 3756 4325 ἃ

350 4371 607 4429 vacare?
645 4366 817 4429 Circa
845 4365 1162 4445 caliginem
1198 4384 1378 4447 porro
1423 4374 1588 4447 nota,
1649 4364 2006 4427 Hebraicum

2093 4368 2182 4422 καὶ
2212 4367 2462 4443 οὖρανοὺς
2493 4362 2767 4441 καλοῦσιν,
2799 4363 2874 4417 ῶν
2903 4360 3000 4418 καὶ
3025 4361 3091 4418 τά
3110 4360 3346 4433 ὀνόματι
3376 4358 3491 4416 καθ’
3523 4357 3754 4416 ἕκαστον

347 4454 862 4538 baberearaphel,
898 4457 1056 4538 quod
1087 4446 1298 4537 Aquila
1319 4446 1771 4537 quidem'atque
1802 4454 2002 4517 Theo-

2092 4453 2362 4532 λέγουσιν.
2422 4446 2480 4513 Ὀ
2513 4453 2565 4510 δὲ
2620 4453 2795 4531 ἅγιος,
2828 4451 3023 4530 γνόφον
3068 4451 3169 4518 τὴν
3219 4449 3484 4528 ἀγνωσίαν
3527 4449 3747 4516 ὲνόησε,

349 4545 555 4608 dotion
587 4536 725 4606 557
757 4536 952 4627 γνόφον
982 4565 1088 4608 seu
1120 4536 1448 4624 caliginem
1479 4536 1858 4625 interpretati
1888 4554 2044 4621 sunt,
2079 4563 2212 4605 cum
2265 4544 2648 4626 Septuaginta
2675 4540 3102 4604 convenientes
3135 4559 3148 4600 :
3183 4536 3576 4618 Symmachus
3607 4555 3752 4599 vero

347 4637 613 4719 ὁμίχλην,
643 4637 701 4698 id
731 4646 842 4710 est,
868 4635 1178 4699 nebulam.
1213 4634 1499 4700 Hebraeus
1516 4654 1654 4698 vero
1678 4635 1824 4697 dicit
1843 4633 2095 4712 araphel
2127 4653 2258 4697 esse
2286 4653 2505 4697 nomen
2536 4631 2902 4696 ﬁrmamenti
2933 4631 2994 4692 in
3023 4630 3176 4710 quod
3202 4629 3429 4719 Moyses
3451 4629 3748 4719 pervenit;

348 4717 556 4788 dicunt
598 4717 762 4790 enim
802 4745 936 4789 esse
965 4736 1198 4806 septem
1255 4728 1651 4799 ﬁrmamenta,
1688 4743 1824 4803 quae
1875 4725 2048 4785 etiam
2105 4725 2287 4787 oculos
2345 4734 2577 4796 vocant,
2615 4740 2876 4804 quorum
2924 4719 3105 4782 etiam
3138 4718 3438 4798 sigillatim
3496 4717 3752 4781 nomine

347 4825 688 4880 recensent.
724 4816 833 4880 ilic
876 4825 1118 4878 sanctus
1151 4834 1288 4879 vero
1313 4816 1636 4897 caliginem
1668 4815 1963 4877 intellexit
1993 4813 2424 4896 ignorationem
2457 4834 2562 4878 seu
2592 4813 2852 4879 notiouis
2881 4809 3253 4874 vacuitatem.

429 4983 474 5022 θ’
502 4978 678 5044 Joan.
713 4996 757 5059 ι,
793 4978 893 5042 18.

1675 5057 1930 5122 VARLE
1974 5055 2296 5123 LECTION
2305 5056 2414 5122 ES.

426 5223 490 5275 90
521 5223 689 5289 Max.
725 5225 942 5306 ἀναιρεῖ,
1028 5219 1082 5271 9¹
1123 5221 1290 5284 Max.
1321 5219 1597 5288 intactili.
