4052 6460
268 382 417 467 ξορρ

711 389 809 468 DE
855 385 1188 468 MYSTICA
1234 397 1696 484 THEOLOGIA,
1743 398 1907 466 exp.
1957 398 2032 464 II.
2081 435 2160 446 -
2204 379 2591 466 PARAPHR.
2642 383 3158 467 PACHYMER/E.

3469 383 3626 469 1030

261 541 381 620 παρ’
434 546 590 600 αὺτοῦ
648 541 1032 618 ἒλλάμπεσθαι.
1093 543 1180 600 ’Ἢ
1215 545 1314 621 γὰρ
1373 544 1502 624 0³)χί
1552 544 1638 599 καὶ
1682 542 1876 597 ἐνταῦθς

1984 537 2265 616 Optimam
2292 537 2382 597 sui
2413 545 2637 617 partem
2661 538 2843 613 unita,
2867 545 3082 599 statum
3110 537 3548 618 quodammodo
3574 547 3630 599 et

259 632 341 689 hri
393 632 487 698 τῆς
545 631 806 708 ἡμετέρας
865 632 1095 710 ὁράσεως
1176 631 1416 709 ἀμυδρῶς
1478 654 1593 688 πως
1665 630 1902 686 τελεῖται

257 724 430 795 τοῦτο,
486 722 574 777 ὅτε
631 724 731 780 τινὶ
785 722 1305 800 προκατειλημμένοι
1373 724 1543 795 πὸθῳ,
1631 723 1709 776 καὶ
1771 719 1900 777 ἰδεῖν

257 813 380 868 αὐτὸ
419 811 708 890 ἐφιέμενοι,
777 812 975 891 αἴφνης
1033 811 1342 868 ἐπιστάντος
1402 819 1492 867 τοῦ
1555 813 1895 890 ποθουμένου,

259 900 547 978 ἧῆμετέρα
590 903 677 957 ἐπὶ
720 902 889 972 τούτῳ
947 902 1228 978 συνάγεται
1289 901 1492 979 ὅρασις,
1553 903 1612 956 οὖ
1668 906 1897 977 μερικῶς

254 990 552 1068 ὲνεργοῦσα,
631 989 752 1047 ἀλλ’
813 991 1030 1065 ὁλικῶς,
1102 993 1184 1046 καὶ
1239 992 1376 1046 κατὰ
1441 997 1594 1046 τοῦτο
1651 990 1896 1055 ἀκινῆτί-

251 1087 451 1154 ζουσα;
491 1079 745 1146 πολλάκις
790 1079 843 1137 δὲ
873 1084 960 1138 καὶ
1010 1103 1150 1145 τινες
1209 1086 1274 1157 τῇ
1329 1079 1430 1153 ἰδίᾳ
1461 1081 1603 1160 χειρὶ
1635 1085 1894 1154 καταψῶ-

250 1193 298 1226 σι
330 1173 451 1232 τοὺς
503 1170 824 1252 ὀφθαλμοὺς,
869 1173 931 1226 τὸ
973 1173 1223 1248 ὁρατικὸν
1267 1169 1466 1227 ὡσανεί
1525 1168 1892 1246 διεγείροντες,

253 1249 332 1306 ’Ἦ
365 1249 618 1308 πόθεν⁷αἱ
662 1252 934 1313 ἐκστάσεις
969 1253 1053 1307 καὶ
1109 1250 1413 1330 ἐκπλήξεις,
1465 1251 1508 1306 εἰ
1567 1252 1641 1324 μὴ
1694 1254 1721 1306 ὁ
1776 1257 1890 1312 νοῦς

250 1343 582 1424 συμπάσχυον
641 1354 756 1404 τοῖς
813 1340 997 1406 ἔξωθεν
1049 1343 1118 1406 εἰς
1173 1343 1358 1397 ἑαυτὸν
1415 1341 1606 1404 ὃλικῶς
1683 1341 1894 1417 συστρέ-

248 1453 415 1512 φεται,
479 1433 566 1488 καὶ
611 1433 705 1497 τὰς
766 1432 984 1507 μερικὰς
1030 1436 1248 1496 νοώσεις
1309 1431 1657 1504 ἀποθέμενος,
1697 1429 1891 1492 ὁλικῶς

246 1523 532 1592 ἀκινητίζει
580 1524 710 1596 πρὸς
768 1525 844 1595 τῷ
899 1523 1170 1600 πράγματι
1227 1520 1351 1583 ὅλος
1425 1521 1742 1596 γινόμενοςς
1797 1523 1887 1575 καὶ

246 1609 324 1667 διὰ
373 1618 525 1668 τοῦτο
581 1611 928 1677 ἐξεστηκὼςὸ
989 1609 1260 1687 ἅνθρωπος
1323 1611 1586 1688 φαίνεται,
1657 1620 1753 1666 Δεῖ
1794 1610 1894 1688 γὰρ

246 1699 449 1777 εἰδέναι,
515 1703 594 1757 ὃτι
653 1702 873 1776 μίμημα
922 1708 1012 1757 τοῦ
1084 1702 1276 1764 παντὸς
1341 1704 1368 1755 ὁ
1421 1707 1538 1764 νοΰς
1598 1701 1764 1780 φέρει.
1824 1703 1890 1758 Τὸ

245 1798 362 1868 γοῦν
415 1798 521 1848 πᾶν
553 1793 689 1848 κατὰ
745 1791 811 1846 τὰ
860 1790 996 1866 μέρη
1053 1791 1359 1865 κινούμενόν
1417 1789 1558 1846 ἐστιν
1591 1791 1644 1845 ἐν
1675 1795 1751 1864 τῷ
1804 1801 1889 1849 νῦν

1987 626 2464 689 immobilitatem
2490 628 2792 703 obtinens,
2819 627 2961 687 dum
2996 627 3072 688 ab
3108 628 3235 706 ipso
3271 627 3623 692 illustratur.

1984 714 2271 792 Nunquid
2300 716 2457 778 enim
2485 717 2658 778 etiam
2689 717 2783 778 hic
2813 718 2872 776 in
2897 726 3098 778 nostra
3122 716 3347 778 visione
3382 717 3492 778 hoc
3525 717 3628 778 ob-

1985 823 2128 865 cure
2170 805 2612 886 quodammodo
2642 805 2783 865 ‘560
2816 806 2900 880 iit,
2937 805 3198 886 quando,
3233 805 3428 879 aliquo
3459 806 3624 866 desi-

1985 894 2148 955 derio
2185 897 2598 976 praeoccupati,
2639 905 2695 956 et
2727 897 2783 956 id
2813 896 3011 975 ipsum
3045 895 3249 956 videre
3279 903 3620 972 gestientes,

1982 1002 2048 1044 re
2074 984 2406 1046 desiderata
2435 986 2559 1065 jam
2595 995 2913 1063 praesente,
2965 987 3124 1047 illico
3157 994 3358 1046 nostra
3388 985 3531 1045 visio
3565 985 3625 1046 in

1981 1073 2106 1150 ipsa
2130 1073 2448 1153 colligitur,
2469 1094 2584 1134 non
2611 1075 3055 1153 partialiterscd
3087 1074 3347 1135 totaliter
3371 1074 3623 1154 intenta,

1979 1172 2153 1243 atque
2173 1165 2322 1225 adeo
2346 1163 2626 1224 immota?
2653 1165 2804 1238 Quin
2835 1165 3010 1226 etiam
3040 1182 3456 1244 saepenumero
3485 1183 3628 1226 non-

1979 1254 2123 1314 nulli
2159 1272 2337 1314 manu
2370 1273 2475 1314 sua
2500 1255 2703 1315 oculos
2725 1254 3312 1334 obstruunt,videndi
3342 1255 3456 1314 vim
3481 1273 3624 1334 qua-

1977 1339 2296 1402 dammodo
2323 1343 2668 1403 excitantes.
2698 1342 2868 1405 Unde
2901 1342 3078 1404 etiam
3108 1354 3368 1404 exstases
3399 1352 3456 1403 et
3490 1351 3621 1403 stu-

1978 1449 2175 1510 pores,
2205 1431 2317 1490 nisi
2342 1433 2498 1510 quod
2527 1452 2692 1516 mens
2717 1434 3088 1494 extrinsecus
3109 1432 3420 1513 deﬁciens,
3443 1432 3504 1492 in
3529 1451 3624 1493 se-

1977 1521 2274 1589 metipsam
2306 1530 2413 1577 tota
2439 1524 2813 1587 convertitur,
2841 1532 2893 1579 et
2917 1521 3185 1592 partiales
3207 1522 3620 1578 intellectienes

1978 1609 2282 1682 deserens,
2322 1612 2581 1672 totaliter
2611 1611 2892 1691 quiescit,
2928 1613 2987 1672 in
3021 1629 3146 1672 rem
3191 1619 3444 1672 amatam
3498 1619 3621 1676 tota

1978 1699 2288 1761 translata?
2314 1701 2470 1761 unde
2505 1706 2680 1762 etiam
2719 1704 2896 1762 homo
2924 1702 3157 1761 videtur
3186 1710 3339 1762 totus
3368 1709 3529 1762 extra
3553 1721 3618 1766 se

1977 1789 2225 1868 positus.
2263 1791 2584 1851 Sciendum
2620 1791 2804 1871 enim,
2855 1801 3112 1851 mentem
3148 1791 3408 1853 universi
3443 1792 3621 1872 hujus

243 1880 502 1960 γενέσθαι,
534 1883 701 1960 τυχὸν
761 1888 914 1936 τοῦτο
983 1882 1044 1936 τὸ
1079 1879 1235 1958 μέρος
1295 1881 1348 1935 ἐν
1408 1885 1474 1954 τῇ
1536 1879 1698 1959 δύσει,
1760 1879 1876 1958 ὅπερ

1975 1879 2410 1936 similitudinem
2440 1896 2553 1948 pra
2575 1897 2634 1936 se
2664 1881 2830 1937 ferre.
2860 1881 3153 1952 Siquidem
3180 1883 3508 1937 universum
3534 1897 3619 1938 se-

241 1971 338 2048 πρὸ
388 1977 484 2027 τοῦ
533 1972 669 2026 κατὰ
720 1971 819 2037 τὴν
877 1969 1142 2036 ἀνατολὴν
1176 1969 1266 2041 ἦν,
1300 1971 1387 2025 καὶ
1419 1969 1548 2025 ἄλλο
1595 1970 1876 2049 ἆ).λαχοῦ⁴

1976 1961 2234 2020 cundum
2264 1970 2457 2040 partes
2483 1971 2749 2023 movetur
2777 1963 2832 2021 in
2861 1980 2930 2022 eo
2956 1961 3113 2042 quod
3149 1980 3307 2022 nunc
3339 1962 3425 2040 fit,
3451 1960 3530 2022 ita
3556 1970 3623 2024 ut

239 2060 330 2118 καί
371 2061 540 2126 οὕτως
600 2061 682 2116 ἐπὶ
737 2067 865 2116 πᾶσι
896 2073 1011 2122 τοῖς
1046 2058 1251 2140 μέρεσι,
1290 2059 1403 2116 καθ’
1444 2059 1503 2126 ἦν
1547 2058 1612 2126 δὴ
1674 2060 1764 2116 καί
1802 2083 1876 2116 κι.

1975 2067 2028 2123 v,
2053 2070 2108 2128 g.
2139 2069 2272 2129 pars
2294 2049 2396 2112 illa
2422 2051 2494 2110 sit
2518 2051 2577 2110 in
2605 2048 2957 2121 Occidente,
2985 2069 3114 2130 qum
3133 2061 3306 2111 antea
3330 2051 3388 2109 in
3413 2048 3619 2112 Orien«

241 2154 434 2206 νεῖσθαι
467 2153 496 2206 ὁ
547 2151 762 2220 οὒρανὸς
818 2149 1055 2227 λέγεται,
1110 2150 1245 2205 κατὰ
1304 2150 1355 2204 δὲ
1412 2152 1471 2204 τὸ
1526 2149 1652 2205 ὅλον
1696 2150 1876 2216 ἀκίνη-

1975 2149 2053 2214 te,
2089 2150 2146 2200 et
2177 2140 2291 2200 alia
2321 2139 2497 2219 alibi;
2545 2148 2602 2201 et
2641 2139 2728 2200 sic
2769 2141 2844 2202 de
2871 2139 3153 2200 omnibus
3187 2139 3478 2219 partibus,
3517 2159 3618 2201 se-

239 2261 324 2302 τος
360 2241 509 2314 μένει
569 2240 624 2295 ἐν
655 2240 844 2312 ἐαυτῳ,
909 2242 981 2302 ὡς
1040 2239 1092 2294 ἐν
1147 2237 1258 2312 ἰδίῳ
1324 2239 1472 2311 τόπῳ
1503 2239 1876 2318 στρεφόμενος.

1973 2231 2230 2289 cundum
2254 2249 2400 2308 quas
2417 2231 2616 2310 utique
2643 2231 2863 2290 moveri
2884 2248 3116 2310 quoque
3137 2230 3348 2290 caelum
3371 2229 3612 2304 dicitur,

244 2330 334 2384 Διὰ
388 2338 548 2386 τοῦτο
595 2328 693 2384 καὶ
743 2331 832 2384 τὸν
886 2336 1000 2385 νοῦν
1032 2327 1308 2405 ἐλέγομεν,
1344 2330 1435 2392 τὰς
1483 2327 1702 2406 μερικέὶς
1746 2331 1876 2398 νοή-

1964 2318 2240 2398 quoniam
2277 2319 2602 2380 secundum
2643 2338 2708 2380 se
2740 2327 2922 2379 totum
2959 2317 3266 2379 immobile
3302 2327 3498 2380 manet
3530 2317 3617 2380 in-

239 2439 341 2482 σεις
391 2419 796 2492 ἀποτιθέμενον,
853 2416 1052 2480 ὁλικῶς
1109 2417 1451 2487 ἀκινητίζειν,
1517 2419 1571 2473 Εἰ
1616 2425 1738 2493 γοῦν
1797 2418 1876 2473 ἐπὶ

1966 2407 2483 2486 seipso,tanquam
2500 2409 2556 2468 in
2577 2408 2820 2488 proprio
2850 2413 2971 2469 loco
2995 2407 3614 2470 conversum.ldcirco

236 2522 343 2574 τοῖς
377 2508 503 2587 παρ’
563 2511 702 2581 ἡμῖν
746 2506 934 2586 οὕτως,
993 2510 1044 2564 τί
1101 2506 1159 2562 ἅν
1215 2529 1293 2570 τις
1359 2507 1487 2586 φαίη
1533 2505 1616 2562 ἐπ’
1678 2507 1876 2573 ἐκείνης

1967 2497 2144 2558 etiam
2170 2497 2514 2558 dicebamus
2540 2507 2829 2573 mentem,
2864 2497 3213 2574 partialibus
3247 2496 3614 2560 intellectio-

232 2603 323 2665 τῆς
375 2599 520 2661 Θείας
579 2596 871 2668 καλλονῆς,
929 2598 1020 2652 καὶ
1068 2597 1196 2675 ὑπὲρ
1247 2595 1274 2651 ὅ
1335 2597 1481 2652 εἴποι
1541 2619 1620 2661 τις
1679 2595 1740 2652 ἄν
1798 2599 1876 2653 καῖ

1971 2589 2142 2648 nibus
2159 2586 2461 2667 sepositis,
2485 2589 2744 2649 totaliier
2766 2589 3101 2669 quiescere.
3125 2590 3267 2650 Cum
3289 2589 3397 2649 hoc
3414 2591 3615 2664 itaque

233 2689 407 2757 νοήσω
445 2733 464 2763 ,
493 2686 784 2765 Ἀνάγνωθι
833 2689 906 2750 εἰς
970 2687 1124 2742 τοῦτο
1175 2688 1259 2742 καὶ
1305 2687 1402 2752 τὴν
1448 2688 1577 2764 πρὸς
1615 2688 1881 2763 Δωρόθεον

232 2774 510 2844 ἐπιστολήν
567 2782 662 2833 τοὺ
715 2775 966 2854 ἂγίου,ὡς
1018 2775 1078 2831 ἄν
1142 2781 1320 2840 ποσῶς
1373 2777 1719 2855 σαφηνισθείη
1771 2799 1877 2837 σοι,

229 2866 303 2932 τίς
333 2869 417 2923 καὶ
474 2869 635 2922 ὁποία
685 2864 826 2922 ἐστιν
860 2867 894 2933 ἡ
953 2865 1006 2920 ἐν
1036 2865 1268 2942 ἀγνωσία
1293 2865 1511 2943 γνῶσις.
1567 2866 1732 2922 Τοῦτο
1782 2867 1880 2944 γὰρ

228 2955 332 3014 iam
360 2959 421 3013 τὸ
451 2957 623 3018 ὃντως
652 2954 808 3034 ίδεϊν,
842 2957 903 3012 τὸ
964 2956 1041 3030 μὴ
1070 2955 1205 3012 ἰδεῖν
1247 2971 1260 2984 ’
1299 2956 1385 3010 καὶ
1440 2957 1501 3012 τὸ
1533 2963 1756 3033 γνῶναι,
1818 2959 1878 3012 τὸ

230 3046 303 3122 μὴ
331 3068 554 3125 γυωναι,
591 3046 687 3101 καί
745 3045 882 3102 οὕτω
937 3048 1028 3101 τὸν
1089 3046 1392 3121 ὅπερούσιον
1422 3043 1780 3125 καταλλήλως
1810 3052 1878 3121 τῇ

227 3129 374 3186 αὒτοῦ
440 3124 848 3205 ὑπερουσιότητι
894 3126 1152 3200 ὑμνῆσαι,
1237 3125 1356 3190 Πῶς
1409 3134 1448 3204 ;j
1491 3124 1550 3182 ἐκ
1606 3139 1707 3198 τὶέτ
1772 3129 1876 3182 τῶν

225 3215 462 3273 ἁπάντων
567 3214 890 3296 ἀφαιρέσεως
917 3260 932 3276 .
1023 3216 1110 3283 Μὴ
1167 3217 1268 3294 γὰρ
1356 3214 1574 3297 ἔχοντες
1655 3219 1877 3282 θετικῶς

1967 2676 2026 2736 in
2053 2677 2234 2736 rebus
2259 2677 2476 2738 nostris
2499 2677 2588 2738 sic
2619 2696 2686 2738 se
2713 2679 2948 2751 habeat,
2974 2677 3114 2759 quid
3141 2679 3354 2739 dixerit
3383 2678 3516 2758 quis
3540 2678 3614 2740 de

1966 2766 2166 2826 divina
2191 2768 2300 2827 ista
2324 2767 2976 2848 pulchritudine,quam
3007 2787 3114 2829 nec
3134 2769 3296 2829 effari
3322 2787 3432 2830 nec
3451 2788 3615 2830 men-

1967 2864 2022 2918 te
2054 2856 2374 2936 concipere
2405 2859 2718 2937 quisquam
2750 2860 2988 2938 potest?
3038 2861 3190 2935 Lege
3222 2859 3401 2922 etiam
3432 2877 3616 2940 super

1963 2945 2073 3007 hac
2117 2964 2182 3008 re
2230 2945 2540 3027 epistolam
2577 2948 2752 3027 hujus
2783 2946 2974 3010 sancti
3017 2949 3090 3010 ad
3126 2946 3516 3024 Dorotheum,
3552 2959 3616 3010 ut

1961 3035 2162 3116 aliquo
2199 3035 2371 3097 modo
2402 3037 2508 3097 tibi
2540 3037 2901 3108 declaretur,
2937 3056 3066 3118 qua;
3098 3047 3156 3100 et
3200 3037 3394 3119 qualis
3415 3038 3612 3118 cogni-

1962 3127 2049 3188 tio
2079 3126 2155 3188 sit
2183 3125 2294 3187 ista
2323 3127 2630 3202 ignoratio.
2668 3127 2820 3189 lllud
2851 3128 3010 3190 enim
3059 3147 3180 3188 non
3212 3126 3439 3208 videre,
3474 3146 3613 3190 vere

1963 3225 2050 3277 est
2081 3216 2305 3293 videre;
2332 3227 2388 3277 et
2417 3216 2574 3280 istud
2598 3218 2897 3298 ignorare,
2930 3235 3070 3279 vere
3097 3225 3186 3278 est
3211 3236 3408 3292 nosse,
3433 3227 3612 3298 atque

225 3307 340 3362 κατ’
371 3305 524 3372 ἀξίαν
575 3308 769 3380 εἰπεῖν,
805 3305 890 3362 διὰ
920 3316 982 3362 τὸ
1031 3304 1198 3380 μηδέν
1255 3312 1361 3361 τῶν
1421 3305 1670 3361 ἁπάντων
1701 3329 1871 3385 προσ-

1963 3307 2037 3367 ita
2057 3294 2690 3387 suprasubstantialein
2719 3294 2981 3386 congrue
3005 3325 3109 3386 pro
3143 3325 3250 3368 sua
3281 3294 3611 3388 suprasub-

225 3393 342 3474 φῦὲς
423 3399 571 3469 αὗτῷ
654 3394 855 3452 ἕννοεϊθ
915 3397 1180 3469 ὒμνοῦμεν
1241 3394 1292 3460 ἐξ
1383 3393 1707 3474 ἀφαιρέσεως
1766 3396 1870 3452 τῶν

225 3483 464 3541 ἁπάντων
505 3533 521 3561 ,
556 3486 641 3541 καὶ
689 3486 946 3560 ποιοῦμεν
1005 3484 1135 3562 ὅπερ
1166 3494 1376 3543 ποιοῦσι
1407 3486 1494 3541 καὶ
1540 3487 1585 3542 οὶ
1617 3486 1872 3566 αὐτοφυὲς

222 3572 430 3653 ἄγαλμα
494 3573 898 3653 διαγλύφοντες·
960 3574 1162 3633 ἐκεῖνοι
1240 3575 1360 3654 γὰρ,
1423 3573 1749 3649 ἐξαιροῦντες
1807 3577 1871 3632 τὰ

221 3666 450 3742 περιττὰ,
524 3665 646 3721 αὒτό
704 3665 786 3744 ἐφ’
853 3665 1041 3724 ἑαυτοῦ
1097 3666 1155 3720 τὸ
1203 3665 1675 3742 ἀποκεκρυμμένον
1733 3666 1867 3722 ἀνα·-

220 3756 444 3834 φαίνουσι
500 3753 718 3818 κᾶλλος³
754 3754 1018 3834 Αὗτοφυές
1085 3755 1183 3832 γὰρ
1241 3753 1456 3831 ἄγαλμά
1500 3778 1686 3834 φησιν,
1721 3757 1748 3811 ὃ
1781 3757 1867 3835 γί..

219 3865 355 3900 νεται
415 3846 468 3901 ἐν
531 3843 632 3912 ἶ)λῆ
685 3842 929 3919 ἀτμῆτῳ,
967 3845 1084 3901 οἷον
1117 3843 1169 3900 έν
1216 3844 1379 3919 πέτρᾳ
1411 3842 1712 3922 ὁλοκλήρῷ,
1751 3847 1804 3901 ἑν
1835 3846 1870 3912 ἦ

218 3955 293 3998 τις
339 3933 564 4011 γλύψειέ
620 3957 669 3990 τι
710 3933 920 4009 ζώδιον,
983 3936 1057 3996 ὡς
1111 3933 1270 4001 δηλοῖ
1329 3936 1415 3989 καὶ
1476 3934 1756 4012 Εὗριπίδῃς
1815 3939 1869 3990 ὲν

218 4021 543 4104 Ἀνδρομέδᾳ
599 4023 683 4104 9⁸,
752 4025 837 4090 Ἐξ
895 4025 1227 4104 αὒτομόρφου
1306 4023 1508 4080 λα’ίνων
1570 4027 1866 4104 τειχισμάο-

217 4137 314 4171 των
379 4120 550 4195 σοφῆς
634 4114 851 4192 ἄγαλμα
932 4121 1136 4195 χείρος,
1236 4113 1432 4191 λέγων.
1523 4116 1867 4196 Αὒτόμορερον

216 4204 309 4282 γὰρ
368 4203 587 4284 ἄγαλμα
644 4207 705 4261 τὸ
767 4211 866 4272 τῆς
935 4205 1128 4282 πέτρας
1174 4203 1428 4283 αὖτοφυὲς
1474 4208 1650 4264 εἶπεν.
1701 4205 1867 4262 Ἀλλὰ

1956 3397 2335 3458 stantialitate
2355 3398 2716 3460 collaudare.
2745 3395 3055 3467 Quomodo
3081 3395 3222 3459 hoc?
3241 3415 3308 3458 ex
3335 3397 3608 3459 omnium

1955 3485 2276 3550 ablatione.
2309 3490 2454 3550 Cum
2479 3489 2635 3549 enim
2669 3505 2789 3548 non
2823 3487 3123 3567 possimus
3147 3486 3454 3567 quidpiam
3492 3507 3606 3566 po-

1956 3577 2126 3637 sitive
2156 3596 2262 3658 pro
2289 3579 2420 3658 ejus
2443 3578 2731 3657 dignitate
2757 3577 2982 3653 dicere,
3009 3596 3081 3639 eo
3109 3577 3269 3658 quod
3303 3595 3372 3638 ex
3401 3578 3603 3639 omni-

1957 3666 2066 3727 bus
2097 3667 2282 3729 rebus
2315 3669 2464 3730 nihil
2497 3669 2651 3748 quorl
2687 3666 2802 3747 ipsi
2834 3665 3012 3727 afﬁne
3047 3669 3121 3726 sit
3150 3668 3487 3742 excogitare
3512 3685 3602 3729 va-

1956 3755 2208 3832 leamus,
2237 3758 2617 3820 celebramus
2641 3758 2835 3837 ipsum
2871 3775 2938 3817 ex
2974 3754 3238 3817 omnium
3273 3755 3602 3838 ablatione,

1955 3846 2234 3926 idemque
2261 3847 2508 3910 facimus
2530 3850 2687 3926 quod
2716 3846 3070 3926 sculptores,
3098 3847 3203 3923 qui
3225 3847 3477 3908 nativam
3497 3847 3606 3908 ali-

1954 3956 2132 4012 quam
2166 3945 2414 3999 statuam
2443 3938 2745 4018 dedolant,
2772 3937 2872 4018 qui
2907 3938 3206 4016 superflua
3241 3937 3592 4012 auferendo,

1951 4026 2235 4089 latentem
2269 4029 2326 4088 in
2359 4028 2488 4108 ipsa
2520 4029 2768 4089 formam
2807 4030 3206 4088 manil’estant.
3259 4026 3594 4089 Genuinam

1949 4116 2108 4176 enim
2143 4127 2395 4178 statuam
2436 4128 2629 4198 vocat,
2664 4136 2794 4199 quae
2828 4120 2886 4176 ﬁt
2916 4116 2974 4176 in
3018 4117 3268 4178 materia
3305 4136 3420 4178 non
3455 4117 3596 4178 des-

1948 4215 2129 4277 secta,
2160 4217 2222 4268 ut
2248 4208 2308 4268 in
2334 4208 2533 4290 lapide
2557 4209 2754 4270 adhuc
2777 4210 3031 4286 integro,
3059 4209 3120 4268 in
3149 4227 3265 4288 quo
3290 4209 3424 4288 quis
3446 4209 3602 4268 seu].

217 4295 297 4349 καὶ
352 4295 479 4350 ὅταν
533 4295 689 4373 μέρος
748 4315 823 4360 τις
869 4293 1076 4373 δένδρου
1135 4297 1338 4374 γλύψας
1372 4294 1600 4356 ἑστῶτος
1633 4296 1721 4352 καὶ
1765 4297 1863 4352 ἁν-

1963 4307 2045 4376 ρειι
2071 4297 2307 4378 aliquod
2341 4299 2860 4374 auimalculum,ut
2891 4298 3150 4360 declarat
3195 4297 3505 4376 Euripides
3537 4298 3598 4358 in

213 4383 419 4447 θοῦντος
482 4386 684 4460 ποιήσῃ
731 4407 804 4464 τι,
864 4384 936 4450 ὥς
969 4408 1131 4466 φησιν
1190 4376 1444 4462 ’Ὄμηρος
1493 4387 1582 4440 τὸν
1611 4383 1864 4443 Ὀδυσσέα

1963 4376 2329 4449 Andromeda
2345 4389 2427 4463 97,
2454 4389 2695 4451 dicens:
2724 4391 2822 4451 E1:
2849 4388 3109 4468 lapideis
3130 4389 3386 4466 propria
3411 4397 3592 4449 nutu-

215 4478 454 4548 ποιῆσαι,
490 4475 579 4531 ὃτε
622 4474 676 4530 ἐν
721 4473 912 4554 δένδρῳ
967 4475 1265 4542 κατέστησε
1322 4477 1410 4530 καί
1453 4473 1652 4553 ἕγλυῴε
1677 4474 1863 4542 κλίνην

1963 4478 2075 4540 rati
2093 4477 2301 4556 for-ma
2325 4481 2738 4541 constantibus
2761 4480 2976 4558 muris,
2994 4478 3189 4539 docta:
3203 4477 3594 4541 simulacrum

215 4563 462 4643 α-Βτοφυῆ.
532 4563 735 4622 ’Ἄλλοι
783 4563 837 4620 δὲ
871 4588 964 4630 τας
1022 4566 1200 4638 τιμίας
1231 4563 1402 4628 λίθους
1460 4565 1747 4643 ἀγάλματα
1777 4566 1860 4622 )έ-

1963 4586 2188 4642 matula,
2227 4588 2358 4630 nam
2388 4573 2716 4649 αὖτομορνρον
2742 4568 2959 4647 ἄγαλμα
2993 4586 3100 4630 seu
3133 4585 3241 4648 per
3271 4587 3333 4628 se
3373 4569 3595 4629 forma-

215 4673 412 4733 γουσιν,
495 4653 620 4710 ὅταν
677 4652 880 4723 δηλαδὴ
953 4654 982 4721 ἦ
1043 4652 1368 4734 σμάραγδος,
1433 4657 1864 4734 ἆποκαθαρθεῖσα

1963 4666 2066 4718 tam
2092 4668 2365 4732 statuam,
2391 4669 2555 4720 vocat
2581 4659 2830 4720 formam
2861 4668 3043 4736 petrae
3066 4657 3417 4720 naturalem.
3446 4657 3596 4730 Quin

212 4751 300 4800 τοῦ
361 4744 709 4824 περιέχοντος
768 4745 930 4812 αὐτὴν
991 4742 1219 4822 γεώδους
1251 4747 1337 4800 καὶ
1400 4744 1667 4824 περιττοῦ,
1728 4745 1862 4800 ἀνα-

1963 4748 2126 4808 etiam
2159 4748 2396 4828 quando
2428 4749 2562 4825 quis
2593 4757 2818 4827 partem
2857 4746 3088 4808 arboris
3120 4748 3506 4808 consistentis
3539 4759 3596 4808 et

215 4832 346 4910 φανῄ
391 4832 630 4910 ἄγαλμα,
679 4834 948 4893 τουτέστιν
1019 4833 1321 4912 ἆγλαϊσμα.
1385 4834 1739 4892 Μάλισταοδὲ
1801 4836 1860 4891 τὸ

213 4929 445 4978 τοιοῦτον
501 4921 722 5002 ἁρμόσει
787 4946 855 4998 τῳ
914 4923 1250 5000 προκειμένῷ
1284 4924 1320 4993 ἢ
1351 4927 1411 4981 τὸ
1443 4926 1718 5004 πρότερον,
1753 4923 1858 4980 Θέ-

216 5030 320 5072 σεις
378 5012 560 5086 μέντοι
618 5015 747 5069 εἰσιν
802 5014 902 5070 ὃσα
964 5014 1168 5075 οἰκείως
1217 5016 1304 5070 inti
1335 5021 1468 5072 Θεοῦ
1510 5014 1721 5093 λέγεται
1753 5013 1785 5070 ὅ
1809 5035 1859 5070 τι

213 5097 368 5174 ἐστὶν,
425 5114 542 5158 οῖον
590 5104 652 5159 τὸ
702 5102 800 5184 ὢν,
861 5103 920 5160 τό
975 5108 1102 5176 ζῶν,
1161 5104 1222 5158 τὸ
1267 5105 1399 5182 φῶς,
1453 5106 1542 5160 καὶ
1584 5105 1649 5160 τὰ
1697 5103 1855 5163 ἄλλα.

214 5185 533 5270 ’Λγαιρέσεις
566 5189 646 5268 δὲ,
696 5193 796 5249 ὃσα
838 5196 910 5258 ὡς
971 5191 1224 5271 ἀλλότρια
1261 5200 1392 5249 Θεοῦ
1434 5193 1854 5274 ἀποφάσκονται,

215 5279 326 5336 οἷον
379 5281 463 5337 ὃτι
492 5285 550 5340 οὒ
585 5289 741 5357 σῶμα
772 5285 800 5339 ὁ
843 5283 996 5356 Θεὸς,
1030 5286 1090 5341 οὗ
1121 5282 1294 5358 ψυψή,
1351 5280 1467 5340 οὗδέ
1497 5305 1544 5339 τι
1576 5284 1682 5339 τῖον
1711 5307 1856 5362 γνω-

215 5369 344 5425 στῶν
401 5370 438 5436 ἣ
506 5373 686 5440 νοήσει
749 5372 1178 5431 ὑποπιπτόντων.
1219 5373 1343 5450 Περὶ
1390 5373 1512 5450 γοῦν
1558 5379 1661 5430 τῶν
1691 5373 1858 5432 τοιού-

213 5477 312 5515 των
361 5459 554 5518 Θέσεων
609 5462 697 5518 καὶ
742 5461 1065 5542 ἀφαιρέσεων
1124 5464 1152 5519 ὁ
1209 5460 1389 5542 Πέτὴρ
1449 5461 1644 5542 λέγων,
1716 5465 1856 5540 εὗρί-

1946 4838 2215 4900 ﬂorentis
2263 4839 2669 4918 insculpserit,
2718 4837 2871 4898 sicut
2920 4837 3060 4898 dicit
3108 4836 3404 4899 Homerus
3451 4837 3586 4896 561

1944 4924 2208 5006 Ulyssem
2259 4928 2493 5007 fecisse,
2550 4927 2788 5008 quando
2837 4926 2896 4986 in
2945 4924 3162 4986 arbore
3194 4926 3499 4987 constituit
3531 4941 3592 4988 et

1943 5017 2191 5095 sculpsit
2220 5016 2442 5078 lectum
2470 5018 2824 5079 naturalem.
2859 5015 2972 5077 Alii
3004 5033 3144 5076 vero
3179 5016 3474 5094 pretiosos
3497 5017 3582 5078 la-

1944 5106 2114 5186 pides
2151 5115 2357 5166 vocant
2386 5107 2725 5181 simulacra,
2760 5105 2996 5187 quando
3043 5104 3318 5166 videlicet
3351 5123 3586 5167 smara-

1942 5195 2092 5274 gdus
2112 5193 2186 5256 ab
2216 5195 2378 5256 omni
2405 5197 2650 5256 materia
2681 5195 2953 5258 terrestri
2988 5194 3450 5272 circnrnjacente
3477 5213 3587 5256 ex-

1945 5291 2244 5361 purgatus,
2293 5284 2535 5345 exhibet
2591 5284 2834 5364 ἄγαλμα,
2889 5283 2947 5344 id
3009 5291 3099 5344 est
3149 5283 3424 5362 ἀγλάϊσμα
3482 5303 3589 5346 seu

1941 5373 2325 5453 splendidum
2354 5387 2799 5434 ornamentum.
2826 5371 3016 5452 Magis
3040 5380 3237 5434 autem
3265 5371 3323 5432 id
3347 5373 3416 5433 ad
3443 5390 3584 5450 pro-

1943 5460 2196 5542 positum
2222 5470 2472 5543 spectat,
2499 5480 2676 5540 quam
2711 5467 2900 5544 prius;
2929 5460 3226 5544 siquidem
3260 5461 3587 5542 positiones

1544 5620 1807 5686 VARUE
1850 5620 2284 5688 LECTIONES.

292 5732 656 5823 Ἀνδρὸμάχῃ.
741 5743 805 5796 97
835 5741 1271 5806 Andromache.
