4054 6430
445 314 601 380 1039

1626 310 1693 374 S.
1736 309 2076 375 DIONYSII
2119 305 2652 374 AREOPAGITE.

3687 314 3848 395 1040

443 470 672 515 cemur.
695 450 985 525 Dicimus,
1025 467 1134 509 nos
1164 448 1226 509 in
1246 446 1643 529 positionibus
1672 447 1912 528 quidem
1947 460 2081 507 usos

2169 442 2262 501 λον
2313 444 2471 524 σοφία
2525 445 2559 513 ἢ
2605 452 2834 521 πνεῦμα.
2891 449 3054 506 Τοῦτο
3115 459 3240 527 γοῦν
3281 449 3392 507 ἐστι
3437 454 3500 509 τὸ
3577 452 3840 533 ἄρχεσθαι

446 559 578 602 esse
608 538 1069 617 enuntiativa,id
1105 544 1194 598 est
1227 536 1537 599 deﬁnitiva
1568 544 1625 596 et
1650 536 1815 616 quasi
1840 537 2097 597 demon-

442 628 685 692 strativa
727 626 1145 698 afﬁrmatione,
1193 634 1255 685 ut
1285 625 1471 686 Deum
1517 644 1672 704 esse,
1710 626 1880 685 vitam
1936 642 2093 698 esse,

444 717 774 781 bonitatem
806 735 961 790 esse,
989 716 1080 777 vel
1106 714 1432 787 aerem,vel
1456 714 1838 794 lapidem,vel
1869 714 2093 791 ignem,

448 807 538 869 vel
567 806 867 888 spiritum,
890 805 981 867 vel
1015 802 1253 865 similia.
1286 803 1491 864 Priora
1524 803 1726 883 utique
1750 803 1872 864 Deo
1906 802 2093 881 magis

446 898 687 978 propria
703 904 860 976 sunt,
889 894 1197 973 magisque
1221 891 1549 973 naturalia;
1576 892 1871 972 siquidem
1909 892 2094 970 magis

443 987 562 1048 vita
590 995 678 1048 est
724 1001 897 1064 quam
931 1001 1057 1057 aer,
1094 990 1153 1041 et
1186 980 1371 1059 magis
1414 980 1570 1041 Deus
1599 999 1773 1061 quam
1828 981 2001 1061 lapis,
2034 989 2095 1040 et

448 1076 634 1155 magis
648 1074 880 1136 bonitas
911 1090 1086 1153 quam
1118 1070 1361 1148 ignis.et
1385 1070 1572 1149 magis
1603 1071 1889 1147 sapientia
1914 1088 2092 1151 quam

444 1162 840 1245 spiritus.Hoc
870 1162 1066 1243 itaque
1086 1159 1473 1222 estincboare
1496 1178 1529 1220 a
1550 1159 1755 1238 primis
1771 1159 1829 1219 in
1852 1158 2090 1238 positio-

442 1253 640 1333 nibus,
667 1250 947 1333 quoniam
1008 1248 1195 1328 magis
1225 1248 1637 1327 intelliguntur
1668 1248 1726 1308 in
1755 1251 1875 1310 Deo
1899 1249 2089 1328 prima

440 1361 614 1424 quam
647 1350 967 1424 postrema.
1020 1339 1084 1400 In
1131 1337 1533 1400 ablationibus
1564 1354 1700 1399 vero
1735 1349 1946 1399 contra
1975 1337 2087 1398 hoc

437 1430 776 1494 modozNon
806 1428 1138 1490 inebriatur
1157 1430 1466 1496 Deus,non
1494 1426 1917 1501 irascitur,non
1933 1424 2087 1488 dici-

437 1528 553 1596 tur,
588 1538 707 1581 non
727 1516 1100 1596 intelligitur.
1136 1514 1452 1578 Illud:Non
1480 1514 1939 1587 inebriatur,est
1960 1515 2090 1577 ulti-

441 1608 889 1679 mum,estenim
904 1606 1083 1667 etiam
1098 1605 1428 1665 hominum.
1444 1605 1572 1666 Non
1589 1603 2090 1677 intelligiturvero

440 1698 747 1782 proprium
780 1705 840 1757 et
868 1694 1153 1777 primum.
1177 1693 1326 1755 Illud
1355 1693 1553 1771 itaque
1587 1694 1775 1754 Deum
1811 1710 2091 1755 sermone

439 1806 559 1851 non
589 1784 878 1865 eii‘erri,et
909 1792 1107 1844 mente
1136 1800 1254 1843 non
1284 1782 1742 1862 concipi,magis
1778 1782 2083 1862 proprium
2108 1798 2148 1848 Β
2171 1796 2375 1860 πνεῦμα
2410 1805 2424 1820 ο

441 1886 532 1940 est
560 1876 684 1938 Deo
714 1892 890 1955 quam
944 1891 1063 1933 non
1092 1870 1414 1950 crapulari,
1461 1888 1655 1950 neque
1686 1871 1861 1931 irasci
1898 1892 1911 1930 :
1943 1870 2082 1932 567

438 1965 736 2047 siquidem
768 1964 893 2023 haec
912 1960 1092 2023 etiam
1118 1959 1458 2020 hominibus
1481 1958 1719 2038 propria
1743 1969 2083 2041 sunt,atque

441 2054 668 2116 idcirco
700 2052 927 2113 ultima.
960 2048 1034 2110 Et
1054 2049 1330 2110 similiter
1357 2047 1781 2128 incipimus,ab
1803 2049 2084 2111 extremis

439 2143 777 2216 ablationis,
802 2160 856 2203 v.
888 2159 979 2220 gr.
1007 2140 1191 2219 Magis
1216 2142 1369 2200 Deus
1409 2158 1528 2199 non
1560 2139 1885 2200 inebriatur
1903 2158 2077 2221 quam

440 2255 561 2298 non
585 2232 903 2303 dicatur,et
926 2231 1114 2308 magis
1133 2248 1247 2289 non
1272 2229 1548 2290 irascitur
1567 2247 1740 2308 quam
1763 2248 1879 2290 non
1904 2231 2077 2291 intel-

438 2319 1199 2405 ligatur.Quemadmodum
1233 2317 1410 2396 igitur
1432 2318 1491 2377 in
1525 2317 1918 2397 positionibus
1947 2336 2081 2398 quae

436 2412 676 2496 propria
703 2418 844 2472 sunt
871 2408 1265 2470 admittebant
1308 2406 1582 2485 magis,et
1614 2407 1798 2485 magis
1830 2407 2080 2469 diceba-

441 2522 572 2564 mus
604 2502 790 2563 Deum
837 2516 1011 2579 quam
1070 2515 1271 2557 aerem
1324 2505 1382 2556 et
1413 2496 1596 2574 magis
1643 2496 1862 2557 bonum
1895 2515 2076 2573 quam

2179 535 2280 589 ὑπὸ
2338 540 2444 590 τῶν
2522 535 2854 615 πρωτίστων,
2917 537 3003 592 ἐπὶ
3061 538 3170 595 τῶν
3212 538 3432 614 θέσεων,
3492 542 3574 597 ὃτι
3629 541 3843 616 μᾶλλον

2180 630 2421 681 νοοῦνται
2475 625 2539 681 τὰ
2598 626 2869 701 πρώτιστα
2927 625 3013 681 ἐπὶ
3069 632 3224 702 Θεοῦ,
3271 626 3308 695 ἢ
3337 629 3403 684 τὰ
3451 628 3684 710 ἔσχατα.
3718 629 3842 689 Ἐπὶ

2179 710 2232 767 δὲ
2276 718 2381 768 τῶν
2438 714 2761 793 ἀφαιρέσεων
2784 717 2846 771 τὸ
2905 713 3167 794 ἐναντίον,
3259 715 3445 782 οὕτως’
3542 725 3615 778 Οὔ
3674 721 3842 792 μεθύ-

2180 824 2362 858 σκεται
2392 805 2419 859 6
2479 804 2631 881 Θεὸς,
2695 803 2755 859 06
2805 826 2994 878 μηνιᾳ,
3032 804 3091 859 οὗ
3123 803 3361 882 λέγεται,
3415 806 3474 864 o6
3505 822 3734 872 νοεῖται,
3768 810 3843 866 Τὸ

2177 894 2236 946 οὗ
2269 890 2605 968 μεθᾶσκεται,
2640 890 2873 970 ἔσχατον
2911 911 2922 925 ’
2960 890 3069 947 ἔστι
3127 893 3227 971 γὰρ
3263 895 3351 950 καὶ
3407 895 3721 971 ἀνθρώπων.
3773 900 3844 956 τὸ

2177 980 2238 1035 οὐ
2269 992 2492 1053 νοεῖται,
2532 981 2730 1036 ο’κεῖον
2760 981 2849 1036 καὶ
2899 980 3222 1059 πρώτιστον,
3258 980 3431 1041 ’Ἔστι
3462 985 3637 1041 τοίνυν
3668 987 3731 1043 τὸ
3762 986 3841 1062 μὴ

2175 1067 2323 1146 λὸγῳ
2377 1067 2617 1145 λέγεσθαι
2675 1071 2765 1124 τὸν
2797 1070 2950 1147 Θεὸν,
2985 1072 3073 1126 καὶ
3124 1072 3186 1127 τὸ
3218 1072 3296 1146 μὴ
3332 1074 3598 1146 νοεῖσθαι,
3632 1077 3840 1132 οἰκειό-

2169 1178 2318 1234 τερον
2379 1161 2495 1228 Θεῷ
2551 1156 2755 1230 μᾶλλον
2790 1157 2822 1224 ἢ
2874 1160 2936 1213 τὸ
2977 1161 3055 1232 μὴ
3101 1159 3428 1241 κραιπαλᾷν,
3461 1160 3598 1236 μηδὲ
3622 1164 3838 1242 ὀργίζε-

2172 1249 2286 1302 σθαι
2324 1262 2337 1276 ⁸
2403 1252 2567 1301 ταῦτα
2624 1246 2723 1324 γὰρ
2752 1248 2841 1302 καὶ
2870 1248 3166 1325 ἀνθρώποις
3209 1250 3409 1322 οικεῖα,
3445 1252 3532 1307 καὶ
3563 1249 3648 1308 διὰ
3678 1259 3837 1309 τοῦτο

2172 1336 2400 1415 ἔσχατα,
2454 1337 2548 1393 Καὶ
2599 1333 2747 1409 ὅμως
2803 1337 2862 1390 ὲκ
2924 1343 3033 1393 τῶν
3088 1340 3339 1417 ἐσχάτων
3371 1343 3470 1405 τῆς
3500 1339 3833 1420 ἀφαιρέσεως

2170 1425 2471 1504 ἀρχόμεθα,
2528 1425 2666 1480 οἷον
2728 1423 2942 1479 Μᾶλλον
2973 1426 3031 1481 οὒ
3081 1427 3256 1500 μεθύει
3286 1429 3313 1483 6
3351 1428 3507 1499 Θεὸς,
3538 1428 3575 1495 ἦ
3626 1432 3686 1486 οὗ
3728 1430 3833 1487 λέ-

2170 1536 2319 1591 γεται
2357 1533 2370 1546 ’
2446 1515 2532 1570 καὶ
2579 1512 2783 1588 μᾶλλον
2841 1515 2902 1570 οὖ
2946 1521 3114 1590 μηνιᾷ
3146 1514 3180 1581 ἡ
3213 1516 3273 1571 06
3332 1520 3561 1580 νοεῖται,
3604 1514 3834 1595 ’Ὥσπερ

2171 1614 2294 1684 γοῦν
2347 1607 2431 1662 ἐπὶ
2484 1612 2589 1662 τῶν
2639 1604 2834 1661 θέσεων
2869 1606 2933 1660 τὰ
2964 1608 3137 1662 οἰκεῖα
3179 1608 3240 1663 τὸ
3272 1607 3478 1683 μᾶλλον
3522 1613 3708 1689 εἶχον,
3740 1613 3835 1667 καὶ

2172 1697 2379 1772 μᾶλλον
2434 1698 2562 1755 Θεὸς
2619 1694 2876 1771 ἐλέγομεν
2932 1699 2969 1766 ἡ
3022 1697 3148 1773 ἀὴρ,
3194 1698 3283 1753 καὶ
3328 1695 3536 1772 μᾶλλον
3564 1698 3763 1775 ἀγαθὸς
3796 1701 3834 1768 ἢ

2490 1783 2655 1847 οὕτως
2716 1785 2935 1842 ἐνταῦθα
2992 1787 3056 1841 τὸ
3089 1785 3293 1861 μᾶλλον
3326 1787 3394 1844 τὰ
3427 1787 3633 1866 ἔσχατα
3665 1787 3835 1867 ἔχου-

2166 1899 2273 1955 σιν,
2332 1875 2411 1931 ὅτι
2479 1874 2906 1953 ἂφαιρεματικῶς
2986 1872 3236 1952 λέγομεν,
3306 1880 3424 1933 οἷον
3511 1876 3718 1951 μᾶλλον
3770 1880 3835 1936 οὗ

2167 1963 2400 2044 κριπαλᾷ
2448 1963 2484 2031 ἢ
2534 1964 2592 2019 οὑ
2645 1975 2873 2036 νοεῖται,
2934 1967 3019 2019 καὶ
3074 1965 3139 2019 τὰ
3188 1964 3372 2024 λοιπά.
3428 1966 3711 2040 Κραιπςὺαι
3772 1965 3831 2022 δὲ

2169 2055 2308 2110 ἐστιν
2344 2056 2377 2121 ἦ
2414 2050 2588 2119 πολλῆ
2646 2052 2781 2126 μέθη
2815 2053 2904 2108 καὶ
2962 2051 3312 2131 σφοδροτάτη,
3375 2059 3492 2110 οἷον
3536 2055 3829 2131 καραπᾶλη

2166 2168 2247 2208 τις
2281 2146 2432 2221 οὖσα,
2468 2142 2494 2197 ὁ
2525 2144 2634 2196 ἔστι
2667 2142 2726 2195 τὸ
2757 2142 2892 2218 κάρα
2937 2141 3059 2208 ἢτοι
3100 2142 3198 2209 τὴν
3248 2144 3486 2221 κεφαλὴν
3519 2143 3827 2224 πάλλουσι,

2166 2236 2251 2290 καὶ
2310 2234 2445 2290 πάνυ
2490 2236 2727 2287 κινοῦσα’
2789 2230 2945 2303 μῆνις
2998 2229 3052 2286 δὲ
3110 2230 3213 2309 οῧχ
3266 2234 3301 2300 ἡ
3373 2241 3615 2313 τυχοῦσα
3655 2234 3824 2312 ὀργὴ,

2164 2323 2284 2378 ἀλλ’
2317 2324 2351 2389 ἡ
2399 2320 2677 2395 ἐπίμονος.
2708 2318 2815 2375 Ποῦ
2868 2317 2922 2374 δὲ
2966 2319 3070 2394 ἀὴρ
3113 2318 3340 2400 ἐλέχθη,
3375 2324 3461 2378 καὶ
3494 2329 3596 2379 ποῦ
3623 2322 3766 2387 λίθος
3806 2346 3824 2394 ;

2164 2414 2313 2476 Λίθος
2372 2411 2469 2485 μὲν
2520 2411 2661 2487 παρά
2704 2408 2780 2482 τῷ
2832 2406 3021 2477 Δαῡίδ,
3070 2412 3241 2475 καθὼς
3284 2413 3371 2467 καὶ
3401 2412 3428 2467 ό
3492 2412 3674 2485 Κύριος
3712 2414 3827 2491 περὶ

2165 2504 2355 2559 ἑαυτοῦ
2412 2498 2683 2576 ἐξηγεῖται
2774 2497 2944 2577 ὶέγῳν
3020 2519 3031 2531 ·
3095 2496 3358 2556 Οὐδέποτε
3420 2500 3685 2577 ἀνέγνωτε
3770 2500 3829 2556 ἐν

437 2592 736 2675 spiritum,
770 2574 873 2650 ita-
902 2588 996 2648 hic
1048 2587 1229 2648 etiam
1290 2595 1556 2647 extrema
1615 2585 1801 2675 magis
1832 2586 2076 2661 habent,

2166 2595 2284 2645 ταῖς
2340 2574 2596 2659 Γραφαῗς²
2673 2578 2822 2634 Λίθον
2886 2574 2946 2631 ὅν
3032 2577 3427 2653 ἀπεδοκίμασαν
3483 2574 3538 2636 οἷ’
3611 2579 3829 2637 οἰκοδο-

440 2666 732 2762 οἱιοοίειηι
751 2678 928 2740 etiam
982 2675 1333 2736 abstractive
1363 2674 1639 2754 dicimus,
1674 2674 1835 2735 verbi
1871 2675 2076 2755 gratia,

2166 2678 2408 2743 μοῦντες,
2473 2666 2623 2729 οὗτος
2675 2668 2900 2743 ἐγενήθη
2973 2668 3046 2729 εἰς
3120 2667 3322 2735 κεαλὴν
3378 2670 3577 2746 γωνῖας
3653 2688 3669 2749 ς
3726 2673 3828 2726 καί

441 2754 630 2849 Μιιεὶε
661 2786 780 2829 non
811 2765 1151 2846 crapulatur
1205 2783 1380 2844 quam
1433 2782 1551 2825 non
1607 2754 1995 2843 intelligatur,
2025 2773 2081 2827 et

2166 2761 2323 2818 παλιν
2346 2760 2486 2837 παρὰ
2514 2762 2591 2830 τῷ
2621 2755 2958 2829 Ἀποστόλῳ·
2993 2754 3060 2813 Ἠ
3103 2754 3157 2812 δὲ
3188 2756 3355 2836 πέτρα
3382 2758 3447 2825 ἧν
3478 2761 3505 2814 6
3537 2760 3765 2836 Χριστὸς
3805 2775 3823 2790 ⁸

437 2845 672 2922 caetera.
702 2845 955 2936 Crapula
983 2862 1183 2916 autem
1208 2862 1298 2915 est
1328 2854 1571 2933 copiosa
1594 2861 1654 2913 et
1672 2854 2080 2916 vehementis-

2166 2854 2265 2929 ἀὴρ
2297 2849 2351 2906 δὲ
2381 2850 2518 2906 κατὰ
2554 2850 2614 2902 τὸ
2647 2846 2700 2901 ἐν
2728 2858 2852 2909 ταῖς
2887 2845 3184 2909 Βασιλείαις
3233 2848 3534 2925 εἰρημένον
3573 2848 3677 2905 Καῖ
3717 2846 3830 2904 ἰδού

435 2949 587 3012 sima
645 2929 923 3019 ebrietas,
981 2944 1165 3005 veluti
1223 2929 1529 3021 αραπᾶἱλη,
1593 2944 1651 3002 id
1712 2953 1799 3005 est
1857 2948 1916 3000 τὸ
1948 2947 2081 3024 κάρα

2167 2942 2300 3021 αὖρα
2329 2938 2524 3012 λεπτὴ,
2560 2939 2647 2993 καὶ
2678 2936 2795 2992 ἐκεῖ
2844 2935 3053 3012 Κύριος.

434 3057 540 3101 seu
595 3042 798 3117 caput,
833 3034 1131 3103 πάλλουσα,
1163 3033 1465 3111 quatiens,
1502 3031 1946 3113 plurimumque
2006 3051 2300 3108 movens;
2358 3036 2519 3117 μῆνις
2579 3033 2775 3117 autem
2816 3040 2941 3117 ROB
2992 3028 3106 3117 es},
3138 3040 3508 3117 ᾳιιωριωίιειθ
3567 3025 3680 3117 ἦτα,
3716 3024 3831 3117 εεξά

435 3112 815 3208 permanens.
849 3123 963 3185 Ubi
993 3132 1196 3183 autem
1229 3139 1335 3181 aer
1366 3120 1559 3182 dictus
1588 3131 1698 3193 est,
1734 3131 1792 3182 et
1814 3112 1914 3184 ubi
1939 3122 2121 3203 lapis?
2150 3122 2330 3203 Lapis
2361 3115 2603 3208 quidem
2627 3133 2660 3175 a
2690 3112 2910 3175 Davide
2942 3124 2990 3187 1,
3022 3112 3176 3208 sicut
3206 3112 3388 3175 etiam
3420 3113 3718 3208 Dominus
3749 3114 3830 3177 de

435 3200 634 3295 seipso
678 3212 953 3293 explicat,
988 3212 1198 3272 aiens:
1255 3210 1551 3289 Nunquid
1583 3211 1812 3289 legistis
1841 3215 1907 3273 in
1936 3200 2336 3294 (Scripturis:
2392 3205 2688 3286 Lapidem
2717 3220 2891 3282 quem
2921 3200 3397 3295 reprobqverunt
3445 3204 3828 3283 aedificantes

436 3291 545 3368 hic"
585 3291 780 3383 factus
806 3310 894 3364 est
940 3291 1013 3363 ιη
1041 3306 1222 3379 caput
1251 3300 1471 3377 anguli
1496 3299 1565 3357 1?
1605 3304 1675 3363 Et
1705 3301 1920 3361 iterum
1950 3303 2023 3364 ab
2054 3291 2347 3383 Apostolo
2381 3316 2396 3360 :
2456 3297 2636 3358 Petra
2663 3301 2867 3383 autem
2895 3299 3059 3383 erat_
3089 3291 3370 3355 Christus
3389 3302 3437 3357 '.
3486 3295 3615 3356 Aer
3670 3311 3822 3358 vero

430 3381 599 3475 juxta
629 3393 786 3475 quod
822 3391 1044 3453 dictum
1078 3399 1166 3452 est
1197 3390 1257 3450 in
1289 3388 1462 3451 libris
1496 3389 1722 3469 ltegum
1754 3412 1768 3451 :
1804 3390 1887 3454 Et
1915 3408 2042 3455 ecce
2071 3381 2227 3454 cura
2259 3392 2475 3467 tenuis,
2510 3392 2567 3448 et
2596 3384 2685 3445 ibi
2721 3382 3020 3446 Dominus
3046 3381 3094 3445 δ.

952 3709 1313 3796 CAPUT
1399 3711 1547 3804 IV.

469 3845 648 3926 Quod
664 3844 823 3909 nihil
851 3860 1079 3926 rerum
1101 3843 1483 3926 sensibilium
1503 3847 1582 3907 sit
1611 3849 1686 3921 is,
1723 3853 1832 3926 qui
1858 3850 2054 3911 omnis

438 3923 528 3991 rei
571 3927 810 3990 sensilia
853 3924 1185 3988 secundum
1241 3923 1664 3989 excellentiam
1705 3923 1792 3989 est
1836 3937 2074 3995 auctor.

2510 3704 3154 3793 ΚΕΦΑΛΑΙΟΝ
3306 3690 3391 3791 Δ’
3428 3784 3451 3807 ,

2164 3839 2200 3868 ’¹
2209 3851 2303 3900 Οτι
2369 3840 2519 3902 οὐδὲν
2562 3840 2667 3898 τῶν
2736 3842 2998 3906 αἰσθητῶν
3052 3841 3080 3895 6
3135 3839 3333 3903 παντὸς
3394 3840 3648 3906 αἰσθητοῦ
3711 3844 3815 3898 καθ

2741 3929 3016 4010 ὑπεροχὴν
3046 3925 3245 3993 αἴτιος,

1758 4033 2117 4099 SYNOPSIS
2178 4035 2479 4101 CAPITIS

706 4138 1008 4219 Exempla
1034 4137 1205 4218 ponit
1234 4140 1517 4216 negantis
1549 4139 1885 4221 theologica,
1920 4148 1979 4206 et
2007 4144 2262 4207 ostendit
2290 4144 2581 4226 quomodo
2610 4142 2773 4207 nihil
2799 4141 3021 4207 sensile
3051 4141 3173 4205 Deo
3213 4147 3539 4222 competat.

510 4248 779 4310 Dicimus
800 4262 1208 4326 ergo,causam
1233 4246 1587 4321 omnium,et
1620 4265 1751 4326 qua
1764 4266 1942 4329 supra
1957 4268 2079 4311 om-

2245 4252 2483 4331 Λέγομεν
2565 4258 2674 4327 οὖν,
2737 4254 2810 4317 ὡς
2867 4253 2901 4318 ἦ
2963 4251 3178 4311 πάντων
3222 4251 3384 4322 αἰτία,
3444 4250 3574 4329 ὑπὲρ
3642 4250 3823 4307 πάντα

432 4340 532 4402 nia
562 4345 671 4414 est,
699 4355 811 4398 nec
853 4335 1147 4407 essentize,
1189 4352 1300 4396 nec
1330 4335 1491 4416 vitae,
1528 4355 1637 4398 nec
1660 4338 1927 4413 rationis,
1960 4357 2074 4402 nec

432 4433 961 4508 mentisexpertem
986 4443 1140 4503 esse,
1180 4442 1376 4501 neque
1407 4443 1620 4506 corpus
1643 4427 2071 4508 exsistere,ne-

425 4536 541 4600 que
572 4516 1048 4595 ﬁguram,neque
1074 4513 1415 4592 qualitatem
1444 4520 1952 4595 autquantitatem
1972 4525 2071 4579 aut

429 4606 650 4668 molem
694 4604 1140 4682 habere,neque
1174 4603 1231 4664 in
1269 4604 1395 4664 loco
1442 4624 1593 4677 esse,
1634 4625 1827 4687 neque
1859 4608 2064 4683 videri,

428 4713 626 4773 neque
658 4701 874 4755 tactum
894 4691 1177 4754 sensilem
1198 4692 1441 4768 habere,
1468 4712 1659 4776 neque
1685 4696 2073 4772 sentire,nec

433 4782 544 4847 sub
561 4801 802 4845 sensum
821 4782 1060 4862 cadere,
1099 4800 1208 4843 nec
1229 4783 1738 4846 inordinalionem
1756 4785 1827 4846 ad
1839 4786 2073 4849 mittere

431 4881 534 4937 aut
564 4870 1069 4953 perturbationem
1092 4889 1127 4932 a
1149 4872 1525 4951 passionibus
1549 4874 1953 4937 materialibus
1975 4894 2075 4938 ex-

430 4961 693 5042 citatam,
723 4977 834 5022 nec
856 4959 1225 5023 imbecillem
1246 4979 1377 5022 esse
1407 4971 1465 5025 et
1494 4963 1815 5025 sensilibus
1835 4964 2074 5029 casibus

431 5050 781 5126 obnoxium;
814 5067 1009 5127 neque
1043 5049 1191 5111 lucis
1234 5049 1501 5130 indigum
1534 5054 1846 5131 exsistere,
1880 5072 2074 5136 neque

430 5142 817 5204 mutationem
847 5146 947 5200 aut
977 5139 1451 5224 corruptionem,
1479 5162 1687 5225 neque-
1710 5145 2076 5226 ﬂuxum,ne-

431 5248 548 5314 que
578 5231 903 5312 quidquam
932 5235 1095 5309 sunt,
1126 5229 1218 5291 vel
1248 5246 1403 5313 esse,
1450 5233 1542 5295 vel
1588 5233 1834 5298 habere.

2157 4346 2307 4419 οὖσα,
2367 4344 2484 4399 οὔτε
2529 4343 2770 4407 ἀνοὺσιός
2828 4345 2994 4415 ἔστιν,
3029 4340 3147 4399 οὔτε
3200 4339 3395 4416 ἅζωος,
3444 4340 3561 4398 οὔτε
3588 4339 3818 4421 ἄλογος,

2154 4433 2269 4488 οὔτε
2328 4430 2504 4508 ἄνους,
2544 4433 2660 4489 οὸδὲ
2716 4432 2875 4507 σῶμά
2931 4430 3097 4488 ἐστιν*
3146 4428 3264 4487 οὔτε
3309 4435 3527 4509 σχῆμα,
3565 4427 3686 4486 οὔτε
3720 4431 3819 4487 εἶ-

2151 4522 2262 4604 δος,
2319 4523 2435 4581 οὔτε
2494 4527 2778 4604 ποιότητα,
2813 4524 2849 4592 ἢ
2880 4525 3178 4603 ποσότητα,
3211 4523 3248 4591 ἢ
3278 4522 3440 4602 ὅγχον
3471 4522 3587 4602 ἔχει
3628 4538 3644 4553 ⁸
3694 4521 3819 4581 οὒδὲ

2154 4613 2209 4669 ἐν
2261 4615 2410 4689 τόπῳ
2468 4614 2629 4696 ἐστὶν,
2693 4615 2811 4672 οὔτε
2858 4616 3068 4692 ὁρᾶται,
3116 4611 3232 4670 οὔτε
3292 4612 3500 4693 ἐπαφὴν
3554 4612 3821 4680 αἶσθητῆν

2156 4702 2273 4782 ἔχει
2313 4721 2327 4734 ·
2390 4703 2505 4761 οὐδὲ
2566 4705 2890 4784 αἰσθάνεται,
2970 4702 3087 4762 οὕτε
3146 4702 3374 4770 αἰσθητὴ
3436 4700 3605 4781 ἐστιν,
3699 4701 3820 4759 οὒδὲ

2156 4790 2364 4859 ἀταξίαν
2425 4792 2542 4874 ἔχει
2598 4795 2689 4852 καί
2743 4792 3012 4873 ταραχὴν,
3063 4794 3164 4850 ὑπὸ
3220 4795 3402 4849 παθῶν
3461 4789 3659 4848 δλιχῶν
3722 4793 3818 4848 ἒν-

2155 4881 2464 4963 οχλουμὲνη
2497 4899 2511 4914 ’
2577 4884 2694 4941 οὔτε
2753 4882 3015 4958 ἀδύναμός
3061 4881 3204 4939 ἐστιν
3258 4882 3310 4962 7,
3363 4883 3641 4948 αἰσθητοῖς
3671 4882 3815 4939 ὑπο-

2155 4972 2376 5046 κειμένη
2438 4975 2845 5050 συμπτώμασιν,
2925 4979 3045 5030 οὔτε
3101 4974 3157 5029 ὲν
3212 4970 3381 5045 ἐνδείᾳ
3453 4971 3571 5028 ἐστί
3603 4974 3811 5055 φωτὸς,

2158 5060 2273 5118 οὐδὲ
2313 5061 2618 5140 ἀλλοίωσιν,
2674 5064 2711 5133 ἢ
2741 5063 2957 5145 φθορὰν,
3014 5064 3049 5130 ἡ
3095 5063 3379 5143 μερισμὸν,
3436 5060 3475 5130 ἢ
3522 5059 3809 5140 στέρησιν,

2164 5150 2194 5219 ii
2248 5151 2444 5234 ρεὗσιν,
2478 5152 2595 5213 οὔτε
2624 5151 2757 5213 ἄλλο
2781 5175 2832 5211 τι
2855 5158 2963 5211 τῶν
2993 5152 3283 5233 αἰσθητῶν,
3314 5153 3434 5210 οὕτε
3470 5150 3639 5232 ἐστὶν,
3699 5149 3823 5210 οὔτε

2158 5240 2310 5321 ἔχει,

514 5400 541 5442 1
568 5390 724 5453 Psal.
757 5405 934 5472 cxvii,
967 5389 1068 5455 22.
1152 5400 1174 5431 ι
1213 5390 1357 5454 Luc.
1392 5409 1494 5475 xx,
1526 5397 1625 5457 t7.
1713 5419 1736 5447 ει
1762 5395 1787 5458 Ι
1818 5394 1956 5461 Cor.
1994 5418 2054 5481 x,

2229 5400 2368 5467 l9111
2400 5401 2547 5485 Reg.
2584 5420 2705 5483 nx,
2748 5403 2847 5469 ιε.

1881 5530 2142 5599 VARIE
2168 5532 2613 5605 LECTIONES.

513 5627 540 5674 7
568 5630 701 5694 Alia
729 5630 905 5695 lectio
934 5632 998 5696 in
1028 5633 1104 5701 D.
1138 5639 1398 5714 notatur,
1441 5634 1565 5697 ἀδύν
1583 5638 1708 5704 ατός
1738 5639 1896 5702 ἔστιν,
