4054 6448
277 432 437 499 1053
870 436 969 497 DE
1014 433 1350 497 MYSTICA
1412 433 1876 507 THEOLOGIA,
1922 434 2088 496 CAP.
2148 434 2224 494 V.
2272 464 2349 476 —
2396 432 2759 497 CORDERII
2805 430 3053 496 NOTE.
3498 430 3647 494 1054

263 554 433 618 tiam,
466 554 658 613 dicant
705 555 875 612 etiam
902 556 1104 612 haberi
1148 568 1313 625 posse
1341 552 1746 610 intellectivam
1790 568 1892 624 per
1919 560 2259 624 conceptum
2291 556 2586 624 proprium
2619 554 2943 612 absolutum
2994 568 3117 611 esse
3151 555 3350 623 divini,
3394 557 3659 626 quamvis

263 640 388 697 non
424 628 773 691 intuitivum,
805 627 853 683 si
881 627 1231 695 imperfectio
1260 628 1329 682 ab
1358 627 1480 695 ipso
1509 633 1869 682 removeatur
1899 633 1952 681 et
1974 627 2355 683 abstrahatur.
2388 627 2544 683 Idem
2567 627 2636 684 de
2668 628 2795 692 viti,
2832 626 2901 683 de
2930 626 3205 691 bonitate,
3248 628 3317 684 de
3347 630 3657 697 sapientia,

263 695 342 753 de
383 701 629 767 pOtentia
665 705 717 753 et
745 699 1139 755 consimilibus
1166 697 1491 769 praedicatis
1527 697 2027 765 perfectionalibus
2060 698 2285 754 dicunt.

344 769 431 825 Ad
466 770 779 826 secundam
811 772 958 827 hanc
995 779 1207 838 partem
1242 769 1392 825 ﬂecti
1426 769 1647 825 videtur
1674 776 1913 824 sanctus
1938 771 2284 840 Augustinus
2314 769 2579 839 pluribus
2609 769 2769 834 locis,
2801 771 3119 840 prmsertim
3153 769 3207 825 in
3244 769 3391 826 libro
3430 769 3497 825 De
3530 771 3651 827 Tri-

262 839 463 913 nitatc,
499 840 710 897 docens
740 842 873 913 hoc,
898 842 1066 899 modo
1097 855 1208 913 nos
1232 841 1367 913 ferri
1399 841 1457 913 in
1496 840 1710 896 bonum
1744 840 2084 913 absolutum.
2144 839 2380 897 Sanctus
2408 856 2636 913 quoque
2668 839 3063 913 Bonaventura
3096 845 3153 897 in
3195 856 3297 897 suo
3355 843 3652 899 Itinerart'o

263 912 462 981 capite
493 921 653 968 sexto
683 913 830 968 idem
861 912 1130 970 insinuat.
1163 911 1325 969 Unde
1356 911 1598 983 videtur,
1634 911 1811 983 quod,
1843 912 2121 968 abstracta
2159 912 2230 967 ab
2260 913 2386 982 ipso
2425 911 2574 976 esse,
2602 913 2756 969 omni
2785 912 3213 982 potentialitate,
3250 913 3656 983 dependentia,

258 983 609 1054 privatione,
643 986 787 1041 δη
818 996 871 1040 et
904 984 1011 1041 alia
1043 986 1198 1041 omni
1230 982 1663 1051 imperfectione
1690 997 1756 1039 ac
1785 982 2022 1050 ﬁnitate,
2055 983 2289 1040 resultet
2321 994 2625 1054 conceptus
2661 984 2759 1040 Dei
2792 982 3089 1041 absolutus
3120 999 3187 1040 ac
3220 982 3509 1054 proprius.

343 1054 765 1111 Advertendum
813 1062 1020 1118 autem.
1061 1054 1212 1125 quod
1259 1054 1367 1123 (uti
1398 1054 1545 1110 idem
1575 1054 1648 1109 ait
1683 1055 1741 1109 in
1777 1055 1987 1124 scripto
2022 1056 2236 1122 Quarti)
2268 1055 2572 1112 abstractio
2604 1056 2704 1111 ista
2741 1057 2918 1124 possit
2947 1063 3028 1112 tot
3061 1056 3243 1112 modis
3294 1055 3647 1124 contingere,

262 1133 417 1250 guot
448 1125 629 1181 modis
666 1127 954 1183 invenitur
985 1126 1411 1182 dissimilitudo.
1448 1126 1639 1181 Primo
1682 1125 1835 1180 enim
1864 1126 2141 1196 contingit
2196 1126 2619 1189 dissimilitudo,
2655 1127 2789 1182 dum
2821 1126 2998 1183 forma
3049 1126 3420 1197 participatur
3449 1142 3657 1182 secun-

309 1210 413 1250 um
446 1197 701 1250 eamdem
734 1198 1012 1250 rationem
1051 1197 1387 1250 sneciei.sed
1420 1210 1532 1250 non
1566 1196 1880 1250 secundum
1912 1196 2181 1250 eumdum
2215 1198 2446 1250 modum
2477 1213 2574 1250 seu
2600 1198 2837 1250 gradum
2870 1199 3326 1250 oerfectionis.ut
3347 1197 3405 1250 in
3430 1197 3655 1250 duobus

309 1210 413 1251 um
446 1197 701 1253 eamdem
733 1198 1012 1254 rationem
1051 1197 1387 1267 speciei.sed
1420 1210 1532 1268 non
1559 1196 1880 1268 secundum
1912 1196 2181 1253 eumdum
2215 1198 2446 1254 modum
2477 1213 2574 1253 seu
2600 1198 2837 1268 gradum
2870 1196 3326 1267 perfectionis,’ut
3347 1197 3405 1252 in
3430 1197 3655 1254 duobus

264 1280 525 1339 quorum
557 1282 708 1325 unus
738 1269 1032 1339 estalbior
1064 1269 1195 1325 alio.
1231 1267 1516 1332 Secundo,
1539 1267 1673 1322 dum
1707 1266 1886 1323 forma
1918 1270 2288 1338 participatur
2306 1266 2622 1325 secundum
2654 1266 2909 1324 eamdem
2943 1271 3168 1339 generis
3198 1272 3500 1335 rationem,
3534 1283 3654 1325 non

265 1337 509 1410 speciei,
543 1348 605 1395 ut
641 1341 791 1396 inter
819 1338 965 1396 duos
1014 1340 1318 1401 coloratos.
1352 1352 1781 1410 quorumiunus
1813 1340 1883 1394 sit
1916 1340 2102 1405 albus,
2127 1337 2281 1397 alius
2316 1340 2503 1407 niger.
2536 1340 2722 1395 Tertio
2754 1337 3157 1397 adhuc'minor
3190 1350 3274 1396 est
3313 1340 3655 1404 similitudo.

262 1408 415 1464 dum
444 1410 632 1480 aliqua
664 1425 779 1467 non
807 1413 1155 1468 conveniunt
1187 1412 1244 1465 in
1273 1408 1501 1480 genere,
1532 1409 1631 1465 sed
1660 1410 1714 1482 in
1738 1410 2026 1482 analogia,
2054 1422 2114 1468 ut
2145 1412 2563 1467 estsimilitudo
2596 1412 2802 1468 coloris
2824 1411 2890 1467 ad
2924 1413 3236 1475 hominem.
3271 1412 3323 1467 in
3360 1411 3469 1469 hoc
3501 1411 3655 1482 quod

263 1479 590 1553 utrumque
622 1482 693 1538 sit
725 1496 845 1546 ens,
891 1482 1089 1553 sicque
1126 1482 1398 1538 deﬁciens
1431 1490 1516 1537 est
1546 1479 1730 1537 omnis
1761 1480 2068 1538 similitudo
2098 1492 2369 1539 creaturae
2398 1483 2468 1538 ad
2502 1484 2700 1540 Deum.

344 1551 848 1624 Insuper_quidam
883 1558 964 1621 (ut
997 1551 1174 1609 Rabbi
1207 1555 1383 1609 Moses
1413 1560 1468 1609 et
1496 1553 1805 1624 Avicenna)
1837 1553 2105 1609 dixerunt
2132 1554 2285 1624 quod
2326 1555 2697 1622 perfectiones
2728 1562 3121 1610 creaturarum
3152 1567 3270 1609 non
3303 1553 3652 1610 conveniant

262 1619 393 1677 Deo
425 1619 533 1678 nisi
561 1619 901 1695 dupliciter,
929 1632 989 1681 ut
1019 1633 1149 1695 puta
1200 1624 1468 1695 negativs
1488 1633 1542 1679 et
1572 1622 1889 1680 causaliter.
1927 1627 2000 1679 Ac
2039 1619 2300 1694 negative
2327 1619 2561 1695 quidem
2595 1628 2799 1693 primo,
2836 1626 2903 1680 ad
2936 1625 3340 1681 removendam
3381 1625 3667 1692 privatio:

261 1705 409 1766 nem
434 1708 531 1750 seu
545 1693 824 1750 defectum
844 1693 1257 1765 oppositum,nt
1279 1693 1410 1750 cum
1441 1694 1683 1751 dicimus
1706 1695 1889 1751 Deum
1908 1693 2318 1763 sapientem,ad
2338 1693 2693 1751 i‘nnueudum
2709 1696 2863 1766 quod
2895 1698 2951 1751 in
2978 1712 3043 1751 eo
3073 1710 3190 1752 non
3223 1696 3653 1764 sitinsipientize

261 1765 511 1838 malum.
532 1766 1073 1838 Secundo,proutex
1106 1770 1409 1837 negatione
1428 1766 1771 1837 relinquitur
1786 1781 1885 1821 seu
1909 1769 2278 1837 consequitur
2301 1766 2537 1836 aliquid;
2566 1778 2626 1823 ut
2656 1765 2855 1822 ex’hoc
2884 1767 3041 1835 quod
3061 1769 3189 1838 quis
3212 1766 3419 1824 dicitur
3445 1767 3650 1823 imma-

262 1835 488 1891 terialis
520 1836 861 1908 relinquitur
887 1838 1039 1907 quod
1069 1841 1139 1895 sit
1172 1835 1541 1908 intelligentia
1568 1835 1779 1908 {atque
1831 1837 1925 1908 ita,
1958 1835 2278 1893 secundum
2311 1835 2452 1894 istOs
2487 1838 2812 1907 hujusmodi
2855 1835 3095 1895 nomina
3124 1839 3236 1894 Deo
3266 1839 3655 1895 attribuuntur

262 1908 459 1976 magis
488 1906 559 1961 ad
590 1906 1020 1980 removendum,
1053 1924 1227 1980 quam
1257 1910 1327 1980 ad
1351 1906 2024 1979 ponendum'quidquam
2054 1909 2113 1964 in
2146 1925 2232 1965 eo.
2263 1906 2575 1965 Causaliter
2608 1923 2735 1980 vero
2769 1924 2871 1965 seu
2905 1924 3007 1978 per
3038 1910 3269 1965 modum
3304 1910 3654 1966 causalitatis

257 1980 622 2049 conveniunt
650 1979 758 2034 Deo
793 1998 805 2045 ;
837 1982 1020 2049 primo
1057 1979 1377 2036 secundum
1408 1981 1561 2049 quod
1591 1992 1788 2036 causat
1822 1980 2198 2048 perfectiones
2226 1982 2285 2036 itt
2317 1982 2620 2044 creaturis,
2649 1979 2723 2034 ita
2754 1986 2815 2037 ut
2842 1980 3061 2036 dicatur
3093 1981 3282 2036 bonus
3310 1996 3373 2034 ac
3407 1982 3656 2048 sapiens,

261 2048 402 2121 quia
438 2051 775 2117 sapientiam
806 2048 871 2107 ac
904 2051 1213 2108 bonitatem
1245 2048 1688 2108 rehusinfundit
1715 2068 1737 2116 ;
1786 2050 2056 2113 secundo,
2089 2053 2221 2121 quia
2254 2051 2323 2105 ad
2365 2051 2597 2107 modum
2622 2061 2894 2107 creaturae
2921 2066 2981 2106 se
3013 2052 3205 2112 habet.
3236 2055 3308 2107 ita
3342 2059 3402 2106 ut
3435 2051 3659 2107 dicatur

259 2120 473 2193 golens
518 2135 584 2193 ac
618 2123 763 2191 pius,
800 2123 1071 2193 quoniam
1104 2124 1159 2179 in
1193 2124 1503 2183 causando,
1536 2123 1713 2193 instar
1749 2122 2085 2193 volentis_ac
2110 2120 2117 2121 “
2144 2124 2216 2190 pii
2251 2137 2311 2178 se
2343 2123 2531 2179 habet.
2566 2121 2725 2179 Sicut
2756 2124 2924 2178 etiam
2961 2122 3205 2178 dicimus
3241 2136 3369 2178 eum
3424 2124 3652 2178 iratum.

261 2189 524 2263 Etjuxta
560 2189 727 2247 istam
761 2189 1121 2261 positionem,
1158 2195 1349 2249 omnia
1383 2208 1511 2263 quae
1562 2192 1835 2249 dicuntur
1864 2191 1934 2248 de
1992 2191 2102 2248 Deo
2133 2189 2188 2250 et
2222 2194 2517 2256 creaturis.
2554 2194 2823 2249 dicuntur
2857 2194 2923 2247 de
2954 2194 3021 2248 iis
3060 2208 3201 2263 pure
3262 2195 3567 2263 aequivoce,
3605 2202 3658 2248 et

259 2262 431 2318 nulla
465 2263 775 2319 similitudo
806 2275 889 2320 est
920 2276 1189 2321 creaturae
1220 2265 1290 2321 ad
1326 2262 1662 2331 creatorem,
1696 2279 1765 2321 ex
1797 2265 1903 2320 hoc
1954 2264 2108 2335 quod
2141 2275 2399 2322 creatura
2427 2272 2654 2320 vocetur
2700 2264 2950 2334 sapiens,
2979 2265 3154 2335 justa,
3194 2266 3303 2333 pia,
3328 2262 3467 2330 ’etc.,
3502 2263 3656 2335 quod

261 2335 443 2389 etiam
477 2348 747 2401 expresse
778 2338 978 2391 asserit
1011 2337 1323 2392 Avicenna.

345 2403 522 2459 Athis
554 2404 843 2475 obiicitur,
876 2407 1024 2476 quod
1060 2406 1232 2462 simili
1266 2406 1434 2463 modo
1466 2406 1616 2463 Deus
1648 2417 1837 2475 posset
1867 2405 1975 2460 dici
2011 2405 2153 2475 lapis
2188 2412 2240 2461 et
2270 2404 2485 2475 lignum
2518 2425 2529 2470 ;
2564 2406 2694 2476 quia
2724 2414 2805 2461 est
2837 2421 3006 2462 causa
3040 2407 3247 2462 horum
3283 2426 3297 2471 ;
3331 2419 3436 2461 nec
3464 2405 3547 2461 sic
3582 2420 3655 2464 ex

264 2476 603 2549 cognitione
652 2488 1048 2549 creaturarum
1082 2480 1420 2534 duceremur
1453 2480 1508 2532 in
1562 2478 1897 2549 VeramrDei
1924 2478 2309 2546 cognitionem
2344 2496 2356 2537 ;
2392 2491 2497 2549 nec
2530 2492 2724 2549 verum
2766 2477 3051 2549 videretur
3082 2478 3321 2549 idiquod
3382 2477 3654 2549 Dominus

263 2545 417 2618 dixit
447 2568 462 2618 ς
524 2548 819 2603 Faciamus
849 2550 1109 2604 hominem
1140 2550 1210 2603 ad
1232 2550 1521 2618 imaginem
1550 2556 1599 2603 et
1624 2545 2042 2603 similitudinem
2070 2555 2313 2601 Nostram
2351 2560 2389 2600 ι.
2424 2548 2584 2615 Quod
2630 2548 2761 2603 item
2820 2551 2875 2603 in
2914 2545 3202 2605 Ezechiele
3231 2548 3472 2604 habetur
3505 2565 3516 2604 :
3580 2547 3659 2604 Tu

261 2617 467 2690 cher-ub
497 2618 828 2688 signaculum
866 2621 1244 2676 similitudinis
1277 2617 1376 2675 Dei
1404 2633 1444 2672 ³.
1490 2619 1945 2690 Οῐηυὶδίᾳυοαιιθ
1985 2618 2214 2673 eﬂ‘ecms
2246 2619 2453 2673 dicitur
2484 2619 2811 2689 participata
2840 2635 2959 2676 sum
2990 2635 3173 2677 causas
3204 2620 3543 2676 similitudo.

344 2689 749 2761 Verumtamen
807 2694 933 2746 huic
962 2694 1217 2761 opinioni
1251 2692 1601 2747 concordare
1632 2689 1876 2753 videtur,
1905 2690 2057 2759 quod
2114 2704 2285 2759 super
2318 2692 2611 2760 mysticam
2644 2690 2986 2760 theologiam
3021 2692 3215 2747 scribit
3246 2692 3532 2755 Albertus,
3568 2690 3658 2746 di-

262 2774 412 2815 cens
439 2776 451 2816 :
493 2782 514 2810 σ
549 2760 693 2816 Deus
720 2776 837 2819 non
868 2765 1039 2818 habet
1070 2762 1300 2833 aliquod
1332 2776 1637 2818 commune
1667 2762 1818 2831 quod
1851 2761 1920 2833 sit
1950 2760 2007 2816 in
2043 2762 2162 2831 ipso
2197 2770 2249 2816 et
2274 2762 2567 2822 creaturis.
2595 2776 2783 2833 neque
2805 2770 2867 2819 ut
2899 2764 3334 2833 species,neque
3356 2771 3415 2817 ut
3446 2776 3651 2833 genus,

261 2845 460 2900 neque
490 2840 553 2888 ut
580 2833 860 2902 analogiae
892 2832 1239 2904 principium
1273 2852 1286 2901 ;
1321 2834 1419 2889 sed
1453 2842 1537 2889 est
1558 2834 1869 2889 ibitantum
1893 2832 2224 2888 imitationis
2254 2832 2767 2904 communitas,qua
2794 2843 2983 2890 creata
3018 2834 3315 2889 imitantur
3335 2832 3652 2889 creatorem

258 2910 333 2975 ut
363 2914 600 2970 queunt;
635 2914 690 2959 et
719 2910 835 2960 haec
867 2921 982 2960 non
1013 2916 1096 2961 est
1126 2908 1525 2963 communitas.
1551 2904 1791 2974 Propter
1819 2906 1970 2973 quod
2002 2908 2175 2960 etiam
2206 2917 2321 2959 non
2359 2911 2443 2960 est
2472 2918 2601 2959 vera
2641 2903 2824 2974 aliqua
2857 2904 3007 2974 apud
3037 2919 3143 2962 nos
3164 2905 3492 2975 praedicatio
3521 2919 3653 2961 vera

260 2973 342 3029 de
374 2975 511 3054 Deo.
610 2976 752 3043 Quae
784 2977 953 3033 verba
984 2979 1173 3047 inepte
1202 2991 1408 3034 sonare
1436 2973 1721 3045 videntur,
1752 2974 1863 3030 nisi
1895 2975 2128 3032 forsitan
2170 2982 2354 3030 sumat
2387 2973 2844 3044 praedicationem
2876 2973 3090 3046 Veram,
3124 2973 3226 3047 pro
3248 2975 3655 3048 prmdicatione

261 3059 504 3100 DI'ODI‘IB
578 3056 704 3100 tcta.

311 3059 504 3102 1⁸001⁸18
538 3056 704 3102 dicta.

261 3060 785 3192 Erggltlgtgtlgaalia
815 3118 1043 3192 positio,
1074 3127 1357 3192 quatenus
1390 3118 2185 3192 perfectiones_creaturarum
2216 3124 2349 3173 sunt
2382 3116 2438 3192 in
2483 3116 2598 3192 Deo
2622 3118 3078 3192 praeeminenter,
3101 3118 3273 3192 idque
3302 3116 3488 3188 quoad
3523 3119 3652 3176 tria.

262 3186 488 3261 Primo.
522 3198 801 3261 quantum
817 3186 899 3245 'ad
930 3186 1408 3247 universalitatem
1440 3206 1453 3252 ;
1502 3190 1632 3260 quia
1669 3190 1732 3261 in
1759 3188 1867 3244 Deo
1897 3197 2031 3261 sunt
2077 3201 2277 3243 omnes
2307 3189 2682 3261 perfectiones
2713 3190 2986 3261 adunatze.
3046 3186 3333 3258 Secundo,
3367 3200 3650 3261 quantum

261 3258 341 3316 ad
370 3260 788 3327 plenitudinem
823 3276 837 3323 ;
871 3263 1000 3331 quia
1035 3264 1091 3317 in
1140 3264 1256 3319 Deo
1288 3269 1423 3317 sunt
1452 3258 1583 3317 cuin
1639 3260 1860 3331 inﬁnita
1896 3260 2260 3330 perfectione.
2312 3259 2524 3331 Tertio,
2553 3260 2743 3330 quoad
2773 3262 3201 3331 simplicitatem
3237 3270 3291 3318 et
3327 3258 3602 3318 unitatem
3638 3278 3655 3331 ;

266 3344 389 3401 quae
423 3331 578 3385 enim
609 3334 666 3389 in
700 3329 978 3389 creaturis
1008 3343 1139 3390 sunt
1171 3334 1389 3388 diversa
1422 3346 1487 3388 ac
1518 3332 1711 3395 multa,
1740 3332 1799 3386 in
1848 3329 1965 3386 Deo
1996 3338 2130 3386 sunt
2156 3329 2521 3402 unum._liaec
2550 3329 2636 3387 est
2664 3329 2919 3389 doctrina
2951 3337 3282 3389 sanctorum
3316 3333 3573 3402 Dionysii
3606 3329 3658 3388 et

267 3398 544 3469 Anselmi,
568 3416 634 3458 ac
693 3402 943 3471 plurium
968 3406 1212 3461 aliorum
1269 3419 1414 3473 quos
1462 3404 1721 3461 doctores
1744 3402 2027 3471 praecipui,
2058 3410 2289 3457 sanctus
2317 3398 2584 3464 Thomas,
2608 3403 2950 3465 Alexander.
2979 3412 3210 3460 sanctus
3235 3398 3651 3473 BonaVentura,

266 3473 611 3546 Bichatdus,
646 3473 842 3546 Petrus
873 3474 1148 3546 i‘Egidtus,
1184 3486 1236 3532 et
1266 3472 1361 3530 alii
1396 3474 1556 3531 multi
1590 3483 1925 3543 sequuntur.
1962 3482 2015 3546 et
2046 3472 2436 3528 rationabilior
2469 3488 2695 3546 quoque
2730 3474 2971 3530 videtur.
3004 3474 3401 3531 Verumtamen
3425 3472 3651 3538 Scotus,

266 3542 331 3599 in
363 3546 576 3613 scripto
608 3560 711 3601 suo
745 3545 920 3617 Super
944 3542 1182 3618 primum
1210 3549 1620 3618 sententiarum,
1654 3542 1821 3618 tenet,
1857 3544 2009 3615 quod
2066 3554 2378 3612 conceptus
2408 3542 2555 3618 en‘tis
2594 3542 2666 3600 sit
2703 3546 3067 3618 univocuset
3099 3547 3419 3618 communis
3454 3546 3569 3602 Deo
3600 3554 3656 3603 et

266 3618 572 3689 creaturis,
604 3628 773 3689 atque
820 3614 905 3673 ita
939 3614 1040 3673 ens
1100 3619 1340 3674 univoce
1376 3617 1706 3688 pradicrtur
1734 3614 1805 3689 de
1837 3618 1958 3677 eis;
1998 3620 2195 3689 _negat_
2221 3624 2431 3689 tamen,
2460 3614 2816 3689 Deumesse
2848 3618 2904 3672 in
2935 3615 3129 3689 aliquo
3190 3616 3648 3689 praedicamento.

266 3685 461 3759 dliqui
495 3700 628 3743 vero
655 3685 873 3753 dicunt,
905 3690 1056 3759 quod
1083 3690 1139 3745 in
1174 3685 1606 3759 praedicamcnto
1623 3688 1877 3759 exsistat.
1905 3694 1968 3759 ut
1998 3686 2347 3759 Franciscus
2367 3685 2436 3739 de
2460 3686 2727 3759 Maron’s.
2754 3696 2807 3743 et
2831 3689 2926 3758 qui
2950 3685 3334 3759 Nominalistac
3357 3689 3648 3745 dicuntur.

266 3756 525 3827 Denique
556 3759 889 3815 Guillelmus
922 3756 1280 3817 ‘Parisiensis
1311 3762 1368 3816 in
1400 3759 1636 3815 Divinali
1668 3772 1767 3814 seu
1799 3758 1862 3811 de
1924 3756 2203 3825 Trinitate,
2238 3768 2289 3811 et
2321 3757 2810 3814 Antisiodorensis
2843 3756 2897 3814 in
2932 3757 3148 3813 Summa
3206 3774 3335 3826 sua,
3370 3759 3652 3816 Henricus

267 3829 441 3901 etiam
466 3829 535 3884 de
556 3830 819 3887 Gandavo
844 3832 901 3887 in
937 3831 1156 3888 Summa
1180 3839 1375 3897 sua,et
1406 3832 1462 3887 in
1500 3828 2146 3901 Quodlibeticistuentur.
2190 3828 2454 3901 Deumin
2481 3828 2922 3897 praedicamento
2957 3844 3070 3886 non
3103 3844 3245 3892 esse,
3279 3844 3394 3901 nec
3433 3831 3653 3901 aliquid

267 3898 340 3954 de
373 3900 497 3971 ipso
529 3908 580 3955 et
603 3904 878 3958 creaturis
904 3903 1014 3958 dici
1051 3906 1290 3960 univoce
1321 3903 1419 3957 sed
1454 3900 1748 3971 analogice
1779 3908 2023 3971 tantum.
2054 3900 2185 3966 Quae
2225 3900 2432 3968 positio
2464 3913 2578 3955 non
2612 3901 2797 3955 solum
2830 3911 2915 3955 est
2946 3902 3160 3966 verior,
3195 3899 3294 3957 sed
3328 3902 3495 3957 etiam
3526 3898 3655 3958 con-

266 3970 567 4045 gruentior
598 3972 831 4029 inﬁnitae
860 3974 1471 4045 superincomparabili
1502 3982 1555 4029 et
1585 3970 2050 4045 superessentiali
2114 3971 2386 4042 majestiti
2423 3971 2644 4045 divinae,
2675 3987 2744 4045 ac
2775 3972 3132 4029 conformior
3163 3972 3473 4031 beatissimi
3514 3973 3648 4029 Dio-

264 4044 413 4113 nysii
466 4044 845 4108 documentis,
878 4042 974 4115 qui
1030 4046 1209 4102 Deum
1232 4042 1295 4101 in
1337 4044 1499 4101 libris
1531 4046 1651 4115 suis
1675 4056 1793 4115 tam
1827 4042 2149 4115 frequenter
2180 4042 2809 4115 supersubstantiilem,
2846 4045 3412 4113 superessentialem,
3445 4059 3656 4113 super-

266 4112 567 4187 magnum,
599 4112 1109 4186 supersapientem,
1143 4127 1196 4173 et
1228 4131 1463 4187 pror-us
1501 4113 1866 4181 ineffabilem,
1900 4112 2294 4187 incognoscibi
2324 4127 2433 4180 em,
2470 4113 2903 4179 indeﬁnibilem,
2926 4112 3340 4172 inimitabilem
3374 4112 3654 4173 nominat.

265 4184 329 4311 gi
345 4182 552 4311 dantem
584 4182 818 4314 esset-fiin
844 4182 1323 4272 'praadicamento,
1356 4187 1591 4245 haberet
1644 4198 1827 4257 genus
1858 4192 1910 4241 et
1952 4182 2347 4248 differentiam,
2384 4199 2455 4241 ex
2485 4187 2695 4256 quibus
2729 4196 2913 4255 posset
2950 4188 3243 4258 cognosci,
3276 4188 3523 4244 describi
3557 4203 3659 4244 seu

311 4272 337 4312 e
388 4271 499 4312 nm
532 4272 598 4313 ac
630 4268 746 4314 noti
798 4274 935 4314 cari.

311 4263 499 4312 enniri
532 4272 598 4313 ac
630 4263 935 4315 notiﬂcari.

343 4326 439 4383 Vis
467 4331 755 4386 rationum
788 4330 852 4385 D.
888 4329 1115 4387 Thomas
1165 4331 1221 4388 in
1256 4331 1364 4388 hoc
1392 4328 1684 4393 tundatur,
1716 4327 1870 4398 quod
1926 4325 2203 4381 nimirum
2234 4326 2486 4393 cognitio
2521 4325 2618 4382 ﬁat
2650 4341 2751 4396 per
2782 4328 3019 4384 formam
3077 4343 3177 4385 seu
3211 4330 3461 4398 speciem
3494 4338 3547 4387 et
3579 4331 3664 4386 si-

265 4398 655 4473 militudinem
688 4403 924 4472 cogniti,
956 4403 1129 4473 idque
1158 4402 1478 4471 dupliciter.
1513 4400 1723 4464 Primo,
1759 4412 1858 4473 per
1884 4400 2178 4473 propriam
2221 4398 2461 4473 formam
2499 4411 2602 4473 seu
2633 4399 3100 4473 speciem,juxta
3134 4399 3275 4455 illud
3309 4400 3657 4471 philosophi:

270 4489 295 4520 ι
330 4471 512 4543 Lapis
532 4485 645 4528 non
672 4467 843 4529 est'in
893 4467 1105 4538 anima,
1138 4467 1489 4543 sed'species
1522 4473 1662 4543 ejus.
1697 4491 1719 4520 ι
1758 4467 2180 4543 ὃθφυηᾱφνρθς
2213 4468 2453 4524 formam
2485 4468 2719 4543 alterius
2753 4467 2958 4543 similis
2990 4472 3119 4533 sibi,
3158 4481 3216 4526 ut
3246 4467 3415 4527 causa
3453 4467 3555 4541 per
3582 4474 3659 4527 si-

263 4541 652 4614 militudinem
677 4543 907 4600 effectus
930 4546 1100 4611 sui,et
1124 4539 1414 4614 bomo‘per
1438 4539 1677 4599 formam
1699 4555 1816 4597 suae
1838 4539 2758 4614 imaginis.Porro,perpropriam
2784 4541 3025 4596 formam
3051 4545 3202 4597 τηε
3224 4543 3440 4613 aliquid
3456 4539 3658 4613 ‘dupli-

262 4612 410 4669 citer
440 4612 663 4671 videtur
695 4636 707 4668 :
739 4615 951 4681 Primo,
990 4609 1087 4684 per
1119 4609 1361 4672 formam
1392 4629 1519 4685 quae
1548 4622 1632 4669 est
1679 4614 1918 4683 ipsamet
1950 4609 2063 4677 res,
2096 4609 2580 4685 quemadmodum
2614 4611 2765 4666 Deus
2817 4614 3112 4685 cognoscit
3141 4629 3201 4668 se
3236 4609 3338 4683 per
3365 4629 3526 4669 suam
3551 4609 3657 4670 'es-

262 4685 534 4748 sentiam,
565 4686 836 4743 similiter
892 4682 1136 4757 angelus
1164 4700 1266 4757 per
1297 4682 1588 4757 propriam
1621 4682 1925 4757 essentiam
1984 4683 2281 4757 cognoscit
2312 4682 2561 4757 s‘eipsum
2598 4701 2611 4745 ;
2663 4683 3050 4753 secundo,per
3086 4682 3326 4757 formam
3357 4700 3480 4755 qua:
3507 4695 3591 4743 est
3623 4702 3655 4743 a

262 4769 330 4828 re
381 4762 520 4825 ipsa,
554 4758 673 4813 sive
704 4759 775 4814 sit
808 4751 1085 4814 abstracta
1117 4751 1184 4813 a'
1206 4772 1267 4814 re
1297 4751 1440 4827 ipsa,
1473 4766 1535 4813 ut
1569 4755 1813 4828 quando
1845 4751 2154 4828 formaseu
2216 4751 2597 4828 intelligibilis
2623 4757 2854 4828 species
2877 4751 2966 4828 est
2991 4751 3422 4828 immaterialior
3482 4772 3655 4828 quam

260 4822 422 4900 ipsa;
446 4822 558 4893 res,
592 4838 654 4885 ut
688 4830 905 4900 species
962 4828 1164 4900 lapidis
1194 4822 1473 4885 abstracta
1507 4844 1535 4882 a
1563 4822 1754 4900 lapide
1785 4842 1802 4894 ;
1835 4828 1953 4880 sive
1992 4825 2064 4879 sit
2103 4822 2397 4900 impressa
2444 4824 2881 4900 intelligentiab
2942 4827 3244 4900 intellecto,
3281 4839 3341 4883 ut
3371 4822 3514 4884 dum
3564 4843 3656 4885 res

260 4895 552 4978 intellecta
601 4895 920 4970 simplicior
949 4895 1037 4957 est
1072 4915 1242 4978 quam
1278 4902 1496 4978 species
1528 4895 1670 4970 ejus,
1704 4899 1852 4978 sicut
1899 4895 2221 4978 secundum
2266 4895 2635 4959 Avicennam,
2670 4897 2755 4952 int
2778 4895 2998 4953 'llectus
3044 4898 3331 4955 humanus
3363 4900 3658 4971 cognoscit

260 4969 615 5044 substantias
644 4969 939 5044 separatas
966 4969 1538 5044 per_impressionem
1561 4969 1770 5026 earum
1804 4970 1859 5024 iu
1897 4969 2110 5044 ipsum.

336 5041 479 5097 Cum
539 5033 730 5113 itaque
768 5042 943 5098 Deum
968 5033 1035 5098 in
1071 5033 1202 5098 hac"
1225 5042 1333 5098 vita
1365 5056 1479 5098 non
1514 5033 1937 5111 cegnoscarous
1968 5038 2079 5093 nisi
2115 5049 2214 5113 per
2267 5049 2402 5091 suos
2430 5033 2686 5113 effectus.
2721 5038 2817 5113 qui
2875 5054 2903 5093 a
2926 5039 3103 5113 plena
3134 5044 3658 5113 represent-itione

258 5112 470 5169 divinae
520 5110 783 5190 assentire
815 5113 1084 5190 deﬁciunt
1120 5114 1351 5190 inﬁnite.
1388 5128 1575 5190 neque
1594 5110 1896 5190 adaequant
1948 5110 2251 5190 potentiam
2281 5110 2560 5190 creatoris
2586 5110 2725 5190 (imo
2773 5111 2841 5166 ab
2873 5112 3259 5190 adgequatione
3290 5128 3355 5167 ac
3409 5114 3655 5190 perfecta

259 5186 765 5259 repraesentatione
800 5187 1221 5259 omnipotentiae
1253 5186 1377 5257 ejus
1407 5182 1616 5259 distant
1648 5194 1815 5254 atque
1848 5182 2179 5237 desciscunt
2219 5182 2455 5259 penitus
2492 5182 2545 5259 in
2590 5182 2957 5259 immensum)
2990 5196 3103 5237 non
3139 5182 3445 5259 possumus
3474 5184 3655 5259 Deum

260 5248 445 5327 in’via
479 5269 825 5327 cognoscere
859 5248 1009 5313 clare
1039 5260 1094 5312 in
1128 5272 1188 5313 se
1241 5248 1299 5314 et'
1343 5256 1684 5318 immediate,
1720 5248 1819 5310 seu
1853 5259 2133 5327 quantum
2166 5249 2237 5327 ad
2267 5248 2395 5318 quid
2426 5250 2653 5327 cst._sed
2683 5253 2869 5308 solum
2902 5268 2929 5308 a
2966 5248 3288 5327 posteriori,
3317 5262 3371 5309 et
3398 5256 3524 5324 quia
3556 5262 3653 5313 est.

256 5319 665 5402 Yerumtamen
723 5328 782 5384 in
811 5328 919 5383 hac
950 5328 1276 5402 cognitione
1336 5328 1435 5402 Dei
1455 5327 1589 5402 quia
1619 5330 1712 5402 est,
1748 5335 1834 5402 est
1869 5319 2055 5380 ‘etiam
2090 5319 2301 5402 gradus
2332 5330 2385 5377 et
2437 5321 2598 5389 ordo,
2633 5325 2705 5378 ita
2740 5333 2801 5379 ut
2852 5319 3005 5380 unus
3036 5319 3650 5402 sic_cognoséeotium

260 5399 468 5463 Deum,
503 5408 809 5469 cognoscat
858 5413 991 5456 eum
1023 5393 1202 5457 inulto
1233 5393 1539 5469 perfectius
1574 5404 1635 5469 et
1656 5393 1871 5453 clarius
1901 5407 2073 5469 quam
2112 5394 2260 5469 alius
2292 5406 2513 5469 ;_ca_u_sa
2545 5407 2792 5469 namque
2840 5410 3039 5469 ex_suo
3080 5393 3283 5469 effectu
3320 5406 3497 5469 tanto”
3519 5413 3651 5467 per-

260 5471 469 5527 tectius
499 5463 899 5542 cognoscitur,
919 5478 1132 5542 quanto
1160 5463 1260 5539 per
1292 5469 1552 5527 eﬂectum
1586 5468 1809 5542 plenius
1848 5463 2294 5542 apprehenditur
2330 5463 2603 5520 habitudo
2636 5463 2831 5542 causae
2854 5465 2927 5522 ad
2958 5481 3129 5522 suum
3162 5463 3649 5542 effectum_._Porro

259 5543 384 5598 haec
433 5537 705 5612 habiiudo
736 5544 794 5597 in
826 5537 1028 5598 effectu
1073 5537 1186 5599 non
1220 5537 1680 5612 perttngentead
1708 5538 2178 5612 adaequationem
2213 5548 2403 5612 causae
2454 5550 2583 5599 suae,
2621 5537 2932 5612 attenditur
2962 5552 3139 5612 penes
3171 5540 3277 5612 tria
3316 5556 3331 5605 ;
3364 5538 3657 5612 _vi.lelicet

253 5611 449 5686 quoad
476 5627 843 5684 progressum
874 5612 1107 5686 effectus
1137 5630 1165 5669 a
1198 5602 1485 5686 ca_usa.fet
1512 5610 1830 5686 secundum
1855 5602 1962 5686 hoc
1990 5605 2138 5678 quod
2176 5602 2405 5685 etractus
2435 5611 2811 5686 consequitur
2838 5602 2978 5679 plus
3004 5609 3073 5686 de
3101 5602 3486 5686 similitudine
3517 5627 3642 5686 suae

250 5679 662 5756 c'auszefatque
689 5686 1006 5742 secundum
1039 5685 1095 5740 id
1125 5683 1281 5756 quod
1313 5683 1502 5740 deﬁcit
1529 5700 1560 5739 a
1622 5684 1865 5756 perfecta
1894 5679 2017 5750 ejus
2050 5679 2419 5756 consecution
2444 5696 2475 5756 η
2510 5680 2693 5756 Atque
2727 5684 2799 5756 ita
2836 5694 2994 5735 (ηοω
3026 5681 3636 5756 humanautripliciter

257 5754 498 5828 proﬁcit
540 5747 599 5812 in
628 5757 955 5828 cognitione
987 5756 1082 5828 Dei
1114 5747 1180 5813 οἷς
1226 5747 1694 5828 effectibusejus.
1726 5747 1941 5828 Primo,
1978 5747 2294 5828 secundum
2327 5747 2480 5818 quod
2507 5747 2813 5828 perfectius
2843 5752 3220 5828 cognoscitur
3251 5747 3503 5828 efﬁcacia
3547 5754 3646 5811 Dei

255 5823 329 5885 id
362 5823 789 5897 producendum
818 5846 831 5894 ;
867 5827 1137 5887 secundo.
1174 5838 1338 5897 prout
1371 5823 1719 5885 nobiliarum
1751 5823 2055 5881 et‘fectuum
2095 5823 2352 5876 noscitur
2382 5834 2507 5876 esse
2539 5835 2709 5877 causa
2735 5826 2895 5891 (cum
2927 5823 3082 5880 enim
3113 5833 3345 5882 causata
3395 5826 3643 5898 aliquam

337 5936 359 5968 ι
397 5924 537 5984 Gen.
573 5939 608 5993 ι,
649 5926 732 5981 16.
808 5940 832 5971 a
869 5926 1077 5985 Ezecb.
1114 5937 1314 5993 xxvut,
1352 5925 1441 5983 12.
