4054 6438
488 288 643 354 1θ59

1656 287 1716 352 S.
1765 290 2106 354 DIONYSII
2167 287 2693 357 AREOPAGITE.

3708 290 3865 361 1060

488 423 770 506 positiva:
806 439 964 483 nunc
994 416 1173 484 etiam
1206 422 1578 485 demonstrat
1604 424 1993 493 intellectilia.
2029 425 2116 486 di-

2215 447 2354 482 νεται
2404 429 2490 483 καὶ
2517 428 2584 483 τὰ
2633 427 2819 500 νοητὰ,
2854 428 2936 503 τὸ,
2970 430 3101 486 Οὔτε
3154 429 3310 508 ψυχὴ
3357 427 3474 486 οὔτε
3505 432 3647 496 νοῦς,
3708 429 3860 497 Πλὴν

486 512 676 576 cendo
700 533 714 575 :
744 509 949 591 Neque
970 510 1189 587 anima,
1215 531 1410 593 neque
1433 530 1621 577 mens.
1650 515 1874 576 Verum
1895 532 2005 575 nec
2027 513 2127 575 ha-

484 602 584 665 bet
611 602 736 678 illa,
771 606 1050 681 quoniam
1084 607 1258 663 etiam
1314 601 1395 663 ibi
1442 603 1517 663 de
1569 603 1798 664 ratione
1827 621 1896 665 ac
1926 611 2127 665 mente

483 693 849 753 mentionem
884 689 1043 766 fecit,
1090 691 1297 753 dicens
1342 711 1356 753 :
1404 690 1609 772 Neque
1654 692 1900 754 rationis
1929 710 2127 773 neque

484 780 704 843 mentis
731 797 985 860 eXpers;
1020 788 1076 840 et
1110 780 1468 860 caateroquin
1501 781 1682 843 etiam
1729 781 1810 842 ibi
1849 781 2125 844 intellec-

484 871 614 933 tilia
646 870 1039 931 demonstrat.
1077 870 1193 931 Sed
1220 870 1368 931 scito
1393 868 1473 930 ibi
1508 869 1608 931 illa
1641 889 1773 947 quae
1803 870 1941 932 talia
1962 879 2120 944 sunt,

484 957 726 1022 sensilia
748 975 918 1020 esse:
950 976 1142 1038 neque
1168 958 1326 1018 enim
1352 957 1616 1020 declarat
1640 961 1930 1021 rationem
1954 960 2128 1021 abso-

482 1048 687 1127 lutam,
723 1047 812 1108 vel
860 1054 1115 1107 mentem
1161 1064 1196 1106 a
1245 1045 1567 1108 sensilibus
1616 1058 1984 1129 separatam;
2021 1050 2124 1110 sed

478 1138 722 1201 rationis
754 1136 1088 1212 mentisque
1118 1135 1470 1210 carentiam,
1521 1138 1797 1198 animalia
1841 1138 2123 1200 nimirum

478 1227 742 1301 sensilia,
778 1225 1008 1287 ratione
1052 1234 1372 1306 menteque
1423 1226 1683 1305 privata;
1739 1245 1945 1289 verum
1997 1228 2123 1289 haec

479 1317 645 1398 dicit,
663 1332 860 1396 neque
872 1315 1128 1375 animam
1154 1332 1516 1392 esse,neque
1539 1316 1863 1395 quidquam
1883 1316 2120 1378 illorum

478 1426 612 1488 quae
640 1406 856 1468 animae
902 1404 1200 1485 portiones
1250 1404 1429 1485 idque
1477 1406 1810 1467 secundum
1844 1407 2117 1469 ordinem

478 1496 852 1575 participant,
875 1502 937 1555 ut
958 1512 1154 1573 neque
1182 1493 1396 1555 habeat
1419 1494 1898 1572 imaginationem
1926 1496 2114 1558 solam

475 1585 879 1648 irrationalem
904 1593 963 1645 et
987 1583 1244 1645 debilem
1273 1581 1431 1643 illam
1458 1583 1707 1645 formam
1732 1603 1908 1663 quam
1939 1585 2115 1647 etiam

472 1675 649 1737 bruta
680 1672 943 1749 habent;
976 1690 1171 1752 neque
1203 1670 1568 1751 opinionem,
1604 1672 1921 1735 obscuram
1952 1675 2116 1737 illam

472 1764 872 1844 cegnitionem
889 1779 1021 1862 quae
1035 1779 1150 1823 non
1175 1760 1580 1864 ratiocinatur,
1604 1781 1779 1842 quam
1802 1763 2027 1826 habent
2049 1781 2118 1826 ea
2142 1818 2178 1864 Β

474 1873 604 1934 quas
624 1861 869 1914 utuntur
891 1850 1155 1924 ratione;
1181 1868 1375 1931 neque
1406 1850 1723 1925 rationem,
1749 1852 1808 1915 id
1835 1860 1925 1914 est
1948 1859 2114 1933 cogi-

470 1946 759 2003 tationem
806 1952 864 2001 et
896 1942 1239 2015 scientiam,
1274 1957 1469 2019 neque
1499 1940 1971 2003 intellectionem
2005 1961 2115 2007 seu

475 2031 693 2093 mentis
706 2028 1279 2109 Operationem,quaa
1292 2029 1603 2107 potissima
1627 2047 1763 2111 pars
1775 2030 2113 2095 animaaest.

475 2121 687 2183 Postea
715 2117 947 2180 derivat
974 2133 1316 2179 sermonem
1349 2117 1423 2178 ad
1456 2118 1616 2198 ipsas
1651 2118 1840 2181 nudas
1870 2126 2115 2182 virtutes

473 2208 603 2271 sine
635 2208 752 2268 illis
780 2213 880 2288 qui
909 2224 1009 2268 eas
1039 2206 1278 2287 habent,
1313 2214 1369 2266 et
1394 2206 1515 2271 ait:
1549 2208 1761 2289 Neque
1797 2227 1994 2271 sermo
2028 2217 2118 2271 est

473 2298 834 2379 prolatitius,
858 2314 1053 2377 neque
1079 2294 1428 2377 intellectio,
1460 2295 1585 2358 sive
1614 2296 1833 2360 locutio
1856 2298 2112 2362 interna.

468 2388 668 2468 Atque
697 2387 917 2450 iterum
950 2386 1146 2447 adhuc
1176 2385 1420 2447 adducit
1448 2384 1768 2463 rationem,
1819 2393 2002 2467 atque
2044 2406 2116 2449 ex

469 2477 565 2538 his
598 2478 789 2539 Deum
823 2475 1049 2550 eximit,
1080 2475 1283 2553 aitque
1318 2496 1332 2534 :
1385 2473 1599 2555 thuid
1632 2475 1757 2537 haec
1794 2494 2064 2539 memoro
2087 2483 2116 2540 ?

473 2565 806 2647 nequeipsa
819 2563 995 2646 ratio,
1023 2582 1217 2644 neque
1237 2562 1566 2626 intellectio
1591 2564 1743 2626 valet
1762 2566 1953 2627 Deum
1973 2584 2114 2628 con-

471 2658 694 2737 cipere.
743 2657 889 2718 Post;
937 2655 1063 2716 haec
1092 2654 1290 2716 omnia
1320 2661 1629 2715 enumerat
1657 2671 1789 2733 quas
1832 2656 1893 2714 in
1940 2653 2114 2717 nobis

470 2745 767 2816 videntur,
814 2743 920 2805 sed
952 2752 1091 2804 sunt
1119 2743 1496 2824 incorporea,
1540 2751 1717 2823 atque
1748 2743 1898 2804 adeo
1928 2743 2109 2804 intel-

472 2832 723 2906 lectilia,
759 2835 1044 2894 hactenus
1078 2844 1274 2893 tamen
1326 2832 1383 2892 in
1431 2831 1718 2911 subjectis
1768 2840 2110 2911 conspecta.

474 2924 839 2985 lntelleclilis
871 2941 1045 3002 porro
1078 2930 1287 2997 tactus,
1313 2931 1399 2983 est
1428 2922 1641 2982 mentis
1673 2922 1949 2999 cognitio.
1981 2919 2113 2983 Sic-

2207 518 2286 590 μή
2331 516 2460 595 ἔχῃ,
2497 517 2575 572 ὅτι
2619 518 2841 573 κάκεῖσε
2872 518 2989 594 περὶ
3046 515 3206 593 λόγου
3237 518 3330 574 καί
3365 520 3485 581 νοὸς
3514 517 3855 595 ἐμνημόνευ-

2209 628 2320 678 σεν,
2362 603 2492 663 Οὔτε
2521 604 2737 682 ἄλογος,
2773 606 2959 685 εἰπὼν,
2989 604 3107 661 οὔτε
3150 603 3330 672 ἄνουςο
3362 609 3449 664 καί
3491 611 3680 665 Λοιπὸν
3711 611 3858 666 ἄπο-

2209 697 2447 775 φαίνεται
2497 696 2657 751 κάκεῖ
2715 696 2781 751 τὰ
2838 696 3025 759 νοητά,
3088 693 3236 751 Ἀλλ’
3290 695 3425 772 ἴσθι,
3482 695 3565 752 ὅτι
3618 696 3738 753 ἐκεῖ
3798 698 3866 754 τὰ

2210 791 2449 857 τοιαῦτα,
2486 786 2708 851 αἰσθητά
2766 787 2916 840 εἰσιν
2953 783 3074 842 οῦδὲ
3118 785 3219 863 γὰρ
3272 786 3618 864 ἀποφαίνεται
3665 785 3865 843 ἂιπόλυ-

2208 896 2299 930 τον
2330 876 2418 930 τὸν
2451 873 2632 950 λόγον,
2668 875 2702 941 ἢ
2732 875 2823 931 τὸν
2848 875 3256 953 κεχωρισμὲπον
3279 881 3385 931 τῶν
3415 877 3684 942 αἰσθητῶν
3715 884 3863 933 νοῦν·

2190 962 2347 1019 ’ἀλλὰ
2387 965 2449 1018 τὸ
2498 961 2691 1040 ἄλογον
2743 965 2830 1019 καί
2886 965 2946 1019 τὸ
2979 963 3155 1037 ἄνουν,
3188 967 3296 1034 ζῶα
3354 961 3559 1031 δηλαδὴ
3610 965 3862 1040 αἰσθητὰ,

2211 1052 2538 1129 ἐστερημέναι
2582 1052 2742 1129 λόγου
2771 1075 2828 1108 τε
2881 1053 2971 1109 καί
3001 1053 3142 1117 νοός.
3204 1051 3360 1109 Ἀλλ’
3419 1052 3637 1112 ἐνταῦθα
3688 1053 3861 1133 λέγει,

2208 1144 2280 1206 ὼς
2310 1141 2426 1198 οὔτε
2457 1142 2611 1221 ψυχή
2646 1142 2809 1215 ἐστιν,
2845 1140 2962 1198 οὔτε
3005 1164 3055 1197 τι
3085 1141 3190 1197 ἀπὸ
3222 1145 3326 1197 τῶν
3356 1141 3595 1221 ἐχόντων
3622 1142 3691 1199 τὰ
3720 1142 3862 1222 μέρη

2203 1232 2423 1309 ταύτης,
2457 1232 2545 1286 καὶ
2588 1238 2753 1287 ταῦτα
2799 1231 2932 1287 κατὰ
2995 1229 3160 1296 τάξιν·
3214 1228 3333 1287 οὔτε
3362 1253 3413 1287 τι
3459 1229 3589 1308 ἕχον
3648 1253 3860 1311 φαντα-

2205 1321 2319 1377 σίαν
2366 1319 2538 1393 μόνην
2600 1318 2821 1399 ἄλογον,
2852 1322 2939 1375 καὶ
2992 1320 3155 1375 τΰπον
3203 1319 3420 1393 ἀσθενῆ,
3452 1320 3518 1386 ἣν
3548 1318 3614 1386 δὴ
3664 1309 3856 1400 ἔχουσι

2201 1411 2291 1466 καὶ
2347 1409 2411 1465 τὰ
2462 1406 2650 1486 ἄλογα·
2701 1407 2818 1464 οὔτε
2865 1407 3041 1488 δόξαν,
3097 1407 3479 1487 ἀσυλλόγιστον
3528 1416 3728 1486 γνῶσιν
3770 1414 3859 1467 καὶ

2203 1496 2455 1577 ἀμυδρὰν,
2490 1497 2556 1564 ἢν
2608 1498 2673 1553 τὰ
2701 1496 2890 1576 λογικὰ
2936 1495 3176 1577 ἔχουσιν·
3212 1495 3328 1554 οὔτε
3382 1496 3562 1578 λόγον,
3599 1496 3854 1567 δηλονὸτι

2201 1586 2432 1643 διάνοιαν
2491 1587 2578 1642 καὶ
2608 1585 2934 1661 ἐπιστημην·
2998 1585 3116 1643 οὔτε
3161 1587 3267 1662 μὴν
3325 1588 3532 1661 νόησιν,
3580 1587 3853 1667 ἐνέργειαν

2205 1679 2344 1743 νοὸς,
2377 1675 2565 1751 μέρους
2613 1677 2909 1751 κρείττονος
2944 1677 3044 1741 τῆς
3093 1680 3303 1755 ψυχῆς.
3342 1677 3487 1731 Μετὰ
3516 1685 3683 1734 ταῦτα
3711 1678 3852 1737 ἀνά-

2202 1787 2284 1843 γει
2311 1767 2400 1821 τὸν
2432 1765 2590 1842 λόγον
2622 1767 2694 1828 εἷς
2741 1766 2899 1830 αὗτὰς
2932 1766 3137 1843 γυνὶνας
3167 1766 3260 1829 τὰς
3306 1763 3551 1840 δυνάμεις
3582 1764 3711 1849 δίχα
3744 1773 3851 1824 τῶν

2198 1856 2437 1934 ἑχόντων
2486 1855 2669 1926 αὸτὰς,
2704 1858 2800 1910 καὶ
2851 1853 2995 1930 λέγει
3026 1854 3156 1911 Οὔτε
3200 1853 3363 1932 λόγος
3422 1854 3534 1911 ἐστὶ
3591 1878 3854 1937 προφορι-

2198 1947 2317 2018 κὸς,
2351 1942 2467 2001 οὔτε
2516 1945 2729 2018 νόησις,
2763 1940 2969 2009 δηλαδὴ
3020 1940 3313 2007 ἐνδιάθετος
3358 1945 3543 2021 λόγος.
3581 1948 3679 2003 Καὶ
3710 1950 3858 2011 αὖθις

2201 2033 2276 2088 ἔτι
2323 2034 2504 2109 ὰνάγέι
2548 2036 2639 2088 τὸν
2688 2031 2868 2110 λόγον,
2903 2033 2990 2087 καὶ
3044 2034 3214 2090 αὐτῶν
3249 2032 3533 2112 ἐξαιρεῖται
3574 2037 3633 2090 τὸ
3667 2041 3853 2111 Θεῖον,

2199 2122 2287 2180 καὶ
2328 2120 2497 2198 λέγει·
2531 2122 2590 2179 Τί
2632 2119 2775 2199 λέγω
2805 2124 2969 2178 ταῦτα
3006 2139 3022 2194 ;
3075 2119 3192 2178 οὔτε
3224 2123 3377 2184 αὖτὸς
3409 2124 3436 2178 ὁ
3482 2123 3639 2200 λόγος
3671 2127 3759 2182 καὶ
3819 2129 3856 2193 ἦ

2200 2216 2383 2278 νόησις
2411 2211 2677 2290 ἐφικνεται
2739 2212 2810 2275 εἰς
2841 2212 2903 2266 τὸ
2941 2218 3098 2267 Θεϊον
3128 2207 3477 2274 καταλαϐεῖν,
3514 2214 3660 2268 Μετὰ
3690 2221 3859 2271 ταῦτα

2199 2300 2506 2379 ἀριθμεῖται
2563 2300 2736 2356 πάντα
2761 2300 2826 2354 τὰ
2856 2299 2910 2354 ἐν
2945 2298 3076 2376 ἡμῖν
3109 2301 3208 2375 μὲν
3238 2300 3556 2379 φαινόμενα,
3590 2302 3859 2378 ἀσώματα

2199 2387 2275 2469 δὲ,
2333 2391 2420 2446 καὶ
2473 2388 2558 2446 διὰ
2612 2397 2767 2448 τοῦτο
2824 2392 3014 2465 νοητὰ,
3063 2390 3194 2456 τέως
3254 2390 3308 2447 δὲ
3365 2390 3419 2447 ἐν
3475 2392 3854 2468 ὑποκειμένοις

2198 2481 2551 2559 θεωρούμενα.
2588 2480 2771 2547 Νοητὴ
2818 2478 2869 2535 δὲ
2924 2481 3102 2554 ἐπαφή
3148 2480 3291 2537 ἐστιν
3321 2483 3355 2549 ἧ
3386 2489 3479 2538 τοῦ
3522 2484 3644 2545 νοὸς
3697 2489 3852 2561 γνῶ-

2198 2592 2302 2634 σις.
2340 2573 2437 2633 Ὦς
2483 2571 2582 2647 γὰρ
2614 2569 2791 2649 ἐπαφὴ
2843 2570 3067 2639 αἰσθητή
3114 2568 3258 2626 ἐστιν
3312 2572 3347 2637 ἡ
3404 2569 3681 2638 αἴσθησιςο
3726 2575 3852 2631 τότε

2194 2660 2293 2737 γὰρ
2352 2660 2721 2733 αἰσθανόμεθα,
2758 2658 2839 2714 ὅτ’
2900 2659 3080 2739 ἑπαφή
3125 2662 3229 2715 τῶν
3288 2660 3552 2725 αἰσθητῶν
3595 2675 3711 2726 τοῖς
3759 2666 3850 2719 αἱ,

2195 2750 2533 2822 σθανομένοις
2584 2748 2619 2816 ἢ
2652 2751 2720 2823 τῇ
2765 2750 3004 2818 αἰσθήσει
3054 2748 3283 2825 γίνεται,
3314 2750 3399 2806 καὶ
3455 2749 3718 2827 μακρόθεν
3748 2754 3851 2829 γὰρ

2198 2844 2287 2894 τοῦ
2344 2839 2505 2913 πυρὸς
2563 2838 2874 2911 καθημένων
2926 2840 3103 2911 ἡμῶν,
3134 2837 3289 2914 εἴπερ
3346 2839 3509 2912 μόνον
3558 2844 3848 2918 θερμαινό-

2199 2930 2352 2999 μεθι,
2406 2926 2582 3004 ἐπαφὴ
2629 2926 2839 3004 λέγεται
2895 2927 3063 2983 εἶναι’
3110 2930 3196 2983 καὶ
3247 2927 3331 2983 ἐπὶ
3381 2932 3478 2994 τῆς
3538 2931 3851 3007 ὃσφρτίσεως

469 3021 537 3074 ut
560 3013 718 3073 enim
745 3022 930 3075 tactus
951 3011 1211 3084 sensilis,
1232 3020 1323 3072 est
1349 3010 1638 3085 sensatio,
1664 3011 1805 3089 quia
1827 3018 1968 3072 tunc
1986 3029 2116 3072 sen-

2200 3018 2285 3070 καὶ
2316 3016 2399 3071 ἐπὶ
2444 3016 2548 3071 τῶν
2606 3014 2782 3071 ἄλλων
2813 3024 2967 3071 τοῦτο
3025 3013 3323 3090 συμϐαίνει·
3358 3014 3476 3072 οῦδὲ
3508 3018 3611 3095 γὰρ
3663 3018 3852 3087 ἁπλῶς

477 3107 678 3181 timus,
705 3100 941 3182 quando
970 3108 1159 3163 tactus
1180 3098 1490 3161 sensilium
1512 3117 1546 3160 a
1566 3098 1961 3160 sentientibus
1993 3100 2116 3162 sive

2200 3105 2234 3171 ἠ
2277 3103 2455 3183 ἐπαφὴ
2490 3104 2773 3178 σωματικὴ
2806 3106 3004 3181 γίνεται
3038 3106 3092 3159 ἐν
3135 3112 3211 3180 τῷ
3242 3105 3307 3161 τὰ
3361 3104 3585 3181 σώματα
3630 3112 3856 3189 σηδνεχί.

474 3207 653 3252 sensu
687 3191 1050 3270 percipitur;
1109 3187 1404 3268 siquidem
1456 3189 1633 3249 etiam
1679 3187 1849 3248 nobis
1880 3188 2116 3249 eminus

2200 3196 2400 3268 ζεσθαι,
2437 3192 2554 3248 ἀλλ’
2587 3193 2641 3249 ἐν
2671 3200 2747 3267 τῷ
2778 3196 2875 3259 τὴν
2930 3198 3180 3262 αἰσθησιν
3210 3191 3565 3273 προσϐάλλειν
3592 3198 3717 3262 τοῖς
3760 3187 3853 3257 ἆξ-

473 3278 594 3359 igni
626 3279 1058 3355 assidentibus,
1097 3278 1833 3353 dummodocaleliamus,
1872 3277 2113 3355 quidam

2202 3286 2445 3350 σθητοτς.
2498 3285 2593 3346 Ὠς
2624 3290 2749 3362 γοῦν
2783 3282 2918 3340 οὕτω
2973 3290 3141 3341 ταῦτα
3171 3284 3256 3341 ἐπὶ
3288 3290 3386 3350 τῆς
3418 3287 3680 3353 αἰσθητῆς
3710 3288 3853 3347 ἐπα-

476 3377 781 3431 contactus
803 3369 1023 3431 dicitur
1039 3368 1317 3431 existere.
1345 3368 1418 3430 Et
1450 3366 1510 3428 in
1528 3367 1745 3429 olfactu
1764 3369 2115 3449 caeterisque

2200 3373 2328 3453 φῆς,
2361 3372 2496 3429 οὕτω
2526 3374 2632 3429 νόει
2663 3374 2750 3430 καὶ
2780 3372 2864 3429 ἐπὶ
2895 3375 2994 3438 τῆς
3025 3380 3225 3442 νοητης
3275 3373 3513 3454 ἐπαφῆς,
3547 3375 3719 3456 ἤγουν
3750 3386 3854 3446 τῆς

469 3460 646 3520 etiam
675 3460 835 3523 idem
866 3459 1108 3531 accidit;
1144 3476 1337 3538 neque
1362 3458 1521 3519 enim
1547 3456 1899 3538 simpliciter
1914 3469 2115 3519 conta-

2201 3464 2473 3540 γνώσεως.
2526 3463 2654 3521 Οὔτε
2706 3463 2760 3518 δὲ
2803 3462 3028 3533 ἀλήθειά
3078 3463 3244 3543 ἐστιν,
3278 3463 3396 3521 οὕτε
3445 3468 3626 3547 σοφία,
3679 3471 3856 3526 καίτοι

469 3558 604 3611 ctus
624 3566 946 3629 corporeus
971 3550 1033 3609 ﬁt
1062 3547 1206 3608 dum
1232 3564 1484 3626 corpora
1512 3546 1977 3625 coniunguntur,
2008 3547 2114 3609 sed

2200 3574 2259 3630 γε
2314 3560 2406 3610 τοῦ
2454 3554 2636 3631 Κυρίου
2686 3551 2956 3631 λέγοντος*
3009 3553 3148 3632 Ἐγώ
3187 3554 3294 3627 εἰμι
3350 3554 3385 3622 ἡ
3446 3546 3699 3625 ἀλήθεια’
3762 3560 3854 3616 καὶ

469 3638 612 3702 dum
647 3639 705 3699 in
730 3637 1050 3700 sensilibus
1076 3635 1784 3699 excitantsensationem.
1821 3634 1987 3698 Sicut
2007 3635 2114 3697 ita-

2200 3643 2287 3697 τοῦ
2340 3640 2478 3698 θείου
2551 3639 2852 3700 ἀποστόλου
2909 3639 3135 3699 Παύλου¹
3209 3643 3434 3719 Χριστὸς
3494 3650 3626 3703 Θεοῦ
3686 3644 3853 3704 86v:-

467 3745 587 3805 que
617 3731 764 3799 haec,
792 3728 1057 3809 inquam,
1086 3744 1150 3789 se
1171 3725 1314 3816 582
1338 3725 1561 3816 habent
1588 3724 1650 3816 in
1685 3732 1843 3787 tactu
1875 3724 2107 3816 sensili,

2200 3750 2308 3808 μις,
2343 3732 2431 3787 καὶ
2489 3737 2621 3787 Θεοῦ
2651 3731 2831 3809 σοφίασ
2882 3731 2962 3786 ὃτι
3014 3729 3369 3799 αὐτοαλήθεια
3418 3734 3508 3789 καὶ
3557 3735 3851 3816 αὐτοσοφία

468 3818 554 3877 sic
567 3817 742 3879 etiam
769 3817 958 3896 cogita
979 3818 1039 3879 in
1065 3824 1221 3878 tactu
1244 3814 1579 3877 intellectili
1599 3815 1722 3877 sive
1745 3814 2105 3891 cognitione.

2200 3822 2329 3899 ἐστὶ,
2375 3820 2463 3875 καὶ
2513 3820 2643 3896 ὑπὲρ
2698 3820 2797 3886 τὴν
2843 3819 3109 3898 ἡμετέραν
3171 3819 3425 3891 ἀλήθειαν
3482 3823 3570 3879 καὶ
3628 3814 3846 3904 σοφίαν.

465 3904 673 3986 Neque
708 3924 852 3967 vero
888 3906 1108 3967 veritas
1140 3912 1249 3984 est,
1288 3922 1485 3985 neque
1518 3904 1836 3989 sapientia,
1876 3904 2111 3965 tametsi

2200 3910 2295 3966 Καὶ
2339 3905 2537 3981 ἄλλως,
2595 3908 2676 3964 ὃτι
2717 3906 2830 3965 οὐδὲ
2882 3919 3041 3968 ταῦτα
3093 3915 3223 3965 Θεοῦ
3273 3911 3450 3967 οὐσίαν
3496 3914 3842 3989 σημαίνουσι.

468 3995 761 4059 Dominus
782 3994 966 4057 dicat:
996 3994 1126 4073 Ego
1148 4010 1282 4056 sum
1304 3988 1598 4068 veritas‘;
1625 4002 1686 4055 et
1706 3993 1873 4055 divus
1900 3993 2111 4055 Paulus

2200 4000 2267 4056 Τὸ
2310 3995 2365 4053 δὲ
2397 3997 2450 4054 ἓν
2500 3999 2588 4054 καὶ
2630 4000 2664 4065 ἡ
2723 3997 2909 4065 ἑνότης
2956 3996 3208 4068 ἀλλήλων
3260 3996 3583 4080 διαφέρουσι·
3637 4004 3702 4059 τὸ
3744 4005 3846 4080 μὲν

465 4085 804 4164 apostolus:
832 4082 1112 4147 Christus
1142 4082 1252 4145 Dei
1280 4084 1564 4158 virtus,et
1601 4081 1713 4145 Dei
1734 4084 2113 4163 sapientiae;

2200 4088 2297 4166 γὰρ
2344 4090 2398 4145 ἓν
2431 4086 2594 4155 δηλοῖ
2630 4089 2693 4143 τὸ
2740 4088 3120 4163 ῦποιιείμενον,
3150 4087 3187 4154 ἡ
3233 4086 3289 4144 δὲ
3319 4090 3507 4157 ἑνότης
3540 4090 3711 4158 αὐτὴν
3754 4097 3856 4164 τὴν

467 4173 608 4255 quia
627 4175 755 4256 ipsa
775 4192 881 4255 per
909 4193 975 4237 se
997 4179 1234 4255 veritas,
1269 4180 1328 4236 et
1358 4190 1463 4253 per
1488 4191 1553 4235 se
1583 4171 1880 4254 sapientia
1906 4180 2022 4253 est,
2057 4180 2115 4233 et

2200 4179 2482 4243 ποιότητα*
2545 4176 2729 4255 ὥσπερ
2786 4176 2973 4235 λευκὸν
3031 4179 3118 4234 καὶ
3170 4177 3457 4259 λευκότης,
3504 4179 3711 4258 ἀγαθὸν
3767 4189 3858 4242 καὶ

466 4282 648 4345 supra
696 4274 961 4327 nostram
1011 4264 1323 4326 veritatem
1384 4271 1445 4324 et
1495 4260 2114 4350 sapientiam.Aliter

2200 4265 2488 4342 Ξίγαθότης·
2552 4265 2680 4324 Οὔτε
2744 4264 2799 4323 δὲ
2859 4268 2891 4334 ἡ
2941 4267 3128 4335 θεότης
3188 4268 3337 4324 οὐσία
3395 4268 3513 4325 ἐστὶ
3557 4278 3651 4328 τοῦ
3697 4281 3854 4350 Θεοῦ,

466 4361 668 4429 etiam,
703 4354 841 4435 quia
868 4373 977 4416 nec
1013 4354 1140 4416 haec
1176 4352 1281 4416 Dei
1320 4351 1713 4414 substantiam
1751 4349 2107 4429 signiﬁcant.

2200 4355 2372 4431 ὥσπερ
2406 4353 2522 4414 οῦδὲ
2555 4357 2587 4422 ἡ
2634 4356 2927 4433 ἆγαθότης³
2978 4356 3095 4416 οὐδὲ
3141 4358 3354 4434 πνεῦμά
3395 4357 3529 4433 ἐστι,
3563 4362 3741 4419 καίτοι

464 4441 659 4506 Unum
681 4452 879 4505 autem
903 4454 960 4505 et
983 4444 1179 4505 unitas
1200 4442 1274 4504 ab
1298 4440 1550 4503 invicem
1577 4441 1894 4515 diﬂ‘crunt;
1928 4440 2112 4521 siqui-

2200 4445 2248 4501 ἒν
2292 4457 2409 4510 τοῖς
2438 4449 2595 4509 θείοις
2652 4446 2996 4525 Εὐαγγελίοις
3032 4447 3328 4528 ἀκούομεν,
3364 4455 3577 4522 Πνεῦμα
3609 4453 3638 4508 δ
3699 4452 3857 4517 Θεός·

465 4534 601 4595 dem
633 4552 813 4594 unum
844 4533 1138 4627 signiﬁcat
1184 4531 1548 4627 subjectum,
1596 4529 1794 4627 unitas
1833 4548 1971 4627 vero
2013 4530 2106 4610 ip-

2200 4536 2281 4592 καὶ
2343 4532 2525 4609 πάλιν,
2560 4535 2630 4593 Τὸ
2691 4541 2907 4609 Πνεῦμα
2964 4541 3065 4603 τῆς
3113 4535 3389 4603 ἀληθείας*
3436 4537 3559 4593 ἀλλ’
3604 4540 3681 4603 ὡς
3711 4544 3858 4616 ἡμᾶς

469 4630 721 4683 sammet
743 4621 1081 4702 qualitatem
1103 4643 1119 4698 ;
1145 4623 1300 4685 sicut
1322 4621 1519 4683 album
1546 4628 1605 4682 et
1624 4621 1862 4695 albedo,
1887 4619 2107 4681 bonum

2200 4623 2386 4681 εἰδέναι
2445 4626 2575 4704 φησὶ
2605 4626 2670 4681 τὰ
2727 4628 3086 4705 μακαριστιιιὰ
3119 4628 3207 4683 καὶ
3266 4628 3558 4704 ἀγιαστικὰ
3616 4630 3858 4705 ὀνόματα

464 4718 526 4773 et
541 4712 800 4775 bonitas.
819 4710 1028 4793 Neque
1048 4730 1187 4774 vero
1204 4710 1486 4773 divinitas
1509 4709 1838 4771 substantia
1861 4720 1952 4770 est
1974 4707 2106 4785 Dei,

2200 4717 2299 4770 τῶν
2347 4720 2446 4786 τῇς
2490 4715 2644 4793 ἁγίας
2693 4714 2908 4792 Τριάδος
2958 4717 3322 4773 ὑποστάσεων*
3384 4723 3539 4775 τοῦτο
3583 4719 3688 4797 γὰρ
3726 4717 3855 4777 λαϐὲ

463 4801 964 4881 quemadmodum
990 4818 1185 4881 neque
1214 4799 1481 4870 bonitas;
1507 4817 1700 4880 neque
1723 4797 1966 4879 Spiritus
1998 4806 2107 4873 est,

2200 4805 2284 4860 καὶ
2331 4803 2552 4860 ἐνταῦθα
2579 4805 2666 4860 καὶ
2723 4803 2817 4861 ἐπὶ
2869 4805 3047 4873 πάσης
3086 4807 3408 4885 ἀποφάσεως
3464 4810 3526 4865 τὸ
3583 4808 3661 4873 ὡς
3705 4811 3851 4886 ἡμᾶς

463 4891 699 4952 tametsi
732 4892 789 4952 in
822 4890 1040 4951 divinis
1069 4890 1407 4967 Evangeliis
1438 4889 1750 4952 audiamus
1790 4909 1804 4951 :
1834 4889 2111 4970 Spiritus

2200 4890 2407 4973 είδέναι,
2439 4891 2603 4971 ἤγουν
2652 4894 2790 4950 κατὰ
2837 4896 2935 4962 τὴν
2978 4895 3247 4975 ἥμετέραν
3295 4893 3537 4973 δύναμιν’
3587 4897 3663 4956 0'3
3717 4898 3849 4976 μέν⁶

463 4988 547 5039 est
578 4980 738 5042 Deus
759 4977 817 5054 ll;
843 4986 901 5039 et
922 4997 1185 5041 rursum:
1212 4978 1495 5060 Spiritus
1513 4979 1929 5054 veritatis;sed
1952 4979 2111 5043 sicut

2200 5005 2272 5039 τοι
2326 5003 2386 5061 γε
2439 4984 2585 5041 οὐσία
2626 4984 2692 5040 τὰ
2729 4983 3147 5061 ἀπηριθμημὲνα
3194 4992 3349 5066 Θεοῦ,
3393 4987 3428 5054 ἡ
3481 4985 3787 5070 ἀγαθότης,
3815 4990 3848 5057 ἡ

463 5087 573 5131 nos
604 5068 761 5130 scire
783 5067 863 5130 ait
884 5067 1058 5130 beata
1085 5068 1182 5130 illa
1205 5077 1528 5150 sanctaque
1554 5067 1798 5131 nomina
1822 5086 2108 5148 persona-

2200 5070 2403 5151 θεότης,
2460 5070 2556 5128 καί
2592 5072 2657 5128 τὰ
2717 5070 2902 5152 λοιπὰ,
2935 5072 3076 5129 ἀλλὰ
3128 5072 3251 5140 δόξα
3306 5075 3424 5151 περὶ
3465 5075 3624 5133 αὐτὸν
3683 5067 3844 5137 ἐστιν.

462 5176 597 5219 rum
642 5154 1035 5221 sanctissimae
1077 5158 1420 5236 Trinitatis;
1454 5161 1567 5221 hoc
1602 5159 1763 5220 enim
1796 5157 1894 5219 hic
1926 5160 2101 5221 etiam

2200 5158 2342 5218 Οὕτω
2374 5162 2461 5217 καὶ
2492 5164 2519 5217 ὁ
2548 5160 2799 5239 θεολόγος
2845 5164 3134 5241 Γρηγόριος
3194 5162 3250 5220 ἐν
3280 5170 3357 5238 τῷ
3384 5163 3544 5242 τρίτῳ
3589 5171 3706 5222 τῶν
3748 5169 3846 5225 αὖ.

463 5247 692 5328 accipe,
731 5255 789 5310 et
817 5254 877 5309 in
911 5247 1075 5309 omni
1108 5249 1449 5329 negatione,
1486 5256 1661 5327 prout
1689 5246 1967 5310 videlicet
1998 5267 2108 5310 nos

461 5334 870 5416 intelligimus,
906 5338 1035 5398 sive
1067 5337 1399 5399 secundum
1433 5344 1695 5399 nostram
1730 5336 2109 5416 intelligendi

462 5422 823 5490 facultatem.
843 5428 974 5491 Non
987 5426 1149 5489 enim
1165 5444 1237 5490 ea
1248 5425 1375 5507 jam
1397 5434 1746 5491 enumerata
1765 5438 1832 5490 ut
1851 5425 2107 5506 bonitas,

543 5600 567 5647 ἲ
592 5598 767 5667 Joan.
798 5620 921 5681 xiv,
952 5605 1014 5665 6.

1099 5615 1131 5662 ε
1154 5601 1183 5666 Ι
1206 5603 1347 5671 Cor.
1377 5619 1422 5684 ι,
1452 5603 1559 5671 24.
1641 5605 1673 5649 ιι
1696 5600 1869 5669 Joan.
1894 5618 1976 5685 Iv,
2022 5600 2124 5669 24.

2190 5257 2283 5307 τοῦ
2334 5247 2667 5329 Θεολογικῶν
2697 5248 2872 5329 λόγων
2915 5249 3084 5330 λέγει,
3117 5255 3191 5313 ὡς
3251 5252 3369 5309 οὔτε
3394 5255 3430 5320 ἡ
3475 5257 3696 5331 θεοτης,
3732 5255 3846 5313 οὔτε

2190 5340 2253 5395 τὸ
2283 5337 2595 5417 ἀγέννητον,
2631 5340 2746 5396 οὔτε
2790 5340 2823 5407 ἡ
2855 5342 3124 5420 πατρότης
3166 5341 3349 5399 οὖσίαν
3378 5344 3630 5417 σημαίνει
3689 5347 3845 5404 Θεοῦ.

2194 5429 2283 5497 Μὴ
2317 5429 2622 5507 ταραττέτω
2651 5425 2706 5485 δέ
2756 5448 2815 5484 σε
2845 5429 2929 5487 τὸ·
2972 5428 3103 5490 Οὔτε
3133 5430 3162 5488 ὃ
3192 5433 3325 5497 Θεὸς
3380 5430 3496 5490 οἶδε
3542 5433 3611 5492 τὰ
3653 5432 3847 5513 ὄνταῇ
