4054 6424
424 321 575 386 1063

1588 319 1646 384 S.
1696 323 2039 387 DIONYSII
2092 325 2530 390 AREOPAGIT
2545 325 2633 388 ΖΕ.

3666 325 3815 392 1064

418 475 527 538 per
552 475 618 520 se
648 457 1000 531 absolutam,
1036 474 1153 518 non
1175 463 1372 517 autem
1401 472 1534 517 esse
1563 455 1869 517 veritatem
1891 472 2058 516 men-

2149 465 2320 515 Ταῦτα
2349 481 2475 538 γουν
2528 461 2593 516 τὰ
2623 460 2739 534 μετ’
2773 459 2929 517 αὐτὸν
2970 463 3055 516 καὶ
3105 460 3334 522 τιθέντες
3365 463 3454 518 καὶ
3502 461 3813 540 mpsim-5w-

417 547 604 609 daciis
639 545 996 627 Oppositam,
1027 563 1160 625 quae
1191 545 1250 604 in
1284 544 1404 606 Deo
1434 552 1628 624 negat,
1658 544 1938 625 quoniam
1972 564 2068 604 su-

419 655 524 717 pra
553 635 668 697 ima
691 643 1000 715 exemptus
1031 633 1258 696 est.Hic
1289 644 1486 694 autem
1522 633 1691 695 dicit:
1711 631 1829 695 Nec
1859 651 2065 694 eorum

417 745 549 806 quae
570 726 643 787 ad
664 724 1104 804 aliquid,magis
1125 734 1318 784 autem
1347 740 1557 784 eorum
1581 741 1712 802 qua;
1736 722 2065 784 secundum

417 815 812 898 privationem
849 822 906 876 et
931 814 1191 874 habitum
1227 812 1788 892 exsistuntzutquod
1809 831 1877 873 ex
1905 823 2066 873 tene-

419 907 544 968 bris
566 906 624 966 in
657 905 856 965 lumen
883 923 1002 966 non
1027 901 1716 981 sitcommutatus,quasi
1740 920 1807 962 ex
1839 901 2066 962 lumine

417 995 575 1078 quod
611 1004 834 1057 tantum
891 1001 982 1054 est
1031 991 1269 1064 virtute,
1305 999 1562 1051 mutatus
1615 991 1690 1052 sit
1746 989 1808 1051 in
1862 993 2063 1052 lumen

419 1084 578 1167 quod
601 1097 733 1146 actu
753 1091 840 1143 est
863 1083 1060 1143 lumen
1076 1098 1291 1158 ;neque
1314 1098 1548 1140 rursum
1569 1098 1638 1142 ex
1661 1097 1864 1141 errore
1881 1079 2065 1140 exsis-

419 1181 559 1254 stat,
598 1174 828 1235 scilicet
858 1190 924 1233 ex
959 1170 1214 1230 veritate
1243 1169 1500 1248 virtuali,
1534 1169 1594 1230 in
1625 1169 1934 1230 veritatem
1967 1189 2055 1230 ac-

421 1265 634 1326 tualem
660 1270 1058 1324 commutatus
1087 1279 1102 1335 ;
1139 1260 1263 1321 h'BC
1296 1259 1456 1320 enim
1483 1261 1686 1320 omnia
1710 1259 1839 1338 ipso
1870 1266 2064 1338 poste-

2151 569 2264 622 τες,
2302 551 2454 607 αὐτὸν
2513 551 2602 604 τὸν
2663 551 2790 604 Θεὸν
2850 547 2967 605 οὕτε
3025 549 3260 623 τίθεμεν,
3303 549 3466 626 ἤγουν
3527 549 3578 615 ἐξ
3641 553 3816 608 αὖτῶν

2152 653 2248 703 τὴν
2307 638 2484 694 οὖσίαν
2517 639 2671 694 αὗτλῦ
2724 638 3072 716 γνωρίζομεν,
3106 637 3223 694 οὔτε
3283 639 3610 718 ἀφαιροῦμεν
3671 663 3816 696 παν-

2150 728 2315 791 τελῶς
2359 727 2495 784 ὥστε
2547 726 2743 790 τελέως
2795 727 3037 792 ἄληπτον
3089 728 3254 800 εἶναι,
3315 730 3393 801 (τὸ
3457 731 3558 804 γὰρ
3616 729 3815 793 τελέως

2150 815 2409 892 ἄληπτον,
2448 815 2762 873 ἀνέλπιστον
2793 820 2878 872 καὶ
2940 816 3409 896 ἀνεπιχείρητον)·
3449 815 3569 872 ἀλλ’
3604 820 3814 881 εἰκόνας

2156 907 2294 974 ςινὰς
2346 907 2405 960 ἐκ
2452 913 2557 960 τῶν
2616 907 2732 982 περὶ
2794 905 2948 960 αὒτὸν
2995 905 3447 979 ἀναματτόμενοι,
3483 903 3711 984 ἀμυδρόν
3764 927 3814 961 τι

2147 995 2442 1071 συνάγυμεν
2472 1000 2571 1061 τῆς
2631 994 2879 1061 ἀληθείαις
2939 991 3198 1071 ἴνδαλμα,
3232 994 3344 1050 ἐπεὶ
3375 997 3462 1050 καὶ
3507 995 3639 1070 ὑπὲρ
3697 1000 3814 1050 πᾶ-

2148 1103 2244 1136 σαν
2286 1083 2431 1139 θέσιν
2464 1083 2623 1156 ἐπὶν,
2650 1085 2721 1147 ὡς
2767 1082 3067 1159 ἐξῃρημένη
3102 1083 3241 1137 αἰτία
3271 1083 3505 1138 πάντων
3540 1085 3628 1138 καὶ
3677 1083 3812 1156 ὑπὲρ

2147 1178 2320 1226 πᾶσιν
2371 1172 2640 1250 ἀφαίρεσιν
2701 1172 2752 1227 ἐν
2818 1179 2894 1227 τῶ
2964 1172 3095 1226 κατὰ
3155 1168 3420 1245 μηδεπίκν
3481 1177 3585 1227 τῶν
3642 1171 3814 1227 ὄντων

2146 1261 2417 1338 ἀφαίρεσιν
2467 1263 2524 1316 τὸ
2587 1269 2745 1317 Θεϊον
2790 1262 3166 1338 γινώσκεσθκιο
3230 1259 3627 1336 ἀπολελυμένον
3703 1262 3808 1338 γὰρ

413 1354 571 1416 riora
605 1360 764 1428 sunt;
797 1359 856 1412 et
877 1350 1102 1428 lumen,
1128 1359 1188 1410 et
1218 1348 1434 1410 veritas
1470 1348 1654 1428 ipsius
1699 1348 2064 1428 providentia

2149 1351 2382 1429 πάντων,
2430 1354 2520 1407 καὶ
2556 1351 2769 1406 πάντων
2813 1352 2954 1406 ἐστὶν
2986 1350 3257 1411 ἐπέκεινα,

413 1444 636 1508 lucent.
658 1442 862 1521 Neque
893 1439 1128 1519 penitus
1148 1439 1278 1516 ejus
1309 1451 1402 1498 est
1427 1436 1667 1516 positio,
1702 1446 1763 1497 ut
1795 1437 1870 1497 sit
1910 1437 1999 1498 vel
2034 1437 2148 1498 vita
2174 1438 2266 1499 vel
2302 1438 2540 1512 veritas,
2577 1439 2666 1499 vel
2699 1439 3025 1519 quidquam
3051 1437 3212 1498 aliud
3246 1456 3458 1499 eorum
3483 1457 3617 1519 qua;
3639 1445 3808 1500 sunt.

412 1534 618 1612 Neque
651 1548 887 1591 rursum
922 1527 1266 1589 omnimoda
1286 1527 1530 1601 ablatio,
1564 1535 1627 1587 ut
1648 1527 1810 1588 nullo
1840 1526 2015 1588 modo
2043 1528 2366 1608 quidquam
2392 1527 2504 1602 sit;
2539 1527 2645 1590 sed
2677 1545 2881 1589 earum
2905 1546 3037 1608 quae
3067 1541 3198 1607 post
3231 1536 3392 1588 584
3425 1527 3620 1608 ipsum
3644 1535 3810 1600 sunt,

411 1623 642 1685 scilicet
671 1619 1295 1691 creaturarum,etiam
1331 1617 1657 1698 positiones
1685 1626 1745 1680 et
1775 1617 2106 1680 ablationes
2137 1617 2382 1694 faciunt;
2407 1620 2735 1699 positiones
2757 1618 3215 1700 quidem,veluti
3247 1624 3449 1693 vitam,
3471 1619 3806 1691 veritatem,

411 1731 544 1788 ens;
570 1712 898 1773 ablationes
930 1727 1092 1778 vero,
1115 1708 1296 1769 veluti
1331 1727 1448 1768 non
1483 1707 1682 1782 vitam,
1711 1727 1827 1768 non
1855 1707 2189 1782 veritatem,
2219 1727 2337 1769 non
2363 1727 2491 1769 ens.
2523 1707 2660 1770 Haec
2683 1707 2882 1789 itaque
2909 1727 3039 1788 quae
3065 1719 3195 1788 post
3226 1708 3421 1787 ipsum
3446 1716 3812 1788 sunt,etpo—

410 1809 624 1863 nentes
650 1811 712 1862 et
737 1796 1295 1870 auferentes,Deum
1314 1795 1506 1875 ipsum
1535 1815 1726 1876 neque
1741 1798 2040 1876 ponimus,
2064 1797 2184 1856 sive
2217 1815 2285 1857 ex
2313 1797 2460 1877 ipsis
2481 1798 2870 1859 substantiam
2899 1798 3030 1876 ejus
3045 1798 3370 1872 noscimus,
3407 1815 3600 1876 neque
3631 1796 3811 1858 aufe-

409 1889 599 1952 rimus
629 1890 894 1962 omnino,
927 1896 990 1947 ut
1035 1886 1133 1966 qui
1168 1886 1433 1962 perfecte
1464 1885 2093 1966 incomprehensibilis
2151 1886 2384 1947 exsistit
2419 1887 2599 1967 (quod
2633 1887 2790 1948 enim
2835 1887 3097 1966 perfecte
3130 1895 3220 1947 est
3275 1887 3810 1966 incomprehensi-

410 1979 557 2054 bile,
605 1987 663 2040 et
695 1996 864 2053 Spem
921 1985 979 2037 et
1009 1985 1286 2035 conatum
1347 1975 1634 2055 excedit),
1665 1993 1867 2038 verum
1914 1975 2204 2053 imagines
2234 1977 2518 2056 quasdam
2559 1995 2629 2037 ex
2680 1977 2752 2036 iis
2783 1995 2916 2057 qua)
2970 1979 3127 2036 circa
3176 1977 3369 2056 ipsum
3405 1989 3539 2036 sunt
3590 1975 3810 2036 conci-

411 2077 644 2140 nanles,
677 2067 996 2129 obscurum
1028 2062 1342 2144 quemdam
1376 2065 1642 2125 veritatis
1671 2080 2030 2142 conceptum
2058 2067 2503 2145 componimus,
2531 2065 3010 2145 quandoquidem
3046 2065 3318 2144 sitsupra
3347 2084 3582 2127 omnem
3619 2065 3806 2126 etiam

414 2157 792 2239 positionem,
825 2163 1106 2236 tanquam
1161 2164 1443 2232 esempta
1471 2171 1672 2215 rerum
1732 2153 2001 2216 omnium
2065 2172 2262 2232 causa,
2299 2163 2356 2216 et
2389 2173 2574 2231 supra
2625 2172 2865 2216 omnem
2892 2154 3264 2218 ablutionem
3319 2155 3627 2235 collocata,
3665 2174 3808 2216 cum

413 2246 741 2308 secundum
801 2245 1019 2307 nullam
1071 2259 1272 2304 rerum
1322 2242 1679 2306 ablationem
1733 2241 1894 2305 Deus
1944 2252 2383 2325 cognoscatur;
2438 2245 2732 2325 siquidem
2793 2245 2868 2306 ab
2923 2243 3200 2305 omnibus
3254 2243 3584 2324 absolutus,
3623 2246 3806 2305 etiam

414 2352 595 2416 supra
624 2336 828 2398 omnia
855 2335 1110 2399 exsistit.
