4054 6416
278 367 429 434 1081

1682 362 2055 428 EPISTOLA
2113 363 2250 429 VII.

3516 345 3669 414 1082

268 503 486 577 Ἐζεκίᾳ
532 498 920 581 καθυποτάξαν,
972 507 1046 562 ὥς
1091 499 1149 556 ἄν
1207 500 1395 575 ίσοθέῳ
1452 501 1555 557 τινὶ
1613 501 1702 557 καὶ
1749 501 1910 578 ὑπὲρ·

2021 508 2175 562 stum
2203 505 2429 560 motum
2461 495 2536 558 ad
2574 495 2786 558 decem
2817 489 2995 554 horas
3019 495 3424 581 contractum,
3460 487 3665 549 denuo

269 593 461 674 έχοντι
509 592 632 655 τοὺς
690 590 1023 668 ἀνθρώπους.
1087 591 1182 648 Καὶ
1243 592 1300 648 οὖ
1362 589 1531 660 δήπου
1582 590 1718 668 φημῖ
1750 591 1842 654 τὰς
1875 588 1927 645 έν

269 683 528 762 Αἰγύπτῳ
581 679 1000 759 μεγαλουργίας,
1050 678 1086 746 ἥ
1145 679 1310 743 ἄλλας
1342 682 1485 744 τινὰς
1529 679 1773 759 ἀλλαχοῦ
1803 684 1929 736 θεο-

267 775 504 847 σημείας
550 769 944 850 γεγενημένας,
1017 767 1157 826 ἀλλὰ
1212 770 1276 826 τὰ
1337 771 1487 826 κοινὰ
1551 771 1637 825 καὶ
1689 770 1926 846 οὗράνια,

349 862 363 884 \
402 864 413 880 ι
551 866 578 876 ο
784 859 798 878 \
930 860 944 880 ἱ
1021 865 1044 873 υ
1147 861 1174 913 θ
1311 856 1342 882 ρ
1373 857 1454 915 ’θ’
1748 859 1761 879 ς
1827 859 1842 876 \

265 883 366 918 και
403 883 454 916 εν
514 881 588 934 τῳ
644 880 800 915 παντι
857 881 946 914 και
973 881 1103 914 πασι
1179 880 1400 933 ριαμοευ
1434 879 1580 916 εντα.
1625 864 1766 924 Φησι
1795 856 1849 913 δε

268 951 490 1015 πάντως
553 947 967 1026 Ἀπολλοφάνης
1003 997 1018 1028 ,
1085 949 1178 1005 οὒκ.
1235 960 1380 1004 εῖναι
1440 954 1604 1004 ταῦτα
1686 947 1857 1016 ἀληθῆ
1914 962 1927 976 '

266 1039 509 1116 μάλιστα
593 1039 690 1113 μὲν
761 1040 1033 1094 οὖντοῦτο
1117 1050 1241 1101 ταῖς
1343 1040 1557 1115 Περσῶν
1633 1039 1934 1114 ἷερατικαῖς

267 1130 560 1209 ἐμφέρεται
621 1129 855 1207 φήμαις,
919 1130 1006 1184 καὶ
1061 1126 1222 1183 εἰσέτι
1267 1128 1428 1205 μάγοι
1497 1128 1560 1183 τὰ
1617 1129 1934 1202 μνημόσυνα

267 1223 370 1278 τοῦ
400 1218 710 1296 τριπλασίου
769 1221 960 1296 Μιθρου
1021 1216 1282 1276 τελοῦσιν.
1348 1216 1500 1274 Ἀλλ’
1561 1217 1756 1282 ἐξέστω
1789 1220 1930 1292 αὒτῷ

262 1312 486 1372 τούτοϊς
531 1307 614 1364 διὰ
655 1309 753 1375 τὴν
780 1305 998 1385 ἂγνοιαν
1029 1307 1063 1375 ἢ
1109 1307 1206 1374 τὴν
1265 1307 1502 1384 ἀπειρίαν
1565 1305 1624 1356 49
1656 1307 1928 1372 ἀπιστεῖν,

268 1401 411 1457 Εἰπὲ
465 1397 519 1455 δὲ
577 1402 741 1471 αὐτῷ·
803 1399 862 1456 Τί
892 1396 1067 1475 λέγεις
1127 1397 1245 1476 περὶ
1306 1402 1400 1464 τῆς
1446 1396 1499 1452 ἐν
1543 1405 1617 1472 τῷ
1688 1400 1935 1477 σωτηρίῷ

269 1496 491 1567 σταυρῷ
529 1488 802 1566 γεγονυίας
861 1485 1201 1562 ὲκλείψεως;
1261 1486 1543 1566 ἀμφοτέρω
1606 1487 1706 1566 γὰρ
1789 1488 1934 1566 τότε,

265 1580 418 1636 κατὰ
478 1571 818 1634 Ἡλιούπολιν
847 1574 902 1618 ⁴3
931 1577 1041 1651 ἃμα
1083 1584 1316 1653 παροντε
1369 1599 1426 1632 τε
1471 1579 1559 1632 καί
1617 1584 1930 1650 συνεστῶτε,

267 1665 586 1748 παραδόξως
645 1689 722 1741 τῳ
778 1665 915 1738 ἡλίῳ
945 1667 1042 1732 τῆν
1075 1665 1306 1734 σελήνῆν
1351 1667 1719 1742 ἐμπίπτουσαν
1750 1669 1933 1748 ἑωρῶ-

270 1779 377 1831 μεν
439 1757 520 1835 (οὗ
565 1756 664 1834 γάρ
720 1760 786 1822 ἦν
859 1755 1075 1810 συνόδου
1132 1758 1353 1834 καιρὸς).

2012 589 2196 668 gradu
2253 586 2625 666 retrogrado,
2657 583 2790 646 aliis
2827 582 2971 645 item
3006 580 3216 642 decem
3250 579 3412 642 horis
3456 595 3668 668 novam

2015 667 2330 761 quamdam
2365 684 2637 740 semitam
2671 673 2964 745 ineundo,
2999 669 3337 751 reperierit;
3371 669 3530 750 quod
3559 667 3670 729 uti-

2015 790 2134 845 que
2191 769 2547 850 Babylonios
2591 767 2733 847 jure
2763 763 2975 825 merito
3006 761 3429 839 consternavit,
3479 767 3537 820 et
3565 776 3669 820 eos

2013 859 2285 922 Ezechiae
2313 869 2598 939 tanquam
2629 856 2753 919 Deo
2785 853 3034 935 suppari
3067 851 3528 931 similive,atque
3559 850 3670 910 ho-

2019 949 2276 1011 minibus
2310 947 2732 1028 praestantiori,
2771 945 2902 1008 sine
2937 961 3130 1024 pugna
3161 941 3414 1020 subegit.
3450 939 3670 1028 Omitto

2018 1058 2149 1120 quae
2183 1044 2240 1101 in
2273 1027 2524 1118 [Egypto
2578 1036 2891 1115 magniﬁce
2944 1040 3108 1112 gesta
3139 1039 3298 1104 sunt,
3340 1039 3517 1110 atque
3563 1027 3676 1088 alia

2017 1130 2288 1210 quadarn
2322 1130 2512 1207 signa.
2543 1145 2674 1209 quae
2704 1126 2844 1187 alibi
2881 1123 3166 1184 divinitus
3229 1128 3455 1201 patrata
3481 1128 3623 1180 sunt
3652 1137 3668 1192 ;

2017 1221 2140 1282 haec
2173 1228 2402 1282 tantum
2439 1236 2704 1282 memoro
2736 1235 2869 1298 quia
2901 1220 3034 1277 sunt
3063 1212 3234 1273 obvia
3257 1211 3666 1288 caelestiaque,

2017 1318 2075 1371 et
2099 1328 2206 1390 per
2265 1310 2602 1371 universum
2660 1307 2867 1371 orbem
2915 1303 2988 1366 ab
3020 1302 3298 1364 omnibus
3343 1300 3667 1362 celebrata.

2019 1402 2138 1464 Sed
2173 1401 2417 1461 omnino
2452 1399 2608 1461 dicet
2639 1394 3232 1478 Apollophanes,ista
3257 1390 3504 1453 minime
3532 1407 3672 1452 vera

2020 1511 2152 1553 esse
2189 1513 2204 1568 ;
2238 1499 2498 1552 attamen
2529 1490 2589 1550 id
2623 1489 2712 1550 vel
2759 1485 3016 1548 maxime
3067 1481 3210 1544 595
3235 1481 3419 1544 sacris
3451 1484 3668 1544 Persa-

2020 1601 2151 1644 rum
2209 1579 2615 1642 monumentis
2665 1579 3020 1654 celebratur,
3083 1584 3264 1652 atque
3351 1573 3672 1633 etiamnum

2025 1673 2178 1750 magi
2200 1672 2451 1753 triplicis
2468 1670 2812 1745 Mithri,sive
2832 1668 3348 1744 solis,memoriam
3375 1663 3670 1736 recolunt.

1443 1761 1586 1821 αϋθις
1653 1780 1711 1813 τε
1771 1758 1932 1824 αυτὴν

2025 1764 2242 1823 Verum
2293 1763 2378 1823 illi
2413 1763 2592 1825 liceat
2642 1762 2764 1822 sive
2797 1778 2903 1840 per
2961 1756 3376 1836 ignorantiam,
3413 1753 3536 1814 sive
3568 1771 3675 1833 per

269 1847 386 1903 ἀπὸ
417 1852 512 1913 τῆς
543 1845 766 1912 έννάτης
827 1845 969 1924 ὥρας
1021 1844 1152 1925 ἄχρι
1203 1847 1299 1913 τῆς
1372 1846 1596 1925 ἑσπέρας
1647 1849 1718 1912 εἰς
1774 1851 1835 1903 τὸ
1877 1848 1933 1897 44

2023 1854 2345 1924 inscitiam,
2398 1854 2523 1914 istis
2554 1852 2731 1912 ﬁdem
2759 1851 3080 1930 derogare;
3107 1847 3210 1907 sed
3247 1845 3342 1906 dic
3368 1845 3475 1906 illi:
3512 1843 3670 1916 Quid

268 1947 372 1995 τοῦ
421 1937 576 2004 ἡλίου
635 1933 917 2010 διάμετρον
949 1938 1225 2016 ὑπερφυῶς
1259 1939 1738 1996 ἀντικαταστᾶσαν.
1773 1935 1937 1993 Ἀνά-

271 2049 487 2102 μνησον
542 2024 596 2080 δέ
657 2047 707 2080 τι
741 2027 837 2082 καὶ
893 2025 1072 2101 ἕτερον
1128 2026 1306 2084 αὐτόν’
1361 2023 1477 2082 οἶδε
1523 2027 1644 2104 γὰρ,
1698 2025 1777 2082 ὅτι
1840 2032 1937 2083 καὶ

268 2117 378 2183 τὴν
423 2114 696 2190 ἔμπτωσιν
745 2118 909 2182 αὐτὴν
969 2114 1019 2181 ἐξ
1077 2114 1350 2172 ἆνατολων
1406 2116 1718 2192 ἑωράκαμεν
1774 2115 1936 2194 ἀρξα-

273 2205 473 2282 μένην,
532 2207 619 2262 καί
682 2204 846 2285 μέχρι
907 2207 998 2262 τοῦ
1073 2205 1300 2272 ἡλιακοῦ
1361 2204 1587 2283 πέρατος
1661 2205 1935 2285 ἐλθοῦσαν,

271 2310 403 2354 εϊτα
462 2294 878 2374 ἅναποδίσασαν,
938 2297 1025 2351 καὶ
1083 2296 1230 2356 αὖθις
1291 2297 1380 2352 οὖν
1442 2297 1502 2352 ἑκ
1532 2295 1622 2351 τοῧ
1656 2296 1815 2352 αὒτοῦ
1843 2298 1937 2352 καί

272 2388 378 2454 τὴν
439 2385 716 2461 ἔμπτωσιν
776 2387 862 2442 καὶ
914 2387 1014 2452 τὴν
1099 2387 1477 2462 ἀνακάθαρσιν,
1550 2384 1671 2441 ἀλλ’
1729 2385 1787 2441 ἐκ
1847 2387 1938 2441 τοῦ

273 2489 421 2532 κατὰ
479 2474 758 2551 διάμετρον
819 2475 1051 2532 ἐναντίου
1095 2475 1483 2553 γεγενημένην.
1517 2474 1754 2532 Τοσαῦτα
1825 2474 1936 2530 ἐστι

273 2573 375 2623 τοῦ
434 2567 555 2622 τότε
629 2573 811 2641 καιροῦ
843 2567 908 2621 τὰ
969 2566 1207 2643 ὑπερφυῆ
1266 2570 1352 2620 καί
1384 2565 1532 2638 μόνῳ
1591 2571 1808 2643 Χριστῷ
1861 2572 1938 2638 τῷ

272 2657 545 2728 παναιτίῳ
602 2653 812 2734 δυνατὰ³
863 2657 940 2728 τῷ
992 2655 1226 2711 ποιοῦντι
1285 2652 1493 2732 μεγάλα
1539 2656 1626 2709 καὶ
1709 2654 1930 2728 ἐξαίσια,

273 2745 354 2801 ὧν
391 2746 486 2801 οὒκ
516 2744 658 2801 ἐστιν
689 2743 941 2820 ἀριθμός.

2024 1943 2211 2003 sentis
2243 1944 2316 2004 de
2348 1943 2449 2003 illa
2484 1943 2627 2003 solis
2646 1944 3007 2012 defectione,
3027 1957 3162 2018 quae
3183 1935 3393 1996 accidit
3415 1936 3472 1995 in
3497 1952 3676 1996 cruce

2024 2033 2264 2094 salutari
2296 2039 2323 2095 ?
2346 2031 2512 2093 Tunc
2546 2034 2705 2094 enim
2729 2013 3474 2112 ambojux'IaHeliopolim
3505 2043 3671 2112 prte-

2024 2124 2225 2174 sentes
2255 2114 2434 2175 simul
2461 2122 2519 2174 et
2568 2123 2849 2181 astantes,
2887 2108 3144 2174 mirabili
3175 2110 3404 2171 ratione
3435 2108 3542 2170 soli
3577 2110 3672 2170 lu-

2023 2221 2156 2264 nam
2185 2202 2529 2264 coincidere
2559 2203 3187 2281 cernebamus(neque
3213 2211 3411 2262 tamen
3440 2211 3675 2278 tempus

2021 2293 2461 2372 conjunctionis
2493 2293 2668 2372 erat),
2699 2293 3009 2373 ipsamque
3053 2309 3280 2363 rursus,
3317 2290 3429 2350 sub
3465 2289 3670 2349 horam

2021 2402 2236 2443 nonam
2270 2384 2986 2464 vespertinam,diametro
3016 2384 3129 2445 soli
3163 2381 3436 2461 opposito
3466 2395 3673 2458 super-

2024 2473 2370 2534 naturaliter
2400 2475 2656 2536 restitui.
2692 2473 2842 2545 Quin
2879 2475 3054 2534 etiam
3089 2473 3150 2535 in
3198 2472 3550 2532 memoriam
3589 2467 3674 2528 illi

2020 2582 2241 2624 revoca
2273 2563 2555 2643 quiddam
2592 2563 2751 2624 aliud
2787 2585 2802 2636 ;
2831 2565 2945 2624 scit
2974 2559 3465 2644 enim,quomodo
3499 2559 3672 2619 vide-

2018 2654 2204 2714 rimus
2257 2654 2426 2716 illum
2475 2652 2628 2714 lunae
2679 2672 2996 2714 occursum
3029 2654 3100 2715 ab
3135 2653 3364 2715 oriente
3395 2647 3670 2729 cmpisse,

2019 2752 2078 2804 et
2104 2760 2288 2822 usque
2318 2743 2389 2804 ad
2437 2743 2579 2804 solis
2603 2745 3036 2805 extremitatem
3063 2744 3511 2823 pervenisse,ac
3547 2749 3669 2801 tum

276 2834 528 2894 demum
561 2833 871 2908 resiliisse,
905 2841 965 2895 et
995 2852 1256 2913 rursum,
1294 2851 1410 2893 non
1443 2851 1513 2893 ex
1546 2832 1755 2895 eadem
1798 2843 1962 2912 parte
2003 2850 2315 2896 oceursum
2349 2833 2515 2894 illum
2550 2846 2609 2893 et
2640 2851 2946 2896 recessum
2977 2835 3298 2903 exstitisse,
3333 2832 3434 2893 sed
3470 2849 3540 2892 ex
3570 2830 3672 2890 ad-

277 2941 451 2986 verso
483 2923 785 2986 diametri.
822 2925 946 2986 Ista
971 2936 1134 3005 sunt,
1170 2942 1300 3004 qua;
1333 2931 1475 2985 tunc
1506 2942 1687 3003 supra
1718 2933 1992 2985 naturam
2027 2926 2269 2984 omnino
2295 2923 2697 3002 contigerunt,
2720 2937 2778 2985 et
2801 2944 2834 2986 a
2865 2925 2992 2986 solo
3015 2942 3219 2986 rerum
3246 2922 3509 2985 omnium
3535 2939 3674 2982 con-

275 3013 477 3076 ditore
509 3013 742 3075 Christo
775 3014 909 3077 fieri
938 3022 1207 3096 possunt,
1240 3011 1340 3095 qui
1372 3012 1514 3076 facit
1547 3031 1757 3093 magna
1789 3032 1857 3075 ac
1889 3014 2182 3095 stupenda
2212 3031 2462 3094 quorum
2502 3031 2620 3074 non
2651 3021 2740 3076 est
2775 3033 3080 3077 numerus.

1885 3181 1915 3255 ἒ
1973 3174 2083 3239 III.

365 3343 563 3415 Ταῦτα,
610 3337 664 3392 εἴ
737 3360 820 3394 σοι
877 3338 1113 3412 θεμιτὸν,
1177 3339 1314 3418 εἰπὲ,
1374 3343 1506 3420 καὶ,
1547 3342 1614 3396 ἐἰ
1693 3338 1930 3413 δυνατὸν,

2099 3336 2262 3418 Hac,
2317 3337 2368 3398 si
2399 3337 2482 3398 fas
2535 3345 2645 3416 est,
2681 3337 2736 3398 ei
2768 3337 2976 3419 dicito,
3027 3346 3209 3420 tuque
3232 3337 3674 3420 Apollophanes

274 3425 704 3505 Ἀπολλὸφανες,
787 3425 1236 3506 έξέλεγχεῧκαὶ
1288 3431 1416 3504 πρὸς
1497 3429 1594 3503 ἐμὲ
1649 3432 1742 3486 τὸν
1814 3431 1934 3486 τότε

277 3518 368 3571 καὶ
425 3516 768 3594 συμπαρόντα
823 3541 928 3591 σοι,
1005 3519 1524 3599 καίσυνεωρακὸτα,
1585 3521 1671 3580 καὶ
1703 3542 1932 3576 συνανα-

279 3606 528 3685 κρίναντα
573 3607 768 3680 πάντα,
802 3609 888 3663 καὶ
947 3608 1334 3685 σοναγάμενον.
1382 3607 1598 3684 Ἀμέλει
1657 3611 1744 3665 καὶ
1793 3632 1934 3684 μαν-

280 3707 422 3760 τείας
455 3699 599 3774 τότε,
632 3697 726 3752 οὒκ
757 3693 846 3752 οἶδ
858 3687 866 3705 ’
922 3697 1060 3772 ὃθεν,
1096 3699 1123 3752 ὁ
1154 3696 1562 3776 Ἀπολλοφάνης
1605 3698 1932 3778 ἀποὶρχεται²

278 3787 537 3861 καὶπρὸς
581 3788 699 3860 εμὲ,
734 3786 914 3862 ὥσπερ
946 3787 1009 3842 τὰ
1062 3788 1352 3864 γιγνόμενα
1399 3786 1741 3868 συμϐάλλων,
1807 3786 1929 3868 ἔφη·

279 3874 483 3954 Ταῦτα,
515 3878 560 3931 ὧ
611 3874 742 3935 καλὲ
810 3877 1067 3949 Διονύσιε,
1120 3877 1271 3933 θείων
1332 3875 1552 3951 ἀμοιϐαί
1582 3879 1931 3956 πραγμάτων,

280 3972 524 4022 Τοσαῦτα
581 3968 653 4030 ὡς
714 3965 832 4022 κατ’
891 3965 1182 4034 ἐπιστολὴν
1254 3967 1391 4041 ἡμῖν
1451 3968 1698 4046 εἰρήσθω,
1756 3970 1829 4024 Σύ
1882 3967 1936 4024 δὲ

277 4057 460 4118 ἱκανὸς
509 4057 596 4112 καὶ
695 4057 760 4111 τά
828 4055 1140 4112 ἐλλείποντα
1219 4056 1769 4137 προσαναπληρῶσαι,
1845 4060 1930 4114 καί

2017 3428 2222 3490 refelle
2252 3427 2300 3490 si
2327 3427 2703 3508 potes,idque
2738 3427 3052 3490 adversum
3077 3448 3193 3497 me,
3222 3430 3324 3508 qui
3352 3436 3491 3490 tunc
3525 3445 3674 3506 pras-

2019 3537 2161 3580 sens
2183 3536 2300 3578 una
2330 3527 2522 3579 tecum
2557 3517 2812 3597 adfui,et.
2842 3520 3017 3581 simul
3036 3517 3337 3599 aspexi,et
3363 3516 3678 3579 observavi

2019 3607 2221 3669 omnia
2244 3626 2376 3668 cum
2401 3606 2817 3669 admiratione.
2850 3606 3119 3688 Denique
3147 3618 3285 3668 tunc
3317 3607 3522 3668 nescio
3551 3625 3668 3686 quo

2018 3697 2226 3776 spiritu
2241 3696 2560 3771 atilatus,in
2591 3696 3012 3758 divinationem
3037 3715 3276 3778 quoque
3302 3696 3671 3777 Apollopha-

2017 3805 2127 3848 nes
2159 3788 2513 3867 prorupit,et
2534 3785 2605 3847 ad
2635 3804 2729 3847 me
2761 3805 3084 3848 conversus
3109 3805 3128 3847 :
3151 3789 3308 3856 Istae,
3342 3785 3669 3866 inquiebat,

2019 3895 2052 3938 ο
2083 3877 2362 3957 prteclare
2394 3875 2658 3956 Dionysi,
2698 3875 3030 3936 divinarum
3066 3890 3204 3937 sunt
3234 3875 3678 3937 vicissitudines

2019 3985 2243 4028 rerum.
2271 3965 2412 4029 Haec
2457 3984 2490 4028 a
2522 3965 2695 4028 nobis
2726 3975 3002 4046 tanquam
3031 3984 3138 4046 per
3169 3965 3482 4046 epistolam
3515 3964 3676 4026 dicta

2016 4057 2138 4120 sint
2167 4057 2334 4117 satis.
2371 4060 2544 4118 Potes
2571 4075 2746 4134 porro
2781 4057 2907 4136 ipse
2940 4057 3220 4136 supplere
3251 4073 3382 4136 qua;
3426 4055 3678 4129 desunt,

281 4159 646 4224 προσαγαγεῖν
705 4144 902 4209 τελέως
957 4151 1034 4218 τῷ
1089 4146 1204 4222 Θεῷ
1260 4149 1350 4202 τὸν
1415 4145 1594 4224 ἄνδρα,
1651 4150 1810 4228 σοερὸν
1877 4150 1933 4204 τὸ

2027 4158 2085 4208 et
2114 4146 2184 4209 ad
2220 4146 2403 4208 Deum
2431 4147 2691 4227 perfecte
2727 4146 2919 4206 virum
2947 4145 3270 4225 adducere,
3297 4144 3499 4207 multis
3534 4163 3679 4205 sane

279 4231 456 4290 πολλᾶ
509 4232 657 4308 ὄντα,
739 4237 826 4292 καὶ
885 4234 1019 4296 ἴσως
1100 4235 1194 4290 οὒκ
1275 4236 1646 4301 ἆπαξιώσοντα
1729 4236 1940 4314 πραέως

279 4326 477 4399 μαθεῖν
549 4327 644 4394 τὴν
699 4324 992 4403 ὑπέρσοφον
1060 4324 1156 4392 τῆς
1214 4328 1494 4404 θρησκείας
1582 4325 1736 4402 ἡμῶν
1803 4325 1941 4396 ἁλή-

281 4417 458 4476 θειαν,

1493 4735 1650 4800 ΑΒΝ
1660 4735 1993 4802 ΟΤΑΤΙΟΝ
2002 4739 2091 4803 ES

2027 4237 2087 4298 in
2122 4237 2304 4300 rebus
2327 4237 2660 4316 sapientem
2689 4257 2704 4318 ;
2736 4255 2930 4314 neque
2964 4237 3214 4297 fortasse
3247 4233 3679 4312 dedignabitur

2031 4337 2344 4389 mansuete
2356 4346 2422 4388 ac
2437 4327 2740 4388 humiliter
2753 4325 2989 4386 discere
3009 4325 3321 4406 plusquam
3342 4323 3674 4406 sapientem

2026 4416 2335 4496 religionis
2364 4427 2579 4479 nostrae
2604 4418 2938 4479 veritatem.

2161 4738 2528 4803 CORDERII.

356 4848 384 4918 ς
435 4846 478 4902 Ι.
509 4845 1056 4931 _Nota,‘_epistolam
1101 4845 1292 4931 .hanc
1324 4844 1593 4931 scriptam
1625 4855 1852 4931 sancto
1893 4847 2227 4931 Polycarpo,
2278 4851 2534 4931 Smyrna:
2572 4850 2643 4931 in
2688 4849 2814 4907 Asia
2864 4847 3152 4931 episcopp,
3199 4846 3376 4926 sancti
3441 4846 3680 4931 Joannis

281 4916 651 4992 evangelisue
682 4916 985 4992 discipulo,
1021 4916 1429 4992 cujus__ex_stat
1480 4916 1733 4992 Epistola
1785 4919 1856 4992 ad
1909 4916 2323 4989 l'hitippenses.
2379 4916 2522 4976 Huic
2569 4920 2755 4992 itaque
2805 4929 3038 4975 sanctus
3087 4918 3396 4992 Dionysius
3452 4919 3685 4992 modum

279 4987 608 5060 praescribit
650 4989 853 5060 agendi
891 5003 1023 5063 cum
1063 4987 1466 5058 Apollophane
1515 4988 1882 5063 philosopho,
1927 5003 1988 5063 et
2035 4987 2370 5063 argumenta
2425 4987 2703 5063 suggerii,
2755 4992 2986 5063 quibus,
3039 4987 3253 5058 utpote
3281 4987 3682 5059 philosophus,

281 5059 536 5132 maxime
572 5059 869 5132 putaretur
899 5059 1242 5132 capiendus.
1279 5072 1331 5132 et
1375 5062 1624 5132 suaviter
1653 5061 2016 5132 inducendus
2048 5059 2129 5118 ad
2151 5065 2318 5120 ﬁdem
2352 5059 2690 5121 catholicam
2741 5059 3221 5132 amplectendam.

353 5134 383 5206 §
423 5130 492 5188 ll.
534 5130 589 5189 Ᾱ
615 5133 736 5188 divo
769 5131 941 5206 Paulo
979 5131 1250 5206 sapientia
1283 5130 1386 5206 Dei
1417 5130 1752 5206 nominatur.
1785 5131 2017 5191 Scilicet
2047 5135 2197 5205 Epist
2252 5135 2275 5191 Ι
2307 5135 2376 5191 ad
2408 5136 2659 5192 Corinth.
2696 5151 2818 5204 cap.
2843 5130 2919 5195 lu.
2976 5132 3029 5200 ’7,
3069 5132 3168 5206 ubi
3201 5139 3278 5206 ett
3314 5152 3327 5186 :

3387 5131 3693 5202 Loquimur

277 5201 384 5278 Dei
412 5206 734 5278 sapientiam
763 5201 1134 5278 inmyrterio,
1168 5218 1283 5278 qua:
1315 5201 1633 5278 abscondita
1664 5209 1756 5278 est,
1798 5214 1925 5268 etc.,
1963 5201 2122 5264 vocat
2154 5218 2343 5265 autem
2391 5208 2732 5278 capiendam
2769 5201 2840 5262 'in
2891 5205 3183 5278 mysterio,
3236 5205 3356 5260 sive
3408 5201 3685 5274 mysterii,

278 5273 506 5349 scilicet
536 5277 728 5349 magni
761 5273 918 5349 illius
951 5284 1006 5349 et
1042 5277 1237 5331 arcani
1270 5273 1498 5349 consilii
1529 5273 1598 5330 de
1627 5275 2035 5349 redemptione
2063 5278 2366 5336 hominum
2397 5273 2498 5349 per
2533 5277 2840 5336 Christum.

358 5347 466 5422 Qui
492 5344 786 5422 secundum
846 5344 1153 5418 Scriptura
1198 5344 1581 5403 testimonium.
1631 5344 1772 5404 Dan.
1829 5344 1892 5413 i1,
1951 5348 2011 5404 21
2052 5371 2065 5406 :
2126 5351 2305 5411 Mutat
2361 5344 2590 5422 tempora
2647 5356 2699 5410 et
2744 5357 2946 5416 relatu,
3002 5353 3266 5419 transfert
3319 5361 3488 5419 regna
3542 5351 3694 5420 atque

281 5419 588 5477 constituit.

1627 5513 1889 5580 VABIE
1943 5517 2390 5589 LECTIONES.

364 5643 414 5688 *ί
449 5648 607 5726 φήσει
653 5644 729 5722 δὲ,
785 5648 853 5710 Ι),
913 5647 974 5708 Ρ,

287 5727 352 5777 45
386 5726 602 5808 ἔλεγχε.

1088 5642 1146 5693 49
1177 5643 1422 5721 ἐιπορίαν,
1472 5641 1534 5704 S.

1649 5639 1864 5701 δθκατᾶ
1923 5647 2016 5715 τὴν
2079 5639 2439 5731 Ἡλιούπολιν,
2495 5653 2562 5714 Ι),
2620 5650 2773 5719 ἡλίου
2833 5648 3015 5720 πόλιν,
3054 5651 3116 5711 Ρ.

3234 5646 3298 5696 44
3347 5646 3431 5705 ἐπὶ
3485 5647 3568 5724 τό,
3624 5648 3688 5712 S.
