  <div class='ocr_page' id='page_1' title='image "/cluster/home/n/w/nwhite01/storage/ocr_20150623/3/coo.31924054872829/550.png"; bbox 0 0 4054 6420; ppageno 0'>
   <div class='ocr_carea' id='block_1_1' title="bbox 331 343 489 411">
    <p class='ocr_par' dir='ltr' id='par_1_1' title="bbox 331 343 489 411">
     <span class='ocr_line' id='line_1_1' title="bbox 331 343 489 411; baseline 0.025 -4"><span class='ocrx_word' id='word_1_1' title='bbox 331 343 489 411; x_wconf 81' lang='grc'><strong>1085</strong></span> 
     </span>
    </p>
   </div>
   <div class='ocr_carea' id='block_1_2' title="bbox 1726 341 2331 410">
    <p class='ocr_par' dir='ltr' id='par_1_2' title="bbox 1726 341 2331 410">
     <span class='ocr_line' id='line_1_2' title="bbox 1726 341 2331 410; baseline -0.005 -2"><span class='ocrx_word' id='word_1_2' title='bbox 1726 341 2101 408; x_wconf 84' lang='lat' dir='ltr'><strong>EPISTOLA</strong></span> <span class='ocrx_word' id='word_1_3' title='bbox 2163 345 2331 410; x_wconf 87' lang='lat' dir='ltr'><strong>VIII.</strong></span> 
     </span>
    </p>
   </div>
   <div class='ocr_carea' id='block_1_3' title="bbox 3565 343 3714 412">
    <p class='ocr_par' dir='ltr' id='par_1_3' title="bbox 3565 343 3714 412">
     <span class='ocr_line' id='line_1_3' title="bbox 3565 343 3714 412; baseline 0.013 -2"><span class='ocrx_word' id='word_1_4' title='bbox 3565 343 3714 412; x_wconf 89' lang='grc'><strong>1086</strong></span> 
     </span>
    </p>
   </div>
   <div class='ocr_carea' id='block_1_4' title="bbox 320 477 1978 566">
    <p class='ocr_par' dir='ltr' id='par_1_4' title="bbox 320 483 1967 566">
     <span class='ocr_line' id='line_1_4' title="bbox 320 483 1967 566; baseline 0.001 -24"><span class='ocrx_word' id='word_1_5' title='bbox 320 483 402 566; x_wconf 81' lang='grc' dir='ltr'>δὲ,</span> <span class='ocrx_word' id='word_1_6' title='bbox 438 483 518 542; x_wconf 79' lang='grc' dir='ltr'>ὅτι</span> <span class='ocrx_word' id='word_1_7' title='bbox 561 483 678 543; x_wconf 86' lang='grc' dir='ltr'>λίαν</span> <span class='ocrx_word' id='word_1_8' title='bbox 736 483 1235 560; x_wconf 81' lang='grc' dir='ltr'>ἆπαυθαδιαζομένῳ</span> <span class='ocrx_word' id='word_1_9' title='bbox 1286 484 1376 541; x_wconf 80' lang='grc' dir='ltr'><strong>καί</strong></span> <span class='ocrx_word' id='word_1_10' title='bbox 1431 484 1803 542; x_wconf 83' lang='grc' dir='ltr'>ἆντιττείνοντι</span> <span class='ocrx_word' id='word_1_11' title='bbox 1846 487 1967 544; x_wconf 73' lang='grc' dir='ltr'>ταῖς</span> 
     </span>
    </p>
   </div>
   <div class='ocr_carea' id='block_1_5' title="bbox 2064 477 3714 566">
    <p class='ocr_par' dir='ltr' id='par_1_5' title="bbox 2064 477 3714 560">
     <span class='ocr_line' id='line_1_5' title="bbox 2064 477 3714 560; baseline 0 -17"><span class='ocrx_word' id='word_1_12' title='bbox 2064 480 2510 543; x_wconf 75' lang='lat' dir='ltr'><strong>mansuetudine</strong></span> <span class='ocrx_word' id='word_1_13' title='bbox 2543 478 2884 542; x_wconf 87' lang='lat' dir='ltr'><strong>excludunt.</strong></span> <span class='ocrx_word' id='word_1_14' title='bbox 2935 477 3048 560; x_wconf 86' lang='lat' dir='ltr'><strong>Ipsi</strong></span> <span class='ocrx_word' id='word_1_15' title='bbox 3075 479 3303 544; x_wconf 78' lang='lat' dir='ltr'><strong>scilicet</strong></span> <span class='ocrx_word' id='word_1_16' title='bbox 3325 478 3714 544; x_wconf 86' lang='lat' dir='ltr'><strong>insolescenti</strong></span> 
     </span>
    </p>
   </div>
   <div class='ocr_carea' id='block_1_6' title="bbox 317 573 1978 654">
    <p class='ocr_par' dir='ltr' id='par_1_6' title="bbox 317 573 1978 654">
     <span class='ocr_line' id='line_1_6' title="bbox 317 573 1978 654; baseline -0.003 -21"><span class='ocrx_word' id='word_1_17' title='bbox 317 577 486 639; x_wconf 77' lang='grc' dir='ltr'>θείαις</span> <span class='ocrx_word' id='word_1_18' title='bbox 545 575 770 654; x_wconf 69' lang='grc' dir='ltr'>βουλαῖς</span> <span class='ocrx_word' id='word_1_19' title='bbox 828 574 883 618; x_wconf 67' lang='grc'><strong>48</strong></span> <span class='ocrx_word' id='word_1_20' title='bbox 935 578 1166 653; x_wconf 79' lang='grc' dir='ltr'>ὠργίσθη</span> <span class='ocrx_word' id='word_1_21' title='bbox 1226 579 1373 650; x_wconf 72' lang='grc' dir='ltr'>θυμῷ</span> <span class='ocrx_word' id='word_1_22' title='bbox 1426 585 1630 653; x_wconf 81' lang='grc' dir='ltr'>Κυριος,</span> <span class='ocrx_word' id='word_1_23' title='bbox 1689 574 1866 633; x_wconf 84' lang='grc' dir='ltr'>’Ὀταν</span> <span class='ocrx_word' id='word_1_24' title='bbox 1925 573 1978 629; x_wconf 81' lang='grc' dir='ltr'>δὲ</span> 
     </span>
    </p>
   </div>
   <div class='ocr_carea' id='block_1_7' title="bbox 323 664 1975 745">
    <p class='ocr_par' dir='ltr' id='par_1_7' title="bbox 323 664 1975 745">
     <span class='ocr_line' id='line_1_7' title="bbox 323 664 1975 745; baseline -0.002 -22"><span class='ocrx_word' id='word_1_25' title='bbox 323 669 483 724; x_wconf 75' lang='grc' dir='ltr'>αὐτὸν</span> <span class='ocrx_word' id='word_1_26' title='bbox 560 667 924 745; x_wconf 77' lang='grc' dir='ltr'>ἀνακήρυκτον</span> <span class='ocrx_word' id='word_1_27' title='bbox 1003 673 1196 722; x_wconf 81' lang='grc' dir='ltr'>ποιῶσι</span> <span class='ocrx_word' id='word_1_28' title='bbox 1249 678 1369 728; x_wconf 69' lang='grc' dir='ltr'>ταῖς</span> <span class='ocrx_word' id='word_1_29' title='bbox 1425 668 1714 743; x_wconf 81' lang='grc' dir='ltr'>θεοκριτοις</span> <span class='ocrx_word' id='word_1_30' title='bbox 1790 664 1975 742; x_wconf 67' lang='grc' dir='ltr'>ἀξίαις,</span> 
     </span>
    </p>
   </div>
   <div class='ocr_carea' id='block_1_8' title="bbox 318 753 1977 836">
    <p class='ocr_par' dir='ltr' id='par_1_8' title="bbox 318 753 1977 836">
     <span class='ocr_line' id='line_1_8' title="bbox 318 753 1977 836; baseline -0.001 -26"><span class='ocrx_word' id='word_1_31' title='bbox 318 755 384 811; x_wconf 79' lang='grc' dir='ltr'>ἐκ</span> <span class='ocrx_word' id='word_1_32' title='bbox 439 762 538 825; x_wconf 79' lang='grc' dir='ltr'><strong>τῆς</strong></span> <span class='ocrx_word' id='word_1_33' title='bbox 594 758 938 836; x_wconf 78' lang='grc' dir='ltr'>προύχούσης</span> <span class='ocrx_word' id='word_1_34' title='bbox 1005 754 1236 833; x_wconf 77' lang='grc' dir='ltr'>τάγαθοῦ</span> <span class='ocrx_word' id='word_1_35' title='bbox 1285 756 1637 830; x_wconf 81' lang='grc' dir='ltr'>θεομιμησίας</span> <span class='ocrx_word' id='word_1_36' title='bbox 1680 753 1977 830; x_wconf 69' lang='grc' dir='ltr'>ἀνακηρύτυ</span> 
     </span>
    </p>
   </div>
   <div class='ocr_carea' id='block_1_9' title="bbox 313 843 1980 926">
    <p class='ocr_par' dir='ltr' id='par_1_9' title="bbox 313 843 1980 926">
     <span class='ocr_line' id='line_1_9' title="bbox 313 843 1980 926; baseline -0.001 -24"><span class='ocrx_word' id='word_1_37' title='bbox 313 868 468 903; x_wconf 88' lang='grc' dir='ltr'>τεται</span> <span class='ocrx_word' id='word_1_38' title='bbox 509 864 523 878; x_wconf 78' lang='grc'><strong>⁸</strong></span> <span class='ocrx_word' id='word_1_39' title='bbox 582 848 670 904; x_wconf 83' lang='grc' dir='ltr'><strong>καὶ</strong></span> <span class='ocrx_word' id='word_1_40' title='bbox 728 849 827 926; x_wconf 78' lang='grc' dir='ltr'>γὰρ</span> <span class='ocrx_word' id='word_1_41' title='bbox 882 847 950 915; x_wconf 79' lang='grc' dir='ltr'><strong>ἧν</strong></span> <span class='ocrx_word' id='word_1_42' title='bbox 1009 853 1174 922; x_wconf 81' lang='grc' dir='ltr'>πρᾶος</span> <span class='ocrx_word' id='word_1_43' title='bbox 1222 843 1418 924; x_wconf 75' lang='grc' dir='ltr'>σφόδρα</span> <span class='ocrx_word' id='word_1_44' title='bbox 1451 891 1466 918; x_wconf 90' lang='grc'><strong>,</strong></span> <span class='ocrx_word' id='word_1_45' title='bbox 1502 845 1590 900; x_wconf 84' lang='grc' dir='ltr'><strong>καὶ</strong></span> <span class='ocrx_word' id='word_1_46' title='bbox 1635 844 1762 921; x_wconf 70' lang='grc' dir='ltr'>δπὶρ</span> <span class='ocrx_word' id='word_1_47' title='bbox 1793 844 1980 901; x_wconf 83' lang='grc' dir='ltr'>τούτου</span> 
     </span>
    </p>
   </div>
   <div class='ocr_carea' id='block_1_10' title="bbox 313 933 1977 1016">
    <p class='ocr_par' dir='ltr' id='par_1_10' title="bbox 313 933 1977 1016">
     <span class='ocr_line' id='line_1_10' title="bbox 313 933 1977 1016; baseline -0.004 -24"><span class='ocrx_word' id='word_1_48' title='bbox 313 933 534 1013; x_wconf 71' lang='grc' dir='ltr'>λέγεται</span> <span class='ocrx_word' id='word_1_49' title='bbox 570 953 584 966; x_wconf 87' lang='grc'><strong>’</strong></span> <span class='ocrx_word' id='word_1_50' title='bbox 619 939 858 1015; x_wconf 78' lang='grc' dir='ltr'><strong>θεράπων</strong></span> <span class='ocrx_word' id='word_1_51' title='bbox 921 943 1075 1016; x_wconf 83' lang='grc' dir='ltr'>Θεοῦ,</span> <span class='ocrx_word' id='word_1_52' title='bbox 1121 937 1207 991; x_wconf 83' lang='grc' dir='ltr'>καὶ</span> <span class='ocrx_word' id='word_1_53' title='bbox 1266 937 1339 1000; x_wconf 84' lang='grc' dir='ltr'><strong>εἰς</strong></span> <span class='ocrx_word' id='word_1_54' title='bbox 1399 934 1672 990; x_wconf 71' lang='grc' dir='ltr'>θεόπτείαν</span> <span class='ocrx_word' id='word_1_55' title='bbox 1732 933 1977 989; x_wconf 76' lang='grc' dir='ltr'>ἁπάντων</span> 
     </span>
    </p>
   </div>
   <div class='ocr_carea' id='block_1_11' title="bbox 312 1022 1978 1106">
    <p class='ocr_par' dir='ltr' id='par_1_11' title="bbox 312 1022 1978 1106">
     <span class='ocr_line' id='line_1_11' title="bbox 312 1022 1978 1106; baseline -0.003 -24"><span class='ocrx_word' id='word_1_56' title='bbox 312 1033 610 1106; x_wconf 74' lang='grc' dir='ltr'><strong>προφητῶν</strong></span> <span class='ocrx_word' id='word_1_57' title='bbox 690 1026 993 1105; x_wconf 80' lang='grc' dir='ltr'><strong>ἀξιώτερος,</strong></span> <span class='ocrx_word' id='word_1_58' title='bbox 1051 1023 1217 1082; x_wconf 73' lang='grc' dir='ltr'>Ἀλλὰ</span> <span class='ocrx_word' id='word_1_59' title='bbox 1267 1027 1352 1080; x_wconf 85' lang='grc' dir='ltr'>καὶ</span> <span class='ocrx_word' id='word_1_60' title='bbox 1383 1022 1471 1080; x_wconf 79' lang='grc' dir='ltr'><strong>ὅτε</strong></span> <span class='ocrx_word' id='word_1_61' title='bbox 1516 1023 1646 1101; x_wconf 82' lang='grc' dir='ltr'>πρὸς</span> <span class='ocrx_word' id='word_1_62' title='bbox 1704 1023 1862 1079; x_wconf 83' lang='grc' dir='ltr'>αύτὸν</span> <span class='ocrx_word' id='word_1_63' title='bbox 1891 1025 1978 1080; x_wconf 82' lang='grc' dir='ltr'>καὶ</span> 
     </span>
    </p>
   </div>
   <div class='ocr_carea' id='block_1_12' title="bbox 309 1113 1979 1195">
    <p class='ocr_par' dir='ltr' id='par_1_12' title="bbox 309 1113 1979 1195">
     <span class='ocr_line' id='line_1_12' title="bbox 309 1113 1979 1195; baseline -0.002 -23"><span class='ocrx_word' id='word_1_64' title='bbox 309 1117 411 1172; x_wconf 72' lang='grc' dir='ltr'>τὸν</span> <span class='ocrx_word' id='word_1_65' title='bbox 464 1115 678 1195; x_wconf 78' lang='grc' dir='ltr'>’Δαρὼν</span> <span class='ocrx_word' id='word_1_66' title='bbox 735 1117 914 1192; x_wconf 78' lang='grc' dir='ltr'>ἷταμοί</span> <span class='ocrx_word' id='word_1_67' title='bbox 994 1137 1131 1180; x_wconf 85' lang='grc' dir='ltr'>τινες</span> <span class='ocrx_word' id='word_1_68' title='bbox 1231 1115 1361 1192; x_wconf 74' lang='grc' dir='ltr'>ὑπὲρ</span> <span class='ocrx_word' id='word_1_69' title='bbox 1418 1113 1820 1193; x_wconf 77' lang='grc' dir='ltr'><strong>ἀρχιερωσύνης</strong></span> <span class='ocrx_word' id='word_1_70' title='bbox 1893 1114 1979 1168; x_wconf 86' lang='grc' dir='ltr'><strong>καὶ</strong></span> 
     </span>
    </p>
   </div>
   <div class='ocr_carea' id='block_1_13' title="bbox 314 1198 1980 1289">
    <p class='ocr_par' dir='ltr' id='par_1_13' title="bbox 314 1198 1980 1289">
     <span class='ocr_line' id='line_1_13' title="bbox 314 1198 1980 1289; baseline -0.002 -25"><span class='ocrx_word' id='word_1_71' title='bbox 314 1198 602 1288; x_wconf 71' lang='grc' dir='ltr'><strong>ιεθναρχίας</strong></span> <span class='ocrx_word' id='word_1_72' title='bbox 633 1209 1012 1289; x_wconf 73' lang='grc' dir='ltr'>ἐφιλονεὶκουν,</span> <span class='ocrx_word' id='word_1_73' title='bbox 1071 1209 1330 1286; x_wconf 75' lang='grc' dir='ltr'>ὕπερεῖχε</span> <span class='ocrx_word' id='word_1_74' title='bbox 1367 1206 1464 1280; x_wconf 80' lang='grc' dir='ltr'>μὲν</span> <span class='ocrx_word' id='word_1_75' title='bbox 1515 1205 1727 1272; x_wconf 74' lang='grc' dir='ltr'>ἂποίσης</span> <span class='ocrx_word' id='word_1_76' title='bbox 1778 1204 1980 1284; x_wconf 81' lang='grc' dir='ltr'>φιλοτι-</span> 
     </span>
    </p>
   </div>
   <div class='ocr_carea' id='block_1_14' title="bbox 314 1295 1976 1378">
    <p class='ocr_par' dir='ltr' id='par_1_14' title="bbox 314 1295 1976 1378">
     <span class='ocr_line' id='line_1_14' title="bbox 314 1295 1976 1378; baseline -0.003 -24"><span class='ocrx_word' id='word_1_77' title='bbox 314 1299 442 1372; x_wconf 85' lang='grc' dir='ltr'>μίας</span> <span class='ocrx_word' id='word_1_78' title='bbox 495 1301 583 1356; x_wconf 87' lang='grc' dir='ltr'><strong>καὶ</strong></span> <span class='ocrx_word' id='word_1_79' title='bbox 663 1297 976 1378; x_wconf 76' lang='grc' dir='ltr'>φιλαρχίας,</span> <span class='ocrx_word' id='word_1_80' title='bbox 1050 1300 1137 1353; x_wconf 87' lang='grc' dir='ltr'>καὶ</span> <span class='ocrx_word' id='word_1_81' title='bbox 1209 1296 1514 1376; x_wconf 78' lang='grc' dir='ltr'><strong>παρεχώρει</strong></span> <span class='ocrx_word' id='word_1_82' title='bbox 1572 1301 1649 1368; x_wconf 81' lang='grc' dir='ltr'>τῷ</span> <span class='ocrx_word' id='word_1_83' title='bbox 1725 1295 1976 1372; x_wconf 73' lang='grc' dir='ltr'>θεοκρίτιρ</span> 
     </span>
    </p>
   </div>
   <div class='ocr_carea' id='block_1_15' title="bbox 314 1384 1974 1465">
    <p class='ocr_par' dir='ltr' id='par_1_15' title="bbox 314 1384 1974 1465">
     <span class='ocr_line' id='line_1_15' title="bbox 314 1384 1974 1465; baseline -0.004 -19"><span class='ocrx_word' id='word_1_84' title='bbox 314 1390 420 1455; x_wconf 74' lang='grc' dir='ltr'><strong>τὴν</strong></span> <span class='ocrx_word' id='word_1_85' title='bbox 478 1395 570 1446; x_wconf 82' lang='grc' dir='ltr'><strong>τοῦ</strong></span> <span class='ocrx_word' id='word_1_86' title='bbox 628 1388 759 1445; x_wconf 78' lang='grc' dir='ltr'>λαοῦ</span> <span class='ocrx_word' id='word_1_87' title='bbox 817 1387 1160 1465; x_wconf 80' lang='grc' dir='ltr'>προστασίαν.</span> <span class='ocrx_word' id='word_1_88' title='bbox 1211 1384 1408 1453; x_wconf 75' lang='grc' dir='ltr'>Ἐπεδή</span> <span class='ocrx_word' id='word_1_89' title='bbox 1489 1384 1672 1442; x_wconf 76' lang='grc' dir='ltr'>δὲκαὶ</span> <span class='ocrx_word' id='word_1_90' title='bbox 1730 1385 1974 1440; x_wconf 76' lang='grc' dir='ltr'>ἐπισυνέ-</span> 
     </span>
    </p>
   </div>
   <div class='ocr_carea' id='block_1_16' title="bbox 316 1473 1972 1556">
    <p class='ocr_par' dir='ltr' id='par_1_16' title="bbox 316 1473 1972 1556">
     <span class='ocr_line' id='line_1_16' title="bbox 316 1473 1972 1556; baseline -0.004 -20"><span class='ocrx_word' id='word_1_91' title='bbox 316 1503 525 1546; x_wconf 88' lang='grc' dir='ltr'>στησαν</span> <span class='ocrx_word' id='word_1_92' title='bbox 586 1483 750 1556; x_wconf 73' lang='grc' dir='ltr'>αύτῷ,</span> <span class='ocrx_word' id='word_1_93' title='bbox 797 1480 883 1534; x_wconf 84' lang='grc' dir='ltr'><strong>καὶ</strong></span> <span class='ocrx_word' id='word_1_94' title='bbox 963 1479 1080 1556; x_wconf 86' lang='grc' dir='ltr'>περὶ</span> <span class='ocrx_word' id='word_1_95' title='bbox 1151 1484 1256 1532; x_wconf 74' lang='grc' dir='ltr'>τῶν</span> <span class='ocrx_word' id='word_1_96' title='bbox 1317 1476 1587 1554; x_wconf 78' lang='grc' dir='ltr'><strong>προτέρων</strong></span> <span class='ocrx_word' id='word_1_97' title='bbox 1638 1473 1972 1545; x_wconf 71' lang='grc' dir='ltr'>ὀνειδίζοντες</span> 
     </span>
    </p>
   </div>
   <div class='ocr_carea' id='block_1_17' title="bbox 315 1569 573 1636">
    <p class='ocr_par' dir='ltr' id='par_1_17' title="bbox 315 1569 573 1636">
     <span class='ocr_line' id='line_1_17' title="bbox 315 1569 573 1636; baseline -0.012 -12"><span class='ocrx_word' id='word_1_98' title='bbox 315 1569 573 1636; x_wconf 72' lang='grc' dir='ltr'>ἠπείλουν</span> 
     </span>
    </p>
   </div>
   <div class='ocr_carea' id='block_1_18' title="bbox 657 1562 1971 1647">
    <p class='ocr_par' dir='ltr' id='par_1_18' title="bbox 657 1562 1971 1647">
     <span class='ocr_line' id='line_1_18' title="bbox 657 1562 1971 1647; baseline -0.005 -23"><span class='ocrx_word' id='word_1_99' title='bbox 657 1570 745 1624; x_wconf 78' lang='grc' dir='ltr'><strong>καὶ</strong></span> <span class='ocrx_word' id='word_1_100' title='bbox 804 1565 906 1635; x_wconf 71' lang='grc' dir='ltr'><strong>ἠδη</strong></span> <span class='ocrx_word' id='word_1_101' title='bbox 965 1565 1160 1647; x_wconf 68' lang='grc' dir='ltr'>σχεδὸν</span> <span class='ocrx_word' id='word_1_102' title='bbox 1219 1564 1478 1643; x_wconf 72' lang='grc' dir='ltr'>ἐπῄεσαν,</span> <span class='ocrx_word' id='word_1_103' title='bbox 1515 1562 1772 1620; x_wconf 69' lang='grc' dir='ltr'>ἐπεϐοᾶτο</span> <span class='ocrx_word' id='word_1_104' title='bbox 1803 1563 1898 1637; x_wconf 76' lang='grc' dir='ltr'>μὲν</span> <span class='ocrx_word' id='word_1_105' title='bbox 1945 1566 1971 1618; x_wconf 76' lang='grc' dir='ltr'>ὁ</span> 
     </span>
    </p>
   </div>
   <div class='ocr_carea' id='block_1_19' title="bbox 581 1614 1478 1648">
    <p class='ocr_par' dir='ltr' id='par_1_19' title="bbox 581 1614 1478 1648">
     <span class='ocr_line' id='line_1_19' title="bbox 581 1614 1478 1648; baseline -0.007 1"><span class='ocrx_word' id='word_1_106' title='bbox 581 1618 594 1648; x_wconf 78' lang='grc' dir='ltr'><strong>ι</strong></span> <span class='ocrx_word' id='word_1_107' title='bbox 659 1614 745 1624; x_wconf 85' lang='lat'><strong>&quot;&quot;&#39;</strong></span> <span class='ocrx_word' id='word_1_108' title='bbox 809 1614 906 1635; x_wconf 84' lang='grc'><strong>’····</strong></span> <span class='ocrx_word' id='word_1_109' title='bbox 969 1614 1156 1647; x_wconf 73' lang='lat' dir='ltr'><strong>&#39;It.&quot;&quot;</strong></span> <span class='ocrx_word' id='word_1_110' title='bbox 1219 1614 1478 1643; x_wconf 69' lang='lat' dir='ltr'><strong>&quot;&quot;.-&quot;&quot;&#39;a</strong></span> 
     </span>
    </p>
   </div>
   <div class='ocr_carea' id='block_1_20' title="bbox 316 1651 1970 1737">
    <p class='ocr_par' dir='ltr' id='par_1_20' title="bbox 316 1651 1970 1737">
     <span class='ocr_line' id='line_1_20' title="bbox 316 1651 1970 1737; baseline -0.004 -23"><span class='ocrx_word' id='word_1_111' title='bbox 316 1665 488 1731; x_wconf 82' lang='grc' dir='ltr'>πρᾶος</span> <span class='ocrx_word' id='word_1_112' title='bbox 549 1661 638 1714; x_wconf 77' lang='grc' dir='ltr'>τὸν</span> <span class='ocrx_word' id='word_1_113' title='bbox 699 1661 895 1737; x_wconf 77' lang='grc' dir='ltr'>ἀγαθὸν</span> <span class='ocrx_word' id='word_1_114' title='bbox 947 1659 1016 1721; x_wconf 82' lang='grc' dir='ltr'><strong>εὶς</strong></span> <span class='ocrx_word' id='word_1_115' title='bbox 1077 1658 1364 1733; x_wconf 76' lang='grc' dir='ltr'>σωτηρίαν,</span> <span class='ocrx_word' id='word_1_116' title='bbox 1445 1653 1858 1733; x_wconf 77' lang='grc' dir='ltr'>ἐπαρῤ·ησιάζετο</span> <span class='ocrx_word' id='word_1_117' title='bbox 1917 1651 1970 1707; x_wconf 71' lang='grc' dir='ltr'>δὲ</span> 
     </span>
    </p>
   </div>
   <div class='ocr_carea' id='block_1_21' title="bbox 316 1743 1968 1823">
    <p class='ocr_par' dir='ltr' id='par_1_21' title="bbox 316 1743 1968 1823">
     <span class='ocr_line' id='line_1_21' title="bbox 316 1743 1968 1823; baseline -0.004 -19"><span class='ocrx_word' id='word_1_118' title='bbox 316 1746 438 1804; x_wconf 83' lang='grc' dir='ltr'>λίαν</span> <span class='ocrx_word' id='word_1_119' title='bbox 494 1748 763 1818; x_wconf 75' lang='grc' dir='ltr'>ἐπιεικῶς,</span> <span class='ocrx_word' id='word_1_120' title='bbox 812 1748 890 1803; x_wconf 72' lang='grc' dir='ltr'>ὃτι</span> <span class='ocrx_word' id='word_1_121' title='bbox 933 1749 1146 1803; x_wconf 69' lang='grc' dir='ltr'>πάντων</span> <span class='ocrx_word' id='word_1_122' title='bbox 1203 1746 1294 1812; x_wconf 82' lang='grc' dir='ltr'><strong>εἶή</strong></span> <span class='ocrx_word' id='word_1_123' title='bbox 1354 1753 1534 1801; x_wconf 79' lang='grc' dir='ltr'>κακῶν</span> <span class='ocrx_word' id='word_1_124' title='bbox 1565 1759 1681 1807; x_wconf 72' lang='grc' dir='ltr'>τοῖς</span> <span class='ocrx_word' id='word_1_125' title='bbox 1723 1743 1968 1823; x_wconf 76' lang='grc' dir='ltr'>ἀρχομέ-</span> 
     </span>
    </p>
   </div>
   <div class='ocr_carea' id='block_1_22' title="bbox 2063 569 3711 645">
    <p class='ocr_par' dir='ltr' id='par_1_22' title="bbox 2063 569 3711 645">
     <span class='ocr_line' id='line_1_22' title="bbox 2063 569 3711 645; baseline 0.001 -12"><span class='ocrx_word' id='word_1_126' title='bbox 2063 571 2492 645; x_wconf 87' lang='lat' dir='ltr'><strong>admodum,et</strong></span> <span class='ocrx_word' id='word_1_127' title='bbox 2550 569 2769 631; x_wconf 82' lang='lat' dir='ltr'><strong>divinis</strong></span> <span class='ocrx_word' id='word_1_128' title='bbox 2818 572 3086 632; x_wconf 90' lang='lat' dir='ltr'><strong>consiliis</strong></span> <span class='ocrx_word' id='word_1_129' title='bbox 3145 573 3458 633; x_wconf 78' lang='lat' dir='ltr'><strong>reluctanti</strong></span> <span class='ocrx_word' id='word_1_130' title='bbox 3496 579 3711 634; x_wconf 87' lang='lat' dir='ltr'><strong>iratum</strong></span> 
     </span>
    </p>
   </div>
   <div class='ocr_carea' id='block_1_23' title="bbox 2063 661 3715 724">
    <p class='ocr_par' dir='ltr' id='par_1_23' title="bbox 2063 661 3715 724">
     <span class='ocr_line' id='line_1_23' title="bbox 2063 661 3715 724; baseline 0.001 -1"><span class='ocrx_word' id='word_1_131' title='bbox 2063 671 2337 723; x_wconf 82' lang='lat' dir='ltr'><strong>asserunt</strong></span> <span class='ocrx_word' id='word_1_132' title='bbox 2367 663 2563 722; x_wconf 87' lang='lat' dir='ltr'><strong>furore</strong></span> <span class='ocrx_word' id='word_1_133' title='bbox 2598 661 3066 724; x_wconf 91' lang='lat' dir='ltr'><strong>Dominum.Ubi</strong></span> <span class='ocrx_word' id='word_1_134' title='bbox 3103 681 3238 723; x_wconf 87' lang='lat' dir='ltr'><strong>vero</strong></span> <span class='ocrx_word' id='word_1_135' title='bbox 3271 663 3533 723; x_wconf 81' lang='lat' dir='ltr'><strong>decretis</strong></span> <span class='ocrx_word' id='word_1_136' title='bbox 3566 663 3647 724; x_wconf 86' lang='lat' dir='ltr'>illi</span> <span class='ocrx_word' id='word_1_137' title='bbox 3679 681 3715 724; x_wconf 85' lang='lat' dir='ltr'><strong>a</strong></span> 
     </span>
    </p>
   </div>
   <div class='ocr_carea' id='block_1_24' title="bbox 2063 751 3711 832">
    <p class='ocr_par' dir='ltr' id='par_1_24' title="bbox 2063 751 3711 832">
     <span class='ocr_line' id='line_1_24' title="bbox 2063 751 3711 832; baseline 0.001 -19"><span class='ocrx_word' id='word_1_138' title='bbox 2063 752 2185 814; x_wconf 91' lang='lat' dir='ltr'><strong>Deo</strong></span> <span class='ocrx_word' id='word_1_139' title='bbox 2217 751 2606 830; x_wconf 78' lang='lat' dir='ltr'><strong>dignitatibus</strong></span> <span class='ocrx_word' id='word_1_140' title='bbox 2632 752 2926 812; x_wconf 87' lang='lat' dir='ltr'><strong>illustrem</strong></span> <span class='ocrx_word' id='word_1_141' title='bbox 2981 753 3323 832; x_wconf 55' lang='lat' dir='ltr'><strong>pradicant,</strong></span> <span class='ocrx_word' id='word_1_142' title='bbox 3370 772 3402 813; x_wconf 91' lang='lat' dir='ltr'><strong>a</strong></span> <span class='ocrx_word' id='word_1_143' title='bbox 3434 753 3711 832; x_wconf 68' lang='lat' dir='ltr'><strong>praaemi-</strong></span> 
     </span>
    </p>
   </div>
   <div class='ocr_carea' id='block_1_25' title="bbox 2067 841 3714 921">
    <p class='ocr_par' dir='ltr' id='par_1_25' title="bbox 2067 841 3714 921">
     <span class='ocr_line' id='line_1_25' title="bbox 2067 841 3714 921; baseline 0.001 -19"><span class='ocrx_word' id='word_1_144' title='bbox 2067 850 2246 904; x_wconf 89' lang='lat' dir='ltr'><strong>nente</strong></span> <span class='ocrx_word' id='word_1_145' title='bbox 2278 843 2522 921; x_wconf 81' lang='lat' dir='ltr'><strong>benigni</strong></span> <span class='ocrx_word' id='word_1_146' title='bbox 2552 841 2656 904; x_wconf 90' lang='lat' dir='ltr'><strong>Dei</strong></span> <span class='ocrx_word' id='word_1_147' title='bbox 2685 841 3025 904; x_wconf 85' lang='lat' dir='ltr'><strong>imitatione</strong></span> <span class='ocrx_word' id='word_1_148' title='bbox 3057 843 3511 903; x_wconf 89' lang='lat' dir='ltr'><strong>commendatus</strong></span> <span class='ocrx_word' id='word_1_149' title='bbox 3542 863 3556 918; x_wconf 89' lang='lat'>;</span> <span class='ocrx_word' id='word_1_150' title='bbox 3588 852 3714 904; x_wconf 88' lang='lat' dir='ltr'><strong>erat</strong></span> 
     </span>
    </p>
   </div>
   <div class='ocr_carea' id='block_1_26' title="bbox 2063 932 3716 1010">
    <p class='ocr_par' dir='ltr' id='par_1_26' title="bbox 2063 932 3716 1010">
     <span class='ocr_line' id='line_1_26' title="bbox 2063 932 3716 1010; baseline 0.001 -17"><span class='ocrx_word' id='word_1_151' title='bbox 2063 934 2223 993; x_wconf 90' lang='lat' dir='ltr'><strong>enim</strong></span> <span class='ocrx_word' id='word_1_152' title='bbox 2239 932 2558 1002; x_wconf 86' lang='lat' dir='ltr'><strong>admodum</strong></span> <span class='ocrx_word' id='word_1_153' title='bbox 2594 940 3150 1010; x_wconf 87' lang='lat' dir='ltr'><strong>mansuetos,atque</strong></span> <span class='ocrx_word' id='word_1_154' title='bbox 3171 934 3304 994; x_wconf 88' lang='lat' dir='ltr'><strong>ideo</strong></span> <span class='ocrx_word' id='word_1_155' title='bbox 3332 933 3438 996; x_wconf 89' lang='lat' dir='ltr'><strong>Dci</strong></span> <span class='ocrx_word' id='word_1_156' title='bbox 3465 934 3716 996; x_wconf 90' lang='lat' dir='ltr'><strong>famulus</strong></span> 
     </span>
    </p>
   </div>
   <div class='ocr_carea' id='block_1_27' title="bbox 2064 1023 3712 1103">
    <p class='ocr_par' dir='ltr' id='par_1_27' title="bbox 2064 1023 3712 1103">
     <span class='ocr_line' id='line_1_27' title="bbox 2064 1023 3712 1103; baseline 0.001 -21"><span class='ocrx_word' id='word_1_157' title='bbox 2064 1031 2466 1103; x_wconf 83' lang='lat' dir='ltr'><strong>nuncupatur,</strong></span> <span class='ocrx_word' id='word_1_158' title='bbox 2531 1023 2763 1084; x_wconf 82' lang='lat' dir='ltr'><strong>caeteris</strong></span> <span class='ocrx_word' id='word_1_159' title='bbox 2815 1023 3120 1103; x_wconf 87' lang='lat' dir='ltr'><strong>prophetis</strong></span> <span class='ocrx_word' id='word_1_160' title='bbox 3191 1023 3428 1102; x_wconf 87' lang='lat' dir='ltr'><strong>dignior</strong></span> <span class='ocrx_word' id='word_1_161' title='bbox 3485 1026 3555 1085; x_wconf 88' lang='lat' dir='ltr'><strong>ad</strong></span> <span class='ocrx_word' id='word_1_162' title='bbox 3616 1025 3712 1086; x_wconf 84' lang='lat' dir='ltr'><strong>vi-</strong></span> 
     </span>
    </p>
   </div>
   <div class='ocr_carea' id='block_1_28' title="bbox 2065 1110 3718 1184">
    <p class='ocr_par' dir='ltr' id='par_1_28' title="bbox 2065 1110 3718 1184">
     <span class='ocr_line' id='line_1_28' title="bbox 2065 1110 3718 1184; baseline -0.002 -14"><span class='ocrx_word' id='word_1_163' title='bbox 2065 1110 2328 1172; x_wconf 90' lang='lat' dir='ltr'><strong>dendum</strong></span> <span class='ocrx_word' id='word_1_164' title='bbox 2388 1111 2600 1173; x_wconf 89' lang='lat' dir='ltr'><strong>Deum.</strong></span> <span class='ocrx_word' id='word_1_165' title='bbox 2661 1112 2938 1184; x_wconf 86' lang='lat' dir='ltr'><strong>Quinimo</strong></span> <span class='ocrx_word' id='word_1_166' title='bbox 2997 1131 3133 1173; x_wconf 88' lang='lat' dir='ltr'><strong>cum</strong></span> <span class='ocrx_word' id='word_1_167' title='bbox 3184 1111 3474 1172; x_wconf 86' lang='lat' dir='ltr'><strong>adversus</strong></span> <span class='ocrx_word' id='word_1_168' title='bbox 3497 1128 3634 1172; x_wconf 91' lang='lat' dir='ltr'><strong>eum</strong></span> <span class='ocrx_word' id='word_1_169' title='bbox 3658 1113 3718 1172; x_wconf 89' lang='lat' dir='ltr'><strong>et</strong></span> 
     </span>
    </p>
   </div>
   <div class='ocr_carea' id='block_1_29' title="bbox 2062 1202 3712 1283">
    <p class='ocr_par' dir='ltr' id='par_1_29' title="bbox 2062 1202 3712 1283">
     <span class='ocr_line' id='line_1_29' title="bbox 2062 1202 3712 1283; baseline 0.001 -22"><span class='ocrx_word' id='word_1_170' title='bbox 2062 1202 2356 1262; x_wconf 86' lang='lat' dir='ltr'><strong>Aaronem</strong></span> <span class='ocrx_word' id='word_1_171' title='bbox 2383 1202 2457 1262; x_wconf 86' lang='lat' dir='ltr'><strong>de</strong></span> <span class='ocrx_word' id='word_1_172' title='bbox 2490 1203 2828 1282; x_wconf 85' lang='lat' dir='ltr'><strong>pontificatu</strong></span> <span class='ocrx_word' id='word_1_173' title='bbox 2861 1221 2928 1262; x_wconf 90' lang='lat' dir='ltr'><strong>ac</strong></span> <span class='ocrx_word' id='word_1_174' title='bbox 2947 1203 3140 1281; x_wconf 86' lang='lat' dir='ltr'><strong>gentis</strong></span> <span class='ocrx_word' id='word_1_175' title='bbox 3165 1204 3490 1283; x_wconf 84' lang='lat' dir='ltr'><strong>principatu</strong></span> <span class='ocrx_word' id='word_1_176' title='bbox 3520 1202 3712 1282; x_wconf 90' lang='lat' dir='ltr'><strong>impu-</strong></span> 
     </span>
    </p>
   </div>
   <div class='ocr_carea' id='block_1_30' title="bbox 2065 1290 3708 1372">
    <p class='ocr_par' dir='ltr' id='par_1_30' title="bbox 2065 1290 3708 1372">
     <span class='ocr_line' id='line_1_30' title="bbox 2065 1290 3708 1372; baseline 0.002 -22"><span class='ocrx_word' id='word_1_177' title='bbox 2065 1290 2274 1353; x_wconf 79' lang='lat' dir='ltr'><strong>dentes</strong></span> <span class='ocrx_word' id='word_1_178' title='bbox 2307 1292 2486 1368; x_wconf 88' lang='lat' dir='ltr'><strong>aliqui</strong></span> <span class='ocrx_word' id='word_1_179' title='bbox 2517 1301 2788 1372; x_wconf 75' lang='lat' dir='ltr'><strong>proteer</strong></span> <span class='ocrx_word' id='word_1_180' title='bbox 2822 1291 3196 1367; x_wconf 82' lang='lat' dir='ltr'><strong>dimicarent,</strong></span> <span class='ocrx_word' id='word_1_181' title='bbox 3222 1293 3386 1354; x_wconf 91' lang='lat' dir='ltr'><strong>omni</strong></span> <span class='ocrx_word' id='word_1_182' title='bbox 3416 1311 3560 1354; x_wconf 83' lang='lat' dir='ltr'><strong>sane</strong></span> <span class='ocrx_word' id='word_1_183' title='bbox 3594 1293 3708 1354; x_wconf 91' lang='lat' dir='ltr'><strong>ho-</strong></span> 
     </span>
    </p>
   </div>
   <div class='ocr_carea' id='block_1_31' title="bbox 2062 1382 3713 1463">
    <p class='ocr_par' dir='ltr' id='par_1_31' title="bbox 2062 1382 3713 1463">
     <span class='ocr_line' id='line_1_31' title="bbox 2062 1382 3713 1463; baseline 0.002 -22"><span class='ocrx_word' id='word_1_184' title='bbox 2062 1383 2228 1442; x_wconf 90' lang='lat' dir='ltr'><strong>noris</strong></span> <span class='ocrx_word' id='word_1_185' title='bbox 2259 1401 2325 1442; x_wconf 81' lang='lat' dir='ltr'><strong>ac</strong></span> <span class='ocrx_word' id='word_1_186' title='bbox 2352 1382 2640 1463; x_wconf 89' lang='lat' dir='ltr'><strong>primatus</strong></span> <span class='ocrx_word' id='word_1_187' title='bbox 2672 1382 2997 1444; x_wconf 84' lang='lat' dir='ltr'><strong>ambitione</strong></span> <span class='ocrx_word' id='word_1_188' title='bbox 3029 1383 3269 1455; x_wconf 86' lang='lat' dir='ltr'><strong>celsior,</strong></span> <span class='ocrx_word' id='word_1_189' title='bbox 3303 1383 3357 1443; x_wconf 91' lang='lat' dir='ltr'><strong>ei</strong></span> <span class='ocrx_word' id='word_1_190' title='bbox 3394 1382 3496 1460; x_wconf 89' lang='lat' dir='ltr'><strong>qui</strong></span> <span class='ocrx_word' id='word_1_191' title='bbox 3527 1401 3560 1442; x_wconf 94' lang='lat' dir='ltr'><strong>a</strong></span> <span class='ocrx_word' id='word_1_192' title='bbox 3591 1382 3713 1445; x_wconf 90' lang='lat' dir='ltr'><strong>Deo</strong></span> 
     </span>
    </p>
   </div>
   <div class='ocr_carea' id='block_1_32' title="bbox 2064 1471 3714 1554">
    <p class='ocr_par' dir='ltr' id='par_1_32' title="bbox 2064 1471 3714 1554">
     <span class='ocr_line' id='line_1_32' title="bbox 2064 1471 3714 1554; baseline 0.001 -22"><span class='ocrx_word' id='word_1_193' title='bbox 2064 1471 2407 1549; x_wconf 77' lang='lat' dir='ltr'><strong>eligeretur,</strong></span> <span class='ocrx_word' id='word_1_194' title='bbox 2447 1473 2643 1554; x_wconf 84' lang='lat' dir='ltr'><strong>populi</strong></span> <span class='ocrx_word' id='word_1_195' title='bbox 2681 1474 3089 1552; x_wconf 61' lang='lat' dir='ltr'><strong>praefecturam</strong></span> <span class='ocrx_word' id='word_1_196' title='bbox 3125 1473 3496 1535; x_wconf 72' lang='lat' dir='ltr'><strong>deferebats.</strong></span> <span class='ocrx_word' id='word_1_197' title='bbox 3533 1473 3714 1536; x_wconf 62' lang='lat' dir='ltr'><strong>Cate-</strong></span> 
     </span>
    </p>
   </div>
   <div class='ocr_carea' id='block_1_33' title="bbox 2063 1561 3716 1643">
    <p class='ocr_par' dir='ltr' id='par_1_33' title="bbox 2063 1561 3716 1643">
     <span class='ocr_line' id='line_1_33' title="bbox 2063 1561 3716 1643; baseline 0.002 -23"><span class='ocrx_word' id='word_1_198' title='bbox 2063 1580 2192 1621; x_wconf 92' lang='lat' dir='ltr'><strong>rum</strong></span> <span class='ocrx_word' id='word_1_199' title='bbox 2213 1562 2314 1622; x_wconf 87' lang='lat' dir='ltr'><strong>ubi</strong></span> <span class='ocrx_word' id='word_1_200' title='bbox 2344 1561 2403 1622; x_wconf 91' lang='lat' dir='ltr'><strong>in</strong></span> <span class='ocrx_word' id='word_1_201' title='bbox 2439 1564 2626 1641; x_wconf 89' lang='lat' dir='ltr'><strong>ipsum</strong></span> <span class='ocrx_word' id='word_1_202' title='bbox 2661 1564 3470 1643; x_wconf 86' lang='lat' dir='ltr'><strong>conjurassent,pristinaque</strong></span> <span class='ocrx_word' id='word_1_203' title='bbox 3502 1581 3716 1642; x_wconf 82' lang='lat' dir='ltr'><strong>expro-</strong></span> 
     </span>
    </p>
   </div>
   <div class='ocr_carea' id='block_1_34' title="bbox 2061 1651 3710 1734">
    <p class='ocr_par' dir='ltr' id='par_1_34' title="bbox 2061 1651 3710 1734">
     <span class='ocr_line' id='line_1_34' title="bbox 2061 1651 3710 1734; baseline 0.002 -23"><span class='ocrx_word' id='word_1_204' title='bbox 2061 1651 2290 1712; x_wconf 89' lang='lat' dir='ltr'><strong>brando</strong></span> <span class='ocrx_word' id='word_1_205' title='bbox 2325 1651 2514 1712; x_wconf 91' lang='lat' dir='ltr'><strong>minas</strong></span> <span class='ocrx_word' id='word_1_206' title='bbox 2545 1653 2960 1733; x_wconf 84' lang='lat' dir='ltr'><strong>intentassent,</strong></span> <span class='ocrx_word' id='word_1_207' title='bbox 3002 1654 3246 1734; x_wconf 76' lang='lat' dir='ltr'><strong>jamque</strong></span> <span class='ocrx_word' id='word_1_208' title='bbox 3274 1653 3396 1715; x_wconf 90' lang='lat' dir='ltr'><strong>fere</strong></span> <span class='ocrx_word' id='word_1_209' title='bbox 3423 1653 3710 1733; x_wconf 88' lang='lat' dir='ltr'><strong>impetum</strong></span> 
     </span>
    </p>
   </div>
   <div class='ocr_carea' id='block_1_35' title="bbox 2061 1741 3714 1823">
    <p class='ocr_par' dir='ltr' id='par_1_35' title="bbox 2061 1741 3714 1823">
     <span class='ocr_line' id='line_1_35' title="bbox 2061 1741 3714 1823; baseline 0.002 -22"><span class='ocrx_word' id='word_1_210' title='bbox 2061 1741 2368 1812; x_wconf 79' lang='lat' dir='ltr'><strong>fecissent,</strong></span> <span class='ocrx_word' id='word_1_211' title='bbox 2412 1752 2530 1802; x_wconf 91' lang='lat' dir='ltr'><strong>tum</strong></span> <span class='ocrx_word' id='word_1_212' title='bbox 2567 1743 2810 1802; x_wconf 88' lang='lat' dir='ltr'><strong>demum</strong></span> <span class='ocrx_word' id='word_1_213' title='bbox 2837 1757 3184 1804; x_wconf 88' lang='lat' dir='ltr'><strong>mansuetus</strong></span> <span class='ocrx_word' id='word_1_214' title='bbox 3206 1743 3306 1804; x_wconf 90' lang='lat' dir='ltr'><strong>ille</strong></span> <span class='ocrx_word' id='word_1_215' title='bbox 3331 1742 3550 1805; x_wconf 90' lang='lat' dir='ltr'><strong>bonum</strong></span> <span class='ocrx_word' id='word_1_216' title='bbox 3576 1743 3714 1823; x_wconf 85' lang='lat' dir='ltr'><strong>qui-</strong></span> 
     </span>
    </p>
   </div>
   <div class='ocr_carea' id='block_1_36' title="bbox 315 1830 1978 1917">
    <p class='ocr_par' dir='ltr' id='par_1_36' title="bbox 315 1830 1976 1916">
     <span class='ocr_line' id='line_1_36' title="bbox 315 1830 1976 1916; baseline -0.003 -23"><span class='ocrx_word' id='word_1_217' title='bbox 315 1861 430 1901; x_wconf 89' lang='grc' dir='ltr'>νοις</span> <span class='ocrx_word' id='word_1_218' title='bbox 465 1839 717 1902; x_wconf 74' lang='grc' dir='ltr'>ἀναίτιος·</span> <span class='ocrx_word' id='word_1_219' title='bbox 758 1837 872 1914; x_wconf 77' lang='grc' dir='ltr'>ῄδει</span> <span class='ocrx_word' id='word_1_220' title='bbox 898 1839 1021 1916; x_wconf 78' lang='grc' dir='ltr'>γὰρ,</span> <span class='ocrx_word' id='word_1_221' title='bbox 1055 1837 1133 1893; x_wconf 76' lang='grc' dir='ltr'>ὅτι</span> <span class='ocrx_word' id='word_1_222' title='bbox 1167 1837 1274 1916; x_wconf 78' lang='grc' dir='ltr'>χρὴ</span> <span class='ocrx_word' id='word_1_223' title='bbox 1327 1838 1418 1891; x_wconf 71' lang='grc' dir='ltr'><strong>τὸν</strong></span> <span class='ocrx_word' id='word_1_224' title='bbox 1471 1834 1755 1910; x_wconf 74' lang='grc' dir='ltr'>ὁμιλοῦντα</span> <span class='ocrx_word' id='word_1_225' title='bbox 1782 1841 1895 1907; x_wconf 85' lang='grc' dir='ltr'><strong>Θεῴ</strong></span> <span class='ocrx_word' id='word_1_226' title='bbox 1922 1830 1976 1874; x_wconf 66' lang='lat'><strong>‘9</strong></span> 
     </span>
    </p>
   </div>
   <div class='ocr_carea' id='block_1_37' title="bbox 2064 1830 3712 1917">
    <p class='ocr_par' dir='ltr' id='par_1_37' title="bbox 2064 1832 3712 1913">
     <span class='ocr_line' id='line_1_37' title="bbox 2064 1832 3712 1913; baseline -0.001 -20"><span class='ocrx_word' id='word_1_227' title='bbox 2064 1834 2197 1893; x_wconf 90' lang='lat' dir='ltr'><strong>dem</strong></span> <span class='ocrx_word' id='word_1_228' title='bbox 2227 1832 2413 1892; x_wconf 86' lang='lat' dir='ltr'><strong>Deum</strong></span> <span class='ocrx_word' id='word_1_229' title='bbox 2436 1834 2492 1891; x_wconf 89' lang='lat' dir='ltr'><strong>in</strong></span> <span class='ocrx_word' id='word_1_230' title='bbox 2527 1832 2776 1894; x_wconf 89' lang='lat' dir='ltr'><strong>salutem</strong></span> <span class='ocrx_word' id='word_1_231' title='bbox 2811 1832 3376 1913; x_wconf 85' lang='lat' dir='ltr'><strong>advocabat,magua</strong></span> <span class='ocrx_word' id='word_1_232' title='bbox 3409 1851 3547 1896; x_wconf 83' lang='lat' dir='ltr'><strong>vero</strong></span> <span class='ocrx_word' id='word_1_233' title='bbox 3578 1850 3712 1894; x_wconf 88' lang='lat' dir='ltr'><strong>con-</strong></span> 
     </span>
    </p>
   </div>
   <div class='ocr_carea' id='block_1_38' title="bbox 315 1923 1978 2006">
    <p class='ocr_par' dir='ltr' id='par_1_38' title="bbox 315 1925 1973 2006">
     <span class='ocr_line' id='line_1_38' title="bbox 315 1925 1973 2006; baseline -0.007 -21"><span class='ocrx_word' id='word_1_234' title='bbox 315 1931 534 2004; x_wconf 82' lang='grc' dir='ltr'>τάγαθῴ</span> <span class='ocrx_word' id='word_1_235' title='bbox 560 1931 689 2006; x_wconf 82' lang='grc' dir='ltr'>πρὸς</span> <span class='ocrx_word' id='word_1_236' title='bbox 721 1931 781 1984; x_wconf 77' lang='grc' dir='ltr'>τὸ</span> <span class='ocrx_word' id='word_1_237' title='bbox 813 1927 892 1983; x_wconf 78' lang='grc' dir='ltr'>ὅτι</span> <span class='ocrx_word' id='word_1_238' title='bbox 926 1926 1156 2000; x_wconf 80' lang='grc' dir='ltr'>μάλιστα</span> <span class='ocrx_word' id='word_1_239' title='bbox 1207 1928 1545 2004; x_wconf 73' lang='grc' dir='ltr'>ὁμοιότατον,</span> <span class='ocrx_word' id='word_1_240' title='bbox 1611 1927 1682 1986; x_wconf 77' lang='grc' dir='ltr'>ὼς</span> <span class='ocrx_word' id='word_1_241' title='bbox 1737 1925 1973 2004; x_wconf 63' lang='grc' dir='ltr'>ἐφικτὸν,</span> 
     </span>
    </p>
   </div>
   <div class='ocr_carea' id='block_1_39' title="bbox 2064 1923 3711 2006">
    <p class='ocr_par' dir='ltr' id='par_1_39' title="bbox 2064 1923 3711 2003">
     <span class='ocr_line' id='line_1_39' title="bbox 2064 1923 3711 2003; baseline 0.001 -20"><span class='ocrx_word' id='word_1_242' title='bbox 2064 1924 2274 1984; x_wconf 87' lang='lat' dir='ltr'><strong>stantia</strong></span> <span class='ocrx_word' id='word_1_243' title='bbox 2318 1923 2721 2003; x_wconf 77' lang='lat' dir='ltr'><strong>singularique</strong></span> <span class='ocrx_word' id='word_1_244' title='bbox 2756 1924 3045 1987; x_wconf 84' lang='lat' dir='ltr'><strong>modestia</strong></span> <span class='ocrx_word' id='word_1_245' title='bbox 3074 1934 3441 1987; x_wconf 85' lang='lat' dir='ltr'><strong>contestatus</strong></span> <span class='ocrx_word' id='word_1_246' title='bbox 3475 1935 3584 1998; x_wconf 89' lang='lat' dir='ltr'><strong>est,</strong></span> <span class='ocrx_word' id='word_1_247' title='bbox 3646 1940 3711 1984; x_wconf 85' lang='lat' dir='ltr'><strong>se</strong></span> 
     </span>
    </p>
   </div>
   <div class='ocr_carea' id='block_1_40' title="bbox 315 2013 1978 2098">
    <p class='ocr_par' dir='ltr' id='par_1_40' title="bbox 315 2013 1975 2091">
     <span class='ocr_line' id='line_1_40' title="bbox 315 2013 1975 2091; baseline -0.004 -17"><span class='ocrx_word' id='word_1_248' title='bbox 315 2020 781 2091; x_wconf 77' lang='grc' dir='ltr'>ἁποτετυπὼσθαι,</span> <span class='ocrx_word' id='word_1_249' title='bbox 843 2019 928 2072; x_wconf 74' lang='grc' dir='ltr'><strong>καὶ</strong></span> <span class='ocrx_word' id='word_1_250' title='bbox 992 2018 1160 2090; x_wconf 86' lang='grc' dir='ltr'>ἑαυτῷ</span> <span class='ocrx_word' id='word_1_251' title='bbox 1205 2013 1490 2070; x_wconf 78' lang='grc' dir='ltr'>συνειδέναι</span> <span class='ocrx_word' id='word_1_252' title='bbox 1558 2015 1652 2075; x_wconf 74' lang='grc' dir='ltr'>τὰς</span> <span class='ocrx_word' id='word_1_253' title='bbox 1713 2014 1975 2090; x_wconf 67' lang='grc' dir='ltr'>ἀγαθοφι-</span> 
     </span>
    </p>
   </div>
   <div class='ocr_carea' id='block_1_41' title="bbox 2064 2013 3710 2098">
    <p class='ocr_par' dir='ltr' id='par_1_41' title="bbox 2064 2013 3710 2098">
     <span class='ocr_line' id='line_1_41' title="bbox 2064 2013 3710 2098; baseline -0.001 -25"><span class='ocrx_word' id='word_1_254' title='bbox 2064 2013 2356 2074; x_wconf 86' lang='lat' dir='ltr'><strong>insontem</strong></span> <span class='ocrx_word' id='word_1_255' title='bbox 2394 2031 2525 2074; x_wconf 83' lang='lat' dir='ltr'><strong>esse</strong></span> <span class='ocrx_word' id='word_1_256' title='bbox 2551 2013 2948 2076; x_wconf 87' lang='lat' dir='ltr'><strong>calamitatum</strong></span> <span class='ocrx_word' id='word_1_257' title='bbox 2977 2015 3242 2077; x_wconf 88' lang='lat' dir='ltr'><strong>omnium</strong></span> <span class='ocrx_word' id='word_1_258' title='bbox 3300 2035 3430 2098; x_wconf 79' lang='lat' dir='ltr'><strong>quae</strong></span> <span class='ocrx_word' id='word_1_259' title='bbox 3455 2013 3710 2077; x_wconf 89' lang='lat' dir='ltr'><strong>subditis</strong></span> 
     </span>
    </p>
   </div>
   <div class='ocr_carea' id='block_1_42' title="bbox 317 2101 1978 2187">
    <p class='ocr_par' dir='ltr' id='par_1_42' title="bbox 317 2101 1975 2187">
     <span class='ocr_line' id='line_1_42' title="bbox 317 2101 1975 2187; baseline -0.004 -24"><span class='ocrx_word' id='word_1_260' title='bbox 317 2108 436 2170; x_wconf 76' lang='grc' dir='ltr'>λεϊς</span> <span class='ocrx_word' id='word_1_261' title='bbox 496 2108 766 2187; x_wconf 83' lang='grc' dir='ltr'>ἐργατείας</span> <span class='ocrx_word' id='word_1_262' title='bbox 794 2106 868 2166; x_wconf 80' lang='grc' dir='ltr'><strong>⁵ο.</strong></span> <span class='ocrx_word' id='word_1_263' title='bbox 931 2112 987 2164; x_wconf 87' lang='grc' dir='ltr'><strong>Τί</strong></span> <span class='ocrx_word' id='word_1_264' title='bbox 1049 2105 1100 2160; x_wconf 78' lang='grc' dir='ltr'><strong>δὲ</strong></span> <span class='ocrx_word' id='word_1_265' title='bbox 1131 2108 1222 2161; x_wconf 82' lang='grc' dir='ltr'><strong>τὸν</strong></span> <span class='ocrx_word' id='word_1_266' title='bbox 1253 2105 1546 2179; x_wconf 78' lang='grc' dir='ltr'>θεοπάτορα</span> <span class='ocrx_word' id='word_1_267' title='bbox 1617 2101 1780 2158; x_wconf 78' lang='grc' dir='ltr'>Δαυίδ</span> <span class='ocrx_word' id='word_1_268' title='bbox 1814 2104 1975 2158; x_wconf 75' lang='grc' dir='ltr'>ἕποέει</span> 
     </span>
    </p>
   </div>
   <div class='ocr_carea' id='block_1_43' title="bbox 2064 2101 3714 2187">
    <p class='ocr_par' dir='ltr' id='par_1_43' title="bbox 2064 2103 3714 2184">
     <span class='ocr_line' id='line_1_43' title="bbox 2064 2103 3714 2184; baseline 0.001 -20"><span class='ocrx_word' id='word_1_269' title='bbox 2064 2103 2453 2166; x_wconf 81' lang='lat' dir='ltr'><strong>obvenissent</strong></span> <span class='ocrx_word' id='word_1_270' title='bbox 2489 2124 2504 2177; x_wconf 84' lang='lat'><strong>;</strong></span> <span class='ocrx_word' id='word_1_271' title='bbox 2537 2106 2756 2184; x_wconf 78' lang='lat' dir='ltr'><strong>quippe</strong></span> <span class='ocrx_word' id='word_1_272' title='bbox 2780 2116 3046 2179; x_wconf 81' lang='lat' dir='ltr'><strong>noverat,</strong></span> <span class='ocrx_word' id='word_1_273' title='bbox 3077 2106 3131 2168; x_wconf 91' lang='lat' dir='ltr'><strong>ei</strong></span> <span class='ocrx_word' id='word_1_274' title='bbox 3159 2111 3256 2184; x_wconf 88' lang='lat' dir='ltr'><strong>qui</strong></span> <span class='ocrx_word' id='word_1_275' title='bbox 3285 2107 3443 2168; x_wconf 93' lang='lat' dir='ltr'><strong>bono</strong></span> <span class='ocrx_word' id='word_1_276' title='bbox 3478 2110 3598 2169; x_wconf 89' lang='lat' dir='ltr'><strong>Deo</strong></span> <span class='ocrx_word' id='word_1_277' title='bbox 3631 2103 3714 2166; x_wconf 87' lang='lat' dir='ltr'><strong>fa-</strong></span> 
     </span>
    </p>
   </div>
   <div class='ocr_carea' id='block_1_44' title="bbox 314 2192 1978 2279">
    <p class='ocr_par' dir='ltr' id='par_1_44' title="bbox 314 2192 1971 2279">
     <span class='ocr_line' id='line_1_44' title="bbox 314 2192 1971 2279; baseline -0.005 -24"><span class='ocrx_word' id='word_1_278' title='bbox 314 2200 596 2279; x_wconf 68' lang='grc' dir='ltr'>θεοφιλῆ;</span> <span class='ocrx_word' id='word_1_279' title='bbox 652 2200 747 2256; x_wconf 78' lang='grc' dir='ltr'><strong>Καὶ</strong></span> <span class='ocrx_word' id='word_1_280' title='bbox 805 2199 904 2276; x_wconf 81' lang='grc' dir='ltr'><strong>γὰρ</strong></span> <span class='ocrx_word' id='word_1_281' title='bbox 962 2197 1158 2274; x_wconf 70' lang='grc' dir='ltr'>ἀγαθὸν</span> <span class='ocrx_word' id='word_1_282' title='bbox 1210 2196 1360 2267; x_wconf 83' lang='grc' dir='ltr'>ὂντα,</span> <span class='ocrx_word' id='word_1_283' title='bbox 1437 2197 1525 2250; x_wconf 88' lang='grc' dir='ltr'>καὶ</span> <span class='ocrx_word' id='word_1_284' title='bbox 1583 2194 1702 2271; x_wconf 86' lang='grc' dir='ltr'>περὶ</span> <span class='ocrx_word' id='word_1_285' title='bbox 1751 2192 1971 2270; x_wconf 29' lang='grc' dir='ltr'>ἐχῠθρους</span> 
     </span>
    </p>
   </div>
   <div class='ocr_carea' id='block_1_45' title="bbox 2064 2192 3703 2279">
    <p class='ocr_par' dir='ltr' id='par_1_45' title="bbox 2064 2193 3703 2274">
     <span class='ocr_line' id='line_1_45' title="bbox 2064 2193 3703 2274; baseline 0.001 -21"><span class='ocrx_word' id='word_1_286' title='bbox 2064 2193 2372 2254; x_wconf 72' lang='lat' dir='ltr'><strong>miliaritcr</strong></span> <span class='ocrx_word' id='word_1_287' title='bbox 2397 2193 2602 2274; x_wconf 86' lang='lat' dir='ltr'><strong>utitur,</strong></span> <span class='ocrx_word' id='word_1_288' title='bbox 2641 2212 2745 2272; x_wconf 91' lang='lat' dir='ltr'><strong>pro</strong></span> <span class='ocrx_word' id='word_1_289' title='bbox 2773 2194 2996 2256; x_wconf 80' lang='lat' dir='ltr'><strong>viribus</strong></span> <span class='ocrx_word' id='word_1_290' title='bbox 3023 2197 3462 2272; x_wconf 87' lang='lat' dir='ltr'><strong>conandum,ut</strong></span> <span class='ocrx_word' id='word_1_291' title='bbox 3481 2195 3703 2272; x_wconf 88' lang='lat' dir='ltr'><strong>eidem,</strong></span> 
     </span>
    </p>
   </div>
   <div class='ocr_carea' id='block_1_46' title="bbox 316 2283 3706 2366">
    <p class='ocr_par' dir='ltr' id='par_1_46' title="bbox 316 2283 3706 2366">
     <span class='ocr_line' id='line_1_46' title="bbox 316 2283 3706 2366; baseline -0 -21"><span class='ocrx_word' id='word_1_292' title='bbox 316 2290 561 2366; x_wconf 77' lang='grc' dir='ltr'>ἀγαθόν’</span> <span class='ocrx_word' id='word_1_293' title='bbox 629 2288 859 2366; x_wconf 72' lang='grc' dir='ltr'>Εὕρηκα,</span> <span class='ocrx_word' id='word_1_294' title='bbox 919 2289 1076 2366; x_wconf 76' lang='grc' dir='ltr'>φησὶν</span> <span class='ocrx_word' id='word_1_295' title='bbox 1128 2288 1154 2341; x_wconf 86' lang='grc' dir='ltr'>ὁ</span> <span class='ocrx_word' id='word_1_296' title='bbox 1218 2285 1542 2362; x_wconf 74' lang='grc' dir='ltr'>ὑπεράγαθος</span> <span class='ocrx_word' id='word_1_297' title='bbox 1617 2284 1701 2337; x_wconf 83' lang='grc' dir='ltr'><strong>καὶ</strong></span> <span class='ocrx_word' id='word_1_298' title='bbox 1747 2283 1970 2360; x_wconf 70' lang='grc' dir='ltr'>φιλάγκ-</span> <span class='ocrx_word' id='word_1_299' title='bbox 2056 2293 2336 2363; x_wconf 88' lang='lat' dir='ltr'><strong>quantum</strong></span> <span class='ocrx_word' id='word_1_300' title='bbox 2374 2291 2564 2364; x_wconf 86' lang='lat' dir='ltr'><strong>potest</strong></span> <span class='ocrx_word' id='word_1_301' title='bbox 2594 2283 2748 2364; x_wconf 82' lang='lat' dir='ltr'><strong>ﬁeri,</strong></span> <span class='ocrx_word' id='word_1_302' title='bbox 2800 2284 3146 2346; x_wconf 89' lang='lat' dir='ltr'><strong>simillimus</strong></span> <span class='ocrx_word' id='word_1_303' title='bbox 3206 2290 3438 2359; x_wconf 83' lang='lat' dir='ltr'><strong>evadat,</strong></span> <span class='ocrx_word' id='word_1_304' title='bbox 3471 2285 3706 2365; x_wconf 87' lang='lat' dir='ltr'><strong>sibique</strong></span> 
     </span>
    </p>
   </div>
   <div class='ocr_carea' id='block_1_47' title="bbox 315 2373 1978 2458">
    <p class='ocr_par' dir='ltr' id='par_1_47' title="bbox 315 2373 1970 2458">
     <span class='ocr_line' id='line_1_47' title="bbox 315 2373 1970 2458; baseline -0.005 -25"><span class='ocrx_word' id='word_1_305' title='bbox 315 2385 407 2444; x_wconf 87' lang='grc' dir='ltr'><strong>θος</strong></span> <span class='ocrx_word' id='word_1_306' title='bbox 431 2378 507 2458; x_wconf 67' lang='grc'><strong>⁵1,</strong></span> <span class='ocrx_word' id='word_1_307' title='bbox 569 2378 725 2456; x_wconf 69' lang='grc' dir='ltr'>ἄνδρα</span> <span class='ocrx_word' id='word_1_308' title='bbox 811 2380 945 2435; x_wconf 74' lang='grc' dir='ltr'>κατὰ</span> <span class='ocrx_word' id='word_1_309' title='bbox 1001 2379 1098 2445; x_wconf 73' lang='grc' dir='ltr'><strong>τήν</strong></span> <span class='ocrx_word' id='word_1_310' title='bbox 1149 2373 1361 2450; x_wconf 79' lang='grc' dir='ltr'>καρδίαν</span> <span class='ocrx_word' id='word_1_311' title='bbox 1421 2396 1540 2445; x_wconf 88' lang='grc' dir='ltr'>μου.</span> <span class='ocrx_word' id='word_1_312' title='bbox 1636 2374 1814 2428; x_wconf 79' lang='grc' dir='ltr'>Καίτοι</span> <span class='ocrx_word' id='word_1_313' title='bbox 1883 2373 1970 2425; x_wconf 83' lang='grc' dir='ltr'><strong>καὶ</strong></span> 
     </span>
    </p>
   </div>
   <div class='ocr_carea' id='block_1_48' title="bbox 2064 2373 3703 2458">
    <p class='ocr_par' dir='ltr' id='par_1_48' title="bbox 2064 2375 3703 2458">
     <span class='ocr_line' id='line_1_48' title="bbox 2064 2375 3703 2458; baseline 0.002 -25"><span class='ocrx_word' id='word_1_314' title='bbox 2064 2375 2346 2434; x_wconf 90' lang='lat' dir='ltr'><strong>bonorum</strong></span> <span class='ocrx_word' id='word_1_315' title='bbox 2374 2392 2619 2454; x_wconf 90' lang='lat' dir='ltr'><strong>operum</strong></span> <span class='ocrx_word' id='word_1_316' title='bbox 2655 2379 2930 2436; x_wconf 90' lang='lat' dir='ltr'><strong>conscius</strong></span> <span class='ocrx_word' id='word_1_317' title='bbox 2957 2376 3350 2448; x_wconf 81' lang='lat' dir='ltr'><strong>existat.Quid</strong></span> <span class='ocrx_word' id='word_1_318' title='bbox 3387 2395 3562 2458; x_wconf 91' lang='lat' dir='ltr'><strong>porro</strong></span> <span class='ocrx_word' id='word_1_319' title='bbox 3595 2376 3703 2437; x_wconf 79' lang='lat' dir='ltr'><strong>Da-</strong></span> 
     </span>
    </p>
   </div>
   <div class='ocr_carea' id='block_1_49' title="bbox 311 2462 1978 2547">
    <p class='ocr_par' dir='ltr' id='par_1_49' title="bbox 311 2463 1966 2547">
     <span class='ocr_line' id='line_1_49' title="bbox 311 2463 1966 2547; baseline -0.007 -20"><span class='ocrx_word' id='word_1_320' title='bbox 311 2473 511 2546; x_wconf 73' lang='grc' dir='ltr'>θεσμὸς</span> <span class='ocrx_word' id='word_1_321' title='bbox 544 2470 738 2547; x_wconf 74' lang='grc' dir='ltr'>ἀγαθὸς</span> <span class='ocrx_word' id='word_1_322' title='bbox 791 2467 1104 2544; x_wconf 77' lang='grc' dir='ltr'>ὲόεδωρητο,</span> <span class='ocrx_word' id='word_1_323' title='bbox 1140 2465 1236 2520; x_wconf 63' lang='grc' dir='ltr'>καί</span> <span class='ocrx_word' id='word_1_324' title='bbox 1281 2466 1576 2540; x_wconf 74' lang='grc' dir='ltr'>ὑποζυγίων</span> <span class='ocrx_word' id='word_1_325' title='bbox 1609 2463 1799 2542; x_wconf 52' lang='grc' dir='ltr'>ἐχθροῦ</span> <span class='ocrx_word' id='word_1_326' title='bbox 1831 2483 1966 2538; x_wconf 85' lang='grc' dir='ltr'>προ-</span> 
     </span>
    </p>
   </div>
   <div class='ocr_carea' id='block_1_50' title="bbox 2064 2462 3706 2547">
    <p class='ocr_par' dir='ltr' id='par_1_50' title="bbox 2064 2462 3706 2542">
     <span class='ocr_line' id='line_1_50' title="bbox 2064 2462 3706 2542; baseline 0.005 -23"><span class='ocrx_word' id='word_1_327' title='bbox 2064 2462 2146 2522; x_wconf 84' lang='lat' dir='ltr'><strong>vid</strong></span> <span class='ocrx_word' id='word_1_328' title='bbox 2182 2463 2344 2524; x_wconf 90' lang='lat' dir='ltr'><strong>illum</strong></span> <span class='ocrx_word' id='word_1_329' title='bbox 2370 2462 2477 2524; x_wconf 91' lang='lat' dir='ltr'><strong>Dei</strong></span> <span class='ocrx_word' id='word_1_330' title='bbox 2503 2463 2967 2542; x_wconf 85' lang='lat' dir='ltr'><strong>progenitorem,</strong></span> <span class='ocrx_word' id='word_1_331' title='bbox 2992 2468 3247 2527; x_wconf 89' lang='lat' dir='ltr'><strong>amicum</strong></span> <span class='ocrx_word' id='word_1_332' title='bbox 3273 2467 3394 2528; x_wconf 91' lang='lat' dir='ltr'><strong>Deo</strong></span> <span class='ocrx_word' id='word_1_333' title='bbox 3414 2465 3706 2529; x_wconf 82' lang='lat' dir='ltr'><strong>reddidit?</strong></span> 
     </span>
    </p>
   </div>
   <div class='ocr_carea' id='block_1_51' title="bbox 313 2551 1978 2636">
    <p class='ocr_par' dir='ltr' id='par_1_51' title="bbox 313 2551 1965 2633">
     <span class='ocr_line' id='line_1_51' title="bbox 313 2551 1965 2633; baseline -0.006 -17"><span class='ocrx_word' id='word_1_334' title='bbox 313 2575 486 2619; x_wconf 77' lang='grc' dir='ltr'>νοεῖν.</span> <span class='ocrx_word' id='word_1_335' title='bbox 552 2562 648 2618; x_wconf 85' lang='grc' dir='ltr'><strong>Καὶ</strong></span> <span class='ocrx_word' id='word_1_336' title='bbox 708 2557 828 2616; x_wconf 72' lang='grc' dir='ltr'><strong>Ἰὼὸ</strong></span> <span class='ocrx_word' id='word_1_337' title='bbox 887 2560 960 2621; x_wconf 84' lang='grc' dir='ltr'>ὡς</span> <span class='ocrx_word' id='word_1_338' title='bbox 1020 2557 1243 2618; x_wconf 78' lang='grc' dir='ltr'>ἆκακίας</span> <span class='ocrx_word' id='word_1_339' title='bbox 1303 2555 1566 2633; x_wconf 75' lang='grc' dir='ltr'>ἐχόμενος</span> <span class='ocrx_word' id='word_1_340' title='bbox 1655 2551 1965 2610; x_wconf 75' lang='grc' dir='ltr'>ἐδικαιοῦτο.</span> 
     </span>
    </p>
   </div>
   <div class='ocr_carea' id='block_1_52' title="bbox 2064 2551 3697 2636">
    <p class='ocr_par' dir='ltr' id='par_1_52' title="bbox 2064 2553 3697 2636">
     <span class='ocr_line' id='line_1_52' title="bbox 2064 2553 3697 2636; baseline 0 -22"><span class='ocrx_word' id='word_1_341' title='bbox 2064 2553 2283 2630; x_wconf 82' lang='lat' dir='ltr'><strong>Nempe</strong></span> <span class='ocrx_word' id='word_1_342' title='bbox 2312 2554 2469 2633; x_wconf 80' lang='lat' dir='ltr'><strong>quod</strong></span> <span class='ocrx_word' id='word_1_343' title='bbox 2505 2562 2664 2614; x_wconf 82' lang='lat' dir='ltr'><strong>esset</strong></span> <span class='ocrx_word' id='word_1_344' title='bbox 2689 2553 2722 2612; x_wconf 89' lang='lat' dir='ltr'><strong>b</strong></span> <span class='ocrx_word' id='word_1_345' title='bbox 2751 2573 2901 2628; x_wconf 82' lang='lat' dir='ltr'><strong>nus,</strong></span> <span class='ocrx_word' id='word_1_346' title='bbox 2939 2562 2999 2616; x_wconf 92' lang='lat' dir='ltr'><strong>et</strong></span> <span class='ocrx_word' id='word_1_347' title='bbox 3029 2556 3085 2616; x_wconf 94' lang='lat' dir='ltr'><strong>in</strong></span> <span class='ocrx_word' id='word_1_348' title='bbox 3120 2557 3322 2618; x_wconf 88' lang='lat' dir='ltr'><strong>hostes</strong></span> <span class='ocrx_word' id='word_1_349' title='bbox 3353 2556 3650 2636; x_wconf 85' lang='lat' dir='ltr'><strong>benignus</strong></span> <span class='ocrx_word' id='word_1_350' title='bbox 3684 2576 3697 2614; x_wconf 88' lang='lat'><strong>:</strong></span> 
     </span>
    </p>
   </div>
   <div class='ocr_carea' id='block_1_53' title="bbox 317 2640 1978 2727">
    <p class='ocr_par' dir='ltr' id='par_1_53' title="bbox 317 2640 1965 2727">
     <span class='ocr_line' id='line_1_53' title="bbox 317 2640 1965 2727; baseline -0.008 -18"><span class='ocrx_word' id='word_1_351' title='bbox 317 2654 426 2709; x_wconf 76' lang='grc' dir='ltr'><strong>Καὶ</strong></span> <span class='ocrx_word' id='word_1_352' title='bbox 463 2641 658 2727; x_wconf 72' lang='grc' dir='ltr'>Ἰωσὴφ</span> <span class='ocrx_word' id='word_1_353' title='bbox 702 2650 819 2714; x_wconf 80' lang='grc' dir='ltr'>τοὺς</span> <span class='ocrx_word' id='word_1_354' title='bbox 853 2646 1160 2708; x_wconf 66' lang='grc' dir='ltr'>ἐπιϐούλους</span> <span class='ocrx_word' id='word_1_355' title='bbox 1195 2643 1444 2723; x_wconf 74' lang='grc' dir='ltr'>ἀδελφοὺς</span> <span class='ocrx_word' id='word_1_356' title='bbox 1493 2645 1586 2699; x_wconf 86' lang='grc' dir='ltr'>οόκ</span> <span class='ocrx_word' id='word_1_357' title='bbox 1628 2643 1858 2716; x_wconf 75' lang='grc' dir='ltr'>ἠμύνετο</span> <span class='ocrx_word' id='word_1_358' title='bbox 1883 2640 1965 2713; x_wconf 65' lang='grc'><strong>52,</strong></span> 
     </span>
    </p>
   </div>
   <div class='ocr_carea' id='block_1_54' title="bbox 2064 2640 3712 2727">
    <p class='ocr_par' dir='ltr' id='par_1_54' title="bbox 2064 2643 3712 2726">
     <span class='ocr_line' id='line_1_54' title="bbox 2064 2643 3712 2726; baseline 0.001 -20"><span class='ocrx_word' id='word_1_359' title='bbox 2064 2644 2281 2708; x_wconf 83' lang='lat' dir='ltr'><strong>inveni.</strong></span> <span class='ocrx_word' id='word_1_360' title='bbox 2314 2644 2508 2723; x_wconf 84' lang='lat' dir='ltr'><strong>inquit</strong></span> <span class='ocrx_word' id='word_1_361' title='bbox 2541 2643 2638 2704; x_wconf 91' lang='lat' dir='ltr'><strong>ille</strong></span> <span class='ocrx_word' id='word_1_362' title='bbox 2673 2643 3091 2724; x_wconf 63' lang='lat' dir='ltr'><strong>praebenignus</strong></span> <span class='ocrx_word' id='word_1_363' title='bbox 3122 2645 3513 2726; x_wconf 81' lang='lat' dir='ltr'><strong>benignitatis</strong></span> <span class='ocrx_word' id='word_1_364' title='bbox 3543 2664 3712 2708; x_wconf 73' lang='lat' dir='ltr'><strong>ama-</strong></span> 
     </span>
    </p>
   </div>
   <div class='ocr_carea' id='block_1_55' title="bbox 317 2733 1978 2811">
    <p class='ocr_par' dir='ltr' id='par_1_55' title="bbox 317 2733 1972 2808">
     <span class='ocr_line' id='line_1_55' title="bbox 317 2733 1972 2808; baseline -0.005 -14"><span class='ocrx_word' id='word_1_365' title='bbox 317 2741 406 2796; x_wconf 67' lang='grc' dir='ltr'><strong>καὶ</strong></span> <span class='ocrx_word' id='word_1_366' title='bbox 457 2737 637 2796; x_wconf 61' lang='grc' dir='ltr'>’Ἅϐελ</span> <span class='ocrx_word' id='word_1_367' title='bbox 695 2738 877 2798; x_wconf 72' lang='grc' dir='ltr'>ἁπλῶς</span> <span class='ocrx_word' id='word_1_368' title='bbox 929 2739 1016 2794; x_wconf 83' lang='grc' dir='ltr'>καὶ</span> <span class='ocrx_word' id='word_1_369' title='bbox 1079 2737 1393 2798; x_wconf 74' lang='grc' dir='ltr'>ἀνυπόπτως</span> <span class='ocrx_word' id='word_1_370' title='bbox 1466 2733 1838 2808; x_wconf 79' lang='grc' dir='ltr'>συνεπορεύετο</span> <span class='ocrx_word' id='word_1_371' title='bbox 1897 2754 1972 2805; x_wconf 86' lang='grc' dir='ltr'>τῳ</span> 
     </span>
    </p>
   </div>
   <div class='ocr_carea' id='block_1_56' title="bbox 2064 2733 3716 2811">
    <p class='ocr_par' dir='ltr' id='par_1_56' title="bbox 2064 2735 3716 2811">
     <span class='ocr_line' id='line_1_56' title="bbox 2064 2735 3716 2811; baseline 0.002 -16"><span class='ocrx_word' id='word_1_372' title='bbox 2064 2735 2480 2808; x_wconf 90' lang='lat' dir='ltr'><strong>tor,hominem</strong></span> <span class='ocrx_word' id='word_1_373' title='bbox 2505 2735 2834 2796; x_wconf 90' lang='lat' dir='ltr'><strong>secundum</strong></span> <span class='ocrx_word' id='word_1_374' title='bbox 2872 2754 2978 2798; x_wconf 89' lang='lat' dir='ltr'><strong>cor</strong></span> <span class='ocrx_word' id='word_1_375' title='bbox 3012 2755 3207 2799; x_wconf 74' lang='lat' dir='ltr'><strong>meum</strong></span> <span class='ocrx_word' id='word_1_376' title='bbox 3240 2736 3577 2811; x_wconf 71' lang='lat' dir='ltr'><strong>h.Quinimo</strong></span> <span class='ocrx_word' id='word_1_377' title='bbox 3612 2737 3716 2800; x_wconf 88' lang='lat' dir='ltr'><strong>be-</strong></span> 
     </span>
    </p>
   </div>
   <div class='ocr_carea' id='block_1_57' title="bbox 313 2822 1978 2908">
    <p class='ocr_par' dir='ltr' id='par_1_57' title="bbox 313 2822 1975 2908">
     <span class='ocr_line' id='line_1_57' title="bbox 313 2822 1975 2908; baseline -0.004 -23"><span class='ocrx_word' id='word_1_378' title='bbox 313 2828 707 2908; x_wconf 75' lang='grc' dir='ltr'>ἆδελφοκτόνῳ,</span> <span class='ocrx_word' id='word_1_379' title='bbox 747 2831 842 2886; x_wconf 82' lang='grc' dir='ltr'><strong>Καὶ</strong></span> <span class='ocrx_word' id='word_1_380' title='bbox 874 2828 1134 2893; x_wconf 75' lang='grc' dir='ltr'>πάνταςὴ</span> <span class='ocrx_word' id='word_1_381' title='bbox 1167 2823 1410 2902; x_wconf 71' lang='grc' dir='ltr'>θεολογία</span> <span class='ocrx_word' id='word_1_382' title='bbox 1469 2823 1590 2886; x_wconf 78' lang='grc' dir='ltr'>τοὺς</span> <span class='ocrx_word' id='word_1_383' title='bbox 1628 2823 1880 2900; x_wconf 79' lang='grc' dir='ltr'>’ἀγαθοὺς</span> <span class='ocrx_word' id='word_1_384' title='bbox 1913 2822 1975 2872; x_wconf 73' lang='lat'><strong>53</strong></span> 
     </span>
    </p>
   </div>
   <div class='ocr_carea' id='block_1_58' title="bbox 2064 2822 3712 2908">
    <p class='ocr_par' dir='ltr' id='par_1_58' title="bbox 2064 2824 3712 2908">
     <span class='ocr_line' id='line_1_58' title="bbox 2064 2824 3712 2908; baseline 0.003 -24"><span class='ocrx_word' id='word_1_385' title='bbox 2064 2825 2236 2900; x_wconf 86' lang='lat' dir='ltr'><strong>nigna</strong></span> <span class='ocrx_word' id='word_1_386' title='bbox 2267 2824 2395 2902; x_wconf 83' lang='lat' dir='ltr'><strong>lege</strong></span> <span class='ocrx_word' id='word_1_387' title='bbox 2428 2826 2720 2884; x_wconf 88' lang='lat' dir='ltr'><strong>sancitum</strong></span> <span class='ocrx_word' id='word_1_388' title='bbox 2766 2833 2916 2894; x_wconf 87' lang='lat' dir='ltr'><strong>erat,</strong></span> <span class='ocrx_word' id='word_1_389' title='bbox 2950 2827 3448 2906; x_wconf 88' lang='lat' dir='ltr'><strong>utjumentornm</strong></span> <span class='ocrx_word' id='word_1_390' title='bbox 3475 2845 3712 2908; x_wconf 88' lang='lat' dir='ltr'><strong>quoque</strong></span> 
     </span>
    </p>
   </div>
   <div class='ocr_carea' id='block_1_59' title="bbox 311 2913 1978 2998">
    <p class='ocr_par' dir='ltr' id='par_1_59' title="bbox 311 2913 1973 2998">
     <span class='ocr_line' id='line_1_59' title="bbox 311 2913 1973 2998; baseline -0.007 -22"><span class='ocrx_word' id='word_1_391' title='bbox 311 2919 691 2998; x_wconf 81' lang='grc' dir='ltr'>ἀνακηρύττει,</span> <span class='ocrx_word' id='word_1_392' title='bbox 779 2919 855 2993; x_wconf 71' lang='grc' dir='ltr'>μὴ</span> <span class='ocrx_word' id='word_1_393' title='bbox 943 2925 1349 2994; x_wconf 87' lang='grc' dir='ltr'>προεννοοῦντας</span> <span class='ocrx_word' id='word_1_394' title='bbox 1408 2915 1474 2970; x_wconf 78' lang='grc' dir='ltr'>τὰ</span> <span class='ocrx_word' id='word_1_395' title='bbox 1555 2915 1714 2985; x_wconf 58' lang='grc' dir='ltr'>κακαὶ,</span> <span class='ocrx_word' id='word_1_396' title='bbox 1777 2913 1853 2986; x_wconf 77' lang='grc' dir='ltr'>μὴ</span> <span class='ocrx_word' id='word_1_397' title='bbox 1909 2913 1973 2964; x_wconf 64' lang='grc'><strong>54</strong></span> 
     </span>
    </p>
   </div>
   <div class='ocr_carea' id='block_1_60' title="bbox 2064 2913 3712 2998">
    <p class='ocr_par' dir='ltr' id='par_1_60' title="bbox 2064 2914 3712 2997">
     <span class='ocr_line' id='line_1_60' title="bbox 2064 2914 3712 2997; baseline 0.002 -23"><span class='ocrx_word' id='word_1_398' title='bbox 2064 2914 2280 2974; x_wconf 82' lang='lat' dir='ltr'><strong>inimici</strong></span> <span class='ocrx_word' id='word_1_399' title='bbox 2312 2933 2454 2975; x_wconf 90' lang='lat' dir='ltr'><strong>cura</strong></span> <span class='ocrx_word' id='word_1_400' title='bbox 2485 2923 2796 2992; x_wconf 88' lang='lat' dir='ltr'><strong>gereretur</strong></span> <span class='ocrx_word' id='word_1_401' title='bbox 2826 2949 2859 2990; x_wconf 74' lang='grc' dir='ltr'><strong>ι.</strong></span> <span class='ocrx_word' id='word_1_402' title='bbox 2891 2916 3000 2978; x_wconf 85' lang='lat' dir='ltr'><strong>Job</strong></span> <span class='ocrx_word' id='word_1_403' title='bbox 3027 2917 3230 2997; x_wconf 87' lang='lat' dir='ltr'><strong>etiam,</strong></span> <span class='ocrx_word' id='word_1_404' title='bbox 3257 2924 3322 2978; x_wconf 88' lang='lat' dir='ltr'><strong>ut</strong></span> <span class='ocrx_word' id='word_1_405' title='bbox 3353 2917 3712 2978; x_wconf 61' lang='lat' dir='ltr'><strong>innocentiae</strong></span> 
     </span>
    </p>
   </div>
   <div class='ocr_carea' id='block_1_61' title="bbox 314 3001 1978 3088">
    <p class='ocr_par' dir='ltr' id='par_1_61' title="bbox 314 3001 1968 3088">
     <span class='ocr_line' id='line_1_61' title="bbox 314 3001 1968 3088; baseline -0.004 -22"><span class='ocrx_word' id='word_1_406' title='bbox 314 3011 760 3088; x_wconf 75' lang='grc' dir='ltr'>προσποιοῦντας,</span> <span class='ocrx_word' id='word_1_407' title='bbox 795 3006 930 3063; x_wconf 78' lang='grc' dir='ltr'>ἀλλὰ</span> <span class='ocrx_word' id='word_1_408' title='bbox 957 3003 1093 3080; x_wconf 75' lang='grc' dir='ltr'>μηδὲ</span> <span class='ocrx_word' id='word_1_409' title='bbox 1151 3006 1281 3082; x_wconf 73' lang='grc' dir='ltr'>πρὸς</span> <span class='ocrx_word' id='word_1_410' title='bbox 1313 3005 1409 3070; x_wconf 70' lang='grc' dir='ltr'>τῆς</span> <span class='ocrx_word' id='word_1_411' title='bbox 1469 3001 1647 3059; x_wconf 71' lang='grc' dir='ltr'>ἅλὶῶν</span> <span class='ocrx_word' id='word_1_412' title='bbox 1689 3003 1753 3052; x_wconf 72' lang='grc'><strong>55</strong></span> <span class='ocrx_word' id='word_1_413' title='bbox 1783 3003 1968 3067; x_wconf 82' lang='grc' dir='ltr'>κακίας</span> 
     </span>
    </p>
   </div>
   <div class='ocr_carea' id='block_1_62' title="bbox 2064 3001 3713 3088">
    <p class='ocr_par' dir='ltr' id='par_1_62' title="bbox 2064 3004 3713 3086">
     <span class='ocr_line' id='line_1_62' title="bbox 2064 3004 3713 3086; baseline 0.002 -21"><span class='ocrx_word' id='word_1_414' title='bbox 2064 3012 2254 3081; x_wconf 85' lang='lat' dir='ltr'><strong>tenax,</strong></span> <span class='ocrx_word' id='word_1_415' title='bbox 2284 3004 2646 3084; x_wconf 81' lang='lat' dir='ltr'><strong>justificatus</strong></span> <span class='ocrx_word' id='word_1_416' title='bbox 2678 3014 2770 3066; x_wconf 85' lang='lat' dir='ltr'><strong>est</strong></span> <span class='ocrx_word' id='word_1_417' title='bbox 2799 3005 3292 3086; x_wconf 69' lang='lat' dir='ltr'><strong>k.AtqueJoseph</strong></span> <span class='ocrx_word' id='word_1_418' title='bbox 3325 3006 3713 3070; x_wconf 82' lang='lat' dir='ltr'><strong>insidiatores</strong></span> 
     </span>
    </p>
   </div>
   <div class='ocr_carea' id='block_1_63' title="bbox 312 3091 1978 3176">
    <p class='ocr_par' dir='ltr' id='par_1_63' title="bbox 312 3091 1968 3176">
     <span class='ocr_line' id='line_1_63' title="bbox 312 3091 1968 3176; baseline -0.005 -19"><span class='ocrx_word' id='word_1_419' title='bbox 312 3100 377 3157; x_wconf 84' lang='grc' dir='ltr'>ἐκ</span> <span class='ocrx_word' id='word_1_420' title='bbox 431 3098 662 3176; x_wconf 75' lang='grc' dir='ltr'>τάγαθοῦ</span> <span class='ocrx_word' id='word_1_421' title='bbox 721 3095 1228 3174; x_wconf 69' lang='grc' dir='ltr'>μεταποιουμένους,</span> <span class='ocrx_word' id='word_1_422' title='bbox 1276 3094 1573 3150; x_wconf 85' lang='grc' dir='ltr'>τούναντίον</span> <span class='ocrx_word' id='word_1_423' title='bbox 1643 3091 1697 3148; x_wconf 75' lang='grc' dir='ltr'>δὲ</span> <span class='ocrx_word' id='word_1_424' title='bbox 1726 3091 1968 3155; x_wconf 82' lang='grc' dir='ltr'>θεοειδῶς</span> 
     </span>
    </p>
   </div>
   <div class='ocr_carea' id='block_1_64' title="bbox 2064 3091 3710 3176">
    <p class='ocr_par' dir='ltr' id='par_1_64' title="bbox 2064 3093 3710 3176">
     <span class='ocr_line' id='line_1_64' title="bbox 2064 3093 3710 3176; baseline 0.002 -21"><span class='ocrx_word' id='word_1_425' title='bbox 2064 3093 2266 3157; x_wconf 68' lang='lat' dir='ltr'><strong>fratres</strong></span> <span class='ocrx_word' id='word_1_426' title='bbox 2314 3113 2431 3156; x_wconf 91' lang='lat' dir='ltr'><strong>non</strong></span> <span class='ocrx_word' id='word_1_427' title='bbox 2486 3102 2575 3156; x_wconf 91' lang='lat' dir='ltr'><strong>est</strong></span> <span class='ocrx_word' id='word_1_428' title='bbox 2623 3094 2780 3157; x_wconf 88' lang='lat' dir='ltr'><strong>ultus</strong></span> <span class='ocrx_word' id='word_1_429' title='bbox 2803 3100 2840 3176; x_wconf 83' lang='grc'>1,</span> <span class='ocrx_word' id='word_1_430' title='bbox 2886 3095 3157 3176; x_wconf 89' lang='lat' dir='ltr'><strong>Abelque</strong></span> <span class='ocrx_word' id='word_1_431' title='bbox 3188 3095 3560 3176; x_wconf 85' lang='lat' dir='ltr'><strong>simpliciter,</strong></span> <span class='ocrx_word' id='word_1_432' title='bbox 3599 3116 3710 3159; x_wconf 87' lang='lat' dir='ltr'><strong>nec</strong></span> 
     </span>
    </p>
   </div>
   <div class='ocr_carea' id='block_1_65' title="bbox 311 3180 1978 3264">
    <p class='ocr_par' dir='ltr' id='par_1_65' title="bbox 311 3180 1972 3264">
     <span class='ocr_line' id='line_1_65' title="bbox 311 3180 1972 3264; baseline -0.005 -16"><span class='ocrx_word' id='word_1_433' title='bbox 311 3193 403 3248; x_wconf 78' lang='grc' dir='ltr'><strong>καὶ</strong></span> <span class='ocrx_word' id='word_1_434' title='bbox 434 3190 556 3254; x_wconf 82' lang='grc' dir='ltr'>τοὺς</span> <span class='ocrx_word' id='word_1_435' title='bbox 611 3189 806 3252; x_wconf 84' lang='grc' dir='ltr'>κακοὺς</span> <span class='ocrx_word' id='word_1_436' title='bbox 835 3186 1188 3264; x_wconf 82' lang='grc' dir='ltr'>ἁγαθύνοντας</span> <span class='ocrx_word' id='word_1_437' title='bbox 1239 3182 1335 3240; x_wconf 79' lang='grc' dir='ltr'>καῖ</span> <span class='ocrx_word' id='word_1_438' title='bbox 1363 3181 1725 3264; x_wconf 73' lang='grc' dir='ltr'>ἐφαπλοῦντας</span> <span class='ocrx_word' id='word_1_439' title='bbox 1769 3180 1854 3263; x_wconf 75' lang='grc'><strong>56,</strong></span> <span class='ocrx_word' id='word_1_440' title='bbox 1883 3185 1972 3240; x_wconf 77' lang='grc' dir='ltr'><strong>καί</strong></span> 
     </span>
    </p>
   </div>
   <div class='ocr_carea' id='block_1_66' title="bbox 2064 3180 3707 3264">
    <p class='ocr_par' dir='ltr' id='par_1_66' title="bbox 2064 3182 3707 3262">
     <span class='ocr_line' id='line_1_66' title="bbox 2064 3182 3707 3262; baseline 0.002 -19"><span class='ocrx_word' id='word_1_441' title='bbox 2064 3182 2380 3262; x_wconf 83' lang='lat' dir='ltr'><strong>quidquam</strong></span> <span class='ocrx_word' id='word_1_442' title='bbox 2414 3183 2748 3262; x_wconf 87' lang='lat' dir='ltr'><strong>suspicans,</strong></span> <span class='ocrx_word' id='word_1_443' title='bbox 2781 3185 3100 3248; x_wconf 80' lang='lat' dir='ltr'><strong>comitatus</strong></span> <span class='ocrx_word' id='word_1_444' title='bbox 3129 3193 3228 3249; x_wconf 88' lang='lat' dir='ltr'><strong>est</strong></span> <span class='ocrx_word' id='word_1_445' title='bbox 3251 3185 3616 3248; x_wconf 86' lang='lat' dir='ltr'><strong>fratricidam</strong></span> <span class='ocrx_word' id='word_1_446' title='bbox 3647 3198 3707 3246; x_wconf 71' lang='grc' dir='ltr'>ω.</span> 
     </span>
    </p>
   </div>
   <div class='ocr_carea' id='block_1_67' title="bbox 314 3270 1978 3357">
    <p class='ocr_par' dir='ltr' id='par_1_67' title="bbox 314 3272 1969 3352">
     <span class='ocr_line' id='line_1_67' title="bbox 314 3272 1969 3352; baseline -0.004 -16"><span class='ocrx_word' id='word_1_447' title='bbox 314 3277 423 3336; x_wconf 81' lang='grc' dir='ltr'>ἐντ’</span> <span class='ocrx_word' id='word_1_448' title='bbox 456 3279 644 3342; x_wconf 72' lang='grc' dir='ltr'>αὖτοὺς</span> <span class='ocrx_word' id='word_1_449' title='bbox 706 3277 804 3344; x_wconf 73' lang='grc' dir='ltr'>τὴν</span> <span class='ocrx_word' id='word_1_450' title='bbox 865 3274 1074 3342; x_wconf 76' lang='grc' dir='ltr'>πολλὴν</span> <span class='ocrx_word' id='word_1_451' title='bbox 1105 3276 1276 3331; x_wconf 79' lang='grc' dir='ltr'>αὐτῶν</span> <span class='ocrx_word' id='word_1_452' title='bbox 1335 3272 1662 3352; x_wconf 83' lang='grc' dir='ltr'>ἀγαθότητα,</span> <span class='ocrx_word' id='word_1_453' title='bbox 1709 3277 1806 3329; x_wconf 65' lang='grc' dir='ltr'>καὶ</span> <span class='ocrx_word' id='word_1_454' title='bbox 1845 3273 1969 3350; x_wconf 83' lang='grc' dir='ltr'>πρὸς</span> 
     </span>
    </p>
   </div>
   <div class='ocr_carea' id='block_1_68' title="bbox 2064 3270 3714 3357">
    <p class='ocr_par' dir='ltr' id='par_1_68' title="bbox 2064 3270 3714 3357">
     <span class='ocr_line' id='line_1_68' title="bbox 2064 3270 3714 3357; baseline 0.002 -22"><span class='ocrx_word' id='word_1_455' title='bbox 2064 3270 2281 3335; x_wconf 85' lang='lat' dir='ltr'><strong>Omnes</strong></span> <span class='ocrx_word' id='word_1_456' title='bbox 2309 3272 2567 3353; x_wconf 91' lang='lat' dir='ltr'><strong>denique</strong></span> <span class='ocrx_word' id='word_1_457' title='bbox 2602 3274 2902 3351; x_wconf 82' lang='lat' dir='ltr'><strong>theologia</strong></span> <span class='ocrx_word' id='word_1_458' title='bbox 2925 3274 3115 3337; x_wconf 90' lang='lat' dir='ltr'><strong>bonos</strong></span> <span class='ocrx_word' id='word_1_459' title='bbox 3146 3276 3452 3357; x_wconf 69' lang='lat' dir='ltr'><strong>praedicat,</strong></span> <span class='ocrx_word' id='word_1_460' title='bbox 3473 3277 3575 3357; x_wconf 88' lang='lat' dir='ltr'><strong>qui</strong></span> <span class='ocrx_word' id='word_1_461' title='bbox 3609 3294 3714 3339; x_wconf 86' lang='lat' dir='ltr'><strong>ne-</strong></span> 
     </span>
    </p>
   </div>
   <div class='ocr_carea' id='block_1_69' title="bbox 316 3361 1978 3446">
    <p class='ocr_par' dir='ltr' id='par_1_69' title="bbox 316 3361 1972 3442">
     <span class='ocr_line' id='line_1_69' title="bbox 316 3361 1972 3442; baseline -0.005 -16"><span class='ocrx_word' id='word_1_462' title='bbox 316 3371 380 3426; x_wconf 83' lang='grc' dir='ltr'>τὸ</span> <span class='ocrx_word' id='word_1_463' title='bbox 434 3368 618 3442; x_wconf 84' lang='grc' dir='ltr'>ὅμοιον</span> <span class='ocrx_word' id='word_1_464' title='bbox 679 3367 930 3430; x_wconf 80' lang='grc' dir='ltr'>ἐπιεικως</span> <span class='ocrx_word' id='word_1_465' title='bbox 963 3363 1405 3437; x_wconf 73' lang='grc' dir='ltr'>ἔκκαλουμὲνους.</span> <span class='ocrx_word' id='word_1_466' title='bbox 1441 3361 1593 3419; x_wconf 83' lang='grc' dir='ltr'>Ἀλλ’</span> <span class='ocrx_word' id='word_1_467' title='bbox 1614 3362 1698 3419; x_wconf 80' lang='grc' dir='ltr'>ἐπὶ</span> <span class='ocrx_word' id='word_1_468' title='bbox 1727 3365 1788 3419; x_wconf 89' lang='grc' dir='ltr'><strong>τό</strong></span> <span class='ocrx_word' id='word_1_469' title='bbox 1810 3362 1972 3419; x_wconf 71' lang='grc' dir='ltr'>ἄναν-</span> 
     </span>
    </p>
   </div>
   <div class='ocr_carea' id='block_1_70' title="bbox 2064 3361 3714 3446">
    <p class='ocr_par' dir='ltr' id='par_1_70' title="bbox 2064 3363 3714 3446">
     <span class='ocr_line' id='line_1_70' title="bbox 2064 3363 3714 3446; baseline 0.004 -24"><span class='ocrx_word' id='word_1_470' title='bbox 2064 3380 2174 3444; x_wconf 87' lang='lat' dir='ltr'><strong>que</strong></span> <span class='ocrx_word' id='word_1_471' title='bbox 2209 3363 2363 3424; x_wconf 89' lang='lat' dir='ltr'><strong>mala</strong></span> <span class='ocrx_word' id='word_1_472' title='bbox 2419 3363 2806 3444; x_wconf 70' lang='lat' dir='ltr'><strong>praesagiunt,</strong></span> <span class='ocrx_word' id='word_1_473' title='bbox 2863 3383 3056 3445; x_wconf 82' lang='lat' dir='ltr'><strong>neque</strong></span> <span class='ocrx_word' id='word_1_474' title='bbox 3115 3367 3423 3446; x_wconf 87' lang='lat' dir='ltr'><strong>simulant,</strong></span> <span class='ocrx_word' id='word_1_475' title='bbox 3486 3365 3590 3428; x_wconf 89' lang='lat' dir='ltr'><strong>sed</strong></span> <span class='ocrx_word' id='word_1_476' title='bbox 3637 3385 3714 3428; x_wconf 90' lang='lat' dir='ltr'><strong>ne</strong></span> 
     </span>
    </p>
   </div>
   <div class='ocr_carea' id='block_1_71' title="bbox 315 3451 1978 3534">
    <p class='ocr_par' dir='ltr' id='par_1_71' title="bbox 315 3451 1974 3533">
     <span class='ocr_line' id='line_1_71' title="bbox 315 3451 1974 3533; baseline -0.005 -15"><span class='ocrx_word' id='word_1_477' title='bbox 315 3482 408 3525; x_wconf 85' lang='grc' dir='ltr'><strong>τες</strong></span> <span class='ocrx_word' id='word_1_478' title='bbox 467 3458 862 3533; x_wconf 81' lang='grc' dir='ltr'>ἁνανεύσωμεν,</span> <span class='ocrx_word' id='word_1_479' title='bbox 923 3460 1016 3515; x_wconf 71' lang='grc' dir='ltr'><strong>οὐκ</strong></span> <span class='ocrx_word' id='word_1_480' title='bbox 1086 3452 1288 3518; x_wconf 80' lang='grc' dir='ltr'>ἀνδρῶν</span> <span class='ocrx_word' id='word_1_481' title='bbox 1339 3453 1492 3532; x_wconf 80' lang='grc' dir='ltr'>ἱερῶν</span> <span class='ocrx_word' id='word_1_482' title='bbox 1550 3451 1854 3527; x_wconf 80' lang='grc' dir='ltr'>ἐπιεικείας,</span> <span class='ocrx_word' id='word_1_483' title='bbox 1916 3457 1974 3510; x_wconf 81' lang='grc' dir='ltr'><strong>οῦ</strong></span> 
     </span>
    </p>
   </div>
   <div class='ocr_carea' id='block_1_72' title="bbox 2064 3451 3713 3534">
    <p class='ocr_par' dir='ltr' id='par_1_72' title="bbox 2064 3452 3713 3534">
     <span class='ocr_line' id='line_1_72' title="bbox 2064 3452 3713 3534; baseline 0.002 -20"><span class='ocrx_word' id='word_1_484' title='bbox 2064 3452 2310 3514; x_wconf 84' lang='lat' dir='ltr'><strong>aliorum</strong></span> <span class='ocrx_word' id='word_1_485' title='bbox 2357 3453 2600 3534; x_wconf 90' lang='lat' dir='ltr'><strong>quidem</strong></span> <span class='ocrx_word' id='word_1_486' title='bbox 2659 3453 2800 3516; x_wconf 73' lang='lat'><strong>598</strong></span> <span class='ocrx_word' id='word_1_487' title='bbox 2852 3455 3074 3517; x_wconf 85' lang='lat' dir='ltr'><strong>malitia</strong></span> <span class='ocrx_word' id='word_1_488' title='bbox 3121 3454 3344 3518; x_wconf 89' lang='lat' dir='ltr'><strong>bonum</strong></span> <span class='ocrx_word' id='word_1_489' title='bbox 3398 3457 3713 3534; x_wconf 86' lang='lat' dir='ltr'><strong>deserunt,</strong></span> 
     </span>
    </p>
   </div>
   <div class='ocr_carea' id='block_1_73' title="bbox 319 3541 1978 3631">
    <p class='ocr_par' dir='ltr' id='par_1_73' title="bbox 319 3541 1969 3631">
     <span class='ocr_line' id='line_1_73' title="bbox 319 3541 1969 3631; baseline -0.008 -25"><span class='ocrx_word' id='word_1_490' title='bbox 319 3549 705 3631; x_wconf 79' lang='grc' dir='ltr'>φιλανθρώπων</span> <span class='ocrx_word' id='word_1_491' title='bbox 777 3545 1022 3624; x_wconf 84' lang='grc' dir='ltr'>ἆγγέλῶν</span> <span class='ocrx_word' id='word_1_492' title='bbox 1052 3543 1385 3623; x_wconf 74' lang='grc' dir='ltr'>ἀγαθότητας</span> <span class='ocrx_word' id='word_1_493' title='bbox 1431 3541 1844 3620; x_wconf 61' lang='grc' dir='ltr'>ἐξαγγέλλοντας</span> <span class='ocrx_word' id='word_1_494' title='bbox 1887 3542 1969 3608; x_wconf 70' lang='grc'><strong>57,</strong></span> 
     </span>
    </p>
   </div>
   <div class='ocr_carea' id='block_1_74' title="bbox 2064 3541 3713 3631">
    <p class='ocr_par' dir='ltr' id='par_1_74' title="bbox 2064 3541 3713 3624">
     <span class='ocr_line' id='line_1_74' title="bbox 2064 3541 3713 3624; baseline 0.002 -20"><span class='ocrx_word' id='word_1_495' title='bbox 2064 3543 2163 3605; x_wconf 83' lang='lat' dir='ltr'><strong>sed</strong></span> <span class='ocrx_word' id='word_1_496' title='bbox 2198 3560 2232 3604; x_wconf 92' lang='lat' dir='ltr'><strong>e</strong></span> <span class='ocrx_word' id='word_1_497' title='bbox 2281 3542 2516 3604; x_wconf 85' lang='lat' dir='ltr'><strong>diverso</strong></span> <span class='ocrx_word' id='word_1_498' title='bbox 2567 3541 2940 3606; x_wconf 89' lang='lat' dir='ltr'><strong>deiformiter</strong></span> <span class='ocrx_word' id='word_1_499' title='bbox 2990 3545 3183 3624; x_wconf 87' lang='lat' dir='ltr'><strong>pravis</strong></span> <span class='ocrx_word' id='word_1_500' title='bbox 3245 3545 3713 3620; x_wconf 88' lang='lat' dir='ltr'><strong>benefacientes,</strong></span> 
     </span>
    </p>
   </div>
   <div class='ocr_carea' id='block_1_75' title="bbox 629 2281 1970 2366">
    <p class='ocr_par' dir='ltr' id='par_1_75' title="bbox 629 2281 1970 2366">
     <span class='ocr_line' id='line_1_75' title="bbox 629 2281 1970 2366; baseline -0.007 -22"><span class='ocrx_word' id='word_1_501' title='bbox 629 2288 859 2366; x_wconf 68' lang='grc' dir='ltr'>Εὕρηκα,</span> <span class='ocrx_word' id='word_1_502' title='bbox 919 2289 1076 2366; x_wconf 75' lang='grc' dir='ltr'>φησὶν</span> <span class='ocrx_word' id='word_1_503' title='bbox 1128 2288 1154 2341; x_wconf 86' lang='grc' dir='ltr'>ὁ</span> <span class='ocrx_word' id='word_1_504' title='bbox 1218 2285 1542 2362; x_wconf 79' lang='grc' dir='ltr'>ῦπεράγαθος</span> <span class='ocrx_word' id='word_1_505' title='bbox 1617 2284 1701 2337; x_wconf 83' lang='grc' dir='ltr'>καὶ</span> <span class='ocrx_word' id='word_1_506' title='bbox 1747 2281 1970 2360; x_wconf 68' lang='grc' dir='ltr'>φιλάγα-</span> 
     </span>
    </p>
   </div>
   <div class='ocr_carea' id='block_1_76' title="bbox 1636 2372 1970 2428">
    <p class='ocr_par' dir='ltr' id='par_1_76' title="bbox 1636 2372 1970 2428">
     <span class='ocr_line' id='line_1_76' title="bbox 1636 2372 1970 2428; baseline -0.009 0"><span class='ocrx_word' id='word_1_507' title='bbox 1636 2374 1814 2428; x_wconf 79' lang='grc' dir='ltr'>Καίτοι</span> <span class='ocrx_word' id='word_1_508' title='bbox 1883 2372 1970 2425; x_wconf 82' lang='grc' dir='ltr'><strong>καὶ</strong></span> 
     </span>
    </p>
   </div>
   <div class='ocr_carea' id='block_1_77' title="bbox 317 3633 1976 3713">
    <p class='ocr_par' dir='ltr' id='par_1_77' title="bbox 317 3633 1976 3713">
     <span class='ocr_line' id='line_1_77' title="bbox 317 3633 1976 3713; baseline -0.004 -16"><span class='ocrx_word' id='word_1_509' title='bbox 317 3641 608 3697; x_wconf 76' lang='grc' dir='ltr'>ἑλεούντών</span> <span class='ocrx_word' id='word_1_510' title='bbox 666 3637 789 3705; x_wconf 78' lang='grc' dir='ltr'>ἔθνη</span> <span class='ocrx_word' id='word_1_511' title='bbox 842 3639 928 3694; x_wconf 86' lang='grc' dir='ltr'><strong>καὶ</strong></span> <span class='ocrx_word' id='word_1_512' title='bbox 971 3633 1366 3713; x_wconf 82' lang='grc' dir='ltr'>ῦπερδεομένών</span> <span class='ocrx_word' id='word_1_513' title='bbox 1398 3635 1568 3689; x_wconf 75' lang='grc' dir='ltr'>αὐτῶν</span> <span class='ocrx_word' id='word_1_514' title='bbox 1615 3633 1834 3713; x_wconf 83' lang='grc' dir='ltr'>ἀγαθοῦ,</span> <span class='ocrx_word' id='word_1_515' title='bbox 1890 3634 1976 3690; x_wconf 85' lang='grc' dir='ltr'>καὶ</span> 
     </span>
    </p>
   </div>
   <div class='ocr_carea' id='block_1_78' title="bbox 317 3722 1972 3806">
    <p class='ocr_par' dir='ltr' id='par_1_78' title="bbox 317 3722 1972 3806">
     <span class='ocr_line' id='line_1_78' title="bbox 317 3722 1972 3806; baseline -0.004 -19"><span class='ocrx_word' id='word_1_516' title='bbox 317 3744 442 3794; x_wconf 76' lang='grc' dir='ltr'>ταῖς</span> <span class='ocrx_word' id='word_1_517' title='bbox 477 3729 734 3806; x_wconf 80' lang='grc' dir='ltr'>ὀλεθρίαις</span> <span class='ocrx_word' id='word_1_518' title='bbox 787 3729 871 3783; x_wconf 86' lang='grc' dir='ltr'><strong>καὶ</strong></span> <span class='ocrx_word' id='word_1_519' title='bbox 920 3724 1290 3803; x_wconf 81' lang='grc' dir='ltr'>κακεργέτισιν</span> <span class='ocrx_word' id='word_1_520' title='bbox 1323 3722 1692 3796; x_wconf 83' lang='grc' dir='ltr'>ἐπιτιμώντων</span> <span class='ocrx_word' id='word_1_521' title='bbox 1721 3722 1972 3790; x_wconf 86' lang='grc' dir='ltr'>πληθύσι,</span> 
     </span>
    </p>
   </div>
   <div class='ocr_carea' id='block_1_79' title="bbox 317 3815 1978 3902">
    <p class='ocr_par' dir='ltr' id='par_1_79' title="bbox 317 3815 1978 3902">
     <span class='ocr_line' id='line_1_79' title="bbox 317 3815 1978 3902; baseline -0.005 -22"><span class='ocrx_word' id='word_1_522' title='bbox 317 3824 414 3880; x_wconf 79' lang='grc' dir='ltr'>καί</span> <span class='ocrx_word' id='word_1_523' title='bbox 474 3821 787 3902; x_wconf 77' lang='grc' dir='ltr'>ἀχθομένων</span> <span class='ocrx_word' id='word_1_524' title='bbox 851 3820 946 3895; x_wconf 79' lang='grc' dir='ltr'>μὲν</span> <span class='ocrx_word' id='word_1_525' title='bbox 998 3819 1082 3875; x_wconf 87' lang='grc' dir='ltr'><strong>ἐπὶ</strong></span> <span class='ocrx_word' id='word_1_526' title='bbox 1125 3829 1343 3890; x_wconf 75' lang='grc' dir='ltr'>κακοῖς,</span> <span class='ocrx_word' id='word_1_527' title='bbox 1376 3815 1797 3894; x_wconf 69' lang='grc' dir='ltr'>εὔφραινομένων</span> <span class='ocrx_word' id='word_1_528' title='bbox 1911 3816 1978 3891; x_wconf 72' lang='grc' dir='ltr'><strong>τῇ</strong></span> 
     </span>
    </p>
   </div>
   <div class='ocr_carea' id='block_1_80' title="bbox 319 3904 1979 3990">
    <p class='ocr_par' dir='ltr' id='par_1_80' title="bbox 319 3904 1979 3990">
     <span class='ocr_line' id='line_1_80' title="bbox 319 3904 1979 3990; baseline -0.005 -21"><span class='ocrx_word' id='word_1_529' title='bbox 319 3913 560 3990; x_wconf 84' lang='grc' dir='ltr'>σωτηρίᾳ</span> <span class='ocrx_word' id='word_1_530' title='bbox 587 3918 694 3968; x_wconf 83' lang='grc' dir='ltr'>τῶν</span> <span class='ocrx_word' id='word_1_531' title='bbox 723 3912 796 3974; x_wconf 81' lang='grc' dir='ltr'>εἷς</span> <span class='ocrx_word' id='word_1_532' title='bbox 827 3912 894 3968; x_wconf 78' lang='grc' dir='ltr'>τὰ</span> <span class='ocrx_word' id='word_1_533' title='bbox 951 3910 1121 3987; x_wconf 76' lang='grc' dir='ltr'>ἀγαθὰ</span> <span class='ocrx_word' id='word_1_534' title='bbox 1183 3904 1661 3981; x_wconf 76' lang='grc' dir='ltr'>μετακαλουμὲνων</span> <span class='ocrx_word' id='word_1_535' title='bbox 1697 3922 1710 3936; x_wconf 89' lang='grc'><strong>·</strong></span> <span class='ocrx_word' id='word_1_536' title='bbox 1745 3904 1852 3962; x_wconf 71' lang='grc' dir='ltr'>οὔδ’</span> <span class='ocrx_word' id='word_1_537' title='bbox 1882 3905 1979 3962; x_wconf 77' lang='grc' dir='ltr'><strong>ὅσα</strong></span> 
     </span>
    </p>
   </div>
   <div class='ocr_carea' id='block_1_81' title="bbox 319 3993 1978 4079">
    <p class='ocr_par' dir='ltr' id='par_1_81' title="bbox 319 3993 1978 4079">
     <span class='ocr_line' id='line_1_81' title="bbox 319 3993 1978 4079; baseline -0.005 -19"><span class='ocrx_word' id='word_1_538' title='bbox 319 4002 458 4060; x_wconf 85' lang='grc' dir='ltr'>ἀλλα</span> <span class='ocrx_word' id='word_1_539' title='bbox 523 4003 641 4079; x_wconf 87' lang='grc' dir='ltr'>περὶ</span> <span class='ocrx_word' id='word_1_540' title='bbox 697 4008 802 4058; x_wconf 80' lang='grc' dir='ltr'>τῶν</span> <span class='ocrx_word' id='word_1_541' title='bbox 861 4001 1205 4078; x_wconf 83' lang='grc' dir='ltr'>ἀγαθοεργῶν</span> <span class='ocrx_word' id='word_1_542' title='bbox 1265 3995 1512 4074; x_wconf 77' lang='grc' dir='ltr'>ἀγγελῶν</span> <span class='ocrx_word' id='word_1_543' title='bbox 1544 3993 1840 4073; x_wconf 82' lang='grc' dir='ltr'>ὁθεολογία</span> <span class='ocrx_word' id='word_1_544' title='bbox 1867 4018 1978 4053; x_wconf 85' lang='grc' dir='ltr'>πα-</span> 
     </span>
    </p>
   </div>
   <div class='ocr_carea' id='block_1_82' title="bbox 322 4087 1982 4172">
    <p class='ocr_par' dir='ltr' id='par_1_82' title="bbox 322 4087 1982 4172">
     <span class='ocr_line' id='line_1_82' title="bbox 322 4087 1982 4172; baseline -0.005 -23"><span class='ocrx_word' id='word_1_545' title='bbox 322 4091 624 4172; x_wconf 84' lang='grc' dir='ltr'>ραδίδωσιν,</span> <span class='ocrx_word' id='word_1_546' title='bbox 675 4089 811 4146; x_wconf 74' lang='grc' dir='ltr'>ἀλλὰ</span> <span class='ocrx_word' id='word_1_547' title='bbox 860 4102 954 4149; x_wconf 87' lang='grc' dir='ltr'><strong>τοῦ</strong></span> <span class='ocrx_word' id='word_1_548' title='bbox 1011 4087 1174 4150; x_wconf 78' lang='grc' dir='ltr'>ὄντως</span> <span class='ocrx_word' id='word_1_549' title='bbox 1254 4089 1452 4166; x_wconf 81' lang='grc' dir='ltr'>ἀγαθοῦ</span> <span class='ocrx_word' id='word_1_550' title='bbox 1521 4088 1605 4143; x_wconf 70' lang='grc' dir='ltr'><strong>καὶ</strong></span> <span class='ocrx_word' id='word_1_551' title='bbox 1654 4087 1982 4164; x_wconf 79' lang='grc' dir='ltr'>ῦπεραγάθου</span> 
     </span>
    </p>
   </div>
   <div class='ocr_carea' id='block_1_83' title="bbox 320 4177 1980 4262">
    <p class='ocr_par' dir='ltr' id='par_1_83' title="bbox 320 4177 1980 4262">
     <span class='ocr_line' id='line_1_83' title="bbox 320 4177 1980 4262; baseline -0.005 -21"><span class='ocrx_word' id='word_1_552' title='bbox 320 4191 553 4262; x_wconf 79' lang='grc' dir='ltr'>Χριστοῦ</span> <span class='ocrx_word' id='word_1_553' title='bbox 594 4183 689 4246; x_wconf 81' lang='grc' dir='ltr'>τὰς</span> <span class='ocrx_word' id='word_1_554' title='bbox 736 4181 1086 4259; x_wconf 76' lang='grc' dir='ltr'>ἀγαθοποιούς</span> <span class='ocrx_word' id='word_1_555' title='bbox 1153 4179 1379 4238; x_wconf 73' lang='grc' dir='ltr'>ἀκτῖνας</span> <span class='ocrx_word' id='word_1_556' title='bbox 1439 4177 1492 4232; x_wconf 79' lang='grc' dir='ltr'>ἐν</span> <span class='ocrx_word' id='word_1_557' title='bbox 1536 4177 1736 4255; x_wconf 74' lang='grc' dir='ltr'>ἡσυχίᾳ</span> <span class='ocrx_word' id='word_1_558' title='bbox 1805 4198 1980 4253; x_wconf 76' lang='grc' dir='ltr'>παρα-</span> 
     </span>
    </p>
   </div>
   <div class='ocr_carea' id='block_1_84' title="bbox 323 4262 1980 4352">
    <p class='ocr_par' dir='ltr' id='par_1_84' title="bbox 323 4262 1980 4352">
     <span class='ocr_line' id='line_1_84' title="bbox 323 4262 1980 4352; baseline -0.005 -23"><span class='ocrx_word' id='word_1_559' title='bbox 323 4272 639 4352; x_wconf 81' lang='grc' dir='ltr'>δεχόμενοι,</span> <span class='ocrx_word' id='word_1_560' title='bbox 697 4262 826 4348; x_wconf 83' lang='grc' dir='ltr'>πρὸς</span> <span class='ocrx_word' id='word_1_561' title='bbox 877 4271 1048 4326; x_wconf 77' lang='grc' dir='ltr'>αύτῶν</span> <span class='ocrx_word' id='word_1_562' title='bbox 1090 4269 1155 4318; x_wconf 79' lang='grc'><strong>58</strong></span> <span class='ocrx_word' id='word_1_563' title='bbox 1211 4268 1296 4325; x_wconf 83' lang='grc' dir='ltr'>ἐπὶ</span> <span class='ocrx_word' id='word_1_564' title='bbox 1340 4269 1431 4333; x_wconf 82' lang='grc' dir='ltr'><strong>τὰς</strong></span> <span class='ocrx_word' id='word_1_565' title='bbox 1463 4268 1601 4330; x_wconf 85' lang='grc' dir='ltr'>θείας</span> <span class='ocrx_word' id='word_1_566' title='bbox 1633 4266 1980 4343; x_wconf 80' lang='grc' dir='ltr'>ἀγαθουργίας</span> 
     </span>
    </p>
   </div>
   <div class='ocr_carea' id='block_1_85' title="bbox 322 4353 1983 4442">
    <p class='ocr_par' dir='ltr' id='par_1_85' title="bbox 322 4353 1983 4442">
     <span class='ocr_line' id='line_1_85' title="bbox 322 4353 1983 4442; baseline -0.005 -22"><span class='ocrx_word' id='word_1_567' title='bbox 322 4362 484 4422; x_wconf 61' lang='grc' dir='ltr'>αὐτοῦ</span> <span class='ocrx_word' id='word_1_568' title='bbox 545 4365 1052 4442; x_wconf 78' lang='grc' dir='ltr'>φωταγωγηθῶμεν,</span> <span class='ocrx_word' id='word_1_569' title='bbox 1109 4353 1238 4434; x_wconf 58' lang='lat' dir='ltr'><strong>7Apat</strong></span> <span class='ocrx_word' id='word_1_570' title='bbox 1296 4361 1394 4436; x_wconf 74' lang='grc' dir='ltr'>γὰρ</span> <span class='ocrx_word' id='word_1_571' title='bbox 1455 4359 1547 4415; x_wconf 74' lang='grc' dir='ltr'><strong>οῦκ</strong></span> <span class='ocrx_word' id='word_1_572' title='bbox 1609 4354 1749 4411; x_wconf 76' lang='grc' dir='ltr'>ἔστιν</span> <span class='ocrx_word' id='word_1_573' title='bbox 1781 4355 1983 4433; x_wconf 64' lang='grc' dir='ltr'>ἀφέτου</span> 
     </span>
    </p>
   </div>
   <div class='ocr_carea' id='block_1_86' title="bbox 323 4443 1982 4530">
    <p class='ocr_par' dir='ltr' id='par_1_86' title="bbox 323 4443 1982 4530">
     <span class='ocr_line' id='line_1_86' title="bbox 323 4443 1982 4530; baseline -0.006 -20"><span class='ocrx_word' id='word_1_574' title='bbox 323 4455 415 4510; x_wconf 83' lang='grc' dir='ltr'>καὶ</span> <span class='ocrx_word' id='word_1_575' title='bbox 465 4451 594 4530; x_wconf 77' lang='grc' dir='ltr'>ὑπὲρ</span> <span class='ocrx_word' id='word_1_576' title='bbox 639 4452 827 4518; x_wconf 84' lang='grc' dir='ltr'>νόησιν</span> <span class='ocrx_word' id='word_1_577' title='bbox 873 4451 1233 4526; x_wconf 64' lang='grc' dir='ltr'><strong>¹(Ξιγαθότητος.</strong></span> <span class='ocrx_word' id='word_1_578' title='bbox 1271 4448 1352 4503; x_wconf 71' lang='grc' dir='ltr'>ὃτι</span> <span class='ocrx_word' id='word_1_579' title='bbox 1421 4449 1482 4504; x_wconf 81' lang='grc' dir='ltr'>τὰ</span> <span class='ocrx_word' id='word_1_580' title='bbox 1541 4445 1666 4500; x_wconf 82' lang='grc' dir='ltr'>ὅντα</span> <span class='ocrx_word' id='word_1_581' title='bbox 1721 4443 1785 4494; x_wconf 76' lang='lat'><strong>59</strong></span> <span class='ocrx_word' id='word_1_582' title='bbox 1822 4445 1982 4500; x_wconf 59' lang='grc' dir='ltr'>ἐἶναι</span> 
     </span>
    </p>
   </div>
   <div class='ocr_carea' id='block_1_87' title="bbox 323 4535 1981 4615">
    <p class='ocr_par' dir='ltr' id='par_1_87' title="bbox 323 4535 1981 4615">
     <span class='ocr_line' id='line_1_87' title="bbox 323 4535 1981 4615; baseline -0.007 -16"><span class='ocrx_word' id='word_1_583' title='bbox 323 4559 497 4615; x_wconf 67' lang='grc' dir='ltr'>ποιεῖ,</span> <span class='ocrx_word' id='word_1_584' title='bbox 556 4543 642 4598; x_wconf 84' lang='grc' dir='ltr'>καὶ</span> <span class='ocrx_word' id='word_1_585' title='bbox 672 4541 750 4597; x_wconf 77' lang='grc' dir='ltr'>ὅτι</span> <span class='ocrx_word' id='word_1_586' title='bbox 801 4541 973 4596; x_wconf 71' lang='grc' dir='ltr'>πάντα</span> <span class='ocrx_word' id='word_1_587' title='bbox 1031 4539 1161 4594; x_wconf 74' lang='grc' dir='ltr'>αὐτὰ</span> <span class='ocrx_word' id='word_1_588' title='bbox 1214 4540 1342 4606; x_wconf 79' lang='grc' dir='ltr'>πρὸς</span> <span class='ocrx_word' id='word_1_589' title='bbox 1408 4543 1468 4592; x_wconf 78' lang='grc' dir='ltr'><strong>το</strong></span> <span class='ocrx_word' id='word_1_590' title='bbox 1500 4535 1640 4591; x_wconf 81' lang='grc' dir='ltr'>εἶναι</span> <span class='ocrx_word' id='word_1_591' title='bbox 1677 4535 1981 4611; x_wconf 75' lang='grc' dir='ltr'>παρήγαγε,</span> 
     </span>
    </p>
   </div>
   <div class='ocr_carea' id='block_1_88' title="bbox 2061 3631 3717 3714">
    <p class='ocr_par' dir='ltr' id='par_1_88' title="bbox 2061 3631 3717 3714">
     <span class='ocr_line' id='line_1_88' title="bbox 2061 3631 3717 3714; baseline 0.003 -21"><span class='ocrx_word' id='word_1_592' title='bbox 2061 3650 2456 3713; x_wconf 88' lang='lat' dir='ltr'><strong>magnamque</strong></span> <span class='ocrx_word' id='word_1_593' title='bbox 2489 3631 2872 3709; x_wconf 82' lang='lat' dir='ltr'><strong>benignitatis</strong></span> <span class='ocrx_word' id='word_1_594' title='bbox 2899 3652 3024 3695; x_wconf 83' lang='lat' dir='ltr'><strong>suae</strong></span> <span class='ocrx_word' id='word_1_595' title='bbox 3055 3634 3287 3714; x_wconf 86' lang='lat' dir='ltr'><strong>copiam</strong></span> <span class='ocrx_word' id='word_1_596' title='bbox 3313 3635 3371 3696; x_wconf 90' lang='lat' dir='ltr'><strong>in</strong></span> <span class='ocrx_word' id='word_1_597' title='bbox 3396 3653 3500 3697; x_wconf 91' lang='lat' dir='ltr'><strong>eos</strong></span> <span class='ocrx_word' id='word_1_598' title='bbox 3530 3636 3717 3698; x_wconf 76' lang='lat' dir='ltr'><strong>effun-</strong></span> 
     </span>
    </p>
   </div>
   <div class='ocr_carea' id='block_1_89' title="bbox 2061 3721 3712 3805">
    <p class='ocr_par' dir='ltr' id='par_1_89' title="bbox 2061 3721 3712 3805">
     <span class='ocr_line' id='line_1_89' title="bbox 2061 3721 3712 3805; baseline 0.004 -23"><span class='ocrx_word' id='word_1_599' title='bbox 2061 3721 2567 3802; x_wconf 86' lang='lat' dir='ltr'><strong>dentes,benigne</strong></span> <span class='ocrx_word' id='word_1_600' title='bbox 2597 3721 2733 3784; x_wconf 90' lang='lat' dir='ltr'><strong>illos</strong></span> <span class='ocrx_word' id='word_1_601' title='bbox 2765 3723 2838 3784; x_wconf 89' lang='lat' dir='ltr'><strong>ad</strong></span> <span class='ocrx_word' id='word_1_602' title='bbox 2871 3723 3073 3785; x_wconf 90' lang='lat' dir='ltr'><strong>simile</strong></span> <span class='ocrx_word' id='word_1_603' title='bbox 3106 3742 3344 3804; x_wconf 88' lang='lat' dir='ltr'><strong>quoque</strong></span> <span class='ocrx_word' id='word_1_604' title='bbox 3371 3732 3712 3805; x_wconf 86' lang='lat' dir='ltr'><strong>provocant.</strong></span> 
     </span>
    </p>
   </div>
   <div class='ocr_carea' id='block_1_90' title="bbox 2063 3812 3715 3885">
    <p class='ocr_par' dir='ltr' id='par_1_90' title="bbox 2063 3812 3715 3885">
     <span class='ocr_line' id='line_1_90' title="bbox 2063 3812 3715 3885; baseline 0.002 -11"><span class='ocrx_word' id='word_1_605' title='bbox 2063 3812 2352 3874; x_wconf 57' lang='lat' dir='ltr'><strong>Caeterum</strong></span> <span class='ocrx_word' id='word_1_606' title='bbox 2372 3812 2448 3874; x_wconf 90' lang='lat' dir='ltr'><strong>ad</strong></span> <span class='ocrx_word' id='word_1_607' title='bbox 2471 3813 2688 3874; x_wconf 84' lang='lat' dir='ltr'><strong>altiora</strong></span> <span class='ocrx_word' id='word_1_608' title='bbox 2702 3813 3507 3885; x_wconf 88' lang='lat' dir='ltr'><strong>contendamus,sanctorum</strong></span> <span class='ocrx_word' id='word_1_609' title='bbox 3541 3834 3715 3878; x_wconf 91' lang='lat' dir='ltr'><strong>man-</strong></span> 
     </span>
    </p>
   </div>
   <div class='ocr_carea' id='block_1_91' title="bbox 2062 3901 3720 3982">
    <p class='ocr_par' dir='ltr' id='par_1_91' title="bbox 2062 3901 3720 3982">
     <span class='ocr_line' id='line_1_91' title="bbox 2062 3901 3720 3982; baseline 0.002 -21"><span class='ocrx_word' id='word_1_610' title='bbox 2062 3901 2413 3963; x_wconf 83' lang='lat' dir='ltr'><strong>suetudines</strong></span> <span class='ocrx_word' id='word_1_611' title='bbox 2467 3901 2735 3962; x_wconf 87' lang='lat' dir='ltr'><strong>virorum</strong></span> <span class='ocrx_word' id='word_1_612' title='bbox 2769 3913 2946 3982; x_wconf 90' lang='lat' dir='ltr'><strong>atque</strong></span> <span class='ocrx_word' id='word_1_613' title='bbox 3005 3903 3338 3965; x_wconf 90' lang='lat' dir='ltr'><strong>amicorum</strong></span> <span class='ocrx_word' id='word_1_614' title='bbox 3371 3904 3720 3967; x_wconf 91' lang='lat' dir='ltr'><strong>hominibus</strong></span> 
     </span>
    </p>
   </div>
   <div class='ocr_carea' id='block_1_92' title="bbox 2063 3991 3713 4074">
    <p class='ocr_par' dir='ltr' id='par_1_92' title="bbox 2063 3991 3713 4074">
     <span class='ocr_line' id='line_1_92' title="bbox 2063 3991 3713 4074; baseline 0.004 -24"><span class='ocrx_word' id='word_1_615' title='bbox 2063 3991 2415 4066; x_wconf 77' lang='lat' dir='ltr'><strong>angelorum</strong></span> <span class='ocrx_word' id='word_1_616' title='bbox 2448 3991 2848 4070; x_wconf 85' lang='lat' dir='ltr'><strong>benignitates</strong></span> <span class='ocrx_word' id='word_1_617' title='bbox 2869 3993 3540 4074; x_wconf 84' lang='lat' dir='ltr'><strong>omittentes,quomodo</strong></span> <span class='ocrx_word' id='word_1_618' title='bbox 3561 3995 3713 4057; x_wconf 83' lang='lat' dir='ltr'><strong>scili-</strong></span> 
     </span>
    </p>
   </div>
   <div class='ocr_carea' id='block_1_93' title="bbox 2066 4080 3716 4164">
    <p class='ocr_par' dir='ltr' id='par_1_93' title="bbox 2066 4080 3716 4164">
     <span class='ocr_line' id='line_1_93' title="bbox 2066 4080 3716 4164; baseline 0.003 -21"><span class='ocrx_word' id='word_1_619' title='bbox 2066 4090 2160 4143; x_wconf 87' lang='lat' dir='ltr'><strong>cet</strong></span> <span class='ocrx_word' id='word_1_620' title='bbox 2187 4081 2274 4142; x_wconf 91' lang='lat' dir='ltr'><strong>illi</strong></span> <span class='ocrx_word' id='word_1_621' title='bbox 2303 4080 2584 4160; x_wconf 88' lang='lat' dir='ltr'><strong>gentibus</strong></span> <span class='ocrx_word' id='word_1_622' title='bbox 2615 4084 3035 4163; x_wconf 72' lang='lat' dir='ltr'><strong>misereantur,</strong></span> <span class='ocrx_word' id='word_1_623' title='bbox 3081 4103 3148 4144; x_wconf 89' lang='lat' dir='ltr'><strong>ac</strong></span> <span class='ocrx_word' id='word_1_624' title='bbox 3181 4101 3286 4163; x_wconf 86' lang='lat' dir='ltr'><strong>pro</strong></span> <span class='ocrx_word' id='word_1_625' title='bbox 3319 4083 3470 4164; x_wconf 71' lang='lat' dir='ltr'><strong>ipsis</strong></span> <span class='ocrx_word' id='word_1_626' title='bbox 3499 4084 3716 4148; x_wconf 64' lang='lat' dir='ltr'><strong>divina)</strong></span> 
     </span>
    </p>
   </div>
   <div class='ocr_carea' id='block_1_94' title="bbox 2065 4170 3712 4253">
    <p class='ocr_par' dir='ltr' id='par_1_94' title="bbox 2065 4170 3712 4253">
     <span class='ocr_line' id='line_1_94' title="bbox 2065 4170 3712 4253; baseline 0.001 -21"><span class='ocrx_word' id='word_1_627' title='bbox 2065 4170 2311 4232; x_wconf 91' lang='lat' dir='ltr'><strong>bonitati</strong></span> <span class='ocrx_word' id='word_1_628' title='bbox 2349 4188 2558 4248; x_wconf 85' lang='lat' dir='ltr'><strong>preces</strong></span> <span class='ocrx_word' id='word_1_629' title='bbox 2584 4171 2835 4233; x_wconf 84' lang='lat' dir='ltr'><strong>offerant</strong></span> <span class='ocrx_word' id='word_1_630' title='bbox 2859 4191 2909 4244; x_wconf 76' lang='grc' dir='ltr'><strong>ιι,</strong></span> <span class='ocrx_word' id='word_1_631' title='bbox 2946 4172 3432 4253; x_wconf 85' lang='lat' dir='ltr'><strong>perniciosasque</strong></span> <span class='ocrx_word' id='word_1_632' title='bbox 3477 4192 3546 4236; x_wconf 88' lang='lat' dir='ltr'><strong>ac</strong></span> <span class='ocrx_word' id='word_1_633' title='bbox 3580 4192 3712 4253; x_wconf 87' lang='lat' dir='ltr'><strong>per-</strong></span> 
     </span>
    </p>
   </div>
   <div class='ocr_carea' id='block_1_95' title="bbox 2067 4260 3715 4344">
    <p class='ocr_par' dir='ltr' id='par_1_95' title="bbox 2067 4260 3715 4344">
     <span class='ocr_line' id='line_1_95' title="bbox 2067 4260 3715 4344; baseline 0.003 -23"><span class='ocrx_word' id='word_1_634' title='bbox 2067 4261 2219 4322; x_wconf 86' lang='lat' dir='ltr'><strong>ditas</strong></span> <span class='ocrx_word' id='word_1_635' title='bbox 2249 4260 2452 4344; x_wconf 86' lang='lat' dir='ltr'><strong>turbas</strong></span> <span class='ocrx_word' id='word_1_636' title='bbox 2482 4261 2799 4341; x_wconf 89' lang='lat' dir='ltr'><strong>increpent</strong></span> <span class='ocrx_word' id='word_1_637' title='bbox 2827 4279 2846 4308; x_wconf 76' lang='lat'><strong><em>&gt;</em></strong></span> <span class='ocrx_word' id='word_1_638' title='bbox 2879 4282 2894 4336; x_wconf 89' lang='lat'><strong>;</strong></span> <span class='ocrx_word' id='word_1_639' title='bbox 2929 4280 2998 4323; x_wconf 90' lang='lat' dir='ltr'><strong>ac</strong></span> <span class='ocrx_word' id='word_1_640' title='bbox 3021 4262 3190 4323; x_wconf 89' lang='lat' dir='ltr'><strong>malis</strong></span> <span class='ocrx_word' id='word_1_641' title='bbox 3217 4262 3460 4342; x_wconf 89' lang='lat' dir='ltr'><strong>quidem</strong></span> <span class='ocrx_word' id='word_1_642' title='bbox 3496 4264 3715 4326; x_wconf 84' lang='lat' dir='ltr'><strong>nostris</strong></span> 
     </span>
    </p>
   </div>
   <div class='ocr_carea' id='block_1_96' title="bbox 2067 4349 3712 4430">
    <p class='ocr_par' dir='ltr' id='par_1_96' title="bbox 2067 4349 3712 4430">
     <span class='ocr_line' id='line_1_96' title="bbox 2067 4349 3712 4430; baseline 0.004 -20"><span class='ocrx_word' id='word_1_643' title='bbox 2067 4350 2426 4412; x_wconf 87' lang='lat' dir='ltr'><strong>condoleant</strong></span> <span class='ocrx_word' id='word_1_644' title='bbox 2452 4361 2501 4430; x_wconf 76' lang='grc' dir='ltr'>Ρ,</span> <span class='ocrx_word' id='word_1_645' title='bbox 2525 4351 2697 4412; x_wconf 91' lang='lat' dir='ltr'><strong>saluti</strong></span> <span class='ocrx_word' id='word_1_646' title='bbox 2731 4369 2868 4413; x_wconf 88' lang='lat' dir='ltr'><strong>vero</strong></span> <span class='ocrx_word' id='word_1_647' title='bbox 2901 4369 3106 4412; x_wconf 88' lang='lat' dir='ltr'><strong>eorum</strong></span> <span class='ocrx_word' id='word_1_648' title='bbox 3141 4351 3243 4430; x_wconf 89' lang='lat' dir='ltr'><strong>qui</strong></span> <span class='ocrx_word' id='word_1_649' title='bbox 3273 4351 3346 4412; x_wconf 90' lang='lat' dir='ltr'><strong>ad</strong></span> <span class='ocrx_word' id='word_1_650' title='bbox 3381 4349 3538 4413; x_wconf 87' lang='lat' dir='ltr'><strong>bona</strong></span> <span class='ocrx_word' id='word_1_651' title='bbox 3565 4370 3712 4416; x_wconf 84' lang='lat' dir='ltr'><strong>con-</strong></span> 
     </span>
    </p>
   </div>
   <div class='ocr_carea' id='block_1_97' title="bbox 2068 4441 3716 4522">
    <p class='ocr_par' dir='ltr' id='par_1_97' title="bbox 2068 4441 3716 4522">
     <span class='ocr_line' id='line_1_97' title="bbox 2068 4441 3716 4522; baseline 0.002 -21"><span class='ocrx_word' id='word_1_652' title='bbox 2068 4443 2218 4503; x_wconf 81' lang='lat' dir='ltr'><strong>versi</strong></span> <span class='ocrx_word' id='word_1_653' title='bbox 2254 4449 2389 4503; x_wconf 79' lang='lat' dir='ltr'><strong>sunt</strong></span> <span class='ocrx_word' id='word_1_654' title='bbox 2418 4441 2949 4519; x_wconf 82' lang='lat' dir='ltr'><strong>congratulenturq</strong></span> <span class='ocrx_word' id='word_1_655' title='bbox 2978 4462 2994 4512; x_wconf 90' lang='lat'><strong>;</strong></span> <span class='ocrx_word' id='word_1_656' title='bbox 3022 4451 3470 4522; x_wconf 68' lang='lat' dir='ltr'><strong>etqumcunque</strong></span> <span class='ocrx_word' id='word_1_657' title='bbox 3500 4442 3614 4503; x_wconf 87' lang='lat' dir='ltr'><strong>alia</strong></span> <span class='ocrx_word' id='word_1_658' title='bbox 3641 4443 3716 4504; x_wconf 91' lang='lat' dir='ltr'><strong>de</strong></span> 
     </span>
    </p>
   </div>
   <div class='ocr_carea' id='block_1_98' title="bbox 2071 4530 3719 4612">
    <p class='ocr_par' dir='ltr' id='par_1_98' title="bbox 2071 4530 3719 4612">
     <span class='ocr_line' id='line_1_98' title="bbox 2071 4530 3719 4612; baseline 0.002 -21"><span class='ocrx_word' id='word_1_659' title='bbox 2071 4531 2339 4591; x_wconf 67' lang='lat' dir='ltr'><strong>beniﬁcxs</strong></span> <span class='ocrx_word' id='word_1_660' title='bbox 2397 4531 2625 4608; x_wconf 83' lang='lat' dir='ltr'><strong>angelis</strong></span> <span class='ocrx_word' id='word_1_661' title='bbox 2677 4530 2973 4608; x_wconf 85' lang='lat' dir='ltr'><strong>theologia</strong></span> <span class='ocrx_word' id='word_1_662' title='bbox 3017 4530 3238 4593; x_wconf 65' lang='lat' dir='ltr'><strong>traditr</strong></span> <span class='ocrx_word' id='word_1_663' title='bbox 3286 4531 3428 4603; x_wconf 88' lang='lat' dir='ltr'><strong>;sed</strong></span> <span class='ocrx_word' id='word_1_664' title='bbox 3485 4533 3719 4612; x_wconf 90' lang='lat' dir='ltr'><strong>penitus</strong></span> 
     </span>
    </p>
   </div>
   <div class='ocr_carea' id='block_1_99' title="bbox 323 4620 1978 4707">
    <p class='ocr_par' dir='ltr' id='par_1_99' title="bbox 323 4623 1978 4707">
     <span class='ocr_line' id='line_1_99' title="bbox 323 4623 1978 4707; baseline -0.007 -19"><span class='ocrx_word' id='word_1_665' title='bbox 323 4631 420 4690; x_wconf 72' lang='grc' dir='ltr'>καὶ</span> <span class='ocrx_word' id='word_1_666' title='bbox 467 4632 641 4687; x_wconf 59' lang='grc' dir='ltr'>πάντα</span> <span class='ocrx_word' id='word_1_667' title='bbox 673 4629 918 4707; x_wconf 86' lang='grc' dir='ltr'>βούλεται</span> <span class='ocrx_word' id='word_1_668' title='bbox 974 4629 1052 4684; x_wconf 82' lang='grc' dir='ltr'><strong>ἀεὶ</strong></span> <span class='ocrx_word' id='word_1_669' title='bbox 1079 4627 1318 4705; x_wconf 77' lang='grc' dir='ltr'>γενέσθαι</span> <span class='ocrx_word' id='word_1_670' title='bbox 1351 4623 1700 4703; x_wconf 77' lang='grc' dir='ltr'>παραπλήσια</span> <span class='ocrx_word' id='word_1_671' title='bbox 1730 4624 1870 4696; x_wconf 74' lang='grc' dir='ltr'>αὒτῷ</span> <span class='ocrx_word' id='word_1_672' title='bbox 1899 4623 1978 4696; x_wconf 74' lang='grc'><strong>601</strong></span> 
     </span>
    </p>
   </div>
   <div class='ocr_carea' id='block_1_100' title="bbox 2064 4620 3722 4707">
    <p class='ocr_par' dir='ltr' id='par_1_100' title="bbox 2071 4620 3722 4700">
     <span class='ocr_line' id='line_1_100' title="bbox 2071 4620 3722 4700; baseline 0.001 -18"><span class='ocrx_word' id='word_1_673' title='bbox 2071 4620 2312 4700; x_wconf 90' lang='lat' dir='ltr'><strong>benigni</strong></span> <span class='ocrx_word' id='word_1_674' title='bbox 2358 4640 2426 4682; x_wconf 91' lang='lat' dir='ltr'><strong>ac</strong></span> <span class='ocrx_word' id='word_1_675' title='bbox 2477 4620 2841 4700; x_wconf 65' lang='lat' dir='ltr'><strong>prmbenigni</strong></span> <span class='ocrx_word' id='word_1_676' title='bbox 2888 4621 3114 4683; x_wconf 88' lang='lat' dir='ltr'><strong>Christi</strong></span> <span class='ocrx_word' id='word_1_677' title='bbox 3167 4621 3468 4682; x_wconf 79' lang='lat' dir='ltr'><strong>beneficos</strong></span> <span class='ocrx_word' id='word_1_678' title='bbox 3520 4623 3722 4684; x_wconf 83' lang='lat' dir='ltr'><strong>radios</strong></span> 
     </span>
    </p>
   </div>
   <div class='ocr_carea' id='block_1_101' title="bbox 320 4711 1984 4784">
    <p class='ocr_par' dir='ltr' id='par_1_101' title="bbox 320 4711 1984 4784">
     <span class='ocr_line' id='line_1_101' title="bbox 320 4711 1984 4784; baseline -0.007 -5"><span class='ocrx_word' id='word_1_679' title='bbox 320 4725 413 4779; x_wconf 83' lang='grc' dir='ltr'>καὶ</span> <span class='ocrx_word' id='word_1_680' title='bbox 445 4722 731 4778; x_wconf 81' lang='grc' dir='ltr'>κοινῶνικὰ</span> <span class='ocrx_word' id='word_1_681' title='bbox 761 4719 854 4777; x_wconf 78' lang='grc' dir='ltr'><strong>τοῦ</strong></span> <span class='ocrx_word' id='word_1_682' title='bbox 885 4719 1045 4775; x_wconf 75' lang='grc' dir='ltr'>αῦτοῦ</span> <span class='ocrx_word' id='word_1_683' title='bbox 1077 4719 1210 4775; x_wconf 81' lang='grc' dir='ltr'>κατὰ</span> <span class='ocrx_word' id='word_1_684' title='bbox 1261 4717 1360 4784; x_wconf 75' lang='grc' dir='ltr'>τὴν</span> <span class='ocrx_word' id='word_1_685' title='bbox 1421 4716 1644 4771; x_wconf 78' lang='grc' dir='ltr'>ἑκάστου</span> <span class='ocrx_word' id='word_1_686' title='bbox 1701 4711 1753 4761; x_wconf 81' lang='grc'><strong>6¹</strong></span> <span class='ocrx_word' id='word_1_687' title='bbox 1790 4713 1984 4780; x_wconf 80' lang='grc' dir='ltr'>ἐπιτη-</span> 
     </span>
    </p>
   </div>
   <div class='ocr_carea' id='block_1_102' title="bbox 325 4803 1984 4889">
    <p class='ocr_par' dir='ltr' id='par_1_102' title="bbox 325 4803 1984 4889">
     <span class='ocr_line' id='line_1_102' title="bbox 325 4803 1984 4889; baseline -0.007 -19"><span class='ocrx_word' id='word_1_688' title='bbox 325 4813 580 4879; x_wconf 85' lang='grc' dir='ltr'>δειότητα</span> <span class='ocrx_word' id='word_1_689' title='bbox 615 4829 632 4884; x_wconf 87' lang='grc'>;</span> <span class='ocrx_word' id='word_1_690' title='bbox 668 4810 730 4869; x_wconf 90' lang='grc' dir='ltr'>Τί</span> <span class='ocrx_word' id='word_1_691' title='bbox 759 4809 840 4889; x_wconf 79' lang='grc' dir='ltr'>δὲ,</span> <span class='ocrx_word' id='word_1_692' title='bbox 896 4808 980 4865; x_wconf 81' lang='grc' dir='ltr'><strong>ὅτι</strong></span> <span class='ocrx_word' id='word_1_693' title='bbox 1041 4811 1130 4864; x_wconf 86' lang='grc' dir='ltr'>καὶ</span> <span class='ocrx_word' id='word_1_694' title='bbox 1160 4815 1266 4865; x_wconf 83' lang='grc' dir='ltr'><strong>τῶν</strong></span> <span class='ocrx_word' id='word_1_695' title='bbox 1309 4804 1725 4883; x_wconf 78' lang='grc' dir='ltr'>ἁποφοιτώντων</span> <span class='ocrx_word' id='word_1_696' title='bbox 1753 4803 1816 4853; x_wconf 68' lang='grc'><strong>62</strong></span> <span class='ocrx_word' id='word_1_697' title='bbox 1847 4805 1984 4880; x_wconf 79' lang='grc' dir='ltr'>ἐρω-</span> 
     </span>
    </p>
   </div>
   <div class='ocr_carea' id='block_1_103' title="bbox 324 4893 1982 4981">
    <p class='ocr_par' dir='ltr' id='par_1_103' title="bbox 324 4893 1982 4981">
     <span class='ocr_line' id='line_1_103' title="bbox 324 4893 1982 4981; baseline -0.006 -23"><span class='ocrx_word' id='word_1_698' title='bbox 324 4905 492 4966; x_wconf 81' lang='grc' dir='ltr'>τικῶς</span> <span class='ocrx_word' id='word_1_699' title='bbox 524 4901 737 4981; x_wconf 73' lang='grc' dir='ltr'>ἔχεται,</span> <span class='ocrx_word' id='word_1_700' title='bbox 772 4901 858 4955; x_wconf 71' lang='grc' dir='ltr'><strong>καὶ</strong></span> <span class='ocrx_word' id='word_1_701' title='bbox 894 4897 1207 4978; x_wconf 70' lang='grc' dir='ltr'>φιλονεικεῖ,</span> <span class='ocrx_word' id='word_1_702' title='bbox 1273 4897 1358 4952; x_wconf 73' lang='grc' dir='ltr'>καὶ</span> <span class='ocrx_word' id='word_1_703' title='bbox 1391 4893 1561 4950; x_wconf 77' lang='grc' dir='ltr'>δεῖταὶ</span> <span class='ocrx_word' id='word_1_704' title='bbox 1615 4895 1692 4969; x_wconf 81' lang='grc' dir='ltr'>μὴ</span> <span class='ocrx_word' id='word_1_705' title='bbox 1742 4893 1982 4959; x_wconf 80' lang='grc' dir='ltr'>ἆπαξιω-</span> 
     </span>
    </p>
   </div>
   <div class='ocr_carea' id='block_1_104' title="bbox 323 4982 1986 5068">
    <p class='ocr_par' dir='ltr' id='par_1_104' title="bbox 323 4982 1986 5068">
     <span class='ocr_line' id='line_1_104' title="bbox 323 4982 1986 5068; baseline -0.007 -18"><span class='ocrx_word' id='word_1_706' title='bbox 323 4997 484 5060; x_wconf 77' lang='grc' dir='ltr'>θῆναι</span> <span class='ocrx_word' id='word_1_707' title='bbox 535 4991 640 5048; x_wconf 79' lang='grc' dir='ltr'><strong>τῶν</strong></span> <span class='ocrx_word' id='word_1_708' title='bbox 700 4988 980 5068; x_wconf 78' lang='grc' dir='ltr'>ἐρωμένων</span> <span class='ocrx_word' id='word_1_709' title='bbox 1037 4989 1124 5044; x_wconf 85' lang='grc' dir='ltr'><strong>καὶ</strong></span> <span class='ocrx_word' id='word_1_710' title='bbox 1182 4982 1554 5064; x_wconf 81' lang='grc' dir='ltr'>θρυπτομένων</span> <span class='ocrx_word' id='word_1_711' title='bbox 1614 4982 1786 5040; x_wconf 70' lang='grc' dir='ltr'>αὐτων</span> <span class='ocrx_word' id='word_1_712' title='bbox 1823 4997 1836 5009; x_wconf 88' lang='lat'>&#39;</span> <span class='ocrx_word' id='word_1_713' title='bbox 1900 4985 1986 5039; x_wconf 84' lang='grc' dir='ltr'>καὶ</span> 
     </span>
    </p>
   </div>
   <div class='ocr_carea' id='block_1_105' title="bbox 407 5144 1546 5217">
    <p class='ocr_par' dir='ltr' id='par_1_105' title="bbox 407 5144 1546 5217">
     <span class='ocr_line' id='line_1_105' title="bbox 407 5144 1546 5217; baseline -0.003 -10"><span class='ocrx_word' id='word_1_714' title='bbox 407 5163 438 5207; x_wconf 71' lang='grc' dir='ltr'><strong>ς</strong></span> <span class='ocrx_word' id='word_1_715' title='bbox 466 5147 642 5214; x_wconf 86' lang='lat' dir='ltr'><strong>Num.</strong></span> <span class='ocrx_word' id='word_1_716' title='bbox 676 5167 772 5213; x_wconf 78' lang='lat' dir='ltr'><strong>xvi</strong></span> <span class='ocrx_word' id='word_1_717' title='bbox 853 5151 882 5193; x_wconf 79' lang='grc' dir='ltr'><strong>ιι</strong></span> <span class='ocrx_word' id='word_1_718' title='bbox 913 5147 1072 5211; x_wconf 85' lang='lat' dir='ltr'><strong>Psal.</strong></span> <span class='ocrx_word' id='word_1_719' title='bbox 1105 5161 1400 5217; x_wconf 77' lang='lat' dir='ltr'><strong>Lxxxvm,</strong></span> <span class='ocrx_word' id='word_1_720' title='bbox 1444 5144 1546 5206; x_wconf 75' lang='lat'><strong>21.</strong></span> 
     </span>
    </p>
   </div>
   <div class='ocr_carea' id='block_1_106' title="bbox 325 5225 1764 5310">
    <p class='ocr_par' dir='ltr' id='par_1_106' title="bbox 325 5225 1764 5310">
     <span class='ocr_line' id='line_1_106' title="bbox 325 5225 1764 5310; baseline -0.006 -14"><span class='ocrx_word' id='word_1_721' title='bbox 325 5248 414 5306; x_wconf 90' lang='lat' dir='ltr'><strong>Iv,</strong></span> <span class='ocrx_word' id='word_1_722' title='bbox 453 5237 513 5296; x_wconf 90' lang='lat'><strong>8.</strong></span> <span class='ocrx_word' id='word_1_723' title='bbox 601 5245 628 5275; x_wconf 78' lang='grc' dir='ltr'><strong>ιι</strong></span> <span class='ocrx_word' id='word_1_724' title='bbox 657 5231 833 5294; x_wconf 86' lang='lat' dir='ltr'><strong>Zach.</strong></span> <span class='ocrx_word' id='word_1_725' title='bbox 869 5249 907 5292; x_wconf 91' lang='grc' dir='ltr'><strong>ι.</strong></span> <span class='ocrx_word' id='word_1_726' title='bbox 998 5236 1021 5264; x_wconf 86' lang='lat'><strong>°</strong></span> <span class='ocrx_word' id='word_1_727' title='bbox 1049 5229 1242 5310; x_wconf 88' lang='lat' dir='ltr'><strong>Apoc.</strong></span> <span class='ocrx_word' id='word_1_728' title='bbox 1275 5243 1378 5288; x_wconf 85' lang='lat' dir='ltr'><strong>vn.</strong></span> <span class='ocrx_word' id='word_1_729' title='bbox 1464 5236 1490 5280; x_wconf 80' lang='grc' dir='ltr'>ι)</span> <span class='ocrx_word' id='word_1_730' title='bbox 1523 5225 1672 5288; x_wconf 89' lang='lat' dir='ltr'><strong>Dan.</strong></span> <span class='ocrx_word' id='word_1_731' title='bbox 1705 5243 1764 5288; x_wconf 75' lang='grc' dir='ltr'>ι.</span> 
     </span>
    </p>
   </div>
   <div class='ocr_carea' id='block_1_107' title="bbox 1636 5143 2162 5218">
    <p class='ocr_par' dir='ltr' id='par_1_107' title="bbox 1636 5143 2162 5218">
     <span class='ocr_line' id='line_1_107' title="bbox 1636 5143 2162 5218; baseline -0.011 -10"><span class='ocrx_word' id='word_1_732' title='bbox 1636 5143 1647 5179; x_wconf 92' lang='grc'><strong>¹</strong></span> <span class='ocrx_word' id='word_1_733' title='bbox 1679 5144 1870 5207; x_wconf 80' lang='lat' dir='ltr'><strong>Exod.</strong></span> <span class='ocrx_word' id='word_1_734' title='bbox 1905 5161 2072 5218; x_wconf 83' lang='lat' dir='ltr'><strong>xxm,</strong></span> <span class='ocrx_word' id='word_1_735' title='bbox 2107 5145 2162 5205; x_wconf 84' lang='grc'><strong>4.</strong></span> 
     </span>
    </p>
   </div>
   <div class='ocr_carea' id='block_1_108' title="bbox 1850 5227 2179 5288">
    <p class='ocr_par' dir='ltr' id='par_1_108' title="bbox 1850 5227 2179 5288">
     <span class='ocr_line' id='line_1_108' title="bbox 1850 5227 2179 5288; baseline -0.015 -2"><span class='ocrx_word' id='word_1_736' title='bbox 1850 5235 1875 5277; x_wconf 78' lang='lat' dir='ltr'><strong>‘l</strong></span> <span class='ocrx_word' id='word_1_737' title='bbox 1907 5227 2053 5288; x_wconf 88' lang='lat' dir='ltr'><strong>Luc.</strong></span> <span class='ocrx_word' id='word_1_738' title='bbox 2086 5242 2179 5286; x_wconf 81' lang='lat' dir='ltr'><strong>xv.</strong></span> 
     </span>
    </p>
   </div>
   <div class='ocr_carea' id='block_1_109' title="bbox 2073 4709 3723 4790">
    <p class='ocr_par' dir='ltr' id='par_1_109' title="bbox 2073 4709 3723 4790">
     <span class='ocr_line' id='line_1_109' title="bbox 2073 4709 3723 4790; baseline 0.005 -25"><span class='ocrx_word' id='word_1_739' title='bbox 2073 4709 2390 4790; x_wconf 86' lang='lat' dir='ltr'><strong>tranquillo</strong></span> <span class='ocrx_word' id='word_1_740' title='bbox 2412 4710 2612 4770; x_wconf 90' lang='lat' dir='ltr'><strong>animo</strong></span> <span class='ocrx_word' id='word_1_741' title='bbox 2636 4709 3144 4788; x_wconf 83' lang='lat' dir='ltr'><strong>suscipientes,ab</strong></span> <span class='ocrx_word' id='word_1_742' title='bbox 3167 4711 3377 4771; x_wconf 90' lang='lat' dir='ltr'><strong>iisdem</strong></span> <span class='ocrx_word' id='word_1_743' title='bbox 3402 4711 3473 4772; x_wconf 91' lang='lat' dir='ltr'><strong>ad</strong></span> <span class='ocrx_word' id='word_1_744' title='bbox 3495 4711 3723 4774; x_wconf 85' lang='lat' dir='ltr'><strong>divinas</strong></span> 
     </span>
    </p>
   </div>
   <div class='ocr_carea' id='block_1_110' title="bbox 2071 4799 3720 4880">
    <p class='ocr_par' dir='ltr' id='par_1_110' title="bbox 2071 4799 3720 4880">
     <span class='ocr_line' id='line_1_110' title="bbox 2071 4799 3720 4880; baseline 0 -18"><span class='ocrx_word' id='word_1_745' title='bbox 2071 4802 2202 4880; x_wconf 86' lang='lat' dir='ltr'><strong>ejus</strong></span> <span class='ocrx_word' id='word_1_746' title='bbox 2233 4800 2666 4862; x_wconf 82' lang='lat' dir='ltr'><strong>beneﬁcentias</strong></span> <span class='ocrx_word' id='word_1_747' title='bbox 2707 4799 3047 4861; x_wconf 85' lang='lat' dir='ltr'><strong>luculenter</strong></span> <span class='ocrx_word' id='word_1_748' title='bbox 3078 4799 3470 4862; x_wconf 89' lang='lat' dir='ltr'><strong>adducamur.</strong></span> <span class='ocrx_word' id='word_1_749' title='bbox 3507 4802 3720 4864; x_wconf 84' lang='lat' dir='ltr'><strong>Annon</strong></span> 
     </span>
    </p>
   </div>
   <div class='ocr_carea' id='block_1_111' title="bbox 2070 4888 3724 4972">
    <p class='ocr_par' dir='ltr' id='par_1_111' title="bbox 2070 4888 3724 4972">
     <span class='ocr_line' id='line_1_111' title="bbox 2070 4888 3724 4972; baseline 0.001 -22"><span class='ocrx_word' id='word_1_750' title='bbox 2070 4888 2387 4951; x_wconf 78' lang='lat' dir='ltr'><strong>inetfabilis</strong></span> <span class='ocrx_word' id='word_1_751' title='bbox 2404 4888 3163 4970; x_wconf 88' lang='lat' dir='ltr'><strong>incomprehensibilisque</strong></span> <span class='ocrx_word' id='word_1_752' title='bbox 3180 4889 3460 4951; x_wconf 86' lang='lat' dir='ltr'><strong>bonitatis</strong></span> <span class='ocrx_word' id='word_1_753' title='bbox 3477 4892 3634 4972; x_wconf 91' lang='lat' dir='ltr'><strong>quod</strong></span> <span class='ocrx_word' id='word_1_754' title='bbox 3653 4910 3724 4952; x_wconf 90' lang='lat' dir='ltr'><strong>ea</strong></span> 
     </span>
    </p>
   </div>
   <div class='ocr_carea' id='block_1_112' title="bbox 2069 4979 3724 5062">
    <p class='ocr_par' dir='ltr' id='par_1_112' title="bbox 2069 4979 3724 5062">
     <span class='ocr_line' id='line_1_112' title="bbox 2069 4979 3724 5062; baseline 0.001 -20"><span class='ocrx_word' id='word_1_755' title='bbox 2069 4999 2203 5061; x_wconf 73' lang='lat' dir='ltr'><strong>quae</strong></span> <span class='ocrx_word' id='word_1_756' title='bbox 2231 4989 2391 5057; x_wconf 92' lang='lat' dir='ltr'><strong>sunt,</strong></span> <span class='ocrx_word' id='word_1_757' title='bbox 2427 4999 2558 5042; x_wconf 89' lang='lat' dir='ltr'><strong>esse</strong></span> <span class='ocrx_word' id='word_1_758' title='bbox 2581 4979 2775 5060; x_wconf 84' lang='lat' dir='ltr'><strong>faciat,</strong></span> <span class='ocrx_word' id='word_1_759' title='bbox 2811 4997 3000 5058; x_wconf 90' lang='lat' dir='ltr'><strong>eaque</strong></span> <span class='ocrx_word' id='word_1_760' title='bbox 3021 4981 3222 5041; x_wconf 87' lang='lat' dir='ltr'><strong>omnia</strong></span> <span class='ocrx_word' id='word_1_761' title='bbox 3251 4981 3322 5041; x_wconf 92' lang='lat' dir='ltr'><strong>ad</strong></span> <span class='ocrx_word' id='word_1_762' title='bbox 3349 4999 3485 5043; x_wconf 86' lang='lat' dir='ltr'><strong>esse</strong></span> <span class='ocrx_word' id='word_1_763' title='bbox 3507 4981 3724 5062; x_wconf 87' lang='lat' dir='ltr'><strong>produ-</strong></span> 
     </span>
    </p>
   </div>
   <div class='ocr_carea' id='block_1_113' title="bbox 3011 5140 3418 5215">
    <p class='ocr_par' dir='ltr' id='par_1_113' title="bbox 3011 5140 3418 5215">
     <span class='ocr_line' id='line_1_113' title="bbox 3011 5140 3418 5215; baseline -0.012 -9"><span class='ocrx_word' id='word_1_764' title='bbox 3011 5143 3198 5205; x_wconf 75' lang='lat' dir='ltr'><strong>lGen.</strong></span> <span class='ocrx_word' id='word_1_765' title='bbox 3233 5140 3418 5215; x_wconf 78' lang='lat'><strong>1.,20.</strong></span> 
     </span>
    </p>
   </div>
   <div class='ocr_carea' id='block_1_114' title="bbox 2253 5141 3719 5222">
    <p class='ocr_par' dir='ltr' id='par_1_114' title="bbox 2253 5141 3719 5222">
     <span class='ocr_line' id='line_1_114' title="bbox 2253 5141 3719 5222; baseline 0.001 -18"><span class='ocrx_word' id='word_1_766' title='bbox 2253 5144 2281 5186; x_wconf 79' lang='grc' dir='ltr'><strong>ιι</strong></span> <span class='ocrx_word' id='word_1_767' title='bbox 2317 5141 2456 5204; x_wconf 84' lang='lat' dir='ltr'><strong>Job.</strong></span> <span class='ocrx_word' id='word_1_768' title='bbox 2488 5159 2528 5220; x_wconf 86' lang='lat' dir='ltr'><strong>l,</strong></span> <span class='ocrx_word' id='word_1_769' title='bbox 2563 5141 2647 5217; x_wconf 89' lang='lat'><strong>8;</strong></span> <span class='ocrx_word' id='word_1_770' title='bbox 2684 5157 2828 5222; x_wconf 80' lang='lat' dir='ltr'><strong>xui,</strong></span> <span class='ocrx_word' id='word_1_771' title='bbox 2862 5143 2923 5205; x_wconf 94' lang='lat'><strong>7.</strong></span> <span class='ocrx_word' id='word_1_772' title='bbox 3011 5143 3198 5205; x_wconf 82' lang='lat' dir='ltr'><strong>lGen.</strong></span> <span class='ocrx_word' id='word_1_773' title='bbox 3233 5156 3291 5215; x_wconf 80' lang='lat'><strong>1.,</strong></span> <span class='ocrx_word' id='word_1_774' title='bbox 3319 5141 3418 5202; x_wconf 79' lang='lat'><strong>20.</strong></span> <span class='ocrx_word' id='word_1_775' title='bbox 3505 5153 3542 5182; x_wconf 71' lang='grc' dir='ltr'>ιη</span> <span class='ocrx_word' id='word_1_776' title='bbox 3569 5142 3719 5206; x_wconf 89' lang='lat' dir='ltr'><strong>Gen.</strong></span> 
     </span>
    </p>
   </div>
   <div class='ocr_carea' id='block_1_115' title="bbox 2265 5222 2802 5286">
    <p class='ocr_par' dir='ltr' id='par_1_115' title="bbox 2265 5222 2802 5286">
     <span class='ocr_line' id='line_1_115' title="bbox 2265 5222 2802 5286; baseline 0.004 -2"><span class='ocrx_word' id='word_1_777' title='bbox 2265 5242 2287 5270; x_wconf 78' lang='grc' dir='ltr'>ι’</span> <span class='ocrx_word' id='word_1_778' title='bbox 2316 5222 2464 5286; x_wconf 89' lang='lat' dir='ltr'><strong>Tob.</strong></span> <span class='ocrx_word' id='word_1_779' title='bbox 2500 5233 2599 5285; x_wconf 83' lang='lat' dir='ltr'><strong>vm</strong></span> <span class='ocrx_word' id='word_1_780' title='bbox 2633 5229 2694 5283; x_wconf 89' lang='lat' dir='ltr'><strong>et</strong></span> <span class='ocrx_word' id='word_1_781' title='bbox 2723 5240 2802 5286; x_wconf 80' lang='lat' dir='ltr'><strong>IX.</strong></span> 
     </span>
    </p>
   </div>
   <div class='ocr_carea' id='block_1_116' title="bbox 1670 5329 2411 5396">
    <p class='ocr_par' dir='ltr' id='par_1_116' title="bbox 1670 5329 2411 5396">
     <span class='ocr_line' id='line_1_116' title="bbox 1670 5329 2411 5396; baseline 0.008 -8"><span class='ocrx_word' id='word_1_782' title='bbox 1670 5333 1766 5393; x_wconf 84' lang='lat' dir='ltr'><strong>VA</strong></span> <span class='ocrx_word' id='word_1_783' title='bbox 1779 5331 1932 5396; x_wconf 68' lang='lat' dir='ltr'><strong>RIAE</strong></span> <span class='ocrx_word' id='word_1_784' title='bbox 1976 5329 2411 5394; x_wconf 79' lang='lat' dir='ltr'><strong>LECTIONES.</strong></span> 
     </span>
    </p>
   </div>
   <div class='ocr_carea' id='block_1_117' title="bbox 409 5430 3718 5517">
    <p class='ocr_par' dir='ltr' id='par_1_117' title="bbox 409 5430 3718 5517">
     <span class='ocr_line' id='line_1_117' title="bbox 409 5430 3718 5517; baseline 0.002 -25"><span class='ocrx_word' id='word_1_785' title='bbox 409 5441 473 5492; x_wconf 72' lang='grc'><strong>48</strong></span> <span class='ocrx_word' id='word_1_786' title='bbox 501 5439 593 5504; x_wconf 67' lang='grc' dir='ltr'><strong>τὰς</strong></span> <span class='ocrx_word' id='word_1_787' title='bbox 626 5440 766 5504; x_wconf 83' lang='grc' dir='ltr'>θείας</span> <span class='ocrx_word' id='word_1_788' title='bbox 798 5436 1014 5517; x_wconf 84' lang='grc' dir='ltr'>βουλάς.</span> <span class='ocrx_word' id='word_1_789' title='bbox 1087 5437 1150 5487; x_wconf 79' lang='grc'><strong>49</strong></span> <span class='ocrx_word' id='word_1_790' title='bbox 1181 5441 1258 5510; x_wconf 85' lang='grc' dir='ltr'>τῷ</span> <span class='ocrx_word' id='word_1_791' title='bbox 1287 5435 1529 5517; x_wconf 36' lang='grc' dir='ltr'><strong>Θεῴηι).</strong></span> <span class='ocrx_word' id='word_1_792' title='bbox 1583 5434 1666 5517; x_wconf 15' lang='grc'>,50</span> <span class='ocrx_word' id='word_1_793' title='bbox 1691 5433 1810 5517; x_wconf 75' lang='lat' dir='ltr'><strong>alia</strong></span> <span class='ocrx_word' id='word_1_794' title='bbox 1839 5432 2353 5517; x_wconf 61' lang='lat' dir='ltr'><strong>lectionotatnrin</strong></span> <span class='ocrx_word' id='word_1_795' title='bbox 2389 5433 2454 5495; x_wconf 88' lang='lat' dir='ltr'><strong>D.</strong></span> <span class='ocrx_word' id='word_1_796' title='bbox 2477 5431 2756 5517; x_wconf 54' lang='grc' dir='ltr'>ἐργασίας.</span> <span class='ocrx_word' id='word_1_797' title='bbox 2789 5511 2805 5517; x_wconf 71' lang='lat'>_</span> <span class='ocrx_word' id='word_1_798' title='bbox 2829 5430 2878 5473; x_wconf 64' lang='grc'><strong>⁵1</strong></span> <span class='ocrx_word' id='word_1_799' title='bbox 2915 5433 2941 5487; x_wconf 84' lang='grc' dir='ltr'><strong>ὁ</strong></span> <span class='ocrx_word' id='word_1_800' title='bbox 2958 5432 3324 5517; x_wconf 46' lang='grc' dir='ltr'>ἐπερᾶγαθος,</span> <span class='ocrx_word' id='word_1_801' title='bbox 3351 5434 3378 5487; x_wconf 86' lang='grc' dir='ltr'><strong>ὁ</strong></span> <span class='ocrx_word' id='word_1_802' title='bbox 3405 5431 3718 5512; x_wconf 67' lang='grc' dir='ltr'>φιλάγαθος,</span> 
     </span>
    </p>
   </div>
   <div class='ocr_carea' id='block_1_118' title="bbox 326 5513 1782 5602">
    <p class='ocr_par' dir='ltr' id='par_1_118' title="bbox 326 5513 1782 5602">
     <span class='ocr_line' id='line_1_118' title="bbox 326 5513 1782 5602; baseline -0.009 -14"><span class='ocrx_word' id='word_1_803' title='bbox 326 5523 394 5587; x_wconf 90' lang='lat' dir='ltr'><strong>P.</strong></span> <span class='ocrx_word' id='word_1_804' title='bbox 429 5530 728 5602; x_wconf 89' lang='lat' dir='ltr'><strong>postrema</strong></span> <span class='ocrx_word' id='word_1_805' title='bbox 787 5513 932 5602; x_wconf 77' lang='lat' dir='ltr'><strong>duo_</strong></span> <span class='ocrx_word' id='word_1_806' title='bbox 955 5518 1137 5581; x_wconf 87' lang='lat' dir='ltr'><strong>verba</strong></span> <span class='ocrx_word' id='word_1_807' title='bbox 1186 5535 1306 5602; x_wconf 82' lang='lat' dir='ltr'><strong>non</strong></span> <span class='ocrx_word' id='word_1_808' title='bbox 1352 5513 1538 5602; x_wconf 74' lang='lat' dir='ltr'><strong>habet</strong></span> <span class='ocrx_word' id='word_1_809' title='bbox 1569 5516 1638 5578; x_wconf 93' lang='lat' dir='ltr'><strong>D.</strong></span> <span class='ocrx_word' id='word_1_810' title='bbox 1676 5513 1782 5602; x_wconf 57' lang='lat' dir='ltr'><strong>Ch,</strong></span> 
     </span>
    </p>
   </div>
   <div class='ocr_carea' id='block_1_119' title="bbox 331 5594 1662 5684">
    <p class='ocr_par' dir='ltr' id='par_1_119' title="bbox 331 5594 1662 5684">
     <span class='ocr_line' id='line_1_119' title="bbox 331 5594 1662 5684; baseline -0.007 -17"><span class='ocrx_word' id='word_1_811' title='bbox 331 5594 653 5684; x_wconf 55' lang='lat' dir='ltr'><strong>legendum</strong></span> <span class='ocrx_word' id='word_1_812' title='bbox 677 5607 880 5684; x_wconf 78' lang='lat' dir='ltr'><strong>itaque</strong></span> <span class='ocrx_word' id='word_1_813' title='bbox 911 5599 1134 5661; x_wconf 77' lang='lat' dir='ltr'><strong>habent</strong></span> <span class='ocrx_word' id='word_1_814' title='bbox 1159 5597 1366 5684; x_wconf 73' lang='lat' dir='ltr'><strong>optimi</strong></span> <span class='ocrx_word' id='word_1_815' title='bbox 1401 5594 1662 5684; x_wconf 72' lang='lat' dir='ltr'><strong>codices.</strong></span> 
     </span>
    </p>
   </div>
   <div class='ocr_carea' id='block_1_120' title="bbox 328 5676 1359 5760">
    <p class='ocr_par' dir='ltr' id='par_1_120' title="bbox 328 5676 1359 5760">
     <span class='ocr_line' id='line_1_120' title="bbox 328 5676 1359 5760; baseline -0.013 -11"><span class='ocrx_word' id='word_1_816' title='bbox 328 5676 444 5757; x_wconf 71' lang='grc' dir='ltr'>τεέ,</span> <span class='ocrx_word' id='word_1_817' title='bbox 479 5683 549 5746; x_wconf 91' lang='lat' dir='ltr'><strong>D.</strong></span> <span class='ocrx_word' id='word_1_818' title='bbox 577 5681 638 5744; x_wconf 91' lang='lat' dir='ltr'><strong>S.</strong></span> <span class='ocrx_word' id='word_1_819' title='bbox 673 5683 740 5745; x_wconf 83' lang='lat' dir='ltr'><strong>P.</strong></span> <span class='ocrx_word' id='word_1_820' title='bbox 783 5676 882 5732; x_wconf 21' lang='lat'><strong>753</strong></span> <span class='ocrx_word' id='word_1_821' title='bbox 912 5695 1043 5760; x_wconf 75' lang='grc' dir='ltr'>πρὸς</span> <span class='ocrx_word' id='word_1_822' title='bbox 1075 5676 1254 5752; x_wconf 72' lang='grc' dir='ltr'>αὐτὸν,</span> <span class='ocrx_word' id='word_1_823' title='bbox 1291 5676 1359 5739; x_wconf 88' lang='lat' dir='ltr'><strong>D.</strong></span> 
     </span>
    </p>
   </div>
   <div class='ocr_carea' id='block_1_121' title="bbox 331 5766 638 5840">
    <p class='ocr_par' dir='ltr' id='par_1_121' title="bbox 331 5766 638 5840">
     <span class='ocr_line' id='line_1_121' title="bbox 331 5766 638 5840; baseline -0.02 -14"><span class='ocrx_word' id='word_1_824' title='bbox 331 5769 529 5840; x_wconf 71' lang='grc' dir='ltr'>τάτων,</span> 
     </span>
    </p>
   </div>
   <div class='ocr_carea' id='block_1_122' title="bbox 1866 5509 3142 5590">
    <p class='ocr_par' dir='ltr' id='par_1_122' title="bbox 1866 5509 3142 5590">
     <span class='ocr_line' id='line_1_122' title="bbox 1866 5509 3142 5590; baseline 0.006 -25"><span class='ocrx_word' id='word_1_825' title='bbox 1866 5514 2181 5588; x_wconf 66' lang='grc' dir='ltr'>Βῆμύνατο,</span> <span class='ocrx_word' id='word_1_826' title='bbox 2473 5513 2536 5564; x_wconf 73' lang='lat'><strong>53</strong></span> <span class='ocrx_word' id='word_1_827' title='bbox 2559 5509 2918 5590; x_wconf 52' lang='grc' dir='ltr'>’ἀγαθοειδεϊῇ</span> 
     </span>
    </p>
   </div>
   <div class='ocr_carea' id='block_1_123' title="bbox 1749 5591 2524 5674">
    <p class='ocr_par' dir='ltr' id='par_1_123' title="bbox 1749 5591 2524 5674">
     <span class='ocr_line' id='line_1_123' title="bbox 1749 5591 2524 5674; baseline 0.014 -28"><span class='ocrx_word' id='word_1_828' title='bbox 1749 5595 1814 5647; x_wconf 70' lang='lat'><strong>5.5</strong></span> <span class='ocrx_word' id='word_1_829' title='bbox 1844 5597 1943 5674; x_wconf 81' lang='grc' dir='ltr'>πρὸ</span> <span class='ocrx_word' id='word_1_830' title='bbox 1974 5602 2101 5674; x_wconf 61' lang='grc' dir='ltr'><strong>τῆς-</strong></span> <span class='ocrx_word' id='word_1_831' title='bbox 2125 5593 2328 5672; x_wconf 71' lang='grc' dir='ltr'>ἄλλων,</span> <span class='ocrx_word' id='word_1_832' title='bbox 2463 5592 2524 5657; x_wconf 73' lang='grc' dir='ltr'><strong>Ρ.</strong></span> 
     </span>
    </p>
   </div>
   <div class='ocr_carea' id='block_1_124' title="bbox 1443 5672 2276 5753">
    <p class='ocr_par' dir='ltr' id='par_1_124' title="bbox 1443 5672 2276 5753">
     <span class='ocr_line' id='line_1_124' title="bbox 1443 5672 2276 5753; baseline 0.01 -25"><span class='ocrx_word' id='word_1_833' title='bbox 1443 5677 1508 5728; x_wconf 77' lang='lat'><strong>59</strong></span> <span class='ocrx_word' id='word_1_834' title='bbox 1537 5681 1602 5733; x_wconf 80' lang='grc' dir='ltr'>τὰ</span> <span class='ocrx_word' id='word_1_835' title='bbox 1632 5678 1709 5753; x_wconf 72' lang='grc' dir='ltr'>μὴ</span> <span class='ocrx_word' id='word_1_836' title='bbox 1759 5672 1908 5750; x_wconf 68' lang='grc' dir='ltr'>ὄντα,</span> <span class='ocrx_word' id='word_1_837' title='bbox 1963 5675 2031 5737; x_wconf 93' lang='lat' dir='ltr'><strong>D.</strong></span> <span class='ocrx_word' id='word_1_838' title='bbox 2067 5672 2128 5737; x_wconf 88' lang='lat' dir='ltr'><strong>S.</strong></span> <span class='ocrx_word' id='word_1_839' title='bbox 2166 5674 2276 5738; x_wconf 89' lang='lat' dir='ltr'><strong>Ch.</strong></span> 
     </span>
    </p>
   </div>
   <div class='ocr_carea' id='block_1_125' title="bbox 3231 5514 3723 5583">
    <p class='ocr_par' dir='ltr' id='par_1_125' title="bbox 3231 5514 3723 5583">
     <span class='ocr_line' id='line_1_125' title="bbox 3231 5514 3723 5583; baseline 0.01 -15"><span class='ocrx_word' id='word_1_840' title='bbox 3231 5514 3297 5564; x_wconf 73' lang='grc'><strong>54</strong></span> <span class='ocrx_word' id='word_1_841' title='bbox 3339 5523 3723 5583; x_wconf 66' lang='grc' dir='ltr'>προποιοῦντας</span> 
     </span>
    </p>
   </div>
   <div class='ocr_carea' id='block_1_126' title="bbox 2608 5591 3718 5674">
    <p class='ocr_par' dir='ltr' id='par_1_126' title="bbox 2608 5591 3718 5674">
     <span class='ocr_line' id='line_1_126' title="bbox 2608 5591 3718 5674; baseline 0.007 -30"><span class='ocrx_word' id='word_1_842' title='bbox 2608 5593 2672 5644; x_wconf 76' lang='grc'><strong>56</strong></span> <span class='ocrx_word' id='word_1_843' title='bbox 2701 5592 3098 5674; x_wconf 57' lang='grc' dir='ltr'>ᾲφαπλοῦντας,</span> <span class='ocrx_word' id='word_1_844' title='bbox 3133 5591 3194 5655; x_wconf 90' lang='lat' dir='ltr'><strong>S.</strong></span> <span class='ocrx_word' id='word_1_845' title='bbox 3283 5592 3344 5644; x_wconf 82' lang='lat'><strong>57</strong></span> <span class='ocrx_word' id='word_1_846' title='bbox 3374 5593 3718 5674; x_wconf 73' lang='grc' dir='ltr'>ἐξαγγέλλονο</span> 
     </span>
    </p>
   </div>
   <div class='ocr_carea' id='block_1_127' title="bbox 2361 5670 3720 5762">
    <p class='ocr_par' dir='ltr' id='par_1_127' title="bbox 2361 5670 3720 5762">
     <span class='ocr_line' id='line_1_127' title="bbox 2361 5670 3720 5762; baseline 0.01 -38"><span class='ocrx_word' id='word_1_847' title='bbox 2361 5674 2424 5724; x_wconf 80' lang='grc'>60</span> <span class='ocrx_word' id='word_1_848' title='bbox 2456 5677 2644 5750; x_wconf 65' lang='grc' dir='ltr'>ἑαυτῷ,</span> <span class='ocrx_word' id='word_1_849' title='bbox 2701 5670 2770 5737; x_wconf 77' lang='grc' dir='ltr'>Π,</span> <span class='ocrx_word' id='word_1_850' title='bbox 2805 5672 2868 5736; x_wconf 85' lang='lat' dir='ltr'>S.</span> <span class='ocrx_word' id='word_1_851' title='bbox 2953 5670 3004 5716; x_wconf 73' lang='grc' dir='ltr'><strong>θί</strong></span> <span class='ocrx_word' id='word_1_852' title='bbox 3041 5674 3300 5738; x_wconf 66' lang='grc' dir='ltr'>ἑκάς-των.</span> <span class='ocrx_word' id='word_1_853' title='bbox 3387 5673 3450 5724; x_wconf 68' lang='grc'><strong>62</strong></span> <span class='ocrx_word' id='word_1_854' title='bbox 3480 5670 3720 5762; x_wconf 22' lang='grc' dir='ltr'>*ἀποφοι-</span> 
     </span>
    </p>
   </div>
  </div>
