4054 6446
372 369 524 436 1087
1532 369 1594 433 S.
1653 369 1839 437 ΠΙοΝ
1846 369 2000 435 YSII

2113 369 2590 439 REOPAGITE.
3608 370 3768 442 1088

365 502 520 566 xerit
537 521 578 581 ε,
612 507 948 586 cunctaque
978 502 1121 567 velit
1149 500 1265 564 sibi
1313 519 1553 582 semper
1582 521 1715 567 esse
1761 505 2004 586 similia,

2113 512 2212 576 ;ικῆ
2280 507 2749 588 κατεγκαλιιύντων
2799 505 3081 591 ἀνέχεται,
3115 509 3205 567 καὶ
3257 511 3414 576 αὒτὸς
3447 508 3762 591 ἀπολογεῖ-

374 602 434 656 et
463 612 568 675 pro
592 595 884 676 cujusque
914 603 1089 677 captu
1112 595 1552 656 communicare
1580 600 1608 657 ?
1650 593 1799 668 Quid
1852 596 2012 676 quod

2113 617 2232 677 ταις
2276 601 2365 656 καὶ
2407 597 2612 674 μᾶλλόν
2669 599 3062 678 ἐπαγγέλλεται
3111 602 3471 682 θεραπεύσείν,
3531 602 3622 660 καὶ
3681 603 3765 660 ’ἑτι

367 703 403 746 a
423 703 488 746 se
519 684 868 748 deﬁcientes
895 704 1099 748 amore
1130 694 1548 766 prosequatur,
1577 685 2015 765 contendatque

2113 689 2284 753 ιιῦτοϊς
2361 691 2678 771 ἀπέχουσιν,
2737 690 2884 766 ὅμως
2911 690 3607 775 προσιοῦσισδπροστρὲχει
3669 692 3763 751 καὶ

365 793 434 836 ac
461 783 649 854 roget,
685 794 761 837 ne
786 776 1185 855 dedignentur
1212 791 1451 836 amores
1487 779 1503 817 ί
1535 794 1550 850 ;
1585 775 1730 856 quin
1763 787 1823 837 et
1862 775 2017 837 deli-

2113 781 2306 839 ὀπαδτά
2350 780 2437 838 καὶ
2481 780 2601 847 ὃλος
2665 779 2820 846 ὅλους
2885 783 3110 863 περιφὺς
3168 782 3484 859 ἀσπάζεται,
3531 787 3629 843 καὶ
3665 785 3767 841 οὒκ

368 865 563 927 ciosos
587 867 747 946 ipsos
775 885 844 929 ac
875 879 1102 929 temere
1127 871 1528 945 provocantes
1561 864 2020 946 sustinet,atque

369 958 624 1035 ipsemet
654 965 915 1034 excusat,
945 973 1135 1036 eoque
1181 955 1364 1033 magis
1393 972 1458 1015 se
1488 955 1720 1035 recepit
1746 955 1881 1017 illos
1909 974 2019 1017 cu-

370 1054 659 1118 raturum,
723 1047 986 1127 ipsisque
1033 1045 1157 1125 jam
1202 1044 1397 1106 adhuc
1429 1044 1807 1119 distantibus,
1841 1044 2022 1106 simul

373 1141 573 1196 tamen
622 1134 1076 1198 adventantibus
1124 1135 1387 1197 occurrit
1410 1143 1470 1196 et
1497 1133 1711 1208 obviat,
1744 1140 2024 1215 totusque

372 1235 531 1286 totos
553 1225 921 1305 amplectens
944 1225 1268 1305 osculatur,
1303 1244 1500 1306 neque
1523 1225 1598 1287 de
1621 1226 1886 1305 pristinis
1918 1243 2020 1287 eos

381 1315 704 1393 arguil,sed
739 1316 932 1394 diligit
955 1315 1291 1396 praesentia,
1317 1315 1656 1394 festumque
1686 1315 1844 1377 diem
1877 1316 2021 1393 agit;

371 1422 439 1464 ac
472 1417 755 1468 convocat
775 1405 1308 1480 amicos,videlicet
1338 1403 1619 1483 bonos,ut
1649 1405 1725 1466 sit
1753 1406 2022 1468 omnium

372 1493 696 1556 lzetantium
719 1495 1002 1558 habitatio
1024 1513 1071 1559 ιι.
1110 1499 1296 1558 Porro
1314 1494 1792 1574 DemOphilus,et
1812 1495 1864 1556 si
1888 1496 2025 1574 quis

373 1583 527 1646 alius
571 1585 743 1647 bonis
813 1587 1178 1658 adversatur,
1209 1587 1346 1666 jure
1408 1584 1620 1646 merito
1678 1585 2024 1664 corripitur,

371 1672 646 1756 bonaque
698 1677 948 1738 docetur
977 1683 1039 1737 ut
1071 1677 1448 1738 emendetur.
1495 1675 1807 1748 Quomodo
1840 1678 2025 1749 enim,

372 1765 588 1847 inquit,
624 1786 742 1828 non
775 1767 1086 1848 oportebat
1111 1785 1244 1827 eum
1265 1767 1364 1848 qui
1391 1766 1582 1828 bonus
1602 1765 1793 1840 est,de
1818 1785 2025 1827 eorum

2105 871 2328 949 ἐγκαλεῖ
2386 871 2502 950 περὶ
2559 879 2666 928 τῶν
2718 872 3014 952 προτέρων,
3073 871 3212 930 ἀλλά
3266 874 3452 950 ἁγαπᾳ
3505 875 3573 933 τὰ
3614 897 3762 945 παρ-

2105 961 2253 1034 όντα,
2287 961 2375 1016 καὶ
2419 960 2606 1037 ἑορτήν
2663 959 2808 1040 ἅγει,
2860 963 2948 1018 καὶ
2997 961 3261 1040 συγκαλεῖ
3291 961 3356 1012 64
3395 966 3520 1028 τοὺς
3549 963 3761 1045 φίλους,

2106 1046 2312 1117 δηλαδὴ
2367 1056 2487 1112 τοῦς
2545 1049 2794 1130 ἀγαθοὺς,
2830 1047 2923 1105 ἵνα
2956 1056 2992 1122 ᾖ
3049 1050 3262 1108 πάντων
3329 1050 3761 1130 εὔφραινομένων

2106 1140 2141 1207 ἡ
2175 1139 2441 1202 κατοικὶα,
2503 1137 2814 1218 Δημόφιλος
2867 1138 2946 1214 δὲ,
3007 1142 3094 1198 καὶ
3152 1141 3314 1206 εἴτις
3346 1140 3507 1207 ἄλλος
3539 1142 3766 1220 ἀγαθοῖς

2106 1229 2487 1310 ἀπεχθάνεται,
2521 1229 2610 1286 καί
2638 1229 2763 1286 λίαν
2807 1227 3020 1293 ἐνδίκως
3079 1232 3412 1305 ἐπιτιμᾶται,
3469 1233 3554 1288 καὶ
3615 1228 3764 1287 ἐκδι-

2105 1318 2351 1376 δάσκεται
2410 1320 2477 1374 τὰ
2546 1317 2708 1393 καλὰ,
2762 1319 2850 1376 καὶ
2941 1319 3276 1398 ἆγαθυνεται,
3341 1326 3461 1387 Πῶς
3509 1321 3610 1400 γὰρ
3667 1321 3765 1377 οὒκ

2108 1407 2231 1484 ἔδει,
2266 1410 2415 1488 φησὶ,
2496 1410 2587 1465 τὸν
2643 1408 2840 1487 ἀγαθὸν
2871 1411 2956 1466 ἐπὶ
3013 1411 3247 1489 σωτηρίᾳ
3296 1415 3403 1468 τῶν
3471 1408 3763 1468 ἀπολωλό-

2108 1519 2213 1554 των
2271 1497 2654 1574 εὐφραίνεσθαι,
2737 1499 2822 1553 xui.
2877 1503 2990 1574 ζωῇ
3077 1501 3178 1555 τῶν
3258 1499 3761 1575 τεθανατωμενὼν;

2108 1587 2331 1664 Ἀμελει
2362 1587 2450 1644 καὶ
2507 1584 2592 1644 ἐπ’
2651 1586 2815 1661 ὤμων
2873 1586 3015 1666 αἴρει
3045 1585 3110 1638 65
3137 1590 3197 1646 τὸ
3228 1587 3386 1663 μόλις
3419 1589 3524 1645 in?)
3550 1587 3764 1654 πλάνης

2110 1677 2425 1757 ἐπιστραφέν
2444 1674 2530 1752 68,
2567 1679 2653 1733 καὶ
2696 1679 2816 1739 τοὺς
2860 1677 3085 1755 ἀγαθοὺς
3118 1677 3377 1756 ἀγγέλους
3435 1681 3508 1742 εἰς
3565 1683 3764 1757 εὖφρο-

2110 1771 2270 1837 σύνην
2303 1769 2513 1848 ἐγείρει,
2574 1769 2662 1824 καὶ
2721 1769 2951 1846 ίρηστός
2985 1767 3126 1824 ἐστιν
3180 1766 3243 1816 67
3301 1768 3386 1825 ἐπὶ
3420 1770 3540 1833 τοὺς
3599 1769 3768 1848 ἁχαρί

373 1856 475 1935 qui
506 1859 804 1936 perierant
835 1859 1045 1932 salute,
1085 1877 1193 1918 nec
1223 1877 1341 1918 non
1386 1875 1593 1918 eorum
1629 1857 1730 1936 qui
1762 1857 2025 1918 defuncti

2113 1883 2290 1942 στους,
2341 1863 2428 1917 καὶ
2485 1858 2855 1916 ἁνατὲλλειτὸν
2909 1859 3064 1928 ἣλιον
3123 1861 3280 1917 αὐτοῦ
3351 1862 3437 1917 ἐπὶ
3498 1861 3768 1937 πονηροὺς

375 1954 546 2006 erant
581 1947 695 2008 vita
754 1947 990 2009 laetari?
1047 1947 1355 2026 Siquidem
1412 1947 1588 2008 etiam
1651 1947 1711 2007 in
1744 1947 2026 2007 humeros

374 2036 532 2099 tollit
561 2035 798 2099 vixdum
835 2038 906 2098 ab
953 2054 1161 2099 errore
1205 2055 1581 2118 conversum,
1614 2045 1672 2097 et
1704 2036 1891 2098 bonos
1921 2054 2024 2096 an-

373 2125 540 2200 gelos
596 2130 670 2189 ad
730 2127 992 2188 laetitiam
1040 2127 1278 2201 excitat,
1313 2127 1457 2208 quin
1489 2135 1550 2188 et
1580 2127 1820 2205 ingratis
1850 2126 2026 2187 beni-

376 2233 530 2295 gnus
547 2216 764 2297 existit,
803 2227 859 2280 et
881 2219 1041 2280 oriri
1065 2218 1216 2296 facit
1239 2217 1427 2280 solem
1445 2235 1620 2279 suum
1641 2235 1824 2297 super
1849 2216 2028 2278 bonos

377 2313 439 2367 et
468 2305 656 2368 malos
677 2317 905 2389 ﬁatque
935 2307 1125 2389 ipsam
1150 2327 1318 2369 suam
1344 2307 1600 2368 animam
1630 2325 1738 2387 pro
1764 2307 2026 2386 profugis

378 2395 544 2476 ponit
572 2409 617 2454 κ.
649 2400 736 2460 Tu
765 2407 996 2478 vero,ut
1026 2409 1138 2460 tuae
1169 2399 1382 2460 litterae
1404 2397 2025 2477 declarant,acciden—

375 2491 499 2548 tem
531 2489 849 2570 sacerdoti,
885 2490 1051 2552 illum
1076 2507 1252 2570 quem
1278 2490 1524 2568 impium
1556 2507 1622 2549 ac
1651 2496 2021 2568 peccatorem

376 2577 548 2650 dicis,
584 2579 786 2640 nescio
819 2580 1118 2661 quomodo
1145 2598 1249 2660 per
1281 2589 1336 2640 te
1368 2597 1628 2658 praesens
1684 2577 1982 2657 repuleris
2017 2598 2030 2652 ;

376 2675 505 2726 tum
526 2667 622 2729 ille
646 2669 887 2748 quidem
913 2669 1345 2750 deprecabatur
1360 2678 1416 2731 et
1434 2668 1728 2729 fatebatur
1741 2686 1806 2728 se
1821 2668 1890 2727 ad
1915 2686 2034 2728 ma-

376 2755 570 2818 lorum
597 2759 951 2821 medicinam
972 2760 1403 2833 advenissse;tu
1419 2758 1792 2839 autem,nihil
1813 2758 2029 2819 veritus

377 2847 600 2909 bonum
621 2849 870 2930 insuper
891 2850 1262 2911 sacerdotem
1282 2868 1414 2910 cum
1435 2851 1688 2928 quadam
1712 2847 2030 2909 insolentia

375 2938 748 3001 conviciatus
778 2959 863 3021 es,
917 2941 1070 3022 quod
1109 2940 1424 3000 miseratus
1466 2946 1623 3000 esset
1669 2937 2022 3018 pzenitentis,

375 3036 551 3108 atque
606 3029 855 3110 impium
907 3030 1340 3110 justiﬁcasset;
1373 3048 1442 3090 ac
1477 3027 1742 3107 tandem,
1783 3050 1806 3082 «
1834 3026 1965 3099 Exi,
1993 3052 2020 3082 ι)

377 3119 658 3197 inquiens
689 3120 1010 3192 sacerdoti,
1035 3119 1176 3182 £599
1200 3139 1334 3181 cum
1359 3118 1459 3198 qui
1492 3117 1793 3179 similibus
1817 3124 2024 3178 contra

2110 1955 2198 2009 καὶ
2221 1952 2476 2030 ἀγαθούς,
2523 1953 2611 2007 καὶ
2657 1951 2818 2017 αὖτὴν
2840 1951 2939 2018 τὴν
2970 1951 3155 2030 ψυχὴν
3186 1951 3345 2008 αὒτοῠ
3377 1955 3580 2018 τίθησιν
3634 1951 3768 2026 ὑπὲρ

2111 2049 2214 2099 τ’ὒν
2247 2043 2656 2122 ἀποφευγόντων
2684 2040 2772 2103 6'3.
2808 2042 2880 2096 Σὺ
2951 2038 3027 2120 δὲ,
3059 2043 3133 2104 ὡς
3199 2043 3265 2096 τὰ
3320 2041 3610 2118 γράμματά
3673 2063 3769 2096 σου

2111 2133 2294 2212 δηλοῖ,
2326 2135 2414 2190 καὶ
2459 2132 2827 2212 προσπεσόντα
2886 2136 2963 2205 τῷ
3021 2135 3175 2211 ἱερεῖ,
3209 2133 3301 2188 τὸν
3334 2133 3408 2193 ὡ;
3458 2130 3562 2210 φῇς
3597 2128 3767 2196 ἀσεϐῆ

2111 2226 2196 2280 καὶ
2255 2222 2594 2301 ἁμαρτωλὸν,
2659 2223 2754 2279 οὒκ
2797 2219 2900 2278 οἶδ’
2955 2219 3100 2285 ὅπως
3152 2219 3270 2278 καθ’
3338 2223 3524 2280 ἑαυτοῦ
3583 2220 3771 2298 παρών

2111 2313 2473 2380 ἁπελάδιτισας
2511 2331 2526 2348 ⁸
2587 2326 2727 2386 εττα,
2764 2315 2790 2368 ὁ
2841 2313 2938 2386 μὲν
2998 2310 3170 2368 ἐδεῖτο
3224 2309 3290 2360 69
3349 2313 3438 2367 καὶ
3497 2309 3774 2388 ὡμολόγει

2111 2410 2240 2476 πρὸς
2299 2405 2528 2482 ἰατρείαν
2571 2403 2750 2459 κακῶν
2784 2400 3114 2474 ἐληλυθέναι,
3178 2403 3239 2457 σὺ
3294 2399 3348 2456 δέ
3405 2400 3500 2457 οὒκ
3530 2399 3773 2481 ἓφριξας,

2118 2494 2252 2550 ἀλλὰ
2284 2495 2482 2550 καὶτὸν
2525 2494 2720 2571 ἀγαθὸν
2749 2492 2889 2570 ἱερέα
2921 2493 3053 2567 μετὰ
3109 2493 3329 2571 θράσους
3397 2491 3460 2540 70
3517 2511 3772 2568 προεπη-

2117 2583 2352 2660 λάκιζες,
2407 2583 2624 2649 ἐλεητὸν
2684 2595 2822 2637 εῖναι
2875 2583 3253 2656 μετάνοοῦντα,
3319 2582 3405 2636 οιαὶ
3463 2581 3553 2636 τὸν
3601 2578 3775 2647 ἀσεϐῆ

2117 2673 2470 2731 δικαιώσαντα
2505 2688 2518 2702 ⁸
2574 2674 2658 2729 καὶ
2715 2672 2892 2747 τέλος,
2946 2694 2974 2727 α
3009 2669 3212 2746 ’³Εξιθι,
3259 2694 3280 2725 ι
3325 2671 3458 2749 ἔφης
3487 2676 3564 2744 τῷ
3607 2673 3773 2748 ἱερεῖ,

2113 2765 2248 2840 μετὰ
2278 2767 2382 2819 τῶν
2434 2765 2634 2838 ὁμοίων
2687 2764 2776 2819 καὶ
2827 2760 3214 2835 εἷσεπήδησας,
3269 2761 3366 2818 οὒκ
3414 2758 3562 2824 ὄντος
3608 2763 3776 2835 θεμι-

2110 2861 2225 2933 τοῦ,
2278 2855 2408 2931 πρὸς
2465 2854 2529 2910 τὰ
2589 2850 2771 2925 ἄδυτα,
2829 2853 2918 2908 καὶ
2975 2853 3040 2908 τὰ
3072 2851 3248 2930 ’Ἅγια
3277 2857 3384 2908 τῶν
3415 2852 3580 2927 ἁγίων
3611 2849 3774 2905 συνέ-

2113 2943 2348 3023 στειλας,
2404 2945 2490 2998 καὶ
2549 2943 2766 3021 γράφεις
2827 2945 2988 3016 ἡμῖν,
3049 2940 3130 2998 ὅτι
3178 2939 3440 3017 μέλλοντα
3471 2939 3777 3018 διαφθαρῆ-

2111 3057 2194 3089 ναι
2242 3035 2306 3089 τὰ
2363 3034 2476 3112 ἱερὰ
2537 3039 2903 3110 προνοητικῶς
2955 3032 3236 3104 ἁπέσωσα,
3275 3032 3360 3086 καὶ
3410 3030 3486 3086 ἔτι
3519 3030 3778 3110 ἕχραντα

2108 3123 2466 3204 διαφυλάττω.
2510 3123 2641 3196 Νὖν⁸
2663 3131 2750 3179 οὖν
2811 3118 2967 3182 ἄκουε
3029 3127 3136 3178 τῶν
3189 3121 3483 3198 ἡμετέρων
3547 3124 3621 3178 Οὗ
3678 3124 3778 3176 θε-

377 3207 466 3268 fas
494 3207 555 3268 in
576 3209 747 3289 adyta
773 3209 1067 3290 irrupisti,
1104 3228 1172 3271 ac
1201 3211 1416 3272 Sancta
1449 3217 1788 3269 sanctorum
1823 3212 2023 3268 conta-

2113 3217 2265 3288 μιτὸν
2314 3211 2453 3290 ἱερέα
2505 3213 2638 3290 πρὸς
2695 3212 2802 3269 τῶν
2860 3211 2989 3290 ὑπὲρ
3069 3211 3128 3266 σὲ
3189 3209 3536 3290 λειτουργῶν,
3569 3210 3605 3278 ἣ
3665 3211 3778 3266 τῶν

382 3296 644 3379 minasti,
689 3306 747 3360 et
775 3300 992 3361 scribis
1037 3299 1210 3360 nobis
1245 3309 1299 3359 te
1329 3307 1552 3368 sancta,
1587 3314 1719 3357 cum
1751 3295 2028 3357 violanda

381 3399 843 3470 essent,summa
859 3408 1000 3452 cura
1021 3389 1509 3470 providentiaque
1532 3404 2028 3465 servasse,eaque

380 3477 668 3541 hactenus
701 3479 925 3542 illibata
961 3477 1282 3541 custodire.
1321 3478 1491 3540 Nunc
1550 3495 1690 3555 ergo
1735 3475 1872 3537 audi
1917 3495 2028 3537 no-

380 3574 560 3630 stram
593 3569 950 3632 sententiam
985 3590 997 3632 :
1033 3567 1208 3630 Nefas
1243 3575 1330 3627 est
1356 3566 1728 3627 sacerdotem
1779 3584 1812 3626 a
1844 3574 1900 3625 te
1930 3564 2026 3626 di-

378 3657 687 3736 gnioribus
719 3658 1032 3732 ministris,
1068 3657 1228 3719 tuive
1269 3656 1497 3717 ordinis
1545 3655 1857 3716 monachis
1904 3673 2035 3716 cor-

377 3746 516 3826 ripi,
549 3748 928 3828 quantumvis
977 3748 1039 3808 in
1098 3748 1293 3808 divina
1339 3745 1560 3823 impius
1617 3744 1916 3824 videatur,
1973 3753 2034 3809 et

377 3837 611 3900 etiamsi
668 3837 807 3919 quid
852 3837 1013 3898 aliud
1074 3837 1316 3898 vetitum
1365 3834 1560 3913 egisse
1617 3834 2029 3904 convincatur,

379 3927 529 3989 Nam
581 3928 631 3988 si
655 3927 1057 3989 distinctionis
1079 3925 1432 4002 ordinisque
1461 3923 1753 4004 confusio,
1788 3922 2035 3985 divinis-

378 4017 663 4077 simarum
721 4017 1207 4078 constitutionum
1259 4015 1577 4095 legumque
1640 4013 2031 4092 transgressio

383 4114 475 4168 est
511 4126 526 4186 ;
559 4107 720 4167 nulla
760 4115 920 4168 certe
968 4107 1121 4167 ratio
1155 4113 1512 4185 estrropler
1539 4105 1725 4165 Deum
1753 4103 2028 4164 traditum

378 4194 663 4258 divinitus
693 4198 964 4258 ordinem
997 4193 1676 4268 intervertendi.Neque
1700 4193 1860 4254 enim
1881 4200 1937 4253 in
1969 4210 2033 4253 se

379 4285 536 4348 Deus
556 4286 780 4347 divisus
809 4296 921 4359 est,
957 4285 1222 4366 alioquin
1256 4281 1555 4364 quomodo
1577 4282 1751 4343 stabit
1779 4300 2031 4360 regnum

380 4376 514 4455 ejus
541 4391 566 4433 ς
594 4375 624 4436 ‘I
647 4376 719 4438 Et
745 4377 794 4437 si
829 4376 934 4438 Dei
979 4386 1066 4438 est
1093 4374 1411 4455 judicium,
1442 4379 1504 4432 ut
1537 4373 1784 4451 Eloquia
1808 4381 2033 4433 testan-

381 4475 480 4527 tur
507 4486 550 4541 ι,
576 4466 920 4528 sacerdotes
972 4476 1168 4528 autem
1200 4463 1396 4542 angeli
1433 4471 1570 4523 sunt
1597 4471 1647 4537 ³,
1677 4469 1891 4537 etpost
1921 4479 2032 4522 an-

2113 3305 2393 3382 ὁμοταγῶν
2445 3325 2527 3359 σοι
2558 3302 2612 3352 Ἠ
2640 3305 2973 3382 θεραπευτῶθ
3026 3301 3348 3377 eeo-5mm,
3407 3299 3504 3357 κᾶν
3554 3297 3777 3356 ἀσεϐεῖν

2113 3396 2186 3459 εἰς
2229 3395 2295 3450 τὰ
2348 3397 2467 3450 θεῖα
2516 3391 2669 3474 δοκῇ,
2745 3391 2842 3449 κᾶν
2903 3391 3033 3450 ἄλλο
3090 3415 3143 3448 τι
3199 3394 3306 3448 τῶν
3392 3390 3776 3468 ἀπειρημένων

2114 3485 2452 3566 ἐξελέγχοιτο
2511 3485 2728 3565 δράσας.
2767 3487 2823 3542 Εἰ
2883 3485 2982 3565 γὰρ
3045 3485 3275 3560 ἀκοσμία
3319 3484 3407 3540 καὶ
3456 3482 3640 3548 ἀταξία
3667 3485 3783 3540 τῶν

2114 3581 2405 3633 θειοτάτων
2481 3575 2592 3630 ἐστὶ
2646 3575 2732 3631 ιιαὶ
2819 3576 2954 3646 ὁρων
3006 3577 3095 3631 καὶ
3150 3577 3361 3648 θεσμῶν
3402 3569 3643 3646 ἔκϐασις,
3681 3573 3782 3629 οὔκ

2116 3667 2234 3746 ἔχει
2278 3665 2438 3742 λόγον
2488 3665 2616 3744 ὑπὲρ
2649 3672 2780 3722 Θεοῦ
2808 3664 2872 3714 ’Β
2899 3665 3000 3732 τὴν
3053 3662 3442 3744 θεοπαράδοτον
3474 3662 3784 3738 ἀνατρέπε-

2117 3760 2233 3813 σθαι
2281 3756 2447 3820 τάξιν.
2508 3757 2581 3813 Οὒ
2633 3755 2732 3833 γὰρ
2784 3754 2864 3835 ἐφ’
2949 3756 3134 3813 ἑαυτὸν
3195 3757 3223 3810 ὁ
3275 3754 3404 3816 Θεᾶς
3466 3752 3720 3830 ἐμερίσθη
3762 3771 3776 3784 ·

2117 3852 2232 3909 πῶς
2290 3847 2389 3924 γὰρ
2439 3847 2758 3916 σταθήσεται
2815 3848 2848 3912 ἡ
2892 3843 3136 3922 βασιλεία
3188 3845 3346 3903 αὐτοῦ
3380 3862 3396 3919 ;
3431 3843 3536 3902 Καὶ
3595 3843 3642 3898 εἰ
3684 3840 3783 3898 to;

2119 3944 2251 3994 Θεοῦ
2284 3937 2448 4009 ἐστιν,
2510 3937 2582 3999 ὡς
2613 3936 2678 3990 τὰ
2708 3934 2865 4013 λόγιᾶ
2894 3957 3079 4016 φησιν,
3126 3934 3160 4002 ἤ
3193 3934 3386 4013 κρίσις,
3437 3935 3484 3989 οἱ
3532 3931 3584 3988 δὲ
3617 3933 3781 4010 ἱερεὶς

2116 4026 2332 4106 ἄγγελοι
2390 4028 2477 4082 καὶ
2508 4025 2772 4106 ὕποφῆται
2822 4027 2956 4102 μετά
3011 4027 3133 4088 τοὺς
3189 4025 3445 4105 ἱεράρχας
3518 4023 3615 4078 εἶσὶ
3669 4022 3781 4080 τῶν

2115 4118 2267 4174 θείων
2325 4115 2616 4194 χριμάτων,
2680 4116 2810 4193 πρὸς
2847 4115 3020 4189 αὒτῷν
3059 4115 3127 4170 τὰ
3182 4117 3305 4170 θεῖα
3389 4113 3782 4192 προσηκὸντως

2119 4228 2202 4263 σοι
2260 4203 2344 4261 διὰ
2405 4205 2580 4281 μέσων
2632 4204 2695 4253 75
2750 4205 2853 4262 τῶν
2913 4204 3255 4282 λειτουργῶν,
3292 4206 3415 4259 ὁταν
3566 4203 3779 4280 καιρὸς,

2119 4294 2448 4370 ἐκδιδάσκω,
2481 4293 2546 4351 δι’
2596 4296 2788 4352 ὤνκαὶ
2819 4296 2880 4351 τὸ
2929 4295 3067 4351 εἶναι
3129 4293 3459 4370 θεραπευτὴς
3510 4290 3780 4358 iarbam.

2119 4384 2204 4441 ’Ἢ
2237 4387 2361 4465 οὖχὶ
2419 4387 2500 4441 οιαὶ
2549 4387 2616 4441 τὰ
2663 4386 2775 4465 ἱερὰ
2831 4383 3073 4458 σύμὸολα
3130 4391 3286 4440 τοῦτο
3337 4384 3435 4458 βοᾷ
3488 4381 3625 4457 ςκαὶ
3677 4381 3785 4458 γὰρ

2119 4478 2222 4555 οὔχ
2252 4475 2434 4539 ἁπλῶς
2467 4477 2714 4534 ἁπάντων
2743 4476 2840 4552 μὲν
2864 4474 3116 4552 ὲξῃρηται
3144 4473 3209 4530 τὰ
3239 4472 3410 4550 υΑγια
3445 4472 3554 4527 τῶν
3583 4471 3780 4548 ἁγίων·

379 4555 596 4617 tistites
645 4556 987 4618 divinorum
1039 4541 1403 4635 interpretes
1430 4551 1827 4642 judiciorum,
1851 4550 1925 4642 ab
1965 4553 2028 4614 iis

2121 4565 2402 4638 πλητιὰζει
2433 4564 2488 4622 δὲ
2539 4565 2742 4642 μᾶλλον
2801 4566 2982 4626 αὐτοῖς
3014 4564 3042 4621 ό
3097 4565 3201 4619 τῶν
3255 4559 3634 4638 ἱεροτελεστῶν
3662 4559 3786 4616 διά-

382 4645 614 4720 ordine,
647 4655 821 4726 prout
850 4656 905 4707 te
939 4640 1542 4716 decet,mediantibus
1575 4639 2035 4720 ministris,dum

381 4734 494 4795 erit
528 4743 946 4814 opportunum,
976 4734 1174 4795 divina
1194 4730 1381 4812 disce,
1420 4747 1525 4811 per
1549 4747 1699 4809 quos
1738 4728 1939 4805 etiam,
1973 4740 2037 4792 ut

383 4823 712 4885 monachus
742 4841 927 4905 esses,
957 4821 1239 4884 habuisti.
1276 4823 1367 4883 An
1433 4837 1568 4880 vero
1594 4836 1713 4880 non
1744 4817 1803 4878 id
1840 4818 2034 4900 ipsum

381 4931 553 4976 sacra
595 4913 763 4993 signa
806 4912 1180 4994 proclamant
1210 4913 1456 4988 2’neque
1491 4909 1648 4970 enim
1677 4906 2039 4988 simpliciter

382 5000 598 5066 Sancta
644 5013 984 5064 sanctorum
1048 4999 1122 5062 ab
1181 4999 1461 5059 omnibus
1508 5003 1819 5076 segregata
1848 5010 2030 5078 sunt;

459 5199 477 5224 '
503 5193 677 5252 Joan.
710 5207 751 5260 ι,
783 5191 821 5251 2
905 5193 922 5226 ⁸
955 5190 1163 5253 Matth.
1195 5206 1276 5252 XI.
1365 5196 1394 5228 τι
1425 5183 1564 5246 Luc.
1599 5203 1690 5247 xv.
1780 5198 1804 5230 ν
1841 5188 2052 5255 Matth.

386 5286 528 5352 xxx,
569 5272 644 5335 18
675 5293 690 5352 ;
723 5270 896 5335 Rom.
933 5287 996 5348 η,
1036 5271 1135 5334 16.
1217 5284 1243 5316 ι
1275 5265 1531 5332 Malach.
1566 5282 1632 5347 ιι,
1659 5265 1721 5329 7.

2119 4679 2346 4736 κοσμος,
2407 4660 2527 4714 εἶτα
2579 4659 2685 4713 τῶν
2726 4656 2908 4736 ἱερέων
2967 4654 3004 4723 ἢ
3061 4651 3443 4727 διακόσμησις,
3503 4650 3786 4725 ἑπομένως

2121 4745 2176 4803 δὲ
2208 4748 2415 4811 τούτοις
2466 4749 2500 4814 ἡ
2545 4746 2652 4802 τῶν
2711 4745 3031 4822 λειτουργῶν
3089 4759 3103 4772 ⁸
3157 4742 3277 4806 τοῖς
3325 4738 3379 4796 δὲ
3435 4739 3787 4817 τεταγμένοις

2119 4839 2468 4914 θεραπευταῖς
2498 4838 2550 4892 αἱ
2581 4835 2747 4892 πύλαι
2778 4833 2882 4891 τῶν
2940 4831 3139 4889 ἁδύτῶν
3193 4829 3331 4887 εἷσῖν
3387 4829 3787 4908 ἀφωρισμεναι,

2119 4917 2237 4982 καθ’
2295 4926 2355 4990 ἅς
2386 4926 2474 4982 καὶ
2503 4923 2785 4982 τελοῦνται
2822 4925 2912 4981 καὶ
2964 4927 3315 5002 παρεστᾶσιν,
3346 4923 3406 4978 οὗ
3437 4919 3567 4997 πρὸς
3617 4931 3790 4997 φυλα-

2118 5016 2221 5084 κὴν
2271 5017 2466 5092 αὑτων,
2519 5012 2657 5076 ἀλλὰ
2686 5015 2816 5093 πρὸς
2871 5013 3012 5079 τάξιν
3077 5011 3167 5068 καὶ
3225 5009 3516 5088 ἐπίγνωσιν
3578 5006 3784 5064 ἐαυτῶν

2112 5209 2171 5270 v,
2227 5192 2327 5255 45.
2416 5194 2640 5257 κιοδη.
2703 5211 2762 5275 ι,
2831 5194 2928 5255 ιι.
3010 5152 3042 5244 ix
3072 5186 3279 5253 Matth.
3316 5202 3418 5263 xu,
3451 5183 3532 5248 25
3615 5184 3789 5249 =Isai

1702 5427 1964 5495 VARUE
2007 5430 2451 5500 LECTIONES.

463 5592 519 5636 ⁸³
550 5593 915 5680 προζοῦἒι,ἓ.
978 5595 1189 5680 Δ(ξι-διαὶ
1222 5589 1599 5680 συγκαλεττξιι.
1653 5587 1727 5680 9:
1762 5593 1824 5680 ᾖ
1859 5594 1927 5656 Ρ.
2003 5593 2079 5680 95
2107 5596 2275 5680 φέρει,
2295 5599 2374 5680 ,8.
2457 5597 2524 5651 66
2551 5598 2888 5680 ἐπιστρέφον,
2921 5597 2986 5660 S.
3022 5595 3090 5659 Ρ.
3175 5593 3238 5680 0:1
3270 5594 3358 5680 ml

3457 5592 3760 5671 ρηστότατς
3772 5650 3787 5664 ,

383 5666 692 5764 gravia].
919 5666 1472 5764 “θ⁸“ἄιποφυγόντων,
1499 5671 1569 5734 S.
1660 5666 1728 5731 69
1755 5672 1964 5755 ἣδεττο,
2249 5666 2314 5731 ’ίο
2337 5682 2582 5760 θάρσους.
2655 5666 2720 5732 ἠ’
2740 5666 3024 5762 ὁμοταγῶν
3057 5698 3178 5764 σου,
3201 5678 3263 5740 S.
3350 5666 3495 5731 ἠ’ἐὶι
3525 5672 3688 5750 Θιοῦ,

382 5752 437 5808 7³
468 5757 530 5825 συ
559 5753 645 5812 διὰ
675 5756 882 5844 μέσων,
918 5755 989 5822 1),
