4054 6420
226 373 387 449 1093

1620 369 1988 440 EPISTULA
2053 365 2212 442 VIII.

3462 365 3610 444 1094

221 529 341 579 οῦσι
371 517 454 576 διὰ
485 523 591 574 τῶν
623 537 848 596 πρωτων
907 527 1022 577 τοῖς
1070 511 1331 592 δευτέροις
1362 513 1691 589 ἀπονέμεται
1722 513 1786 563 93
1813 515 1878 571 τὰ

1975 533 2072 595 per
2094 515 2312 597 primas
2331 514 2676 596 secundis,a
2699 517 3332 598 rectaaequissimaque
3347 519 3610 580 omnium

222 607 350 666 κατ’
408 607 552 672 ἀξίαν
607 609 707 663 ὑπὸ
765 612 862 671 τῆς
884 606 1097 662 πάντων
1129 605 1379 661 εὖτάκτου
1409 606 1498 660 καὶ
1528 602 1873 671 δικαιοτάτης

222 699 478 778 προνοίας
512 713 526 727 ⁸
563 700 610 753 οἱ
670 697 767 772 μὲν
799 703 886 752 οῦν
915 696 1002 752 καὶ
1047 693 1222 751 ἄλλων
1277 695 1540 775 ἐπάρχειν
1598 699 1699 752 ὑπὸ
1749 697 1878 752 Θεοῦ

220 787 516 868 ταχθέντες
561 787 890 862 ἀπονείμωσι
939 784 1002 835 9ί
1033 783 1146 861 μεθ’
1182 785 1396 846 ἓαυτοῦς
1453 787 1686 841 καὶτοῖς
1730 790 1877 853 ὑπη-

220 881 377 941 κόοις
427 879 491 933 τὰ
520 877 642 933 κατ’
685 876 852 942 ἀξίαν.
920 874 1228 952 Δημόφιλος
1269 874 1322 930 δὲ
1377 875 1520 952 λόγῳ
1578 877 1664 932 καὶ
1706 879 1874 950 θυμῷ,

219 971 316 1025 καὶ
373 969 619 1043 ἐπιθυμίᾳ
674 968 740 1022 τὰ
787 965 906 1022 κατ’
929 965 1075 1031 ἀξίαν
1132 965 1444 1044 ἀφοριζέτω,
1506 969 1592 1022 καὶ
1637 966 1714 1039 μὴ
1761 967 1877 1022 ἀδι-

220 1060 390 1114 κείτω
420 1059 517 1124 τὴν
562 1058 750 1116 ἑαυτοῦ
805 1055 972 1130 τάξιν,
1035 1055 1147 1110 ἀλλ’
1215 1055 1499 1135 ὲιιαρχέτω
1545 1063 1650 1112 τῶν
1723 1059 1875 1136 ὑφει-

221 1147 405 1222 μένων
449 1149 476 1202 ὁ
560 1148 930 1219 ὕπερκείμενος
1010 1143 1191 1220 λόγος.
1251 1146 1310 1201 Ei
1365 1147 1461 1224 γὰρ
1521 1143 1606 1201 ἐπ’
1680 1146 1875 1224 ἀγορᾶς

222 1236 428 1301 ἰδόντες
456 1235 521 1286 95
578 1236 788 1302 οἰκέτην
819 1233 1072 1309 δεσπότῃ,
1109 1235 1196 1289 καί
1238 1233 1572 1312 πρεσϐύτερῳ
1601 1237 1876 1314 νεώτερον,

223 1327 265 1394 ἣ
295 1329 380 1383 καὶ
408 1326 527 1382 υῗὸν
567 1325 731 1403 πατρί
794 1321 1302 1400 διαλοιδορούμενον,
1367 1323 1474 1398 ἅμα
1508 1325 1602 1380 καί
1637 1325 1878 1404 ἐπιόντα,

222 1418 318 1475 καί.
384 1415 590 1494 πληγὰς
653 1415 950 1471 ἐπιτιθέντα
1001 1412 1089 1492 96,
1124 1417 1206 1470 καὶ
1251 1411 1466 1470 ἀσεϐεῖν
1496 1413 1803 1491 ἐδοκοῦμεν,
1837 1417 1880 1472 εἱ

226 1507 331 1583 μὴ,
384 1519 502 1570 τοῖς
538 1526 828 1582 κρειττοσιν
871 1502 1272 1582 ἐπιδραμόντες,

225 1619 311 1654 τοι
343 1618 403 1674 γε
432 1596 566 1659 ἴσως
600 1595 798 1652 ἐκεῖνοι
849 1592 1205 1672 προηδίκηντο
1245 1611 1257 1624 ⁸
1315 1601 1425 1656 πὼς
1461 1598 1554 1651 οῦκ
1586 1598 1884 1676 αἰσχυνθη-

227 1688 434 1761 σόμεθα
501 1690 836 1764 παρορῶντες
891 1686 992 1740 ὑπο
1064 1688 1226 1758 θυμοῦ
1281 1687 1364 1740 καὶ
1428 1684 1702 1761 ἐπιθυμίας
1765 1685 1883 1743 ἀδι-

228 1778 490 1848 κοὺμενον
550 1775 732 1853 λόγον,
789 1776 877 1831 καὶ
932 1774 1025 1841 τῆς
1086 1775 1145 1831 ἐκ
1206 1783 1338 1834 Θεοῦ
1395 1773 1630 1842 δοθείσης
1711 1777 1885 1857 ἀρχῆς

1333 1503 1727 1580 ἓῗοηθῆσαμεν,
1766 1509 1883 1562 καὶ·

1963 605 2362 687 providentia,
2396 606 2610 686 cuique
2650 607 2807 684 justa
2840 625 2944 687 pro
2982 608 3207 668 meritis
3243 607 3608 680 tribuuntur,

1961 707 2027 755 ut
2058 697 2340 757 nimirum
2373 697 2412 757 ii
2465 696 2566 776 qui
2595 713 2629 756 ιι
2665 697 2783 758 Deo
2835 696 3097 757 ordinati
3139 708 3277 758 sunt
3329 699 3613 778 praesides

1962 785 2234 862 aliorum,
2272 785 2656 848 inferioribus
2682 804 2918 866 quoque
2950 786 3322 868 subditisque
3353 789 3476 850 suis
3507 807 3612 869 pro

1967 876 2194 938 meritis
2226 876 3006 957 distribuant.DemOpbilus
3028 877 3230 958 itaque
3254 879 3517 939 sermoni
3546 898 3615 940 ac

1963 965 2778 1046 furoriconcupisccntizeque
2803 985 2951 1045 suae,
2984 967 3139 1028 sicut
3162 967 3612 1043 decet,modum

1963 1063 2201 1134 statuat,
2237 1074 2430 1134 neque
2464 1055 2735 1115 ordinem
2781 1055 2981 1128 violet,
3018 1057 3123 1118 sed
3157 1057 3308 1119 ratio
3341 1057 3618 1135 superior

1963 1144 2345 1208 inferioribus
2376 1144 2740 1206 dominetur.
2775 1143 2918 1206 Nam
2953 1148 3025 1224 si,
3055 1165 3188 1206 cum
3216 1147 3274 1206 in
3307 1145 3434 1208 foro
3457 1145 3620 1208 vide-

1968 1253 2095 1295 mus
2111 1236 2392 1297 famulum
2414 1234 2682 1308 domino,
2701 1237 2922 1296 seniori
2940 1235 3620 1316 adolescentulum,sive

1965 1327 2141 1387 etiam
2172 1326 2355 1387 ﬁlium
2421 1324 2569 1406 patri
2619 1325 3000 1402 maledicere,
3045 1327 3342 1403 simulque
3391 1328 3620 1408 impetu

1966 1415 2120 1477 facto
2155 1417 2351 1497 plagas
2380 1417 2629 1490 inferre,
2655 1416 2932 1496 pietatem
2950 1417 3172 1478 violare
3205 1417 3619 1490 videmur,nisi

1969 1518 2374 1582 accurrentes,
2388 1507 2895 1587 praestantioribus
2911 1526 3083 1587 opem
3100 1507 3256 1569 ferre
3273 1507 3622 1570 studeamus

1970 1598 2405 1678 quantumlibet
2426 1597 2511 1658 illi
2531 1597 2776 1659 fortasse
2799 1597 2960 1677 prius
2979 1599 3294 1658 intulerint
3314 1597 3616 1676 injuriam:

1971 1706 2081 1748 cur
2104 1707 2219 1748 non
2255 1687 2796 1767 erubescimus,qui
2828 1687 3117 1749 rationem
3165 1686 3238 1748 ab
3272 1687 3358 1748 ira
3388 1695 3447 1749 et
3471 1707 3622 1750 con-

1973 1778 2334 1856 cupiscentia
2367 1777 2658 1851 vinlari,et
2687 1796 2718 1837 a
2750 1778 2966 1838 tradito
2999 1777 3113 1839 sibi
3147 1777 3430 1839 divinitus
3463 1778 3620 1858 prin-

227 1867 649 1948 ἐκϐαλλόμενον,
729 1870 815 1924 καὶ
871 1870 926 1923 ἒν
1013 1868 1226 1932 ἑαυτοῖς
1315 1869 1483 1935 ἀσεκῆ
1541 1871 1628 1925 καὶ
1711 1869 1886 1926 eam

1975 1871 2166 1946 cipatu
2189 1867 2367 1946 dejici
2398 1867 2662 1929 videmus
2675 1877 2848 1947 atque
2865 1867 3442 1948 negligemus,atque
3467 1868 3624 1929 intra

227 1956 471 2031 ἀταξίαν,
531 1957 624 2014 καί
671 1958 877 2036 στάσιν,
911 1959 996 2013 καὶ
1046 1957 1305 2032 ἀκοσμίαν
1350 1959 1688 2037 ἐγείροντες;
1731 1960 1885 2016 Εἰκό-

225 2069 339 2112 τως
370 2050 396 2104 ὁ
455 2048 714 2125 μακάριος
766 2047 920 2122 ἡμῶν
971 2047 1030 2104 ἐκ
1078 2055 1207 2104 Θεοῦ
1268 2052 1560 2122 νομοθετης
1601 2052 1694 2106 οὒκ
1749 2050 1888 2115 ἀξιοῖ

224 2142 330 2203 τῆς
405 2135 727 2203 Ἐκκλησίας
789 2137 878 2192 τοῦ
913 2144 1044 2194 Θεοῦ
1102 2140 1452 2211 προίστασθαι
1514 2143 1600 2194 τὸ»
1663 2141 1738 2212 μὴ
1797 2147 1887 2196 τοῦ

225 2226 360 2283 ἰδίου
392 2227 542 2284 οῗκου
586 2227 763 2290 καλῶς
797 2226 899 2294 ἠδη
938 2230 1327 2305 προεστηκότα·
1381 2231 1467 2284 καὶ
1497 2231 1595 2306 γὰρ
1654 2231 1684 2285 ὅ
1734 2231 1882 2296 τάξας

230 2319 420 2376 ἑαυτὶν
452 2323 536 2374 καὶ
601 2317 776 2393 ἕτερον
838 2316 999 2382 τέξει·
1055 2322 1141 2374 καὶ
1165 2318 1196 2374 ὅ
1236 2319 1412 2396 ἕτερον
1446 2324 1531 2374 καὶ
1562 2321 1714 2377 οἷκον
1758 2345 1764 2349 ·
1801 2324 1885 2376 καὶ

229 2405 262 2462 ό
306 2420 456 2464 οἶκον
492 2408 574 2462 καὶ
607 2407 759 2463 πόλιν
797 2428 809 2442 ⁸
846 2411 931 2462 καὶ
965 2410 990 2463 ὁ
1024 2407 1177 2463 πόλιν
1210 2411 1294 2463 καί
1330 2409 1472 2472 ἔθνος
1511 2431 1520 2443 ·
1569 2412 1656 2466 καὶ
1701 2409 1884 2473 ἁπλῶς

228 2498 440 2569 εἰπεῖν,
475 2500 546 2559 ὡς
577 2499 641 2552 τα
685 2497 840 2574 λογιά
872 2521 1060 2577 φησιν,
1096 2501 1119 2552 ἐ
1157 2498 1209 2553 ὲν
1258 2498 1420 2575 ὀλίγῳ
1455 2502 1659 2569 πιστὸς,
1698 2503 1783 2556 καὶ
1833 2504 1887 2556 ἒν

229 2587 418 2660 πολλῳ
479 2589 673 2650 πιστός
723 2587 833 2642 ἐστι
879 2604 892 2618 '

229 2675 424 2751 πολλῳ
455 2676 679 2739 ἄπιστος
726 2678 892 2736 ἐστιν.

1716 2594 1799 2646 καῖ.
1834 2591 1886 2646 ἐν

944 2597 1029 2644 καί
1063 2591 1089 2642 ὁ
1143 2588 1194 2642 ἐν
1231 2587 1393 2664 ὀλίγῳ
1427 2589 1667 2669 ἀπιττσγ,

1975 1967 2398 2039 nosmetipsos,
2433 1959 2570 2017 602
2604 1959 2843 2038 impiam
2881 1957 3286 2038 injustamque
3312 1957 3626 2019 temerita-

1974 2057 2092 2109 tem
2145 2068 2212 2111 ac
2245 2049 2601 2110 seditionem
2658 2047 3198 2128 contusionemque
3244 2047 3628 2110 excitamus?

1975 2139 2180 2199 Merito
2213 2157 2355 2200 sane
2389 2139 2626 2199 divinus
2667 2148 2875 2198 noster
2906 2137 3142 2218 legifer,
3178 2135 3462 2199 Ecclesiae
3518 2137 3626 2201 Dei

1973 2227 2200 2304 praeﬁci
2235 2227 2506 2306 prohibet
2536 2246 2670 2288 eum
2695 2231 2709 2268 ι
2738 2229 2841 2306 qui
2873 2236 3046 2287 antea
3079 2227 3277 2286 domui
3331 2245 3454 2288 suae
3505 2247 3623 2289 non

1972 2317 2125 2378 bene
2159 2319 2389 2397 praefuit
2416 2329 2480 2379 u:
2516 2318 2617 2398 qui
2653 2319 2811 2378 enim
2861 2317 3124 2395 seipsum
3176 2335 3386 2394 regere
3438 2319 3622 2392 novit,

1973 2419 2031 2469 et
2056 2408 2496 2486 alteru-arcget
2532 2429 2545 2487 ;
2577 2408 2677 2486 qui
2710 2406 2991 2481 alterum,
3032 2407 3210 2467 etiam
3247 2406 3628 2486 domum;qui

1973 2498 2238 2566 domum,
2273 2498 2451 2559 etiam
2482 2499 2782 2558 civitatem
2814 2519 2826 2570 ;
2863 2505 2925 2556 et
2959 2496 3058 2576 qui
3093 2498 3413 2568 civitatem,
3447 2496 3625 2557 etiam

1971 2597 2206 2665 gentem
2239 2610 2251 2661 ;
2287 2597 2484 2667 atque,
2513 2600 2576 2648 ut
2602 2588 2945 2648 summatim
2976 2587 3192 2656 dicam,
3223 2587 3391 2666 juxta
3420 2604 3626 2646 vocem

1973 2677 2390 2759 Veritatis,qui
2425 2681 2482 2740 in
2522 2679 2756 2740 modico
2794 2679 2987 2741 ﬁdelis
3020 2686 3127 2749 est,
3161 2678 3416 2738 etiamin
3442 2677 3630 2738 multo

1976 2767 2164 2829 fidelis
2189 2770 2298 2828 erit
2331 2791 2346 2839 ;
2384 2779 2439 2830 et
2475 2770 2573 2849 qui
2607 2770 2666 2829 in
2694 2769 2928 2830 modico
2957 2767 3241 2841 inﬁdelis,
3273 2775 3329 2828 et
3361 2767 3418 2828 in
3447 2768 3629 2829 multo

1975 2877 2213 2937 quoque
2243 2858 2502 2919 inﬁdelis
2536 2859 2650 2918 erit
2709 2903 2722 2916 .

1859 3017 1887 3097 θ
1933 3019 2032 3080 1v.

317 3177 485 3240 Αῦτὸς
536 3177 632 3250 μὲν
694 3187 778 3236 οῦν
838 3179 1108 3260 ἐπιθυμίᾳ,
1161 3180 1248 3236 καὶ
1303 3183 1472 3256 θυμῷ,
1509 3183 1594 3237 καὶ
1651 3180 1796 3258 λόγῳ
1824 3182 1946 3239 τις

1812 3295 1896 3328 και

865 3361 1110 3439 ἶερεὶρχαι
1165 3359 1217 3414 δὲ
1277 3376 1390 3422 τοῖς
1422 3365 1632 3440 ἱερεῦσι,
1669 3363 1754 3417 καὶ
1781 3375 1894 3424 τοῖς

230 3445 512 3524 ἶεράρχαις
575 3451 620 3503 οἱ
697 3450 1010 3528 ἀπόστολοι,
1077 3452 1164 3506 καί
1224 3453 1270 3506 oi
1297 3459 1399 3506 τῶν
1432 3453 1745 3507 ἀποστόλων
1776 3451 1893 3508 διά-

235 3532 420 3615 δοχοι,
457 3539 548 3593 Καὶ
573 3538 625 3591 εἴ
657 3539 758 3594 ποῦ
793 3561 870 3604 τις
903 3538 956 3594 ἒν
988 3542 1208 3603 ἐκείνοις
1241 3551 1332 3599 τοῦ
1360 3544 1720 3618 προσήκοντος
1754 3543 1895 3599 ἀπο-

237 3623 490 3704 σφαλείη,
525 3629 665 3706 παρὰ
693 3635 799 3684 τῶν
831 3633 1112 3707 ὁμοταγῶν
1148 3630 1309 3708 ἀγίων
1370 3633 1890 3711 ἐπανορθωθήσεται,

237 3717 326 3772 καὶ
371 3715 429 3770 οὗ
461 3720 942 3798 περιστραορήσεται
974 3719 1115 3784 τάξις
1147 3718 1230 3774 ἐπὶ
1263 3719 1554 3794 τάξιν,ἀΛλ’
1589 3721 1811 3783 ἕκαστος
1844 3720 1896 3776 ὲν

238 3811 307 3880 τῇ
338 3807 479 3868 τάξει
513 3811 673 3866 αὖτοῦ
699 3812 785 3865 καὶ
817 3809 870 3864 ἐν
903 3815 968 3886 τῇ
999 3808 1299 3888 λειτουργίᾳ
1334 3809 1896 3874 αὖτοῦὲσται,’ῐ“οσαῦ-

237 3896 307 3952 τά
338 3917 419 3952 σοι
455 3897 578 3976 παρ’
619 3900 776 3972 ἡμῶν
805 3900 934 3978 ὑπὲρ
965 3907 1056 3955 τοῦ
1100 3899 1287 3956 εἰδέναι
1321 3903 1405 3956 καὶ
1435 3899 1557 3979 δρᾷν
1593 3902 1656 3956 τά
1687 3901 1894 3961 ἑαυτοῦ.

238 3987 365 4064 Περὶ
426 3987 480 4041 δὲ
515 3992 610 4054 τῆς
660 3989 730 4053 εἰς
764 3989 851 4044 τὸν
882 3987 1041 4068 ἀνδρα
1093 3991 1206 4070 τὸν,
1283 3991 1357 4055 ὡς
1415 3996 1541 4070 φῇς,
1601 3989 1767 4054 ἀσεϐῆ
1811 3992 1898 4048 καὶ

238 4074 515 4155 ἀλιτήριον
560 4077 958 4156 ἀπανθρωπίας,
997 4081 1090 4137 οὒκ
1143 4078 1250 4137 οἷδ’
1308 4078 1454 4144 ὅπως
1505 4080 1568 4130 97
1598 4081 1898 4156 κλαύσομαι

231 3263 356 3321 κατ’
406 3266 549 3330 ἀξίαν
606 3267 842 3348 ἀφόριζε,
906 3274 984 3326 σοὶ
1047 3269 1100 3325 δὲ
1137 3274 1182 3325 oi
1243 3273 1376 3326 θεῖοι
1409 3271 1723 3350 λειτουργοὶ,

232 3356 444 3417 τούτοις
497 3359 543 3412 oi
601 3362 786 3435 ἱερεῖς,

2055 3183 2180 3260 Ipse
2207 3199 2345 3258 ergo
2368 3179 2672 3261 cupiditati
2707 3198 2775 3242 ac
2796 3179 3006 3255 furori,
3042 3179 3376 3258 rationique
3409 3180 3494 3242 uti
3529 3198 3634 3258 par

1981 3280 2090 3344 est,
2120 3290 2223 3331 sua
2254 3271 2472 3351 cuique
2507 3271 2707 3330 munia
2740 3270 3085 3350 praescribe,
3113 3268 3219 3330 tibi
3249 3267 3486 3330 interim
3506 3270 3632 3333 dia-

1982 3361 2204 3432 coni,et
2237 3361 2330 3421 bis
2360 3360 3014 3440 sacerdotes,przesules
3043 3378 3181 3421 vero
3215 3359 3632 3422 sacerdotibus

1982 3459 2159 3531 atque
2193 3452 2542 3530 praesulibus
2571 3451 3357 3530 apostoli,successoresque
3387 3459 3629 3528 aposto-

1983 3540 2198 3602 lorum.
2231 3541 2303 3601 At
2336 3541 2383 3601 si
2417 3540 2548 3620 quis
2579 3542 2729 3602 forte
2757 3549 2929 3600 etiam
2979 3545 3137 3600 inter
3166 3539 3300 3600 illos
3333 3559 3364 3599 a
3413 3541 3632 3601 decoro

1979 3630 2293 3710 aberrarit,
2329 3631 2375 3690 is
2407 3649 2438 3691 a
2472 3631 2699 3692 sanctis
2748 3630 2838 3690 sui
2883 3629 3111 3690 ordinis
3163 3629 3514 3707 corrigatur,
3549 3635 3636 3690 sic

1982 3740 2180 3798 neque
2213 3723 2359 3783 ordo
2392 3719 2586 3780 ordini
2614 3719 3304 3800 permiscebilurmerum
3332 3720 3389 3779 in
3424 3719 3634 3781 ordine

1985 3812 2237 3893 quisque
2267 3831 2373 3872 suo
2407 3819 2464 3871 et
2498 3811 2693 3872 ofﬁcio
2725 3809 3078 3872 versabitur.
3115 3809 3308 3889 Atque
3337 3810 3461 3870 haec
3493 3810 3631 3889 qui-

1985 3903 2120 3963 dem
2155 3901 2258 3962 tibi
2290 3919 2323 3962 a
2351 3900 2522 3963 nobis
2549 3900 2707 3962 dicta
2738 3908 2899 3980 sunt,
2937 3907 3000 3961 ut
3049 3908 3107 3961 et
3141 3899 3296 3961 scias
3349 3909 3407 3960 et
3457 3900 3636 3962 facias

1985 4010 2115 4072 quae
2149 3995 2228 4052 tui
2255 4001 2390 4052 sunt
2417 3990 2706 4054 muneris.
2745 3991 2929 4052 Porro
2961 3990 3036 4052 de
3072 3989 3170 4051 illa
3205 3990 3262 4050 in
3296 3989 3487 4051 virum
3548 3991 3635 4072 (ut

1983 4082 2093 4162 ais)
2131 4082 2378 4162 impium
2401 4100 2470 4143 ac
2509 4082 2805 4162 perditum
2839 4081 3231 4154 immanitate,
3273 4079 3478 4142 nescio
3520 4101 3636 4162 quo

236 4168 300 4222 τὸ
361 4168 658 4246 σὺντριμαα
701 4177 794 4227 τοῦ
851 4169 1133 4247 ἀγαπητοῦ
1163 4193 1265 4246 μου
1297 4187 1312 4202 ⁹
1381 4174 1520 4236 τίνος
1569 4173 1669 4250 γὰρ
1713 4170 1808 4248 οἵῃ
1834 4171 1886 4222 ει

1985 4174 2124 4234 fletu
2159 4173 2435 4254 plangam
2461 4171 2890 4234 contritionem
2915 4171 3292 4234 dilectissimi
3319 4173 3636 4254 mei,cujus

237 4259 566 4331 θεραπευτής
625 4257 710 4336 ὑφ’
761 4260 916 4334 ἡμῶν
965 4265 1232 4341 ταχθῆναι
1269 4279 1285 4337 ;
1317 4264 1406 4318 καὶ
1456 4263 1580 4340 γὰρ,
1615 4262 1657 4318 εί
1691 4263 1768 4333 μὴ
1807 4271 1886 4320 τοί

1984 4263 2214 4325 scilicet
2243 4263 2530 4325 cultorem
2565 4270 2621 4326 te
2642 4263 2950 4324 arbitraris
2985 4281 3018 4324 a
3043 4261 3217 4324 nobis
3249 4262 3636 4325 constitutum

238 4346 460 4428 ἀγαθοῦ,
497 4348 711 4412 πάντως
759 4356 852 4405 τοῦ
911 4351 1000 4406 καὶ
1043 4351 1200 4427 ἡμῶν
1257 4353 1466 4431 ἀνάγκη
1515 4374 1574 4409 σε
1622 4352 1764 4409 εἶναι
1813 4356 1886 4410 καῖ

1983 4373 2138 4430 esse,
2177 4355 2292 4415 nisi
2323 4361 2485 4415 certe
2509 4353 2672 4414 illius
2723 4351 2940 4414 summi
2971 4351 3114 4413 boni
3146 4351 3341 4413 cultor
3373 4370 3457 4422 es,
3497 4370 3634 4432 pro-

237 4441 340 4505 τῆς
376 4436 489 4496 καθ’
534 4440 676 4514 ἡμᾶς
709 4438 987 4516 θεραπείας
1018 4439 1151 4508 ὅλης
1185 4440 1484 4520 ἀλλότριον,
1526 4445 1619 4498 καὶ
1674 4443 1784 4522 ὥρα
1818 4466 1886 4500 σοι

1982 4446 2138 4509 feclo
2168 4452 2227 4506 et
2257 4463 2290 4505 a
2332 4443 2529 4518 nobis,
2563 4444 2807 4504 omnino
2856 4446 2917 4504 et
2961 4441 3034 4502 ab
3089 4440 3253 4502 omni
3281 4451 3499 4503 nostra:
3532 4460 3634 4503 re-

240 4529 329 4584 καὶ
363 4529 493 4584 Θεὸν
523 4528 774 4601 ζητῆσαι,
803 4530 888 4585 καὶ
945 4529 1114 4608 ἱερέας
1145 4530 1376 4612 ἐτέρους,
1438 4533 1526 4588 vati
1568 4523 1697 4611 παρ’
1753 4533 1886 4591 ἐκεί-

1980 4533 2217 4613 ligionis
2247 4535 2408 4596 cultu
2441 4533 2673 4594 alienus
2699 4532 2777 4592 sis
2810 4549 3060 4592 necesse
3085 4538 3175 4592 est
3209 4553 3224 4608 ς
3263 4530 3489 4610 tibique
3517 4533 3635 4608 jam

239 4641 352 4682 νοις
383 4623 707 4697 θηριωθῆναι
740 4618 944 4694 μᾶλλον
974 4621 1010 4689 ἢ
1044 4620 1379 4696 τελεσθηναι,
1445 4624 1529 4678 καὶ
1587 4623 1730 4680 εἶναι
1797 4626 1886 4694 τῆς

1979 4623 2136 4686 Deus
2170 4625 2322 4685 alius
2370 4622 2736 4705 quaerendus
2785 4629 2895 4698 est,
2931 4629 3107 4702 atque
3129 4620 3232 4683 alii
3266 4621 3633 4702 sacerdotes,

242 4708 403 4788 φίλης
449 4709 823 4788 ἀπανθρωπίας
884 4711 1192 4785 ἀμείλικτον
1249 4711 1544 4791 ὑπηρέτην.
1610 4707 1736 4791 ⁴Ἄρει
1793 4717 1886 4794 γὰρ

1982 4724 2044 4776 ιιι
2075 4713 2230 4795 apud
2256 4701 2676 4777 illosveffereris
2692 4712 2888 4792 potius
2911 4701 3086 4792 quam
3117 4701 3639 4792 initieris,evadas-

237 4799 408 4871 ἡμεῖς
469 4800 624 4856 αἱ)τοί
682 4804 812 4880 πρὸς
855 4805 918 4860 τὸ
963 4804 1136 4870 πάντη
1199 4801 1351 4882 ἅγιον
1413 4803 1886 4881 ἀποτετελέσμεθι,

1981 4824 2100 4884 que
2125 4805 2334 4867 amica)
2374 4804 2476 4865 tibi
2510 4803 2882 4866 crudelitatis
2917 4802 3192 4863 minister
3222 4803 3634 4882 implacabilis.

238 4891 329 4946 καὶ
387 4889 446 4946 οὒ
497 4887 718 4963 δεόμεθα
749 4897 847 4961 τῆς
889 4894 1028 4958 θείας
1060 4893 1140 4974 ἐφ’
1176 4893 1392 4956 ἑαυτοῖς
1451 4893 1843 4974 φιλανθρωπίας
1877 4919 1886 4969 ;

1981 4895 2221 4957 Scilicet
2248 4914 2358 4956 nos
2389 4894 2500 4974 ipsi
2537 4894 2708 4974 plane
2743 4892 2933 4953 sancti
2953 4903 3011 4954 et
3048 4893 3284 4971 perfecti
3318 4911 3542 4953 sumus.
3583 4902 3642 4955 et

238 4980 277 5048 ἣ
333 4982 436 5047 τὴν
495 4978 685 5049 διπλῆν
741 4983 1026 5061 ἁμαρτίαν,
1089 4986 1160 5049 ὡς
1216 4984 1281 5039 τὰ
1325 4982 1481 5062 λόγιά
1549 5003 1716 5066 φησι,
1760 4988 1886 5045 κατᾶ

1981 4984 2810 5046 divinazclementizeminime
2843 4981 3393 5063 egemus.Nunquid
3415 4983 3638 5063 duplici

236 5069 364 5133 τοὺς
399 5067 608 5134 ἀσεϐεῖς
669 5071 1064 5150 ἁμαρτάνομεν,
1103 5077 1196 5132 οὔκ
1246 5070 1439 5138 εἰδότες
1480 5072 1534 5129 ἐν
1589 5074 1689 5132 τίνι
1739 5098 1886 5156 προσ-

1983 5085 2225 5158 peccato
2253 5076 2340 5154 (ut
2363 5079 2599 5137 oracula
2621 5073 2968 5154 loquuntur)
2998 5071 3321 5152 impiorum
3361 5074 3638 5132 morcde-

240 5160 538 5240 κόπτομεν,
627 5159 760 5217 ἀλλὰ
857 5164 944 5220 καὶ
1028 5161 1350 5229 δικαιοῦντες
1459 5163 1701 5236 ἑαυτοὺς,
1813 5167 1886 5222 xz‘

1984 5164 2334 5247 linquimus,
2361 5167 2498 5226 dum
2522 5165 2856 5226 nescientes
2881 5163 2937 5223 in
2965 5182 3079 5242 quo
3105 5162 3634 5241 offcndimus,nos-

240 5272 478 5327 οιομενοι
534 5249 770 5333 βλέπειν,
820 5253 1032 5321 ἀληθῶς
1086 5251 1141 5310 δέ
1200 5255 1260 5310 οὗ
1299 5252 1586 5331 βλέποντες
1621 5241 1886 5330 ς”Εξέσττ

1985 5241 2273 5336 metipsos
2306 5256 2550 5335 insuper
2577 5241 3400 5332 justiﬁcamus,putamusque
3436 5272 3540 5312 nos
3563 5253 3639 5313 vi—

239 5342 519 5420 δοῦρανὸς
573 5339 657 5398 ἐπὶ
706 5344 898 5419 τούτῳ,
985 5347 1073 5403 καὶ
1157 5344 1337 5424 ἔφριξα
1421 5344 1558 5424 ἐχὼ,
1619 5348 1707 5404 καὶ
1790 5345 1886 5404 διαι

1985 5348 2152 5422 dere,
2189 5365 2320 5406 cum
2377 5345 2623 5406 minime
2675 5344 2978 5405 videamus
3008 5347 3035 5403 ?
3067 5341 3389 5422 Obstupuit
3421 5343 3635 5404 omium

324 5529 340 5567 ι
371 5523 394 5588 I
423 5519 578 5588 Tim.
610 5541 674 5603 ιι,
709 5522 770 5584 2.

859 5535 888 5568 ιι
918 5521 1039 5586 Tit.
1065 5538 1106 5586 l.
1196 5533 1221 5566 ν
1248 5521 1392 5586 Luc.
1428 5541 1549 5602 xw,
1588 5525 1688 5590 10.

1561 5629 1832 5698 ἾΑΒΙΛΕ
1886 5629 2321 5699 LECTIONES.

237 5726 682 5880 W93!&1t06éy.£t,
723 5732 786 5798 S.
889 5729 954 5786 94
997 5731 1329 5816 ἀπονέμουσι,
1388 5733 1449 5797 S.
1553 5732 1618 5786 93
1657 5732 1878 5820 εἰδότες,
1939 5735 2002 5800 S.
2063 5733 2128 5799 P.
2232 5731 2298 5784 96
2340 5729 2606 5811 ἐπιθέντα,
2667 5733 2727 5796 S.
2790 5733 2854 5794 P.
2958 5728 3020 5783 97
3071 5733 3164 5790 οὐκ
3213 5728 3334 5790 οῖδα
3380 5737 3510 5815 τῶς,
3562 5735 3635 5799 D.

340 5835 462 5880 ou.
553 5861 564 5877 .

340 5835 462 5902 οισι,
495 5835 564 5880 υ.
