4054 6428
458 358 614 457 loss
1638 366 1698 457 ε.
1759 368 2099 460 DIONYSII
2142 366 2650 459 AREOPAGIT/n
3681 370 3847 461 i100

449 527 822 611 censimpios
844 527 1039 592 adhuc
1060 527 1360 606 homines,
1384 536 1697 610 rectasque
1714 528 1953 593 Domini
1970 530 2089 593 vias

2188 531 2347 609 λέγων
2395 529 2573 589 ἐδεῖτο
2629 532 2724 590 τοῦ
2768 538 2906 591 Θοοῦ
2962 530 3230 609 πρηστῆρί
3292 552 3394 586 τινι
3438 530 3534 597 τὰς
3589 531 3843 614 ἀμφοτέ-

450 628 856 700 pervertentes
911 619 1130 682 vivere.
1163 617 1235 680 Et
1285 619 1408 681 haec
1462 617 1692 692 dicens,
1745 620 2094 699 precabatur

2188 643 2278 679 >ων
2334 619 2550 687 εἰσάπαξ
2610 620 2849 689 ἀνηλεῶς
2921 623 3230 679 ἀποπαῦσαι
3285 621 3450 691 ζωὰς.
3541 629 3719 679 Ταυτα
3779 621 3843 680 δὲ

449 708 636 771 Deum
670 718 733 770 ut
760 708 937 770 simul
983 707 1293 770 amborum
1320 706 1497 770 vitam
1522 708 1776 788 fulgetro
1808 711 2089 791 quopiam

2188 712 2365 790 εἰπὼν,
2412 709 2563 790 ἔλεγε
2620 709 2764 777 δόξαι
2827 711 2960 770 ἰδεῖν
3017 710 3168 791 ἄφνω
3222 711 3314 767 τὸν
3374 710 3553 787 οἷκον,
3604 713 3662 769 ὲν
3690 719 3845 793 ᾧπερ

449 798 1009 862 immisericorditer
1035 798 1444 879 abrumperet.
1478 797 1584 862 His
1612 799 1810 875 dictis,
1843 808 2090 881 repente

2188 801 2430 877 εἱστήκει,
2486 798 2858 868 διαδονηθέντα
2916 799 3197 880 πρότερον,
3257 802 3347 857 καὶ
3378 797 3435 850 ἰ
3483 801 3544 859 ἐκ
3573 807 3673 869 τῆς
3706 805 3843 882 ὁρο-

449 906 516 951 se
560 888 772 952 vidisse
801 887 1098 953 referebat
1139 888 1406 970 domum,
1437 889 1501 951 in
1548 907 1668 968 qua
1699 890 2085 972 consistebat,

2188 897 2277 971 ρῆς
2336 893 2408 957 εἰς
2471 889 2559 949 δύο
2628 891 2790 965 μέσον
2842 890 3171 969 διαιρεθέντα
3228 892 3315 947 καὶ
3349 912 3468 947 τινα
3725 914 3845 950 πο-

452 978 707 1058 primum
741 984 1187 1060 conquassatam
1212 996 1247 1039 a
1268 995 1503 1041 summo
1522 978 1666 1040 605
1692 979 1917 1042 vertice
1935 979 2091 1042 bifa-

2188 982 2413 1061 lupwtov
2468 981 2779 1061 ἐπίπροσθεν
2838 981 2998 1039 αὐτοῦ
3030 977 3087 1022 99
3110 981 3197 1037 καὶ
3254 982 3453 1047 ταύτην
3503 979 3707 1061 (ἐδόκει
3738 983 3845 1061 γὰρ

450 1069 722 1148 riamque
751 1068 1090 1143 divisam,et
1111 1067 1432 1148 quemdam
1451 1076 1685 1145 ante,se
1714 1070 1973 1149 ingentis
1993 1070 2091 1131 lu-

2188 1073 2361 1128 tet-nev
2419 1070 2668 1150 ὕπαιθρος
2728 1074 2755 1128 ὁ
2814 1069 3003 1150 τόπος)
3088 1070 3149 1127 ὲκ
3203 1071 3298 1126 τοῦ
3356 1072 3600 1149 οὗρανίου
3657 1071 3849 1152 χώρου

454 1157 633 1220 minis
662 1175 1163 1239 rogum,eumque
1197 1156 1331 1238 (sub
1361 1157 1459 1221 dio
1483 1159 1777 1241 enimjam
1796 1160 1963 1223 locus
1991 1159 2095 1223 ille

452 1245 785 1327 videbatur)
819 1265 852 1309 e
881 1246 1033 1309 celo
1073 1247 1146 1309 ad
1181 1263 1246 1309 se
1277 1264 1470 1328 usque
1527 1249 1790 1312 delatum
1828 1272 1844 1322 ;
1879 1252 2095 1312 cmlum

451 1344 650 1399 autem
680 1337 875 1418 ipsum
931 1344 1225 1417 apertum,
1258 1344 1317 1398 et
1357 1339 1420 1398 in
1451 1338 1584 1400 cmli
1617 1338 1863 1401 cardine
1893 1340 2096 1402 Jesum

450 1426 786 1489 innumeris
814 1425 903 1489 illi
931 1426 1194 1490 humana
1242 1426 1447 1507 specie
1476 1428 1710 1508 angelis
1737 1426 2093 1490 astantibus.

451 1520 643 1596 Atque
665 1518 776 1579 ista
802 1515 1046 1598 quidem
1069 1534 1303 1578 sursum
1328 1518 1742 1600 conspexisse,
1780 1519 2095 1580 miratum-

452 1623 570 1687 que
599 1605 804 1670 fuisse.
838 1610 1025 1670 Porro
1054 1605 1337 1670 deorsum
1369 1608 1767 1688 respectando
1792 1610 2019 1689 Carpus
2036 1624 2103 1669 se

449 1696 1213 1777 vidisse’asserebat,ipsum
1231 1712 1470 1778 quoque
1493 1699 1891 1778 pavimentum
1916 1697 2106 1759 instar

2177 1161 2370 1241 μέχρις
2422 1165 2576 1221 αὐτοῦ
2630 1163 3070 1242 καταφερομένην
3105 1175 3119 1189 ⁸
3175 1162 3265 1217 τὸν
3314 1157 3371 1216 δὲ
3414 1162 3634 1241 οὖρανὸν
3681 1163 3849 1220 αὐτὸν

2180 1251 2642 1327 ἀναπεπταμένον,
2705 1254 2793 1308 καὶ
2850 1252 2937 1308 ἐπὶ
2992 1258 3069 1325 τῷ
3128 1250 3283 1325 νώτῳ
3339 1258 3431 1308 τοῦ
3496 1252 3723 1330 οὗρανοῦ
3750 1251 3849 1307 τὸν

2180 1340 2409 1413 Ἰησοῦν,
2472 1342 2703 1420 ἀπείρων
2773 1338 3181 1419 ἀνθρωποειδῶς
3234 1341 3379 1414 αὒτῷ
3415 1341 3843 1411 παρεστηκότων

2180 1430 2448 1510 ἀγγέλων.
2511 1434 2609 1490 Καὶ
2677 1438 2841 1488 ταῦτα
2873 1431 2971 1506 μὲν
3030 1429 3229 1487 ἄνωθεν
3261 1427 3500 1509 ὃρέίσθαι,
3534 1435 3633 1487 καὶ
3675 1430 3842 1488 αὗτὸν

2181 1521 2489 1595 θαυμάζειν,
2525 1522 2685 1581 Κάτω
2714 1518 2768 1577 δὲ
2829 1521 2999 1596 κόψας
3064 1522 3091 1577 ὁ
3126 1520 3360 1599 Κάρπος,
3395 1518 3529 1577 ὶδετν
3589 1519 3695 1601 ἓφτ,
3752 1521 3850 1576 καὶ

2185 1609 2436 1690 τοῦδαφος
2488 1613 2614 1670 αὐτὸ
2671 1613 2803 1689 πρὸς
2862 1610 3065 1690 ἀχανές
3128 1632 3178 1667 τι
3233 1610 3426 1690 χάσμα
3447 1612 3535 1666 καὶ
3564 1611 3848 1668 σκοτεινὸν

2187 1699 2582 1782 διερῥηγμένον,
2640 1703 2728 1757 καὶ
2788 1702 2906 1764 τοὸς
2979 1701 3078 1776 μὲν
3165 1698 3352 1777 ἄνδρας
3412 1699 3665 1775 ἐκείνους,
3752 1700 3847 1765 οἷς

452 1795 630 1849 vastae
642 1787 953 1867 cujusdam
971 1785 1656 1869 tenebricosissimazque
1675 1788 1971 1868 voraginis
1995 1786 2104 1850 dif-

2188 1791 2446 1871 ὲπηρᾶτο,
2507 1793 2607 1871 πρὸ
2665 1791 2820 1848 αὐτοῦ
2890 1792 3026 1848 κατὰ
3081 1790 3141 1847 το
3185 1789 3404 1859 στόμιον
3436 1790 3719 1858 ἓστηιιέναι
3751 1796 3851 1846 τοῦ

454 1866 945 1958 fissum,illosque
979 1878 1130 1940 viros
1154 1895 1301 1957 quos
1332 1876 1480 1939 diris
1511 1866 1849 1955 devoverat,
1877 1886 2017 1941 ante
2036 1895 2102 1940 se

2188 1883 2468 1962 χάσματος
2524 1883 2879 1961 ὕπο-δρόμους,
2956 1879 3241 1955 ἐλεεινοὺς,
3292 1879 3417 1936 ὅσον
3475 1880 3625 1937 όὸπω
3662 1902 3848 1937 κατα-

454 1966 529 2028 ad
561 1984 629 2029 os
660 1966 951 2045 voraginis
1004 1973 1330 2029 trementes
1361 1974 1541 2048 stare,
1590 1987 1659 2030 ac
1694 1968 2098 2049 miserabiles,

455 2064 733 2137 tanquam
751 2056 874 2136 jam
892 2056 1141 2138 jamque
1164 2057 1520 2138 praalpedum
1561 2057 1897 2120 lubricitate
1925 2058 2105 2120 colla-

456 2164 672 2226 psuros
700 2168 717 2220 ;
744 2146 975 2209 inferne
992 2155 1190 2209 autem
1213 2166 1246 2208 e
1268 2147 1548 2227 voragine
1570 2157 1881 2230 serpentes
1899 2166 2106 2210 emera

454 2253 603 2318 gere
661 2235 968 2311 cernebat,
1001 2236 1162 2301 circa
1217 2246 1332 2299 tam
1366 2236 1579 2299 labiles
1612 2238 1853 2300 illorum
1896 2239 2103 2320 pedes,

457 2325 634 2388 modo
661 2327 900 2407 quidem
926 2324 986 2387 in
1017 2344 1220 2406 gyrum
1254 2334 1438 2399 actos,
1489 2336 1547 2389 et
1576 2328 1901 2409 implicitos
1929 2329 2104 2390 simul

459 2417 900 2495 pertrahentes,
938 2415 1113 2477 modo
1137 2435 1373 2496 quoque
1399 2416 1677 2479 dentibus
1703 2418 1983 2480 etcaudis
2006 2418 2106 2478 in-

454 2504 779 2567 cendentes
792 2524 860 2568 ac
874 2504 1914 2587 demulcentes,omnibusquemodis
1928 2507 2106 2569 eosin

456 2595 794 2674 voraginem
814 2594 1148 2675 praecipites
1162 2595 1307 2657 dare
1331 2595 1677 2658 molientes:
1698 2596 1883 2659 fuisse
1905 2604 2103 2659 autem

457 2694 518 2746 et
546 2684 702 2746 viros
729 2684 1025 2763 quosdam
1057 2684 1118 2745 in
1152 2683 1373 2760 medio,
1400 2684 1504 2766 qui
1535 2684 1823 2747 adversus
1851 2704 1957 2749 eos
1987 2705 2106 2748 una

458 2792 593 2837 cum
607 2772 987 2855 serpentibus
1001 2775 1283 2856 impetum
1300 2774 1948 2855 facerent,exagitando
1960 2795 2098 2852 una,

459 2873 520 2928 et
568 2861 936 2943 impellendo
990 2870 1167 2943 atque
1196 2862 1466 2926 feriendo
1501 2887 1516 2941 ;
1552 2865 1708 2927 visos
1737 2874 1935 2927 autem
1967 2883 2103 2927 esse

456 2955 615 3017 viros
669 2953 803 3015 illos
835 2954 1025 3034 lapsui
1055 2953 1555 3035 appropinquare,
1607 2954 1821 3035 partim
1860 2954 2103 3036 quidem

458 3044 700 3125 invitos,
734 3042 945 3125 partim
978 3061 1115 3105 vero
1145 3053 1425 3125 sponte,a
1457 3044 1609 3105 malo
1636 3045 1717 3106 ita
1748 3051 1971 3105 sensim
1997 3063 2102 3106 co-

458 3143 626 3196 actos
648 3141 707 3195 et
733 3133 910 3196 simul
930 3151 1266 3214 persuasos.
1303 3132 1629 3197 Referebat
1656 3140 1856 3196 autem
1875 3136 2104 3215 Carpus

2186 1972 2507 2051 φερομένους
2549 1973 2651 2027 ὑπὸ
2720 1976 2818 2039 τῆς
2874 1970 2979 2027 τῶν
3032 1970 3239 2028 οἰκείων
3297 1968 3474 2027 ποδῶν
3529 1970 3792 2033 ἀστασίας
3828 1987 3846 2003 ⁸

2188 2063 2421 2118 κάτωθεν
2480 2060 2537 2118 δὲ
2594 2062 2701 2119 ὰπὸ
2759 2069 2851 2118 τοῦ
2906 2064 3188 2142 χάσματος
3248 2059 3401 2137 ὄψεις
3452 2058 3725 2141 ἆνὲρπειν,
3757 2063 3855 2117 καὶ

2188 2154 2305 2232 περὶ
2327 2153 2448 2218 τοὺς
2504 2150 2671 2218 πόδας
2703 2151 2872 2209 αὐτῶν
2923 2150 2983 2201 93
3040 2151 3508 2226 ὑποκινουμένους,
3557 2150 3688 2209 ποτὲ
3748 2150 3854 2227 μὲν

2191 2241 2494 2322 ἁποτύρειν,
2556 2240 3051 2321 ὲπανειλονμένους,
3114 2241 3226 2317 ἅμα
3284 2244 3372 2298 καὶ
3435 2240 3852 2321 ἐπιϐαροῦντας,

2190 2334 2277 2388 καὶ
2308 2332 2694 2396 ἐπανέλιιοντκς
2725 2330 2806 2406 ει,
2852 2332 2980 2389 ποτέ
3015 2330 3073 2387 δὲ
3102 2344 3223 2395 τοῖς
3268 2331 3498 2411 ὁδουσιν,
3530 2335 3565 2402 ἡ
3596 2344 3715 2396 τοῖς
3750 2333 3852 2388 οὒ-

2190 2423 2357 2499 ραίοις
2439 2423 2822 2502 ὑποτῦφοντας,
3009 2420 3555 2501 ὑπογαργαλίζοντας,
3614 2420 3704 2476 καί
3764 2419 3852 2478 διὰ

2191 2513 2386 2578 πάντὸς
2418 2513 2491 2575 εἰς
2534 2514 2595 2567 τὸ
2641 2512 2841 2590 ἀχανὲς
2874 2507 3136 2586 ἐμϐαλεῖν
3190 2510 3617 2590 μηχανωμένους
3656 2528 3668 2540 ·
3700 2523 3849 2566 εῖναι

2188 2598 2242 2656 δὲ
2275 2603 2361 2657 καὶ
2420 2598 2607 2680 ἄνδρας
2639 2602 2788 2661 τινὰς
2836 2600 2891 2655 ἐν
2932 2599 3079 2675 μέσῳ
3117 2612 3232 2664 τοῖς
3298 2599 3476 2680 ὃφεσι,
3543 2601 3682 2656 κατὰ
3736 2606 3852 2657 τῶν

2187 2688 2385 2768 ἀνδρῶν
2500 2689 2990 2765 σννεπιτιθεμένους
3027 2737 3041 2763 ,
3123 2687 3461 2753 διὰδονοῦτας
3544 2689 3656 2765 ἆμα
3743 2694 3843 2746 καὶ

2185 2780 2519 2846 ὕπωθοῦντας
2548 2781 2636 2835 καὶ
2682 2780 3075 2843 καταπαίοντας
3109 2796 3124 2809 ·
3186 2776 3401 2836 ἒδόκουν
3431 2777 3487 2834 δὲ
3531 2782 3673 2835 εἶναι
3710 2780 3851 2856 πρὸς

2188 2873 2249 2927 τὸ
2320 2883 2506 2928 πεσεῖν
2564 2870 2790 2949 ἐκεῖνοι,
2839 2870 2905 2924 τὰ
2958 2869 3054 2944 μὲν
3086 2866 3328 2941 ἄκοντες,
3387 2867 3454 2925 τὰ
3487 2866 3541 2925 δὶ
3599 2867 3848 2944 ἑκόντες,

2186 2962 2288 3017 ὐπὸ
2338 2967 2430 3017 τοῦ
2457 2965 2651 3036 ,κακοῦ
2711 2949 2831 3015 κατ’
2879 2956 3059 3036 ὀλίγον
3111 2958 3418 3033 βιαζὸμενοι
3460 2955 3573 3032 ἅμα
3603 2958 3693 3014 καί
3718 2980 3851 3014 πει-

2184 3048 2421 3126 θόμενοι.
2454 3033 2644 3126 Ἔλεγε
2689 3045 2743 3103 δὲ
2787 3050 2815 3103 ὁ
2871 3033 3110 3126 Κάρπος,
3170 3047 3358 3103 ἑαυτὸν
3417 3044 3637 3114 ἣδεσθαι
3692 3047 3852 3104 κάτω

2187 3139 2472 3216 βλέποντα,
2520 3144 2626 3195 τῶν
2678 3136 2788 3193 ἅνω
2843 3135 2898 3192 δὲ
2929 3135 3178 3210 ἁμελεϊνο
3227 3133 3588 3217 δῦσχέραίνειν
3630 3134 3687 3192 δὲ
3760 3137 3853 3194 καὶ

459 3242 551 3305 se,
605 3223 745 3285 dum
799 3222 1084 3285 inferiora
1113 3223 1465 3303 respiceret,
1498 3222 1681 3286 fuisse
1715 3222 2100 3299 delectatum;

2190 3227 2502 3308 ὀλιγωρεῖν,
2545 3226 2628 3284 ⁷ὁτι
2657 3226 2736 3302 μὴ
2794 3225 3139 3283 πεπτώκασιν
3172 3222 3300 3301 ἢδη,
3334 3227 3423 3283 καὶ
3453 3233 3532 3301 τῷ
3566 3226 3848 3305 πράγματι

458 3315 766 3395 superiora
793 3313 1316 3392 negligendo;cum
1339 3331 1481 3375 vero
1499 3314 1760 3393 graviter
1783 3323 1840 3375 et
1862 3314 2106 3394 indigne

459 3402 642 3467 ferret
664 3402 800 3466 illos
846 3404 1104 3467 necdum
1135 3401 1453 3481 cecidisse,
1490 3417 1672 3485 atque
1692 3403 1765 3464 ad
1802 3403 1954 3466 banc
1974 3422 2103 3466 rem

461 3511 619 3574 saepe
646 3494 867 3555 frustra
892 3491 1666 3572 incubuisset,indignatum
1700 3492 1774 3554 iis
1797 3501 1854 3554 et
1874 3493 2106 3574 impre—

459 3591 653 3645 catum
684 3601 839 3646 esse.
873 3582 944 3644 Et
972 3600 1106 3645 cum
1153 3582 1250 3642 vix
1279 3581 1519 3644 tandem
1553 3583 1842 3645 revocatis
1883 3582 1961 3645 ad
1994 3602 2100 3644 su—

461 3690 645 3754 perna
673 3671 1273 3751 luminibus,vidisset
1295 3671 1537 3752 quidem
1555 3671 1752 3733 denuo
1778 3672 2107 3752 sicutprius

463 3761 909 3837 cmlum,Jesum
944 3763 1461 3838 vero,miseratum
1495 3763 1655 3839 quod
1694 3761 1895 3835 fiebat,
1921 3763 2105 3824 desu-

464 3870 571 3934 per
611 3853 840 3916 coslesti
891 3853 1106 3914 throno
1154 3850 1565 3926 descendisse,
1597 3860 1774 3934 atque
1829 3852 1900 3915 ad
1946 3853 2108 3933 ipsos

460 3943 846 4006 accedentem
879 3942 1197 4020 benignam
1222 3941 1295 4003 iis
1328 3959 1565 4003 manum
1602 3943 1963 4023 porrexisse,
1995 3961 2107 4005 an-

463 4031 749 4113 gelosque
778 4050 893 4093 una
922 4050 1095 4113 opem
1131 4031 1532 4113 conferentes,
1566 4033 1818 4094 alterum
1843 4033 2106 4094 virorum

463 4139 533 4184 ex
589 4121 777 4184 altera
830 4130 993 4202 parte
1023 4121 1369 4196 retinuisse,
1421 4122 1743 4203 Jesumque
1775 4124 1886 4204 ipsi
1917 4125 2109 4206 Carpo

461 4210 687 4274 dixisse
721 4232 736 4274 :
766 4212 943 4274 Manu
967 4211 1089 4292 jam
1123 4221 1364 4273 extensa
1390 4219 1634 4292 percute
1664 4230 1780 4292 me,
1809 4212 2107 4290 siquidem

459 4300 656 4363 adhuc
683 4314 922 4382 paratus
950 4320 1081 4363 sum
1105 4300 1302 4363 denuo
1321 4320 1424 4381 pro
1448 4300 1793 4363 hominibus
1811 4302 2113 4364 salvandis

460 4392 604 4473 pati,
631 4390 1410 4472 illudquelibentissimeme
1430 4391 1674 4453 demum
1700 4393 1799 4453 alii
1835 4394 2112 4455 homines

463 4491 739 4563 peccent.
800 4481 1088 4544 Caaterum
1121 4483 1460 4556 considera,
1497 4499 1639 4543 num
1675 4482 1781 4543 tibi
1839 4483 2114 4563 expediat

464 4573 618 4634 hanc
644 4572 977 4633 istiusmodi
996 4572 1189 4636 hiatus
1213 4576 1274 4636 et
1292 4586 1425 4633 cum
1440 4572 1821 4651 serpentibus
1844 4571 2110 4635 mansio-
2134 4590 2176 4641 ο
2199 4589 2328 4640 Θεοῦ
2398 4580 2486 4638 καὶ

463 4678 601 4724 nem
625 4660 733 4726 Dei
761 4679 827 4723 ac
850 4660 1140 4722 bonorum
1166 4660 1771 4723 clementissimorum
1783 4680 1894 4742 que
1916 4679 2107 4743 ange-

471 4753 666 4812 lorum
698 4750 997 4813 consortio
1018 4751 1318 4832 praeferre.
1344 4751 1482 4814 Hmc
1504 4761 1665 4827 sunt,
1685 4771 1822 4832 quae
1843 4770 1952 4833 ego
1977 4771 2113 4815 cum

468 4840 766 4904 audierim
793 4859 935 4904 vera
964 4858 1098 4904 esse
1125 4840 1331 4905 credo.

2188 3318 2444 3384 πολλάκις
2502 3317 2810 3390 ἐπιθέμενον
2889 3317 2980 3372 καὶ
3038 3312 3461 3390 ἀδυνατήσαντα,
3523 3317 3610 3373 καί
3669 3317 3851 3396 ἀχθε-

2189 3408 2374 3477 σθῆναι
2430 3407 2527 3464 καὶ
2597 3406 2978 3486 ἐπαράσασθάι,
3047 3407 3152 3464 Κάί
3224 3405 3599 3478 ζᾶνανεύσαντα
3659 3406 3849 3483 μόλις,

2188 3496 2321 3555 ἰδεῖν
2366 3498 2464 3574 μὲν
2524 3500 2670 3561 αὐθις
2727 3496 2819 3553 τὸν
2878 3495 3122 3573 οὖρανὸν,
3192 3494 3373 3575 ὥσπερ
3427 3497 3516 3552 καὶ
3586 3497 3854 3575 πρότερον

2192 3588 2434 3666 ἑωράκει,
2490 3589 2580 3644 τὸν
2638 3584 2694 3641 δὲ
2752 3585 2989 3661 ’[ησοῦν,
3041 3586 3348 3657 ἒΛεήσαντα
3405 3586 3467 3644 τὸ
3496 3586 3851 3665 γιγνόμενον,

2189 3677 2536 3746 ἐξαναστῆναι
2607 3682 2702 3734 τοῦ
2754 3675 3125 3755 ὑπερουρανίου
3169 3677 3378 3753 θρόνου,
3441 3678 3532 3733 καὶ
3581 3674 3683 3741 ἕως
3744 3681 3852 3736 αὖ·

2189 3774 2295 3826 τῶν
2338 3766 2662 3844 καταϐάντα,
2749 3765 2846 3823 καί
2929 3777 3095 3846 χεῖρα
3177 3767 3382 3844 ἀγαθήν
3468 3767 3697 3845 όρὶγειν,
3764 3769 3854 3824 καὶ

2190 3859 2312 3923 τοὺς
2363 3858 2622 3937 ἆγγελους
2684 3860 2826 3929 αὐτῷ
2856 3851 3509 3931 ουνεπιλαμϐανομένους,
3546 3853 3712 3914 ἄλλον
3748 3854 3851 3913 ἆλ-

2192 3948 2342 4006 λοθεν
2398 3948 2715 4029 ἀντέχεσθλι
2765 3959 2885 4003 τοῖν
2914 3943 3151 4024 ἀνδροΐν,
3201 3944 3297 4002 κπΐ
3326 3946 3504 4003 εἰπεῖν
3532 3950 3611 4019 τῷ
3646 3946 3852 4024 Κάρπῳ

2191 4042 2281 4095 τὸν
2325 4036 2560 4105 Ἰησοῦν·
2621 4037 2734 4105 Τῆς
2788 4038 2973 4116 χειρὸς
3057 4032 3162 4103 ἢδη
3223 4037 3655 4115 προτεταμένης,
3716 4047 3853 4092 παῖε

2193 4127 2310 4186 κατ’
2344 4128 2473 4205 ἐμοῦ
2526 4127 2714 4186 λοιπόν
2751 4146 2764 4161 ·
2811 4126 3026 4201 ἕτοιμος
3084 4124 3184 4205 γὰρ
3214 4125 3330 4201 εἰμι
3384 4126 3479 4183 καὶ
3513 4128 3661 4189 αὖθις
3717 4125 3852 4205 ὑπὲρ

2194 4219 2482 4299 ἀνθρώπων
2536 4215 2956 4292 ἀνασωζομένων
3000 4219 3215 4289 παθεῖν,
3273 4217 3361 4273 καὶ
3419 4213 3710 4296 προσφιλές
3758 4238 3852 4290 μοι

2195 4319 2370 4390 τοῦτο,
2431 4310 2509 4386 μὴ
2581 4307 2759 4365 ἂλλων
2816 4306 3225 4386 ἁμαρτανόντων
3293 4305 3606 4386 ἀνθρώπων.
3696 4305 3853 4373 Πλὴν

2195 4402 2291 4482 ὅρα
2346 4399 2406 4450 25
2462 4401 2505 4455 εἰ
2560 4397 2734 4462 καλῶς
2788 4395 2905 4476 ἔχει
2961 4418 3045 4453 σοι
3094 4398 3194 4463 τὴν
3251 4396 3308 4452 ἐν
3368 4402 3444 4471 τῷ
3474 4395 3721 4476 χάσματὶ
3763 4396 3857 4453 καὶ

2196 4493 2331 4567 μετὰ
2386 4493 2493 4547 τῶν
2545 4490 2716 4570 ὃφεων
2788 4487 2957 4563 μονὴν
3042 4484 3466 4552 ἀνταλλάξασθαι
3538 4485 3639 4552 τῆς
3713 4484 3857 4561 μετᾶ

2594 4584 2700 4636 τῶν
2770 4577 2984 4656 ἀγαθῶν
3065 4578 3155 4633 καὶ
3237 4575 3591 4656 φιλανθώπων
3678 4575 3857 4655 ἆγγέο

2197 4674 2328 4736 λων,
2391 4669 2565 4731 Ταῦτά
2607 4670 2751 4728 ἐστιν
2806 4666 2840 4723 ἅ
2877 4667 2985 4746 ἐγὼ
3058 4665 3310 4734 ἀκηκοὼς
3383 4666 3614 4724 πιστεύω
3674 4663 3856 4733 άληθῆ

2198 4754 2365 4812 εἶναι.

1555 5048 1697 5110 606
1739 5047 2330 5116 ADNOTATIONES
2380 5046 2763 5115 CORDERII.

544 5129 644 5201 5L
675 5129 1020 5188 Hebrmorum
1048 5127 1322 5195 Historia,
1363 5138 1473 5187 etc.
1504 5128 1722 5188 Attudit
1748 5131 1820 5188 ad
1849 5132 2018 5189 Num.
2049 5146 2174 5201 cap.
2210 5144 2313 5199 xu,
2345 5129 2400 5194 3.
2433 5130 2531 5187 ubi
2571 5130 2641 5187 de
2679 5123 3122 5201 mansuetudine
3148 5124 3355 5201 Moxsis
3388 5123 3603 5201 legitur
3650 5140 3669 5183 :
3715 5121 3865 5182 Erat

473 5196 682 5275 Moyses
708 5202 800 5260 τίν
826 5201 1132 5259 mitissimus
1159 5216 1322 5275 super
1348 5217 1527 5275 omnes
1552 5201 1782 5260 homines
1812 5204 1908 5275 qui
1935 5196 2279 5261 morabantur
2301 5196 2363 5259 in
2389 5209 2572 5275 terra.
2592 5204 2773 5275 atque
2800 5197 2948 5275 ideo.
3004 5196 3206 5275 inquit,
3241 5196 3351 5275 'Dei
3406 5196 3861 5275 ta'mulus_nnn_-

474 5266 743 5345 cupatur,
776 5275 1117 5345 caeterisque
1152 5266 1446 5345 prophetis
1472 5273 1701 5345 dignior
1728 5276 1799 5331 ad
1820 5266 2136 5333 "videndum
2161 5276 2355 5344 Deum,
2388 5272 2473 5332 uti
2503 5266 2710 5330 ibidem
2741 5266 3352 5345 Scripturasubiungit
3379 5283 3499 5327 ver.
3529 5270 3615 5345 6__:
3649 5266 3713 5325 Si
3736 5269 3865 5340 quis

473 5340 644 5417 fuerit
666 5340 816 5419 inter
842 5360 936 5402 vos
958 5340 1214 5419 prbplte'ta
1245 5340 1476 5419 Domini,
1505 5340 1564 5398 in
1597 5347 1804 5419 visione
1838 5347 2102 5419 apparebo
2139 5349 2209 5413 ei,
2240 5340 2622 5419 vcl'somnium
2646 5340 2969 5419 Δζαμίαν-ἀτί
3001 5340 3173 5419 illum.
3222 5343 3297 5398 At
3341 5358 3446 5419 non
3496 5340 3627 5396 talis
3672 5356 3865 5419 servus

475 5411 629 5475 mea:
656 5415 881 5489 Moyses,
912 5411 1091 5489 quiin
1117 5418 1261 5472 omni
1289 5415 1445 5489 domo
1476 5431 1595 5472 mea
1626 5411 1970 5489 ﬁdelissima:
2000 5426 2073 5474 est
2107 5439 2121 5473 :
2152 5411 2242 5475 ore
2273 5419 2414 5475 enim
2444 5417 2518 5474 ad
2550 5431 2609 5473 os
2638 5411 2832 5488 loquor
2859 5419 2928 5481 ei,
2963 5418 3014 5471 et
3056 5415 3261 5486 palam.
3315 5418 3365 5468 et
3409 5427 3523 5470 non
3567 5426 3669 5485 per
3720 5411 3867 5468 ceni-

475 5494 652 5558 gmta
679 5495 727 5543 et
746 5486 960 5560 'ligures
986 5486 1267 5545 Dominum
1306 5488 1470 5545 videt.

1807 5586 2062 5653 VABl/E
2091 5587 2527 5653 LECTIONES.

555 5690 608 5735 94
636 5695 727 5753 καί
781 5713 902 5758 non
950 5702 1041 5759 est
1096 5695 1158 5757 in
1211 5696 1269 5759 S.
1330 5697 1394 5757 P.

480 5772 595 5856 θρα,
631 5775 691 5836 s.

1487 5693 1546 5745 33
1574 5694 1781 5771 ἑαυτοῦ,
1844 5698 1913 5759 D.
1976 5697 2037 5761 S,
2094 5701 2158 5762 Ρ,
2243 5695 2506 5779 εθαῦτόν,
2543 5694 2603 5758 S.

2693 5694 2755 5747 35
2782 5694 3055 5781 ἕλκοντας,
3115 5692 3188 5757 D.
3247 5692 3310 5755 S.
3395 5687 3626 5760 δπλὴν
3686 5691 3753 5749 σὺ
3810 5689 3864 5749 δὲ
