4054 6426
234 375 372 460 1121

1664 385 2033 457 EPISTOLA
2084 393 2190 454 ΧΙ.

259 546 322 583 ue
351 533 536 590 natus,
566 531 618 579 et
649 529 710 578 tu
741 527 875 578 mihi
887 530 1074 592 ferme
1111 531 1346 591 cowvus)
1382 531 1470 580 die
1512 531 1752 593 quadam
1789 533 1964 592 sexta,
1998 533 2052 579 et
2097 530 2234 579 hora
2279 531 2404 578 item

3455 391 3605 460 1122

2436 530 2564 592 fere
2603 531 2778 592 sexta,
2810 529 2901 592 sol
2946 529 3303 588 horribiliter,
3349 531 3607 582 subeunte

247 591 374 651 una,
407 593 720 642 obscuratus
768 595 938 640 fuerit
987 596 1118 652 (non
1159 593 1304 656 quod
1343 591 1644 652 Deusfsed
1688 594 1830 656 quod
1861 591 1961 642 Dei
1979 593 2264 656 opusttiti)
2311 595 2368 641 in
2423 591 2565 642 verae
2595 591 2774 656 ipsius
2805 591 2938 642 lucis
2989 595 3234 644 accubitu
3276 595 3451 644 lucere
3495 610 3606 646 non

226 657 500 724 quiverit),
533 658 752 718 tumque
773 657 1506 724 ex‘tepercunctatussim,
1538 655 1836 724 Aquiditibi,
1873 659 1962 705 vir
1988 655 2640 724 pr_udeutissime,_super
2679 655 2777 706 hoc
2811 656 3112 724 videretur,
3153 659 3214 724 tu
3245 661 3428 724 autem
3470 661 3604 724 ejus-

225 716 368 770 modi
399 716 712 778 responsum
751 716 984 776 dederis,
1028 718 1170 782 quod
1209 721 1380 768 menti
1420 716 1640 782 penitus
1673 719 1926 782 infixum,
1970 716 2128 768 nulla
2161 730 2391 782 prorsus
2418 718 2702 782 oblivione,
2725 718 2894 782 nulla
2939 719 3020 769 vel
3045 716 3238 768 mortis
3261 716 3503 782 imagine
3519 722 3606 770 di-

224 784 331 833 labi
347 783 535 844 possit.
560 784 694 830 Cum
718 783 862 830 enim
889 781 1205 830 totus’orbis
1232 784 1378 832 tetra
1407 781 1759 832 tenebrarum
1785 781 2014 842 caligine
2039 781 2396 842 nniformiter
2419 781 2909 891 obductus{uisset,
2936 795 3002 830 ac
3015 783 3141 843 jam
3166 785 3456 845 repurgari
3478 785 3606 834 solis

226 845 399 891 olobus
419 847 470 891 et
497 845 819 891 renitescere
841 845 1148 891 accepisset.
1185 847 1304 891 tum
1325 848 1607 891 assumpta
1639 843 1882 891 Philinus
1907 845 2118 891 Aridwi
2147 843 2410 891 reaula.et
2431 848 2684 891 cantem!)
2707 847 2818 891 atis
2841 844 2960 891 caeli
2992 845 3210 891 orbibus
3245 845 3606 891 denreIie-ndi-

223 843 399 910 globus
419 847 470 893 et
497 845 819 910 renitescere
841 845 1148 910 accepisset,
1183 847 1304 910 tum
1325 848 1607 906 assumpta
1639 843 1882 910 Philippi
1907 845 2118 910 Aridwi
2147 843 2410 910 regula,et
2431 843 2818 910 contemplatis
2841 844 2960 893 coeli
2992 843 3606 910 orbibusfdepreliendi-

223 906 355 965 inus,
379 906 523 970 quod
548 907 670 956 erat
698 919 904 1018 quoque
925 906 1070 955 alias
1095 909 1458 966 notissimum,
1488 921 1602 956 non
1618 909 1860 969 potuisse
1883 907 1940 955 id
1977 909 2235 968 temporis
2270 906 2624 968 defectionem
2666 907 2794 954 solis
2833 910 3048 956 evenire
3079 922 3098 955 :
3145 907 3340 956 deinde
3363 907 3606 958 observa-

223 973 412 1018 vimus.
443 969 628 1018 lunam
663 981 694 1016 α
753 971 964 1017 oriente
986 969 1148 1018 solem
1173 969 1447 1018 subivisse.
1492 971 1712 1018 eiusque
1749 969 1936 1018 radios
1974 970 2324 1018 obstruxisse.
2375 969 2542 1018 donec
2569 969 2744 1018 totum
2787 970 3064 1018 occuleret.
3097 982 3216 1018 aute
3248 973 3434 1018 tamen
3465 971 3606 1018 alias

221 969 412 1028 vimus,
443 969 628 1018 lunam
663 981 694 1016 α

753 971 964 1017 oriente
986 969 1148 1018 solem
1173 969 1447 1028 subivisse,
1492 971 1712 1032 ejusque
1749 969 1936 1018 radios
1974 970 2324 1026 obstruxisse,
2375 969 2542 1032 donec
2569 969 2744 1018 totum
2787 970 3064 1028 occuleret,
3097 982 3216 1030 qua:
3248 973 3434 1020 tamen
3465 971 3606 1020 alias

222 1032 286 1084 ab
309 1031 606 1096 occidente
626 1032 788 1096 solita
804 1035 952 1096 esset
975 1045 1258 1081 occurrere
1279 1047 1306 1090 ,'
1337 1035 1468 1094 quin
1493 1031 1648 1081 illam
1693 1045 1900 1094 quoque
1928 1035 2256 1088 notavimus,
2284 1043 2404 1080 eum
2439 1031 2512 1080 ad
2547 1033 2794 1096 ea'lrema
2841 1033 2964 1080 solis
3007 1036 3359 1094 pervenisset,
3397 1035 3610 1096 ejusque

220 1095 530 1146 universum
558 1092 738 1143 orbem
763 1093 1073 1150 obtexisset,
1126 1098 1242 1142 tum
1287 1092 1439 1144 retro
1484 1092 1750 1144 orientem
1779 1092 1964 1144 versus
1994 1097 2308 1157 recurrisse,_
2343 1107 2590 1156 quamvis
2630 1095 2686 1142 id
2725 1098 2860 1142 esset
2903 1092 3133 1155 tempus,
3171 1095 3316 1157 quod
3345 1092 3440 1146 nec
3465 1092 3606 1145 lii—nm

214 1158 592 1224 praesentiam,
617 1169 716 1207 nec
737 1157 865 1224 solis
889 1169 1218 1224 conc-ursum
1249 1157 1576 1224 postularet.
1620 1161 1730 1224 Ego
1777 1161 1966 1224 igitur,
2013 1172 2042 1208 ο
2082 1155 2413 1224 multiplicis
2446 1157 2774 1224 eruditionis
2810 1171 3144 1224 sacrarium,
3169 1155 3331 1224 tanti.
3361 1161 3608 1224 mysterii

221 1217 426 1270 nescius
449 1231 568 1269 cum
593 1231 778 1280 essem,
801 1221 874 1267 sic
903 1223 954 1268 le
983 1219 1298 1282 alloquebar
1323 1233 1342 1266 .·
1388 1220 1526 1276 Quid
1569 1217 1683 1268 sibi
1715 1217 1834 1269 vult
1869 1221 1965 1270 hoc
2013 1221 2110 1276 rei,
2159 1233 2188 1268 ο
2235 1217 2501 1268 doctrinae
2547 1217 2820 1280 speculum.
2861 1220 3336 1282 Appollopltanes?
3374 1217 3608 1271 Insolita

223 1285 326 1334 ista
347 1284 606 1345 portenta
643 1294 1064 1346 ecquorumnam
1090 1283 1190 1346 tibi
1213 1285 1600 1344 mysteriorum
1643 1283 1903 1332 videntur
1943 1283 2150 1346 indicia
2173 1283 2200 1328 Ρ
2237 1283 2312 1330 Tu
2344 1287 2550 1340 autem,
2581 1295 2672 1330 ore

221 1344 362 1396 vocis
390 1357 658 1406 sermone,
689 1344 840 1395 (Hae
865 1347 1020 1403 sunt,
1071 1359 1102 1393 ο
1143 1344 1274 1393 bone
1298 1348 1566 1408 Dionysi,
1619 1347 1910 1408 inquiebas,
1948 1345 2264 1394 divinarum
2297 1357 2482 1408 rerum
2525 1346 2870 1408 mutationes.
2920 1365 2936 1386 -

2705 1283 2894 1331 divino
2935 1283 3108 1344 magis
3145 1295 3310 1345 quam
3352 1283 3606 1334 humanae

2991 1349 3260 1407 Denique,
3305 1359 3426 1394 cum
3462 1347 3605 1394 diem

222 1420 532 1471 annumque
557 1408 927 1472 adnotassem,
956 1411 1013 1472 et
1033 1411 1242 1468 tempus
1271 1407 1404 1456 illud
1429 1406 1548 1456 cum
1582 1421 1660 1469 eo,
1687 1406 1848 1472 quod
1877 1411 2081 1458 Paulus
2118 1408 2252 1456 mihi
2301 1407 2602 1472 quandoid
2621 1406 2688 1456 ab
2726 1419 2820 1456 ore
2857 1406 3253 1472 suppendenti
3295 1411 3608 1472 annuntia—

223 1473 398 1534 verat,
425 1468 598 1532 signis
621 1470 1088 1534 conclamantibus
1111 1471 1444 1520 concordare
1463 1468 1757 1530 sensissem,
1787 1475 1902 1520 tum
1928 1474 1978 1520 et
2005 1473 2232 1520 veritati
2269 1468 2467 1518 manus
2499 1468 2644 1528 dedi,
2685 1473 2734 1518 et
2768 1483 2868 1534 me,
2899 1469 3168 1520 falsitatis
3199 1470 3425 1520 nexibus
3447 1485 3608 1534 expe-

222 1533 316 1584 dit.
347 1535 520 1590 Quam
539 1533 771 1594 proinde
793 1535 1104 1590 veritatem,
1131 1537 1182 1596 et
1208 1534 1441 1594 mirifice
1459 1535 1718 1594 priedico,
1749 1538 1798 1583 et
1827 1535 1924 1582 tibi
1951 1537 2154 1596 ingero,
2180 1545 2299 1596 quae
2323 1535 2399 1582 esl
2427 1535 2540 1582 vita
2565 1536 2614 1580 et
2643 1535 2732 1580 via
2769 1536 2818 1580 et
2854 1533 2951 1582 tua:
2983 1547 3132 1588 vera.
3182 1546 3304 1596 quae
3326 1533 3609 1584 illuminat

225 1608 448 1648 omnem
483 1596 772 1646 hominem
800 1595 1116 1645 venientem
1153 1595 1211 1644 in
1249 1597 1396 1644 hunc
1433 1598 1701 1646 mundum
1731 1609 1761 1647 t.
1808 1599 1906 1646 Cm
1941 1595 2096 1646 et’tu
2141 1595 2385 1654 tandem,
2425 1597 2485 1644 ut
2525 1607 2650 1643 vere
2682 1598 2916 1656 sapiens,
2956 1597 3176 1645 cessisti.
3200 1595 3358 1645 Nam
3406 1599 3608 1646 cessisti

223 1661 371 1718 vita,
413 1671 534 1716 cum
583 1662 814 1708 mortem
855 1657 1142 1708 abdicasti.
1186 1660 1256 1708 Et
1289 1663 1488 1718 optime
1528 1673 1659 1709 sane
1711 1659 1958 1720 deinceps

1996 1661 2220 1720 feceris,
2267 1661 2314 1707 si
2362 1658 2530 1706 eidem
2573 1661 2801 1707 veritati
2855 1671 3082 1718 prorsus
3125 1658 3423 1708 adbwseris
3445 1673 3472 1716 ,ο
3523 1663 3608 1708 ita

225 1720 436 1786 quidem
470 1721 624 1772 nobis
665 1725 876 1772 arctius
919 1722 1454 1786 conjungeretlllud
1502 1726 1666 1782 enim,
1727 1721 1862 1770 illud
1910 1735 1976 1786 os
2015 1723 2300 1786 nobiscum
2333 1720 2563 1786 posthac
2607 1723 2734 1786 erit,
2768 1723 2938 1786 cujus
2978 1721 3262 1784 splendore
3302 1722 3604 1782 verborum,

223 1783 420 1834 mentis
442 1797 570 1834 mea!
589 1787 962 1846 perstringens
983 1786 1171 1840 acii-ni,
1199 1783 1390 1832 solitus
1414 1797 1557 1842 eras,
1589 1788 1866 1834 accersitis
1902 1785 2029 1834 Ιυησ
2059 1785 2186 1832 inde
2219 1783 2495 1840 coloribus,
2537 1787 2587 1830 et

2605 1783 2810 1846 fucata
2843 1783 3156 1846 eloquentiae
3183 1787 3364 1834 nitore
3385 1787 3610 1833 intimos

217 1849 454 1910 pectoris
477 1845 656 1896 nostri
681 1859 914 1897 recessus
933 1850 1270 1908 perlenlare,
1299 1849 1406 1894 imo
1431 1851 1480 1895 et
1513 1849 1794 1896 nonnullis
1821 1848 2098 1910 interdum
2124 1847 2517 1895 nmledicentias
2541 1845 2744 1894 aculeis
2765 1860 2878 1910 _nos
2915 1845 3096 1896 acrius
3108 1847 3388 1909 fodicare.
3431 1851 3610 1910 Quare

225 1910 676 1972 quemadmodum
712 1910 967 1972 antehac,
1013 1912 1074 1957 ut
1130 1913 1245 1972 tute

1270 1910 1550 1970 fatebere,
1589 1911 1854 1960 doctrinae
1904 1909 2258 1968 Christiana,
2311 1921 2704 1972 socrarmnque
2757 1907 3073 1958 litterarum
3111 1907 3368 1972 quamvis
3413 1908 3610 1972 sapida

225 1971 460 2034 cognitio
491 1975 591 2022 tibi
616 1987 728 2022 non
767 1971 1030 2033 sapiebat,
1069 1971 1162 2020 sed
1195 1985 1312 2021 cum
1339 1973 1412 2022 ad
1451 1987 1568 2021 eam
1597 1975 1678 2020 vel
1715 1973 2110 2034 degustandum
2138 1975 2360 2020 tantum
2387 1971 2679 2026 accederes,
2707 1984 2741 2018 α
2769 1975 2962 2019 mentis
2985 1975 3090 2020 tua:

3117 1971 3308 2034 palato
3337 1971 3603 2031 resiliens,

222 2047 288 2084 ac
309 2035 458 2084 velut
481 2036 782 2097 dedignans
805 2039 864 2083 in
885 2039 1100 2095 pectore
1134 2037 1226 2082 tuo
1263 2036 1436 2083 sedem
1467 2049 1668 2095 ponere
1701 2037 2032 2084 resistebat:
2071 2038 2153 2083 ila.
2197 2035 2354 2083 modo
2397 2037 2684 2095 postquam
2728 2046 2822 2082 cor
2863 2035 3170 2096 intelligens
3209 2048 3277 2084 ac
3315 2035 3610 2096 providum

223 2109 274 2146 es
295 2101 510 2162 nactus,
536 2103 652 2162 iteite
676 2097 748 2147 ad
773 2111 1010 2158 superna
1036 2101 1196 2158 erige,
1240 2111 1409 2160 neque
1429 2111 1531 2158 pro
1557 2101 1624 2146 iis
1661 2112 1776 2162 quur
1801 2113 1910 2147 non
1935 2101 2082 2156 sunt,
2130 2111 2190 2146 esi
2233 2111 2348 2160 quae
2375 2111 2499 2146 vere
2525 2099 2654 2144 sunt
2688 2097 2908 2162 dimitte
2927 2111 2956 2154 ,ο
2997 2097 3232 2162 adeoque
3263 2101 3460 2146 contra
3498 2110 3605 2156 eos,

223 2161 312 2223 qui
339 2165 391 2209 te
409 2161 486 2210 ad
499 2161 658 2223 falsa
684 2163 1122 2222 provocaverint,
1167 2159 1326 2209 lanlo
1353 2173 1410 2208 in
1431 2159 1703 2222 postera}
1752 2165 1862 2210 esto
1901 2159 2263 2222 pertinacior,
2308 2163 2514 2222 quanto
2560 2162 2620 2206 tu
2663 2159 2834 2218 nobis,
2881 2173 3002 2209 cum
3045 2160 3119 2208 ad
3153 2162 3608 2223 veritatemvotis

221 2222 468 2272 omnibus
501 2222 886 2282 in-vitaremus,
927 2226 1190 2272 exstitisti
1211 2227 1566 2284 pervicacior.
1593 2227 1682 2274 Sic
1703 2237 1844 2274 enim
1883 2238 1974 2284 ego
2011 2227 2068 2272 in
2117 2226 2347 2271 Domino
2390 2225 2531 2280 Jesu,
2570 2225 2690 2284 (qui
2717 2235 2822 2271 esse
2864 2235 3072 2272 mecum
3105 2225 3154 2272 et
3199 2225 3401 2282 vivere}
3445 2222 3606 2272 lwtus

223 2283 417 2336 dehinc
439 2289 674 2348 moriar,
701 2285 1142 2350 quandoquidem
1168 2283 1223 2334 et
1259 2289 1318 2336 tu
1345 2289 1403 2336 in
1430 2301 1486 2335 eo
1509 2289 1682 2336 vivas.

1445 2427 1672 2494 PETRI
1717 2428 2102 2494 LANSSELII
2146 2427 2394 2504 NOTIE,

305 2590 436 2671 (64)
479 2593 744 2670 Jumjam
774 2592 852 2656 ad
883 2599 938 2655 te
968 2592 1168 2655 cordis
1195 2599 1519 2668 amor,etc.
1551 2591 1658 2654 Illa
1683 2592 1870 2654 sancti
1895 2603 1930 2651 A
1957 2590 2712 2674 aliquaudoincidisse,sed
2732 2609 2890 2654 nunc
2907 2591 3182 2653 eamdem
3201 2589 3608 2665 intercidisse.

223 2679 490 2762 Dionysii
523 2683 788 2762 Epistola
818 2682 892 2743 ad
927 2683 1404 2764 Apollophanem
1424 2682 1549 2762 jam
1578 2683 1871 2746 Christia-

225 2789 363 2834 num
397 2772 644 2834 rudiore
677 2773 826 2854 stylo
863 2773 1136 2852 primitus
1167 2793 1197 2834 e
1232 2773 1436 2836 Graeco
1481 2774 1542 2834 in
1600 2775 1868 2834 Latinum

225 2879 518 2924 conversa
535 2863 642 2925 fuit
667 2873 726 2924 ut
750 2863 990 2944 quidem
1017 2873 1486 2943 repriesez‘ztatur
1504 2865 1576 2925 ab
1595 2864 1726 2924 Hild
1739 2865 1873 2924 uino

226 2950 467 3032 abbate,
504 2953 562 3014 in
601 2952 742 3014 Vita
775 2953 845 3016 S.
875 2952 1160 3034 Dionysii
1195 2958 1306 3034 (α),
1355 2955 1713 3033 octingentis
1738 2963 1876 3016 ante

225 3043 394 3104 annis
448 3045 689 3124 scripta.
749 3045 824 3105 Et
878 3047 1061 3124 stylus
1109 3045 1200 3104 vix
1253 3046 1516 3118 Latinus,
1573 3063 1641 3106 ac
1675 3063 1748 3105 ne
1779 3047 1874 3106 vix

223 3133 468 3212 quidem
501 3135 697 3212 arguit
728 3153 760 3194 e
794 3132 998 3195 Graeco
1032 3153 1164 3196 esse
1197 3155 1448 3198 versam.

297 3223 654 3304 Exemplum
689 3234 886 3286 autem
938 3227 1206 3288 Grazcum
1252 3227 1490 3288 venisse
1537 3226 1770 3286 videtur
1813 3225 1874 3286 in

215 3331 428 3378 manus
463 3317 524 3377 S.
559 3315 822 3394 Maximi,
873 3314 978 3374 sed
1029 3325 1239 3395 postea
1286 3317 1600 3397 amissum,
1634 3335 1768 3378 cum
1801 3317 1870 3377 ad

213 3401 542 3484 Epistolam
573 3403 836 3484 Dionysii
886 3405 982 3484 10,
1035 3425 1166 3485 quae
1199 3413 1288 3468 est
1338 3407 1408 3468 ad
1439 3405 1756 3478 Joannem,
1793 3407 1873 3466 ita

210 3494 431 3556 scribat
462 3515 475 3556 :
503 3495 926 3570 ἰ’ποθὼμεθκδέ
961 3499 1048 3552 τὸν
1079 3501 1224 3552 θεῖον
1261 3498 1555 3572 Διονὺσιονέ
1591 3495 1674 3553 ὅτε
1703 3499 1766 3552 τὰ
1787 3497 1870 3552 ἐπὶ

213 3591 286 3659 τῷ
316 3587 532 3664 σταυρῷ
557 3593 650 3642 τοῦ
687 3587 870 3663 Κυρίου)
902 3583 1064 3666 ετὸεν,
1100 3592 1235 3642 εἶναι
1281 3587 1360 3642 κε’
1408 3587 1564 3667 ἑτῶν,
1599 3586 1686 3642 ἅτε
1713 3601 1868 3660 οἴμαι

213 3675 300 3731 καὶ
343 3675 419 3732 ἔτι
457 3676 910 3752 ἀναγινὼσκοντκ,
937 3677 1370 3755 Supponamus
1405 3683 1640 3757 autem,
1677 3676 1868 3754 inquit

213 3775 492 3828 sanctum
525 3765 908 3845 Dionysium,
934 3767 1179 3844 quando
1203 3768 1320 3829 ista
1341 3775 1589 3845 prapler
1621 3767 1868 3828 Domini

211 3872 452 3919 crucem
465 3857 760 3935 prodigia
780 3858 1118 3934 conspexit,
1142 3855 1336 3934 fuisse
1355 3857 1576 3936 viginti
1599 3857 1868 3936 quinque

1956 2683 2231 2752 Accedit,
2261 2683 2417 2762 quod
2451 2693 2564 2742 tam
2596 2696 3010 2761 argumentum
3068 2683 3254 2760 ipsius
3307 2683 3603 2762 Epistolis,

1959 2791 2133 2853 quam
2180 2773 2310 2851 styli
2335 2773 2521 2834 (ἶπες-1
2545 2773 2788 2849 vesdgia
2828 2772 2984 2853 (quae
3011 2773 3198 2852 magis
3225 2772 3284 2834 in
3308 2775 3437 2835 rudi
3461 2791 3600 2835 ver-

1960 2865 2127 2922 sione
2163 2863 2354 2924 notari
2387 2873 2630 2942 possunt
2663 2873 2720 2924 et
2751 2861 2972 2938 solent,
3009 2881 3188 2938 quam
3217 2864 3276 2924 in
3300 2863 3600 2946 politiore)

1963 2953 2234 3034 spiritum
2271 2961 2329 3012 rt
2367 2953 2692 3012 orationem
2745 2952 2974 3028 spirent
3004 2954 3191 3014 sancti
3227 2954 3488 3034 Dionysii
3523 2957 3604 3033 (b)

2043 3043 2343 3124 (65}Sazpe
2366 3046 2529 3104 enim
2551 3041 2660 3102 tibi
2680 3049 2734 3103 et
2759 3043 3000 3119 quidem
3034 3051 3322 3106 accurate
3346 3047 3606 3123 exposui

1959 3141 2072 3195 etc.
2101 3133 2238 3194 Haec
2261 3131 2892 3212 indicantfrequentes
2915 3131 3176 3214 Dionysii
3200 3151 3337 3195 cum
3367 3133 3609 3212 Apolloé

1959 3224 2152 3302 phane
2179 3225 2638 3300 congressiones
2687 3231 2744 3282 et
2794 3222 3246 3302 disputationes,
3299 3224 3382 3285 uti
3416 3233 3474 3286 et
3505 3225 3606 3287 illa

1957 3333 2091 3390 quze
2123 3322 2254 3393 post
2283 3313 2536 3376 subdit:
2595 3311 2827 3388 Quibus
2859 3313 3012 3374 mihi
3065 3332 3187 3376 non
3238 3313 3444 3390 semel,
3501 3316 3608 3380 sed

1954 3411 2180 3484 smptus
2211 3403 2606 3482 respondisti,
2641 3411 2756 3463 etc.

2039 3495 2156 3573 (66)
2189 3493 2324 3556 Non
2359 3494 2518 3572 quod
2554 3495 2734 3566 Deus,
2766 3493 2869 3554 sed
2903 3493 3066 3574 quod
3105 3493 3214 3555 Dei
3262 3513 3432 3576 opus,
3485 3503 3602 3560 etc.

1952 3583 2054 3644 Est
2115 3583 2376 3662 Dionysii
2428 3583 2499 3642 ad
2553 3582 3028 3662 Apollopltanem
3088 3584 3422 3660 occupatio,
3488 3603 3605 3666 qua

1951 3673 2212 3734 occurrit
2237 3667 2422 3734 tdcitaa
2451 3671 2800 3750 objectioni,
2831 3691 3005 3752 quam
3039 3691 3282 3734 movere
3315 3675 3609 3754 potuisset

1951 3764 2422 3844 Apollopltanes,
2474 3765 2703 3842 dicens,
2753 3763 3291 3825 extraordinarium
3348 3765 3493 3826 solis
3548 3777 3606 3826 et

1951 3855 2106 3914 lunae
2137 3871 2452 3914 occursum
2489 3871 2620 3912 cum
2651 3853 2850 3912 densis
2884 3853 3174 3926 tenebris,
3215 3855 3414 3914 vocari
3447 3855 3602 3917 divi—

210 3964 544 4022 annorum,
577 3945 1085 4024 quemadmodum
1119 3965 1208 4006 me
1233 3949 1425 4008 adhuc
1461 3950 1674 4026 legisse
1709 3947 1865 4006 m'bi-
1895 3940 1928 3988 Β
1956 3963 2165 4006 narum
2187 3963 2387 4004 rerum
2425 3943 2818 4017 mutationes;
2852 3945 2991 4024 quia
3016 3945 3246 4004 scilicet
3275 3944 3358 4004 sol
3386 3953 3443 4005 et
3469 3947 3605 4006 luna

213 4041 254 4100 ti
276 4035 635 4100 or.Sici|le.
655 4035 797 4097 Cum
824 4045 1018 4097 autem
1047 4036 1102 4098 id
1127 4037 1346 4099 diserte
1371 4037 1428 4097 in
1457 4037 1564 4097 hac
1586 4037 1656 4096 ad
1683 4036 1869 4116 Apol-
1957 4035 2038 4096 dii
2070 4035 2186 4094 sint
2213 4043 2268 4094 et
2301 4033 2634 4094 habeantur
2663 4054 2676 4113 ;
2711 4033 2965 4113 ideoque
2998 4051 3206 4096 eorum
3231 4034 3605 4114 prodigiosas

212 4125 542 4207 lophanem
572 4125 836 4204 Epistola
867 4145 1218 4204 expressum
1253 4128 1608 4208 reperiatur,
1646 4135 1700 4187 et
1735 4127 1874 4186 alibi
1961 4125 2316 4184 mutationes
2349 4141 2551 4184 rerum
2604 4141 2738 4184 esse
2791 4124 3136 4185 divinarum
3168 4125 3598 4187 conversiones

213 4233 520 4296 nusquam
537 4215 830 4278 credibile
845 4225 936 4278 est
951 4213 1270 4280 Maximum
1313 4217 1372 4278 in
1391 4236 1523 4280 eam
1546 4215 1873 4297 Epistolam
1961 4218 2044 4276 De
2076 4234 2191 4296 quo
2217 4216 2343 4294 jam
2379 4215 2472 4291 egi
2505 4213 2670 4275 initio
2707 4213 2919 4294 capitis
2950 4215 3160 4278 fusius.

293 4384 310 4422 ι
339 4381 519 4444 Joan.
555 4398 598 4455 ι,
631 4377 691 4442 9.

279 4561 362 4634 (ᾳ)
393 4559 728 4634 Petreioque
761 4559 970 4634 Latinis
1001 4567 1039 4617 t.
1069 4557 1192 4634 CVI,
1225 4557 1323 4616 col.
1360 4559 1447 4634 33.

279 4627 358 4702 (b)
390 4632 554 4690 Aliter
575 4627 781 4690 omnino
811 4633 1036 4705 plerique
1067 4633 1289 4690 sentiunt
1319 4633 1537 4690 editores
1569 4631 1788 4704 Operum
1819 4631 1876 4690 S.
1910 4627 2158 4705 Dionysii.
2199 4629 2326 4690 Vide
2355 4629 2736 4704 Prolegomena,
2771 4627 2868 4688 cci.
2900 4629 2990 4690 56.
3025 4629 3180 4690 Εωτ.
3213 4629 3384 4692 Pun.
