4054 6450
447 394 600 458 1183

438 531 600 584 lorum
631 544 759 606 erga
796 527 1029 583 homines
1077 525 1376 606 benignitas,
1414 524 1552 606 _3_98_.
1608 524 1787 606 Δίῃ-ξειὶ
1803 524 2084 606 inferiores

437 619 468 656 a
498 595 865 670 superioribus,
898 597 1119 667 supremi
1148 614 1177 651 a
1208 595 1311 652 Deo
1355 595 1636 660 initiantur,
1668 596 1758 651 55.
1800 596 2086 666 Supremo-

437 686 550 726 rum
585 669 1004 747 in_illustratione
1034 667 1321 747 recipienda
1366 667 1664 747 reverentia,
1717 666 1805 722 55.
1834 666 2084 747 _S_upiemi

435 743 687 815 quomodo
718 740 1007 815 expieniur,
1035 740 1351 815 illusirentur
1378 747 1426 792 et
1462 737 1801 815 perﬁciantur,
1832 737 2083 807 55.de

434 810 657 884 supremi
686 810 855 884 agant,
888 812 978 868 56.
1014 810 1194 884 Angeli
1222 819 1366 884 anet
1394 810 1643 884 quomodo
1675 826 1730 866 se
1752 818 1927 864 mutuo
1960 826 2081 884 pur-

433 881 573 955 gent,
605 883 693 940 31.
724 881 873 939 Unde
905 881 1164 955 proveniat
1193 881 1322 953 quod
1352 882 1513 955 angeli
1546 889 1686 955 tanto
1718 895 1927 955 numero
1956 883 2077 949 sint,

433 952 556 1011 124.
592 955 770 1024 Angeli
798 952 1085 1024 superiores
1120 952 1331 1021 posSunt
1372 952 1610 1023 quidquid
1659 952 1943 1024 inferiores,
1982 968 2080 1008 non

431 1036 630 1093 contra,
667 1023 787 1082 104.
825 1023 1016 1081 Primis
1046 1026 1243 1095 angelis
1289 1024 1539 1095 quomodo
1588 1023 1911 1095 sequentium
1959 1024 2084 1079 fun-

434 1098 630 1153 ctiones
651 1097 1009 1159 attribuantur,
1029 1094 1152 1151 119.
1177 1094 1350 1167 Angeli
1371 1104 1490 1151 sunt
1509 1094 1929 1167 innumerabiles,
1956 1097 2079 1152 124.

435 1169 618 1239 Angeli
647 1167 1047 1239 quomodoisunt
1086 1166 1426 1239 immutabiles
1448 1175 1546 1239 f_et_
1567 1166 1843 1239 quomodo
1868 1182 2084 1223 moveu-

438 1236 545 1307 tur,
571 1236 676 1295 63.’
695 1238 957 1304 Quomodo
989 1237 1417 1309 contemplemur.
1436 1236 1564 1309 ibid.
1585 1236 1662 1309 iii
1685 1237 1877 1308 angelis
1906 1239 2082 1309 expia-

437 1311 528 1374 tio,
590 1310 891 1381 illuminatio
943 1316 995 1364 et
1030 1308 1265 1381 perfectio
1304 1308 1442 1379 quid,
1491 1308 1583 1381 68.
1641 1307 1699 1363 In
1735 1307 1928 1381 angelis
1966 1307 2082 1381 quid

442 1390 610 1436 motus
633 1380 916 1441 circularis.
940 1388 1106 1435 rectus
1134 1387 1195 1452 et
1214 1379 1468 1452 obliquus,
1494 1380 1581 1435 69.
1608 1379 1915 1452 Angelorum
1935 1379 2083 1439 cibus

439 1454 623 1524 qualis,
665 1453 751 1508 70.
787 1453 841 1524 lii
872 1452 1063 1522 angelis
1082 1450 1199 1523 quid
1230 1460 1308 1506 est
1330 1450 1507 1507 ‘moius
1536 1458 1586 1505 et
1614 1459 1799 1524 stitus,
1825 1451 1956 1524 ibid.
1982 1458 2085 1509 An-

436 1522 535 1595 geli
564 1524 724 1580 Deum
757 1523 920 1578 solum
958 1534 1005 1577 et
1035 1525 1231 1595 seipsos
1270 1531 1503 1595 noscunt,
1532 1524 1621 1595 51.
1642 1522 1963 1595 Distributio
1993 1541 2085 1581 or-

434 1592 608 1651 diuum
638 1595 1003 1665 angelicorum,
1037 1592 1125 1649 58.
1189 1592 1316 1658 Quis
1367 1594 1485 1648 ordo
1517 1594 1774 1664 dignitatis
1801 1594 1933 1649 inter
1971 1596 2086 1652 illos

433 1667 526 1721 52.
560 1664 733 1738 Angeli
767 1664 1016 1738 excedunt
1046 1680 1316 1738 numerum
1349 1681 1518 1720 rerum
1537 1680 1921 1738 Acorporeartim,
1958 1668 2083 1723 124.

435 1739 617 1809 Angeli
644 1736 734 1793 cur
772 1736 1100 1809 dissimilibus
1146 1736 1324 1809 formis
1370 1736 1742 1802 describuntur,
1781 1736 1867 1791 17.
1907 1738 2087 1809 Angeli

468 1807 537 1865 ui“
572 1819 839 1877 vocantur,
890 1808 979 1863 86.
1042 1807 1219 1879 Angeli
1270 1816 1398 1879 sunt
1457 1808 1619 1863 nostri
1664 1816 1907 1872 rectores,
1950 1807 2083 1866 ibid.

468 1827 518 1865 ui
572 1826 839 1877 vocantur,
890 1826 979 1863 eo.
1042 1826 1219 1879 angeli
1278 1826 1398 1863 sunt
1457 1826 1619 1863 nostri
1664 1826 1907 1872 rectores,
1950 1826 2080 1866 tota.

430 1826 573 1946 Quod
604 1880 758 1951 aliqui
792 1897 889 1934 non
920 1879 1200 1951 proﬁciant,
1234 1878 1280 1951 id
1311 1895 1409 1933 non
1439 1887 1517 1934 est
1546 1879 1894 1950 imputandum
1925 1896 2080 1951 ange-

431 1952 497 2006 lis
524 1969 617 2007 nec
644 1949 774 2015 Deo,
808 1951 943 2007 ibid.
975 1950 1148 2022 Angeli
1187 1949 1714 2022 quinammittuntur,
1749 1952 1872 2006 115.
1906 1949 2081 2022 Angeli

434 1965 497 2006 iis
524 1969 617 2007 nec
644 1965 774 2015 ueo,
808 1965 943 2007 toia.
975 1965 1148 2077 auge"
1187 1966 1393 2020 quinam
1427 1965 1714 2017 mittuntur,
1749 1965 1872 2006 iii).
1906 1965 2081 2022 angeli

434 2023 599 2078 ventis
625 2031 995 2092 comparantur.
1025 2021 1048 2074 1
1091 2022 1146 2092 1,
1173 2021 1296 2076 145.
1321 2021 1572 2086 Nubibus,
1599 2020 1722 2086 132,
1753 2023 1877 2077 146.
1902 2024 2081 2085 Angeli

436 2102 488 2149 et
510 2091 1018 2164 homines’quomodo
1052 2091 1418 2156 illuminentur,
1441 2092 1565 2149 390.
1598 2093 1775 2163 Angeli
1805 2102 1925 2148 sunt
1955 2096 2082 2150 aevi-

433 2166 590 2228 ternl,
620 2179 719 2237 non
744 2165 1130 2237 Deocoaeterni,
1163 2164 1289 2237 505.
1319 2164 1495 2235 Angeli
1524 2171 1645 2237 sunt
1672 2164 1873 2235 quidem
1908 2168 2077 2237 inulti,

435 2238 525 2295 sed
555 2253 651 2292 non
684 2235 890 2301 inﬁniti,
916 2237 1035 2290 126.
1062 2236 1244 2306 Angeli
1264 2245 1504 2304 resiiectu
1525 2234 1837 2291 diversorum
1859 2234 2083 2306 praesunt

435 2317 486 2363 et
516 2309 748 2371 subsunt,
787 2306 907 2361 128.
960 2305 1135 2375 Angeli
1170 2305 1434 2362 inferiores
1472 2322 1571 2361 non
1599 2306 1653 2361 in
1681 2314 1843 2361 totum
1861 2305 2082 2377 partici-

435 2389 554 2452 pant
589 2378 903 2452 superiorum
935 2378 1217 2452 facilitates,
1253 2377 1378 2452 106.
1404 2377 1591 2452 _Angeli
1620 2393 1712 2432 cur
1732 2377 1967 2434 dicuntur
1985 2396 2082 2435 an-

430 2446 618 2506 tistites
645 2451 933 2514 hominum,
969 2446 1091 2504 107.
1123 2449 1298 2519 Angeli
1325 2457 1376 2504 et
1404 2446 1634 2504 homines
1671 2464 1769 2520 quo
1808 2465 1963 2506 sensu
2012 2452 2081 2508 dii

434 2521 686 2592 dicuntur,
721 2522 842 2578 108.
876 2521 1051 2592 Angeli
1081 2520 1366 2591 snperiores
1394 2520 1582 2576 habent
1630 2520 1826 2590 species
1875 2522 2082 2578 univer-

433 2594 661 2658 saliores,
691 2592 1031 2663 ibid.Angeli
1057 2599 1105 2645 et
1136 2593 1335 2647 illorum
1367 2592 1651 2647 substantia
1678 2608 1832 2661 quare
1855 2592 1909 2647 in
1936 2592 2081 2649 Scri-

466 2673 577 2719 tura
606 2680 691 2733 per
718 2662 1318 2736 symbolaietcorporeas
1356 2664 1542 2736 ﬁguras
1585 2663 1933 2736 depingantur,
1984 2666 2074 2723 45.

431 2681 581 2792 {iure
606 2681 691 2733 per
718 2681 944 2736 symnma
973 2681 1318 2744 ei'corporeas
1353 2681 1542 2745 nguras
1585 2681 1933 2735 uepinganiur,
1984 2681 2074 2723 eo.

483 2751 712 2816 assiones
739 2733 989 2815 quomodo
1018 2751 1069 2789 in
1104 2735 1296 2804 angelis
1350 2735 1708 2816 intelligendas,
1765 2737 1849 2790 14.
1902 2738 2077 2807 Angeli

435 2815 633 2880 caeteris
681 2806 1010 2880 excellentius
1042 2805 1201 2880 Deum
1244 2815 1561 2880 participant.
1620 2805 1708 2880 37,
1760 2804 1855 2880 39.
1906 2808 2088 2880 Angeli

434 2878 569 2934 unde
599 2893 782 2934 nomen
815 2876 1054 2940 habeant,
1088 2876 1201 2933 ibid
1230 2919 1246 2944 ,
1279 2880 1367 2933 40.
1401 2876 1497 2932 Per
1519 2877 1726 2948 angelos
1754 2878 1923 2933 divina
1948 2876 2087 2938 reve-

436 2951 621 3015 lantur,
655 2948 744 3004 37.
780 2948 1041 3020 Quomodo
1070 2948 1335 3003 inferiores
1361 2965 1447 3018 per
1477 2949 1761 3020 superiores
1805 2950 1870 3004 ad
1920 2950 2087 3008 Deum

436 3020 766 3085 adducantur,
803 3019 892 3076 38.
929 3022 1020 3076 Per
1047 3020 1254 3091 angelos
1284 3017 1580 3091 mysterium
1620 3017 1806 3075 Christi
1838 3020 1984 3077 nobis
2010 3034 2089 3079 est

440 3092 771 3164 nuntiatum,_
791 3091 958 3164 ibid.,
989 3090 1143 3164 241.
1180 3091 1253 3164 De
1281 3090 1495 3164 Christo
1530 3091 1711 3164 multa
1744 3108 1831 3161 per
1879 3095 2088 3164 angelos

440 3163 692 3231 nuntiata,
744 3161 833 3234 38.
892 3162 1114 3234 Angelus
1140 3162 1259 3234 quid
1307 3172 1403 3234 esi,
1438 3161 1523 3217 39.
1560 3162 1780 3234 Angelus
1828 3161 2089 3234 tripliciter

441 3234 667 3299 mobilis,
695 3233 826 3289 ibid.
857 3233 1093 3304 Angelica
1120 3233 1300 3303 elogia,
1332 3233 1466 3288 ibid.
1499 3233 1671 3304 Angeli
1702 3233 1953 3304 quomodo
1994 3240 2090 3292 do-

449 3314 595 3376 ceant
652 3304 905 3372 homines,
957 3304 1045 3359 40.
1097 3304 1278 3376 Angeli
1327 3305 1611 3376 superiores
1649 3320 1749 3359 non
1803 3305 2091 3365 illuminant

452 3375 736 3431 inferiores.
771 3376 829 3431 In
870 3376 1062 3446 angelis
1094 3375 1195 3430 non
1226 3383 1304 3430 est
1330 3375 1560 3431 confusio
1590 3376 1923 3445 functionum,
1963 3380 2087 3439 136.

450 3449 675 3518 Angelos
702 3447 861 3503 fuisse
888 3457 1006 3519 ante
1030 3447 1273 3502 mundum
1304 3447 1390 3519 qui
1417 3447 1656 3513 sentiant,
1691 3447 1815 3519 504.

525 3521 709 3573 Anima
736 3525 817 3572 est
851 3534 877 3572 a
908 3518 1061 3573 rebus
1089 3519 1273 3573 creatis
1304 3518 1608 3582 evacuaiida,
1642 3518 1767 3574 545.
1810 3519 1935 3576 Tres
1979 3523 2095 3577 ani-

449 3607 544 3645 ma:
576 3589 849 3661 preprietas
886 3590 946 3643 ad
991 3589 1152 3644 Deum
1208 3590 1571 3660 recipiendum,
1622 3589 1754 3645 ibid.
1810 3592 1991 3648 Anima
2044 3606 2095 3648 et

446 3660 675 3732 spiritus
704 3661 821 3732 quid
873 3661 994 3725 sint,
1046 3661 1172 3716 494.
1210 3661 1281 3716 Ad
1308 3661 1528 3715 animam
1580 3660 1829 3731 quomodo
1879 3666 2094 3721 virtutes

443 3749 695 3802 corporeae
723 3732 828 3787 sint
859 3732 1147 3796 referendae,
1186 3732 1311 3787 496.
1347 3732 1535 3804 Anima
1565 3732 1811 3801 quomodo
1842 3740 1891 3788 et
1924 3735 2093 3804 qualia

448 3805 611 3874 possit
680 3804 961 3874 intelligere
1011 3804 1121 3858 sine
1179 3804 1360 3858 actuali
1420 3803 1693 3858 reﬁexione
1747 3806 1809 3858 ad
1877 3803 2095 3869 phanta-

443 3884 629 3938 smata,
663 3874 785 3931 380.
819 3875 1011 3929 Animae
1041 3876 1290 3944 quomodo
1322 3874 1931 3945 participantbonitatem,
1966 3877 2093 3935 387.

518 3949 847 4071 [initiitegﬁgt
895 3946 1143 4017 interpres
1173 3945 1263 4001 Dei
1292 3946 1542 4017 promissa
1590 3946 1796 4017 praemia
1847 3948 2097 4005 defunctis

518 4035 533 4071 ς
561 4034 587 4070 u
613 4034 639 4071 a
671 4060 682 4071 .
830 4060 841 4069 .

477 4026 682 4079 OSttllal,
715 4026 841 4071 ⁵268.

537 4036 682 4079 Iillﬂl,
716 4036 841 4071 Ζῡδ.

444 4036 965 4146 pOSAPOLLOPHANES
998 4104 1057 4141 ex
1089 4088 1325 4157 prodigiis
1355 4089 1405 4144 in
1435 4089 1566 4143 ctelo
1590 4089 1711 4144 visis
1738 4090 1799 4145 ad
1829 4089 1989 4146 Deum
2019 4091 2099 4147 ad-

589 4160 783 4225 debuit,
816 4157 941 4214 594.
994 4158 1322 4216 Convincitur
1375 4160 1573 4232 prppria
1628 4177 1721 4216 sua
1750 4162 2089 4229 confessione,

518 4302 750 4373 Apostoli
779 4300 915 4357 orbis
957 4301 1092 4357 soles
1129 4308 1195 4374 et
1218 4301 1405 4357 zodiaci
1435 4301 1713 4373 spiritualia
1753 4302 1914 4374 signa,
1964 4304 2089 4359 616.

520 4374 788 4446 Apparitio
808 4374 1050 4446 Deiiquid
1079 4381 1157 4428 est
1186 4373 1237 4428 in
1265 4374 1545 4446 Scriptura,
1599 4374 1687 4429 45.
1742 4373 2093 4446 Apparitiones

449 4443 641 4500 Veteris
670 4453 720 4498 et
750 4444 875 4500 Novi
905 4443 1213 4499 Testamenti
1246 4446 1328 4515 qui
1358 4443 1616 4508 differunt,
1650 4446 1737 4499 41.

521 4518 716 4587 Aquilae
755 4518 913 4571 forma
941 4518 1027 4585 qui
1057 4516 1304 4586 designet.
1339 4517 1459 4579 133,
1512 4517 1635 4571 148.
1668 4517 1908 4588 Aquilina
1934 4518 2097 4575 forma

449 4605 600 4659 quare
630 4589 819 4658 angelis
848 4604 898 4641 in
929 4587 1199 4658 Scripturis
1226 4587 1551 4659 attribuatur,
1590 4588 1673 4659 11,
1712 4589 1796 4645 16.

476 4660 813 4729 .Arcliangeli
867 4660 983 4730 quid
1036 4666 1178 4727 sunt,
1229 4659 1317 4715 85.
1370 4658 1459 4713 89.
1511 4658 1818 4730 Arcliangeli
1854 4659 2094 4716 dicuntur

449 4731 633 4786 summi
664 4731 849 4797 nuntii,
880 4729 968 4785 88.
1016 4730 1204 4785 Horum
1235 4730 1454 4784 oﬂicium
1483 4730 1645 4800 quale,
1687 4729 1821 4786 ibid.

530 4803 833 4878 Λρμοστής,
870 4801 962 4855 Per
994 4804 1265 4881 ἁρμοστήν
1297 4802 1416 4872 quid
1439 4801 1821 4870 intelligendum
1847 4801 1935 4870 sit,
1967 4802 2093 4865 214,

523 4883 864 4937 Attributaile
902 4881 1011 4937 Deo
1061 4881 1319 4950 tripliciter
1373 4881 1628 4944 dicuntur,
1691 4884 1779 4938 18.
1841 4881 2098 4937 Attributa

452 4955 741 5008 essentialia
774 4955 860 5007 sed
897 4953 1050 5007 etiam
1083 4955 1428 5008 emanationes
1457 4953 1518 5007 ad
1547 4963 1690 5010 extra
1720 4954 1781 5009 de
1810 4961 1915 5008 tota
1934 4953 2099 5008 Trini-

450 5034 553 5079 tate
585 5025 935 5095 praedicantur,
969 5024 1093 5080 316.

452 5167 473 5220 f
524 5097 776 5220 Asiistiezre
801 5096 908 5167 quit
937 5096 1024 5159 sit,
1058 5094 1178 5150 113.
1207 5095 1459 5151 Assistere
1503 5104 1554 5149 et
1585 5096 1871 5152 ministrare
1896 5095 1982 5166 qui
2002 5095 2100 5151 dif-

472 5184 593 5220 erun
623 5211 633 5220 .
706 5179 722 5197 “
743 5188 795 5220 ε).

472 5169 633 5229 erunt,
676 5168 795 5222 125.

523 5242 683 5293 Aures
713 5239 831 5309 quid
861 5238 1043 5293 sintin
1074 5237 1289 5307 angelis,
1325 5240 1446 5293 141.

1255 5346 1302 5407 Β

524 5462 819 5533 Baptismus
847 5461 929 5516 dat
947 5461 1150 5533 initium
1182 5463 1459 5533 sanctitati,
1488 5462 1611 5517 167.
1642 5462 1790 5516 Ritus
1815 5462 2101 5518 collationis

452 5532 712 5604 baptismi,
766 5532 886 5604 168.
938 5532 1243 5604 Candidatus
1292 5532 1550 5601 religionis
1596 5532 1849 5603 patrinum
1899 5534 2099 5604 quaerit,

455 5601 577 5657 174.
605 5602 728 5675 Ejus
747 5603 992 5675 ofﬁcium,
1013 5603 1171 5664 ibid..
1194 5605 1314 5659 179.
1337 5601 1651 5674 Baptizatui‘o
1673 5604 1792 5675 quid
1816 5601 1928 5675 ﬁeri
1935 5604 2101 5675 soleat

452 5688 485 5726 a
512 5674 787 5747 sacerdote,
827 5675 950 5747 178.
976 5674 979 5675 ⁷
1006 5675 1336 5747 Baptizandus
1384 5677 1620 5747 abjurare
1649 5674 1805 5747 debet
1826 5674 2102 5747 inﬁdelita-

456 5753 583 5811 tem,
614 5745 1133 5827 168._lnsuiﬁationis
1182 5745 1722 5828 et.abrennntiationis
1770 5746 1929 5826 ritus_
1975 5746 2097 5803 169.

462 5813 800 5869 Professionis
842 5825 989 5883 ritus,
1023 5817 1157 5873 ibid.
1192 5816 1345 5875 Ritus
1371 5825 1612 5890 antiquus
1649 5788 1932 5888 baptizandi
1962 5818 2103 5873 sole-

976 5856 989 5883 ,
1025 5856 1157 5873 συσπ.

1572 388 1814 453 INDEX
1859 390 2129 452 RERUM
2160 391 2260 452 ET
2291 392 2735 456 VERBORUM.

2170 525 2370 589 mniter,
2402 525 2532 582 ibid.
2564 526 2717 582 Ritus
2746 526 2827 581 hic
2856 536 2934 581 est
2961 533 3187 586 sanctus.
3223 525 3347 581 170.
3386 525 3621 593 Baptismi
3647 546 3779 589 care.

2166 598 2353 668 monia;
2375 597 2661 667 signiﬁcant
2688 597 3043 668 expiationem,
3071 596 3228 665 ibid.,
3263 598 3385 652 174.
3412 594 3670 668 Hierarcha
3689 618 3783 659 om-

2165 666 2315 739 nibus
2343 666 2801 739 lumenibapiismi
2833 677 3034 737 paratus
3069 676 3146 724 est
3187 668 3464 739 impertiri,
3503 667 3622 739 171.
3671 671 3784 737 Quid

2163 738 2405 815 traductio
2433 739 2495 795 ad
2519 736 2775 815 Orientem
2805 736 3034 815 designet
3054 750 3116 815 et
3148 736 3343 815 unciio.
3370 737 3498 794 172.
3521 736 3644 815 Quid
3664 736 3788 815 aqua

2163 809 2419 865 immersio
2448 817 2498 866 et
2526 811 2764 870 emersin.
2798 809 2936 867 ibid;
2968 810 3098 876 Quid
3141 809 3413 866 candidum
3463 809 3792 872 vestimentum

2164 888 2227 966 et
2245 882 2414 966 unctio
2430 881 2781 966 ﬁn3|is_,__173.
2814 880 3105 966 Baptismus
3122 882 3306 966 quist
3325 879 3625 966 nominibus
3644 886 3796 966 appel-

2166 952 2311 1027 letur,
2332 953 2473 1027 _174.
2499 952 2727 1027 Qualiter
2750 970 2807 1027 se
2835 950 3039 1019 habeat,
3061 950 3193 1010 ibid.
3227 950 3404 1017 Qualis
3435 952 3658 1027 minister
3674 950 3796 1027 eius,

2165 1022 2294 1079 ibid.
2332 1022 2626 1093 Baptismus
2657 1024 2902 1094 imprimit
2943 1027 3295 1080 characterem
3340 1039 3403 1078 ex
3440 1021 3506 1079 D.
3548 1021 3793 1094 Dionysio,

2170 1097 2290 1167 174.
2323 1094 2644 1167 Caeremoniai
2672 1110 2790 1167 quas
2820 1096 2871 1150 in
2902 1097 3153 1167 baptismo
3180 1094 3413 1167 adhiberi
3440 1095 3629 1167 solgnt,
3658 1094 3798 1167 ibid.,

2168 1165 2289 1222 175.
2326 1165 2627 1223 Communia
2657 1164 2764 1222 dari
2795 1164 3083 1239 solitaipost
3113 1166 3445 1239 baptismum,
3480 1164 3603 1221 175.
3643 1164 3801 1239 Bapti-

2164 1253 2310 1311 smus
2338 1255 2401 1292 ex
2429 1254 2583 1311 opere
2610 1246 2815 1308 operate
2842 1236 3036 1311 confert
3061 1239 3295 1311 gratiam,
3324 1236 3569 1311 ibid_._An
3585 1244 3637 1311 et
3653 1236 3800 1311 pualis

2163 1307 2421 1365 immersio
2449 1306 2512 1381 ad
2552 1306 2857 1381 baptismum
2915 1310 2985 1365 sit
3021 1306 3329 1381 necessaria,
3392 1306 3516 1381 177.
3578 1306 3799 1369 Sacerdos

2166 1382 2417 1450 quomodo
2447 1378 2798 1451 baptizandum
2832 1381 3067 1451 excipiat,
3102 1380 3228 1437 180.
3262 1378 3556 1451 Baptismus
3581 1381 3670 1436 sub
3690 1398 3801 1438 con-

2166 1450 2486 1524 yenientibus
2514 1450 2682 1524 signis
2698 1450 2985 1520 institutus,
3012 1452 3133 1508 181.
3171 1450 3462 1524 Baptizatus
3479 1450 3544 1506 ad
3568 1461 3796 1509 certamen

2166 1521 2473 1593 instituitur,
2505 1520 2626 1578 184.
2659 1523 2949 1593 Baptismus
2981 1539 3072 1578 cur
3100 1520 3379 1578 illustratio
3413 1520 3629 1588 dicatur,
3682 1524 3791 1581 187.

2166 1592 2454 1665 Baptismus
2484 1597 2804 1664 parvulorum
2835 1594 2951 1665 quid
2985 1594 3070 1656 sit,
3105 1594 3232 1650 281.

2283 1663 2707 1722 Αιιτηοιοιλευε
2730 1663 2863 1737 (8.).
2885 1667 3113 1737 quaedam
3134 1665 3418 1737 theologica
3436 1663 3657 1735 scripsit,
3682 1666 3799 1723 547.

2242 1736 2381 1791 Beati
2412 1737 2575 1809 Deum
2612 1737 2810 1809 proprie
2865 1736 3177 1808 cognoscunt
3214 1745 3266 1791 et
3318 1736 3655 1808 eloquuntur,
3714 1753 3802 1795 non

2168 1807 2417 1871 viatores,
2449 1808 2575 1863 294.

2239 1877 2534 1948 Benigniias
2562 1879 2659 1935 Dei
2692 1880 2742 1934 in
2782 1877 2990 1934 homine
3020 1880 3353 1944 restituendo,
3387 1878 3519 1935 237.

2238 1949 2457 2005 Bonum.
2477 1951 2707 2007 Bonitas.
2727 1950 2930 2006 Bonum
2947 1961 3060 2005 ente
3071 1950 3211 2021 prius
3225 1951 3525 2021 intenditur.
3545 1950 3671 2013 544,
3691 1949 3804 2009 375.

2164 2019 2359 2077 Bonum
2389 2021 2639 2091 quomodo
2673 2029 2873 2092 appetat
2900 2022 2947 2075 id
2980 2019 3111 2092 quod
3138 2036 3240 2076 non
3269 2030 3371 2091 est,
3404 2019 3532 2077 404.
3565 2022 3696 2078 Inter
3722 2021 3807 2077 bo-

2164 2107 2285 2146 num
2316 2100 2364 2145 et
2392 2095 2559 2148 lumen
2592 2107 2709 2163 quas
2729 2092 3064 2163 sitiafﬁnitas,
3088 2092 3214 2148 377.
3248 2092 3445 2149 Bonum
3474 2100 3532 2147 et
3560 2093 3808 2163 pulchrum

2163 2163 2414 2236 quomodo
2468 2161 2722 2229 dilfefant,
2776 2161 2905 2219 ibid.
2950 2163 3144 2219 Bonum
3184 2164 3303 2236 quid
3343 2173 3396 2220 et
3445 2161 3638 2236 malum
3669 2165 3808 2229 unde,

2162 2232 2287 2289 376.
2311 2235 2567 2290 Bonorum
2598 2252 2753 2291 causa
2776 2251 2898 2297 una,
2933 2239 3181 2291 malorum
3198 2232 3413 2301 inultae,
3437 2234 3566 2291 372.
3589 2233 3663 2290 Ex
3688 2236 3807 2293 bono

2164 2313 2211 2358 et
2240 2314 2438 2377 propter
2467 2306 2658 2362 bonum
2691 2315 2810 2361 sunt
2838 2306 3028 2373 omnia,
3059 2305 3190 2362 ibid.
3237 2305 3435 2363 Bonum
3464 2315 3555 2361 est
3580 2306 3812 2377 quidquid

2162 2387 2260 2449 est,
2291 2377 2416 2432 363.
2448 2377 2647 2449 Bonum
2677 2393 2763 2447 pro
2793 2378 3040 2449 cujusque
3072 2386 3222 2448 captu
3250 2377 3463 2449 singulis
3493 2378 3660 2441 adest,
3692 2377 3805 2435 365.

2164 2395 2260 2442 est,
2291 2395 2416 2432 eos.
2448 2395 2647 2433 bonum
2677 2395 2763 2447 pro
2793 2395 2854 2433 cu
2881 2395 3040 2447 usque
3072 2395 3222 2448 captu
3250 2395 3463 2449 singulis
3493 2395 3660 2441 anesi,
3692 2395 3805 2435 sou.

2164 2447 2361 2503 Bonum
2391 2458 2474 2528 est
2491 2448 2779 2528 paciﬁcum,
2964 2449 3095 2504 Boni
3116 2464 3299 2528 nomen
3325 2449 3475 2528 latius
3506 2456 3810 2528 pateiqnain

2163 2534 2346 2574 nomen
2373 2520 2528 2586 entis,
2566 2520 2698 2575 427.
2735 2519 2858 2575 Boni
2888 2520 2999 2574 laus
3037 2529 3115 2574 est
3147 2521 3208 2575 de
3260 2537 3313 2574 re
3349 2521 3482 2576 bona
3529 2519 3687 2590 loqui,
3727 2519 3809 2576 20.

2161 2590 2287 2647 Boni
2318 2607 2418 2645 una
2447 2599 2525 2646 est
2554 2607 2727 2654 causa,
2762 2607 2810 2645 in
2846 2590 2880 2645 li
2910 2599 3080 2645 autem
3112 2594 3309 2659 multae,
3334 2591 3459 2647 423.
3488 2590 3621 2646 Boni
3642 2606 3816 2646 nomen

2161 2670 2213 2716 et
2242 2662 2431 2717 similia
2472 2663 2534 2717 de
2563 2670 2667 2717 tota
2704 2662 2962 2733 Trinitate
2998 2662 3265 2733 aequaliter
3302 2663 3667 2733 praedicantur,
3697 2661 3810 2717 315.

2163 2733 2371 2789 Bonitas
2428 2741 2511 2790 est
2567 2732 2781 2804 primum
2812 2732 2905 2788 Dei
2935 2734 3258 2795 attributum.
3301 2732 3427 2790 351.
3461 2733 3701 2789 Bonitate
3731 2733 3819 2791 Dei

2172 2807 2342 2860 omnia
2373 2803 2677 2869 consistunt,
2714 2805 2839 2870 351,
2865 2804 2990 2869 375,
3010 2804 3136 2862 389.
3164 2809 3203 2860 Α
3224 2803 3449 2860 bonitate
3473 2813 3561 2860 est
3581 2804 3820 2860 ordinatio

2171 2879 2485 2956 angelorum,
2538 2875 2665 2932 351.
2696 2875 2939 2956 §imiliter
2974 2891 3158 2956 eorum
3180 2877 3502 2956 functiones,
3536 2875 3667 2956 352.
3691 2876 3821 2956 §unt

2171 2946 2353 3001 animai
2384 2946 2989 3018 earumqueifacultates,
3042 2946 3175 3003 ibid.
3229 2947 3476 3002 Similiter
3516 2947 3753 3003 animalia
3779 2956 3826 3002 et

2171 3018 2467 3086 inanimata,
2495 3017 2626 3074 ibid.
2661 3017 2865 3072 Bonum
2895 3027 2975 3071 est
3005 3033 3157 3088 super
3186 3020 3376 3083 omnia,
3408 3027 3460 3073 et
3490 3026 3645 3073 vocat
3667 3017 3819 3074 etiam

2173 3106 2285 3160 quas
2316 3105 2416 3145 non
2445 3096 2567 3144 sunt
2595 3096 2652 3144 ut
2680 3088 2805 3156 sint,
2835 3088 2963 3160 352.
2986 3089 3218 3160 _Bonum
3257 3098 3339 3147 est
3364 3105 3525 3145 causa
3570 3090 3707 3160 quod
3734 3090 3829 3145 sint

2172 3158 2290 3216 cali
2318 3169 2369 3216 et
2398 3168 2568 3215 inotus
2597 3176 2793 3226 eorum,
2823 3158 2949 3216 353.
2984 3158 3074 3215 Est
3097 3166 3148 3214 et
3169 3176 3323 3215 causa
3348 3160 3566 3216 luminis
3586 3158 3644 3215 et
3664 3176 3825 3215 rerum

2172 3232 2420 3295 omnium,
2453 3232 2587 3287 ibid.
2632 3231 2827 3302 Bonum
2860 3238 2939 3285 est
2967 3231 3373 3302 congregativum
3404 3238 3457 3286 et
3480 3231 3549 3288 ad
3579 3247 3640 3302 se
3658 3231 3826 3287 omnia

2173 3305 2445 3382 convertit,
2617 3301 2867 3382 .Nihilest
2891 3301 3363 3382 exsors_bonit§tis,
3398 3303 3530 3358 141.
3558 3301 3645 3382 Ex
3668 3303 3831 3382 omni-

2171 3375 2269 3429 bus
2297 3374 2481 3445 aliquid
2512 3373 2628 3445 boni
2660 3372 3020 3445 colligendum,
3066 3372 3195 3445 ibid.
3232 3372 3442 3445 Bonitas
3468 3374 3607 3445 quid
3651 3374 3721 3429 sit
3748 3390 3828 3445 per

2176 3462 2250 3508 se,
2282 3443 2407 3501 513'.
2443 3444 2649 3516 Bonitas
2679 3444 2943 3516 quomodo
2956 3450 3037 3516 est
3065 3443 3156 3500 Dei
3183 3444 3427 3509 essentia,
3456 3443 3593 3502 375.
3628 3443 3825 3501 Bonum

2177 3526 2226 3571 et
2254 3532 2423 3571 verum
2452 3514 2569 3587 quid
2593 3514 2845 3580 diﬁerant,
2878 3514 3004 3570 376.

2252 3588 2397 3644 Bovis
2427 3588 2586 3643 forma
2615 3588 2730 3659 quid
2760 3584 3156 3659 declaretL132,
3190 3586 3310 3642 147.

2977 3655 3022 3719 C

2249 3737 2421 3809 Caligo
2459 3737 2625 3809 divina
2660 3736 2894 3809 quidsit,
2926 3736 3052 3793 591.
3087 3736 3264 3808 Caligo
3295 3737 3511 3809 mystica
3560 3738 3723 3809 simu!
3765 3744 3838 3792 est

2178 3808 2505 3871 lucidissima,
2546 3807 2681 3863 544⁷
2705 3808 2880 3879 Caligo
2918 3817 2968 3863 et
2997 3823 3180 3863 arcana
3210 3807 3358 3879 quid,
3382 3809 3514 3863 542.
3553 3807 3837 3879 Caliginem

2178 3825 2505 3871 iuciaisSima,
2546 3825 2671 3863 oss.
2705 3825 2815 3864 uati
2851 3825 2880 3862 ο
2918 3825 2968 3863 et
2997 3825 3180 3863 arcana
3210 3825 3349 3879 quin,
3382 3825 3514 3863 oez.
3553 3825 3837 3879 uauginem

2178 3879 2508 4007 iigieigigilld
2537 3879 2624 3943 sit,
2657 3880 2782 3936 558.
2815 3825 2986 3950 Caligo
3008 3881 3219 3949 mystica
3248 3880 3303 3934 ﬁt
3327 3896 3393 3935 ex
3414 3880 3554 3935 lucis
3584 3878 3840 3935 abundan-

2181 3961 2271 4018 tia,
2301 3961 2434 4007 ima.

2251 4021 2457 4077 Cantica
2485 4036 2628 4076 sacra
2661 4029 2713 4076 et
2738 4022 2981 4077 lectiones
3016 4024 3135 4092 quid
3172 4021 3459 4092 designent,
3501 4021 3639 4076 189.
3672 4019 3842 4077 Cautio

2181 4108 2357 4147 corum
2388 4093 2724 4163 spiritualium
2755 4108 2865 4163 quas
2895 4094 2960 4149 sit
2989 4093 3284 4164 eliicacitas,
3316 4093 3442 4148 217.

2252 4164 2473 4219 CABPUS
2500 4164 2599 4231 (3.)
2633 4163 2744 4231 quis
2766 4164 2850 4229 sit,
2881 4164 3006 4219 607.

2562 4180 2599 4229 .)
2633 4180 2744 4229 quis
2766 4180 2850 4229 su,
2881 4180 3006 4219 0w.

2252 4180 2473 4219 manus
2500 4180 2599 4231 (δ.)
2633 4180 2744 4234 quis
2766 4180 2850 4229 su,
2881 4180 3006 4219 om.

2250 4234 2637 4361 gatﬂefﬁumenis
2689 4236 2806 4305 quid
2843 4236 3017 4290 audire
3066 4236 3261 4291 licitum
3300 4243 3350 4289 et
3381 4234 3564 4290 videre
3625 4231 3848 4304 prohibi-

2179 4315 2307 4370 tum,
2336 4315 2462 4361 207.

2249 4377 2415 4448 Causa
2444 4375 2565 4447 quid
2594 4375 2680 4439 sit,
2713 4375 2843 4431 204.
2893 4375 3075 4434 Causae
3111 4375 3418 4448 principales
3446 4390 3700 4448 quaenam
3730 4374 3844 4436 sint.

2177 4448 2300 4505 451.
2334 4447 2518 4504 Causae
2546 4449 2607 4502 ad
2638 4447 2874 4502 eﬁ‘ectum
2900 4464 3000 4501 non
3031 4447 3123 4503 est
3141 4448 3443 4513 similitudo,
3464 4447 3617 4503 7498.

2249 4519 2479 4575 Charitas
2510 4528 2590 4573 est
2615 4517 2759 4588 quasi
2784 4518 2960 4573 anima
2990 4518 3235 4574 virtutum
3256 4527 3592 4588 ceterarum,
3626 4516 3758 4575 379.

2249 4589 2516 4646 Cherubim
2549 4588 2667 4660 quid
2697 4590 2965 4659 signiﬁcat,
2998 4591 3089 4659 53,
3121 4590 3212 4656 55,
3245 4590 3336 4647 59.

2250 4661 2545 4718 CHRISTUS.
2564 4659 2680 4715 ’Per
2710 4660 2970 4717 Christum
2994 4677 3256 4717 accessum
3285 4660 3542 4717 habemus
3562 4662 3631 4716 ad
3662 4659 3849 4727 Deum,

2182 4735 2267 4789 15.
2294 4732 2533 4808 Christus
2562 4748 2618 4786 se
2645 4734 2849 4808 angelis
2870 4733 3096 4808 clare__in_
3117 4732 3491 4808 gloria,_nobis
3518 4732 3752 4808 obscure
3771 4743 3853 4808 per

2180 4804 2407 4876 symbula
2432 4804 2795 4876 communicat,
2826 4803 3214 4876 _154.Christns
3244 4803 3419 4859 habuit
3439 4805 3631 4859 omnia
3652 4803 3851 4873 propria

2180 4873 2529 4943 humanitatis,
2558 4873 2684 4930 325.
2718 4873 2956 4930 Christus
3001 4876 3275 4930 humanam
3314 4882 3563 4930 naturam
3596 4886 3853 4944 superna-

2180 4945 2406 5002 turaliter
2435 4944 2775 5017 participavit,
2807 4944 2933 5001 322.
2964 4944 3198 5002 Christus
3223 4945 3406 5002 dicitur
3436 4946 3735 5009 αὒτόλιθος
3768 4956 3857 4997 seu

2182 5026 2502 5105 αὐτοπέτρσι,
2534 5024 2659 5082 295.
2686 5024 2919 5081 Christus
2949 5033 3027 5080 est
3066 5026 3151 5081 lux
3189 5042 3329 5091 vera,
3362 5028 3416 5082 4.
3443 5024 3714 5081 Christus
3735 5038 3855 5105 quo-

2188 5106 2341 5178 modo
2366 5102 2617 5178 parabolis
2644 5115 2697 5160 et
2732 5105 2975 5178 symbolis
3004 5122 3133 5178 usus
3163 5106 3256 5173 sit,
3286 5106 3412 5178 615.
3447 5102 3861 5178 Christodivina

2188 5186 2239 5233 et
2267 5176 2504 5249 sublimia
2526 5177 2730 5238 dantur,
2764 5176 2889 5232 157.
2921 5176 3158 5233 Christus
3185 5177 3435 5249 quomodo
3468 5176 3859 5249 sanctiﬁcatus,

2187 5248 2313 5304 229.
2347 5247 2546 5304 Christo
2567 5249 2725 5304 multa
2744 5263 2830 5319 per
2861 5249 3067 5319 angelos
3092 5247 3342 5315 nuntiata,
3372 5247 3466 5317 38,
3502 5252 3600 5306 41.
3633 5248 3863 5319 Christus

2190 5319 2359 5401 magni
2385 5319 2583 5375 consilii
2611 5316 3020 5445 Auge—lusuib'id.
3066 5319 3253 5376 Christi
3297 5316 3659 5400 mansuetudo
3701 5316 3864 5391 potius

2191 5390 2432 5448 imitanda
2460 5405 2611 5459 quam
2640 5406 2695 5445 ze
2720 5407 2779 5446 us
2803 5389 2947 5455 Elite,
2979 5391 3108 5449 603.
3145 5394 3272 5459 Quae
3296 5399 3363 5446 sit
3383 5400 3802 5448 mansuetorum
3821 5392 3869 5459 et

2191 5406 2432 5448 ululanda
2460 5406 2611 5455 quam
2640 5406 2779 5446 ιθιιιε
2803 5406 2947 5455 uuae,
2979 5406 3108 5449 ῠυῦ.
3145 5406 3272 5455 ρυε
3296 5406 3363 5446 δη
3383 5406 3802 5448 mansuetorum

2191 5406 2432 5448 imitantia
2460 5406 2611 5462 quam
2640 5406 2779 5446 zelus
2803 5406 2947 5455 uuas,
2979 5406 3108 5449 ouo.
3145 5406 3272 5459 una
3296 5406 3363 5446 sit
3383 5406 3802 5448 mansuetorum
3821 5406 3866 5443 ei

2188 5462 2465 5518 crudelium
2493 5461 2781 5531 retributio,
2810 5461 3162 5533 604.;Chrisii
3190 5470 3379 5533 quanta
3412 5461 3486 5517 sit
3521 5458 3866 5533 mansuetudo

2186 5541 2237 5588 et
2271 5533 2572 5604 benignitas,
2604 5532 2733 5597 598,
2762 5530 2889 5588 603.
2928 5530 3130 5589 Christo
3177 5530 3323 5604 grata
3369 5541 3448 5588 est
3488 5531 3864 5595 mansuetudo,

2184 5604 2311 5661 606.
2373 5602 2499 5660 Cum
2543 5602 2746 5662 Christo
2800 5605 3096 5661 certandum
3124 5602 3540 5661 et’moriendum
3590 5614 3704 5671 est,
3748 5604 3866 5659 185.

2182 5676 2416 5732 Christus
2443 5684 2523 5732 est
2553 5690 2705 5731 verus
2734 5675 2906 5740 homo,
2939 5674 3065 5732 589.
3101 5674 3338 5732 Christus
3367 5682 3448 5731 est
3486 5675 3643 5734 Deus
3694 5678 3861 5737 homo,

2184 5747 2310 5819 609.
2342 5744 2574 5819 Christus
2601 5754 2681 5819 est
2720 5748 2833 5819 plus
2862 5761 3013 5818 quam
3042 5746 3221 5814 homo,
3253 5745 3385 5806 ibid.
3429 5744 3652 5805 Christi
3681 5760 3865 5819 opera-

2186 5818 2351 5876 tiones
2380 5817 2555 5890 quales
2583 5817 2704 5884 sint,
2724 5816 2891 5873 ’590.‘
3716 5816 3734 5819 '
3790 5854 3791 5857 η
