4008 6152
943 697 2826 941 PROLEGOMENA.

1453 1191 2293 1293 DISSERTATIO

576 1438 718 1524 DE
843 1434 1394 1524 OPERIBUS
1523 1433 1614 1520 S.
1750 1429 2252 1518 DIONYSII
2361 1433 3146 1533 AREOPAGITE.

652 1641 755 1721 (D.
782 1637 866 1702 Ls
887 1636 1150 1724 Nounnv,
1183 1641 1540 1724 Apparatus
1567 1635 1646 1704 ad
1666 1634 1834 1701 Bibl.
1866 1651 2036 1702 max.
2059 1636 2323 1717 Parisiis,
2350 1638 2528 1718 1703,
2561 1639 2794 1719 iu-t‘ol.,
2819 1658 2880 1722 p.
2919 1639 3089 1720 169.)

702 1911 945 1978 CAPUT
989 1913 1291 1976 PRanM
1839 1907 1874 1956 Α
1902 1905 2052 1995 chiae
2100 1909 2295 1973 ordini
2327 1912 2632 1992 peculiare
2665 1919 2777 1995 est,
2813 1912 3160 1995 promiscue
3193 1911 3559 1974 vocitentur.

338 2002 610 2084 Analysis
639 2005 911 2067 omnium
947 2004 1012 2068 S.
1049 2005 1326 2083 Dionysii
1357 2001 1656 2082 Operam.
1728 2083 1731 2084 ν
1910 1993 2485 2080 Nonnullaepostea,
2515 2021 2648 2084 qua:
2675 1993 3194 2084 adiargumentum
3219 2020 3390 2064 suum
3422 2019 3565 2080 spe-

254 2091 356 2173 §I.
381 2083 559 2156 Liber
573 2093 645 2156 de
664 2093 892 2156 caelesti
910 2093 1282 2156 hierarchia.
1321 2127 1395 2138 -
1423 2083 1830 2154 Primusliber
1912 2083 2570 2163 ctabant,ditﬁcultates
2585 2083 3056 2156 enodatetsolvit
3075 2092 3228 2173 (cap.
3257 2089 3566 2171 12),nimi-

169 2180 434 2264 Dionysii
455 2183 840 2264 Areopagita:
864 2182 1106 2246 nomine
1130 2177 1729 2262 inscriptus,tituium
1748 2175 1830 2237 De
1915 2193 2044 2236 rum
2079 2197 2186 2238 cur
2237 2180 2555 2263 episcopus
2588 2182 2819 2244 dicatur
2841 2182 3088 2263 angelus
3116 2180 3352 2244 Domini
3375 2178 3564 2241 omni-

162 2272 404 2335 ccelesti
434 2272 782 2336 hicrarchs‘a
807 2274 1066 2354 przetvrt,
1097 2273 1286 2353 isque.
1318 2272 1470 2332 sicut
1493 2278 1551 2331 et
1573 2267 1671 2329 alii
1697 2264 1831 2327 sub-
1917 2267 2194 2349 potentis,
2230 2289 2337 2331 cur
2369 2290 2440 2333 ex
2491 2273 2956 2352 Seraphinorum
3017 2271 3231 2334 ordine
3287 2289 3443 2332 unus
3486 2268 3560 2330 ad

170 2354 1822 2442 sequentesTimotheosympresbyteronuncnpatur.Ab
1907 2355 2121 2417 Isaiam
2158 2359 2374 2421 missus
2404 2361 2608 2435 fuerit,
2663 2371 3038 2443 quantusque
3070 2361 3148 2424 sit
3195 2360 3556 2440 Angelorum

167 2451 298 2533 ipso
353 2460 555 2513 autem
617 2451 796 2530 hujus
859 2451 996 2512 libri
1033 2451 1278 2514 exordio
1309 2456 1468 2530 (cap.
1504 2449 1562 2527 1)
1618 2455 1826 2509 auctor
1910 2463 2197 2533 numerus
2247 2459 2396 2531 (cap.
2434 2451 2562 2529 t3).
2621 2451 2891 2530 Denique
2921 2457 3070 2532 (cap.
3104 2451 3204 2528 44)
3255 2447 3561 2531 corporeis

170 2532 416 2602 omnem
450 2540 648 2602 lucem
675 2559 709 2602 a
741 2538 863 2602 Deo
895 2543 1067 2602 Patre
1097 2540 1172 2602 ad
1208 2557 1316 2601 nos
1374 2536 1629 2600 derivari
1686 2553 1824 2616 pro-
1909 2532 2293 2614 imaginibus;
2320 2538 2538 2619 quibus
2560 2541 2757 2620 angeli
2779 2543 2839 2602 in
2872 2540 3180 2620 Scriptura
3202 2541 3558 2620 ﬁgurantur,

166 2631 387 2705 fessus,
423 2629 496 2691 ad
524 2647 696 2691 suum
729 2630 804 2692 de
835 2628 1016 2690 rebus
1045 2628 1418 2700 caelestibus,
1440 2628 1632 2707 iisque
1664 2626 1824 2686 dim-
1912 2622 2256 2702 singillatim
2279 2627 2613 2710 explicatis,
2647 2631 2867 2692 librnm
2897 2629 3170 2694 absolvit.

166 2719 432 2791 cillimis,
466 2719 571 2782 sed
617 2738 756 2800 quae
781 2719 1190 2781 materialibus
1212 2726 1270 2780 et
1291 2717 1597 2799 corporeis
1619 2715 1822 2777 adum-
1987 2712 2016 2791 ἕ
2043 2711 2112 2774 ll.
2144 2714 2323 2776 Liber
2345 2717 2416 2778 de
2435 2719 2839 2782 ecclesiastica
2866 2720 3239 2782 hierarchia.
3267 2755 3342 2766 —
3360 2717 3425 2780 In
3459 2718 3558 2782 illo

170 2809 356 2872 bratze
387 2816 580 2884 erant,
604 2816 1020 2888 argumentum
1047 2825 1181 2869 cum
1208 2825 1274 2868 ex
1302 2805 1606 2886 Scriptura
1629 2822 1819 2878 sacra,
1908 2804 2106 2882 priore
2125 2803 2276 2864 libro
2298 2806 2752 2888 alterius,quem
2790 2810 2875 2870 De
2894 2810 3301 2872 ecclesiastica
3322 2807 3558 2870 hierar-

168 2909 296 2960 tnm
329 2917 402 2960 ex
433 2897 728 2974 Patribus,
764 2898 1077 2978 implorata
1109 2898 1273 2978 prius
1304 2896 1525 2958 Christi
1584 2893 1820 2956 Domini
1903 2891 2406 2975 chiainscriptum
2432 2897 3288 2980 voluit.fundamentaquidem
3309 2899 3555 2978 iecerat;

169 3006 307 3066 Ope,
343 2988 712 3050 tractandum
745 2988 1111 3064 aggreditur.
1148 2987 1518 3067 Quapropter
1559 2988 1717 3066 (cap.
1756 2987 1816 3060 2)
1900 2982 2004 3043 sed
2040 2983 2169 3064 ipse
2201 2985 2317 3046 nisi
2343 2986 2637 3048 Timothei
2663 2989 2944 3068 precibus
2982 2990 3193 3063 victus,
3227 3006 3466 3049 manum
3501 2988 3558 3049 ei

170 3077 294 3151 ille,
317 3078 466 3139 facta
495 3077 693 3158 operis
723 3077 816 3138 sui
844 3076 1284 3150 distributione,
1321 3072 1815 3156 primumiaperit
1896 3089 1964 3133 se
1999 3091 2118 3134 non
2150 3073 2486 3137 admovisse
2517 3079 2889 3142 testiﬁcatur.
2934 3081 3087 3142 Huic
3117 3086 3314 3140 autem
3346 3077 3555 3140 Timo-

166 3183 278 3228 cur
305 3167 612 3248 Scriptura
641 3167 842 3228 divina
870 3167 1119 3246 angelos
1151 3166 1356 3243 ﬁguris
1391 3166 1540 3227 adeo
1574 3163 1810 3242 ignobi-
1898 3162 2060 3244 (heo,
2097 3181 2170 3224 ne
2205 3165 2482 3245 mysteria
2515 3175 2716 3228 nostra
2739 3187 2857 3230 non
2881 3167 3127 3231 initiatis
3154 3166 3549 3248 aperiat,cnm

163 3254 348 3332 libus,
379 3265 561 3337 atque
592 3255 664 3318 ab
697 3273 904 3318 eorum
937 3263 1147 3317 natura
1177 3263 1291 3317 tam
1319 3255 1555 3334 alienis,
1591 3253 1812 3334 ubique
1836 3311 1872 3338 η
1894 3265 1927 3309 a
1953 3248 2211 3338 librigsui
2243 3251 2536 3333 principio
2568 3256 2776 3318 sedulo
2835 3259 3217 3338 praecepisset
3267 3265 3422 3337 (cap.
3462 3263 3542 3334 1),

165 3345 340 3406 nobis
369 3336 780 3426 repraesentet.
813 3344 964 3407 Tum
1000 3345 1155 3426 (cap.
1196 3345 1255 3426 3)
1291 3363 1530 3408 omnem
1565 3343 1810 3406 univer-
1836 3336 1873 3362 υ
1899 3336 2164 3426 ostendit
2194 3359 2308 3420 quo
2343 3359 2413 3403 ex
2441 3341 2605 3404 fonte
2631 3336 2963 3407 hierarChia
2989 3336 3393 3408 ecclesiastica
3415 3344 3543 3405 illu-

161 3437 274 3498 sim
309 3425 705 3499 hierarchiam
739 3436 946 3498 deﬁnit
969 3425 1318 3513 dividitq’ue
1355 3456 1370 3512 ;
1415 3453 1483 3496 ac
1514 3434 1649 3516 quis
1682 3435 1816 3514 ejus
1899 3425 2219 3516 sll‘itliones
2249 3447 2386 3490 suas
2414 3431 2668 3513 hauriat,
2702 3434 2762 3494 in
2795 3453 2910 3514 quo
2942 3453 3080 3496 cum
3115 3433 3343 3495 ccelesti
3393 3452 3542 3496 con-

161 3525 301 3588 ﬁnis
331 3535 654 3607 θιεεορυε,
685 3543 938 3606 qua;un
996 3524 1118 3586 sint
1174 3525 1306 3605 ejus
1357 3515 1700 3585 functiones
1755 3529 1815 3585 οι
1899 3515 2116 3596 veniat,
2151 3516 2238 3578 vel
2271 3518 2344 3579 ab
2373 3537 2443 3581 ea
2473 3518 2799 3602 discrepet,
2831 3541 2960 3604 quae
2982 3524 3059 3585 sit
3091 3523 3221 3602 ejus
3251 3522 3538 3601 deﬁnitio,

160 3614 369 3676 munia
423 3614 733 3677 enucleate
785 3614 1176 3678 demonstrat.
1233 3612 1388 3674 Hinc
1444 3621 1605 3692 (cap.
1641 3613 1706 3692 4)
1736 3611 1809 3674 ad

161 3703 350 3784 ipsius
367 3703 652 3782 angelicae
679 3701 1029 3766 trierarchis:
1043 3702 1492 3783 explicationem
1513 3701 1811 3784 transit,et

159 3793 424 3856 ostendit
447 3793 633 3856 Deum
667 3811 700 3855 a
731 3793 894 3854 nulla
911 3803 1186 3856 creatura
1208 3791 1599 3856 excellentius
1622 3791 1810 3873 parti-

158 3883 342 3964 cipari
377 3902 549 3964 quam
583 3883 654 3945 ab
687 3883 953 3962 angelis;
990 3881 1092 3964 qui
1123 3881 1366 3960 quidem
1399 3883 1536 3959 quia
1568 3881 1714 3944 alios
1745 3881 1808 3944 in

158 3971 479 4035 divinitatis
500 3973 903 4052 cognitionem
929 3972 1252 4047 adducunt,
1281 3971 1420 4034 ideo
1442 3971 1546 4033 illo
1567 3971 1809 4050 angelo-

155 4079 290 4123 rum
313 4063 711 4124 nominesunt
733 4063 1161 4144 donati.Atque
1187 4062 1296 4124 hac
1319 4061 1452 4126 data
1469 4062 1804 4144 occasione,

157 4150 334 4212 docet
366 4169 572 4214 eorum
635 4151 972 4215 ministerio
1034 4169 1152 4214 non
1212 4151 1404 4214 solum
1466 4151 1696 4213 divinas
1747 4152 1805 4212 in

156 4240 362 4301 Veteri
394 4242 774 4302 Testamento
805 4242 1070 4304 visiones
1100 4240 1398 4302 exhibitas
1457 4239 1662 4316 fuisse,
1699 4241 1806 4303 sed

156 4328 381 4392 Christi
411 4329 588 4390 etiam
620 4327 1094 4393 lncarnationem
1117 4330 1176 4391 ln
1195 4331 1358 4392 Now
1370 4328 1620 4392 Fcedere
1636 4329 1808 4392 nobis

155 4418 594 4481 annuntiatam.
614 4416 865 4500 Exponit
887 4419 1138 4500 insuper
1157 4422 1316 4500 (cap.
1344 4420 1403 4498 5)
1428 4437 1532 4483 cur
1553 4419 1802 4500 angeli-

150 4525 285 4570 rnm
319 4525 565 4589 nomen,
624 4508 782 4591 quod
835 4509 1046 4572 ultimo
1098 4509 1428 4572 caelestium
1483 4509 1800 4590 spirituum

1897 3607 2255 3687 principium
2289 3617 2348 3670 et
2375 3609 2534 3692 ﬁnis,
2565 3630 2634 3675 ac
2665 3613 2905 3675 tandem
2938 3633 3047 3676 cur
3097 3615 3197 3675 illa
3258 3615 3543 3695 symbolis

1897 3696 2217 3778 ﬁgurisque
2263 3701 2570 3780 corporeis
2606 3702 2794 3765 velata
2829 3703 3000 3765 nobis
3031 3704 3319 3766 tradatur.
3363 3706 3537 3766 Post-

1893 3786 2019 3849 ilth
2050 3787 2122 3849 ad
2156 3785 2390 3868 singula
2413 3808 2541 3869 qua)
2579 3790 2652 3852 ad
2687 3809 2816 3854 eam
2848 3801 3145 3873 spectant,
3183 3793 3426 3873 propius
3445 3811 3539 3855 ac-

1891 3875 2141 3953 cedens,
2160 3876 2237 3938 de
2269 3879 2660 3943 sacramentis
2683 3881 2959 3962 baptismi
2986 3884 3139 3963 (cap.
3167 3883 3226 3950 9)
3243 3893 3299 3944 et
3322 3883 3544 3946 Encha-

1891 3966 2073 4028 ristiaa
2106 3970 2264 4048 (cap.
2300 3967 2382 4044 3),
2417 3971 2496 4031 de
2528 3969 2683 4031 sacri
2709 3974 2999 4050 unguenti
3033 3991 3140 4035 seu
3172 3972 3536 4047 chrismatis,

1892 4063 1981 4112 τοῦ
2013 4057 2197 4136 μύρου,
2235 4060 2692 4122 consecratione
2726 4061 2879 4142 (cap.
2916 4064 3001 4141 4),
3037 4063 3113 4124 de
3159 4062 3541 4124 ordinatione

1891 4163 2194 4207 sacrorum
2226 4146 2513 4209 Ecclesiae
2537 4149 2946 4213 ministrorum
2969 4153 3128 4232 (cap.
3159 4153 3244 4228 5),
3269 4150 3538 4231 episcopi

1890 4234 2142 4310 scilicet,
2161 4237 2487 4317 presbyteri
2515 4245 2572 4299 et
2607 4238 2941 4317 diaconi,ac
2958 4240 3032 4302 de
3049 4239 3305 4302 solemni
3333 4259 3534 4301 mona-

1889 4323 2135 4386 chorum
2169 4325 2535 4406 professione
2564 4333 2713 4408 (cap.
2764 4330 2828 4400 6)
2867 4330 3223 4391 articulatim
3251 4328 3530 4408 disputat.

1888 4410 1996 4476 His
2021 4425 2357 4478 accuratam
2387 4415 2693 4497 subjungit
2735 4420 3256 4494 cmremoniarum,
3317 4417 3534 4499 quibus

1889 4513 2260 4565 mortuorum
2285 4523 2536 4587 corpora
2551 4507 3026 4587 sepeliebantur,
3047 4509 3524 4588 descriptionem

151 4595 359 4660 ordini
384 4598 694 4678 speciatim
717 4600 1017 4676 convenit,
1032 4597 1797 4662 caeterisindiscriminatim
1828 4673 1858 4678 _
1886 4593 2475 4675 expositionemque;
2500 4604 2557 4658 et
2587 4595 2842 4660 subinde
2861 4599 2936 4661 de
2963 4599 3278 4662 infantium
3310 4597 3528 4678 baptis-

153 4685 238 4748 ita
260 4673 1262 4768 tribuatur,utipsitamenaliorum
1281 4687 1540 4751 vicissim
1559 4689 1798 4752 nomine
1818 4673 1859 4726 ο
1885 4673 2040 4745 mate
2085 4673 2359 4748 disserit:
2387 4683 2536 4746 Tum
2571 4685 2828 4768 denique
2859 4687 3267 4763 Timotheum,
3300 4690 3348 4750 si
3381 4673 3530 4765 quas

148 4794 455 4858 nunquam
487 4777 887 4858 appellentur.
921 4777 1016 4841 Ad
1065 4779 1409 4857 angelorum
1445 4778 1796 4842 divisionem

147 4863 291 4927 inde
323 4869 476 4947 (cap.
511 4867 578 4948 6)
610 4867 1019 4948 progreditur,
1054 4878 1235 4949 atque
1268 4867 1528 4931 ostendit
1575 4886 1679 4930 eos
1734 4869 1797 4930 in

146 4967 274 5018 tres
295 4955 692 5033 hierarchias,
726 4965 786 5019 et
817 4956 1082 5037 singulas
1110 4976 1381 5040 quasque
1429 4958 1796 5021 bierarchias

148 5046 210 5107 in
243 5052 361 5107 tres
390 5047 634 5110 ordines
663 5045 752 5108 sic
782 5045 1058 5109 distribui
1094 5067 1111 5124 ;
1170 5057 1236 5108 ut
1288 5047 1480 5128 prima
1519 5046 1796 5129 Seraphi-

145 5151 366 5196 norum
412 5134 569 5217 (cap.
627 5136 716 5216 7),
791 5135 1299 5212 Chr-rubinorum,
1357 5135 1786 5218 Thronorum;

142 5221 410 5285 secunda
437 5240 582 5287 vero
611 5221 1100 5287 Dominationum
1152 5232 1308 5306 (cap.
1344 5224 1431 5306 8),
1459 5223 1786 5306 Virtutum,

144 5314 510 5376 Potestatnm
528 5334 545 5390 ;
563 5313 738 5376 tertia
754 5313 1016 5396 denique
1047 5313 1496 5396 Principatuum
1527 5325 1678 5398 (cap.
1702 5317 1786 5394 9),

140 5401 651 5482 Archangelorum
673 5411 733 5466 et
748 5405 1116 5486 Angelorum
1141 5405 1383 5467 ordines
1413 5409 1790 5488 complecta-

141 5499 263 5555 tur.
283 5491 517 5556 Deinde
541 5499 691 5574 (cap.
722 5497 818 5573 10)
834 5493 1134 5577 quomodo
1151 5492 1438 5576 quaelibet
1451 5494 1789 5561 hierarcbia

1881 4773 2168 4835 clariores
2199 4773 2406 4834 horum
2442 4777 2855 4856 mysteriorum
2889 4779 3262 4858 cognitiones
3287 4777 3523 4848 habeat,

1880 4863 1971 4924 vel
2003 4862 2223 4925 habere
2249 4863 2457 4943 possit,
2495 4873 2557 4925 ut
2586 4883 2685 4928 eas
2720 4885 2922 4930 secum
2958 4867 3242 4930 benevole
3265 4885 3506 4930 commu

1881 4953 2062 5028 nicet,
2089 4951 2418 5016 obtestatur
2440 4963 2617 5035 atque
2648 4955 2944 5022 obsecrat.

1933 5041 2270 5122 §lIl.Liber
2284 5043 2357 5105 de
2371 5042 3056 5110 (livinisnominibusr
3078 5046 3142 5109 In
3163 5046 3530 5129 tertiolibro,

1879 5152 2057 5215 quem
2089 5142 2298 5196 auctor
2346 5141 2551 5196 noster
2587 5143 2719 5215 post
2776 5137 2998 5199 editum
3057 5137 3527 5219 Hypotyposeon

1874 5226 2356 5306 theologicarum
2374 5225 2646 5289 volumen
2669 5246 2733 5290 se
2752 5230 3183 5311 conscripsisse
3198 5229 3436 5308 asserit,
3456 5230 3531 5293 de

1873 5316 2224 5380 nostrinilms
2255 5316 2484 5379 divinis
2525 5317 2788 5399 disputat
2817 5320 3081 5402 (cap.1).
3109 5321 3433 5384 llleautem
3458 5338 3532 5382 ex

1873 5405 2199 5488 Scripturis
2228 5405 2443 5488 sacris,
2475 5406 2578 5470 ubi
2611 5410 2814 5471 omnia
2845 5410 2972 5475 Dei.
2999 5411 3101 5488 qui
3131 5411 3404 5488 ἀνώνυμος
3464 5420 3530 5474 et

1873 5498 2223 5575 πολυώνυμος
2255 5505 2372 5574 est,
2407 5497 2650 5560 nomina
2677 5500 3056 5578 exhibentur,
3109 5507 3530 5582 argumentum

142 5591 454 5666 purgetur,
481 5582 921 5672 illustratur,“
943 5583 1630 5668 perﬁciatur,enucleat;
1652 5587 1788 5668 pla-
1869 5606 2046 5654 suum
2078 5595 2471 5652 tractaturum
2504 5605 2570 5650 se
2599 5606 2732 5651 esse
2763 5591 3100 5672 proﬁtetur.
3156 5594 3228 5654 Et.
3279 5589 3532 5672 quidem

141 5688 402 5762 numque
431 5671 574 5735 facit
601 5671 758 5755 (cap.
784 5674 807 5742 1
829 5679 880 5752 t)
901 5691 1010 5738 cur
1025 5690 1237 5737 omnes
1258 5675 1471 5756 Angeli
1494 5675 1781 5742 virtutum
1868 5677 2130 5761 duplicis
2159 5677 2402 5758 generis
2431 5695 2565 5740 esse
2596 5677 2740 5741 dicit
2765 5680 2922 5762 (cap.
2948 5681 3008 5760 2)
3028 5697 3099 5744 ea
3123 5681 3232 5744 Dei
3259 5671 3528 5741 nomina:

141 5759 469 5827 calestinm
492 5765 756 5846 nomine,
771 5762 930 5846 quod
952 5762 1220 5828 secundo
1245 5763 1529 5829 secundae
1558 5765 1783 5833 hierar-
1865 5759 2101 5849 alia,uti
2131 5763 2643 5843 vocant,absoluta
2673 5775 2732 5828 et
2764 5759 3278 5847 essentialia,quae
3305 5770 3534 5829 naturae

456 5881 720 5946 Persen.
754 5882 866 5946 Gn.
920 5884 1030 5945 III.

3167 5889 3188 5950 1

1873 6101 1937 6120 Ι-
1955 6099 2028 6119 _-"'\
2046 6101 2120 6118 1"
2149 6099 2210 6118 Λ
