4044 6152
446 322 513 394 ii

1611 323 1673 397 s.
1718 319 2132 398 DIONYSIUS
2193 319 2683 394 AREOPAGITA

3758 314 3833 392 Η

451 463 664 527 divinae
695 463 1005 548 tribusque
1035 462 1432 530 sanctissimae
1489 463 1798 530 Trinitatis
1827 469 2104 550 personis
2127 479 2162 526 Α
2188 464 2370 542 ditur,
2395 485 2465 528 ac
2486 465 2899 546 negationibus
2924 465 3112 544 magis
3136 481 3310 546 quam
3337 462 3834 526 all‘irmationibus

449 555 677 636 absque
709 555 1011 618 divisione
1035 557 1153 618 ulla
1187 555 1838 634 conveniunt;alia,uti
1863 559 2106 640 loquun-

452 651 568 721 tur,
598 645 874 728 relativa,
909 665 1041 726 qua:
1070 646 1393 726 unicuique
1447 666 1719 728 persona:
1761 648 2101 727 singillatim

459 734 541 796 ita
593 748 964 816 competunt,
1019 744 1080 797 ut
1108 736 1279 798 alteri
1310 756 1429 798 non
1462 738 1690 818 possint
1718 739 1986 801 attribui.
2014 740 2101 801 Ad

453 842 524 886 ea
554 843 730 905 porro
753 826 1103 906 explicanda
1133 826 1445 890 Hierothei
1476 827 1785 907 cujusdam
1834 829 2097 910 magistri

455 915 547 974 sui
579 913 732 976 libro
764 914 990 996 unitur,
1023 915 1226 996 ibique
1258 916 1415 997 (cap.
1441 915 1501 998 3)
1523 936 1628 978 cur
1654 926 1783 998 post
1813 921 2098 981 eximium

449 1002 618 1064 illum
649 1007 869 1086 virum,
906 1023 1082 1086 quem
1117 1007 1397 1068 maximis
1428 1007 1704 1070 laudibus
1747 1018 2011 1082 exornat,
2045 1019 2102 1071 et

451 1111 711 1174 quocum
742 1095 1090 1158 dormitiuni
1122 1095 1234 1158 Dei
1265 1095 1586 1160 Genitricis
1632 1116 1698 1159 se
1756 1097 2101 1162 interfuisse

452 1181 694 1260 dicit,ad
709 1185 1146 1247 conﬁciendam
1161 1186 1297 1249 lucu
1307 1188 1637 1249 brationem
1652 1205 1816 1249 suam
1832 1189 2095 1250 animum

450 1273 777 1353 appulerit,
813 1275 1021 1354 paucis
1053 1275 1154 1338 ille
1183 1277 1473 1340 declarat.
1519 1275 1657 1338 Post
1686 1277 1812 1339 haec
1855 1279 2004 1358 (cap.
2035 1279 2099 1354 4)

453 1361 688 1442 singula
715 1363 818 1425 Dei
838 1366 1083 1428 nomina
1115 1367 1415 1441 edisserit,
1434 1372 1663 1445 atquea
1687 1366 1828 1428 boni
1845 1379 1904 1428 et
1930 1366 2095 1430 boni-

450 1454 613 1533 tatis,
647 1453 879 1534 pulchri
898 1464 955 1516 et
979 1455 1464 1537 pulchritudinis,
1482 1456 2091 1538 amoris,dilectionis,

454 1543 729 1605 amabilis
743 1543 1063 1626 dilectique
1078 1546 1448 1628 expositione
1460 1547 1710 1610 orditur.
1730 1547 1882 1609 Hinc
1900 1555 2095 1610 autem

453 1641 690 1713 arrepta
718 1634 1053 1708 occasione,
1082 1636 1371 1718 quasdam
1405 1636 1482 1699 de
1511 1644 1724 1700 natura
1778 1645 1837 1698 et
1864 1637 2097 1716 origine

454 1721 595 1785 mali
617 1721 975 1804 quazstiones
1003 1725 1304 1800 enucleat,
1330 1733 1388 1788 et
1418 1725 1715 1806 quomodo
1746 1726 1804 1787 in
1853 1726 2096 1804 angelos

2184 562 2462 635 cognosci
2493 565 2708 638 potest,
2745 556 3045 636 mysticam
3081 553 3646 633 contemplationem
3688 572 3833 634 per-

2185 646 2382 710 veniat
2413 647 2566 727 (cap.
2602 651 2682 727 ‘2‘,
2717 665 2895 725 super
2938 663 3036 706 res
3068 661 3278 705 omnes
3309 642 3622 704 sensibiles
3654 653 3710 704 et
3743 644 3837 705 in-

2187 737 2556 799 tellectuales
2583 756 2715 798 esse
2730 734 3157 815 assurgeudum
3176 737 3331 814 (cap.
3351 733 3441 812 3).
3458 733 3832 795 Manifestum

2185 826 2402 888 deinde
2431 827 2565 890 facit
2593 845 2727 904 quae
2757 833 2957 888 essent
2983 825 3097 886 illas
3146 825 3514 902 negationes,
3547 841 3652 883 seu
3685 841 3832 902 per-

2184 918 2470 980 fectiones
2499 918 2609 982 Dei
2635 921 2942 993 negatiias,
2975 935 3193 998 easque
3225 933 3423 976 rerum
3457 933 3589 975 cum
3616 932 3833 992 corpo-

2182 1025 2420 1070 rearum
2453 1017 2509 1070 et
2530 1008 2932 1088 sensibilium,
2971 1015 3090 1067 tum
3126 1003 3519 1086 spiritualium
3553 1012 3610 1065 et
3646 1003 3831 1066 intel-

2184 1097 2523 1160 lectualium
2559 1098 2712 1179 (cap.
2749 1097 2828 1176 4i,
2862 1115 2994 1177 quae
3051 1095 3110 1156 in
3175 1097 3294 1156 Deo
3353 1110 3485 1154 esse
3541 1103 3828 1174 nequeut,

2184 1187 2342 1248 nuda
2374 1198 2435 1248 et
2470 1186 2727 1268 simplici
2759 1185 3141 1247 enarratione
3173 1183 3454 1264 explicat.

2262 1275 3010 1356 §V.Epistolce.—Decem
3035 1293 3270 1354 quoque
3291 1273 3558 1355 epistola)
3571 1273 3836 1355 Dionysii

2180 1371 2522 1442 Areopagitae
2537 1385 2745 1428 nomen
2769 1371 3152 1443 prmia-rentes,
3189 1370 3279 1425 his
3309 1376 3557 1440 quatuor
3578 1369 3832 1424 auctoris

2180 1457 2366 1518 nostri
2397 1456 2562 1519 libris
2585 1455 3264 1519 subnectuntur.Harum
3291 1462 3544 1530 quatuor
3570 1453 3828 1533 priores,

2179 1549 2261 1607 ad
2286 1549 2497 1608 Caium
2517 1549 2842 1628 θεραπεύτην
2860 1547 3028 1621 datae,
3057 1544 3430 1607 brevissimae
3455 1551 3832 1622 sunt,eaaque

2181 1635 2566 1717 epistolarum
2595 1636 2790 1717 potius
2816 1636 3164 1714 fragmenta,
3193 1652 3368 1715 quam
3395 1631 3663 1712 epistolae
3685 1637 3832 1692 inte.

2181 1743 2299 1803 grus
2328 1726 2620 1787 videntur.
2650 1723 2714 1786 In
2739 1743 2945 1786 earum
2978 1725 3168 1804 prima
3198 1722 3691 1802 perfectissimam
3725 1717 3833 1781 Dei

455 1811 671 1873 cadere
708 1814 990 1895 potuerit,
1038 1814 1376 1877 luculenter
1431 1815 1646 1896 aperit.
1711 1817 2096 1893 Prosequitur
2124 1846 2156 1894 Β
2182 1816 2608 1893 cognitionem,
2627 1833 2758 1895 qua;
2777 1833 2807 1876 a
2834 1814 3007 1874 nobis
3031 1812 3218 1892 accipi
3239 1811 3442 1892 possit,
3472 1830 3600 1873 eam
3627 1817 3834 1872 auctor

455 1899 675 1963 deinde
707 1904 866 1983 (cap.
899 1903 962 1983 5)
988 1904 1323 1966 inchoatam
1351 1907 1660 1967 nominum
1684 1903 1790 1966 Dei
1817 1905 2095 1985 explana-

455 1990 704 2067 tionem,
739 1999 797 2054 et
825 2011 1044 2055 nomen
1077 1993 1428 2075 entis,quod
1452 1993 1577 2056 Deo
1601 1994 1682 2056 ita
1701 1993 2002 2070 tribuitur,
2037 2005 2099 2056 ut

455 2091 805 2143 cmterorum
826 2083 1093 2145 omnium
1113 2085 1304 2165 ipsum
1325 2084 1400 2146 sit
1428 2085 1782 2166 principium
1808 2093 1868 2146 et
1897 2103 2094 2164 causa,

452 2172 525 2232 ad
559 2191 691 2232 eum
723 2179 934 2236 tractat
959 2174 1202 2236 modum
1235 2177 1391 2256 (cap.
1446 2175 1532 2254 6),
1568 2185 1658 2248 ut,
1692 2176 1999 2256 quomodo
2032 2177 2098 2237 in

451 2263 576 2323 Deo
587 2279 788 2324 rerum
807 2265 1075 2326 omnium
1097 2264 1478 2344 exemplaria
1491 2265 2098 2346 prmexstiterintﬁbi

455 2369 695 2433 quoque
734 2351 1072 2433 patefaciat.
1131 2353 1398 2436 Explicat
1454 2365 1741 2436 prmterea
1803 2357 2097 2436 quomodo

453 2441 614 2503 Deus
636 2442 749 2503 vita
769 2443 868 2518 sit,
891 2461 926 2505 a
945 2461 1062 2523 quo
1079 2461 1246 2505 suam
1261 2453 1480 2507 caetera
1505 2446 1763 2508 viventia
1775 2447 2091 2526 accipiunt:

455 2530 756 2610 quomodo
779 2539 928 2613 (cap.
953 2534 1011 2605 '7)
1039 2533 1114 2594 sit
1136 2533 1428 2614 sapientia
1449 2535 1599 2614 ipsa,
1628 2539 1825 2598 omnis
1847 2537 2092 2609 mentis,

456 2621 738 2695 rationis,
757 2624 1093 2702 sapientia,
1115 2623 1538 2704 intelligentiw
1554 2643 1739 2688 causa
1760 2648 1773 2702 ;
1801 2624 2097 2705 quomodo

455 2711 609 2791 (cap.
645 2711 703 2790 8)
734 2711 934 2772 omnia
992 2723 1332 2792 cognoscat,
1383 2723 1439 2776 et
1468 2733 1500 2776 a
1535 2715 1823 2777 creaturis
1871 2733 2096 2793 cogno-

453 2808 694 2864 scatur:
726 2799 1029 2881 quomodo
1055 2801 1344 2882 Verbum,
1381 2807 1577 2884 Λόγος,
1611 2804 1687 2866 sit
1730 2803 1968 2882 veritas,
2032 2823 2099 2865 ac

453 2889 595 2951 ﬁdei
628 2901 848 2955 nostra;
891 2892 1386 2958 fundamentum:
1435 2893 1731 2975 quomodo
1758 2914 1826 2955 ex
1873 2894 2101 2956 infinita

2183 1923 2313 1966 esse
2336 1905 2502 1986 dicit,
2539 1923 2670 1986 quae
2703 1923 2770 1966 ex
2797 1903 3094 1966 altrihutis
3120 1903 3247 1982 ejus
3272 1901 3557 1979 negativis
3576 1919 3688 1980 per
3717 1918 3830 1962 ea:-

2181 2011 2501 2075 cessum,ei
2533 2013 2648 2056 non
2677 1996 2950 2074 privative
2973 1993 3248 2055 habetur.
3268 1991 3330 2054 ln
3355 1990 3618 2052 secunda
3641 2009 3830 2069 expo-

2183 2084 2270 2146 nit
2299 2087 2591 2164 quomodo
2610 2088 2718 2164 qui
2739 2095 3022 2165 estsuper
3053 2085 3364 2155 omnia,sit
3392 2100 3577 2161 supra
3609 2082 3832 2161 princi-

2179 2177 2351 2255 pium
2397 2177 2734 2238 divinitatis
2765 2182 2818 2238 et
2865 2174 3240 2236 bonitatis.ln
3266 2171 3441 2234 tertia
3488 2190 3624 2233 vero
3656 2168 3821 2249 quod

2187 2265 2500 2327 Malachias
2546 2266 2835 2346 prepheta
2883 2265 2956 2325 de
2999 2264 3232 2325 Christo
3281 2263 3820 2343 pi'mnuntiavcrat:

2180 2353 2560 2432 chcnteven
2574 2356 2648 2415 iet
2663 2355 2742 2415 ad
2755 2354 3324 2434 templumsauctum
3340 2352 3660 2430 suum,hoc
3686 2350 3825 2411 bre-

2181 2444 2233 2503 vi
2286 2443 2678 2523 explicatione
2703 2445 3152 2524 interpretatur.
3205 2441 3454 2504 Demum
3510 2444 3567 2502 in
3624 2451 3829 2528 quarta

2181 2534 2478 2594 Christum
2535 2535 2716 2596 Deum
2762 2536 2942 2597 fuisse
2970 2543 3025 2595 et
3051 2534 3384 2606 hominem,
3431 2539 3487 2592 et
3519 2530 3828 2610 θεκνδρικήν

2183 2625 2589 2704 operationem
2619 2624 2964 2686 exhibuisse
2995 2625 3382 2684 demonstrat.

2263 2711 2473 2785 Quinta
2508 2714 2758 2793 epistola
2812 2714 3022 2774 eodem
3085 2731 3152 2774 ac
3212 2715 3616 2792 praecedentes
3679 2711 3827 2791 ston

2184 2811 2438 2874 exarata,
2478 2804 2558 2864 ad
2600 2802 2966 2864 Dorotheum
2999 2802 3338 2879 λειτσουργόν
3369 2802 3592 2862 directa
3623 2811 3734 2861 est.
3768 2798 3829 2859 In

2186 2909 2254 2952 ea
2286 2901 2482 2952 autem
2539 2911 2671 2972 quin
2716 2894 2792 2954 sit
2843 2892 3045 2970 caligo
3103 2893 3314 2953 divina
3372 2900 3578 2952 auctor
3621 2891 3830 2970 aperit,

451 2978 582 3058 ejus
605 2983 867 3059 potentia
891 2982 1022 3044 aliae
1043 3000 1254 3046 omnes
1277 2983 1656 3059 deriventur;
1677 2991 1854 3064 atque
1882 2982 2097 3064 (capti)
2188 2979 2548 3060 planumque
2580 2981 2716 3042 facit
2748 2993 2887 3044 tunc
2918 2981 3105 3042 Deum
3151 2998 3288 3042 vere
3340 2980 3642 3058 cognosci,
3701 2997 3834 3040 cum

452 3069 583 3149 ejus
607 3067 840 3148 justitia
883 3072 1148 3133 omnium
1176 3091 1386 3136 norma
1412 3074 1506 3148 sit,
1539 3071 1699 3135 salus
1742 3083 1800 3135 et
1827 3072 2103 3152 redemps
2185 3069 2289 3130 ille
2319 3087 2499 3150 super
2519 3089 2758 3133 omnem
2790 3071 3100 3132 scientiam
3161 3077 3218 3131 et
3248 3069 3650 3147 cognitionem
3705 3086 3836 3130 esse

452 3159 558 3225 tio.
583 3159 673 3222 Ad
697 3161 822 3223 haec
851 3179 988 3222 vero
1033 3165 1194 3243 (cap.
1225 3168 1328 3242 40)
1384 3180 1494 3225 cur
1525 3162 1687 3224 Deus
1735 3181 1996 3243 magnus
2046 3171 2105 3226 et
2189 3161 2590 3238 cognoscitur.

450 3251 870 3330 parvus,idem
890 3259 945 3313 et
966 3250 1392 3327 aliud,similis
1414 3260 1470 3314 et
1491 3252 1808 3314 dissimilis
1830 3252 2087 3315 dicatur:
2114 3263 2153 3312 C
2259 3249 2347 3311 Ad
2357 3249 2739 3330 Sosipatrum
2755 3252 3164 3332 presbyterum
3197 3257 3359 3313 sexta
3377 3248 3554 3311 missa
3586 3255 3698 3325 est,
3738 3247 3836 3308 illa

452 3357 583 3419 quae
601 3345 675 3400 sit
697 3340 829 3419 ejus
861 3341 1050 3422 quies,
1071 3341 1244 3404 sedes
1270 3349 1331 3405 et
1367 3349 1581 3423 motus,
1613 3359 1723 3404 cur
1752 3341 2099 3404 nominetur
2180 3357 2295 3419 que
2326 3339 2591 3401 omnium
2637 3341 2774 3403 licet
2794 3341 3169 3417 brevissima,
3214 3341 3465 3402 formam
3500 3348 3701 3400 tamen
3737 3339 3836 3399 ha-

452 3428 716 3508 azqualis,
751 3431 1152 3507 omnitenens,
1178 3434 1579 3513 παντοκράτωρ,
1615 3433 1915 3512 antiquus
1963 3432 2094 3494 die-
2179 3427 2280 3490 bet
2298 3429 2720 3510 epistolanlac
2746 3440 2954 3493 auctor
2973 3440 3174 3493 noster
3197 3430 3570 3510 Sosipatrum
3600 3437 3663 3491 ut
3689 3446 3835 3508 ope-

455 3521 1007 3598 rum,antiiquuset
1030 3519 1452 3602 novus;ibique
1475 3521 2098 3601 temporesctcetemi-
2181 3538 2308 3582 ram
2345 3538 2510 3582 suam
2561 3540 2676 3584 non
2712 3531 2830 3584 tam
2863 3523 2921 3583 in
2953 3522 3268 3601 arguendis
3299 3520 3596 3582 hmreticis
3657 3535 3834 3600 quam

457 3609 606 3670 tatis
632 3616 898 3670 naturam
916 3611 1232 3691 explanare
1249 3611 1579 3675 contendit.
1599 3611 1811 3673 Postea
1831 3611 2091 3691 (cap.H)
2176 3615 2237 3671 iu
2265 3610 2512 3674 veritate
2536 3611 2890 3673 stabilienda
2917 3619 3116 3692 ponat,
3152 3614 3341 3672 amice
3374 3618 3596 3672 mouet.

453 3696 528 3757 de
561 3717 703 3778 pace
734 3698 864 3776 Dei,
900 3703 998 3781 qui
1025 3699 1219 3762 omnis
1253 3701 1415 3782 pacis
1445 3710 1653 3762 auctor
1684 3709 1794 3776 est,
1832 3700 2096 3776 disserit,
2267 3697 2530 3779 Septima
2558 3701 2657 3761 ille
2685 3701 3008 3780 Polycarpo
3041 3701 3347 3780 episcopo,
3385 3699 3488 3780 qui
3517 3700 3714 3781 ipsum
3766 3696 3837 3758 ab

457 3804 709 3868 eamque
731 3787 803 3848 ab
827 3789 1107 3850 omnibus
1125 3789 2103 3852 desideraridemonstrat.Dehinc
2187 3788 2605 3869 Apollophane
2638 3788 2924 3869 sophista,
2974 3790 3131 3870 quod
3161 3789 3474 3870 opiniones
3529 3791 3838 3868 gentilium

458 3877 622 3957 (cap.
651 3879 744 3949 12)
762 3878 832 3940 ad
865 3897 935 3941 ea
955 3880 1278 3959 respondet
1301 3899 1436 3961 quae
1459 3879 1852 3943 Thimotheus
1873 3881 2006 3942 data
2026 3881 2098 3940 ad
2189 3878 2572 3951 confutando,
2610 3896 2709 3940 eas
2742 3879 2978 3941 sincere
3009 3898 3124 3939 non
3161 3879 3590 3958 proposuisset,
3650 3879 3840 3957 palam

461 3984 598 4027 eum
630 3967 880 4048 epistola
916 3977 1289 4049 peposcerat,
1327 3969 1469 4050 quid
1506 3969 1581 4030 sit
1611 3987 1727 4049 per
1756 3989 1817 4032 se
1847 3987 2107 4049 esse,per
2191 3965 2452 4030 incusari
2486 3970 2876 4046 nuntiaverat,
2911 3969 3280 4049 respondere
3311 3970 3563 4031 videtur.
3602 3969 3698 4029 Ait
3731 3969 3840 4028 ita-

460 4073 525 4119 se
543 4059 689 4138 vita,
702 4060 1379 4138 perpesapieutialum
1402 4059 1656 4121 subinde
1675 4059 1745 4120 ad
1767 4059 2105 4121 divinorum
2192 4076 2307 4138 que
2330 4076 2395 4119 se
2425 4076 2556 4118 cum
2585 4057 2658 4119 ad
2672 4075 2870 4121 versus
2893 4058 3146 4135 gentiles
3171 4059 3524 4138 disputaret,
3553 4076 3648 4120 res
3673 4061 3846 4138 prout

462 4147 776 4208 nominum
835 4148 1312 4228 explanationem
1374 4167 1671 4224 reversus,
1732 4147 2106 4230 perspicuum
2191 4146 3304 4229 sehaberent,veresemperretulisse;
3340 4149 3845 4228 Polycarpumqne

465 4239 615 4299 facit
645 4247 789 4318 (cap.
835 4238 931 4319 i3)
967 4257 1075 4301 cur
1106 4238 1263 4301 Deus
1294 4247 1537 4301 vocetur
1569 4239 1826 4302 Sanctus
1867 4246 2098 4301 sancto-
2205 4245 2372 4315 rogat
2401 4246 2462 4296 ut
2494 4237 2894 4319 Apollophani
2947 4238 3236 4316 signiticet
3288 4256 3421 4299 eum
3457 4238 3650 4317 ipsum
3687 4251 3843 4312 esse,

462 4344 626 4400 rum,
656 4327 793 4390 Rea:
823 4347 1060 4407 regum,
1101 4331 1395 4392 Dominus
1425 4329 1907 4407 dominantium,
1961 4327 2120 4389 Deus
2207 4329 2306 4407 qui
2337 4328 2571 4388 divinis
2591 4329 3094 4390 intuemini-tuine
3127 4328 3425 4392 abutitur.
3458 4326 3692 4388 Etenim
3728 4339 3842 4386 non

466 4417 960 4478 deorum.Hisita
986 4419 1532 4499 esplicatis,monet
1561 4436 1625 4479 se
1658 4416 1856 4478 divina
1881 4418 2121 4477 nomina
2206 4416 2395 4477 solum
2430 4416 2502 4478 iis
2532 4437 2661 4498 quae
2690 4417 2885 4480 Josua:
2908 4426 2966 4479 et
2995 4416 3260 4479 Ezechiae
3319 4417 3690 4498 temporibus
3740 4433 3841 4475 ac—
3901 4472 3909 4479 .

465 4522 572 4584 pro
595 4510 718 4566 suis
737 4505 983 4588 viribus,
1009 4526 1125 4568 non
1151 4526 1257 4587 pro
1283 4526 1490 4570 eorum
1514 4506 1799 4585 dignitate
1823 4505 1907 4566 sic
1927 4505 2120 4585 expli-
2207 4505 2764 4582 ciderant,insolitis
2780 4507 3063 4570 cmlorum
3102 4507 3387 4582 motibus,
3422 4506 3528 4569 sed
3556 4507 3614 4568 in
3639 4501 3844 4586 primis

466 4594 790 4675 cuisse,ut,
820 4597 870 4656 si
902 4595 1217 4675 quidrecte
1236 4616 1374 4659 asse
1393 4597 1610 4658 dictum
1635 4595 1900 4674 fuerit,id
1924 4603 2108 4657 totum
2139 4597 2518 4677 Dstupenda,
2553 4615 2727 4678 quam
2761 4595 3081 4676 lieliopoli,
3114 4595 3255 4658 dum
3291 4595 3558 4659 Christus
3617 4591 3847 4656 crucifi-

464 4685 528 4746 in
555 4684 740 4746 Deum
765 4685 957 4766 ipsum
989 4686 1484 4768 refundidebeat;
1512 4688 1560 4748 si
1585 4685 1728 4766 quid
1753 4703 1890 4747 vero
1916 4686 2110 4747 minus
2197 4693 2455 4766 geretur,
2491 4686 2592 4748 ille
2621 4704 2823 4747 secum
2854 4685 3104 4765 viderat,
3139 4686 3283 4748 solis
3340 4685 3702 4760 defectione,
3763 4680 3835 4768 de

468 4775 616 4836 recti
648 4783 706 4836 et
729 4775 999 4856 perfecti,
1032 4775 1178 4838 illud
1215 4766 1512 4838 Timothei
1547 4775 1755 4856 peritia
1797 4774 1935 4836 velit
1979 4793 2111 4837 esse
2200 4775 2469 4854 ejusdem
2505 4773 2721 4836 Christi
2755 4774 3062 4836 divinitate
3092 4775 3283 4838 fuerat
3315 4775 3643 4838 convictus.
3681 4766 3844 4846 Quod

471 4864 1108 4946 correctum.Spondet
1135 4865 1393 4946 denique
1424 4884 1488 4926 se
1520 4866 1591 4927 de
1609 4863 1932 4946 symbolice
1958 4863 2116 4927 theo-

471 4955 635 5037 logia
657 4957 939 5037 posthaec
969 4975 1100 5019 essc
1140 4959 1528 5039 scripturum,
1590 4965 1768 5038 atque
1829 4957 1908 5019 ita
1967 4955 2118 5019 libro

471 5063 582 5109 suo
612 5046 794 5108 tinem
824 5046 1097 5128 imponit.

552 5133 704 5216 §lV.
728 5134 915 5199 Liber
935 5137 1010 5200 de
1039 5138 1304 5217 mystica
1338 5137 1656 5218 theologia.
1707 5169 1786 5181 —
1835 5134 2120 5208 Quartum

472 5223 717 5302 librum,
754 5227 843 5290 De
873 5227 1127 5307 mystica
1161 5227 1462 5308 theologia
1516 5227 1684 5289 titulo
1744 5225 2118 5306 inscriptum,

473 5323 684 5380 auctor
713 5325 918 5380 noster
951 5315 1027 5379 ab
1083 5317 1480 5380 saactissimaa
1526 5317 1826 5382 Trinitatis
1879 5315 2121 5378 invoca-

481 5412 640 5469 tione
661 5406 900 5470 inchoat
931 5406 1086 5488 (cap.
1125 5406 1215 5485 1),
1239 5405 1739 5488 Timotheumque
1783 5423 2126 5468 commone-

477 5495 620 5558 facit
652 5502 899 5578 mystica
929 5515 1061 5559 cum
1097 5495 1244 5560 viris
1274 5498 1516 5578 paganis
1547 5516 1665 5559 non
1699 5513 1830 5558 esse
1850 5511 2123 5560 commu-

476 5587 755 5653 nicanda.
782 5587 904 5670 Ipsi
934 5585 1190 5649 subinde
1219 5586 1531 5668 signiﬁcat,
1559 5595 1625 5650 ut
1650 5585 1726 5649 ad
1748 5584 1879 5666 Dei,
1905 5586 2010 5667 qui
2038 5591 2125 5647 in-

469 5679 646 5747 ﬁnite
676 5697 856 5766 supra
883 5695 993 5744 nos
1013 5676 1226 5759 elatus,
1254 5679 1543 5747 immensa
1582 5677 1835 5760 caligine
1861 5675 2122 5742 abscon-

2203 4865 2315 4946 ipsi
2346 4872 2407 4925 ut
2438 4865 2496 4924 in
2532 4864 2879 4926 memoriam
2904 4873 3164 4945 revocet,
3187 4875 3363 4947 atque
3388 4865 3462 4928 ad
3495 4865 3842 4945 amplexan-

2205 4954 2339 5015 dam
2373 4951 2769 5016 Christianam
2801 4953 3154 5032 religionem
3179 4954 3551 5031 adhortetur,
3576 4952 3848 5016 obsecrat

2205 5050 2264 5104 et
2289 5041 2578 5124 praecipit.

2283 5131 2708 5212 Demophilum
2765 5132 3154 5216 monachum,
3213 5133 3315 5216 qui
3374 5133 3762 5216 poenitentem
3816 5142 3848 5186 a

2205 5221 2516 5285 sacerdote
2537 5221 2896 5300 absolutum,
2927 5223 3242 5304 ipsumque
3276 5223 3648 5286 sacerdotem
3674 5240 3706 5284 a
3735 5231 3846 5299 quo

2205 5309 2736 5393 fueratabsolutus,
2753 5311 2962 5374 durius
2980 5320 3350 5387 tractaverat,
3379 5311 3629 5393 epistola
3651 5317 3849 5374 octava

2206 5401 2881 5484 corripit.Quamobrem
2904 5401 3138 5465 olemen
3149 5404 3286 5465 tiam
3304 5402 3854 5466 mansuetudinem-

2208 5513 2324 5576 que
2355 5493 2755 5571 commendat,
2781 5512 2852 5556 ac
2884 5492 3054 5554 variis
3084 5491 3320 5574 Moysis,
3355 5491 3619 5572 Davidis,
3676 5491 3848 5576 lose;-

2209 5572 2336 5667 phi,
2393 5583 2762 5662 angelorum,
2824 5591 2884 5646 et
2939 5572 3193 5644 Christi
3238 5581 3479 5646 Domini
3563 5572 3849 5667 exemplis

2212 5664 2420 5760 probat
2449 5675 2788 5738 sacerdotes
2817 5673 3177 5738 amonachis
3207 5692 3327 5739 non
3356 5692 3489 5738 esse
3520 5664 3850 5754 arguendos
