  <div class='ocr_page' id='page_1' title='image "/cluster/home/n/w/nwhite01/storage/ocr_20150623/3/mdp.39015008855614/014.png"; bbox 0 0 4008 6152; ppageno 0'>
   <div class='ocr_carea' id='block_1_1' title="bbox 222 345 3598 434">
    <p class='ocr_par' dir='ltr' id='par_1_1' title="bbox 222 345 3598 434">
     <span class='ocr_line' id='line_1_1' title="bbox 222 345 3598 434; baseline 0.004 -8"><span class='ocrx_word' id='word_1_1' title='bbox 222 345 296 427; x_wconf 75' lang='lat'><strong>13</strong></span> <span class='ocrx_word' id='word_1_2' title='bbox 1620 355 2212 434; x_wconf 81' lang='lat' dir='ltr'><strong>PROLEGOMENA.</strong></span> <span class='ocrx_word' id='word_1_3' title='bbox 3528 356 3598 429; x_wconf 84' lang='grc'>14</span> 
     </span>
    </p>
   </div>
   <div class='ocr_carea' id='block_1_2' title="bbox 222 487 3599 585">
    <p class='ocr_par' dir='ltr' id='par_1_2' title="bbox 222 487 3599 585">
     <span class='ocr_line' id='line_1_2' title="bbox 222 487 3599 585; baseline 0.001 -27"><span class='ocrx_word' id='word_1_4' title='bbox 222 504 400 578; x_wconf 90' lang='lat' dir='ltr'><strong>atque</strong></span> <span class='ocrx_word' id='word_1_5' title='bbox 431 503 571 559; x_wconf 98' lang='lat' dir='ltr'><strong>ante</strong></span> <span class='ocrx_word' id='word_1_6' title='bbox 597 494 792 577; x_wconf 90' lang='lat' dir='ltr'><strong>ipsum</strong></span> <span class='ocrx_word' id='word_1_7' title='bbox 818 487 920 576; x_wconf 87' lang='lat' dir='ltr'><strong>qui</strong></span> <span class='ocrx_word' id='word_1_8' title='bbox 945 487 1003 559; x_wconf 89' lang='lat' dir='ltr'><strong>id</strong></span> <span class='ocrx_word' id='word_1_9' title='bbox 1034 504 1327 562; x_wconf 70' lang='lat' dir='ltr'><strong>attentare</strong></span> <span class='ocrx_word' id='word_1_10' title='bbox 1343 516 1521 562; x_wconf 86' lang='lat' dir='ltr'><strong>ausus</strong></span> <span class='ocrx_word' id='word_1_11' title='bbox 1552 499 1750 585; x_wconf 81' lang='lat' dir='ltr'><strong>fuerit,</strong></span> <span class='ocrx_word' id='word_1_12' title='bbox 1773 502 1869 564; x_wconf 83' lang='lat' dir='ltr'><strong>in-</strong></span> <span class='ocrx_word' id='word_1_13' title='bbox 1888 509 1932 561; x_wconf 77' lang='grc' dir='ltr'>Α</span> <span class='ocrx_word' id='word_1_14' title='bbox 1956 501 2089 564; x_wconf 86' lang='lat' dir='ltr'><strong>doxi</strong></span> <span class='ocrx_word' id='word_1_15' title='bbox 2107 500 2358 585; x_wconf 89' lang='lat' dir='ltr'><strong>pedibus</strong></span> <span class='ocrx_word' id='word_1_16' title='bbox 2381 501 2443 563; x_wconf 90' lang='lat' dir='ltr'><strong>in</strong></span> <span class='ocrx_word' id='word_1_17' title='bbox 2474 517 2678 562; x_wconf 91' lang='lat' dir='ltr'><strong>eorum</strong></span> <span class='ocrx_word' id='word_1_18' title='bbox 2712 500 3318 581; x_wconf 79' lang='lat' dir='ltr'><strong>iverintsententiam,</strong></span> <span class='ocrx_word' id='word_1_19' title='bbox 3345 517 3599 580; x_wconf 83' lang='lat' dir='ltr'><strong>eamque</strong></span> 
     </span>
    </p>
   </div>
   <div class='ocr_carea' id='block_1_3' title="bbox 219 585 3596 673">
    <p class='ocr_par' dir='ltr' id='par_1_3' title="bbox 219 585 3596 673">
     <span class='ocr_line' id='line_1_3' title="bbox 219 585 3596 673; baseline 0.001 -28"><span class='ocrx_word' id='word_1_20' title='bbox 219 593 459 648; x_wconf 91' lang='lat' dir='ltr'><strong>ventum</strong></span> <span class='ocrx_word' id='word_1_21' title='bbox 493 604 626 648; x_wconf 91' lang='lat' dir='ltr'><strong>esse</strong></span> <span class='ocrx_word' id='word_1_22' title='bbox 657 585 986 652; x_wconf 87' lang='lat' dir='ltr'><strong>neminem.</strong></span> <span class='ocrx_word' id='word_1_23' title='bbox 1019 585 1289 669; x_wconf 89' lang='lat' dir='ltr'><strong>Denique</strong></span> <span class='ocrx_word' id='word_1_24' title='bbox 1324 597 1695 670; x_wconf 87' lang='lat' dir='ltr'><strong>peccatorem</strong></span> <span class='ocrx_word' id='word_1_25' title='bbox 1731 609 1865 671; x_wconf 72' lang='grc' dir='ltr'><strong>βω·</strong></span> <span class='ocrx_word' id='word_1_26' title='bbox 1950 593 2192 673; x_wconf 80' lang='lat' dir='ltr'><strong>plurimi</strong></span> <span class='ocrx_word' id='word_1_27' title='bbox 2222 592 2403 654; x_wconf 89' lang='lat' dir='ltr'><strong>variis</strong></span> <span class='ocrx_word' id='word_1_28' title='bbox 2462 588 2978 652; x_wconf 86' lang='lat' dir='ltr'><strong>lucubrationibus</strong></span> <span class='ocrx_word' id='word_1_29' title='bbox 3048 589 3109 652; x_wconf 91' lang='lat' dir='ltr'><strong>in</strong></span> <span class='ocrx_word' id='word_1_30' title='bbox 3170 587 3364 650; x_wconf 88' lang='lat' dir='ltr'><strong>lucem</strong></span> <span class='ocrx_word' id='word_1_31' title='bbox 3397 588 3596 662; x_wconf 86' lang='lat' dir='ltr'><strong>editis,</strong></span> 
     </span>
    </p>
   </div>
   <div class='ocr_carea' id='block_1_4' title="bbox 220 675 3602 763">
    <p class='ocr_par' dir='ltr' id='par_1_4' title="bbox 220 675 3602 763">
     <span class='ocr_line' id='line_1_4' title="bbox 220 675 3602 763; baseline 0.001 -27"><span class='ocrx_word' id='word_1_32' title='bbox 220 675 510 736; x_wconf 88' lang='lat' dir='ltr'><strong>nitentem</strong></span> <span class='ocrx_word' id='word_1_33' title='bbox 542 676 619 737; x_wconf 89' lang='lat' dir='ltr'><strong>ab</strong></span> <span class='ocrx_word' id='word_1_34' title='bbox 652 675 780 756; x_wconf 90' lang='lat' dir='ltr'><strong>ipso</strong></span> <span class='ocrx_word' id='word_1_35' title='bbox 812 694 930 737; x_wconf 91' lang='lat' dir='ltr'><strong>non</strong></span> <span class='ocrx_word' id='word_1_36' title='bbox 964 677 1247 741; x_wconf 85' lang='lat' dir='ltr'><strong>debuisse</strong></span> <span class='ocrx_word' id='word_1_37' title='bbox 1295 681 1464 760; x_wconf 84' lang='lat' dir='ltr'><strong>rejici</strong></span> <span class='ocrx_word' id='word_1_38' title='bbox 1499 680 1652 744; x_wconf 86' lang='lat' dir='ltr'><strong>mira</strong></span> <span class='ocrx_word' id='word_1_39' title='bbox 1679 683 1867 744; x_wconf 82' lang='lat' dir='ltr'><strong>sancti</strong></span> <span class='ocrx_word' id='word_1_40' title='bbox 1954 681 2444 763; x_wconf 79' lang='lat' dir='ltr'><strong>propugnandum</strong></span> <span class='ocrx_word' id='word_1_41' title='bbox 2478 678 2879 761; x_wconf 86' lang='lat' dir='ltr'><strong>susceperint.</strong></span> <span class='ocrx_word' id='word_1_42' title='bbox 2940 676 3154 741; x_wconf 79' lang='lat' dir='ltr'><strong>Contra</strong></span> <span class='ocrx_word' id='word_1_43' title='bbox 3185 686 3385 742; x_wconf 89' lang='lat' dir='ltr'><strong>tamen</strong></span> <span class='ocrx_word' id='word_1_44' title='bbox 3443 685 3602 741; x_wconf 84' lang='lat' dir='ltr'><strong>stant</strong></span> 
     </span>
    </p>
   </div>
   <div class='ocr_carea' id='block_1_5' title="bbox 217 764 3598 853">
    <p class='ocr_par' dir='ltr' id='par_1_5' title="bbox 217 764 3598 853">
     <span class='ocr_line' id='line_1_5' title="bbox 217 764 3598 853; baseline 0 -26"><span class='ocrx_word' id='word_1_45' title='bbox 217 764 398 842; x_wconf 86' lang='lat' dir='ltr'><strong>Carpi</strong></span> <span class='ocrx_word' id='word_1_46' title='bbox 430 764 655 827; x_wconf 85' lang='lat' dir='ltr'><strong>visione</strong></span> <span class='ocrx_word' id='word_1_47' title='bbox 685 764 1077 829; x_wconf 84' lang='lat' dir='ltr'><strong>demonstrat.</strong></span> <span class='ocrx_word' id='word_1_48' title='bbox 1131 835 1138 844; x_wconf 16' lang='grc' dir='ltr'>ὓ</span> <span class='ocrx_word' id='word_1_49' title='bbox 1951 771 2130 853; x_wconf 85' lang='lat' dir='ltr'><strong>aliqui</strong></span> <span class='ocrx_word' id='word_1_50' title='bbox 2162 790 2266 850; x_wconf 88' lang='lat' dir='ltr'><strong>pro</strong></span> <span class='ocrx_word' id='word_1_51' title='bbox 2298 769 2711 848; x_wconf 84' lang='lat' dir='ltr'><strong>antiquiorum</strong></span> <span class='ocrx_word' id='word_1_52' title='bbox 2744 766 3054 850; x_wconf 84' lang='lat' dir='ltr'><strong>opinione,</strong></span> <span class='ocrx_word' id='word_1_53' title='bbox 3117 785 3297 847; x_wconf 90' lang='lat' dir='ltr'><strong>quam</strong></span> <span class='ocrx_word' id='word_1_54' title='bbox 3349 767 3598 849; x_wconf 79' lang='lat' dir='ltr'><strong>prolixis</strong></span> 
     </span>
    </p>
   </div>
   <div class='ocr_carea' id='block_1_6' title="bbox 304 856 3596 944">
    <p class='ocr_par' dir='ltr' id='par_1_6' title="bbox 304 856 3596 944">
     <span class='ocr_line' id='line_1_6' title="bbox 304 856 3596 944; baseline -0 -24"><span class='ocrx_word' id='word_1_55' title='bbox 304 857 581 941; x_wconf 76' lang='lat' dir='ltr'><strong>Epistolas</strong></span> <span class='ocrx_word' id='word_1_56' title='bbox 611 875 785 920; x_wconf 64' lang='lat' dir='ltr'><strong>nonae</strong></span> <span class='ocrx_word' id='word_1_57' title='bbox 811 859 891 921; x_wconf 75' lang='lat' dir='ltr'><strong>ad</strong></span> <span class='ocrx_word' id='word_1_58' title='bbox 921 858 1124 922; x_wconf 80' lang='lat' dir='ltr'><strong>Titum</strong></span> <span class='ocrx_word' id='word_1_59' title='bbox 1148 862 1496 944; x_wconf 77' lang='lat' dir='ltr'><strong>episcopum</strong></span> <span class='ocrx_word' id='word_1_60' title='bbox 1521 872 1666 927; x_wconf 80' lang='lat' dir='ltr'><strong>catae</strong></span> <span class='ocrx_word' id='word_1_61' title='bbox 1697 864 1868 927; x_wconf 89' lang='lat' dir='ltr'><strong>initio</strong></span> <span class='ocrx_word' id='word_1_62' title='bbox 1952 868 2129 923; x_wconf 88' lang='lat' dir='ltr'><strong>etiam</strong></span> <span class='ocrx_word' id='word_1_63' title='bbox 2160 858 2714 925; x_wconf 87' lang='lat' dir='ltr'><strong>Dissertationibus.</strong></span> <span class='ocrx_word' id='word_1_64' title='bbox 2746 860 2807 920; x_wconf 91' lang='lat' dir='ltr'><strong>in</strong></span> <span class='ocrx_word' id='word_1_65' title='bbox 2836 856 3050 936; x_wconf 85' lang='lat' dir='ltr'><strong>vulgus</strong></span> <span class='ocrx_word' id='word_1_66' title='bbox 3100 875 3217 919; x_wconf 90' lang='lat' dir='ltr'><strong>non</strong></span> <span class='ocrx_word' id='word_1_67' title='bbox 3247 857 3328 919; x_wconf 90' lang='lat' dir='ltr'><strong>ita</strong></span> <span class='ocrx_word' id='word_1_68' title='bbox 3361 857 3596 940; x_wconf 89' lang='lat' dir='ltr'><strong>pridem</strong></span> 
     </span>
    </p>
   </div>
   <div class='ocr_carea' id='block_1_7' title="bbox 217 946 2977 1034">
    <p class='ocr_par' dir='ltr' id='par_1_7' title="bbox 217 946 2977 1034">
     <span class='ocr_line' id='line_1_7' title="bbox 217 946 2977 1034; baseline 0.001 -26"><span class='ocrx_word' id='word_1_69' title='bbox 217 947 364 1025; x_wconf 90' lang='lat' dir='ltr'><strong>quid</strong></span> <span class='ocrx_word' id='word_1_70' title='bbox 399 946 602 1026; x_wconf 68' lang='lat' dir='ltr'><strong>ﬁgurae</strong></span> <span class='ocrx_word' id='word_1_71' title='bbox 633 948 981 1029; x_wconf 59' lang='lat' dir='ltr'><strong>symbolice;</strong></span> <span class='ocrx_word' id='word_1_72' title='bbox 1013 958 1071 1013; x_wconf 93' lang='lat' dir='ltr'><strong>et</strong></span> <span class='ocrx_word' id='word_1_73' title='bbox 1103 969 1428 1033; x_wconf 57' lang='lat' dir='ltr'><strong>corporeae,</strong></span> <span class='ocrx_word' id='word_1_74' title='bbox 1465 972 1599 1034; x_wconf 83' lang='lat' dir='ltr'><strong>quae</strong></span> <span class='ocrx_word' id='word_1_75' title='bbox 1653 958 1775 1018; x_wconf 91' lang='lat' dir='ltr'><strong>Deo</strong></span> <span class='ocrx_word' id='word_1_76' title='bbox 1806 959 1865 1017; x_wconf 91' lang='lat' dir='ltr'><strong>in</strong></span> <span class='ocrx_word' id='word_1_77' title='bbox 1952 951 2211 1023; x_wconf 85' lang='lat' dir='ltr'><strong>emissis,</strong></span> <span class='ocrx_word' id='word_1_78' title='bbox 2248 948 2572 1013; x_wconf 80' lang='lat' dir='ltr'><strong>defenduni</strong></span> <span class='ocrx_word' id='word_1_79' title='bbox 2611 967 2678 1011; x_wconf 90' lang='lat' dir='ltr'><strong>ac</strong></span> <span class='ocrx_word' id='word_1_80' title='bbox 2712 956 2977 1012; x_wconf 86' lang='lat' dir='ltr'><strong>tuentur.</strong></span> 
     </span>
    </p>
   </div>
   <div class='ocr_carea' id='block_1_8' title="bbox 215 1034 3600 1121">
    <p class='ocr_par' dir='ltr' id='par_1_8' title="bbox 215 1034 3600 1121">
     <span class='ocr_line' id='line_1_8' title="bbox 215 1034 3600 1121; baseline 0 -20"><span class='ocrx_word' id='word_1_81' title='bbox 215 1035 527 1116; x_wconf 82' lang='lat' dir='ltr'><strong>Scriptura</strong></span> <span class='ocrx_word' id='word_1_82' title='bbox 547 1055 721 1100; x_wconf 87' lang='lat' dir='ltr'><strong>sacra</strong></span> <span class='ocrx_word' id='word_1_83' title='bbox 746 1038 1116 1115; x_wconf 84' lang='lat' dir='ltr'><strong>tribuuntur,</strong></span> <span class='ocrx_word' id='word_1_84' title='bbox 1138 1040 1498 1120; x_wconf 82' lang='lat' dir='ltr'><strong>signiﬁcent,</strong></span> <span class='ocrx_word' id='word_1_85' title='bbox 1533 1053 1741 1108; x_wconf 86' lang='lat' dir='ltr'><strong>auctor</strong></span> <span class='ocrx_word' id='word_1_86' title='bbox 1766 1065 1869 1108; x_wconf 83' lang='lat' dir='ltr'><strong>no-</strong></span> <span class='ocrx_word' id='word_1_87' title='bbox 2030 1042 2170 1103; x_wconf 69' lang='lat' dir='ltr'><strong>Haec</strong></span> <span class='ocrx_word' id='word_1_88' title='bbox 2192 1040 2389 1121; x_wconf 90' lang='lat' dir='ltr'><strong>itaque</strong></span> <span class='ocrx_word' id='word_1_89' title='bbox 2403 1037 2633 1121; x_wconf 90' lang='lat' dir='ltr'><strong>questio</strong></span> <span class='ocrx_word' id='word_1_90' title='bbox 2660 1056 2794 1100; x_wconf 91' lang='lat' dir='ltr'><strong>cum</strong></span> <span class='ocrx_word' id='word_1_91' title='bbox 2817 1054 2923 1117; x_wconf 87' lang='lat' dir='ltr'><strong>pro</strong></span> <span class='ocrx_word' id='word_1_92' title='bbox 2945 1034 3141 1099; x_wconf 82' lang='lat' dir='ltr'><strong>officio</strong></span> <span class='ocrx_word' id='word_1_93' title='bbox 3164 1042 3366 1098; x_wconf 91' lang='lat' dir='ltr'><strong>nostro</strong></span> <span class='ocrx_word' id='word_1_94' title='bbox 3387 1055 3600 1102; x_wconf 88' lang='lat' dir='ltr'><strong>rursus</strong></span> 
     </span>
    </p>
   </div>
   <div class='ocr_carea' id='block_1_9' title="bbox 216 1125 3601 1213">
    <p class='ocr_par' dir='ltr' id='par_1_9' title="bbox 216 1125 3601 1213">
     <span class='ocr_line' id='line_1_9' title="bbox 216 1125 3601 1213; baseline 0.001 -25"><span class='ocrx_word' id='word_1_95' title='bbox 216 1133 343 1188; x_wconf 77' lang='lat' dir='ltr'><strong>ater</strong></span> <span class='ocrx_word' id='word_1_96' title='bbox 370 1125 664 1189; x_wconf 89' lang='lat' dir='ltr'><strong>enucleat.</strong></span> <span class='ocrx_word' id='word_1_97' title='bbox 704 1126 934 1190; x_wconf 89' lang='lat' dir='ltr'><strong>Deinde</strong></span> <span class='ocrx_word' id='word_1_98' title='bbox 964 1147 1034 1191; x_wconf 91' lang='lat' dir='ltr'><strong>ea</strong></span> <span class='ocrx_word' id='word_1_99' title='bbox 1065 1148 1207 1207; x_wconf 84' lang='lat' dir='ltr'><strong>quae</strong></span> <span class='ocrx_word' id='word_1_100' title='bbox 1234 1130 1403 1194; x_wconf 88' lang='lat' dir='ltr'><strong>Titus</strong></span> <span class='ocrx_word' id='word_1_101' title='bbox 1434 1135 1864 1213; x_wconf 84' lang='lat' dir='ltr'><strong>postulaverat,</strong></span> <span class='ocrx_word' id='word_1_102' title='bbox 1950 1130 2020 1193; x_wconf 86' lang='lat' dir='ltr'><strong>ad</strong></span> <span class='ocrx_word' id='word_1_103' title='bbox 2054 1148 2307 1192; x_wconf 89' lang='lat' dir='ltr'><strong>examen</strong></span> <span class='ocrx_word' id='word_1_104' title='bbox 2338 1127 2671 1191; x_wconf 85' lang='lat' dir='ltr'><strong>revocanda</strong></span> <span class='ocrx_word' id='word_1_105' title='bbox 2714 1130 2812 1207; x_wconf 87' lang='lat' dir='ltr'><strong>sit,</strong></span> <span class='ocrx_word' id='word_1_106' title='bbox 2870 1125 3029 1189; x_wconf 91' lang='lat' dir='ltr'><strong>illam</strong></span> <span class='ocrx_word' id='word_1_107' title='bbox 3057 1126 3140 1188; x_wconf 91' lang='lat' dir='ltr'><strong>ita</strong></span> <span class='ocrx_word' id='word_1_108' title='bbox 3192 1125 3601 1210; x_wconf 85' lang='lat' dir='ltr'><strong>tractabimus,</strong></span> 
     </span>
    </p>
   </div>
   <div class='ocr_carea' id='block_1_10' title="bbox 216 1214 3597 1300">
    <p class='ocr_par' dir='ltr' id='par_1_10' title="bbox 216 1214 3597 1300">
     <span class='ocr_line' id='line_1_10' title="bbox 216 1214 3597 1300; baseline 0.001 -22"><span class='ocrx_word' id='word_1_109' title='bbox 216 1215 539 1296; x_wconf 84' lang='lat' dir='ltr'><strong>explanare</strong></span> <span class='ocrx_word' id='word_1_110' title='bbox 568 1235 902 1297; x_wconf 79' lang='lat' dir='ltr'><strong>aggressus,</strong></span> <span class='ocrx_word' id='word_1_111' title='bbox 942 1219 1203 1281; x_wconf 89' lang='lat' dir='ltr'><strong>ostendit</strong></span> <span class='ocrx_word' id='word_1_112' title='bbox 1254 1221 1400 1300; x_wconf 90' lang='lat' dir='ltr'><strong>quid</strong></span> <span class='ocrx_word' id='word_1_113' title='bbox 1457 1222 1533 1285; x_wconf 88' lang='lat' dir='ltr'><strong>sit</strong></span> <span class='ocrx_word' id='word_1_114' title='bbox 1587 1226 1872 1298; x_wconf 75' lang='lat' dir='ltr'><strong>ebrietas,</strong></span> <span class='ocrx_word' id='word_1_115' title='bbox 1960 1218 2673 1299; x_wconf 88' lang='lat' dir='ltr'><strong>ut,omnibusutriusque</strong></span> <span class='ocrx_word' id='word_1_116' title='bbox 2697 1214 3222 1299; x_wconf 89' lang='lat' dir='ltr'><strong>partisrationibus</strong></span> <span class='ocrx_word' id='word_1_117' title='bbox 3245 1217 3597 1294; x_wconf 65' lang='lat' dir='ltr'><strong>aequalance</strong></span> 
     </span>
    </p>
   </div>
   <div class='ocr_carea' id='block_1_11' title="bbox 218 1304 3600 1397">
    <p class='ocr_par' dir='ltr' id='par_1_11' title="bbox 218 1304 3600 1397">
     <span class='ocr_line' id='line_1_11' title="bbox 218 1304 3600 1397; baseline 0.001 -32"><span class='ocrx_word' id='word_1_118' title='bbox 218 1304 571 1397; x_wconf 66' lang='lat' dir='ltr'><strong>discamus:</strong></span> <span class='ocrx_word' id='word_1_119' title='bbox 605 1324 854 1397; x_wconf 69' lang='lat' dir='ltr'><strong>somnus</strong></span> <span class='ocrx_word' id='word_1_120' title='bbox 881 1313 938 1370; x_wconf 81' lang='lat' dir='ltr'><strong>et</strong></span> <span class='ocrx_word' id='word_1_121' title='bbox 971 1309 1290 1389; x_wconf 73' lang='lat' dir='ltr'><strong>evigilat-io</strong></span> <span class='ocrx_word' id='word_1_122' title='bbox 1324 1312 1451 1377; x_wconf 80' lang='lat' dir='ltr'><strong>Dei.</strong></span> <span class='ocrx_word' id='word_1_123' title='bbox 1515 1312 1598 1375; x_wconf 81' lang='lat' dir='ltr'><strong>Ex</strong></span> <span class='ocrx_word' id='word_1_124' title='bbox 1655 1315 1878 1397; x_wconf 87' lang='lat' dir='ltr'><strong>quibus</strong></span> <span class='ocrx_word' id='word_1_125' title='bbox 1961 1308 2329 1389; x_wconf 86' lang='lat' dir='ltr'><strong>ponderatis,</strong></span> <span class='ocrx_word' id='word_1_126' title='bbox 2363 1326 2568 1370; x_wconf 88' lang='lat' dir='ltr'><strong>earum</strong></span> <span class='ocrx_word' id='word_1_127' title='bbox 2598 1308 2715 1369; x_wconf 89' lang='lat' dir='ltr'><strong>vim</strong></span> <span class='ocrx_word' id='word_1_128' title='bbox 2746 1315 2804 1367; x_wconf 89' lang='lat' dir='ltr'><strong>et</strong></span> <span class='ocrx_word' id='word_1_129' title='bbox 2829 1306 3032 1382; x_wconf 90' lang='lat' dir='ltr'><strong>robur,</strong></span> <span class='ocrx_word' id='word_1_130' title='bbox 3071 1313 3168 1367; x_wconf 91' lang='lat' dir='ltr'><strong>aut</strong></span> <span class='ocrx_word' id='word_1_131' title='bbox 3199 1307 3504 1397; x_wconf 83' lang='lat' dir='ltr'><strong>levitatem</strong></span> <span class='ocrx_word' id='word_1_132' title='bbox 3537 1316 3600 1370; x_wconf 86' lang='lat' dir='ltr'><strong>et</strong></span> 
     </span>
    </p>
   </div>
   <div class='ocr_carea' id='block_1_12' title="bbox 221 1393 3594 1486">
    <p class='ocr_par' dir='ltr' id='par_1_12' title="bbox 221 1393 3594 1486">
     <span class='ocr_line' id='line_1_12' title="bbox 221 1393 3594 1486; baseline 0.001 -31"><span class='ocrx_word' id='word_1_133' title='bbox 221 1393 394 1486; x_wconf 82' lang='lat' dir='ltr'><strong>facile</strong></span> <span class='ocrx_word' id='word_1_134' title='bbox 424 1394 670 1486; x_wconf 80' lang='lat' dir='ltr'><strong>colligas</strong></span> <span class='ocrx_word' id='word_1_135' title='bbox 699 1395 782 1457; x_wconf 88' lang='lat' dir='ltr'><strong>ibi</strong></span> <span class='ocrx_word' id='word_1_136' title='bbox 833 1396 982 1459; x_wconf 86' lang='lat' dir='ltr'><strong>nihil</strong></span> <span class='ocrx_word' id='word_1_137' title='bbox 1036 1398 1199 1461; x_wconf 84' lang='lat' dir='ltr'><strong>aliud</strong></span> <span class='ocrx_word' id='word_1_138' title='bbox 1233 1419 1407 1481; x_wconf 89' lang='lat' dir='ltr'><strong>quam</strong></span> <span class='ocrx_word' id='word_1_139' title='bbox 1444 1407 1639 1483; x_wconf 88' lang='lat' dir='ltr'><strong>priora</strong></span> <span class='ocrx_word' id='word_1_140' title='bbox 1669 1393 1879 1486; x_wconf 75' lang='lat' dir='ltr'><strong>capitis</strong></span> <span class='ocrx_word' id='word_1_141' title='bbox 1960 1399 2095 1460; x_wconf 89' lang='lat' dir='ltr'><strong>vitia</strong></span> <span class='ocrx_word' id='word_1_142' title='bbox 2124 1398 2282 1460; x_wconf 89' lang='lat' dir='ltr'><strong>clare</strong></span> <span class='ocrx_word' id='word_1_143' title='bbox 2296 1403 2357 1461; x_wconf 90' lang='lat' dir='ltr'><strong>et</strong></span> <span class='ocrx_word' id='word_1_144' title='bbox 2389 1398 2724 1477; x_wconf 87' lang='lat' dir='ltr'><strong>perspicue,</strong></span> <span class='ocrx_word' id='word_1_145' title='bbox 2752 1403 3039 1477; x_wconf 85' lang='lat' dir='ltr'><strong>quantum</strong></span> <span class='ocrx_word' id='word_1_146' title='bbox 3072 1414 3179 1475; x_wconf 90' lang='lat' dir='ltr'><strong>per</strong></span> <span class='ocrx_word' id='word_1_147' title='bbox 3201 1414 3309 1486; x_wconf 90' lang='lat' dir='ltr'><strong>nos</strong></span> <span class='ocrx_word' id='word_1_148' title='bbox 3340 1396 3470 1486; x_wconf 82' lang='lat' dir='ltr'><strong>fieri</strong></span> <span class='ocrx_word' id='word_1_149' title='bbox 3492 1416 3594 1478; x_wconf 91' lang='lat' dir='ltr'><strong>po-</strong></span> 
     </span>
    </p>
   </div>
   <div class='ocr_carea' id='block_1_13' title="bbox 221 1483 3597 1570">
    <p class='ocr_par' dir='ltr' id='par_1_13' title="bbox 221 1483 3597 1570">
     <span class='ocr_line' id='line_1_13' title="bbox 221 1483 3597 1570; baseline 0.001 -25"><span class='ocrx_word' id='word_1_150' title='bbox 221 1483 363 1546; x_wconf 88' lang='lat' dir='ltr'><strong>noni</strong></span> <span class='ocrx_word' id='word_1_151' title='bbox 397 1485 696 1547; x_wconf 70' lang='lat' dir='ltr'><strong>Malachiaa</strong></span> <span class='ocrx_word' id='word_1_152' title='bbox 728 1487 1036 1567; x_wconf 72' lang='lat' dir='ltr'><strong>prophetae</strong></span> <span class='ocrx_word' id='word_1_153' title='bbox 1071 1489 1254 1552; x_wconf 91' lang='lat' dir='ltr'><strong>verba</strong></span> <span class='ocrx_word' id='word_1_154' title='bbox 1284 1491 1593 1570; x_wconf 86' lang='lat' dir='ltr'><strong>explicari.</strong></span> <span class='ocrx_word' id='word_1_155' title='bbox 1744 1483 1758 1486; x_wconf 71' lang='grc'><em>’</em></span> <span class='ocrx_word' id='word_1_156' title='bbox 1958 1488 2126 1568; x_wconf 90' lang='lat' dir='ltr'><strong>terit,</strong></span> <span class='ocrx_word' id='word_1_157' title='bbox 2155 1487 2601 1570; x_wconf 85' lang='lat' dir='ltr'><strong>patefaciamus.</strong></span> <span class='ocrx_word' id='word_1_158' title='bbox 2636 1486 2743 1548; x_wconf 88' lang='lat' dir='ltr'><strong>His</strong></span> <span class='ocrx_word' id='word_1_159' title='bbox 2772 1492 2967 1548; x_wconf 87' lang='lat' dir='ltr'><strong>autem</strong></span> <span class='ocrx_word' id='word_1_160' title='bbox 3000 1502 3070 1547; x_wconf 88' lang='lat' dir='ltr'><strong>ea</strong></span> <span class='ocrx_word' id='word_1_161' title='bbox 3100 1485 3302 1546; x_wconf 87' lang='lat' dir='ltr'><strong>omnia</strong></span> <span class='ocrx_word' id='word_1_162' title='bbox 3347 1485 3597 1565; x_wconf 88' lang='lat' dir='ltr'><strong>adjicie-</strong></span> 
     </span>
    </p>
   </div>
   <div class='ocr_carea' id='block_1_14' title="bbox 303 1574 3598 1665">
    <p class='ocr_par' dir='ltr' id='par_1_14' title="bbox 303 1574 3598 1665">
     <span class='ocr_line' id='line_1_14' title="bbox 303 1574 3598 1665; baseline 0.003 -27"><span class='ocrx_word' id='word_1_163' title='bbox 303 1577 371 1638; x_wconf 88' lang='lat' dir='ltr'><strong>In</strong></span> <span class='ocrx_word' id='word_1_164' title='bbox 403 1575 657 1655; x_wconf 85' lang='lat' dir='ltr'><strong>epistola</strong></span> <span class='ocrx_word' id='word_1_165' title='bbox 676 1575 934 1649; x_wconf 88' lang='lat' dir='ltr'><strong>decima,</strong></span> <span class='ocrx_word' id='word_1_166' title='bbox 967 1579 1049 1640; x_wconf 87' lang='lat' dir='ltr'><strong>ad</strong></span> <span class='ocrx_word' id='word_1_167' title='bbox 1076 1577 1377 1644; x_wconf 82' lang='lat' dir='ltr'><strong>Joannem</strong></span> <span class='ocrx_word' id='word_1_168' title='bbox 1406 1583 1866 1665; x_wconf 78' lang='lat' dir='ltr'><strong>evangelistam,</strong></span> <span class='ocrx_word' id='word_1_169' title='bbox 1958 1596 2089 1639; x_wconf 91' lang='lat' dir='ltr'><strong>mus</strong></span> <span class='ocrx_word' id='word_1_170' title='bbox 2117 1595 2249 1659; x_wconf 78' lang='lat' dir='ltr'><strong>quae</strong></span> <span class='ocrx_word' id='word_1_171' title='bbox 2278 1576 2348 1638; x_wconf 79' lang='lat' dir='ltr'><strong>ad</strong></span> <span class='ocrx_word' id='word_1_172' title='bbox 2374 1576 2732 1640; x_wconf 83' lang='lat' dir='ltr'><strong>eliciendam</strong></span> <span class='ocrx_word' id='word_1_173' title='bbox 2756 1574 3350 1652; x_wconf 79' lang='lat' dir='ltr'><strong>conﬁrmandamque</strong></span> <span class='ocrx_word' id='word_1_174' title='bbox 3376 1577 3598 1665; x_wconf 71' lang='lat' dir='ltr'><strong>verita-</strong></span> 
     </span>
    </p>
   </div>
   <div class='ocr_carea' id='block_1_15' title="bbox 219 1664 3595 1755">
    <p class='ocr_par' dir='ltr' id='par_1_15' title="bbox 219 1664 3595 1755">
     <span class='ocr_line' id='line_1_15' title="bbox 219 1664 3595 1755; baseline -0.001 -26"><span class='ocrx_word' id='word_1_175' title='bbox 219 1667 284 1729; x_wconf 90' lang='lat' dir='ltr'><strong>in</strong></span> <span class='ocrx_word' id='word_1_176' title='bbox 313 1668 507 1733; x_wconf 82' lang='lat' dir='ltr'><strong>insula</strong></span> <span class='ocrx_word' id='word_1_177' title='bbox 534 1669 816 1733; x_wconf 85' lang='lat' dir='ltr'><strong>Pathmos</strong></span> <span class='ocrx_word' id='word_1_178' title='bbox 866 1671 1201 1736; x_wconf 82' lang='lat' dir='ltr'><strong>exulantem</strong></span> <span class='ocrx_word' id='word_1_179' title='bbox 1226 1674 1475 1755; x_wconf 86' lang='lat' dir='ltr'><strong>directa,</strong></span> <span class='ocrx_word' id='word_1_180' title='bbox 1501 1664 1707 1739; x_wconf 87' lang='lat' dir='ltr'><strong>auctor</strong></span> <span class='ocrx_word' id='word_1_181' title='bbox 1736 1697 1872 1741; x_wconf 89' lang='lat' dir='ltr'><strong>nos-</strong></span> <span class='ocrx_word' id='word_1_182' title='bbox 1955 1674 2074 1730; x_wconf 76' lang='lat' dir='ltr'><strong>lem</strong></span> <span class='ocrx_word' id='word_1_183' title='bbox 2106 1665 3026 1755; x_wconf 77' lang='lat' dir='ltr'><strong>etvanasargutiasdepellendas</strong></span> <span class='ocrx_word' id='word_1_184' title='bbox 3047 1669 3231 1743; x_wconf 84' lang='lat' dir='ltr'><strong>magis</strong></span> <span class='ocrx_word' id='word_1_185' title='bbox 3249 1664 3595 1755; x_wconf 80' lang='lat' dir='ltr'><strong>conducere</strong></span> 
     </span>
    </p>
   </div>
   <div class='ocr_carea' id='block_1_16' title="bbox 220 1753 3594 1847">
    <p class='ocr_par' dir='ltr' id='par_1_16' title="bbox 220 1753 3594 1847">
     <span class='ocr_line' id='line_1_16' title="bbox 220 1753 3594 1847; baseline 0.006 -29"><span class='ocrx_word' id='word_1_186' title='bbox 220 1767 315 1821; x_wconf 88' lang='lat' dir='ltr'><strong>ter</strong></span> <span class='ocrx_word' id='word_1_187' title='bbox 343 1757 601 1821; x_wconf 88' lang='lat' dir='ltr'><strong>celerem</strong></span> <span class='ocrx_word' id='word_1_188' title='bbox 637 1759 719 1820; x_wconf 92' lang='lat' dir='ltr'><strong>illi</strong></span> <span class='ocrx_word' id='word_1_189' title='bbox 744 1757 818 1822; x_wconf 89' lang='lat' dir='ltr'><strong>ab</strong></span> <span class='ocrx_word' id='word_1_190' title='bbox 850 1761 1065 1824; x_wconf 86' lang='lat' dir='ltr'><strong>exsilio</strong></span> <span class='ocrx_word' id='word_1_191' title='bbox 1096 1769 1155 1825; x_wconf 88' lang='lat' dir='ltr'><strong>in</strong></span> <span class='ocrx_word' id='word_1_192' title='bbox 1187 1764 1389 1827; x_wconf 88' lang='lat' dir='ltr'><strong>Asiam</strong></span> <span class='ocrx_word' id='word_1_193' title='bbox 1421 1753 1711 1847; x_wconf 87' lang='lat' dir='ltr'><strong>reditum,</strong></span> <span class='ocrx_word' id='word_1_194' title='bbox 1746 1767 1863 1829; x_wconf 90' lang='lat' dir='ltr'><strong>ibi-</strong></span> <span class='ocrx_word' id='word_1_195' title='bbox 1891 1835 1923 1847; x_wconf 75' lang='lat'><strong>_</strong></span> <span class='ocrx_word' id='word_1_196' title='bbox 1953 1756 2127 1847; x_wconf 61' lang='lat' dir='ltr'><strong>nobis</strong></span> <span class='ocrx_word' id='word_1_197' title='bbox 2156 1755 2534 1820; x_wconf 67' lang='grc' dir='ltr'><strong>νίάθδυηῐιιΐο</strong></span> <span class='ocrx_word' id='word_1_198' title='bbox 2569 1754 2838 1847; x_wconf 57' lang='lat' dir='ltr'><strong>Denique</strong></span> <span class='ocrx_word' id='word_1_199' title='bbox 2872 1754 3025 1847; x_wconf 55' lang='lat' dir='ltr'><strong>hanc</strong></span> <span class='ocrx_word' id='word_1_200' title='bbox 3057 1753 3453 1835; x_wconf 63' lang='lat' dir='ltr'><strong>qua35tionem</strong></span> <span class='ocrx_word' id='word_1_201' title='bbox 3485 1775 3594 1837; x_wconf 81' lang='grc' dir='ltr'><strong>Ρ¹¹⁰</strong></span> 
     </span>
    </p>
   </div>
   <div class='ocr_carea' id='block_1_17' title="bbox 221 1835 1859 1936">
    <p class='ocr_par' dir='ltr' id='par_1_17' title="bbox 221 1835 1859 1936">
     <span class='ocr_line' id='line_1_17' title="bbox 221 1835 1859 1936; baseline 0.006 -28"><span class='ocrx_word' id='word_1_202' title='bbox 221 1865 337 1928; x_wconf 86' lang='lat' dir='ltr'><strong>que</strong></span> <span class='ocrx_word' id='word_1_203' title='bbox 368 1864 433 1908; x_wconf 90' lang='lat' dir='ltr'><strong>se</strong></span> <span class='ocrx_word' id='word_1_204' title='bbox 460 1847 591 1927; x_wconf 69' lang='lat' dir='ltr'><strong>ejus</strong></span> <span class='ocrx_word' id='word_1_205' title='bbox 628 1849 942 1926; x_wconf 81' lang='lat' dir='ltr'><strong>praesentia</strong></span> <span class='ocrx_word' id='word_1_206' title='bbox 962 1849 1275 1914; x_wconf 89' lang='lat' dir='ltr'><strong>fruiturum</strong></span> <span class='ocrx_word' id='word_1_207' title='bbox 1301 1865 1461 1916; x_wconf 90' lang='lat' dir='ltr'><strong>certo</strong></span> <span class='ocrx_word' id='word_1_208' title='bbox 1484 1835 1859 1936; x_wconf 58' lang='lat' dir='ltr'><strong>praenuntiat.</strong></span> 
     </span>
    </p>
   </div>
   <div class='ocr_carea' id='block_1_18' title="bbox 1947 1835 3598 1936">
    <p class='ocr_par' dir='ltr' id='par_1_18' title="bbox 1950 1835 3598 1936">
     <span class='ocr_line' id='line_1_18' title="bbox 1950 1835 3598 1936; baseline 0.002 -31"><span class='ocrx_word' id='word_1_209' title='bbox 1950 1846 2100 1907; x_wconf 87' lang='lat' dir='ltr'><strong>virili</strong></span> <span class='ocrx_word' id='word_1_210' title='bbox 2136 1854 2299 1927; x_wconf 87' lang='lat' dir='ltr'><strong>parte</strong></span> <span class='ocrx_word' id='word_1_211' title='bbox 2330 1865 2399 1907; x_wconf 89' lang='lat' dir='ltr'><strong>ea</strong></span> <span class='ocrx_word' id='word_1_212' title='bbox 2444 1845 2720 1906; x_wconf 90' lang='lat' dir='ltr'><strong>methodo</strong></span> <span class='ocrx_word' id='word_1_213' title='bbox 2748 1844 3064 1936; x_wconf 82' lang='lat' dir='ltr'><strong>enucleare</strong></span> <span class='ocrx_word' id='word_1_214' title='bbox 3093 1852 3448 1926; x_wconf 81' lang='lat' dir='ltr'><strong>satagemus,</strong></span> <span class='ocrx_word' id='word_1_215' title='bbox 3483 1835 3598 1927; x_wconf 83' lang='lat' dir='ltr'><strong>qua</strong></span> 
     </span>
    </p>
   </div>
   <div class='ocr_carea' id='block_1_19' title="bbox 298 1932 3597 2019">
    <p class='ocr_par' dir='ltr' id='par_1_19' title="bbox 298 1932 3597 2019">
     <span class='ocr_line' id='line_1_19' title="bbox 298 1932 3597 2019; baseline 0.003 -17"><span class='ocrx_word' id='word_1_216' title='bbox 298 1939 552 2019; x_wconf 87' lang='lat' dir='ltr'><strong>Adjecta</strong></span> <span class='ocrx_word' id='word_1_217' title='bbox 585 1946 675 2001; x_wconf 84' lang='lat' dir='ltr'><strong>est</strong></span> <span class='ocrx_word' id='word_1_218' title='bbox 711 1943 767 2001; x_wconf 91' lang='lat' dir='ltr'><strong>in</strong></span> <span class='ocrx_word' id='word_1_219' title='bbox 802 1943 1111 2004; x_wconf 88' lang='lat' dir='ltr'><strong>nonnullis</strong></span> <span class='ocrx_word' id='word_1_220' title='bbox 1142 1932 1514 2010; x_wconf 76' lang='lat' dir='ltr'><strong>editionibus</strong></span> <span class='ocrx_word' id='word_1_221' title='bbox 1545 1948 1864 2012; x_wconf 82' lang='lat' dir='ltr'><strong>undecima</strong></span> <span class='ocrx_word' id='word_1_222' title='bbox 1949 1937 2225 1998; x_wconf 71' lang='grc' dir='ltr'><strong>εἱηοθΐυε</strong></span> <span class='ocrx_word' id='word_1_223' title='bbox 2255 1935 2518 1997; x_wconf 67' lang='grc' dir='ltr'><strong>νενίιθῑίε</strong></span> <span class='ocrx_word' id='word_1_224' title='bbox 2568 1942 2798 1996; x_wconf 60' lang='lat' dir='ltr'><strong>ama“)?</strong></span> <span class='ocrx_word' id='word_1_225' title='bbox 2856 1933 2932 1996; x_wconf 73' lang='lat' dir='ltr'><strong>d0</strong></span> <span class='ocrx_word' id='word_1_226' title='bbox 2982 1932 3076 1994; x_wconf 70' lang='lat' dir='ltr'><strong>hi3</strong></span> <span class='ocrx_word' id='word_1_227' title='bbox 3127 1933 3372 2016; x_wconf 69' lang='grc' dir='ltr'><strong>βοτίριίε</strong></span> <span class='ocrx_word' id='word_1_228' title='bbox 3423 1955 3597 2000; x_wconf 73' lang='lat' dir='ltr'><strong>suum</strong></span> 
     </span>
    </p>
   </div>
   <div class='ocr_carea' id='block_1_20' title="bbox 215 2023 3276 2118">
    <p class='ocr_par' dir='ltr' id='par_1_20' title="bbox 215 2023 3276 2118">
     <span class='ocr_line' id='line_1_20' title="bbox 215 2023 3276 2118; baseline -0.001 -26"><span class='ocrx_word' id='word_1_229' title='bbox 215 2036 480 2092; x_wconf 84' lang='lat' dir='ltr'><strong>auctorts</strong></span> <span class='ocrx_word' id='word_1_230' title='bbox 501 2029 689 2090; x_wconf 89' lang='lat' dir='ltr'><strong>nostri</strong></span> <span class='ocrx_word' id='word_1_231' title='bbox 707 2030 788 2091; x_wconf 83' lang='lat' dir='ltr'><strong>ad</strong></span> <span class='ocrx_word' id='word_1_232' title='bbox 807 2032 851 2091; x_wconf 90' lang='lat' dir='ltr'><strong>A</strong></span> <span class='ocrx_word' id='word_1_233' title='bbox 860 2032 1290 2113; x_wconf 80' lang='lat' dir='ltr'><strong>poilophanem</strong></span> <span class='ocrx_word' id='word_1_234' title='bbox 1297 2037 1720 2118; x_wconf 83' lang='lat' dir='ltr'><strong>philosophum</strong></span> <span class='ocrx_word' id='word_1_235' title='bbox 1744 2039 1865 2118; x_wconf 81' lang='lat' dir='ltr'><strong>epi-</strong></span> <span class='ocrx_word' id='word_1_236' title='bbox 1951 2026 2138 2107; x_wconf 80' lang='lat' dir='ltr'><strong>possit</strong></span> <span class='ocrx_word' id='word_1_237' title='bbox 2169 2025 2398 2088; x_wconf 83' lang='lat' dir='ltr'><strong>facilius</strong></span> <span class='ocrx_word' id='word_1_238' title='bbox 2429 2031 2492 2089; x_wconf 92' lang='lat' dir='ltr'><strong>et</strong></span> <span class='ocrx_word' id='word_1_239' title='bbox 2520 2024 2750 2118; x_wconf 70' lang='lat' dir='ltr'><strong>certius</strong></span> <span class='ocrx_word' id='word_1_240' title='bbox 2755 2024 2933 2118; x_wconf 59' lang='lat' dir='ltr'><strong>ferre</strong></span> <span class='ocrx_word' id='word_1_241' title='bbox 2955 2023 3276 2102; x_wconf 81' lang='lat' dir='ltr'><strong>judicium.</strong></span> 
     </span>
    </p>
   </div>
   <div class='ocr_carea' id='block_1_21' title="bbox 218 2112 2958 2203">
    <p class='ocr_par' dir='ltr' id='par_1_21' title="bbox 218 2112 2958 2203">
     <span class='ocr_line' id='line_1_21' title="bbox 218 2112 2958 2203; baseline 0.004 -25"><span class='ocrx_word' id='word_1_242' title='bbox 218 2118 406 2180; x_wconf 81' lang='lat' dir='ltr'><strong>stola:</strong></span> <span class='ocrx_word' id='word_1_243' title='bbox 432 2118 537 2179; x_wconf 92' lang='lat' dir='ltr'><strong>sed</strong></span> <span class='ocrx_word' id='word_1_244' title='bbox 558 2135 692 2179; x_wconf 91' lang='lat' dir='ltr'><strong>cum</strong></span> <span class='ocrx_word' id='word_1_245' title='bbox 719 2136 790 2180; x_wconf 88' lang='lat' dir='ltr'><strong>ea</strong></span> <span class='ocrx_word' id='word_1_246' title='bbox 808 2120 902 2181; x_wconf 85' lang='lat' dir='ltr'><strong>vix</strong></span> <span class='ocrx_word' id='word_1_247' title='bbox 927 2120 1000 2182; x_wconf 84' lang='lat' dir='ltr'><strong>ab</strong></span> <span class='ocrx_word' id='word_1_248' title='bbox 1024 2112 1146 2184; x_wconf 85' lang='lat' dir='ltr'><strong>ullo</strong></span> <span class='ocrx_word' id='word_1_249' title='bbox 1172 2112 1432 2203; x_wconf 77' lang='lat' dir='ltr'><strong>genuina</strong></span> <span class='ocrx_word' id='word_1_250' title='bbox 1462 2112 1594 2188; x_wconf 77' lang='lat' dir='ltr'><strong>esse</strong></span> <span class='ocrx_word' id='word_1_251' title='bbox 1614 2112 1862 2190; x_wconf 73' lang='lat' dir='ltr'><strong>censea-</strong></span> <span class='ocrx_word' id='word_1_252' title='bbox 2579 2113 2822 2179; x_wconf 68' lang='lat' dir='ltr'><strong>CAPUT</strong></span> <span class='ocrx_word' id='word_1_253' title='bbox 2852 2112 2958 2177; x_wconf 77' lang='grc' dir='ltr'><strong>Πίο</strong></span> 
     </span>
    </p>
   </div>
   <div class='ocr_carea' id='block_1_22' title="bbox 220 2203 1859 2297">
    <p class='ocr_par' dir='ltr' id='par_1_22' title="bbox 220 2205 1859 2297">
     <span class='ocr_line' id='line_1_22' title="bbox 220 2205 1859 2297; baseline 0.006 -29"><span class='ocrx_word' id='word_1_254' title='bbox 220 2214 337 2284; x_wconf 82' lang='lat' dir='ltr'><strong>tur,</strong></span> <span class='ocrx_word' id='word_1_255' title='bbox 374 2206 449 2268; x_wconf 91' lang='lat' dir='ltr'><strong>de</strong></span> <span class='ocrx_word' id='word_1_256' title='bbox 478 2205 640 2269; x_wconf 90' lang='lat' dir='ltr'><strong>illius</strong></span> <span class='ocrx_word' id='word_1_257' title='bbox 670 2210 938 2285; x_wconf 86' lang='lat' dir='ltr'><strong>veritate,</strong></span> <span class='ocrx_word' id='word_1_258' title='bbox 968 2229 1041 2274; x_wconf 90' lang='lat' dir='ltr'><strong>ne</strong></span> <span class='ocrx_word' id='word_1_259' title='bbox 1063 2230 1197 2274; x_wconf 86' lang='lat' dir='ltr'><strong>cum</strong></span> <span class='ocrx_word' id='word_1_260' title='bbox 1232 2213 1364 2276; x_wconf 90' lang='lat' dir='ltr'><strong>aliis</strong></span> <span class='ocrx_word' id='word_1_261' title='bbox 1394 2233 1649 2293; x_wconf 85' lang='lat' dir='ltr'><strong>quarum</strong></span> <span class='ocrx_word' id='word_1_262' title='bbox 1677 2218 1859 2297; x_wconf 78' lang='lat' dir='ltr'><strong>major</strong></span> 
     </span>
    </p>
   </div>
   <div class='ocr_carea' id='block_1_23' title="bbox 1947 2203 3604 2297">
    <p class='ocr_par' dir='ltr' id='par_1_23' title="bbox 1957 2203 3604 2297">
     <span class='ocr_line' id='line_1_23' title="bbox 1957 2203 3604 2297; baseline 0 -28"><span class='ocrx_word' id='word_1_263' title='bbox 1957 2205 2177 2269; x_wconf 79' lang='lat' dir='ltr'><strong>Utrum</strong></span> <span class='ocrx_word' id='word_1_264' title='bbox 2210 2206 2457 2297; x_wconf 66' lang='lat' dir='ltr'><strong>quidem</strong></span> <span class='ocrx_word' id='word_1_265' title='bbox 2488 2211 2816 2297; x_wconf 76' lang='lat' dir='ltr'><strong>scriptores</strong></span> <span class='ocrx_word' id='word_1_266' title='bbox 2844 2212 2986 2266; x_wconf 83' lang='lat' dir='ltr'><strong>ante</strong></span> <span class='ocrx_word' id='word_1_267' title='bbox 3007 2203 3422 2268; x_wconf 77' lang='lat' dir='ltr'><strong>Collationem</strong></span> <span class='ocrx_word' id='word_1_268' title='bbox 3445 2204 3604 2269; x_wconf 78' lang='lat' dir='ltr'><strong>Con~</strong></span> 
     </span>
    </p>
   </div>
   <div class='ocr_carea' id='block_1_24' title="bbox 217 2294 1859 2390">
    <p class='ocr_par' dir='ltr' id='par_1_24' title="bbox 217 2294 1859 2390">
     <span class='ocr_line' id='line_1_24' title="bbox 217 2294 1859 2390; baseline 0.005 -27"><span class='ocrx_word' id='word_1_269' title='bbox 217 2307 311 2363; x_wconf 91' lang='lat' dir='ltr'><strong>est</strong></span> <span class='ocrx_word' id='word_1_270' title='bbox 339 2298 687 2372; x_wconf 80' lang='lat' dir='ltr'><strong>difﬁcultas,</strong></span> <span class='ocrx_word' id='word_1_271' title='bbox 746 2302 1245 2383; x_wconf 88' lang='lat' dir='ltr'><strong>confunderetur,</strong></span> <span class='ocrx_word' id='word_1_272' title='bbox 1280 2307 1343 2369; x_wconf 91' lang='lat' dir='ltr'><strong>in</strong></span> <span class='ocrx_word' id='word_1_273' title='bbox 1374 2308 1491 2371; x_wconf 81' lang='lat' dir='ltr'><strong>ﬁne</strong></span> <span class='ocrx_word' id='word_1_274' title='bbox 1518 2308 1697 2390; x_wconf 87' lang='lat' dir='ltr'><strong>hujus</strong></span> <span class='ocrx_word' id='word_1_275' title='bbox 1724 2294 1859 2373; x_wconf 79' lang='lat' dir='ltr'><strong>Dis—</strong></span> 
     </span>
    </p>
   </div>
   <div class='ocr_carea' id='block_1_25' title="bbox 1947 2294 3598 2390">
    <p class='ocr_par' dir='ltr' id='par_1_25' title="bbox 2031 2294 3598 2390">
     <span class='ocr_line' id='line_1_25' title="bbox 2031 2294 3598 2390; baseline 0.001 -32"><span class='ocrx_word' id='word_1_276' title='bbox 2031 2295 2652 2390; x_wconf 73' lang='lat' dir='ltr'><strong>stantinopolitanam</strong></span> <span class='ocrx_word' id='word_1_277' title='bbox 2681 2294 2808 2357; x_wconf 63' lang='lat' dir='ltr'><strong>haec</strong></span> <span class='ocrx_word' id='word_1_278' title='bbox 2861 2311 3048 2374; x_wconf 82' lang='lat' dir='ltr'><strong>opera</strong></span> <span class='ocrx_word' id='word_1_279' title='bbox 3094 2296 3383 2377; x_wconf 75' lang='lat' dir='ltr'><strong>Dionysio</strong></span> <span class='ocrx_word' id='word_1_280' title='bbox 3413 2298 3598 2360; x_wconf 78' lang='lat' dir='ltr'><strong>attri—</strong></span> 
     </span>
    </p>
   </div>
   <div class='ocr_carea' id='block_1_26' title="bbox 214 2384 3349 2486">
    <p class='ocr_par' dir='ltr' id='par_1_26' title="bbox 214 2384 3349 2486">
     <span class='ocr_line' id='line_1_26' title="bbox 214 2384 3349 2486; baseline 0.01 -32"><span class='ocrx_word' id='word_1_281' title='bbox 214 2390 562 2456; x_wconf 85' lang='lat' dir='ltr'><strong>sertationis</strong></span> <span class='ocrx_word' id='word_1_282' title='bbox 606 2391 1066 2474; x_wconf 86' lang='lat' dir='ltr'><strong>disputabimus.</strong></span> <span class='ocrx_word' id='word_1_283' title='bbox 1598 2384 1618 2390; x_wconf 44' lang='grc'>⁷</span> <span class='ocrx_word' id='word_1_284' title='bbox 1768 2468 1787 2486; x_wconf 42' lang='grc' dir='ltr'><strong>ι</strong></span> <span class='ocrx_word' id='word_1_285' title='bbox 2031 2384 2332 2486; x_wconf 60' lang='grc' dir='ltr'><strong>ιζαθνίῖιιῖ</strong></span> <span class='ocrx_word' id='word_1_286' title='bbox 2400 2474 2453 2486; x_wconf 88' lang='lat'><strong>__</strong></span> <span class='ocrx_word' id='word_1_287' title='bbox 2753 2476 2766 2486; x_wconf 87' lang='lat'><em>_</em></span> <span class='ocrx_word' id='word_1_288' title='bbox 2977 2483 2985 2486; x_wconf 96' lang='lat'>_</span> <span class='ocrx_word' id='word_1_289' title='bbox 3067 2474 3079 2486; x_wconf 89' lang='lat'><strong>.</strong></span> <span class='ocrx_word' id='word_1_290' title='bbox 3284 2482 3293 2486; x_wconf 91' lang='lat'><em>_</em></span> <span class='ocrx_word' id='word_1_291' title='bbox 3337 2475 3349 2486; x_wconf 94' lang='lat'><strong>.</strong></span> 
     </span>
    </p>
   </div>
   <div class='ocr_carea' id='block_1_27' title="bbox 856 2468 3604 2556">
    <p class='ocr_par' dir='ltr' id='par_1_27' title="bbox 856 2468 3604 2556">
     <span class='ocr_line' id='line_1_27' title="bbox 856 2468 3604 2556; baseline -0.002 -12"><span class='ocrx_word' id='word_1_292' title='bbox 856 2486 1103 2551; x_wconf 79' lang='lat' dir='ltr'><strong>CAPUT</strong></span> <span class='ocrx_word' id='word_1_293' title='bbox 1148 2487 1224 2551; x_wconf 82' lang='lat' dir='ltr'><strong>Il.</strong></span> <span class='ocrx_word' id='word_1_294' title='bbox 1768 2468 1787 2501; x_wconf 72' lang='grc'><strong>⁵</strong></span> <span class='ocrx_word' id='word_1_295' title='bbox 2036 2477 2276 2539; x_wconf 88' lang='lat' dir='ltr'><strong>Constat</strong></span> <span class='ocrx_word' id='word_1_296' title='bbox 2314 2474 2558 2556; x_wconf 87' lang='lat' dir='ltr'><strong>quidem</strong></span> <span class='ocrx_word' id='word_1_297' title='bbox 2605 2476 2807 2537; x_wconf 90' lang='lat' dir='ltr'><strong>omnia</strong></span> <span class='ocrx_word' id='word_1_298' title='bbox 2856 2474 3116 2537; x_wconf 85' lang='lat' dir='ltr'><strong>auctoris</strong></span> <span class='ocrx_word' id='word_1_299' title='bbox 3167 2475 3352 2537; x_wconf 87' lang='lat' dir='ltr'><strong>nostri</strong></span> <span class='ocrx_word' id='word_1_300' title='bbox 3407 2472 3604 2555; x_wconf 87' lang='lat' dir='ltr'><strong>Opera</strong></span> 
     </span>
    </p>
   </div>
   <div class='ocr_carea' id='block_1_28' title="bbox 259 2564 1859 2660">
    <p class='ocr_par' dir='ltr' id='par_1_28' title="bbox 259 2572 1831 2660">
     <span class='ocr_line' id='line_1_28' title="bbox 259 2572 1831 2660; baseline 0.005 -23"><span class='ocrx_word' id='word_1_301' title='bbox 259 2572 628 2657; x_wconf 67' lang='lat' dir='ltr'><strong>Empom‘tur</strong></span> <span class='ocrx_word' id='word_1_302' title='bbox 653 2583 853 2642; x_wconf 73' lang='lat' dir='ltr'><strong>statua</strong></span> <span class='ocrx_word' id='word_1_303' title='bbox 882 2579 1256 2660; x_wconf 73' lang='lat' dir='ltr'><strong>qumstionis,</strong></span> <span class='ocrx_word' id='word_1_304' title='bbox 1320 2586 1372 2641; x_wconf 81' lang='lat' dir='ltr'><strong>et</strong></span> <span class='ocrx_word' id='word_1_305' title='bbox 1406 2596 1527 2660; x_wconf 87' lang='lat' dir='ltr'><strong>qua</strong></span> <span class='ocrx_word' id='word_1_306' title='bbox 1556 2581 1831 2644; x_wconf 79' lang='lat' dir='ltr'><strong>methodo</strong></span> 
     </span>
    </p>
   </div>
   <div class='ocr_carea' id='block_1_29' title="bbox 1947 2564 3601 2660">
    <p class='ocr_par' dir='ltr' id='par_1_29' title="bbox 1958 2564 3601 2660">
     <span class='ocr_line' id='line_1_29' title="bbox 1958 2564 3601 2660; baseline 0.002 -35"><span class='ocrx_word' id='word_1_307' title='bbox 1958 2572 2091 2645; x_wconf 90' lang='lat' dir='ltr'><strong>post</strong></span> <span class='ocrx_word' id='word_1_308' title='bbox 2109 2565 2512 2660; x_wconf 64' lang='lat' dir='ltr'><strong>Collationem</strong></span> <span class='ocrx_word' id='word_1_309' title='bbox 2548 2565 3063 2660; x_wconf 77' lang='lat' dir='ltr'><strong>Constantinopoli</strong></span> <span class='ocrx_word' id='word_1_310' title='bbox 3093 2583 3248 2626; x_wconf 89' lang='lat' dir='ltr'><strong>anno</strong></span> <span class='ocrx_word' id='word_1_311' title='bbox 3279 2564 3397 2660; x_wconf 50' lang='lat'><strong>533</strong></span> <span class='ocrx_word' id='word_1_312' title='bbox 3424 2564 3601 2629; x_wconf 80' lang='lat' dir='ltr'><strong>habi-</strong></span> 
     </span>
    </p>
   </div>
   <div class='ocr_carea' id='block_1_30' title="bbox 854 2653 3601 2736">
    <p class='ocr_par' dir='ltr' id='par_1_30' title="bbox 854 2653 3601 2736">
     <span class='ocr_line' id='line_1_30' title="bbox 854 2653 3601 2736; baseline -0.002 -16"><span class='ocrx_word' id='word_1_313' title='bbox 854 2653 1254 2730; x_wconf 59' lang='grc' dir='ltr'><strong>ιὲαοιαὺίιανξ</strong></span> <span class='ocrx_word' id='word_1_314' title='bbox 1417 2653 1435 2660; x_wconf 83' lang='grc'><strong>’</strong></span> <span class='ocrx_word' id='word_1_315' title='bbox 1958 2664 2073 2714; x_wconf 89' lang='lat' dir='ltr'><strong>tam</strong></span> <span class='ocrx_word' id='word_1_316' title='bbox 2108 2653 2390 2734; x_wconf 86' lang='lat' dir='ltr'><strong>Dionysio</strong></span> <span class='ocrx_word' id='word_1_317' title='bbox 2420 2655 2801 2736; x_wconf 71' lang='lat' dir='ltr'><strong>Areopagitte</strong></span> <span class='ocrx_word' id='word_1_318' title='bbox 2831 2673 2951 2716; x_wconf 83' lang='lat' dir='ltr'><strong>uno</strong></span> <span class='ocrx_word' id='word_1_319' title='bbox 2981 2654 3108 2717; x_wconf 90' lang='lat' dir='ltr'><strong>fere</strong></span> <span class='ocrx_word' id='word_1_320' title='bbox 3155 2654 3423 2716; x_wconf 90' lang='lat' dir='ltr'><strong>omnium</strong></span> <span class='ocrx_word' id='word_1_321' title='bbox 3452 2674 3601 2716; x_wconf 87' lang='lat' dir='ltr'><strong>con-</strong></span> 
     </span>
    </p>
   </div>
   <div class='ocr_carea' id='block_1_31' title="bbox 306 2742 3604 2838">
    <p class='ocr_par' dir='ltr' id='par_1_31' title="bbox 306 2742 3604 2838">
     <span class='ocr_line' id='line_1_31' title="bbox 306 2742 3604 2838; baseline 0.002 -21"><span class='ocrx_word' id='word_1_322' title='bbox 306 2754 392 2818; x_wconf 84' lang='lat' dir='ltr'><strong>De</strong></span> <span class='ocrx_word' id='word_1_323' title='bbox 424 2755 519 2818; x_wconf 89' lang='lat' dir='ltr'><strong>his</strong></span> <span class='ocrx_word' id='word_1_324' title='bbox 561 2755 1074 2819; x_wconf 87' lang='lat' dir='ltr'><strong>lucubrationibus</strong></span> <span class='ocrx_word' id='word_1_325' title='bbox 1103 2757 1153 2819; x_wconf 90' lang='lat' dir='ltr'><strong>si</strong></span> <span class='ocrx_word' id='word_1_326' title='bbox 1184 2776 1254 2819; x_wconf 85' lang='lat' dir='ltr'><strong>ex</strong></span> <span class='ocrx_word' id='word_1_327' title='bbox 1286 2758 1414 2838; x_wconf 88' lang='lat' dir='ltr'><strong>ipso</strong></span> <span class='ocrx_word' id='word_1_328' title='bbox 1446 2777 1650 2821; x_wconf 89' lang='lat' dir='ltr'><strong>earum</strong></span> <span class='ocrx_word' id='word_1_329' title='bbox 1700 2762 1871 2823; x_wconf 89' lang='lat' dir='ltr'><strong>testi-</strong></span> <span class='ocrx_word' id='word_1_330' title='bbox 1957 2762 2135 2838; x_wconf 55' lang='lat' dir='ltr'><strong>seu?“</strong></span> <span class='ocrx_word' id='word_1_331' title='bbox 2165 2743 2349 2838; x_wconf 55' lang='grc' dir='ltr'><strong>Ῐυίεεθ</strong></span> <span class='ocrx_word' id='word_1_332' title='bbox 2376 2742 3604 2838; x_wconf 46' lang='lat' dir='ltr'><strong>adludit)?“-Uir“m_?“tem_eademfu?!‘i‘</strong></span> 
     </span>
    </p>
   </div>
   <div class='ocr_carea' id='block_1_32' title="bbox 224 2832 1859 2937">
    <p class='ocr_par' dir='ltr' id='par_1_32' title="bbox 224 2832 1859 2937">
     <span class='ocr_line' id='line_1_32' title="bbox 224 2832 1859 2937; baseline 0.006 -33"><span class='ocrx_word' id='word_1_333' title='bbox 224 2845 425 2937; x_wconf 82' lang='lat' dir='ltr'><strong>monio</strong></span> <span class='ocrx_word' id='word_1_334' title='bbox 481 2845 705 2909; x_wconf 89' lang='lat' dir='ltr'><strong>feratur</strong></span> <span class='ocrx_word' id='word_1_335' title='bbox 733 2847 1055 2928; x_wconf 89' lang='lat' dir='ltr'><strong>sententia,</strong></span> <span class='ocrx_word' id='word_1_336' title='bbox 1123 2832 1354 2910; x_wconf 81' lang='lat' dir='ltr'><strong>certum</strong></span> <span class='ocrx_word' id='word_1_337' title='bbox 1416 2858 1506 2910; x_wconf 90' lang='lat' dir='ltr'><strong>est</strong></span> <span class='ocrx_word' id='word_1_338' title='bbox 1559 2849 1692 2911; x_wconf 86' lang='lat' dir='ltr'><strong>illas</strong></span> <span class='ocrx_word' id='word_1_339' title='bbox 1752 2870 1859 2913; x_wconf 81' lang='lat' dir='ltr'><strong>non</strong></span> 
     </span>
    </p>
   </div>
   <div class='ocr_carea' id='block_1_33' title="bbox 1947 2832 3605 2937">
    <p class='ocr_par' dir='ltr' id='par_1_33' title="bbox 1955 2832 3605 2914">
     <span class='ocr_line' id='line_1_33' title="bbox 1955 2832 3605 2914; baseline 0 -20"><span class='ocrx_word' id='word_1_340' title='bbox 1955 2833 2357 2913; x_wconf 84' lang='lat' dir='ltr'><strong>antiquiorum</strong></span> <span class='ocrx_word' id='word_1_341' title='bbox 2390 2833 2619 2914; x_wconf 85' lang='lat' dir='ltr'><strong>opinio,</strong></span> <span class='ocrx_word' id='word_1_342' title='bbox 2653 2834 2808 2895; x_wconf 90' lang='lat' dir='ltr'><strong>inter</strong></span> <span class='ocrx_word' id='word_1_343' title='bbox 2840 2832 3103 2895; x_wconf 86' lang='lat' dir='ltr'><strong>eruditos</strong></span> <span class='ocrx_word' id='word_1_344' title='bbox 3126 2833 3451 2894; x_wconf 88' lang='lat' dir='ltr'><strong>etiamnum</strong></span> <span class='ocrx_word' id='word_1_345' title='bbox 3485 2832 3605 2894; x_wconf 90' lang='lat' dir='ltr'><strong>dis-</strong></span> 
     </span>
    </p>
   </div>
   <div class='ocr_carea' id='block_1_34' title="bbox 223 2926 3597 3019">
    <p class='ocr_par' dir='ltr' id='par_1_34' title="bbox 223 2926 3597 3019">
     <span class='ocr_line' id='line_1_34' title="bbox 223 2926 3597 3019; baseline 0.004 -27"><span class='ocrx_word' id='word_1_346' title='bbox 223 2932 404 2994; x_wconf 89' lang='lat' dir='ltr'><strong>alium</strong></span> <span class='ocrx_word' id='word_1_347' title='bbox 465 2956 639 3016; x_wconf 91' lang='lat' dir='ltr'><strong>quam</strong></span> <span class='ocrx_word' id='word_1_348' title='bbox 703 2926 1047 3018; x_wconf 78' lang='lat' dir='ltr'><strong>Dionysium</strong></span> <span class='ocrx_word' id='word_1_349' title='bbox 1106 2938 1548 3019; x_wconf 82' lang='lat' dir='ltr'><strong>Areopogitam,</strong></span> <span class='ocrx_word' id='word_1_350' title='bbox 1613 2958 1648 3000; x_wconf 89' lang='lat' dir='ltr'><strong>a</strong></span> <span class='ocrx_word' id='word_1_351' title='bbox 1691 2939 1869 3003; x_wconf 84' lang='lat' dir='ltr'><strong>Paulo</strong></span> <span class='ocrx_word' id='word_1_352' title='bbox 1957 2927 2637 3019; x_wconf 58' lang='lat' dir='ltr'><strong>93Pt31“r_-_[’i9&quot;Y5ialli</strong></span> <span class='ocrx_word' id='word_1_353' title='bbox 2670 2927 2829 3019; x_wconf 59' lang='lat' dir='ltr'><strong>enim</strong></span> <span class='ocrx_word' id='word_1_354' title='bbox 2862 2926 3597 3019; x_wconf 43' lang='lat' dir='ltr'><strong>te§l§m°ni§0rigeﬂi3i2</strong></span> 
     </span>
    </p>
   </div>
   <div class='ocr_carea' id='block_1_35' title="bbox 225 3014 3601 3130">
    <p class='ocr_par' dir='ltr' id='par_1_35' title="bbox 225 3014 3601 3130">
     <span class='ocr_line' id='line_1_35' title="bbox 225 3014 3601 3130; baseline 0 0"><span class='ocrx_word' id='word_1_355' title='bbox 225 3014 1018 3130; x_wconf 55' lang='grc' dir='ltr'><strong>³Ρ⁰ῗ⁶⁰¹⁰ξέί¹.⁴³“.τί⁵ίίέξ¹ί¹ξη</strong></span> <span class='ocrx_word' id='word_1_356' title='bbox 1051 3026 1232 3127; x_wconf 58' lang='grc' dir='ltr'><strong>βαθεῖ’</strong></span> <span class='ocrx_word' id='word_1_357' title='bbox 1250 3014 1872 3130; x_wconf 62' lang='grc' dir='ltr'><strong>έάδυείυητνέἓυδίὶυθ</strong></span> <span class='ocrx_word' id='word_1_358' title='bbox 1890 3079 1929 3130; x_wconf 92' lang='lat' dir='ltr'><strong>c</strong></span> <span class='ocrx_word' id='word_1_359' title='bbox 1955 3015 2291 3130; x_wconf 48' lang='grc' dir='ltr'><strong>ἒῖῗῗῗῗῗίίν</strong></span> <span class='ocrx_word' id='word_1_360' title='bbox 2314 3014 3147 3130; x_wconf 53' lang='grc' dir='ltr'><strong>⁴Ξ¹⁶¹¹¹ξίξτίξθιλέ¹ῗξθῖ¹193ίῖ¹ί.-ῗξ</strong></span> <span class='ocrx_word' id='word_1_361' title='bbox 3178 3015 3445 3130; x_wconf 59' lang='grc' dir='ltr'><strong>ἓῗῗθξῗῗξξ</strong></span> <span class='ocrx_word' id='word_1_362' title='bbox 3475 3019 3601 3130; x_wconf 46' lang='grc' dir='ltr'>Ψ</span> 
     </span>
    </p>
   </div>
   <div class='ocr_carea' id='block_1_36' title="bbox 229 3104 1859 3207">
    <p class='ocr_par' dir='ltr' id='par_1_36' title="bbox 229 3104 1859 3207">
     <span class='ocr_line' id='line_1_36' title="bbox 229 3104 1859 3207; baseline 0.006 -37"><span class='ocrx_word' id='word_1_363' title='bbox 229 3120 433 3207; x_wconf 81' lang='lat' dir='ltr'><strong>postea</strong></span> <span class='ocrx_word' id='word_1_364' title='bbox 470 3114 850 3198; x_wconf 84' lang='lat' dir='ltr'><strong>discipulum,</strong></span> <span class='ocrx_word' id='word_1_365' title='bbox 885 3115 1167 3178; x_wconf 84' lang='lat' dir='ltr'><strong>habuisse</strong></span> <span class='ocrx_word' id='word_1_366' title='bbox 1211 3125 1540 3182; x_wconf 87' lang='lat' dir='ltr'><strong>auctorem.</strong></span> <span class='ocrx_word' id='word_1_367' title='bbox 1582 3104 1859 3183; x_wconf 73' lang='lat' dir='ltr'><strong>Verum-</strong></span> 
     </span>
    </p>
   </div>
   <div class='ocr_carea' id='block_1_37' title="bbox 1947 3104 3593 3207">
    <p class='ocr_par' dir='ltr' id='par_1_37' title="bbox 1952 3104 3593 3186">
     <span class='ocr_line' id='line_1_37' title="bbox 1952 3104 3593 3186; baseline 0.002 -23"><span class='ocrx_word' id='word_1_368' title='bbox 1952 3106 2212 3167; x_wconf 88' lang='lat' dir='ltr'><strong>zianzeni</strong></span> <span class='ocrx_word' id='word_1_369' title='bbox 2240 3134 2304 3185; x_wconf 62' lang='lat'><strong>2,</strong></span> <span class='ocrx_word' id='word_1_370' title='bbox 2328 3124 2363 3168; x_wconf 90' lang='lat' dir='ltr'><strong>a</strong></span> <span class='ocrx_word' id='word_1_371' title='bbox 2393 3105 2610 3183; x_wconf 89' lang='lat' dir='ltr'><strong>quibus</strong></span> <span class='ocrx_word' id='word_1_372' title='bbox 2644 3107 2770 3168; x_wconf 70' lang='lat' dir='ltr'><strong>haee</strong></span> <span class='ocrx_word' id='word_1_373' title='bbox 2799 3108 3021 3186; x_wconf 89' lang='lat' dir='ltr'><strong>scripta</strong></span> <span class='ocrx_word' id='word_1_374' title='bbox 3052 3106 3141 3166; x_wconf 88' lang='lat' dir='ltr'><strong>vel</strong></span> <span class='ocrx_word' id='word_1_375' title='bbox 3185 3104 3449 3186; x_wconf 80' lang='lat' dir='ltr'><strong>Dionysii</strong></span> <span class='ocrx_word' id='word_1_376' title='bbox 3483 3125 3593 3167; x_wconf 87' lang='lat' dir='ltr'><strong>no-</strong></span> 
     </span>
    </p>
   </div>
   <div class='ocr_carea' id='block_1_38' title="bbox 226 3194 1859 3297">
    <p class='ocr_par' dir='ltr' id='par_1_38' title="bbox 226 3194 1859 3297">
     <span class='ocr_line' id='line_1_38' title="bbox 226 3194 1859 3297; baseline 0.004 -35"><span class='ocrx_word' id='word_1_377' title='bbox 226 3201 527 3297; x_wconf 79' lang='lat' dir='ltr'><strong>enimvero</strong></span> <span class='ocrx_word' id='word_1_378' title='bbox 558 3194 692 3286; x_wconf 58' lang='lat' dir='ltr'><strong>quae</strong></span> <span class='ocrx_word' id='word_1_379' title='bbox 723 3205 799 3267; x_wconf 89' lang='lat' dir='ltr'><strong>de</strong></span> <span class='ocrx_word' id='word_1_380' title='bbox 828 3204 995 3297; x_wconf 69' lang='lat' dir='ltr'><strong>solis,</strong></span> <span class='ocrx_word' id='word_1_381' title='bbox 1028 3206 1263 3269; x_wconf 89' lang='lat' dir='ltr'><strong>Christo</strong></span> <span class='ocrx_word' id='word_1_382' title='bbox 1282 3208 1600 3285; x_wconf 91' lang='lat' dir='ltr'><strong>moriente,</strong></span> <span class='ocrx_word' id='word_1_383' title='bbox 1632 3209 1859 3297; x_wconf 63' lang='lat' dir='ltr'><strong>eclipsi1</strong></span> 
     </span>
    </p>
   </div>
   <div class='ocr_carea' id='block_1_39' title="bbox 1947 3194 3599 3297">
    <p class='ocr_par' dir='ltr' id='par_1_39' title="bbox 1955 3194 3599 3276">
     <span class='ocr_line' id='line_1_39' title="bbox 1955 3194 3599 3276; baseline 0.002 -22"><span class='ocrx_word' id='word_1_384' title='bbox 1955 3198 2115 3256; x_wconf 89' lang='lat' dir='ltr'><strong>mine</strong></span> <span class='ocrx_word' id='word_1_385' title='bbox 2145 3196 2343 3258; x_wconf 86' lang='lat' dir='ltr'><strong>citato.</strong></span> <span class='ocrx_word' id='word_1_386' title='bbox 2378 3195 2468 3257; x_wconf 88' lang='lat' dir='ltr'><strong>vel</strong></span> <span class='ocrx_word' id='word_1_387' title='bbox 2504 3195 2761 3257; x_wconf 89' lang='lat' dir='ltr'><strong>indicata</strong></span> <span class='ocrx_word' id='word_1_388' title='bbox 2792 3197 3133 3276; x_wconf 87' lang='lat' dir='ltr'><strong>opinantur,</strong></span> <span class='ocrx_word' id='word_1_389' title='bbox 3171 3194 3482 3274; x_wconf 84' lang='lat' dir='ltr'><strong>proferunt</strong></span> <span class='ocrx_word' id='word_1_390' title='bbox 3533 3197 3599 3257; x_wconf 90' lang='lat' dir='ltr'><strong>in</strong></span> 
     </span>
    </p>
   </div>
   <div class='ocr_carea' id='block_1_40' title="bbox 222 3288 3602 3378">
    <p class='ocr_par' dir='ltr' id='par_1_40' title="bbox 222 3288 3602 3378">
     <span class='ocr_line' id='line_1_40' title="bbox 222 3288 3602 3378; baseline -0.002 -21"><span class='ocrx_word' id='word_1_391' title='bbox 222 3290 298 3353; x_wconf 85' lang='lat' dir='ltr'><strong>de</strong></span> <span class='ocrx_word' id='word_1_392' title='bbox 327 3309 579 3374; x_wconf 89' lang='lat' dir='ltr'><strong>corpore</strong></span> <span class='ocrx_word' id='word_1_393' title='bbox 610 3295 881 3375; x_wconf 71' lang='lat' dir='ltr'><strong>Deiparaa</strong></span> <span class='ocrx_word' id='word_1_394' title='bbox 930 3293 1195 3374; x_wconf 78' lang='lat' dir='ltr'><strong>Virginis</strong></span> <span class='ocrx_word' id='word_1_395' title='bbox 1227 3304 1362 3377; x_wconf 87' lang='lat' dir='ltr'><strong>post</strong></span> <span class='ocrx_word' id='word_1_396' title='bbox 1391 3298 1520 3378; x_wconf 92' lang='lat' dir='ltr'><strong>ejus</strong></span> <span class='ocrx_word' id='word_1_397' title='bbox 1554 3288 1867 3362; x_wconf 49' lang='lat' dir='ltr'><strong>morte—md</strong></span> <span class='ocrx_word' id='word_1_398' title='bbox 1954 3288 2243 3351; x_wconf 90' lang='lat' dir='ltr'><strong>medium.</strong></span> <span class='ocrx_word' id='word_1_399' title='bbox 2276 3288 2520 3378; x_wconf 85' lang='lat' dir='ltr'><strong>Addunt</strong></span> <span class='ocrx_word' id='word_1_400' title='bbox 2578 3288 2923 3368; x_wconf 91' lang='lat' dir='ltr'><strong>Dionysium</strong></span> <span class='ocrx_word' id='word_1_401' title='bbox 2984 3288 3475 3370; x_wconf 82' lang='lat' dir='ltr'><strong>Alexandrinum,</strong></span> <span class='ocrx_word' id='word_1_402' title='bbox 3539 3297 3602 3350; x_wconf 90' lang='lat' dir='ltr'><strong>ut</strong></span> 
     </span>
    </p>
   </div>
   <div class='ocr_carea' id='block_1_41' title="bbox 220 3377 3601 3467">
    <p class='ocr_par' dir='ltr' id='par_1_41' title="bbox 220 3377 3601 3467">
     <span class='ocr_line' id='line_1_41' title="bbox 220 3377 3601 3467; baseline 0.002 -32"><span class='ocrx_word' id='word_1_403' title='bbox 220 3397 287 3443; x_wconf 76' lang='lat' dir='ltr'><strong>se</strong></span> <span class='ocrx_word' id='word_1_404' title='bbox 317 3388 377 3443; x_wconf 78' lang='lat' dir='ltr'><strong>et</strong></span> <span class='ocrx_word' id='word_1_405' title='bbox 405 3383 479 3444; x_wconf 84' lang='lat' dir='ltr'><strong>ab</strong></span> <span class='ocrx_word' id='word_1_406' title='bbox 510 3384 794 3464; x_wconf 71' lang='lat' dir='ltr'><strong>apostolis</strong></span> <span class='ocrx_word' id='word_1_407' title='bbox 823 3384 971 3461; x_wconf 68' lang='lat' dir='ltr'><strong>viso,</strong></span> <span class='ocrx_word' id='word_1_408' title='bbox 1008 3384 1083 3446; x_wconf 80' lang='lat' dir='ltr'><strong>de</strong></span> <span class='ocrx_word' id='word_1_409' title='bbox 1114 3383 1359 3449; x_wconf 77' lang='lat' dir='ltr'><strong>Joannis</strong></span> <span class='ocrx_word' id='word_1_410' title='bbox 1390 3377 1771 3467; x_wconf 62' lang='lat' dir='ltr'><strong>evangelista;</strong></span> <span class='ocrx_word' id='word_1_411' title='bbox 1794 3388 1869 3451; x_wconf 71' lang='lat' dir='ltr'><strong>ab</strong></span> <span class='ocrx_word' id='word_1_412' title='bbox 1953 3378 2309 3467; x_wconf 85' lang='lat' dir='ltr'><strong>Anastasius</strong></span> <span class='ocrx_word' id='word_1_413' title='bbox 2357 3377 2604 3459; x_wconf 86' lang='lat' dir='ltr'><strong>Sinaita,</strong></span> <span class='ocrx_word' id='word_1_414' title='bbox 2645 3388 2883 3441; x_wconf 88' lang='lat' dir='ltr'><strong>sanctus</strong></span> <span class='ocrx_word' id='word_1_415' title='bbox 2913 3378 3209 3440; x_wconf 67' lang='lat' dir='ltr'><strong>Maximus</strong></span> <span class='ocrx_word' id='word_1_416' title='bbox 3260 3387 3319 3441; x_wconf 85' lang='lat' dir='ltr'><strong>et</strong></span> <span class='ocrx_word' id='word_1_417' title='bbox 3367 3378 3601 3441; x_wconf 87' lang='lat' dir='ltr'><strong>Nicetas</strong></span> 
     </span>
    </p>
   </div>
   <div class='ocr_carea' id='block_1_42' title="bbox 221 3466 3591 3560">
    <p class='ocr_par' dir='ltr' id='par_1_42' title="bbox 221 3466 3591 3560">
     <span class='ocr_line' id='line_1_42' title="bbox 221 3466 3591 3560; baseline 0.005 -30"><span class='ocrx_word' id='word_1_418' title='bbox 221 3469 430 3532; x_wconf 89' lang='lat' dir='ltr'><strong>exsilio</strong></span> <span class='ocrx_word' id='word_1_419' title='bbox 446 3489 729 3552; x_wconf 80' lang='lat' dir='ltr'><strong>regressu</strong></span> <span class='ocrx_word' id='word_1_420' title='bbox 752 3472 1053 3554; x_wconf 88' lang='lat' dir='ltr'><strong>dicuntur,</strong></span> <span class='ocrx_word' id='word_1_421' title='bbox 1080 3492 1181 3537; x_wconf 86' lang='lat' dir='ltr'><strong>eas</strong></span> <span class='ocrx_word' id='word_1_422' title='bbox 1205 3466 1665 3556; x_wconf 19' lang='lat' dir='ltr'><strong>aDionysio’illo</strong></span> <span class='ocrx_word' id='word_1_423' title='bbox 1682 3477 1866 3560; x_wconf 90' lang='lat' dir='ltr'><strong>scrip-</strong></span> <span class='ocrx_word' id='word_1_424' title='bbox 1951 3466 2269 3529; x_wconf 64' lang='grc' dir='ltr'><strong>(ῖῒιοηίᾶιθε</strong></span> <span class='ocrx_word' id='word_1_425' title='bbox 2301 3475 2613 3541; x_wconf 67' lang='grc' dir='ltr'><strong>ῐθείᾶηῑυτυ</strong></span> <span class='ocrx_word' id='word_1_426' title='bbox 2678 3467 2736 3528; x_wconf 70' lang='lat' dir='ltr'><strong>in</strong></span> <span class='ocrx_word' id='word_1_427' title='bbox 2771 3469 2986 3529; x_wconf 72' lang='lat' dir='ltr'><strong>eadem</strong></span> <span class='ocrx_word' id='word_1_428' title='bbox 3036 3466 3302 3549; x_wconf 65' lang='grc' dir='ltr'><strong>Πίοηῐδίί</strong></span> <span class='ocrx_word' id='word_1_429' title='bbox 3345 3469 3591 3551; x_wconf 52' lang='lat' dir='ltr'><strong>scripta,</strong></span> 
     </span>
    </p>
   </div>
   <div class='ocr_carea' id='block_1_43' title="bbox 221 3561 1864 3630">
    <p class='ocr_par' dir='ltr' id='par_1_43' title="bbox 221 3561 1864 3630">
     <span class='ocr_line' id='line_1_43' title="bbox 221 3561 1864 3630; baseline 0.004 -6"><span class='ocrx_word' id='word_1_430' title='bbox 221 3563 315 3624; x_wconf 80' lang='lat' dir='ltr'><strong>tas</strong></span> <span class='ocrx_word' id='word_1_431' title='bbox 345 3578 480 3623; x_wconf 91' lang='lat' dir='ltr'><strong>esse</strong></span> <span class='ocrx_word' id='word_1_432' title='bbox 510 3561 768 3624; x_wconf 89' lang='lat' dir='ltr'><strong>clamant</strong></span> <span class='ocrx_word' id='word_1_433' title='bbox 798 3571 858 3625; x_wconf 90' lang='lat' dir='ltr'><strong>et</strong></span> <span class='ocrx_word' id='word_1_434' title='bbox 888 3563 1300 3628; x_wconf 88' lang='lat' dir='ltr'><strong>testiﬁcantur.</strong></span> <span class='ocrx_word' id='word_1_435' title='bbox 1355 3565 1473 3627; x_wconf 88' lang='lat' dir='ltr'><strong>Sed</strong></span> <span class='ocrx_word' id='word_1_436' title='bbox 1505 3565 1651 3628; x_wconf 90' lang='lat' dir='ltr'><strong>illud</strong></span> <span class='ocrx_word' id='word_1_437' title='bbox 1682 3585 1864 3630; x_wconf 88' lang='lat' dir='ltr'><strong>voca-</strong></span> 
     </span>
    </p>
   </div>
   <div class='ocr_carea' id='block_1_44' title="bbox 220 3650 1864 3739">
    <p class='ocr_par' dir='ltr' id='par_1_44' title="bbox 220 3650 1864 3739">
     <span class='ocr_line' id='line_1_44' title="bbox 220 3650 1864 3739; baseline 0.007 -29"><span class='ocrx_word' id='word_1_438' title='bbox 220 3657 320 3712; x_wconf 87' lang='lat' dir='ltr'><strong>tur</strong></span> <span class='ocrx_word' id='word_1_439' title='bbox 349 3650 408 3711; x_wconf 89' lang='lat' dir='ltr'><strong>in</strong></span> <span class='ocrx_word' id='word_1_440' title='bbox 442 3654 906 3715; x_wconf 83' lang='lat' dir='ltr'><strong>controversiam</strong></span> <span class='ocrx_word' id='word_1_441' title='bbox 944 3671 1085 3714; x_wconf 90' lang='lat' dir='ltr'><strong>num</strong></span> <span class='ocrx_word' id='word_1_442' title='bbox 1120 3654 1331 3715; x_wconf 90' lang='lat' dir='ltr'><strong>horum</strong></span> <span class='ocrx_word' id='word_1_443' title='bbox 1362 3661 1572 3717; x_wconf 87' lang='lat' dir='ltr'><strong>auctor</strong></span> <span class='ocrx_word' id='word_1_444' title='bbox 1613 3656 1864 3739; x_wconf 86' lang='lat' dir='ltr'><strong>scripto-</strong></span> 
     </span>
    </p>
   </div>
   <div class='ocr_carea' id='block_1_45' title="bbox 214 3740 1860 3826">
    <p class='ocr_par' dir='ltr' id='par_1_45' title="bbox 214 3740 1860 3826">
     <span class='ocr_line' id='line_1_45' title="bbox 214 3740 1860 3826; baseline 0.006 -26"><span class='ocrx_word' id='word_1_445' title='bbox 214 3756 350 3801; x_wconf 92' lang='lat' dir='ltr'><strong>rum</strong></span> <span class='ocrx_word' id='word_1_446' title='bbox 388 3740 440 3801; x_wconf 91' lang='lat' dir='ltr'><strong>is</strong></span> <span class='ocrx_word' id='word_1_447' title='bbox 466 3758 609 3804; x_wconf 86' lang='lat' dir='ltr'><strong>vere</strong></span> <span class='ocrx_word' id='word_1_448' title='bbox 638 3743 712 3806; x_wconf 91' lang='lat' dir='ltr'><strong>sit</strong></span> <span class='ocrx_word' id='word_1_449' title='bbox 745 3742 1129 3824; x_wconf 87' lang='lat' dir='ltr'><strong>Areopagita,</strong></span> <span class='ocrx_word' id='word_1_450' title='bbox 1164 3762 1341 3824; x_wconf 86' lang='lat' dir='ltr'><strong>quem</strong></span> <span class='ocrx_word' id='word_1_451' title='bbox 1386 3762 1453 3806; x_wconf 90' lang='lat' dir='ltr'><strong>se</strong></span> <span class='ocrx_word' id='word_1_452' title='bbox 1495 3747 1693 3826; x_wconf 88' lang='lat' dir='ltr'><strong>prodit</strong></span> <span class='ocrx_word' id='word_1_453' title='bbox 1729 3748 1860 3811; x_wconf 75' lang='grc' dir='ltr'><strong>ενοι</strong></span> 
     </span>
    </p>
   </div>
   <div class='ocr_carea' id='block_1_46' title="bbox 216 3830 1858 3915">
    <p class='ocr_par' dir='ltr' id='par_1_46' title="bbox 216 3830 1858 3915">
     <span class='ocr_line' id='line_1_46' title="bbox 216 3830 1858 3915; baseline 0.006 -23"><span class='ocrx_word' id='word_1_454' title='bbox 216 3830 504 3892; x_wconf 85' lang='lat' dir='ltr'><strong>ementita</strong></span> <span class='ocrx_word' id='word_1_455' title='bbox 537 3832 685 3894; x_wconf 87' lang='lat' dir='ltr'><strong>tanti</strong></span> <span class='ocrx_word' id='word_1_456' title='bbox 713 3832 825 3894; x_wconf 89' lang='lat' dir='ltr'><strong>viri</strong></span> <span class='ocrx_word' id='word_1_457' title='bbox 855 3834 1099 3895; x_wconf 89' lang='lat' dir='ltr'><strong>nomine</strong></span> <span class='ocrx_word' id='word_1_458' title='bbox 1129 3833 1372 3915; x_wconf 86' lang='lat' dir='ltr'><strong>scriptis</strong></span> <span class='ocrx_word' id='word_1_459' title='bbox 1403 3835 1858 3902; x_wconf 86' lang='lat' dir='ltr'><strong>suisauctorita-</strong></span> 
     </span>
    </p>
   </div>
   <div class='ocr_carea' id='block_1_47' title="bbox 220 3920 1861 4003">
    <p class='ocr_par' dir='ltr' id='par_1_47' title="bbox 220 3920 1861 4003">
     <span class='ocr_line' id='line_1_47' title="bbox 220 3920 1861 4003; baseline 0.005 -21"><span class='ocrx_word' id='word_1_460' title='bbox 220 3926 343 3982; x_wconf 83' lang='lat' dir='ltr'><strong>tem</strong></span> <span class='ocrx_word' id='word_1_461' title='bbox 374 3920 631 3983; x_wconf 87' lang='lat' dir='ltr'><strong>voluerit</strong></span> <span class='ocrx_word' id='word_1_462' title='bbox 661 3922 1019 3985; x_wconf 88' lang='lat' dir='ltr'><strong>attribuere.</strong></span> <span class='ocrx_word' id='word_1_463' title='bbox 1052 3921 1189 3986; x_wconf 64' lang='lat' dir='ltr'><strong>Haec</strong></span> <span class='ocrx_word' id='word_1_464' title='bbox 1224 3932 1421 3986; x_wconf 89' lang='lat' dir='ltr'><strong>autem</strong></span> <span class='ocrx_word' id='word_1_465' title='bbox 1480 3929 1727 4003; x_wconf 59' lang='lat' dir='ltr'><strong>questio</strong></span> <span class='ocrx_word' id='word_1_466' title='bbox 1785 3930 1861 3991; x_wconf 89' lang='lat' dir='ltr'><strong>ob</strong></span> 
     </span>
    </p>
   </div>
   <div class='ocr_carea' id='block_1_48' title="bbox 217 4009 1860 4098">
    <p class='ocr_par' dir='ltr' id='par_1_48' title="bbox 217 4009 1860 4098">
     <span class='ocr_line' id='line_1_48' title="bbox 217 4009 1860 4098; baseline 0.007 -29"><span class='ocrx_word' id='word_1_467' title='bbox 217 4009 483 4071; x_wconf 86' lang='lat' dir='ltr'><strong>auctoris</strong></span> <span class='ocrx_word' id='word_1_468' title='bbox 512 4028 757 4086; x_wconf 91' lang='lat' dir='ltr'><strong>nomen,</strong></span> <span class='ocrx_word' id='word_1_469' title='bbox 792 4020 852 4074; x_wconf 90' lang='lat' dir='ltr'><strong>et</strong></span> <span class='ocrx_word' id='word_1_470' title='bbox 873 4029 1105 4074; x_wconf 87' lang='lat' dir='ltr'><strong>summa</strong></span> <span class='ocrx_word' id='word_1_471' title='bbox 1147 4031 1276 4094; x_wconf 70' lang='lat' dir='ltr'><strong>quae</strong></span> <span class='ocrx_word' id='word_1_472' title='bbox 1306 4013 1366 4075; x_wconf 91' lang='lat' dir='ltr'><strong>in</strong></span> <span class='ocrx_word' id='word_1_473' title='bbox 1421 4015 1517 4076; x_wconf 90' lang='lat' dir='ltr'><strong>his</strong></span> <span class='ocrx_word' id='word_1_474' title='bbox 1576 4017 1860 4098; x_wconf 88' lang='lat' dir='ltr'><strong>operibus</strong></span> 
     </span>
    </p>
   </div>
   <div class='ocr_carea' id='block_1_49' title="bbox 215 4103 1861 4182">
    <p class='ocr_par' dir='ltr' id='par_1_49' title="bbox 215 4103 1861 4182">
     <span class='ocr_line' id='line_1_49' title="bbox 215 4103 1861 4182; baseline 0.007 -23"><span class='ocrx_word' id='word_1_475' title='bbox 215 4104 548 4160; x_wconf 84' lang='lat' dir='ltr'><strong>tractantur</strong></span> <span class='ocrx_word' id='word_1_476' title='bbox 576 4110 954 4179; x_wconf 83' lang='lat' dir='ltr'><strong>argumenta,</strong></span> <span class='ocrx_word' id='word_1_477' title='bbox 988 4106 1135 4163; x_wconf 87' lang='lat' dir='ltr'><strong>tanti</strong></span> <span class='ocrx_word' id='word_1_478' title='bbox 1165 4103 1449 4182; x_wconf 86' lang='lat' dir='ltr'><strong>ponderis</strong></span> <span class='ocrx_word' id='word_1_479' title='bbox 1484 4114 1542 4166; x_wconf 92' lang='lat' dir='ltr'><strong>et</strong></span> <span class='ocrx_word' id='word_1_480' title='bbox 1574 4111 1861 4172; x_wconf 90' lang='lat' dir='ltr'><strong>momenti</strong></span> 
     </span>
    </p>
   </div>
   <div class='ocr_carea' id='block_1_50' title="bbox 216 4188 1864 4274">
    <p class='ocr_par' dir='ltr' id='par_1_50' title="bbox 216 4188 1864 4274">
     <span class='ocr_line' id='line_1_50' title="bbox 216 4188 1864 4274; baseline 0.007 -25"><span class='ocrx_word' id='word_1_481' title='bbox 216 4188 346 4249; x_wconf 88' lang='lat' dir='ltr'><strong>visa</strong></span> <span class='ocrx_word' id='word_1_482' title='bbox 375 4197 489 4266; x_wconf 87' lang='lat' dir='ltr'><strong>est,</strong></span> <span class='ocrx_word' id='word_1_483' title='bbox 523 4196 586 4251; x_wconf 89' lang='lat' dir='ltr'><strong>ut</strong></span> <span class='ocrx_word' id='word_1_484' title='bbox 641 4192 733 4253; x_wconf 85' lang='lat' dir='ltr'><strong>vix</strong></span> <span class='ocrx_word' id='word_1_485' title='bbox 780 4190 896 4254; x_wconf 89' lang='lat' dir='ltr'><strong>alia</strong></span> <span class='ocrx_word' id='word_1_486' title='bbox 944 4191 1146 4274; x_wconf 89' lang='lat' dir='ltr'><strong>fuerit,</strong></span> <span class='ocrx_word' id='word_1_487' title='bbox 1182 4191 1243 4254; x_wconf 88' lang='lat' dir='ltr'><strong>in</strong></span> <span class='ocrx_word' id='word_1_488' title='bbox 1303 4212 1418 4274; x_wconf 86' lang='lat' dir='ltr'><strong>qua</strong></span> <span class='ocrx_word' id='word_1_489' title='bbox 1476 4197 1864 4260; x_wconf 84' lang='lat' dir='ltr'><strong>examinanda</strong></span> 
     </span>
    </p>
   </div>
   <div class='ocr_carea' id='block_1_51' title="bbox 216 4277 1855 4362">
    <p class='ocr_par' dir='ltr' id='par_1_51' title="bbox 216 4277 1855 4362">
     <span class='ocr_line' id='line_1_51' title="bbox 216 4277 1855 4362; baseline 0.004 -22"><span class='ocrx_word' id='word_1_490' title='bbox 216 4277 414 4340; x_wconf 85' lang='lat' dir='ltr'><strong>critici</strong></span> <span class='ocrx_word' id='word_1_491' title='bbox 448 4280 734 4359; x_wconf 90' lang='lat' dir='ltr'><strong>majorem</strong></span> <span class='ocrx_word' id='word_1_492' title='bbox 755 4281 1125 4362; x_wconf 81' lang='lat' dir='ltr'><strong>diligentiam</strong></span> <span class='ocrx_word' id='word_1_493' title='bbox 1158 4283 1503 4347; x_wconf 87' lang='lat' dir='ltr'><strong>adhibuisse</strong></span> <span class='ocrx_word' id='word_1_494' title='bbox 1526 4286 1855 4349; x_wconf 88' lang='lat' dir='ltr'><strong>videantur.</strong></span> 
     </span>
    </p>
   </div>
   <div class='ocr_carea' id='block_1_52' title="bbox 1948 3560 3035 3641">
    <p class='ocr_par' dir='ltr' id='par_1_52' title="bbox 1948 3560 3035 3641">
     <span class='ocr_line' id='line_1_52' title="bbox 1948 3560 3035 3641; baseline 0.001 -18"><span class='ocrx_word' id='word_1_495' title='bbox 1948 3560 2363 3623; x_wconf 86' lang='lat' dir='ltr'><strong>adnotationes</strong></span> <span class='ocrx_word' id='word_1_496' title='bbox 2406 3569 2465 3624; x_wconf 83' lang='lat' dir='ltr'><strong>et</strong></span> <span class='ocrx_word' id='word_1_497' title='bbox 2494 3561 2721 3624; x_wconf 89' lang='lat' dir='ltr'><strong>scholia</strong></span> <span class='ocrx_word' id='word_1_498' title='bbox 2750 3561 3035 3641; x_wconf 89' lang='lat' dir='ltr'><strong>edidisse,</strong></span> 
     </span>
    </p>
   </div>
   <div class='ocr_carea' id='block_1_53' title="bbox 2029 3648 3600 3733">
    <p class='ocr_par' dir='ltr' id='par_1_53' title="bbox 2029 3648 3600 3733">
     <span class='ocr_line' id='line_1_53' title="bbox 2029 3648 3600 3733; baseline 0.001 -20"><span class='ocrx_word' id='word_1_499' title='bbox 2029 3648 2146 3713; x_wconf 91' lang='lat' dir='ltr'><strong>Sed</strong></span> <span class='ocrx_word' id='word_1_500' title='bbox 2177 3650 2546 3717; x_wconf 89' lang='lat' dir='ltr'><strong>contendunt</strong></span> <span class='ocrx_word' id='word_1_501' title='bbox 2572 3669 2776 3713; x_wconf 90' lang='lat' dir='ltr'><strong>eorum</strong></span> <span class='ocrx_word' id='word_1_502' title='bbox 2806 3651 3133 3713; x_wconf 85' lang='lat' dir='ltr'><strong>adversarii</strong></span> <span class='ocrx_word' id='word_1_503' title='bbox 3166 3669 3362 3730; x_wconf 88' lang='lat' dir='ltr'><strong>neque</strong></span> <span class='ocrx_word' id='word_1_504' title='bbox 3393 3651 3600 3733; x_wconf 79' lang='lat' dir='ltr'><strong>0rige~</strong></span> 
     </span>
    </p>
   </div>
   <div class='ocr_carea' id='block_1_54' title="bbox 1947 3741 3594 3822">
    <p class='ocr_par' dir='ltr' id='par_1_54' title="bbox 1947 3741 3594 3822">
     <span class='ocr_line' id='line_1_54' title="bbox 1947 3741 3594 3822; baseline 0.002 -21"><span class='ocrx_word' id='word_1_505' title='bbox 1947 3757 2112 3822; x_wconf 90' lang='lat' dir='ltr'><strong>nem,</strong></span> <span class='ocrx_word' id='word_1_506' title='bbox 2146 3759 2344 3819; x_wconf 90' lang='lat' dir='ltr'><strong>neque</strong></span> <span class='ocrx_word' id='word_1_507' title='bbox 2375 3741 2792 3821; x_wconf 83' lang='lat' dir='ltr'><strong>Athanasium,</strong></span> <span class='ocrx_word' id='word_1_508' title='bbox 2827 3750 2891 3803; x_wconf 91' lang='lat' dir='ltr'><strong>ut</strong></span> <span class='ocrx_word' id='word_1_509' title='bbox 2920 3759 3129 3804; x_wconf 89' lang='lat' dir='ltr'><strong>omnes</strong></span> <span class='ocrx_word' id='word_1_510' title='bbox 3156 3741 3334 3804; x_wconf 87' lang='lat' dir='ltr'><strong>facile</strong></span> <span class='ocrx_word' id='word_1_511' title='bbox 3368 3760 3594 3805; x_wconf 89' lang='lat' dir='ltr'><strong>conce-</strong></span> 
     </span>
    </p>
   </div>
   <div class='ocr_carea' id='block_1_55' title="bbox 1946 3829 3595 3914">
    <p class='ocr_par' dir='ltr' id='par_1_55' title="bbox 1946 3829 3595 3914">
     <span class='ocr_line' id='line_1_55' title="bbox 1946 3829 3595 3914; baseline 0.002 -23"><span class='ocrx_word' id='word_1_512' title='bbox 1946 3829 2235 3912; x_wconf 89' lang='lat' dir='ltr'><strong>dunt,sed</strong></span> <span class='ocrx_word' id='word_1_513' title='bbox 2257 3832 2626 3895; x_wconf 88' lang='lat' dir='ltr'><strong>recentiores</strong></span> <span class='ocrx_word' id='word_1_514' title='bbox 2644 3831 2935 3914; x_wconf 86' lang='lat' dir='ltr'><strong>quosdam</strong></span> <span class='ocrx_word' id='word_1_515' title='bbox 2964 3833 3204 3912; x_wconf 87' lang='lat' dir='ltr'><strong>horum,</strong></span> <span class='ocrx_word' id='word_1_516' title='bbox 3236 3850 3367 3913; x_wconf 64' lang='lat' dir='ltr'><strong>qua;</strong></span> <span class='ocrx_word' id='word_1_517' title='bbox 3401 3832 3595 3894; x_wconf 86' lang='lat' dir='ltr'><strong>citan-</strong></span> 
     </span>
    </p>
   </div>
   <div class='ocr_carea' id='block_1_56' title="bbox 1945 3920 3600 4002">
    <p class='ocr_par' dir='ltr' id='par_1_56' title="bbox 1945 3920 3600 4002">
     <span class='ocr_line' id='line_1_56' title="bbox 1945 3920 3600 4002; baseline 0.002 -22"><span class='ocrx_word' id='word_1_518' title='bbox 1945 3926 2062 4001; x_wconf 87' lang='lat' dir='ltr'><strong>tur,</strong></span> <span class='ocrx_word' id='word_1_519' title='bbox 2116 3939 2363 4002; x_wconf 87' lang='lat' dir='ltr'><strong>operum</strong></span> <span class='ocrx_word' id='word_1_520' title='bbox 2424 3940 2555 3985; x_wconf 90' lang='lat' dir='ltr'><strong>esse</strong></span> <span class='ocrx_word' id='word_1_521' title='bbox 2612 3932 2909 3984; x_wconf 86' lang='lat' dir='ltr'><strong>auctores.</strong></span> <span class='ocrx_word' id='word_1_522' title='bbox 2976 3920 3275 3994; x_wconf 88' lang='lat' dir='ltr'><strong>Quantum</strong></span> <span class='ocrx_word' id='word_1_523' title='bbox 3328 3939 3465 3983; x_wconf 90' lang='lat' dir='ltr'><strong>vero</strong></span> <span class='ocrx_word' id='word_1_524' title='bbox 3525 3922 3600 3984; x_wconf 82' lang='lat' dir='ltr'><strong>ad</strong></span> 
     </span>
    </p>
   </div>
   <div class='ocr_carea' id='block_1_57' title="bbox 1943 4013 3599 4094">
    <p class='ocr_par' dir='ltr' id='par_1_57' title="bbox 1943 4013 3599 4094">
     <span class='ocr_line' id='line_1_57' title="bbox 1943 4013 3599 4094; baseline 0.002 -21"><span class='ocrx_word' id='word_1_525' title='bbox 1943 4014 2194 4089; x_wconf 88' lang='lat' dir='ltr'><strong>scholia,</strong></span> <span class='ocrx_word' id='word_1_526' title='bbox 2224 4023 2450 4076; x_wconf 89' lang='lat' dir='ltr'><strong>certum</strong></span> <span class='ocrx_word' id='word_1_527' title='bbox 2471 4015 2659 4077; x_wconf 82' lang='lat' dir='ltr'><strong>videri</strong></span> <span class='ocrx_word' id='word_1_528' title='bbox 2675 4033 2743 4076; x_wconf 88' lang='lat' dir='ltr'><strong>ea</strong></span> <span class='ocrx_word' id='word_1_529' title='bbox 2757 4013 3025 4094; x_wconf 88' lang='lat' dir='ltr'><strong>Dionysii</strong></span> <span class='ocrx_word' id='word_1_530' title='bbox 3051 4014 3442 4076; x_wconf 88' lang='lat' dir='ltr'><strong>Alexandrini</strong></span> <span class='ocrx_word' id='word_1_531' title='bbox 3479 4033 3599 4077; x_wconf 89' lang='lat' dir='ltr'><strong>non</strong></span> 
     </span>
    </p>
   </div>
   <div class='ocr_carea' id='block_1_58' title="bbox 1947 4102 3591 4184">
    <p class='ocr_par' dir='ltr' id='par_1_58' title="bbox 1947 4102 3591 4184">
     <span class='ocr_line' id='line_1_58' title="bbox 1947 4102 3591 4184; baseline -0.001 -18"><span class='ocrx_word' id='word_1_532' title='bbox 1947 4119 2079 4166; x_wconf 85' lang='lat' dir='ltr'><strong>esse</strong></span> <span class='ocrx_word' id='word_1_533' title='bbox 2108 4102 2316 4168; x_wconf 86' lang='lat' dir='ltr'><strong>fetum.</strong></span> <span class='ocrx_word' id='word_1_534' title='bbox 2351 4104 2651 4168; x_wconf 89' lang='lat' dir='ltr'><strong>Eusebius</strong></span> <span class='ocrx_word' id='word_1_535' title='bbox 2682 4104 2904 4166; x_wconf 77' lang='lat' dir='ltr'><strong>etenim</strong></span> <span class='ocrx_word' id='word_1_536' title='bbox 2963 4111 3140 4183; x_wconf 87' lang='lat' dir='ltr'><strong>atque</strong></span> <span class='ocrx_word' id='word_1_537' title='bbox 3168 4103 3591 4184; x_wconf 83' lang='lat' dir='ltr'><strong>Hieronymus,</strong></span> 
     </span>
    </p>
   </div>
   <div class='ocr_carea' id='block_1_59' title="bbox 1946 4198 3599 4280">
    <p class='ocr_par' dir='ltr' id='par_1_59' title="bbox 1946 4198 3599 4280">
     <span class='ocr_line' id='line_1_59' title="bbox 1946 4198 3599 4280; baseline 0.002 -22"><span class='ocrx_word' id='word_1_538' title='bbox 1946 4199 2045 4277; x_wconf 91' lang='lat' dir='ltr'><strong>qui</strong></span> <span class='ocrx_word' id='word_1_539' title='bbox 2076 4198 2459 4262; x_wconf 83' lang='lat' dir='ltr'><strong>Alexandrini</strong></span> <span class='ocrx_word' id='word_1_540' title='bbox 2478 4201 2654 4279; x_wconf 89' lang='lat' dir='ltr'><strong>hujus</strong></span> <span class='ocrx_word' id='word_1_541' title='bbox 2671 4198 3020 4280; x_wconf 64' lang='lat' dir='ltr'><strong>patriarcha)</strong></span> <span class='ocrx_word' id='word_1_542' title='bbox 3040 4216 3223 4280; x_wconf 87' lang='lat' dir='ltr'><strong>opera</strong></span> <span class='ocrx_word' id='word_1_543' title='bbox 3254 4198 3599 4278; x_wconf 80' lang='lat' dir='ltr'><strong>diligentis—</strong></span> 
     </span>
    </p>
   </div>
   <div class='ocr_carea' id='block_1_60' title="bbox 1942 4287 3599 4363">
    <p class='ocr_par' dir='ltr' id='par_1_60' title="bbox 1942 4287 3599 4363">
     <span class='ocr_line' id='line_1_60' title="bbox 1942 4287 3599 4363; baseline 0.001 -16"><span class='ocrx_word' id='word_1_544' title='bbox 1942 4288 2558 4363; x_wconf 79' lang='lat' dir='ltr'><strong>simerecensuerunt,</strong></span> <span class='ocrx_word' id='word_1_545' title='bbox 2581 4290 2800 4352; x_wconf 89' lang='lat' dir='ltr'><strong>nullam</strong></span> <span class='ocrx_word' id='word_1_546' title='bbox 2818 4289 3060 4351; x_wconf 84' lang='lat' dir='ltr'><strong>omnino</strong></span> <span class='ocrx_word' id='word_1_547' title='bbox 3087 4291 3297 4349; x_wconf 89' lang='lat' dir='ltr'><strong>horum</strong></span> <span class='ocrx_word' id='word_1_548' title='bbox 3321 4287 3599 4349; x_wconf 86' lang='lat' dir='ltr'><strong>scholic-</strong></span> 
     </span>
    </p>
   </div>
   <div class='ocr_carea' id='block_1_61' title="bbox 301 4366 3601 4458">
    <p class='ocr_par' dir='ltr' id='par_1_61' title="bbox 301 4366 3601 4458">
     <span class='ocr_line' id='line_1_61' title="bbox 301 4366 3601 4458; baseline 0.003 -31"><span class='ocrx_word' id='word_1_549' title='bbox 301 4366 488 4458; x_wconf 86' lang='lat' dir='ltr'><strong>Porro</strong></span> <span class='ocrx_word' id='word_1_550' title='bbox 515 4381 716 4432; x_wconf 90' lang='lat' dir='ltr'><strong>autem</strong></span> <span class='ocrx_word' id='word_1_551' title='bbox 742 4372 889 4434; x_wconf 89' lang='lat' dir='ltr'><strong>duas</strong></span> <span class='ocrx_word' id='word_1_552' title='bbox 912 4371 999 4433; x_wconf 90' lang='lat' dir='ltr'><strong>illi</strong></span> <span class='ocrx_word' id='word_1_553' title='bbox 1031 4373 1381 4436; x_wconf 86' lang='lat' dir='ltr'><strong>scinduntur</strong></span> <span class='ocrx_word' id='word_1_554' title='bbox 1414 4374 1475 4435; x_wconf 91' lang='lat' dir='ltr'><strong>in</strong></span> <span class='ocrx_word' id='word_1_555' title='bbox 1492 4383 1710 4455; x_wconf 88' lang='lat' dir='ltr'><strong>partes.</strong></span> <span class='ocrx_word' id='word_1_556' title='bbox 1743 4378 1860 4439; x_wconf 83' lang='lat' dir='ltr'><strong>Alii</strong></span> <span class='ocrx_word' id='word_1_557' title='bbox 1886 4394 2077 4458; x_wconf 49' lang='lat' dir='ltr'><strong>r‘rum</strong></span> <span class='ocrx_word' id='word_1_558' title='bbox 2109 4377 2383 4440; x_wconf 86' lang='lat' dir='ltr'><strong>fecerunt</strong></span> <span class='ocrx_word' id='word_1_559' title='bbox 2417 4379 2806 4441; x_wconf 81' lang='lat' dir='ltr'><strong>mentionem.</strong></span> <span class='ocrx_word' id='word_1_560' title='bbox 2840 4377 2993 4450; x_wconf 88' lang='lat' dir='ltr'><strong>Quid</strong></span> <span class='ocrx_word' id='word_1_561' title='bbox 3052 4378 3207 4458; x_wconf 84' lang='lat' dir='ltr'><strong>quod</strong></span> <span class='ocrx_word' id='word_1_562' title='bbox 3250 4376 3601 4439; x_wconf 86' lang='lat' dir='ltr'><strong>Anastasius</strong></span> 
     </span>
    </p>
   </div>
   <div class='ocr_carea' id='block_1_62' title="bbox 213 4457 1857 4547">
    <p class='ocr_par' dir='ltr' id='par_1_62' title="bbox 213 4457 1857 4547">
     <span class='ocr_line' id='line_1_62' title="bbox 213 4457 1857 4547; baseline 0.008 -30"><span class='ocrx_word' id='word_1_563' title='bbox 213 4457 513 4547; x_wconf 86' lang='lat' dir='ltr'><strong>siquidem</strong></span> <span class='ocrx_word' id='word_1_564' title='bbox 540 4465 760 4541; x_wconf 87' lang='lat' dir='ltr'><strong>scripta</strong></span> <span class='ocrx_word' id='word_1_565' title='bbox 788 4463 916 4525; x_wconf 71' lang='lat' dir='ltr'><strong>haec</strong></span> <span class='ocrx_word' id='word_1_566' title='bbox 950 4462 1153 4525; x_wconf 88' lang='lat' dir='ltr'><strong>omnia</strong></span> <span class='ocrx_word' id='word_1_567' title='bbox 1180 4481 1213 4524; x_wconf 94' lang='lat' dir='ltr'><strong>a</strong></span> <span class='ocrx_word' id='word_1_568' title='bbox 1243 4462 1533 4544; x_wconf 79' lang='lat' dir='ltr'><strong>Dionysio</strong></span> <span class='ocrx_word' id='word_1_569' title='bbox 1564 4467 1715 4547; x_wconf 90' lang='lat' dir='ltr'><strong>ipso,</strong></span> <span class='ocrx_word' id='word_1_570' title='bbox 1749 4487 1857 4529; x_wconf 89' lang='lat' dir='ltr'><strong>cu-</strong></span> 
     </span>
    </p>
   </div>
   <div class='ocr_carea' id='block_1_63' title="bbox 205 4546 1853 4634">
    <p class='ocr_par' dir='ltr' id='par_1_63' title="bbox 205 4546 1853 4634">
     <span class='ocr_line' id='line_1_63' title="bbox 205 4546 1853 4634; baseline 0.006 -25"><span class='ocrx_word' id='word_1_571' title='bbox 205 4546 316 4626; x_wconf 85' lang='lat' dir='ltr'><strong>jus</strong></span> <span class='ocrx_word' id='word_1_572' title='bbox 343 4547 586 4610; x_wconf 86' lang='lat' dir='ltr'><strong>nomine</strong></span> <span class='ocrx_word' id='word_1_573' title='bbox 618 4550 1051 4634; x_wconf 90' lang='lat' dir='ltr'><strong>tnscribuntur,</strong></span> <span class='ocrx_word' id='word_1_574' title='bbox 1102 4552 1361 4632; x_wconf 88' lang='lat' dir='ltr'><strong>profecta</strong></span> <span class='ocrx_word' id='word_1_575' title='bbox 1392 4570 1525 4615; x_wconf 89' lang='lat' dir='ltr'><strong>esse</strong></span> <span class='ocrx_word' id='word_1_576' title='bbox 1582 4546 1853 4633; x_wconf 86' lang='lat' dir='ltr'><strong>censent,</strong></span> 
     </span>
    </p>
   </div>
   <div class='ocr_carea' id='block_1_64' title="bbox 212 4637 1857 4722">
    <p class='ocr_par' dir='ltr' id='par_1_64' title="bbox 212 4637 1857 4722">
     <span class='ocr_line' id='line_1_64' title="bbox 212 4637 1857 4722; baseline 0.008 -26"><span class='ocrx_word' id='word_1_577' title='bbox 212 4637 363 4710; x_wconf 60' lang='lat' dir='ltr'><strong>Quae</strong></span> <span class='ocrx_word' id='word_1_578' title='bbox 391 4639 634 4719; x_wconf 88' lang='lat' dir='ltr'><strong>quidem</strong></span> <span class='ocrx_word' id='word_1_579' title='bbox 686 4640 889 4720; x_wconf 90' lang='lat' dir='ltr'><strong>opinio</strong></span> <span class='ocrx_word' id='word_1_580' title='bbox 941 4640 1014 4705; x_wconf 89' lang='lat' dir='ltr'><strong>ab</strong></span> <span class='ocrx_word' id='word_1_581' title='bbox 1045 4659 1116 4704; x_wconf 92' lang='lat' dir='ltr'><strong>eo</strong></span> <span class='ocrx_word' id='word_1_582' title='bbox 1152 4650 1423 4722; x_wconf 86' lang='lat' dir='ltr'><strong>tempore</strong></span> <span class='ocrx_word' id='word_1_583' title='bbox 1453 4660 1572 4719; x_wconf 90' lang='lat' dir='ltr'><strong>quo</strong></span> <span class='ocrx_word' id='word_1_584' title='bbox 1627 4643 1746 4707; x_wconf 86' lang='lat' dir='ltr'><strong>illae</strong></span> <span class='ocrx_word' id='word_1_585' title='bbox 1793 4647 1857 4709; x_wconf 91' lang='lat' dir='ltr'><strong>in</strong></span> 
     </span>
    </p>
   </div>
   <div class='ocr_carea' id='block_1_65' title="bbox 208 4726 1854 4812">
    <p class='ocr_par' dir='ltr' id='par_1_65' title="bbox 208 4726 1854 4812">
     <span class='ocr_line' id='line_1_65' title="bbox 208 4726 1854 4812; baseline 0.009 -26"><span class='ocrx_word' id='word_1_586' title='bbox 208 4726 426 4805; x_wconf 82' lang='lat' dir='ltr'><strong>vulgus</strong></span> <span class='ocrx_word' id='word_1_587' title='bbox 456 4727 831 4812; x_wconf 89' lang='lat' dir='ltr'><strong>prodierunt,</strong></span> <span class='ocrx_word' id='word_1_588' title='bbox 852 4749 1047 4810; x_wconf 89' lang='lat' dir='ltr'><strong>usque</strong></span> <span class='ocrx_word' id='word_1_589' title='bbox 1074 4731 1145 4794; x_wconf 89' lang='lat' dir='ltr'><strong>ad</strong></span> <span class='ocrx_word' id='word_1_590' title='bbox 1171 4732 1468 4795; x_wconf 89' lang='lat' dir='ltr'><strong>decimum</strong></span> <span class='ocrx_word' id='word_1_591' title='bbox 1484 4741 1713 4797; x_wconf 90' lang='lat' dir='ltr'><strong>sextum</strong></span> <span class='ocrx_word' id='word_1_592' title='bbox 1736 4734 1854 4799; x_wconf 89' lang='lat' dir='ltr'><strong>Ec-</strong></span> 
     </span>
    </p>
   </div>
   <div class='ocr_carea' id='block_1_66' title="bbox 213 4815 1857 4901">
    <p class='ocr_par' dir='ltr' id='par_1_66' title="bbox 213 4815 1857 4901">
     <span class='ocr_line' id='line_1_66' title="bbox 213 4815 1857 4901; baseline 0.008 -25"><span class='ocrx_word' id='word_1_593' title='bbox 213 4815 414 4878; x_wconf 75' lang='lat' dir='ltr'><strong>clesiae</strong></span> <span class='ocrx_word' id='word_1_594' title='bbox 434 4816 740 4894; x_wconf 65' lang='lat' dir='ltr'><strong>saeculum,</strong></span> <span class='ocrx_word' id='word_1_595' title='bbox 777 4822 981 4901; x_wconf 90' lang='lat' dir='ltr'><strong>paucis</strong></span> <span class='ocrx_word' id='word_1_596' title='bbox 1018 4821 1426 4900; x_wconf 86' lang='lat' dir='ltr'><strong>nequidquam</strong></span> <span class='ocrx_word' id='word_1_597' title='bbox 1473 4823 1857 4888; x_wconf 82' lang='lat' dir='ltr'><strong>reclamanti-</strong></span> 
     </span>
    </p>
   </div>
   <div class='ocr_carea' id='block_1_67' title="bbox 212 4902 1859 4986">
    <p class='ocr_par' dir='ltr' id='par_1_67' title="bbox 212 4902 1859 4986">
     <span class='ocr_line' id='line_1_67' title="bbox 212 4902 1859 4986; baseline 0.007 -20"><span class='ocrx_word' id='word_1_598' title='bbox 212 4902 356 4979; x_wconf 83' lang='lat' dir='ltr'><strong>bus,</strong></span> <span class='ocrx_word' id='word_1_599' title='bbox 387 4906 543 4986; x_wconf 90' lang='lat' dir='ltr'><strong>apud</strong></span> <span class='ocrx_word' id='word_1_600' title='bbox 589 4924 797 4971; x_wconf 89' lang='lat' dir='ltr'><strong>omnes</strong></span> <span class='ocrx_word' id='word_1_601' title='bbox 824 4908 951 4972; x_wconf 83' lang='lat' dir='ltr'><strong>fere</strong></span> <span class='ocrx_word' id='word_1_602' title='bbox 1006 4911 1271 4973; x_wconf 76' lang='lat' dir='ltr'><strong>invaluit.</strong></span> <span class='ocrx_word' id='word_1_603' title='bbox 1325 4912 1440 4974; x_wconf 84' lang='lat' dir='ltr'><strong>Alii</strong></span> <span class='ocrx_word' id='word_1_604' title='bbox 1471 4931 1505 4975; x_wconf 91' lang='lat' dir='ltr'><strong>e</strong></span> <span class='ocrx_word' id='word_1_605' title='bbox 1563 4921 1859 4978; x_wconf 87' lang='lat' dir='ltr'><strong>contrario</strong></span> 
     </span>
    </p>
   </div>
   <div class='ocr_carea' id='block_1_68' title="bbox 210 4994 1859 5085">
    <p class='ocr_par' dir='ltr' id='par_1_68' title="bbox 210 4994 1859 5085">
     <span class='ocr_line' id='line_1_68' title="bbox 210 4994 1859 5085; baseline 0.007 -29"><span class='ocrx_word' id='word_1_606' title='bbox 210 4994 424 5085; x_wconf 80' lang='lat' dir='ltr'><strong>eadem</strong></span> <span class='ocrx_word' id='word_1_607' title='bbox 457 5012 641 5076; x_wconf 88' lang='lat' dir='ltr'><strong>opera</strong></span> <span class='ocrx_word' id='word_1_608' title='bbox 692 5016 825 5059; x_wconf 91' lang='lat' dir='ltr'><strong>cum</strong></span> <span class='ocrx_word' id='word_1_609' title='bbox 856 4996 1081 5062; x_wconf 87' lang='lat' dir='ltr'><strong>liberos</strong></span> <span class='ocrx_word' id='word_1_610' title='bbox 1117 5008 1237 5062; x_wconf 90' lang='lat' dir='ltr'><strong>tum</strong></span> <span class='ocrx_word' id='word_1_611' title='bbox 1274 5001 1555 5085; x_wconf 76' lang='lat' dir='ltr'><strong>epistolas</strong></span> <span class='ocrx_word' id='word_1_612' title='bbox 1582 5003 1859 5085; x_wconf 90' lang='lat' dir='ltr'><strong>Dionysio</strong></span> 
     </span>
    </p>
   </div>
   <div class='ocr_carea' id='block_1_69' title="bbox 210 5082 1860 5176">
    <p class='ocr_par' dir='ltr' id='par_1_69' title="bbox 210 5082 1860 5176">
     <span class='ocr_line' id='line_1_69' title="bbox 210 5082 1860 5176; baseline 0.007 -29"><span class='ocrx_word' id='word_1_613' title='bbox 210 5082 592 5176; x_wconf 72' lang='lat' dir='ltr'><strong>Areopagitae</strong></span> <span class='ocrx_word' id='word_1_614' title='bbox 622 5085 802 5168; x_wconf 89' lang='lat' dir='ltr'><strong>plane</strong></span> <span class='ocrx_word' id='word_1_615' title='bbox 851 5089 1208 5172; x_wconf 90' lang='lat' dir='ltr'><strong>penitusque</strong></span> <span class='ocrx_word' id='word_1_616' title='bbox 1237 5082 1605 5172; x_wconf 82' lang='lat' dir='ltr'><strong>abjudicant,</strong></span> <span class='ocrx_word' id='word_1_617' title='bbox 1670 5082 1860 5176; x_wconf 80' lang='lat' dir='ltr'><strong>eaque</strong></span> 
     </span>
    </p>
   </div>
   <div class='ocr_carea' id='block_1_70' title="bbox 210 5172 1857 5262">
    <p class='ocr_par' dir='ltr' id='par_1_70' title="bbox 210 5172 1857 5262">
     <span class='ocr_line' id='line_1_70' title="bbox 210 5172 1857 5262; baseline 0.007 -27"><span class='ocrx_word' id='word_1_618' title='bbox 210 5172 552 5262; x_wconf 63' lang='lat' dir='ltr'><strong>adulterina</strong></span> <span class='ocrx_word' id='word_1_619' title='bbox 581 5183 641 5237; x_wconf 90' lang='lat' dir='ltr'><strong>et</strong></span> <span class='ocrx_word' id='word_1_620' title='bbox 663 5184 822 5240; x_wconf 85' lang='lat' dir='ltr'><strong>tanto</strong></span> <span class='ocrx_word' id='word_1_621' title='bbox 848 5178 973 5240; x_wconf 88' lang='lat' dir='ltr'><strong>viro</strong></span> <span class='ocrx_word' id='word_1_622' title='bbox 1001 5182 1309 5262; x_wconf 87' lang='lat' dir='ltr'><strong>supposita</strong></span> <span class='ocrx_word' id='word_1_623' title='bbox 1327 5172 1857 5248; x_wconf 78' lang='lat' dir='ltr'><strong>essearbitrantur.</strong></span> 
     </span>
    </p>
   </div>
   <div class='ocr_carea' id='block_1_71' title="bbox 211 5259 1861 5346">
    <p class='ocr_par' dir='ltr' id='par_1_71' title="bbox 211 5259 1861 5346">
     <span class='ocr_line' id='line_1_71' title="bbox 211 5259 1861 5346; baseline 0.007 -21"><span class='ocrx_word' id='word_1_624' title='bbox 211 5259 379 5325; x_wconf 85' lang='lat' dir='ltr'><strong>Hanc</strong></span> <span class='ocrx_word' id='word_1_625' title='bbox 407 5280 547 5326; x_wconf 88' lang='lat' dir='ltr'><strong>vero</strong></span> <span class='ocrx_word' id='word_1_626' title='bbox 578 5264 926 5346; x_wconf 89' lang='lat' dir='ltr'><strong>opinionem</strong></span> <span class='ocrx_word' id='word_1_627' title='bbox 958 5259 1096 5331; x_wconf 84' lang='lat' dir='ltr'><strong>cum</strong></span> <span class='ocrx_word' id='word_1_628' title='bbox 1121 5259 1296 5333; x_wconf 40' lang='lat' dir='ltr'><strong>&#39;Valla</strong></span> <span class='ocrx_word' id='word_1_629' title='bbox 1325 5281 1381 5334; x_wconf 92' lang='lat' dir='ltr'><strong>et</strong></span> <span class='ocrx_word' id='word_1_630' title='bbox 1405 5270 1690 5335; x_wconf 88' lang='lat' dir='ltr'><strong>Erasmus</strong></span> <span class='ocrx_word' id='word_1_631' title='bbox 1727 5292 1861 5336; x_wconf 90' lang='lat' dir='ltr'><strong>am-</strong></span> 
     </span>
    </p>
   </div>
   <div class='ocr_carea' id='block_1_72' title="bbox 213 5350 1863 5433">
    <p class='ocr_par' dir='ltr' id='par_1_72' title="bbox 213 5350 1863 5433">
     <span class='ocr_line' id='line_1_72' title="bbox 213 5350 1863 5433; baseline 0.01 -21"><span class='ocrx_word' id='word_1_632' title='bbox 213 5350 432 5433; x_wconf 86' lang='lat' dir='ltr'><strong>plexati</strong></span> <span class='ocrx_word' id='word_1_633' title='bbox 461 5351 736 5433; x_wconf 87' lang='lat' dir='ltr'><strong>fuissent,</strong></span> <span class='ocrx_word' id='word_1_634' title='bbox 769 5357 1097 5421; x_wconf 85' lang='lat' dir='ltr'><strong>acerrimos</strong></span> <span class='ocrx_word' id='word_1_635' title='bbox 1116 5360 1383 5425; x_wconf 83' lang='lat' dir='ltr'><strong>omnium</strong></span> <span class='ocrx_word' id='word_1_636' title='bbox 1404 5361 1521 5424; x_wconf 82' lang='lat' dir='ltr'><strong>sibi</strong></span> <span class='ocrx_word' id='word_1_637' title='bbox 1539 5363 1863 5429; x_wconf 87' lang='lat' dir='ltr'><strong>adversan-</strong></span> 
     </span>
    </p>
   </div>
   <div class='ocr_carea' id='block_1_73' title="bbox 217 5439 1862 5528">
    <p class='ocr_par' dir='ltr' id='par_1_73' title="bbox 217 5439 1862 5528">
     <span class='ocr_line' id='line_1_73' title="bbox 217 5439 1862 5528; baseline 0.01 -26"><span class='ocrx_word' id='word_1_638' title='bbox 217 5439 366 5503; x_wconf 83' lang='lat' dir='ltr'><strong>tium</strong></span> <span class='ocrx_word' id='word_1_639' title='bbox 389 5439 650 5523; x_wconf 82' lang='lat' dir='ltr'><strong>impetus</strong></span> <span class='ocrx_word' id='word_1_640' title='bbox 678 5456 1063 5528; x_wconf 85' lang='lat' dir='ltr'><strong>exceperunt.</strong></span> <span class='ocrx_word' id='word_1_641' title='bbox 1089 5449 1203 5512; x_wconf 91' lang='lat' dir='ltr'><strong>Sed</strong></span> <span class='ocrx_word' id='word_1_642' title='bbox 1236 5450 1276 5512; x_wconf 91' lang='lat' dir='ltr'><strong>ii</strong></span> <span class='ocrx_word' id='word_1_643' title='bbox 1305 5451 1550 5516; x_wconf 87' lang='lat' dir='ltr'><strong>demum</strong></span> <span class='ocrx_word' id='word_1_644' title='bbox 1580 5452 1667 5517; x_wconf 89' lang='lat' dir='ltr'><strong>ita</strong></span> <span class='ocrx_word' id='word_1_645' title='bbox 1695 5454 1862 5520; x_wconf 86' lang='lat' dir='ltr'><strong>fracti</strong></span> 
     </span>
    </p>
   </div>
   <div class='ocr_carea' id='block_1_74' title="bbox 216 5537 1863 5627">
    <p class='ocr_par' dir='ltr' id='par_1_74' title="bbox 216 5537 1863 5627">
     <span class='ocr_line' id='line_1_74' title="bbox 216 5537 1863 5627; baseline 0.012 -32"><span class='ocrx_word' id='word_1_646' title='bbox 216 5537 379 5609; x_wconf 82' lang='lat' dir='ltr'><strong>sunt,</strong></span> <span class='ocrx_word' id='word_1_647' title='bbox 412 5539 479 5594; x_wconf 90' lang='lat' dir='ltr'><strong>ut</strong></span> <span class='ocrx_word' id='word_1_648' title='bbox 507 5549 661 5615; x_wconf 90' lang='lat' dir='ltr'><strong>pene</strong></span> <span class='ocrx_word' id='word_1_649' title='bbox 690 5552 900 5601; x_wconf 88' lang='lat' dir='ltr'><strong>omnes</strong></span> <span class='ocrx_word' id='word_1_650' title='bbox 932 5544 1050 5602; x_wconf 87' lang='lat' dir='ltr'><strong>tam</strong></span> <span class='ocrx_word' id='word_1_651' title='bbox 1081 5539 1378 5608; x_wconf 88' lang='lat' dir='ltr'><strong>Catholici</strong></span> <span class='ocrx_word' id='word_1_652' title='bbox 1414 5563 1593 5627; x_wconf 85' lang='lat' dir='ltr'><strong>quam</strong></span> <span class='ocrx_word' id='word_1_653' title='bbox 1624 5547 1863 5614; x_wconf 87' lang='lat' dir='ltr'><strong>hetero-</strong></span> 
     </span>
    </p>
   </div>
   <div class='ocr_carea' id='block_1_75' title="bbox 1943 4466 3599 4547">
    <p class='ocr_par' dir='ltr' id='par_1_75' title="bbox 1943 4466 3599 4547">
     <span class='ocr_line' id='line_1_75' title="bbox 1943 4466 3599 4547; baseline 0.001 -20"><span class='ocrx_word' id='word_1_654' title='bbox 1943 4484 2010 4527; x_wconf 90' lang='lat' dir='ltr'><strong>ac</strong></span> <span class='ocrx_word' id='word_1_655' title='bbox 2047 4477 2177 4546; x_wconf 90' lang='lat' dir='ltr'><strong>post</strong></span> <span class='ocrx_word' id='word_1_656' title='bbox 2223 4487 2359 4530; x_wconf 91' lang='lat' dir='ltr'><strong>eum</strong></span> <span class='ocrx_word' id='word_1_657' title='bbox 2393 4466 2677 4530; x_wconf 75' lang='lat' dir='ltr'><strong>Maximus</strong></span> <span class='ocrx_word' id='word_1_658' title='bbox 2710 4469 2870 4530; x_wconf 86' lang='lat' dir='ltr'><strong>hunc</strong></span> <span class='ocrx_word' id='word_1_659' title='bbox 2906 4466 3250 4547; x_wconf 87' lang='lat' dir='ltr'><strong>Dionysium</strong></span> <span class='ocrx_word' id='word_1_660' title='bbox 3287 4486 3356 4530; x_wconf 80' lang='lat' dir='ltr'><strong>ex</strong></span> <span class='ocrx_word' id='word_1_661' title='bbox 3388 4467 3599 4529; x_wconf 87' lang='lat' dir='ltr'><strong>rheto-</strong></span> 
     </span>
    </p>
   </div>
   <div class='ocr_carea' id='block_1_76' title="bbox 1940 4561 3599 4642">
    <p class='ocr_par' dir='ltr' id='par_1_76' title="bbox 1940 4561 3599 4642">
     <span class='ocr_line' id='line_1_76' title="bbox 1940 4561 3599 4642; baseline 0.001 -20"><span class='ocrx_word' id='word_1_662' title='bbox 1940 4579 2070 4622; x_wconf 91' lang='lat' dir='ltr'><strong>rum</strong></span> <span class='ocrx_word' id='word_1_663' title='bbox 2104 4579 2354 4623; x_wconf 89' lang='lat' dir='ltr'><strong>numero</strong></span> <span class='ocrx_word' id='word_1_664' title='bbox 2396 4561 2743 4642; x_wconf 76' lang='lat' dir='ltr'><strong>episcOpum</strong></span> <span class='ocrx_word' id='word_1_665' title='bbox 2768 4562 2989 4624; x_wconf 87' lang='lat' dir='ltr'><strong>factum</strong></span> <span class='ocrx_word' id='word_1_666' title='bbox 3021 4562 3201 4624; x_wconf 89' lang='lat' dir='ltr'><strong>fuisse</strong></span> <span class='ocrx_word' id='word_1_667' title='bbox 3238 4561 3479 4640; x_wconf 70' lang='lat' dir='ltr'><strong>aiunt5t</strong></span> <span class='ocrx_word' id='word_1_668' title='bbox 3517 4563 3599 4624; x_wconf 80' lang='grc' dir='ltr'><strong>Αι</strong></span> 
     </span>
    </p>
   </div>
   <div class='ocr_carea' id='block_1_77' title="bbox 1939 4650 3594 4732">
    <p class='ocr_par' dir='ltr' id='par_1_77' title="bbox 1939 4650 3594 4732">
     <span class='ocr_line' id='line_1_77' title="bbox 1939 4650 3594 4732; baseline 0 -19"><span class='ocrx_word' id='word_1_669' title='bbox 1939 4668 2198 4730; x_wconf 85' lang='lat' dir='ltr'><strong>magnus</strong></span> <span class='ocrx_word' id='word_1_670' title='bbox 2238 4650 2779 4732; x_wconf 79' lang='lat' dir='ltr'><strong>Dionysius(verba</strong></span> <span class='ocrx_word' id='word_1_671' title='bbox 2808 4660 2945 4715; x_wconf 88' lang='lat' dir='ltr'><strong>sunt</strong></span> <span class='ocrx_word' id='word_1_672' title='bbox 2977 4650 3306 4731; x_wconf 84' lang='lat' dir='ltr'><strong>Athanasii)</strong></span> <span class='ocrx_word' id='word_1_673' title='bbox 3343 4669 3423 4713; x_wconf 68' lang='lat' dir='ltr'><strong>ea;</strong></span> <span class='ocrx_word' id='word_1_674' title='bbox 3451 4650 3594 4713; x_wconf 85' lang='lat' dir='ltr'><strong>rhe-</strong></span> 
     </span>
    </p>
   </div>
   <div class='ocr_carea' id='block_1_78' title="bbox 1941 4739 3596 4823">
    <p class='ocr_par' dir='ltr' id='par_1_78' title="bbox 1941 4739 3596 4823">
     <span class='ocr_line' id='line_1_78' title="bbox 1941 4739 3596 4823; baseline 0.001 -21"><span class='ocrx_word' id='word_1_675' title='bbox 1941 4746 2138 4802; x_wconf 84' lang='lat' dir='ltr'><strong>torum</strong></span> <span class='ocrx_word' id='word_1_676' title='bbox 2167 4757 2415 4802; x_wconf 83' lang='lat' dir='ltr'><strong>numero</strong></span> <span class='ocrx_word' id='word_1_677' title='bbox 2445 4742 2760 4821; x_wconf 79' lang='lat' dir='ltr'><strong>episcopus</strong></span> <span class='ocrx_word' id='word_1_678' title='bbox 2814 4741 3038 4823; x_wconf 80' lang='lat' dir='ltr'><strong>factus,</strong></span> <span class='ocrx_word' id='word_1_679' title='bbox 3075 4742 3138 4804; x_wconf 84' lang='lat' dir='ltr'><strong>in</strong></span> <span class='ocrx_word' id='word_1_680' title='bbox 3170 4739 3443 4816; x_wconf 80' lang='lat' dir='ltr'><strong>scholiis,</strong></span> <span class='ocrx_word' id='word_1_681' title='bbox 3478 4748 3596 4805; x_wconf 91' lang='lat' dir='ltr'><strong>etc.</strong></span> 
     </span>
    </p>
   </div>
   <div class='ocr_carea' id='block_1_79' title="bbox 1940 4826 3596 4912">
    <p class='ocr_par' dir='ltr' id='par_1_79' title="bbox 1940 4826 3596 4912">
     <span class='ocr_line' id='line_1_79' title="bbox 1940 4826 3596 4912; baseline 0.002 -23"><span class='ocrx_word' id='word_1_682' title='bbox 1940 4826 2227 4891; x_wconf 81' lang='lat' dir='ltr'><strong>Maximus</strong></span> <span class='ocrx_word' id='word_1_683' title='bbox 2272 4848 2413 4892; x_wconf 87' lang='lat' dir='ltr'><strong>vero</strong></span> <span class='ocrx_word' id='word_1_684' title='bbox 2445 4832 2549 4888; x_wconf 70' lang='grc' dir='ltr'><strong>ἀπὸ</strong></span> <span class='ocrx_word' id='word_1_685' title='bbox 2578 4830 2839 4909; x_wconf 69' lang='grc' dir='ltr'><strong>ρητόρων,</strong></span> <span class='ocrx_word' id='word_1_686' title='bbox 2885 4839 3002 4894; x_wconf 88' lang='lat' dir='ltr'><strong>etc.</strong></span> <span class='ocrx_word' id='word_1_687' title='bbox 3039 4829 3217 4912; x_wconf 86' lang='lat' dir='ltr'><strong>Atqui</strong></span> <span class='ocrx_word' id='word_1_688' title='bbox 3252 4829 3596 4910; x_wconf 88' lang='lat' dir='ltr'><strong>Dionysius,</strong></span> 
     </span>
    </p>
   </div>
   <div class='ocr_carea' id='block_1_80' title="bbox 1941 4922 3600 5004">
    <p class='ocr_par' dir='ltr' id='par_1_80' title="bbox 1941 4922 3600 5004">
     <span class='ocr_line' id='line_1_80' title="bbox 1941 4922 3600 5004; baseline 0.001 -20"><span class='ocrx_word' id='word_1_689' title='bbox 1941 4930 2262 5004; x_wconf 87' lang='lat' dir='ltr'><strong>antequam</strong></span> <span class='ocrx_word' id='word_1_690' title='bbox 2280 4922 2340 4984; x_wconf 91' lang='lat' dir='ltr'><strong>in</strong></span> <span class='ocrx_word' id='word_1_691' title='bbox 2355 4923 2701 5003; x_wconf 88' lang='lat' dir='ltr'><strong>episcopum</strong></span> <span class='ocrx_word' id='word_1_692' title='bbox 2715 4924 3186 4986; x_wconf 84' lang='lat' dir='ltr'><strong>Alexandrinum</strong></span> <span class='ocrx_word' id='word_1_693' title='bbox 3204 4930 3600 4985; x_wconf 87' lang='lat' dir='ltr'><strong>essetassum-</strong></span> 
     </span>
    </p>
   </div>
   <div class='ocr_carea' id='block_1_81' title="bbox 1944 5012 3590 5094">
    <p class='ocr_par' dir='ltr' id='par_1_81' title="bbox 1944 5012 3590 5094">
     <span class='ocr_line' id='line_1_81' title="bbox 1944 5012 3590 5094; baseline 0.001 -20"><span class='ocrx_word' id='word_1_694' title='bbox 1944 5020 2101 5094; x_wconf 77' lang='lat' dir='ltr'><strong>plus,</strong></span> <span class='ocrx_word' id='word_1_695' title='bbox 2129 5030 2247 5075; x_wconf 91' lang='lat' dir='ltr'><strong>non</strong></span> <span class='ocrx_word' id='word_1_696' title='bbox 2273 5012 2636 5075; x_wconf 89' lang='lat' dir='ltr'><strong>rhetoricam</strong></span> <span class='ocrx_word' id='word_1_697' title='bbox 2672 5012 3080 5094; x_wconf 77' lang='lat' dir='ltr'><strong>proﬁtebatur,</strong></span> <span class='ocrx_word' id='word_1_698' title='bbox 3105 5031 3210 5076; x_wconf 88' lang='lat' dir='ltr'><strong>seu</strong></span> <span class='ocrx_word' id='word_1_699' title='bbox 3238 5013 3590 5077; x_wconf 82' lang='lat' dir='ltr'><strong>catecheses</strong></span> 
     </span>
    </p>
   </div>
   <div class='ocr_carea' id='block_1_82' title="bbox 1942 5101 3598 5184">
    <p class='ocr_par' dir='ltr' id='par_1_82' title="bbox 1942 5101 3598 5184">
     <span class='ocr_line' id='line_1_82' title="bbox 1942 5101 3598 5184; baseline 0.001 -21"><span class='ocrx_word' id='word_1_700' title='bbox 1942 5101 2100 5182; x_wconf 89' lang='lat' dir='ltr'><strong>apnd</strong></span> <span class='ocrx_word' id='word_1_701' title='bbox 2132 5101 2418 5184; x_wconf 88' lang='lat' dir='ltr'><strong>populum</strong></span> <span class='ocrx_word' id='word_1_702' title='bbox 2451 5101 2853 5165; x_wconf 90' lang='lat' dir='ltr'><strong>Christianum</strong></span> <span class='ocrx_word' id='word_1_703' title='bbox 2894 5102 3177 5167; x_wconf 88' lang='lat' dir='ltr'><strong>habebat.</strong></span> <span class='ocrx_word' id='word_1_704' title='bbox 3240 5101 3394 5175; x_wconf 88' lang='lat' dir='ltr'><strong>Quid</strong></span> <span class='ocrx_word' id='word_1_705' title='bbox 3455 5122 3598 5184; x_wconf 85' lang='lat' dir='ltr'><strong>ergo</strong></span> 
     </span>
    </p>
   </div>
   <div class='ocr_carea' id='block_1_83' title="bbox 1942 5189 3600 5275">
    <p class='ocr_par' dir='ltr' id='par_1_83' title="bbox 1942 5189 3600 5275">
     <span class='ocr_line' id='line_1_83' title="bbox 1942 5189 3600 5275; baseline 0.003 -23"><span class='ocrx_word' id='word_1_706' title='bbox 1942 5189 2086 5253; x_wconf 89' lang='lat' dir='ltr'><strong>inde</strong></span> <span class='ocrx_word' id='word_1_707' title='bbox 2127 5190 2291 5252; x_wconf 89' lang='lat' dir='ltr'><strong>aliud</strong></span> <span class='ocrx_word' id='word_1_708' title='bbox 2321 5191 2586 5271; x_wconf 84' lang='lat' dir='ltr'><strong>colligas,</strong></span> <span class='ocrx_word' id='word_1_709' title='bbox 2633 5209 2813 5273; x_wconf 90' lang='lat' dir='ltr'><strong>quam</strong></span> <span class='ocrx_word' id='word_1_710' title='bbox 2847 5191 2975 5255; x_wconf 62' lang='lat' dir='ltr'><strong>haec</strong></span> <span class='ocrx_word' id='word_1_711' title='bbox 3006 5191 3233 5255; x_wconf 89' lang='lat' dir='ltr'><strong>scholia</strong></span> <span class='ocrx_word' id='word_1_712' title='bbox 3252 5192 3600 5275; x_wconf 86' lang='lat' dir='ltr'><strong>conscripta</strong></span> 
     </span>
    </p>
   </div>
   <div class='ocr_carea' id='block_1_84' title="bbox 1944 5279 3601 5364">
    <p class='ocr_par' dir='ltr' id='par_1_84' title="bbox 1944 5279 3601 5364">
     <span class='ocr_line' id='line_1_84' title="bbox 1944 5279 3601 5364; baseline 0.001 -21"><span class='ocrx_word' id='word_1_713' title='bbox 1944 5280 2128 5343; x_wconf 90' lang='lat' dir='ltr'><strong>fuisse</strong></span> <span class='ocrx_word' id='word_1_714' title='bbox 2171 5279 2485 5358; x_wconf 87' lang='lat' dir='ltr'><strong>aquodam</strong></span> <span class='ocrx_word' id='word_1_715' title='bbox 2518 5282 2782 5364; x_wconf 87' lang='lat' dir='ltr'><strong>rhetore,</strong></span> <span class='ocrx_word' id='word_1_716' title='bbox 2814 5283 3057 5345; x_wconf 90' lang='lat' dir='ltr'><strong>nomine</strong></span> <span class='ocrx_word' id='word_1_717' title='bbox 3076 5282 3386 5363; x_wconf 88' lang='lat' dir='ltr'><strong>Dionysio,</strong></span> <span class='ocrx_word' id='word_1_718' title='bbox 3421 5301 3601 5364; x_wconf 90' lang='lat' dir='ltr'><strong>quem</strong></span> 
     </span>
    </p>
   </div>
   <div class='ocr_carea' id='block_1_85' title="bbox 1944 5370 3602 5455">
    <p class='ocr_par' dir='ltr' id='par_1_85' title="bbox 1944 5370 3602 5455">
     <span class='ocr_line' id='line_1_85' title="bbox 1944 5370 3602 5455; baseline 0 -22"><span class='ocrx_word' id='word_1_719' title='bbox 1944 5370 2297 5434; x_wconf 89' lang='lat' dir='ltr'><strong>Anastasius</strong></span> <span class='ocrx_word' id='word_1_720' title='bbox 2335 5377 2396 5439; x_wconf 83' lang='lat' dir='ltr'><strong>et</strong></span> <span class='ocrx_word' id='word_1_721' title='bbox 2438 5372 2727 5435; x_wconf 84' lang='lat' dir='ltr'><strong>Maximus</strong></span> <span class='ocrx_word' id='word_1_722' title='bbox 2789 5373 3187 5455; x_wconf 87' lang='lat' dir='ltr'><strong>patriarcham</strong></span> <span class='ocrx_word' id='word_1_723' title='bbox 3238 5372 3602 5436; x_wconf 85' lang='lat' dir='ltr'><strong>Alexandri-</strong></span> 
     </span>
    </p>
   </div>
   <div class='ocr_carea' id='block_1_86' title="bbox 1947 5460 3600 5541">
    <p class='ocr_par' dir='ltr' id='par_1_86' title="bbox 1947 5460 3600 5541">
     <span class='ocr_line' id='line_1_86' title="bbox 1947 5460 3600 5541; baseline -0.001 -18"><span class='ocrx_word' id='word_1_724' title='bbox 1947 5479 2092 5523; x_wconf 91' lang='lat' dir='ltr'><strong>num</strong></span> <span class='ocrx_word' id='word_1_725' title='bbox 2124 5478 2257 5523; x_wconf 87' lang='lat' dir='ltr'><strong>esse</strong></span> <span class='ocrx_word' id='word_1_726' title='bbox 2289 5460 2436 5523; x_wconf 87' lang='lat' dir='ltr'><strong>falso</strong></span> <span class='ocrx_word' id='word_1_727' title='bbox 2465 5461 2735 5525; x_wconf 87' lang='lat' dir='ltr'><strong>arbitrati</strong></span> <span class='ocrx_word' id='word_1_728' title='bbox 2767 5473 2931 5527; x_wconf 90' lang='lat' dir='ltr'><strong>sunt.</strong></span> <span class='ocrx_word' id='word_1_729' title='bbox 2959 5461 3171 5541; x_wconf 83' lang='lat' dir='ltr'><strong>Neque</strong></span> <span class='ocrx_word' id='word_1_730' title='bbox 3215 5480 3357 5524; x_wconf 92' lang='lat' dir='ltr'><strong>vero</strong></span> <span class='ocrx_word' id='word_1_731' title='bbox 3391 5462 3453 5523; x_wconf 92' lang='lat' dir='ltr'><strong>in</strong></span> <span class='ocrx_word' id='word_1_732' title='bbox 3485 5461 3600 5522; x_wconf 89' lang='lat' dir='ltr'><strong>hoc</strong></span> 
     </span>
    </p>
   </div>
   <div class='ocr_carea' id='block_1_87' title="bbox 1947 5551 3599 5633">
    <p class='ocr_par' dir='ltr' id='par_1_87' title="bbox 1947 5551 3599 5633">
     <span class='ocr_line' id='line_1_87' title="bbox 1947 5551 3599 5633; baseline -0.002 -19"><span class='ocrx_word' id='word_1_733' title='bbox 1947 5557 2176 5615; x_wconf 87' lang='lat' dir='ltr'><strong>tantum</strong></span> <span class='ocrx_word' id='word_1_734' title='bbox 2201 5551 2421 5615; x_wconf 90' lang='lat' dir='ltr'><strong>erravit</strong></span> <span class='ocrx_word' id='word_1_735' title='bbox 2460 5551 2814 5617; x_wconf 88' lang='lat' dir='ltr'><strong>Anastasius</strong></span> <span class='ocrx_word' id='word_1_736' title='bbox 2844 5573 2862 5633; x_wconf 86' lang='lat'><strong>;</strong></span> <span class='ocrx_word' id='word_1_737' title='bbox 2893 5572 3030 5617; x_wconf 89' lang='lat' dir='ltr'><strong>nam</strong></span> <span class='ocrx_word' id='word_1_738' title='bbox 3065 5559 3130 5616; x_wconf 89' lang='lat' dir='ltr'><strong>ut</strong></span> <span class='ocrx_word' id='word_1_739' title='bbox 3163 5557 3364 5633; x_wconf 74' lang='lat' dir='ltr'><strong>getera</strong></span> <span class='ocrx_word' id='word_1_740' title='bbox 3397 5560 3599 5613; x_wconf 88' lang='lat' dir='ltr'><strong>tacea-</strong></span> 
     </span>
    </p>
   </div>
   <div class='ocr_carea' id='block_1_88' title="bbox 292 5692 3029 5799">
    <p class='ocr_par' dir='ltr' id='par_1_88' title="bbox 292 5692 3029 5799">
     <span class='ocr_line' id='line_1_88' title="bbox 292 5692 3029 5799; baseline 0.007 -40"><span class='ocrx_word' id='word_1_741' title='bbox 292 5692 317 5739; x_wconf 71' lang='grc' dir='ltr'>ί</span> <span class='ocrx_word' id='word_1_742' title='bbox 359 5692 581 5760; x_wconf 84' lang='lat' dir='ltr'><strong>Homil.</strong></span> <span class='ocrx_word' id='word_1_743' title='bbox 619 5695 681 5781; x_wconf 74' lang='lat'><strong>2,</strong></span> <span class='ocrx_word' id='word_1_744' title='bbox 717 5695 810 5763; x_wconf 83' lang='lat' dir='ltr'><strong>De</strong></span> <span class='ocrx_word' id='word_1_745' title='bbox 836 5698 1071 5768; x_wconf 65' lang='lat' dir='ltr'><strong>dicere.</strong></span> <span class='ocrx_word' id='word_1_746' title='bbox 1117 5700 1149 5753; x_wconf 67' lang='grc'><strong>9</strong></span> <span class='ocrx_word' id='word_1_747' title='bbox 1180 5706 1407 5785; x_wconf 62' lang='lat' dir='ltr'><strong>Quaest.</strong></span> <span class='ocrx_word' id='word_1_748' title='bbox 1441 5709 1521 5774; x_wconf 79' lang='lat' dir='ltr'><strong>ad</strong></span> <span class='ocrx_word' id='word_1_749' title='bbox 1546 5708 1828 5776; x_wconf 81' lang='lat' dir='ltr'><strong>Antioch.</strong></span> <span class='ocrx_word' id='word_1_750' title='bbox 1869 5717 1906 5774; x_wconf 75' lang='grc' dir='ltr'><strong>δ</strong></span> <span class='ocrx_word' id='word_1_751' title='bbox 1930 5715 2103 5787; x_wconf 83' lang='grc' dir='ltr'><strong>Τοω.</strong></span> <span class='ocrx_word' id='word_1_752' title='bbox 2138 5712 2216 5780; x_wconf 83' lang='lat' dir='ltr'><strong>Vl</strong></span> <span class='ocrx_word' id='word_1_753' title='bbox 2246 5713 2410 5787; x_wconf 83' lang='lat' dir='ltr'><strong>Bibl.</strong></span> <span class='ocrx_word' id='word_1_754' title='bbox 2453 5713 2734 5795; x_wconf 79' lang='lat' dir='ltr'><strong>Patrum;</strong></span> <span class='ocrx_word' id='word_1_755' title='bbox 2765 5734 2894 5799; x_wconf 90' lang='lat' dir='ltr'><strong>cap.</strong></span> <span class='ocrx_word' id='word_1_756' title='bbox 2932 5717 3029 5780; x_wconf 69' lang='lat'><strong>12.</strong></span> 
     </span>
    </p>
   </div>
  </div>
