4044 6152
431 364 504 430 15
909 374 914 379 ’
1582 363 1656 429 ‘S.
1699 362 2112 437 DIONYSIUS
2151 362 2639 434 AREOPAGITA
3742 373 3813 449 16

425 524 585 582 mus,
615 506 675 598 in
719 500 929 571 eadem
986 521 1170 598 opere
1224 500 1612 585 Augustinum
1673 524 1775 589 pro
1834 505 2350 598 ChristoAOpera
2371 512 2646 596 Dionysio
2689 518 3062 598 Areopagitae
3112 519 3401 584 attribuit.
3479 522 3634 590 Ante
3667 546 3808 592 eum

425 595 774 679 sanguinem
800 613 972 660 suum
1004 595 1230 659 fudisse
1259 597 1538 660 afﬁrmat:
1571 598 1853 660 Facessat
1883 594 2076 675 inquit
2153 621 2292 664 vero
2319 594 2593 684 Ephraem
2626 594 2959 686 patriarcha
3001 611 3436 675 Antiochenus.

429 687 584 787 (cap.
617 689 696 787 ξ),
714 688 1127 787 Augustinus,
1154 687 1731 787 quisuoaanguine
1726 689 1786 749 in
1801 686 2074 767 scriptis,
2243 691 2615 787 Circainitiia
2647 697 2844 759 saeculi
2878 700 3114 779 septimi
3143 701 3351 762 eadem
3388 702 3499 767 fuit
3532 707 3808 787 Gregorii

423 777 582 842 duas
602 778 673 840 in
703 776 943 871 Christo
962 782 1206 871 natrras
1234 778 1669 871 ερηείρηαυίιἒ
1688 774 2081 871 Porroeaau-
2162 782 2359 862 Magni
2387 786 2683 846 sententia
2705 787 2911 848 homil.
2948 774 3029 849 34
3058 789 3117 850 in
3145 791 3424 871 Evangel.
3463 774 3807 859 Luem.on-

423 875 653 931 ctorum
681 867 782 949 qui
800 867 1282 958 hactenuscitati
1306 877 1466 949 sunt,
1507 866 2081 958 proDionysiiOpe-
2168 873 2300 935 dem
2335 874 2556 936 saeculo
2590 882 2647 935 et
2676 878 3082 940 Monothelitae
3113 866 3397 958 haeretici,
3434 892 3492 945 et
3513 884 3806 950 Catholici

420 959 591 1022 ribus
633 958 996 1033 testimonia,
1031 956 1173 1021 fidei
1203 967 1341 1021 sunt
1371 958 1522 1020 adeo
1556 956 1853 1032 sublestae,
1888 957 2071 1020 utda-
2155 981 2361 1024 omnes
2383 963 2505 1027 sive
2532 963 2591 1026 in
2619 966 2856 1044 synodis
2885 971 3272 1033 Lateranensi
3304 956 3809 1040 et'Constantiuo-

420 1050 641 1148 ctiores
663 1048 1022 1131 scriptarum
1040 1048 1437 1148 _Areapagitae
1461 1049 1806 1112 defensores
1836 1048 1936 1110 illa
1952 1066 2072 1109 non
2156 1054 2420 1148 politana
2438 1054 2726 1148 generali,
2753 1057 2878 1119 sive
2901 1058 2959 1118 in
2979 1059 3216 1140 scriptis
3238 1061 3363 1123 suis
3382 1062 3590 1127 eadem
3608 1066 3809 1148 Opera

413 1137 1061 1239 tantum-urgere,.sed
1098 1156 1211 1202 nec
1268 1155 1606 1223 proponere
1648 1157 1880 1220 aequum
1940 1156 2071 1200 esse
2152 1142 2813 1239 DionysiaAreopagitae
2842 1137 3118 1239 tribuunt
3139 1157 3195 1211 et
3223 1151 3546 1215 vindicant.
3582 1137 3807 1239 Et'qui-

418 1228 782 1323 putaverint.
864 1320 876 1323 Α
1096 1317 1110 1323 _
1191 1318 1204 1323 _
1443 1319 1477 1323 __
1546 1319 1560 1323 _
2151 1233 2283 1294 dem
2301 1233 2840 1313 haeretici:Sergius
2872 1236 3042 1318 epist.
3062 1239 3135 1300 ad
3167 1243 3378 1321 Cyrum
3399 1228 3823 1323 patriarch'am‘

496 1321 622 1416 Nec
667 1320 911 1403 majoris
954 1317 1240 1416 ponderis
1271 1327 1360 1383 est
1406 1319 1563 1416 aliud
1621 1323 2062 1416 argumentum,
2147 1323 2502 1416 Alexandra;
2528 1324 2888 1416 Themistius
2918 1317 3096 1407 epist.
3138 1317 3229 1391 adv
3268 1317 3594 1396 Marcellin.
3628 1356 3800 1416 pres-

416 1409 564 1505 inde
589 1409 855 1505 ductum,
889 1408 1045 1492 quod
1075 1410 1356 1505 Clemens
1414 1408 1857 1505 Alexandrinus
1914 1406 2063 1505 etin
2148 1412 2293 1494 byt.,
2328 1423 2386 1475 et
2415 1415 2624 1505 Steph.
2658 1414 2810 1478 diac.
2875 1406 3165 1480 Catholici
3198 1438 3335 1482 vero
3371 1442 3385 1481 :
3422 1406 3795 1505 Sophronius

414 1501 653 1598 iis-quae
681 1500 1035 1598 deDepper
1058 1496 2061 1598 negationescognoscendetradit,
2148 1504 2481 1598 patriarcha
2510 1504 2899 1598 Hierosolym.
2963 1509 3135 1588 epist.
3200 1511 3271 1573 ad
3335 1496 3532 1597 Sergi;
3572 1514 3800 1598 Agatho

418 1599 476 1654 et
503 1590 570 1680 in
605 1610 674 1653 eo
707 1590 868 1669 quod
912 1589 1185 1680 homines
1213 1590 1348 1680 vitae
1377 1590 1660 1680 gnosticaa
1699 1587 1953 1680 deditos,
1988 1588 2060 1649 iis
2154 1613 2327 1676 papa,
2364 1596 2537 1676 epist.
2572 1596 2642 1657 ad
2677 1599 2979 1660 Constant.
3006 1587 3340 1680 ’Pogonat.;
3368 1587 3657 1669 Maximus
3686 1608 3799 1669 ab-

417 1678 520 1763 qui
547 1679 1164 1778 anchoram_navis_,ut
1186 1679 1261 1742 ad
1294 1698 1423 1742 eam
1458 1678 2053 1778 accedaut,traltunt,
2144 1682 2251 1778 bas
2284 1693 2345 1745 et
2369 1692 2609 1778 martyr,
2646 1685 2705 1778 in
2742 1687 3010 1751 scholiis.
3047 1678 3195 1752 Item
3229 1678 3537 1756 Adrianus
3566 1697 3591 1759 Ι
3625 1716 3795 1778 papa,

417 1770 806 1862 comparavit,
831 1769 1175 1862 Dionysium
1200 1778 1468 1862 nostrum
1496 1769 1573 1831 sit
1603 1768 1886 1862 imitatus.
1912 1771 2061 1831 Con~
2144 1776 2317 1854 epist.
2363 1774 2433 1836 ad
2493 1775 2687 1839 Carol.
2748 1778 2943 1859 Magn.
2978 1798 3081 1860 pro
3127 1783 3379 1862 septima
3411 1768 3656 1862 synodo.
3694 1768 3802 1849 llis

414 1869 508 1965 tra
538 1850 698 1965 enim
723 1850 1560 1965 nonnlp'lliiAreOpagiticorum
1583 1858 1901 1965 adversarii
1924 1876 2061 1965 can:
2091 1916 2124 1965 Β
2149 1850 2389 1965 adjungi
2418 1873 2607 1965 potest
2636 1850 2994 1930 Theodorus
3006 1850 3312 1952 presbyter
3338 1850 3491 1954 apud
3519 1878 3796 1939 Photium

418 1951 669 2014 tendunt
700 1970 816 2013 non
868 1950 1239 2013 Clementem
1301 1969 1373 2014 ex
1430 1967 1570 2011 vero
1608 1947 1905 2028 Dionysio.
1958 1947 2062 2009 sed

415 2042 1031 2123 pseudo-Dionysium
1066 2058 1101 2103 a
1129 2039 1457 2118 Clemente,
1486 2038 1590 2117 qui
1622 2039 1721 2100 illo
1765 2038 2064 2118 antiquior

416 2143 567 2209 erat,
601 2150 670 2195 ea
700 2149 835 2215 qua:
876 2130 1221 2215 referuntur
1270 2147 1411 2191 suos
1442 2127 1765 2191 adduxisse
1796 2128 1857 2188 in
1895 2146 2059 2191 usus.

413 2223 536 2286 Alii
564 2241 704 2285 vero
719 2210 935 2304 putant
968 2210 1097 2281 fieri
1128 2218 1300 2281 facile
1363 2219 1629 2300 potuisse
1661 2226 1724 2280 ut
1782 2225 2057 2298 uterque,

417 2312 527 2373 etsi
560 2313 709 2374 alter
732 2312 900 2374 alteri
922 2309 1169 2372 minime
1200 2317 1396 2381 natus,
1427 2308 1590 2370 illam
1615 2308 2067 2370 ancheraenavis

416 2410 676 2464 attractus
719 2404 1250 2482 comparationem,
1312 2417 1442 2480 quae
1474 2397 1721 2460 cuilibet
1750 2396 1919 2458 obvia
1951 2405 2060 2474 cst,

415 2489 779 2555 anhibuerit.
822 2489 893 2553 Et
923 2508 988 2552 re
1011 2489 1252 2570 quidem
1284 2487 1414 2568 ipsa
1443 2488 1516 2550 ab
1550 2495 1807 2568 utraque
1836 2487 1938 2548 illa
1966 2485 2060 2548 di-

413 2599 587 2645 verso
618 2581 793 2664 plane
848 2579 1197 2642 instituitur.
1232 2578 1430 2653 modo,
1488 2584 1547 2640 et
1590 2577 1773 2639 rebus
1817 2577 2061 2638 omnino

417 2672 668 2735 diversis
694 2668 1382 2741 accommodatur.Quad
1405 2686 1543 2730 vero
1576 2668 1651 2730 de
1677 2670 1800 2730 Deo
1822 2686 1927 2747 per
1953 2687 2062 2727 nc-

417 2762 689 2843 gationes
715 2758 1131 2842 cognoscendo
1165 2758 1439 2833 traditur,
1468 2757 1524 2818 id
1562 2776 1679 2820 non
1703 2757 1898 2818 minus
1927 2756 2061 2817 vul-

416 2871 556 2934 gare
588 2861 677 2915 est
706 2860 766 2915 et
799 2852 1030 2925 tritum,
1071 2867 1140 2910 ac
1184 2847 1436 2929 proinde
1468 2847 1611 2909 illud
1647 2850 1822 2907 etiam
1881 2845 2069 2927 potuit

415 2963 449 3006 a
479 2944 712 3007 duobus
746 2941 1141 3024 scriptoribus
1172 2937 1287 3000 sibi
1317 2937 1570 3000 invicem
1604 2936 1922 3017 incognitis
1955 2955 2063 3017 pa-

414 3035 563 3098 riter
592 3032 1014 3115 mqualiterque
1053 3028 1279 3093 doceri.

2147 1955 2206 2047 in
2247 1955 2558 2047 {titillat/zu
2594 1957 2836 2047 cad.II.
2887 1959 3162 2032 Quamvis
3210 1963 3368 2026 enim
3423 1964 3800 2047 incomperta

2147 2046 2224 2108 sit
2251 2045 2411 2107 illius
2439 2055 2600 2127 aetas,
2626 2046 3080 2128 antiquissimus
3111 2060 3308 2115 tamen
3337 2073 3469 2118 esse
3497 2045 3786 2122 creditur.

2225 2136 2453 2199 Saecula
2487 2145 2714 2212 octava,
2743 2140 3002 2202 Joannes
3033 2143 3434 2205 Damascenus
3466 2145 3546 2206 lib
3606 2149 3626 2209 l
3661 2148 3793 2211 0r-

2146 2224 2344 2288 thoasm
2373 2227 2507 2305 βᾶ..
2556 2246 2686 2306 cap.
2723 2229 2818 2308 15,
2856 2237 2914 2292 et
2945 2229 3050 2293 lib.
3114 2230 3186 2309 ll,
3247 2253 3379 2314 cap.
3416 2234 3453 2295 3
3492 2257 3505 2299 :
3541 2236 3795 2300 Michael

2148 2313 2457 2395 Syngellus
2488 2316 2760 2379 laudatus
2826 2317 3202 2383 aTheodaro
3259 2313 3492 2387 Studita
3551 2325 3653 2389 lib.
3717 2325 3793 2403 ll,

2146 2406 2320 2486 epist.
2348 2405 2465 2468 213
2503 2424 2518 2481 ;
2553 2409 2826 2469 Anastas.
2860 2406 3208 2483 Niessenus,
3249 2412 3469 2485 Outrst.
3497 2413 3571 2478 32
3596 2424 3655 2476 et
3689 2416 3792 2480 52.

2226 2494 2454 2557 Saecula
2489 2496 2967 2577 nano,Nicolaus
2997 2498 3021 2560 Ι
3057 2519 3212 2562 sum.
3251 2504 3458 2582 pontif.
3495 2506 3669 2585 epist.
3709 2509 3781 2567 ml

2145 2584 2422 2648 Michael.
2451 2586 2728 2666 imperat.
2767 2607 2782 2664 ;
2816 2587 3058 2650 Pbotius
3091 2591 3425 2669 patriarcha
3450 2584 3794 2658 Constanti-

2148 2694 2288 2755 nop.
2319 2675 2377 2735 in
2414 2674 2595 2750 Bt'bl.,
2643 2676 2780 2737 cad.
2816 2677 2920 2739 23!
2967 2699 2980 2757 ;
3019 2678 3337 2742 Hilduinus
3368 2682 3549 2745 abbas
3582 2683 3785 2747 Sancti

2149 2764 2409 2857 Dionysii
2443 2765 2501 2857 in
2535 2767 3283 2857 Areopagit.;Hincmarus
3308 2774 3785 2857 archiep.ltem.,

2149 2859 2301 2933 epist
2330 2852 2628 2944 adCarol.
2663 2855 2848 2931 Calv.,
2888 2857 3235 2920 Anastasius
3267 2852 3574 2938 Biblioth.,
3611 2852 3789 2944 epist.

2147 2944 2219 3005 ad
2249 2943 2553 3006 eumdem.

2225 3032 2458 3095 Saecula
2482 3033 2739 3116 decima,
2765 3035 3006 3098 Simeon
3039 3038 3491 3118 Metaphrastes,
3518 3048 3667 3103 orat.
3710 3046 3795 3107 De

490 3125 579 3188 De
608 3123 901 3203 Gregorio
918 3122 1159 3185 demum
1192 3117 1586 3196 Nazianzeno,
1610 3134 1785 3199 quem
1819 3136 1887 3180 ex
1919 3137 2047 3181 auc-
2084 3199 2117 3208 Α
2146 3121 2387 3186 dormit.
2422 3124 2711 3204 Deiparae.
2772 3125 2896 3188 Huc
2927 3146 3165 3208 quoque
3200 3117 3488 3192 advocari
3546 3131 3798 3196 forsitan

412 3215 562 3279 toris
612 3199 803 3276 nostri
832 3211 1130 3292 Operibus
1177 3208 1398 3289 alipuid
1427 3209 1753 3272 deflorasse
1782 3208 2053 3271 nonnulli
2078 3199 2118 3250 ο
2143 3220 2387 3293 possunt
2413 3199 2653 3293 quidam
2699 3199 2960 3277 incerta!
2989 3199 3175 3278 aetatis
3219 3219 3546 3298 scriptores
3579 3237 3597 3282 :
3631 3221 3794 3286 Elias

410 3307 803 3385 arbitrantur,
864 3303 1052 3382 major
1102 3299 1309 3392 procul
1366 3298 1561 3392 dubio,
1607 3306 1697 3361 est
1720 3298 2055 3392 difficultas
2137 3303 2436 3366 Cretensis
2464 3304 2524 3364 in
2555 3311 2701 3367 arat.
2727 3304 2765 3365 2
2793 3305 2982 3369 sancti
3019 3305 3289 3388 Gregorii
3324 3308 3578 3372 Nazianz
3612 3330 3627 3392 ;
3661 3310 3787 3373 An-

412 3396 661 3469 Quidam
693 3394 1000 3456 enimvero
1030 3391 1237 3454 eadem
1271 3387 1468 3469 Opera
1495 3386 1757 3468 Dionysii
1789 3389 2053 3469 Aeropa-
2137 3392 2336 3455 tonius
2360 3392 2527 3454 Malis
2552 3412 2637 3475 sa,
2673 3393 2776 3454 lib.
2817 3396 2858 3470 Ι,
2892 3413 3075 3460 serm.
3130 3386 3227 3471 t9,
3268 3405 3324 3460 et
3353 3399 3456 3461 alii
3490 3386 3793 3463 nonnulli.

413 3490 553 3565 gitte
581 3486 764 3547 fetum
799 3501 931 3545 esse
963 3487 1266 3559 negantes,
1302 3479 1563 3541 fatentur
1591 3496 1661 3541 ea
1689 3496 1722 3539 τι
1765 3478 2053 3557 Gregorio
2218 3480 2445 3544 Saecula
2478 3482 2821 3565 undecimo,
2850 3482 3065 3546 Suidas
3094 3484 3155 3547 in
3188 3486 3590 3553 Collectanet's

412 3576 780 3637 Nazienzeno
812 3572 964 3633 lecta
986 3570 1168 3634 fuisse
1184 3577 1241 3631 et
1268 3568 1654 3650 pervolutata,
1691 3568 1907 3649 acipso
1929 3586 2055 3631 esss
2222 3572 2450 3636 Saecula
2482 3573 2823 3649 undecimo,
2875 3573 3221 3655 Euthymius
3273 3575 3602 3657 Zigabenus
3661 3600 3797 3644 ma-

413 3666 773 3749 antiquiara.
806 3664 923 3728 Sed
959 3661 1033 3725 de
1091 3662 1185 3724 his
1217 3659 1370 3723 infra
1401 3661 1792 3744 opportunior
1824 3660 2059 3725 dabitur
2141 3663 2366 3723 nacbus
2391 3662 2770 3742 Panopl.,tit.
2792 3661 2861 3739 ll,
2887 3662 3055 3745 Hugo
3086 3683 3119 3726 a
3143 3663 3357 3728 Sancta
3388 3666 3651 3751 Victore,
3680 3669 3794 3732 Pe-

413 3755 747 3822 disserendi
789 3755 980 3817 locus.
2142 3760 2267 3813 trus
2289 3752 2658 3815 Lombardus
2690 3752 2751 3833 in
2781 3751 2834 3815 Il
2865 3753 3156 3828 Sentent.,
3183 3764 3241 3817 et
3262 3756 3361 3818 alii
3384 3768 3590 3839 postea
3619 3760 3793 3822 thea-

1040 3877 1278 3943 CAPUT
1323 3877 1422 3943 Iv.
1474 3892 1479 3895 .
2144 3839 2265 3943 logi
2287 3839 2648 3943 scholastici.

2230 3931 2463 3995 Saecula
2523 3932 2758 3995 decimo
2814 3932 3017 4007 tertia,
3062 3933 3437 4016 Nicephorus
3494 3934 3793 4019 Callistus,

414 3999 808 4067 Palmarium
866 3999 1438 4079 Areopagiticorum
1490 4004 1938 4078 argumentum,
1984 4014 2063 4060 ea:

2167 4020 2246 4083 ib.
2288 4020 2338 4083 II
2390 4021 2630 4085 Histor.
2666 4023 2901 4105 eccm,
2937 3999 3042 4106 cap
3088 4026 3167 4087 ao
3195 3999 3253 4089 ἐι
3283 4023 3360 4089 22
3394 4050 3409 4099 ;
3440 4025 3509 4088 a.
3536 3999 3801 4088 Thomas

490 4093 798 4155 constanti
825 4089 1101 4152 undecim
1150 4087 1511 4151 saeculorum
1567 4086 1892 4151 traditione
1946 4087 2055 4150 de-

488 4187 859 4264 promptum,
890 4181 1274 4260 proponitur.

492 4296 850 4360 Palmarium
883 4295 1079 4377 itaque
1103 4294 1586 4377 praecipuumque
1616 4293 2055 4376 Areopagitica-

2137 4112 2403 4194 Aquinas
2433 4114 2490 4175 in
2521 4112 2573 4176 ll
2604 4114 2901 4190 Sentcnt.,
2936 4115 3072 4179 dist.
3107 4115 3197 4190 10,
3228 4123 3436 4197 quaest.
3481 4122 3534 4189 ι,
3560 4116 3790 4195 artJQ;

2138 4203 2428 4354 Gleorgius
2462 4204 2911 4285 Pachymerius,
2936 4205 3295 4287 scriptorum
3326 4205 3589 4286 Dionysii
3611 4222 3791 4286 para-

2142 4312 2175 4373 p
2229 4301 2431 4357 restes.

411 4407 545 4451 rum
579 4387 942 4449 momenium
975 4386 1118 4448 inde
1159 4385 1390 4447 ducitur
1420 4384 1576 4466 quod
1632 4402 1786 4446 anno
1844 4384 1962 4447 533
1992 4387 2050 4447 in
2076 4409 2121 4461 υ
2219 4382 2445 4445 Saecula
2474 4381 2709 4445 decimo
2739 4392 2969 4463 quarto,
3008 4382 3319 4446 Teodarus
3365 4384 3725 4447 Prodamus.

413 4476 739 4541 Collatione
758 4474 1551 4555 Canstantinopolitanahaac
1575 4474 1839 4537 auctoris
1861 4478 2051 4537 nos/ri

414 4568 616 4649 Opera
647 4568 720 4627 ab
752 4564 1074 4647 Acepbalis
1104 4583 1208 4626 seu
1233 4564 1568 4627 Severianis
1600 4564 1895 4627 haereticis
1940 4566 2051 4627 ad-

412 4675 621 4721 versus
641 4655 1001 4718 orthadaxos
1020 4654 1283 4736 Dionysii
1302 4656 1671 4735 Areopagitae
1685 4655 1924 4717 nomine
1939 4655 2054 4736 pri-

412 4764 576 4810 mum
610 4743 1003 4826 citata,paulo
1036 4743 1254 4825 postab
1279 4743 1420 4823 ipsis
1450 4744 1766 4807 Catholicis
1798 4762 2051 4824 pravero

413 4835 744 4915 etgenuino
770 4834 1035 4914 ejusdem
1071 4833 1329 4913 Dionysii
1357 4834 1474 4894 fetu
1499 4840 1773 4913 suscepta
1791 4841 1948 4908 sunt,
1982 4852 2051 4896 ac

412 4924 652 4988 tandem
685 4943 719 4985 a
749 4924 983 4987 caneris
1012 4922 1290 4984 omnibus
1354 4922 1674 5001 cujuslibet
1723 4923 1961 5001 generis
1994 4931 2051 4985 et

2218 4470 2445 4534 Smculo
2477 4471 2713 4534 decima
2735 4472 2963 4553 quinto,
2985 4473 3262 4535 Bessario
3285 4473 3603 4554 cardinal.,
3637 4473 3726 4535 Iib
3748 4491 3793 4536 .1

2135 4563 2378 4626 Defens.
2447 4561 2719 4643 Ptatou.,
2780 4561 2907 4643 caq'
2939 4564 2977 4624 3
3005 4583 3020 4639 ;
3053 4561 3367 4645 Dionysius
3398 4561 3780 4626 Carthusian.

2135 4658 2360 4740 praefat,
2395 4658 2453 4719 in
2489 4660 2726 4737 Dionys.
2761 4658 3057 4737 Areopag.
3424 4657 3431 4663 ’

2215 4747 2449 4811 Tmculo
2476 4747 2707 4809 decimo
2739 4755 2925 4827 sexto,
2950 4748 3231 4812 Eacultas
3248 4747 3590 4829 Theofagite
3608 4746 3749 4811 Pari
3760 4781 3786 4794 -

2134 4839 2350 4901 siensis
2380 4838 2440 4899 in
2468 4837 2725 4899 comitiis
2780 4838 3126 4901 Sorbanicis
3180 4840 3504 4902 Lutherum
3539 4847 3596 4900 et
3627 4837 3776 4900 Era-

2134 4947 2353 5003 smum,
2379 4927 2587 4990 eadem
2619 4930 2838 5007 scripta
2866 4946 2900 4988 a
2932 4927 3211 5010 Dionysia
3257 4928 3610 5008 Areapagita
3642 4945 3786 5007 pro-

410 5013 764 5077 eruditionis
786 5009 1265 5093 scriptoribusad
1281 5024 1542 5072 nostram
1564 5011 1689 5072 fere
1709 5031 1895 5092 usque
1910 5021 2045 5075 aata-
2135 5020 2285 5083 fecta
2315 5036 2447 5081 esse
2463 5026 2769 5095 negantes,
2806 5009 3125 5081 damnavit'
3157 5019 3410 5081 alterum
3428 5025 3622 5080 annot
3640 5016 3783 5095 590,
3810 5040 3813 5043 ·

410 5112 529 5165 tem
562 5101 677 5184 ipsi
697 5101 1015 5164 vindicata.
1052 5099 1288 5179 Longos
1319 5107 1515 5161 autem
1551 5099 1759 5160 horum
1792 5102 2046 5183 scripto-
2131 5109 2380 5170 alterum
2414 5126 2571 5170 anno
2601 5108 2780 5171 1527.
2802 5105 3107 5170 Posterius
3129 5108 3439 5171 decretum
3485 5107 3788 5189 saepiusin

406 5210 539 5255 rum
564 5200 773 5254 texunt
797 5192 1123 5267 catalogus;
1157 5189 1261 5252 sed
1285 5189 1652 5266 singulorum
1688 5190 2044 5269 testimonia,
2129 5196 2381 5273 Erasmi,
2408 5197 2602 5278 quieo
2625 5196 2991 5277 percellitur,
3021 5195 3320 5278 Operibus
3353 5196 3633 5259 omnibus
3652 5215 3789 5278 per-

409 5291 530 5343 tum
551 5281 687 5363 quia
711 5279 1034 5362 prolixiora
1063 5285 1351 5369 sunt,tﬁum
1378 5278 1515 5359 quia
1535 5280 1608 5342 de
1622 5297 1825 5342 eorum
1850 5294 2048 5343 aucto-
2132 5287 2429 5367 vulgatum
2456 5291 2562 5363 est,
2599 5293 2657 5348 et
2687 5286 2933 5349 cuilibet
2959 5286 3227 5351 obvium.
3264 5285 3442 5349 Prius
3478 5304 3640 5368 vero,
3666 5306 3784 5369 quo

407 5370 584 5435 ritate
615 5370 686 5431 lis
718 5369 877 5430 nulla
917 5376 1211 5442 movetur,
1243 5368 1472 5458 integra
1526 5387 1644 5430 non
1705 5369 2043 5447 citabimus,
2130 5378 2422 5439 Lutherus
2458 5376 2868 5458 prascribitur,
2899 5378 3184 5439 hactenus
3209 5376 3530 5454 ineditum,
3557 5377 3617 5438 in
3644 5368 3785 5439 Ser-

405 5460 776 5549 singulorum
810 5476 1031 5549 nomen
1062 5465 1119 5549 et
1149 5457 1375 5549 scripta
1402 5458 1701 5540 appellare
1730 5463 2021 5524 contenti.
2126 5465 2300 5530 bonae
2328 5465 2519 5549 libris,
2565 5484 2635 5528 ex
2664 5464 2880 5547 quibus
2911 5465 3057 5530 illud
3115 5465 3627 5548 transcripsimus,
3687 5465 3783 5527 his

487 5552 628 5613 Post
657 5548 1043 5612 Collationem
1089 5547 1292 5637 itaque
1335 5546 2041 5631 Canstautiuopolitanam
2124 5557 2323 5620 verbis
2350 5546 2731 5637 concipitur:
2762 5557 3028 5619 Additur
3040 5564 3096 5619 et
3127 5557 3255 5620 haec
3277 5557 3352 5620 de
3378 5546 3536 5618 libro
3563 5554 3635 5617 de
3659 5554 3779 5620 Ca-

403 5638 731 5733 cil‘casetfti
756 5638 958 5701 saeculi
987 5637 1167 5733 @em
1189 5636 1840 5733 _Leontiu§_!3y2_antius.
1880 5640 2045 5705 liboll
2121 5651 2323 5733 ptivz’t.
2347 5636 2644 5729 Babylon.
2681 5668 2704 5705 α
2726 5645 2802 5710 In
2830 5636 3145 5729 Dionysio,
3170 5648 3280 5730 qut
3303 5647 3544 5725 scripsit
3566 5644 3638 5707 de
3666 5661 3782 5708 cce-

404 5737 609 5795 contra
649 5727 883 5794 Nestor.
920 5735 978 5791 et
1005 5725 1340 5810 Eutychet.,
1376 5737 1435 5789 et
1465 5726 1571 5792 lib.
1608 5731 1692 5795 De
1739 5738 1885 5797 sect.
1918 5733 2043 5797 limo
2121 5725 2248 5799 testi
2275 5725 2601 5811 hiemi-alita,
2629 5735 2774 5795 nihil
2797 5736 2972 5811 ferme
2994 5725 3075 5795 cst
3102 5725 3287 5797 solidat
3309 5733 3631 5794 eruditionis
3662 5750 3682 5794 :
3722 5738 3783 5794 et
