4008 6152
210 315 284 383 2t

1596 308 2004 381 PROLEGOM
2012 309 2190 374 ENA.

3503 302 3582 375 22

296 445 667 523 Baronius,et
686 445 932 509 scientia
954 451 1013 507 et
1034 461 1295 525 purpura
1315 446 1848 526 eminentissimus,
1874 454 1912 503 Α
1935 445 2348 525 memetipsum
2372 442 2587 507 habeo:
2612 460 2965 523 quanquam
2987 440 3264 507 eusebius
3283 441 3592 525 Pamphili

209 548 418 622 aperte
440 547 617 618 negat
638 537 854 617 scripta
870 533 1130 614 Dionysii
1149 533 1407 599 Eusebio
1421 535 1600 601 fuisse
1625 542 1859 622 penitus

208 630 601 710 incomperta.
634 630 748 688 Cur
765 633 963 688 autem
993 624 1070 684 de
1097 624 1171 686 iis
1191 623 1484 688 Eusebius
1510 633 1776 708 tacuerit,
1807 632 1861 695 si

210 719 287 781 ab
321 737 391 780 eo
421 716 749 798 quaesieris,
782 713 1105 804 respondet
1133 713 1299 775 illum
1332 717 1473 779 vafri
1523 722 1860 804 versutique

206 807 395 870 animi
424 807 794 886 scriptorem,
831 822 965 866 cum
999 803 1276 865 Arianam
1312 805 1608 889 haeresim,
1645 811 1738 872 cui
1768 803 1850 874 fa-

209 898 407 977 vebat,
439 897 531 957 bis
570 894 739 956 libris
769 892 993 955 destrui
1025 892 1272 970 videret,
1307 913 1407 956 eos
1454 898 1659 961 doloso
1694 904 1855 963 frau-

210 986 574 1067 dulentoque
604 985 840 1047 silentio
865 984 1335 1062 praetermisisse.
1366 984 1581 1049 Verum
1608 990 1733 1054 btec
1757 990 1861 1052 do-

212 1076 461 1140 ctissimi
494 1075 602 1137 viri
632 1077 939 1156 responsio
985 1073 1275 1150 Ilaloixio,
1308 1076 1857 1159 Areopagiticorum

211 1165 510 1231 acerrimo
533 1165 857 1247 defensori,
876 1167 956 1228 ita
985 1164 1309 1246 diSplicuit,
1345 1176 1408 1228 ut
1425 1185 1555 1229 eam
1588 1188 1707 1232 non
1731 1172 1864 1234 sine

214 1256 451 1318 fastidio
479 1257 569 1318 his
589 1255 787 1318 verbis
810 1256 1085 1335 explodat
1103 1258 1154 1318 δε
1182 1254 1341 1318 Nam
1369 1258 1531 1337 quod
1560 1260 1755 1339 aliqui
1772 1262 1863 1323 di-

212 1354 357 1409 cunt
382 1364 515 1409 eum
542 1347 601 1409 id
623 1345 846 1424 fraude
868 1345 1106 1426 fecisse,
1130 1347 1471 1409 convicium
1488 1359 1660 1427 puto.
1700 1352 1865 1425 Quid

210 1441 376 1501 enim
403 1438 487 1501 ibi
512 1445 632 1500 tum
649 1438 882 1500 clarum
901 1456 1010 1513 pro
1039 1445 1268 1500 aeterna
1292 1438 1511 1502 Christi
1523 1440 1858 1521 divinitate,

212 1528 378 1609 quod
398 1546 521 1590 non
536 1527 720 1590 multo
743 1527 972 1589 clarius
987 1528 1051 1589 in
1071 1527 1167 1590 SC?
1184 1529 1405 1606 ipturis
1420 1532 1604 1593 sacris
1625 1540 1863 1595 conten-

212 1625 345 1682 tum
367 1624 470 1681 sit.
630 1635 743 1679 nee
767 1618 1003 1679 beatum
1024 1617 1324 1678 Irenaeum
1347 1618 1503 1681 Filii
1531 1638 1665 1683 cum
1684 1624 1864 1684 Patre

212 1715 513 1771 retentam
591 1709 1061 1770 coemistenliam
1118 1709 1456 1770 clarissime
1520 1713 1859 1790 professum

1944 535 2147 596 decem
2170 533 2588 595 ecclesiasticae
2616 531 2887 596 Historiae
2916 534 3095 613 liyris
3114 535 3394 597 maxime
3415 535 3592 599 nobis

1944 615 2286 694 adjumento
2301 614 2521 693 fuerit.
2541 613 2629 677 Ibi
2647 613 2806 675 enim
2829 630 2949 678 non
2976 613 3227 677 obscure
3249 613 3510 677 declarat
3525 634 3591 679 se

1944 704 2169 765 nuilum
2196 704 2475 785 praevium
2518 703 2867 785 magistrum
2894 702 3194 780 habuisse,
3219 711 3397 783 atque
3413 705 3593 768 Euse-

1946 795 2108 855 bium
2135 793 2248 875 ipsi
2282 800 2507 855 tantum
2538 792 2793 855 maximo
2823 792 3007 855 fuisse
3033 792 3400 873 adjumento.
3432 795 3507 859 Et
3525 812 3593 859 re

1946 882 2187 963 quidem
2216 900 2378 951 vera,
2413 891 2656 946 sanctus
2682 882 2787 945 ille
2817 883 3026 945 doctor
3053 883 3446 964 quorumdam
3475 902 3588 948 au-

1944 978 2176 1034 ctorum
2211 972 2486 1034 meminit
2505 990 2761 1052 quorum
2796 971 2958 1035 nulla
2988 979 3182 1036 exstat
3208 972 3366 1054 apud
3396 974 3590 1038 Euse-

1944 1058 2109 1121 bium
2143 1061 2663 1125 commemoratio.

2028 1154 2098 1211 At
2129 1150 2377 1213 validius
2411 1151 2664 1213 forsitan
2687 1152 2866 1213 telum
2898 1150 3041 1214 inde
3071 1157 3277 1214 contra
3304 1153 3594 1230 quosdam

1947 1240 2517 1321 Antiareopagiticos
2573 1240 2971 1323 torquebitur,
3007 1241 3107 1323 qui
3150 1244 3278 1305 haec
3332 1241 3597 1325 Dionysii

1947 1331 2143 1413 Opera
2158 1341 2295 1395 ante
2317 1332 2661 1415 Hieronymi
2686 1340 2919 1397 nitatem
2953 1334 3114 1397 edita
3143 1342 3273 1398 etse
3301 1336 3596 1399 confiten-

1948 1429 2067 1485 tur:
2100 1423 2241 1486 hinc
2271 1422 2496 1505 quippe
2524 1423 2842 1487 conficitur
2868 1424 2971 1486 illa
2999 1423 3384 1507 Hieronymo,
3417 1444 3593 1508 quam

1946 1512 2033 1573 vis
2063 1512 2138 1575 de
2170 1513 2240 1574 iis
2268 1512 2550 1591 tacuerit,
2586 1517 2854 1595 potuisse
2885 1520 3023 1576 nota
3056 1514 3211 1577 ﬁeri.
3247 1513 3468 1578 Verum
3507 1514 3607 1578 illi

1945 1601 2058 1663 hoc
2083 1603 2198 1665 telo
2223 1603 2474 1666 minime
2498 1620 2563 1666 se
2608 1602 2775 1667 feriri
2804 1602 3166 1666 arbitrantur
3195 1624 3214 1680 ;
3259 1611 3461 1686 utpote
3490 1613 3600 1683 qut

1946 1694 2118 1771 paqu
2144 1701 2281 1756 ante
2302 1691 2645 1775 Hieronymi
2668 1700 2903 1773 tempus
2920 1710 2992 1756 ea
3014 1692 3281 1756 inlucem
3303 1693 3598 1775 prodiisse

211 1799 589 1861 citaverunt.
625 1796 729 1860 His
748 1804 942 1858 autem
969 1795 1108 1858 addi
1128 1805 1319 1876 potest
1344 1777 1728 1861 honoriﬁcam
1749 1819 1865 1863 non

1955 1782 2699 1876 asserant.__Quaprop_ter
2750 1781 2910 1876 llaec,
2977 1781 3280 1866 inquiunt,
3331 1784 3600 1867 Dionysii

213 1888 409 1949 solum
438 1886 676 1966 lrenaei,
709 1887 816 1949 sed
867 1886 1041 1948 etiam
1075 1886 1406 1950 Clementis
1449 1888 1863 1967 Alexandrini,

209 1976 586 2058 aliorumque
611 1977 1023 2058 plurimorum,
1046 1995 1194 2057 quos
1206 1977 1445 2038 Arianae
1463 1979 1675 2040 haeresi
1696 1980 1869 2058 plane

211 2067 549 2128 contrarios
576 2084 705 2129 esse
736 2085 844 2127 suo
886 2067 1018 2128 loco
1048 2065 1454 2144 ostendemus,
1492 2068 1647 2148 apud
1673 2067 1865 2132 Euse-

213 2156 381 2218 bium
414 2155 545 2219 tieri
585 2158 976 2219 mentionem.

300 2245 674 2326 Quapropter
716 2245 1085 2307 contendunt
1114 2244 1212 2307 alii
1243 2263 1315 2308 ex
1365 2245 1465 2308 illo
1495 2245 1740 2311 Eusebii
1789 2237 1865 2312 de

214 2336 481 2417 Dionysii
506 2334 804 2416 Operibus
830 2335 1071 2397 silentio
1095 2335 1242 2397 nihil
1265 2342 1409 2398 certi
1434 2337 1630 2418 colligi
1666 2358 1861 2422 posse,

212 2424 702 2505 quandoquidem
737 2424 838 2485 ille
869 2424 1068 2505 plures
1090 2428 1235 2485 alios
1256 2425 1597 2505 scriptores,
1625 2439 1684 2489 et
1707 2430 1860 2489 scri-

213 2518 332 2596 ptis
358 2527 415 2575 et
435 2512 1350 2593 doctrinaceleberrimos,atque
1372 2514 1432 2575 in
1461 2517 1666 2594 primis
1685 2519 1868 2580 Athe-

212 2621 523 2683 nagoram,
554 2603 657 2684 qui
687 2603 963 2665 eximiam
996 2603 1352 2665 Christianae
1383 2605 1685 2684 religioni:
1715 2608 1871 2686 Apo-

214 2694 535 2772 logiam,et
557 2695 637 2755 De
658 2699 1041 2754 mortuorum
1063 2695 1501 2756 resurrectione
1517 2694 1734 2757 librum
1750 2697 1873 2759 edi-

1951 1871 2151 1947 Opera
2181 1873 2242 1935 in
2261 1870 2609 1954 Hieronymi
2641 1872 2907 1954 notitiam
2929 1891 3047 1935 non
3072 1885 3389 1950 venerunt,
3421 1880 3602 1957 atque

1954 1960 2050 2022 illa
2105 1961 2166 2023 in
2198 1978 2403 2024 eorum
2446 1978 2697 2024 numero
2728 1969 2864 2022 sunt
2907 1961 3211 2024 censenda
3253 1961 3330 2025 de
3382 1962 3601 2045 quibus

1952 2049 2113 2112 hunc
2138 2049 2199 2111 in
2227 2050 2468 2113 modum
2495 2050 2736 2114 disserit
2755 2050 2807 2113 ϐε
2834 2049 2912 2114 Si
2933 2055 3045 2132 qui
3070 2056 3272 2115 autem
3293 2052 3366 2114 de
3386 2053 3466 2116 iis
3495 2058 3604 2133 qui

1949 2157 2139 2219 usque
2151 2140 2334 2203 hodie
2345 2142 2565 2220 scripti
2574 2146 2782 2222 sunt,a
2813 2158 2904 2201 me
2920 2141 2985 2202 in
3009 2138 3116 2204 hoc
3129 2139 3431 2203 volumine
3449 2159 3605 2220 prte-

1947 2231 2214 2292 termissi
2231 2229 2733 2309 suut,sibimagis
2752 2246 2935 2309 quam
2954 2228 3110 2291 mihi
3121 2230 3603 2310 imputaredebe-

1945 2319 2115 2382 bunt.
2141 2319 2350 2400 Neque
2371 2322 2537 2383 enim
2553 2318 2819 2382 celantes
2839 2321 3219 2400 scriptasua,
3248 2319 3322 2382 de
3342 2318 3437 2382 his
3464 2337 3601 2401 qua:

1945 2427 2070 2471 non
2101 2411 2242 2489 legi,
2276 2426 2449 2472 nosse
2463 2410 2662 2489 potui;
2678 2415 2737 2472 et
2770 2408 2932 2489 quod
2948 2407 3090 2471 aliis
3106 2410 3369 2475 forsitan
3389 2411 3467 2473 sit
3488 2428 3602 2473 no-

1952 2505 2099 2579 tum,
2124 2498 2278 2561 mihi
2298 2500 2365 2561 in
2387 2500 2497 2562 hoc
2529 2506 2837 2562 terrarum
2851 2498 3076 2579 angulo
3095 2497 3285 2578 fuerit
3305 2501 3596 2579 ignotum.

1958 2587 2140 2649 Certe
2164 2604 2300 2650 cum
2323 2588 2567 2667 scriptis
2577 2589 2707 2650 suis
2723 2587 3217 2663 claruerint,uon
3237 2605 3604 2670 magnopere

1953 2676 2150 2738 nostri
2170 2674 2406 2738 silentii
2433 2676 2755 2756 dispendia
2776 2677 3203 2753 suspirabuut.

216 2765 406 2858 derat,
436 2765 644 2845 tacitus
673 2782 1078 2864 praetermisit.
1110 2781 1279 2856 Quod
1325 2784 1374 2844 si
1401 2784 1621 2847 dixeris
1652 2787 1865 2867 scripta

1956 2766 2175 2828 Contra
2203 2781 2345 2827 vero
2389 2765 2789 2847 Areopagitici
2825 2783 2999 2827 suum
3032 2765 3092 2826 in
3127 2765 3499 2828 adversarios
3522 2766 3605 2829 ita

217 2853 476 2953 Dionysii
526 2880 585 2933 et
612 2853 873 2934 adctoris
925 2871 1190 2953 nomine,
1226 2882 1286 2935 et
1336 2894 1444 2936 suo
1492 2853 1865 2951 numero,.ac

1955 2854 2386 2956 retorquebunt
2413 2862 2855 2958 argum-cntum.
2915 2853 3196 2958 Nunquid
3230 2857 3357 2919 haec
3392 2856 3604 2957 eadem

221 2945 529 3041 ipsisque)
545 2969 869 3023 tractantur
884 2945 1248 3037 argumentis
1270 2964 1446 3043 longe
1469 2965 1703 3026 caeteris
1735 2945 1865 3026 om-

1955 2945 2195 3046 scripts,
2215 2963 2374 3046 quae,
2413 2945 2563 3026 ipsis
2592 2945 2936 3046 fatentibus,
2964 2946 3159 3046 statim
3185 2952 3364 3024 atque
3389 2946 3607 3009 emissa

222 3034 399 3110 nibus
414 3034 624 3131 smpius
647 3034 1293 3127 transcribi—debuisse,
1322 3034 1616 3134 variisque
1638 3054 1699 3114 in
1726 3055 1865 3118 locis

1955 3046 2091 3096 sunt
2123 3034 2183 3094 in
2214 3034 2434 3110 lucem,
2470 3034 2747 3097 omnibus
2774 3034 3089 3097 notissima
3114 3054 3247 3098 esse
3268 3044 3600 3116 coeperunt,

222 3122 599 3219 multiplicari
621 3158 976 3220 respons'im
993 3122 1302 3203 confestim
1325 3122 1586 3222 accipies
1602 3144 1865 3206 Athena-

1955 3123 2065 3226 soli
2096 3122 2465 3226 Hiero‘nqu
2492 3123 2789 3203 incognita
2816 3123 3018 3226 fuere?
3045 3123 3165 3188 Sed
3196 3125 3604 3226 nequidquam

217 3247 377 3308 goraa
397 3213 601 3305 libros,
626 3213 854 3293 taniesti
886 3231 1136 3291 forsitan
1168 3213 1495 3308 breviores,
1522 3234 1868 3314 quiaCllri-
1952 3214 2364 3318 Flamfmiami
2408 3213 2911 3318 id‘reff’fquellm
2968 3214 3204 3318 (ἶθΐξυω
3238 3215 3460 3318 quippe
3491 3223 3602 3289 θείς

217 3302 425 3381 stianis
457 3302 654 3381 tamen
690 3320 1182 3383 describerentur
1225 3330 1285 3384 et
1332 3302 1865 3403 multiplicarentur

1955 3304 2250 3384 inquiunt,
2306 3302 2532 3382 scripta
2575 3302 2841 3382 Dionysii
2890 3321 3010 3364 non
3042 3302 3117 3404 ab
3175 3304 3451 3366 omnibus
3498 3323 3605 3367 eo-

216 3428 336 3471 non
369 3408 820 3499 minusdignos
847 3408 1056 3499 videri.
1089 3412 1309 3472 Verum
1345 3392 1652 3492 Opponunt
1692 3413 1865 3475 Anti-

1955 3393 2085 3454 dem
2123 3392 2304 3499 modq
2329 3392 2663 3499 eodemque
2688 3401 2955 3473 tempore
2976 3392 3160 3455 fuisse
3182 3393 3605 3475 agnita.Atque

214 3497 598 3578 areopagitici
620 3479 888 3579 qdaedam
912 3498 1227 3579 inscriptis
1243 3479 1502 3580 Dionysii
1523 3519 1863 3578 occurrere,

1955 3482 2093 3545 inde
2136 3481 2504 3545 concludunt
2531 3479 2922 3562 Hieronymo,
2956 3487 3018 3543 in
3066 3487 3278 3562 angulo
3308 3491 3606 3585 terrarum

216 3568 502 3649 nimirum
550 3568 841 3649 desieris
869 3568 1313 3667 Scripturarum
1359 3568 1552 3663 li'brts,
1586 3590 1661 3652 de
1700 3568 1864 3667 solis,

1955 3588 2126 3635 suum
2180 3589 2316 3634 cum
2356 3578 2643 3678 .exararet
2688 3569 2937 3673 librum,
3010 3570 3391 3678 delitescentl
3430 3568 3607 3678 “nihil

221 3674 515 3737 moriente
544 3674 803 3746 Christo.
836 3660 1194 3750 defectione,
1227 3677 1302 3739 de
1332 3660 1778 3741 obdormitione
1796 3660 1864 3742 Βξ

1955 3661 2277 3743 quidquam
2338 3660 2415 3723 de
2473 3660 2550 3721 iis
2609 3660 3028 3727 recentissimo
3071 3661 3380 3742 publicatis
3427 3662 3611 3727 fuisse

218 3764 417 3827 Mariae
441 3765 725 3845 Virginis,
747 3766 982 3847 aliaque
1002 3764 1156 3829 bene
1184 3767 1392 3841 multa,
1410 3786 1545 3849 quae
1573 3768 1623 3829 si
1657 3770 1716 3831 in
1747 3767 1865 3831 Eu-

218 3855 367 3908 sebii
402 3856 673 3908 nntiliam
708 3856 1030 3908 venissent-
1070 3856 1143 3908 ah
1174 3874 1245 3908 an
1295 3876 1599 3908 mmnnam
1635 3868 1865 3908 nrmlpr.

1959 3759 2328 3833 compertum
2346 3800 2360 3816 .
2868 3816 2877 3821 ,

2565 3839 2812 3906 CAPUT
2872 3840 2998 3908 VII.

216 3855 367 3916 sebii
402 3856 675 3919 notitiam
708 3856 1032 3932 venissent,
1070 3856 1143 3919 ab
1174 3874 1245 3920 eo
1295 3876 1599 3939 nunquam
1635 3868 1874 3940 praeter-

1965 3928 2050 3992 De
2069 3932 2149 3994 iis
2167 3932 2567 4012 scriptoribus
2588 3934 2697 4012 qui
2715 3940 2849 4013 post
2878 3932 3202 4013 publicata
3226 3932 3428 4014 Opera
3458 3934 3607 3997 Dio-

221 3944 373 4006 mitti
404 3953 754 4025 potuerunt.

1997 4022 2186 4102 nysii,
2211 4040 2283 4084 ea
2309 4021 2495 4085 dubia
2518 4031 2626 4083 aut
2648 4021 3005 4085 adulterina
3027 4041 3151 4085 esse
3178 4030 3570 4103 putaverunt.

298 4034 460 4096 Idem
487 4036 762 4097 nonnulli
785 4054 854 4098 ex
875 4033 1243 4119 Hieronymi,
1272 4038 1606 4119 praesertim
1638 4037 1697 4099 in
1716 4036 1871 4101 libro
1997 4033 2283 4125 πξΙξξῖνβα
2309 4033 2626 4125 ἅψωμαι
2648 4033 3005 4125 ααίέζίθηηα
3027 4041 3151 4125 θῗδθ
3174 4042 3261 4125 3.".

225 4122 314 4184 De
327 4126 728 4205 scriptoribus
750 4112 1430 4203 ecelesiastic'is,silentio
1452 4133 1865 4208 argumentum

2041 4112 2215 4174 Aliud
2239 4120 2447 4174 contra
2474 4112 3030 4208 Areopagiticoruui
3063 4113 3443 4208 traditionem
3477 4132 3610 4176 mo—

223 4200 487 4275 eliciunt.
527 4213 671 4276 Inde
695 4215 850 4275 enim
880 4200 1243 4278 concludunt
1270 4200 1550 4297 Dionysii
1567 4218 1752 4279 nostri
1785 4217 1865 4279 lu-

1957 4210 2222 4264 mentum
2255 4208 2367 4282 est,
2400 4200 2694 4306 quodnilla
2725 4209 2840 4304 tam
2881 4201 3000 4304 alto
3030 4210 3301 4306 namque
3330 4202 3609 4267 diuturno

220 4301 604 4363 cubrationes
658 4304 770 4382 ipsi
799 4302 1132 4384 incognitas
1182 4303 1392 4383 fuisse,
1424 4291 1537 4368 nec
1579 4314 1716 4368 ante
1748 4309 1865 4386 ejus

1959 4302 2044 4354 tot
2067 4293 2424 4374 scriptorum
2449 4292 2524 4353 de
2543 4291 2809 4372 Dionysii
2838 4291 3077 4373 scriptis
3100 4293 3343 4357 silentio
3370 4313 3490 4357 non
3519 4312 3614 4357 so-

225 4399 492 4471 tempora
525 4392 870 4472 divulgatas.
909 4383 1090 4466 Quasi
1125 4413 1292 4467 vero,
1318 4395 1592 4477 inquiunt
1612 4383 1873 4478 Areops-
1898 4475 1934 4485 λ
1957 4383 2080 4485 lum
2104 4384 2639 4485 capiteimminuta
2658 4387 2760 4463 sit,
2781 4385 3353 4485 verumindeetiam
3383 4404 3611 4485 concu-

220 4479 416 4557 gitici,
447 4481 565 4543 alia
592 4500 708 4543 non
739 4480 923 4545 fuerit
947 4473 1641 4564 Hieronymiani'silentii
1672 4473 1865 4549 ratio?

1958 4476 2135 4576 tiatur
2165 4473 2319 4576 quod
2352 4491 2421 4574 ex
2450 4481 2721 4554 tempore
2743 4490 2860 4576 quo
2891 4473 3111 4576 scripta
3138 4475 3236 4575 illa
3270 4493 3375 4576 pro
3402 4474 3616 4576 Diqny-

220 4568 307 4632 De
343 4570 416 4631 iis
462 4571 622 4632 enim
676 4580 899 4634 tantum
948 4562 1340 4656 scriptoribus
1383 4593 1530 4654 quos
1579 4574 1874 4639 Eusebius
1958 4564 2139 4656 εἱεηὶε
2188 4562 2394 4656 Ῐιεδθῗξ
2455 4567 2789 4656 ερερςτξιξιι,
2831 4562 3062 4656 ίηγθηιί
3096 4563 3242 4625 Αείηί
3285 4564 3611 4629 idemidem

224 4662 1029 4743 commemoravitdisputare
1048 4664 1584 4728 constituerat.Sed
1611 4665 1671 4727 id
1697 4667 1883 4729 certis

221 4749 516 4812 rationum
550 4751 941 4814 firmamentis
983 4752 1058 4815 ab
1088 4753 1235 4835 ipsis
1278 4761 1409 4815 erat
1450 4754 1868 4817 muniendum.

221 4838 421 4902 Aliam
449 4841 671 4921 quippe
695 4850 954 4903 mentem
982 4842 1094 4903 sibi
1116 4842 1301 4905 fuisse
1322 4843 1478 4905 idem
1504 4843 1635 4925 ipse
1656 4843 1875 4906 Hiero-

222 4946 434 5009 nymus
448 4939 916 5009 apertetestatur
943 4934 1018 4999 5’.
1041 4932 1659 5013 dumingensinterse
1689 4943 1746 4995 et
1777 4954 1878 4996 eos

220 5019 321 5107 qui
366 5019 442 5080 de
471 5020 868 5101 scriptoribus
899 5023 1163 5103 profanis
1194 5023 1490 5103 catalogos
1530 5023 1873 5107 ediderunt,

216 5106 547 5170 discrimen
578 5110 958 5173 intercedere
1002 5112 1097 5172 his
1127 5111 1327 5173 verbis
1378 5113 1718 5192 signiﬁcat:
1770 5113 1879 5175 Illi

213 5203 448 5259 veteres
458 5198 746 5262 historias
765 5200 1140 5281 annalesque
1155 5202 1877 5283 replicautemposuerunt

218 5291 398 5366 quasi
409 5287 483 5348 (le
498 5288 927 5368 ringenliprato
940 5308 1060 5352 non
1074 5308 1332 5359 paruum
1359 5294 1633 5370 opusculi
1650 5294 1750 5355 sui
1769 5310 1870 5356 co-

219 5391 443 5438 ronam
476 5387 698 5444 limere.
725 5379 861 5458 Ego
882 5380 1026 5460 quid
1047 5388 1298 5443 acturus
1328 5400 1482 5453 sum,
1509 5385 1612 5462 qui
1635 5382 1872 5445 nullum

218 5466 518 5545 prmium
532 5471 1499 5552 sequens,pessimum,uldicitur,
1510 5478 1871 5555 magistrum

1957 4653 2287 4734 scriptores
2316 4652 2499 4733 aliqui
2530 4651 2630 4732 qui
2661 4650 2722 4713 id
2750 4652 3065 4733 praefracte
3097 4663 3486 4733 negaverunt.
3536 4657 3611 4720 Et

1958 4743 2103 4804 illud
2138 4740 2383 4820 quidem
2409 4741 2667 4821 primum
2694 4741 2933 4822 probari
2958 4761 3134 4825 posse
3158 4752 3361 4825 putant
3392 4761 3465 4808 ex
3488 4743 3612 4827 Hy-

1963 4839 2144 4912 patio,
2180 4831 2282 4912 qui
2311 4831 2369 4891 in
2394 4829 2721 4894 Collatione
2742 4830 3393 4914 Censtantinopolitana
3424 4833 3612 4898 Seve-

1962 4920 2150 4982 rianis
2175 4922 2444 5000 Operum
2473 4920 3162 5001 Dionysiiauctoritatem
3190 4921 3616 5003 objicientibus

1964 5010 2049 5071 sic
2080 5008 2404 5089 respondet
2436 5027 2450 5072 :
2485 5008 2606 5071 Illa
2637 5013 2987 5073 testimonia
3014 5028 3152 5091 quae
3178 5029 3289 5075 vos
3337 5008 3618 5095 Dionysii

1960 5098 2305 5171 Areopagitae
2351 5113 2462 5156 esse
2494 5098 2698 5168 dicitis,
2731 5099 2870 5156 unde
2917 5102 3144 5172 potestis
3172 5102 3456 5160 ostendere
3490 5118 3619 5161 ocra

1959 5207 2104 5269 esse,
2133 5194 2287 5251 sicut
2313 5189 2718 5268 suspicamini
2749 5189 2776 5250 ?
2818 5192 2876 5252 si
2905 5192 3071 5253 enim
3100 5193 3227 5273 ejus
3257 5199 3459 5266 erant,
3498 5212 3617 5256 non

1956 5281 2300 5362 potuissent
2321 5276 2507 5340 latere
2530 5277 2768 5342 beatum
2784 5280 3120 5361 Cyrillum.
3143 5281 3305 5357 Quid
3325 5287 3527 5345 autem
3541 5284 3616 5346 de

1957 5373 2131 5433 beato
2148 5366 2376 5447 Cyrillo
2387 5366 2796 5449 disciquando
2809 5370 3013 5434 beatus
3025 5372 3488 5447 Athanasius,si
3500 5389 3616 5450 pro

1953 5465 2117 5525 certo
2139 5458 2347 5520 scisset
2368 5457 2499 5538 ejus
2520 5458 2882 5537 fuisse,ante
2895 5464 3103 5523 omnia
3122 5460 3182 5522 in
3207 5459 3610 5533 Nisa-nocan-

296 5656 330 5707 5
357 5652 576 5731 Quaest.
611 5656 650 5719 3
675 5657 745 5721 de
776 5657 963 5741 Oper.
1002 5658 1068 5726 S.
1106 5660 1403 5743 Dionysii.
1448 5661 1501 5714 δ’
1531 5660 1613 5725 De
1643 5663 1852 5743 script.

1959 5662 2101 5729 oles.
2137 5645 2375 5759 l’rolog.
2403 5646 2437 5704 θ
2469 5647 2629 5725 Ibid,
