4008 6152
373 207 449 272 23
1528 205 1587 268 S.
1639 205 1816 270 DION
1828 204 2048 268 YSIUS
2096 204 2622 268 AREOPAGITA.
3699 198 3772 265 2‘4

369 339 507 403 cilia
523 339 596 403 de
611 336 1119 402 consubstantialt'
1139 335 1440 399 Trinitate
1453 335 1666 400 eadem
1690 337 2040 405 tcstimom'a
2061 349 2101 401 Α
2124 349 2430 404 auctorum
2465 340 2705 404 traditio
2736 358 2850 404 nec
2872 346 3160 421 perpetua
3177 344 3291 416 est,
3319 357 3432 402 nec
3463 345 3776 412 constans;

375 429 724 511 protulisset
757 428 1046 491 adversus
1075 426 1487 490 Ariidiversce
1506 427 1865 492 substantiis
1884 431 2040 495 blas-

370 521 676 601 phemias.
710 518 781 581 Si
800 524 1004 580 autem
1034 516 1242 580 nullus
1271 533 1348 579 ea:
1376 518 1653 595 antiquis
1681 521 2040 585 recordatus

372 617 483 684 est,
529 626 622 690 ea,
653 608 810 670 unde
845 625 1008 670 nunc
1045 607 1292 685 potestis
1329 607 1642 669 ostendere
1675 611 1826 688 quia
1866 613 2038 675 illius

370 700 513 764 sint.
551 702 775 761 nescio.
821 698 906 760 Ex
952 696 1045 758 his
1075 697 1315 777 Hypatii
1345 697 1560 760 verbis.
1590 699 2036 764 Calholicorum

375 788 624 851 nomine
651 787 923 870 prolatis,
951 787 1068 848 duo
1089 785 1473 866 colliguntur.
1501 790 1763 858 Primum
1794 791 2035 872 quidem

379 879 606 941 nullam
631 877 786 959 apud
810 877 1088 957 antiquos
1111 877 1318 938 borum
1336 874 1595 957 Operum
1616 877 1826 942 factam
1860 901 2036 944 men-

375 967 449 1028 tic
469 968 841 1048 nem.Atque
866 983 934 1027 ex
961 965 1062 1026 illa
1085 983 1227 1027 sane
1246 964 1466 1047 Hipatii
1488 968 1835 1032 auctoritate
1857 972 2039 1050 priori

377 1064 753 1135 argumento.
786 1074 856 1118 ex
885 1054 1126 1116 silentio
1150 1055 1552 1133 antiquiorum
1588 1057 1917 1139 petito,non
1941 1081 2039 1141 pa-

375 1163 507 1207 rum
533 1144 1016 1207 acceditroboris
1039 1145 1852 1209 etﬁrmamenti.Secundum
1873 1169 2032 1226 vero,

375 1236 538 1298 viros
569 1241 734 1298 sexto
760 1235 980 1296 sazculo
1025 1233 1421 1314 peritissimos
1462 1237 1521 1296 in
1557 1254 1626 1297 ea
1666 1236 1851 1299 fuisse
1900 1242 2036 1321 opi-

377 1325 558 1388 nione
592 1326 715 1387 haec
747 1343 937 1405 opera
966 1324 1300 1386 adulterina
1336 1343 1486 1401 esse,
1525 1334 1582 1388 et
1615 1327 1762 1390 falso
1811 1330 2030 1413 Diony«

375 1413 449 1477 sii
489 1414 866 1495 AreOpagitae
897 1415 1141 1476 nomine
1173 1414 1484 1496 inscripta.

456 1503 686 1567 Saiculo
719 1503 995 1585 sequenti
1022 1505 1198 1566 divus
1232 1503 1542 1582 Maximus,
1566 1507 1897 1570 acerrimus
1928 1528 2036 1570 eo-

377 1595 656 1657 rumdem
687 1593 956 1675 Operum
985 1593 1289 1674 defensor,
1322 1594 1536 1658 fatetur
1569 1597 1672 1660 illa
1708 1617 1739 1660 a
1785 1599 2034 1678 quibus-

2121 432 2343 514 quippe
2373 432 2618 513 quaa,uti
2652 430 3055 512 probavimus,
3093 448 3200 510 per
3239 430 3440 511 priora
3469 439 3600 510 post
3629 430 3779 493 Dio-

2123 523 2270 603 nysii
2304 530 2533 584 aetatem
2569 521 2809 601 alecula,
2845 520 2998 600 quod
3036 520 3292 600 primum
3326 520 3784 601 praecipumque

2121 610 2472 692 requiritur,
2507 611 2754 674 omnino
2787 608 3556 688 dcﬁriat.Secundo,nc-que
3581 608 3786 669 conci-

2123 700 2200 762 lia
2230 718 2425 779 neque
2473 701 2693 761 summi
2725 698 3062 780 pontiﬁces,
3096 699 3213 760 lata
3269 697 3585 778 aliquando
3618 696 3784 776 lege,

2123 789 2250 850 haec
2283 787 2480 869 Opéra
2512 804 2864 868 germanum
2912 786 3175 868 Dionysii
3204 786 3576 866 Areopagitas
3626 805 3786 867 opus

2125 896 2258 940 esse
2292 879 2692 953 sanciverunt,
2728 876 2833 938 sed
2857 876 2958 938 illa
2979 895 3049 938 eo
3081 877 3360 939 duntaxat
3384 877 3785 956 nomine,quo

2124 967 2417 1047 inscripta
2447 974 2636 1038 erant,
2673 966 2947 1028 laudasse
2970 964 3390 1046 perhibentur.
3424 963 3599 1028 Nulla
3631 983 3787 1044 ergo

2125 1056 2479 1119 temeritatis
2501 1055 2726 1118 notaiis
2744 1056 3039 1118 inurenda
3057 1073 3188 1117 esse
3213 1054 3472 1128 videtur,
3495 1054 3618 1136 qui,
3640 1075 3790 1118 om-

2125 1146 2305 1209 nibus
2325 1153 2639 1224 utriusque
2673 1145 2853 1228 partis
2875 1144 3206 1207 rationibus
3234 1164 3409 1226 aequa
3430 1145 3601 1207 lance
3626 1164 3783 1227 pon-

2123 1237 2368 1312 deratis,
2395 1236 2669 1317 opinioni
2698 1235 2779 1297 illi
2798 1254 2970 1316 quam
2996 1232 3455 1315 probabiliorem
3475 1235 3787 1315 judicent,

2120 1327 2542 1390 adhaerendum
2575 1345 2705 1389 csse
2737 1325 3104 1390 censuerint.

2205 1417 2402 1478 Horro
2433 1416 2502 1477 ad
2531 1415 2770 1477 decreta
2793 1414 3148 1494 Sorbonica,
3171 1433 3204 1476 a
3233 1413 3406 1476 nobis
3419 1415 3542 1495 jam
3570 1415 3784 1488 citata,

2121 1507 2281 1584 quod
2306 1513 2536 1588 spectat
2567 1507 2767 1584 negari
2801 1505 3041 1585 quidem
3075 1523 3193 1566 non
3223 1514 3416 1585 potest
3449 1505 3790 1585 posteriore

2122 1598 2406 1659 adversus
2430 1595 2742 1658 Erasmum
2775 1595 2975 1658 edicto
3005 1594 3173 1657 illum
3196 1595 3466 1676 aliosque
3498 1596 3792 1675 perstrin-

380 1684 515 1746 dam
549 1684 902 1765 Apollinari,
931 1683 1003 1746 ab
1036 1684 1169 1747 aliis
1198 1684 1480 1766 Dionysio
1505 1675 1910 1750 Alexandrino
1943 1696 2036 1751 at-
2065 1675 2101 1726 Β
2124 1686 2206 1766 gi,
2239 1684 2367 1768 qui,
2392 1693 2591 1766 spreta
2621 1687 2914 1746 clarorum
2961 1683 3252 1764 virorum,
3288 1684 3345 1744 id
3372 1675 3467 1746 est
3495 1685 3786 1765 antiquo-

381 1773 587 1838 tribui.

461 1862 691 1926 Saecula
729 1882 886 1926 nono
919 1863 1271 1927 Theodorus
1327 1866 1661 1948 presbyter,
1697 1874 1848 1930 teste
1880 1869 2038 1931 Pho-

379 1953 460 2014 tio
484 1954 537 2030 τ,
565 1953 779 2016 librum
808 1973 924 2034 quo
949 1954 1158 2018 eadem
1192 1956 1390 2036 Opera
1416 1957 1742 2035 genuinum
1767 1957 2012 2038 Dionysi

378 2041 562 2103 fetum
584 2061 716 2104 esse
745 2043 1050 2123 probaret,
1085 2044 1469 2125 conscripsit.
1507 2045 1623 2108 Sed
1647 2065 1770 2117 cur,
1799 2048 2034 2108 amabo’

380 2134 452 2192 ad
489 2150 558 2193 ea
605 2131 884 2212 Dionysio
928 2133 1254 2194 asserenda
1302 2134 1518 2213 stylum
1575 2136 1886 2210 convertit,
1924 2136 2038 2198 nisi

380 2220 520 2300 quia
572 2221 647 2284 de
683 2221 798 2283 illis
831 2221 986 2282 inter
1017 2221 1287 2285 eruditos
1333 2223 1588 2301 quaestio
1645 2233 1770 2287 erat
1803 2233 1862 2286 et
1895 2245 2040 2287 con-

379 2311 723 2374 troversia?
785 2310 927 2392 quid
961 2329 1097 2373 vero
1157 2312 1313 2392 quod
1373 2311 1619 2374 Photius
1653 2316 1776 2395 ipse
1810 2333 1878 2376 ex
1931 2317 2042 2378 hoc

381 2397 537 2460 libro
571 2407 827 2480 quatuor
850 2407 1075 2462 tantum
1101 2400 1420 2482 descripsit
1440 2403 2040 2484 argumenta,quibus

379 2489 752 2570 potissimum
775 2490 874 2552 illa
905 2509 1086 2571 opera
1110 2491 1400 2571 Dionysio
1432 2494 1736 2573 supposita
1761 2513 1894 2556 esse
1931 2496 2040 2557 de-

380 2579 876 2642 monstrabantur
898 2578 928 2640 ?
957 2579 1102 2642 lnde
1132 2586 1288 2641 enim
1314 2581 1555 2662 quidam
1590 2582 1855 2645 inferunt
1889 2584 2040 2646 Pho-

382 2668 529 2729 tium
555 2669 750 2747 ipsum
780 2669 975 2731 eidem
1002 2669 1752 2751 sententiaesubscripsisse
1786 2671 1853 2732 Et
1877 2682 2040 2735 certe

377 2758 739 2820 Possevinus
752 2758 805 2831 8,
839 2760 948 2820 iste
971 2759 1528 2838 Areopagiticorum
1552 2768 1838 2839 assertor,
1867 2759 1941 2820 de
1966 2779 2034 2822 ea

376 2844 572 2908 Photii
597 2847 882 2927 opinione
903 2848 987 2908 sic
1009 2851 1377 2925 qronuntiat:
1415 2847 1617 2928 Opera
1649 2850 1716 2910 Β.
1755 2848 2037 2930 Dionysii

382 2943 452 2999 ut
475 2936 1004 3018 pseudepigrapha
1032 2938 1323 3001 videntur
1350 2939 1426 3000 ab
1453 2955 1520 3000 eo
1546 2938 1771 3000 notari.

462 3005 736 3108 Denique
769 3005 989 3088 saeculo
1018 3026 1250 3088 decimo
1285 3027 1496 3103 quinto
1529 3035 1586 3089 et
1615 3027 2033 3107 sequentibus,
2057 3005 2100 3058 δ

377 3115 480 3178 ubi
542 3114 669 3177 haec
707 3115 962 3197 quaestio
990 3115 1333 3195 diligentius
1359 3117 1574 3196 agitari
1609 3117 1813 3198 cwpit,
1850 3117 2048 3179 critici

382 3206 704 3286 doctiores,
731 3205 1107 3287 paucissimis
1131 3213 1354 3269 tantum
1385 3207 1681 3287 exceptis,
1705 3207 2048 3268 omniahaac

376 3293 575 3376 Opera
605 3294 885 3377 Dionysio
917 3295 1315 3378 Areopagitae
1346 3298 1521 3380 plane
1552 3298 1908 3380 penitusque
1937 3296 2046 3358 ab-

378 3385 745 3464 judirarunt.

468 3476 573 3538 llis
602 3474 885 3538 omnibus
914 3477 1257 3540 reclamant
1310 3477 1735 3560 Areopagitici,
1767 3478 2049 3558 aiuntque

385 3566 584 3647 Opera
611 3564 871 3647 Dionysii
924 3565 985 3626 in
1018 3566 1348 3630 Collatione
1394 3567 2050 3647 Constantinoliolitana

381 3655 566 3717 fuisse
599 3653 855 3735 primum
890 3654 1134 3734 quidem
1177 3655 1493 3737 repudiata
1527 3677 1542 3732 ;
1576 3657 1679 3717 sed
1715 3655 1818 3716 ubi
1844 3653 2047 3716 Patres

381 3763 509 3806 rem
544 3744 966 3806 examinarunt
1024 3751 1335 3823 maturius,
1365 3745 1468 3806 illa
1499 3745 1706 3807 eadem
1756 3760 2034 3825 tanquam

2122 1794 2253 1837 rum
2279 1775 2565 1838 Ecclesiae.
2594 1773 2860 1848 Patrum,
2891 1773 3267 1849 auctoritate,
3293 1775 3490 1836 omnia
3513 1773 3789 1855 Dionysii

2123 1865 2311 1928 nostri
2341 1883 2523 1946 opera
2555 1864 2872 1926 temerario
2904 1881 3050 1926 sane
3073 1872 3132 1926 et
3157 1864 3520 1944 imprudenti
3557 1868 3792 1926 novita-

2129 1964 2248 2018 tum
2275 1955 2473 2018 studio
2497 1955 2874 2034 Areopagitae
2898 1955 3070 2034 plane
3095 1960 3452 2035 penitusque
3473 1955 3792 2034 adjudica-

2127 2045 2286 2108 bant.
2350 2046 2427 2108 At
2461 2045 2660 2126 priore
2697 2054 2905 2106 contra
2949 2044 3276 2106 Lutherum
3327 2043 3594 2114 decreto,
3628 2045 3680 2106 is
3711 2063 3790 2107 ea

2128 2136 2500 2217 putissimum
2532 2134 2605 2196 de
2630 2152 2834 2214 causa,
2868 2141 2926 2195 et
2969 2133 3353 2196 meritissimo
3375 2135 3613 2214 quidem
3637 2135 3792 2216 jure

2129 2227 2580 2298 condemnatur,
2607 2223 2787 2305 quod,
2815 2225 3124 2302 impietate
3160 2225 3647 2306 impudentiaque
3679 2225 3786 2287 in—

2129 2314 2452 2395 tolerabili,
2479 2333 2597 2375 non
2627 2313 2817 2374 solum
2843 2323 3193 2393 usurpatum
3216 2313 3288 2374 ab
3313 2324 3554 2377 auctore
3578 2325 3788 2376 nostro

2129 2424 2196 2468 ex
2230 2405 2319 2466 sui
2342 2404 2629 2484 temporis
2661 2403 2900 2482 ingenio
2932 2412 2990 2464 et
3019 2421 3183 2465 more
3216 2403 3521 2465 scribendi
3556 2405 3792 2466 metho-

2127 2495 2405 2570 dum,sed
2435 2494 2705 2554 traditam
2732 2512 2969 2573 quoque
2992 2493 3064 2555 ab
3097 2495 3226 2574 ipso
3265 2495 3609 2556 orthodoxae
3635 2495 3789 2556 ﬁdei

2128 2584 2458 2647 doctrinam
2487 2583 2573 2643 vir
2595 2581 3030 2644 audacissimus
3051 2583 3404 2645 conculcare
3437 2593 3493 2645 et
3517 2601 3792 2661 pessum-

2129 2673 2275 2735 dare
2295 2690 2475 2734 ausus
2495 2673 2589 2733 sit.
2623 2671 3210 2751 HaetrergoSorbona:
3227 2673 3794 2754 decreta,inquiunt

2126 2760 2682 2841 Antiareopagitici,
2718 2760 2935 2821 nullam
2972 2762 3261 2823 censoriae
3304 2762 3633 2823 severitatis
3665 2781 3786 2824 no-

2122 2870 2250 2913 ram
2279 2850 2638 2931 iisinurunt,
2661 2850 2787 2930 qui,
2809 2850 2970 2911 salvo
2991 2869 3231 2932 semper
3277 2851 3478 2913 debito
3505 2852 3790 2914 Patribus

2125 2941 2354 3002 honore
2408 2948 2465 3000 et
2493 2939 2857 3014 reverentia,
2891 2958 3001 3001 nec
3036 2949 3286 3020 temere,
3323 2941 3426 3002 sed
3460 2940 3686 3000 ratione
3721 2952 3796 3003 et

2124 3029 2382 3110 judicio,
2409 3047 2518 3092 nec
2542 3029 2660 3090 ullo
2694 3028 2968 3090 novitatis
2991 3029 3210 3109 studio,
3241 3029 3342 3091 sed
3371 3028 3605 3091 sincero
3631 3032 3796 3090 veri-

2135 3117 2264 3180 tatis
2284 3136 2515 3193 amore,
2535 3117 2607 3178 ab
2640 3119 2884 3199 antiqua
2917 3116 3200 3198 plurium,
3223 3118 3327 3180 sed
3363 3136 3480 3179 non
3512 3117 3787 3181 omdium

2133 3207 2417 3289 opinione
2449 3207 2760 3270 recedunt.

2737 3297 2980 3362 CAPUT
3014 3295 3167 3360 VIII.

2134 3388 2519 3470 Argumenta
2549 3405 2625 3450 ea:
2646 3388 2794 3469 ipsis
2823 3389 3092 3449 auctoris
3127 3386 3426 3467 Operibus
3455 3388 3791 3470 desumpta

2213 3478 2642 3561 expenduntur
2674 3498 2689 3558 ;
2725 3494 2796 3541 ac
2813 3476 3091 3559 primum
3122 3484 3487 3559 argumenta
3517 3480 3792 3560 Areopa-

2211 3571 2566 3648 giticorum.

2212 3659 2540 3720 Excussum
2571 3662 2659 3718 est
2688 3657 2978 3719 hactenus
3011 3657 3268 3738 primum
3301 3659 3638 3737 argumenti
3672 3678 3788 3737 ge-

2129 3765 2263 3823 nus,
2290 3764 2406 3828 quo
2453 3745 2723 3826 Dionysii
2756 3743 2952 3826 Opera
2980 3745 3090 3826 ipsi
3124 3747 3379 3808 aliorum
3434 3749 3792 3812 auctoritate

382 3852 520 3896 vera
561 3842 618 3896 et
649 3851 934 3912 germana
967 3835 1112 3898 tanti
1147 3836 1253 3898 viri
1305 3834 1528 3916 scripta
1559 3836 1847 3897 ambabus
1881 3835 2038 3896 ulnis
2121 3836 2206 3892 vel
2229 3843 2594 3904 asseruntur,
2621 3834 2705 3890 vel
2732 3834 3322 3916 abjudicanturmunc
3349 3836 3421 3894 ad
3443 3837 3787 3905 secundum,

381 3922 699 4004 amplexati
731 3933 890 3988 sunt.
925 3924 1094 3997 Quod
1126 3925 1200 3987 ad
1234 3934 1480 3987 cazteros
1506 3925 1740 3996 attinet,
1778 3926 1813 3985 ii
1850 3933 2038 3996 certe,

379 4014 683 4094 inquiunt,
713 4013 1064 4094 paucissimi
1093 4033 1202 4095 per
1239 4023 1320 4077 tot
1350 4015 1707 4078 sazculorum
1735 4013 2045 4076 intervalla

383 4111 749 4180 occurrunt;
779 4121 889 4165 nec
923 4104 1010 4164 illi
1044 4106 1247 4183 procul
1275 4104 1459 4166 dubio
1492 4123 1624 4166 cum
1655 4103 2041 4165 totconrilio-

2124 3916 2279 3997 quod
2314 3935 2383 3979 ex
2433 3917 2709 3996 ipsismet
2741 3915 2906 3977 illius
2938 3915 3239 3996 Operibus
3286 3919 3525 3999 petitur,
3558 3919 3789 3980 exami-

2125 4005 2386 4067 nandum
2421 4005 2805 4068 accedamus.
2841 4004 2994 4066 Illud
3026 4013 3224 4068 autem
3255 4007 3576 4085 utriusque
3602 4007 3790 4088 partis

2125 4096 2385 4157 fautores
2414 4112 2519 4175 pro
2537 4112 2642 4157 sua
2661 4095 2882 4176 quique
2901 4094 3185 4174 opinione
3205 4096 3460 4158 militare
3473 4096 3782 4158 arbitran-

383 4210 518 4255 rum
574 4201 632 4254 et
680 4191 970 4255 Sorbonee
999 4193 1286 4269 decretis,
1325 4193 1579 4255 summis
1638 4193 2038 4273 pontiﬁcrbus,
2069 4194 2246 4253 Dtur.
2280 4187 2357 4246 Et
2418 4183 2610 4265 primo
2643 4185 2909 4265 quidem,
2945 4184 2993 4245 si
3052 4186 3491 4266 Areopagiticis
3541 4186 3779 4262 credas,

385 4282 657 4345 Patribus
714 4281 968 4363 aliisque
1025 4282 1454 4364 scriptoribus,
1488 4281 1593 4360 qui
1647 4283 1772 4343 haec
1828 4287 2048 4362 scripta

383 4372 669 4452 Dionysio
700 4372 1044 4450 adjudicant
1101 4373 1190 4434 vel
1223 4389 1499 4451 numero,
1538 4374 1628 4432 vel
1673 4371 2042 4448 eruditione,

385 4461 477 4524 vel
506 4462 862 4524 auctoritate
893 4461 1307 4544 comparandi,
1346 4462 1530 4524 multo
1565 4467 1762 4522 minus
1794 4471 2046 4542 antepo—

390 4554 573 4617 nendi
609 4555 907 4618 videntur.
940 4554 1107 4628 Quod
1138 4555 1188 4616 si
1222 4564 1280 4618 et
1310 4573 1576 4617 summos
1621 4554 1955 4635 pontiﬁces,
1994 4560 2052 4615 et

388 4646 676 4710 Ecclesia:
729 4646 966 4718 Patres,
994 4644 1265 4725 aliosque
1321 4660 1532 4706 omnes
1564 4651 1623 4705 et
1678 4643 1959 4704 cmcitatis
1995 4652 2053 4704 et

399 4734 622 4796 erroris
678 4751 934 4814 arguere
988 4734 1233 4816 audeas,
1264 4752 1462 4795 nonne
1513 4741 1750 4814 prwstat
1781 4751 1913 4793 cum
1971 4740 2054 4794 tot

394 4824 696 4904 tantisque
719 4824 864 4886 viris
890 4823 950 4884 in
984 4840 1275 4897 errorem,
1310 4824 1360 4885 si
1393 4825 1470 4884 ita
1505 4822 1662 4900 loqui
1695 4820 1780 4882 las
1811 4831 1924 4893 est,
1953 4821 2050 4881 in-

394 4912 557 4989 duci,
593 4931 769 4992 quam
803 4913 1200 4994 quorumdam
1225 4912 1848 4986 criticorum,forsitan
1873 4912 2052 4972 auda-

396 5006 651 5078 ciorum,
686 5001 1034 5082 Opinionem
1069 5003 1348 5084 praeferre
1373 5002 1600 5084 judicio
1631 5001 1661 5062 ?

481 5095 708 5156 Instant
741 5102 936 5156 tamen
967 5093 1236 5157 adversae
1259 5098 1443 5173 partis
1459 5099 1783 5155 sectatores
1803 5109 2043 5152 omnem

397 5183 574 5262 hujus
595 5181 1030 5264 responsionis,
1065 5182 1499 5263 quantumlibet
1518 5182 1803 5263 ponderis
1823 5179 2046 5242 habere

397 5272 690 5348 videatur,
725 5273 841 5334 vim
877 5271 1178 5354 roburque
1223 5271 1447 5354 duplici
1490 5292 1558 5334 ex
1590 5290 1767 5334 causa
1803 5273 2043 5332 omnino

2134 4274 2382 4336 materia
2413 4291 2688 4354 operum,
2719 4275 2923 4354 stylus,
2956 4273 3196 4348 locutio,
3230 4293 3298 4336 ac
3332 4275 3593 4356 denique
3623 4278 3782 4338 scri-

2133 4363 2353 4446 ptionis
2388 4377 2772 4444 tempus,non
2797 4363 2978 4424 alium
2999 4382 3205 4425 eorum
3230 4382 3401 4445 quam
3436 4364 3781 4446 Dionysium

2132 4452 2550 4534 Areopagitam
2613 4462 2918 4535 parentem
2975 4472 3107 4516 esse
3166 4455 3448 4533 produnt.
3501 4455 3787 4518 Materies

2138 4562 2397 4621 namque
2420 4560 2525 4605 seu
2549 4551 2962 4622 argumentum
2989 4542 3466 4606 lucubrationum
3493 4546 3650 4607 Deus
3667 4552 3783 4627 est,

2137 4634 2422 4707 Trinitas,
2455 4632 2674 4712 angeli,
2726 4631 3020 4705 Ecclesia,
3055 4631 3336 4696 Ecclesiae
3369 4633 3649 4709 ministri,
3683 4653 3789 4696 sa-

2138 4729 2608 4801 cramentazquze
2630 4719 2910 4782 subtilem
2927 4721 3788 4804 philosophum,magnumque

2139 4812 2476 4891 theologum
2512 4810 2570 4870 in
2603 4809 3033 4872 sublimissimo
3066 4821 3416 4891 argumento
3448 4821 3783 4874 versantem

2139 4909 2395 4982 arguunt
2426 4909 2482 4960 et
2527 4898 2816 4962 indicant.
2853 4896 3049 4981 Stylus
3092 4908 3288 4963 autem
3319 4909 3379 4962 et
3423 4900 3644 4962 locutio
3675 4900 3789 4960 viri

2135 5003 2223 5056 est
2239 4993 2298 5052 in
2321 4989 2502 5051 rebus
2519 4989 2736 5050 divinis
2756 4997 2812 5049 et
2834 4991 3018 5052 sacris
3043 4990 3402 5052 meditandis
3453 4988 3784 5064 exercitati,

2137 5085 2240 5170 qui
2270 5101 2441 5146 voces
2467 5101 2644 5144 novas
2669 5100 2735 5144 ac
2760 5083 3092 5162 singulares
3120 5083 3196 5145 ad
3217 5101 3440 5164 rerum,
3465 5083 3786 5164 caeteroqui

2133 5171 2643 5256 inesplicabilium
2658 5171 3198 5247 ,adumbrationem
3218 5173 3440 5253 ﬁngere
3455 5181 3512 5236 et
3534 5191 3785 5252 compo-

2131 5287 2276 5332 nere
2301 5271 2545 5328 coactus
2568 5271 2678 5326 est.
2713 5260 2982 5342 Tempus
3013 5261 3274 5344 denique
3303 5261 3652 5344 scriptionis
3677 5281 3784 5324 au-

393 5361 592 5443 frangi
649 5373 710 5424 et
741 5352 1320 5441 debilitari,'Primo'
1351 5362 1592 5442 quidem
1627 5360 1764 5443 quia
1813 5359 2049 5441 objecta
2127 5366 2354 5424 ctorem
2381 5353 2663 5437 apostolis
2682 5352 3783 5436 ipsiseorumquediscipuliscoaevum

477 5551 509 5603 7
537 5551 700 5616 Bibl.
735 5551 873 5616 cod.
908 5568 952 5614 ι.
999 5553 1031 5604 8
1056 5552 1363 5634 Apparat.
1393 5567 1584 5629 sacer,
1616 5547 1799 5612 verbo
1835 5547 2118 5614 Photius.

3943 87 3945 146 l
