4008 6152
231 309 310 380 25

1622 305 2028 374 PROLEGOM
2039 307 2183 372 ENA
2201 354 2214 370 .

3538 301 3616 372 26

229 455 436 532 aperte
455 443 847 511 demonstrat.
889 441 1122 509 Etenim
1175 441 1280 509 ille
1320 462 1388 510 se
1435 443 1603 521 solis,
1639 443 1875 510 Christo
1895 446 1939 500 Α
1961 441 1986 532 l
2007 442 2251 532 .Omnes
2264 448 2400 507 ante
2422 441 2741 507 Baronium
2762 442 3254 526 scriptores,eum
3279 439 3469 508 (irasci
3486 452 3613 508 tum

229 531 513 620 patiente,
552 537 950 601 defectionem
981 535 1224 617 vidisse,
1278 554 1347 599 ac
1393 544 1596 615 postea
1628 534 1789 597 Pauli
1822 542 1880 594 et
1959 531 2178 607 Latini,
2207 533 2266 594 in
2299 551 2369 596 ea
2397 533 2636 595 fuerunt
2667 535 2990 598 sententia.
3045 541 3104 600 2.
3160 539 3384 600 Auctor
3410 544 3615 597 noster

229 627 540 691 Ilierothei
560 626 892 710 disciplinas
916 625 1219 705 traditum,
1247 625 1468 688 deinde
1489 644 1624 688 cum
1648 630 1875 705 aposto-
1962 622 2521 686 traditTimotheum
2539 623 3162 704 episcopalidignitate
3181 624 3611 705 inauguratum,

226 717 306 779 lis
336 734 520 780 sacrae
545 715 806 795 Virginis
839 715 1038 778 Marim
1068 715 1367 792 exsequiis
1398 723 1455 777 et
1484 715 1672 777 funeri
1698 713 1876 776 inter—
1961 721 2140 791 atque
2164 711 2236 774 ab
2262 731 2334 775 eo
2357 711 2554 794 Opera
2577 732 2680 774 sua
2716 714 2836 775 vult
2869 715 3196 777 examinari
3223 723 3280 777 ot
3309 714 3610 794 castigari.

223 806 437 886 fuisse,
471 823 538 868 ac
577 805 812 867 tandem
839 805 909 868 ad
936 806 1222 867 Joannem
1252 803 1661 884 apostolumin
1686 801 1882 865 insula

224 897 512 960 Pathmos
532 895 899 957 exsulantem
926 893 1153 954 litteras
1176 893 1418 956 dedisse
1440 894 1882 974 profitetur.At-

227 984 333 1065 qui
364 985 490 1047 haec
529 983 729 1046 omnia
765 1002 959 1065 neque
990 983 1272 1065 Dionysio
1303 982 1634 1058 Corinthio,
1682 997 1882 1058 neque

224 1073 508 1155 Dionysio
532 1072 963 1148 Alexandrino,
987 1091 1182 1154 neque
1199 1073 1301 1135 ulli
1319 1073 1422 1135 alii
1440 1072 1742 1154 Dionysio,
1767 1069 1883 1132 nisi

225 1164 599 1246 Areopagitae
620 1163 1002 1247 co_nveniunt.
1026 1163 1130 1226 Ille
1149 1181 1288 1243 ergo
1309 1163 1470 1224 solus
1497 1159 1876 1241 horumOpe-

230 1272 391 1329 rum,
426 1272 556 1334 quae
588 1271 806 1316 nonem
854 1254 987 1332 ejus
1037 1253 1099 1314 in
1147 1252 1571 1334 manuscriptis
1605 1250 1884 1314 omnibus

229 1361 368 1406 cum
399 1341 642 1419 Graecis,
667 1354 791 1403 tum
818 1341 1041 1405 Latinis
1060 1341 1362 1425 praefixum
1391 1359 1632 1422 semper
1654 1339 1884 1404 habue-

228 1439 392 1508 runt,
418 1449 638 1512 parens
660 1439 721 1493 et
750 1439 956 1493 auctor
977 1431 1272 1494 dicendus
1300 1439 1390 1493 est
1442 1432 1512 1493 Et
1533 1439 1695 1494 certe
1719 1429 1886 1491 nefas

1964 803 2020 864 3.
2069 802 2230 864 Idem
2264 804 2392 882 ipse
2427 810 2633 864 auctor
2665 803 2722 864 in
2756 803 3010 883 epistola
3057 803 3127 865 ad
3163 807 3382 886 Titum,
3435 823 3613 886 quem

1964 892 2257 955 Baronius
2278 892 2506 973 aliique
2530 893 2933 972 AreOpagitici
2955 892 3310 972 discipulum
3343 903 3400 956 et
3429 893 3617 955 comi-

1965 990 2083 1043 tem
2119 982 2281 1043 Pauli
2335 982 2519 1044 fuisse
2578 983 2941 1063 concedunt,
3004 982 3276 1062 ejusdem
3310 982 3614 1047 Timothei

1968 1069 2262 1135 meminit.
2320 1077 2378 1131 [ι.
2433 1070 2497 1133 ln
2540 1072 2816 1133 omnibus
2847 1071 3272 1153 manuscriptis
3302 1072 3614 1135 codicibus

1967 1161 2314 1223 Timotheus
2346 1161 2446 1223 ille
2471 1161 2836 1238 Ephesinum
2862 1162 3268 1244 episcopatum
3323 1163 3415 1225 cui
3437 1163 3613 1224 disci-

1969 1251 2142 1332 pulus
2173 1251 2342 1314 Pauli
2377 1251 2634 1334 praefuit,
2659 1252 2922 1314 tenuisse
2956 1261 3347 1315 memoratur.
3391 1253 3452 1316 5.
3500 1252 3617 1314 De-

1969 1341 2149 1422 nique
2178 1349 2384 1404 auctor
2408 1350 2628 1415 noster,
2676 1342 2761 1403 uti
2792 1341 3077 1422 diximus,
3109 1361 3172 1402 se
3203 1342 3612 1419 apostolorum

1969 1430 2362 1509 ejusdemque
2401 1430 2652 1510 proinde
2677 1430 2976 1492 Timothei
3006 1430 3382 1510 temporibus
3404 1431 3616 1493 vixisse

231 1540 368 1584 esse
399 1521 635 1584 videtur
666 1521 844 1583 istum
870 1528 1175 1583 auctorem
1208 1521 1268 1581 in
1303 1520 1612 1583 fcedissimi
1646 1519 1879 1582 menda-
1961 1520 2216 1600 jactitat.
2239 1519 2342 1582 llis
2362 1527 2555 1582 autem
2582 1519 2912 1582 rationibus
2927 1530 2988 1580 et
3010 1520 3156 1581 illud
3181 1539 3420 1601 quoque
3442 1520 3617 1583 refel-

229 1613 331 1693 cii,
356 1611 606 1676 fallacias
635 1619 693 1672 et
719 1611 1029 1692 sacrilegae
1057 1611 1457 1673 simulationis
1480 1609 1883 1691 suspicionem

1970 1609 2134 1688 litur,
2169 1609 2327 1690 quod
2362 1617 2492 1689 post
2524 1609 2982 1690 pseudo-Dextri
3029 1608 3365 1672 Chronicon
3403 1629 3621 1691 propu-

227 1719 462 1781 vocare,
514 1700 748 1782 quando
800 1701 1043 1781 quidem
1095 1701 1312 1781 scripta
1360 1701 1491 1780 ejus
1541 1718 1658 1761 non
1691 1697 2428 1788 solumBgnatBivarius,
2465 1699 2622 1760 hunc
2666 1697 3046 1762 Timotheum
3103 1717 3222 1760 non
3273 1699 3451 1761 alium
3485 1717 3617 1761 esse

228 1790 454 1872 ubique
485 1793 858 1853 sanctitatem
890 1789 1142 1870 spirant,
1191 1789 1296 1851 sed
1340 1807 1410 1852 ea
1442 1788 1619 1851 etiam
1655 1807 1790 1850 cum
1823 1787 1886 1849 in

233 1878 661 1942 monasterium
685 1888 743 1941 et
766 1878 977 1940 urbem
1002 1879 1137 1958 ejus
1159 1878 1401 1941 nomine
1427 1897 1612 1960 prope
1632 1877 1890 1940 Parisios

230 1967 418 2049 dicta,
450 1977 924 2049 asportarentur,
958 1967 1136 2030 variis
1161 1968 1618 2032 infirmitatibus
1651 1967 1710 2029 in
1745 1968 1889 2028 tanti

233 2058 344 2120 viri
373 2058 662 2120 honorem
695 2059 1010 2140 applicata,
1037 2058 1240 2121 multis
1263 2058 1544 2121 divinitus
1580 2058 1890 2120 honestata

228 2157 367 2210 sunt
400 2147 729 2211 miraculis.
1337 2207 1350 2213 -

315 2235 426 2310 Qui
456 2255 595 2300 vero
628 2255 699 2300 ex
729 2237 977 2300 adversa
1009 2246 1168 2300 stant
1202 2244 1389 2319 parte,
1424 2236 1486 2298 hi
1515 2236 1889 2319 respondent

234 2325 542 2389 materiam
567 2327 770 2408 operis
787 2327 861 2388 ab
884 2327 999 2389 alio
1022 2345 1187 2408 mque
1213 2345 1282 2388 ac
1315 2327 1591 2406 Dionysio
1623 2327 1888 2406 Areopa-

229 2415 353 2494 gita
382 2415 624 2478 tractari
651 2416 936 2496 potuisse,
962 2418 1175 2498 stylum
1203 2423 1403 2479 autem
1431 2425 1492 2478 et
1522 2415 1886 2478 locutionem

228 2504 503 2584 Dionysii
561 2505 932 2586 Areopagitae
982 2507 1073 2567 his
1128 2507 1188 2566 in
1241 2506 1480 2585 scriptis
1514 2503 1888 2584 deprehendi

231 2596 411 2677 plane
437 2595 794 2676 penitusque
818 2595 1178 2657 inliciantur.
1213 2595 1496 2658 Fatentur
1519 2594 1759 2676 quidem
1777 2613 1887 2654 au-

235 2694 462 2747 ctorem
495 2684 782 2746 nonnulla
809 2685 1226 2746 iisinseruisse
1250 2685 1466 2764 quibus
1496 2705 1559 2745 se
1580 2683 1887 2764 apostolo-

229 2793 365 2838 rum
393 2773 760 2854 temporibus
784 2775 1024 2855 vixisse,
1052 2783 1110 2836 et
1129 2775 1296 2838 Pauli
1318 2773 1676 2856 discipulum
1699 2773 1887 2834 fuisse

230 2863 484 2926 incautis
515 2863 988 2944 simplicioribus
1020 2864 1444 2944 persuaderet;
1501 2863 1603 2925 sed
1633 2871 1886 2924 conten-

1971 1807 2149 1866 quam
2178 1788 2504 1867 Eugenium
2535 1791 2909 1872 Toletanum,
2958 1791 3054 1855 cui
3106 1798 3348 1873 prapter
3393 1789 3615 1872 ingenii

1971 1878 2391 1942 excellentiam
2425 1899 2644 1942 nomen
2677 1879 2976 1942 Timothei
3009 1880 3356 1961 impositum
3390 1890 3503 1946 est.

2053 1967 2170 2031 Sed
2205 1969 2421 2031 horum
2449 1969 2708 2030 vicissim
2730 1969 3282 2049 AreOpagiticorum
3317 1978 3618 2033 momenta

1971 2057 2112 2119 inde
2134 2057 2286 2120 haud
2313 2057 2618 2120 difficilius
2642 2067 3012 2133 evertuntur,
3045 2059 3200 2138 quod
3233 2059 3614 2138 Evangelium

1970 2155 2030 2208 et
2074 2147 2488 2228 Apocalypsim
2541 2148 2788 2209 Joannis
2837 2149 3114 2227 apostoli,
3174 2156 3351 2228 atque
3406 2147 3618 2228 Ignatii

1971 2237 2306 2318 epistolam,
2336 2256 2468 2315 qua:
2494 2251 2627 2320 post
2647 2238 2946 2300 Timothei
2984 2245 3236 2300 mortem
3269 2238 3431 2300 edita
3453 2247 3611 2314 sunt,

1971 2326 2031 2388 in
2064 2329 2322 2390 auctoris
2350 2328 2531 2389 nostri
2559 2327 2827 2407 scriptis,
2860 2333 2922 2388 ut
2951 2326 3106 2388 infra
3129 2328 3423 2404 dicemus,
3458 2327 3616 2390 clare

1971 2417 2444 2499 nominatimque
2474 2418 2756 2481 citentur.
2791 2417 3112 2481 Enimvero
3146 2419 3272 2480 sola
3303 2417 3620 2496 Ignatianaa

1973 2507 2247 2587 epistolae
2277 2507 2477 2586 verba,
2514 2526 2648 2588 quae
2678 2508 2750 2569 ab
2795 2527 2866 2570 eo
2919 2526 3054 2569 vero
3101 2509 3473 2587 transcripta,
3509 2527 3621 2570 nec

1971 2595 2032 2656 in
2067 2605 2290 2658 textum
2340 2597 2470 2677 ejus
2512 2598 2743 2660 intrusa
2773 2615 2908 2660 esse
2953 2596 3527 2673 demonstrabimus,
3562 2597 3619 2660 id

1969 2694 2175 2765 aperte
2208 2686 2510 2748 evincunt.

2051 2774 2236 2836 Addit
2267 2774 2561 2839 Baronius
2587 2775 2749 2856 quod
2781 2775 3132 2839 Timotheus
3162 2776 3263 2840 ille
3293 2778 3365 2840 ah
3383 2785 3621 2840 auctore

1971 2873 2172 2925 nostro
2204 2883 2366 2944 saepe
2399 2869 2546 2940 παῖς,
2578 2884 2754 2947 puer,
2787 2875 3050 2930 vocatur.
3098 2870 3169 2928 At
3215 2866 3616 2942 Timotheum,

234 2953 385 3015 dunt
407 2952 579 3032 plura
608 2953 667 3015 in
700 2953 915 3015 iisdem
948 2951 1246 3034 Operibus
1276 2953 1693 3034 imprudenter
1714 2950 1788 3013 ab
1815 2957 1945 3014 eoC
1974 2953 2137 3017 Pauli
2172 2953 2560 3034 discipulum,
2595 2974 2628 3017 a
2660 2955 2942 3037 Dionysio
2975 2957 3355 3038 Areopagita,
3393 2975 3462 3017 eo
3507 2975 3620 3019 no-

238 3043 492 3122 adjecta,
542 3043 760 3124 quibus
810 3061 880 3106 ea
937 3043 1114 3122 longe
1172 3052 1301 3124 post
1363 3043 1767 3124 apostolorum
1828 3049 1888 3103 et

239 3131 500 3212 Dionysii
524 3133 900 3212 Areopagitae
927 3141 1161 3195 aetatem
1195 3132 1489 3215 prodiisse
1519 3130 1741 3192 invicte
1773 3131 1885 3192 de-

243 3229 630 3287 monstratur.
662 3220 870 3286 Utrum
905 3231 1099 3285 autem
1133 3223 1220 3304 id,
1251 3232 1316 3285 ut
1338 3225 1684 3303 opinantur,
1709 3220 1888 3282 certis

239 3310 536 3373 rationum
572 3313 896 3375 momentis
930 3312 1182 3394 probare
1206 3313 1459 3394 possint,
1508 3330 1543 3374 ιι
1595 3309 1766 3373 nobis
1796 3317 1890 3372 est

235 3410 522 3465 accurate
550 3402 1028 3483 ponderandum.

233 3589 640 3673 Argumenta
671 3590 1378 3673 AntiareOpagiticorum
1425 3590 1886 3673 examinentur;

317 3666 376 3752 Et
421 3672 693 3750 primum
729 3666 1001 3752 quidem,
1045 3666 1188 3732 inde
1239 3669 1482 3732 ductum
1539 3670 1694 3750 quod
1749 3666 1892 3730 libri

323 3750 629 3814 Timotheo
660 3750 1110 3814 inscribuntur.

321 3849 585 3913 Primum
645 3841 1328 3929 Antiareopagiticorom
1381 3856 1772 3929 momentum,
1821 3865 1891 3908 ex

237 3937 374 4018 ipsa
406 3937 717 4013 librorum,
753 3938 856 4020 qui
902 3937 1218 4001 Timotheo
1271 3950 1724 4020 nuncupantur,
1765 3940 1892 3998 ins-

241 4027 540 4108 criptione
591 4028 846 4091 ducitur.
897 4033 1128 4091 Auctor
1177 4027 1336 4090 enim
1393 4037 1600 4089 noster
1637 4028 1698 4089 in
1741 4026 1893 4089 libro

235 4117 323 4180 De
346 4119 577 4180 divinis
596 4116 952 4180 nominibus
977 4117 1287 4197 epistolam
1323 4119 1532 4198 lgnatii
1562 4116 1892 4180 Antioche-

1973 3044 2133 3106 mine
2162 3045 2586 3124 compellatum
2620 3064 2749 3106 esse
2775 3046 2921 3108 nulli
2948 3045 3276 3108 verisimile
3296 3046 3618 3110 vibebitur:

1970 3135 2475 3216 Namepiscopus,
2497 3134 2690 3216 inquit
2721 3135 3078 3216 Baronius9,
3099 3142 3496 3217 coepiscopum
3519 3153 3622 3199 no-

1969 3225 2176 3280 minare
2197 3226 2526 3282 consecuisse
2549 3227 2804 3296 fratrem,
2834 3241 2940 3282 non
2970 3225 3160 3297 ﬁlium,
3189 3225 3329 3281 mille
3364 3226 3622 3297 exemptis

1970 3319 2104 3370 esset
2125 3314 2284 3384 facile
2314 3314 2697 3372 demonstra'e.
2724 3315 2912 3395 Hujus
2943 3316 3276 3395 argumenti
3306 3314 3622 3376 difficulta-

1968 3413 2064 3464 tes
2091 3413 2152 3464 ut
2181 3403 2410 3464 solvant
2439 3404 2540 3466 alii
2583 3405 3012 3486 Areopagitici,
3051 3402 3238 3466 varias
3288 3413 3623 3482 congerunt

1969 3491 2415 3572 responsiones.
2444 3492 2515 3554 Et
2534 3494 2723 3573 primo
2747 3493 2987 3574 quidem
3017 3493 3220 3554 dicunt
3241 3493 3619 3556 Timotheum

1971 3581 2058 3644 sic
2087 3581 2312 3662 vocari,
2339 3583 2475 3659 quia
2501 3583 2607 3646 ille
2631 3583 2704 3645 ad
2729 3603 2906 3665 quem
2943 3584 3184 3657 Paulus,
3219 3582 3410 3646 Nerva
3432 3583 3624 3664 impe-

1974 3679 2166 3740 rante,
2195 3672 2319 3733 haec
2342 3674 2581 3753 scripsit
2611 3672 2670 3734 in
2698 3672 2898 3736 verba:
2926 3672 3112 3735 Nemo
3141 3673 3621 3736 adolescentiam

1976 3768 2140 3822 tuam
2159 3762 2874 3843 contemnattO,Diouysio
2897 3762 3254 3844 Areopagita
3271 3763 3476 3844 junior
3489 3781 3622 3825 esse

1974 3849 2239 3913 videtur.
2272 3851 2333 3913 2.
2362 3849 2708 3913 Timotheus
2741 3853 2798 3912 in
2835 3852 3207 3933 philosophia
3241 3861 3301 3914 et
3354 3853 3622 3915 satculari

1977 3939 2294 4020 disciplina
2324 3941 2491 4020 cujus
2521 3942 2728 4002 rudior
2759 3949 2906 4024 erat,
2940 3951 3116 4024 atque
3149 3942 3324 4004 etiam
3353 3944 3410 4002 in
3436 3942 3627 4004 subli-

1981 4029 2170 4090 miore
2194 4029 2490 4108 theologia
2520 4031 2860 4109 Dionysium
2890 4031 3147 4094 habebat
3179 4050 3287 4110 pro
3312 4033 3614 4111 magistro.

1979 4127 2040 4181 et
2072 4119 2238 4180 illum
2273 4119 2490 4182 absens
2525 4139 2628 4200 per
2661 4121 2892 4183 litteras
2937 4121 3304 4184 consulebat.
3357 4121 3414 4184 3.
3475 4121 3620 4184 Cum

234 4211 297 4269 ni
334 4206 626 4288 episcopi,
661 4212 742 4269 uti
765 4207 920 4268 infra
954 4207 1207 4283 dicetur,
1242 4216 1301 4270 et
1339 4206 1702 4287 Iaudavit,ct
1726 4207 1896 4286 ipsis-
1919 4207 2329 4290 DTimotheus
2361 4211 2505 4272 satis
2534 4219 2694 4273 esset
2720 4220 2926 4273 natura
2959 4211 3199 4273 timidus
3233 4220 3290 4272 et
3321 4211 3622 4290 pusillani-

235 4296 392 4358 sima
414 4297 574 4359 illius
597 4295 774 4359 verba
806 4297 1028 4359 retulit.
1058 4299 1242 4376 Ergo,
1273 4297 1580 4378 inquiunt,
1617 4297 1715 4359 hic
1744 4297 1898 4360 liber
1981 4297 2117 4372 mis,
2159 4317 2276 4359 non
2339 4307 2563 4360 tantum
2617 4299 2863 4362 doctore
2925 4300 3214 4362 scientim.
3277 4300 3383 4362 sed
3441 4301 3619 4363 etiam

236 4384 576 4462 Timotheo,
631 4389 728 4465 qui
773 4386 913 4448 dum
966 4403 1034 4447 ea
1065 4385 1276 4464 Ignatii
1310 4386 1559 4467 epistola
1591 4385 1730 4448 data
1780 4395 1892 4467 est,

228 4474 363 4555 jam
400 4483 650 4538 mortem
686 4475 941 4550 obii-rat,
977 4495 1094 4536 non
1126 4498 1137 4555 ι
1172 4476 1322 4536 otuit
1353 4475 1621 4536 inscribi.

322 4562 433 4628 Hic
449 4583 566 4625 non
587 4565 850 4626 minimze
867 4565 1230 4627 difficultatis
1247 4564 1437 4625 nodus
1454 4565 1893 4646 Areopagiticos

241 4653 560 4735 plurimum
598 4654 787 4727 torsit,
824 4663 997 4735 atque
1019 4663 1083 4716 ut
1116 4655 1188 4716 ab
1223 4673 1294 4716 eo
1329 4672 1394 4714 se
1424 4654 1764 4734 expediant,
1787 4674 1890 4717 va-

246 4743 368 4805 rias
397 4761 462 4804 se
498 4747 736 4806 vertunt
768 4743 826 4803 in
865 4751 1084 4822 partes.
1121 4743 1401 4806 Nonnulli
1423 4744 1586 4805 enim
1605 4763 1740 4805 cum
1772 4743 1887 4806 Ba-

245 4831 420 4894 ronio
450 4831 674 4912 Opinati
697 4839 837 4894 sunt
861 4833 1019 4895 hunc
1043 4834 1419 4896 Timotheum
1448 4852 1565 4895 non
1597 4853 1735 4896 eum
1759 4852 1891 4898 esse

241 4921 344 5003 qui
369 4919 530 4984 Pauli
549 4921 1023 5002 discipulusfuit,
1045 4923 1148 4986 sed
1165 4924 1348 4984 alium
1365 4923 1894 5003 quemdamjunio-

240 5029 398 5087 rem,
431 5012 711 5073 Pudentis
753 5010 1047 5072 senatoris
1080 5013 1295 5092 ﬁlium,
1346 5011 1520 5091 cujus
1573 5031 1792 5074 nomen
1828 5013 1888 5075 in

1981 4387 2209 4449 virtutis
2238 4395 2295 4449 et
2325 4388 2675 4450 constantiae
2707 4389 3009 4467 indigebat
3042 4390 3341 4469 magistro.

2061 4475 2279 4539 Verum
2313 4496 2430 4556 quo
2451 4497 2708 4559 unquam
2732 4480 3005 4559 exemplo
3022 4478 3369 4559 probabitur
3388 4479 3622 4558 episco-

1982 4585 2118 4645 pum
2140 4565 2212 4627 ab
2236 4566 2351 4628 alio
2376 4567 2658 4647 episcopo
2681 4569 2813 4629 ideo
2838 4587 3082 4648 puerum
3107 4570 3322 4648 vocari,
3344 4570 3501 4650 quod
3522 4568 3623 4632 ille

1977 4656 2034 4716 in
2073 4653 2444 4736 philosophia
2481 4665 2537 4716 et
2566 4656 2839 4717 saeculari
2890 4657 3207 4738 disciplina
3268 4658 3345 4719 sit
3390 4657 3616 4720 rudior.

1977 4743 2204 4806 Deinde
2235 4763 2351 4824 quo
2383 4745 2598 4807 itidem
2632 4757 2990 4824 argumento
3023 4745 3409 4828 persuadebis
3430 4744 3621 4807 Timo-

1977 4834 2177 4895 theum
2213 4834 2271 4894 in
2297 4833 2370 4894 iis
2399 4835 2664 4898 scientiis
2687 4836 2869 4897 fuisse
2898 4837 3173 4917 Dionysio
3197 4836 3625 4909 rudiorem,ac-

1978 4942 2113 4984 eum
2155 4922 2213 4983 in
2247 4923 2597 4986 sublimiore
2655 4925 2954 5003 theologia
2989 4926 3266 4987 habuisse
3301 4944 3407 5004 pro
3441 4924 3625 5003 magi-

1976 5021 2098 5074 stro
2127 5012 2346 5074 ?Certe
2381 5013 2704 5093 Dionysius
2739 5015 2904 5077 illum
2931 5024 3088 5076 tanta
3117 5013 3455 5077 eruditione
3478 5033 3622 5096 pree-

241 5099 575 5163 Romanum
592 5100 1242 5180 Martyrologium,elin
1261 5100 1366 5165 SS.
1389 5103 1889 5179 PerpetuaeetFe-
1973 5101 2159 5163 ditum
2191 5103 2516 5180 agnovit,ut
2553 5105 2944 5183 perfectiores
2973 5107 3104 5183 ejus
3134 5103 3506 5185 cognitiones
3534 5123 3625 5168 se-

240 5188 483 5252 licitatis
517 5195 660 5252 Acta
683 5189 1088 5254 referturAlii
1120 5210 1153 5252 e
1175 5191 1477 5253 contrario
1510 5188 1888 5253 Timotheum
1973 5209 2107 5256 cum
2131 5190 2584 5264 communicari,
2621 5202 2683 5255 et
2713 5193 2937 5271 scripta
2973 5213 3078 5254 sua
3104 5193 3174 5256 ab
3207 5213 3277 5254 eo
3310 5193 3619 5256 emendari

240 5279 412 5342 illum
445 5297 648 5341 verum
708 5277 877 5343 Pauli
922 5278 1281 5355 discipulum
1339 5280 1523 5342 fuisse
1574 5293 1887 5366 asserunt,
1979 5281 2230 5342 voluerit
2269 5297 2282 5342 :
2317 5279 2481 5343 Illud
2530 5299 2782 5363 quoque,
2840 5282 3150 5364 inquiebat
3198 5282 3515 5362 Dionysius
3545 5283 3618 5359 Η,

237 5379 298 5432 et
328 5367 573 5432 Baronii
621 5367 969 5451 opinionem
1017 5370 1111 5432 his
1155 5371 1506 5452 impugnant
1529 5369 1886 5438 rationibus.
1974 5371 2300 5452 pontiﬁcio!
2356 5379 2474 5435 tua:
2528 5375 2794 5438 scientia
2851 5374 3472 5439 commemorabimus.
3531 5375 3612 5438 Et

215 5634 276 5697 Ἴ
319 5552 467 5715 Et}?
501 5568 721 5614 annum
760 5550 894 5630 109,
929 5552 958 5634 §
987 5555 1086 5619 56.
1122 5555 1180 5607 ’0
1207 5553 1232 5618 Ι
1261 5553 1417 5637 Tim,
1453 5570 1517 5618 ιι.
1551 5551 1602 5596 ίι
1630 5552 1766 5617 Lib.
1791 5555 1878 5619 De
1907 5557 2038 5620 cal.
2072 5554 2309 5620 ltierar.
2343 5573 2476 5637 cap.
2510 5558 2569 5620 7.
2606 5555 2661 5600 ίε
2689 5560 2794 5624 Lib
2859 5561 2947 5624 De
2977 5563 3187 5624 ccclcs.
3216 5558 3444 5623 liicrar.
3483 5572 3616 5637 cap.
3654 5648 3656 5651 λ
