4044 6152
408 285 483 358 27
1553 297 1614 364 S.
1660 299 2069 365 DIONYSIUS
2111 300 2628 372 AREOPAGITA.

3705 300 3783 370 28

409 439 549 504 alibi
581 440 680 509 ll:
712 442 1102 509 Commumca
1134 444 1325 526 igitur
1350 451 1408 510 et
1439 451 1503 509 tu
1540 444 1695 508 mihi
1727 448 2051 527 perfectio-
2074 454 2110 504 Α
2139 458 2394 521 pueros:
2424 440 2930 523 Pueri,nunguid
2938 439 3429 523 pulmentarium
3450 437 3784 505 habetis”?

408 549 543 595 rem
580 533 1082 616 illustrationem,
1131 543 1274 613 etc.;
1328 544 1503 617 atque
1550 534 1666 598 alio
1699 537 1759 597 in
1791 537 1945 600 libro
1974 539 2053 601 i3.

409 620 550 683 Erit
578 623 979 687 humanitatis
1013 632 1131 687 tuae
1156 626 1460 705 corrigere
1489 643 1613 687 non
1641 636 1853 706 sponte
1878 630 2058 709 igno-

406 719 669 786 rantem,
699 715 1043 793 rtionesque
1101 731 1431 794 suggerere
1484 715 1718 777 discere
1763 719 2056 797 cupienti.

490 801 725 863 Scimus
758 802 999 881 quidem
1052 802 1393 885 Dionysium
1446 822 1479 865 a
1538 804 1853 868 Timotheo
1888 806 1961 868 de
1995 825 2060 868 re

410 890 661 970 quadam
692 892 1029 970 theologica
1059 893 1239 956 fuisse
1261 893 1580 974 aliquando
1604 895 2057 975 interrogatum,

411 987 479 1066 ut
509 977 670 1038 hunc
698 978 758 1039 in
792 981 1033 1042 modum
1068 981 1169 1043 ille
1214 988 1460 1043 testatus
1500 991 1590 1045 est
1618 983 1676 1033 Η
1706 1007 1717 1042 :
1752 984 1869 1048 Sed
1913 989 2059 1066 quia

413 1064 574 1127 alias
594 1084 684 1128 me
695 1085 805 1148 per
823 1069 1142 1150 epistolam
1165 1072 1579 1152 interrogasti,
1600 1074 1748 1153 quid
1764 1064 2061 1154 appellem

407 1172 522 1232 per
542 1173 607 1219 se
630 1175 776 1233 esse,
799 1176 911 1239 per
930 1177 995 1221 se
1018 1161 1230 1230 vitam,
1252 1178 1359 1241 per
1388 1180 1452 1225 se
1480 1166 1872 1242 sapientiam,
1896 1172 1953 1226 et
1979 1171 2062 1226 te-

409 1261 546 1307 cum
570 1248 664 1309 ais
685 1249 988 1312 dubitasse
1009 1252 1309 1329 quomodo
1340 1250 1533 1313 Deum
1558 1253 1896 1334 aliquando
1919 1264 2061 1316 voco

402 1352 517 1415 per
541 1355 605 1398 se
628 1338 842 1417 vitam,
868 1339 1207 1418 aliquando
1238 1358 1381 1402 vero
1413 1342 1753 1421 effectorem
1782 1345 1947 1406 vitae.
1983 1345 2062 1406 At

411 1426 547 1503 quis
580 1426 790 1488 merito
824 1428 963 1488 inde
995 1429 1231 1509 colligat
1260 1429 1639 1492 Timotheum
1683 1433 1741 1494 in
1789 1432 2056 1513 philoso-

2141 533 2384 596 Addunt
2413 534 2783 597 Clementem
2810 532 3275 595 Alexandrinum
3300 549 3509 593 omnes
3545 531 3785 593 univer-

2142 620 2250 679 sim
2279 619 2646 683 Christianos
2669 622 2880 683 eodem
2915 621 3157 683 nomine
3188 637 3591 700 nuncupasse;
3627 638 3781 699 quo-

2143 710 2300 771 niam
2332 710 2652 772 Christiani
2685 710 2761 771 oh
2796 728 3025 771 morum
3071 710 3513 791 simplicitatem
3548 717 3607 771 et
3637 726 3785 769 sua-

2144 797 2378 859 vitatem
2412 800 2523 861 hoc
2552 818 2615 861 se
2644 799 2898 863 invicem
2936 817 3257 879 puerorum
3291 798 3536 861 nomine
3570 798 3788 859 vocita-

2145 885 2308 948 bant.
2344 889 2459 951 Sed
2492 889 2549 951 id
2586 889 2826 951 omnino
2860 889 2988 951 leve
3031 897 3119 951 est
3166 898 3223 952 et
3274 888 3600 950 infirmum.
3635 888 3786 949 Nam

2143 977 2425 1059 episcopo
2468 979 2554 1041 fas
2605 998 2722 1041 non
2778 987 2904 1041 erat
2951 979 3131 1040 alium
3186 978 3533 1060 episcopum
3569 975 3784 1038 eodem

2144 1067 2320 1128 modo
2343 1087 2459 1149 quo
2476 1069 2744 1133 Christus
2764 1067 3088 1145 discipulos
3107 1087 3248 1129 suos
3266 1067 3533 1142 vocabat,
3563 1064 3788 1146 alloqui

2144 1166 2200 1218 et
2228 1158 2552 1238 appellare.
2588 1160 2867 1221 Clemens
2901 1175 3038 1219 vero
3069 1176 3188 1219 non
3228 1157 3454 1220 idcirco
3487 1154 3786 1220 Christia-

2143 1264 2252 1307 nos
2277 1266 2492 1326 pueros
2527 1247 2812 1309 nominat.
2849 1247 3011 1324 quod
3041 1248 3083 1308 ii
3113 1248 3226 1311 hac
3266 1258 3471 1309 mutua
3511 1244 3784 1325 appella-

2145 1336 2306 1399 tione
2335 1355 2468 1401 sese
2501 1337 2757 1399 invicem
2809 1337 3280 1418 alloquerentur,
3334 1336 3443 1399 sed
3495 1336 3636 1417 quia
3685 1332 3786 1395 ille

2142 1425 2295 1487 libro
2351 1445 2459 1488 suo
2521 1427 2852 1506 Poedagogi
2911 1425 3142 1487 titulum
3216 1427 3536 1490 indiderat.
3600 1424 3783 1487 Porro

414 1514 609 1596 phicis
645 1515 826 1578 rebus
874 1516 1151 1599 Dionysio
1200 1518 1529 1591 rudiorem,
1561 1539 1695 1583 eum
1730 1521 1790 1582 in
1824 1521 2059 1583 theolo-
2140 1528 2337 1577 autem
2373 1517 2479 1578 etsi
2512 1515 2833 1579 Christiani
2874 1534 3007 1578 sese
3055 1515 3310 1578 invicem
3364 1533 3580 1596 pueros
3612 1530 3787 1576 voca-

413 1605 556 1682 gicis
584 1605 867 1667 habuisse
895 1626 998 1687 pro
1028 1609 1311 1688 magistro
1335 1608 1365 1668 ?
1406 1608 1730 1687 Numquid,
1767 1612 1903 1691 quia
1934 1611 2054 1673 Au-
2137 1615 2297 1686 rent,
2332 1625 2451 1667 non
2487 1606 2527 1667 ii
2566 1615 2759 1669 tamen
2793 1605 2851 1666 in
2885 1605 3123 1687 scriptis
3172 1606 3296 1667 suis
3351 1607 3610 1687 aliquem
3638 1620 3785 1686 pro-

412 1694 684 1772 gustinus
714 1693 1162 1778 Hieronymum,
1218 1706 1393 1779 atque
1442 1699 1541 1761 alii
1594 1700 1859 1781 episcopi
1909 1701 2059 1762 alios
2086 1776 2114 1781 _
2142 1705 2321 1758 vectae
2350 1696 2543 1758 aetatis
2581 1698 2911 1777 hominem,
2946 1697 3221 1771 scientia,
3254 1695 3565 1776 dignitate,
3603 1697 3783 1758 virtu-

413 1783 730 1863 episcopos
761 1793 834 1847 de
864 1776 1049 1848 rebus
1082 1776 1456 1869 theolo'gicis,
1491 1789 1606 1870 vel,
1633 1776 1690 1851 si
1715 1776 1881 1865 vel-is,
1918 1791 2051 1870 phi-
2084 1776 2120 1826 ⁸
2145 1784 2301 1847 tibus
2331 1786 2658 1864 celebrem,
2694 1795 2752 1846 et
2783 1776 3125 1866 episcopatu
3148 1794 3412 1865 auctum,
3446 1803 3516 1846 eo
3539 1785 3785 1847 nomine

411 1871 767 1956 losophicis,
799 1877 1252 1951 consuluerunt,
1289 1878 1359 1940 iis
1391 1878 1692 1959 rudiores,
1728 1897 2060 1959 eorumque
2140 1874 2471 1956 appellasse
2502 1874 2667 1936 ullibi
2699 1875 2995 1954 leguntur.

412 1961 762 2042 discipulos,
797 1973 900 2026 aut
930 1966 1004 2027 ab
1038 1965 1157 2028 illis
1210 1967 1469 2029 ﬁliorum
1524 1968 1767 2030 nomine
1815 1980 2061 2033 vocatos

414 2052 600 2141 fuisse
632 2052 952 2116 dicendum
1003 2063 1141 2120 est?
1186 2058 1327 2120 Haec
1358 2064 1521 2118 certe
1555 2058 1753 2120 nullus
1796 2077 2059 2141 unquam

412 2140 578 2209 dixit,
615 2141 718 2202 sed
753 2160 860 2206 ncc
892 2147 1207 2207 somniavit
1240 2164 1529 2227 unquam.

498 2230 641 2303 Quis
669 2242 870 2295 autem
903 2235 1017 2297 sibi
1069 2237 1421 2318 persuadeat
1480 2239 1859 2302 Timotheum
1909 2239 2060 2301 adeo

416 2330 633 2383 natura
666 2322 851 2385 fuisse
878 2325 1148 2387 timidum
1174 2326 1722 2407 etpusillanimem,
1744 2329 1923 2390 utille
1940 2348 2032 2390 ma
2050 2363 2063 2376 -

414 2410 597 2488 gistro
630 2412 860 2473 virtutis
886 2422 944 2475 et
964 2417 1311 2476 constantia;
1337 2415 1684 2498 indiguerit,
1717 2437 1890 2497 quem
1919 2420 2063 2481 Pau-

419 2499 513 2562 lus
536 2499 826 2574 laborum,
847 2502 1154 2578 itinerum,
1180 2505 1604 2586 periculorum,
1633 2507 2061 2588 suppliciorum

419 2589 699 2651 comitem
732 2590 961 2665 habuit,
988 2612 1167 2669 quem
1194 2593 1408 2656 Paulus
1432 2596 1503 2656 ad
1536 2595 1680 2657 alios
1705 2597 2067 2658 conﬁrman-

416 2678 523 2740 dos
548 2678 728 2744 misit:
760 2683 1062 2754 Misimus,
1090 2683 1287 2764 inquit
1312 2685 1567 2764 ipsemet
1592 2685 1832 2767 Prulus,
1866 2688 2065 2749 Timeo

413 2769 613 2829 tlteum
644 2771 911 2847 fratrem
962 2779 1254 2849 uestrum,
1309 2781 1366 2836 et
1417 2775 1767 2837 ministrum
1825 2775 1942 2838 Det
1993 2779 2059 2838 in

413 2856 752 2936 Evangelia
785 2859 1035 2936 Christi,
1081 2864 1165 2923 ad
1214 2863 1666 2943 conﬁrmandos
1699 2883 1822 2946 vos,
1858 2875 1917 2927 et
1950 2883 2058 2928 ea:-

417 2947 748 3009 hortantlos
790 2967 907 3028 pro
937 2950 1057 3030 ﬁde
1089 2958 1308 3023 vestra,
1344 2958 1412 3014 ut
1440 2971 1607 3014 nemo
1639 2962 1900 3016 vestrum
1934 2973 2059 3018 mo-

2779 1972 3021 2037 CAPUT
3069 1974 3142 2036 Χ.

2143 2071 2572 2136 Examinatur
2612 2072 2951 2135 secundum
3000 2081 3462 2153 argumentum,
3504 2090 3582 2136 ea:
3612 2071 3788 2137 libris

2225 2163 2279 2215 et
2323 2155 2720 2234 scriptoribus
2750 2155 2948 2215 sacris
3004 2155 3111 2234 qui
3172 2153 3248 2216 ab
3303 2160 3547 2216 auctore
3574 2161 3786 2216 nostro

2224 2234 2500 2296 citantur
2528 2235 2938 2313 desumptum.

2222 2322 2349 2385 Jam
2383 2341 2520 2384 vero
2553 2325 2602 2384 si
2633 2342 2665 2384 a
2696 2323 2984 2385 librorum
3016 2321 3412 2402 inscriptione
3455 2322 3527 2384 ad
3573 2340 3780 2384 eorum

2145 2411 2460 2474 lectionem
2508 2422 2898 2486 transeamus,
2935 2419 3256 2474 occurrent
3301 2412 3519 2493 passim
3554 2413 3692 2474 libri
3724 2417 3785 2473 et

2146 2503 2469 2583 scrlptores
2491 2503 2565 2565 ab
2588 2511 2834 2565 auctore
2857 2510 3058 2563 nostro
3083 2501 3269 2573 citati,
3294 2501 3394 2582 qui
3419 2522 3553 2564 eum
3588 2507 3784 2564 Areo-

2146 2593 2397 2673 pagitam
2426 2612 2544 2654 non
2564 2611 2693 2655 esse
2711 2592 2851 2655 satis
2877 2599 3081 2672 aperte
3112 2591 3517 2654 demonstrare
3535 2592 3782 2653 videan-

2147 2690 2242 2744 tur
2292 2682 2396 2745 llle
2424 2684 2582 2745 enim
2607 2682 2909 2762 eumdem,
2937 2681 3040 2762 qui
3062 2699 3218 2742 nunc
3241 2681 3313 2741 ab
3333 2681 3613 2742 omnibus
3633 2680 3785 2743 reci-

2146 2774 2324 2853 pitur,
2355 2791 2472 2835 sact
2493 2793 2592 2833 um
2625 2772 2837 2833 divinae
2867 2772 3191 2851 Scriptura;
3222 2789 3510 2832 canonem
3544 2769 3788 2836 exhibet

2144 2870 2626 2939 etrepraasentat.
2659 2859 3047 2941 Atquicanon
3066 2858 3164 2919 ille
3184 2857 3617 2939 Scripturarum
3642 2857 3784 2918 Dio-

2146 2952 2293 3032 nysii
2329 2962 2597 3032 tempore
2630 2951 2892 3012 nondum
2930 2958 3058 3010 erat
3088 2949 3384 3028 perfectus
3407 2956 3465 3010 et
3497 2946 3786 3028 obsigna-

417 3044 638 3098 ventur
667 3040 731 3100 in
767 3022 1273 3102 tribulationibus
1297 3022 1374 3103 l5.
1400 3040 1635 3103 Siccine
1659 3061 1798 3119 ergo
1821 3043 1890 3104 ad
1915 3044 2119 3107 aliosC
2148 3022 2682 3123 tus.Apocalypsim
2707 3057 2983 3119 namque,
3010 3022 3329 3119 Epistulam
3358 3037 3518 3101 Pauli
3565 3022 3788 3099 adHe-

416 3127 482 3186 in
517 3126 1015 3191 tribulationibus
1046 3130 1498 3210 conﬁrmandos
1527 3140 1580 3193 et
1633 3132 2059 3211 exhortandus,

420 3212 744 3300 mittendus
759 3225 885 3278 erat
898 3218 1076 3279 homo
1093 3228 1317 3279 natura;
1333 3218 1551 3283 timidw
1569 3229 1624 3280 et
1641 3221 2065 3300 pusillanimis?

434 3297 445 3310 ’
496 3302 701 3366 Restat
730 3305 907 3384 igitur
929 3306 1355 3369 utTimotheus
1378 3308 1600 3371 idcirco
1622 3297 1772 3387 puer
1796 3311 2059 3387 dicatur,

421 3393 577 3472 quod
625 3395 905 3477 Dionysio
946 3405 1117 3459 aetate
1149 3396 1324 3459 fuerit
1349 3400 1577 3477 junior.
1625 3399 1695 3461 Et
1728 3399 1785 3461 id
1820 3400 2061 3480 quidem

416 3480 558 3544 inde
587 3485 927 3548 confirmari
962 3496 1175 3569 potest,
1230 3488 1367 3569 quia
1397 3488 1774 3570 Ambrosius,
1806 3491 1891 3552 uti
1922 3492 2061 3552 olim

415 3572 1317 3655 Observabamus,Constantium
1335 3578 1681 3658 episcopum
1704 3579 1804 3639 ﬁlii
1823 3586 2064 3641 nomine

414 3660 874 3740 appellaverit”.
890 3664 1260 3729 Commendo
1280 3668 1411 3740 tibi,
1419 3668 1537 3745 ﬁli,
1551 3666 2063 3748 Ecclesiam,quae

415 3752 614 3813 estad
646 3753 867 3815 Forum
901 3755 1189 3818 Cornelii.
1235 3758 1456 3817 Verum
1512 3754 1863 3818 Timotheus
1923 3766 2063 3820 ante

413 3839 1145 3921 Dionysiiconversionem
1174 3865 1291 3907 non
1317 3846 1509 3907 solum
1542 3846 1890 3909 Christianae
1914 3848 2060 3909 reli-

415 3929 573 4009 gioni
606 3949 825 3994 nomen
856 3934 1130 4014 dederat,
1164 3935 1268 3996 sed
1306 3936 1471 3997 Pauli
1500 3954 1739 4016 quoque
1779 3944 1840 3999 et
1885 3937 2064 4000 disci-

419 4020 591 4101 pulus
616 4030 1051 4088 eratetcomes.
1088 4024 1314 4086 Deinde
1345 4043 1479 4086 cum
1512 4025 2059 4108 Dionysiusscripta

421 4129 525 4172 sua
539 4110 944 4187 olusubraret,
961 4115 2054 4199 annum,utdiximus,nonagesimum,

2148 3129 2360 3205 brazos,
2379 3131 2701 3192 secundam
2727 3129 3001 3210 Joannis,
3020 3136 3073 3189 et
3098 3127 3264 3190 Judaa
3291 3126 3789 3208 Epistolam,quas

2148 3219 2246 3281 ille
2280 3221 2433 3282 hunc
2464 3219 2649 3281 refert
2698 3220 2756 3280 in
2801 3236 3121 3299 canonem,
3173 3218 3246 3278 ab
3302 3217 3513 3278 eodem
3548 3217 3791 3298 plurimi

2147 3308 2565 3373 excludebant.
2600 3309 2831 3372 Deinde
2861 3310 3120 3370 Joannes
3143 3308 3561 3388 Apocalypsim
3592 3325 3787 3382 suam,

2149 3420 2281 3463 cum
2328 3400 2389 3461 in
2422 3400 2616 3462 in5ula
2647 3403 2884 3462 Patmos
2915 3396 3234 3478 exsularet,
3268 3398 3325 3458 id
3355 3406 3444 3459 est
3484 3398 3647 3459 circa
3676 3415 3789 3458 an-

2151 3511 2288 3553 num
2323 3491 2545 3554 Christi
2588 3491 2665 3554 94
2702 3490 2785 3552 vel
2816 3490 2915 3559 95,
2965 3487 3173 3563 edidit,
3233 3486 3609 3566 Evangelium
3647 3505 3791 3548 vero

2147 3591 2278 3661 post
2298 3600 2498 3661 suum,
2518 3589 2581 3641 ut
2601 3580 2802 3659 plures
2821 3577 3212 3657 arbitrantur,
3247 3577 3318 3638 ab
3349 3577 3560 3638 eodem
3580 3575 3791 3638 exsilio

2146 3669 2433 3749 reditum,
2464 3670 2575 3730 hoc
2608 3677 2697 3729 est
2720 3687 2838 3729 non
2868 3675 3007 3729 ante
3031 3685 3249 3727 annum
3274 3667 3374 3747 98,
3411 3666 3633 3745 publici
3656 3665 3794 3737 fecit

2147 3760 2473 3838 essejuris.
2502 3757 2607 3820 His
2630 3757 2783 3819 adde
2816 3756 2998 3818 libros
3019 3756 3155 3818 illos
3185 3774 3217 3816 a
3250 3756 3529 3836 Dionysio
3571 3774 3694 3816 non
3726 3764 3792 3816 ut

2146 3866 2330 3910 novos
2355 3856 2752 3927 recenterque
2782 3846 2976 3908 editos
2998 3845 3192 3908 citari.
3218 3844 3389 3908 Unde
3421 3844 3793 3908 concludunt

2145 3957 2279 3999 eum
2313 3937 2403 3999 vix
2436 3944 2572 3999 ante
2599 3955 2817 3998 annum
2850 3935 3066 4000 Christi
3112 3938 3502 3997 centesimum
3552 3932 3792 4015 scriptis

2144 4028 2268 4088 suis
2301 4045 2538 4088 manum
2573 4026 2931 4088 admovisse.
2963 4028 3040 4087 At
3065 4033 3185 4087 tum
3218 4023 3534 4105 Dionysius
3565 4024 3664 4086 ille
3682 4041 3791 4086 an-

2145 4136 2285 4179 num
2308 4118 2493 4178 astatis
2524 4134 2645 4178 suae
2677 4114 3136 4194 nonagesimum
3170 4113 3403 4193 agebat,
3432 4113 3650 4195 quippe
3684 4113 3789 4194 qui

414 4199 507 4261 vel
550 4199 796 4263 forsitan
838 4204 1235 4266 centesimum
1306 4204 1518 4266 debuit
1574 4205 1889 4285 attingere.
1951 4204 3198 4287 necDChristopatieute,utsoliseclipsim
3224 4203 3790 4280 observaret,annos

414 4290 762 4354 Timotheus
798 4301 938 4355 tunc
968 4293 1347 4375 octogenario
1382 4294 1577 4357 minor
1607 4307 1761 4359 erat.
1818 4298 1931 4361 Fac
1967 4306 2059 4359 ta-

420 4398 555 4442 men
588 4400 721 4443 cum
764 4385 1316 4463 septuagenarium,
1360 4384 1450 4446 vel
1506 4384 1682 4446 etiam
1734 4404 2062 4465 sexagena-

417 4472 569 4532 rium
605 4474 1013 4535 tantummodo
1038 4473 1252 4549 fuisse,
1288 4474 1555 4555 nunquid
1595 4477 1915 4555 episc0pus
1948 4496 2060 4537 no-

420 4560 778 4639 uagenarius
806 4562 986 4623 alium
1017 4570 1131 4623 tam
1162 4572 1456 4643 provectzn
1473 4565 1660 4624 astatis
1685 4564 2061 4646 episcopum,

417 4648 519 4731 qui
545 4649 669 4730 jam
721 4658 860 4712 ante
910 4669 1046 4712 eum
1099 4649 1495 4714 Christianam
1550 4651 1898 4731 religionem
1931 4672 2064 4715 am-

422 4739 713 4819 plexatus,
747 4749 806 4802 et
836 4739 1063 4801 deinde
1093 4741 1257 4803 Pauli
1284 4739 1537 4822 apostoli
1560 4759 1767 4802 comes
1801 4743 2063 4805 etdisci-

419 4830 597 4908 pulus
631 4830 845 4903 fuerat,
885 4832 1124 4892 nomine
1170 4830 1276 4894 ﬁlii
1336 4831 1672 4911 appellasse
1724 4832 2064 4896 credendus

422 4918 558 4981 est?
590 4917 796 5000 Neque
828 4920 899 4982 ad
934 4919 989 4980 id
1024 4920 1144 4981 ullo
1171 4920 1344 4982 modo
1366 4919 1505 4981 facit
1539 4922 1834 4983 Ambrosii
1867 4941 2067 4985 exem-

420 5007 607 5088 plum,
644 5009 1131 5090 quandoquidem
1176 5011 1555 5073 Constantius
1606 5008 1762 5071 inter
1813 5011 2068 5074 clericos

417 5098 899 5162 Mediolanenses
930 5096 1040 5159 sub
1074 5099 1344 5178 ejusdem
1376 5097 1679 5161 Ambrosii
1723 5100 2062 5179 magisterio

2145 4296 2409 4373 quinque
2459 4314 2634 4376 supra
2679 4295 2881 4374 viginti
2931 4294 3267 4373 explevisse
3311 4293 3611 4355 credatur.
3648 4292 3792 4365 Quis

2145 4393 2344 4446 autem
2377 4385 2491 4446 sibi
2524 4385 2697 4447 facile
2732 4384 3088 4465 persuadeat
3109 4382 3302 4444 virum
3333 4382 3406 4444 ab
3439 4382 3797 4462 ineunteju-

2151 4483 2391 4536 ventute
2421 4474 2923 4554 eruditisstmum,
2959 4473 3037 4533 ad
3093 4472 3278 4534 libros
3326 4471 3800 4535 conscribendos

2152 4572 2292 4626 tunc
2324 4563 2591 4626 animum
2620 4564 2945 4645 appulisse,
2998 4581 3132 4624 cum
3181 4566 3311 4642 ipse
3363 4561 3800 4642 nonagenarius

2150 4663 2308 4716 esset
2333 4662 2390 4715 et
2422 4654 2591 4715 senio
2620 4653 2950 4714 confectus.

2230 4743 2348 4804 Sed
2374 4743 2467 4804 his
2492 4742 2821 4804 rationibus
2851 4741 3096 4803 minime
3119 4741 3194 4804 de
3217 4741 3519 4803 sententia
3542 4760 3648 4803 sua
3674 4759 3797 4803 mo-

2149 4841 2361 4894 ventur
2385 4832 2805 4913 Areopagitici.
2842 4833 2974 4894 Non
2999 4831 3160 4893 enim
3185 4828 3511 4893 difﬁtentur
3535 4831 3636 4891 diu
3665 4832 3800 4914 qui-

2149 4922 2285 4983 dem
2318 4922 2394 4984 de
2423 4922 2709 4983 librorum
2744 4921 3172 4984 canonicorum
3200 4939 3451 4982 numero
3475 4920 3658 4982 fuisse
3679 4920 3798 4981 dis-

2151 5020 2437 5094 putatum,
2474 5013 2575 5075 sed
2601 5013 2802 5093 negari
2823 5028 3197 5093 nequaquam
3227 5028 3402 5092 posse
3433 5011 3602 5072 aiunt
3623 5012 3793 5093 quin,

2149 5103 2304 5163 sicut
2336 5103 2606 5165 nonnulli
2626 5104 2912 5184 quosdam
2938 5100 3121 5163 libros
3155 5120 3223 5162 ex
3248 5119 3419 5163 sacro
3443 5118 3674 5163 canone
3698 5119 3789 5163 re-

418 5186 725 5268 educatus,
760 5206 895 5249 cum
929 5187 1000 5248 ad
1033 5205 1167 5248 eum
1218 5186 1459 5268 scripsit
1486 5186 1646 5248 idem
1677 5186 2061 5267 Ambrosius,
2141 5191 2456 5272 jiciebant,
2490 5192 2571 5253 ita
2602 5194 2778 5254 etiam
2811 5193 3054 5274 quidam
3088 5190 3188 5252 alii
3237 5208 3336 5253 eos
3370 5209 3576 5252 omnes
3608 5191 3711 5273 qui
3739 5194 3796 5252 in

417 5277 480 5339 in
511 5277 854 5358 episcopum
885 5294 1099 5338 recens
1129 5284 1466 5356 assumptus
1498 5275 1709 5338 fuerat.

502 5370 732 5432 Instant
760 5365 943 5449 aliqui
973 5364 1274 5430 Christum
1296 5364 1622 5447 discipulos
1649 5383 1789 5428 suos
1818 5385 2066 5431 vocasse

494 5557 547 5602 1³
579 5552 707 5621 Lib.
770 5551 853 5616 De
879 5552 1073 5616 divin.
1123 5551 1378 5631 nomin.,
1414 5567 1545 5631 can.
1609 5549 1706 5615 l3.

417 5638 474 5684 ιθ
497 5637 674 5705 Amb.
712 5636 887 5716 epist.
923 5632 982 5710 2,
1020 5651 1183 5696 novas
1214 5629 1373 5696 edit.
1404 5629 1457 5675 ιτ
1484 5632 1659 5696 Joan.
1691 5649 1813 5712 xu,
1850 5634 1909 5697 5.

2150 5282 2428 5344 eumdem
2449 5300 2740 5344 canonem
2760 5300 2917 5344 nunc
2933 5281 3338 5353 ascribuntur,
3360 5296 3465 5359 pro
3493 5280 3799 5342 canonicis

2149 5371 2459 5433 habendos
2489 5387 2622 5433 esse
2655 5371 3010 5452 putaverint.
3043 5371 3257 5450 Neque
3297 5369 3458 5430 enim
3503 5370 3799 5450 quoddam

1745 5554 1881 5640 et,
1928 5554 2061 5619 “Li

2200 5557 2284 5621 De
2312 5559 2511 5623 divin.
2544 5558 2808 5640 nomin.,
2840 5575 2976 5639 cap.
3013 5558 3113 5622 lt.
3173 5553 3228 5600 (⁸
3250 5555 3296 5622 Ι.
3332 5554 3604 5624 Thesea].
3638 5574 3701 5637 ιι,
3740 5561 3800 5628 3.
