4044 6152
201 317 276 384 ἳ9

211 456 542 542 aliquando
598 466 851 545 tempus
896 462 1080 528 fuisse
1121 462 1240 529 dici
1274 471 1468 547 potest
1515 483 1631 547 que
1676 482 1884 527 omnes
1907 470 1944 523 Α

219 569 348 614 cum
401 549 737 627 Ecclesiae,
804 563 924 616 tum
976 555 1290 618 Christiani
1353 555 1536 616 libros
1596 555 1884 632 quosdam

223 640 549 722 Scriptura;
581 643 645 704 in
681 663 855 706 sacro
911 663 1138 706 canone
1190 664 1308 706 non
1364 647 1706 706 censuerint
1756 663 1887 706 esse

229 732 664 794 numerandos.
703 733 857 805 Quid
884 753 1024 812 ergo
1049 734 1330 813 prohibet
1351 736 1670 814 quominus
1700 738 1887 797 Areo-

231 821 426 902 pagita
457 819 550 882 his
587 823 919 900 praebuerit
949 842 1282 895 assensum,
1317 825 1418 903 qui
1457 843 1623 884 sacro
1656 842 1887 886 canone

227 929 331 973 eos
362 928 574 971 omnes
607 910 823 992 libros,
851 913 956 989 qui
979 932 1134 975 nunc
1159 913 1558 992 assignantur,
1591 913 1886 978 contineri

223 1018 338 1082 pro
371 1007 534 1060 certo
561 1000 914 1062 habebant?

308 1088 478 1162 Quod
515 1090 588 1150 ad
622 1088 874 1152 Joannis
897 1091 1279 1170 Evangelium
1305 1092 1584 1174 pertinet,
1610 1093 1659 1154 si
1684 1092 1886 1172 plures

231 1197 266 1240 e
287 1179 664 1241 doctioribus
678 1181 907 1242 criticis
931 1181 1074 1242 illud
1101 1181 1173 1242 ab
1198 1182 1464 1261 apostolo
1488 1191 1615 1260 post
1631 1182 1888 1244 reditum

231 1287 408 1330 suum
433 1269 512 1330 ab
559 1271 770 1332 exsilio
810 1272 1094 1350 scriptum
1141 1270 1488 1350 opinantur,
1526 1291 1642 1333 non
1675 1272 1891 1334 desunt

1629 327 2219 394 PBOLEGOMENA.

3537 314 3613 385 30

1968 465 2120 528 stola
2152 464 2226 528 ab
2255 465 2408 547 ipso,
2437 482 2570 528 cum
2597 462 2669 528 ad
2704 461 3044 546 martyrium
3076 459 3424 534 duceretur,
3451 472 3609 547 anno

1971 555 2209 629 Christi,
2269 545 2328 618 ut
2384 574 2565 637 supra
2615 545 3006 627 ostendimus,
3047 552 3158 614 107
3198 558 3299 612 aut
3329 548 3467 621 108.
3504 545 3614 607 fuit

1971 656 2226 707 exarata.
2264 647 2450 709 Porro
2479 657 2679 708 artem
2708 663 2778 706 ea
2811 661 3003 723 neque
3031 649 3148 702 tam
3175 640 3292 702 cito
3315 640 3375 701 in
3403 653 3611 698 manus

1969 735 2230 816 Dionysii
2261 737 2464 796 venire
2498 735 2704 814 potuit,
2743 751 2938 812 neque
2971 731 3070 791 ille
3101 748 3230 791 eam
3266 738 3330 790 ut
3367 744 3608 816 novam,

1971 835 2029 886 et
2060 844 2094 886 a
2126 815 2325 906 paucis
2345 826 2665 905 cognitam,
2693 823 2796 886 sed
2827 833 2890 884 ut
2914 828 3210 900 receptam
3235 818 3307 880 ab
3331 815 3609 879 omnibus

1969 916 2133 995 citat,
2168 916 2466 997 verbaque
2496 916 2625 994 ejus
2669 912 3032 975 transcribit.
3083 910 3235 971 Hine
3285 926 3423 986 ergo
3456 923 3607 967 con-

1969 1004 2172 1066 cludas
2216 1024 2462 1067 necesse
2507 1013 2594 1066 est
2642 1002 2904 1082 Dionysii
2955 1001 3170 1062 librum
3240 1001 3322 1058 De
3379 997 3610 1057 divinis

1967 1097 2312 1157 nominibus
2343 1114 2461 1156 non
2493 1104 2628 1156 ante
2659 1111 2878 1156 annum
2933 1092 3047 1153 110
3095 1087 3377 1151 emissum
3431 1083 3611 1146 fuisse

1973 1185 2030 1245 in
2067 1185 2286 1247 lucem.

2031 1273 2412 1353 Respondent
2433 1275 2670 1356 quidam
2701 1271 3096 1352 Areopagitici
3123 1265 3464 1348 Dionysium
3482 1272 3614 1344 post

234 1360 416 1421 etiam
458 1360 561 1441 qui
607 1371 669 1421 et
700 1359 846 1421 illud
879 1371 1050 1422 antea
1081 1370 1389 1423 exaratum
1435 1379 1568 1423 95:6
1597 1371 1886 1424 asseraut.
1973 1363 2449 1444 Iguatiimortem
2470 1371 2644 1426 vitam
2673 1381 2837 1426 suam
2857 1357 3611 1440 produxisse;proindeque

231 1449 356 1512 Sed
389 1449 601 1530 quovis
634 1457 904 1530 tempore
935 1451 1218 1529 scriptum
1263 1469 1396 1511 esse
1444 1451 1696 1531 dicatur,
1747 1451 1892 1512 nihil
1975 1455 2259 1533 epistolas
2289 1456 2420 1535 ejus
2449 1456 2522 1517 ab
2554 1456 2654 1517 illo
2686 1457 2951 1536 potuisse
2985 1451 3234 1515 laudari.
3269 1449 3386 1513 Sed
3419 1449 3501 1510 illi
3536 1449 3611 1510 de

233 1547 417 1619 vetat,
455 1538 737 1620 inquiunt
785 1539 1210 1617 Areopagitici,
1264 1541 1583 1619 quominus
1615 1541 1760 1602 illud
1796 1542 1890 1621 ip-
1978 1544 2276 1606 soliditate
2311 1547 2488 1624 hujus
2515 1545 2945 1623 responsionis,
2973 1561 3148 1623 quam
3183 1559 3316 1602 cum
3345 1539 3618 1619 ejusdem

235 1646 404 1696 sum,
439 1637 624 1704 atque
666 1628 846 1690 etiam
899 1628 1169 1707 ejusdem
1213 1628 1458 1690 Joannis
1513 1630 1895 1712 Aj'ocalypsis
1980 1635 2241 1714 Dionysii
2267 1634 2326 1695 in
2351 1635 2574 1698 Gallias
2599 1635 2850 1696 adventu
2872 1631 3193 1696 conciliare
3211 1636 3618 1710 nonpossunt,

231 1716 424 1806 citari
449 1717 813 1806 potuerinta
847 1717 1150 1797 Dionysio,
1187 1717 1287 1797 qui
1323 1720 1672 1780 centenario
1705 1719 1894 1798 major
1979 1724 2218 1805 penitus
2267 1723 2624 1806 difﬁdentes,
2677 1725 2748 1785 ad
2791 1724 2964 1785 aliam
3005 1721 3204 1782 statim
3247 1718 3618 1798 confugiunt,

230 1806 346 1867 sub
383 1805 654 1884 Trajani,
689 1806 802 1882 vel,
826 1806 992 1886 juxta
1021 1806 1196 1878 alios,
1231 1806 1342 1868 sub
1365 1806 1610 1870 Adriani
1643 1809 1891 1890 imperio
1917 1831 1954 1881 Β
1977 1813 2261 1894 aiuntque
2283 1813 2622 1894 Dionysium
2650 1815 2870 1893 scripta
2892 1813 3078 1874 suain
3116 1809 3346 1873 Graecia
3373 1808 3619 1888 quidem

229 1896 414 1956 vitam
450 1914 588 1957 cum
624 1904 818 1957 morte
850 1895 1263 1958 commutavit.

311 1985 654 2046 Fatendum
689 1985 931 2066 quidem
967 1994 1056 2046 est
1085 1985 1238 2065 quod
1285 1985 1333 2046 si
1380 1987 1492 2048 hoc
1523 1985 1892 2068 Dionysianaa

228 2075 442 2135 mortis
485 2084 723 2154 tempus
753 2074 934 2136 certis
963 2075 1258 2136 rationum
1314 2077 1637 2138 momentis
1693 2089 1892 2157 posset

225 2165 611 2239 conﬁrmari,
640 2163 837 2224 omnis
857 2164 1060 2241 procul
1086 2162 1266 2226 dubio
1288 2165 1619 2227 solveretur
1641 2167 1891 2247 hujusce

225 2252 605 2314 difﬁcultatis
636 2252 854 2313 nodus.
890 2251 1005 2315 Sed
1031 2253 1403 2315 contendunt
1427 2255 1888 2335 Antiareopagi-

230 2342 330 2404 tici
347 2341 700 2422 Dionysium
729 2350 859 2420 post
884 2341 1205 2404 Domitiani
1229 2343 1604 2422 imperatoris
1621 2353 1890 2424 tempora

228 2432 412 2492 vitam
458 2450 580 2491 non
633 2431 1006 2510 produxisse.
1059 2429 1226 2503 Quod
1280 2433 1518 2512 quidem
1551 2434 1633 2494 ita
1661 2445 1887 2497 certum

228 2539 368 2583 esse
400 2521 634 2597 volunt,
691 2528 754 2581 ut
804 2539 922 2581 non
967 2521 1158 2582 solum
1215 2523 1611 2584 accuratioris
1669 2526 1888 2587 criterii

228 2619 534 2681 auctores,
571 2607 679 2671 sed
715 2627 924 2672 eorum
959 2616 1137 2674 etiam
1195 2611 1295 2692 qui
1348 2611 1566 2692 scripta
1612 2613 1888 2695 Dionysio

231 2700 619 2778 AreOpagita:
666 2699 990 2775 vindicant,
1025 2719 1144 2762 non
1196 2704 1369 2780 pauci
1430 2702 1567 2764 huic
1625 2706 1889 2783 Opinioni

231 2790 730 2870 subscripserint.
765 2789 1061 2852 therum
1085 2809 1218 2851 cum
1254 2799 1488 2870 tempus
1517 2794 1890 2874 Dionysianze

235 2880 449 2941 mortis
482 2898 582 2959 ea,
616 2898 747 2958 quae
777 2898 1015 2942 omnem
1071 2882 1234 2942 tollat
1282 2883 1709 2963 difﬁcultatem,
1763 2885 1889 2945 evi-

232 2969 438 3030 dentia
469 2970 873 3031 demonstrari
919 2979 1200 3050 nequeat,
1238 2989 1307 3032 eo
1341 2981 1505 3033 certe
1537 2982 1887 3050 argumento

233 3077 353 3120 non
384 3059 784 3120 revincentur
814 3077 1022 3121 omnes
1055 3061 1605 3141 Areopagiticorum
1639 3063 1846 3123 animi.

1975 1901 2260 1975 edidisse,
2295 1902 2400 1964 sed
2435 1922 2504 1964 ea
2534 1902 2912 1982 postmodum
2944 1901 3018 1962 ab
3050 1902 3178 1982 ipso
3211 1905 3268 1960 in
3321 1897 3507 1962 Gallis
3539 1899 3619 1958 ita

1974 1993 2284 2070 recognita
2301 1998 2478 2072 atque
2510 1998 2848 2071 retractata,
2875 2003 2941 2051 ut
2970 1990 3042 2051 iis
3071 2008 3140 2052 es
3164 1986 3408 2052 Joannis
3431 1988 3623 2049 Evan-

1974 2081 2131 2159 gelio
2155 2089 2214 2140 et
2239 2080 2588 2162 Apocalypsi
2619 2089 2798 2159 atque
2828 2099 2897 2142 ex
2933 2079 3138 2158 lgnatii
3171 2077 3419 2158 epistola
3453 2076 3622 2156 plura

1979 2169 2320 2230 testimonia
2343 2169 2661 2232 addiderit.
2693 2169 2908 2231 Verum
2942 2169 3001 2230 id
3026 2171 3206 2247 gratis
3233 2166 3477 2227 omnino
3499 2165 3620 2226 ﬁn-

1974 2260 2153 2338 gitur.
2183 2258 2326 2320 Nam
2353 2259 2402 2320 si
2435 2277 2615 2339 opera
2637 2259 2900 2340 Dionysii
2933 2258 3005 2320 ab
3033 2277 3104 2318 eo
3127 2258 3186 2318 in
3217 2255 3428 2320 Galliis
3457 2255 3613 2316 tuis-

1975 2359 2111 2408 sent
2139 2365 2370 2420 recusa,
2407 2348 2506 2409 ille
2539 2349 2742 2428 procul
2777 2347 2958 2408 dubio
2991 2347 3050 2408 in
3085 2345 3284 2426 populi
3324 2343 3417 2405 sui
3461 2342 3613 2404 alio-

1974 2456 2228 2518 rumque
2252 2437 2525 2499 solatium
2553 2446 2821 2499 curasset
2847 2455 2915 2498 ea
2945 2438 3007 2498 in
3041 2434 3302 2497 Latinam
3352 2433 3610 2510 linguam

1973 2529 2121 2588 verti
2155 2537 2212 2587 et
2244 2528 2559 2608 publicari,
2593 2534 2770 2608 atque
2803 2526 3038 2607 plurimi
3073 2522 3422 2588 eorumdem
3449 2520 3614 2602 Ope-

1973 2635 2104 2678 rum
2135 2617 2355 2678 inventi
2389 2618 2645 2679 fuissent
2676 2619 2734 2677 iu
2768 2617 2840 2676 iis
2872 2616 3218 2692 regionibus
3249 2621 3307 2673 et
3330 2610 3536 2673 Latina
3557 2618 3616 2671 et

1974 2707 2180 2767 Graeca
2216 2724 2396 2767 manu
2433 2706 2654 2767 exarati
2688 2705 2947 2767 codices.
2973 2703 3136 2768 Nulli
3161 2712 3358 2763 tamen
3387 2699 3470 2760 ibi
3502 2717 3614 2760 un-

1974 2814 2150 2876 quam
2184 2796 2404 2877 reperti
2437 2801 2580 2857 sunt
2605 2817 2617 2857 :
2640 2794 2742 2855 sed
2778 2795 3004 2874 priores
3030 2813 3098 2853 ex
3130 2791 3373 2854 Oriente
3403 2807 3615 2870 aspor-

1974 2884 2100 2963 tati,
2157 2887 2360 2949 Graace
2414 2884 2618 2966 scripti
2661 2891 2872 2959 erant;
2926 2902 3037 2944 nec
3086 2879 3355 2943 Latinam
3409 2897 3614 2940 eorum

1972 2975 2330 3047 versionem,
2354 2993 2420 3035 ea
2457 2994 2588 3055 quae
2617 2993 2650 3035 a
2679 2973 2909 3036 Joanne
2939 2971 3117 3034 Scoto
3142 2969 3302 3032 edita
3334 2974 3443 3039 est,
3471 2967 3618 3029 anti-

1973 3062 2248 3141 quiorem
2285 3063 2598 3126 habemus.
2637 3061 2872 3124 Deinde
2899 3060 3096 3122 nullus
3131 3075 3392 3138 unquam
3423 3055 3620 3136 Opera

310 3150 701 3228 Quapropter
723 3166 832 3209 nec
862 3149 1017 3230 apud
1053 3167 1154 3211 eos
1187 3153 1318 3231 plus
1344 3151 1563 3213 valebit
1594 3161 1650 3213 et
1679 3153 1792 3214 alia
1815 3153 1952 3245 si.C
1977 3169 2081 3211 sua
2112 3159 2434 3226 recensuit,
2489 3171 2558 3214 ac
2612 3153 2670 3213 in
2724 3169 2929 3213 eorum
2987 3147 3408 3245 recognitione
3437 3145 3620 3245 .plura

232 3237 394 3297 milis
432 3244 898 3316 argumentatio,
935 3238 1076 3299 inde
1109 3241 1288 3318 petita
1319 3243 1475 3320 quod
1512 3247 1569 3301 in
1595 3241 1886 3303 bbrorum
1916 3235 1952 3245 ’
1976 3241 2195 3320 adjecit
2250 3260 2415 3316 nova,
2471 3242 2612 3322 quin
2667 3242 2742 3302 de
2800 3241 2894 3302 his
2943 3241 3196 3301 lectores
3233 3235 3450 3298 alicubi
3483 3254 3616 3296 mo-

232 3328 786 3406 manuscriptorum
811 3329 1079 3389 omnium
1107 3329 1294 3391 titulis
1314 3341 1520 3392 auctor
1544 3337 1894 3409 nosterepi-
1976 3333 2362 3392 nueritsuos.
2405 3330 2628 3394 Nullibi
2672 3337 2872 3393 tamen
2926 3329 3080 3409 apud
3134 3336 3436 3388 auctorem
3475 3344 3619 3385 nos-

230 3435 453 3496 scopus
478 3416 1274 3481 Atheniensisinscribatur.
1303 3421 1512 3500 Neque
1541 3421 1698 3481 enim
1733 3421 1893 3482 ullus
1979 3428 2132 3479 trum
2189 3430 2422 3482 exstant
2478 3420 2732 3498 hujusce
2783 3416 3215 3480 admonitionis
3256 3414 3498 3492 vestigia
3529 3413 3618 3475 vel

231 3515 398 3568 certa
422 3506 675 3568 omnino
703 3524 772 3568 ac
792 3506 967 3586 plane
989 3508 1245 3568 evidenti
1269 3509 1618 3587 probatione
1642 3509 1893 3572 demon-
1979 3519 2158 3572 notas.

231 3599 448 3657 stravit
484 3595 754 3674 quandiu
795 3595 1109 3676 Dionysius
1158 3597 1582 3659 Atheniensem
1641 3600 1896 3661 tenuerit
2062 3597 2168 3660 liis
2198 3598 2379 3674 igitur
2407 3597 2901 3678 responsionibus
2923 3596 2996 3657 ab
3025 3595 3159 3656 aliis
3189 3591 3620 3674 Areopagitica:

235 3687 681 3764 episcopatum,
700 3694 796 3746 aut
812 3704 930 3761 quo
947 3695 1216 3764 tempore
1239 3687 1364 3747 sive
1389 3689 1895 3766 spontaneaahdi-
1979 3690 2277 3769 Opinionis
2299 3688 2628 3749 fautoribus
2650 3687 2738 3748 vel
2762 3685 2978 3766 spretis
2997 3685 3090 3745 Vel
3115 3682 3618 3757 omissis,‘audac-

237 3776 480 3837 catione
504 3779 631 3835 sive
656 3783 849 3836 morte
873 3793 979 3835 sua
1010 3776 1172 3835 illum
1198 3777 1432 3838 tandem
1451 3777 1895 3854 reliquerit.ln-
1980 3788 2069 3838 ter
2098 3779 2392 3839 afﬁrmant
2439 3779 2610 3839 citata
2666 3775 2978 3853 Ignatianae
3025 3775 3292 3853 epistolae
3325 3770 3502 3834 verba
3543 3769 3618 3832 ab

237 3875 470 3926 certum
490 3864 674 3940 igitur
697 3864 1126 3944 AreOpagiticis
1151 3865 1450 3926 videbitur
1479 3885 1622 3926 num
1660 3867 1891 3948 Dyony-
1976 3868 2174 3948 aliquo
2207 3868 2502 3928 insciente
2548 3877 2606 3927 et
2651 3885 2852 3928 rerum
2887 3866 3089 3945 ignaro
3118 3862 3531 3942 imprudenter
3559 3870 3619 3923 et

237 3956 360 4014 sius
397 3968 537 4034 post
569 3954 761 4016 editos
782 3957 1058 4016 aJoanne
1085 3955 1471 4035 Apocalypsis
1503 3964 1560 4016 et
1589 3959 1892 4036 Evangelii
1976 3957 2181 4036 inepte
2212 3957 2269 4016 in
2324 3956 2584 4037 Dionysii
2635 3957 2862 4016 intrusa
2907 3964 3149 4016 textum.
3185 3950 3255 4011 Et
3283 3953 3340 4012 id
3377 3950 3616 4031 quidem

238 4043 425 4104 libros
451 4043 812 4105 Atheniensi
846 4045 1216 4122 episcopatui
1239 4045 1512 4104 nuntium
1555 4065 1670 4108 non
1704 4053 1890 4108 remi-
1977 4046 2244 4125 pluribus
2265 4047 2584 4106 momentis
2604 4044 3000 4106 demonstrari
3027 4060 3199 4120 posse
3229 4041 3617 4102 arbitrantur.

238 4133 410 4195 serit.
467 4135 610 4196 Haec
653 4140 850 4214 itaque
883 4133 1295 4213 probationum
1333 4136 1704 4196 firmamenta
1736 4137 1890 4216 apud
1975 4135 2420 4214 Primum,quia
2446 4136 2592 4197 nihil
2616 4137 2686 4196 ad
2717 4134 2969 4213 Dionysii
2995 4142 3417 4211 argumentum
3445 4129 3620 4190 facie-

242 4239 345 4282 eos
377 4231 611 4283 tantum
648 4223 758 4281 viui
793 4221 1126 4301 habebunt,
1151 4228 1274 4302 qui,
1303 4223 1412 4283 soli
1439 4227 1673 4285 veritati
1707 4225 1890 4285 litan-
1977 4225 2075 4286 bat
2109 4226 2346 4305 praefata
2378 4226 2583 4304 lgnatii
2636 4225 2974 4286 auctoritas.
3033 4222 3349 4299 Dionysius
3394 4219 3616 4280 etenim

235 4321 353 4381 tes.
390 4309 1593 4391 illasDionysianaehistorizedifficultates,
1612 4313 1894 4394 sepositis
1977 4315 2056 4374 ibi
2091 4314 2298 4394 probat
2321 4335 2525 4376 vocem
2551 4315 2922 4394 Epwgomor,
2943 4311 3098 4392 apud
3123 4329 3324 4373 sacros
3345 4317 3620 4370 auctores

237 4401 497 4483 partium
523 4401 760 4479 studiis,
785 4399 1046 4462 enodare
1067 4401 1467 4463 conabuntur.
1923 4482 1928 4483 ν
1977 4403 2039 4464 in
2074 4402 2289 4464 bonam
2328 4413 2550 4481 partem
2585 4401 2799 4482 accipi.
2836 4401 3009 4480 Atqui
3033 4399 3238 4462 eadem
3275 4417 3384 4460 vox
3419 4399 3478 4459 in
3511 4398 3621 4458 hac

880 4498 1126 4562 CAPUT
1171 4498 1271 4562 Xl.
1915 4482 1952 4535 θ
1977 4491 2104 4571 ipsa
2140 4493 2340 4569 Ignatii
2375 4491 2625 4572 epistola
2650 4509 2755 4572 pro
2788 4488 3270 4570 concupiscentia
3291 4504 3619 4562 amoreque

246 4589 514 4652 Tertium
550 4597 1003 4667 argumentum,
1040 4608 1116 4651 ea:
1169 4595 1353 4652 citata
1399 4591 1594 4652 sancti
1638 4593 1889 4671 Ignatt‘i,
1980 4581 2248 4642 terrestri
2285 4591 2618 4671 usurpatur.
2657 4580 2952 4650 Secundo,
3005 4579 3145 4671 quia
3197 4577 3620 4671 haepericope

380 4666 648 4749 episcopi
679 4671 1063 4747 Antias/teni,
1098 4673 1460 4732 auctoritate
1487 4666 1765 4750 petitum.
1875 4666 1884 4671 ⁷
1979 4679 2037 4730 et
2069 4670 2359 4731 sententia
2394 4669 2597 4748 lgnatii
2628 4671 2890 4748 dempta,
2948 4668 3162 4728 melius
3212 4667 3327 4726 sibi
3359 4666 3622 4726 cohairet

315 4760 736 4823 Graviussane
753 4759 1888 4839 contraAreopagitaedefensoreserui-
1978 4759 2246 4839 Dionysii
2278 4761 2487 4822 oratio.
2523 4758 2744 4831 Tertio,
2782 4757 3188 4820 testimonium
3235 4755 3375 4815 illud
3413 4753 3622 4831 lgnatii

239 4861 332 4911 tur
353 4860 778 4929 argumentum
801 4869 866 4910 ex
885 4849 1132 4928 epistola
1156 4848 1385 4927 lgnatii,
1407 4852 1892 4931 episcopiAutio-
1975 4849 2134 4909 inter
2167 4849 2361 4910 media
2391 4867 2579 4910 sacra:
2621 4848 2944 4926 Scriptura:
2974 4845 3312 4906 testimonia
3363 4844 3622 4904 absurde

240 4940 440 5012 cheni,
478 4938 553 4998 ad
592 4939 913 5009 Romanos,
953 4957 1129 5018 quam
1163 4946 1370 4998 auctor
1415 4947 1622 5000 uester
1670 4939 1728 5000 in
1767 4942 1891 5004 haec
1978 4939 2219 4999 omnino
2254 4939 2598 4999 collocatur.
2634 4940 2808 5000 Certe
2843 4935 3192 5016 prudentior
3224 4932 3541 5013 Dionysius
3565 4941 3624 4992 et

239 5030 417 5090 verba
450 5027 674 5089 citasse
707 5027 1055 5107 perhibetur
1101 5032 1156 5078 18
1197 5045 1210 5090 :
1264 5029 1452 5106 Γράφει
1500 5027 1553 5084 δέ
1580 5031 1665 5084 καὶ
1698 5033 1726 5085 ὸ
1753 5033 1886 5095 Gaio:

1977 5038 2110 5108 post
2141 5028 2340 5090 omnia
2386 5029 2597 5089 divinas
2645 5027 2966 5106 Scriptura;
3025 5023 3388 5098 testimonia,
3439 5035 3622 5103 atque

239 5118 519 5195 Ἰγνάτιος·
563 5137 593 5175 ι
625 5117 819 5192 Ὀἐμὸς
853 5117 980 5196 ἔρως
1003 5119 1353 5189 ἐσταύρωται.
1383 5144 1410 5172 υ
1439 5116 1663 5180 Scribit
1685 5127 1886 5181 autem

1974 5119 2150 5179 etiam
2183 5129 2312 5198 post
2342 5118 2544 5179 allatas
2569 5137 2602 5177 a
2634 5135 2698 5177 se
2731 5117 2950 5176 ibidem
2998 5113 3310 5176 Hierothei
3347 5111 3617 5190 magistri

239 5214 289 5268 et
317 5209 502 5269 divus
537 5205 814 5283 lgnattus
851 5227 863 5268 :
903 5231 931 5261 ι
959 5211 1148 5268 Amor
1174 5224 1340 5268 meus
1361 5206 1693 5284 cruciﬁxus
1718 5216 1824 5270 est.
1855 5232 1882 5263 no
1971 5208 2063 5268 sui
2089 5209 2472 5269 auctoritates
2501 5209 2553 5266 ei
2583 5207 2775 5268 locum
2802 5205 3091 5266 dedisset.
3123 5203 3389 5282 Denique
3415 5202 3618 5282 perio-

240 5294 339 5356 llis
357 5304 562 5356 autem
599 5295 801 5357 verbis
833 5295 1108 5356 laudatur
1154 5295 1376 5374 aliquid
1405 5294 1479 5355 ab
1514 5295 1736 5373 lgnatio
1771 5315 1887 5358 non
1969 5296 2080 5358 dus
2104 5299 2397 5378 quaehanc
2422 5295 2636 5374 Ignatii
2662 5295 3017 5358 sententiam
3043 5291 3612 5366 antecedit,falsita-

245 5385 491 5464 dictum,
550 5385 658 5445 sed
711 5385 998 5462 scriptum
1042 5405 1058 5458 ;
1112 5385 1266 5464 quod
1303 5383 1538 5463 nullibi,
1576 5385 1687 5445 nisi
1725 5384 1785 5446 iu
1819 5404 1890 5448 ea
1973 5395 2088 5448 tem
2117 5387 2381 5448 continet
2407 5386 2868 5467 putidissimam,
2894 5390 3360 5444 etauctoretam
3387 5381 3620 5441 erudito

247 5492 411 5554 quam
426 5473 955 5554 citamusepistola
973 5474 1244 5535 invenire
1265 5484 1378 5536 est.
1405 5472 1593 5550 Atqui
1615 5476 1743 5537 haec
1765 5477 1889 5556 epi—
1974 5491 2220 5556 prorsus
2243 5476 2575 5556 indignam.
2601 5475 2736 5537 Haec
2760 5483 2955 5536 autem
2983 5471 3270 5552 periodus
3301 5471 3395 5532 his
3421 5469 3619 5530 verbis

319 5659 368 5704 '3
390 5661 522 5728 Lib.
564 5661 655 5725 De
693 5661 903 5724 divin.
941 5665 1203 5738 norum,
1236 5679 1365 5744 cap.
1399 5662 1460 5739 4,
1497 5667 1526 5741 ἕ
1576 5663 1674 5728 12.
