4044 6152
417 237 488 356 31
1570 293 1632 358 S.
1680 291 2090 357 DIONYSIUS
2124 289 2630 376 AREOPAGITA.
3709 281 3784 347 32

413 424 747 508 concipitur
779 446 793 488 :
853 426 1052 490 Visum
1079 432 1165 490 est
1195 427 1553 510 quibusdam
1587 429 1818 493 nostris
1845 444 2060 491 sacra-
2082 423 2292 488 Moris
2321 425 2507 488 nostri
2539 421 2842 505 operibus,
2869 421 2992 486 dici
3021 420 3310 485 deberent
3338 425 3554 510 assuta,
3581 419 3775 510 iisque

404 534 547 580 rum
575 517 1046 595 Scripturarum
1081 509 1528 582 ti'ac’taloribus
1560 538 1788 582 nomen
1837 519 2058 596 ἔρωτος,
2145 516 2346 591 insita,
2403 523 2465 577 ut
2512 516 2640 578 haec
2671 513 2962 596 objecisse
2990 513 3430 594 Areopagiticos
3459 509 3783 592 aliquando

405 609 666 685 amoris,
688 608 964 670 divinius
990 625 1145 689 esse,
1165 625 1348 687 quam
1370 627 1583 671 nomen
1603 611 1842 687 ἀγάπης,
1868 609 2059 671 dilec-

408 698 608 760 tionis.
641 697 715 759 At
752 697 888 778 hoc,
919 696 1215 777 inquiunt,
1260 697 1652 760 falsissimum
1687 706 1804 760 est.
1832 697 1978 759 Nam
2012 697 2060 759 si

412 803 628 848 nomen
651 788 903 855 amoris,
923 787 1141 868 ἔρωτος,
1164 787 1425 849 divinius
1439 797 1794 869 essetquam
1820 806 2056 849 nomem

408 874 770 946 dilectionis,
796 876 1036 956 ἀγάπης,
1073 877 1394 958 scriptores
1425 878 1577 938 sacri
1611 896 1682 938 eo
1717 875 1924 956 procul
1949 877 2059 937 du-

403 965 505 1026 bio
534 965 905 1046 frequentius
935 973 1264 1028 uterentur.
1295 968 1474 1047 Atqui
1509 985 1618 1027 vox
1650 967 1782 1045 ἕρως
1804 967 1864 1027 in
1891 965 2052 1027 Novo

403 1053 804 1130 Testamento,
860 1055 960 1116 ubi
1016 1073 1120 1117 vox
1171 1059 1356 1134 ἀγάπη
1393 1058 1526 1136 plus
1553 1074 1729 1137 quam
1765 1057 2048 1134 nonagies

405 1150 685 1221 occurrit,
719 1162 829 1206 nec
861 1145 1045 1206 semel
1081 1145 1317 1225 quidem
1353 1146 1658 1227 reperitur
1695 1164 1711 1221 ;
1755 1145 1814 1206 in
1850 1144 2048 1207 Veteri

405 1240 602 1294 autem
633 1232 977 1298 creberrine
1033 1235 1192 1311 legas
1247 1253 1450 1297 vocem
1508 1237 1752 1314 ἀγάπης,
1787 1235 1879 1296 bis
1909 1253 2047 1296 vero

405 1323 813 1384 tantummodo
859 1343 966 1385 vox
1029 1324 1183 1404 ἔρως,
1246 1325 1306 1385 in
1360 1324 1821 1387 I’roverbiorum
1857 1324 2048 1404 libris,

404 1410 475 1472 ad
509 1429 772 1473 amorem
822 1413 1122 1493 impurum
1159 1420 1218 1475 et
1249 1414 1562 1494 profanum
1593 1414 2048 1492 signiﬁcandum

405 1499 900 1564 adhibetur-1920.
933 1500 1105 1566 Unde
1129 1503 1496 1566 concludunt
1523 1511 1581 1566 et
1616 1505 1874 1585 phrasim
1909 1522 2053 1584 prai-

408 1593 606 1664 fatam,
659 1603 839 1674 atque
889 1597 1075 1677 ipsam
1118 1595 1324 1674 lgnatii
1379 1597 1774 1677 sententiam,
1809 1596 1869 1658 in
1901 1597 2049 1659 Dio-

410 1683 557 1762 nysii
589 1683 770 1747 libros
800 1686 980 1748 fuisse
1010 1704 1041 1747 a
1073 1686 1331 1768 quodam
1378 1687 1532 1748 malo
1570 1687 1777 1749 feriato
1809 1687 2051 1749 homine

407 1772 690 1837 intrusas.

490 1862 604 1927 Sed
641 1865 794 1927 hanc
826 1865 1377 1946 Areopagiticorum
1403 1867 1778 1950 opinionem,
1809 1868 2058 1950 ejusque

413 1954 808 2037 ﬁrmamenta,
831 1954 972 2017 inde
1001 1957 1708 2029 convelluntadvcrsarii,
1742 1962 1904 2036 quod
1933 1960 2061 2020 nul-

409 2043 502 2106 lus
534 2063 790 2124 unquam
835 2045 1106 2107 inventus
1139 2046 1216 2108 sit
1258 2047 1447 2109 codex
1481 2065 1658 2109 manu
1691 2057 1965 2110 exaratus
1997 2049 2057 2110 in

410 2153 525 2216 quo
557 2133 656 2195 illa
687 2133 895 2213 lgnatii
924 2136 1100 2198 verba
1126 2135 1186 2196 in
1226 2144 1385 2199 textu
1434 2136 1801 2218 Dionysiano
1846 2142 2054 2201 eadem

412 2241 590 2286 manu
616 2243 684 2286 ac
713 2233 926 2288 caetera
957 2225 1155 2287 omnia
1190 2225 1488 2306 descripta
1515 2246 1634 2288 non
1661 2227 1931 2305 reperire
1957 2231 2053 2290 sit.

410 2313 562 2387 Quid
608 2315 820 2395 quod?
875 2315 947 2376 ab
1003 2325 1248 2377 auctore
1301 2316 1523 2396 prologi
1572 2316 1960 2378 Homiliarnm
1997 2317 2057 2379 in

411 2404 678 2480 Cantica,
711 2424 887 2486 quem
921 2407 1322 2486 Areopagitici
1351 2405 1670 2485 Origenem
1705 2426 1838 2469 esse
1868 2408 2057 2468 faten-

410 2504 528 2576 tur,
563 2495 688 2556 haec
734 2494 942 2556 eadem
995 2497 1174 2558 verba
1207 2515 1312 2577 pro
1371 2515 1508 2559 vere
1565 2497 1961 2578 Dionysianis,
1997 2507 2060 2559 et

411 2583 622 2647 eodem
657 2592 832 2664 atque
862 2585 935 2646 ab
966 2594 1208 2648 auctore
1243 2595 1444 2648 nostro
1479 2604 1657 2648 sensu
1703 2589 1880 2648 citata
1907 2587 2059 2666 legi-

413 2692 565 2736 mus.
599 2672 757 2736 Nihil
790 2692 929 2754 ergo
961 2675 1248 2755 Origenes
1279 2677 1338 2737 in
1370 2675 1442 2737 iis
1486 2675 1712 2736 invenit
1747 2676 1905 2756 quod
1941 2695 2058 2738 non

413 2773 570 2827 esset
599 2765 828 2826 veritati
859 2784 1214 2842 consonum,
1248 2773 1413 2826 recto
1464 2765 1674 2825 ordine
1729 2764 2056 2846 digestum,

414 2861 474 2916 et
519 2852 593 2915 ad
653 2873 723 2916 ea
779 2873 913 2934 quae
972 2853 1285 2935 Dionysius
1347 2853 1693 2916 intendebat
1753 2853 2061 2935 probanda

411 2951 614 3025 aptum
647 2943 892 3005 omnino
922 2952 980 3006 et
1009 2944 1400 3007 conveniens.

497 3034 683 3096 Porro
713 3043 910 3095 autem
964 3052 1034 3095 ex
1077 3034 1188 3094 hoc
1218 3031 1496 3113 Origenis
1527 3052 1631 3096 seu
1664 3033 1922 3095 auctoris
1955 3033 2062 3094 ha-

2146 606 2481 687 paeniteret.

2202 697 2300 776 At,
2318 695 2612 776 inquinnt,
2637 695 2952 776 Dionysius
2977 715 3091 756 non
3121 700 3352 773 poterat
3379 689 3790 753 testimonium

2147 786 2355 864 Ignatii
2381 785 2513 848 allis
2553 804 2736 847 sacrae
2766 791 3083 866 Scriptum
3117 781 3479 845 testimoniie
3526 780 3792 842 medium

2139 875 2504 956 interjicere;
2533 876 2640 937 sed
2674 875 2818 938 illud
2843 894 2974 948 suo,
3000 875 3059 937 id
3091 881 3180 936 est
3230 872 3466 951 ultimo,
3502 869 3799 950 posuisset

2137 967 2287 1028 loco.
2316 964 2437 1028 Nec
2472 967 2716 1045 majoris
2749 965 3031 1046 ponderis
3062 972 3154 1026 est
3185 963 3298 1025 ista
3325 959 3791 1041 argumentatio.

2137 1056 2281 1128 Quis
2311 1056 2469 1116 enim
2500 1053 2822 1135 scriptores
2849 1053 2938 1114 bis
2965 1055 3346 1116 citandorum
3375 1051 3673 1112 librorum
3701 1050 3793 1111 le-

2132 1144 2303 1224 gibus
2336 1145 2414 1206 ita
2446 1145 2633 1206 teneri
2684 1143 2906 1216 credat,
2961 1154 3024 1205 ut
3069 1143 3142 1204 ab
3191 1143 3263 1202 iis
3312 1161 3425 1202 non
3464 1139 3637 1201 liceat
3671 1158 3791 1200 un-

2133 1253 2306 1315 quam
2335 1243 2736 1296 lransversum
2773 1252 3029 1313 unguem
3057 1230 3549 1294 discedere?Hzec
3563 1229 3789 1310 quippe

2134 1325 2213 1386 ita
2243 1325 2292 1386 si
2325 1342 2388 1388 se
2409 1325 2904 1404 haberent,quot,
2929 1323 3085 1384 bone
3121 1323 3278 1384 Deus
3307 1322 3320 1384 ε
3357 1327 3640 1384 occurent
3665 1328 3790 1380 tes-

2137 1415 2378 1475 timonia
2400 1422 2660 1475 veterum
2692 1414 2751 1474 in
2787 1411 2962 1474 variis
2989 1411 3392 1492 posteriorum
3421 1409 3790 1489 scriptorum

2135 1504 2306 1566 libris
2336 1503 2408 1565 ab
2443 1503 2841 1566 inscientibus
2891 1515 2948 1564 et
2981 1503 3206 1581 ignaris
3243 1501 3658 1579 imprudenter
3690 1498 3791 1558 in-

2137 1602 2320 1674 trusa,
2355 1601 2413 1654 et
2439 1611 2510 1655 ex
2543 1595 2612 1656 iis
2651 1593 2944 1672 deinceps
2992 1592 3283 1653 delenda!
3335 1591 3492 1662 Quot
3537 1597 3794 1667 namque

2135 1684 2459 1764 scriptores
2509 1684 2582 1745 de
2613 1701 2723 1756 ea,
2771 1701 2904 1762 quae
2945 1700 3104 1742 nunc
3139 1681 3539 1749 desideratur,
3575 1675 3798 1738 citandi

2079 1799 2118 1850 Β
2144 1773 2424 1836 methodo
2455 1792 2530 1835 ne
2561 1771 3242 1851 cogitaveruntquidem
3268 1773 3292 1831 ?
3323 1769 3476 1841 Quot
3501 1769 3562 1828 in
3587 1784 3796 1827 eorum

2144 1863 2444 1945 Operibus
2469 1864 2762 1945 permista
2788 1861 3056 1942 reperies
3082 1860 3409 1941 Scriptura:
3434 1857 3799 1936 Patrumque

2143 1963 2543 2042 antiquiorum
2578 1959 2975 2023 testimonia?

2225 2051 2430 2133 Neque
2449 2062 2575 2114 erat
2596 2071 2740 2113 sane
2760 2053 2913 2132 quod
2934 2049 3308 2112 fastidiosius
3330 2047 3669 2126 objicerent
3690 2062 3789 2126 pe-

2142 2143 2402 2221 riodum,
2457 2160 2589 2222 quae
2635 2142 2769 2203 huic
2804 2141 3012 2219 lgnatii
3046 2137 3362 2203 sententia:
3394 2134 3789 2216 praeponitur,

2140 2232 2456 2293 falsitatem
2487 2233 2794 2293 continere
2828 2231 3293 2311 putidissimam.
3317 2226 3542 2287 Etenim
3575 2243 3646 2286 eo
3671 2243 3792 2306 quo

2145 2321 2504 2383 enuntiatur
2525 2321 2727 2400 modo,
2761 2322 2906 2382 nihil
2940 2321 3000 2382 in
3032 2339 3101 2381 ea
3131 2318 3244 2378 nisi
3277 2315 3648 2377 verissimum
3677 2312 3794 2374 de—

2150 2410 2569 2494 prehenditur.
2602 2410 2742 2473 Haec
2771 2412 2992 2491 quippe
3023 2406 3324 2489 ipsissima
3346 2413 3594 2494 sunt,ut
3627 2420 3796 2482 supe-

2143 2493 2269 2563 rius
2303 2502 2524 2562 dictum
2557 2508 2668 2581 est,
2697 2501 2956 2562 auctoris
2987 2499 3168 2560 nostri
3201 2495 3380 2557 verba
3416 2516 3429 2555 :
3474 2493 3676 2556 Visum
3707 2499 3794 2554 est

2143 2590 2502 2671 quibusdam
2529 2593 2754 2652 nostris
2774 2607 3090 2653 sacrarum
3126 2588 3592 2666 Scripturarum
3617 2591 3791 2644 trac-

2145 2681 2440 2743 totoribus
2465 2697 2684 2741 nomen
2707 2679 2930 2740 amoris
2960 2679 3234 2740 divinius
3278 2693 3400 2737 esse
3442 2690 3622 2752 quam
3651 2690 3730 2734 no
3747 2704 3780 2718 -

2145 2787 2285 2830 men
2319 2768 2686 2830 dilectionis.
2724 2768 3098 2842 Quibusdam
3132 2765 3299 2844 dixit,
3329 2781 3446 2825 non
3491 2760 3793 2823 omnibus.

2147 2861 2228 2921 At
2264 2859 2637 2937 quibusdam
2670 2858 2726 2918 id
2761 2858 2842 2918 ita
2871 2858 3054 2917 visum
3087 2855 3271 2916 fuisse
3304 2863 3418 2914 tam
3451 2859 3800 2913 constanter

2149 2947 2415 3028 putabat,
2454 2956 2514 3007 ut
2548 2948 2876 3027 scriptores
2905 2955 2963 3007 et
2993 2946 3232 3024 scripta,
3269 2944 3367 3004 ubi
3407 2942 3466 3002 id
3514 2941 3794 3002 traditum

2150 3047 2261 3109 est,
2301 3037 2405 3098 ille
2437 3037 2723 3097 continuo
2755 3036 3129 3097 indicaverit.
3190 3033 3260 3095 Et
3299 3042 3460 3094 certe
3514 3031 3613 3109 qui
3670 3031 3797 3092 haec

417 3138 548 3200 rum
583 3119 969 3184 Homiliarum
1010 3121 1348 3184 testimonio
1370 3121 1488 3184 ruit
1512 3123 1765 3203 primum
1799 3123 2064 3202 Areopa-
2090 3129 2129 3180 C
2157 3125 2476 3206 objiciunt,
2510 3135 2568 3188 et
2597 3126 2708 3207 ipsi
2739 3126 2996 3187 fatentur
3045 3123 3191 3186 illud
3225 3141 3442 3184 nomen
3476 3120 3706 3183 amoris
3735 3120 3795 3179 in

417 3211 728 3291 giticorutn
762 3222 1157 3273 momentum.
1190 3210 1422 3273 Putavit
1444 3213 1605 3274 enim
1634 3214 1764 3293 ille,
1789 3231 1855 3273 ac
1880 3213 2058 3274 etiam

416 3301 514 3363 alii
547 3309 676 3382 post
708 3319 842 3364 eum
868 3301 1301 3383 Areopagitici,
1337 3321 1556 3365 nomen
1579 3304 1710 3382 ἔρως
1737 3302 1810 3364 ab
1836 3301 2062 3382 ignatio

415 3391 479 3453 in
512 3390 727 3452 bonam
763 3401 987 3473 partem
1020 3392 1238 3473 accipi.
1295 3393 1496 3456 Potuit
1549 3412 1691 3473 ergo
1746 3399 1807 3456 et
1855 3400 2066 3454 auctor

418 3494 625 3545 noster
655 3483 715 3545 in
749 3483 956 3546 eadem
989 3501 1120 3548 csse
1171 3485 1477 3564 opinione,
1526 3495 1702 3566 atque
1751 3505 1824 3548 eo
1855 3503 2062 3548 sensu:

418 3591 598 3650 quem
633 3590 838 3634 verum
872 3573 1318 3654 genuinumque
1346 3592 1478 3636 esse
1515 3573 1775 3653 putabat,
1805 3576 1957 3635 hanc
1984 3575 2066 3635 ci-

422 3668 550 3722 tare
578 3659 784 3740 Ignatii
815 3662 1195 3723 sententiam.
1230 3664 1330 3743 At,
1368 3663 1628 3744 inquies,
1682 3665 1795 3724 hoc
1853 3663 2065 3726 falsum

420 3759 510 3811 est
541 3752 808 3812 omnino.
847 3751 1056 3814 Falsus
1085 3761 1176 3814 est
1208 3769 1369 3831 ergo,
1426 3753 1719 3833 inquient,
1751 3753 2068 3831 Origenes,

421 3838 557 3901 falsi
587 3848 727 3901 sunt
755 3841 954 3902 etalii.
986 3839 1167 3901 Porro
1192 3840 1241 3902 si
1264 3840 1323 3901 in
1351 3842 1458 3901 hoc
1487 3859 1590 3902 eos
1623 3859 1858 3903 errasse
1893 3840 2069 3901 dixe-

419 3928 526 4004 ris,
563 3929 766 4010 quidni
799 3937 857 3992 et
885 3946 1088 3991 errare
1113 3931 1298 4010 potuit
1327 3928 1825 4011 Dionysianorum
1859 3937 2066 3994 auctor

430 4015 1083 4097 Operum?illostamen
1107 4037 1226 4080 non
1249 4036 1482 4082 errasse
1507 4020 1647 4082 hinc
1671 4038 1787 4080 non
1809 4018 2067 4081 absurde

423 4107 735 4186 conjicias,
769 4109 927 4190 quod
961 4127 1178 4170 nomen
1223 4109 1354 4188 ἔρως
1409 4109 1471 4170 in
1519 4109 1593 4171 iis
1633 4128 1765 4190 quae
1813 4112 2069 4170 citantur

425 4197 634 4277 Ignatii
655 4198 874 4273 verbis,
898 4217 1001 4278 pro
1024 4217 1228 4261 amore
1251 4199 1539 4280 spirituali
1568 4210 1629 4261 et
1655 4200 1854 4260 divino
1884 4199 2070 4279 possit

430 4287 726 4368 usurpari,
761 4288 1026 4369 quamvis
1075 4287 1135 4349 in
1187 4289 1712 4369 subsequentibus,
1762 4308 1898 4368 quae
1929 4288 2069 4350 inde

429 4385 636 4439 auctor
657 4388 860 4440 noster
882 4376 1102 4458 intulit,
1132 4397 1236 4460 pzo
1261 4381 1546 4440 exstincto
1572 4377 2072 4459 concupiscentiae

430 4467 566 4547 igne
595 4467 938 4545 accipiatur.

513 4556 678 4630 Quod
703 4568 903 4618 autem
930 4556 1227 4638 objicitur,
1247 4559 1358 4624 hac
1383 4556 1626 4639 periodo
1643 4556 1911 4638 dempta,
1939 4557 2070 4623 Dio-

432 4647 734 4730 nysianam
768 4646 1103 4708 orationem
1152 4648 1367 4708 melius
1417 4646 1532 4708 sibi
1581 4647 1909 4727 cohaerere,
1946 4648 2073 4709 leve

433 4737 680 4799 omnino
711 4743 800 4798 est
828 4737 1165 4818 nnlliusque
1200 4736 1508 4799 momenti.
1537 4734 1698 4797 [dem
1715 4737 1935 4817 quippe
1955 4737 2072 4800 dici

439 4827 730 4908 possetde
753 4825 886 4887 aliis
912 4835 1221 4887 auctorum
1251 4825 1442 4898 libris,
1478 4823 1538 4886 in
1563 4823 1780 4904 quibus
1813 4826 1978 4905 plura
1999 4826 2072 4886 ad

435 4915 659 4996 aliquid
693 4915 1062 4996 probandum
1096 4925 1502 4994 congeruntur
1548 4914 1886 4976 testimonia
1915 4915 2074 4976 anti-

437 5005 740 5087 quiorum.
767 5004 896 5068 Uno
919 5007 1080 5067 enim
1103 5015 1161 5067 et
1192 5005 1380 5067 altero
1411 5003 1668 5074 sublato,
1699 5003 1914 5066 melius
1934 5024 2078 5084 quo-

439 5114 554 5176 que
575 5094 883 5176 scriptoris
911 5095 1096 5156 oratio
1127 5093 1239 5156 sibi
1265 5093 1569 5154 cohaerere
1603 5091 1958 5172 plerumque
1984 5095 2074 5156 vi-

441 5181 700 5244 debitur.
735 5181 961 5244 Deinde
991 5183 1038 5242 si
1073 5182 1308 5261 quoties
1357 5181 1554 5242 deleta
1601 5181 1798 5262 aliqua
1830 5184 2078 5262 periodo

442 5270 630 5334 oratio
657 5271 769 5332 sibi
803 5271 1017 5332 melius
1047 5272 1353 5332 cohaerere
1378 5279 1678 5346 censetur,
1712 5273 1890 5334 toties
1920 5293 2049 5335 eam

435 5361 578 5432 ,detn
612 5360 918 5442 periodum
951 5361 1132 5423 textui
1161 5360 1420 5423 auctoris
1451 5359 1674 5422 dixeris
1709 5380 1837 5423 esse
1870 5363 2078 5444 adjec-

444 5457 690 5529 tam,tot
715 5449 780 5510 in
813 5449 1101 5515 Ecclesiae
1129 5452 1369 5514 Patrum
1398 5458 1576 5532 atque
1607 5451 1669 5512 in
1702 5451 1908 5532 primis
1939 5472 2080 5517 anc-

524 5621 601 5700 19,
631 5620 688 5665 90
716 5622 885 5685 Prov.
920 5639 1018 5698 vu,
1055 5624 1130 5684 18
1158 5627 1217 5683 et
1240 5637 1380 5700 xxx,
1417 5621 1515 5682 16.

2144 3216 2277 3278 aliis
2309 3234 2484 3294 quam
2521 3217 2594 3276 iis
2623 3215 2725 3292 qui
2749 3215 2821 3275 ab
2853 3223 3096 3276 auctore
3133 3223 3334 3274 nostro
3368 3211 3660 3283 citantur,
3693 3208 3793 3270 in-

2145 3305 2334 3368 veniri
2366 3303 2686 3386 Scripturte
2715 3323 2902 3366 sacrae
2943 3304 3143 3366 libris.

2777 3400 3018 3464 CAPUT
3063 3400 3175 3465 XII

2151 3496 2446 3573 Quartum
2464 3500 2908 3573 argumentum,
2927 3510 3001 3553 ea:
3032 3495 3296 3552 aliorum
3319 3487 3600 3573 alacribus
3624 3494 3802 3566 atque

2175 3570 2567 3657 opinionibus
2594 3577 2669 3636 ab
2690 3583 2940 3635 auclore
2968 3580 3173 3635 nostro
3200 3571 3402 3638 citatis
3424 3570 3769 3632 deductum.

2233 3668 2444 3745 Neque
2495 3683 2670 3743 porro
2741 3665 2866 3723 sola
2921 3663 2994 3723 ab
3055 3669 3295 3723 auctore
3359 3667 3558 3720 nostro
3615 3658 3802 3719 citata

2159 3755 2365 3834 lgnatii
2406 3752 2745 3833 auctoritas,
2788 3751 2892 3812 sed
2939 3753 3118 3813 etiam
3150 3747 3590 3822 Bartholomaei,
3621 3745 3800 3824 Justi,

2158 3857 2214 3906 et
2244 3843 2576 3916 Hierothei,
2604 3848 2984 3923 praeceptoris
3011 3842 3125 3921 sui,
3155 3839 3378 3920 prolata
3402 3837 3474 3900 ab
3499 3838 3596 3898 illo
3633 3835 3801 3896 testi-

2158 3939 2376 4008 monia,
2412 3934 2605 4011 ipsum
2642 3933 2978 4013 Dionysium
3019 3928 3440 4008 Areopagitam
3494 3944 3613 3988 non
3670 3942 3806 3986 esse

2153 4025 2326 4106 plane
2348 4023 2757 4084 demonstnare
2789 4017 3358 4100 Antiareopagiticis
3385 4016 3802 4106 videntorAie-

2152 4103 2282 4176 rum
2336 4113 2644 4174 enimvero
2694 4112 2937 4172 ubinam
2996 4109 3258 4188 gentium
3308 4108 3659 4168 exstiterunt
3689 4103 3807 4166 ali-

2151 4202 2384 4285 quando
2405 4203 2526 4277 illa,
2551 4220 2684 4280 qum
2708 4201 2809 4263 ille
2830 4201 2992 4276 citat,
3027 4208 3321 4260 tantorum
3369 4196 3627 4257 virorum
3661 4192 3809 4274 Ope-

2153 4292 2247 4354 ra?
2276 4291 2417 4365 Quis
2467 4311 2536 4354 ea
2592 4310 2851 4372 unquam
2882 4297 3096 4368 praeter
3126 4289 3282 4350 hunc
3316 4295 3622 4372 auctorem
3658 4299 3805 4372 nos-

2157 4391 2310 4442 trum
2343 4380 2615 4442 laudasse
2649 4371 3027 4460 perhibetur?
3061 4375 3367 4449 Quomodo
3425 4392 3494 4435 ea
3540 4371 3804 4446 Eusebii,

2155 4470 2588 4532 accuratissimi
2610 4468 3161 4550 antiquissimorum
3197 4465 3554 4544 scriptorum
3581 4467 3808 4522 scruta-

2158 4563 2326 4640 toris,
2357 4561 2730 4641 aliorumque
2761 4559 3029 4618 omnium
3064 4555 3433 4634 diligentiam
3468 4552 3804 4641 fugerunt?

2155 4649 2432 4730 Nunquid
2467 4640 2646 4709 unius
2663 4646 2939 4727 apostoli,
2969 4655 3028 4706 et
3050 4645 3299 4706 duorum
3337 4640 3805 4730 apostolicorum

2157 4727 2464 4800 hominum
2516 4738 2761 4816 scripta,
2789 4745 2904 4798 tam
2932 4741 3046 4796 cito
3073 4734 3403 4814 perierunt,
3429 4738 3493 4790 ut
3515 4727 3679 4788 nulla
3697 4745 3806 4816 eo:

2156 4847 2286 4890 rum
2316 4825 2601 4907 nisiapud
2625 4814 2932 4886 auctorem
2954 4833 3218 4885 nostrum
3248 4819 3467 4883 mentio
3495 4814 3808 4879 habeatur?

2158 4919 2327 4981 Certe
2359 4916 2686 4996 liierothvi,
2717 4915 2816 4996 qui
2841 4914 3105 4995 Dionysii
3126 4914 3497 4992 Areopagitae
3529 4907 3807 4996 magister

2165 5017 2226 5070 et
2259 5007 2424 5070 Pauli
2457 4995 2710 5087 apostoli
2740 4995 3078 5084 discipulus
3128 5001 3313 5063 fuisse
3356 4998 3598 5071 dicitur,
3625 4995 3807 5087 cujus

2161 5099 2349 5180 pietas
2380 5106 2436 5158 et
2464 5084 2744 5158 doctrina
2795 5093 3045 5184 summis
3091 5091 3458 5184 extolluntur
3504 5084 3808 5184 laudibus,

2165 5174 2331 5261 ianti,
2394 5185 2704 5262 inquiunt,
2767 5183 2878 5244 viri
2947 5200 3133 5263 opera
3192 5180 3391 5242 omnia
3439 5195 3473 5238 a
3531 5174 3811 5253 Dionysio

2162 5276 2368 5338 salt-em
2393 5285 2452 5337 et
2482 5275 2796 5337 Timotheo
2833 5271 3148 5353 publicari,
3191 5278 3248 5331 et
3283 5269 3357 5330 de
3389 5283 3594 5329 eorum
3620 5263 3814 5353 mani-

2163 5366 2274 5428 bus
2320 5368 2380 5427 in
2411 5352 2884 5429 Christianorum
2920 5364 3187 5424 omnium
3221 5373 3432 5421 manus
3460 5359 3690 5434 venire,
3728 5352 3814 5433 ip-

2163 5457 2366 5538 sisque
2396 5473 2632 5521 summo
2665 5472 2797 5518 esse
2829 5453 2890 5516 in
2925 5452 3136 5535 pretio,
3186 5469 3254 5514 ac
3304 5448 3368 5511 in
3411 5443 3816 5508 Ecclesiarum
