4044 6152
212 311 279 386 33
1638 311 2245 406 PROLEGOMENA.
3554 323 3629 401 34

222 462 483 542 scriniis,
512 474 578 529 et
605 469 1052 549 episcoporum
1076 463 1462 527 bibliothecis
1480 462 1769 525 asservari
1793 460 1902 522 de-
1928 467 1965 518 Α
1989 465 2226 541 runt,ut
2243 459 2470 523 nullum
2501 478 2706 524 eorum
2731 462 3026 528 exstiterit
3049 465 3514 545 vestigium.Sed
3542 470 3631 533 his

227 551 466 616 hebant.
525 558 658 620 Cur
692 576 848 637 ergo
899 557 1074 636 hujus
1134 554 1379 629 summi,
1414 552 1547 633 viri,
1587 553 1682 633 qui
1735 552 1905 629 μέγάς
1991 567 2197 630 parum
2250 550 2391 612 moli
2422 568 2630 613 eorum
2680 551 3030 637 adversarii,
3063 566 3316 635 arguunt
3346 557 3421 621 de
3451 557 3631 621 rebus

236 645 379 712 ἣλιος
410 648 798 728 appellatur,
833 649 1027 725 Opera
1081 645 1257 706 tantis
1311 642 1575 705 tenebris
1628 649 1907 722 tantaque
1991 639 2236 720 quidem
2268 659 2401 721 qua:
2451 641 2520 703 ad
2571 642 2711 704 ﬁdei
2742 641 3069 706 doctrinam
3106 648 3423 726 pertinent,
3453 649 3636 710 fuisse

247 735 541 799 oblivione
596 737 824 800 obruta
877 743 1033 816 sunt,
1067 741 1133 796 ut
1163 733 1395 797 nullum
1444 751 1648 794 eorum
1683 731 1796 793 nisi
1847 731 1907 812 in
1992 748 2233 810 semper
2255 730 2313 790 in
2346 729 2610 794 Ecclesia
2638 732 2710 794 ab
2743 733 3034 797 hazreticis
3081 737 3328 814 agitatas
3351 740 3633 818 quaestio—

245 827 501 888 auctoris
534 828 732 889 nostri
767 826 1010 906 scriptis
1057 824 1368 901 vestigium
1403 821 1713 902 supersit?
1757 820 1908 892 Quid
1995 837 2103 880 nes
2131 841 2146 897 ;
2178 827 2232 880 at
2265 819 2340 881 de
2370 820 2552 883 rebus
2582 840 2712 902 quae
2766 824 2922 885 inter
2949 825 3250 904 apostolos
3280 826 3513 905 publice
3545 829 3634 890 ri-

246 917 404 998 quod
439 927 499 978 et
530 917 665 996 ipsa
697 915 1013 979 Hierothei
1047 913 1388 976 testimonia
1440 931 1559 972 non
1591 911 1706 971 alio
1735 927 1911 991 quam
1998 916 2180 988 tuque
2211 909 2461 971 solemni
2488 919 2738 992 peractae
2755 921 2912 987 sunt,
2940 931 3204 994 quasque
3232 923 3438 977 omnes
3455 915 3527 978 ab
3549 919 3635 979 eis

242 1007 517 1068 auctoris
552 1007 748 1067 nostri
783 1005 930 1086 style
952 1013 1185 1066 exarata
1213 1001 1524 1063 videntur?
1550 1002 1716 1064 Idem
1750 1000 1914 1062 enim
1995 1015 2325 1080 eorumque
2375 1001 2552 1062 sociis
2585 1009 2857 1081 poterant
2909 1002 3082 1065 facile
3112 1003 3375 1084 edoceri,
3409 1006 3632 1068 nullam

241 1097 307 1158 in
365 1097 644 1177 utrisque
693 1107 754 1157 et
813 1093 1115 1173 ingenium
1178 1101 1238 1154 et
1282 1091 1524 1163 locutio,
1579 1099 1914 1167 casteraque
1998 1087 2074 1148 de
2104 1089 2305 1167 quain
2331 1091 2568 1170 scriptis
2589 1089 3188 1171 disputareturmasci
3222 1093 3486 1174 potuisse
3507 1095 3635 1158 dis-

242 1187 449 1248 omnia
504 1185 622 1246 sibi
657 1184 834 1265 plane
864 1183 1079 1245 similia
1123 1180 1457 1260 legentibus
1489 1181 1680 1261 prima
1708 1179 1901 1240 fronte
2001 1177 2370 1240 sensionem.
2401 1183 2583 1241 Porro
2612 1179 2805 1261 Opera
2848 1180 3178 1256 Hierothei,
3206 1202 3290 1244 ac.
3319 1183 3636 1248 Bartholo-

240 1284 597 1337 occurrunt.
631 1275 712 1336 Ex
746 1273 961 1355 quibus
993 1291 1110 1334 non
1146 1272 1460 1332 temeraria
1493 1286 1732 1350 prorsus
1764 1287 1899 1330 cou-
1995 1267 2156 1343 miei,
2194 1279 2251 1328 et
2304 1269 2335 1330 .l
2346 1271 2482 1345 usti,
2518 1289 2637 1331 non
2671 1280 2991 1350 potuerunt
3048 1280 3207 1334 tanta
3236 1271 3514 1337 facilitate
3567 1294 3634 1339 ac

228 1366 476 1445 jectura
538 1364 791 1445 capitur,
825 1363 1010 1425 libros
1064 1359 1371 1425 Hierothei
1426 1377 1751 1440 nunquam,
1786 1358 1902 1420 nisi
1993 1356 2244 1418 aliorum
2295 1356 2736 1421 lucubrationes
2765 1358 3062 1422 oblivione
3116 1371 3405 1442 perpetua
3434 1363 3631 1429 obrui.

236 1451 636 1534 Dionysianis
673 1455 733 1514 in
783 1449 1320 1530 lucubrationibus,
1353 1449 1544 1512 editos
1574 1449 1635 1509 in
1682 1448 1904 1512 lucem.
1994 1446 2236 1536 Constat
2263 1446 2484 1528 quippe
2507 1466 2598 1524 ea,
2635 1447 2684 1510 si
2740 1448 3015 1530 Dionysio
3048 1451 3384 1527 credamus,
3411 1452 3469 1515 in
3503 1455 3634 1536 ejus

322 1545 416 1607 Ad
466 1543 598 1604 haec
628 1559 791 1618 vero,
825 1549 1019 1602 auctor
1085 1548 1288 1601 noster
1322 1557 1442 1600 non
1489 1537 1682 1599 solum
1742 1537 1911 1617 plura
1992 1553 2060 1596 at:
2091 1535 2432 1598 Thimothei
2459 1556 2666 1600 manus
2692 1537 2947 1601 venisse:
2980 1557 3091 1601 nec
3108 1539 3354 1604 dubium
3380 1551 3467 1605 est
3490 1545 3632 1624 quin

229 1633 691 1717 incognitorum
726 1631 1036 1692 hominum
1073 1628 1349 1710 producit
1404 1626 1768 1702 testimonia,
1803 1627 1908 1689 sed
1992 1625 2094 1686 illa
2149 1645 2282 1688 cum
2343 1626 2642 1708 plurimis,
2678 1647 2710 1690 a
2765 1629 2980 1710 quibus
3036 1647 3270 1692 summa
3310 1649 3453 1694 cura
3481 1652 3633 1696 con-

228 1715 442 1784 varias
471 1725 660 1784 etiam
697 1721 1012 1783 doctorum
1038 1719 1351 1781 hominum
1385 1716 1799 1798 opinionesita
1822 1734 1912 1777 re-
1993 1716 2218 1778 servari
2288 1715 2642 1795 debuerunt,
2691 1718 3037 1782 censuerint
3099 1736 3230 1781 esse
3289 1725 3632 1787 communi-

227 1815 376 1884 fert,
409 1821 477 1874 ut
505 1812 580 1873 iis
610 1809 1032 1873 tantummodo
1065 1828 1212 1889 quas
1245 1826 1385 1869 vero
1429 1806 1746 1888 propiores
1777 1824 1909 1867 esse
1934 1835 1970 1886 Β
1994 1805 2205 1881 cauda,
3244 1831 3247 1833 ·

227 1901 655 1977 existimabat,
689 1919 756 1962 se
806 1900 1117 1961 adhaerere
1150 1905 1420 1959 testetur.
1469 1893 1581 1958 Ubi
1613 1896 1770 1958 enim
1835 1894 1910 1958 de

225 1990 564 2070 Serapbim
593 1989 752 2070 quod
781 1989 854 2051 ad
879 1988 1089 2050 Isaiam
1123 1989 1369 2049 missum
1399 1996 1510 2061 est,
1535 1986 1774 2047 diSScrit
1804 1985 1855 2034 9‘
1890 2006 1904 2048 :

223 2079 570 2159 Nonnulli,
594 2079 996 2160 inquitjuxta
1016 2079 1396 2158 assignatam
1420 2076 1493 2137 de
1513 2075 1782 2137 omnium
1814 2077 1911 2138 in-

226 2170 742 2249 telligent-iurum
768 2167 1597 2245 communionedeﬁnitionem
1626 2167 1874 2228 aiunt...
1893 2215 1906 2227 .

225 2259 396 2316 Atius
427 2257 566 2314 item
611 2259 682 2314 Ita
696 2257 767 2311 ad
803 2256 1090 2312 admodum
1117 2254 1474 2325 incongruam
1505 2255 1645 2310 mihi
1680 2251 1912 2310 tradidit

223 2350 633 2412 solutionem.
679 2347 901 2409 Aiebat
941 2348 1126 2425 enim,
1157 2353 1270 2408 etc.
1306 2343 1464 2406 Etde
1494 2345 1711 2424 hymno
1732 2344 1908 2423 quiin

228 2441 426 2501 missa
442 2437 719 2500 litlelium
737 2433 1094 2498 cantabatur
1111 2433 1189 2495 ξεῖ
1216 2435 1389 2497 Hunc
1405 2441 1601 2495 autem
1617 2439 1910 2510 hymnum

224 2529 346 2590 alii
371 2528 590 2590 laudis
607 2533 934 2591 canticum.
949 2526 1062 2586 alii
1091 2525 1413 2604 religionis
1431 2524 1693 2603 symboln
1709 2523 1910 2599 m,atii

227 2620 676 2698 denique,mea
702 2617 948 2697 quidem
975 2613 1736 2688 sententia,hierarchicam
1781 2612 1905 2673 Eu-

228 2707 766 2784 charistiam,etc.
787 2707 861 2766 Et
883 2704 958 2764 de
981 2703 1444 2783 Seraphinorum
1477 2703 1586 2762 alis
1603 2701 1682 2764 95:
1709 2701 1904 2763 Sanus

232 2796 567 2877 alas,quas
581 2794 850 2874 Eloquia
865 2799 1481 2871 commemorant,non
1503 2794 1785 2853 existimo
1809 2809 1906 2853 sa-

233 2903 408 2948 crum
427 2902 758 2947 numerum
777 2881 1536 2960 denotare,ntquibusdam
1551 2881 1908 2959 placuit,sed
1991 2882 2350 2961 Areopagita
2380 2883 2496 2946 dici
2529 2901 2905 2965 nequaquam
2938 2887 3152 2966 potuit.

231 2978 403 3055 ipsas
460 2977 754 3037 virtutes.
801 2973 1090 3052 Denique,
1127 2980 1188 3031 ut
1236 2980 1448 3031 caetera
1480 2978 1801 3043 taceamus,
1835 2969 1910 3031 de
2073 2970 2247 3032 Enim
2272 2989 2416 3034 vero
2440 2973 2706 3053 quamvis
2731 2992 2860 3034 mos
2880 2974 2981 3036 ille
3010 2974 3083 3036 ab
3105 2978 3386 3058 apostolis
3413 2979 3638 3042 derive-

236 3066 547 3126 electione
580 3063 776 3126 sancti
806 3061 1073 3122 Matthiae
1095 3062 1221 3122 haec
1253 3059 1431 3121 habet
1467 3080 1480 3121 :
1520 3061 1670 3120 Cum
1705 3065 1906 3121 autem
1994 3067 2112 3149 tur,
2144 3059 2425 3141 Dionysio
2461 3071 2658 3123 tamen
2688 3063 3065 3142 Areopagitae
3091 3066 3164 3126 ab
3188 3067 3429 3149 antiqua
3459 3067 3638 3130 tradi-

237 3156 554 3217 dedivina
576 3153 690 3214 illa
714 3162 882 3214 sorte
903 3169 1034 3230 quae
1064 3151 1362 3212 divinitus
1383 3165 1566 3228 super
1585 3149 1906 3211 Matthiam
1930 3189 1970 3240 α
1993 3147 2155 3209 tione
2181 3167 2298 3209 non
2323 3151 2705 3211 transmissus
2729 3158 2838 3214 est.
2869 3151 3030 3224 Quos
3053 3154 3208 3214 enim
3236 3147 3447 3219 illeﬁvir
3464 3175 3645 3219 sum-'

243 3242 618 3319 cecidit,alii
629 3243 706 3304 ab
723 3241 1006 3304 aliismeo
1021 3240 1261 3321 quidem
1271 3239 1913 3319 judiciononrectedi-
1942 3238 1968 3240 “
1995 3255 2128 3299 mus
2166 3256 2200 3300 a
2223 3238 2398 3300 Paulo
2433 3239 2567 3300 ﬁdei
2603 3238 2919 3302 Chistianaa
2943 3241 3316 3321 dogmatibus
3346 3245 3631 3320 imbutus,

2595 1896 2838 1962 CAPUT
2882 1897 3032 1961 XIII.

1992 1985 2288 2062 Quintum
2347 1995 2794 2070 argumentum,
2857 2007 2932 2051 ca:
3001 1993 3208 2056 citatis
3264 1990 3339 2056 ab
3391 1999 3635 2058 auctore

2317 2086 2520 2139 nostro
2565 2079 2988 2144 traditionibus
3016 2083 3304 2161 petitum.

2072 2165 2246 2228 Aliud
2277 2175 2480 2228 contra
2513 2165 2771 2248 Dionysii
2805 2167 3066 2249 Operum
3106 2175 3435 2250 γνησιότητι
3465 2192 3636 2254 argu-

1999 2264 2264 2317 mentum
2305 2256 2693 2336 suppeditant
2724 2257 3068 2321 traditiones
3112 2278 3258 2341 quas
3286 2261 3387 2324 ille
3419 2262 3490 2324 ab
3520 2282 3633 2326 an-

1995 2346 2155 2425 tiquo
2185 2355 2451 2426 tempore
2482 2345 2554 2408 ad
2585 2365 2750 2408 suam
2795 2355 3026 2410 aetatem
3059 2350 3347 2413 deductas
3389 2371 3521 2415 esse
3547 2361 3641 2418 te-

1993 2434 2398 2496 stiﬁcatur.De
2424 2434 2908 2516 baptizandorum
2945 2438 3104 2500 enim
3137 2440 3445 2503 infantium
3472 2462 3638 2506 more

1993 2523 2118 2584 haec
2138 2523 2594 2586 tradiditauctor
2609 2535 2815 2587 noster
2837 2526 2923 2587 95:
2961 2527 3097 2592 Hac
3125 2531 3276 2591 dere
3303 2531 3367 2592 id
3397 2549 3638 2612 quoque

1984 2613 2261 2687 dicimus,
2275 2615 3163 2697 quoddeiformesprceceptores
3179 2622 3462 2684 nostriab
3481 2625 3638 2684 anti-

1987 2720 2102 2781 qua
2137 2706 2472 2766 traditione
2493 2704 2665 2766 nobis
2688 2712 3229 2787 transcripserunt.
3269 2712 3406 2787 Πρὸς
3431 2717 3526 2778 τῆς
3550 2713 3633 2791 ἆρ-

1990 2795 2148 2872 χαίας
2183 2796 2440 2869 μαθὸντες
2474 2793 2836 2874 παραδόσεως.
2871 2796 2963 2858 Ad
2995 2797 3055 2857 id
3087 2807 3252 2861 certe
3293 2817 3327 2859 a
3359 2797 3634 2880 Dionysio

242 3353 420 3396 versa
440 3335 782 3406 senserint,
816 3349 1008 3394 meum
1033 3331 1166 3410 ipse
1182 3331 1548 3391 sententiam
1579 3345 1907 3408 exponam.

244 3425 317 3487 At
333 3443 476 3487 vero
504 3422 896 3505 quisinducat
918 3420 1029 3482 sibi
1045 3423 1106 3481 in
1121 3419 1380 3481 animum
1395 3418 1738 3499 apostolicis
1752 3427 1912 3480 tem-

252 3514 508 3596 poribus
559 3513 930 3576 Christianos
959 3511 1240 3588 virosque
1285 3508 1642 3590 apostolicos
1685 3508 1742 3569 in
1791 3517 1907 3570 tam

249 3605 444 3666 varias
492 3604 659 3666 hisce
689 3602 765 3664 de
798 3601 978 3664 rebus
1005 3599 1226 3662 abiisse
1259 3601 1574 3680 opiniones
1601 3596 1626 3658 ἲ
1659 3597 1797 3670 Quis
1834 3597 1910 3660 de

249 3713 319 3755 eo
346 3713 467 3774 quo
492 3693 769 3756 Matthias
799 3691 860 3754 in
893 3690 1216 3773 proditoris
1243 3688 1412 3752 Iudae
1441 3689 1635 3750 locum
1668 3705 1907 3749 assum-

250 3791 389 3864 ptus
420 3792 518 3846 est
550 3783 753 3857 modo,
789 3782 1102 3862 divinaque
1133 3780 1266 3860 ejus
1294 3784 1454 3841 sorte
1500 3787 1556 3840 et
1591 3777 1904 3854 electione,

251 3883 481 3935 tantum
546 3872 704 3934 inter
765 3890 871 3934 eos
922 3869 1261 3950 dissidium,
1325 3875 1667 3949 tantamque
1724 3867 1908 3929 fuisse

252 3963 615 4025 discordiam
649 3959 1003 4026 crediderit?
1027 3957 1326 4040 Numquid
1349 3957 1750 4039 apostolorum
1775 3957 1905 4019 dis-

257 4053 437 4134 cipuli
464 4051 542 4114 ab
572 4052 722 4132 ipsis
749 4071 868 4114 non
901 4047 1556 4128 didicerantquomodo
1591 4065 1661 4108 ea
1693 4046 1904 4108 electio

252 4143 401 4205 facta
418 4142 602 4204 fuerit
624 4142 654 4202 ‘?
684 4139 801 4206 Fac
832 4153 1030 4204 autem
1065 4140 1140 4202 de
1170 4157 1241 4200 ea
1263 4137 1412 4200 nihil
1437 4137 1510 4198 ab
1533 4143 1619 4198 eis
1655 4151 1908 4217 accepe-

251 4233 396 4307 rint,
433 4241 600 4294 cerle
632 4233 670 4292 ii
715 4231 788 4293 ab
812 4230 943 4293 aliis
970 4229 1371 4312 apostolorum
1408 4226 1608 4301 sociis,
1635 4234 1736 4288 aut
1765 4243 1906 4288 suc-

252 4322 623 4404 cessoribus,
659 4323 758 4403 qui
791 4322 985 4382 adhuc
1044 4323 1104 4381 in
1137 4319 1282 4380 vivis
1317 4321 1510 4393 erant,
1548 4323 1776 4398 poterat
1804 4333 1904 4377 eo-

1994 3337 2396 3408 praceptores
2446 3327 2668 3390 habere
2720 3329 2928 3409 potuit,
2967 3339 3066 3411 qui
3112 3332 3199 3394 illi
3242 3353 3470 3398 morem
3520 3334 3632 3397 ba-

1997 3417 2277 3550 ptizandi?
2304 3416 2561 3480 infantes
2591 3417 2665 3478 ab
2721 3418 2964 3499 antiqua
2995 3420 3313 3488 traditione
3355 3425 3634 3506 prescri-

1997 3524 2192 3550 ncnmn

1994 3506 2226 3587 pserint
2251 3506 2269 3568 ἲ

2070 3593 2278 3689 Neque
2307 3595 2536 3689 dixeris
2561 3614 2764 3689 vocem
2806 3598 3032 3681 ἀρχαίας
3064 3618 3185 3663 non
3223 3620 3328 3684 pro
3363 3604 3630 3689 antiqua,

1991 3685 2095 3748 sed
2129 3687 2318 3766 prima
2343 3686 2660 3748 traditione
2681 3688 3072 3767 signiﬁcanda
3087 3685 3632 3774 usurpatam.Nullo

1991 3775 2212 3856 quippe
2267 3794 2528 3857 unquam
2562 3778 2837 3858 exemplo
2899 3797 3110 3841 vocem
3159 3781 3388 3863 ἀρχαίας
3439 3785 3510 3846 ad
3569 3784 3633 3848 id

1990 3864 2174 3945 quod,
2197 3863 2552 3945 interposito
2570 3867 2831 3945 nemine,
2865 3867 2940 3928 ab
2961 3869 3158 3950 aliquo
3179 3879 3487 3952 acceptum
3515 3882 3626 3952 est,

1988 3954 2438 4034 signiﬁcandum
2466 3955 2635 4018 ullibi
2665 3957 2822 4037 apud
2847 3956 3084 4021 Graacos
3114 3960 3437 4041 scriptores
3464 3962 3632 4025 adhi-

1991 4041 2175 4106 bitam
2235 4043 2418 4106 fuisse
2467 4043 2830 4125 probabitur.
2894 4047 3034 4119 Quis
3087 4067 3227 4128 ergo
3284 4049 3628 4132 Dionysium

1989 4133 2406 4214 Areopagitam
2439 4134 2551 4196 hac
2572 4152 2714 4200 voce
2736 4144 2943 4200 contra
2973 4149 3274 4218 receptam
3319 4143 3392 4202 ab
3423 4143 3627 4204 omni-

1991 4221 2103 4286 bus
2133 4223 2294 4284 illius
2312 4223 2802 4302 signiﬁcationem
2834 4244 3005 4288 usum
3037 4245 3192 4304 esse,
3214 4231 3374 4292 nulla
3394 4233 3623 4295 ratione

1990 4313 2161 4376 allata
2193 4313 2326 4374 aliis
2354 4313 2524 4377 facile
2555 4313 2985 4396 persuadebit?

252 4432 384 4475 rum
422 4398 836 4494 unusquisque
865 4411 939 4472 de
965 4428 1037 4472 ea
1067 4409 1364 4472 electione
1411 4407 1492 4468 ita
1521 4406 1746 4470 certior
1771 4404 1901 4466 ﬁeri
1922 4398 1968 4450 ο
2065 4402 2322 4484 Sedage,
2345 4410 2403 4464 et
2440 4403 2745 4494 videamus
2782 4412 2976 4494 utrum
3000 4424 3070 4466 ea
3091 4406 3320 4470 veriora
3350 4409 3471 4473 sint
3492 4430 3624 4490 quae

251 4512 312 4563 ut
385 4502 588 4564 nullus
664 4510 824 4564 esset
891 4497 1284 4564 dissensionis
1358 4495 1899 4577 disputationisque

252 4592 444 4655 locus.

332 4681 743 4763 Areopagitici
765 4700 798 4744 e
824 4679 1125 4745 contrario
1157 4678 1414 4740 clamant
1441 4674 1515 4737 ab
1532 4674 1663 4755 ipso
1687 4674 1898 4736 Eccle-

258 4772 358 4834 siae
373 4772 677 4835 nascentis
693 4770 956 4846 exordio,
968 4767 1290 4832 diabolicis
1305 4766 1533 4828 artibus
1547 4764 1727 4826 fuisse
1748 4763 1907 4826 inter

261 4863 653 4941 Christianos,
680 4869 744 4924 ut
785 4868 1034 4923 testatur
1062 4858 1307 4937 Paulus,
1336 4855 1597 4918 haereses
1629 4865 1693 4915 et
1739 4851 1904 4914 schi-

256 4960 467 5026 smata,
501 4952 797 5014 scissuras
845 4960 903 5012 et
932 4947 1364 5012 dissensiones.
1413 4943 1575 5006 Nihil
1607 4960 1772 5020 ergo,
1808 4941 1907 5002 in-

256 5044 469 5122 quiunt
519 5042 738 5102 mirum
771 5047 862 5102 est
909 5039 960 5100 si
991 5035 1250 5117 Dionysii
1307 5043 1577 5112 tempore
1607 5031 1685 5122 de
1741 5040 1902 5122 sorte

254 5120 387 5208 quae
401 5131 620 5193 cecidit
635 5148 816 5210 super
831 5125 1635 5204 Matthiam,sitdisputatum.
1655 5120 1738 5182 De
1751 5120 1899 5182 Hie—

1983 4501 2189 4554 auctor
2236 4500 2440 4556 noster
2461 4492 2540 4554 de
2589 4493 2722 4554 aliis
2773 4493 3151 4574 dogmatibus
3199 4499 3316 4560 sibi
3366 4501 3622 4577 traditis,

1983 4581 2140 4644 haud
2172 4580 2513 4645 dubitanter
2533 4582 2785 4644 afﬁrmat
2802 4583 2862 4635 95
2887 4604 2900 4643 :
2924 4583 3202 4649 Maxime
3229 4605 3396 4668 vero,
3423 4590 3500 4652 ita
3525 4590 3626 4653 ille

1983 4670 2394 4752 loquitur,ista
2420 4675 2679 4735 oracula
2700 4673 2958 4736 dicimus
2971 4691 3105 4754 quae
3127 4694 3164 4739 α
3192 4681 3385 4741 sacris
3404 4683 3626 4743 nostris

1985 4762 2416 4836 initiatoribus,
2443 4761 2651 4825 divino
2680 4762 2922 4843 Spiritu
2939 4765 3264 4843 a/ﬂatis,in
3291 4768 3626 4849 Scripturis

1984 4852 2179 4941 sacris
2199 4850 2494 4930 librisque
2525 4850 2869 4932 theologicis
2901 4853 3130 4916 tradita
3152 4857 3322 4919 nobis
3341 4867 3502 4941 sunt,
3534 4862 3629 4922 uti

1985 4949 2041 5003 et
2072 4939 2179 5003 illa
2203 4959 2334 5020 qua
2366 4942 2444 5002 ab
2469 4941 2682 5003 iisdem
2711 4943 2864 5004 viris
2891 4946 3117 5006 sanctis
3145 4939 3627 5030 subtitimﬁnon

1987 5034 2234 5094 omnino
2253 5030 2462 5092 dissita
2490 5031 2566 5092 ab
2588 5030 2805 5093 ordine
2833 5031 3073 5108 calesti,
3106 5035 3528 5100 insinuatione
3553 5043 3628 5101 de

1985 5137 2124 5182 men
2133 5128 2188 5182 te
2198 5123 2264 5182 in
2281 5121 2870 5196 mentem,mediante
2881 5123 3360 5206 verbocorporeo
3382 5129 3626 5208 quidem

251 5220 441 5282 rotbei
476 5238 614 5282 vero
653 5208 1030 5299 aliorumque
1061 5217 1231 5280 libris
1261 5212 1588 5294 deperditis
1631 5211 1779 5272 nihil
1811 5217 1900 5272 est
1979 5209 2100 5276 illa,
2131 5208 2289 5266 simul
2335 5213 2514 5299 tamen
2555 5209 2945 5299 immateriato,
2971 5213 3088 5269 sine
3127 5216 3424 5288 scriptione
3470 5219 3628 5277 insti-

251 5311 412 5388 quod
430 5296 1383 5388 magismireris,quandoquideni
1402 5299 1900 5388 plurimaaposto-
1976 5303 2172 5357 tutores
2206 5296 2380 5355 nostri
2411 5313 2568 5353 saera
2613 5296 2841 5370 quadam
2872 5300 3208 5361 traductione
3241 5313 3374 5361 sunt
3400 5307 3574 5365 cdocti
3602 5324 3624 5366 :

256 5387 444 5461 lorum
468 5400 853 5478 virorumque
877 5395 1338 5486 apqstolicorum
1361 5389 1583 5470 scripta
1599 5392 1680 5451 ita
1703 5387 1896 5470 perie-

1995 5395 2185 5471 (ρκφῆς
2233 5388 2386 5453 ἐκτὸς
2440 5389 2488 5446 οἱ
2518 5389 2886 5469 καθηγεμόνες
2930 5393 3085 5462 ήπῶν
3143 5394 3474 5472 ἰμυήθησαν.
3535 5397 3623 5462 lbi

326 5578 374 5622 ²¹
409 5579 501 5644 De
526 5581 729 5644 talest
788 5576 1284 5658 hierarchqpcap.
1323 5571 1525 5658 13.ᾏεῖ
1542 5570 1637 5658 _1_)e
1684 5525 2003 5658 ecetesiast.
2040 5567 2365 5658 hierarch?
2402 5587 2532 5658 cap.
2583 5569 2683 5632 t3.
2726 5567 2784 5614 2³
2810 5567 2970 5636 Ibid.
3017 5593 3147 5658 cap.
3175 5575 3236 5638 4.
3291 5572 3346 5618 ίι
3369 5576 3500 5644 Lib.
3537 5577 3623 5643 De

259 5661 456 5726 eccles.
488 5659 835 5736 hierarch.,
868 5675 998 5740 cap.
1040 5650 1156 5740 7,§
1186 5650 1286 5718 ti.
1331 5655 1383 5699 25
1415 5655 1502 5719 De
1529 5650 1830 5717 hierareh.
1865 5650 2100 5728 eccles.,
2135 5669 2268 5733 cap.
2319 5651 2377 5732 1,
2412 5650 2531 5731 §4.
