4044 6152
413 321 489 390 35

1563 300 1622 379 s‘.
1676 299 2082 382 DIONYSIUS
2121 303 2630 385 AREOPAGI'I‘A.

3717 315 3796 394 36

414 460 594 541 plane
617 463 679 522 et
701 455 962 520 dilucide
983 467 1100 516 non
1124 439 1406 535 scriptam
1434 469 1858 516 commemorat
1881 455 2030 518 tradi
2080 463 2116 512 A
2142 455 2213 518 ad
2271 465 2389 520 tres
2421 457 2630 521 divina:
2669 458 2979 522 Trinitatis
3032 478 3316 540 personas
3368 461 3796 541 signiﬁcandas

417 551 667 623 tionem,
693 565 870 626 quam
905 547 981 607 de
1031 553 1228 606 mente
1260 546 1317 605 in
1355 551 1613 605 mentem
1645 545 1718 605 ad
1752 565 1817 607 se
1849 548 2063 608 tradu-

421 649 574 700 ctam
629 656 760 699 esse
791 640 1021 697 asserit.
1059 633 1277 695 Verum
1339 633 1551 694 amabo
1599 651 1721 711 vos,
1760 647 2066 713 poteratne

421 723 1301 808 DionysiusAreopagita,l’auli
1338 722 1897 802 discipulus,verbis
1916 726 2064 787 adeo

423 815 724 896 expressis
754 814 1054 876 affirmare
1072 814 1516 874 seinstitutores
1537 830 1602 872 ac
1628 813 1940 890 magistros
1968 815 2068 876 ha-

421 907 626 968 buisse
674 911 786 984 qui
811 902 1165 965 hierarchias
1215 901 1638 964 ecclesiasticae
1668 904 1939 966 ordinem
1990 905 2064 967 ab

421 996 550 1058 aliis
587 995 717 1056 sine
742 994 1064 1073 scriptione
1097 992 1464 1054 didicerint?

499 1084 706 1164 Neque
738 1101 896 1158 vero,
933 1082 1085 1162 quod
1123 1082 1337 1142 mirum
1375 1093 1484 1157 est,
1513 1081 1594 1143 ibi
1626 1085 2057 1160 tantummodo,

421 1178 528 1240 sed
541 1175 683 1239 alibi
701 1194 819 1237 non
839 1175 1022 1236 semei
1044 1175 1256 1236 eodem
1275 1183 1312 1234 tt
1331 1174 1612 1236 aditionis
1625 1188 1973 1254 argumento
1988 1178 2059 1238 ad

2147 547 2363 622 srepius
2405 558 2653 629 usurpat
2693 549 2771 610 28.
2803 550 2902 612 Καὶ
2949 552 3082 626 μὴν,
3118 550 3313 626 inquit
3343 551 3466 626 ille,
3500 553 3580 610 ὅτι
3627 559 3795 631 μονάς

2148 635 2257 692 ἐστι
2291 639 2377 692 καὶ
2409 638 2525 704 Eva;
2573 641 3007 717 τρισυπόσταῖος.
3045 641 3116 702 Ει
3158 640 3298 701 alibi
3328 639 3390 690 29
3426 659 3440 702 ζ
3498 646 3573 707 ὡς
3605 644 3798 721 τριάδα

2150 723 2203 780 δέ
2234 725 2316 781 διὰ
2349 729 2449 792 τὴν
2500 731 2938 804 κρισυπόστατον.
2973 729 3083 793 Ubi
3115 747 3252 790 vero
3285 730 3359 790 de
3405 747 3796 807 personarum

2149 813 2478 876 divinarnm
2503 817 3073 881 circumincessione
3098 819 3356 900 loquitur
3382 821 3464 883 50:
3499 827 3606 879 τῶν
3637 824 3797 903 ἐναρ-

2149 913 2324 982 γιικῶν
2353 909 2720 989 ὑποστάσεων,
2751 909 3360 990 inquitAtquinullus
3383 912 3797 975 anteAlexan-

2148 992 2376 1056 drinam
2412 996 2724 1075 synodum,
2759 1016 2914 1058 anno
2967 998 3084 1061 362
3133 1007 3417 1073 coactam,
3446 1019 3513 1060 ea
3545 1020 3706 1077 voce,
3743 1003 3800 1064 si

2148 1085 2375 1147 Socrati
2399 1087 2546 1147 fides
2575 1085 2860 1148 habeatur
2877 1086 3067 1167 ὅθ’,εά
3088 1088 3143 1148 id
3173 1087 3629 1166 significandum
3655 1110 3799 1153 usus

2147 1184 2255 1234 est:
2283 1173 2572 1236 Caeterum
2599 1177 2889 1256 episcopi,
2919 1175 3178 1239 Socratis
3198 1178 3374 1238 verba
3397 1188 3557 1259 sunt,
3593 1187 3702 1260 qui
3727 1187 3796 1244 in

422 1262 1299 1346 eaqumdixeratconfirmanda
1322 1271 1534 1341 Sponte
1567 1281 1672 1324 sua
1691 1264 1890 1328 utitur.
1916 1264 2060 1326 Nam
2142 1262 2834 1328 Alewandrinoconcllio
2857 1268 3303 1339 aderant,hanc
3315 1277 3614 1346 praeterea
3635 1289 3795 1349 quae-

422 1355 523 1416 ubi
555 1355 629 1415 de
662 1351 1038 1414 sanctissimo
1069 1350 1373 1412 Trinitatis
1407 1352 1682 1431 mysterio
1718 1373 1832 1414 non
1870 1355 2064 1415 minus
2144 1354 2395 1415 stionem
2417 1353 2742 1433 diligenter
2758 1357 3652 1427 examimtruntﬂesubstantia
3669 1361 3796 1423 sci-

421 1446 726 1506 enucleate
760 1451 816 1502 et
851 1441 1164 1520 perspicue
1194 1460 1262 1502 ac
1287 1441 1384 1503 alii
1411 1450 1541 1520 post
1572 1441 1869 1505 Niczenam
1893 1463 2063 1523 syno-
2149 1443 2926 1523 licetetliypostasi...Quid
2948 1454 3145 1507 autem
3169 1465 3276 1508 nos
3290 1447 3359 1508 de
3381 1447 3721 1512 substantia
3736 1459 3796 1513 et

421 1533 562 1593 dum
594 1535 821 1601 Patres,
848 1530 1363 1611 disptitat90,lltec,
1388 1531 1602 1608 inquit,
1630 1533 1878 1613 aliaque
1905 1553 2064 1613 quae-
2149 1533 2456 1612 hypostusi
2483 1535 2907 1604 didicerimus,
2937 1536 3091 1597 nihil
3119 1545 3278 1597 vetat
3321 1549 3641 1616 quominus
3668 1539 3797 1602 haec

421 1621 465 1683 l.‘
475 1623 563 1684 bet
586 1621 824 1701 deiﬁcot
845 1623 1106 1701 lumina,
1127 1639 1262 1701 quae
1285 1622 1619 1700 Scriptnris
1643 1639 1911 1685 consono
1927 1642 2068 1685 san-

2156 1621 2380 1678 breviter
2434 1640 2775 1695 ewponamus.
2810 1626 2916 1690 Qui
2972 1626 3209 1680 Graecam
3239 1627 3380 1681 inter
3435 1627 3644 1684 ercas
3667 1630 3799 1701 phi-

424 1711 2071 1792 otinostr-iprceceptoresarcananobisinterpretatione
2099 1789 2122 1792 _»
2153 1710 2448 1782 losophiam
2494 1711 2851 1778 tradiderunt,
2882 1714 3247 1770 substantiam
3299 1715 3511 1785 quidem
3544 1719 3801 1788 plurimi:

425 1789 836 1876 tradiderant,
897 1789 1119 1880 nosque
1172 1801 1529 1863 hausimus:
1579 1789 1766 1864 Grece
1831 1804 2068 1884 legitur,
2097 1789 2320 1858 "modis
2366 1802 2706 1873 deﬁnierunt,
2758 1804 3105 1875 hypostaseos
3142 1820 3271 1860 vero
3323 1805 3529 1862 nullam
3568 1823 3803 1879 prorsus

419 1895 608 1972 κρυφέι
639 1891 949 1971 παράδοσις,
980 1899 1212 1953 secreto
1241 1889 1596 1952 traditioEt
1620 1892 1791 1972 paulo
1814 1894 1967 1955 infra
1985 1891 2068 1968 37,
2152 1894 2517 1955 mentionem
2531 1895 2739 1973 fecere,
2766 1903 2883 1955 etc.
2912 1895 3315 1974 Hieronymus
3332 1913 3466 1958 vero
3486 1897 3560 1960 de
3586 1898 3800 1961 eadem

425 1982 753 2047 Theotoaicaa
790 1985 997 2039 nostra:
1050 1980 1357 2036 traditionis
1402 1989 1707 2038 auctores...
1763 1984 2072 2055 assignant-
2150 1999 2317 2053 voce,
2340 1989 2536 2044 utrum
2575 1984 2914 2063 usurpanda
2958 1985 3130 2063 foret,
3166 1986 3520 2046 sententiam
3565 1989 3806 2050 Damasi

421 2089 522 2147 que
551 2071 846 2141 Scripturis
873 2073 1049 2127 sacris
1079 2071 1377 2127 insistendo
1407 2072 1662 2128 nonnulla
1701 2072 1853 2129 dictcc
1884 2074 2071 2130 unioni
2154 2089 2321 2150 papae
2341 2073 2702 2153 sciscitatus,
2738 2073 2818 2134 ait
2847 2075 2924 2132 διε
2969 2074 3111 2136 Tota
3143 2073 3526 2137 saecularium
3554 2077 3801 2140 littera-

416 2165 700 2245 propria,
731 2163 1111 2241 vicissimque
1138 2162 1549 2225 distinctioni.
1587 2162 1656 2224 lli
1692 2182 1831 2242 ergo
1855 2173 2063 2226 aucto-
2154 2178 2294 2222 rum
2310 2159 2515 2223 schola
2535 2161 2691 2224 nihil
2708 2162 2878 2224 aliud
2899 2163 3300 2243 Itypostasim,
3325 2167 3664 2229 nisiusiam
3699 2185 3802 2230 no«

420 2271 541 2328 res,
593 2252 709 2328 vel,
755 2260 818 2313 ut
865 2251 1068 2314 Graece
1114 2251 1419 2331 scribitur,
1451 2253 1765 2331 Θεολογικῆς
1823 2254 2062 2334 παραδό-

420 2365 560 2406 σεως
615 2343 959 2421 ἱερομύσται,
1029 2340 1222 2402 divina
1294 2341 1622 2415 attributa,
1696 2343 1890 2423 inquit
1939 2343 2060 2417 ille,

423 2433 854 2512 enodaverunt,
888 2430 1236 2510 Scripturis
1260 2433 1459 2493 sacris
1485 2433 1843 2507 insistendo,
1881 2433 2061 2506 vel,ut

425 2523 588 2603 prius
601 2521 1201 2602 dixerat,Scripturis
1217 2539 1478 2584 consona
1499 2523 1790 2584 tradendo
1824 2522 2063 2585 Illorum

421 2631 561 2691 ergo
611 2611 693 2672 ibi
727 2611 947 2692 profert
991 2612 1352 2686 testimonia,
1387 2611 1484 2693 qui
1533 2621 1662 2693 post
1696 2613 1886 2674 editos
1919 2615 2065 2676 Novi

420 2701 687 2766 Fwdcris
709 2701 991 2775 libros,ac
1011 2701 1068 2762 in
1097 2701 1307 2781 primis
1337 2702 1748 2783 Apocalypsim
1783 2712 1842 2764 et
1870 2706 2065 2766 Evan-

419 2792 638 2871 gelium
669 2789 936 2871 Joannis,
966 2810 1098 2872 quae
1131 2790 1349 2853 ibidem
1375 2793 1446 2853 ab
1475 2811 1545 2852 eo
1573 2791 2067 2870 laudaniur,inde

416 2881 806 2944 auctoritates
835 2880 908 2941 ad
944 2880 1413 2958 theologicorum
1445 2880 1520 2941 de
1551 2881 1746 2943 divina
1776 2880 2068 2945 Trinitate

421 2972 762 3047 dogmatum
797 2970 1226 3047 expositionem
1247 2969 1715 3043 all‘erebantﬂui
1733 2991 1874 3051 ergo
1899 2983 2067 3034 erant

2149 2253 2313 2312 vit...
2355 2249 2695 2313 Taceantur
2724 2261 2849 2314 tres
2876 2253 3310 2334 hypostases,si
3332 2257 3550 2334 placet,
3584 2263 3641 2318 et
3671 2275 3800 2320 una

2151 2347 2456 2403 teneatur.
2485 2342 2760 2404 Nondum
2787 2361 2926 2421 ergo
2942 2342 3285 2423 Hieronymi
3309 2352 3574 2424 tempore
3599 2364 3668 2407 ea
3687 2361 3798 2409 vox

2147 2441 2390 2512 recepto
2443 2431 2595 2511 apud
2629 2450 2839 2494 omnes
2868 2439 2929 2494 in
2989 2451 3098 2494 usu
3130 2441 3278 2509 erat,
3321 2452 3432 2494 nec
3462 2433 3800 2498 inconsulto

2151 2539 2386 2581 summo
2420 2521 2724 2600 pontifice,
2757 2539 2826 2584 ea
2854 2531 3096 2584 sanctus
3151 2521 3360 2584 doctor
3390 2523 3470 2584 uti
3503 2541 3570 2586 se
3624 2544 3803 2606 posse

2149 2608 2569 2672 arbitrabatur.

2234 2697 2351 2761 Sed
2387 2699 2706 2779 insurgunt
2731 2701 3154 2784 Areopagitici,
3193 2704 3539 2785 magnisque
3583 2705 3801 2768 animis

2150 2787 2624 2850 adversariorum
2660 2789 2773 2851 tela
2807 2791 3218 2873 retundentes,
3253 2804 3482 2855 certum
3536 2813 3674 2857 esse
3704 2796 3800 2857 di-

2151 2886 2292 2938 cunt
2321 2878 2741 2940 Antenicaanos
2804 2878 3006 2941 Patres
3050 2887 3108 2942 in
3167 2883 3508 2958 asserenda,
3543 2903 3675 2963 quae
3724 2885 3800 2947 de

2150 2967 2541 3028 sanctissimae
2569 2967 2875 3030 Trinitatis
2901 2972 3182 3050 mysterio
3209 2972 3281 3032 ab
3306 2973 3657 3035 orthodoxis
3680 2984 3801 3037 tra—

419 3058 1124 3139 iiDionysiiArcopagitae
1140 3060 1585 3139 praeceptores?
1607 3062 1888 3141 Nunquid
1921 3060 2066 3124 llie.
2089 3071 2132 3125 (ς
2157 3057 2338 3131 ditur,
2374 3058 2640 3119 doctrina
2673 3067 2788 3118 tam
2833 3068 3184 3120 constantes
3215 3061 3416 3136 fuisse,
3453 3072 3512 3122 ut
3543 3083 3615 3124 eo
3648 3072 3805 3127 tem-

419 3148 704 3213 rotlteus?
735 3147 850 3211 Sed
885 3149 934 3208 is
977 3149 1051 3209 ab
1084 3149 1184 3209 illo
1215 3167 1456 3228 semper
1501 3151 1873 3223 nominatim,
1905 3171 2066 3232 prae-

421 3248 651 3316 σωριον
679 3246 884 3301 noster
906 3237 1264 3318 appellatur.
1290 3239 1354 3300 Si
1377 3257 1517 3317 ergo
1538 3238 1702 3300 illum
1724 3239 1816 3302 his
1841 3243 1897 3302 in
1923 3241 2069 3304 locis

419 3328 640 3404 laudat,
675 3337 735 3390 et
764 3329 911 3390 alios
942 3328 1147 3408 procul
1204 3326 1384 3390 dubio
1417 3328 1616 3390 eidem
1649 3330 1938 3410 adjungit.
1990 3334 2070 3394 At

420 3438 599 3498 porro
630 3421 970 3500 quicunque
993 3427 1212 3480 tantem
1241 3417 1466 3480 fuerint
1490 3421 1867 3500 Areopagitte
1891 3421 2069 3500 magi-

419 3509 548 3588 stri,
581 3526 685 3570 eos
734 3515 896 3569 certe
945 3517 1172 3570 tantum
1217 3507 1359 3568 citat
1401 3507 1501 3588 qui
1558 3517 1690 3588 post
1739 3508 2068 3588 publicatos

420 3597 809 3677 Apocalypsis
861 3604 920 3658 et
950 3595 1252 3674 Evangelii
1299 3596 1547 3660 Joannis
1575 3598 1758 3659 libros
1799 3599 1878 3660 ita
1910 3599 2064 3662 scri-

421 3697 669 3768 pserunt
699 3693 759 3747 ut
793 3704 897 3748 eos
939 3686 1001 3747 in
1035 3687 1300 3747 omnium
1335 3704 1547 3748 manus
1572 3695 1632 3749 et
1661 3689 2062 3764 cognitionem

419 3779 655 3839 venisse
677 3774 922 3837 omnino
956 3793 1305 3855 persuasum
1328 3775 1640 3840 haberent.
1666 3775 1896 3839 Rursus
1927 3797 2064 3841 vero

421 3872 628 3927 auctor
648 3873 848 3926 noster
870 3864 969 3925 illa
992 3873 1421 3945 praeceptorum
1450 3883 1688 3928 suorum
1715 3868 2060 3948 0pera,non

424 3965 490 4016 ut
517 3973 730 4016 recens
753 3954 934 4030 edita,
967 3955 1073 4015 sed
1119 3954 1393 4016 omnibus
1437 3955 1786 4036 plerumque
1834 3957 2069 4036 cognita

424 4045 705 4108 laudavit.
741 4042 910 4107 Unde
939 4043 1130 4123 quivis
1163 4044 1336 4106 facile
1359 4044 1646 4123 intelligat
1675 4065 1886 4107 omnes
1915 4049 2066 4109 scri-

423 4136 616 4216 ptoris
638 4135 823 4196 nostri
843 4133 1288 4196 lucubrationes
1310 4143 1368 4195 et
1389 4135 1584 4197 serius
1605 4155 1778 4217 quam
1804 4137 2071 4200 creditur

423 4226 739 4306 prodiisse,
773 4241 886 4286 nec
939 4223 1290 4305 Dionysium
1341 4225 1757 4307 Areopagitam
1809 4230 2073 4306 potuisse

421 4334 635 4378 eorum
672 4333 802 4376 esse
829 4321 1157 4378 auctorem.

1026 4402 1267 4467 CAPUT
1314 4404 1473 4469 XIV.

428 4494 697 4558 Sextum
730 4502 1183 4574 argumentum,
1218 4512 1292 4556 ea:
1324 4498 1402 4556 iis
1432 4513 1570 4576 qua:
1599 4496 1669 4557 de
1695 4496 2078 4559 sanctissimo

513 4585 836 4650 Trinitatis
869 4586 1154 4664 mysterio
1187 4591 1575 4665 personisque
1604 4587 1836 4649 divinis
1866 4595 2082 4649 auctor

507 4681 714 4737 noster
743 4674 1022 4748 tradidit,
1063 4674 1466 4753 (lesumptum.

507 4763 660 4825 Illud
695 4770 888 4825 autcm
913 4761 1362 4844 probationibus
1377 4764 1501 4843 jam
1535 4762 1812 4826 adductis
1841 4765 2075 4827 accedit

425 4857 800 4924 ﬁrmamenti,
827 4859 979 4929 quod
1008 4873 1121 4915 non
1152 4857 1334 4915 solum
1357 4858 2071 4931 Hierotheusmtdiximue,

426 4946 501 5010 de
522 4942 830 5007 Trinitatis
862 4943 1138 5025 mysterio
1171 4942 1498 5005 clarissime
1529 4944 1804 5019 disserat,
1831 4945 1935 5006 sed
1969 4966 2075 5008 no-

425 5043 549 5099 ster
563 5033 741 5097 etiam
759 5033 1076 5115 Dionysius
1088 5041 1510 5115 praeceptorem
1525 5052 1694 5094 suum
1713 5042 2073 5112 praeeuntem

429 5124 514 5187 ita
546 5123 946 5206 subsequatur
973 5132 1034 5185 ut
1075 5132 1326 5201 uterque
1351 5131 1481 5205 post
1511 5132 1699 5184 ortam
1733 5133 1792 5184 et
1819 5122 2070 5187 damna-

427 5222 548 5274 tum
604 5213 957 5276 Arianorum
994 5213 1267 5275 haeresim
1325 5213 1597 5275 videatur
1639 5211 1964 5293 disputare.
2018 5215 2074 5277 Is

427 5303 589 5367 enim
622 5321 742 5366 non
776 5321 953 5366 secus
982 5321 1051 5366 ac
1084 5303 1448 5367 Hierotheus
1475 5319 1679 5365 vocem
1732 5301 2074 5384 hypostasis

506 5465 562 5508 26
591 5465 720 5527 Lib.
754 5464 843 5527 De
874 5466 1070 5528 divin.
1105 5485 1292 5540 nom.,
1329 5466 1505 5546 cap.l

1572 5464 1602 5553 ᾗ
1739 5461 1792 5508 ³⁷
1818 5465 2000 5553 Ibit_l_._.
2037 5489 2174 5553 cap.
2203 5469 2262 5531 2.
2317 5463 2733 5553 εεήοθλρῳςιᾳει.
2769 5465 3104 5553 Ιιξιίνανςήέ
3138 5482 3244 5544 cap

2158 3164 2300 3224 pore
2330 3165 2445 3226 quo
2468 3148 2645 3208 Arius
2670 3148 2940 3209 haeresim
2972 3166 3138 3210 suam
3180 3150 3568 3214 disseminare
3598 3155 3801 3234 cmpit,

2154 3235 2255 3296 i;le
2287 3254 2438 3298 nova
2469 3237 2881 3314 hactenusque
2929 3237 3194 3300 inaudita
3220 3238 3495 3317 dogmata
3523 3260 3805 3322 spargere

2153 3324 2558 3403 insimulatus,
2593 3326 2667 3389 ab
2712 3326 2989 3388 omnibus
3021 3339 3223 3390 contrr
3274 3329 3404 3409 ejus
3435 3331 3802 3411 impietatem

2154 3415 2824 3480 sitreclamatum.anli
2855 3425 3139 3496 praeterea
3175 3415 3423 3479 dubium
3454 3436 3588 3480 esse
3633 3440 3807 3501 possc

2149 3505 2603 3586 inquiunt,quin
2617 3506 2870 3586 apostoli
2891 3505 3264 3568 adorandum
3295 3507 3442 3568 illud
3455 3510 3802 3588 mysterium

2149 3593 2873 3674 Christianis,prazsertim
2893 3595 3496 3678 perfectioribus,non
3518 3599 3795 3670 obscure,

2149 3683 2252 3744 sed
2280 3683 2438 3745 clare
2483 3692 2542 3745 et
2573 3685 2888 3765 perspicue
2923 3686 3327 3766 exposuerint,
3354 3689 3656 3768 eosquein
3691 3689 3803 3752 hac

2151 3779 2267 3833 tam
2293 3773 2559 3834 diificilis
2583 3773 2846 3854 mysterii
2868 3775 3140 3837 doctrina
3167 3775 3456 3839 adversus
3488 3787 3804 3842 nascentes

2149 3861 2410 3923 haereses
2433 3862 2783 3943 numiendo,
2818 3863 2968 3924 nihil
3000 3863 3146 3944 ipsis
3168 3865 3515 3946 reliquerint
3535 3868 3807 3930 obscuri-

2152 3951 2370 4012 tatibus
2393 3952 2747 4016 involutum.
2784 3952 2936 4026 Quid
2970 3971 3111 4031 ergo
3138 3955 3350 4016 mirum
3381 3956 3432 4016 si
3455 3955 3795 4037 Dionysius,

2153 4039 2316 4101 Pauli
2331 4041 2752 4123 discipulus,et
2771 4042 3161 4124 philos0phize
3180 4045 3802 4121 callentissimus,tra-

2155 4131 2336 4192 ditam
2392 4133 2662 4210 ejusdem
2694 4133 2961 4213 mysterii
3003 4134 3357 4209 doctrinam,
3396 4153 3516 4215 prae
3567 4139 3803 4200 caeteris

2156 4220 2288 4283 aliis
2337 4221 2750 4303 scriptoribus,
2787 4223 2983 4284 verbis
3042 4225 3384 4304 explicuerit
3446 4225 3806 4290 clarioribus

2093 4313 2463 4406 Dmagisque
2497 4314 2927 4394 philoSOphicis
2956 4313 2986 4373 ‘I

2241 4405 2424 4466 Porro
2439 4411 2634 4465 autem
2650 4409 2914 4484 quamvis
2929 4422 3068 4464 usus
3085 4403 3264 4483 hujus
3278 4403 3445 4467 verbi
3467 4405 3808 4487 hypostasis

2158 4503 2294 4556 ante
2318 4492 2615 4556 Nicwnam
2641 4493 2938 4572 synodum
2975 4512 3089 4554 non
3121 4502 3277 4555 esset
3319 4494 3401 4557 ita
3429 4495 3710 4576 frequens
3737 4517 3811 4560 ac

2161 4584 2560 4664 promiscuus,
2588 4591 2822 4645 constat
2853 4592 3050 4644 tamen
3083 4601 3212 4644 eam
3247 4602 3448 4645 vocem
3481 4586 3555 4647 ab
3586 4587 3812 4668 aliqui-

2163 4677 2273 4734 bus
2317 4682 2658 4754 usurpatam
2684 4671 2894 4733 fuisse.
2929 4673 3163 4733 Etenim
3197 4671 3515 4753 Dionysius
3547 4675 3810 4738 Alexan-

2157 4762 2368 4826 drinus
2389 4782 2517 4828 eam
2543 4763 2730 4843 ipsam
2757 4761 3082 4839 aliquando
3118 4761 3463 4824 adhibuisse
3486 4763 3703 4843 legitur
3723 4765 3808 4828 δ’.

2158 4853 2498 4916 Alexander
2527 4871 2692 4928 vero,
2721 4850 3095 4913 Alexandriae
3141 4850 3484 4932 episcopus,
3518 4852 3592 4914 ad
3622 4854 3806 4918 alium

2156 4943 2587 5024 Alexandrum,
2638 4939 3180 5021 Constantinopolis
3223 4941 3596 5020 episcopum,
3650 4944 3808 5006 scri-

2160 5032 2310 5095 bens
2328 5033 2411 5106 53,
2436 5032 2789 5111 Propriam,
2813 5030 3028 5111 inquit,
3049 5028 3419 5110 hypostasim
3441 5030 3806 5115 declaravit,

2155 5128 2392 5190 dicens.
2407 5123 2514 5186 «In
2531 5124 2838 5205 principio
2857 5131 2984 5184 erat
3019 5119 3290 5194 Verbum,
3308 5131 3367 5184 et
3405 5121 3651 5186 Verbum
3673 5135 3808 5189 erat

2157 5217 2324 5296 apud
2347 5215 2545 5278 Deum
2563 5211 3090 5294 34,:etc.Denique
3107 5210 3200 5271 his
3219 5209 3389 5274 Pauli
3403 5210 3600 5274 verbis
3629 5238 3809 5294 χαρα-

2156 5310 2294 5386 κτὴρ
2351 5308 2450 5375 τῆς
2505 5306 2850 5370 ὑποστάσεως
2893 5305 3051 5361 αὑτοῦ
3091 5303 3175 5379 55,
3229 5318 3550 5381 personam
3613 5305 3809 5369 Patris

3255 5513 3267 5526 .
3306 5459 3367 5524 ἵ).
3401 5459 3456 5506 99
3490 5467 3572 5527 De
3601 5465 3802 5530 divin.

430 5563 622 5631 nam,
656 5565 786 5626 cap.
824 5547 885 5631 l_._
941 5547 994 5631 3f
1022 5548 1206 5620 lbid.,
1243 5565 1378 5628 cap.
1403 5542 1472 5609 ’2.
1501 5542 2165 5631 _3°‘_Lib.__m,“Histor'.,
2200 5569 2332 5631 cap.
2369 5552 2428 5631 ξῖἶ
2482 5546 2530 5588 ³¹
2563 5546 2776 5631 Epist,
2810 5549 2910 5620 57,
2943 5545 3016 5631 ad
3043 5542 3280 5631 Damae.
3325 5542 3379 5586 ³³
3409 5543 3476 5607 In
3507 5544 3713 5631 liesp.
3731 5549 3806 5611 ad

425 5622 675 5715 Propos.
728 5622 889 5691 Pauli
948 5629 1265 5713 Samosat.,
1300 5622 1444 5691 tom.
1501 5625 1548 5692 Ι.
1597 5626 1824 5696 Concil.
1867 5627 1920 5674 ³³
1968 5622 2330 5698 Theodorei.
2364 5630 2527 5697 lib.1
2577 5622 2770 5715 Hist,
2802 5645 2932 5712 cap.
2978 5625 3039 5692 4.
3100 5622 3156 5667 3‘
3185 5626 3353 5692 Joan.
3406 5641 3448 5690 ι.
3507 5623 3563 5670 ⁸⁵

427 5722 470 5796 i,
502 5708 561 5773 3.

3661 5628 3800 5698 ebr.
