4044 6152
229 312 299 389 3ῗ

1607 308 2200 394 PnoLseoMENA.

3517 335 3593 411 38

223 462 417 525 aeterni
447 461 832 542 designatam
863 482 987 526 esse
1019 461 1272 558 B_asilius
1295 461 1379 541 56,
1406 471 1474 558 et
1524 463 1798 528 laudatus
1827 469 1918 523 aA
1960 552 1978 558 Δ
2022 462 2290 558 Denique
2311 459 2467 546 quod
2496 469 2662 531 aiunt
2690 471 2994 535 auctorem
3030 468 3296 538 nostrum
3330 477 3589 558 primum

225 551 669 632 TbeOphylacto
685 554 1006 633 Gregorius
1021 552 1067 614 Ν
1073 573 1242 634 yssen
1255 573 1322 615 us
1338 553 1658 616 affirmant.
1671 555 1868 618 Caete-

218 660 366 714 rum,
401 642 682 721 quamvis
717 643 1074 704 concedatur
1131 644 1356 705 nullum
1417 651 1555 706 ante
1605 644 1866 724 Dyonisii

221 738 477 810 tempora
503 730 697 793 fuisse
721 733 896 812 hujus
921 732 1077 794 verbi
1105 753 1306 812 usuin,
1335 734 1640 794 fatendum
1671 744 1865 795 tamen

214 831 296 881 est
321 821 477 882 inter
505 820 888 883 Christianos
921 823 1217 884 exstitisse
1249 823 1536 904 aliquem,
1569 842 1600 883 a
1632 843 1746 903 quo
1787 823 1862 884 il-

212 907 304 969 lud
327 909 590 990 primum
627 918 874 991 creperi!
903 911 1194 990 usurpari.
1240 911 1388 984 QuiJ
1419 931 1558 991 ergo
1585 912 1862 991 prohibet

209 999 528 1078 quominus
563 999 906 1081 Dionysius,
959 1001 1049 1061 vir
1079 1001 1501 1082 philosophica:
1533 1003 1865 1083 disciplina:

209 1088 748 1170 peritissinzus,qui
781 1089 1034 1170 hujusce
1085 1091 1348 1171 vocis,ab
1392 1091 1716 1153 Aristotele
1749 1091 1864 1152 ali-

211 1176 336 1238 cubi
362 1178 632 1259 traditae,
673 1179 780 1240 vim
816 1190 1079 1260 noverat,
1114 1180 1216 1242 illa
1248 1182 1458 1242 eodem
1493 1199 1561 1243 ac
1593 1181 1694 1242 ille
1728 1182 1864 1261 phi-

213 1266 598 1346 losophorum
635 1269 938 1350 princeps,
973 1289 1152 1331 sensu
1187 1280 1244 1331 et
1274 1272 1704 1350 signiﬁcatione
1738 1271 1865 1351 pri-

211 1374 332 1418 mus
362 1357 524 1420 inter
555 1357 929 1421 Christianos
960 1378 1101 1422 usus
1133 1380 1265 1422 esse
1299 1360 1580 1422 dicatur?

284 1445 504 1510 Contra
538 1459 740 1510 tamen
776 1461 987 1526 urgent
1015 1449 1358 1528 instantque
1393 1452 1655 1514 adversae
1686 1451 1867 1530 partis

211 1535 486 1618 fautores,
523 1540 692 1619 quod
724 1543 992 1618 quamvis
1034 1541 1402 1604 Anteniczeni
1453 1545 1652 1603 Patres
1689 1542 1864 1604 Chri-

208 1635 351 1687 stum
385 1625 716 1689 Dominnm
747 1646 956 1690 verum
1003 1630 1218 1711 Deum,
1281 1629 1472 1692 Patris
1523 1631 1733 1693 aeterni
1765 1629 1866 1694 Fi-

207 1713 366 1796 lium,
394 1717 684 1797 ejusdem
710 1738 845 1780 cum
871 1737 940 1780 eo
968 1719 1334 1794 substantiae,
1357 1720 1590 1800 ipsique
1613 1729 1862 1783 coaeter-

209 1822 337 1866 num
371 1824 510 1868 esse
542 1816 606 1868 et
640 1806 1005 1870 crediderint
1059 1817 1117 1870 et
1166 1810 1501 1890 docuerint,
1544 1811 1617 1872 ab
1648 1829 1854 1872 eorum

208 1901 395 1956 tamen
430 1897 688 1958 nemine
717 1897 792 1958 de
826 1899 1098 1977 personis
1130 1899 1367 1980 divinis,
1401 1899 1756 1980 illarumque
1775 1907 1862 1960 at-

209 1983 438 2045 tributis
461 1995 522 2047 et
556 1985 849 2058 relativis,
877 1993 941 2050 ut
964 1987 1306 2069 loquuntur.
1342 1998 1401 2050 et
1447 1989 1864 2052 essentialibus

210 2079 314 2133 tam
346 2075 507 2136 clare
543 2085 608 2137 et
663 2078 994 2152 enucleate,
1058 2091 1239 2156 atque
1281 2079 1352 2139 ab
1385 2089 1627 2142 auctore
1660 2088 1860 2141 nostro

207 2165 562 2243 disputatum
596 2185 860 2248 unquam
891 2169 1094 2230 fuerit.
1122 2170 1193 2231 Et
1216 2188 1382 2250 sane,
1408 2169 1704 2251 inquiunt,
1757 2190 1863 2233 cur

207 2252 242 2312 ii
273 2253 369 2328 qui
401 2264 538 2332 post
563 2255 912 2336 Dionysium
941 2257 1190 2319 edendis
1224 2258 1741 2321 lucubrationibus
1763 2278 1860 2321 se-

220 2343 406 2404 cundo
421 2353 481 2405 et
497 2348 685 2406 tertio
698 2346 986 2409 Ecclesiae
999 2348 1214 2408 saeculo
1231 2366 1472 2426 operam
1487 2349 1862 2430 dedere,non

215 2435 443 2496 eosdem
479 2453 558 2498 ac
591 2438 699 2499 ille
731 2438 806 2499 de
839 2439 1036 2500 divina
1065 2438 1354 2502 Trinitate
1404 2460 1713 2502 sermones
1765 2441 1861 2502 lia-

212 2523 618 2590 buerunt?Cur
642 2528 845 2588 nullus
871 2529 1193 2609 aliquando
1230 2531 1384 2592 illius
1407 2539 1504 2592 aut
1528 2543 1856 2614 praecepto-

209 2614 283 2674 ris
315 2616 444 2693 ejus
475 2615 798 2680 Hierothei
831 2620 1169 2699 exemplum
1196 2630 1434 2681 secutus
1468 2629 1599 2684 est?

1952 552 2214 616 forsitam
2247 555 2450 637 fuisse,
2486 577 2518 619 a
2543 579 2658 639 quo
2679 562 2888 623 eadem
2919 582 3024 626 vox
3051 584 3230 628 sensu
3264 552 3591 632 memorato

1949 655 2188 724 accepta
2217 646 2317 725 sit,
2351 649 2534 740 gratis
2567 651 2812 740 omnino
2839 653 3098 731 ﬁngitur.
3134 654 3345 719 Noster
3373 665 3592 740 quippe

1949 745 2175 805 auctor,
2200 743 2261 795 ut
2285 736 2530 798 cuilabet
2559 739 2736 801 citata
2759 740 2887 802 loca
2921 747 3288 821 percurrenti
3323 736 3595 826 planissi-

1951 843 2110 884 mum
2147 826 2267 895 ﬁet,
2299 826 2372 888 de
2404 846 2472 887 ea
2502 829 2586 889 sic
2619 829 2900 912 disputat,
2935 851 3003 894 ac
3053 833 3103 893 si
3143 852 3353 896 sensus
3412 857 3588 917 quem

1949 913 2035 976 illi
2071 915 2294 990 tribuit,
2322 918 2464 978 nulli
2490 919 2734 981 omnino
2758 920 3407 1004 incognitus,rcceptus
3430 913 3589 990 esset

1949 1004 2021 1066 ab
2054 1005 2356 1067 omnibus.

2029 1093 2232 1174 Neque
2261 1097 2333 1157 ad
2385 1116 2491 1158 ren
2520 1099 2656 1160 facit
2689 1099 2924 1162 laudata
2955 1121 3070 1162 uno
3105 1102 3164 1162 in
3197 1102 3327 1165 loco
3360 1106 3592 1168 Aristo-

1949 1184 2082 1246 telis
2113 1186 2454 1247 auctoritas.
2497 1188 2576 1248 Ea
2607 1189 2828 1269 quippe
2857 1192 3008 1270 apud
3047 1191 3270 1271 primos
3303 1195 3592 1260 Ecclesiae

1955 1277 2156 1336 Patres
2188 1275 2409 1337 nullius
2441 1287 2570 1338 erat
2594 1280 2902 1352 momenti,
2938 1280 3160 1361 quippe
3192 1283 3288 1361 qui
3324 1285 3592 1363 philoso-

1950 1364 2104 1444 phia:
2127 1364 2400 1443 dogmata
2431 1377 2782 1446 respuerent
2811 1378 2868 1430 et
2897 1381 3379 1450 aspernarentur.
3412 1372 3593 1438 Porro

1949 1463 2144 1514 autem
2177 1455 2226 1513 si
2252 1455 2388 1534 quid
2417 1473 2696 1516 successu
2720 1463 3003 1537 temporis
3033 1458 3220 1521 exilia
3245 1461 3592 1539 hauserunt,

1952 1544 2212 1606 Platonis
2238 1547 2430 1624 potius
2457 1565 2631 1625 quam
2668 1546 3004 1611 Aristotelis
3033 1548 3249 1629 placita
3291 1561 3348 1612 et
3379 1552 3594 1616 doctri-

1951 1653 2086 1696 nam
2112 1644 2255 1697 sunt
2283 1636 2624 1716 amplexati.

2561 1725 2800 1790 CAPUT
2847 1729 2974 1790 XV.

1940 1821 2191 1886 Sextum
2216 1824 2660 1893 urg/amentum,
2686 1834 2760 1878 ex
2789 1817 2868 1877 iis
2897 1835 3030 1896 qua:
3058 1826 3270 1882 auctor
3296 1829 3501 1886 noster
3520 1822 3596 1886 de

2027 1904 2335 1970 monachis
2354 1921 2682 1983 eorumque
2703 1907 2858 1968 votis
2879 1923 2948 1970 ac
2963 1909 3206 1972 solcnnt
3220 1910 3597 1991 professione

2030 2002 2341 2070 memorat,
2376 1993 2672 2058 elicitum.

2027 2088 2132 2151 llla
2161 2103 2296 2145 vero
2321 2095 2622 2144 auctorem
2657 2094 2923 2146 nostrum
2961 2094 3088 2166 post
3121 2086 3382 2169 Dionysii
3412 2089 3597 2153 Areo-

1945 2177 2154 2258 pagitae
2175 2184 2404 2235 aetatem
2428 2173 2637 2234 vixisse
2662 2175 2998 2236 lucuienter
3019 2175 3598 2256 demonstrant,quaa

1945 2268 2020 2328 ab
2046 2287 2114 2328 eo
2130 2265 2294 2326 hisce
2310 2263 2368 2324 in
2397 2263 2909 2326 lucubrationibus
2930 2265 3003 2326 de
3021 2267 3442 2330 monachorum
3455 2287 3598 2350 pro-

1945 2357 2204 2419 fessione
2240 2362 2298 2415 et
2355 2354 2562 2414 ordine
2614 2355 2972 2434 produntur.
3011 2354 3099 2417 Ibi
3131 2357 3294 2420 enin:
3326 2359 3427 2421 ille
3476 2378 3597 2422 non

1946 2446 2200 2507 obscure
2221 2443 2393 2504 docet
2414 2443 2570 2505 hunc
2595 2445 3018 2504 monachorum
3044 2446 3317 2507 ordinem
3335 2456 3472 2510 ante
3492 2467 3598 2510 sua

1947 2543 2220 2614 tempora
2252 2533 2434 2593 fuisse
2467 2532 2802 2594 institutum
2842 2553 2858 2608 ;
2893 2534 3189 2614 traditque
3225 2538 3598 2616 apertissime

1947 2642 2149 2686 eorum
2179 2620 2608 2702 professionem
2626 2641 2694 2682 ac
2715 2631 2850 2682 vota
2870 2627 3200 2684 monastica
3221 2625 3595 2688 solemnibus

281 2702 416 2776 Quas
447 2725 596 2768 vero
628 2707 705 2768 ad
737 2708 1108 2786 probandum
1144 2710 1303 2771 vocis
1335 2712 1643 2773 ὑποστάεως
1690 2733 1864 2773 usum
1952 2729 2019 2773 ac
2052 2711 2326 2791 publicis,
2365 2729 2479 2770 non
2513 2728 2687 2771 secus
2714 2728 2783 2772 ac
2803 2711 3019 2772 saeculo
3050 2711 3260 2790 quinto
3293 2723 3351 2774 et
3402 2724 3591 2784 sexto.

212 2792 610 2871 adducuntur,
652 2816 720 2858 ea
743 2797 889 2858 nihil
918 2798 1140 2861 habere
1162 2800 1438 2860 videntur
1464 2800 1780 2862 soliditatis
1815 2821 1873 2877 et
1955 2801 2328 2862 caeremoniis
2355 2800 2538 2861 fuisse
2567 2799 2804 2860 emissa.
2863 2804 2935 2862 At
2991 2811 3385 2883 pratterquam
3436 2803 3598 2884 quod

215 2882 592 2949 ﬁrmamenti.
626 2885 948 2966 Epistulam
977 2890 1136 2950 enim
1171 2889 1431 2970 Dionysii
1477 2891 1872 2957 Alexandrini
1959 2891 2221 2970 priorum
2252 2889 2535 2952 Ecclesim
2556 2889 2911 2950 saeculorum
2935 2882 3288 2970 scriptores,
3340 2882 3519 2971 atque
3554 2893 3599 2956 ii

215 2973 314 3053 ipsi
343 2977 684 3056 supositam
719 2978 1238 3060 adulterinamque
1270 2998 1402 3041 esse
1427 2979 1612 3041 critici
1638 2982 1870 3043 doctio—
1892 3042 1929 3060 η
1961 2980 2135 3041 etiam
2168 2979 2279 3059 ipsi
2301 2979 2404 3056 qui
2428 2978 2501 3040 de
2523 2979 2774 3057 singulis
2799 2977 3264 3042 Christianorum
3289 2982 3600 3044 ordinibus

214 3081 302 3125 res
331 3065 507 3128 facile
537 3076 886 3146 agosscunt.
926 3069 1127 3130 Altera
1161 3088 1297 3132 vero
1321 3069 1567 3130 alterius
1601 3071 1868 3150 Dyonisii

215 3153 449 3231 epistola
479 3175 606 3236 quo
636 3165 910 3237 tempore
939 3158 1162 3238 scripta
1203 3158 1300 3238 sit,
1356 3159 1553 3220 nullus
1613 3161 1867 3222 deﬁnire

215 3249 413 3320 potest.
447 3245 762 3307 Baronius
792 3246 1033 3326 quidem
1065 3246 1226 3307 illam
1261 3266 1415 3308 anno
1440 3247 1578 3322 398,
1614 3267 1730 3328 quo
1761 3249 1865 3310 Li-

215 3330 344 3392 cinii
375 3341 640 3396 mortem
678 3335 1006 3416 consignat,
1042 3334 1237 3398 datam
1270 3343 1578 3418 opinatur;
1608 3338 1712 3399 sed
1743 3339 1867 3400 rui.

216 3437 349 3482 noso
371 3422 588 3484 nititur
619 3423 1033 3486 fundamento.
1060 3426 1208 3488 Nam
1241 3425 1505 3488 Licinius
1536 3446 1656 3488 non
1708 3447 1864 3491 anno

217 3511 342 3586 3°28,
374 3513 480 3574 sed
509 3514 663 3593 3‘24,
698 3522 758 3574 ut
789 3515 1177 3577 accuratioris
1216 3516 1447 3577 criterii
1475 3516 1865 3596 scriptoribus

217 3600 453 3679 videtur,
492 3605 683 3665 vitam
717 3603 926 3667 ﬁnivit.
959 3605 1182 3667 Demus
1223 3614 1420 3667 tamen
1463 3606 1864 3669 Alexandrum

219 3709 280 3752 eo
310 3711 423 3773 quo
454 3693 598 3754 vult
633 3697 921 3755 Baronins
951 3704 1219 3774 tempore
1250 3715 1416 3758 suam
1440 3714 1712 3760 exarasse
1743 3697 1867 3777 epi-

221 3782 410 3842 stolam
452 3805 467 3865 ;
501 3782 660 3865 quid
697 3784 839 3846 inde
863 3791 890 3847 ‘2
920 3784 1084 3846 Nulli
1114 3804 1256 3848 sane
1281 3786 1495 3847 mirum
1531 3805 1664 3849 esse
1695 3787 1873 3850 debet

221 3889 412 3934 vocem
450 3876 811 3955 hypostasis
841 3873 914 3935 ab
946 3876 1188 3936 homine
1219 3875 1634 3938 Alexandrinae
1664 3877 1872 3957 synodi

227 3963 602 4040 temporibus
623 3963 772 4024 adeo
795 3963 1212 4038 vicino,fuisse
1235 3976 1575 4044 usurpatam
1603 3984 1619 4042 ;
1654 3966 1758 4028 sed
1792 3967 1869 4029 il-

227 4048 311 4112 lud
342 4073 486 4117 sane
521 4054 885 4135 mirabilius,
921 4055 1076 4134 quod
1110 4055 1309 4117 nullus
1342 4056 1620 4136 scriptor,
1658 4065 1721 4118 ut
1751 4059 1867 4120 [’e-

228 4143 400 4205 tavius
429 4144 711 4206 ostendit
737 4146 822 4220 37,
861 4145 954 4205 liis
987 4145 1128 4205 tanti
1161 4146 1265 4206 viri
1300 4146 1704 4227 vestigiis,nisi
1741 4152 1870 4227 post

219 4230 684 4296 Alexandrinam
727 4234 1014 4315 synodum
1041 4235 1436 4297 insistendum
1463 4255 1596 4297 esse
1619 4245 1865 4316 putave-

1954 3070 2288 3132 accuratius
2308 3069 2518 3130 iisdem
2543 3069 2914 3148 temporibus
2933 3068 3598 3147 disseruerunt,nullam

1954 3161 2258 3221 monastici
2292 3157 2516 3219 ordinis
2555 3157 3057 3220 monachorumve
3091 3159 3474 3240 professionis
3504 3162 3598 3223 fec

1950 3268 2088 3311 cere
2109 3248 2670 3323 mentionem,certe
2693 3246 2935 3322 quidam
2960 3249 3349 3312 eruditissimi
3368 3258 3426 3312 et
3441 3252 3598 3312 anti-

1949 3338 2219 3420 quissimi
2249 3354 2452 3399 rerum
2488 3335 2951 3398 monasticarum
2985 3336 3361 3417 indagatores
3392 3358 3598 3403 earum

1949 3429 2240 3508 originem
2265 3427 2335 3488 ad
2364 3424 2602 3506 Paulos,
2626 3426 2919 3487 Antonios
2938 3425 3414 3510 Pacliomiosque
3437 3427 3598 3491 refe-

1948 3528 2087 3579 runt
2125 3515 2231 3578 His
2263 3533 2402 3594 ergo
2427 3523 2634 3578 auctor
2663 3520 2864 3576 noster
2895 3515 3190 3597 posterior
3219 3535 3350 3580 esse
3393 3517 3594 3594 debet,

1951 3625 2062 3669 nec
2092 3605 2406 3687 Dionysius
2438 3604 2794 3685 Areopagita
2831 3605 2948 3668 dici
2983 3615 3201 3682 potest.

2034 3695 2434 3776 Areopagitici
2452 3704 2646 3756 tamen
2663 3695 2819 3755 hunc
2845 3713 2962 3755 non
2986 3695 3212 3774 exigua;
3233 3697 3601 3762 difﬁcultatis

1956 3787 2177 3848 nodum
2201 3785 2355 3848 haud
2381 3783 2700 3846 difﬁculter
2730 3803 2794 3846 se
2817 3784 3050 3847 solvere
3072 3785 3461 3870 arbitrantur,
3483 3789 3602 3850 du-

1959 3877 2128 3957 plicis
2149 3875 2575 3938 monachorum
2589 3873 3422 3953 geuerisdistinctione.Aliud
3438 3879 3599 3942 enim

1959 3983 2091 4028 esse
2109 3966 2482 4044 aiuntgenus
2514 3963 2946 4026 cccnobitarum
2976 3972 3032 4026 et
3063 3968 3465 4043 eremitarum,
3500 3968 3602 4049 qui

1954 4075 1987 4118 a
2022 4055 2190 4136 plebe
2223 4074 2466 4136 prorsus
2492 4055 2729 4129 secreti,
2761 4061 2821 4116 et
2846 4073 2878 4115 a
2906 4066 3263 4118 czeterorum
3289 4058 3600 4120 hominum

1952 4148 2236 4208 societate
2279 4145 2580 4232 separati,
2642 4144 2701 4204 in
2761 4147 3136 4207 monasteriis
3185 4156 3244 4208 et
3282 4147 3596 4222 cmuobiis,

1949 4239 2040 4297 vel
2099 4236 2160 4298 in
2191 4236 2350 4297 silvis
2411 4244 2468 4296 et
2515 4236 2815 4296 montibus
2845 4237 3020 4296 vitam
3059 4237 3449 4299 monasticam
3491 4238 3602 4300 de-

215 4322 476 4418 _rit.Quod
505 4335 680 4387 certe
698 4343 1105 4418 quam‘parum
1132 4342 1200 4386 ea
1220 4344 1336 4418 vos,
1367 4325 1617 4418 ineunte
1668 4346 1860 4418 saecu—
1884 4366 1928 4418 Β
1948 4325 2188 4404 gebant.
2220 4324 2339 4418 II_os
2379 4323 2637 4418 fatentur
2670 4325 3014 4418 longe_po_st
3045 4322 3310 4418 Dyonisii
3341 4334 3598 4406 nitatem,

215 4409 267 4472 lo
297 4423 538 4490 quarto,
577 4422 755 4494 atque
783 4433 817 4475 a
864 4413 1091 4476 fortiori
1144 4415 1374 4476 saeculis
1419 4415 1854 4497 superioribus,

209 4503 415 4564 usitata
445 4513 637 4579 esset,
671 4511 876 4583 aperte
905 4503 1292 4566 detnonstrat.

284 4594 402 4656 Nec
421 4595 572 4675 pius
599 4593 831 4655 roboris
866 4601 925 4656 et
957 4592 1170 4654 virium
1196 4593 1340 4656 illud
1368 4595 1571 4668 habet,
1597 4596 1756 4676 quod
1789 4615 1861 4659 ea

213 4700 310 4744 vox
335 4687 476 4745 etin
520 4682 787 4761 Epistola
806 4683 878 4745 ad
911 4681 1196 4746 Hebraeos
1233 4695 1690 4764 occurrere,eta
1709 4687 1866 4748 Basi-

222 4769 296 4833 lio
329 4771 744 4852 Gregorioque
773 4791 951 4835 sensu
983 4772 1342 4854 Dionysiano
1376 4775 1664 4856 explicari
1709 4776 1867 4858 obji-

224 4859 391 4947 citur.
421 4860 692 4944 Uterque
723 4863 880 4924 enim
940 4862 1191 4926 Basilius
1247 4872 1306 4926 et
1363 4865 1687 4944 Gregorius
1739 4875 1867 4947 post

227 4946 530 5015 Nicaeuum
565 4952 882 5015 concilium
909 4953 1206 5034 scripsere
1239 4975 1254 5035 ;
1287 4954 1461 5035 aiqne
1495 4956 1555 5016 lii
1585 4974 1717 5018 eam
1741 4946 1868 5020 ένο-

228 5059 348 5103 cem
379 5047 593 5120 ;sensu
653 5042 1018 5126 temporibus
1061 5043 1185 5105 suis
1234 5046 1449 5107 usitato
1500 5045 1873 5127 interpretati

232 5140 381 5192 sunt.
415 5133 638 5196 Nullus
667 5142 864 5195 autem
898 5141 1034 5194 ante
1063 5131 1210 5194 illud
1248 5133 1566 5196 concilium
1599 5136 1869 5200 eamdem

232 5218 395 5283 Pauli
426 5239 638 5284 vocem
662 5221 743 5284 ita
771 5222 1009 5285 censuit
1029 5240 1160 5286 esse
1189 5223 1622 5304 explicandam.
1687 5229 1755 5289 Et
1811 5225 1874 5288 id

235 5310 470 5388 quidem
505 5313 586 5376 ita
604 5322 832 5375 certum
866 5321 979 5394 est,
1012 5322 1076 5375 ut
1105 5315 1167 5376 in
1199 5315 1397 5376 Latina
1426 5315 1696 5395 ejusdem
1719 5314 1876 5378 Pau-

239 5397 368 5462 linae
385 5402 660 5480 epistola:
685 5405 988 5480 versione,
1017 5422 1122 5465 vox
1153 5404 1357 5468 Graeca
1413 5406 1698 5470 δπόατεισις
1757 5424 1876 5468 non

241 5505 338 5567 per
367 5490 636 5554 Latinam
699 5493 1068 5576 hypostasis,
1101 5496 1204 5557 sed
1264 5495 1473 5576 ﬁgura
1520 5495 1876 5561 substantiae

243 5578 467 5644 reddita
494 5581 747 5665 legatur.

1946 4434 2060 4478 nec
2090 4423 2225 4477 ante
2255 4413 2441 4480 Pauli.
2479 4413 2725 4475 Antonii
2753 4422 2810 4474 et
2839 4411 3144 4475 Pachumii
3195 4427 3466 4496 tempora
3497 4435 3600 4477 or-

1946 4514 2066 4567 tum
2092 4505 2393 4566 habuisse.
2427 4503 2604 4565 Aliud
2629 4523 2767 4565 vero
2811 4502 3176 4565 contendunt
3205 4504 3388 4566 fuisse
3413 4525 3602 4585 genus

1946 4595 2375 4657 monachorum
2433 4594 2533 4673 qui
2569 4611 2702 4674 pars
2735 4593 2932 4673 populi
2983 4593 3302 4674 prmeipua,
3363 4604 3422 4656 et
3473 4595 3603 4656 illu-

1955 4685 2134 4747 strior
2157 4685 2355 4763 gregis
2385 4682 2606 4746 Christi
2632 4681 3016 4763 portio,inter
3040 4682 3222 4744 laicos
3246 4683 3328 4744 ita
3349 4703 3600 4765 compu-

1953 4775 2250 4848 tabantur,
2288 4782 2348 4834 ut
2385 4771 2616 4852 primus
2648 4771 2734 4833 eis
2787 4771 2847 4833 in
2879 4775 3079 4850 synaxi
3136 4779 3268 4851 post
3320 4772 3604 4834 Ecclesiae

1954 4866 2261 4928 ministros
2291 4865 2625 4944 assignatus
2658 4871 2816 4926 esset
2847 4864 3038 4926 locus.
3070 4863 3159 4924 Illi
3184 4882 3360 4944 porro
3402 4865 3598 4945 priva-

1955 4957 2061 5020 tim
2093 4957 2154 5017 in
2199 4956 2323 5016 suis
2356 4954 2590 5016 urbium
2621 4953 2870 5029 aedibus,
2906 4954 2994 5015 vel
3022 4953 3200 5014 simul
3231 4953 3293 5014 in
3327 4954 3604 5034 collegiis

1954 5048 2132 5110 vitam
2159 5063 2364 5126 puram
2401 5053 2458 5106 et
2490 5054 2737 5123 castam,
2768 5051 2945 5120 atque
2968 5061 3002 5104 a
3033 5041 3190 5104 curis
3223 5045 3478 5106 tarrenis
3508 5065 3605 5108 ex-

1956 5137 2236 5219 peditam,
2269 5134 2490 5216 unique
2513 5133 2634 5195 Dco
2667 5132 3061 5213 mancipatam
3094 5131 3370 5212 agebant.
3392 5136 3603 5198 Mona-

1956 5227 2104 5289 cbos
2131 5234 2326 5288 autem
2361 5225 2505 5285 istos
2560 5221 2926 5302 temporibus
2979 5221 3384 5303 apostolorum
3419 5226 3603 5286 exsti-

1959 5317 2103 5378 tisse
2125 5315 2355 5394 dicunt,
2381 5330 2604 5393 eosque
2628 5328 2761 5374 esse
2787 5320 3083 5386 asserunt,
3109 5311 3184 5374 de
3207 5312 3427 5392 quibus
3447 5315 3618 5378 Philo

1957 5405 2199 5470 Iudaeus
2220 5404 2387 5465 illum
2411 5401 2666 5465 instituit
2683 5400 3155 5482 sermonem,qui
3178 5400 3253 5464 ab
3277 5399 3536 5466 Eusebio
3556 5408 3616 5467 in

1961 5494 2239 5558 Historia
2264 5493 2329 5542 38
2359 5509 2465 5553 sua
2506 5491 2900 5570 transcriptus
2931 5498 3047 5554 est.

2042 5585 2248 5667 Neque
2275 5583 2496 5646 dixeris
2528 5581 2660 5658 hos,
2695 5599 2842 5661 quos
2877 5581 3038 5644 Philo
3079 5600 3198 5644 non
3259 5581 3606 5667 monachos,

319 5739 372 5788 ³⁸
398 5741 581 5828 Epist.
627 5745 732 5826 43,
765 5749 842 5814 ad
870 5747 1122 5830 Gregor.
1157 5748 1329 5837 Nyss.
1375 5749 1427 5800 31
1463 5750 1752 5833 Theolog.
1787 5753 1865 5820 Dc

1959 5760 2099 5830 ται,
2134 5765 2265 5831 cap,
2301 5751 2358 5812 t.
2405 5743 2461 5789 ³⁸
2496 5742 2622 5808 Lib.
2670 5759 2740 5825 n,
2773 5760 2906 5826 cap.
2943 5743 3042 5810 17.
