4044 6152
426 333 504 409 39

1580 334 1640 407 s.
1686 333 2094 410 DIONYSIUS
2134 327 2644 409 AREOPAGITA.

3740 329 3815 408 40

422 474 528 540 sed
552 475 934 557 therapeutes
951 479 1354 550 vocat,revera
1369 474 1694 538 monachos
1713 492 1829 536 non
1856 473 2066 550 fuisse,
2094 483 2131 534 A
2154 474 2263 538 ubi
2290 478 2497 538 omnia
2527 477 2582 539 is
2611 481 2714 556 qui
2741 475 3382 558 iuitiatur,professus
3402 483 3507 555 est,
3529 477 3814 540 sacerdos

423 565 530 628 sed
550 565 1214 646 Judaica,nequaquam
1251 583 1387 626 vero
1423 563 1781 628 Christianae
1809 564 2080 644 religioni

423 655 716 730 addictos,
745 665 920 734 atque
945 654 1268 716 Eusebium
1325 655 1436 716 hac
1486 655 1545 715 in
1577 672 1666 735 re,
1721 661 1783 715 ut
1813 654 2083 716 eruditus

425 745 558 825 ejus
580 745 875 826 interpres
895 744 1167 808 Valesius
1193 743 1648 816 observat,vano
1675 762 1882 806 errore
1903 744 2083 805 fuisse

424 834 863 916 deceptum.Ab
883 835 1324 916 Areopagiticis
1348 834 1508 896 enim
1535 833 1744 896 audies
1763 833 1954 894 nullas
1976 852 2080 912 pe-

422 924 703 1005 nitusque
738 925 976 987 frivolas
1015 942 1148 986 esse
1179 922 1400 988 Valesii
1443 924 1726 985 adversus
1774 932 2080 984 auctorem

421 1031 594 1076 suum
629 1013 1034 1096 probationes.
1071 1024 1130 1077 et
1185 1023 1371 1088 certe,
1427 1013 1727 1092 inquiunt,
1763 1011 2077 1086 Eusebius,

419 1106 510 1166 vir
531 1122 782 1166 summa
806 1105 1160 1166 eruditionis
1182 1104 1242 1165 in
1266 1104 1675 1182 dignoscenda
1709 1104 2081 1183 therapeuta-

421 1211 555 1255 rum
590 1194 902 1274 religione,
942 1201 1056 1255 tam
1085 1199 1274 1273 turpis
1303 1193 1782 1256 hallucinationis
1805 1211 1925 1254 non
1949 1192 2080 1253 sinc

421 1283 772 1345 temeritatis
791 1291 925 1345 nota
953 1291 1147 1364 potest
1164 1281 1771 1345 insimulari.Addunt
1795 1291 2082 1362 praterea

420 1369 851 1453 Hieronymum
872 1372 1011 1435 huic
1033 1371 1276 1434 Eusebii
1301 1373 1377 1434 de
1401 1372 1738 1435 Christiana
1774 1374 2080 1452 therapeu-

423 1469 613 1524 tarum
675 1463 970 1542 religione
1026 1463 1290 1542 opinioni
1351 1464 1477 1524 hac
1536 1463 1963 1542 subscripsisse
2016 1461 2077 1521 in

423 1552 606 1614 verba
625 1551 1142 1626 39:Pltilo,videns
1167 1551 1560 1614 Alexandria
1579 1553 1848 1633 primum
1872 1550 2081 1613 Eccle-

415 1643 569 1705 sium
593 1644 791 1705 adhuc
813 1643 1289 1718 Judaizantem,
1320 1643 1499 1723 quasi
1523 1644 1589 1704 in
1616 1642 1858 1704 laudem
1881 1641 2081 1720 gentis

417 1747 542 1793 sua
561 1731 786 1794 librum
811 1747 995 1811 super
1011 1747 1219 1792 eorum
1235 1734 1702 1794 conversatione
1722 1731 1994 1809 scripsit.

501 1823 580 1882 At
600 1839 746 1883 sane
768 1821 1176 1902 Areopagitici
1205 1822 1605 1902 therapeutas,
1631 1821 1682 1882 si
1707 1821 1837 1882 ﬁeri
1863 1821 2073 1904 possit,

423 1911 776 1973 Christianae
794 1911 1070 1990 religioni
1089 1929 1306 1972 nomen
1329 1909 2079 1972 dedisseinvictisdemon-

421 2008 609 2062 strent
637 2001 1030 2079 argumentis,
1069 2019 1173 2079 per
1207 2018 1314 2062 nos
1349 1999 1511 2064 licet.
1545 1999 1661 2061 Sed
1721 2000 1867 2062 illos
1898 2005 2075 2060 vitam

421 2091 842 2171 monasticam,
873 2089 1070 2167 qualis
1101 2088 1174 2150 ab
1209 2097 1453 2150 auctore
1515 2097 1714 2150 nostro
1775 2088 2073 2151 describi-

420 2195 538 2257 tur,
573 2180 887 2262 aliquando
921 2180 1186 2261 duxisse,
1225 2180 1388 2242 nullo
1414 2199 1694 2261 unquam,
1726 2187 1790 2241 ut
1813 2188 2071 2261 putatur,

420 2271 797 2352 antiquitatis
854 2271 1222 2332 monimento
1254 2270 1606 2350 probabunt.
1644 2271 1819 2332 Missa
1850 2277 2070 2332 etenim

422 2361 683 2442 primum
718 2379 788 2421 ea
831 2360 1080 2422 facimus
1116 2379 1248 2440 qua
1277 2360 1532 2439 scriptor
1564 2369 1764 2422 noster
1819 2360 1895 2421 de
1946 2359 2072 2422 Mo-

418 2451 628 2512 nachis
661 2451 787 2511 suis
810 2449 1081 2530 tradidit,
1105 2468 1208 2510 eos
1239 2468 1357 2511 non
1392 2449 1450 2511 in
1476 2450 1745 2530 urbibus,
1773 2449 1877 2512 sed
1907 2459 2071 2511 extra

410 2539 596 2602 urbes
628 2555 998 2620 progressos,
1027 2539 1087 2600 in
1120 2539 1312 2602 hortis
1334 2539 1659 2620 agellisque
1707 2539 1967 2619 degisse,
2003 2559 2072 2601 ac

413 2631 666 2711 proinde
686 2628 1060 2703 Antonianis,
1097 2629 1254 2710 quod
1287 2629 1386 2691 alii
1411 2640 1648 2710 negant,
1681 2630 1865 2691 fuisse
1899 2630 2067 2691 simi-

413 2719 524 2781 les.
562 2719 712 2781 lllud
747 2727 946 2781 autem
980 2719 1354 2798 potissimum
1390 2720 1716 2801 quarimus
1746 2738 1854 2781 cur
1887 2721 2071 2783 Euse-

415 2807 550 2870 bius
579 2809 682 2890 qui
713 2815 874 2870 tanto
905 2809 1039 2870 nisu
1071 2810 1461 2890 therapeutas
1488 2809 1873 2871 Philonianos
1903 2810 2071 2872 Chri-

413 2899 623 2960 stianis
653 2898 1142 2960 annumerandos
1174 2916 1306 2961 esse
1339 2897 1593 2978 probare
1642 2911 1894 2961 conatus
1954 2908 2066 2980 est,

414 2995 661 3048 eosdem
681 2986 893 3048 nullibi
918 2987 1132 3048 dixerit
1155 2987 1480 3049 monachos
1506 2986 1815 3063 fuisse,vel
1839 3006 2072 3050 succes-

412 3094 580 3138 sores
603 3077 912 3157 habuisse,
933 3076 1034 3157 qui
1059 3075 1344 3154 vestibus,
1377 3087 1640 3148 tonsura,
1673 3079 1821 3140 votis
1842 3078 2067 3140 solem-

413 3164 613 3240 nibus,
647 3184 717 3228 ac
745 3166 976 3228 vivendi
1008 3165 1242 3228 ratione
1266 3166 1338 3228 ab
1390 3167 1671 3230 omnibus
1716 3167 2068 3230 Christianis

413 3255 1086 3336 secreti,perfectiorem
1110 3258 1245 3318 vita
1271 3258 1617 3320 monasticae
1640 3276 1908 3319 normam
1935 3276 2064 3338 pro-

411 3347 883 3412 ﬁtebantur.Cnr
906 3345 1532 3429 Hieronymus,tantus
1553 3351 1898 3412 monastica
1921 3369 2063 3433 pro-

407 3437 687 3501 fessionis
711 3437 1085 3518 pradicator,
1109 3439 1347 3501 eosdem
1368 3439 1748 3520 therapeutas
1769 3439 1828 3502 in
1857 3458 2062 3502 mona-

407 3529 654 3590 chorum
680 3547 1000 3591 numerum
1025 3548 1147 3590 non
1172 3529 1642 3611 refert,illosque
1659 3549 1794 3595 cum
1829 3532 2062 3594 cateris

407 3617 684 3679 omnibus
715 3617 924 3698 prima
951 3616 1234 3680 Ecclesia
1265 3618 1616 3682 Christianis
1647 3619 1972 3701 permiscet
2004 3629 2064 3682 et

409 3707 752 3770 confundit?
771 3707 950 3771 Nulla
979 3709 1182 3788 procul
1199 3709 1383 3770 dubio
1409 3709 1525 3771 alia
1552 3710 1706 3771 ratio
1728 3709 1927 3772 aﬂ‘erri
1952 3727 2062 3788 po-

409 3797 751 3878 terit,quam
777 3815 889 3860 nec
917 3799 1299 3879 therapeutas
1331 3798 1500 3860 initio
1525 3799 1825 3861 nascentis
1848 3798 2059 3862 Eccle-

409 3887 538 3969 sia,
590 3906 703 3950 nec
735 3887 889 3950 ullos
923 3888 1290 3951 Christianos
1325 3887 1585 3970 Dionysii
1617 3897 1885 3970 tempore
1917 3889 2061 3952 tales

409 3979 735 4041 monachos
755 3977 960 4056 fuisse,
995 3978 1203 4059 quales
1226 3978 1297 4041 ab
1330 3988 1578 4041 auctore
1600 3987 1805 4043 nostro
1833 3997 2060 4042 memo-

406 4078 638 4130 rantur.

487 4157 682 4237 Atque
710 4157 854 4220 illud
885 4157 1126 4239 quidem
1151 4175 1220 4220 eo
1245 4176 1451 4221 rursus
1476 4157 1817 4221 conﬁrmari
1842 4164 2054 4241 potest,

410 4248 564 4330 quod
600 4248 992 4310 monasticum
1025 4247 1363 4310 institutum
1396 4267 1515 4311 non
1547 4247 1819 4310 ferebant
1861 4250 2052 4329 prima

408 4336 776 4400 savientium
825 4338 1111 4402 adversus
1166 4337 1529 4401 Christianos
1563 4339 2051 4420 persecutionum

409 4427 851 4507 tempora.Quts
876 4428 1031 4489 enim
1083 4427 1196 4489 sibi
1219 4427 1572 4509 persuadeat
1605 4437 1882 4508 tyrannos
1914 4427 2051 4490 ido-

2164 585 2283 625 eum
2317 570 2470 642 signo
2499 570 2674 627 crucis
2703 571 3075 644 consignatum
3105 570 3347 629 tondet...
3399 573 3651 642 omnique
3675 575 3816 627 veste

2164 655 2608 730 detracta,eum
2640 655 2768 717 alia
2821 656 3195 730 induit.Quis
3231 665 3426 719 autem
3462 655 3667 738 primis
3696 655 3812 718 Ec-

2166 744 2750 825 clesiatemporibus
2767 747 3123 809 monachum
3148 746 3409 824 aliquem
3430 756 3589 808 veste
3608 754 3666 806 et
3687 753 3810 807 ton-

2168 851 2307 894 sura
2328 833 2403 895 ab
2425 833 2558 895 aliis
2576 833 2928 898 Christiana
2967 835 3274 916 religionis
3319 835 3663 898 hominibus
3686 835 3810 897 dis-

2169 932 2423 1004 cretum,
2458 924 2517 984 in
2548 923 2785 1003 publico
2815 925 3030 1000 visum,
3078 931 3182 988 aut
3209 943 3243 987 a
3275 923 3518 1006 paganis
3550 933 3810 1004 captum,

2168 1018 2635 1092 tortumque,aut
2655 1025 2934 1076 necatum
2967 1015 3272 1077 memoria
3303 1014 3621 1096 aliquando
3643 1032 3812 1075 man-

2165 1101 2358 1164 davit?
2386 1101 2666 1178 Ubinam,
2695 1121 2922 1185 quaso,
2957 1105 3276 1185 collegium
3309 1104 3571 1187 aliquod,
3604 1104 3665 1166 in
3697 1123 3810 1186 quo

2167 1192 2445 1253 monachi
2477 1192 2653 1254 simul
2685 1193 2858 1256 vitam
2892 1194 3254 1275 degerent,a
3285 1194 3530 1277 paganis
3559 1202 3661 1256 aut
3690 1195 3807 1256 im-

2165 1280 2536 1361 peratoribus
2561 1281 2881 1363 pradatum
2903 1293 3001 1346 aut
3025 1303 3298 1347 eversum
3321 1281 3628 1364 legitur?Si
3663 1283 3808 1365 quid

2164 1370 2258 1432 his
2291 1390 2408 1432 non
2442 1371 2686 1434 omnino
2718 1373 2992 1436 absimile
3025 1375 3083 1436 in
3116 1375 3473 1455 quibusdam
3531 1375 3812 1453 martyris

2163 1460 2591 1541 alicujusActis
2615 1481 2932 1526 occurrere
2951 1464 3193 1537 dixeris,
3221 1471 3505 1543 arguetur
3531 1463 3810 1526 continuo

2167 1548 2264 1610 illa
2324 1568 2438 1611 nec
2496 1551 2756 1627 genuina
2815 1571 2949 1615 esse
3000 1571 3112 1614 nec
3143 1553 3400 1629 sincera,
3437 1552 3706 1634 nihilque
3739 1554 3812 1614 de

2164 1646 2438 1721 tempore
2469 1659 2587 1721 quo
2625 1649 2843 1722 martyr
2872 1642 2974 1704 ille
3006 1643 3248 1720 obierit,
3273 1642 3347 1704 ab
3379 1660 3582 1704 eorum
3618 1642 3810 1724 scrip-

2163 1727 2391 1790 toribus
2422 1738 2583 1791 certo
2616 1730 2885 1794 deﬁniri.

2099 1802 2139 1854 Β
2241 1816 2445 1880 Tradit
2471 1819 2731 1901 denique
2761 1828 2969 1882 auctor
2998 1828 3202 1884 noster
3236 1839 3454 1885 nomen
3489 1822 3816 1903 therapeu-

2161 1909 2231 1970 la
2249 1917 2308 1970 et
2336 1910 2611 1970 monachi
2633 1928 2740 1970 suo
2762 1917 3032 1991 tempore
3059 1912 3263 1974 tritum
3288 1921 3347 1973 et
3367 1911 3608 1991 \ulgare
3631 1911 3816 1975 fuisse

2157 2010 2337 2079 atque
2355 2016 2390 2060 a
2417 1999 2883 2079 praeceptoribus
2905 2001 3029 2062 suis
3051 1999 3203 2062 illud
3223 2001 3596 2082 Christianis,
3631 2001 3812 2064 ritum

2162 2089 2557 2150 monasticam
2617 2087 2973 2152 solemniter
3030 2090 3475 2172 proﬁtentibus,
3509 2091 3806 2153 inditum:

2156 2175 2320 2239 Hinc
2349 2181 2544 2240 sancti
2569 2186 2964 2259 praceptores
2994 2181 3684 2262 nostri,inquit,divinis
3717 2199 3814 2244 eos

2158 2266 2663 2348 appellationibus
2680 2276 2821 2330 sunt
2838 2275 3178 2348 prosecuti:
3204 2271 3316 2331 alii
3341 2271 3580 2350 quidem
3601 2271 3807 2333 thera-

2153 2366 2384 2437 peutas,
2429 2357 2542 2418 alii
2597 2374 2734 2421 vero)
2769 2359 3098 2421 monachos
3133 2358 3598 2438 apellaverunt:
3634 2364 3680 2417 oi
3711 2363 3807 2437 μὲν

2156 2445 2503 2526 θεραπευτάς,
2564 2450 2612 2503 οἱ
2664 2446 2718 2504 δὲ
2785 2449 3054 2529 μοναχούς
3111 2449 3484 2525 ὀνομάζοντες.
3522 2448 3807 2524 Quinam,

2155 2533 2430 2610 obsecro,
2461 2553 2596 2598 esse
2639 2543 2911 2616 poterant
2945 2537 3003 2597 hi
3063 2536 3328 2617 Dionysii
3382 2548 3805 2619 praceptores,

2154 2624 2256 2706 qui
2278 2643 2350 2688 ea
2375 2625 2616 2687 nomina
2635 2627 3192 2707 appellationesquc
3215 2627 3463 2689 divinas
3483 2627 3602 2689 illis
3625 2629 3814 2710 impo-

2153 2721 2359 2777 suere?
2386 2716 2517 2777 Non
2548 2715 2716 2777 Philo
2762 2715 3029 2794 quidem.
3070 2714 3127 2776 Is
3158 2718 3343 2791 enim,
3409 2716 3644 2780 Judaus
3675 2737 3812 2780 cum

2153 2814 2404 2885 esset,a
2461 2803 2738 2884 Dionysio
2793 2804 3148 2884 Areopagita
3206 2814 3486 2886 tanquam
3545 2827 3702 2869 unus
3734 2827 3804 2870 ex

2153 2894 2379 2955 sanctis
2400 2891 2872 2974 praceptoribus
2895 2896 3016 2956 suis
3041 2894 3265 2956 laudari
3289 2914 3408 2956 non
3429 2897 3640 2977 potuit.
3659 2897 3810 2970 Qui-

2154 3001 2288 3044 nam
2324 3002 2463 3062 ergo
2497 2983 2570 3045 ab
2629 3001 2699 3046 eo
2733 2997 3143 3064 praceptores
3174 2985 3602 3067 appellantur?
3653 2986 3810 3050 Num

2157 3073 2510 3136 llierotheus
2539 3074 2632 3135 vel
2663 3074 2786 3148 alii,
2819 3093 3072 3151 quorum
3121 3093 3340 3136 nomen
3391 3077 3629 3158 excidit,
3663 3095 3808 3140 eva-

2155 3163 2408 3244 nuitque
2435 3162 2870 3226 memoria?Sed
2896 3164 2953 3224 hi
2978 3164 3100 3226 suis
3123 3165 3490 3244 temporibus
3533 3167 3808 3230 celebres

2153 3269 2286 3314 esse
2316 3251 2676 3328 debuerunt,
2712 3260 2768 3314 et
2799 3253 3080 3314 omnibus
3111 3253 3287 3315 facile
3318 3255 3462 3317 noti.
3498 3254 3618 3318 Cur
3658 3274 3806 3332 ergo

2149 3340 2251 3406 isti
2285 3340 2400 3404 soli
2430 3361 2565 3405 cum
2599 3342 2893 3424 discipulo
2950 3361 3058 3404 suo
3108 3341 3388 3424 Dionysio
3447 3343 3804 3426 Areopagita

2149 3431 2367 3514 primo,
2400 3432 2670 3497 secundo
2702 3432 3002 3513 tertioque
3029 3430 3310 3496 Ecclesia
3339 3433 3559 3496 saculo
3592 3453 3804 3498 mona-

2147 3521 2396 3583 chorum
2419 3521 2681 3598 nomina,
2704 3522 3002 3598 ordinem,
3029 3531 3272 3604 statum,
3296 3523 3802 3605 professionnem,

2146 3619 2304 3688 vota,
2330 3619 2664 3692 tonsuram,
2691 3620 2909 3674 vestem
2933 3622 2991 3675 et
3012 3612 3264 3692 collegia
3287 3621 3804 3678 memoraverunt?

2147 3702 2318 3764 Certe
2341 3719 2474 3762 cum
2498 3700 2596 3763 alii
2623 3702 2946 3782 scriptores
2977 3721 3084 3783 per
3117 3711 3232 3765 tam
3267 3703 3442 3784 longa
3473 3704 3647 3766 trium
3683 3723 3800 3768 sa-

2143 3790 2412 3854 culorum
2439 3790 2634 3871 spatia
2658 3791 3152 3855 horumomnium
3178 3811 3551 3875 nequaquam
3575 3795 3799 3857 memi-

2146 3883 2370 3957 nerint,
2396 3880 2455 3941 id
2489 3899 2632 3944 sane
2657 3890 3005 3962 argumento
3036 3902 3153 3944 non
3185 3883 3484 3946 levissimo
3517 3893 3606 3946 est
3636 3892 3798 3947 tem-

2145 3989 2289 4052 pore
2318 3969 2581 4052 Dionysii
2602 3971 2794 4034 nullos
2825 3973 3118 4036 exstitisse
3142 3973 3554 4054 hujuscemodi
3579 3991 3799 4038 mona-

2141 4060 2290 4124 chos
2319 4067 2378 4123 et
2409 4060 2812 4142 tberapeutas.

2743 4159 3014 4226 CAPUT.
3065 4160 3195 4228 XVI

2135 4250 2532 4322 Argumentum
2595 4251 2873 4324 septimum
2907 4296 2920 4319 ,
2983 4269 3048 4308 es:
3097 4253 3420 4310 caremoniis
3488 4251 3800 4324 ritibusque

2205 4331 2399 4398 sacris,
2431 4346 2560 4402 quos
2592 4339 2776 4388 auctor
2807 4341 2986 4390 noster
3014 4335 3294 4402 recensuit,
3320 4334 3719 4407 depromptum.

2216 4419 2466 4484 Maxima
2487 4424 2980 4486 caeremoniarum
3009 4424 3358 4503 multitudo,
3385 4423 3798 4505 solemnisque

408 4496 1129 4599 loru'mque'cultores,qui
1155 4496 1388 4580 summa
1419 4496 1776 4580 crudelitate
1805 4518 1861 4579 in
1887 4517 2053 4581 Chri-
2073 4496 2341 4573 Dearum
2375 4522 2688 4594 apparatus
2720 4524 2776 4578 et
2811 4533 3044 4596 pompa,
3094 4515 3310 4597 quibus
3339 4496 3552 4578 auctor
3581 4496 3794 4577 noster

410 4607 639 4671 stianos
669 4625 878 4670 omnes
905 4607 1350 4690 grassabantur,
1376 4627 1476 4670 eos
1517 4608 1762 4690 impune
1821 4609 2049 4682 tulisse,

407 4701 507 4784 qui
547 4701 607 4764 in
639 4701 904 4782 collegiis
934 4700 1336 4765 communiter
1363 4702 1689 4784 degentes,
1720 4709 1964 4764 tonsura
1996 4711 2055 4764 et

407 4805 568 4860 veste
593 4798 1053 4880 perfectiorique
1093 4799 1326 4861 vivendi
1355 4817 1578 4879 genere
1611 4800 1841 4862 cateris
1873 4797 2050 4862 Chri-

405 4890 612 4954 stianis
641 4891 995 4955 illustriores
1025 4900 1214 4954 erant.
1248 4891 1580 4967 Sacerdos,
1615 4891 1801 4972 inquit
1839 4897 2051 4956 auctor

405 4991 762 5062 noster,stut
791 4985 872 5047 ud
901 4984 1180 5048 altare...
1213 4984 1272 5047 Is
1289 4989 1488 5048 autem
1505 4986 1613 5066 qui
1633 4993 2042 5062 consecratur,

405 5084 526 5141 stat
541 5087 675 5158 post
687 5078 1100 5141 sacerdotem.
1115 5095 1326 5158 .supra
1350 5077 1523 5141 illam
1539 5079 1853 5159 mysticam
1866 5081 1887 5141 i
1893 5096 2007 5142 nvo
2021 5113 2048 5126 -

403 5171 664 5229 cntionem
712 5173 1068 5246 prosequenti.
1130 5171 1248 5237 Qua
1297 5172 1474 5244 ﬁnita,
1503 5171 1748 5231 sacerdos
1795 5171 2050 5230 accedens

402 5262 565 5328 rogat
601 5256 778 5329 ipsum
800 5262 1065 5329 primum,
1095 5272 1167 5312 an
1195 5257 1444 5314 omnibus
1495 5255 1648 5314 rebus
1704 5255 1938 5314 diuiduis
1964 5273 2051 5312 re-

401 5342 634 5413 nuntiet,
659 5357 766 5400 non
793 5341 965 5398 solum
995 5341 1158 5408 uitiis,
1188 5341 1281 5398 sed
1331 5343 1497 5400 etiam
1546 5341 2049 5415 imaginationibus.

403 5425 607 5486 Deinde
639 5429 858 5500 exponit
909 5428 997 5485 illi
1028 5429 1195 5486 vitam
1246 5429 1710 5504 perfectissimam,
1750 5435 2054 5490 contestans

405 5511 562 5573 illam
590 5511 772 5572 debere
816 5513 1043 5574 mediam
1087 5513 1300 5575 vivendi
1334 5515 1588 5574 ratione:
1613 5531 1892 5591 superare.
1926 5516 2056 5586 Qua

486 5680 542 5727 39
569 5679 659 5748 De
697 5684 909 5766 script.
944 5681 1155 5750 eeeles.

2137 4609 2514 4667 sacramenta
2537 4603 2930 4685 baptismatis,
2964 4604 3410 4668 chrismationis
3452 4613 3511 4667 et
3543 4603 3789 4667 Eucha-

2135 4693 2322 4755 ristia
2341 4694 2554 4755 conﬁci
2575 4702 2630 4755 et
2652 4693 3338 4776 administrari,missam
3366 4694 3792 4774 liturgiamque

2135 4781 2523 4864 celebrari,et
2545 4792 2916 4847 mortuorum
2941 4802 3192 4866 corpora
3216 4785 3463 4866 sepeliri
3485 4782 3788 4861 perhibet,

2135 4890 2272 4934 eum
2310 4872 2586 4954 Dionysio
2618 4874 2972 4954 Areopagita
3009 4875 3401 4956 posteriorem
3429 4891 3560 4936 esse
3578 4889 3791 4934 rursus

2133 4962 2392 5042 produnt
2413 4970 2472 5024 et
2501 4963 2940 5026 demonstrant.
2969 4964 3073 5026 Ille
3098 4966 3400 5026 enimvero
3424 4963 3532 5025 hos
3567 4979 3662 5024 om
3676 4978 3788 5024 nes

2133 5053 2287 5116 ritus
2317 5070 2428 5114 nec
2455 5052 2668 5113 minori
2695 5071 3092 5130 numero,nec
3121 5053 3340 5115 minori
3369 5052 3781 5127 solemnitate,

2133 5160 2312 5219 quam
2370 5159 2508 5204 cum
2542 5141 2812 5205 Ecclesia
2842 5161 2988 5224 pace
3016 5143 3418 5224 placidissima
3445 5139 3781 5216 fruebatur,

2135 5249 2266 5308 suo,
2301 5232 2416 5295 hoc
2446 5239 2558 5309 est,
2588 5241 2648 5294 ut
2679 5232 2807 5313 ipse
2829 5235 3012 5312 ﬁngit,
3047 5231 3436 5296 acerbissimo
3471 5247 3624 5313 pene
3679 5229 3783 5291 in-

2134 5321 2516 5384 credibilium
2540 5321 2918 5385 vexationum
2952 5331 3226 5406 tempore
3247 5341 3282 5387 a
3302 5319 3652 5386 Christianis
3672 5318 3784 5382 ad-

2137 5410 2334 5476 hiberi
2363 5410 2558 5476 solere
2591 5413 2905 5494 signiﬁcat.

2217 5500 2347 5566 Non
2380 5501 2711 5567 ditﬁtentur
2759 5501 3004 5587 quidem
3060 5499 3462 5586 Areopagitici
3519 5497 3783 5582 plurium
