4044 6152
217 333 282 404 45
863 407 868 410 ,
1642 345 1887 410 PROLE

1975 346 2234 416 lMENA.

3535 349 3614 420 46

228 477 425 540 manda
490 480 774 560 proferri
826 495 1002 564 posse
1059 477 1450 558 credidimus,
1512 481 1876 544 voluerimus
1898 489 1935 538 Α
1961 480 2273 562 dig-natus.
2311 482 2432 546 Hac
2454 479 2773 546 Hilduinus
2807 483 3445 551 narrationetestatum
3478 486 3616 550 facit

233 586 344 629 esse
374 574 896 647 praetermissum.

306 657 416 720 Sed
451 661 738 740 praelium
762 663 1092 724 instaurant
1113 661 1540 743 AreOpagitici,
1559 660 1890 742 ultimoque

243 750 453 828 impetu
488 750 549 812 in
569 752 959 814 adversarios
989 751 1168 832 facto,
1190 765 1407 830 urgent
1440 770 1544 813 eos
1567 751 1890 814 audacissi-

244 857 357 898 mos
391 858 548 912 esse,
587 849 647 903 et
681 860 926 922 prorsus
952 841 1329 922 temerarios,
1360 847 1462 923 qui
1493 842 1738 922 fraudis,
1773 841 1886 903 fal-

239 930 942 1013 sitatis,putidissimique
966 933 1259 994 mendacii
1289 941 1590 994 auctorem
1617 941 1886 994 nostrum

235 1037 393 1080 reum
447 1030 647 1103 agant,
685 1023 859 1102 cujus
891 1023 1112 1103 scripta
1144 1041 1366 1084 meram
1411 1021 1632 1102 ubique
1662 1024 1888 1103 spirant

236 1109 920 1193 pietatem,gravitatem,
953 1111 1431 1175 sanctimoniam.
1459 1111 1531 1173 Et
1553 1122 1715 1173 certe
1755 1113 1888 1192 quis

231 1199 414 1261 virum
436 1201 606 1263 illum
629 1202 870 1262 doctum
907 1202 1208 1279 tantisque
1236 1202 1461 1280 ingenii
1485 1202 1720 1264 dotibus
1743 1221 1888 1282 pra:-

231 1289 440 1366 ditum,
478 1309 549 1352 eo
575 1291 861 1352 caecitatis
894 1301 949 1353 et
981 1291 1372 1372 impudentiae
1406 1292 1719 1353 devenisse
1750 1310 1886 1354 cre-

231 1379 322 1441 dat
337 1381 587 1455 ut,falso
615 1382 883 1463 Dionysii
905 1382 1285 1462 Areopagitae
1301 1390 1602 1462 assumpto
1620 1382 1884 1463 nomine,

230 1478 308 1529 tot
342 1471 646 1552 tantisque
692 1471 874 1534 rebus
903 1490 1038 1533 cum
1069 1469 1338 1550 ejusdem
1396 1470 1659 1552 Dionysii
1692 1478 1886 1551 astate,

228 1559 494 1640 ingenio,
530 1560 798 1623 moribus
828 1562 1095 1643 styloque
1124 1559 1521 1643 pugnantibus
1537 1561 1756 1642 scripta
1785 1579 1892 1623 sua

1973 571 2180 634 decem
2215 583 2272 636 ct
2323 593 2529 637 novem
2568 573 2852 637 miracula
2884 593 2952 636 eo
2999 575 3094 637 die
3124 594 3240 656 quo
3271 576 3617 659 Dionysiani

1972 660 2106 723 libri
2143 671 2201 723 tn
2242 684 2414 725 suum
2451 664 2876 726 monasterium
2909 666 3191 745 asportati
3226 675 3386 743 sunt,
3433 668 3615 729 fuisse

1972 751 2214 832 quidem
2234 763 2693 835 patrata;verum
2721 772 2790 817 ea
2812 772 2932 816 non
2953 755 3301 817 earumdem
3324 755 3614 820 librorum

1971 842 2182 904 virtute
2211 853 2308 904 aut
2333 843 2753 925 applicatione,
2780 843 2883 906 sed
2916 843 3286 906 orationibus
3307 854 3363 907 et
3387 846 3614 909 meritis

1970 933 2451 995 excellentissimi
2470 933 2560 996 sui
2585 934 2855 1015 martyris
2877 952 2910 994 a
2941 933 3174 996 Christo
3189 934 3441 998 Domino
3455 936 3616 998 edita

1971 1040 2104 1085 esse
2157 1032 2570 1086 asseveranter
2617 1024 2893 1086 afﬁrmat.
2929 1022 3202 1096 Quamvis
3262 1037 3459 1088 autem
3490 1027 3618 1089 haec

1973 1111 2259 1178 librorum
2310 1114 2800 1196 Dionysianorum
2837 1121 2996 1175 tactu
3043 1114 3453 1196 contigissent,
3497 1135 3617 1177 non

1972 1201 2116 1264 inde
2154 1215 2349 1264 tamen
2397 1202 2722 1282 genuinum
2757 1202 3020 1283 Dionysii
3068 1203 3442 1284 Areopagitae
3470 1223 3618 1285 opus

1974 1310 2104 1354 esse
2127 1303 2287 1356 certo
2310 1292 2590 1355 concludi
2616 1299 2834 1372 potest.
2867 1291 3055 1354 Nemo
3082 1293 3240 1354 enim
3273 1294 3464 1356 nescit
3491 1294 3614 1356 dse-

1974 1383 2171 1444 monia
2201 1387 2276 1444 ab
2310 1384 2399 1444 his
2439 1383 2540 1465 qui
2575 1401 2683 1445 nec
2717 1382 2934 1444 Christi
2960 1381 3260 1463 discipuli,
3294 1401 3406 1445 uec
3439 1381 3616 1446 Chri-

1974 1474 2143 1530 stiani
2169 1482 2351 1543 erant,
2373 1471 2631 1542 ejusdem
2657 1472 2862 1529 Christi
2891 1472 3126 1528 nomine
3142 1471 3320 1543 ejecta
3351 1473 3525 1532 fuisse
3545 1473 3616 1541 ⁸⁷,

1972 1571 2149 1646 atque
2199 1581 2268 1624 ex
2303 1581 2440 1627 vera
2487 1572 2711 1624 tantum
2741 1561 3096 1642 ardentique
3150 1561 3619 1625 Christianorum

225 1651 663 1731 consperserit.
1973 1654 2090 1716 ﬁde
2120 1655 2232 1717 alia
2264 1653 2547 1716 miracula
2579 1672 2614 1714 a
2646 1655 2769 1716 Deo
2825 1670 2982 1731 saepe
3013 1652 3228 1734 saepius
3284 1652 3618 1734 impetrata.

305 1745 378 1802 At
402 1740 535 1801 hmo
569 1739 798 1814 omnia,
823 1739 1082 1802 clamant
1110 1739 1664 1821 Antiareopagitici,
1699 1741 1887 1802 victo-
2573 1739 2820 1807 CAPUT
2861 1741 3031 1805 XIX.

227 1846 360 1890 rum
420 1829 740 1891 hominum
776 1829 908 1891 vani
940 1830 1215 1908 cassique
1246 1838 1384 1892 sunt
1436 1833 1716 1910 impetus.
1749 1830 1892 1903 Quis
1918 1855 1952 1905 Β
1979 1835 2109 1910 ()uo
2131 1842 2398 1915 tempore
2416 1832 2545 1894 haec
2564 1834 2796 1912 scripta
2817 1833 3144 1895 secundum
3163 1832 3624 1914 Antiareopagi-

229 1920 389 1980 enim
423 1921 657 1982 nesciat
678 1920 1098 2000 hujuscemodi
1121 1920 1514 2000 scriptoribus
1533 1920 1716 1982 moris
1749 1939 1879 1982 esse
2130 1927 2384 1987 ticorum
2400 1928 2758 1986 sententiam
2774 1923 2840 1984 in
2864 1923 3055 1984 lucem
3072 1922 3450 2002 prodierint.

227 2010 448 2088 scripta
505 2029 640 2090 sua,
674 2029 806 2090 quas
859 2009 930 2072 ab
963 2010 1111 2091 ipsis
1143 2009 1337 2071 fallaci
1383 2009 1490 2070 viri
1521 2010 1882 2072 sanctissimi
2051 2017 2163 2090 Qui
2197 2013 2534 2078 rationibus
2567 2013 2857 2076 hactenus
2909 2031 2944 2074 a
2975 2011 3148 2073 nobis
3199 2011 3391 2073 allatis
3421 2011 3624 2076 omnia

227 2101 473 2161 nomine
506 2100 940 2176 inscribuntur,
965 2119 1034 2162 ea
1057 2099 1298 2181 pietate,
1323 2101 1627 2179 gravitate,
1654 2108 1711 2161 et
1739 2118 1882 2162 san—
1972 2115 2236 2186 auctoris
2270 2104 2456 2166 nostri
2493 2101 2687 2182 Opera
2717 2101 3112 2184 Dionysianos
3163 2102 3315 2165 fetus
3347 2121 3480 2165 esse
3509 2122 3622 2166 ne-

227 2190 514 2252 ctimonia
568 2208 888 2266 exornare,
922 2209 1040 2272 qua
1069 2189 1142 2252 ab
1190 2189 1405 2251 iisdem
1435 2189 1601 2266 viris,
1634 2208 1886 2270 quorum
1973 2205 2132 2278 gant,
2169 2214 2284 2276 quo
2318 2203 2588 2273 tempore
2613 2212 2682 2255 ea
2712 2192 2772 2253 in
2796 2192 2989 2255 lucem
3010 2191 3625 2274 prodierint,diligeu-

226 2298 447 2341 nomen
511 2286 926 2356 mentiuntur,
991 2279 1337 2342 exornanda
1395 2280 1524 2341 fore
1581 2279 1887 2342 existima-
1975 2295 2066 2348 ter
2109 2285 2444 2365 inquirunt.
2480 2285 2726 2346 Constat
2767 2290 2964 2345 autem
3025 2281 3126 2344 illa
3151 2290 3290 2344 ante
3338 2281 3623 2346 Collatio-

225 2368 392 2434 haut.
439 2369 564 2432 Nec
596 2377 798 2433 minus
829 2371 888 2432 in
927 2389 1133 2433 eorum
1169 2387 1340 2432 more
1383 2371 1664 2448 positum,
1700 2377 1762 2431 ut
1789 2371 1887 2431 alii
1975 2394 2112 2438 nem
2185 2371 2930 2453 Constantinopolitanam,
2990 2389 3173 2449 anno,
3223 2380 3285 2434 ut
3340 2370 3620 2449 diximus,

224 2461 424 2539 plura,
457 2461 562 2522 alii
615 2461 925 2542 pauciora,
963 2479 1094 2544 qua:
1157 2461 1425 2523 ementiti
1481 2459 1742 2522 auctoris
1799 2459 1892 2521 sui
1977 2463 2093 2530 533
2117 2462 2399 2542 habitam,
2436 2461 2658 2543 publici
2713 2461 2868 2524 facta
2901 2460 3082 2524 fuisse
3136 2461 3314 2540 juris.
3351 2461 3627 2534 Quandiu

220 2549 471 2628 ingenio
523 2560 584 2612 et
615 2552 986 2631 temporibus
1033 2551 1451 2624 adversentur,
1485 2549 1727 2630 scriptis
1770 2551 1894 2611 suis
1976 2573 2113 2617 vero
2141 2573 2267 2617 eam
2296 2552 3124 2634 prmcesserint,magnainter
3149 2554 3470 2632 scriptores
3493 2552 3625 2614 illos

223 2642 592 2704 insererent.
627 2640 728 2704 Sic
774 2658 1016 2722 nempe,
1050 2641 1175 2703 Deo
1199 2640 1282 2703 ita
1311 2639 1569 2714 volente,
1607 2657 1890 2700 nonnun—
1977 2649 2378 2708 controversia
2409 2651 2522 2703 est.
2560 2639 2854 2722 Opinatur
2886 2641 3107 2702 etenim
3143 2640 3401 2704 Dallaoos
3428 2641 3492 2693 48
3518 2661 3624 2703 au.

223 2748 403 2810 quam
437 2730 729 2794 obcaecati
761 2740 922 2812 sunt,
949 2739 1010 2792 ut
1034 2729 1218 2806 illius,
1248 2747 1429 2806 quem
1463 2729 1893 2810 ﬁngunt,inge-
1975 2745 2197 2798 ctorem
2222 2741 2488 2794 nostrum
2504 2733 2754 2793 omnino
2774 2729 2974 2793 videri
2990 2732 3088 2792 vel
3103 2731 3627 2811 quintOprazeipiti

224 2821 395 2882 nium
460 2821 892 2901 scribendique
923 2819 1165 2881 modum
1219 2838 1339 2881 non
1388 2819 1668 2893 assecuti,
1698 2819 1788 2880 Vel
1821 2838 1890 2881 ea
1975 2825 2217 2899 saeculo,
2249 2823 2344 2886 vel
2373 2828 2553 2885 etiam
2588 2827 2756 2884 sexto
2797 2821 3054 2900 vixisse,
3090 2838 3196 2882 nec
3225 2830 3365 2883 ante
3392 2838 3624 2883 annum

226 2928 356 2989 qua)
389 2911 555 2971 illius
574 2918 748 2972 mtate
770 2909 1306 2984 ﬁeridcberent,ex
1333 2907 1422 2969 sui
1439 2913 1726 2989 temporis
1749 2927 1890 2971 con—
1977 2916 2225 2979 Domini
2241 2915 2488 2975 circiter
2505 2911 2622 2974 520
2637 2910 2802 2988 fetus
2820 2927 2961 2972 suos
2981 2909 3263 2974 edidisse.
3279 2907 3448 2982 Quod
3479 2911 3618 2994 qui-

224 3000 660 3062 suetudinibus
694 3018 762 3060 ac
792 2999 1108 3079 disciplina
1159 2999 1496 3078 metientes,
1531 2997 1622 3059 vel
1650 2997 1765 3078 ipsi
1815 2998 1890 3060 iis
1977 3005 2112 3067 dem
2147 3024 2214 3065 ex
2245 3023 2314 3064 eo
2350 3001 2586 3082 probari
2624 3019 2802 3084 posse
2834 3007 3000 3081 putat
3034 2998 3170 3080 quia
3201 2999 3262 3062 in
3296 3009 3620 3064 memorata

224 3109 358 3188 quas
384 3109 495 3152 sua
525 3088 1086 3188 aetateagebantur,
1125 3087 1540 3188 auctoritatem
1567 3086 1890 3188 conciliare
1907 3137 1950 3188 Ο
1975 3093 2293 3158 collatione
2318 3091 2622 3172 Hypatius,
2653 3091 2958 3188 catholica:
2991 3089 3620 3188 totius-Ecclesiaste-

225 3180 526 3261 volentBS,
561 3179 833 3261 Quaedam
865 3178 1106 3260 scriptis
1137 3179 1259 3240 suis
1289 3185 1388 3241 aut
1435 3176 1762 3257 prudentes
1792 3176 1950 3239 aut"
1979 3184 2163 3260 mine,
2196 3183 2533 3245 Severianis
2565 3180 2941 3262 responderit
2991 3180 3100 3241 hos
3143 3178 3328 3241 libros
3377 3179 3617 3261 Cyrillo,

226 3269 451 3332 incauti
476 3269 1064 3350 adjicerent,quibus
1090 3286 1294 3330 eorum
1317 3267 1555 3330 fraudes
1574 3275 1635 3330 et
1653 3267 1890 3330 menda-

1975 3274 2298 3336 Athanasio
2325 3271 2573 3352 aliisque
2599 3269 2864 3332 Patribus
2884 3269 3118 3350 penitus
3146 3269 3326 3331 fuisse
3346 3268 3619 3348 incogni-

228 3359 316 3420 cia
347 3359 426 3421 ab
461 3359 896 3422 oculatioribus
927 3358 1163 3421 tandem
1196 3364 1424 3420 retecta
1458 3364 1619 3420 sunt.
1979 3371 2070 3426 tos
2097 3381 2112 3439 ;
2138 3363 2238 3424 scd
2275 3363 2401 3424 leve
2433 3361 2673 3421 omnino
2703 3367 2791 3420 est
2821 3357 2976 3421 istud
3011 3358 3376 3439 probationis
3399 3376 3616 3438 genus.

258 3443 260 3446 9
307 3447 472 3521 Qnid
508 3467 678 3525 vero,
704 3450 927 3511 instant
948 3447 1507 3529 Areopagitici,!nec
1533 3445 1657 3508 D60
1686 3447 1891 3528 moriS,
1977 3451 2124 3514 Nam
2148 3451 2395 3517 Collatio
2418 3451 2518 3512 illa
2543 3450 2860 3512 concilium
2888 3449 3321 3510 cecumenicum
3349 3448 3612 3525 nonfuit,

227 3557 340 3600 nec
373 3546 620 3600 (eterna:
674 3538 833 3600 illius
886 3537 1273 3616 providentiae
1321 3547 1413 3598 est
1443 3555 1625 3617 opera
1653 3553 1802 3598 vana
1835 3546 1897 3598 et

228 3628 383 3690 ﬁctis
400 3628 736 3691 mendaciis
764 3628 940 3708 plena
964 3628 1115 3689 veris
1142 3629 1536 3689 cohonestare
1563 3626 1898 3698 miraculis?

225 3717 554 3782 Hilduinus
575 3720 973 3796 tamen,testis
987 3719 1273 3792 oculatus,
1295 3718 1550 3780 afﬁrmat
1571 3719 1696 3779 haec
1712 3717 1899 3780 Areo-

229 3810 450 3889 pagitae
501 3807 721 3890 Opera,
758 3829 892 3871 cum
929 3809 1105 3870 variis
1150 3807 1594 3872 inﬁrmitatibus
1656 3807 1717 3868 in
1755 3807 1898 3868 tanti

1982 3561 2092 3604 nec
2125 3542 2444 3622 quidquam
2481 3541 2641 3601 hisce
2665 3538 2739 3600 de
2768 3538 3003 3618 scriptis
3030 3537 3161 3617 lege
3192 3537 3308 3598 lata
3341 3536 3610 3600 sancivit.

1982 3632 2267 3713 Hypatius
2297 3631 2498 3706 itaque
2525 3629 2702 3690 totius
2724 3627 3010 3690 Ecclesiae
3040 3627 3279 3688 nemine
3300 3645 3419 3688 non
3444 3626 3616 3689 locu-

1985 3727 2079 3783 tus
2111 3731 2198 3783 est
2232 3743 2247 3782 :
2294 3720 2398 3782 sed
2434 3727 2495 3782 ut
2524 3719 2585 3780 in
2617 3718 3030 3798 hujuscemodi
3082 3716 3620 3781 concertationibus

1984 3812 2115 3876 ﬁeri
2139 3810 2660 3886 amat,Severianis
2676 3809 3023 3872 eorumdem
3049 3808 3404 3889 scriptorum
3423 3815 3624 3871 aucto-

227 3900 347 3961 viri
377 3900 671 3961 honorem
736 3900 1201 3980 applicarentur,
1236 3898 1437 3960 multis
1467 3896 1751 3960 divinitus
1781 3899 1896 3958 bo-
1979 3903 2210 3965 ritatem
2244 3899 2665 3981 objicientibus
2691 3918 2758 3960 ex
2791 3909 3064 3979 tempore
3093 3896 3422 3977 respondit,
3452 3915 3521 3959 ea
3541 3897 3618 3962 de

232 3995 471 4053 nestata
504 3990 686 4051 fuisse
720 3989 1049 4053 miraculis.
1981 3991 2358 4074 quibusnihil
2384 3992 2671 4052 hactenus
2688 3986 3057 4068 audierat,ab
3076 3985 3617 4068 antiquisPatribus

316 4077 440 4141 Sed
477 4079 709 4142 rectoris
767 4079 1048 4142 omnibus
1079 4078 1310 4141 ﬁrmius
1343 4095 1461 4143 non
1495 4087 1583 4138 est
1615 4076 1890 4140 ultimum
1978 4101 2096 4143 non
2119 4081 2300 4142 fuisse
2319 4079 2870 4159 cognitaPrmterea
2888 4075 3189 4140 Severiani
3213 4076 3312 4138 illa
3336 4075 3612 4155 citaruut,

233 4169 386 4232 illud
445 4169 1004 4249 Areopagiticorum
1043 4168 1411 4250 praesidium,
1457 4167 1681 4250 quippe
1737 4167 1893 4246 quod
1978 4192 2095 4235 non
2115 4181 2176 4233 ut
2208 4189 2354 4232 nova
2385 4180 2442 4230 et
2471 4187 2682 4230 recens
2714 4166 3004 4242 edita,sed
3032 4174 3092 4226 ut
3112 4165 3437 4244 genuinum
3473 4167 3617 4230 Dio-

232 4259 387 4338 ipsis
421 4257 695 4320 Hilduini
729 4258 928 4321 verbis
966 4259 1294 4340 espugnari
1348 4258 1641 4322 videatur.
1676 4256 1758 4318 De
1804 4257 1896 4318 his
1978 4259 2524 4344 nysiiAreOpagitac
2546 4276 2714 4338 opus,
2738 4257 2859 4336 jam
2884 4255 2956 4317 ab
2982 4256 3108 4336 ejus
3129 4263 3297 4318 aetate
3322 4253 3383 4316 in
3415 4255 3619 4335 vulgus

233 4349 1678 4414 enimmiraculissicillescribit40:Authenticos
1708 4365 1888 4409 nam-
1979 4343 2289 4415 emissum.
2347 4349 2631 4429 Hypatius
2682 4364 2823 4408 vero
2873 4346 3191 4426 caeterique
3221 4343 3517 4413 catholici.
3551 4364 3618 4408 re

231 4457 349 4517 que
371 4438 835 4513 eosdemtibros,
866 4439 1886 4520 Graecalinguaconscriptos,quo-
1914 4429 2262 4505 Dmaturius
2305 4456 2582 4519 expensa,
2634 4436 2693 4497 id
2741 4455 2943 4497 verum
2997 4454 3128 4496 esse
3176 4434 3329 4496 ultro
3362 4435 3620 4497 confessi

231 4528 380 4583 niam
409 4543 714 4586 aconomus
742 4529 1000 4586 Ecclesice
1023 4527 1892 4600 Constantinopolitanazetcaeteri
1972 4539 2131 4596 sunt,
2167 4532 2242 4592 Αι
2275 4547 2470 4609 neque
2523 4526 2834 4590 Severiani
2867 4525 3015 4586 illud
3074 4533 3230 4585 tanta
3262 4525 3619 4587 conﬁdentia

230 4621 384 4677 missi
425 4617 704 4676 Michaelis
732 4618 994 4692 legatione
1028 4620 1248 4693 publica
1295 4618 1631 4692 adut-stram
1662 4617 1889 4690 gloriam

1975 4626 2435 4696 asseverassent,
2465 4636 2659 4698 neque
2677 4614 2966 4678 Catholici
2987 4633 3191 4676 eorum
3209 4615 3442 4676 tandem
3467 4613 3615 4676 sub-

230 4709 548 4783 compcndio
591 4711 772 4782 functi
817 4719 945 4771 sunt
976 4732 994 4775 ;
1027 4712 1089 4768 in
1143 4712 1265 4784 ipsa
1313 4711 1501 4783 vigilia
1535 4709 1886 4768 δοῖειηηίταιίδ
1969 4711 2354 4793 scripsissent
2384 4708 2716 4787 sententiae,
2750 4706 2800 4768 si
2833 4705 2923 4766 hac
2953 4703 3394 4766 lucubrationes
3425 4723 3460 4766 a
3489 4713 3615 4766 tre-

231 4801 410 4857 sancti
474 4800 726 4872 Dionysii
776 4817 883 4874 pro
940 4817 1161 4860 munere
1223 4817 1426 4873 magno
1478 4799 1881 4872 susceperimus.
1969 4802 2163 4865 decim
2197 4810 2419 4862 tantum
2445 4795 2708 4873 annis,ut
2739 4794 3042 4858 contendit
3068 4794 3342 4876 Dalloeus,
3366 4793 3618 4874 prodiis-

233 4889 382 4954 Quod
430 4890 636 4946 donum
663 4890 927 4949 devotioni
974 4901 1191 4960 nostra,
1226 4908 1286 4946 ac
1335 4891 1384 4949 si
1409 4889 1609 4946 ccelitus
1661 4890 1888 4946 allatum
1973 4901 2103 4956 sem
2134 4892 2194 4952 in
2229 4891 2448 4952 locem'

232 4998 262 5034 ιι
293 4981 429 5046 Deo,
463 4981 658 5039 divina
705 4988 782 5040 est
807 4984 988 5054 gratia
1021 4987 1300 5055 prosecuta
1341 4999 1355 5044 ;
1405 4987 1466 5038 ut
1495 4981 1551 5036 in
1586 4979 1763 5038 eadem
1792 4997 1891 5035 no-
2057 4983 2431 5062 Quapropter
2461 4978 2561 5040 alii
2593 4995 2692 5038 eas
2723 4977 2897 5055 longe
2932 4974 3026 5037 his
3058 4972 3425 5054 temporibus
3456 4975 3616 5038 anti-

230 5079 308 5126 de
340 5071 520 5130 dacem
550 5078 602 5129 et
638 5088 829 5130 novem
874 5072 1314 5132 nominatissimw
1359 5073 1588 5129 virtute:
1619 5072 1677 5126 in
1721 5087 1896 5143 wgro-
1979 5072 2220 5154 quiores
2241 5087 2371 5131 esse
2390 5067 2705 5130 afﬁrmant.
2740 5068 2934 5147 Atque
2959 5072 3020 5125 ut
3042 5063 3096 5124 id
3124 5062 3615 5144 probent,osten-

225 5169 405 5221 torum
431 5163 708 5221 sanatione
751 5167 1033 5221 variarum
1084 5162 1469 5236 iit/imitatum
1497 5177 1566 5220 ea:
1607 5161 1899 5220 notissimis
1982 5153 2131 5225 dunt
2150 5159 2340 5244 primo
2361 5157 2714 5238 ahEphrzem
2736 5154 3072 5244 patriarcha
3095 5153 3468 5244 Antiocheno
3486 5155 3618 5219 illas

227 5260 281 5312 et
327 5250 607 5312 vicinitati
637 5259 836 5310 nostra
868 5253 1112 5326 personis
1147 5252 1434 5325 contiguis,
1480 5251 1550 5306 ad
1605 5249 1811 5308 laudem
1847 5258 1895 5309 et
1979 5248 2266 5331 Dionysio
2290 5245 2667 5328 Areopagitas
2689 5243 2782 5306 his
2803 5243 2998 5306 verbis
3020 5243 3297 5306 tribui“);
3321 5243 3620 5318 Quoniam

228 5343 494 5426 gloriam
505 5345 888 5407 suinominis
897 5361 1002 5406 ora
1013 5341 1278 5406 tionibus
1289 5349 1347 5405 et
1359 5343 1592 5405 meritis
1603 5341 1896 5406 excellen-
1979 5351 2036 5407 et
2051 5339 2230 5422 simpl
2235 5355 2311 5401 ex
2327 5336 2502 5400 Jesus
2515 5333 2986 5426 componebatur
2999 5333 3330 5426 secundum
3347 5341 3619 5426 sanctum

232 5423 469 5498 tissimi
487 5435 590 5496 sui
611 5439 922 5514 martyris
940 5432 1219 5497 Christus
1231 5433 1527 5497 Dominus
1547 5435 1625 5496 sit
1642 5433 1890 5514 operari

1984 5432 2344 5512 Dionysium
2367 5424 3057 5508 Areopagitam.’Er:ai8ii
3086 5425 3174 5482 κκὶ
3201 5423 3393 5490 ἁπλοῦς
3413 5423 3618 5494 Ἰησοῦς

308 5596 366 5641 ιθ
394 5597 581 5678 Epist.
615 5596 691 5658 ad
724 5593 1003 5688 Carolum
1037 5595 1274 5689 Calvum
1296 5595 1472 5738 .2Pat.
1512 5595 1649 5658 Lat.
1682 5603 1724 5658 t.
1760 5592 1910 5677 CVI,
1942 5595 2036 5662 col
2071 5595 2197 5677 33).
2244 5591 2294 5635 ‘7
2326 5592 2510 5657 Marc.
2545 5588 2606 5669 9,
2643 5587 2739 5651 37.
2770 5584 2826 5630 4⁸
2861 5585 2945 5651 De
2975 5584 3077 5651 lib.
3115 5603 3358 5670 suppos.
3395 5585 3622 5669 Dionys

309 5699 370 5738 υ.
405 5679 504 5738 32.
536 5675 594 5721 ‘9
620 5677 802 5738 Anud
834 5676 1107 5738 Photium
1140 5695 1200 5738 in
1231 5678 1304 5738 Bt
1348 5675 1548 5738 ltoth..
1582 5676 1716 5738 cod.
1752 5675 1892 5738 229.

209 5687 370 5760 'cap.
405 5675 504 5744 32.
536 5675 594 5721 ω
620 5677 802 5758 Apud
834 5676 1107 5739 Photium
1140 5679 1200 5740 in
1231 5675 1549 5758 Biblioth.,
1582 5676 1716 5742 cod.
1752 5675 1892 5739 229.
