4044 6152
367 293 440 360 47
1529 288 1590 354 S.
1640 282 2050 356 DIONYSIUS
2090 282 2600 352 AREOPAGITA.
3675 284 3752 356 48

375 438 614 497 συνετέθη)
672 432 808 491 κατά
840 431 926 487 τὸν
957 427 1010 486 ἐν
1054 443 1170 493 τοῖς
1230 429 1400 508 ἁγίοις
1448 429 1851 506 Ἀρεωπαγξτην
1889 439 2015 484 Διοι-

2129 439 2162 482 η
2197 418 2367 482 libris
2397 419 2515 500 ipsi
2541 419 2816 502 ascriptis
2837 419 3015 483 etiam
3062 438 3224 482 nunc
3252 417 3457 500 legere
3488 428 3598 482 est.
3634 421 3756 484 Sed

380 519 1060 604 v6mov.AtquiEphrtem
1087 518 1420 600 patriarcha
1436 517 1847 578 Antiochenus
1866 536 2031 578 crea-
2115 509 2354 604 quidam
2374 508 3047 591 hujushistoriographi,
3063 529 3240 590 quem
3257 511 3753 604 fabulosissimum

2115 620 2248 664 esse
2275 602 2507 679 dicunt,
2541 603 2953 666 auctoritatem
2982 606 3214 665 elevare
3247 605 3442 666 conati
3479 624 3492 666 :
3538 603 3754 684 Verba,

2115 693 2404 764 inquiunt,
2449 709 2514 750 ea:
2568 693 2766 751 nostris
2804 693 3147 766 Dionysianis
3189 693 3450 767 descripta
3498 693 3764 766 Nicepho-

2111 799 2207 839 rus
2260 782 2474 840 videtur
2501 783 2612 856 ipse
2651 784 2835 857 potius
2871 784 2935 840 de
2971 799 3066 842 suo
3104 783 3382 856 adjecisse,
3413 783 3486 842 ad
3518 785 3763 842 Juvena-

2113 873 2188 936 lis
2204 879 2624 938 narrationem
2645 875 3152 956 conﬁrmandam,
3181 892 3368 954 quam
3387 894 3458 939 ea
3475 874 3766 938 Juvenali

2115 964 2431 1027 tribuisse.
2468 961 2578 1026 llis
2601 972 2797 1026 autem
2824 964 2872 1026 si
2906 964 3153 1045 objicias
3173 963 3575 1046 Nicephorum
3605 965 3766 1026 clare

378 1054 453 1129 iis
485 1054 706 1148 quippe
737 1061 960 1125 nullius
990 1059 1307 1148 scriptoris
1335 1058 1506 1120 beato
1556 1057 1776 1137 Cyrillo
1810 1075 2024 1118 recen-
2113 1060 2175 1116 et
2198 1059 2522 1148 perspicue
2545 1054 2844 1148 afﬁrmare
2875 1054 3174 1148 ipsissima
3203 1054 3768 1148 Iuvenalisjverbaa

381 1143 573 1230 tioris,
593 1143 708 1216 ille
742 1149 981 1234 protulit
1012 1146 1440 1210 testimonium.
2114 1161 2179 1205 se
2210 1143 2395 1234 fuisse
2421 1143 2742 1226 descripta,
2764 1144 3266 1225 reponuntillico:
3287 1144 3768 1208 Ilistoricisscri-

462 1245 639 1309 Aliud
671 1233 939 1323 ejusdem
974 1236 1336 1318 antiquitatis
1366 1245 1800 1315 argumentum,
1831 1237 2027 1298 minus
2105 1233 2382 1313 ptoribus
2403 1234 2665 1296 solemne
2683 1235 3762 1316 esse,honnnes,dequibusscribunt,

383 1345 584 1400 tamen
644 1341 894 1403 certum,
930 1329 1163 1392 elicitur
1192 1346 1260 1388 ex
1320 1326 1564 1388 scholiis
1612 1345 1743 1407 quae
1769 1325 2029 1390 Joannes
2110 1341 2184 1385 ea
2204 1323 2467 1387 dicentes
2492 1325 2804 1392 inducere.
2837 1343 2956 1387 non.
2985 1343 3115 1403 qua:
3138 1342 3271 1388 vere
3299 1343 3370 1389 ac
3398 1333 3559 1389 certo
3590 1325 3770 1388 dixe—

384 1421 933 1506 Scythopolitanus,
961 1426 1110 1481 teste
1131 1415 1448 1506 Anastasio
1471 1415 2028 1506 Bibliotliecario,in
2117 1414 2567 1506 runt,qsed_qute
2598 1413 2734 1476 illos
2901 1414 3108 1506 dicere
3130 1416 3403 1494 potuisse
3432 1423 3672 1494 putant.

390 1503 660 1592 Dionysii
686 1512 880 1591 Opera
901 1505 1254 1588 composuit.
1284 1504 1431 1568 Nam
1457 1514 1664 1568 contra
1687 1506 1844 1570 hunc
1861 1505 2036 1568 Joan-
2130 1591 2145 1592 ί
2199 1503 2321 1566 Sed
2340 1504 2480 1567 huic
2502 1503 2881 1586 responsioni
2910 1504 3080 1584 plura
3105 1523 3444 1585 repugnare
3464 1506 3775 1569 videntur.

387 1591 563 1684 nem,
609 1602 711 1684 qui
773 1599 1010 1662 concilii
1069 1595 1578 1659 Chalcedonensis
1627 1595 2035 1657 defensionem
2122 1591 2388 1684 Primum
2453 1594 2614 1656 enim
2650 1594 2725 1656 de
2763 1613 3131 1675 quocunque
3183 1595 3300 1656 alio
3331 1595 3648 1677 scriptore,
3682 1599 3783 1676 qui
3853 1591 3872 1604 “

390 1682 760 1773 susceperat,
783 1687 1023 1770 scripsit
1050 1687 1304 1751 Basilius
1327 1686 1498 1764 Cilix,
1530 1687 1656 1765 qui,
1681 1697 1744 1748 ut
1777 1686 1855 1748 ait
1879 1685 2039 1746 l‘lio-
2066 1722 2102 1772 Β
2125 1682 2380 1744 aliorum
2437 1683 2616 1746 verba
2664 1702 3098 1773 sermonesque
3159 1684 3526 1761 transcribit,
3571 1687 3784 1748 eadem

388 1787 507 1848 tius
531 1772 614 1864 εί,
648 1781 972 1864 presbyter
1021 1779 1144 1854 fuit
1176 1777 1455 1838 Ecclesiae
1486 1778 1889 1847 Antiocheam,
1927 1793 2042 1854 quo
2125 1773 2304 1864 etiam
2326 1774 2450 1864 dici
2486 1783 2759 1854 possent.
2795 1772 2964 1864 Quod
2998 1792 3144 1864 sane
3168 1793 3342 1855 quam
3375 1775 3584 1838 falsum
3618 1775 3699 1837 sit
3727 1784 3786 1838 et

394 1860 661 1956 tempore
677 1875 957 1936 thronum
979 1867 1311 1932 ibitenebat
1341 1865 1716 1938 Flaviamns,
1741 1867 2038 1956 [ioniani-
2122 1860 2474 1956 absurdum,
2494 1882 2670 1926 nemo
2697 1883 2813 1925 non
2833 1863 3017 1927 videt.
3046 1863 3276 1927 Deinde
3296 1864 3642 1944 Nicephoro
3663 1885 3783 1927 non

386 1984 496 2046 que
508 1953 744 2029 elavum
762 1962 1010 2041 imperii
1026 1957 1461 2020 moderabatur
1479 1955 1924 2046 Anastasius,id
1949 1962 2038 2016 est
2124 1954 2314 2046 moris
2327 1965 2419 2046 est
2449 1953 2727 2016 homines
2749 1972 2817 2015 ea
2835 1954 3111 2016 dicentes
3143 1955 3450 2031 inducere,
3483 1974 3616 2034 quae
3641 1956 3779 2017 illos

386 2042 545 2120 eirea
575 2071 795 2116 annum
819 2050 964 2113 500.
988 2051 1566 2113 Verumtamencum
1595 2044 1751 2108 idem
1781 2045 2028 2106 Anasta-
2121 2042 2248 2122 ipse
2283 2042 2486 2104 dicere
2548 2043 2814 2123 potuisse
2849 2043 3113 2124 putabat,
3146 2044 3251 2106 sed
3286 2063 3417 2126 quae
3447 2045 3486 2105 ii
3533 2063 3676 2108 vere
3707 2064 3775 2107 ac

386 2145 780 2228 siusprimam
801 2135 2036 2228 scriptorumDionysiimentionemasum-
2118 2142 2282 2228 certo
2327 2131 2625 2228 diserunt.
2683 2131 2992 2196 Postremo
3022 2134 3275 2196 Michael
3319 2135 3524 2216 Glycas
3568 2136 3778 2199 scribit

389 2237 503 2298 mis
531 2221 930 2318 'pontiﬁcibus
981 2227 1263 2318 Gregorio
1295 2225 1537 2318 magno,
1563 2222 1835 2318 Martiae,
1868 2227 2029 2318 Agaf
2117 2221 2183 2318 in
2210 2223 2912 2318 Annalibtgsepulcrnm
2934 2223 3581 2318 DciCenitrict‘sMariaa
3600 2245 3764 2304 cum,

389 2311 576 2389 thone
600 2323 726 2386 ﬁeri
751 2327 1022 2400 testetur,
1044 2317 1146 2379 ille
1172 2315 1377 2396 procul
1399 2313 1578 2375 dubio
1603 2314 1692 2376 vel
1713 2333 1917 2376 errore
1937 2315 2029 2376 vel
2114 2311 2466 2376 adveniente
2494 2314 2744 2389 Thoma,
2771 2323 3040 2395 apertum
3075 2314 3301 2391 fuisset,
3325 2315 3384 2377 in
3414 2316 3516 2379 illo
3553 2329 3774 2398 praeter

385 2414 692 2480 memoriae
722 2414 887 2492 lapsu
915 2408 1093 2470 falsus
1123 2414 1237 2487 est;
1272 2423 1384 2466 nec
1415 2402 1556 2465 tanti
1591 2404 1839 2484 proinde
1875 2425 2026 2483 pon-
2112 2403 2489 2483 sepulcrales
2507 2405 2765 2466 exuvias
2797 2404 2946 2465 nihil
2967 2404 3127 2466 aliud
3149 2412 3687 2486 repertum.Atque
3713 2409 3768 2471 id

388 2507 548 2570 deris
571 2511 759 2586 potest
785 2517 916 2561 csse
938 2499 1068 2578 ejus
1099 2495 1450 2586 auctoritas.
1471 2493 1638 2554 Idem
1672 2513 1910 2575 quoque
1936 2497 2027 2555 di-
2115 2492 2353 2570 quidem
2372 2495 2593 2586 Graece
2646 2494 2967 2575 Nicephori
2998 2494 3318 2557 narrationi
3351 2498 3593 2559 omnino
3618 2518 3771 2560 con-

388 2582 646 2658 cendum
665 2592 740 2654 de
762 2592 1073 2654 Anastasio
1096 2585 1605 2666 Sinai’ta,quiante
1623 2584 2030 2666 saeculiquinti
2113 2583 2292 2664 gruit,
2329 2582 2431 2644 ubi
2462 2603 2574 2644 vox
2605 2583 2808 2647 Graeca
2861 2601 2980 2645 non
3019 2585 3386 2667 sepulcrum,
3423 2587 3526 2648 sed
3559 2592 3772 2670 sepul-

389 2687 570 2749 ﬁuem
603 2680 950 2763 Dionysium
984 2677 1305 2740 Rethorem
1352 2675 1468 2737 alia
1492 2675 1768 2738 similiter
1799 2677 2025 2736 scholia
2115 2676 2306 2735 crates
2331 2673 2567 2763 exuvias
2599 2673 2914 2753 signiﬁcat.

384 2775 447 2837 in
475 2773 713 2837 easdem
749 2762 1009 2851 Dionysii
1039 2765 1413 2847 Areopagitas
1442 2764 1892 2826 lucubrationes
1928 2786 2029 2844 pu-
2196 2762 2346 2836 Quid
2408 2763 2562 2843 quod
2613 2764 3008 2843 Hieronymus
3068 2783 3189 2827 non
3240 2765 3436 2828 minus
3492 2767 3775 2832 distincte

385 2864 640 2927 blicasse
673 2869 922 2925 testatus
953 2867 1068 2921 est.
1102 2855 1415 2930 Caeterum,
1448 2855 1827 2934 quantumvis
1861 2864 2029 2915 utcr-
2115 2871 2289 2934 quam
2317 2862 2523 2914 auctor
2554 2861 2756 2914 noster
2787 2871 3001 2914 novem
3027 2854 3380 2934 angelorum
3404 2856 3656 2919 ordines
3679 2878 3779 2938 po-

385 2951 862 3035 queAnastasius
877 2965 1158 3029 peccasse
1178 2946 1878 3035 dicatur,certum_tamen
1901 2963 2033 3006 esse
2116 2938 2345 3035 suith
2363 2939 2536 3035 [inde
2567 2958 2707 3020 ergo
2739 2941 2894 3003 hanc
2926 2941 3002 3003 de
3032 2943 3261 3021 angelis
3297 2943 3629 3007 doctrinam
3665 2947 3778 3009 nisi

385 3031 566 3107 debet
581 3060 686 3105 eos
703 3059 812 3104 nec
825 3037 1066 3101 ﬁnxisse
1084 3055 1192 3098 nec
1207 3035 1507 3096 divinasse
1523 3033 2034 3112 scholiahujusce-
2057 3046 2095 3096 C
2123 3051 2194 3096 ex
2227 3033 2356 3113 ejus
2381 3031 2549 3094 libris
2564 3041 2872 3096 mutuatus
2899 3033 3017 3096 est?
3038 3033 3256 3098 Verum
3283 3036 3409 3098 hzec
3433 3038 3781 3118 conjectura

387 3132 551 3196 modi
605 3131 786 3193 fuisse
818 3126 1141 3210 aliquando
1191 3125 1265 3187 ab
1298 3124 1392 3186 his
1437 3123 1828 3204 scriptoribus
1858 3124 2032 3185 edita.
2122 3141 2240 3184 non
2269 3121 2514 3185 omnino
2543 3121 2680 3184 felix
2705 3141 2838 3186 esse
2853 3123 3106 3187 videtur.
3142 3125 3284 3198 Quis
3306 3127 3462 3188 enim
3489 3127 3781 3211 Hierony-

384 625 478 680 tus
508 624 598 678 est
625 630 758 678 cum
791 609 1159 673 Justinianus
1190 627 1346 670 anno
1380 610 1498 667 526
1529 606 1602 668 ad
1647 607 1881 688 imperii
1913 626 2028 684 gu-

381 704 704 770 bernacula
733 701 1008 780 accessit,
1043 709 1104 761 et
1158 701 1413 779 ipsomet
1445 696 1700 778 Ephrem
1734 706 1870 759 ante
1916 716 2027 757 an-

380 815 521 859 num
555 795 674 858 545
709 793 828 855 fato
862 791 1096 854 functus
1128 796 1236 851 est.
1277 787 1538 868 Dionysii
1573 787 1747 849 etiam
1787 787 2030 848 nomine

379 905 500 950 non
533 883 720 948 semel
753 883 1007 944 citantur
1037 878 1112 941 ab
1140 879 1378 940 Andrea
1414 877 1763 939 Caesariensi
1792 877 2024 957 episco-

382 996 480 1057 po,
519 975 621 1055 qui
648 973 808 1036 rirca
851 988 1071 1033 annum
1103 970 1222 1032 500
1254 967 1438 1029 libros
1465 985 1604 1028 suos
1623 966 1814 1028 edidit
1843 968 1905 1018 50
1963 965 2028 1027 In

389 3223 501 3296 Qui
523 3231 718 3284 autem
742 3219 967 3284 scholia
990 3217 1051 3278 in
1085 3225 1388 3279 auctorem
1417 3213 1735 3292 quemdam
1768 3215 2036 3276 conscri-

388 3313 558 3389 bunt,
593 3329 729 3373 eum
746 3329 852 3392 pro
872 3307 1058 3371 veteri
1082 3315 1139 3367 et
1163 3304 1360 3384 magni
1384 3303 1642 3365 nominis
1673 3305 1792 3366 viro
1813 3303 2038 3365 habere

388 3402 606 3466 solent.
661 3400 770 3462 Diu
805 3416 944 3479 ergo
995 3405 1131 3459 ante
1178 3394 1459 3457 saeculum
1494 3394 1760 3475 quintum
1811 3394 2036 3474 Diony-

389 3493 535 3554 siant
571 3489 704 3551 libri
737 3487 1062 3569 pervulgati
1095 3487 1356 3548 fuerunt.

445 3581 616 3642 illud
642 3597 780 3641 vero
807 3579 896 3639 his
916 3576 1146 3638 accedit
1169 3574 1404 3636 roboris
1421 3582 1476 3636 et
1492 3573 1850 3635 ﬁrmamenti
1879 3573 2036 3655 quod

391 3668 672 3731 Suidas5‘2
687 3675 751 3730 et
777 3665 1174 3746 Pachymeres
1195 3665 1258 3714 b5
1288 3662 1549 3743 tradunt,
1575 3662 1807 3742 aliquos
1832 3671 2036 3724 cater-

389 3777 502 3821 nos
512 3757 587 3840 ph
598 3757 825 3836 itosoph
835 3775 918 3826 os,
926 3752 1554 3835 pra’sertiml’roclum
1567 3752 2042 3832 ,contemplatio-

392 3848 572 3910 nibus
590 3846 858 3924 Dionysii
880 3847 1229 3924 frequenter
1260 3861 1434 3904 usum
1458 3843 1662 3920 fuisse,
1691 3849 1875 3921 atque
1895 3842 2040 3904 adeo

2122 3231 2288 3275 mum
2320 3230 2391 3276 ex
2408 3213 2619 3275 eodem
2647 3229 2718 3276 ac
2739 3213 2998 3295 scriptor
3018 3223 3243 3296 noster,
3268 3235 3570 3279 sacrarum
3605 3218 3780 3282 Scri-

2122 3311 2425 3383 pturarum
2451 3302 2614 3365 fonte
2644 3302 2806 3365 illam
2829 3304 3071 3368 haurire
3093 3306 3781 3386 potuisseinﬁciabitur?

2122 3392 2269 3467 Quis
2320 3395 2496 3456 etiam
2528 3401 2835 3456 auctorem
2896 3403 3194 3473 nostrum,
3230 3405 3434 3478 utpote
3468 3399 3779 3463 recentio-

2119 3501 2275 3565 rem,
2309 3502 2380 3548 ex
2425 3484 2790 3565 Hieronymo
2846 3503 2953 3548 sua
2997 3485 3412 3568 desumpsisse
3459 3488 3585 3568 pari
3643 3490 3782 3570 jure

2121 3573 2420 3636 afﬁrmare
2451 3592 2568 3634 non
2601 3574 2816 3655 poterit
2847 3573 2872 3636 ?

2206 3661 2670 3724 Probabiliorem
2706 3663 2956 3725 forsitan
2985 3665 3060 3727 de
3107 3663 3778 3749 Pseudo-Dionysiano-

2124 3770 2256 3813 rum
2275 3754 2527 3833 Operum
2543 3751 2894 3832 antiquitate
2909 3753 3315 3834 conjecturam
3333 3755 3474 3819 inde
3493 3759 3780 3839 accipies,

2125 3842 2282 3922 quod
2341 3841 2612 3904 nonnulli
2657 3861 2728 3903 ea
2774 3842 3107 3924 Apollinari
3163 3857 3220 3907 et
3278 3847 3551 3928 Didyme,
3587 3850 3785 3929 quarti

396 3939 573 4000 etiam
599 3937 776 3998 meris
803 3936 946 4013 ipsis
969 3933 1366 3996 dictionibus.
1402 3933 1461 3994 Si
1495 3940 1672 3993 certae
1695 3931 1874 4010 igitur
1900 3931 2040 3993 ﬁdei
2129 3931 2764 4012 smculiscriptoribus,
2789 3932 3239 4011 assignaverint;
3273 3955 3341 3998 ac
3374 3937 3626 4018 proinde
3660 3941 3788 4004 hinc

396 4027 655 4089 sinthaic
688 4023 1356 4099 testinionia,lntcndum
1386 4031 1474 4084 est
1505 4021 2046 4101 contemplatio-ms
2131 4021 2339 4085 eadem
2374 4039 2558 4102 opera
2579 4021 2698 4084 illis
2721 4023 3092 4103 temporibus
3111 4025 3235 4104 jam
3263 4027 3323 4087 in
3347 4028 3559 4106 vulgus
3575 4047 3787 4107 sparsa

401 4118 678 4194 Dionysii
717 4115 924 4178 Proclo
959 4113 1081 4187 illo,
1114 4112 1215 4193 qui
1251 4111 1362 4173 sub
1419 4113 1615 4175 Leone
1645 4113 1874 4172 Thrace
1919 4130 2045 4172 me-
2129 4110 2312 4172 fuisse
2342 4110 2664 4174 habuerint
2709 4129 3087 4192 persuasum.
3122 4113 3239 4177 Sed
3272 4133 3405 4177 cum
3437 4117 3586 4180 nihil
3621 4121 3784 4199 quod

398 4206 561 4267 dium
595 4207 832 4267 circiter
853 4202 1136 4265 smculum
1164 4201 1433 4282 quintum
1459 4199 1628 4262 libris
1658 4201 2048 4262 conﬁciendis
2130 4200 2492 4281 Apollinaris
2513 4209 2568 4262 et
2591 4200 2827 4281 Didymi
2853 4203 3161 4265 erroribus
3189 4212 3364 4285 atque
3396 4206 3687 4270 doctrinae
3709 4209 3788 4270 sit

397 4313 637 4377 Operam
673 4295 861 4376 dedit,
895 4311 1027 4355 esse
1072 4293 1464 4373 antiquiores.
1495 4290 1891 4363 Quamobrem
1927 4311 2042 4353 non
2066 4309 2460 4384 Dconsonum
2490 4291 2550 4351 in
2601 4291 2813 4352 iisdem
2845 4292 3090 4374 scriptis
3139 4305 3433 4368 occurrat,
3471 4304 3592 4358 tota
3621 4307 3786 4361 certe

388 4386 529 4465 jure
555 4403 796 4464 prorsus
813 4382 1111 4445 immerito
1129 4382 1722 4444 Morinus5i:8altem
1738 4380 2041 4442 librorum

390 4477 652 4538 istorum
664 4472 1354 4553 scriptio,inquit,initio
1376 4472 1580 4552 quinti
1598 4469 1888 4542 saeculi,et
1903 4479 2044 4532 ante

392 4563 636 4626 concilii
657 4562 1162 4626 Chalcedonensis
1185 4561 1641 4623 celebrationem
1666 4560 2041 4639 ussignanda

395 4659 506 4734 est,
539 4671 649 4715 nec
675 4652 809 4714 ulla
839 4654 1079 4715 ratione
1105 4651 1415 4730 probabili
1442 4650 1520 4712 ad
1554 4650 1815 4728 inferius
1845 4667 2040 4712 arvum

396 4745 638 4806 revolvi
667 4749 887 4825 potest.
927 4740 1227 4805 Launoius
1248 4757 1387 4802 vero
1421 4747 1687 4820 tempore
1719 4739 1922 4818 primae
1946 4759 2044 4820 sy-

396 4832 540 4895 nodi
571 4831 906 4914 Ephesinte,
944 4838 1003 4892 et
1030 4828 1313 4892 Erasmus
1358 4828 1670 4908 Augustini
1703 4835 1870 4890 astate
1897 4846 2043 4892 auc-

397 4931 585 4985 torem
621 4929 886 4982 nostrum
923 4920 1139 4982 vixisse
1164 4917 1551 4982 arbitrantur.

476 5013 692 5075 Narrat
717 5028 892 5092 porro
913 5009 1282 5092 Niceqborus
1302 5010 1366 5061 5⁵
1388 5006 2043 5083 Juvenalem,Hieroso-

398 5100 681 5164 limitanze
706 5098 870 5162 urbis
901 5100 1274 5180 episcopum,
1303 5097 1632 5161 Pulcherize
1660 5097 1937 5176 Augusta:
1968 5102 2044 5163 de

398 5207 648 5272 corpore
707 5189 956 5270 virginis
1015 5188 1282 5268 Deiparae
1337 5187 1726 5268 interroganti
1788 5207 2039 5270 respon-

399 5283 664 5356 dentem,
701 5297 770 5342 ea
811 5279 1009 5342 omnia
1039 5277 1304 5358 Dionysii
1358 5278 1600 5340 nomine
1644 5279 1879 5356 citasse,
1915 5298 2045 5360 quae

2128 4387 2329 4442 errant
2359 4382 2470 4456 via,
2495 4380 2598 4461 qui
2621 4381 2691 4442 ea
2721 4380 3120 4462 scriptoribus
3152 4383 3267 4445 illis
3303 4385 3670 4465 adjudicant.
3724 4387 3784 4450 Si

2127 4488 2267 4550 ergo
2306 4471 2367 4532 in
2397 4471 2510 4533 hoc
2537 4479 2653 4532 tam
2683 4469 3032 4534 immaniter
3062 4491 3096 4534 a
3130 4491 3268 4536 vero
3319 4475 3778 4555 aberraverunt,

2127 4561 2333 4640 quidni
2389 4568 2450 4623 et
2479 4561 2638 4623 circa
2701 4567 2937 4642 tempus
2969 4580 3085 4642 quo
3137 4563 3347 4627 eadem
3381 4565 3604 4647 scripta
3634 4585 3786 4648 pro-

2125 4651 2311 4713 diisse
2345 4650 2754 4731 opinabantur
2778 4649 2810 4710 ?

2210 4742 2380 4830 Hanc
2396 4747 2594 4803 tamen
2617 4747 2733 4830 tem
2742 4741 3374 4822 portsassignationem
3396 4764 3594 4809 veram
3619 4766 3784 4830 esse,

2125 4847 2195 4894 ac
2217 4829 2418 4894 omnia
2449 4829 2710 4892 auctoris
2735 4837 2925 4892 nostri
2955 4833 3174 4914 scripta
3199 4836 3521 4915 postremis
3538 4829 3786 4901 Eusebii

2128 4919 2506 5002 temporibus
2531 4919 2771 4999 vulgata
2789 4938 2921 4984 esse
2937 4940 3005 4984 eo
3041 4923 3297 5004 probant
3313 4924 3454 5004 quia
3474 4927 3534 4987 in
3554 4925 3788 5008 Grego-o

2123 5010 2200 5099 rii
2257 5009 2611 5099 Nazianzeni
2645 5010 3169 5075 lucubrationibus
3228 5013 3397 5095 plura
3452 5033 3486 5077 a
3517 5015 3693 5099 Bilio,
3731 5025 3790 5080 et

2126 5098 2240 5162 alia
2269 5098 2540 5180 quaedam
2583 5116 2620 5160 a
2645 5099 2867 5162 Dallaao
2922 5101 3238 5167 obScrvata
3269 5098 3684 5187 reperiuntur,
3713 5107 3792 5169 iis

2125 5208 2258 5271 quas
2277 5188 2594 5271 Dionysius
2617 5189 2881 5272 scripsit,
2909 5210 3158 5273 prorsus
3178 5194 3419 5259 similia.
3453 5196 3627 5278 Atqui
3652 5198 3794 5260 Dio-

2128 5279 2329 5361 nysius
2390 5279 2494 5342 illa
2543 5278 2834 5362 Gregorio
2889 5301 3008 5344 non
3057 5291 3148 5345 est
3209 5292 3532 5368 mutuatus,
3579 5293 3793 5367 utpote

476 5459 542 5548 _50
568 5460 899 5548 Comment.
936 5457 1002 5518 in
1024 5457 1068 5548 {1
1083 5456 1304 5548 placa-1:,
1329 5475 1408 5548 xi,
1431 5475 1564 5548 sui,
1591 5475 1725 5520 XLV.
1751 5461 1801 5510 δ’
1834 5458 2122 5524 Biblioth.
2145 5459 2472 5548 cod._lOZ._
2494 5459 2643 5548 33in
2676 5457 3002 5548 Collectan.
3051 5464 3143 5548 53_
3169 5463 3455 5548 Phoaem.
3496 5467 3558 5526 in.
3585 5462 3793 5548 Opera

398 5539 660 5626 Dionys.
692 5539 745 5626 ξι
779 5543 862 5599 De
881 5539 1073 5600 sacris
1105 5535 1402 5601 Ordinat.’
1428 5538 1488 5600 in
1521 5539 1674 5601 hanc
1705 5548 1938 5620 quiest"
1974 5559 2104 5622 cap.
2135 5541 2195 5605 6.
2225 5541 2254 5620 §
2289 5541 2384 5606 19.
2411 5543 2476 5593 55
2503 5543 2658 5607 Ilist.
2693 5538 2734 5605 l.
2766 5558 2864 5618 xv,
2895 5561 3025 5626 cap.
3074 5545 3169 5609 i4.
3201 5544 3267 5597 ὕϐ
3301 5547 3554 5625 Apolog.
3581 5535 3655 5606 2]
3678 5546 3792 5607 ad-

398 5639 556 5686 vers.
597 5622 902 5702 Rufinum.
