4044 6152
247 354 312 423 49

1646 354 2062 425 PROLEGOM
2076 362 2249 425 ENA.

3569 362 3650 453 so

247 492 336 571 qui
361 491 433 555 ab
463 492 601 557 aliis
621 493 933 571 omnibus,
963 493 1265 576 inquiunt,
1293 492 1719 558 ecclesiasticis
1744 494 1900 558 scri-
1926 501 1964 551 Α
1996 493 2257 556 Verbum
2276 493 3335 577 divinissz'mum.----perinconfusam
3355 495 3652 562 humans-

256 582 504 663 ptoribus
526 583 710 665 plane
732 583 1004 646 diversus
1032 585 1133 666 sit,
1164 596 1225 646 et
1252 584 1344 646 sui
1374 589 1602 648 tantum
1628 584 1892 649 similis:

250 674 439 735 omnia
461 690 707 755 quoque
737 675 951 755 placita
996 692 1101 736 sua
1131 673 1203 736 ad
1234 673 1597 736 neotericam
1631 673 1903 736 Platoni-

1995 586 2143 646 tatis
2166 590 2383 647 nostra:
2408 586 2897 664 assumptionem.
2926 583 2996 647 Et
3023 585 3086 648 in
3145 586 3402 667 epistola
3460 586 3523 668 4,
3575 587 3648 651 ad

1992 670 2549 751 Caium:Quuteuus
2563 681 2695 737 erat
2716 672 2868 737 Deus
2892 682 2946 737 et
2973 676 3401 752 homo,novam
3423 691 3642 755 quam-

253 773 472 825 starum
524 763 926 826 conformavit
965 764 1274 845 scholam;
1312 782 1381 824 ac
1408 763 1649 825 tandem
1684 763 1909 842 ubique

2027 765 2134 826 ’um
2153 765 2462 827 uobiscum
2487 764 2904 828 conversundo
2927 765 3234 842 θεανδρικὴν
3258 766 3523 845 ἐνέργειαν
3540 784 3650 830 ca;-

257 853 468 935 passim
501 871 536 914 a
564 864 916 915 sanctorum
948 854 1185 916 Patrem
1216 851 1414 915 verbis
1445 861 1504 914 et
1559 853 1908 915 notionihus

258 943 510 1004 maxime
538 943 871 1005 abhorruit.
904 944 1125 1005 Contra
1147 959 1286 1005 vero
1315 941 1636 1023 Gregorius
1667 942 1911 1020 quoties

252 1034 329 1097 ad
358 1033 729 1095 obscuriora
759 1032 1027 1115 quaedam
1063 1040 1121 1095 et
1151 1033 1339 1110 magis
1369 1033 1782 1114 philosophica
1801 1033 1912 1096 de-

256 1123 463 1197 ﬂectit,
501 1122 679 1185 toties
708 1122 783 1185 ab
811 1122 942 1185 aliis
971 1141 1079 1184 sua
1108 1122 1355 1197 derivat,
1393 1130 1568 1203 atque
1598 1123 1819 1187 idcirco
1838 1141 1914 1186 ex

252 1214 638 1294 philosophis
675 1222 733 1274 et
778 1214 1056 1293 Dionysio
1098 1208 1305 1275 nostro
1340 1211 1439 1275 illa
1468 1214 1744 1276 hausisse
1773 1231 1911 1278 vero

246 1304 491 1366 videtur
521 1301 931 1365 simillimum.

327 1394 524 1457 Porro
549 1395 600 1454 si
619 1411 799 1473 roges
827 1410 935 1454 cur
952 1393 1360 1456 venerandum
1381 1388 1909 1475 Dionysii'nomen,

1994 851 2234 915 bibebat
2266 854 2417 926 Quid
2446 855 2703 935 planius,
2728 853 2871 935 quid
2893 853 3217 918 dilucidius
3239 864 3371 938 post
3413 873 3652 937 sparsos

1996 940 2247 1004 Nestorii
2285 942 2744 1025 Eutychetisque
2794 962 3030 1007 errores
3081 964 3114 1007 a
3161 944 3370 1026 quovis
3403 951 3651 1009 auctore

1999 1051 2267 1112 unquam
2295 1034 2579 1114 scriptum
2611 1042 2702 1096 est
2730 1033 2755 1095 ?

2073 1121 2469 1195 Quamobrem
2488 1142 2604 1185 non
2619 1123 2734 1186 levi
2750 1124 2992 1187 omnino
3008 1125 3357 1207 conjectura
3368 1123 3654 1202 colligere

1999 1231 2315 1289 possumus
2342 1215 2694 1294 scriptorem
2729 1223 2996 1275 nostrum
3033 1214 3319 1277 maximas
3347 1232 3482 1277 cum
3519 1221 3647 1274 tur-

2000 1300 2103 1362 bas
2132 1301 2204 1362 ab
2239 1301 2534 1364 luereticis
2578 1301 2947 1365 Nestorianis
2977 1314 3039 1365 ct
3067 1303 3452 1385 Eutychianis
3495 1301 3644 1365 cieri

1998 1391 2248 1463 videret,
2287 1400 2425 1453 tunc
2454 1401 2516 1453 ut
2543 1399 2825 1473 utrosque
2857 1392 3274 1473 confunderet,
3317 1410 3386 1455 ac
3418 1410 3523 1473 pro
3558 1392 3651 1454 vi-

242 1486 525 1547 oratione
542 1501 669 1546 sua:
693 1499 968 1562 magnum
995 1483 1229 1564 pondus
1255 1482 1774 1565 adjecturum,ille
1798 1501 1916 1543 non
2007 1479 2173 1542 ribus
2203 1481 2490 1543 Ecclesiae
2512 1482 2822 1543 catholicas
2855 1490 3053 1562 partes
3084 1480 3646 1557 tucretur,animum

242 1575 613 1648 inseruerit,
641 1592 997 1655 responsum
1029 1573 1192 1636 illico
1221 1574 1482 1655 accipies
1526 1592 1746 1636 nomen
1775 1571 1919 1635 illud
2002 1571 2074 1631 ad
2101 1570 2486 1633 scribendum
2526 1571 2849 1652 appulisse.
2883 1572 3080 1653 Atque
3110 1580 3174 1634 ut
3202 1571 3260 1633 id
3292 1570 3407 1652 ipsi
3467 1569 3653 1633 cede-

244 1663 824 1747 ejusdemGregorii
845 1662 1919 1744 mtateChristianistanto,utipostea,
2003 1671 2093 1723 ret
2125 1660 2382 1742 felicius,
2422 1680 2695 1740 magnum
2729 1661 2939 1742 utique
2964 1670 3022 1724 et
3065 1660 3470 1724 venerandum
3502 1659 3653 1723 Dio-

243 1774 375 1820 non
414 1754 601 1816 fuisse
631 1754 691 1815 in
719 1754 971 1819 honore.
1003 1754 1170 1816 Tunc
1201 1753 1495 1834 siquidem
1528 1760 1739 1817 auctor
1791 1752 1919 1827 ille,
2006 1752 2150 1832 nysii
2181 1751 2551 1833 AreOpagitze
2576 1770 2796 1813 nomen
2824 1749 3061 1832 scriptis
3091 1751 3215 1814 suis
3267 1751 3535 1834 praefixit.
3572 1749 3655 1812 Ea

250 1868 368 1927 pro
405 1865 547 1909 vero
597 1846 955 1927 Areopagita
986 1847 1250 1908 nondum
1282 1845 1539 1925 agnitus,
1575 1846 1662 1925 vir
1689 1852 1918 1909 tantum
1946 1878 1980 1927 Β
2004 1861 2143 1919 ergo
2176 1841 2339 1903 illius
2364 1860 2545 1917 opera
2575 1842 2727 1903 intra
2774 1859 2996 1903 annum
3039 1843 3181 1917 431,
3215 1860 3330 1923 quo
3378 1857 3652 1903 (acume-

254 1937 662 2017 inagnus,qui
686 1936 794 1999 sub
817 1936 1013 1999 alieno
1036 1936 1279 1997 nomine
1300 1933 1716 2016 delitescebat,
1738 1933 1922 1997 habe-
2009 1932 2142 1994 nica
2201 1932 2458 2013 synodus
2510 1931 2814 2012 Ephesina
2869 1932 3153 1995 adversus
3218 1931 3653 2002 Ncstorianos,

258 2034 470 2090 batur.
509 2026 667 2101 Quid
694 2045 834 2106 ergo
863 2027 1098 2101 mirum,
1125 2025 1175 2087 si
1204 2023 1525 2106 Gregorius
1550 2025 1786 2106 proprio
1811 2043 1924 2087 no-
2008 2032 2065 2083 et
2099 2023 2237 2099 451,
2274 2040 2389 2101 quo
2423 2020 2931 2084 Chalcedonensis
2986 2031 3194 2086 contra
3250 2021 3653 2103 Eutychianos

254 2125 438 2180 mine
459 2135 601 2180 eum
627 2136 744 2179 non
765 2114 1283 2198 appellaverit,qui
1308 2115 1606 2179 neminem
1633 2133 1701 2177 ex
1717 2114 1927 2178 Catho-
2010 2111 2309 2173 celebrata
2334 2119 2445 2188 est,
2471 2109 2545 2174 ab
2570 2111 2670 2174 illo
2695 2111 2960 2192 protecta
2990 2129 3125 2174 esse
3165 2111 3462 2175 videntur.
3524 2114 3657 2179 Non

246 2209 421 2288 licis,
480 2209 589 2270 sed
654 2223 909 2288 paganos
940 2206 1251 2286 duntaxat,
1285 2224 1354 2268 ac
1382 2206 1829 2286 Symmachum,
1864 2212 1929 2267 et
2011 2202 2292 2265 continuo
2323 2211 2522 2264 tamen
2554 2202 2613 2263 in
2647 2200 2945 2280 publicam
2979 2201 3174 2266 lucem
3228 2203 3542 2285 producta,
3601 2212 3663 2267 et

245 2297 547 2379 Aquilam
572 2297 923 2359 nominatim
948 2295 1205 2358 vocavit?
1239 2293 1528 2357 Caeterum
1559 2294 1828 2356 creditur
1848 2292 1925 2354 il-
2011 2292 2087 2353 ab
2118 2291 2396 2353 omnibus
2428 2299 2691 2373 recepta,
2722 2291 2829 2354 sed
2873 2292 3100 2354 sensim
3158 2291 3290 2356 sine
3351 2312 3532 2357 sensu
3579 2296 3663 2357 ita

244 2388 389 2450 lum
416 2388 513 2449 his
539 2385 737 2448 verbis
760 2386 976 2447 citasse
1006 2385 1104 2446 ὅτε
1143 2383 1661 2460 Quemadmodum
1682 2391 1735 2447 et
1766 2383 1929 2446 alius
2014 2381 2386 2462 prodierunt,
2413 2391 2478 2443 ut
2508 2400 2625 2443 non
2647 2389 2783 2443 ante
2812 2390 3200 2445 memoratam
3230 2384 3507 2464 superius
3528 2385 3663 2448 Col-

243 2482 486 2556 quidam
513 2489 637 2537 ante
669 2497 760 2535 nos
816 2479 1165 2553 pulcherrime
1196 2484 1247 2536 et
1299 2478 1676 2536 sublimissime
1698 2478 1932 2551 philoso-
2015 2471 2294 2533 lationem
2330 2471 3069 2552 Constantinopolitanam,
3094 2490 3254 2536 anno
3276 2472 3418 2551 533,
3450 2475 3511 2536 in
3534 2494 3658 2537 om-

238 2566 486 2647 phatus
509 2574 619 2628 est.
646 2564 853 2646 Neque
886 2565 1045 2628 enim
1079 2566 1177 2626 hic
1228 2563 1569 2626 audiendus
1620 2569 1715 2626 est
1774 2563 1928 2625 Elias

244 2657 595 2731 Cretensis,
632 2657 733 2735 qui
766 2655 848 2717 ibi
908 2654 1294 2716 Athanasium
1350 2653 1584 2716 laudari
1637 2661 1924 2717 autumat.

245 2744 412 2807 Nam
447 2745 589 2806 huic
621 2744 885 2824 opinioni
919 2752 975 2804 et
1001 2743 1289 2824 temporis
1318 2742 1557 2818 ratio,et
1585 2742 1932 2823 scriptionis

2014 2562 2172 2622 nium
2211 2560 2483 2623 venerint
2512 2560 2937 2640 cognitionem.
2984 2562 3136 2624 Illud
3198 2582 3374 2643 porro
3432 2569 3492 2625 in
3543 2566 3659 2627 hu-

2005 2651 2176 2732 jusce
2231 2650 2536 2730 Opinionis
2593 2650 3106 2715 conﬁrmationem
3162 2654 3380 2716 adduci
3437 2663 3657 2735 potest,

2014 2741 2169 2821 quod
2205 2742 2327 2803 hate
2358 2741 2574 2821 scripta
2604 2741 2663 2801 in
2724 2740 2818 2801 his
2870 2741 3259 2804 mcumenicis
3317 2743 3588 2807 conciliis
3628 2764 3663 2808 a

248 2853 456 2915 genus
480 2835 661 2914 plane
690 2834 1100 2896 adversantur.
1139 2831 1211 2894 Et
1238 2849 1382 2895 vero
1414 2833 1738 2910 Gregorius
1770 2852 1926 2894 nun-

251 2944 446 3001 quam
480 2924 899 2998 Athanasium,
935 2941 1190 3003 quocum
1252 2922 1564 2985 meliorem
1621 2922 1754 2983 vitae
1811 2941 1934 2984 suae

255 3022 503 3094 partem
530 3023 923 3093 transegerat,
949 3011 1447 3093 appellassetmr‘z
1479 3019 1586 3070 τῶν
1616 3015 1716 3091 πρὸ
1745 3014 1926 3089 ἡμῶν,

258 3104 579 3185 quendam
638 3104 742 3183 qui
798 3111 940 3163 (mle
994 3120 1105 3165 nos
1164 3103 1341 3165 vixit.
1405 3103 1533 3165 Hoc
1582 3102 1804 3182 quippe
1838 3102 1931 3163 lo-

261 3194 499 3273 quendi
532 3210 759 3269 genere
809 3191 997 3255 Graeci
1060 3191 1389 3270 scriptores
1448 3190 1777 3269 hominem,
1843 3191 1933 3252 vel

264 3284 629 3363 priusquam
663 3282 782 3342 nati
817 3290 1040 3357 essent,
1076 3281 1167 3342 vel
1202 3280 1377 3360 longe
1430 3289 1749 3360 antequam
1783 3281 1932 3342 scri-

266 3372 829 3446 berent,mortuum
853 3370 1187 3448 indigitant.
1226 3373 1437 3449 Neque
1468 3368 1644 3430 etiam
1709 3367 1938 3449 Grego-

273 3462 406 3524 rius
464 3461 543 3522 de
604 3460 951 3534 Athanasio,
1016 3478 1193 3540 quem
1229 3458 1305 3520 ob
1347 3458 1484 3540 styli
1514 3457 1940 3521 sublimitatem

268 3554 334 3613 in
370 3570 483 3613 sua
515 3550 787 3611 oratione
818 3552 1170 3630 panegyrica
1201 3568 1316 3610 non
1359 3549 1766 3621 commendat,
1823 3568 1939 3610 un-

275 3660 457 3721 quam
484 3640 755 3703 dixisset:
783 3638 1233 3702 Sztbtimissime
1253 3638 1714 3719 philosophatus
1732 3644 1840 3700 est.
1869 3642 1943 3701 At

277 3740 613 3811 utrumque
644 3728 792 3790 illud
828 3738 886 3789 et
915 3727 1262 3809 scriptionis
1300 3746 1510 3808 genus,
1546 3738 1606 3790 et
1658 3728 1943 3808 temporis

280 3821 435 3882 ratio
455 3818 747 3899 scriptori
771 3824 971 3879 nostro
984 3817 1208 3898 optime
1222 3815 1780 3882 conveniunt.lllum
1797 3835 1943 3895 ergo

283 3930 320 3973 a
346 3912 642 3992 Gregorio
673 3911 1045 3975 Nazianzeno
1074 3908 1155 3972 ibi
1187 3909 1492 3974 laudatum
1555 3928 1685 3972 esse
1716 3909 1944 3972 nemini

286 4022 399 4064 non
437 4001 819 4083 probabitur.

365 4092 480 4163 Qui
514 4090 609 4152 his
654 4095 1088 4152 convincuntur
1108 4088 1402 4152 rationum
1430 4088 1773 4164 momentis,
1809 4089 1943 4170 opi-

291 4181 452 4242 nioni
484 4179 568 4240 illi
600 4189 888 4260 quantum
920 4178 1252 4257 voluerunt,
1293 4176 1691 4250 subscribam,
1726 4177 1801 4239 iis
1835 4196 1948 4239 nec

290 4269 634 4341 invidimus,
663 4288 776 4329 nec
825 4268 1208 4331 reluctamur.
1240 4267 1570 4341 Quominus
1593 4275 1790 4329 tamen
1822 4287 1949 4329 om-

297 4377 427 4420 nem
462 4357 587 4418 illis
617 4356 989 4437 prazbeamns
1019 4374 1432 4437 assensum,ea
1458 4355 1828 4437 potissimum
1854 4374 1948 4418 ra-

2015 2837 2275 2910 neminv,
2314 2849 2509 2908 neque
2537 2836 2710 2892 etiam
2730 2849 2765 2891 a
2793 2832 3075 2893 iuvenale
3098 2830 3658 2915 Hierosolymitano,

2017 2920 2115 3000 qui
2151 2921 2310 2983 inter
2344 2921 2564 2999 primos
2589 2920 2899 3001 utriusque
2927 2921 3133 3002 synodi
3158 2925 3367 2984 Patres
3388 2922 3659 2998 sedebat,

2017 3011 2191 3070 citata
2219 3010 2612 3089 reperiantur.
2639 3009 2816 3072 Nulla
2834 3019 3030 3072 autem
3065 3012 3245 3091 hujus
3274 3012 3500 3075 silentii
3518 3032 3665 3076 cau-

2016 3118 2079 3161 sa
2110 3099 2224 3161 alia
2256 3107 2446 3179 potest
2476 3099 2698 3173 alleiri,
2762 3100 2877 3161 nisi
2921 3101 3077 3182 quod
3134 3101 3510 3182 Dionysianze
3563 3103 3663 3164 lu-

2018 3188 2402 3251 cubrationes
2455 3200 2595 3250 tunc
2626 3208 2658 3250 e
2692 3189 2954 3251 tenebris
2984 3202 3382 3270 emergentes,
3416 3192 3513 3254 vix
3547 3192 3660 3255 ulli

2021 3287 2156 3340 ante
2174 3278 2491 3342 concilium
2514 3277 3002 3342 Chalcedonense
3026 3289 3180 3343 nota)
3205 3282 3664 3345 fueruntJ’orro

2021 3383 2217 3435 autem
2235 3364 2292 3431 ἐἰ
2317 3388 2544 3451 qumras
2564 3387 2672 3431 cur
2706 3368 2875 3450 plura
2894 3369 3049 3449 apud
3073 3378 3375 3433 auctorem
3396 3379 3664 3434 nostrum

2023 3469 2362 3535 occurrant,
2396 3478 2529 3520 cum
2565 3458 2658 3520 his
2706 3476 2839 3539 quae
2893 3459 3216 3538 Gregorius
3269 3458 3670 3525 Nazianzenus
3741 3523 3750 3533 _

2024 3550 2282 3631 scripsit,
2323 3549 2497 3630 plane
2526 3548 2769 3621 similia,
2821 3567 2938 3609 non
2992 3548 3250 3611 absurde
3310 3550 3670 3632 responderi

2027 3652 2214 3725 potest
2246 3640 2344 3704 illa
2377 3641 2450 3703 ab
2484 3650 2727 3705 auctore
2759 3649 2982 3716 nostro,
3014 3641 3119 3720 qui
3173 3643 3390 3724 saepius
3449 3653 3508 3706 et
3563 3662 3671 3707 sua

2024 3733 2097 3795 ab
2129 3731 2256 3794 aliis
2290 3732 2618 3813 accepisse,
2668 3739 2727 3794 et
2752 3731 3007 3795 aliorum
3067 3732 3388 3813 opiniones
3442 3733 3672 3797 referre

2026 3822 2193 3897 dicit,
2230 3822 2287 3882 in
2321 3840 2463 3882 usus
2494 3840 2654 3902 suos,
2691 3822 2865 3887 tacito
2889 3820 3155 3902 Gregorii
3188 3824 3454 3900 nomine,
3489 3823 3671 3886 fuisse

2026 3930 2223 3973 assum
2234 3910 2590 3993 pta,acstylo
2611 3911 2844 3973 reddita
2860 3922 3057 3992 suo,et
3078 3910 3672 3994 inusitatisloquendi

2031 4001 2247 4064 modis.

2110 4090 2335 4163 Quibus
2366 4100 2566 4152 autem
2601 4092 2692 4153 hae
2722 4093 3085 4172 conjectura:
3117 4112 3226 4156 nec
3279 4092 3420 4155 satis
3458 4094 3671 4169 firmas,

2031 4196 2141 4242 nec
2160 4180 2402 4241 omnino
2430 4180 2767 4261 probabiles
2799 4182 3177 4257 videbuntur,
3225 4182 3406 4244 iidem
3440 4182 3674 4245 fatean-

2034 4277 2129 4331 tur
2160 4287 2405 4331 necesse
2433 4277 2521 4331 est
2552 4271 2675 4332 hinc
2733 4271 3041 4352 scriptoris
3090 4270 3277 4333 nostri
3307 4273 3505 4349 Opera
3534 4269 3674 4334 Col-

2032 4358 2312 4421 lationcm
2329 4359 3256 4441 Constantinopolitanam,atque
3277 4360 3452 4422 etiam
3476 4362 3679 4424 saeculi

297 4449 373 4509 tio
406 4466 517 4509 nos
549 4454 765 4527 movet,
790 4447 945 4527 quod
969 4455 1380 4527 argumentum
1403 4445 1701 4526 illud,quo
1729 4446 1949 4525 scripta
2031 4447 2179 4510 sexti
2202 4447 2370 4509 initia
2391 4448 2565 4528 longe
2590 4452 3016 4530 praecucurrisse
3039 4451 3324 4531 temporis
3343 4449 3677 4514 intervallo.

299 4535 559 4599 auctoris
584 4535 774 4597 nostri
801 4545 931 4616 post
955 4545 1150 4599 natam
1174 4533 1301 4598 Arii
1328 4534 1604 4596 haeresim
1633 4533 1790 4595 edita
1818 4551 1951 4596 esse
1974 4532 2016 4583 ι)

301 4624 849 4700 demonstrabatur,
886 4625 1042 4688 idem
1075 4625 1222 4687 illud
1277 4625 1469 4704 ipsum
1528 4631 1659 4703 post
1717 4633 1955 4685 exortes

302 4714 554 4778 Nestorii
568 4732 810 4776 errores
826 4714 1115 4795 prodiisse
1131 4711 1543 4775 cuilibethaud
1560 4709 1803 4772 difficile
1825 4728 1958 4792 per-

303 4801 671 4866 suadebit.ln
699 4803 771 4865 iis
785 4804 1011 4885 quippe
1033 4802 1278 4864 haeresis
1295 4809 1503 4863 contra
1522 4798 1956 4861 Incarnationis

304 4893 513 4957 Christi
544 4890 892 4973 mysterium
930 4911 1048 4952 non
1083 4890 1279 4953 minus
1311 4898 1514 4970 aperte
1546 4907 1720 4969 quam
1749 4906 1958 4950 omnes

303 4994 511 5047 contra
542 4980 675 5061 ejus
706 4978 1076 5042 divinitatem
1112 4989 1170 5041 et
1200 4997 1376 5042 unam
1414 4976 1588 5039 trium
1621 4976 1957 5038 divinarum

304 5087 690 5152 personarum
708 5076 977 5131 naturam
993 5086 1231 5131 errores
1245 5066 1659 5149 proscribitur.
1671 5069 1752 5128 De
1766 5067 1954 5128 incar-

303 5171 443 5222 nato
475 5160 637 5222 enim
654 5156 929 5220 DeiFilio
959 5159 1137 5220 variis
1169 5157 1228 5219 in
1263 5156 1411 5219 locis
1442 5157 1570 5218 huic
1596 5155 1848 5233 legimus
1868 5157 1953 5219 58:

298 5255 388 5312 Ι)δί
418 5253 740 5327 principalis
796 5253 1146 5310 bonitas......
1209 5257 1518 5309 nostrorum
1572 5250 1811 5307 omnium
1837 5266 1959 5307 vere

303 5343 444 5412 [aeta
469 5340 742 5411 particeps
770 5339 968 5413 absque
1018 5343 1258 5412 peccato,
1318 5335 1705 5408 humilitatique
1758 5344 1960 5394 nostra!

306 5425 663 5489 unitasalvo
672 5425 1123 5507 proprietatum
1136 5441 1391 5487 suarum
1402 5428 1960 5504 statu.eoquepror-

308 5538 401 5583 sus
424 5521 749 5599 inconfuso
773 5525 829 5582 et
854 5518 1179 5582 inviolato.
1219 5517 1284 5579 In
1306 5517 1425 5580 alio
1448 5524 1650 5579 autem
1683 5515 1834 5579 libro
1856 5516 1954 5583 59:

2040 4627 2126 4689 De
2155 4626 2371 4690 horum
2408 4625 2673 4708 Operam
2702 4627 2989 4710 utilitate,
3013 4636 3067 4693 et
3100 4631 3245 4693 aliis
3275 4630 3533 4710 ejusdem
3563 4646 3680 4692 au-

2306 4719 2489 4780 cteris
2510 4718 2837 4797 deperditis
2861 4718 3396 4782 lucubrationibus.

2121 4807 2265 4869 Cum
2328 4807 2505 4886 igitur
2537 4816 2709 4868 tantm
2758 4808 3124 4888 antiquitatis
3177 4808 3299 4870 sint
3327 4807 3430 4869 illa
3460 4807 3682 4889 Opera,

2042 4913 2111 4958 eo
2147 4895 2352 4975 majori
2385 4897 2543 4976 apud
2581 4894 2951 4958 Christianos
2972 4897 3198 4960 debent
3223 4915 3357 4959 esse
3384 4898 3441 4959 in
3466 4898 3683 4977 pretio,

2041 5003 2156 5067 quo
2190 4986 2359 5065 plura
2390 4986 2460 5047 ad
2490 4985 2838 5046 corumdem
2863 4984 3331 5048 Christianorum
3366 4985 3685 5049 utilitatem

2041 5075 2281 5155 cepiose
2327 5074 2728 5155 suppeditant.
2789 5073 2855 5135 In
2914 5073 2986 5136 iis
3043 5077 3344 5137 enimvero
3401 5074 3691 5137 docemur

2043 5183 2173 5246 qua)
2203 5164 2514 5245 scriptoris
2548 5163 2733 5224 nostri
2766 5171 2825 5224 et
2855 5164 3232 5225 decessurum
3269 5165 3397 5245 ejus
3420 5174 3691 5245 tempore

2041 5253 2220 5315 fuerit
2252 5254 2521 5317 doctrina
2557 5252 2701 5314 hdei
2730 5261 2789 5313 et
2821 5270 3051 5315 morum
3087 5253 3425 5335 disciplina.
3459 5252 3688 5327 Quam—

2041 5343 2126 5406 vis
2160 5343 2319 5404 enim
2348 5343 2407 5404 in
2441 5362 2510 5405 eo
2544 5342 2723 5405 falsus
2755 5359 2890 5404 esse
2917 5352 3223 5424 arguatur,
3256 5343 3415 5424 quod
3450 5361 3518 5405 ea
3561 5360 3693 5424 qum

2042 5432 2215 5495 docet
2249 5432 2514 5513 Dionysii
2549 5431 2921 5511 Areopagitas
2950 5440 3121 5495 aetate
3153 5433 3410 5510 viguisse
3440 5439 3689 5513 putave-

2041 5523 2140 5605 rit,
2173 5532 2404 5587 constat
2432 5531 2632 5585 tamen
2665 5539 2734 5585 ea
2765 5528 2965 5585 omnia
3020 5521 3307 5586 debuisse
3354 5527 3491 5584 ante
3524 5520 3691 5600 ejus-

382 5691 443 5743 57
470 5689 630 5755 Orat.
666 5691 746 5755 38
780 5690 846 5751 in
876 5686 1150 5769 Theoph.
1184 5694 1244 5751 et
1270 5686 1345 5751 4‘2
1386 5688 1449 5750 in
1476 5684 1689 5749 Pasch.
1710 5687 1778 5741 58
1813 5688 1899 5752 De
1929 5693 2140 5760 acules.
2187 5694 2517 5759 literarch..
2551 5713 2682 5776 cap.
2716 5696 2777 5757 3.
2809 5692 2874 5747 59
2903 5692 2996 5756 De
3025 5692 3218 5755 divin.
3252 5690 3486 5754 nonin.
