4044 6152
292 318 369 387 53

1707 327 1905 396 PROL
1915 325 2293 396 EGOMENA.

3610 328 3686 399 54

290 457 853 525 babemusParisiis
877 461 1026 544 typis
1048 459 1290 528 Henrici
1312 462 1770 546 Stephanianno
1800 464 2013 528 1515a
2036 466 2250 529 nullibi
2282 487 2537 551 unquam
2593 477 2800 532 auctor
2830 473 3037 530 noster
3084 463 3346 529 tradidit.
3383 466 3461 531 Et
3516 473 3684 533 certe

297 567 603 631 excusem,
653 570 796 632 quae
843 552 1184 615 versionem
1214 553 1513 617 Ambrosii
1542 554 1963 619 Camaldulen-

296 639 396 718 sis,
429 647 603 701 notas
656 639 844 703 Fabri
903 642 1307 723 Stapulensis,
1345 653 1406 706 et
1466 650 1959 706 commentarium

304 728 516 792 Judoci
552 728 883 793 Clichtovei
911 731 1346 813 complectitur.
1372 732 1556 796 Porro
1586 733 1763 797 Fabri
1792 735 1963 796 scho-

299 818 376 879 lia
407 819 625 898 saapius
655 820 720 881 in
755 819 967 899 vulgus
1020 821 1396 902 prodierunt,
1427 824 1806 902 Argentorati
1848 842 1960 885 an—

298 927 373 968 no
417 908 568 972 1498
626 919 687 970 et
719 909 902 987 1509,
936 914 999 974 et
1055 910 1301 973 Parisiis
1337 911 1512 976 1505.
1550 914 1617 975 In
1659 912 1734 975 iis
1760 920 1959 975 autem

296 998 494 1060 Faber
521 998 863 1062 versionem
895 997 1194 1063 Ambrosii
1240 1000 1712 1064 Camaldulensis
1739 1011 1839 1063 aut
1880 1003 1958 1062 il-

298 1088 513 1149 lustrat
541 1095 650 1148 aut
711 1088 996 1169 corrigit:
1032 1099 1208 1166 atque
1252 1099 1318 1152 ut
1348 1091 1403 1152 id
1462 1098 1771 1170 praestaret
1796 1091 1956 1154 inte-

296 1177 487 1258 grius,
526 1176 752 1241 Graecis
810 1180 1237 1260 m‘anuscriptis
1295 1199 1423 1262 quae
1482 1180 1544 1241 in
1600 1180 1957 1262 Dionysiano

294 1266 666 1330 monasterio
703 1268 1114 1344 servabantur,
1147 1287 1290 1330 usus
1322 1276 1432 1332 est.

344 1355 532 1419 Notas
551 1356 611 1417 in
631 1357 861 1436 singula
885 1356 1360 1440 DionysiiOpera
1382 1360 1651 1422 omnium
1668 1361 1956 1424 maximas

286 1451 415 1530 jam
453 1450 734 1531 prazfatus
764 1451 1083 1515 Corderius
1112 1453 1464 1533 divulgavit,
1497 1471 1701 1536 eaeque
1732 1455 1806 1517 ab
1830 1456 1958 1536 ipso

294 1540 658 1619 theologica
680 1540 1079 1622 appellantur.
1118 1541 1189 1605 Et
1218 1561 1286 1604 re
1312 1543 1554 1623 quidem
1589 1543 1718 1625 ipsa
1741 1545 1855 1607 illa:
1886 1547 1957 1607 ad

288 1629 659 1710 theologiam
693 1631 1113 1694 scholasticam
1161 1634 1483 1714 pertinent,
1518 1642 1698 1712 atque
1725 1634 1785 1695 in
1817 1636 1955 1706 illis,

291 1717 519 1797 quibus
576 1719 792 1781 librum
849 1723 932 1783 De
989 1722 1217 1786 divinis
1260 1721 1959 1803 nominibusﬁllustrare

290 1808 630 1884 contendit,
661 1809 854 1872 fusius
887 1811 1251 1892 uberiusque
1284 1812 1570 1893 disputat.

883 1914 1133 1981 CAPUT
1178 1914 1360 1979 XXII.

614 2004 800 2067 Novae
849 2006 1129 2095 quasdam
1158 2004 1629 2069 observationes.

354 2107 596 2167 Auctor
613 2105 925 2168 Hebraice
946 2105 1518 2170 nesciebat.—Nulli
1534 2107 1951 2189 injucundum,

288 2212 403 2256 nec
419 2194 673 2256 forsitan
687 2195 897 2258 inutile
914 2196 1024 2258 erit
1037 2196 1132 2258 his
1144 2197 1665 2260 observationibus
1681 2198 1951 2279 quaedam

285 2284 581 2364 adjicere,
616 2303 748 2367 quae
774 2286 1101 2348 attentione
1131 2285 1330 2368 aliqua
1362 2306 1481 2349 non
1514 2291 1689 2368 plane
1711 2289 1956 2368 indigna

293 2373 686 2437 videbuntur.
716 2374 981 2438 Primum
1010 2376 1172 2438 enim
1204 2384 1414 2438 auctor
1439 2384 1642 2440 noster
1662 2376 1957 2439 Hebraice

290 2463 636 2539 nesciebat,
672 2466 891 2548 quippe
922 2467 1025 2544 qui
1051 2466 1152 2528 ubi
1184 2467 1501 2529 nonnullas
1526 2466 1952 2530 Hebraicorum

288 2553 615 2615 verborum
650 2556 1185 2636 interpretationes
1211 2556 1407 2632 all‘ert,
1434 2556 1743 2637 subjungit
1770 2560 1955 2619 conti-

283 2664 406 2706 nuo
435 2646 503 2694 ‘8
534 2666 550 2705 :
601 2645 899 2708 Hebraice
924 2652 1116 2728 periti
1166 2650 1372 2729 aiunt,
1402 2647 1499 2710 vel
1527 2670 1554 2720 ,-
1585 2649 1668 2709 Hi
1693 2648 1804 2728 qui
1832 2647 1954 2709 He-

287 2737 499 2797 braice
522 2740 780 2808 norunt,
926 2747 931 2751 ’

374 2822 676 2885 Prteterea
697 2823 941 2886 dubium
956 2824 1148 2888 adhuc
1164 2824 1526 2887 etincertum
1553 2843 1684 2887 esse
1697 2823 1951 2898 videtur,

288 2922 493 2976 utrum
540 2913 637 2974 hae
669 2931 848 2975 voces
906 2933 1038 2995 qua;
1072 2914 1131 2975 in
1187 2914 1481 2976 librorum
1540 2912 1954 2995 inscriptioni-

288 3002 404 3064 bus
463 3004 771 3082 leguntur,
836 3006 923 3078 Τῷ
992 3005 1441 3085 συμπρεσόυτέρῳ
1511 3005 1754 3081 Τιμοθέῳ
1828 3015 1953 3060 Διο-

290 3096 499 3169 νύσιος,
540 3092 619 3154 ab
673 3101 917 3155 auctore
948 3099 1076 3174 ipso
1136 3094 1416 3174 profecta;
1469 3094 1610 3156 sint.
1645 3094 1763 3168 Qui
1794 3093 1954 3156 enim

293 3184 428 3244 fieri
461 3182 658 3263 potuit
688 3193 754 3245 ut
786 3182 887 3245 ille
912 3189 969 3244 in
1002 3185 1259 3264 Operum
1289 3202 1534 3246 suorum
1570 3185 1757 3246 titulis
1780 3183 1958 3245 adhi-

290 3272 499 3334 buerit
557 3272 911 3351 πρεσϐίέτερος
949 3291 1183 3349 vocem,
1254 3293 1367 3355 qua
1426 3274 1641 3337 nullibi
1698 3291 1958 3353 unquam

294 3369 357 3424 in
411 3361 630 3424 iisdem
680 3360 976 3443 Operibus
1025 3364 1151 3425 suis
1208 3364 1293 3425 uti
1320 3364 1616 3428 voluerit?
1669 3362 1960 3425 Dissimu-

292 3452 420 3514 lare
453 3460 653 3514 tamen
701 3471 822 3513 non
884 3471 1199 3533 possumus
1243 3454 1482 3515 easdem
1542 3452 1964 3532 inscriptiones

292 3542 515 3604 eodem
553 3542 737 3602 modo
770 3542 829 3602 in
890 3541 1115 3606 Gratcis
1176 3561 1245 3605 ac
1276 3542 1498 3605 Latinis
1547 3541 1967 3621 manuscriptis

291 3640 475 3709 atque
534 3631 598 3691 in
632 3629 810 3692 editis
841 3631 1156 3708 exhiberi;
1209 3633 1312 3694 sed
1365 3633 1426 3692 in
1465 3632 1781 3694 codicibus
1840 3631 1960 3692 illis

298 3737 483 3784 manu
515 3724 803 3799 exaratis,
823 3739 1075 3801 quorum
1101 3721 1496 3803 antiquissimi
1515 3729 1750 3783 aetatem
1774 3720 1962 3781 sancti

295 3810 541 3875 Maximi
602 3828 722 3873 non
755 3820 1065 3892 superant,
1099 3830 1278 3875 voces
1333 3811 1755 3892 hujuscemodi
1788 3830 1822 3873 a
1881 3811 1960 3872 li-

296 3899 523 3961 brariis
555 3899 1028 3980 scriptoribusin
1066 3901 1265 3964 titulos
1287 3901 1460 3963 facile
1490 3900 1713 3962 intrndi
1748 3908 1963 3981 potue-

295 3997 461 4053 runt.
504 3987 726 4052 Verum
760 3989 870 4051 has
917 3991 1291 4069 conjecturas
1323 3999 1556 4054 nostras
1586 3991 1836 4052 aliorum
1860 3990 1964 4069 ju-

300 4079 463 4140 dicio
496 4078 758 4141 libenter
790 4080 1213 4160 permittimus.

384 4168 757 4247 Dccapitum
777 4171 1161 4232 summttriis.
1195 4204 1267 4216 -
1301 4169 1465 4232 Idem
1493 4169 1954 4251 quoquedicen—

295 4258 439 4319 dum
473 4257 552 4319 de
586 4258 850 4338 capitum
883 4260 1246 4333 summariis,
1271 4271 1332 4321 ut
1368 4268 1594 4335 vocant,
1622 4266 1956 4340 sententiis,

300 4366 407 4410 seu
457 4348 856 4427 argumentis,
893 4367 1029 4425 quae
1084 4350 1143 4409 in
1201 4351 1619 4431 manuscriptis
1671 4358 1730 4412 et
1786 4350 1959 4411 editis

301 4437 481 4499 libris
527 4436 812 4499 similiter
845 4448 1189 4503 occurrunt.
1226 4440 1403 4501 Plura
1450 4441 1672 4521 quippe
1703 4439 1959 4521 capitum

298 4536 688 4604 argumenta,
724 4526 798 4588 ab
858 4527 932 4589 tis
991 4546 1124 4608 quae
1175 4531 1232 4589 in
1291 4539 1451 4591 textu
1502 4537 1959 4610 pertractantur,

290 4615 807 4696 repraesentandis
865 4616 1016 4678 adeo
1072 4625 1212 4678 sunt
1266 4618 1489 4693 aliena,
1550 4626 1616 4679 ut
1667 4636 1700 4680 a
1756 4624 1966 4696 quovis

300 4706 428 4767 alio
485 4704 686 4785 potius
715 4723 891 4785 quam
945 4705 1018 4767 ab
1048 4714 1291 4768 auctore
1340 4716 1542 4769 nostro
1569 4707 1788 4788 scripta
1836 4726 1967 4771 esse

296 4794 392 4855 vid
403 4804 643 4857 eantur.

384 4884 478 4946 De
494 4883 815 4947 ordinibus
825 4885 1262 4949 minoribus.—
1280 4886 1671 4958 Arbitrantur
1692 4888 1961 4949 nonnulli

298 4974 397 5038 his
458 4976 517 5034 in
549 4973 796 5055 scriptis
853 4975 1112 5057 aliquam
1150 4973 1448 5038 minorum
1481 4976 1761 5042 Ecclesiae
1791 4977 1960 5038 ordi—

296 5082 493 5143 num,
556 5081 732 5125 sacro
792 5063 1114 5127 diaconatu
1164 5064 1539 5143 inferiorum,
1597 5067 1959 5128 mentionem

300 5151 539 5215 haberi.
599 5151 684 5214 lis
735 5162 935 5215 tamen
971 5155 1250 5230 lectione,
1283 5173 1397 5235 qua
1428 5159 1746 5236 potuimus,
1780 5174 1961 5217 aecu-

304 5242 528 5304 ratiore
556 5240 938 5319 examinatis,
973 5243 1201 5306 nullum
1242 5245 1415 5306 nobis
1445 5262 1651 5307 eorum
1686 5245 1961 5308 ordinum

299 5332 614 5409 vestigium
633 5330 803 5393 ullibi
826 5333 1261 5414 apparuit.1\‘on
1280 5351 1485 5396 sumus
1511 5334 1750 5416 quidem
1774 5337 1962 5397 nescii

301 5423 675 5483 mentionem
742 5420 822 5481 ibi
852 5421 983 5481 ﬁeri
1038 5433 1350 5483 cantorum
1387 5443 1404 5493 ;
1464 5423 1564 5484 sed
1601 5425 1959 5504 peculiarem

299 5512 618 5590 quemdam
676 5508 952 5569 ordinem
1016 5529 1083 5572 ex
1134 5509 1299 5572 iisin
1356 5511 1625 5575 Ecrlesia
1684 5515 1961 5577 constitui

373 5680 437 5732 οε
466 5682 553 5746 De
578 5678 807 5747 colest.
843 5679 1026 5760 hiatu,
1061 5698 1194 5763 cap.
1219 5682 1253 5742 7
1294 5701 1309 5764 ;
1345 5680 1427 5745 De
1448 5681 1651 5748 scolas.
1690 5686 1995 5751 hierarch.

2045 557 2104 619 id
2138 559 2381 622 cuilibet
2407 559 2581 623 facile
2608 555 3079 640 persuadebiiur,
3107 557 3155 618 si
3194 556 3394 620 animo
3424 557 3689 621 attendat

2046 669 2166 710 non
2220 650 2400 712 alium
2456 648 2765 730 scriptoris
2821 647 3006 709 nostri
3037 664 3283 726 scopum
3330 665 3463 710 esse
3505 668 3683 729 quam

2046 741 2512 803 ecclesiasticam
2548 736 2970 810 hierarchiam,
3006 736 3288 815 angelica;
3315 747 3375 798 et
3418 737 3684 801 caelestis

2044 828 2251 911 instar,
2283 830 2345 893 in
2397 839 2517 892 tres
2547 838 2794 899 tantum,
2831 826 3269 907 episcoporum,
3306 825 3687 909 presbytero-

2045 938 2175 981 rum
2208 933 2270 983 et
2298 921 2792 993 diaconorum,an
2816 916 2947 979 obis
2976 934 3159 998 supra
3189 925 3685 980 commemoratos

2043 1013 2284 1073 ordines
2314 1009 2741 1090 distinguendi.

2125 1101 2217 1163 De
2238 1100 2459 1165 ritibus
2474 1099 2920 1182 praetermissis.
2947 1131 3026 1144 ——
3046 1098 3254 1178 Neque
3277 1097 3454 1159 etiam
3477 1116 3685 1160 omnes

2040 1192 2427 1254 caeremonias
2485 1199 2544 1253 et
2570 1190 2746 1269 ritus,
2777 1195 2931 1251 sicut
2959 1187 3158 1268 operis
3192 1185 3321 1266 ejus
3364 1187 3682 1251 consilium

2043 1281 2227 1361 magis
2280 1280 2578 1361 postulare
2634 1278 2984 1358 videbatur,
3044 1277 3106 1339 in
3164 1285 3677 1341 sacramentorum

2041 1370 2555 1432 administratione
2587 1367 2891 1432 observari
2934 1366 3140 1430 solitos
3170 1365 3274 1429 ille
3322 1384 3686 1429 commemo-

2043 1468 2152 1520 rat.
2213 1459 2298 1522 De
2350 1459 2818 1522 confirmationis
2884 1459 3041 1520 enim
3116 1465 3490 1519 sacramento
3552 1464 3685 1534 post

2043 1549 2403 1628 baptismum
2460 1547 2930 1612 administrando
2976 1545 3078 1608 nhi
3137 1546 3420 1627 disputat,
3453 1544 3684 1608 nullum

2041 1638 2115 1701 de
2132 1658 2411 1701 manuum
2429 1638 2807 1719 impositione
2820 1636 3066 1699 verbum
3082 1635 3240 1699 fecit.
3267 1634 3451 1697 Nemo
3487 1642 3685 1697 tamen

2042 1727 2231 1790 nescit
2259 1746 2390 1791 eam
2416 1728 2499 1791 .ab
2528 1727 2811 1810 apostolis
2861 1744 3188 1804 eorumque
3239 1724 3688 1788 successoribus

1982 1857 2016 1906 Β
2041 1819 2223 1881 fuisse
2241 1818 2589 1882 adhibitam.
2625 1819 2775 1892 Quid
2794 1816 2951 1899 quod
2978 1822 3173 1896 etipse
3194 1815 3254 1875 in
3283 1813 3436 1877 libro
3464 1814 3552 1877 De
3581 1833 3684 1879 ec-

2037 1912 2374 1975 clesiastica
2405 1910 2859 1987 hierarchia,in
2891 1908 3685 1989 secundacujusquecapitis

2039 2012 2227 2083 parte,
2250 2003 2352 2065 ubi
2374 2002 2450 2064 de
2473 1999 2890 2083 hujuscemodi
2924 2005 3153 2062 tantum
3175 1996 3395 2059 ritibus
3420 1996 3683 2071 disserit,

2039 2093 2358 2154 nonnullos
2391 2091 2798 2174 praetermisit,
2832 2107 3086 2171 quorum
3146 2088 3432 2169 deinceps
3462 2087 3523 2149 in
3554 2093 3684 2150 ter-

2037 2182 2115 2243 tia
2145 2191 2312 2263 parte
2344 2182 2591 2246 refricat
2622 2180 3003 2244 memoriam.

2127 2272 2211 2334 De
2224 2273 2350 2334 ritu
2370 2269 2876 2353 singulari.—De
2899 2268 3255 2350 quibusdam
3288 2268 3463 2330 etiam
3495 2284 3685 2332 caere-

2042 2361 2258 2424 moniis
2290 2372 2521 2436 tractat,
2555 2362 2769 2441 quaein
2796 2377 2905 2422 sua
2929 2366 3156 2420 tantum
3183 2355 3447 2428 Ecclesia
3464 2366 3522 2420 et
3543 2376 3689 2420 non-

2043 2452 2221 2514 nullis
2252 2452 2491 2513 forsitan
2523 2449 2910 2514 vicinioribus
2942 2456 3113 2511 erant
3143 2447 3206 2509 in
3237 2467 3373 2512 usu.
3404 2446 3569 2509 Talis
3598 2456 3690 2509 est

2040 2542 2139 2604 ille
2155 2549 2272 2603 tam
2292 2539 2932 2620 singnlarisduodecim
2953 2537 3414 2619 plumissacrum
3427 2536 3690 2598 chrisma

2038 2631 2422 2712 cooperiendi
2477 2631 2645 2692 ritus.
2679 2628 2830 2691 Illud
2865 2629 3043 2690 etiam
3096 2627 3157 2687 in
3190 2628 3385 2690 missae
3412 2624 3689 2689 celebra-

2041 2720 2199 2785 tione
2233 2720 2534 2802 peculiare
2566 2718 2805 2781 videtur
2861 2717 3050 2797 quod,
3085 2717 3346 2778 recitatis
3374 2714 3693 2777 defuncto-

2040 2829 2169 2871 rum
2234 2810 2602 2885 nominibus,
2661 2809 2834 2871 fieret
2904 2824 3188 2869 manuum
3241 2806 3411 2876 lotio,
3469 2823 3689 2867 conse-

2041 2900 2293 2964 crationi
2328 2899 2737 2963 eucharisticze
2770 2895 3220 2978 quamproxime
3253 2894 3688 2974 prazmittenda.

2129 2993 2214 3052 De
2242 3008 2382 3052 mss.
2405 2989 2633 3069 Reg.—
2659 2987 2868 3050 Plures
2891 2985 3216 3046 etiamnum
3245 2992 3479 3045 exstant
3506 2982 3567 3044 in
3598 2982 3695 3044 lii-

2044 3080 2342 3141 bliotheca
2372 3078 2554 3157 Regia
2598 3078 2815 3138 liorum
2846 3071 3114 3154 Operum
3164 3070 3557 3151 manuscripti
3589 3088 3695 3132 co-

2044 3172 2208 3232 dices
2238 3167 2709 3249 Graeci,quorum
2741 3165 3361 3246 praecipuusmumero
3375 3159 3536 3224 2262
3556 3158 3695 3222 sub-

2046 3268 2304 3340 notatus,
2335 3259 2600 3320 omnium
2653 3253 2952 3336 antiquior
2983 3260 3094 3333 est,
3127 3259 3185 3313 et
3229 3267 3523 3312 annorum
3576 3251 3701 3340 000

2047 3339 2297 3412 aetatem,
2324 3368 2384 3410 nt
2407 3348 2496 3409 bis
2528 3345 2881 3428 praeseferre
2916 3342 3169 3413 videtur,
3202 3342 3285 3404 Ex
3333 3341 3446 3402 hoc
3481 3339 3690 3403 codice

2048 3442 2201 3514 solo,
2238 3439 2394 3513 aliis,
2428 3442 2528 3517 qui
2552 3432 2943 3516 sequentibus
2974 3430 3241 3492 numeris
3270 3435 3693 3509 notantur,nec

2050 3532 2351 3611 inspectis,
2410 3545 2521 3588 nec
2574 3521 2949 3598 examinatis,
3014 3536 3180 3581 suam
3241 3517 3564 3597 Morellius,
3604 3518 3693 3580 uti

2049 3628 2312 3702 putatur,
2344 3618 2644 3680 editonem
2676 3611 3007 3702 adornavit.

2127 3713 2210 3774 De
2223 3727 2361 3772 mss.
2390 3704 2766 3769 Colbertinis
2795 3737 2873 3748 —
2889 3700 3048 3763 Duos
3059 3699 3204 3762 alios
3219 3716 3289 3760 ex
3302 3695 3696 3760 celeberrima

2047 3799 2312 3865 Colberti
2344 3796 2713 3859 bibliotheca
2738 3792 2979 3856 codices
3006 3808 3193 3872 penes
3212 3805 3321 3850 nos
3348 3785 3692 3862 habuimus,

2050 3908 2296 3972 quorum
2335 3889 2518 3967 prior,
2553 3886 2896 3972 charactere
2925 3878 3367 3972 elegantissimo
3397 3884 3691 3972 exaratus,

2048 3965 2284 4043 aetatem
2335 3965 2500 4039 suam
2532 3974 2628 4037 his
2660 3971 2884 4047 verbis,
2918 3972 2980 4032 in
3038 3968 3200 4031 calce
3230 3966 3389 4028 iilius
3417 3965 3691 4047 adjectis,

2041 4070 2305 4131 indicat:
2368 4064 2690 4130 Ἐτελειώθη
2730 4065 3029 4139 ἧπαροῦσα
3052 4057 3229 4136 βίϐλος
3276 4058 3404 4130 μηνὶ
3444 4055 3691 4114 Ἰανουα-

2041 4162 2138 4238 ριῷ
2165 4159 2241 4237 ζ’,
2274 4156 2367 4220 ὶδι,
2425 4155 2499 4229 ε’,
2548 4153 2691 4210 ἕτοισ
2757 4150 2929 4230 ,ς’φι,
2963 4147 3023 4209 id
3057 4156 3149 4209 est
3184 4164 3198 4208 :
3261 4144 3579 4238 Perfectus
3605 4150 3693 4207 est

2041 4235 2135 4311 llic
2162 4235 2310 4309 liber
2330 4262 2530 4308 mense
2551 4240 3037 4319 Januario,feria
3064 4235 3696 4315 septima,ittdictione

2043 4359 2097 4403 v.
2131 4355 2293 4401 anno
2325 4335 2539 4399 mundi
2593 4330 2769 4396 8500.
2809 4330 2874 4390 Hi
2902 4328 3019 4389 duo
3083 4326 3470 4388 characteres
3499 4320 3693 4385 Graeci

1985 4405 2144 4509 oga
2175 4430 2235 4489 in
2262 4426 2470 4489 codice
2497 4418 2895 4498 manuscripto
2935 4417 3090 4477 inter
3120 4432 3183 4476 se
3217 4412 3491 4486 connexi,
3529 4411 3683 4509 nihil

2048 4500 2204 4581 aliud
2239 4516 2321 4578 ibi
2351 4512 2690 4594 signiﬁcare
2720 4509 2995 4569 videntur
3025 4521 3197 4586 quam
3233 4520 3456 4564 annum
3484 4500 3693 4563 mundi

2049 4607 2207 4672 6500
2239 4615 2297 4668 et
2327 4603 2547 4669 Christi
2575 4599 2716 4665 992.

2129 4700 2217 4762 De
2236 4714 2383 4757 mss.
2411 4694 2612 4756 Latin.
2643 4725 2719 4736 -
2747 4688 2813 4751 In
2847 4688 2960 4749 hoc
2982 4689 3181 4748 autem
3209 4680 3416 4744 codice
3445 4679 3695 4762 adjectae

2051 4796 2188 4851 sunt
2245 4784 2428 4847 sancti
2460 4780 2700 4846 Maximi
2755 4787 2930 4850 notae,
2962 4774 3035 4837 ab
3083 4774 3180 4835 his
3238 4789 3369 4850 quae
3399 4769 3459 4831 in
3518 4769 3695 4833 editis

2048 4885 2333 4958 prostant,
2370 4872 2689 4954 plurimum
2749 4868 3182 4958 discrepantes.
3238 4862 3397 4932 Quas
3452 4859 3697 4958 quidem

2046 4949 2404 5030 variationes
2428 4980 2562 5025 cum
2590 4976 2799 5021 omnes
2846 4952 3196 5017 describere
3226 4968 3344 5012 non
3376 4949 3695 5029 possimus,

2047 5059 2106 5120 id
2139 5054 2324 5119 semel
2355 5054 2704 5116 observasse
2733 5044 3009 5108 sufficiat.
3043 5041 3214 5104 Unde
3247 5048 3444 5102 autem
3480 5049 3606 5102 orta
3625 5042 3700 5103 sit

2051 5150 2147 5211 illa
2177 5154 2449 5208 notarum
2476 5136 2898 5219 discrepantia,
2923 5134 2974 5195 si
2997 5149 3200 5219 roges,
3229 5130 3392 5219 disce
3424 5149 3494 5192 ex
3518 5131 3699 5193 Atha.

2049 5237 2199 5299 nasii
2230 5231 2602 5303 testimonio,
2637 5217 2870 5290 avnobis
2905 5241 3038 5284 mox
3072 5217 3448 5302 proferendo,
3484 5239 3601 5303 quo
3633 5240 3700 5283 se

2048 5326 2275 5391 scholia
2328 5323 2517 5385 sancti
2548 5316 2787 5380 Maximi
2833 5322 2894 5376 et
2939 5310 3186 5377 Joannis
3216 5309 3688 5391 Scylhopolitani

2048 5439 2076 5480 a
2091 5438 2154 5479 se
2171 5415 2421 5478 invicem
2441 5409 2622 5472 distin
2637 5407 2791 5469 xissc
2806 5405 3086 5467 affirmat.
3116 5398 3266 5462 Hinc
3282 5399 3438 5459 enim
3456 5400 3698 5478 colliges

2048 5529 2117 5573 ea
2144 5504 2578 5588 imperitiorum
2597 5494 2971 5558 librariorum
2990 5487 3222 5552 incuria
3237 5486 3500 5568 potuisse
3522 5488 3693 5550 facile

2009 5735 2027 5765 ,
2060 5699 2190 5760 cap.
2230 5676 2289 5749 4,
2326 5673 2399 5736 de
2430 5662 2947 5747 voccl’rcsbytcri.
