4044 6152
382 315 460 381 55
1539 311 1598 374 S.
1646 308 2052 374 DIONYSIUS
2097 309 2612 375 ABEOPAGITA.
3686 309 3760 376 56

383 456 444 517 in
474 451 684 516 codice
708 448 1054 514 Colbertino
1085 447 1339 530 aliisque
1360 447 1633 531 pluribus
1663 451 2027 530 praepostera
2049 449 2086 500 Α
2113 461 2335 526 regem.
2373 443 2458 508 lbi
2485 443 3008 526 interpretationis
3031 463 3064 507 a
3090 443 3340 522 Joanne,
3363 463 3536 526 quem
3561 446 3759 511 Scoti-

384 541 832 628 perturbatione
863 537 1174 628 confundi.
1296 627 1313 628 ί
1912 625 1924 628 _
2111 553 2323 628 genam
2381 543 2572 628 vocatf
2605 535 2780 628 edite
2810 534 3132 628 meminit.‘
3165 534 3590 617 Imperatorem
3619 555 3760 628 pero

464 631 763 696 Posterior
791 631 1028 693 tandem
1063 627 1250 692 codex
1280 627 1670 693 Colbertinus
1710 645 1744 688 a
1773 625 2028 706 quodam
2113 627 2435 688 certionem
2462 625 2602 688 facit
2626 645 2690 688 se
2713 626 2785 689 ad
2821 645 2954 687 eum
2981 625 3318 688 versionem
3347 633 3584 690 mittere
3603 627 3758 692 Grae-

384 723 678 788 monacho
735 719 981 782 nomine
1034 719 1325 797 Longino,
1360 736 1516 780 anno
1575 716 1808 796 mundi,
1842 723 1908 774 ut
1959 712 2033 805 ab
2117 734 2322 778 eorum
2360 715 2592 778 Maximi
2634 725 2693 778 et
2723 715 2967 780 Joannis
2999 715 3464 797 Scythopolitani
3493 717 3758 780 scholia-

385 815 598 878 eodem
651 809 912 890 Longino
961 807 1333 882 subnotatur,
1367 807 1548 882 6780,
1581 805 1642 868 id
1677 815 1768 868 est
1819 803 2034 868 Christi
2118 825 2276 869 rum:
2303 825 2433 886 quae
2457 807 2696 888 quidem
2722 807 3022 886 quomodo
3044 825 3078 870 a
3099 824 3165 870 se
3188 807 3442 870 invicem
3468 807 3756 871 distinxe-

383 923 540 968 anno
576 901 752 974 1272,
787 899 1124 980 descriptus
1154 904 1268 960 est.
2121 898 2222 978 rit,
2251 898 2346 961 his
2372 897 2564 960 verbis
2593 897 2884 977 signiﬁcat
2917 918 2930 960 :
2965 897 3240 977 Ipsorum
3271 903 3464 961 autem
3495 897 3756 961 scholia-

465 996 555 1056 De
573 1010 686 1054 ms.
707 988 1314 1068 Sandionysiano.-—
1335 985 1829 1050 Observabamus
1859 1001 2038 1065 supra
2119 1002 2240 1043 rum
2282 1005 2374 1042 seu
2395 988 2766 1060 paratheseon,
2797 1001 3120 1060 quaecunque
3156 987 3214 1042 in
3240 987 3380 1044 calce
3427 987 3513 1044 sui
3547 988 3759 1059 signum

383 1081 672 1167 quosdam
697 1079 936 1144 Graecos
962 1075 1226 1150 codices,
1254 1074 1463 1138 Carolo
1479 1076 1656 1139 Calvo
1679 1076 2034 1157 imperante,
2121 1077 2374 1160 uiuiﬁcae
2395 1079 2592 1141 crucis
2613 1076 2858 1151 habent,
2885 1093 2923 1139 α
2951 1075 3118 1140 beato
3142 1077 3406 1140 Maximo
3422 1079 3759 1156 confessam

380 1179 447 1239 in
497 1171 698 1236 Sancti
729 1168 986 1250 Dionysii
1039 1185 1222 1248 prope
1252 1167 1546 1230 Lutetiam
1602 1167 2030 1229 monasterium
2114 1187 2186 1230 ac
2209 1167 2493 1230 monacho
2517 1169 2764 1230 inventa
2786 1175 3148 1230 narrantur:
3175 1174 3388 1230 caetera
3409 1184 3546 1230 vero
3563 1169 3759 1230 sancti

381 1267 566 1330 fuisse
587 1266 954 1343 asportatos;
974 1257 1080 1318 sed
1105 1255 1420 1336 lugendam
1447 1274 1652 1318 eorum
1683 1276 1820 1318 cum
1846 1264 2030 1318 crete-
2114 1257 2372 1322 Joannis
2421 1256 2914 1339 Scythopolitani
2941 1259 3239 1321 antistitis
3271 1275 3399 1320 esse
3435 1257 3754 1338 feruntur.

382 1355 468 1417 ris
496 1353 686 1415 ferme
714 1344 994 1412 omnibus
1021 1345 1336 1408 ditissimae
1359 1345 1628 1426 ejusdem
1655 1344 2032 1407 bibliothecae

383 1439 806 1520 manuscriptis
820 1439 1116 1518 jacturam
1141 1433 1415 1496 fecimus.
1442 1435 1605 1498 Alius
1625 1436 1725 1517 qui
1756 1435 1840 1496 ibi
1866 1455 2021 1496 nunc
2187 1439 2268 1496 De
2290 1439 2515 1510 epistola
2531 1436 2816 1495 undecima
2837 1437 2909 1494 ad
2929 1437 3435 1511 Apottophanem.—
3465 1436 3610 1495 lllud
3634 1447 3757 1496 tan-

381 1527 808 1606 habetur,illuc
847 1524 925 1588 ab
957 1525 1319 1602 imperatore
1370 1525 1646 1587 Manuale
1699 1525 2022 1600 Palaeologo
2106 1528 2243 1590 dem
2275 1529 2403 1591 sine
2433 1528 2851 1591 observatione
2879 1527 3076 1609 aliqua
3110 1528 3479 1608 praetermitti
3511 1547 3628 1590 non
3654 1529 3754 1592 de-

385 1621 604 1684 missus
633 1625 744 1680 est.
779 1615 971 1694 Atque
997 1614 1056 1675 in
1085 1613 1334 1692 hujusce
1365 1615 1454 1674 rei
1480 1614 1658 1675 ﬁdem
1693 1614 1817 1676 hanc
1848 1614 2024 1675 verba
2106 1617 2232 1692 bet,
2267 1619 2426 1699 quod
2489 1637 2682 1701 neque
2713 1621 2772 1680 in
2835 1619 2931 1680 his
2961 1619 3241 1680 omnibus
3275 1617 3601 1700 codicibus,
3635 1623 3760 1682 sive

381 1712 446 1773 in
469 1711 591 1772 ﬁne
608 1706 876 1789 ejusdem
901 1703 1066 1778 libri,
1091 1703 1198 1764 sed
1227 1721 1400 1766 manu
1428 1704 1748 1765 recentiori
1779 1703 2021 1782 subjec-

2109 1709 2330 1772 Grzecis
2360 1708 2486 1770 sive
2537 1709 2786 1780 Latinis,
2823 1727 3018 1788 neque
3071 1709 3128 1769 in
3162 1708 3441 1771 omnibus
3471 1709 3596 1770 fere
3626 1709 3750 1770 edi-

381 1810 439 1862 ta
463 1807 602 1863 sunt
635 1815 650 1860 ε
713 1799 820 1855 «Τὸ
848 1796 1016 1874 παρὸν
1046 1792 1244 1871 βιϐλίον
1279 1793 1554 1859 απεστάλη
1585 1795 1728 1867 παρὰ
1757 1795 1848 1850 τνλδ
1879 1797 2013 1869 ὕψη,

2111 1797 2394 1874 tionibus,
2433 1799 2545 1860 nisi
2589 1798 2650 1860 in
2702 1797 3072 1861 Bibliotheca
3101 1808 3303 1860 nostra
3347 1799 3752 1874 Lugdunensi.

386 1890 614 1948 λοτάτοιι
673 1885 964 1965 βασιλέως,
1027 1886 1116 1942 καὶ
1167 1884 1552 1963 αὐτοκράτορος
1604 1875 1878 1959 Ῥωμαίων
1927 1908 2019 1942 κυ-

384 1987 475 2060 ροῦ
533 1976 812 2044 ’Μινουηλ
864 1982 958 2034 τοῦ
1015 1973 1380 2054 Πκλαιολόγου
1435 1975 1507 2038 εἷς
1557 1975 1616 2032 τὸ
1677 1978 2028 2054 μονκστήριον

384 2077 477 2128 τοῦ
529 2067 703 2127 Ἀνὶου
749 2065 1020 2124 Διονυσίου
1089 2071 1167 2138 τῷ
1215 2063 1268 2118 ἐν
1325 2065 1568 2142 Παρυσέιρ
1616 2069 1714 2132 τῆς
1758 2067 2026 2141 (ligat-ﬂia;

384 2160 421 2226 ἦ
481 2158 772 2220 Γα)ατίας.
806 2155 912 2212 ἀπὸ
967 2159 1066 2221 νῆς
1109 2152 1713 2219 Κωνσταντινουπὸ).εως
1772 2153 1836 2209 δι’
1899 2155 2029 2228 ἐμοῦ

385 2246 640 2318 Μανουή).
695 2255 789 2305 τοῦ
874 2243 1196 2323 Χρυσολωρᾶ
1227 2289 1244 2318 ,
1334 2243 1663 2323 πεμφθέντος
1761 2242 2028 2323 πρεσϐἑως

383 2339 527 2416 παρὰ
577 2345 671 2396 τοῦ
701 2334 980 2416 εὶρημὲνου
1036 2332 1325 2413 βασιλξως,
1359 2333 1463 2389 ἔτει
1495 2335 1600 2391 ἀπὸ
1643 2337 1884 2396 κτὶσειως
1929 2337 2026 2390 γό-

383 2451 521 2504 σμοο
577 2423 1026 2506 ἑξακισχιλιοστῷ
1084 2421 1592 2504 ἐννεακισχιλιοστῷ
1653 2421 2024 2494 ἐξκοίιδεκάτμ.

383 2519 490 2575 ἀπὸ
523 2517 842 2596 σαρκώσεως
873 2512 928 2570 δὲ
959 2519 1052 2572 τοῦ
1086 2516 1272 2588 Κυρὶου
1314 2511 1578 2592 χιλιοστῷ
1607 2521 2028 2590 τετρακοσιοστῷ

385 2605 582 2684 ὀγδοῷ,
624 2598 829 2668 "Octh
881 2603 1160 2684 εἶρημὲνος
1191 2601 1429 2666 ἑασιλεὺς
1460 2603 1590 2670 ἧ).οε
1649 2605 1902 2682 πρότερον
1954 2607 1993 2660 εἰ

383 2699 442 2755 τὸ
475 2697 732 2765 Παρύσιον
763 2694 866 2774 πρὸ
893 2697 1030 2751 ἒτῶν
1061 2693 1354 2768 τεσσάρων.
1391 2691 1516 2754 llic
1545 2691 1690 2754 liber
1722 2692 2020 2755 Conslan-

383 2787 608 2858 tinopoti
637 2785 708 2842 ad
727 2783 1110 2840 monasterium
1136 2782 1321 2838 Sancti
1352 2781 1596 2853 Dionysii
1615 2782 1938 2840 Pariaiensis
1962 2783 2023 2840 in

381 2875 621 2935 Francia
645 2874 758 2932 sive
785 2872 964 2930 Gallia
992 2872 1192 2928 missus
1220 2877 1299 2927 est
1327 2886 1364 2928 a
1390 2869 1670 2928 celsissimo
1709 2873 1944 2944 prim-ipe
1973 2879 2022 2930 et

381 2968 694 3038 imperatore
751 2964 1102 3019 Romanorum
1149 2959 1362 3016 domino
1417 2961 1666 3019 Manuete
1721 2962 2020 3035 Palmtugo

378 3075 488 3136 per
509 3072 606 3117 me
627 3051 964 3116 Manuelem
977 3049 1696 3131 Chrysoloruchgatnaz
1722 3055 1970 3116 missum
1984 3073 2018 3116 α

2111 1887 2362 1968 epistola
2397 1887 2744 1968 undecima,
2769 1887 3035 1968 Dionysii
3063 1888 3248 1949 nostri
3275 1889 3520 1949 nomine
3540 1888 3756 1951 inscri-

2111 1985 2226 2056 pta,
2261 1977 2466 2040 decem
2503 1977 2639 2039 aliis
2694 1977 3108 2054 superioribus
3139 1976 3536 2041 subnectitur.
3567 1977 3632 2039 In
3688 1997 3759 2042 ea

2109 2076 2318 2128 auctor
2372 2065 2778 2145 Apollophani
2838 2067 3214 2148 philosopho,
3276 2066 3348 2128 ad
3395 2085 3572 2146 quem
3619 2067 3753 2130 data

2112 2167 2226 2236 est,
2259 2155 2334 2218 de
2387 2156 2550 2219 illius
2579 2156 2651 2217 ad
2687 2157 3075 2218 Christianam
3121 2156 3300 2221 fidem
3361 2158 3757 2222 conversione

2111 2247 2435 2326 pturimum
2468 2247 2813 2325 gratulatur,
2847 2255 2906 2308 et
2935 2247 3009 2306 de
3049 2247 3193 2308 solis
3231 2245 3589 2327 defectione,
3625 2266 3758 2328 quas

2111 2335 2343 2397 Christo
2403 2336 2723 2412 moriente,
2759 2341 3112 2416 contigerat,
3149 2354 3488 2398 sermonem
3548 2355 3758 2400 rursus

2110 2425 2382 2489 instituit.

2191 2516 2330 2580 Haec
2355 2527 2552 2580 autem
2586 2519 2838 2599 epistola
2868 2537 2984 2586 non
3025 2517 3216 2580 solum
3243 2517 3586 2581 certissima
3640 2522 3758 2582 evi-

1954 2607 2025 2666 εἰς
2110 2607 2308 2669 dentis
2337 2607 2573 2688 praefert
2595 2607 2864 2670 tal'sitatis
2891 2605 3132 2683 indicia,
3167 2607 3269 2668 sed
3304 2626 3412 2668 nec
3443 2607 3518 2669 ab
3539 2609 3752 2672 eodem

2109 2705 2351 2760 auctore
2381 2715 2450 2758 ac
2497 2697 2706 2760 decem
2742 2698 3112 2777 snperiores;
3145 2696 3365 2776 aiiique
3414 2697 3755 2779 Dionysiani

2107 2784 2244 2846 libri
2280 2785 2544 2865 profecta
2595 2805 2726 2848 esse
2753 2787 3011 2850 videtur.
3063 2785 3377 2849 Enimvero
3409 2787 3510 2848 illa
3554 2808 3662 2852 nec
3695 2793 3755 2852 in

2105 2875 2551 2955 manuscriptis,
2589 2876 2674 2936 uti
2725 2876 3003 2951 diximus,
3041 2895 3152 2938 nec
3209 2875 3269 2937 in
3304 2876 3571 2938 melioris
3605 2889 3756 2943 uotae

2105 2963 2464 3026 editionibus
2491 2965 2720 3045 vulgata
2737 2973 2843 3028 est.
2866 2965 3092 3028 Deinde
3109 2965 3182 3027 ab
3206 2965 3456 3027 aliarum
3474 2985 3609 3030 cum
3627 2969 3755 3048 epi-

2105 3053 2416 3128 stularum,
2453 3062 2572 3116 tum
2604 3055 3082 3116 lucubrationum
3117 3055 3377 3134 Diouysii
3401 3057 3586 3118 nostri
3607 3059 3755 3137 style

378 3147 534 3209 dicto
562 3148 944 3223 imperatore,
973 3158 1133 3203 anno
1166 3159 1206 3202 a
1247 3142 1552 3203 creatione
1590 3144 1802 3205 nia-mli
1830 3146 2081 3226 sea'iesc
2107 3161 2348 3222 prorsus
2378 3143 2684 3208 abhorret.
2720 3144 2988 3224 Denique
3022 3143 3152 3204 divo
3184 3145 3462 3220 Maximo,
3490 3144 3750 3227 Operum

381 3237 468 3298 mi
476 3234 704 3298 liesimo
719 3233 1160 3311 nongtntesimo
1181 3233 1409 3294 decimo
1429 3234 1710 3308 θεωρίαι)
1732 3235 2024 3298 lucerna-

381 3327 547 3388 tiune
599 3340 746 3386 vero
779 3322 1019 3384 Domini
1063 3321 1390 3384 millesimo
1432 3323 2022 3403 quadringentos-imo

380 3423 620 3478 octavo.
659 3412 780 3487 Qui
795 3411 993 3474 dictus
1015 3413 1346 3492 imperator
1365 3416 1536 3492 prius
1563 3413 1837 3477 Parisios
1860 3415 2025 3477 venit

379 3511 521 3566 ante
550 3506 816 3584 quatuor
857 3519 1075 3564 annos.

460 3592 622 3654 Duos
645 3591 892 3670 insuper
919 3589 1161 3652 Latinos
1197 3593 1352 3652 nacti
1377 3609 1580 3653 sumus
1611 3611 1784 3654 manu
1821 3614 2017 3656 exara-

379 3695 472 3746 tos
519 3681 778 3754 codices,
813 3677 1030 3759 quibus
1059 3679 1254 3741 versio
1305 3681 1550 3743 Joannis
1579 3683 1907 3762 Scotigenze
1951 3704 2017 3744 ac

379 3773 498 3836 divi
553 3769 816 3842 Maximi,
849 3767 1239 3850 ejusdemque
1266 3769 1516 3833 Joannis
1565 3770 1897 3850 Scozigeuze
1930 3777 2014 3852 (l)

380 3871 535 3924 notae
592 3867 651 3921 et
679 3857 906 3919 scholia
949 3857 1326 3928 exhibentur,
1367 3861 1600 3922 Primus
1631 3861 2018 3924 Bibliothecm

380 3948 584 4030 Regia;
641 3955 752 4021 est,
787 3947 1092 4009 secundus
1121 3946 1515 4013 Colhertina):
1551 3951 1700 4014 alter
1728 3953 1801 4012 ab
1846 3955 2018 4014 annls

381 4039 620 4102 circiter
639 4036 783 4111 6(0,
817 4037 1113 4098 altervero
1144 4036 1260 4098 400
1278 4037 1631 4120 descriptus.
1672 4044 1732 4102 lu
1768 4051 2017 4120 utroque

379 4125 1095 4211 j-rmmittunturejusdem
1112 4127 1356 4189 Joannis
1378 4130 1841 4209 Scythopoliiani
1871 4133 1945 4208 ('3‘,-
1963 4141 2019 4192 et

377 4216 672 4281 Anastasii
700 4214 1146 4278 Bibliothecarii
1173 4216 1246 4276 ad
1300 4219 1572 4280 Carolum
1606 4221 1840 4281 Calvum
1889 4221 2016 4299 epi-

379 4309 570 4383 stolze,
603 4306 819 4388 quibus
856 4303 910 4366 ei
943 4305 1233 4367 versionis
1288 4315 1607 4389 operisque
1638 4311 1729 4370 sui
1765 4311 2021 4370 reddent

377 4399 692 4460 rationem.
719 4394 1241 4476 EpistolaJoannis
1254 4397 1340 4459 sic
1361 4399 1702 4462 inscribitur
1726 4423 1738 4464 :
1771 4402 2018 4464 (Morio-

2105 3233 2365 3304 Dionysii
2397 3232 2838 3306 diligentissimo
2857 3234 3200 3304 indagatori,
3223 3235 3391 3304 plane
3413 3236 3757 3308 penitusque

2107 3322 2405 3401 incognita
2420 3323 2550 3386 fuit.
2577 3321 2781 3384 Nuilas
2795 3323 3016 3384 etenim
3035 3325 3090 3383 in
3116 3341 3271 3396 eant,
3295 3324 3519 3385 sicutin
3543 3335 3757 3389 caetera

2108 3413 2371 3493 Dionysii
2401 3413 2726 3492 Opera,ille
2742 3412 2928 3474 edidit
2948 3413 3576 3485 observationesﬂuid
3592 3417 3753 3491 quod

2109 3510 2166 3562 et
2179 3501 2596 3583 ipseMaximus
2612 3501 2951 3582 Dionysium
2968 3521 3100 3562 cum
3118 3502 3258 3563 solis
3273 3502 3539 3582 eclipsim
3557 3501 3759 3566 obser-

2103 3598 2287 3670 varet,
2323 3610 2544 3653 annum
2576 3591 2768 3652 astatis
2807 3590 3150 3652 vicesimum
3185 3592 3452 3672 quintum
3483 3593 3756 3671 attigisse

2101 3683 2283 3741 meris
2298 3681 2658 3759 conjecturis
2674 3679 2923 3760 probare
2937 3679 3755 3763 conatur.Atnullaipsiopus

2099 3769 2601 3849 eratconjeetura,
2625 3769 2672 3829 si
2691 3767 2810 3828 haec
2827 3768 3100 3848 epistola,
3129 3769 3232 3831 ubi
3254 3769 3311 3830 id
3327 3771 3533 3850 aperle
3556 3772 3753 3834 decla-

2101 3856 2354 3932 ratur,in
2371 3857 2498 3936 ejus
2515 3874 2724 3918 manus
2739 3857 3058 3938 aliquando
3084 3859 3364 3938 venisset,
3391 3861 3548 3920 Vero
3573 3860 3756 3937 igitur

2099 3945 2335 4008 videtur
2359 3945 2600 4006 omnino
2635 3945 2833 4007 simile
2853 3965 2979 4008 eam
3006 3965 3039 4006 a
3071 3955 3226 4008 mate
3257 3947 3466 4010 feriato
3493 3949 3752 4028 quodam

2103 4035 2397 4114 scriptore
2419 4053 2491 4096 ex
2515 4035 2771 4114 septima
2795 4035 3058 4097 auctoris
3085 4039 3272 4097 nostri
3295 4036 3368 4098 ad
3393 4037 3758 4118 Apollopha-

2102 4142 2238 4184 nem
2258 4123 2527 4202 epistola,
2553 4124 2612 4183 in
2637 4143 2752 4204 qua
2775 4124 2850 4185 de
2874 4133 3198 4186 memorata
3217 4125 3360 4186 solis
3387 4127 3590 4207 eclipsi
3621 4127 3750 4188 dis-

2101 4220 2284 4292 putat,
2315 4221 2444 4292 post
2473 4213 2938 4275 Maximiobitum
2955 4214 3137 4275 fuisse
3169 4215 3578 4295 compositam.
3613 4218 3757 4278 Por-

2101 4320 2168 4362 ro
2191 4308 2384 4363 autem
2406 4320 2522 4363 non
2555 4303 2667 4364 alia
2687 4302 2928 4382 quidem
2959 4305 3190 4365 ratione
3213 4303 3319 4365 ille
3349 4306 3755 4367 Pseudo~l_)io-

2104 4391 2304 4469 nysius
2355 4409 2484 4450 eam
2535 4392 2846 4470 scripsisse
2903 4393 3155 4466 videtur,
3195 4394 3305 4453 nisi
3369 4405 3432 4457 ut
3473 4394 3749 4455 eumdem

375 4489 612 4552 sissimo
624 4485 1058 4548 catholicorum
1075 4505 1282 4566 regum
1296 4487 1520 4550 Carolo
1542 4489 1808 4552 Joannes
1828 4512 1889 4550 ea
1910 4501 2017 4552 tre-
2043 4501 2082 4550 ξ)
2103 4479 2570 4560 Αροιιοριιδηετη
2589 4480 2942 4543 Christiana?
2957 4481 3334 4560 l‘cligioni,ad
3353 4501 3528 4560 quam
3543 4492 3754 4544 auctor

375 4597 508 4641 mus
539 4575 761 4656 sophia:
780 4576 1182 4638 stridentium.
1223 4579 1616 4639 Anastasiona
1641 4597 1809 4642 vero:
1845 4584 2013 4641 Prw-

375 4672 529 4748 fatz’o
546 4666 885 4746 Anastasii,
901 4666 1246 4745 apostolica:
1263 4667 1421 4728 sedis
1443 4669 1912 4750 bibliotluzeariz,
1937 4673 2016 4731 ad

375 4757 875 4816 excellentissimum
903 4769 1086 4827 regem
1122 4763 1168 4813 et
1201 4757 1734 4816 Christianissimum
1765 4760 2016 4816 Carolum

448 4919 524 4989 (1)
557 4918 697 4990 Lege
725 4917 1057 4989 Joannisque
1083 4915 1547 4991 Scythopotitani..
1568 4919 1726 4976 Ent’r.
1764 4919 1938 4976 l’A'ru.

2103 4569 2371 4650 epistolae
2396 4570 2666 4650 septimae
2689 4588 2822 4630 eum
2849 4571 3108 4632 aducere
3143 4579 3490 4648 tentaverat,
3527 4592 3750 4634 nomen

2102 4677 2274 4718 suum
2309 4658 2624 4738 aliquando
2657 4658 2896 4721 dedisse
2927 4660 3205 4722 omnibus
3236 4679 3598 4743 quocunque
3621 4671 3751 4724 tan-
3783 4678 3789 4684 ·

2103 4745 2235 4808 dem
2274 4748 2447 4810 modo
2479 4748 2888 4828 persuaderet.

2183 4915 2266 4997 (‘2)
2310 4918 2464 4996 Lege
2499 4916 2850 4998 Scotigenaa.
2887 4915 2972 4979 In.
