4044 6152
521 332 599 403 75
1757 342 1818 407 S.
1866 339 2275 405 DIONYSlUS
2318 340 2803 404 AREOPAGITA
3819 343 3888 416 76

522 487 955 568 Scotigenaz,ac
988 485 1162 549 modo
1185 483 1499 552 Sarraceni
1521 487 1789 551 Latinam
1811 490 2170 568 versionem,
2196 492 2232 541 Α
2259 493 2320 546 ut
2349 485 2814 566 MonOphysitica
2846 485 2977 548 labe
3024 486 3300 550 infectum
3337 489 3608 552 ostendat
3647 492 3888 574 Operum

521 577 746 640 utalibi
772 576 1146 639 observatum
1168 585 1280 658 est;
1307 597 1376 639 ac
1402 579 1578 641 etiam
1613 578 2176 660 frequentius,ulro-
2266 576 2813 656 Areopagiticorum
2847 585 3171 638 auctorem.
3208 579 3287 640 At
3311 579 3514 640 eadem
3550 581 3607 640 in
3638 585 3891 648 versione

519 686 633 749 que
663 667 988 747 interprete
1019 667 1285 748 dimisso,
1311 667 1723 748 AreOpagitici
1755 678 1949 731 textus
1982 667 2177 729 reddit
2263 666 2409 727 nihil
2434 685 2549 726 non
2581 665 2748 737 vidit,
2785 666 2897 726 nisi
2924 667 3195 746 apprime
3225 668 3889 750 orlhodoxum,’l‘homas

517 769 766 820 Sensum
789 755 1175 818 nitidioribus
1198 757 1414 835 verbis;
1435 759 1626 839 ipsum
1645 779 1761 838 que
1786 767 2001 820 textum
2020 760 2178 821 Grece
2263 757 2553 836 Aquinas,
2590 765 2651 817 ut
2682 756 2895 817 evincit
2926 757 2985 816 in
3015 757 3309 817 solutione
3342 758 3515 837 primi
3548 766 3886 839 argumenti.

520 867 658 912 cnm
705 846 940 909 videtur
979 848 1106 928 ipse
1149 847 1492 928 aliquando,
1527 859 1629 911 aut
1659 849 1811 911 alius
1839 849 1914 910 ab
1967 849 2178 910 eodem
2267 845 2370 925 Egi
2403 866 2508 926 ego
2544 847 2652 908 hac
2677 847 2751 907 de
2783 865 2847 907 re
2879 845 3123 908 uberius
3149 847 3202 907 in
3231 847 3659 912 Dissertatione
3692 855 3890 932 saepius

517 948 780 1019 rogatus,
803 938 1198 1020 consuluisse,
1223 957 1285 1000 ac
1309 939 1510 1001 Latine
1535 938 1789 1002 reddere
1810 939 2182 1000 accuratiore
2267 938 2461 1010 citata,
2496 937 2687 1016 capite
2715 937 2809 1016 18,
2832 955 2897 997 ac
2927 936 3139 996 mirum
3172 955 3338 1016 sane,
3377 957 3492 999 non
3517 939 3705 1002 visum
3728 960 3759 1004 a
3791 943 3890 1006 Le-

521 1026 927 1093 translatione.
2265 1026 2485 1107 quieno
2509 1027 2699 1089 locum
2731 1026 2974 1087 Tbomm
3005 1028 3608 1109 praetermissumque.

599 1118 890 1182 Versione
918 1116 1020 1179 illa
1039 1135 1144 1182 sua
1171 1119 1505 1199 Lequienus
1536 1118 1800 1182 abutitur
1825 1119 1956 1182 loco
1981 1117 2178 1194 citato,

559 1314 3863 1330 WW

1150 1497 1974 1587 TYPOGRAPHUS
2087 1495 2632 1586 STUDIOSO
2759 1494 3270 1590 LECTORI.

593 1823 731 1888 Cum
765 1827 930 1886 multi
963 1826 1022 1883 in
1055 1825 1163 1884 hac
1193 1826 1416 1901 civitate
1447 1824 1563 1882 sint
1594 1829 1810 1900 egregii
1853 1830 2215 1901 typograplti,
2249 1830 2346 1900 qui
2380 1837 2570 1900 partes
2602 1843 2746 1901 suas
2786 1839 2957 1901 quam
3005 1825 3368 1885 exactissime
3395 1827 3662 1901 implent,
3697 1829 3890 1886 factum

520 1913 714 1961 tamen
746 1909 850 1965 est,
884 1913 1200 1971 paucorum
1243 1898 1666 1971 delectumque
1702 1898 1946 1961 incuria.
1979 1898 2042 1958 ut
2067 1898 2136 1958 ex
2166 1898 2453 1958 extraneis
2482 1899 2753 1958 nonnulli
2775 1899 2852 1971 de
2873 1901 3365 1971 typographorum
3391 1898 3738 1957 Venetorum
3771 1903 3891 1956 dili-

525 1975 713 2046 gentia
745 1967 995 2046 atquein
1030 1971 1329 2041 promissis
1351 1967 1681 2046 ﬁdelitatem
1725 1974 1912 2030 minus
1944 1982 2092 2030 recte
2133 1981 2404 2030 sentiant.
2431 1971 2562 2046 tioc
2591 1986 2719 2046 cum
2755 1967 3186 2046 mihi’i‘gn'otu’m
3218 1985 3343 2046 non
3365 1973 3570 2044 sit,ego
3604 1974 3663 2029 in
3698 1973 3750 2028 id
3775 1976 3893 2030 totis

528 2041 746 2103 viribus
779 2041 1170 2115 incumbo,ut
1199 2042 1493 2115 etmalam
1523 2041 1848 2115 aliquorum
1879 2046 2209 2114 opinionem
2244 2043 2584 2106 coth-llam,
2627 2054 2677 2100 ct
2703 2043 2908 2098 bonam
2934 2044 3176 2099 aliorum
3201 2041 3533 2099 conﬁrmem
3562 2053 3612 2098 tt
3644 2060 3888 2115 augeam;

525 2121 762 2188 ipseque
787 2112 1368 2188 non_indiligentibus
1408 2114 1628 2188 paucis,
1653 2115 1750 2188 sed
1773 2112 2012 2188 aliorum
2038 2118 2138 2188 qni
2171 2116 2560 2185 diligentiores
2591 2122 2645 2188 et
2672 2116 3088 2188 accurratiores
3107 2122 3273 2188 sunt,
3309 2128 3548 2172 numero
3572 2112 3886 2173 accenseor.

527 2184 690 2258 Quod
724 2187 839 2260 iam
862 2185 1230 2254 aliquotenus
1256 2199 1379 2241 mea
1411 2186 1474 2243 S.
1512 2184 2143 2260 Gregorlil‘tazianzéni
2176 2184 2443 2253 editione,
2477 2201 2599 2256 quae
2623 2184 2773 2242 haud
2805 2186 3027 2260 modico
3069 2185 3268 2260 plausu
3301 2195 3531 2256 excepta
3565 2198 3672 2260 cst,
3717 2202 3894 2244 conse-

523 2256 737 2318 eutum'
755 2273 843 2314 me
876 2270 1045 2326 spero
1080 2271 1093 2310 :
1130 2265 1183 2314 et
1217 2261 1507 2327 praesenti,
1541 2271 1709 2325 quam
1744 2257 1845 2316 tibi
1875 2258 2074 2319 offero.
2109 2259 2359 2315 studiose
2395 2260 2617 2321 Lector,
2652 2258 3177 2327 Areopagiticorum
3218 2256 3463 2322 Operum
3512 2259 3780 2323 editione,
3815 2276 3891 2316 me

522 2333 704 2391 multo
736 2329 918 2402 magis
947 2335 1392 2402 consecuturum
1423 2327 1666 2390 conﬁdo:
1700 2330 2163 2402 quandoquidem
2195 2332 2251 2386 in
2288 2347 2348 2385 ea
2402 2329 2728 2402 adornanda
2763 2342 2870 2385 nec
2894 2327 3217 2402 diligentize
3259 2327 3382 2394 ulli,
3415 2344 3521 2385 nec
3580 2333 3892 2401 sumptibus

525 2404 644 2462 ullo
682 2399 852 2473 modo
892 2400 1118 2473 peperci
1173 2400 1347 2457 Porro
1369 2404 1505 2472 quid
1529 2403 1585 2456 in
1618 2416 1679 2456 ea
1714 2399 2022 2472 praestitum
2057 2403 2145 2471 sit,
2178 2411 2429 2473 quotque
2463 2401 2531 2455 ad
2555 2416 2692 2473 eam,
2739 2401 3088 2473 ornatiorem
3123 2399 3339 2473 tibique
3397 2399 3731 2458 chariorem‘
3776 2403 3892 2460 ted-

523 2474 766 2545 dendam
793 2469 1145 2545 sintaddita,
1172 2486 1240 2528 ex
1273 2469 1484 2545 praelia
1515 2473 1622 2528 viri
1655 2469 1734 2530 Cl.
1770 2469 2352 2545 Dissertatione'satis'
2389 2473 2585 2528 habes.
2621 2471 2810 2529 Silebo
2851 2473 3136 2540 verofipse
3171 2471 3238 2545 de
3269 2471 3473 2527 chartae
3505 2473 3710 2539 nitore,
3747 2483 3894 2545 typo-

522 2561 652 2604 rum
683 2541 984 2616 elegantia,
1012 2541 1254 2614 aliisque
1277 2541 1530 2616 adjectis
1561 2543 1937 2601 ornamentis‘
1969 2555 2166 2616 utpote
2197 2559 2324 2615 qua:
2357 2545 2412 2600 in
2441 2545 2639 2616 oculos
2673 2553 2798 2600 tuos
2821 2557 2920 2600 sua
2953 2551 3153 2613 sponte
3178 2541 3498 2600 incurrunt.
3534 2545 3660 2602 Duo
3721 2541 3890 2601 tamen

525 2621 663 2676 sunt
694 2616 764 2672 de
788 2613 997 2685 quibus
1029 2613 1394 2687 peculiariter
1418 2626 1468 2674 te
1499 2617 1808 2675 admonere
1847 2631 1972 2674 mea
2004 2613 2281 2674 interesse
2317 2624 2470 2682 puto.
2536 2615 2786 2687 Primum
2829 2623 2934 2678 cst,
2959 2617 3210 2670 studium
3263 2629 3328 2669 ac
3357 2617 3716 2687 diligentiam
3743 2619 3894 2686 plene

525 2689 877 2761 singularem
910 2698 1002 2742 me
1035 2686 1383 2761 adhibuisse,
1421 2699 1482 2747 ut
1511 2688 2187 2761 quamemendalissima,
2208 2702 2308 2761 seu
2345 2686 2822 2761 quamliberrima
2855 2702 2893 2761 a_
2917 2689 3087 2742 brevis
3119 2686 3548 2756 typographieis
3581 2689 3756 2745 editio
3802 2691 3891 2744 ista

564 2757 780 2820 rodiret
816 2776 828 2812 :
864 2757 920 2812 in
953 2771 1125 2829 quem
1159 2757 1327 2815 ﬁnem
1362 2774 1476 2816 non
1516 2757 1689 2817 unius
1721 2765 1942 2816 tantum
1979 2760 2077 2816 sed
2140 2757 2393 2828 plurium
2446 2760 2808 2814 eruditorum
2849 2759 3102 2815 virornm
3176 2770 3312 2812 usus
3369 2774 3496 2815 sum
3537 2774 3732 2828 opera.
3785 2762 3894 2828 Quo

548 2839 735 2890 actum
765 2838 848 2886 est
879 2835 939 2883 ut
971 2832 1027 2884 in
1060 2829 1168 2885 hac
1201 2830 1450 2887 editione
1481 2845 1595 2887 non
1629 2829 1812 2886 solum
1843 2838 2026 2888 errata
2060 2845 2202 2886 nova
2228 2830 2416 2886 addita
2455 2843 2568 2885 non
2598 2830 2730 2894 sint,
2765 2829 2861 2885 sed
2894 2832 3061 2885 etiam
3110 2841 3179 2883 ex
3201 2831 3511 2898 veteribus,
3567 2832 3636 2887 iis
3693 2832 3891 2887 scilicet

525 2919 658 2974 quae
686 2903 748 2959 in
783 2900 1164 2974 praecedentes
1189 2901 1469 2974 editiones
1499 2904 1867 2974 irrepserant,
1911 2900 2206 2974 sinthaud
2253 2915 2427 2974 pauca
2461 2902 2702 2974 sublata.
2749 2899 2826 2955 Ne
2867 2915 3000 2956 vero
3064 2897 3508 2974 merajactaotia
3548 2917 3674 2959 mea
3734 2903 3893 2959 videri

527 2971 655 3031 haec
687 2971 874 3044 posSet
907 2971 1174 3044 (iactatur
1215 2971 1269 3027 id
1301 2974 1514 3043 quippe
1566 2971 1732 3029 etiam
1779 2972 1848 3028 ab
1889 2973 2405 3044 indiligentissimis
2462 2971 2801 3044 quandoque
2835 2972 3259 3044 typographis),
3317 2975 3729 3031 constitueram
3763 2979 3896 3030 intc-

527 3042 702 3117 grum'
725 3042 1462 3117 mendot-umquaesublata
1495 3053 1630 3101 sunt
1658 3045 1960 3100 elenchum
2006 3044 2106 3102 tibi
2139 3044 2248 3099 hoc
2282 3043 2407 3117 loco
2438 3043 2508 3099 ob
2542 3043 3004 3117 oculosponere.
3049 3042 3154 3100 Sed
3188 3045 3460 3117 quoniam
3509 3047 3721 3102 veritus
3777 3060 3890 3103 sum

526 3112 599 3174 ne
627 3118 735 3173 hoc
767 3116 942 3188 aliqui
975 3112 1200 3188 sinistre
1232 3114 1762 3185 interpretarentur,
1789 3129 1962 3185 pauca
1997 3115 2409 3188 tantummodo,
2469 3112 2798 3184 speciminis
2859 3130 3074 3188 causa,‘
3114 3112 3392 3188 versiotis
3457 3117 3662 3173 Latina:
3723 3126 3891 3174 errata

527 3189 627 3245 tibi
662 3185 910 3244 sistam‘:
947 3185 1255 3258 etquidem
1291 3200 1360 3242 ex
1393 3201 1590 3243 eorum
1625 3200 1833 3257 genere
1865 3201 1986 3258 quas
2031 3186 2258 3242 nonnisi
2313 3189 2612 3258 attentiore
2670 3201 2874 3243 sensus
2927 3185 3357 3258 pondejatione,
3401 3197 3496 3245 aut
3552 3191 3726 3245 etiam
3775 3203 3890 3244 cum

527 3260 716 3332 Graeco
754 3267 906 3315 textu
940 3254 1241 3332 collatione
1273 3254 1718 3332 deprehendi'et
1775 3254 2064 3332 emendari
2123 3262 2408 3332 poterant.
2444 3256 2620 3314 Habet
2657 3254 3048 3332 itaqueeditio
3104 3254 3469 3315 Parisiensis.
3505 3274 3594 3316 ex.
3636 3276 3748 3332 gr.,
3779 3275 3894 3315 con-

523 3331 809 3387 tentionem
843 3345 942 3400 pro
975 3329 1370 3403 consensionem
1403 3346 1423 3396 ;
1453 3329 1680 3403 interitu
1709 3329 2075 3403 prointroitu
2105 3345 2129 3403 ,j
2155 3329 2586 3403 disturbatarum
2622 3342 2765 3399 ;pro
2818 3328 3226 3403 distributarum
3264 3348 3281 3393 ,-
3314 3332 3616 3387 unctionem
3641 3328 3750 3403 pro
3788 3332 3896 3387 vin-

523 3403 752 3460 ctioncm
781 3400 1185 3471 georrupuisset
1208 3414 1308 3473 pro
1367 3402 1717 3473 corripuisset
1747 3418 1763 3455 :
1795 3400 1879 3455 die
1932 3417 2034 3472 pro
2092 3401 2198 3455 diis
2233 3417 2510 3473 aquarum
2531 3414 2633 3473 pro
2690 3416 2958 3471 aquarum
2987 3418 3009 3467 ;
3039 3399 3117 3455 uti
3148 3411 3250 3468 pro
3277 3472 3282 3473 ί
3307 3403 3413 3458 voti
3479 3399 3896 3460 immanitionem

523 3488 628 3545 pro
684 3473 1160 3545 imminutionem;
1226 3472 1437 3545 dicendi
1481 3471 1584 3541 pro
1643 3473 1883 3545 discendi
1935 3471 2357 3542 investigabilem
2413 3471 3041 3545 proininvestiaabitem
3086 3472 3375 3527 serundum
3435 3487 3538 3544 pro
3576 3476 3897 3545 fecundum;

521 3543 767 3617 {suscipiet
809 3559 909 3614 pro
941 3544 1214 3614 suspiciet,
1247 3552 1354 3599 etc.
1394 3544 1521 3617 lizec
1551 3552 1604 3601 et
1635 3545 1743 3600 alia
1774 3544 2040 3617 idtgenus
2073 3559 2185 3617 non
2217 3558 2395 3617 pauca
2433 3546 2496 3617 in
2522 3543 2628 3600 hac
2660 3554 2850 3600 nostra
2914 3543 3158 3600 editione
3188 3545 3292 3600 viri
3326 3543 3496 3610 docti,
3530 3543 3584 3602 et
3615 3549 3896 3617 utriusque

525 3615 947 3690 linguzenperiti
1007 3628 1176 3690 opera
1239 3615 1531 3690 emendata
1595 3625 1746 3690 sunt.
1782 3615 1869 3670 Nil
1895 3615 2078 3690 dicam
2113 3615 2181 3690 de
2211 3615 2591 3690 crassioribus
2624 3630 2830 3690 magno
2883 3628 3126 3690 numero
3155 3617 3470 3690 erroribus,
3503 3619 3718 3690 quibus
3754 3615 3899 3674 Pari-

527 3684 650 3743 sine
685 3686 856 3742 editio
887 3685 1204 3755 aspergitur
1239 3702 1251 3739 :
1286 3684 1491 3742 horum
1517 3687 1670 3742 enim
1702 3688 1981 3742 correctio
2019 3695 2080 3742 ut
2120 3687 2361 3754 facilior,
2398 3687 2470 3744 ita
2521 3700 2636 3742 non
2679 3684 2764 3742 est
2803 3687 2912 3743 hoc
2963 3689 3086 3742 laco
3145 3684 3898 3753 peculiariter'commemc-

523 3757 889 3831 randasiiaec
916 3757 1268 3831 veropm‘nia
1303 3771 1416 3812 non
1454 3758 1524 3813 ita
1558 3771 1711 3831 a_m_e
1744 3757 1889 3831 dicta
1951 3756 2214 3826 accipias,
2251 3758 2312 3812 Β.
2353 3757 2441 3831 ιι..
2480 3758 2644 3831 quasi
2675 3757 2797 3831 ipse
2832 3758 3145 3831 editionum
3201 3758 3605 3831 Parisiensium
3638 3763 3895 3831 (quarum

527 3843 667 3885 sane
709 3827 900 3897 plures
938 3827 1286 3883 nitidissima:
1316 3842 1380 3900 ac
1405 3827 1884 3900 emendatissimze
1921 3830 2074 3896 sunt)
2106 3830 2536 3884 insinuationem
2580 3829 2934 3885 imminutam
2971 3829 3189 3900 Velim;
3221 3830 3318 3886 sed
3349 3839 3407 3888 ut
3473 3827 3656 3898 palam
3682 3827 3794 3887 ’ﬁat
3849 3845 3896 3885 In

525 3913 736 3971 magno
775 3914 873 3955 eos
910 3911 1108 3971 errore
1136 3899 1348 3971 versari
1381 3899 1478 3969 qui
1513 3901 1661 3954 solas
1696 3902 2022 3969 peregrinas
2054 3899 2331 3955 editiones
2360 3900 2635 3956 aestimare
2685 3909 2897 3957 norunt
2929 3920 2942 3966 ;
2969 3899 3176 3971 easque
3227 3914 3426 3959 omnes
3461 3903 3693 3960 Venetis
3723 3903 3901 3960 omni-

525 3969 879 4045 bus‘absque
913 3970 1030 4045 ullo
1061 3969 1397 4045 discrimine
1424 3971 1939 4045 ante_ponunt.'Sed
1973 3972 2078 4026 hac
2103 3972 2170 4026 de
2201 3984 2262 4045 re
2295 3972 2450 4026 satis.
2516 3971 2786 4034 Alterum,
2821 3972 3026 4045 dequo
3075 3969 3127 4045 te
3159 3977 3554 4045 premonitum
3617 3975 3770 4040 volo,
3825 3983 3897 4028 est

525 4043 681 4098 hunc
701 4040 947 4112 primum
982 4040 1496 4116 Areopagiticorum
1531 4042 1780 4116 Operum
1805 4051 2021 4098 tomum
2051 4041 2766 4116 hocdecurrente_mense
2805 4040 2988 4114 Aprili
3020 4045 3077 4116 in
3111 4040 3296 4102 lucem
3335 4047 3562 4116 prodire
3597 4064 3612 4113 ;
3646 4063 3720 4103 eo
3750 4047 3896 4102 scili-

523 4123 613 4169 cet
679 4127 897 4172 mense,
927 4127 1044 4182 quo
1085 4113 1270 4180 ipsum
1303 4113 1684 4181 proditurum.
1728 4113 1897 4168 ﬁdem
1931 4129 2114 4170 meam
2171 4115 2228 4168 in
2265 4115 2466 4182 praevia
2529 4113 2924 4172 Declaratione
2981 4113 3402 4173 obstrinxera'm
3444 4127 3544 4174 :ut
3574 4118 3793 4175 elhinc
3821 4115 3896 4173 col

527 4182 668 4259 ligas
687 4184 824 4259 quid
857 4184 925 4238 de
952 4183 1250 4259 promissis
1283 4201 1310 4238 a
1346 4201 1435 4259 me
1466 4184 1573 4259 tibi
1598 4185 1650 4239 in
1683 4194 1976 4254 posterum
2019 4184 2294 4259 faciendis
2325 4193 2803 4259 exspectaretuto
2835 4189 3036 4256 pessis.
3072 4187 3222 4246 Sane
3253 4188 3740 4259 quemadmodum
3787 4190 3896 4259 ipse

521 4253 1312 4330 ar‘bttro_r,_hone_stohomine
1343 4256 1420 4310 nil
1464 4253 1754 4330 indignius
1775 4271 1910 4330 esse
1939 4271 2114 4330 quom
2140 4256 2322 4312 datam
2356 4257 2605 4330 publico
2643 4256 2813 4330 fidem
2836 4253 3186 4330 infringere;
3228 4253 3300 4316 ita
3353 4260 3592 4317 ﬁrmiter
3622 4253 3896 4317 constitu-

518 4334 640 4385 tum
673 4328 918 4400 mihieSt
939 4326 1340 4383 detrimentum
1375 4326 1528 4400 quod
1561 4331 1641 4382 vis
1673 4328 1860 4400 potius
1882 4329 2096 4391 subire,
2129 4336 2542 4400 qiuamttantum
2575 4327 2822 4385 dedecus
2851 4326 3154 4400 aspergere
3187 4331 3403 4387 nomini
3439 4346 3584 4388 meo.
3612 4332 3734 4389 Hoc
3772 4346 3896 4388 vero

519 4413 698 4474 unum
729 4399 1013 4468 reliquum
1044 4407 1147 4460 est,
1181 4400 1392 4474 optime
1424 4397 1638 4459 Lector,
1687 4406 1747 4474 ut
1776 4399 1916 4474 haec
1959 4399 2214 4474 mea_tt_bi
2269 4399 2513 4474 placere_
2538 4402 2845 4474 ostendas.
2877 4397 2969 4474 sic
2994 4397 3168 4474 enim
3204 4401 3436 4474 msjora,
3468 4412 3525 4461 et
3576 4404 3814 4462 meliora
3842 4405 3893 4459 in

522 4471 603 4528 tui
636 4469 889 4527 favorem
916 4477 970 4526 et
1005 4470 1371 4526 commodum
1404 4468 1739 4539 capessendi
1775 4469 1833 4525 in
1866 4470 1985 4526 d‘es
2023 4470 2162 4526 mihi
2193 4468 2418 4528 animus
2448 4469 2710 4528 addetur.
2740 4471 2968 4530 Interim
2992 4473 3080 4531 his
3126 4468 3316 4533 fruere
3353 4468 3433 4532 et'
3473 4475 3612 4533 vale.

1197 4955 1207 4963 ι
1964 4832 2481 4922 MONITUM

1266 5011 1599 5083 EDlTlONl
1636 5015 2060 5084 PARISIENSI
2102 5020 2286 5084 ANNI
2330 5019 2660 5086 MDCXLIV
2700 5021 3143 5088 PR/EFIXUM.

587 5353 855 5442 Plus_tibi
885 5374 1019 5442 noua
1053 5359 1156 5415 ista
1188 5357 1372 5442 editio.
1396 5361 1612 5441 etphibet
1677 5380 1835 5442 quam
1881 5382 2000 5438 quae
2031 5368 2256 5442 statera:
2283 5379 2464 5442 omne:
2522 5365 2793 5442 hactenus_
2818 5375 3226 5442 praeesserunt.
3267 5369 3406 5426 Duas
3460 5368 3652 5442 quippe
3681 5374 3895 5440 postre-

519 5441 655 5492 mas,
691 5434 739 5484 et
771 5445 858 5486 eas
888 5430 1093 5508 quidem
1132 5432 1593 5508 accuratissimus,
1624 5430 1858 5491 Granium
1889 5430 1953 5492 'at:
1983 5437 2414 5508 absolutissima:
2467 5451 2576 5491 una
2619 5430 3033 5508 complectitur;
3063 5438 3160 5493 hoc
3217 5447 3313 5508 εει,
3373 5430 3570 5498 αινὶιηὶ
3588 5430 3821 5494 ὀηῖηενη
3851 5443 3898 5494 et

515 5514 749 5574 operam,
804 5517 959 5572 quam
1007 5502 1109 5558 duo
1148 5503 1230 5558 t’t’i
1281 5502 1594 5573 gravissimi
1649 5525 1707 5562 ac
1759 5508 2060 5566 doctissimi
2089 5527 2113 5562 e
2148 5507 2407 5564 Societate
2465 5509 2591 5564 Jesu
2653 5502 2868 5574 Patres,
2922 5502 3227 5569 Lanssdius
3286 5502 3334 5570 et
3397 5512 3685 5569 Corderius
3738 5511 3898 5566 adhi-

517 5569 759 5654 buerant,
793 5569 1166 5653 novorumque
1197 5569 1301 5630 tam
1321 5575 1551 5630 arduam
1591 5593 1652 5632 ac
1708 5597 1972 5651 sagacem.
2018 5593 2081 5637 ut
2119 5596 2272 5635 suam
2298 5578 2715 5703 uterquejttoud
2745 5569 2920 5640 licuit,
2985 5569 3306 5651 adornaret,
3341 5586 3484 5652 Quin
3512 5590 3562 5640 et
3618 5582 3896 5655 quidpiam

517 5651 749 5700 continet
781 5645 952 5703 aliud.
1011 5647 1242 5701 nondum
1305 5653 1462 5702 antea
1519 5649 1572 5701 in
1600 5649 1767 5703 lucem
1822 5653 2088 5703 nublicam
2127 5653 2450 5703 evulaatum.
2478 5649 2527 5703 E
2567 5651 2780 5703 itionem
2811 5648 3097 5703 Lansselii.
3156 5673 3274 5703 num
3306 5659 3367 5703 in
3419 5657 3521 5703 hac
3557 5655 3670 5703 inm
3725 5654 3896 5703 Pari-

512 5645 749 5722 continet
781 5645 952 5729 aliud,
1011 5645 1494 5729 no’ndanntuantea“
1519 5649 1572 5701 in
1600 5645 1792 5729 tacem'
1814 5653 2088 5729 publicam
2127 5645 2450 5729 contactum;
2478 5645 3097 5729 EditionemLanssetii,
3156 5645 3378 5729 quoe'in'
3418 5657 3521 5729 hac
3557 5645 3680 5729 ipsa
3725 5645 3896 5709 Pari-

514 5717 977 5796 siorumcigitate
1003 5717 1314 5796 a_nno_1615
1337 5719 1634 5788 prodierat,
1665 5717 1844 5779 secuta
1873 5731 1946 5796 est
1977 5726 2094 5782 alia
2145 5717 2269 5796 illa;
2300 5738 2461 5796 quam
2489 5721 2639 5796 apud
2689 5722 3035 5794 Antuerpiam
3084 5717 3230 5785 anno
3271 5729 3405 5786 1554
3455 5717 3748 5785 ϐοήιενὶω
3799 5741 3894 5796 ap-

514 5741 720 5770 nurum
751 5741 970 5773 curuata
1003 5741 1144 5772 arma
1173 5741 1311 5773 1010
1337 5741 1634 5788 proruerat,
1665 5741 1844 5779 secuta
1873 5741 1945 5777 est
1977 5741 2094 5782 atra
2145 5741 2258 5792 tua,
2300 5741 2461 5796 quam
2489 5741 2631 5793 apua
2689 5741 3035 5794 antuerptam
3093 5743 3230 5785 anno
3271 5741 3405 5786 1554
3455 5741 3748 5785 uoraertus
3799 5743 3832 5781 ο
3874 5754 3893 5764 ·

506 5789 755 5858 paravit.
787 5786 927 5845 Eam
957 5789 1126 5860 igitur
1153 5789 1332 5862 ipsum
1359 5807 1473 5861 qua
1501 5801 1726 5852 auctore
1783 5795 2040 5854 Corderio
2095 5795 2311 5869 prodiit,
2348 5803 2406 5852 ut
2439 5792 2794 5866 posteriorem
2825 5798 2875 5851 et
2933 5801 3267 5861 accurratius
3295 5801 3650 5865 elaboratam,
3679 5797 3746 5853 in
3774 5741 3893 5853 ed}:-
