4044 6152
216 395 285 463 81
1631 394 2222 461 PROLEGOMENA.
3544 394 3624 461 82

405 530 765 612 praeposita,
795 529 1058 594 vocando
1097 549 1150 592 ν.
1186 550 1243 609 g.
1278 531 1466 593 Deum
1529 551 1559 588 α
1581 530 1889 604 ὑπερούσιον
1911 539 1948 591 Α
1974 529 2396 612 essentialiter,
2414 545 2484 595 ac
2516 528 2761 611 prsinde
2785 529 3055 595 absolute
3078 538 3135 596 et
3160 532 3447 614 perfecte,
3467 533 3622 599 sicut

227 621 817 695 0'33iav,38388ﬂ“am
847 618 1724 702 superessentiulem,nimirum
1748 628 1889 700 quia
1968 620 2099 700 ipsa
2129 619 2415 683 divinitas
2465 627 2557 682 est
2613 619 2673 681 in
2707 619 2970 700 qualibet
3029 640 3282 704 persona
3321 642 3397 686 ex
3430 624 3622 688 tribus

222 719 309 773 est
334 717 603 773 essentia
626 731 736 774 seu
763 711 1096 774 susbtantia
1116 710 1476 772 eminentior
1500 710 1659 772 omni
1687 729 1886 775 esseu-

224 801 303 863 tia
329 800 730 881 conceptibili
756 820 791 863 a
812 810 1080 863 creatura
1108 823 1120 864 :
1157 800 1298 863 item
1340 824 1367 855 α
1405 801 1728 879 ὑπεράγαθον
1760 803 1892 881 ἀγα-

223 895 442 965 θοτητκ,
478 894 570 948 καὶ
600 892 860 971 ὕπέρθεον
891 891 1142 964 θέοτητα,
1173 915 1199 945 α
1221 892 1546 953 bonitatem
1581 898 1637 954 et
1665 891 1890 954 divini—

231 982 607 1052 tatem,omni
630 981 908 1043 bonitate
924 989 976 1043 et
987 980 1211 1042 deitate
1232 980 1529 1056 concepti!)
1539 978 1611 1041 ili
1631 982 1889 1044 eminen-

230 1071 447 1133 tiorem
473 1089 494 1147 ;
526 1070 837 1151 quomodo
870 1069 1223 1149 exponenda
1251 1072 1393 1131 sunt
1413 1069 1614 1130 omnia
1643 1070 1889 1134 nomina

229 1161 566 1239 composita
614 1178 685 1220 ex
731 1157 1021 1238 particula
1070 1161 1224 1239 ὑπὲρ,
1257 1167 1321 1219 ut
1370 1158 1698 1240 ὑπέρφωτος,
1731 1163 1888 1241 ὑπερ-

229 1251 447 1329 άρχιος,
483 1248 806 1327 ὑπερτελής,
867 1258 1011 1323 etc.,
1065 1248 1125 1309 id
1176 1256 1269 1309 est
1325 1251 1494 1310 omni
1539 1247 1688 1322 luce,
1721 1253 1887 1314 omni

222 1339 739 1419 principio,omni
751 1339 1120 1416 perfectione
1131 1336 1705 1402 exeslientiorJllud
1721 1340 1880 1401 enim

222 1430 375 1507 ὑπέρ,
395 1427 459 1490 id
485 1433 791 1508 estsuper,
809 1428 966 1508 apud
988 1427 1332 1508 Dionysium
1359 1426 1420 1488 in
1448 1429 1883 1509 compositione

224 1517 504 1596 designat
568 1518 1302 1592 excellentiam,creatam
1356 1536 1593 1580 omnem
1645 1519 1875 1583 intelli-

221 1609 491 1686 gentiam
520 1616 926 1688 superantem.

282 1711 416 1774 νοω
447 1713 597 1772 οὐσία
626 1729 809 1792 quam
838 1712 960 1774 vim
989 1710 1210 1774 habeat
1236 1728 1373 1774 eum
1394 1714 1820 1792 prtepositione

977 1803 1130 1879 ὺπέρ,

1973 719 2114 783 tota,
2154 710 2435 787 perfecta,
2471 709 2701 789 integra
2729 720 2788 771 et
2819 712 3013 789 plena.

2054 797 2223 861 Unde
2254 799 2409 861 bene
2465 797 2799 861 observavit
2828 798 2894 861 P.
2928 796 3150 876 Franc,
3180 802 3513 866 Turrianus
3540 802 3616 868 ad

1975 887 2640 968 JoannisCyparissiotaa
2659 887 2957 951 Decadem
2973 906 3030 951 ιν
3043 888 3616 971 Εωροεὶιὶοηὶενηατ-

1974 979 2235 1054 teriatt‘e,
2249 996 2383 1058 cap.
2408 977 2466 1050 9,
2486 996 2605 1039 non
2632 979 2712 1040 ita
2733 997 2865 1041 esse
2889 989 2953 1041 ut
2976 979 3220 1061 quidem
3236 988 3629 1066 putaverunt,

1970 1067 2167 1131 divina
2226 1067 2467 1128 nomina
2502 1067 2830 1129 secundum
2888 1068 3257 1151 Dionysium,
3289 1074 3619 1136 secundum

1968 1175 2207 1219 causam
2235 1165 2463 1219 tantum
2489 1156 2567 1219 de
2587 1155 2710 1219 Deo
2739 1158 2951 1238 dici,ut
2980 1157 3194 1233 bonus,
3219 1161 3376 1239 quod
3401 1162 3477 1223 sit
3507 1181 3619 1225 au-

1966 1255 2095 1309 ctor
2110 1246 2416 1319 bonitatis,
2442 1245 2703 1325 sapiens,
2723 1247 2882 1326 quod
2909 1247 3247 1328 sapientiae,
3266 1257 3325 1312 et
3346 1249 3621 1316 similiter

1965 1335 2027 1397 in
2057 1336 2206 1398 aliis.
2228 1335 2287 1398 Si
2311 1337 2471 1397 enim
2506 1336 2592 1398 sic
2622 1335 2973 1400 dicerentur
3005 1338 3080 1399 de
3111 1339 3619 1421 Deo,clauderent

1962 1425 2026 1487 in
2082 1445 2189 1486 suo
2249 1425 2577 1505 intellectu,
2611 1433 2673 1486 ut
2728 1426 2899 1489 aitS.
2952 1425 3234 1503 Thomas,
3286 1429 3619 1494 bonitatem

1963 1524 2251 1578 creaturae
2278 1536 2294 1592 ;
2329 1534 2396 1577 ac
2428 1514 2678 1594 proinde
2710 1515 2782 1576 de
2815 1526 3089 1579 creatura
3118 1517 3414 1599 imprimis
3444 1519 3618 1587 dice-

1962 1614 2190 1680 rentur,
2225 1606 2398 1681 quasi
2430 1605 2587 1667 Deus
2619 1604 2924 1668 diceretur
2948 1606 3141 1669 bonus
3173 1618 3235 1670 et
3269 1610 3513 1690 sapiens
3543 1613 3618 1675 ad

1960 1694 2417 1757 similitudinem
2447 1694 2615 1767 boni.
2645 1701 2740 1757 cui
2763 1695 2867 1757 dat
2889 1696 3238 1779 bonitatem;
3263 1707 3323 1762 et
3340 1702 3620 1780 sapientis

1960 1786 2051 1847 cui
2084 1785 2182 1845 dat
2205 1785 2582 1860 sapientiam.
2610 1786 2685 1848 At
2718 1804 2834 1847 non
2862 1785 2951 1847 sic
2973 1786 3291 1867 Dionysius
3313 1790 3520 1864 sensit,
3551 1802 3620 1856 ut.

300 1892 452 1956 Cum
486 1900 688 1955 autem
714 1893 1050 1974 praepositio
1072 1874 1203 1970 ὗπέρ
1251 1891 1396 1954 nulli
1442 1892 1724 1957 vocabulo
1755 1894 1872 1957 fre-
1899 1874 2444 1974 ῡιξφῖηίηδάίνίηεξ
2468 1875 2800 1974 Secundam
2833 1892 3071 1974 Caesam
3105 1884 3333 1974 tam“?
3365 1878 3440 1942 de
3498 1880 3622 1944 D90

225 1981 516 2064 quentius
558 1989 937 2062 praeponatur
968 1999 1144 2061 quam
1194 1980 1323 2043 voci
1353 1983 1527 2055 obstat,
1561 1983 1875 2047 sciendum

228 2072 387 2132 hanc
417 2089 625 2133 vocem
659 2071 816 2151 apud
848 2070 1189 2150 Dionysium
1222 2079 1286 2132 ut
1322 2070 1641 2153 plurimum
1691 2075 1881 2151 accipi

233 2180 342 2241 pro
374 2161 663 2235 essentia,
697 2159 1046 2239 substantia,
1079 2169 1306 2237 natura,
1342 2163 1666 2242 praesertim
1693 2165 1877 2245 spiri-

235 2251 408 2331 tuali,
442 2259 502 2312 et
534 2249 831 2313 interdum
864 2250 1065 2328 etiam,
1098 2250 1203 2311 sed
1236 2251 1449 2326 rarius,
1480 2269 1585 2332 pro
1610 2255 1876 2317 materia.

238 2339 488 2412 Quando
549 2346 754 2401 autem
808 2337 1152 2418 adjungitur
1204 2338 1290 2402 illi
1350 2346 1664 2420 praeposito
1726 2344 1878 2423 ὑπέρ,

229 2440 363 2491 tum
396 2431 528 2491 fere
549 2427 626 2491 de
645 2427 770 2490 Deo
795 2428 1092 2507 rebusque
1114 2426 1327 2488 divinis
1354 2446 1423 2489 ac
1453 2440 1881 2508 supernatura-

231 2519 389 2580 libus
417 2536 618 2581 sermo
649 2525 761 2581 est.
796 2516 948 2579 Hinc
984 2516 1091 2580 lib.
1125 2517 1215 2580 De
1245 2518 1479 2580 divinis
1506 2521 1878 2601 nominibus,

228 2627 365 2688 cap.
402 2609 464 2681 1,
497 2608 527 2687 §
559 2616 615 2677 -Ι,
650 2617 711 2670 at
740 2606 882 2669 alibi
943 2606 1187 2687 passim,
1221 2606 1398 2669 [idem
1431 2621 1604 2671 vocat
1660 2630 1690 2671 ‹
1721 2614 1879 2691 ὑπερ-

229 2700 411 2756 oziatov
435 2696 1874 2779 Emungamﬁdestsupernaturalemscientiam,

230 2788 375 2868 quia
435 2785 661 2847 viribus
705 2794 931 2847 natnrze
984 2784 1191 2846 haberi
1254 2787 1478 2867 nequit,
1525 2789 1628 2850 sed
1675 2809 1710 2853 a
1752 2795 1877 2855 Deo

230 2876 415 2938 nobis
472 2876 603 2956 ejus
652 2873 890 2938 habitus
948 2872 1184 2936 infundi
1240 2874 1441 2956 debet,
1476 2885 1536 2938 et
1590 2878 1696 2941 Dei
1736 2900 1874 2959 gra-

233 2968 315 3028 tia
374 2983 530 3044 opus
562 2973 651 3025 est
685 2973 751 3025 ut
798 2971 964 3024 actus
1022 2963 1159 3025 ﬁdei
1222 2963 1513 3031 eliciatur.
1549 2967 1646 3030 Sic
1708 2971 1885 3034 etiam

232 3055 564 3133 Christum,
596 3064 873 3134 tanquam
901 3052 1040 3115 ﬁdei
1063 3054 1366 3143 etgratiae,
1391 3065 1722 3135 auctorem,
1753 3079 1885 3143 cap.

236 3147 261 3205 1
299 3144 474 3206 Eccl.
512 3145 771 3218 hieran,
807 3142 837 3222 ξ
872 3148 925 3215 1,
964 3142 1233 3222 appellat,
1257 3169 1280 3198 ιι
1310 3147 1740 3225 θεαρχικώτπιτον
1770 3142 1888 3209 νοῦν

233 3235 328 3291 ut
356 3235 733 3312 ὑπερούτιονρ
775 3234 828 3293 id
863 3241 953 3293 est
998 3240 1256 3295 mentem
1294 3239 1561 3299 irtaxime
1611 3238 1888 3302 divinam

236 3342 310 3385 ac
339 3320 907 3401 supernaturalem.
944 3320 1233 3384 Similiter
1263 3326 1710 3389 sacramentalia
1729 3337 1892 3392 etsa-

234 3421 574 3490 crementa,
606 3421 667 3471 et
695 3410 1037 3490 Scripturas
1069 3411 1302 3473 divinas
1334 3412 1561 3475 ibidem
1595 3414 1625 3495 §
1656 3417 1690 3479 4
1722 3428 1895 3480 vocat

242 3524 269 3557 ι
308 3508 372 3557 το
429 3503 571 3574 ἱερὸν
605 3499 771 3579 δῶρον
829 3506 928 3568 τῆς
960 3503 1267 3577 ὑπερουσίου
1315 3507 1593 3584 θεαρχῐατ.
1634 3531 1652 3561 ι
1690 3507 1751 3568 id
1802 3519 1899 3570 est

233 3609 487 3653 sacrum
513 3607 737 3651 manus
780 3592 1280 3670 supernaturalis
1332 3592 1447 3655 Dei
1486 3596 1897 3677 principatus.

238 3684 381 3742 [lac
416 3684 578 3741 enim
600 3679 804 3740 omnia
833 3688 1106 3759 spectant
1139 3680 1210 3741 ad
1242 3681 1513 3743 ordinem
1548 3693 1758 3747 natura
1785 3704 1891 3750 su-

239 3769 619 3849 blimiorem,
653 3768 880 3830 scilicet
902 3771 1124 3848 gratiae,
1158 3789 1274 3850 qua
1303 3789 1483 3850 supra
1516 3784 1785 3837 naturam
1817 3777 1893 3840 ad

238 3858 517 3921 divinum
572 3858 892 3937 quemdam
945 3868 1159 3919 statum
1214 3860 1539 3935 elevamnr,
1594 3866 1676 3924 uti
1724 3865 1898 3928 docet

238 3948 568 4028 Dionysius
598 3946 684 4008 De
705 3947 841 4010 ccci.
871 3947 1050 4022 hier.,
1083 3965 1213 4029 cap.
1248 3949 1308 4018 9,
1345 3960 1513 4028 parte
1540 3953 1597 4019 1.

773 4069 1252 4137 OBSERVATlO
1301 4075 1375 4136 V.

243 4164 416 4247 Quid
456 4162 801 4245 signiﬁcent
831 4169 1156 4246 composita
1207 4184 1283 4230 ea:
1322 4168 1468 4230 1-316.
1504 4167 1767 4232 Nomina
1797 4172 1895 4234 di“-

320 4248 476 4309 vina
525 4263 643 4326 quo
672 4263 852 4308 sema
880 4247 957 4308 (Ie
1005 4247 1125 4308 Deo
1153 4248 1468 4324 praedicet.
1505 4250 1671 4324 Quid
1699 4254 1779 4315 sit
1829 4269 1901 4315 ea

324 4328 635 4404 θεοπρεπῶς
691 4327 1053 4406 prtedicari.
1115 4327 1254 4390 Non
1307 4328 1505 4392 solum
1562 4334 1899 4395 secundum

324 4424 582 4470 causam
611 4406 756 4469 dici.

326 4511 524 4575 Simili
552 4509 675 4573 fere
708 4511 883 4574 modo
911 4513 1301 4594 intelligenda
1333 4524 1469 4578 sunt
1504 4519 1741 4580 nomina
1770 4537 1901 4601 quas

240 4610 691 4680 componuntur
719 4620 789 4664 ex
818 4602 1104 4680 particula
1120 4604 1352 4679 αὖτό,ιιὶ
1378 4624 1510 4667 cum
1540 4606 1601 4668 in
1633 4607 1787 4670 libro
1815 4612 1903 4672 De

240 4691 488 4752 divinis
517 4692 893 4767 nominibus,
909 4710 1039 4772 cap.
1061 4694 1169 4755 4st
1194 4698 1215 4753 l
1241 4699 1290 4769 t,
1310 4704 1368 4757 et
1400 4695 1565 4777 alibi,
1588 4699 1777 4760 Deum
1811 4717 1905 4761 vo-
1928 4685 1969 4736 θ

243 4790 342 4842 cat
399 4782 464 4837 τὸ
532 4783 659 4837 αὖτὸ
723 4785 886 4861 εἶναι,
961 4784 1058 4851 τὴν
1129 4786 1428 4859 αὖτςιζωήν,
1498 4788 1596 4854 τὴν
1668 4792 1899 4848 abroso-

244 4873 392 4951 μιν,
431 4878 578 4945 etc.,
610 4867 671 4930 id
702 4878 788 4931 est
818 4889 928 4951 per
948 4890 1010 4934 se
1039 4889 1185 4943 esse,
1219 4892 1332 4952 per
1356 4893 1421 4935 se
1450 4876 1667 4956 vitam,
1698 4895 1811 4956 per
1839 4897 1902 4941 se

244 4959 642 5040 sapientiam,
678 4965 738 5019 et
768 4958 1014 5042 similia,
1050 4980 1183 5041 quae
1217 4963 1324 5025 soli
1359 4965 1487 5026 Deo
1518 4977 1895 5046 competunt:

246 5049 411 5110 nulla
441 5046 601 5109 enim
629 5057 904 5111 creatura
933 5060 1023 5111 est
1044 5070 1150 5130 per
1174 5068 1238 5113 se
1268 5051 1329 5113 id
1350 5054 1507 5134 quod
1532 5063 1641 5131 est,
1672 5056 1774 5117 sed
1797 5076 1905 5136 per

245 5139 797 5219 participationem;
833 5138 996 5200 solus
1021 5150 1216 5201 autem
1251 5140 1406 5205 Deus
1439 5152 1531 5207 est
1555 5144 1749 5223 ipsum
1787 5146 1901 5209 hoc

244 5228 405 5309 quod
440 5235 532 5287 est
563 5245 666 5306 per
697 5245 787 5306 se,
822 5227 878 5286 id
906 5237 996 5287 est
1025 5247 1130 5290 sua
1153 5231 1435 5312 essentia,
1455 5240 1512 5294 et
1542 5251 1713 5297 suum
1741 5254 1894 5310 esse,

1962 1964 2447 2035 dicerentur;sed
2482 1964 2676 2047 sic,ut
2709 1967 2832 2028 Deo
2858 1964 3121 2046 primum
3155 1965 3625 2034 attribuerentur

1962 2061 2028 2116 ut
2048 2072 2182 2115 eum
2207 2053 2508 2134 decent,id
2541 2064 2631 2117 est
2657 2055 2951 2136 impartici
2961 2064 3094 2137 pate
3116 2064 3175 2117 et
3200 2058 3621 2127 essentialiter.

1965 2142 2107 2206 Cum
2142 2143 2301 2204 enim
2333 2142 2475 2205 dicit
2499 2143 2842 2224 Scriptura:
2875 2143 3061 2207 Nemo
3097 2144 3291 2209 bonus
3310 2149 3430 2210 nisi
3456 2152 3626 2214 solus

1971 2230 2211 2310 Deus”,
2241 2233 2491 2313 perinde
2519 2233 2680 2297 estsi
2704 2233 2864 2296 dicat
2895 2254 2909 2295 :
2946 2236 3136 2298 Nemo
3160 2254 3268 2316 per
3298 2254 3363 2299 se
3394 2238 3622 2322 bonus,

1967 2324 2022 2386 id
2040 2332 2333 2398 est,nemo
2347 2341 2526 2404 supra
2540 2322 2868 2386 bonitatem
2883 2326 3450 2406 participatam,nisi
3463 2329 3626 2391 solus

1965 2416 2165 2478 Deus:
2193 2411 2280 2476 sic
2302 2413 2460 2477 enim
2487 2413 2783 2476 intellexit
2802 2423 2863 2476 et
2892 2413 3324 2493 interpretatus
3350 2424 3442 2478 est
3460 2415 3620 2481 idem

1963 2504 2275 2575 Dionysius
2306 2517 2432 2573 cap.
2470 2501 2504 2556 2
2525 2503 2605 2560 De
2632 2501 2836 2561 diuinis
2865 2503 3178 2561 nominibus
3209 2504 3268 2562 in
3292 2506 3620 2578 principio:

1967 2601 2028 2654 ut
2042 2594 2166 2673 jam
2195 2591 2387 2654 bonus
2409 2600 2467 2654 et
2487 2592 2728 2672 sapiens
2752 2593 2991 2657 dicatur
3015 2596 3194 2667 Deus,
3212 2594 3355 2675 quia
3381 2594 3625 2661 bonitas

1961 2684 2020 2744 in
2038 2702 2109 2746 eo
2128 2681 2442 2743 antecellat
2460 2689 2518 2743 et
2541 2691 3107 2761 exsuperctomnem
3124 2683 3444 2746 bonitatem
3463 2705 3627 2750 crea-

1962 2783 2077 2834 tam
2114 2782 2170 2834 et
2199 2772 2640 2853 participatam.
2687 2772 3043 2851 Hujusmodi
3064 2781 3260 2835 autem
3293 2773 3489 2839 divina
3507 2795 3622 2840 no-

1959 2862 2139 2935 mina,
2173 2882 2306 2944 quae
2328 2862 2660 2924 secundum
2685 2862 3124 2942 plenitudinem
3152 2872 3361 2927 etnon
3397 2884 3623 2931 secun-

1970 2949 2109 3010 dum
2138 2949 2650 3030 participationem
2679 2952 2803 3013 Deo
2824 2949 3254 3032 attribuuntur,
3281 2963 3452 3016 vocat
3482 2955 3626 3017 Dio-

1972 3039 2173 3119 nysius
2199 3044 2493 3119 θεοπρεπῆ,
2529 3039 2589 3101 id
2625 3049 2717 3103 est
2747 3041 2992 3103 nomina
3014 3040 3204 3104 Deum
3237 3042 3535 3108 decentia.
3562 3043 3627 3110 Si

1971 3128 2148 3208 igitur
2176 3129 2510 3191 secundum
2544 3146 2783 3193 causam
2818 3138 3041 3193 tantum
3098 3131 3468 3212 dicerentur,
3504 3154 3625 3198 non

1974 3226 2174 3280 essent
2205 3218 2448 3280 nomina
2472 3222 2659 3281 Deum
2693 3221 2993 3301 decentia,
3011 3221 3153 3298 quia
3182 3223 3270 3286 sic
3295 3225 3453 3287 dicta
3473 3225 3536 3287 in
3561 3244 3628 3288 se

1976 3308 2309 3384 includunt,
2344 3317 2405 3369 ut
2435 3308 2580 3385 dixi,
2621 3309 2816 3370 solum
2851 3311 3337 3392 participationes
3369 3323 3623 3397 creatas,

1979 3412 2041 3461 ut
2068 3399 2257 3461 bonus
2280 3399 2602 3461 bonitatem
2638 3403 3076 3483 participatam,
3102 3403 3274 3483 cujus
3292 3414 3499 3468 auctor
3521 3407 3626 3469 bo-

1983 3507 2091 3551 nus
2118 3491 2296 3564 Deus;
2330 3489 2569 3570 sapiens
2594 3490 2950 3570 sapientiam
2986 3493 3426 3576 partieipatam,
3457 3496 3628 3578 cujus

1983 3586 2186 3640 auctor
2216 3579 2453 3660 sapiens
2476 3581 2635 3642 Deus
2662 3602 2678 3653 ;
2720 3587 2778 3641 et
2799 3582 2870 3643 ad
2906 3582 3181 3644 eumdem
3218 3584 3459 3647 modum
3490 3587 3627 3651 alia.

1986 3670 2180 3742 Quare
2210 3667 2271 3730 S.
2304 3669 2581 3750 Dionysio
2607 3670 2963 3735 contradicit
2981 3680 3040 3734 et
3066 3675 3497 3756 repugnat,qui
3525 3676 3626 3739 di-

1977 3768 2057 3820 cit
2086 3758 2329 3820 nomina
2357 3758 2585 3829 idivina
2618 3761 2950 3822 secundum
3008 3761 3377 3845 Dionysium,
3411 3784 3632 3829 secun-

1979 3849 2119 3910 dum
2150 3866 2384 3910 causam
2419 3856 2642 3910 tantum
2675 3848 2794 3911 dici
2831 3850 2899 3911 de
2925 3850 3047 3913 Deo
3077 3874 3090 3910 :
3121 3852 3209 3914 sic
3240 3853 3402 3915 enim
3443 3855 3629 3932 dicta,

1982 3958 2102 3999 non
2136 3946 2275 4000 sunt
2310 3937 2494 3999 Deum
2531 3937 2832 4020 decentia,
2870 3960 2938 4002 ac
2967 3941 3219 4022 proinde
3251 3944 3333 4005 sic
3363 3954 3626 4027 accepta,

1984 4047 2098 4089 non
2133 4034 2269 4089 sunt
2302 4027 2544 4088 nomina
2578 4027 2797 4091 divina.
2832 4029 3113 4112 Dionysio
3136 4043 3330 4093 autem
3364 4043 3629 4111 auctore,

1982 4117 2221 4179 nomina
2255 4117 2453 4177 divina
2479 4116 2665 4179 Deum
2685 4118 2987 4194 decentia,
3012 4119 3306 4197 absolute,
3340 4123 3628 4204 perfecte,

1981 4209 2207 4286 integre
2238 4214 2295 4268 et
2326 4207 2521 4286 plene,
2558 4207 2613 4267 id
2648 4216 2737 4269 est
2780 4219 3215 4290 exsuperanter
3245 4221 3304 4273 ct
3349 4214 3629 4275 eminen-

1985 4306 2072 4359 ter
2106 4299 2225 4359 Deo
2250 4296 2636 4375 opnveniunt.

2492 4402 2968 4470 OBSERVATIO
3017 4405 3116 4470 VI.

1987 4500 2300 4576 Quomodo
2353 4499 2508 4562 Deus
2537 4502 2615 4564 sit
2643 4519 2757 4588 per
2796 4519 2860 4563 se
2890 4503 3040 4576 vita,
3074 4511 3131 4567 et
3183 4511 3394 4569 auctor
3420 4524 3531 4588 per
3573 4525 3634 4572 se

2655 4583 2822 4664 vitm,
2856 4591 2971 4646 etc.

2073 4688 2179 4752 llic
2211 4687 2465 4750 ulterius
2517 4687 2838 4752 notandum
2873 4690 3169 4771 quomodo
3201 4691 3261 4754 S.
3327 4693 3639 4776 Dionysius

1985 4777 2304 4856 aliquando
2362 4776 2607 4853 quidem
2643 4777 2829 4840 Deum
2861 4789 3029 4842 vocet
3073 4783 3172 4850 τὴν
3208 4786 3506 4865 αὒτοζωὴν,
3570 4784 3633 4846 id

1988 4880 2100 4942 est,
2134 4885 2241 4948 per
2292 4884 2352 4930 se
2401 4869 2614 4941 vitam,
2648 4868 2965 4949 aliquando
3008 4888 3145 4931 vero
3198 4872 3296 4940 τῆς
3360 4872 3636 4946 αὗτοζωῆς

1984 4959 2308 5030 ὑποστάτην,
2358 4955 2482 5018 sive
2535 4974 2645 5037 per
2707 4975 2771 5019 se
2828 4959 2968 5020 uitta
3021 4966 3510 5025 sustentatorem.
3569 4964 3641 5026 Et

1987 5047 2198 5110 eodem
2234 5045 2428 5126 capite
2456 5047 2523 5112 11
2566 5065 2679 5126 quo
2711 5064 2888 5108 sensu
2924 5049 3048 5109 liam
3078 5048 3466 5130 intelligenda
3494 5053 3636 5128 sint,

1987 5140 2241 5219 ipseuzet
2273 5135 2475 5216 pandit
2529 5136 2619 5197 lllS
2653 5135 2888 5199 verbis:
2928 5162 2953 5193 α
2983 5141 3089 5196 Οὔκ
3143 5140 3378 5198 ἐναντίον
3430 5143 3639 5202 gemat.

1989 5251 2143 5301 νκμιν
2174 5227 2208 5295 ἢ
2234 5227 2504 5296 κῦεοζωὴν
2548 5228 2720 5282 εἰπεῖν
2749 5228 2838 5283 τὸν
2871 5230 3027 5302 Θεὸν,
3053 5230 3140 5285 καὶ
3193 5238 3290 5301 τῆς
3340 5233 3638 5306 αὐτοζωῆς,

244 5326 301 5378 et
330 5334 453 5377 non
485 5317 816 5377 secundum
851 5318 1383 5397 participationem.
1419 5321 1647 5384 Idcirco
1676 5326 1739 5386 ι).
1766 5323 1887 5385 Βία

1983 5318 2017 5385 ἦ
2078 5317 2317 5392 εὶρήνης,
2360 5314 2395 5381 ἢ
2453 5312 2721 5389 δυνάμεως
2780 5317 3105 5384 δποιτᾶττμθ·
3157 5319 3222 5373 τὰ
3273 5322 3371 5394 μέν
3429 5322 3529 5399 γὰρ
3579 5322 3641 5379 ἐκ

248 5405 451 5487 nysins
480 5423 618 5478 cap.
651 5404 689 5465 2
715 5405 795 5466 ait
820 5406 946 5468 haec
971 5408 1236 5487 nomina,
1273 5417 1551 5486 tanquam
1584 5411 1768 5474 Deum
1801 5412 1887 5474 de-

1984 5408 2089 5462 :th
2121 5404 2306 5472 ὄντων,
2337 5405 2425 5460 xvi
2484 5403 2715 5477 μάλιστκ
2768 5406 2827 5461 ἐκ
2877 5408 2983 5463 τών
3042 5406 3265 5486 πρώτως
3323 5408 3517 5484 ὄντων,
3566 5413 3640 5474 ὡς

248 5495 473 5573 renti-1,
509 5493 753 5555 attribui
790 5494 1085 5557 divinitati
1116 5497 1294 5559 trium
1334 5500 1724 5561 Personarum
1760 5503 1887 5578 ἆμε-

1988 5496 2159 5556 αῗτιος
2212 5493 2424 5552 πάντων
2473 5500 2580 5549 τῶν
2634 5491 2799 5550 ὄντων
2863 5495 3091 5575 λέγεται·
3151 5496 3219 5552 τὰ
3275 5495 3329 5552 δὲ
3378 5501 3453 5561 ὡς
3508 5499 3640 5576 ὑπὲρ

251 5591 378 5663 prim,
412 5582 531 5646 hoc
557 5592 654 5645 est
713 5585 1191 5666 imparticipate,
1221 5595 1396 5669 atque
1430 5589 1582 5652 adeo
1637 5590 1813 5671 plene
1845 5608 1887 5652 e1

1988 5584 2160 5642 mimi
2214 5583 2301 5639 mi
2355 5583 2421 5639 τὰ
2478 5582 2702 5661 πρώτως
2762 5582 2913 5663 ὄντα,
2958 5585 3167 5663 ὑπερὼν
3225 5585 3570 5663 ὑπερουσίως.
3606 5607 3632 5645 n

324 5745 390 5796 ⁷3
415 5745 602 5808 Marc.
638 5762 703 5806 χ.
