4044 6152
162 333 232 403 85
1587 334 2150 401 PROLEGOMENA
2162 384 2175 400 .

3499 334 3578 404 86

169 473 327 537 vinas
356 470 798 554 perfectiones
849 472 1173 556 dupliciter
1218 473 1589 538 considerari
1639 490 1839 555 posse.
1866 480 1899 529 Α
1926 473 2030 534 sed
2064 472 2242 535 etiam
2287 489 2465 535 omne
2515 469 2814 554 objectum
2861 471 3259 556 intelligibile,
3294 479 3357 538 et
3380 472 3468 539 sic
3498 474 3574 539 de

171 564 389 639 Primo,
414 572 483 626 ut
504 572 655 626 sunt
684 564 752 627 in
786 563 970 626 rebus
998 564 1213 627 creatis
1243 564 1340 627 vel
1372 569 1548 627 etiam
1576 570 1746 645 prout
1768 564 1840 625 ab

174 654 483 717 intellectu
507 663 725 717 creato
741 654 1213 736 absquelumine
1238 656 1440 735 gloria:
1461 654 1842 735 concipipos-

174 752 350 818 sunt;
397 744 704 822 sccuudo,
766 752 833 806 ut
879 752 1017 807 sunt
1058 746 1121 805 iu
1154 747 1305 809 Deo.
1337 743 1399 808 Si
1430 747 1629 827 priore
1660 743 1838 806 modo

175 834 677 910 considerentur,
704 835 1157 915 distinguuntur
1184 841 1339 899 inter
1368 855 1433 897 se
1483 834 1834 909 formaliter,

172 926 289 986 imo
314 926 531 988 multa:
555 926 740 988 etiam
768 926 1037 998 realiter,
1067 934 1321 1008 suntque
1342 925 1589 988 diversae
1606 924 1831 1001 formae,

173 1015 261 1076 vel
294 1016 574 1079 rationes
597 1016 910 1079 formales.
936 1017 1011 1079 Et
1033 1017 1302 1098 quamvis
1325 1015 1740 1096 concipiuntur
1772 1023 1836 1077 ut

174 1105 516 1179 illimitataa,
559 1101 650 1169 vel
711 1106 963 1170 inﬁnitae
1018 1105 1404 1187 perfectionis
1454 1106 1609 1167 intra
1667 1123 1833 1167 suam

174 1197 440 1274 speciem
465 1216 578 1259 seu
596 1198 893 1260 rationem
928 1196 1264 1271 formalem,
1300 1203 1500 1266 tamen
1524 1196 1584 1256 in
1608 1196 1835 1258 ratione

178 1287 325 1348 entis
355 1285 449 1347 vel
487 1287 885 1367 perfectionis
913 1295 1052 1349 sunt
1080 1286 1367 1359 limitataa,
1394 1285 1534 1362 quia
1565 1304 1682 1348 una
1715 1304 1833 1347 non

175 1376 422 1437 includit
454 1377 664 1438 aliam.
716 1376 842 1440 Hoc
886 1378 1063 1439 modo
1116 1377 1231 1439 illae
1282 1376 1684 1456 perfectiones
1715 1395 1835 1437 non

175 1468 401 1529 suntin
449 1469 580 1530 Deo
626 1468 980 1548 formaliter,
1030 1466 1135 1529 sed
1191 1467 1531 1530 eminenter
1579 1474 1836 1548 tantum,

180 1575 397 1638 nempe
422 1563 494 1620 ut
524 1558 585 1619 in
618 1575 802 1620 causa
832 1556 1162 1637 superioris
1192 1555 1447 1633 ordinis,
1479 1564 1535 1618 et
1564 1555 1832 1634 analoga.

1926 560 2185 622 caeteris.

1960 661 2149 725 Nulla
2180 669 2270 726 cst
2310 663 2653 726 similitudo
2685 665 2850 726 inter
2878 666 3278 744 perfectiones
3306 665 3430 730 Dei
3467 676 3530 731 et

2577 751 2899 808 creaturae.

1999 846 2301 928 Sequitur,
2347 845 2547 929 tertio,
2584 848 2985 928 perfectiones
3015 848 3269 933 divinas,
3317 860 3384 913 ut
3426 861 3564 916 sunt

1918 936 1979 998 in
2004 935 2151 1019 Deo,
2179 955 2297 998 non
2328 934 2551 999 habere
2574 936 2753 999 ullam
2786 938 3245 1002 similitudinem
3278 960 3415 1004 cum
3434 962 3568 1024 per-

1918 1027 2273 1089 fectionibus
2316 1045 2448 1107 quae
2492 1036 2633 1090 sunt
2680 1028 2770 1091 vel
2804 1046 2941 1091 esse
2991 1037 3240 1110 possunt
3282 1031 3343 1093 in
3384 1032 3568 1096 rebus

1918 1118 2154 1194 creatis,
2172 1126 2234 1179 ut
2259 1117 2432 1180 docet
2456 1118 2773 1200 Dionysius
2790 1138 2922 1200 cap.
2953 1119 2991 1183 9
3019 1121 3102 1183 De
3125 1121 3357 1185 divinis
3380 1126 3572 1187 nomi-

1918 1209 2119 1288 nibus,
2156 1212 2217 1271 et
2248 1224 2378 1283 cap.
2409 1207 2446 1267 5
2469 1207 2741 1288 Mystica
2764 1208 3103 1290 theologica.
3121 1210 3307 1283 Quam
3334 1212 3409 1275 ob
3432 1232 3570 1277 cau-

1919 1316 2044 1359 sam
2092 1301 2251 1361 Deus
2282 1298 2506 1359 dicitur
2537 1316 2656 1360 non
2701 1316 2836 1361 esse
2885 1299 3242 1376 substantia,
3281 1321 3402 1365 non
3434 1322 3569 1367 esse

1923 1388 2062 1468 vita,
2098 1395 2240 1464 ete.,
2272 1387 2411 1468 quia
2456 1387 2537 1449 ita
2568 1398 2663 1450 est
2694 1406 2878 1469 super
2926 1395 3128 1452 omnia
3183 1390 3470 1471 elevatus,
3506 1401 3569 1455 ut

1922 1497 2055 1539 cum
2092 1478 2253 1539 nulla
2275 1496 2341 1539 re
2359 1486 2558 1538 creata
2578 1478 2667 1540 vel
2700 1477 2952 1540 creabili
2981 1476 3436 1544 similitudinem
3464 1483 3569 1546 ha-

1922 1568 2078 1630 beat.
2113 1567 2261 1640 Quia
2306 1574 2504 1629 tamen
2541 1586 2640 1629 res
2690 1576 2908 1630 creatae
2936 1568 3197 1649 aliquam
3248 1570 3321 1632 ad
3375 1570 3565 1635 Deum

178 1649 234 1739 Si
261 1665 406 1739 vero
439 1645 727 1739 secundo
759 1646 936 1739 modo
979 1644 1417 1739 ςὀηᾳίρίδηιυς,
1455 1644 1689 1739 δίε-ηοη
1723 1645 1833 1739 ha:
1864 1733 1891 1739 _
1922 1657 2366 1737 proportionem
2395 1656 2910 1739 habenttauquam
2942 1644 3189 1721 eﬂ‘ectus
3216 1660 3567 1724 etimitatio-

180 1737 323 1799 bent
354 1738 523 1831 inter
547 1755 616 1798 se
642 1736 829 1831 ullam
861 1735 1307 1831 distinctionem
1357 1735 1692 1831 formalem,
1715 1734 1834 1831 sed
1861 1733 1896 1782 Β
1922 1733 2329 1828 nes-quaedam
2363 1746 2525 1809 illius
2554 1747 2660 1827 (ob
2692 1733 2868 1828 quam
2902 1755 3371 1831 proportionem,
3408 1752 3458 1813 si
3490 1753 3569 1816 sit

180 1836 315 1888 sunt
339 1845 460 1888 una
478 1825 927 1906 simplicissima
956 1827 1168 1889 forma.
1194 1844 1225 1888 a
1245 1844 1361 1901 qua
1383 1827 1544 1888 Deus
1570 1823 1836 1887 omnium

1928 1840 1981 1898 in
2013 1823 2247 1898 summo
2277 1836 2463 1916 gradu
2510 1823 2792 1899 dicunt-ur
2835 1823 3029 1900 etiam—
3058 1841 3182 1902 Deo
3229 1823 3478 1923 similes,
3511 1851 3571 1905 et

177 1916 411 1979 illarum
446 1917 888 1997 perfectionum
916 1915 1465 1978 denominationem
1488 1913 1838 1996 accipit,sed

179 2007 353 2086 longe
382 2005 565 2069 altior
594 2024 771 2086 quam
809 2024 979 2068 mens
1029 2014 1229 2067 creata
1267 2004 1594 2085 concipere
1625 2003 1834 2084 possit.

185 2096 411 2158 Dicitur
436 2095 601 2158 enim
626 2097 902 2175 sapiens,
929 2113 1046 2157 non
1071 2095 1245 2175 quasi
1267 2093 1555 2175 sapientia
1580 2091 1839 2156 imbutus

181 2195 237 2247 et
260 2186 646 2262 informatus,
682 2188 787 2249 sed
820 2193 884 2246 ut
912 2185 1206 2267 sapientia
1241 2203 1345 2264 per
1376 2202 1440 2245 se
1478 2183 1832 2246 subsistens.

181 2275 415 2338 Dicitur
435 2279 663 2356 iustus,
691 2277 1062 2351 misericors,
1083 2283 1353 2355 sanctus,
1374 2292 1493 2335 non
1511 2280 1572 2334 ut
1595 2274 1688 2335 his
1709 2292 1841 2355 per-

181 2364 546 2426 fectionibus
567 2365 844 2446 affectus,
876 2372 1121 2426 ornatus
1145 2370 1205 2427 et
1230 2363 1833 2443 imbutus(quomodo

180 2473 211 2514 a
234 2454 408 2515 nobis
427 2455 815 2535 concipitur),
837 2454 939 2516 sed
962 2454 1295 2534 utjustitia,
1330 2453 1748 2515 misericordia
1779 2461 1836 2515 et

177 2543 460 2604 sanctitas
486 2544 916 2625 substantialis,
978 2563 1084 2624 per
1113 2562 1179 2606 se
1209 2542 1572 2605 subsistens.
1610 2541 1832 2604 Eodem

180 2632 354 2693 modo
368 2634 739 2712 accipiendae
762 2653 969 2696 omnes
991 2635 1116 2696 alim
1140 2634 1548 2712 perfectiones
1568 2650 1699 2711 qua:
1721 2632 1837 2711 ipsi

180 2722 546 2794 tribuuntur,
573 2724 714 2803 quia
738 2724 797 2784 in
824 2724 927 2785 illo
951 2724 1113 2786 nulla
1138 2732 1225 2785 est
1253 2722 1588 2784 diversitas
1618 2721 1840 2783 forma-

178 2831 309 2873 rum
342 2821 444 2873 aut
479 2815 781 2875 rationum
816 2814 1181 2894 formalium,
1217 2813 1321 2876 sed
1361 2831 1481 2875 una
1510 2812 1839 2893 simplicis-

180 2902 329 2963 sima
358 2901 555 2963 forma
591 2920 699 2983 per
718 2921 783 2965 se
806 2902 1157 2979 subsistens,
1184 2904 1411 2965 inﬁnite
1436 2920 1620 2981 supra
1644 2901 1842 2963 omnia

1924 1926 2028 1990 Dei
2059 1926 2371 2005 imagines,
2403 1935 2466 1988 ut
2494 1934 2654 2007 patet
2678 1926 2737 1987 in
2761 1934 2970 1989 natura
2999 1926 3437 2011 intellectuali),
3468 1950 3570 1994 ne-

1924 2035 2041 2097 que
2071 2035 2181 2077 nos
2204 2016 2389 2077 Deum
2413 2017 2526 2079 nisi
2553 2035 2622 2078 ex
2645 2015 2828 2079 rebus
2846 2017 3063 2079 creatis
3079 2019 3565 2099 peranalogicum

1923 2124 2235 2168 ascensum
2254 2124 2617 2186 cognoscere
2640 2124 2976 2187 possumus,
2999 2106 3136 2169 ideo
3162 2114 3404 2171 nomina
3426 2128 3568 2191 per-

1921 2197 2248 2258 fectionum
2266 2206 2601 2259 creatarum
2626 2195 2697 2257 ad
2725 2195 3571 2275 perfectionesdivinastrans-

1920 2285 2206 2348 ferimus:
2263 2284 2529 2366 alioquin
2580 2284 2656 2347 de
2706 2284 2925 2346 divinis
2977 2285 3141 2347 nullo
3197 2287 3372 2349 modo
3406 2289 3567 2371 loqui

1923 2393 2255 2456 possemus.
2291 2376 2509 2437 Verum
2540 2375 2666 2437 haec
2689 2374 2935 2437 nomina
2958 2375 3134 2453 longe
3162 2376 3356 2439 altiori
3387 2395 3568 2441 sensu

1918 2464 2268 2544 accipienda
2320 2472 2482 2536 sunt,
2541 2483 2676 2526 cum
2739 2462 3043 2526 tribuatur
3092 2463 3275 2527 rebus
3327 2467 3565 2543 divinis,

1923 2572 2096 2635 quam
2129 2572 2263 2615 cum
2295 2553 2508 2615 creatis
2539 2574 2552 2615 :
2585 2554 2646 2614 in
2681 2552 2805 2615 Deo
2838 2553 2998 2614 enim
3047 2553 3389 2632 signiﬁcant
3417 2556 3568 2619 sub-

1924 2643 2198 2705 stantiam
2229 2662 2264 2704 a
2295 2661 2361 2705 se
2392 2643 2765 2722 existentem,
2795 2660 2861 2704 ac
2892 2642 3143 2722 proinde
3162 2644 3413 2707 omnino
3433 2644 3559 2708 illi-

1926 2734 2214 2813 mitatam,
2244 2750 2377 2809 quas
2399 2748 2506 2812 per
2525 2748 2589 2793 se
2621 2731 2950 2793 formaliter
2979 2730 3209 2809 absque
3240 2735 3406 2796 omni
3429 2744 3567 2797 actu

1925 2822 2124 2885 elicito
2168 2829 2401 2903 prazstat
2463 2820 2664 2882 omnia
2711 2837 2844 2902 quae
2905 2820 3309 2901 perfectiones
3355 2832 3571 2888 creatae

1924 2920 2202 2991 praestare
2234 2918 2503 2992 possunt,
2539 2918 2598 2972 et
2641 2910 2820 2972 modo
2867 2910 3098 2974 infinite
3133 2912 3570 2975 excellentiori.

181 2991 432 3072 elevata,
468 3010 604 3072 quae
635 3001 725 3054 est
757 2992 946 3073 ipsius
989 2996 1251 3056 essentia
1303 3000 1504 3084 (quam
1546 2990 1836 3084 Deitatem

1928 2990 2129 3079 Itaque
2158 2990 2353 3083 neque
2383 3001 2444 3062 fn
2477 3000 2653 3063 modo
2688 3000 3009 3078 existeudi,
3054 3020 3249 3084 neque
3289 3007 3349 3064 in
3398 3003 3573 3066 modo

180 3097 395 3173 \‘ocare
428 3083 785 3173 possumus)
817 3101 924 3162 per
952 3101 1128 3163 quam
1164 3100 1376 3144 omnes
1409 3081 1524 3173 illa?
1561 3080 1836 3173 denomi-
1860 3067 1900 3117 C
1926 3067 2233 3173 operandi,
2257 3067 2538 3170 nequein
2569 3089 2747 3152 modo
2773 3067 3264 3154 tribuendisdum
3297 3092 3573 3156 eﬁ‘ectum

183 3170 457 3233 nationes
488 3171 574 3232 illi
607 3190 679 3232 ex
714 3180 880 3252 parte
910 3173 996 3234 rei
1037 3180 1405 3252 competunt.
1462 3171 1523 3233 Id
1560 3169 1718 3232 enim
1753 3177 1842 3233 est

182 3261 359 3340 longe
390 3260 717 3341 perfectius
767 3270 825 3322 et
856 3261 1092 3341 dignius
1126 3261 1211 3323 illi
1251 3260 1567 3341 majestati,
1604 3260 1840 3321 inﬁnite

182 3369 363 3431 supra
390 3355 595 3412 omnia
626 3369 757 3432 qua)
793 3360 935 3413 sunt
966 3361 1029 3414 et
1057 3370 1189 3434 qua:
1220 3370 1338 3413 non
1381 3361 1521 3412 sunt
1571 3351 1662 3431 (ut
1693 3350 1837 3413 Dio-

182 3442 386 3520 nysius
416 3439 708 3520 loquitur)
736 3441 1000 3503 elevatae.

485 3530 798 3608 Quomodo
827 3551 888 3596 se
931 3540 1141 3596 mutuo
1182 3532 1526 3601 includunt.

255 3624 415 3688 Hinc
466 3626 744 3707 sequitur
797 3627 1013 3708 primo,
1073 3627 1276 3689 omnia
1321 3627 1626 3703 attributa,
1663 3636 1837 3708 prout

181 3715 729 3777 consideranturin
763 3735 997 3778 summa
1028 3736 1132 3778 sua
1163 3717 1493 3779 elevationc
1517 3716 1835 3798 (quomodo

181 3804 410 3866 suntin
446 3803 630 3883 Deo),
689 3823 756 3867 se
813 3814 1017 3867 mutuo
1049 3805 1364 3869 includere
1438 3812 1496 3868 et
1546 3808 1604 3867 in
1667 3807 1840 3868 unius

180 3901 484 3970 conceptu
516 3892 849 3956 intrinsece
881 3893 1108 3956 includi
1139 3894 1360 3976 omnia,
1389 3896 1526 3976 quia
1556 3905 1692 3958 sunt
1726 3914 1843 3957 una

180 3981 630 4062 simplicissima
679 3982 894 4054 forma,
950 3985 1006 4045 in
1063 4001 1129 4047 se
1186 3984 1381 4045 omnis
1436 3983 1842 4046 distinctionis

182 4088 425 4152 expers,
460 4071 538 4133 de
569 4074 740 4153 cujus
770 4073 999 4136 ratione
1033 4081 1124 4138 est
1155 4074 1355 4136 omnia
1383 4074 1483 4135 illa
1516 4073 1844 4135 formalitcr

182 4172 239 4222 et
270 4162 606 4223 secundum
658 4181 955 4224 summam
1016 4164 1383 4226 identitatem
1420 4163 1747 4245 includere,
1786 4172 1843 4226 et

181 4251 384 4313 omnia
417 4250 519 4314 illa
544 4270 678 4313 esse
711 4252 1070 4316 formaliter.

492 4346 801 4419 Quomodo
833 4347 953 4408 sint
987 4349 1229 4427 inﬁnite
1260 4349 1531 4412 elevata.

1922 3179 2236 3243 formalem
2270 3188 2360 3242 est
2406 3180 2524 3243 ulla
2555 3179 2907 3257 similitudo,
2941 3187 3058 3243 etc.

2430 3287 2911 3352 OBSERVATIO
2950 3292 3028 3354 Χ.

1921 3396 2153 3445 lt’omina
2194 3394 2504 3443 communia
2539 3404 2641 3455 quo
2683 3405 2843 3442 sensu
2870 3394 3032 3455 prius
3063 3394 3129 3443 de
3160 3395 3292 3452 Deo,
3326 3397 3383 3444 et
3404 3395 3569 3457 prius

1983 3465 2049 3515 de
2096 3466 2369 3515 creaturis
2413 3463 2694 3513 dicantur.
2751 3466 2988 3513 Nomina
3020 3467 3154 3516 sunt
3189 3464 3345 3515 rebus
3379 3470 3566 3529 poste-

1984 3540 2158 3588 riora.
2184 3538 2431 3587 Nomina.
2467 3534 2537 3585 ab
2564 3535 2781 3585 homine
2816 3536 3061 3587 inventa.

1999 3628 2231 3690 Notas.
2260 3626 2573 3701 Thomam,
2611 3632 2776 3706 parte
2805 3641 2847 3705 ι,
2875 3644 2974 3707 qu.
3004 3625 3104 3707 t3,
3132 3631 3243 3687 art.
3278 3626 3339 3707 6,
3367 3626 3566 3691 dicere

1924 3716 2233 3799 praedictas
2259 3714 2984 3796 perfectiones,quantum
3008 3715 3082 3778 ad
3106 3733 3233 3778 rem
3261 3717 3564 3796 signiﬁca-

1926 3818 2040 3870 tam
2069 3824 2175 3889 per
2193 3824 2435 3886 nomen,
2464 3806 2625 3885 prius
2651 3803 2767 3867 dici
2789 3805 2865 3867 de
2890 3804 3011 3867 Deo
3035 3824 3210 3886 quam
3235 3805 3312 3870 de
3334 3816 3566 3870 creatu-

1923 3897 2038 3979 ris;
2074 3896 2211 3977 quia
2244 3915 2277 3957 a
2308 3894 2429 3957 Deo
2462 3894 2808 3974 hujusmodi
2831 3895 3234 3975 perfectiones
3257 3896 3316 3957 in
3342 3902 3567 3961 creatu-

1925 4006 2020 4050 ras
2036 3985 2415 4061 manant;sed
2432 3991 2710 4064 quantum
2727 3983 2797 4046 ad
2817 3984 2893 4045 im
2903 3985 3261 4065 positionem
3278 3986 3562 4068 nominis,

1928 4077 2092 4157 prius
2113 4094 2146 4137 a
2168 4074 2338 4136 nobis
2361 4076 2581 4153 imponi
2598 4073 2884 4135 creaturis
2906 4093 3050 4154 quas
3075 4076 3238 4154 prius
3260 4078 3562 4155 cognosci-

1927 4185 2085 4248 mus;
2139 4164 2299 4225 undc
2347 4170 2405 4224 et
2456 4162 2695 4224 modum
2747 4164 3121 4242 signiﬁcandi
3169 4164 3420 4245 habent,
3458 4167 3562 4245 qui

1924 4254 2213 4337 competit
2239 4253 2549 4316 creaturis.
2574 4254 2707 4316 Non
2733 4255 2893 4316 enim
2913 4253 3130 4334 (inquit
3150 4253 3428 4329 Basilius,
3452 4254 3559 4319 lib.

1922 4365 1983 4421 ιι,
2009 4352 2225 4407 contra
2246 4342 2647 4424 Eunomium)
2696 4348 2925 4405 natura
2962 4361 3167 4405 rerum
3195 4344 3441 4405 nomina
3463 4361 3560 4406 se-

260 4438 573 4520 Sequilur,
608 4439 894 4508 secundo.
933 4442 1329 4520 perfectiones
1371 4442 1623 4518 divinas,
1661 4451 1835 4523 prout
1858 4437 2128 4523 unitur,
2152 4434 2252 4489 imo
2268 4437 2387 4504 post
2407 4447 2490 4489 res
2512 4432 2657 4503 ipsas
2678 4432 2893 4487 intenta
2915 4439 3035 4523 sunt
3064 4429 3306 4523 nomina.
3343 4430 3563 4523 Etenim

182 4537 317 4589 sunt
353 4529 416 4589 in
447 4527 598 4601 Deo,
633 4547 765 4590 esse
796 4530 1029 4592 inﬁnite
1072 4532 1326 4593 elevatas
1374 4549 1553 4613 supra
1593 4532 1835 4595 easdem

183 4618 592 4692 perfectiones
623 4626 937 4698 spectatas,
965 4629 1136 4699 prout
1155 4630 1292 4681 sunt
1312 4630 1409 4682 aut
1433 4630 1683 4702 possunt
1704 4639 1836 4683 esse

180 4705 240 4767 in
276 4706 605 4782 creaturis,
639 4716 738 4768 aut
769 4708 945 4769 etiam
983 4718 1155 4789 prout
1180 4729 1213 4771 a
1246 4719 1444 4772 mente
1476 4721 1672 4772 creata
1703 4729 1835 4791 pos-

1922 4517 1973 4578 si
2006 4516 2118 4577 hoc
2142 4526 2298 4576 esset
2319 4531 2547 4590 verum,
2572 4530 2688 4572 non
2711 4530 2842 4572 esse
2862 4512 3105 4573 nomina
3137 4511 3320 4574 rebus
3354 4521 3561 4593 poste-

1922 4608 2103 4685 riora,
2131 4623 2279 4685 opus
2303 4612 2483 4682 esset,
2509 4610 2573 4662 ut
2597 4620 2845 4681 quorum
2874 4610 3007 4662 sunt
3038 4602 3261 4663 caedem
3290 4602 3562 4664 nomina-

1923 4699 2139 4776 tiones,
2194 4711 2308 4754 una
2360 4700 2419 4753 et
2461 4691 2670 4753 eadem
2717 4691 3046 4752 substantia
3093 4700 3250 4753 esset
3290 4713 3304 4755 :
3340 4710 3410 4752 ex
3443 4710 3559 4771 quo

184 4804 322 4857 sunt
352 4780 618 4877 concipi.
655 4796 823 4859 Ratio
857 4780 1141 4879 est,'quia
1173 4808 1231 4860 ut
1262 4808 1399 4861 sunt
1430 4805 1489 4861 in
1524 4802 1671 4876 Deo,
1698 4780 1835 4861 sunt
1918 4783 2357 4879 ﬁél‘elrutflui?
2399 4780 2497 4861 (lui
2537 4789 2670 4879 sum
2705 4781 2919 4879 Ῡξζίυίθ
2953 4781 3220 4879 RVrec”:
3249 4781 3414 4859 digni
3444 4799 3557 4879 {‘0‘

182 4886 438 4947 inﬁnite
469 4886 860 4967 perfectionis
910 4906 1028 4948 non
1083 4888 1274 4950 solum
1325 4896 1478 4951 intra
1529 4889 1831 4969 propriam

181 4976 593 5057 speciem,sed
613 4974 884 5038 absolute
906 4986 964 5038 et
994 4976 1055 5037 in
1092 4986 1209 5039 toto
1233 4997 1455 5055 genere
1478 4981 1654 5040 eutls.
1682 4976 1832 5039 Tum

181 5066 362 5126 etiam
397 5065 542 5145 quia
573 5066 628 5125 in
665 5068 786 5127 Deo
818 5085 936 5127 non
960 5077 1096 5127 sunt
1118 5067 1305 5128 forma
1326 5069 1527 5145 aliqua
1556 5067 1833 5131 acciden-

181 5156 355 5235 taria,
403 5155 513 5217 sed
570 5156 909 5217 substantia
958 5173 1066 5237 per
1105 5174 1172 5218 se
1218 5158 1571 5238 subsistens,
1622 5166 1742 5220 eta
1773 5175 1835 5217 se

182 5244 417 5306 habens
445 5246 648 5306 omnia
678 5245 935 5319 inﬁnite,
965 5264 1097 5326 quae
1118 5246 1190 5306 ad
1216 5247 1511 5310 rationem
1547 5248 1838 5328 cujusque

177 5334 575 5414 perfectionis
604 5342 903 5415 spectant,
936 5351 997 5395 ν.
1029 5355 1114 5413 g.,
1162 5337 1452 5418 sapientia
1481 5337 1678 5399 divina
1718 5354 1837 5397 non

1920 4875 2080 4937 mine
2113 4873 2220 4936 Dei
2254 4871 2571 4951 habentur,
2606 4878 2663 4931 et
2701 4870 2783 4930 dii
2813 4871 3209 4950 appellantur,
3236 4879 3435 4930 essent
3457 4869 3566 4933 lto-

1924 4967 2113 5027 mines
2159 4968 2425 5039 ὁμοὺτιοι,
2473 4961 2531 5021 id
2581 4968 2672 5021 est
2722 4960 2991 5040 ejusdem
3055 4958 3402 5021 substantiae
3448 4978 3565 5041 qua

1923 5059 2104 5119 Deus.
2134 5055 2350 5114 Verum
2383 5050 2536 5112 sicut
2568 5050 2678 5109 hoc
2711 5049 2936 5124 dicere,
2984 5048 3296 5109 manifesta
3330 5049 3564 5111 insania

1922 5157 2044 5222 est,
2083 5146 2169 5206 sic
2201 5141 2347 5204 illud
2383 5141 2608 5217 dicere,
2646 5158 2812 5218 aeque
2868 5140 3171 5201 dementia
3202 5150 3314 5201 est.
3350 5142 3474 5203 Imo
3504 5148 3565 5202 et

1921 5234 2241 5315 Gregorius
2274 5228 2694 5311 Nyssenuslib.
2722 5245 2847 5309 xm,
2876 5229 3182 5308 disputans
3203 5238 3410 5291 contra
3441 5231 3564 5292 Eu-

1923 5325 2212 5388 nomium:
2237 5317 3227 5398 Miserator,inquit,etmisericors
3245 5316 3559 5390 Dominus,

184 5405 267 5484 est
301 5423 578 5504 qualitas,
614 5405 723 5486 sed
757 5405 1317 5505 substantia'perse
1347 5427 1704 5497 subsistens,
1735 5427 1836 5487 ha-

1928 5416 2149 5477 mticns,
2196 5421 2245 5467 et
2295 5407 2471 5464 multm
2515 5406 2886 5464 misericordiae
2912 5405 2986 5461 75.
3042 5406 3191 5474 Quid
3240 5407 3357 5462 haec
3404 5408 3562 5463 aiunt

186 5511 333 5574 bens
355 5532 391 5575 a
409 5532 608 5575 senon
632 5515 831 5575 solum
861 5514 1152 5577 inﬁnitum
1178 5515 1380 5577 lumen
1406 5515 1836 5598 intellectuale,

262 5676 325 5726 76
354 5678 506 5741 Psal.
540 5693 742 5740 cxuv.

1923 5498 2287 5587 signiﬁcare?
2303 5497 2696 5574 Naturamne,
2715 5514 2787 5558 an
2812 5493 3259 5579 operationem?
3277 5492 3464 5558 Nemo
3479 5512 3563 5556 sa-
