4044 6152
463 323 541 389 87

1613 327 1675 388 S.
1725 325 2134 391 DIONYSIUS
2170 328 2678 392 AREOPAGITA.

3752 324 3827 391 88

464 470 541 515 ne
570 456 720 516 aliud
748 454 1042 517 declarare
1061 456 1271 517 dlxerit
1290 465 1667 530 preterquam
1689 460 2102 530 operationem.
2126 465 2169 516 A
2191 461 2359 521 mina
2389 459 2646 534 dixeris,
2690 475 2885 522 unum
2916 467 3003 522 est
3032 458 3192 539 quod
3234 458 3633 540 signiﬁcatur.
3668 458 3749 520 Et
3776 463 3829 519 si

468 546 715 621 Quando
730 547 915 626 igitur
936 547 1253 610 miseratus
1275 555 1366 609 est
1384 547 1701 630 Dominus,
1721 556 1781 610 ut
1799 568 1869 611 ex
1904 567 2111 629 opera-

470 637 632 700 tione
657 636 1062 700 miserationis
1085 655 1304 700 nomen
1328 636 1606 701 duceret?
1625 639 1781 701 Num
1807 639 1952 720 quid
1976 647 2109 700 ante

472 728 642 784 vitam
667 726 1221 797 humanam?Ecquis
1236 735 1373 784 tunc
1388 728 1778 785 misericordia
1796 729 2112 801 indigebat?

468 820 545 881 At
572 834 714 879 vero
742 824 874 897 post
909 825 1211 896 peccatum
1246 834 1494 898 prorsus
1526 817 1941 880 misericordia
1964 836 2110 899 opus

468 904 930 986 fuit,peccatum
953 913 1153 971 autem
1189 914 1320 987 post
1349 905 1653 969 hominem
1678 907 1942 981 existitit;
1981 919 2113 986 post

472 997 779 1060 hominem
827 996 1008 1074 igitur
1050 997 1202 1059 actio
1235 996 1561 1060 miserandi
1594 1006 1653 1059 et
1685 997 2114 1061 misericordias

472 1099 706 1144 nomen.
724 1085 888 1145 Unde
908 1086 1271 1144 manifestum
1288 1085 1535 1151 efﬁcitur
1552 1087 1860 1156 posteriora
1874 1102 1996 1144 esse
2015 1102 2115 1143 no-

479 1176 782 1258 minaipsa
797 1176 1125 1239 aeternitate
1157 1175 1287 1256 Dei,
1306 1183 1366 1239 et
1390 1184 1521 1256 post
1541 1175 1843 1238 hominem
1868 1186 1926 1238 et
1951 1196 2112 1240 men-

475 1274 594 1328 tem
612 1264 1118 1328 hominisinventa
1134 1283 1289 1329 esse.
1308 1270 1478 1329 Mens
1505 1264 1667 1328 enim
1692 1266 1948 1329 humana
1968 1269 2117 1330 sicut

475 1354 727 1417 aliarum
747 1372 950 1416 rerum
974 1354 1217 1417 nomina
1235 1355 1565 1428 adinvenit,
1584 1356 1670 1419 sic
1684 1358 1857 1417 etiam
1875 1358 2117 1419 nomina

478 1443 586 1508 Dei
607 1461 903 1525 aggressa,
921 1453 980 1507 et
998 1444 1181 1508 veluti
1206 1447 1515 1508 materiam
1538 1453 1706 1508 nacta
1720 1495 1735 1526 ,
1751 1445 1851 1508 illa
1873 1446 2000 1528 ipsa
2019 1448 2110 1509 ef-

478 1534 633 1598 fecta
656 1543 716 1597 et
734 1533 1133 1612 admirabilia,
1156 1541 1359 1616 quaein
1384 1536 1664 1599 universo
1678 1537 2116 1617 contemplatur

479 1624 829 1706 insequens,
846 1632 907 1688 et
925 1623 1002 1687 de
1022 1626 1147 1689 Deo
1170 1625 1507 1706 inquirens,
1536 1626 1780 1688 nomina
1807 1627 2112 1704 imposuit.

485 1745 720 1796 Nomina
759 1747 1068 1795 communia
1110 1756 1213 1808 quo
1259 1756 1419 1793 sensu
1451 1744 1520 1795 de
1560 1746 1690 1804 Deo,
1731 1747 1782 1794 et
1819 1756 1920 1809 quo
1965 1760 2121 1795 sensu

917 1816 984 1866 de
1018 1817 1288 1867 creaturis
1319 1816 1692 1879 intelligenda.

569 1908 656 1970 Ex
700 1905 794 1968 bis
824 1923 965 1986 ergo
996 1906 1315 1987 colligitur,
1335 1921 1469 1969 cum
1500 1906 1845 1986 hujusmodi
1878 1909 2125 1971 nomina

494 1994 695 2059 divina
706 1995 781 2058 de
792 1996 1083 2060 creaturis
1094 2014 1246 2075 quas
1260 1995 1423 2076 prius
1436 1998 1870 2075 cognoscimus,
1889 1999 2124 2078 etprius

484 2085 887 2166 nominamus,
920 2085 1223 2167 dicuntur,
1257 2083 1481 2147 habere
1512 2103 1581 2148 ea
1613 2085 1854 2147 modum
1888 2088 2123 2167 signiﬁ-

486 2174 686 2249 candi,
702 2175 800 2256 qui
819 2180 1100 2255 competit
1131 2175 1446 2252 creaturis,
1459 2172 1616 2237 'sicut
1637 2175 1716 2237 ait
1738 2174 1796 2238 S.
1832 2175 2120 2252 Thomas,

487 2271 551 2327 et
574 2263 901 2327 secundum
933 2272 1196 2327 nostram
1223 2264 1719 2327 consuetudinem
1753 2266 1995 2346 proprie
2035 2267 2123 2328 si-

485 2354 772 2433 gniﬁcare
783 2353 1189 2434 operationem
1204 2372 1310 2418 seu
1324 2354 1597 2417 eﬁ‘ectum
1614 2355 2027 2436 participatum
2040 2366 2126 2439 ,ut

487 2443 682 2506 bonus
704 2441 1030 2506 bonitatem
1052 2454 1335 2525 creatam,
1351 2443 1591 2524 sapiens
1609 2443 1964 2523 sapientiam
1980 2446 2123 2508 item

489 2542 775 2613 creatam,
795 2541 854 2598 et
877 2533 1154 2597 similiter
1174 2534 1236 2597 in
1257 2534 1511 2613 reliquis
1531 2534 1871 2597 nominibus
1896 2535 2123 2615 signiﬁ-

491 2621 764 2687 cantibus
808 2622 1151 2703 hujusmodi
1198 2624 1596 2706 perfectiones
1625 2627 2037 2706 participatas;
2070 2633 2128 2688 et

489 2721 556 2777 ut
580 2713 670 2776 sic
698 2731 820 2776 non
851 2712 1132 2776 dicuntur
1162 2715 1402 2796 proprie
1424 2713 1500 2775 de
1522 2713 1668 2789 Deo,
1693 2715 1835 2795 quia
1858 2718 2015 2779 Deus
2039 2725 2129 2778 est

489 2820 668 2884 supra
701 2803 835 2877 ista,
876 2820 1060 2883 supra
1087 2802 1333 2878 bonum,
1383 2820 1560 2883 supra
1591 2803 1946 2884 sapientem.
1981 2809 2126 2868 Cum

493 2910 636 2955 vero
661 2892 737 2955 de
761 2890 884 2955 Deo
924 2892 1164 2974 proprie
1193 2892 1497 2973 dicuntur,
1531 2894 1848 2955 essentiam
1884 2896 2016 2975 ejus
2048 2896 2129 2956 si-

493 2982 799 3064 gniﬁcare,
840 2992 902 3047 et
936 2982 1267 3045 secundum
1310 2993 1577 3045 naturam
1613 2983 1752 3058 dici,
1783 2994 1841 3046 et
1870 2985 2026 3047 dicta
2055 2985 2130 3047 de

493 3070 782 3134 creaturis
802 3071 998 3150 quoad
1022 3089 1149 3135 rem
1172 3072 1589 3154 signiﬁcatam,
1616 3090 1735 3135 non
1765 3074 2002 3155 proprie
2024 3074 2130 3136 sed

493 3160 867 3243 perabusum
881 3160 1075 3235 verbi,
1097 3169 1154 3224 et
1172 3177 1279 3242 per
1299 3161 1692 3226 imitationem
1714 3172 1773 3226 et
1789 3164 2129 3227 similitudi-

492 3269 632 3314 nem
673 3251 991 3334 quamdam
1035 3251 1401 3331 analogicam
1450 3251 1570 3314 dici
1604 3270 1620 3317 :
1671 3260 1854 3334 atque
1886 3254 1962 3316 ita
1994 3272 2131 3332 quin

492 3348 632 3404 sunt
660 3343 1000 3404 communia
1024 3340 1147 3404 Deo
1197 3350 1257 3404 et
1303 3343 1597 3405 creaturis
1633 3344 1902 3421 nomina,
1934 3344 2128 3426 quoad

491 3449 620 3493 rem
647 3430 1035 3511 signiﬁcatam
1054 3450 1194 3494 vere
1223 3439 1285 3496 et
1313 3431 1572 3515 proprie,
1604 3433 1661 3496 id
1687 3441 1778 3497 est
1800 3434 2129 3497 essentiali-

498 3533 593 3585 ter
622 3527 681 3583 et
712 3538 820 3601 per
844 3539 911 3583 se
940 3521 1219 3584 dicuntur
1247 3522 1325 3584 de
1352 3520 1510 3599 Deo;
1558 3522 1635 3585 de
1685 3533 1958 3585 creatura
1991 3542 2128 3585 vero

493 3628 615 3672 non
647 3627 780 3672 vere
802 3628 996 3692 neque
1018 3612 1435 3693 proprie,quia
1456 3630 1577 3674 non
1607 3631 1714 3693 per
1736 3632 1801 3674 se
1826 3614 2129 3675 dicuntur:

495 3702 692 3782 quoad
708 3716 846 3762 vero
867 3699 1311 3780 impositionem
1336 3702 1670 3775 nominum,
1699 3703 1934 3782 proprie
1952 3703 2128 3777 signi-

496 3790 677 3852 ﬁcaut
702 3788 763 3851 id
793 3790 867 3851 ad
912 3790 1068 3870 quod
1119 3790 1395 3871 imposita
1441 3801 1599 3872 sunt,
1653 3792 1926 3872 imposita
1971 3792 2129 3853 enim

497 3887 637 3941 sunt
662 3878 829 3961 prius
852 3880 925 3941 ad
960 3880 1377 3957 signiﬁcandas
1402 3880 1796 3962 perfectiones
1819 3882 2131 3962 participa-

500 3979 613 4047 tas,
640 3989 789 4051 quas
820 3989 854 4033 a
881 3970 1004 4032 Deo
1031 3973 1086 4033 in
1108 3971 1396 4035 creaturis
1418 3973 1661 4034 effectus
1694 3973 2128 4052 cognoscimus,

498 4079 567 4123 ex
591 4060 829 4140 quibus,
863 4060 935 4122 ad
964 4061 1428 4143 cognoscendas,
1453 4070 1758 4143 utcunque
1790 4079 2129 4141 possumus,

500 4148 899 4230 perfectiones
919 4150 1268 4212 essentiales
1296 4151 1400 4215 Dei
1418 4151 1792 4227 deducimur,
1822 4151 1975 4214 sicut
1995 4154 2137 4213 scri-

501 4247 663 4319 ptum
695 4244 787 4303 est
818 4257 832 4303 :
866 4238 1210 4303 lnvisibilia
1240 4240 1353 4303 Dei
1378 4259 1489 4321 per
1518 4259 1585 4304 ea
1612 4259 1746 4322 quae
1776 4241 1946 4320 facta
1994 4248 2136 4307 sunt

498 4329 808 4395 intellecta
837 4332 1298 4411 conspiciuntur
1327 4331 1409 4390 77.

2145 1789 2181 1840 Β

2149 3160 2188 3212 C

2196 547 2385 610 Deum
2418 549 2617 625 dicas,
2652 550 2929 612 eumdem
2959 548 3292 623 ostendisti,
3329 565 3508 628 quem
3545 564 3652 627 per
3678 548 3824 610 reli-

2192 656 2310 717 qua
2339 640 2587 701 nomina
2611 647 2813 700 mente
2845 641 3189 719 concepisti.
3228 637 3308 700 Ex
3342 638 3433 700 his
3474 637 3651 717 igitur
3701 655 3823 699 ma-

2193 725 2477 787 nifeatum
2505 727 2567 787 ﬁt
2596 726 2755 806 quod
2790 727 2996 789 eadem
3034 727 3229 788 divina
3257 726 3496 789 nomina
3525 732 3582 786 et
3608 726 3826 787 eaedem

2193 814 2469 877 notiones
2501 825 2718 877 nostras
2748 814 2822 877 de
2854 815 2974 877 Deo
3005 816 3306 885 dicuntur,
3336 814 3680 894 nullamque
3709 814 3825 875 dif-

2193 904 2506 968 ferentiam
2542 904 2630 967 rei
2662 904 2949 985 subjectae
2976 904 3051 966 ad
3083 905 3271 967 Deum
3295 905 3479 966 relata
3501 921 3823 984 repraesen-

2193 1002 2320 1057 tant
2350 1012 2364 1057 :
2401 1003 2459 1056 et
2489 993 2647 1072 quod
2686 995 2932 1056 nomina
2965 993 3398 1075 Deitripliccm
3433 994 3656 1056 habent
3688 1012 3828 1054 cau-

2198 1102 2320 1146 sam
2354 1084 2716 1147 efﬁcientem
2756 1084 3030 1161 quidem,
3068 1092 3327 1146 mentem
3378 1083 3569 1164 ipsam
3621 1084 3830 1145 huma-

2199 1190 2361 1249 nam;
2408 1173 2752 1248 materiam,
2810 1173 2914 1235 illa
2971 1173 3129 1235 unde
3187 1172 3573 1252 colliguntur,
3631 1173 3691 1234 id
3750 1181 3837 1235 est

2199 1261 2454 1337 effecta;
2488 1263 2667 1324 ﬁnem
2702 1265 2891 1326 Deum
2928 1263 3001 1324 ad
3044 1280 3218 1344 quem
3251 1263 3617 1327 referuntur.

2712 1367 3195 1433 OBSERVATIO
3233 1369 3333 1432 Xl.

2195 1471 2250 1528 S,
2289 1466 2582 1531 Dionysius
2621 1471 2835 1531 primus
2902 1472 3103 1519 auctar
3154 1468 3424 1531 iheologtz
3486 1468 3833 1530 scholasticae,

2263 1543 2549 1602 Principia
2573 1539 2869 1604 theologica
2908 1555 2976 1591 ea:
3009 1544 3197 1604 prima
3221 1542 3444 1604 periodo
3474 1542 3720 1605 Dionysii
3753 1542 3835 1589 (Ie—

2251 1614 2528 1676 prompta.
2592 1617 2758 1663 Omne
2827 1612 3041 1663 donum"
3095 1628 3130 1663 a
3190 1616 3302 1662 Dco
3366 1627 3494 1670 esse,
3564 1616 3835 1663 desursum

2266 1698 2391 1744 (sse,
2431 1698 2467 1735 a
2507 1688 2682 1734 Patre
2736 1685 3024 1735 luminum.
3080 1688 3323 1746 Spiritus
3369 1689 3591 1735 sanctus
3642 1687 3840 1734 dearum

2267 1759 2475 1807 Patris.
2522 1759 2633 1806 Cur
2689 1760 2865 1807 Pater
2906 1755 3174 1807 luminum.
3232 1757 3427 1807 dictus.
3481 1761 3699 1807 Putrem
3742 1771 3843 1808 esse

2266 1831 2601 1892 principium
2653 1830 3084 1879 emanationum.
3124 1832 3335 1880 Bonum
3372 1832 3456 1877 sui
3506 1830 3836 1891 dijfustc‘um.

2267 1905 2412 1952 Deus
2452 1902 2638 1952 omnia
2685 1904 2826 1951 facit
2857 1902 2920 1951 ob
2950 1902 3268 1952 bonitatem.
3307 1904 3503 1951 Gratia
3537 1915 3649 1951 non
3677 1902 3841 1953 datur

2267 1987 2336 2025 ea:
2375 1976 2605 2024 meritis.
2662 1974 2985 2024 Immcdlate
3048 1976 3125 2023 est
3177 1986 3212 2023 a
3268 1977 3396 2023 Deo.
3462 1974 3692 2025 Unicndi
3740 1978 3841 2026 vim

2268 2045 2444 2097 habet.
2492 2047 2774 2097 Hominem
2798 2046 2972 2096 elevat
3009 2058 3177 2109 supra
3203 2048 3409 2096 statum
3439 2048 3678 2096 naturae.
3706 2049 3844 2096 Deus

2267 2120 2508 2168 omnium
2527 2120 2870 2180 principium
2898 2120 2949 2167 et
2963 2117 3123 2181 ﬁnis.

2287 2196 2613 2262 Observata
2664 2218 2901 2280 quoque
2950 2198 3367 2279 dignissimum
3423 2200 3723 2280 quomodo
3781 2201 3841 2264 S.

2204 2287 2520 2370 Dionysius
2564 2288 2795 2369 primus
2846 2289 3213 2350 scholasttcte
3266 2289 3577 2368 theologia:
3627 2290 3845 2370 jeccrit

2205 2377 2621 2455 fundamenta,
2651 2376 2865 2458 quibus
2889 2376 3088 2440 caeteri
3108 2378 3391 2457 deinceps
3417 2379 3699 2459 theologi,
3720 2400 3841 2442 eam

2208 2485 2342 2548 quae
2370 2467 2444 2528 de
2472 2466 2594 2528 Deo
2627 2467 2927 2547 rebusque
2962 2466 3179 2528 divinis
3228 2468 3287 2527 in
3322 2468 3543 2530 scholis
3575 2470 3841 2545 traditur,

2209 2556 2540 2618 doctrinam
2559 2576 2797 2617 omnem
2821 2556 3277 2619 inaedificarunt.
3309 2558 3595 2637 Exemplo
3620 2561 3698 2621 sit
3726 2579 3845 2638 pro-

2210 2646 2433 2711 ximum
2449 2647 2604 2729 quod
2630 2646 2893 2708 occurrit
2916 2646 3125 2727 capitis
3155 2646 3356 2727 primi.
3382 2648 3467 2709 De
3487 2649 3704 2712 caeleste
3725 2650 3843 2711 hie-

2211 2739 2461 2799 rarchia
2502 2736 3015 2816 exordium,cujus
3048 2738 3294 2816 primam
3331 2739 3642 2817 periodum
3676 2740 3724 2801 si
3759 2749 3845 2801 at-

2212 2833 2373 2888 tente
2405 2826 2537 2907 quis
2564 2825 2935 2906 expenderit,
2979 2835 3117 2906 quot
3148 2828 3327 2888 verba
3356 2836 3438 2887 tot
3468 2829 3732 2909 oracula,
3760 2839 3845 2891 to-

2212 2915 2519 2998 tidemque
2544 2915 2837 2977 altissima
2857 2915 3225 2978 scholasticae
3256 2917 3541 2979 doctrina:
3564 2918 3849 2999 principia

2214 3004 2547 3067 mirabitur.
2577 3003 2677 3067 Sic
2708 3004 2926 3065 habet:
2972 3029 2990 3060 ι
3030 3012 3179 3062 Πᾶσα
3210 3005 3359 3069 δόσις
3405 3009 3601 3086 ὰγπιϐὴ,
3632 3011 3722 3066 καὶ
3756 3017 3846 3066 πᾶν

2213 3093 2435 3175 δώρημα
2476 3094 2703 3175 τέλειον,
2751 3093 2947 3150 ἄνωθέν
3006 3094 3142 3166 ἐστι,
3201 3094 3525 3153 κατιϐκϊνον
3596 3099 3706 3155 ἀπὸ
3763 3107 3847 3156 tot)

2214 3187 2418 3263 Πατρὸς
2458 3184 2565 3242 τῶν
2595 3186 2786 3265 φώτων
2816 3185 2900 3243 73.
2935 3182 3103 3241 Ἀλλᾶ
3154 3188 3241 3242 καὶ
3284 3192 3430 3243 πᾶσκ
3461 3191 3848 3266 Πλτροκινήτω

2213 3276 2576 3355 φωτόφανεὶαις
2634 3272 2853 3353 πρόοδος
2910 3275 2984 3339 εἷς
3037 3275 3194 3351 ἡμᾶς
3253 3275 3584 3353 ἆγαθοδότως
3619 3280 3849 3358 momina

2215 3364 2373 3422 πάλιν
2404 3366 2475 3429 ὣς
2504 3364 2742 3427 ἐνοποιὸς
2774 3362 2989 3440 δύναμις
3031 3365 3371 3430 ἀνατκτικῶς
3406 3365 3546 3440 ἡμᾶς
3592 3366 3845 3444 sinvat-:10“,

2214 3457 2299 3510 καὶ
2351 3454 2650 3534 ἐπιστρέφει
2700 3456 2857 3531 ’πρὸς
2914 3459 3014 3521 τὴν
3107 3466 3198 3514 τοῦ
3272 3467 3580 3532 συνπιγωγοῠ
3654 3460 3850 3533 Πατρὶς

2214 3543 2462 3619 ἐνὸτητα,
2516 3545 2602 3600 καὶ
2659 3546 2905 3601 θεοποιὶν
2954 3541 3256 3611 ἁπλότητα,
3308 3545 3411 3603 Καὶ
3465 3546 3565 3623 γὰρ
3610 3546 3663 3612 ἐξ
3706 3551 3851 3605 αὺτοῦ

2214 3634 2409 3712 πάντα,
2457 3634 2545 3689 καὶ
2576 3634 2645 3694 εἷς
2680 3632 2863 3694 αὒτόν.
2924 3656 2951 3688 ››
3008 3631 3202 3694 Omne
3252 3634 3465 3695 datum
3527 3633 3774 3715 bonum,
3803 3644 3855 3696 et

2214 3737 2387 3783 omne
2418 3721 2643 3783 donum
2664 3723 3008 3801 perfectum
3031 3722 3348 3784 desursum
3372 3727 3478 3793 est.
3500 3723 3857 3787 descendens

2216 3828 2255 3873 ιι
2288 3811 2477 3872 Patre
2507 3810 2832 3874 luminum.
2862 3812 3021 3886 ()uin
3064 3818 3123 3874 et
3168 3813 3363 3874 omnis
3394 3830 3432 3874 a
3465 3812 3656 3876 Patre
3684 3822 3855 3876 mota:

2218 3897 2586 3962 illustration
2598 3901 2649 3961 is
2669 3905 3004 3971 emanutio,
3029 3902 3093 3963 in
3118 3919 3228 3963 nos
3254 3900 3506 3981 beneﬁce
3518 3903 3853 3977 exundans;

2217 3989 2417 4051 denuo
2452 4008 2563 4052 ceu
2602 3990 2829 4070 uniﬁca
2874 3993 2991 4063 vis,
3026 3992 3107 4053 ad
3150 4008 3375 4070 supera
3424 4009 3532 4054 nos
3570 3994 3854 4073 erigenda

2217 4078 2584 4157 simpli/ient,
2623 4089 2679 4143 et
2710 4081 3006 4142 convertit
3048 4081 3128 4143 ad
3170 4081 3598 4162 congregantis
3652 4083 3856 4145 Patris

2216 4168 2476 4224 unitatem
2500 4173 2549 4227 et
2572 4169 2823 4241 dei/leam
2847 4169 3252 4242 simplicitatem.
3286 4170 3555 4237 Quoniam
3581 4187 3648 4226 ea:
3678 4171 3788 4243 ipso
3814 4173 3860 4225 et

2218 4258 2275 4313 in
2307 4259 2485 4332 ipsum
2512 4266 2636 4316 sunt
2663 4260 2864 4317 omnia.
2898 4260 3046 4317 Ecce
3070 4267 3211 4331 quot
3238 4260 3427 4317 brevis
3448 4261 3570 4318 hinc
3593 4261 3860 4331 periodus

2222 4347 2667 4411 sublimissimaa
2702 4349 3019 4427 theologia
3047 4350 3337 4431 principia
3368 4349 3820 4430 complectatur.

536 4451 730 4501 Omnia
766 4452 863 4500 Dei
894 4451 1133 4527 nomina
1155 4451 1287 4527 quid
1320 4464 1490 4527 unum
1523 4455 1574 4501 et
1609 4450 1744 4501 idem
1785 4452 2099 4516 signiﬁcant
2160 4475 2203 4527 ο
2304 4438 2531 4513 Primo,
2563 4439 2782 4501 bonum
2815 4457 2991 4501 omne
3023 4458 3057 4499 a
3085 4438 3206 4501 Deo
3255 4439 3455 4500 datum
3499 4457 3670 4516 esse;
3706 4436 3859 4520 quod

1060 4524 1134 4574 ad
1172 4520 1341 4574 Deum
1376 4524 1573 4574 relata.

583 4619 1032 4685 Observandum
1065 4621 1162 4684 hic
1198 4640 1331 4683 cum
1366 4621 1767 4704 Cyparissiota
1798 4622 2020 4686 Decad.
2055 4640 2137 4699 1v,

502 4729 633 4793 cap.
667 4711 730 4786 7,
760 4711 915 4792 quod
948 4709 1099 4773 sicut
1129 4711 1329 4773 divina
1359 4710 1602 4773 nomina
1627 4731 1697 4772 ex
1729 4711 1958 4775 effectis
1979 4731 2129 4773 sum-

503 4809 630 4881 pta,
657 4799 1051 4861 differentiam
1078 4799 1492 4881 operationum
1525 4800 2052 4880 repmscntantsic
2068 4800 2140 4863 ad

503 4889 693 4951 Deum
720 4888 928 4971 relata,
961 4889 1228 4951 diversas
1257 4907 1353 4951 res
1380 4897 1820 4969 repraesentare
1851 4908 1968 4950 non
2000 4909 2137 4970 pos-

504 4979 647 5041 sint.
673 4977 823 5041 Ilinc
849 4997 1096 5060 magnus
1120 4978 1373 5041 Basilius
1405 4977 1465 5038 in
1514 4977 1747 5059 epistol.
1803 4978 1873 5039 ad
1923 4978 2140 5041 Eusta-

504 5070 735 5132 chium:
759 5067 1006 5149 Omnes,
1042 5068 1255 5149 inquit,
1290 5069 1584 5144 notiones,
1629 5074 1685 5130 et
1728 5070 1977 5130 nomina
2008 5088 2143 5151 quae

2225 4528 2538 4608 designant
2566 4529 2770 4610 verba,
2796 4536 2942 4586 [15m
2965 4528 3105 4594 δόσὶς
3149 4529 3345 4608 ἀγαθή.
3379 4527 3460 4589 Ex
3496 4547 3613 4608 quo
3643 4527 3860 4610 princi-

2226 4619 2322 4700 pio
2350 4622 2413 4684 S.
2447 4617 2708 4680 Thomas
2739 4638 2796 4699 p.
2829 4636 2869 4692 ι,
2902 4638 3001 4700 qu.
3052 4621 3114 4700 4,
3161 4620 3221 4691 5,
3273 4618 3333 4693 6,
3389 4616 3675 4698 plurimas
3707 4617 3863 4680 elicit

2224 4708 2659 4783 conclusiones,
2694 4707 2859 4770 verbi
2909 4708 3116 4788 gratia,
3172 4710 3359 4770 Deum
3404 4725 3535 4768 esse
3565 4724 3859 4768 summum

2226 4798 2701 4879 bonum,rerum
2759 4799 3028 4859 omnium
3082 4797 3478 4877 perfectiones
3527 4796 3864 4859 eminenter

2225 4889 2552 4966 continere,
2590 4896 2899 4950 creaturas
2929 4888 3060 4969 ejus
3094 4886 3548 4968 participatione
3593 4905 3660 4947 ac
3690 4885 3862 4947 simi-

2223 4977 2477 5041 litudine
2502 4976 2690 5038 bonas
2721 4995 2876 5049 esse,
2912 4986 3032 5041 etc.

2308 5065 2610 5141 Secundo,
2636 5085 2815 5128 omne
2853 5067 3072 5128 donum
3119 5063 3451 5147 perlectum
3498 5084 3689 5129 essea
3717 5065 3861 5144 Deo,

503 5159 699 5223 Deum
723 5158 953 5233 decent,
988 5160 1248 5238 (aqualis
1271 5163 1431 5219 inter
1452 5174 1517 5219 se
1532 5156 1777 5219 honoris
1794 5167 1957 5227 sunt,
1988 5177 2125 5239 qua-

2226 5160 2313 5215 καὶ
2342 5164 2418 5214 πᾶ
2459 5155 2684 5237 δώρημα
2713 5156 2936 5236 τέλειον,
2987 5156 3215 5226 scilicet
3259 5166 3322 5219 ut
3354 5156 3647 5238 principio
3680 5156 3862 5217 effec-

508 5257 681 5313 tenus
702 5249 1148 5330 signiﬁcatione
1177 5249 1273 5310 rei
1303 5245 1585 5327 subjecta:
1624 5246 1781 5309 nihil
1825 5248 2142 5327 (ti/ferunt.

2231 5248 2369 5323 tivo,
2404 5245 2749 5326 exemplari,
2785 5254 2842 5309 et
2874 5245 3034 5308 ﬁnali
3069 5267 3084 5311 :
3126 5265 3182 5325 p.
3219 5263 3259 5324 f,
3303 5266 3403 5326 qu.
3439 5246 3503 5325 6,
3532 5253 3642 5306 art.
3696 5250 3758 5321 Δ,
3809 5249 3865 5304 et

507 5338 637 5403 Non
663 5340 823 5400 enim
855 5339 935 5399 ad
964 5337 1154 5399 aliam
1187 5353 1315 5399 rem
1338 5337 1659 5413 subjectum
1690 5345 1948 5399 mentem
1983 5338 2149 5400 ducit
2229 5337 2367 5405 2-2,
2403 5354 2463 5417 q.
2497 5334 2557 5417 3,
2588 5345 2705 5411 art,
2736 5333 2776 5397 ἓ
2804 5335 2877 5397 ad
2914 5338 2938 5397 1
2975 5356 2990 5410 ;
3026 5354 3085 5417 q.
3121 5337 3223 5401 Ἦ.
3251 5348 3365 5398 art.
3399 5337 3459 5411 3,
3494 5334 3554 5396 in
3587 5351 3861 5416 corpore.

507 5427 838 5511 appellatio
870 5427 1032 5507 boni,
1058 5435 1109 5489 et
1143 5427 1220 5489 ad
1249 5426 1436 5488 aliam
1464 5426 1799 5505 appellatio
1831 5429 2145 5507 sapientis,
2231 5425 2381 5489 Vide
2411 5427 2553 5487 item
2589 5427 2660 5488 D.
2692 5425 2983 5488 Thomam
3018 5444 3077 5506 p.
3111 5444 3154 5502 ι,
3187 5446 3248 5508 q.
3282 5425 3381 5504 38,
3418 5434 3476 5487 et
3509 5430 3627 5500 t-2,
3662 5443 3722 5505 q.
3762 5420 3863 5503 68,

506 5528 561 5581 et
583 5519 873 5601 potentis,
901 5526 958 5580 et
973 5518 1152 5597 justi.
1180 5516 1344 5594 Quin
1370 5515 1597 5597 potius,
1622 5532 2008 5598 quaecumque
2034 5535 2148 5580 no-
2234 5513 2338 5579 ubi
2370 5513 2628 5597 disputat
2658 5514 2733 5576 de
2765 5514 2998 5578 ratione
3028 5513 3194 5581 doni.

588 5677 651 5731 ⁷7
677 5677 853 5746 Rom.
884 5695 929 5743 ι.
974 5679 1040 5731 78
1061 5676 1191 5744 Jac.
1220 5693 1264 5753 ι,
1294 5678 1396 5740 t'i.
