4044 6152
277 306 382 378 101

1688 302 2276 380 PROLEGOMENA.

3557 312 3671 391 109

281 449 470 513 ritalis
492 458 680 533 atque
701 449 1543 533 operatioimpermistaatque
1566 452 1940 514 immaculata
1961 460 1995 506 Α
2021 448 2360 513 adhibenda
2391 461 2482 514 est
2505 453 2665 532 jugis
2698 454 3092 529 mortiﬁcatio,
3155 464 3218 516 ut
3275 459 3406 540 quis
3465 480 3666 527 exsors

291 544 545 621 puritate
564 541 1053 622 resplendeus,et
1073 548 1389 622 conspicax
1415 541 1751 603 divinarum
1777 539 1945 600 intel-

288 631 849 712 ligentiarum,quae
875 649 978 707 per
1002 630 1312 714 divisionis
1334 650 1401 693 ac
1425 632 1686 693 materia:
1729 649 1946 691 caren—

287 722 456 797 tiam,
491 721 776 783 deiformi
803 721 1024 782 unitate
1050 721 1119 780 ad
1150 721 1405 782 divinam
1432 732 1489 782 et
1515 721 1822 802 plusquam
1845 738 1943 780 sa-

287 810 550 891 pientem
571 819 835 871 mentem
860 829 927 870 ac
948 810 1242 871 rationem
1269 810 1550 872 divinitus
1573 811 1941 872 et‘formatur.

285 899 436 962 Hinc
469 899 696 980 mystici
729 899 992 977 theologi
1042 899 1156 961 hoc
1189 918 1427 980 quoque
1459 916 1692 962 sacrum
1730 917 1945 960 munus

285 991 581 1064 referunt,
599 989 832 1070 utquod
857 990 1192 1050 divinorum
1219 989 1484 1052 omnium
1509 989 1944 1052 divinissimum

287 1087 406 1160 est,
438 1084 499 1140 in
532 1078 723 1141 salute
753 1097 822 1141 ac
855 1078 1220 1159 perfeCtione
1281 1083 1689 1160 proximorum
1725 1097 1939 1159 procu-

287 1169 505 1249 randa,
538 1168 738 1230 divino
766 1186 1010 1248 prorsus
1041 1176 1100 1230 et
1148 1169 1529 1231 eminentiori
1557 1188 1679 1250 prae
1716 1167 1946 1236 caeteris

290 1260 476 1321 modo
499 1256 933 1340 ipsiusmetDei
951 1267 1370 1338 cooperatores
1385 1259 1663 1340 existant;
1684 1276 1799 1319 non
1814 1276 1946 1319 om-

291 1348 438 1410 nino
469 1347 678 1410 dissita
702 1346 776 1409 ab
806 1346 1016 1409 ordine
1050 1347 1276 1411 caelesti
1301 1347 1503 1411 insinu
1549 1355 1705 1410 tione
1727 1346 1788 1408 in
1809 1346 1945 1408 ani-

290 1457 426 1501 mos
463 1438 770 1500 hominum
804 1437 1130 1518 inﬂuendo,
1167 1445 1225 1499 et
1248 1456 1282 1498 ει
1311 1437 1615 1518 quibusvis
1643 1436 1802 1499 vitiis
1849 1443 1946 1498 at-

290 1548 412 1610 que
447 1526 1001 1610 imperfectionibus
1042 1529 1115 1589 ad
1148 1545 1390 1590 omnem
1419 1529 1696 1592 virtutem
1733 1534 1790 1588 et
1821 1524 1952 1588 vita;

290 1620 677 1699 sanctitatem
706 1616 1095 1683 traducendo.

945 1743 1196 1807 CAPUT
1231 1745 1305 1806 V.

370 1861 634 1930 Quanam
657 1860 1119 1936 prterequirantur
1135 1860 1205 1916 ad
1232 1861 1512 1933 mysticam
1541 1858 1876 1932 theologiam.

379 1981 475 2043 Ad
500 1981 654 2042 hanc
679 1977 1115 2057 theologiam93
1130 1976 1479 2057 cumprimis
1505 1973 1957 2057 prazrequiritur

294 2079 485 2134 status
513 2069 750 2150 quidam
783 2067 1248 2149 supernaturalis
1293 2067 1406 2147 ipsi
1442 2067 1949 2148 proportionatus,

296 2162 560 2243 quicum
583 2158 662 2221 sit
684 2158 855 2239 quasi
885 2159 1150 2238 quzedam
1187 2158 1370 2218 altera
1426 2157 1694 2218 nativitas
1728 2155 1950 2235 divina,

297 2267 605 2330 nunquam
638 2267 781 2310 sane
811 2247 1196 2328 intellexerit,
1232 2248 1453 2308 nedum
1487 2247 1742 2326 gesserit
1772 2244 1953 2326 quid-

301 2343 464 2424 piam
496 2339 829 2401 secundum
855 2339 1158 2418 mysticam
1195 2337 1576 2415 theOIOgiam,
1613 2336 1707 2397 cui
1732 2355 1804 2397 ne
1830 2337 1957 2416 ipse

299 2432 548 2513 quidem
583 2437 772 2491 status
803 2428 900 2490 hic
934 2428 1222 2490 divinitus
1252 2428 1484 2490 amatus
1513 2433 1606 2488 sit.
1634 2425 1866 2489 Etenim
1901 2435 1960 2486 et

300 2520 484 2584 nobis
513 2519 799 2598 (humano
823 2517 1111 2594 loquendi
1141 2518 1339 2598 modo)
1365 2517 1679 2580 cxistentia
1704 2517 1958 2596 primum

301 2629 460 2691 opus
482 2618 595 2689 est,
626 2618 688 2670 ut
720 2609 1006 2688 deinceps
1029 2627 1164 2687 quae
1187 2608 1370 2668 nostri
1404 2607 1512 2667 fori
1545 2615 1701 2686 sunt,
1739 2613 1961 2668 tracte-

301 2718 464 2774 mus,
499 2718 635 2759 cum
671 2697 728 2759 id
762 2697 916 2778 quod
957 2698 1117 2759 nullo
1153 2697 1328 2759 modo
1363 2696 1590 2770 existit,
1627 2714 1819 2777 neque
1839 2715 1964 2756 ino-

299 2794 533 2851 tionem
570 2806 766 2868 neque
794 2787 1186 2848 substantiam
1216 2788 1460 2847 omnino
1509 2785 1764 2866 habeat;
1801 2785 1960 2863 quod

297 2886 506 2941 autem
544 2896 782 2959 quoquo
816 2885 983 2957 pacto
1030 2885 1142 2950 est,
1177 2895 1246 2937 ea
1305 2877 1545 2937 demum
1609 2884 1666 2936 et
1722 2886 1853 2953 agat
1909 2884 1965 2935 et

299 2968 586 3047 patiatur,
625 2985 758 3047 quae
786 2977 1020 3027 naturae
1053 2975 1356 3045 statusque
1395 2974 1531 3027 sunt
1553 2968 1668 3026 sui.
1702 2965 1965 3026 Dicimus

300 3059 508 3138 itaque
527 3055 786 3118 assiduis
801 3055 871 3116 ad
891 3054 1081 3116 Deum
1098 3056 1462 3116 connitendo
1479 3053 1966 3140 aspirationibus,

301 3154 487 3227 atque
519 3143 808 3206 totalibus
838 3144 1271 3206 contrariorum
1317 3143 1879 3206 mortiﬁcationibus
1913 3150 1969 3204 et

2033 540 2134 600 ﬁat
2165 549 2220 601 et
2249 560 2467 620 expers
2499 543 2763 602 omnium
2811 544 3226 608 uniformitatis
3285 551 3662 616 divisionum.

2031 628 2351 709 Propterea
2381 631 2489 694 viri
2520 631 2731 711 sancti,
2765 632 3096 694 divinorum
3133 643 3551 706 communione
3581 647 3672 705 αἱ-

2029 721 2212 796 gnati,
2247 721 2388 781 dum
2411 740 2515 800 pro
2543 740 2817 783 mensura
2840 723 3272 797 gratiaedivinw
3301 729 3410 791 sibi
3443 735 3670 797 collata;

2029 809 2102 902 ad
2135 809 2547 902 deiformitatis
2572 822 2628 872 et
2663 813 2920 892 mysticae
2943 815 3179 876 uninnis
3207 817 3502 898 fastigium
3530 843 3669 902 per-

2030 901 2353 958 lectissimis
2387 902 2821 973 perfectivisque
2852 903 3309 964 deiﬁcationibus
3333 901 3668 981 evehuntur,

2031 1008 2101 1051 ea
2132 1009 2262 1070 quae
2291 994 2486 1054 carnis
2516 1001 2653 1052 sunt
2686 991 2932 1054 minime
2980 1009 3190 1055 curant
3243 998 3392 1062 citra
3452 1013 3674 1066 naturae

2032 1086 2472 1175 necessitatem,
2507 1081 2712 1162 idque,
2749 1090 2924 1175 prout
2953 1103 3093 1145 usus
3117 1085 3472 1164 fertobiter;
3501 1101 3673 1175 atque

2029 1170 2144 1232 hoc
2176 1170 2352 1232 modo
2385 1174 2560 1233 etiam
2594 1190 2844 1251 corpora
2867 1172 3102 1234 illorum
3136 1194 3239 1254 per
3261 1170 3674 1244 mortiﬁcatio-

2031 1278 2167 1321 nem
2190 1260 2629 1340 quodammodo
2653 1258 3162 1340 spiritualizata,in
3183 1269 3424 1347 mystica
3442 1272 3681 1336 deiﬁca-

2031 1350 2194 1412 tione
2212 1351 2500 1442 templum
2529 1352 2678 1442 ﬁunt
2700 1350 2960 1442 Spiritus
2981 1353 3590 1442 divino-principalis,
3619 1365 3678 1426 in

2034 1458 2151 1521 quo
2176 1440 2373 1502 simile
2397 1441 2455 1501 in
2480 1441 2659 1503 simili
2687 1441 2966 1503 fundatur
2984 1461 3054 1505 ac
3083 1440 3429 1514 collocatur.

2066 1619 2177 1685 Qua
2212 1619 2417 1677 ratione
2441 1620 2513 1678 ad
2541 1623 2818 1693 mysticam
2845 1621 3163 1696 theologiam
3189 1628 3532 1687 accedendum
3560 1634 3650 1693 sit.

2118 1700 2456 1766 Obstaculis
2487 1711 2546 1765 et
2572 1703 3019 1783 impedimentis
3053 1725 3158 1786 per
3208 1711 3680 1776 mortiﬁcationis

2041 1792 2386 1853 exercitium
2403 1791 3084 1865 sublatis,adhibendum
3111 1806 3198 1860 est
3217 1799 3390 1861 etiam
3416 1804 3680 1866 studium

1979 1880 2016 1929 Β
2041 1881 2636 1962 orationis,exemplo
2660 1882 2922 1964 Dionysii
2948 1886 3248 1965 mysticam
3273 1891 3623 1969 theologiam
3650 1912 3684 1954 a

2040 1972 2428 2034 sanctissima;
2485 1971 2794 2035 Trinitatis
2855 1975 3227 2039 invocatione
3286 1981 3679 2060 auspicantis.

2040 2063 2292 2142 Oportet
2316 2064 2497 2142 igitur
2521 2082 2627 2125 nos
2649 2063 2900 2144 primum
2929 2068 3294 2131 orationibus
3316 2070 3386 2132 ad
3416 2071 3601 2134 Deum
3633 2074 3678 2150 ί,

2042 2160 2319 2233 tanquam
2345 2154 2415 2214 ad
2445 2154 3036 2235 mystictetheologiae
3060 2158 3417 2238 principium
3441 2161 3679 2234 adduci,

2040 2259 2110 2304 ac
2124 2241 2342 2304 deinde
2359 2245 2545 2322 magis
2566 2244 2676 2324 ipsi
2702 2245 3440 2325 propinquantes,edoceri
3465 2255 3686 2332 optima

2041 2351 2290 2414 quaeque
2313 2352 2582 2409 munera,
2615 2353 2748 2414 qua;
2770 2337 3165 2416 penesipsnm
3196 2348 3334 2400 sunt
3374 2342 3683 2406 collocata.

2044 2421 2186 2483 Nam
2208 2424 2336 2501 ipse
2361 2425 2603 2501 quidem
2631 2442 2891 2504 praesens
2910 2426 3080 2487 adest
3104 2429 3404 2506 omnibus,
3441 2450 3556 2492 non
3584 2451 3689 2494 au-

2048 2521 2165 2572 tem
2195 2513 2279 2573 illi
2302 2513 2519 2575 adsunt
2541 2514 2762 2592 omnia;
2791 2515 2893 2576 sed
2919 2534 3054 2575 cum
3079 2535 3211 2578 eum
3239 2519 3457 2581 sanctis
3481 2540 3685 2601 preca-

2047 2601 2330 2677 tionibus,
2365 2612 2424 2664 et
2456 2612 2652 2664 mente
2691 2605 3029 2684 tranquilla,
3064 2616 3122 2666 et
3143 2606 3216 2668 ad
3241 2607 3497 2671 divinam
3521 2613 3689 2672 unio-

2048 2709 2185 2752 nem
2217 2691 2662 2753 accommodata
2692 2693 3107 2773 deprecamur,
3145 2703 3263 2756 tum
3296 2697 3536 2760 demum
3583 2719 3690 2761 nos

2049 2783 2225 2842 etiam
2260 2781 2314 2842 ei
2350 2789 2672 2862 prmsentes
2700 2800 2930 2843 sumus.
2966 2784 3095 2863 Ipse
3126 2785 3284 2845 enim
3331 2805 3439 2849 nec
3470 2789 3529 2849 in
3563 2789 3690 2851 loco

2051 2870 2130 2931 ita
2161 2879 2251 2932 est
2283 2879 2343 2932 ut
2365 2889 2614 2953 usquam
2636 2872 2813 2951 absit,
2843 2872 2930 2933 vel
2955 2890 3023 2934 ex
3056 2873 3185 2934 aliis
3214 2875 3283 2936 ad
3317 2875 3429 2938 alia
3457 2880 3687 2957 migret.

2051 2960 2204 3032 Quin
2237 2965 2356 3020 imo
2388 2960 2609 3035 dicere,
2643 2967 2700 3021 in
2725 2962 3214 3043 omnibusipsum
3243 2969 3559 3048 esse,quod
3582 2969 3693 3029 mi-

2056 3069 2166 3110 nus
2199 3059 2288 3110 est
2317 3050 2446 3129 ejus
2471 3050 2783 3126 inﬁnitate,
2811 3071 2943 3131 quas
2991 3061 3046 3113 et
3071 3055 3307 3116 excedit
3348 3065 3405 3117 et
3437 3059 3700 3120 continet

2054 3142 2486 3202 universa.Nos
2512 3141 2670 3221 ipsos
2690 3142 2889 3217 itaque
2905 3143 3270 3204 orationibus
3291 3145 3362 3206 ad
3387 3164 3453 3208 su
3465 3147 3666 3209 blimio
3681 3183 3699 3195 -

303 3234 1035 3299 abolitionibushomines
1049 3232 1972 3314 spiritalesstatushujusdeit‘or-
1991 3244 2030 3296 C
2055 3245 2172 3288 rem
2191 3230 2517 3288 divinorum
2551 3232 3045 3304 benignorumque
3073 3235 3362 3292 radiorum
3382 3242 3699 3298 contuitum

306 3326 426 3387 mis
449 3323 940 3385 immutabilitate
965 3324 1170 3404 potiri.
1198 3324 1329 3386 Non
1355 3323 1513 3385 enim
1538 3323 1610 3384 ab
1639 3323 1801 3384 omni
1826 3322 1972 3382 dun—

307 3424 476 3478 taxat
496 3414 723 3476 malitia
739 3414 885 3493 ipsis
899 3414 1304 3475 recedendum
1324 3413 1537 3480 est,sed
1556 3411 1970 3474 obdurandum

304 3504 598 3585 viriliter,
628 3513 686 3566 et
714 3505 1123 3583 imperterrite
1147 3521 1388 3584 semper
1420 3502 1829 3564 obsistendum
1861 3500 1972 3580 ipsi

309 3595 509 3657 noxiae
539 3593 880 3656 remissioni
917 3613 933 3669 ;
966 3612 1076 3655 nec
1097 3613 1131 3655 a
1153 3611 1322 3654 sacro
1371 3602 1459 3654 est
1483 3610 1743 3672 unquam
1768 3608 1974 3652 amore

309 3684 791 3759 cessandum,ast
813 3682 1192 3745 continenter
1208 3701 1276 3745 ac
1307 3692 1595 3764 perpetuo
1622 3701 1728 3763 pro
1751 3679 1976 3744 viribus

311 3775 368 3837 ei
403 3773 832 3848 insistendum,
855 3773 929 3835 ad
949 3772 1376 3854 perfectionem
1401 3772 1583 3833 divini
1611 3773 1977 3852 principatus

310 3863 802 3926 sublimationem
817 3870 1020 3924 sancte
1033 3881 1277 3943 semper
1291 3862 1522 3941 negotia
1535 3880 1640 3922 sua
1659 3860 1974 3940 dirigenda

311 3951 522 4033 Neque
548 3953 708 4014 enim
732 3953 793 4002 99
814 3952 900 4014 fas
922 3962 1011 4014 est
1035 3951 1297 4032 mysticis
1323 3950 1609 4031 theologis
1649 3951 1969 4031 quidquam

313 4040 747 4123 Operaripyuod
774 4041 988 4102 divinis
1011 4040 1505 4118 instiirationibus
1534 4040 1623 4102 vel
1658 4039 1970 4100 minimum

308 4138 630 4213 repugnet,
667 4131 787 4193 imo
821 4149 931 4192 nec
962 4130 1173 4194 iisdem
1217 4131 1568 4202 dsssentire,
1614 4129 1664 4190 si
1707 4128 1970 4189 divinam

309 4229 599 4302 appetant
631 4221 988 4300 claritatem,
1011 4229 1071 4282 et
1092 4219 1165 4281 ad
1191 4220 1342 4282 hanc
1371 4227 1599 4299 sancte,
1633 4227 1694 4279 ut
1728 4236 1831 4299 par
1857 4222 1971 4299 est,

311 4311 821 4392 aSpirentJtaque
845 4309 1114 4391 perfecta
1139 4309 1230 4370 sui
1260 4309 1450 4391 ipsius
1479 4308 1856 4371 abdicatione
1883 4307 1977 4358 109

2058 3320 3024 3399 comparemus.Quemadmodum
3043 3329 3089 3384 si
3108 3324 3534 3388 Iucidissimam
3550 3338 3702 3390 cate-

2058 3429 2195 3473 nam
2214 3429 2495 3472 esummo
2511 3411 2659 3472 cmlo
2685 3415 3253 3490 suspensam,ethuc
3274 3435 3463 3492 usque
3484 3417 3703 3480 demis-

2058 3500 2490 3575 sam,manibus
2514 3500 2761 3562 alternis
2784 3501 2842 3561 in
2867 3502 3167 3564 anteriora
3183 3507 3475 3584 protensis
3506 3510 3701 3570 conti-

2063 3599 2276 3652 nenter
2297 3590 3030 3671 arriperemus,attrahere
3053 3593 3295 3675 quidem
3320 3598 3506 3675 ipsam
3529 3598 3702 3660 vide-

2059 3698 2360 3760 remur,re
2387 3689 2581 3742 autem
2603 3698 2744 3742 vera
2765 3701 2881 3742 non
2907 3683 3065 3744 illam
3100 3683 3215 3763 ipsi
3243 3684 3702 3770 deduceremus,

2062 3780 2123 3831 ut
2144 3789 2276 3851 quae
2299 3788 2560 3851 superne
2585 3782 2641 3833 et
2685 3771 2919 3832 inferne
2942 3789 3202 3851 praesens
3225 3784 3400 3855 esset,
3426 3776 3531 3838 sed
3553 3778 3697 3856 ipsi-

2061 3869 2181 3922 met
2208 3866 2390 3940 magis
2410 3860 2482 3922 ad
2507 3860 2888 3922 sublimiores
2920 3861 3214 3924 radiorum
3234 3863 3549 3926 illustrium
3580 3865 3697 3928 ful-

2059 3966 2232 4028 gores
2255 3951 2673 4013 eveheremur.
2727 3952 2848 4012 Aut
2899 3951 3048 4011 sicut
3071 3951 3122 4012 si
3173 3953 3367 4014 navim
3424 3953 3700 4033 ingressi,

2056 4039 2339 4101 rudentes
2361 4058 2430 4101 ex
2457 4048 2619 4120 petra
2641 4041 2892 4120 quadam
2919 4041 2991 4101 ad
3017 4059 3124 4102 nos
3171 4060 3356 4123 usque
3399 4053 3705 4122 porrectos

2056 4128 2261 4190 auxilii
2291 4147 2469 4190 causa
2503 4137 2870 4204 teneremus,
2906 4149 3025 4190 non
3059 4132 3133 4191 od
3172 4149 3278 4192 nos
3311 4145 3566 4214 petram,
3603 4135 3706 4196 sed

2059 4220 2339 4299 nosipsos
2354 4236 2559 4280 revera
2577 4219 2890 4300 navimque
2904 4219 2974 4282 ad
2995 4231 3218 4300 petram
3237 4223 3707 4289 traduceremus.

2141 4308 2514 4388 Quapropter
2543 4316 2678 4368 ante
2722 4308 2945 4384 omnia,
2985 4310 3314 4389 praesertim
3355 4312 3415 4370 in
3455 4323 3711 4393 mystyca

308 4418 380 4463 ac
401 4400 692 4463 continua
718 4400 780 4461 in
807 4399 990 4461 rebus
1012 4398 1293 4461 omnibus
1318 4397 1774 4461 mortiﬁcatione
1824 4416 1974 4478 Opus
2000 4397 2382 4491 Dtheologia,
2417 4397 2488 4458 ab
2523 4397 2794 4459 oratione
2824 4397 3252 4478 auspicandum
3314 4411 3403 4462 est
3433 4424 3445 4461 :
3480 4421 3598 4463 non
3650 4413 3711 4464 ut

312 4502 450 4566 est;
481 4490 716 4572 quando
739 4490 982 4570 quidem
1009 4497 1282 4551 naturam
1311 4488 1629 4552 humanam
1653 4487 1798 4550 vitio
1833 4505 1974 4566 pro-
2000 4487 2031 4491 ⁷
2061 4487 2276 4558 ubique
2295 4495 2350 4545 et
2386 4501 2674 4560 nusquam
2691 4495 3024 4558 prasentem
3048 4488 3311 4548 virtutem
3333 4493 3709 4559 attrahamus,
3761 4493 3773 4501 ’

311 4581 559 4661 toplasti
587 4580 804 4643 divinis
826 4579 1002 4642 bonis
1050 4579 1386 4660 spoliatam,
1431 4580 1548 4640 vita
1599 4577 1978 4659 passionibus
2060 4575 3710 4652 sed,utdiviniscommemoratiouibusinvocationibus-

313 4669 578 4734 obnoxia
611 4669 872 4752 excepit,
909 4676 968 4731 et
999 4677 1440 4751 consequenter
1483 4669 1660 4730 homo
1693 4686 1726 4729 a
1779 4665 1979 4728 divina
2061 4684 2176 4746 que
2198 4685 2305 4728 nos
2336 4666 2499 4746 ipsos
2530 4666 2616 4728 illi
2650 4666 3130 4749 dedamusatque
3159 4671 3709 4735 uniamus.Etenim

315 4759 532 4841 gratia,
562 4778 692 4841 quae
716 4761 916 4841 ipsum
945 4759 1020 4821 ad
1044 4777 1262 4841 supera
1290 4758 1655 4838 subrigebat,
1683 4756 1970 4838 dilapsus,
2061 4757 2319 4818 essentia
2341 4756 2438 4817 illa
2455 4755 2687 4834 9,cujus
2709 4756 2914 4820 odoris
2935 4759 3188 4820 suavitas
3212 4769 3473 4822 mente'n
3523 4779 3710 4844 supe-

318 4858 379 4914 et
399 4849 475 4912 ad
503 4857 776 4913 extrema
796 4849 1091 4913 contraria
1130 4849 1254 4929 jam
1281 4866 1543 4930 praeceps
1566 4848 1760 4909 datus.
1795 4845 1970 4908 variis
2057 4853 2171 4930 rat,
2197 4846 2269 4906 ab
2299 4845 2487 4926 igneis
2512 4846 2970 4927 purissimisque
2997 4847 3294 4911 mentibus
3312 4851 3383 4911 ad
3405 4856 3494 4912 sui
3521 4854 3713 4916 mani-

319 4940 875 5022 perturbationibus
900 4928 1226 5021 expositam
1249 4928 1460 5002 nactus
1477 4928 1571 5000 est
1602 4935 1966 4997 immutatio.
2056 4928 2442 4998 festationem
2469 4954 2576 5016 per
2606 4936 3075 4999 ferventissimas
3130 4941 3430 5003 orationes
3482 4941 3715 5006 invitari

318 5047 490 5092 nem.
521 5025 692 5092 Unde
708 5047 842 5090 cum
860 5049 979 5092 non
1012 5028 1198 5108 possit
1230 5028 1304 5089 ad
1337 5045 1520 5089 unum
1541 5024 1761 5104 colligi,
1796 5034 1976 5106 atque
2064 5032 2243 5100 amat,
2274 5025 2802 5106 divinissimasque
2826 5043 2962 5088 suas
2984 5025 3410 5107 inspirationes
3439 5031 3715 5095 luculen-

319 5119 504 5180 unius
537 5117 799 5199 pacifica;
827 5117 1070 5181 unionis
1097 5116 1398 5198 particeps
1429 5116 1686 5178 existere
1717 5114 1818 5194 qui
1876 5131 1980 5205 se-
2070 5115 2314 5176 tissimis
2345 5115 2870 5205 distributionibus
2901 5116 3247 5199 impertitur
3279 5120 3421 5198 illis,
3479 5125 3577 5205 qui
3633 5127 3718 5188 sic

319 5225 462 5270 cum
493 5213 623 5286 ipse
656 5205 937 5286 dissidet,
972 5225 1169 5288 neque
1194 5206 1372 5268 liceat
1400 5221 1634 5266 summe
1684 5204 1982 5265 contraria
2067 5204 2232 5274 illam
2266 5204 2836 5285 supramundialiter
2865 5205 3214 5272 invitarunt.
3249 5208 3351 5272 Est
3402 5204 3561 5273 enim
3623 5215 3719 5277 lux

322 5295 508 5359 simul
544 5296 928 5379 participare,
960 5298 1054 5360 vel
1086 5294 1690 5359 communicationem
1722 5293 1980 5374 aliquam
2066 5313 2206 5358 vera
2226 5295 2281 5370 3,
2301 5311 2432 5374 quae
2451 5313 2689 5356 omnem
2716 5305 2977 5358 mentem
2999 5299 3207 5381 implet
3228 5301 3456 5363 lumine
3481 5302 3718 5366 intelle-

320 5403 466 5451 cum
494 5404 611 5448 uno
645 5385 921 5463 habenti,
956 5387 1172 5448 divisas
1204 5384 1428 5448 habere
1477 5385 1650 5464 vitas,
1707 5382 1758 5444 si
1809 5383 1984 5444 unius
2068 5384 2465 5464 ctili,omnem
2492 5393 2686 5447 autem
2713 5385 3108 5464 ignorantiam
3131 5399 3187 5450 et
3212 5409 3477 5452 errorem
3502 5411 3572 5455 ex
3596 5414 3724 5455 om-

321 5479 430 5542 Dei
463 5478 739 5541 stabilem
776 5480 1049 5560 praeferat
1079 5478 1616 5560 participationem,
1646 5476 1984 5538 necessario
2069 5476 2246 5537 nibus
2272 5477 2488 5535 animis
2509 5475 2569 5536 in
2602 5473 2818 5556 quibus
2841 5487 2952 5553 est,
2989 5479 3172 5557 ejicit,
3203 5489 3260 5542 et
3281 5481 3424 5563 ipsis
3447 5485 3722 5546 omnibus

402 5640 469 5724 ξε
501 5637 672 5724 Eccl.
710 5639 870 5704 hier.
905 5658 1037 5722 cap.
1072 5641 1167 5724 9.7
1191 5637 1438 5724 99_Cazl.
1473 5638 1628 5703 hier.
1662 5655 1793 5719 cap.
1828 5637 1898 5724 3ἶ
1949 5636 2308 5724 ίῼΟΑΕοοιεε.
2341 5636 2507 5704 hicr.
2541 5655 2672 5718 cap.
2707 5637 2767 5702 3.
2850 5638 2869 5680 ι
2915 5638 3004 5702 De
3035 5641 3233 5706 divin.
3270 5659 3464 5721 nom.,
3497 5661 3626 5724 cap.
3662 5643 3718 5709 3.

321 5720 350 5766 ³
379 5721 550 5786 Eccl.
585 5720 749 5785 hier.
787 5740 926 5804 cap.
965 5719 1025 5785 4.
1067 5725 1100 5775 3
1130 5723 1213 5785 De
1237 5721 1435 5788 divin.
1469 5735 1664 5794 ηοηιη
1697 5736 1831 5801 cap.
1865 5719 1927 5799 4,
1965 5719 1994 5802 §
2029 5720 2095 5783 4.
