4044 6152
376 313 487 395 103

1524 326 1583 395 S.
1638 330 2048 397 DIONYSIUS
2094 330 2607 397 AREOPAGITA.

3642 322 3751 392 104

368 466 571 530 lumen
599 472 867 528 sanctum
892 464 1515 545 impertit.eorumque
1546 466 1752 529 oculos
1779 474 2013 531 menta-
2035 477 2074 527 Α
2097 466 2159 530 in
2180 466 2490 530 animabus
2513 466 2737 529 nostris
2759 465 2993 544 exigant
3014 464 3240 527 habere
3270 464 3381 526 sibi
3413 464 3754 529 conformes

370 557 457 619 les
479 576 511 619 a
536 556 788 633 caligine
823 563 881 617 et
912 556 1249 632 ignorantia
1286 556 1624 618 circunfusa
1653 567 1932 637 repurgat
1962 565 2017 619 et

371 647 604 727 liberat,
640 656 693 707 et
720 646 938 708 excitat
970 654 1145 728 atque
1174 646 1367 725 aperit
1401 648 1580 708 multa
1603 649 1890 725 gravitate
1922 658 2017 710 te-

371 737 686 798 nebrarum
712 755 1036 817 oppressos
1081 744 1140 798 et
1188 739 1421 798 clausos
1457 758 1469 799 :
1502 738 1721 815 datque
1757 743 2016 815 primum

371 826 610 907 quidem
644 825 1008 887 mediocrem
1042 826 1450 905 splendorem,
1486 828 1706 889 deinde
1737 837 2018 908 tanquam

369 915 1128 996 degustatolumine,oculis
1146 918 1268 996 jam
1294 935 1479 996 magis
1495 925 1625 993 post
1648 916 2017 996 degustatio-

374 1025 511 1068 nem
560 1005 753 1065 lucem
801 1005 1242 1087 appetentihus,
1310 1010 1494 1084 magis
1544 1026 1609 1069 se
1644 1010 1923 1088 impertit,
1964 1015 2023 1069 et

371 1094 672 1174 copiosius
693 1094 954 1173 effulget,
979 1095 1261 1174 quoniam
1288 1095 1630 1159 dilexerunt
1648 1097 1920 1165 multum;
1951 1115 2020 1160 ac

372 1201 616 1265 semper
644 1184 891 1245 ulterius
906 1185 1182 1264 provehit
1207 1192 1592 1265 proportione
1615 1187 1789 1247 studii
1810 1205 2012 1249 eorum

369 1273 443 1336 ad
457 1274 864 1354 aspiciendum
887 1292 1146 1336 sursum.
1170 1273 1405 1335 Etenim
1428 1276 1459 1325 4
1482 1276 1633 1337 sicut
1685 1276 2016 1355 ignorantia

369 1373 639 1426 errantes
670 1363 916 1443 dirimit,
950 1364 1036 1425 sic
1064 1364 1350 1427 adventus
1398 1365 1641 1428 luminis
1693 1374 2013 1446 congregat

371 1463 430 1516 et
459 1453 696 1535 copulat
722 1453 1108 1529 illuminatos,
1171 1455 1520 1534 perﬁcitqne
1571 1474 1696 1533 eos,
1734 1466 1791 1519 et
1820 1458 1891 1519 ad
1951 1457 2010 1518 id

373 1543 528 1625 quod
557 1561 693 1605 vere
719 1551 806 1604 est
824 1543 1134 1620 convertit,
1160 1564 1191 1605 a
1220 1545 1416 1606 multis
1448 1546 1888 1626 opinationibus
1910 1565 2014 1609 eos

372 1651 683 1715 revocans,
708 1651 776 1695 ac
797 1633 990 1696 varios
1012 1643 1310 1714 aspectus,
1336 1636 1446 1709 vel,
1475 1645 1537 1696 ut
1560 1636 1747 1715 magis
1781 1636 2017 1717 proprie

2102 576 2208 638 per
2237 561 2535 637 virtutem,
2569 555 3060 633 incorruptibiles
3092 554 3397 633 imagines.
3435 553 3755 617 lnoircum-

2098 646 2386 727 scriptum
2416 647 2575 708 enim
2604 646 2746 707 illud
2776 645 3013 722 virtutis
3035 644 3339 706 deiformis
3373 644 3753 705 simulacrum

2099 736 2582 798 riteimitandum
2609 744 2720 804 est,
2755 744 2819 795 ut
2847 735 3134 814 spiritalis
3169 754 3236 796 ac
3267 736 3533 815 fragrans
3560 734 3753 812 ipsum

2101 827 2320 887 referat
2351 824 2753 907 pulchritudo,
2796 842 3053 904 seseque
3082 825 3299 886 formet
3328 834 3386 885 et
3417 823 3654 901 efﬁngat
3682 820 3753 883 ad

2104 915 2564 997 pulcherrimam
2598 914 2727 995 ejus
2755 914 3166 976 imitationem.
3197 912 3271 975 Et
3298 914 3451 975 sicut
3478 912 3538 972 in
3559 909 3758 989 imagi-

2102 1005 2279 1067 nibus
2309 1004 2652 1078 sensilibus,
2687 1003 2737 1065 si
2766 1004 2968 1084 piclor
2998 1004 3069 1065 ad
3108 1004 3442 1081 primaevam
3495 1002 3755 1083 speciem

2100 1114 2239 1157 conc
2254 1106 2451 1157 tanter
2471 1094 2806 1161 intendat,n
2821 1093 2943 1155 ulla
2963 1112 3029 1155 re
3047 1094 3157 1154 alia
3172 1092 3387 1153 visibili
3410 1092 3761 1166 distractus,

2099 1205 2292 1266 neque
2308 1185 2635 1248 secundum
2660 1184 2969 1264 quidpiam
2990 1182 3411 1264 divisus,illum
3433 1184 3626 1261 ipsum
3657 1180 3759 1262 qui

2096 1276 2511 1356 depingendus
2537 1281 2645 1337 est.
2672 1274 2721 1335 si
2760 1275 2839 1334 ita
2868 1272 3075 1335 dicere
3099 1273 3292 1347 liceat,
3321 1269 3758 1353 quodammodo

2094 1365 2434 1445 replicabit,
2459 1364 2972 1445 atqueipsammet
3008 1363 3314 1425 veritatem
3350 1364 3409 1423 in
3464 1360 3756 1423 similitu-

2093 1454 2257 1530 dine,
2292 1463 2350 1517 et
2397 1456 2778 1534 archetypum
2837 1453 2898 1515 in
2932 1454 3189 1533 imagine
3219 1451 3535 1533 exprimet,
3596 1451 3757 1513 alte-

2096 1564 2347 1626 rumque
2380 1546 2441 1606 in
2500 1546 2686 1606 altero
2746 1542 2896 1605 citra
2955 1542 3311 1606 substantia:
3358 1540 3755 1604 dill'erentiam

2099 1635 2344 1710 referet;
2376 1635 2463 1696 sic
2497 1633 2757 1713 mysticis
2791 1636 2848 1695 in
2894 1642 3092 1695 mente
3152 1630 3478 1713 pictoribus
3539 1648 3757 1692 suave-

372 1724 754 1797 dicam,varia
775 1723 835 1785 in
857 1741 1034 1784 unam
1058 1742 1253 1786 veram
1275 1732 1554 1804 etpuram
1585 1744 1654 1788 ac
1685 1726 2017 1807 simplicem
2042 1758 2081 1809 3
2104 1725 2319 1786 olentis
2333 1734 2628 1785 etarcanaa
2644 1722 3346 1802 pulchritudinisintenta
3358 1727 3760 1796 constansque

374 1813 778 1892 cognitionem
800 1813 1097 1876 contrahit
1126 1822 1184 1877 et
1212 1833 1331 1877 uno
1363 1815 1589 1877 lumine
1631 1815 1851 1877 unilico
1900 1816 2022 1877 im-

379 1901 518 1981 plet.

461 1994 643 2054 Porro
677 1992 879 2054 lumen
913 1992 1025 2055 hoc
1057 1992 1341 2055 uniﬁcum
1374 1995 1699 2076 accipimus
1732 2013 1838 2076 per
1861 1993 2027 2057 Chri-

377 2081 592 2152 stum”,
651 2082 749 2153 qui
810 2094 1045 2152 paterna
1108 2083 1211 2139 tua:
1267 2092 1351 2140 est
1406 2100 1551 2151 vera,
1593 2102 1709 2159 quae
1740 2084 2023 2141 illuminat

374 2185 578 2226 omnem
632 2169 895 2227 hominem
942 2173 1235 2229 venientem
1291 2173 1524 2231 inshuno
1564 2175 1817 2231 mundum
1844 2175 1889 2239 δ,
1925 2189 2025 2245 per

379 2278 558 2341 quem
581 2260 653 2321 ad
680 2262 973 2340 originem
1000 2263 1149 2325 lucis
1174 2265 1408 2326 Patrem
1432 2283 1741 2329 accessum
1771 2263 2027 2327 obtinui-

382 2349 654 2413 muleic
675 2365 760 2413 est
780 2354 880 2433 qui
912 2353 1129 2415 mentis
1151 2353 1394 2434 quidem
1423 2364 1639 2416 nostra:
1690 2352 2021 2417 obscurita-

383 2441 546 2503 tem7
564 2440 739 2504 beato
769 2441 1088 2524 divinoque
1114 2443 1340 2505 lumine
1366 2444 1634 2525 replevit.
1673 2444 2025 2509 deformita-

378 2539 617 2613 temque
639 2539 902 2595 nostram
927 2532 1314 2597 deiformihus
1340 2536 1704 2596 ornamentis
1756 2534 2026 2596 illustra-

381 2623 481 2703 vit,
507 2621 687 2685 animi
718 2628 918 2686 autem
950 2622 1321 2686 domicilium
1352 2642 1485 2686 cum
1522 2625 1786 2705 perfecta
1836 2624 2025 2689 salute

382 2713 657 2775 essentize
685 2721 1027 2794 naturaeque
1058 2722 1299 2795 nostrae,
1340 2733 1471 2796 quae
1524 2715 1713 2777 ferme
1769 2714 2029 2795 collapsa

381 2811 510 2865 erat
537 2812 598 2866 et
628 2803 992 2878 conciderat,
1028 2802 1374 2865 fcedissimis
1412 2803 1745 2885 quibusque
1792 2804 2024 2884 passio-

383 2891 562 2954 nibus
590 2901 767 2974 atque
790 2892 1258 2974 inquinamentis
1301 2894 1489 2955 noxiis
1522 2893 1817 2974 liberavit,
1856 2913 2025 2956 com-

382 2990 709 3043 monstrata
726 2980 898 3044 nobis
908 2980 1412 3062 supermundialis
1432 3000 1709 3061 anagogae
1727 3001 1796 3044 ac
1815 2981 2031 3044 divinae

2108 1814 2529 1895 contemplatio
2585 1813 2957 1876 infallibilem
2994 1813 3564 1891 indetmaximaque
3622 1809 3756 1872 dei-

2108 1903 2358 1966 formem
2399 1902 2915 1982 imaginationem.

2190 1992 2396 2055 Merito
2428 1993 2626 2073 itaque
2652 1992 2883 2073 mystici
2916 1992 3195 2074 pictores,
3230 1990 3470 2069 quando
3496 1998 3759 2053 mentem

2106 2102 2274 2147 suam
2302 2082 2376 2144 ad
2408 2082 2971 2162 superessentialem
3006 2082 3164 2143 illam
3198 2082 3559 2161 fragrantem
3592 2079 3767 2156 Spiri-

2107 2175 2405 2253 talemque
2457 2173 2961 2254 pulchritudinem
3020 2180 3363 2234 constanter
3419 2170 3759 2240 ell'ormant,

2108 2264 2329 2326 nullam
2352 2264 2624 2325 virtutem
2654 2281 2857 2325 earum
2883 2281 3013 2344 quae
3038 2263 3108 2324 iis
3131 2264 3356 2337 insunt,
3381 2267 3581 2341 agunt,
3602 2267 3667 2321 ut
3689 2259 3762 2321 ab

2111 2352 2639 2427 hominibus,sicut
2657 2352 2940 2434 scriptum
2966 2359 3077 2426 est,
3101 2350 3550 2424 videantur,sed
3577 2349 3761 2427 quid-

2111 2443 2254 2525 quid
2288 2449 2349 2504 in
2406 2442 2621 2504 virtute
2668 2461 2903 2505 sacrum
2934 2460 3002 2503 ac
3037 2443 3290 2502 maxime
3321 2440 3613 2502 deiforme
3644 2447 3760 2515 est,

2111 2535 2270 2597 intra
2297 2541 2557 2595 mentem
2583 2551 2913 2612 suam,quae
2933 2531 3008 2593 ad
3035 2531 3353 2610 imaginem
3387 2538 3445 2593 et
3474 2529 3764 2591 similitu-

2112 2623 2312 2687 dinem
2347 2625 2449 2686 Dei
2480 2622 2634 2684 facia
2663 2633 2773 2696 est,
2835 2620 3232 2684 recondentes
3289 2620 3361 2682 ad
3418 2626 3763 2701 primaevam

2113 2713 2396 2775 duntaxat
2433 2714 2695 2792 speciem
2728 2719 2907 2790 atque
2938 2710 3394 2789 intelligentiam
3426 2710 3758 2773 intuentur.

2112 2802 2317 2885 Neque
2341 2802 2499 2863 enim
2521 2802 2711 2863 solum
2731 2800 3042 2863 dissimilia
3077 2801 3298 2875 vident,
3332 2798 3440 2861 sed
3458 2818 3535 2860 ne
3558 2798 3628 2860 ad
3653 2815 3763 2863 eo-

2111 2912 2242 2955 rum
2269 2892 2509 2974 quidem
2528 2900 2831 2972 aspectum
2858 2891 3305 2971 pertrahuntur.
3332 2888 3759 2964 Quamobrem,

2114 2989 2264 3044 sicut
2289 3000 2394 3044 eos
2424 2979 2619 3056 decet,
2654 3000 2770 3041 non
2803 2998 2871 3041 ea
2901 2998 3033 3060 quae
3059 2988 3287 3041 temere
3309 2979 3605 3052 videntur,
3658 2978 3765 3040 sed

382 3070 519 3132 vita;
540 3088 890 3151 norma,per
910 3091 1085 3152 quam
1109 3072 1180 3133 ad
1198 3089 1396 3133 sacras
1422 3072 1552 3152 ejus
1578 3072 2027 3149 similitudines,
2050 3066 2090 3117 Ο
2115 3090 2245 3153 quae
2261 3088 2399 3133 vere
2416 3069 2576 3150 jnsta
2602 3078 2738 3131 sunt
2759 3089 2827 3131 ac
2848 3068 3025 3142 bona,
3053 3068 3303 3146 diligunt
3332 3087 3345 3131 :
3378 3086 3572 3149 neque
3590 3066 3763 3128 istam

384 3160 581 3241 quoad
611 3160 743 3240 ejus
772 3161 904 3223 ﬁeri
943 3170 1157 3243 potest,
1191 3162 1539 3225 evehamur.
1583 3161 1835 3225 Unicum
1868 3162 2029 3225 enim
2115 3166 2391 3241 spectant
2420 3157 2668 3236 gloriam
2700 3177 2837 3239 quae
2865 3157 2995 3218 sine
3053 3157 3282 3218 ratione
3328 3156 3498 3235 vulgo
3548 3157 3766 3237 passim

387 3249 530 3313 illud
551 3253 668 3313 8ac
698 3250 949 3333 simplex
979 3270 1382 3334 arcanumque
1410 3253 1549 3315 Jesu
1579 3250 1840 3313 Verbum
1874 3252 2031 3315 divi-
2114 3247 2283 3311 beata
2296 3246 3137 3329 praedicatur,sedimitatione
3157 3244 3261 3308 Dei
3281 3247 3500 3306 bonum
3519 3245 3769 3334 malum-

389 3340 696 3404 nissimum
722 3360 831 3424 per
861 3333 1335 3422 assumptionem
1363 3342 1748 3405 humanitatis
1783 3351 2023 3420 nostras,
2112 3357 2229 3420 que
2257 3354 2363 3420 per
2379 3356 2445 3399 se
2472 3337 2831 3415 judicantes,
2863 3335 3057 3396 divina
3114 3334 3385 3424 quaedam
3445 3333 3765 3424 simulacra

386 3430 446 3493 in
470 3423 963 3514 compositionem
988 3432 1166 3495 simul
1197 3443 1254 3495 et
1273 3445 1610 3515 aspectum,
1642 3434 1773 3495 sine
1798 3433 1916 3497 ulla
1934 3433 2026 3495 sui
2110 3430 2259 3491 ﬁunt
2292 3428 2460 3490 istius
2481 3426 2815 3506 fragrantia:
2843 3424 3080 3497 divinae,
3136 3444 3270 3506 quae
3302 3423 3523 3515 bonum
3573 3423 3636 3484 in
3684 3442 3765 3515 se

383 3521 936 3603 immutatione,pro
961 3542 1068 3585 sua
1099 3513 1360 3587 bonitate
1382 3524 1864 3605 benignitateque
1896 3542 2026 3606 pro-
2108 3520 2352 3581 odorem
2379 3535 2516 3581 vere
2539 3515 2952 3596 continens,ad
2984 3514 3129 3577 illud
3162 3514 3321 3595 quod
3344 3517 3513 3606 vulgo
3536 3513 3762 3606 passim

384 3614 591 3694 cessit,
624 3615 935 3690 nostrique
963 3631 1166 3675 secum
1203 3614 1480 3676 unificam
1534 3604 2022 3677 communionem
2109 3608 2480 3688 inaequaliter
2532 3614 2809 3687 apparet,
2875 3623 3172 3694 nunquam
3236 3604 3637 3684 convertitur,
3700 3604 3765 3663 in

390 3702 658 3764 benefice
703 3703 1150 3781 excogitavit,ea
1172 3722 1302 3784 quze
1323 3705 1382 3765 in
1405 3703 1577 3766 nobis
1600 3704 1848 3765 humilia
1868 3711 2029 3776 sunt,
2114 3696 2273 3760 veris
2301 3697 2423 3758 suis
2452 3695 2811 3774 imaginibus
2839 3693 3185 3774 exprimens
3215 3694 3548 3755 veritatem.

389 3791 916 3854 divinissimissnis
946 3790 1158 3855 uniens
1184 3794 1650 3864 excellentiis,ut
1672 3802 1728 3854 et
1754 3812 1862 3855 nos
1890 3792 2029 3873 ipsi,
2194 3787 2347 3850 Hinc
2378 3787 2436 3838 10
2450 3786 2501 3847 si
2527 3804 2692 3846 more
2732 3785 2990 3845 humano
3015 3802 3083 3845 ea
3109 3801 3244 3873 quae
3273 3800 3594 3873 supranos
3622 3790 3766 3844 sunt

389 3890 668 3962 tanquam
701 3883 971 3945 membra
1000 3882 1260 3963 corpori,
1297 3902 1403 3964 per
1433 3882 1700 3963 ejusdem
1738 3872 2028 3944 immacu4
2112 3873 2964 3958 accipiamus,etfamiliaribus
2984 3872 3759 3964 nobissensibusinhaerea-

386 3970 523 4034 latae
551 3990 619 4034 ac
645 3972 860 4035 divinae
889 3974 1019 4035 vitae
1050 3962 1418 4036 idenlitatem
1473 3989 1897 4051 congruamus,
1954 3989 2031 4033 ne
2114 3965 2804 4046 mus,atquedivinacum
2830 3964 3046 4025 nostris
3067 3962 3764 4035 conferamus.fallimur,

394 4062 884 4144 corruptibilibus
906 4062 1100 4126 necati
1125 4063 1524 4144 passionibus,
1556 4062 1770 4124 divinis
1791 4062 1920 4123 istis
1947 4080 2037 4123 sa-
2118 4057 2168 4119 si
2187 4055 2515 4119 secundum
2530 4055 2586 4116 id
2603 4054 2757 4135 quod
2774 4053 2994 4116 deforis
3010 4051 3589 4144 apparet,mysti_cam
3607 4068 3770 4113 arca-

386 4140 774 4233 nissimisque
797 4152 1084 4217 membris
1114 4140 1689 4235 incongrui,vltaque
1718 4152 2035 4233 incapaces
2116 4162 2366 4219 namque
2386 4146 2729 4235 ῑῠθφιοειδω
2754 4144 3091 4235 ωθιίθωυτξ-
3108 4156 3237 4199 cum
3260 4141 3405 4235 εςίςθ
3429 4140 3769 4235 άεΡξδθωιξξι

388 4229 729 4304 existamus.
1300 4229 1325 4235 ⁷
1432 4229 1435 4230 ν
1589 4229 1608 4231 “
1861 4229 1877 4233 ⁷
2120 4244 2377 4300 mentem
2412 4234 2654 4315 quidem
2683 4243 2950 4295 nostram
2980 4231 3205 4313 pollere
3252 4231 3305 4291 vi
3364 4229 3763 4308 intelligendi,

466 4331 903 4413 Oportetigitur
917 4335 1104 4409 nos,si
1123 4334 1195 4397 ad
1214 4333 1696 4398 communionem
1715 4333 1846 4413 ejus
1867 4330 2031 4412 aspi-
2117 4345 2233 4407 qua
2253 4344 2350 4387 res
2370 4324 2746 4386 intellectiles
2764 4323 2874 4403 ipsi
2890 4321 3366 4413 proportionatas
3384 4326 3762 4413 contueatur,

384 4408 611 4504 remus,
636 4408 1064 4487 divihissimam
1091 4425 1222 4505 ejus
1248 4424 1308 4487 in
1340 4442 1521 4487 carne
1547 4423 1720 4486 vitam
1746 4408 2028 4485 contem-
2051 4467 2095 4518 Β
2115 4426 2311 4518 tamen
2341 4414 2511 4516 istam
2538 4414 2847 4512 unionem,
2881 4430 2996 4512 qua
3026 4408 3206 4518 rebus
3234 4427 3300 4470 se
3357 4408 3766 4518 superioribus

388 4500 741 4596 plari,a'tque
772 4525 1036 4577 sanctam
1068 4500 1256 4597 ip'sius
1293 4514 1753 4597 impeccantiam
1782 4512 2028 4574 imitan-
2051 4500 2094 4518 ν
2113 4505 2519 4600 conjungitur,
2542 4512 2809 4600 naturam
2828 4500 3763 4600 ipsius-longe.superare'Secun:

386 4589 488 4683 do,
544 4589 1134 4668 ad-deiformitatem
1194 4614 1255 4667 et
1311 4589 1759 4667 immaculatum
1811 4611 2027 4663 statum
2114 4595 2254 4658 dum
2282 4595 2648 4675 hancitaque
2672 4592 2953 4653 unionem
2979 4589 3178 4650 divina
3201 4589 3303 4683 illa
3353 4589 3599 4668 mystica
3625 4594 3765 4648 sunt

386 4677 776 4758 contendere.
819 4694 945 4757 Hac
1006 4714 1263 4776 namque
1320 4695 1574 4770 ratione,
1629 4702 1803 4775 prout
1861 4694 2031 4753 nobis
2117 4684 2528 4776 intelligenda,
2566 4700 2683 4744 non
2719 4698 2884 4776 more
2910 4688 3135 4776 nostra,
3173 4677 3277 4776 sed
3314 4684 3606 4776 quatenus
3656 4694 3764 4776 nos

387 4785 683 4867 congruit,
716 4765 1368 4847 similitudinem-suam
1393 4765 1880 4847 communicabit.
2115 4775 2233 4857 ipsi
2265 4781 2419 4867 totos
2449 4790 2622 4867 n_os_a
2645 4768 2818 4831 nobis
2847 4769 3110 4867 totaliter
3140 4766 3511 4867 abdicamus,
3549 4775 3617 4867 et
3659 4765 3765 4827 toti

470 4857 759 4939 caeterum
785 4876 1046 4957 mysticis
1076 4875 1365 4955 theologis
1395 4874 1729 4938 obvelanda
1750 4880 1839 4935 est
1860 4890 2033 4963 mens
2120 4866 2445 4963 transimus
2560 4862 2773 4935 Deum,
2811 4870 2875 4963 ut
2896 4878 3029 4922 cum
3059 4858 3511 4963 Apostoloyere
3557 4857 3765 4963 dicere

390 4964 468 5029 tis
491 4965 768 5029 sanctitas
788 4948 971 5048 atque
996 4948 1319 5044 fragrantia
1336 4966 1392 5041 9,
1432 4983 1567 5028 cum
1591 4963 1874 5025 divinitus
1923 4961 2033 5022 viri
2118 4954 2613 5051 possimusgyi'go
2634 4970 2765 5034 ego,
2801 4955 2926 5051 iam
2943 4968 3220 5051 non_ego,
3243 4949 3555 5051 uivitoero
3585 4948 3651 5010 in
3671 4964 3768 5011 me

391 5056 583 5119 sancti
606 5042 1082 5138 jubeantur,non
1096 5042 1171 5119 ad
1185 5074 1391 5119 vanam
1413 5054 1663 5135 gloriam
1678 5065 2035 5134 apparentes
2116 5048 2395 5111 Christus
2417 5044 2489 5138 “_.
2524 5042 2665 5115 Quae
2713 5060 2816 5104 vox
2841 5049 2932 5138 est
2965 5042 3090 5138 veri
3129 5042 3411 5101 amatoris
3432 5042 3533 5138 qui
3555 5054 3765 5138 exces-

386 5127 731 5209 arcani'Dei
762 5127 1041 5228 pulchras
1060 5166 1130 5210 ac
1158 5127 1491 5227 fragrantes
1521 5127 1743 5206 habere
1760 5127 2037 5205 similitu-
2117 5144 2275 5200 serat
2305 5154 2338 5198 e
2358 5152 2423 5196 se
2452 5132 2599 5231 Deo,
2625 5142 2684 5193 et
2710 5150 2826 5193 non
2844 5133 2964 5231 jam
2993 5130 3173 5231 vitam
3196 5146 3388 5231 suam,
3410 5127 3530 5231 sed
3559 5127 3764 5231 amati,

389 5238 587 5301 dines.
620 5215 927 5319 Siquidem
960 5256 1175 5301 arcana
1198 5215 1304 5300 De'i
1328 5239 1571 5318 decora,
1605 5252 1860 5317 quorum
1893 5253 2033 5296 sua-
2110 5237 2388 5308 tanquam
2418 5224 2819 5319 vehementer
2857 5220 3163 5295 dilectam,
3224 5217 3505 5319 viventis.
3535 5215 3774 5318 .ltaque

386 5311 919 5391 vitasintellectum
949 5337 1473 5410 superat,prorsus
1494 5311 2030 5399 sunt-intemerata,
2110 5321 2282 5413 longe
2311 5322 2690 5413 pragstatmos
2719 5311 2822 5413 Dei
2855 5329 2993 5413 esse
3026 5328 3204 5411 quam
3233 5311 3587 5413 norstrosisic
3611 5311 3773 5406 enim

390 5419 651 5500 solisque
671 5396 1190 5501 virisspiritalibns
1206 5396 2033 5501 spiritaliterapparent,quod
2110 5396 2504 5471 divina'nobis
2533 5402 2659 5465 dari
2692 5408 2990 5483 poterunt,
3028 5398 3080 5461 si
3107 5415 3242 5460 cum
3294 5399 3417 5460 Deo
3479 5396 3773 5458 fuerimus

471 5580 501 5623 ⁴
531 5584 615 5645 De
645 5584 836 5648 divin.
866 5600 1032 5647 nom.
1060 5600 1116 5645 c.
1142 5581 1227 5663 ξι,
1256 5581 1344 5662 §6.
1377 5577 1577 5646 ὅσαι,
1601 5580 1755 5663 liter.
1784 5580 2000 5663 capi],
2033 5577 2156 5663 θεέ
2185 5568 2219 5620 6
2247 5569 2417 5632 Jean.
2449 5582 2493 5640 ι,
2523 5565 2585 5628 9.
2616 5562 2837 5663 317ich
2871 5562 3197 5663 Ιξξεςῶείψ
3219 5561 3304 5663 01:,
3335 5558 3363 5637 §
3398 5559 3485 5619 Il.
3517 5557 3549 5606 8
3574 5553 3762 5636 Ibid.,

390 5664 420 5744 §
457 5640 633 5730 ιεῖὀ
648 5640 1038 5747 Eccl.-
1061 5640 1593 5747 éiﬁi’rj'pmé'iii,
1794 5640 1874 5708 7‘5
1899 5640 2221 5723 Dc'd'ivin.
2246 5665 2411 5713 non.
2442 5663 2578 5726 cap.
2616 5644 2673 5725 7,
2705 5643 2735 5722 §
2769 5644 2824 5705 l.
2887 5641 2933 5684 λί
2965 5641 3095 5704 Gal.
3121 5655 3187 5717 ιι,
3219 5640 3318 5703 ‘20.
