4044 6152
218 282 321 350 133
675 284 775 346 DE
822 283 1172 349 C(ELESTI
1220 278 1723 367 HIERARCHIA,
1773 282 1937 349 CAP.
1989 286 2037 348 Ι.
2086 320 2164 332 --
2209 280 2593 351 PARAPHR.
2630 280 3146 352 PACHYMERAB.
3490 286 3605 356 134

215 440 331 495 μεν,
374 422 583 495 ὁμοίως
618 419 742 499 ἔχει
776 420 864 475 καὶ
905 421 939 487 ἡ
977 420 1094 476 καθ’
1127 422 1272 496 ἡμᾶς
1312 421 1559 501 ἱεραρχία
1603 422 1736 499 πρὸς
1779 422 1877 487 τὴν
1900 443 1919 478 ι

2006 418 2184 480 ostris
2214 418 2494 481 sensibus
2515 420 2592 481 sit
2620 422 3126 486 accommodatus:
3156 425 3393 501 quando
3425 426 3605 490 nimi-

217 509 454 588 οὗρανίαν
517 507 734 574 ἐκείνην
808 510 895 564 καὶ
965 510 1164 589 ἀφανῃ.
1237 509 1375 566 οὕτω
1431 511 1532 588 γὰρ
1592 508 1875 577 εὒδόκησεν

2004 526 2090 570 um
2110 508 2501 587 corporaliter
2515 527 2585 570 ea
2601 511 3094 592 queeincorporea
3115 521 3257 575 sunt
3273 514 3602 594 eﬁ‘erimus,

217 596 602 677 ἡτελετάρχις
663 598 943 675 ἱεροθεσία,
990 601 1025 666 ἡ
1082 603 1182 665 της
1237 601 1345 656 τῶν
1375 602 1528 677 ἱερῶν
1578 600 1880 677 μυστηρίων

2007 605 2028 657 t
2061 616 2194 658 cum
2230 596 2305 687 de
2338 597 2460 659 Deo
2495 600 2763 662 membra
2813 601 3090 677 humana,
3129 602 3502 687 furoresque,
3536 626 3605 669 ac

216 688 366 762 ἡμῶν
412 686 828 761 διακοσμήσεως
887 687 1033 753 τάξις
1079 710 1135 742 τε
1190 690 1278 745 καὶ
1321 687 1629 766 παράδσεις,
1692 688 1879 755 τελετὴ

2004 704 2205 748 omnos
2238 686 2477 765 aliaque
2497 688 2719 749 similia
2735 691 3139 767 enuntiemus;
3165 692 3458 774 siquidem
3480 686 3607 759 haec

219 778 320 855 γὰρ
378 775 597 854 λέγεται
656 777 692 843 ἡ
751 779 857 831 τῶν
913 780 1217 857 μυστηρίων
1282 777 1605 858 μετάδοσις,
1652 778 1744 834 ἅτε
1788 780 1879 834 τὸν

2004 775 2293 838 elementa
2321 789 2484 838 sunt.
2519 778 2766 850 Quando
2799 781 2978 858 igitur
3000 799 3071 842 ea
3091 799 3225 863 quae
3244 800 3485 846 sensum
3510 804 3609 848 su-

215 866 510 941 μυούμενον
541 865 824 923 τελειοῦσα
859 882 872 896 ⁶
908 869 996 923 καὶ
1034 868 1165 961 τοὺς,
1215 867 1593 944 μεμυημένους
1647 867 1877 929 τελείους

2004 874 2172 927 erant
2201 884 2308 947 per
2335 885 2432 928 res
2449 868 2701 930 sensiles
2724 868 3242 951 explicamus,tum
3264 880 3465 935 nostra
3481 874 3609 938 haec

219 955 379 1011 καλεῖ
410 957 438 1012 ὁ
470 953 832 1036 Ἀπόστολος,
891 954 1086 1035 λέγων’
1133 953 1288 1014 Ὀσοι
1350 957 1439 1015 οὖν
1471 958 1689 1037 τέλειοι,
1749 964 1877 1014 τοῦ-

2005 955 2299 1017 ierarchia
2321 956 2534 1019 similis
2556 966 2645 1018 est
2663 956 2892 1020 cmlesti
2925 971 2987 1020 et
3019 959 3303 1024 occulta):
3333 961 3420 1024 sic
3447 965 3606 1026 enim

219 1064 278 1101 το
310 1052 612 1125 ερονῶμεν,

2004 1044 2183 1107 lacuit
2214 1046 2631 1126 mysteriorum
2667 1065 2977 1109 sacrorum
3033 1049 3283 1131 principi
3315 1052 3607 1116 constitu-

224 1133 397 1208 tioni,
430 1152 565 1211 quae
611 1151 918 1197 sacrorum
962 1140 1184 1197 rituum
1220 1144 1556 1198 nostrorum
1586 1134 1735 1197 ordo
1765 1142 1825 1195 et
1854 1133 2090 1195 traditio
2122 1144 2212 1196 est
2247 1156 2259 1197 :
2296 1135 2534 1215 siquide
2568 1135 2885 1198 minitiatio
2911 1154 3016 1198 seu
3050 1138 3367 1223 perfectio,
3404 1159 3607 1205 sacro-

226 1240 360 1313 rum
392 1225 811 1304 mysteriorum
842 1226 1307 1289 communicatio
1339 1233 1745 1307 nuncupatur,
1779 1231 1845 1285 ut
1874 1240 2005 1305 quae
2035 1223 2299 1286 initiatos
2330 1225 2602 1306 perﬁciat
2634 1247 2650 1306 ;
2687 1236 2866 1305 atque
2900 1225 2983 1287 ita
3021 1238 3425 1307 consecratos,
3465 1250 3607 1313 per—

228 1310 419 1373 fectos
442 1320 615 1375 vocat
646 1313 987 1394 Apostolus,
1015 1314 1223 1377 dicens
1260 1336 1274 1379 :
1309 1314 1673 1393 Quicunque
1700 1330 1846 1393 ergo
1877 1314 2140 1391 perfecti
2162 1316 2512 1384 sumuthoc
2540 1318 2917 1378 sentiamus:
2950 1361 2964 1377 .

308 1399 339 1480 ς
382 1411 471 1461 Ill.
527 1400 824 1470 Εὒδόκησεν
879 1405 967 1461 οὖν
1004 1407 1039 1473 ἡ
1086 1404 1402 1485 τελετάρχις
1442 1405 1696 1484 ἱεροθεσία
1724 1451 1742 1479 ,
1787 1403 1881 1459 ’ίνα

2043 1406 2072 1479 §
2105 1401 2205 1467 IIl.
2229 1404 2602 1483 Complacuit
2632 1406 2836 1482 itaque
2864 1406 3276 1486 mysteriorum
3305 1426 3610 1473 sacrorum

227 1493 321 1554 τὰς
368 1489 559 1557 ἆῦλοος
588 1494 675 1549 καὶ
721 1493 987 1571 οὐρανίους
1046 1497 1324 1575 ἱεραρχιας
1386 1494 1597 1558 ύλικοϊς
1630 1496 1880 1574 σχήμασι

2004 1493 2223 1581 rincipi
2252 1494 2689 1575 constitutioni,
2736 1495 3162 1558 immateriales
3220 1499 3614 1581 caelestesque

228 1582 317 1636 καὶ
352 1594 588 1661 μορφαῖς
631 1582 943 1663 παραδώσῃ,
1005 1583 1151 1644 ὅπως
1205 1583 1481 1662 ἀναλόγως
1531 1584 1636 1640 ἀπό
1680 1585 1878 1641 τούτων

2005 1580 2333 1645 ierarchias
2356 1584 2761 1647 materialibus
2778 1584 2983 1664 ﬁguris
2997 1603 3066 1649 ac
3086 1585 3293 1648 formis
3316 1605 3384 1650 ex
3394 1580 3617 1670 ponere

227 1675 336 1726 τῶν
367 1673 522 1749 ἱερῶν
553 1676 840 1729 τυπώσεων
874 1673 960 1730 ἐπὶ
1015 1675 1109 1737 τὰς
1155 1673 1462 1753 ἆτιξπώτους
1494 1675 1581 1731 καὶ
1612 1674 1876 1753 ἀσχημα-

2009 1680 2151 1751 tpro
2184 1680 2359 1753 captu
2393 1681 2598 1736 nostro
2625 1674 2701 1735 ab
2730 1673 2896 1737 hisce
2910 1678 3095 1737 sacris
3113 1675 3621 1741 eﬁ'ormationibus

230 1746 442 1823 τίστους
486 1760 809 1840 ἀναχθῶμεν
866 1763 1172 1841 ἀναγωγάς.
1237 1746 1390 1842 ἱὈρα
1442 1764 1566 1843 γὰρ,
1614 1746 1919 1862 ποιῖήσεὶς,¹

2004 1746 2391 1862 [ι’ῑυνιηεὶιιῐη
2418 1754 2869 1862 ﬁgurarumque
2895 1772 3171 1862 expertes
3186 1783 3478 1862 anagogas
3497 1776 3623 1831 tra-

229 1852 359 1927 φησὶ
389 1897 407 1929 ,
458 1852 593 1907 κατά
637 1852 727 1907 τὸν
768 1852 935 1909 τύπον
992 1855 1082 1909 τὸν
1125 1851 1404 1934 δειχθέντα
1453 1869 1560 1909 σοι’
1618 1853 1733 1910 ἐπεὶ
1803 1848 1919 1928 μὴ’

2006 1853 2871 1934 ucamur.Ecce,enim,inquit,
2878 1854 3067 1933 facies
3078 1857 3409 1919 secundum
3422 1874 3626 1921 exem-

230 1937 450 1996 δοιατόν
492 1940 605 1996 ἐστι
634 1942 712 2015 τῷ
753 1942 997 2020 ἡμετέρῳ
1041 1946 1127 1999 νο³ι
1174 1945 1303 2021 πρὸς
1344 1944 1442 2011 τὴν
1486 1941 1645 1999 ἅῦλον
1675 1943 1882 2009 ἐκείνην

2012 1939 2112 2002 lar
2134 1942 2289 2020 quod
2319 1942 2429 2005 tibi
2457 1948 2864 2005 monstratum
2910 1950 2996 2006 est
3034 1957 3098 2007 οε
3136 1945 3622 2028 quandoquidem

231 2028 575 2104 ἆνυψωθήναι
621 2032 944 2089 κατάστασιν
987 2032 1226 2108 ἀμέσως,
1281 2035 1358 2106 μὴ
1417 2031 1501 2089 διά
1556 2054 1716 2089 τινων
1748 2035 1885 2111 μορ-

2004 2031 2102 2091 leri
2125 2049 2243 2092 non
2278 2032 2464 2111 possit
2484 2040 2549 2092 ut
2568 2049 2738 2094 meus
2764 2041 2966 2096 nostra
2978 2033 3051 2095 ad
3068 2033 3519 2098 immateriatam
3534 2036 3622 2099 is-

233 2125 346 2198 φῶν
377 2122 468 2176 καὶ
511 2122 816 2199 σχημάτων
868 2123 1378 2202 χειραγωγουμένῳ,
1427 2125 1516 2179 καὶ
1559 2121 1892 2199 λογιζομένῳ

2004 2138 2094 2181 am
2111 2120 2603 2183 constitutionem
2621 2120 2966 2185 immediate
2981 2122 3471 2204 subrigatur,nisi
3494 2125 3621 2187 for-

234 2208 295 2263 ἐκ
338 2209 541 2265 τούτων
590 2210 792 2269 ἐκεῖνα·
839 2214 904 2269 τὰ
934 2212 1032 2288 μὲν
1076 2212 1373 2292 φαινόμενα
1416 2211 1618 2289 κάλλη,
1665 2215 1763 2279 τὴν
1794 2218 1887 2268 τοῦ

2004 2210 2084 2270 riis
2103 2208 2455 2289 quibusdam
2489 2229 2559 2274 ac
2580 2210 2791 2289 ﬁguris
2820 2212 2987 2293 quasi
3014 2230 3193 2275 manu
3221 2213 3399 2276 ducta
3422 2214 3622 2290 fuerit,

235 2306 383 2379 ναοῦ,
425 2298 589 2377 λέγω,
636 2299 903 2370 καλλονὴν
951 2304 1039 2359 καὶ
1092 2301 1440 2381 εὐπρέπειαν,
1468 2302 1890 2376 ἁπεικονίσματα

2004 2306 2033 2360 τι
2054 2317 2123 2360 ex
2150 2299 2242 2360 his
2268 2300 2368 2361 illa
2390 2301 2745 2380 conjecerit.
2777 2301 2973 2382 Atque
2995 2312 3353 2383 apparentes
3381 2304 3624 2383 quidem

236 2394 335 2455 τῆς
381 2390 615 2469 ἀφανοῦς
658 2392 941 2470 εὐμορφίας
987 2392 1197 2472 ἔχοντι·
1234 2393 1325 2454 τὰς
1370 2390 1425 2447 δὲ
1449 2391 1530 2448 διὰ
1570 2397 1677 2448 τῶν
1707 2396 1891 2467 θυμια-

2004 2388 2726 2471 ιιιιειιτὶιυόίιιεε,ιεηιριί,
2749 2389 2907 2462 dico.
2947 2399 3320 2455 venustatem
3347 2410 3417 2455 ac
3439 2392 3625 2456 deco-

238 2480 426 2555 μάτων
470 2480 711 2554 εὐωδίας,
760 2487 856 2558 τῇς
927 2482 1127 2550 νοητῆς
1170 2479 1457 2545 διαδόσεως
1504 2482 1884 2556 ἐκτυπώματα·

2004 2496 2101 2539 ειη
2112 2478 2383 2558 ,occultze
2396 2478 2556 2540 illius
2572 2480 2908 2542 venustatis
2920 2480 3210 2560 imagines
3225 2500 3348 2564 prae
3359 2500 3425 2545 se
3441 2482 3624 2559 ferre;

236 2569 526 2628 διαδίδοται
570 2572 670 2651 γὰρ
732 2577 759 2630 ὁ
830 2576 1104 2654 φωτισμὸς
1171 2577 1376 2654 ἐαεϊσε,
1451 2577 1523 2638 ὡς
1593 2574 1817 2631 ἐνταῦθα
1857 2574 1889 2640 ἡ

2007 2584 2181 2628 naves
2214 2585 2352 2628 vero
2384 2568 2829 2647 thymiamatum
2876 2569 3113 2644 odores,
3148 2570 3449 2650 spiritalis
3497 2589 3632 2633 esse

238 2659 454 2719 εὖωδία“
498 2663 565 2719 τὰ
607 2661 662 2718 δὲ
692 2670 798 2720 τῶν
849 2671 1029 2743 κηρῶν
1082 2668 1167 2722 καὶ
1211 2668 1304 2722 τοῦ
1346 2664 1524 2722 ἐλαίου
1578 2671 1750 2744 φῶτα,
1797 2668 1891 2739 τῇς

2004 2656 2313 2719 raditionis
2352 2658 2767 2736 efﬁgiationes:
2808 2658 3637 2723 traditurenimillicillustra-

238 2753 585 2833 φωτοχυσίας
629 2752 836 2821 ἐκείνης
888 2755 1087 2828 εἰκόνα,
1120 2756 1207 2812 καὶ
1250 2754 1348 2822 τῆς
1396 2756 1529 2812 κατὰ
1572 2760 1694 2811 νοῦν
1724 2752 1891 2810 πάλιν

2004 2745 2593 2827 io,quemadmodum
2611 2746 2709 2809 hic
2722 2747 2926 2809 odoris
2952 2747 3265 2828 fragantia.
3299 2751 3629 2813 Cereorum

235 2847 579 2920 θεωρητικῆς
622 2842 964 2920 πλησμονῆς
1012 2846 1073 2901 τὸ
1118 2867 1218 2924 γαρ
1262 2845 1321 2901 ἐκ
1379 2844 1570 2922 μέρους
1619 2844 1762 2900 ’ἐστιν
1805 2840 1893 2898 ὅτε

2004 2844 2173 2899 ιιιῑειη
2204 2836 2444 2915 oleique
2476 2835 2793 2899 luminaria
2825 2845 2964 2899 sunt
2992 2838 3152 2901 illius
3176 2837 3635 2902 illuminationis

239 2934 329 2989 καὶ
374 2934 514 3007 ἡμῖν
544 2935 1056 3011 καταργηθήσεται,
1102 2936 1241 2991 κατὰ
1282 2936 1374 2990 τὸν
1419 2932 1767 2991 Ἀπόστολον⁹
1802 2933 1895 2998 τὰς

2004 2926 2288 3007 magines,
2322 2928 2409 2988 uti
2430 2927 2606 2989 etiam
2641 2925 2807 2989 illius
2827 2927 3335 3009 contemplativa,
3366 2947 3500 3005 qua
3531 2947 3632 2992 se-

240 3018 533 3087 διεξοδικὰς
591 3022 905 3103 μαθητείας,
972 3024 1067 3088 τὰς
1135 3022 1218 3079 διὰ
1260 3030 1367 3079 τῶν
1429 3022 1711 3103 ὁρωμένων
1756 3044 1893 3102 πρα-

2004 3016 2242 3079 :undum
2264 3024 2527 3078 mentem
2556 3016 3039 3092 est,saturitatis:
3074 3018 3356 3098 quoniam
3387 3018 3446 3080 id
3480 3019 3638 3101 quod

241 3112 468 3189 γμὰτων
500 3094 795 3189 καὶήλόγων
837 3094 1168 3192 πλατυτέρας
1198 3094 1636 3180 ἀποδείξείςίτίς
1669 3112 1724 3169 δέ
1755 3094 1919 3169 ἐστιν¹

2004 3124 2056 3168 sx
2078 3114 2243 3186 parte
2264 3106 2704 3187 est,aliquando
2729 3115 2788 3169 et
2807 3094 3346 3182 nobis,secundum
3376 3094 3636 3189 Aposto-

241 3203 279 3268 ἡ
321 3202 630 3277 θεωρητικὴ
674 3211 767 3261 τοῦ
797 3204 915 3267 νοὸς
945 3200 1236 3280 πλησμονή
1270 3222 1287 3284 ς
1336 3202 1417 3260 ὅτι
1445 3201 1629 3284 δῆλον,
1676 3204 1901 3274 ζητῶνὸ

2009 3194 2523 3259 um.evecuabitur
2550 3213 2600 3258 ο.
2636 3196 2877 3260 Βὶίΐιιεω
2910 3215 3089 3277 porro
3141 3196 3473 3279 disciplima
3500 3208 3641 3262 sunt

245 3300 367 3357 νοῦς
441 3293 561 3369 περὶ
610 3291 716 3348 τῶν
773 3294 946 3369 θείων,
990 3296 1079 3351 καὶ
1133 3296 1344 3372 θεωρῶν
1401 3295 1602 3358 οὗτινος
1662 3296 1905 3350 ὁπωσοῦν

2004 3284 2246 3348 fusiores
2258 3286 2518 3348 visarum
2543 3303 2745 3347 rerum
2777 3304 2848 3349 ac
2877 3303 3224 3348 sermonum
3257 3286 3637 3350 demonstra-

246 3379 609 3461 ἒπίδράξεται,
695 3381 989 3463 πληροῦται
1060 3382 1115 3438 ἐν
1175 3383 1361 3442 ἐκείνω
1431 3385 1518 3441 καὶ
1573 3383 1899 3463 κορέννυται,

2004 3374 2502 3455 liones,Qua3nam
2534 3383 2731 3438 autem
2778 3382 2874 3437 est
2922 3375 3378 3456 contamplativa
3422 3377 3641 3440 mentis

246 3474 309 3531 Τί
351 3472 456 3550 γάρ
486 3470 599 3527 ἐστι
630 3476 737 3528 τῶν
793 3473 971 3549 θείων,
1003 3471 1133 3552 ὅπερ
1183 3473 1289 3554 οὐχ
1317 3477 1581 3554 ὑπεραίρει
1619 3475 1713 3535 τὸν
1755 3479 1898 3546 νοῦν,

2004 3464 2270 3527 satietas?
2295 3464 2531 3545 quando
2564 3464 2848 3527 nimirum
2876 3482 2974 3527 res
3012 3464 3241 3527 divinas
3270 3482 3443 3528 mens
3467 3465 3637 3529 inve-

245 3563 338 3621 καὶ
381 3562 482 3630 τὴν
503 3560 681 3642 ἔφεσιν
712 3562 891 3642 αὑτοῦ,
925 3561 1119 3644 λίχνην
1142 3564 1325 3644 οὖσαν,
1357 3563 1549 3631 ’ίστησι
1581 3564 1668 3620 καὶ
1710 3561 1903 3642 κορέν-

2004 3554 2254 3635 ttigat,et
2284 3571 2391 3633 per
2421 3554 2985 3636 contemplationem
3019 3554 3329 3637 quidpiam
3358 3573 3643 3638 compre-

248 3673 414 3726 νυσις
459 3652 697 3731 καθάπερ
767 3650 1005 3736 εἴρηται·
1062 3652 1370 3729 Ἐμνήσθην
1440 3660 1534 3711 τοῦ
1595 3659 1749 3730 Θεοῦ,
1817 3653 1903 3710 καὶ

2004 3644 2791 3736 εειιάἰι,ι·ερ1εῐιιιιηυιὶ‹ιιιε
2849 3646 2941 3707 10
2981 3662 3051 3736 ac
3102 3652 3428 3709 saturatur.
3488 3644 3644 3736 Quid

248 3742 571 3821 εὖφράνθην’
627 3740 717 3797 καὶ
778 3734 960 3800 πάλιν.
1034 3738 1292 3818 Ἐδίψησέ
1362 3762 1422 3798 σε
1466 3742 1501 3810 ἡ
1546 3742 1700 3822 ψυχή
1773 3764 1901 3817 μου,

2004 3735 2148 3797 anim
2169 3743 2259 3798 est
2276 3752 2479 3799 rerum
2506 3734 2866 3812 divinarum,
2888 3734 3046 3817 quod
3077 3752 3199 3797 non
3232 3743 3492 3798 mentem
3526 3735 3645 3799 ele-

249 3829 553 3895 ποσαπλῶς
597 3827 652 3885 δὲ
708 3832 744 3898 ἡ
776 3828 901 3909 σάρξ
946 3852 1073 3906 μου.
1119 3833 1262 3907 Διψᾷ
1306 3832 1341 3900 ἡ
1388 3832 1566 3912 ψυχὴ,
1608 3833 1695 3888 καὶ
1745 3833 1908 3908 ὶμπι-

2004 3832 2289 3905 tet,atque
2336 3826 2611 3888 affectum
2675 3826 2832 3906 ejus,
2867 3823 2973 3906 qui
3012 3823 3282 3906 quedam
3312 3824 3500 3891 fames
3530 3831 3643 3901 est,

249 3922 480 3992 πλᾶται,
528 3921 601 3983 ὡς
650 3918 852 3999 ἔχουσα
895 3918 1169 3988 ἐπιτήδεια
1215 3920 1410 4000 δοχετα
1451 3928 1558 3978 τῶν
1613 3923 1764 3979 θείῶν
1814 3920 1907 3977 ἐν-

2004 3914 2159 3977 sistat
2189 3922 2247 3977 et
2275 3914 2575 3979 exsatiet?
2620 3914 3129 3997 quemadmodum
3181 3913 3470 3996 scriptum
3500 3922 3591 3977 est
3624 3935 3639 3979 :

257 4018 439 4070 νοσῶν·
472 4008 603 4087 διψᾷ
632 4011 666 4077 ἡ
702 4008 850 4088 σὰρξ,
884 4008 1023 4069 ἀλλὰ
1080 4009 1372 4075 ποσαπλῶς
1404 4012 1536 4089 πρὸς
1568 4011 1667 4079 τὴν
1697 4013 1904 4091 ψυχήν·

2004 4005 2232 4070 Memor
2260 4007 2353 4085 fui
2386 4005 2580 4069 Dei.et
2610 4003 2943 4067 delectatus
2968 4022 3103 4067 sum
3128 4003 3155 4048 (ι
3197 4022 3213 4080 ;
3288 4012 3348 4067 et
3374 4003 3592 4066 iterum
3629 4021 3645 4067 :

256 4101 375 4160 οῦδὲ
409 4101 511 4180 γὰρ
568 4098 684 4178 ἔχει
735 4098 1008 4180 ὑποδοχῇς
1042 4098 1477 4180 ἐπιτηδειότητα,
1500 4145 1512 4155 .
1534 4100 1656 4169 ξένη
1700 4118 1910 4159 παντα-

2004 4094 2293 4171 Sitivitin
2316 4101 2373 4157 te
2396 4096 2611 4157 anima
2662 4110 3006 4175 mea,quam
3064 4092 3495 4174 multipliciter
3536 4091 3651 4156 tibi

254 4196 433 4250 πασιν
497 4188 630 4245 οὖσα
671 4189 803 4266 πρὸς
870 4191 965 4255 τὰς
1036 4191 1177 4255 θείας
1244 4193 1334 4247 καὶ
1375 4192 1574 4258 νοητὰς
1620 4190 1906 4269 ἐμφάσειςο

2004 4182 2481 4248 caromea°.Sitit
2501 4183 2703 4245 anima
2724 4202 2793 4245 ac
2837 4186 3125 4265 repletur,
3162 4190 3371 4263 utpote
3420 4180 3651 4244 habens

252 4282 376 4340 ὃθεν
406 4282 521 4353 καὶ,
552 4283 627 4345 ὡς
685 4282 995 4361 ὑστεροῦσα,
1031 4280 1111 4337 ἀεὶ
1155 4280 1542 4357 ἐπιτεταμένην
1592 4281 1691 4348 τὴν
1738 4280 1915 4361 ἔφεσιν

2004 4272 2521 4356 sptareceptacula
2543 4271 2879 4335 divinarum
2900 4272 3347 4351 cogitationum:
3365 4271 3490 4333 sitit
3511 4287 3650 4332 caro

254 4373 409 4455 ἔχει,
444 4371 472 4428 δ
503 4368 558 4427 δὲ
588 4371 705 4434 νοῦς
751 4368 961 4448 πλήρῃς
981 4360 1213 4452 γίνεται,
1248 4370 1451 4437 οὗτινος
1483 4370 1545 4426 ἂν
1566 4371 1654 4427 καὶ
1683 4360 1915 4445 ἅψηται,

2004 4365 2107 4455 sed
2132 4382 2310 4455 quam
2354 4361 2768 4455 multipliciter
2820 4369 3108 4455 respectu
3121 4360 3394 4455 animae;
3459 4376 3655 4455 neque

258 4448 474 4529 Ϋαύτης
519 4463 608 4518 οὖν
648 4466 748 4526 τῆς
791 4448 1115 4538 πλησμονῆς
1174 4448 1373 4527 είκόνες
1433 4462 1562 4519 εὶσὶν
1609 4462 1663 4518 αἱ
1697 4460 1781 4517 διὰ
1810 4468 1917 4517 τῶν

2004 4453 2162 4517 enim
2196 4451 2781 4533 habetaptitudinem
2800 4450 3304 4529 recipiendi,cum
3322 4448 3653 4513 sitomnino

256 4554 442 4633 λόγων
500 4550 815 4630 ἀποδείξεις,
875 4563 996 4617 τοῖς
1051 4550 1439 4631 ἐπιχειρήμασι
1498 4550 1915 4626 πλατυνόμεναι.

2004 4557 2286 4607 extranea
2334 4542 2552 4604 divinis
2581 4550 2641 4605 et
2670 4540 3043 4633 apiritalibus
3092 4538 3651 4633 insinuationibns:

258 4644 378 4713 Τῆς
442 4640 501 4698 δὲ
554 4641 636 4697 ἀεὶ
689 4642 780 4699 καὶ
835 4642 1087 4705 ὡσαύτως
1148 4642 1384 4721 ἱχούσης
1439 4642 1528 4698 καὶ
1585 4640 1919 4719 τεταγμένης

258 4733 493 4809 πρὸστὰ
522 4735 642 4789 θεῖα
669 4730 852 4812 ἕξεως,
889 4730 973 4810 (οὗ
1030 4732 1130 4811 γὰρ
1182 4730 1368 4797 ἀταξία
1419 4753 1498 4794 τις
1532 4730 1733 4805 ἐκεῖσε,
1798 4728 1920 4787 ἀλλ’

262 4823 577 4903 ἐναρμόνιος
608 4821 735 4897 ἕξις,
769 4824 842 4884 ὡς
876 4821 956 4878 ἀεὶ
1012 4823 1129 4899 περὶ
1189 4822 1316 4879 asta
1371 4820 1476 4878 τῶν
1522 4822 1673 4878 θείων
1724 4820 1921 4896 μενόν-

262 4938 403 4995 των,
460 4919 570 4970 τῶν
626 4911 903 4987 ἢμετέρων
960 4909 1015 4975 ἐς
1074 4909 1315 4979 διηνεκεῖ
1364 4911 1460 4988 ῥοῇ
1516 4908 1920 4991 φαινομένωνο)

260 5008 470 5065 τούτων
492 5002 581 5061 οὗν
612 5007 719 5060 τῶν
756 5001 1093 5080 τεταγμένων
1150 4998 1307 5068 ἕξεων
1354 5002 1560 5066 εἰκόνας
1610 5001 1704 5064 τὰς
1742 4997 1920 5057 ἐνθάδε

264 5096 473 5177 ἔχομεν
503 5092 701 5168 τάξεις,
733 5092 856 5157 τοὶς
886 5091 1176 5171 ἱερατικούς
1232 5091 1491 5172 βαθμοὺς,
1539 5092 1630 5153 τὰ(
1678 5091 1916 5171 στάσεις,

263 5189 363 5252 τὰς
422 5179 699 5262 καθέδρας,
734 5184 829 5248 τὰς
875 5180 1093 5257 στολὰς,
1150 5181 1237 5238 καὶ
1294 5178 1347 5237 εἴ
1408 5203 1457 5238 τι
1488 5181 1918 5256 τοιουτότροπον,

265 5288 439 5355 αἵπερ
482 5274 583 5341 τὴν
614 5272 758 5338 uite
806 5269 1214 5351 ἀπαράλλακτον
1266 5268 1475 5351 ἔχουσι,
1520 5272 1604 5329 καὶ
1636 5269 1785 5335 τέλος
1829 5274 1924 5338 τῆς

2003 4640 2367 4715 quapropter
2386 4640 2664 4712 tanquam
2691 4630 3201 4710 egena,intentum
3217 4647 3458 4711 semper
3477 4626 3660 4691 habet

2003 4723 2356 4806 appetitum,
2392 4738 2563 4784 mens
2610 4730 2810 4783 autem
2865 4737 3108 4802 semper
3152 4718 3329 4802 plena
3386 4725 3478 4780 est
3523 4717 3659 4798 ejus

2004 4813 2162 4896 quod
2213 4810 2633 4893 apprehendit.
2709 4808 2900 4891 Hujus
2956 4826 3098 4890 ergo
3155 4806 3442 4870 satietatis
3499 4806 3658 4869 ima-

2004 4905 2174 4984 gines
2203 4909 2360 4977 sunt,
2397 4918 2745 4964 sermonum
2795 4898 3346 4963 demonstrationes
3412 4897 3662 4960 rationi-

2004 4992 2117 5057 bus
2137 4992 2614 5056 dilatattePorro
2636 4991 2690 5071 ej
2699 5009 2765 5052 us
2778 5008 2911 5071 qum
2923 5005 3165 5070 semper
3181 4995 3241 5050 et
3255 4986 3467 5050 eodem
3483 4993 3659 5049 modo

2004 5102 2070 5147 se
2102 5083 2455 5146 habetrecte
2471 5080 2794 5143 addivinas
2835 5096 2935 5142 res
2961 5077 3251 5141 ordinatae
3292 5076 3661 5147 habitudinis

2006 5173 2201 5255 (nulla
2232 5172 2392 5236 enim
2431 5171 2515 5233 ibi
2539 5169 2926 5244 inordinatio,
2950 5167 3055 5231 sed
3097 5167 3343 5231 omnino
3370 5166 3666 5230 concinna

2009 5254 2780 5344 constitutio,quippecirca
2803 5259 2964 5322 idem
2979 5274 3220 5341 semper
3241 5256 3464 5322 divinis
3477 5254 3663 5319 rebus

267 5345 453 5436 Ἰησοῦ
483 5364 767 5441 μετουσίας
796 5362 895 5431 τὴν
921 5345 1063 5420 θείαν
1126 5345 1469 5437 μετάληψιν,
1500 5364 1568 5433 ἥν
1613 5360 1703 5419 καί
1746 5364 1919 5441 εὔχα-

2007 5351 2708 5434 manentibus,nobisque
2723 5348 2974 5441 perenni
2995 5345 3657 5441 ﬂuxu‘apparentibus),

267 5435 679 5541 ριστίανθέγει,
736 5454 811 5519 ὡς
858 5461 951 5511 τοῦ
1005 5435 1199 5530 Κορίοῦ
1255 5435 1413 5526 ἡμῶν
1440 5435 1612 5520 ἡνίκα
1640 5435 1918 5531 παρεδίδου

2004 5442 2917 5524 harum.inquam,ordinatarum
2930 5435 3349 5503 babitudinum
3363 5435 3659 5516 imagines

347 5654 373 5688 ³
434 5643 592 5709 Phil.
628 5662 715 5721 ill,
755 5644 850 5704 ιὸ.
888 5636 915 5683 δ
945 5638 1133 5707 Exod.
1175 5656 1306 5704 xxv.
1342 5640 1445 5704 40.
1476 5646 1497 5673 ⁸
1523 5636 1548 5701 Ι
1578 5637 1712 5703 Cor.
1747 5653 1853 5707 xu.
1886 5639 1910 5703 ί

2018 5652 2041 5684 ο
2066 5637 2424 5703 Psal.Lxxv1.
2463 5635 2520 5714 4,
2558 5651 2583 5682 ο
2615 5632 2773 5696 Psal.
2799 5646 2945 5695 ml.
2971 5631 3031 5696 2.
