4044 6152
436 254 548 334 139

1579 254 1640 334 S.
1689 255 2028 336 DIONYSII
2091 258 2621 340 AREOPAGITAE.

3691 267 3804 349 MO

424 402 732 493 vilioribus
762 401 1199 493 materiis,quas
1230 401 1304 467 ad
1338 403 1771 468 absurditatem
1798 415 1861 474 rt
1889 423 2062 487 spur-

2155 408 2497 481 ὁμοιότητες,
2556 409 2712 467 Ἀλλ’
2743 413 2777 480 ἡ
2817 411 2878 462 «Π
2925 416 3020 488 τῇς
3050 411 3300 480 ἀληθείας
3351 416 3425 477 ὡς
3468 419 3655 493 οἶμαι,
3699 422 3802 490 ζή-

423 492 654 570 citiam,
687 511 754 554 ac
775 491 1117 574 passionem
1145 493 1543 574 provocando,
1579 513 1687 575 per
1707 497 1904 559 omnia
1934 495 2062 557 dis-

422 581 652 644 similes
671 581 1477 661 ejuscemodielucidautium
1505 583 1879 665 eloquiorum
1904 585 2063 649 simi-

423 671 708 735 litudines
733 671 1106 733 describunt.
1144 671 1427 735 Veritatis
1459 674 1770 754 tamen,uti
1800 677 2060 747 reor,in-

422 761 656 840 dagatio
739 761 1116 824 demonstrat
1173 763 1635 824 sacratissimam
1689 764 2058 844 eloquiorum

421 850 805 930 sapientiam,
831 851 894 912 in
923 850 1252 914 cmlestium
1288 851 1685 914 emt-tionibus
1714 852 2057 934 intelligen-

422 940 662 1016 tiarum,
689 948 1007 1021 utrumque
1031 940 1376 1003 luculentur
1407 941 1762 1022 providisse,
1785 951 2061 1022 utneque

422 1035 664 1093 virtutes
687 1029 906 1091 divinae
935 1030 1021 1111 (ut
1047 1031 1128 1093 ita
1147 1031 1279 1113 quis
1309 1030 1543 1102 dixerit)
1573 1031 2064 1095 contumeliosius

421 1127 886 1182 extenuarentur
919 1140 935 1199 ;
972 1138 1168 1200 neque
1200 1137 1308 1182 nos
1331 1119 1501 1182 humi
1528 1121 1880 1202 repentibus
1903 1121 2059 1184 ima-

421 1210 622 1288 ginum
652 1209 976 1270 vilitatibus
1007 1208 1278 1272 tenacius
1329 1209 1733 1289 alligeremur.
1767 1210 2059 1275 Caeterum

386 1301 530 1380 fcur
582 1298 794 1360 merito
845 1299 1031 1378 ﬁgura
1083 1299 1432 1362 carentibus
1463 1300 1666 1380 ﬁgurae
1697 1349 1713 1378 ,
1747 1308 1808 1363 et
1838 1299 2064 1379 eﬁigies

386 1306 530 1360 "cur
582 1306 794 1360 merito
845 1306 1031 1378 ﬁgura
1083 1306 1432 1362 carentibus
1463 1306 1666 1380 ﬁgurae
1697 1349 1713 1378 ,
1747 1308 1808 1363 et
1838 1306 2062 1379 eiﬁgies

366 1306 759 1470 Sinefﬁgialis
777 1386 959 1449 rebus
989 1385 1266 1452 obductae
1294 1389 1666 1465 fuerint,non
1691 1389 1882 1452 solum
1916 1409 2062 1453 cau-

419 1494 545 1538 sam
566 1475 931 1558 dixeritquis
951 1495 1085 1540 esse
1105 1485 1371 1540 nostram
1396 1477 1898 1560 imbecillitatem,
1931 1496 2064 1563 qua:

421 1566 628 1648 nequit
653 1567 996 1630 immediate
1034 1567 1407 1648 spiritalibus
1434 1567 1754 1631 intendere
1799 1578 2064 1633 contem-

420 1655 1158 1738 plationibus,indigetque
1173 1656 1526 1738 propriislac
1551 1657 2062 1742 connaturalibus,

2148 519 2302 564 τησις
2361 497 2692 556 ἀποδείκνυσι
2766 501 2865 569 τήν
2924 507 3031 558 τῶν
3103 499 3298 580 λογίων
3348 505 3642 580 ἱερωτάτην
3711 530 3801 566 σο-

2148 592 2293 666 φίαν,
2351 591 2404 643 ἓν
2435 603 2559 648 ταῖς
2613 597 2720 646 τῶν
2773 591 3026 668 οὖρανίων
3083 591 3220 646 νόων
3266 594 3625 671 μορφώσεσιν,
3672 597 3802 652 ἑκα-

2146 676 2297 754 τέρου
2355 676 2551 755 κομιδῇ
2599 680 2992 758 προνοήσασαν,
3027 681 3100 742 ὡς
3161 682 3300 754 μήτε
3349 683 3421 744 εἰς
3483 685 3574 748 τὰς
3632 686 3792 760 θείας,

2145 765 2218 828 ὡς
2251 764 2312 821 ἂν
2350 769 2478 846 φαίη
2522 788 2630 840 τις,
2679 766 2935 845 ἑξυὸρίσαι
2993 767 3260 849 δυνάμεις,
3315 773 3452 844 μήτε
3511 774 3620 848 μὴν
3651 776 3791 849 ἡμᾶς

2145 855 2218 917 εἰς
2249 855 2344 917 τάς
2391 855 2764 934 χαμαιζήλους
2814 857 3066 932 ἐμπαθῶς
3097 856 3408 936 ἐμπαγῆναι
3439 867 3546 916 τῶν
3577 863 3793 920 εἰκόνων

2143 945 2554 1012 ταπεινότητας.
2613 943 2752 1004 "On
2810 945 2908 1020 μὲν
2964 947 3063 1026 γὰρ
3120 949 3339 1010 εἰκότως
3401 948 3791 1028 προϐέϐληνται

2145 1039 2251 1090 τῶν
2311 1032 2603 1092 ἆτυπώτων
2658 1036 2705 1092 οἱ
2775 1035 2948 1110 τύποι,
3024 1036 3110 1092 καὶ
3192 1038 3257 1092 τὰ
3343 1041 3607 1119 σχήματα
3690 1046 3794 1098 τῶν

2146 1120 2567 1202 ἂσχτιματίστων
2601 1172 2618 1204 ,
2691 1127 2752 1183 οὐ
2812 1124 2982 1200 μόνην
3045 1125 3212 1182 αἰτίαν
3263 1129 3392 1206 φαίη
3449 1150 3526 1190 τις
3586 1131 3648 1185 ἃν
3701 1133 3794 1189 εἶ-

2144 1234 2229 1268 ναι
2290 1213 2390 1282 τήν
2457 1211 2574 1270 καθ’
2645 1213 2790 1288 ἡμᾶς
2865 1213 3154 1293 ἀναλογίαν
3239 1215 3593 1276 ἀδυνατοῦσαν
3655 1220 3795 1296 ἀμέ-

2146 1323 2256 1365 σως
2312 1301 2397 1358 ἐπὶ
2436 1301 2530 1366 τὰς
2586 1303 2782 1370 νοτιτᾰς
2835 1301 3196 1360 ἀνατείνεσθαι
3253 1307 3495 1386 θεωρίας,
3543 1311 3631 1365 καὶ
3671 1308 3794 1366 δεο-

2147 1391 2317 1463 μένην
2355 1391 2560 1450 οἰκείων
2619 1392 2705 1449 καὶ
2765 1393 3016 1471 συμφυῶν
3072 1393 3389 1473 ἆναγωγιῶν
3443 1397 3527 1472 48,
3584 1400 3644 1454 αἳ
3698 1401 3789 1463 τὰς

2145 1481 2367 1559 ὶφικτας
2425 1481 2563 1556 ἡμῖν
2646 1480 2948 1562 μορφώσεις
3033 1484 3359 1560 προτείνουσι
3420 1493 3525 1543 τῶν
3615 1489 3793 1567 ἄμορ-

2147 1570 2338 1652 φώτων
2368 1571 2457 1626 καί
2483 1571 2758 1650 bi:quva
2806 1570 3085 1647 θεαμάτων
3121 1571 3200 1621 ‘9-
3236 1572 3360 1630 ἀλλ’
3389 1574 3471 1631 ὅτι
3502 1578 3592 1634 καὶ
3639 1580 3793 1634 τοῦτο

2145 1660 2271 1723 τοῖς
2331 1671 2614 1735 μυστικοῖς
2668 1660 2868 1738 λογίοις
2936 1660 3046 1718 ἐστὶ
3109 1661 3578 1740 πρεπωδέστατον,
3631 1669 3692 1722 τὸ
3725 1665 3790 1724 δι’

385 2993 404 3066 /

420 1745 640 1824 quibus
689 1745 976 1824 erigatur,
1007 1745 1388 1810 adminiculis
1435 1765 1541 1810 seu
1573 1747 1900 1828 anagogiis,
1933 1767 2062 1831 quae

2153 1751 2461 1827 απορῥήτων
2532 1751 2619 1806 καὶ
2700 1750 2856 1828 ἰερῶν
2937 1751 3262 1829 αἰνιγμάτων
3345 1753 3788 1832 ἀποκρύπτεσθαι,

420 1843 782 1914 perceptasa
808 1834 979 1896 nobis
1007 1835 1234 1914 efﬁgies
1255 1835 1594 1917 inefﬁgiatis
1623 1854 1692 1899 ac
1715 1848 2062 1919 supernatu-

2147 1843 2235 1898 καὶ
2294 1836 2488 1896 ἄϐατον
2567 1851 2688 1904 τοῖς
2771 1837 2997 1906 πολλοῖς
3069 1841 3266 1898 τιθέναι
3325 1865 3426 1910 την
3486 1846 3630 1921 ἱερὰν
3708 1849 3794 1903 καὶ

419 1923 645 2015 ralibus
668 1924 1029 2015 spectaculis
1048 1925 1442 2015 praetendant;
1480 1925 1585 1990 sed
1619 1925 1776 2010 quod
1809 1925 1922 1992 hoc
1947 1948 2062 2011 my.

2145 1929 2364 2010 κρυφίαν
2425 1933 2532 1985 τῶν
2579 1929 2946 2002 ὑπεριοσμίων
3001 1929 3136 1986 νόων
3167 1929 3443 2002 ἀλήθειαν.
3477 1933 3662 1996 "Ean
3692 1936 3792 2015 γὰρ
3865 1991 3869 1994 ,

423 2013 587 2075 sticis
612 2014 788 2076 etiam
825 2014 1080 2077 oraculis
1114 2013 1205 2076 vel
1236 2015 1498 2078 maxime
1528 2016 1861 2094 conveniat,
1894 2021 2062 2081 uti?)

2145 2019 2205 2077 οὔ
2254 2025 2358 2083 πᾶς
2418 2018 2580 2098 ιερὸς,
2639 2016 2756 2075 οὒδὲ
2815 2017 3050 2098 πάντων,
3111 2021 3183 2082 ὡς
3243 2021 3310 2076 τὰ
3351 2019 3508 2098 λόγια
3537 2013 3789 2104 φησιν,ἧ

421 2103 825 2165 ineliabilibns
855 2113 912 2166 et
948 2104 1135 2166 sacris
1179 2104 1591 2185 mnigmatibus
1619 2105 1972 2190 recondant,
2006 2117 2062 2172 et

2146 2109 2365 2188 γνῶσις.
2456 2107 2513 2165 Εἰ
2571 2107 2624 2164 δὲ
2707 2108 2801 2166 τὰς
2878 2106 3311 2189 ἆπεμφαινούσας
3395 2103 3790 2192 εἰγονογραφίας

419 2192 787 2254 inaccessam
833 2193 1006 2272 vulgo
1038 2193 1402 2256 constituant
1430 2212 1657 2257 sacram
1684 2195 1845 2258 illam
1878 2206 1937 2260 et
1957 2215 2059 2260 ar-

2145 2197 2432 2258 αἰτιάτοιτό
2483 2219 2588 2269 τις,
2621 2194 2873 2254 αἰδεῖσθαι
2923 2196 3093 2275 λέγων
3146 2197 3443 2257 ἀνατιθέναι
3498 2205 3563 2258 τὰ
3621 2203 3788 2268 οὕτως

421 2300 629 2344 canam
644 2283 1260 2362 supermundanarum
1278 2284 1565 2346 mentium
1583 2283 1892 2348 veritatem
1906 2285 2062 2362 .Qui-

2145 2291 2341 2369 αἷτχρᾶ
2398 2287 2734 2366 μαριρώματα
2807 2300 2930 2349 ταῖς
2998 2287 3251 2344 θεοειδέσι
3319 2291 3407 2348 καὶ
3465 2292 3789 2369 ἁγιωτάταις

422 2372 568 2434 libet
590 2372 750 2436 enim
780 2391 899 2435 non
921 2379 1012 2435 est
1032 2383 1501 2455 sanctus,neque
1522 2373 1882 2456 omnium,ut
1911 2376 2062 2442 Ora-

2145 2378 2582 2452 διακοσμήσεσιν
2614 2375 2834 2454 ἀπόχρη
2879 2375 3008 2448 πρὸς
3070 2374 3227 2431 αἰπὺν
3257 2377 3452 2451 εἰπεῖν,
3488 2382 3560 2441 ὡς
3617 2378 3790 2442 διττὸς

411 2461 560 2526 .cula
591 2463 1162 2538 testantur,scientia
1190 2475 1283 2526 est
1310 2463 1338 2506 ¹ί
1369 2505 1386 2523 .
1420 2465 1606 2526 Porro
1633 2463 1684 2525 si
1721 2465 1854 2545 quis
1883 2465 2062 2531 abso-

2147 2469 2257 2526 ἐστι
2289 2474 2386 2532 τῆς
2448 2467 2590 2542 ἱερᾶς
2635 2464 2976 2544 ἐκφαντορίας
3022 2463 3049 2519 ὃ
3081 2466 3300 2543 τρόπός.

420 2545 527 2612 nas
559 2552 954 2630 efﬁgiationes
983 2552 1714 2642 improbarit,pudendum
1746 2571 2045 2642 asserens,
2093 2568 2212 2623 tam
2265 2555 2458 2638 turpia
2489 2551 2882 2615 deiformibus
2912 2553 3423 2636 sanctissiinisque
3454 2557 3798 2620 adornatio-

421 2641 601 2703 nibus
632 2644 916 2722 afﬁngere
944 2641 1290 2725 simulacra,
1319 2643 1468 2707 satis
1515 2642 1595 2707 sit
1623 2641 1708 2706 illi
1739 2641 2106 2727 reposuisse,
2141 2648 2440 2729 duplicem
2478 2660 2612 2705 esse
2644 2660 2830 2705 sacrm
2857 2642 3016 2706 illius
3049 2645 3308 2724 mystica)
3357 2648 3792 2710 manifestatio-

421 2733 514 2794 nis
533 2731 772 2794 modum
785 2781 799 2794 .

419 2748 514 2794 IIIS
533 2748 799 2796 modum.

2012 2844 2043 2925 §
2085 2840 2186 2910 Ill.

499 2998 694 3067 Unum
718 3001 985 3084 quidem,
1017 2999 1144 3083 qui,
1178 3009 1243 3065 ut
1281 3018 1387 3084 par
1412 3007 1531 3084 est,
1564 3018 1672 3082 per
1700 3001 1932 3068 similes
1959 3021 2061 3066 sa-

2227 2995 2285 3065 Ὀ
2315 3003 2438 3081 μὲν,
2469 3002 2541 3066 ὡς
2593 3002 2755 3076 εἰκὸς,
2787 2999 2872 3058 διὰ
2912 3004 3020 3060 τῶν
3077 3002 3273 3080 ὁμοίων
3325 3004 3526 3083 προϊὼν
3579 3009 3790 3088 ἰεροτύ-

421 3109 656 3154 crarum
681 3095 1000 3171 ﬁgurarum
1025 3091 1315 3172 imagines
1330 3091 1878 3174 procedit;alterum
1896 3112 2062 3174 vero,

421 3187 519 3261 qui
555 3200 661 3262 per
691 3181 1014 3244 dissimiles
1045 3181 1485 3244 eﬁ'ormationes
1543 3179 1617 3242 ad
1657 3181 2064 3246 omnimodam

343 3275 346 3288 ’
420 3271 973 3334 dissimilitudinem
997 3282 1054 3333 et
1071 3271 1534 3352 discrepantiam
1551 3271 2067 3351 efﬁngitur.Deni-

421 3378 538 3438 que
561 3361 959 3423 venerandam
985 3371 1363 3442 superessent
1374 3360 1506 3423 ialis
1529 3360 1776 3423 Deitatis
1807 3361 2064 3424 beatitu-

423 3451 1084 3530 dinem,elucidantium
1105 3450 1483 3532 eloquiorum
1511 3450 1772 3532 mysticae
1804 3451 2065 3514 traditio-

421 3557 530 3600 nes
547 3540 865 3620 aliquando
888 3540 1129 3620 quidem
1185 3549 1250 3602 ut
1298 3539 1561 3602 Verbum
1594 3549 1654 3601 et
1685 3548 1973 3614 mentem,
2007 3549 2064 3605 et

421 3627 809 3691 substantiam
833 3628 1562 3710 laudant,convenientem
1593 3631 1718 3692 Deo
1751 3631 2062 3694 rationali-

420 3725 599 3782 tatem
625 3727 802 3800 atque
832 3719 1181 3799 sapientiam
1207 3717 1338 3798 ejus
1364 3717 1770 3796 declarantes;
1806 3738 1918 3783 nec
1942 3739 2062 3783 non

422 3807 820 3871 essentialiter
849 3817 1152 3870 essentem
1176 3808 1672 3881 exsistentiam,et
1689 3826 1890 3871 rerum
1911 3811 2065 3872 exsi-

422 3897 656 3959 stentiaa
688 3916 926 3959 causam
962 3915 1193 3977 veram,
1224 3905 1404 3977 atque
1457 3897 1642 3959 instar
1693 3897 1843 3960 lucis
1872 3898 2060 3978 ipsam

423 3986 798 4066 eilingunt,et
834 3987 1006 4048 vitam
1037 3985 1300 4068 apellant
1328 4006 1342 4043 :
1405 3986 1742 4066 cuiusmodi
1776 3987 2064 4067 ﬁgmenta

423 4093 623 4151 sacra;
657 4094 790 4139 cum
825 4076 1067 4158 quidem
1101 4075 1288 4155 magis
1309 4093 1571 4154 congrua
1599 4077 1739 4152 sint,
1776 4079 2063 4140 materia-

2145 3121 2262 3157 πων
2303 3094 2542 3154 εἰκόνων·
2598 3096 2625 3150 ὁ
2670 3093 2724 3148 δὲ
2755 3092 2840 3151 διὰ
2891 3097 3291 3171 τῶν,ὰνομοίων
3346 3101 3687 3179 μορφοποιῶν
3713 3123 3791 3164 εις

2145 3189 2209 3246 τὸ
2265 3183 2539 3249 παντελῶς
2593 3180 2660 3234 50
2685 3182 2936 3250 ἀπεοικὸς
2987 3186 3074 3244 καί
3103 3187 3442 3266 ἆπεμφατνον
3472 3187 3788 3264 πλαττόμε-

2147 3299 2257 3342 νος.
2293 3273 2509 3350 Ἀμέλει
2557 3274 2644 3329 καὶ
2702 3273 2802 3340 τὴν
2841 3271 3132 3350 σεϐασμίαν
3161 3277 3259 3342 τῆς
3293 3278 3597 3353 ὕπερουσίου
3626 3282 3790 3357 θεαρ-

2146 3366 2274 3448 χίας
2295 3363 2667 3442 μακαριότητα
2690 3367 2795 3419 τών
2845 3364 3240 3442 ἔκφαντορικῶν
3269 3364 3465 3442 λογίων
3511 3369 3562 3422 αἱ
3593 3390 3789 3442 μυστι-

2145 3457 2233 3512 καὶ
2289 3452 2603 3534 παραδόσεις
2675 3451 2804 3508 ποτὶ
2855 3453 2953 3527 μὲν
3007 3454 3082 3516 ὡς
3132 3453 3302 3531 Λόγον
3372 3458 3460 3511 καί
3519 3463 3640 3513 νοῦν
3704 3458 3792 3514 καὶ

2146 3545 2324 3604 οὐσίαν
2351 3545 2605 3621 ὑμνοῦσι,
2647 3540 2749 3610 τὴν
2795 3544 3062 3621 θεοπρεπῆ
3111 3541 3406 3620 λογιότητα
3456 3546 3544 3602 καὶ
3602 3549 3788 3625 σοφίαν

2143 3637 2307 3711 αὖτῇς
2350 3631 2628 3706 δηλοῦσαι,
2687 3631 2777 3688 καί
2831 3629 2996 3694 ὅντως
3048 3633 3206 3689 οὖσαν
3244 3631 3485 3712 ὕπαρξιν,
3545 3635 3791 3703 καὶ.τῆς

2142 3728 2250 3780 τῶν
2278 3722 2445 3780 ὄντων
2471 3719 2742 3800 ὑπάρξεως
2772 3721 2939 3778 αἰτίαν
2969 3719 3250 3796 ἀληθινὴν,
3296 3724 3384 3780 καὶ
3427 3722 3513 3775 50'
3543 3725 3618 3790 ὡς
3673 3731 3792 3806 φῶς

2145 3812 2306 3881 αὐτὴν
2344 3807 2762 3883 ἀναπλάττουσι,
2819 3809 2908 3866 καὶ
2934 3810 3080 3882 ζωὴν
3133 3811 3488 3871 ἀποκαλοῦσιο
3522 3819 3629 3869 τῶν
3666 3835 3792 3870 τοι·

2144 3901 2314 3958 ούτων
2338 3901 2494 3978 τερῶν
2551 3896 2984 3974 ἂναπλασμάτων
3043 3900 3375 3979 σεμνοτέρων
3424 3903 3522 3975 μὲν
3593 3901 3787 3977 ὄντων,

2141 3992 2232 4050 καὶ
2279 3995 2384 4048 τῶν
2443 3986 2722 4067 προσύλων
2779 3987 3106 4069 μορφώσεων
3153 3990 3495 4069 ὁπερκεϊσθαί
3540 4014 3656 4054 πως
3689 3991 3789 4048 δο-

2143 4081 2402 4153 κούντωθ,
2429 4075 2760 4136 ἀποδεόντων
2803 4075 2857 4134 δὲ
2899 4079 2988 4136 καί
3019 4077 3158 4136 οὕτω
3205 4084 3304 4149 τῆς
3333 4084 3628 4162 θεαρχιιιῇς
3657 4084 3790 4160 πρὸς

421 4165 702 4247 libusque
725 4165 931 4244 ﬁguris
961 4164 1326 4228 antecellere
1357 4165 1794 4247 quodammodo
1815 4167 2062 4230 videan-

2146 4168 2398 4238 ἀλήθειαν
2429 4167 2730 4250 ἐμφερείας’
2787 4165 2894 4233 ’ἑςτι
2943 4168 3042 4248 γὰρ
3084 4169 3214 4248 ὑπὲρ
3259 4175 3432 4227 πᾶσαν
3487 4171 3667 4228 οὐσίαν
3697 4175 3789 4229 καὶ

423 4263 543 4332 tur,
577 4265 840 4318 attamen
872 4255 1136 4317 velutsic
1162 4255 1338 4318 etiam
1369 4273 1404 4317 a
1430 4255 1640 4318 divinae
1659 4255 2062 4321 similitudinis

2147 4259 2311 4331 ζωὴν.
2375 4255 2583 4320 οὒδενὸς
2631 4256 2730 4333 μὲν
2789 4257 2953 4326 αὐτὴν
3029 4261 3200 4338 φωτὸς
3269 4261 3788 4338 χαρακτηρίζοντος,

421 4346 666 4408 veritate
699 4344 1311 4427 deﬁciunt;siquidem
1332 4344 1567 4408 excedit
1591 4363 1831 4407 omnem
1847 4363 2062 4409 essen-

2147 4349 2345 4412 παντδς
2376 4347 2430 4404 δὲ
2462 4346 2622 4424 λόγου
2647 4348 2734 4404 καὶ
2793 4353 2883 4404 νοῦ
2937 4346 3036 4415 τῆς
3069 4348 3386 4422 ὁμοιότητος
3419 4352 3581 4416 αὐτῆς
3613 4350 3788 4428 ἀσυγ-

421 4435 560 4496 tiam
593 4443 652 4498 et
681 4438 1082 4516 vitam,neque
1105 4435 1293 4516 ipsam
1317 4434 1437 4498 ulla
1459 4434 1552 4496 lux
1595 4434 1898 4516 exprimit,
1931 4454 2062 4498 om-

2148 4439 2340 4516 κρίτως
2391 4434 2852 4511 ἀπολειπομένων.
2935 4437 3072 4495 Ποτέ
3130 4437 3187 4492 τὲ
3251 4449 3374 4500 ταῖς
3427 4437 3699 4514 ἀνομοίοις
3732 4439 3784 4483 Μ

421 4525 632 4606 nisque
655 4526 803 4586 ratio
827 4545 892 4586 ac
912 4527 1026 4588 vita
1056 4525 1128 4586 ab
1163 4525 1293 4605 ejus
1323 4523 1719 4587 similitudine
1750 4525 2062 4606 incompa-

2145 4526 2516 4605 ὶχφαντορίαις
2576 4525 2677 4582 ὑπὸ
2746 4530 2855 4581 τῶν
2933 4525 3105 4582 αὒτῶν
3161 4525 3357 4605 λογίων
3420 4529 3797 4606 ὑπερκοσμίως

421 4613 1470 4695 rabiliterdesciscit.Nonnunquam
1506 4631 1644 4675 vero
1673 4613 2062 4676 dissimilibus

2148 4617 2420 4692 ὑμνεῖται,
2453 4615 2678 4692 ἀόρατον
2725 4613 2914 4694 αὖτάν,
2945 4616 3034 4671 καί
3077 4615 3318 4696 ἄπειρον,
3381 4617 3467 4672 καὶ
3498 4617 3791 4696 ἆχώρητον

423 4703 896 4760 elucidationibus
919 4705 989 4760 ab
1021 4701 1224 4760 iisdem
1247 4703 1490 4775 eloquiis
1521 4702 2062 4775 supermundialiter

2148 4705 2582 4778 ἀποκαλούντων,
2631 4704 2718 4760 καὶ
2761 4704 2828 4763 τά
2889 4703 3066 4784 ἒξὼν,
3124 4705 3183 4762 οὔ
3242 4708 3291 4762 τί
3347 4707 3514 4786 ἐστιν,
3547 4706 3686 4764 ἀλλὰ
3739 4709 3793 4765 τί

423 4789 930 4866 celebratur,dum
963 4792 1122 4854 illam
1157 4791 1522 4855 invisibilem
1553 4792 1603 4874 ¹,
1637 4791 2062 4855 etinﬁnitam

2145 4797 2242 4852 οὒκ
2271 4793 2402 4872 Eni,
2456 4793 2795 4869 σημαίνεται.
2828 4803 2994 4852 Τοῦτο
3053 4796 3177 4874 γὰρ,
3236 4797 3308 4862 ὡς
3352 4800 3531 4872 οἶμαι,
3567 4799 3653 4854 καὶ
3685 4820 3790 4858 κυ-

423 4890 483 4943 et
511 4879 1176 4960 incomprehensibilem
1207 4891 1236 4923 η
1271 4881 1592 4962 appellant,
1628 4891 1689 4944 et
1743 4900 1813 4943 ex
1844 4881 2062 4963 quibus

2145 4884 2394 4964 ριώτερόν
2469 4881 2612 4940 ἐστιν
2661 4879 2746 4938 ἐπ’
2804 4886 3012 4951 αὒτῆς·
3076 4883 3330 4963 ἐπείπερ,
3381 4887 3456 4950 ὡς
3501 4887 3535 4953 ἡ
3601 4887 3792 4966 κρυφία

425 4989 543 5033 non
569 4970 708 5051 quid
741 4972 965 5053 est,sed
997 4971 1137 5053 quid
1169 4990 1288 5034 non
1325 4980 1416 5035 est
1438 4972 1829 5053 signiﬁcatur.
1860 4973 2061 5054 Atque

2145 4975 2296 5042 καὶὴ
2346 4971 2586 5054 ἱερατικὴ
2659 4970 2949 5050 παράδοσις
3013 4973 3356 5055 ὑφηγήσατο,
3415 4976 3477 5031 τὸ
3536 4975 3636 5052 μὲν
3693 4979 3792 5034 οὒκ

508 5135 535 5176 κ
566 5133 588 5196 Ι
618 5134 756 5196 Cor.
789 5147 913 5210 Vill,
957 5134 1012 5195 7.
1048 5135 1108 5199 ιι
1137 5134 1290 5200 Tim.
1323 5151 1402 5216 τι,
1439 5132 1538 5198 16.
1568 5141 1599 5171 ³
1637 5131 1795 5200 Psal.
1828 5149 2023 5213 CXLIV,
2060 5131 2160 5200 13.
2194 5148 2223 5181 ιι
2253 5131 2424 5198 Rom.
2463 5148 2550 5214 xx,
2582 5132 2684 5201 33.

1737 5293 1997 5363 VARIE
2039 5293 2478 5365 LECTIONES.

507 5457 567 5508 47
600 5457 822 5544 legein
853 5459 1196 5544 nominandi
1230 5479 1390 5544 casu,
1424 5478 1720 5544 consensu
1768 5461 2202 5544 exemplarium
2326 5461 2387 5510 48
2431 5459 2540 5523 Ch.
2569 5459 2727 5544 eti).
2756 5460 3077 5544 a'wrfmycbv.
3122 5456 3185 5544 ἦε)
3212 5465 3318 5517 τῶν
3349 5461 3594 5544 stativum.
3623 5453 3799 5544 50]).

428 5538 708 5622 παντελές.
743 5541 827 5591 50’
860 5542 1159 5622 Praeponit
1186 5542 1434 5606 Budaeus
1463 5543 1593 5599 ποτὲ
1621 5541 1698 5621 δέ,
1746 5543 1904 5618 quod
1939 5537 2088 5608 nulli
2140 5541 2379 5606 codices
2407 5549 2509 5604 aut
2539 5539 2641 5602 alii
2671 5541 3030 5620 interpretes
3062 5537 3310 5604 habent.
3370 5541 3426 5594 5|
3467 5541 3537 5604 D.
3576 5549 3636 5601 et
3681 5541 3801 5607 Ch.

429 5620 657 5681 addunt
727 5624 836 5698 καὶ,
873 5620 1146 5695 sim—rora
1189 5623 1243 5680 δὲ
1279 5624 1364 5679 καὶ
1393 5635 1514 5685 ταῖς
1548 5624 1632 5680 ἂν.
