4044 6152
404 352 512 419 151

1577 355 1641 419 S.
1686 354 2034 421 DIONYSII
2074 354 2612 424 AREOPAGITE.

3685 361 3795 426 152

391 500 503 564 ter,
525 485 771 550 verbum
794 487 953 563 οἶμαι
985 487 1320 550 secundum
1352 493 1612 565 veteres)
1647 488 1903 570 primum
1941 509 2049 553 ex-

2142 491 2455 574 παλαιοὺς),
2488 499 2699 575 πρῶτον
2730 492 2991 566 ἐκθέσθαι,
3026 492 3141 551 τίνα
3190 494 3286 569 μὲν
3318 496 3409 551 τὸν
3442 497 3539 565 τῆς
3581 496 3790 565 ἁπάσης

392 595 822 659 ponere,quem
840 576 1130 639 universa:
1147 584 1262 639 tam
1280 584 1579 640 terrestris
1593 598 1766 660 quam
1785 580 2043 643 caelestis

392 667 746 731 hierarcbize
800 685 1047 747 sc0pum
1083 666 1449 729 arbitremur
1500 666 1905 749 (arbitremur
1952 671 2045 731 20

393 771 593 823 autem
644 758 811 839 dixit,
850 777 952 838 pro
987 777 1092 819 sua
1122 758 1532 838 philosophica
1575 761 1663 823 vel
1700 762 1892 841 potius
1922 761 2044 824 Deo

393 851 587 914 amica
610 848 1165 929 modestia);quidve
1182 850 1366 930 prosit
1385 849 1663 929 quaelibet
1686 851 2047 913 hierarchia-

391 958 525 1001 rum
550 940 706 1016 (sive
725 938 1027 999 coelestem
1056 938 1300 1011 dixeris,
1334 937 1460 1000 sive
1483 941 1772 1020 nostram)
1811 940 1899 1002 sui
1927 942 2046 1003 ini-

395 1029 708 1091 tiatoribus
756 1027 1119 1090 initiatisve:
1161 1027 1383 1089 deinde
1430 1046 1571 1092 vero
1605 1029 1926 1093 dicendum
1974 1031 2050 1094 de

392 1117 743 1181 cmlestibus
774 1117 1154 1197 hierarchiis,
1182 1118 1350 1196 juxta
1383 1118 1563 1198 illam,
1594 1138 1768 1199 quam
1802 1120 1962 1182 deiis
1989 1121 2048 1183 in

395 1208 589 1271 sacris
619 1207 837 1270 litteris
861 1207 1151 1268 habemus
1178 1207 1718 1271 manifestationem
1750 1218 1925 1291 atque
1955 1229 2052 1271 ex-

393 1298 818 1378 planationem.
857 1299 941 1358 De
973 1294 1093 1358 illis
1124 1306 1320 1359 autem
1351 1297 1624 1379 loquens,
1661 1298 1851 1361 utitur
1872 1300 2052 1363 verbo

391 1389 624 1462 ὑμνῆσαι
663 1406 679 1463 ;
711 1385 848 1466 quia
882 1386 957 1447 de
992 1404 1059 1447 re
1086 1386 1241 1448 bona
1272 1387 1457 1468 loqui,
1493 1388 1745 1467 hymnus
1775 1391 1899 1452 sive
1927 1391 2051 1452 laus

391 1476 531 1538 boni
566 1484 656 1538 est
686 1496 703 1549 ;
753 1476 900 1537 sicut
937 1474 1012 1536 de
1043 1494 1109 1537 re
1139 1494 1314 1556 prava
1344 1477 1523 1537 verba
1555 1477 1775 1555 facere,
1808 1480 2042 1560 vitupe-

391 1565 546 1627 rium
582 1572 671 1627 est
698 1565 857 1628 mali.
892 1564 978 1626 De
1007 1564 1293 1643 angelicis
1323 1566 1521 1646 itaque
1552 1566 1886 1649 divinisque
1919 1571 2039 1628 vir-

2131 583 2219 639 καὶ
2277 585 2477 661 γηίνης
2526 584 2615 640 καὶ
2656 584 2895 662 οὐρανίου
2950 584 3225 664 ἷεραρχίας
3283 585 3489 642 σκοπὸν
3542 587 3777 661 οἷόμεθα“

2135 673 2376 749 (οἰόμεθα
2428 670 2484 729 δὲ
2514 672 2667 749 εἷπε,
2712 674 2853 733 κατὰ
2915 672 3210 753 φιλόσοφον
3241 674 3275 743 ἢ
3307 673 3552 754 φιλόθεον
3586 675 3790 751 μᾶλλον

2130 761 2504 840 μετριασμόν)·
2554 763 2643 819 καὶ
2693 762 2745 818 τί
2791 761 2991 842 ὠφελεῖ
3048 764 3247 831 ἑκάστη
3320 771 3425 820 τῶν
3482 767 3790 846 ἱεραρχιών,

2131 850 2230 909 κᾶν
2273 856 2374 921 τὴν
2422 853 2662 931 οιόρανῖαν
2724 850 2914 933 εῗπῇς,
2969 851 3068 909 κᾶν
3126 854 3221 921 τὴν
3284 853 3402 910 καθ’
3462 856 3627 929 ἡμᾶς,
3673 856 3792 917 τοὺς

2131 941 2387 1006 τελεστὰς
2439 946 2627 1010 αὐτῆς·
2690 941 2915 1011 καθεξῆς
2971 942 3026 999 δὲ
3098 944 3272 1002 εἰπεῖν
3321 946 3439 1023 περὶ
3496 950 3602 1001 τῶν
3635 944 3791 1022 οὖρα-

2133 1034 2256 1089 νίων
2341 1032 2658 1112 ἱεραρχιῶν,
2694 1033 2830 1089 κατὰ
2899 1032 2995 1099 τῆν
3071 1033 3242 1090 αὖτῶν
3299 1034 3642 1114 ἐκφαντορίαν
3707 1035 3793 1091 καὶ

2133 1121 2370 1193 δήλωσιν
2418 1126 2518 1191 τὴν
2547 1121 2602 1180 ἐν
2658 1135 2784 1187 ταῖς
2814 1123 2991 1200 ἁγίαις
3024 1128 3287 1204 Γραφαῖς.
3331 1126 3404 1182 Τὸ
3460 1134 3586 1203 γοῦν
3616 1126 3788 1181 εἰπεῖν

2137 1214 2257 1291 περὶ
2307 1209 2508 1269 τούτων
2565 1212 2798 1286 ὑμνῆσαι
2846 1210 3015 1291 λέγει,
3069 1210 3147 1270 ὅτι
3207 1213 3267 1269 τὸ
3316 1214 3433 1289 περὶ
3489 1211 3654 1270 καλοῦ
3704 1216 3784 1270 εἰ-

2133 1314 2259 1360 πεῖν
2290 1299 2453 1379 ὕμνος
2514 1298 2682 1358 καιλοῦ
2712 1299 2875 1357 ἐστιν’
2910 1300 3088 1380 ὥσπερ
3127 1303 3186 1358 τὸ
3219 1303 3334 1380 περὶ
3385 1308 3552 1358 κακοῦ
3580 1301 3782 1379 λέγειν,

2131 1391 2301 1470 ψόγος
2361 1399 2529 1450 κακοῦ
2555 1389 2694 1453 ἐστι.
2730 1387 2907 1450 Ταῦτὸ
2951 1401 3077 1467 γοῦν
3108 1392 3170 1447 τὸ
3214 1393 3386 1448 εἰπεῖν
3429 1394 3517 1449 καὶ
3553 1393 3785 1467 ὑμνῆσαι

2131 1482 2251 1559 περὶ
2309 1486 2416 1537 τῶν
2448 1478 2750 1559 ἂγγελικῶν
2808 1480 2896 1535 καὶ
2945 1480 3097 1536 θείων
3153 1478 3448 1556 δυνάμεων.
3486 1481 3784 1537 Μετέπειτα

2124 1569 2179 1628 δέ
2242 1570 2354 1650 χρὴ
2411 1571 2608 1643 εἰπεῖν,
2645 1570 2853 1633 ὁποίαις
2905 1569 3108 1625 εἶκόσεν
3157 1572 3207 1625 αἱ
3250 1571 3380 1646 ἱεραῖ
3432 1573 3630 1648 Γραφαὶ
3682 1571 3777 1634 τὰς

393 1654 620 1718 tutibus
641 1653 818 1716 verba
838 1652 1224 1731 facere,idem
1240 1664 1375 1716 esta
1389 1665 1524 1737 tque
1544 1674 1643 1717 eas
1663 1656 1924 1721 laudare.
1953 1659 2036 1718 Ad

2134 1661 2360 1739 >ὒρανίας
2419 1657 2803 1734 διακοσμήσεις
2858 1659 3276 1739 σχηματίζουσι,
3311 1660 3561 1737 καὶπρὸς
3623 1661 3784 1717 ποίαν

392 1744 522 1808 1]ωο
573 1743 922 1820 dicendum,
971 1744 1187 1825 quibus
1217 1744 1423 1807 feriris
1481 1764 1664 1808 sacra;
1720 1749 2041 1828 Scriptura)

2134 1749 2402 1823 ξπλότητα
2447 1746 2532 1805 διὰ
2565 1747 2674 1805 τῶν
2703 1747 3039 1821 πλασμάτων
3091 1749 3289 1804 τούτων
3321 1746 3386 1814 δὴ
3439 1756 3546 1804 τῶν
3590 1752 3779 1805 συνθε-

394 1834 671 1897 caalestes
701 1833 944 1895 ordines
974 1835 1267 1911 ﬁgurant;
1295 1844 1354 1895 et
1382 1835 1457 1896 ad
1486 1836 1724 1916 qualem
1758 1837 2040 1917 simplici-

2134 1862 2230 1906 των
2283 1838 2608 1918 ἆναγόμεθαο
2656 1840 2799 1911 οἷον,
2834 1836 3062 1916 λέγομεν
3112 1839 3277 1918 τυχὸν
3328 1838 3507 1910 ἀετὸν,
3543 1838 3786 1894 σύνθετόν

395 1931 576 1985 tatem
615 1941 722 2004 per
743 1941 844 1985 eas
866 1924 1086 1985 formas
1107 1942 1240 2005 quae
1270 1925 2036 2003 efﬁnguntur,revocemur:

2134 1952 2175 1987 τι
2231 1926 2483 2007 λέγομεν
2525 1925 2747 2001 νοοῦμεν
2801 1925 2864 1982 τὸ
2919 1925 3189 2007 ὀξυδερκὲς
3237 1927 3326 1983 καὶ
3384 1926 3772 2005 ὑπερηρμένον,

396 2013 561 2077 verbi
594 2001 805 2092 gratia,
841 2001 1224 2077 nominamus
1254 2001 1721 2092 forte'aquila’m,
1751 2020 2039 2097 composi-

2134 2020 2254 2098 πρὸς
2309 2001 2596 2085 ἆπλότητσι
2644 2016 2970 2094 ἀναγόμεθα,
3003 2001 3126 2075 "ore
3182 2017 3282 2094 γὰρ
3338 2001 3494 2094 λέγοι
3546 2001 3647 2095 τις,
3680 2001 3767 2071 ἵνα

396 2114 521 2166 tum
553 2103 791 2185 aliquod
810 2101 1300 2183 dicimus,mente
1320 2123 1460 2167 vero
1484 2123 1590 2186 per
1612 2110 1770 2168 visus
1790 2125 2042 2169 acumen

2134 2111 2433 2188 νοήσωμεν,
2465 2106 2678 2171 πάντως
2726 2104 2919 2184 λόγους
2951 2107 3272 2173 συντίθησιν*
3330 2105 3418 2161 ὅτε
3448 2103 3503 2161 δὲ
3548 2107 3610 2161 τὸ
3667 2106 3770 2183 ῥηι-

397 2202 456 2256 et
470 2192 888 2257 excellentiam
905 2193 974 2255 ad
990 2193 1433 2273 simplicitatem
1450 2194 1826 2260 adducimur.
1855 2197 2046 2270 Quan-

2134 2201 2215 2258 θὲν
2274 2198 2516 2278 νοηθείη,
2546 2195 2787 2264 ἀπλοΐκή
2817 2196 2955 2252 κατὰ
3003 2197 3093 2251 τὸν
3130 2202 3245 2252 νοῦν
3277 2194 3313 2261 ἦ
3345 2194 3519 2251 ἔννοια
3550 2194 3776 2274 γίνεται’

396 2283 472 2346 do
500 2283 657 2346 enim
684 2282 814 2363 quis
840 2281 1196 2364 loquitur,ut
1216 2283 1886 2362 intelligamus,omnino
1914 2307 2042 2348 ser-

2134 2290 2217 2346 καὶ
2267 2286 2496 2364 μᾶλλον,
2528 2284 2616 2343 ὅτε
2656 2284 2801 2342 ἁπλᾶ
2851 2287 2945 2341 εἶσι
2980 2286 3067 2342 καὶ
3124 2284 3508 2364 ἀσχημάτιστα
3538 2287 3604 2341 τὰ
3655 2287 3769 2363 περὶ

406 2391 619 2437 mones
646 2371 1056 2437 adhibetzcum
1083 2382 1279 2435 autem
1303 2373 1361 2434 id
1388 2375 1542 2454 quod
1570 2375 1786 2439 dicitur
1819 2377 2046 2440 intelle-

2134 2381 2202 2436 ὧν
2232 2377 2484 2456 λέγομεν.
2520 2375 2578 2434 Εἰ
2608 2374 2706 2454 γὰρ
2759 2375 2846 2431 καὶ
2874 2375 2959 2430 επὶ
3009 2379 3115 2429 τῶν
3159 2377 3423 2441 αἰσθητῶν
3453 2372 3587 2430 οὕτω
3618 2384 3768 2434 νοοῦ-

395 2470 555 2527 ctum
612 2463 812 2539 fuerit,
847 2461 1097 2543 simplex
1129 2462 1189 2524 in
1224 2476 1424 2526 mente
1452 2465 1712 2545 cognitio
1759 2469 1993 2530 exsistit
2030 2489 2046 2544 ;

2134 2489 2228 2545 μεν
2283 2467 2420 2524 κατὰ
2455 2463 2632 2533 ἁπλῆν
2680 2486 2798 2522 τινα
2844 2461 3121 2536 ἐπιϐολὴν,
3155 2462 3308 2536 πόσῳ
3336 2486 3397 2541 γε
3457 2463 3663 2538 μᾶλλόν
3692 2464 3778 2521 ἐπὶ

397 2551 660 2616 maxime
692 2551 744 2613 si
797 2551 1097 2632 simplicia
1128 2553 1457 2630 ferrumque
1500 2556 1770 2635 expertia
1800 2557 1939 2638 sint,
1974 2558 2049 2619 de

398 2641 616 2725 quibus
648 2642 969 2719 loquimur.
1001 2640 1061 2705 Si
1094 2643 1254 2704 enim
1276 2661 1374 2704 res
1403 2644 1657 2706 sensiles
1678 2651 1756 2707 ita
1778 2665 1882 2727 per
1902 2651 2047 2708 sim-

397 2730 628 2814 plicem
684 2731 941 2812 aliquem
976 2739 1334 2812 conceptum
1382 2732 1797 2813 intelligimus,
1832 2747 2050 2816 quanto

403 2822 593 2901 magis
612 2838 710 2884 res
735 2820 1064 2902 spiritales?
1083 2820 1277 2893 Quare
1301 2841 1478 2903 porro
1513 2823 1859 2900 quairimus,
1889 2836 1948 2888 ut
1977 2827 2049 2887 ad

398 2909 837 2991 simplicitatem
870 2908 1243 2971 adducamur
1271 2917 1300 2975 ?
1330 2919 1391 2972 ut
1423 2930 1540 2972 non
1574 2911 1807 2974 accidat
1852 2913 2046 2989 nobis,

403 2999 565 3078 quod
595 2998 765 3078 vulgo
802 3015 902 3062 res
931 3016 1135 3060 sacras
1168 2999 1414 3078 profano
1447 2999 1623 3062 modo
1645 3001 1997 3082 intelligenti
2032 3024 2048 3086 ;

404 3108 518 3153 nec
550 3090 828 3170 inuentus
858 3089 1135 3150 caelestes
1167 3088 1299 3150 illas
1333 3088 1576 3152 virtutes
1609 3090 1824 3153 multos
1871 3093 2051 3173 pedes

2127 2564 2236 2614 τῶν
2291 2561 2542 2629 νοητῶν;
2599 2554 2697 2611 Διὰ
2726 2552 2860 2611 τίδὲ
2908 2560 3195 2628 ζητοῦμεν;
3229 2552 3373 2617 ὅπως
3428 2555 3559 2630 πρὸς
3607 2553 3785 2610 ἁπλό-

2129 2668 2267 2715 τητα
2297 2645 2658 2725 ἀναχθείημεν
2695 2663 2712 2719 ;
2758 2642 2852 2700 ’ίνα
2882 2645 2959 2718 μὴ
2987 2644 3240 2716 πάθωμεν
3275 2644 3361 2699 καὶ
3399 2645 3555 2718 ἡμεῖς
3586 2643 3773 2701 ταυτὸν

2131 2750 2248 2800 τοϊς
2297 2733 2524 2800 πολλοῖς
2554 2733 2772 2811 ἆνιέρως
2804 2735 2981 2791 νοοῦσι
3009 2732 3073 2788 τὰ
3119 2732 3252 2810 ἱερὰ,
3288 2730 3427 2789 ὥστε
3473 2730 3773 2797 πολύποδας

2133 2829 2220 2884 καὶ
2277 2823 2728 2904 πολυπροσώπως
2786 2819 3205 2896 ὑπολαμϐάνειν,
3262 2822 3353 2878 καὶ
3408 2821 3546 2877 κατὰ
3602 2823 3779 2890 κτήνη

2134 2909 2222 2965 καὶ
2275 2907 2432 2984 θηρία
2457 2900 2863 2978 ’τετυπωμένας
2934 2903 3028 2964 τὰς
3101 2901 3343 2979 οὐρανίας
3413 2900 3686 2975 δυνάμεις,
3748 2902 3782 2969 ἢ

2132 2998 2220 3054 καὶ
2260 2994 2430 3052 ἀετῶν
2479 2992 2625 3057 εἶδος
2676 2992 2932 3073 ἐχούσας,
2961 2990 2996 3058 ἢ
3056 2991 3141 3047 καὶ
3182 2996 3399 3057 πτηνῶν
3432 2993 3785 3070 πτερορξυὶλν,

2133 3086 2307 3150 καθὼς
2366 3083 2420 3140 ἐν
2473 3089 2550 3158 τῷ
2596 3079 2859 3154 Ἰεζεκιὴλ
2904 3079 3144 3158 εὕρηταιο
3193 3081 3279 3136 καὶ
3322 3080 3549 3160 τροχοὺς
3597 3080 3782 3158 πυρώ-

403 3187 465 3276 et
495 3177 734 3276 ωυιωῖ
735 3176 916 3239 facies
947 3176 1261 3276 habere,et
1288 3178 1359 3276 ad
1395 3178 1689 3276 pecudum
1714 3171 2049 3243 ferar‘uinve

2135 3174 2242 3241 δεις
2319 3173 2722 3254 δπιρουρανίους
2783 3171 3155 3251 φαντάζεσθαι,
3210 3171 3294 3226 καὶ
3384 3172 3595 3276 θρόνους
3652 3173 3783 3248 πρὸς

405 3269 629 3330 formas
651 3267 1010 3341 eﬁ‘ormatas,
1045 3267 1135 3328 vel
1166 3257 1496 3348 aquilarum
1530 3269 1791 3349 speciem
1826 3289 1949 3350 pra:
1990 3290 2049 3333 se

2136 3263 2412 3322 ἀνάκλισιν
2470 3259 2825 3335 ἐπιτηδείους,
2885 3261 2975 3316 καὶ
3026 3259 3252 3340 ἵππους,
3299 3259 3387 3315 καὶ
3443 3257 3780 3339 δορυφόρους,

403 3356 1013 3432 ferre,autvolucrum
1032 3356 2054 3440 plumescentiam,quemadmodum

405 3449 468 3512 in
521 3446 837 3510 Ezechiele
892 3447 1224 3528 repetitur;
1259 3458 1320 3508 et
1378 3468 1454 3511 ne
1511 3448 1840 3528 cogitemus
1897 3458 2058 3513 rotas

406 3538 695 3622 quasdam
719 3538 928 3618 igneas
948 3557 1129 3618 supra
1150 3538 1394 3612 uelum,
1429 3549 1489 3601 et
1516 3540 1697 3603 sellas
1720 3542 1793 3603 ad
1828 3543 2054 3603 seden-

407 3631 550 3693 dum
585 3627 1085 3708 accommodatas,
1115 3637 1292 3709 atque
1335 3646 1521 3710 equos
1550 3647 1619 3693 ac
1662 3632 1946 3693 satellites
1991 3643 2054 3695 et

405 3735 775 3799 quiscunque
806 3716 920 3778 alia
949 3736 984 3778 a
1014 3719 1320 3798 prophetis
1350 3718 1534 3780 sacris
1565 3720 1743 3782 variis
1767 3720 2049 3801 symbolis

406 3815 548 3871 sunt
578 3805 812 3869 tradita.
848 3804 1079 3868 Etenim
1115 3806 1336 3868 utiliter
1369 3808 1672 3887 theologia
1695 3809 1925 3873 similes
1954 3830 2051 3874 sa-

406 3914 540 3959 cras
580 3896 803 3958 formas
844 3894 1024 3956 rebus
1073 3895 1275 3973 ﬁgurae
1334 3898 1680 3975 expertibus
1722 3899 1998 3962 adhibuit
2031 3922 2048 3975 ;

406 3984 622 4067 partim
655 3984 920 4065 quidem,
956 3991 1020 4044 ut
1066 3984 1437 4063 intelligendi
1469 3985 1676 4048 virium
1711 3997 2045 4052 nostrarum

404 4071 655 4136 haberet
674 4073 961 4135 rationem
991 4096 1005 4144 ;
1044 4074 1254 4152 partim
1282 4092 1446 4155 vero,
1473 4082 1534 4136 ut
1558 4076 1852 4156 propriam
1883 4078 2051 4141 nobis

407 4170 466 4225 et
491 4162 940 4224 connaturalem
967 4162 1039 4224 ad
1063 4181 1324 4241 superna
1352 4165 1695 4243 penetrandi
1712 4167 1858 4227 viam
1895 4187 2050 4247 pra:-

411 4252 742 4332 pararet.ln
766 4260 1045 4332 quantum
1074 4251 1235 4312 enim
1260 4253 1543 4333 aquilam,
1574 4273 1625 4314 v.
1653 4276 1737 4333 g.,
1767 4259 2051 4339 nominat,

407 4341 525 4403 duo
568 4341 739 4402 nobis
790 4341 1045 4403 maxima
1104 4352 1384 4421 praestat:
1443 4343 1738 4423 siquidem
1789 4347 1957 4408 nobis
1979 4367 2046 4409 ex

2137 3356 2226 3412 καὶ
2281 3355 2378 3412 ὅσα
2427 3351 2565 3409 ἄλλα
2624 3351 2768 3429 παρὰ
2814 3352 2919 3407 τῶν
2979 3350 3131 3424 ἱερῶν
3183 3353 3471 3428 προφητῶν
3520 3346 3603 3406 διά
3630 3370 3783 3404 τινων

2138 3442 2396 3504 ποικίλων
2452 3437 2859 3519 παραδέδονται.
2916 3437 3015 3496 Καὶ
3064 3437 3163 3517 γὰρ
3213 3435 3525 3503 ἓπιτηδείως
3570 3438 3606 3505 ἡ
3661 3441 3787 3494 θεο-

2138 3535 2292 3614 λογία
2311 3547 2429 3598 τοῖς
2451 3531 2715 3595 τοιούτοις
2738 3532 2903 3608 ἱεροῖς
2925 3540 3339 3607 σχηματισμοῖς
3361 3526 3447 3583 ἐπὶ
3470 3532 3576 3582 τῶν
3601 3527 3784 3606 ἀσχη-

2137 3628 2406 3704 ματίστων
2453 3623 2751 3705 ἐχρήσατο,
2784 3618 2897 3694 ἅμα
2952 3618 3050 3694 μὲν
3083 3617 3178 3685 τὴν
3235 3615 3454 3691 δύναμιν
3483 3622 3576 3672 τοῦ
3635 3620 3778 3684 ἡμε-

2134 3715 2286 3794 τέρου
2334 3714 2451 3780 νοὸς
2504 3709 2840 3787 σκεψαμένη,
2879 3707 2992 3783 ἅμα
3047 3705 3102 3763 δὲ
3162 3706 3251 3764 καὶ
3306 3712 3398 3764 τοῦ
3445 3706 3636 3761 οἰκείου
3690 3706 3781 3762 καὶ

2135 3793 2401 3885 συμφυοῦς
2462 3803 2562 3868 τῆς
2619 3799 2908 3877 ἀναγωγῆς
2945 3796 3309 3875 προνοήσασα’
3372 3793 3463 3885 Ἐν
3517 3795 3628 3868 ὅσῳ
3686 3796 3786 3885 γὰρ

2135 3879 2282 3972 λέγει
2330 3892 2498 3971 τυχὸν
2557 3888 2736 3968 ἀετὸν,
2770 3886 2858 3944 δύο
2895 3885 3278 3955 κατασκευάζει
3307 3885 3371 3941 τὰ
3398 3884 3652 3961 μέγιστα,
3697 3879 3789 3939 καὶ

2131 3988 2270 4061 ἡμῖν
2317 3993 2435 4045 τοῖς
2490 3978 2736 4049 συνήθεσι
2795 3977 3031 4055 γνωρίζει
3063 3977 3129 4032 τὰ
3176 3974 3489 4061 πράγματα,
3521 3974 3612 4029 καὶ
3653 3973 3786 4029 τού-

2132 4092 2243 4139 τοις
2285 4069 2534 4152 φυλάττει
2563 4069 2627 4125 τὸ
2657 4066 2911 4147 συμφυές*
2945 4067 3006 4122 τὸ
3058 4064 3158 4143 γᾶρ
3187 4060 3455 4142 ὀξυδερκὲς
3486 4062 3574 4152 καὶ
3601 4062 3786 4141 ταχυ-

2133 4149 2408 4222 τατονῗκαὶ
2461 4162 2579 4217 οἷον
2627 4153 2989 4235 ὕπερηρμένον
3050 4159 3153 4210 τῶν
3202 4152 3453 4231 οὖρανίων
3497 4149 3781 4228 δυνάμεων

2133 4251 2508 4332 παρεδήλωσε,
2542 4249 2630 4305 καὶ
2659 4247 2743 4304 ἐπὶ
2767 4251 2872 4307 τῶν
2900 4243 3075 4300 ἄλλων
3105 4241 3161 4298 δὲ
3192 4242 3467 4305 ὡσαύτως,

2131 4330 2386 4411 assuetis
2414 4356 2513 4401 res
2540 4336 2701 4418 ipsas
2724 4333 3010 4412 declarat,
3043 4331 3259 4411 iisque,
3292 4330 3447 4411 quod
3481 4338 3779 4390 connatu-

406 4430 534 4492 rale
566 4439 875 4504 est,servat
906 4447 920 4492 :
959 4418 1185 4492 nam—et
1210 4433 1491 4495 cernendi
1513 4418 1773 4496 acumen
1807 4454 1874 4497 ac
1906 4438 2304 4516 celeritatem,
2326 4430 2600 4510 adeoque
2630 4423 3098 4505 praecellentiam
3134 4421 3415 4482 virtutum
3450 4418 3782 4481 Cwleslium

410 4518 765 4597 declaravit,
792 4529 970 4600 atque
1003 4521 1062 4581 in
1100 4521 1239 4583 aliis
1269 4522 1568 4588 similiter.

488 4604 805 4688 §ll.Hinc
837 4596 1138 4671 concludit
1193 4612 1487 4690 quomodo
1518 4622 1791 4692 oporteat
1824 4634 1930 4697 per
1960 4635 2049 4680 res

2218 4616 2248 4698 §
2305 4612 2381 4677 ΙΙ,
2442 4607 2710 4669 Ἐντεῧθεν
2766 4602 3168 4677 κατασκευάζει,
3229 4606 3344 4665 πῶς
3395 4598 3507 4678 χρῆ
3552 4599 3642 4654 καὶ
3700 4596 3789 4653 διὰ

411 4697 733 4761 dissimiles
757 4716 827 4759 ac
873 4707 1141 4759 terrenas
1174 4701 1453 4761 coclestes
1481 4702 1801 4782 explicare;
1837 4715 2050 4788 atque:

411 4787 581 4859 Quod
611 4788 661 4849 si
712 4790 795 4849 2|
838 4787 931 4848 cui
963 4787 1273 4849 videantur
1302 4809 1485 4852 sacra:
1515 4794 1753 4872 quidem
1788 4787 2055 4858 ﬁctiones

414 4877 1005 4957 compositionesque
1020 4877 1606 4958 approbandze,quasi
1625 4902 1739 4944 non
1753 4885 1865 4945 alio
1879 4906 2053 4965 quam

408 4965 523 5026 hoc
555 4966 754 5046 modo,
790 4967 868 5028 ita
900 4985 1034 5045 quae
1065 4970 1122 5027 in
1157 4986 1221 5028 se
1268 4980 1638 5052 permanent,
1673 4982 1731 5033 et
1760 4974 2058 5054 ineognita

413 5054 1053 5136 atqueinaspectaliilia
1072 5057 1667 5138 exsistunt,cognosci
1694 5066 2054 5143 queant,ab-

412 5144 623 5206 surdas
641 5154 833 5205 autem
853 5144 1154 5207 existimet
1178 5147 1540 5227 ejuscemodi
1561 5154 2049 5232 compositiones,

414 5232 502 5294 uti
532 5241 591 5295 et
609 5252 848 5295 omnem
881 5235 1039 5296 illam
1075 5238 1283 5298 rudem
1310 5238 1712 5316 angelicorum
1741 5242 2050 5305 nominum

410 5321 924 5388 adumbrationem
952 5324 1075 5387 sive
1097 5326 1676 5405 scenamSiquidem
1708 5338 1770 5391 ut
1794 5331 1851 5392 in
1875 5350 2055 5394 scena

414 5411 513 5474 alii
543 5424 680 5475 sunt
710 5414 807 5493 qui
840 5414 1075 5496 adsunt,
1107 5415 1358 5477 aliorum
1390 5436 1528 5479 vero
1570 5437 1857 5498 personas
1888 5423 2051 5483 rete-

413 5510 574 5578 runt,
603 5502 682 5564 ita
703 5512 759 5564 et
787 5502 881 5565 hic
905 5504 1018 5566 alia
1048 5505 1370 5586 proposita,
1398 5507 1500 5569 sed
1527 5507 1647 5570 alio
1672 5509 1846 5571 modo
1874 5530 2052 5592 quam

412 5592 715 5667 exsistant,
749 5594 1109 5658 referuntur.
1142 5596 1227 5658 Ac
1285 5597 1506 5660 decere
1548 5598 1792 5678 quidem
1840 5600 1942 5663 ille
1973 5602 2056 5664 ait

404 5682 741 5765 theologos,
775 5702 909 5748 cum
959 5703 1029 5748 ea
1060 5704 1192 5768 qua)
1248 5686 1435 5769 ﬁgura
1466 5697 1672 5753 carent
1717 5690 2055 5773 exprimere

2138 4687 2247 4765 τῶν
2302 4700 2570 4779 ἀνομοίων
2602 4697 2687 4754 καὶ
2738 4690 3036 4773 χθαμαλῶν
3068 4691 3400 4770 ἐκφαίνεσθαι
3445 4689 3509 4743 τὰ
3544 4687 3785 4764 οὖράτιαο

2138 4798 2227 4855 καί
2285 4777 2469 4875 φησίν·
2535 4789 2593 4847 Εἰ
2642 4784 2697 4841 δὲ
2750 4806 2850 4839 τινι
2903 4780 3053 4838 δοκεῖ
3118 4778 3478 4860 ἀποδέχεσθαι
3538 4777 3637 4852 μὲν
3696 4779 3791 4843 τὰς

2136 4868 2513 4965 ἱερογραφικὰς
2599 4874 2860 4938 συνθέσεις
2920 4871 3007 4927 καὶ
3080 4871 3146 4927 τὰ
3203 4868 3511 4944 πλάσματα,
3564 4869 3640 4928 ὼς
3714 4869 3796 4942 μὴ

2140 4953 2317 5037 ἄλλως
2365 4953 2512 5043 ἷνὸν,
2570 4966 2615 5022 εἰ
2667 4964 2744 5039 μὴ
2800 4959 2965 5024 οὕτως
3010 4960 3075 5016 τὰ
3122 4956 3266 5014 ἀπλᾶ
3321 4958 3410 5013 καὶ
3448 4953 3530 5035 ἐφ’
3589 4955 3794 5011 ἑαυτῶν

2142 5063 2391 5140 μένοντα,
2430 5057 2519 5115 καὶ
2569 5053 2811 5133 ἄγνωστα
2859 5051 2944 5140 καὶ
2997 5048 3273 5118 ἆθεώρητα
3320 5045 3658 5140 ὑπάρχοντα,
3692 5067 3795 5120 γι..

2139 5134 2454 5211 νώσκεσθαι⁹
2493 5146 2725 5206 ἀτόπους
2778 5140 2834 5197 δὲ
2868 5139 3041 5195 οἴεται
3074 5139 3170 5200 τὰς
3214 5136 3463 5199 τοιαύτας
3501 5134 3793 5213 συνθέσεις,

2137 5243 2226 5299 καὶ
2307 5245 2481 5297 πᾶσαν
2534 5236 2632 5303 τὴν
2704 5230 2978 5304 ἀπότομον
3054 5227 3253 5293 ταύτην
3329 5230 3437 5281 τῶν
3493 5221 3798 5300 ἄγγελικῶν

2137 5333 2415 5407 ὀνομάτων
2473 5324 2701 5394 σκηνήν.
2763 5319 2859 5383 Ὠς
2910 5319 3015 5407 γὰρ
3072 5316 3126 5373 ἒν
3171 5320 3267 5407 τῇΔ
3294 5318 3469 5389 σκηνῇ
3499 5310 3653 5407 ἄλλοι
3698 5312 3797 5407 μέν

2138 5402 2266 5478 εἶσι-ν
2313 5419 2362 5476 οἱ
2409 5413 2690 5491 παρόντες,
2720 5407 2928 5487 ἑτέρους
2978 5405 3029 5461 δὲ
3079 5404 3468 5483 ὑποκρίνονται·
3516 5402 3658 5458 οὕτω
3707 5402 3800 5457 καὶ

2138 5509 2357 5568 ἐνταῦθα
2387 5489 2524 5564 ἄλλα
2554 5500 2650 5578 μέν
2681 5500 2780 5557 εἶσι
2830 5498 2898 5554 τὰ
2924 5495 3276 5572 ὑποκείμενα,
3306 5493 3396 5549 καὶ
3442 5489 3798 5578 ἀλλοτρόπως

2135 5599 2409 5679 λέγονται.
2458 5577 2564 5655 Καὶν
2609 5590 2856 5671 πρέπειν,
2913 5585 3076 5679 φησὶν
3133 5582 3367 5679 ἐκεῖνος,
3398 5580 3545 5679 ,τοὺς
3604 5577 3799 5679 θεολό-

2136 5670 2289 5773 γους,
2331 5682 2688 5767 βουλομένους
2736 5678 2804 5736 τὰ
2855 5673 3186 5734 ἀνεικόνιστα
3245 5672 3525 5745 ιὶκονίσαι,
3572 5670 3799 5734 οἰκείοις
