4044 6152
373 395 483 462 155

1585 402 1646 467 S.
1691 403 2030 470 DIONYSII
2073 406 2604 474 AREOPAGITIE.

3639 413 3750 479 156

448 531 602 614 §I[I.
640 531 804 607 Quod
837 534 884 596 si
912 552 1050 597 vero
1075 537 1210 617 quis
1236 534 1799 620 admiseritquidem
1829 540 2003 602 talem

2169 541 2198 622 §
2237 554 2326 608 lli.
2388 546 2446 603 Εἰ
2475 545 2529 602 δὲ
2564 567 2639 612 τις
2685 545 2904 628 δέχοιτο
2936 548 3034 622 μὲν
3078 549 3178 617 τὴν
3211 549 3460 618 τοιαύτην
3522 546 3608 608 διὰ
3637 557 3744 608 τῶν

373 647 480 708 per
499 647 597 690 res
617 628 867 690 sensiles
899 647 1101 690 rerum
1125 628 1485 709 spiritalium
1518 632 2016 710 comprehensio-

369 737 530 799 nem,
565 718 669 780 sed
725 717 1027 798 improbet
1052 718 1339 781 duntaxat
1361 719 1652 782 absurdas
1683 720 2018 783 istiusmodi

366 809 686 871 formarum
751 810 1280 885 ﬁctiones,dicens,
1319 810 1661 891 pudendum
1719 830 1850 874 esse
1900 821 2014 875 tam

371 909 575 980 turpes
596 901 774 961 rebus
798 899 1191 961 deiformibus
1207 901 1422 980 ﬁguras
1443 902 1904 973 accommodari;
1930 902 2018 963 illi

368 988 592 1053 dictum
635 989 892 1050 sufﬁciat
936 989 1239 1069 duplicem
1270 1008 1402 1052 esse
1436 990 1861 1052 manifestandi
1885 1011 2020 1052 mo-

370 1079 508 1140 dum
523 1079 793 1150 ,alterum
816 1079 1055 1158 quidem
1077 1097 1146 1140 ex
1164 1078 1487 1154 similibus,
1520 1080 1774 1142 alterum
1793 1098 1932 1142 vero
1952 1099 2022 1142 ex

369 1167 756 1230 dissimilibus
808 1168 1013 1230 formis
1063 1167 1347 1232 edictum.
1405 1169 1520 1232 Ubi
1575 1169 1826 1232 observa
1891 1171 2018 1249 pri-

271 1300 278 1306 -
371 1257 705 1339 mum,quid
727 1257 799 1319 de
819 1260 938 1321 Deo
969 1259 1230 1339 mysticae
1249 1258 1699 1339 Scripturarum
1748 1260 2021 1322 traditio-

371 1347 841 1410 nesenuntient:
880 1348 1238 1428 quandoque
1259 1348 1500 1428 quidem
1528 1368 1596 1409 ex
1613 1348 1928 1430 similibus,
1963 1357 2025 1411 ut

367 1437 613 1498 verbum
639 1456 707 1500 ac
734 1437 1188 1517 mentem.juxta
1211 1438 1383 1501 illud:
1415 1439 1566 1514 Quis
1586 1445 1758 1502 novit
1779 1457 2025 1502 sensum

372 1527 500 1608 (seu
523 1529 814 1606 mentem)
831 1529 1117 1591 Domini°
1145 1535 1173 1593 ‘?
1205 1537 1261 1591 et
1294 1529 1633 1610 essentiam,
1663 1530 2020 1610 juxtaillud:

373 1617 505 1700 Ego
537 1638 670 1681 sum
718 1619 826 1699 qui
871 1637 1005 1680 sum
1031 1619 1056 1661 ά
1090 1637 1103 1680 :
1168 1619 1358 1698 ipsam
1402 1619 1780 1698 sapientiam,
1816 1627 1874 1681 et
1905 1638 2025 1680 non

371 1707 722 1790 simpliciter
738 1708 1387 1788 ratiocinationem,sed
1409 1709 1595 1787 ipsam
1616 1709 2027 1772 ratiocinatio-

2101 635 2368 701 αἰσθητῶν
2405 635 2627 692 εἰκόνων
2675 642 2780 694 τῶν
2811 645 3019 706 νοητῶν
3070 637 3401 716 κατάληψιν,
3437 640 3742 697 αἰτιάσαιτο

2100 720 2155 778 δέ
2208 723 2369 797 μόνον
2427 726 2522 790 τὰς
2583 727 2810 790 ἀτόπους
2842 728 3278 808 εἰκονογραφίας,
3337 729 3512 808 λέγων
3544 732 3616 794 εἰς
3653 733 3743 787 αἰ-

2100 813 2308 893 σχύνην
2339 815 2482 872 εἶναι
2514 817 2578 873 τά
2609 815 2778 884 οὕτως
2823 819 3023 898 αἰσχρά
3045 819 3384 895 εἰκονίσματα
3418 825 3536 885 τοῖς
3580 825 3749 878 θεοει-

2103 900 2240 990 δέσιν
2294 903 2640 963 ἀνατιθέναιο
2706 907 2864 986 ἀρκεῖ
2953 909 3128 965 εἰπεῖν
3214 910 3346 987 πρὸς
3433 910 3613 990 αὑτὸν,
3677 912 3748 973 ὼς

2103 989 2273 1056 διττος
2306 992 2416 1051 ἐστι
2447 999 2542 1061 τῆς
2603 995 2947 1075 ἐκφαντορίας
2979 999 3007 1054 ὁ
3061 997 3279 1074 τρόπος⁶
3343 1001 3372 1055 ὁ
3404 1000 3505 1074 μὲν
3554 989 3617 1056 εκ
3649 1005 3748 1056 τῶν

2103 1083 2324 1163 ὁμοίων,
2350 1085 2378 1139 ὁ
2407 1082 2461 1138 δὲ
2491 1082 2574 1140 διά
2606 1086 2713 1142 τῶν
2743 1087 3010 1158 ἀνομοίων
3067 1088 3444 1166 μορφωμάτων
3504 1089 3747 1146 πλαττό-

2104 1194 2284 1248 μενος.
2359 1174 2463 1234 Καὶ
2535 1172 2617 1230 ἴδε
2677 1182 2884 1252 πρῶτον
2939 1177 3026 1233 hri
3099 1184 3252 1252 Θεοῦ,
3287 1177 3337 1233 τί
3383 1176 3635 1254 λέγουσιν
3687 1179 3747 1235 αϊ

2104 1264 2350 1334 μυστικαὶ
2407 1269 2512 1318 τῶν
2561 1271 2782 1344 Γραφῶν
2838 1265 3182 1347 παραδόσεις·
3237 1267 3367 1324 ποτὶ
3417 1268 3516 1342 μὲν
3548 1267 3608 1325 ἐκ
3641 1274 3746 1324 τῶν

2105 1352 2327 1426 ὁμοίων,
2399 1352 2563 1432 λόγον
2634 1356 2723 1412 καὶ
2771 1362 2890 1413 νοῦν
2936 1357 3073 1414 κατά
3125 1359 3212 1435 τὸ,
3299 1366 3391 1422 τις
3444 1357 3583 1434 ἔγνω
3627 1365 3746 1414 νοῦν

2105 1441 2318 1519 Κυρίους
2354 1444 2442 1500 καὶ
2486 1443 2690 1519 οὖσίαν,
2750 1447 2888 1504 κατὰ
2936 1448 3021 1520 τὸ,
3069 1443 3215 1526 Ἐγώ
3257 1449 3366 1520 εἰμι
3410 1449 3438 1504 ὁ
3485 1447 3583 1504 ὤν’
3645 1448 3745 1515 τὴν

2107 1533 2444 1612 αὖτοσοφίαν,
2478 1535 2566 1590 καὶ
2595 1535 2698 1615 οὑχ
2731 1536 2918 1601 ἀπλῶς
2947 1536 3241 1614 λογιότητα
3273 1534 3392 1594 ἀλλ’
3425 1535 3745 1616 αὖτολογιὸ-

2108 1641 2244 1686 τητα
2285 1623 2566 1698 ὑμνοῦσαι,
2584 1625 2683 1692 τὴν
2705 1622 2874 1689 ὅντως
2894 1625 3118 1706 ὕπαρξιν
3139 1625 3298 1682 οὖσαν
3325 1626 3412 1682 καὶ
3440 1627 3612 1682 αἰτίαν
3645 1628 3746 1693 τῆς

2109 1710 2213 1766 τῶν
2245 1709 2422 1767 ἄλλων
2465 1715 2678 1772 πάντων
2707 1715 3002 1795 ὑπάρξεως,
3037 1717 3126 1773 καὶ
3175 1722 3287 1794 φῶς
3331 1716 3418 1772 καὶ
3461 1717 3627 1788 ζωὴν,
3675 1717 3747 1776 ὼς

371 1817 508 1860 nem
551 1798 890 1879 praedicant,
923 1817 1060 1860 vere
1099 1799 1482 1861 exsistenlem
1517 1799 1859 1876 essentiam,
1882 1818 2016 1862 cau-

2110 1812 2225 1864 τοῖς
2255 1803 2417 1878 ἱεροῖς
2454 1802 2823 1881 Εὑαγγελίοιςθ
2863 1811 2961 1862 τῶν
2996 1805 3250 1862 τοιούτων
3279 1805 3529 1861 ἁπάντων
3555 1803 3751 1876 ὀνομά-

371 1907 619 1967 samque
634 1889 963 1951 existentiae
985 1907 1185 1949 rerum
1210 1897 1578 1961 calterarum,
1618 1898 1677 1950 et
1719 1889 1936 1968 lucem,
1970 1898 2016 1951 e1

2111 1912 2217 1945 των
2239 1891 2568 1970 σεμνοτέρων
2601 1892 2769 1950 ὅντων
2798 1895 2884 1950 καὶ
2940 1895 3335 1973 ὑπερκειμένων
3389 1899 3497 1950 τῶν
3525 1893 3746 1972 ὑλικῶν,

369 1977 642 2054 vitam,ut
661 1978 720 2040 in
736 1979 923 2040 sacris
962 1977 1299 2055 Evangeliis
1325 1979 1748 2057 habetur;quaa
1774 1978 2016 2040 nomina

2108 1981 2152 2035 εἰ
2183 1981 2269 2036 καὶ
2301 1979 2440 2036 οὕτω
2470 1981 2629 2038 πάλιν
2661 1985 2796 2061 πρὸς
2842 1983 2941 2050 τὴν
2983 1983 3242 2052 ἀληθινὴν
3293 1983 3576 2062 ἐμφέρειαν
3607 1984 3750 2038 ἀπο-

370 2067 571 2128 omnia
617 2086 752 2130 cum
809 2067 1154 2129 honestiora
1212 2067 1455 2147 quidem
1490 2075 1653 2141 sunt,
1689 2085 2016 2142 rerumque

2100 2066 2324 2127 8éooaw°
2363 2070 2472 2127 ἔστι
2514 2074 2614 2149 γὰρ
2655 2073 2786 2150 ὑπὲρ
2831 2082 2994 2131 ταῦτα
3025 2073 3223 2135 πάντα.
3250 2074 3281 2129 ἃ
3310 2072 3376 2140 δὴ
3418 2073 3749 2150 ἀσυγκρίτως

367 2155 812 2237 sublimiorum,
865 2158 951 2218 vel
985 2162 1073 2219 sic
1105 2166 1303 2218 tamen
1338 2160 1516 2218 etiam
1548 2175 1584 2219 a
1612 2176 1753 2219 vera
1791 2158 2013 2220 simili-

373 2245 579 2309 tudine
611 2247 817 2326 procul
849 2245 1086 2321 absunt;
1121 2246 1418 2328 siquidem
1438 2254 1726 2328 estsuper
1750 2249 1874 2310 haec
1890 2267 2015 2310 om-

375 2335 497 2418 nia,
530 2355 664 2398 cum
699 2337 903 2414 utique
935 2336 1043 2397 ista
1072 2335 1202 2398 sine
1258 2337 1710 2416 comparatione
1741 2356 1774 2399 a
1806 2346 2018 2398 natura

374 2425 475 2488 illa
504 2425 672 2487 beata
723 2424 1024 2487 deﬁciant.
1070 2423 1441 2506 Quandoque
1495 2445 1632 2488 vero
1693 2426 2013 2488 dissimili-

365 2515 476 2577 bus
506 2513 1013 2578 declarationibus
1039 2513 1304 2576 divinum
1335 2515 1483 2577 illud
1521 2515 1751 2579 Numen
1775 2535 1883 2596 per
1913 2535 2014 2579 ne-

366 2603 1271 2683 gationemﬂacelebraturmum
1303 2604 1728 2684 inaspectabile
1755 2614 2012 2686 vocatur,

366 2703 424 2756 et
454 2693 1063 2774 inﬁnitum,quodque
1097 2694 1230 2773 capi
1264 2713 1381 2754 non
1423 2697 1616 2773 possit
1653 2716 1669 2770 ;
1708 2695 1871 2756 unde
1895 2715 2013 2757 non

367 2782 508 2863 quid
542 2783 766 2859 est,sed
798 2783 938 2864 quid
972 2802 1088 2844 non
1138 2791 1228 2844 est
1255 2782 1638 2863 signiﬁcatur.
1678 2783 1757 2845 Ex
1784 2783 2014 2846 duabus

368 2873 566 2954 itaque
588 2873 754 2936 hisce
785 2871 1323 2952 enuntiationibus,
1357 2873 1540 2952 magis
1573 2873 1868 2953 propriam
1901 2873 2012 2935 de-

370 2971 665 3024 monstrat
695 2980 832 3024 esse
852 2961 1178 3041 illam,quae
1209 2969 1378 3023 estex
1393 2961 1574 3023 rebus
1595 2962 2012 3032 dissimilibus.

364 3051 676 3130 Siquidem
705 3069 845 3112 vere
892 3051 1176 3112 novimus
1237 3049 1425 3112 Deum
1460 3070 1578 3112 non
1626 3069 1759 3113 esse
1789 3052 2014 3132 aliquid

367 3158 566 3203 rerum
603 3139 1152 3220 exsistentium,sed
1183 3139 1526 3218 ignoramus
1549 3142 2019 3221 superessentia—

368 3232 483 3291 lem
516 3229 644 3309 ejus
678 3229 917 3290 termini
938 3229 1353 3309 carentiam,et
1379 3228 2010 3308 inintelligibilitatem,

373 3319 522 3399 sive,
555 3327 617 3379 ut
649 3318 723 3379 ita
755 3317 980 3399 dicam,
1011 3319 1355 3394 amentiam;
1395 3320 1740 3400 amentiam,
1775 3319 2014 3402 inquam

365 3427 487 3469 non
517 3408 846 3472 secundum
885 3407 1099 3470 mentis
1133 3407 1660 3488 privationem,sed
1695 3411 1850 3489 quod
1888 3411 2020 3491 ejus

368 3497 768 3578 cognitionem
808 3517 978 3560 mens
1011 3498 1174 3559 nulla
1200 3499 1395 3576 capiat
1432 3521 1450 3560 :
1507 3500 2014 3574 quemadmodum

379 3588 556 3649 etiam
589 3588 723 3662 alia,
777 3596 839 3649 ut
898 3587 1271 3650 invisibilitas
1327 3597 1385 3649 et
1413 3588 1675 3650 inﬁnitas
1722 3589 1872 3668 ejus,
1898 3609 2017 3652 non

376 3677 682 3758 privativa,
708 3677 810 3739 sed
847 3676 1524 3755 negativeintelligenda
1549 3680 1863 3741 sunt.Cum
1898 3681 2013 3740 ita-

368 3785 483 3846 que
517 3766 864 3846 negationes
891 3767 950 3827 in
975 3766 1196 3828 divinis
1218 3784 1373 3828 verae
1405 3770 1544 3830 sint.
1585 3767 2015 3830 afﬁrmationes

372 3874 516 3917 vere
541 3857 804 3932 obsonaa,
843 3855 1027 3934 magis
1051 3855 1290 3936 propria
1314 3867 1406 3918 est
1423 3857 1479 3916 in
1496 3856 1570 3919 iis
1589 3857 1914 3919 enuntiatio
1945 3875 2015 3920 ac

372 3943 803 4006 demonstratio
835 3963 941 4024 per
971 3944 1458 4019 dissimilia.Quaa
1485 3965 1618 4007 cum
1652 3948 1730 4007 ita
1744 3964 1878 4007 sese
1902 3947 2012 4008 ha-

369 4032 547 4096 beant
579 4035 635 4095 in
668 4033 818 4108 Deo,
879 4053 1256 4115 consequens
1303 4045 1393 4096 est
1446 4035 1784 4116 Scripturas
1817 4054 2016 4098 sacras

365 4123 661 4185 honorare
689 4125 914 4203 potius,
951 4134 1011 4187 et
1037 4143 1427 4205 ,nequaquam
1464 4125 1660 4205 aliquo
1715 4124 2017 4188 dedecore

2096 2159 2192 2228 τῆς
2243 2162 2508 2240 μακαρίας
2553 2162 2936 2220 ἀπολείπονται
2968 2163 3210 2244 φύσεως,
3262 2163 3398 2219 Ποτὶ
3441 2160 3496 2218 δὲ
3551 2165 3613 2218 ἱκ
3643 2166 3747 2218 τῶν

2100 2249 2360 2326 ἀιομοίων
2402 2253 2650 2325 ὑμνεῖται
2709 2254 2770 2309 τὸ
2839 2261 2998 2309 Θεῖον
3045 2254 3178 2311 κατά
3226 2252 3520 2332 ἀπόφασιν,
3578 2252 3744 2330 ἀόρα-

2099 2341 2192 2396 τὸν
2276 2339 2594 2421 λεγόμενον,
2678 2343 2768 2398 καὶ
2841 2341 3089 2416 ἄπειρον,
3163 2343 3252 2400 καὶ
3320 2345 3630 2423 ἀχώρητον’
3693 2341 3744 2407 ii

2096 2432 2171 2485 ὧν
2228 2430 2286 2486 οὗ
2319 2432 2369 2486 τί
2413 2430 2578 2502 ἐστιν,
2615 2429 2752 2487 ἀλλά
2782 2433 2832 2488 τί
2883 2437 2979 2490 οὒκ
3039 2433 3150 2489 ἔστι
3210 2435 3557 2507 σημαίνεται.
3604 2433 3742 2488 Ἀπὸ

2098 2525 2222 2596 γοῦν
2278 2520 2477 2576 τούτων
2536 2523 2640 2576 τῶν
2670 2520 2758 2577 δύο
2813 2523 3119 2602 ἒκφάνσεων
3171 2521 3494 2600 κυριωτέραν
3551 2523 3653 2589 τὴν
3685 2520 3737 2586 ἐξ

2099 2609 2362 2684 ἀνομοίων
2431 2609 2680 2670 δείκνυσι.
2735 2616 2808 2670 Τὸ
2866 2613 2964 2686 μὲν
3009 2615 3098 2669 οὖν
3145 2615 3240 2670 οὒκ
3273 2612 3416 2670 εἶναι
3447 2613 3644 2680 ταύτην
3693 2632 3743 2666 τι

2095 2704 2203 2754 τῶν
2252 2699 2443 2780 ὄντων,
2480 2701 2846 2778 γινώσκομεν·
2882 2700 3178 2779 ἀγνοοῦμεν
3208 2700 3265 2757 δὲ
3307 2704 3406 2768 τὴν
3436 2702 3740 2780 δπερούσιον

2097 2792 2260 2856 ἀυτῆς
2308 2789 2574 2866 ἀοριστίαν
2633 2792 2718 2847 καὶ
2775 2790 3026 2857 ἀνόητον*
3090 2790 3318 2857 ἀνόητον
3376 2789 3456 2871 δὲ,
3500 2791 3559 2848 οὑ
3610 2787 3744 2846 κατά

2094 2878 2343 2953 στέρησιν
2402 2880 2664 2959 νοήσεως,
2697 2878 2819 2936 ἀλλ’
2878 2879 2959 2936 ὅτι
3011 2881 3196 2947 νόησιν
3246 2880 3444 2948 ταύτης
3487 2880 3582 2937 οὑκ
3614 2878 3740 2953 (ἔστι

2099 2965 2307 3023 λαϐεῖν’
2373 2967 2552 3046 ὥσπερ
2583 2971 2668 3026 καὶ
2727 2968 2918 3049 τᾶλλα,
2977 2971 3039 3026 τὸ
3081 2969 3308 3046 ἀόρατον
3355 2970 3444 3026 καὶ
3499 2968 3736 3047 ἄπειρον,

2099 3057 2158 3113 οὑ
2188 3058 2324 3114 κατά
2366 3059 2638 3135 στέρησιν,
2686 3058 2826 3115 ἀλλὰ
2873 3060 3009 3116 κατά
3056 3059 3347 3140 ἀπόφασιν.
3409 3058 3593 3117 Τοίνυν
3628 3057 3744 3115 ἐπεὶ

2099 3148 2150 3203 αἰ
2192 3147 2289 3222 μέν
2338 3147 2630 3226 ἀποφάσεις
2676 3149 2760 3206 ἐπὶ
2820 3151 2924 3205 τῶν
2973 3150 3148 3225 θείων,
3179 3148 3426 3227 ἀληθεῖς,
3472 3148 3526 3204 αἰ
3553 3147 3608 3204 δὲ
3639 3171 3742 3203 κα-

2098 3237 2379 3317 ταφάσεις,
2430 3239 2773 3317 ἀνάρμοστοι.
2837 3239 3124 3317 οἰκειοτέρα
3183 3237 3390 3314 μᾶλλόν
3452 3240 3598 3294 ιστιν
3658 3237 3746 3293 ἐπὶ

2101 3328 2298 3384 τούτων
2343 3330 2377 3397 ἦ
2409 3327 2492 3386 διὰ
2520 3336 2628 3385 τῶν
2671 3329 2935 3404 ἀνομοίων
2989 3328 3305 3408 έκφαντορία
3361 3328 3450 3385 καὶ
3480 3325 3738 3397 δήλωσις,

2100 3413 2202 3478 Κτὶ
2248 3419 2293 3474 εἰ
2324 3417 2487 3475 ταῦτα
2515 3417 2681 3483 οὕτως
2735 3417 2821 3475 ἐπὶ
2869 3425 3025 3479 Θεοῦ.
3087 3416 3448 3495 συναγόμενόν
3479 3417 3591 3473 ἂστι
3654 3417 3742 3471 καὶ

2101 3505 2188 3564 ἐπὶ
2231 3509 2464 3582 τούτοις,
2517 3508 2597 3564 ὅτι
2645 3513 2872 3582 τιμῶσιν
2934 3505 3058 3587 ἄρα,
3090 3507 3185 3563 οὑκ
3215 3507 3449 3588 αἴσχους
3475 3504 3740 3576 πληροῦσι

2099 3598 2196 3662 τάς
2255 3599 2397 3663 θείας
2445 3595 2827 3672 διακοσμήσεις
2879 3598 2931 3654 αἰ
2973 3597 3105 3675 ἱεραὶ
3157 3597 3380 3676 Γραφαί,
3410 3596 3462 3652 αἰ
3504 3592 3590 3651 διά
3637 3602 3743 3650 τῶν

2098 3686 2363 3762 ἀνομοίων
2409 3688 2776 3766 μορφοποιίαι,
2825 3689 2916 3743 τοῦ
2963 3687 3114 3763 βοὸς,
3146 3693 3240 3743 τοῦ
3296 3685 3474 3761 ἀετοῦ,
3513 3687 3739 3741 καὶτῶν

2098 3775 2310 3850 λοιπῶν,
2358 3777 2516 3836 αὖτάς
2579 3773 2972 3856 ὺποδεικνῧσαι,
3045 3777 3122 3840 ὼς
3195 3776 3440 3854 ὑπεράνω
3491 3773 3739 3843 δηλονότι

2098 3867 2254 3932 οὔσας
2296 3875 2403 3925 τῶν
2452 3867 2648 3924 ὑλικῶν
2702 3869 2952 3926 ἁπάντων
2994 3869 3390 3946 ὑπερκοσμίως.
3443 3868 3500 3926 Εἰ
3563 3869 3665 3945 γὰρ
3708 3868 3737 3923 ὁ

2098 3958 2490 4036 Λεοντόμορφος
2575 3957 2890 4034 λεγόμενος,
2960 3959 3049 4015 καὶ
3107 3957 3403 4038 πολύπους,
3484 3957 3572 4013 καὶ
3626 3977 3736 4013 πο-

2097 4045 2376 4125 λύπτερος,
2434 4048 2519 4104 καὶ
2576 4046 2792 4124 λογικός
2849 4046 2982 4120 ὶστὶ,
3043 4051 3131 4104 καὶ
3164 4045 3346 4119 ἄϋλος,
3395 4053 3510 4108 πῶς
3541 4047 3602 4102 οὑ
3629 4044 3736 4112 δη-

2098 4132 2278 4190 λονότι
2322 4134 2693 4228 ὑπερκοσμίως
2726 4131 2982 4203 ὶκὸέϐηκε
3010 4135 3077 4192 τὰ
3118 4134 3272 4192 ὑλικά
3313 4136 3402 4193 καὶ
3443 4130 3568 4214 παρ’
3598 4135 3737 4209 ἡμῖν

363 4213 602 4304 afﬁcere
631 4212 858 4304 divinas
890 4213 1023 4304 illas
1069 4215 1514 4292 dispositiones,
1555 4233 1663 4304 per
1704 4215 2014 4304 ejusmodi

2100 4224 2360 4299 νοούμενα
2397 4212 2434 4300 ;⁷
2468 4212 2599 4302 ΠΟρα
2656 4223 2711 4280 δὲ
2741 4229 2856 4289 πῶς
2913 4223 3089 4290 καλῶς
3139 4212 3540 4304 ἀπελογήσατο,
3571 4222 3658 4280 διὰ
3687 4225 3739 4279 τί

364 4302 690 4365 formarum
719 4303 1100 4365 dissimilium
1120 4303 1557 4376 efﬁctiones,ut
1583 4303 2013 4386 bovis,aqui|33,

2102 4313 2256 4384 ζώων
2286 4314 2509 4389 μνήμην
2542 4313 2661 4394 ἕχει
2715 4315 2784 4372 τὰ
2839 4316 3076 4394 οὐράνια,
3134 4314 3255 4383 ἤτοι
3315 4302 3549 4376 εἰκόνας.
3586 4305 3741 4369 ’Ὥσ-

368 4393 955 4474 cmterasquequibus
972 4393 1281 4456 easinnuit
1300 4392 1873 4474 supermundialiter
1901 4413 2014 4454 ma-

2101 4422 2198 4480 περ
2246 4405 2346 4481 γὰρ
2398 4406 2425 4460 ὁ
2495 4392 2608 4461 ἰπὶ-
2637 4405 2850 4462 πάντων
2927 4392 3069 4468 Θεὸς
3104 4403 3250 4464 οὐδὲν
3301 4404 3358 4461 ἄν
3400 4416 3522 4469 τοῖς
3579 4409 3742 4460 πᾶσιν

372 4482 598 4542 teriatis
621 4481 899 4543 omnibus
930 4481 1097 4544 hisce
1159 4483 1338 4544 rebus
1389 4481 1780 4545 inferioribus
1837 4481 2016 4545 subli-

2100 4491 2218 4570 ἔχει
2277 4493 2554 4575 ὁμογενὲς,
2611 4495 2698 4550 καὶ
2745 4493 2831 4550 διὰ
2913 4497 3070 4552 τοῦτο
3132 4495 3349 4557 εἰκότως
3433 4490 3582 4550 οὑδὶν
3636 4497 3743 4548 τῶν

373 4571 598 4632 miores
631 4572 939 4633 exsistere.
968 4571 1032 4634 Si
1063 4571 1225 4632 enim
1261 4572 1312 4633 is
1341 4579 1440 4653 qui
1494 4572 1686 4633 leonis
1737 4570 2012 4650 formam,

2100 4581 2345 4640 ἁπάντων
2396 4570 2510 4641 -ἓστὶ
2539 4570 2865 4651 ⁷δηλωτικὸν
2918 4584 3114 4664 αὑτοῦ,
3161 4583 3299 4641 ἀλλά
3355 4581 3540 4641 λοιπὸν
3600 4579 3744 4658 ἄλλῃ

369 4659 708 4752 multosque
733 4661 917 4752 pedes
958 4668 1138 4740 atque
1169 4660 1294 4722 alas
1316 4660 1538 4723 habere
1563 4660 1803 4752 dicitur,
1833 4659 2011 4752 etiam

2102 4670 2309 4748 μεθόδῳ
2337 4671 2710 4750 θεολογοῦμεν,
2765 4672 3010 4752 λέγοντες
3082 4658 3163 4730 ότι
3211 4677 3306 4732 οὑκ
3363 4671 3504 4730 ἔστιν
3554 4673 3582 4727 ὁ
3613 4673 3745 4736 Θεὸς

365 4748 598 4811 ratione
630 4747 911 4828 praeditus
944 4758 1120 4829 est,el
1147 4767 1360 4828 expers
1393 4748 1678 4823 materiai,
1718 4749 2016 4829 quomodo

2102 4762 2164 4818 τὸ
2213 4762 2300 4818 καὶ
2371 4764 2456 4836 τὸ,
2543 4761 2672 4842 ὅπερ
2754 4762 2915 4820 καλεῖ
2965 4761 3050 4819 διὰ
3103 4765 3211 4820 τῶν
3261 4763 3554 4829 ἀνομοίων·
3601 4759 3743 4817 οὕτω

366 4856 485 4898 non
502 4838 683 4899 etiam
699 4835 1274 4914 supermundialiter
1299 4855 1397 4898 res
1429 4839 1608 4899 hasce
1643 4838 2014 4913 materiatas,

2101 4853 2189 4907 καὶ
2214 4852 2300 4909 ἐπί
2359 4835 2466 4908 τῶν
2521 4835 2774 4931 οὖρανίων
2830 4852 3102 4929 δυνάμεων
3149 4854 3330 4917 καλῶς
3391 4855 3436 4908 οἱ
3495 4850 3742 4927 θεολόγοι

367 4945 562 5021 quaee
597 4927 767 5021 nobis
791 4926 1522 5021 intelliguntu_r,excedat_?
1545 4925 1810 5021 Observa
1839 4946 2013 5021 quam

2100 4939 2382 5021 ἐποίησαν,
2431 4944 2695 5021 τεχνικῶς
2725 4941 2890 5000 οὗδενὶ
2937 4949 3042 4999 τῶν
3088 4945 3259 5002 αὑτῶν
3317 4941 3476 5004 αὑτὰς
3525 4939 3743 5012 ομοιώ-

370 5015 618 5094 pulchre
650 5016 940 5076 rationem
975 5015 1230 5090 dederit,
1257 5034 1364 5076 cur
1407 5017 1750 5078 animalium
1796 5017 2016 5078 mentio

2101 5050 2312 5100 σαντες,
2366 5013 2618 5088 ⁷ἀλλΓὺι
2662 5037 2766 5087 τῶν
2811 5033 3067 5100 αἰσθητῆν
3120 5034 3257 5109 ἅπερ
3332 5028 3492 5086 καλεῖ
3544 5027 3743 5102 ἄτιμα,

367 5104 466 5166 ﬁat
495 5104 554 5164 in
585 5103 1091 5176 caalestibus,sive
1123 5104 1452 5184 imaginum
1481 5105 2016 5177 eorum.Quemad-

2101 5119 2201 5185 τὴν
2257 5118 2464 5176 τελείαν
2514 5118 2768 5185 λαϐόντες
2815 5121 3123 5202 ἐμφέρειαν,
3179 5128 3336 5179 τοῦτο
3393 5120 3524 5198 πρὸς
3575 5119 3766 5191 τιμὴν.

369 5193 610 5256 modum
628 5192 785 5254 enim
812 5191 970 5254 Deus
987 5193 1251 5256 existens
1265 5195 1324 5254 in
1341 5194 1791 5274 omnibus,nihil
1810 5195 1868 5256 in
1887 5213 2019 5256 om-

369 5282 546 5344 nibus
571 5283 749 5345 habet
775 5281 1042 5363 ejusdem
1079 5301 1283 5344 secum
1311 5283 1576 5365 generis,
1599 5283 1854 5364 ideoque
1873 5282 2017 5345 nihil

364 5389 569 5434 rerum
603 5372 891 5447 omnium,
929 5380 1021 5433 est
1051 5371 1236 5454 ipsius
1262 5372 1687 5434 declarativum
1725 5395 1742 5445 ;
1795 5373 2018 5436 idcirco

367 5462 544 5526 etiam
557 5462 671 5525 alia
684 5461 966 5525 methodo
980 5461 1182 5525 deDeo
1198 5461 2018 5540 loquimur,dicentes,Deum

367 5573 486 5614 non
517 5553 774 5615 essehoc
804 5551 1210 5632 etillud,quod
1229 5570 1343 5632 per
1359 5552 1686 5616 dissimilia
1713 5561 1878 5614 vocat
1912 5554 2021 5619 :sic

457 5731 478 5762 α
503 5715 672 5779 Rom.
708 5733 786 5797 XI,
821 5714 919 5776 34.
983 5712 1008 5754 ά
1045 5713 1224 5776 Exod.
1261 5729 1343 5789 In,
1385 5711 1483 5777 14.

2101 5211 2273 5266 αὐτῶν
2313 5210 2694 5283 πεποιηκότες,
2748 5209 2840 5267 ἵνα
2902 5208 3296 5288 πλασματώδης
3329 5210 3417 5266 καὶ
3470 5209 3566 5268 οὑκ
3595 5206 3744 5274 ἀλη-

2101 5298 2198 5365 θὴς
2238 5297 2462 5376 γένηται
2512 5301 2715 5358 τούτων
2768 5300 2801 5369 ἦ
2850 5302 3102 5378 μίμησις.
3178 5301 3446 5362 Ἐντεῦθεν
3494 5297 3746 5376 βούλεται

2099 5385 2267 5453 δεῖξαι
2313 5390 2449 5446 κατὰ
2476 5391 2536 5446 τὸ
2567 5389 2760 5466 βίαιον,
2794 5390 2876 5449 ὅτι
2926 5393 3013 5450 καὶ
3068 5389 3275 5467 μᾶλλον
3320 5391 3428 5448 τῶν
3459 5389 3659 5464 ὁμοίων
3689 5391 3747 5444 αἰ

2100 5475 2343 5554 ἀνόμοιοι
2401 5479 2867 5558 εὑαρμοστότεραι.
2922 5482 3010 5547 Εἰς
3065 5481 3166 5558 μὲν
3223 5481 3324 5559 γὰρ
3381 5479 3476 5544 τὰς
3533 5499 3742 5552 τιμιω-

2103 5567 2255 5639 τέρας
2300 5569 2386 5627 καὶ
2432 5569 2638 5645 ὁμοίας,
2685 5570 2822 5634 εἰκός
2884 5570 2995 5628 ἔστι
3048 5571 3133 5628 καὶ
3174 5567 3615 5636 ἀποπλανηθῆναί
3651 5591 3739 5624 τι-
