4044 6152
258 384 365 450 157
743 394 844 457 DE
887 394 1236 458 COELESTI
1280 391 1780 473 HIERARCHIA,
1827 397 1932 460 CA3

2041 398 2125 460 II.
2169 431 2234 444 —
2284 398 2670 462 ΡΑΒΑΡΗΒ.
2718 397 3230 466 PACHYMER/E.
3566 400 3677 466 158

273 537 387 600 νας,
433 523 574 584 ὅπου
621 549 684 607 γε
720 529 811 586 καὶ
841 529 917 592 οἷς
955 529 1048 592 τὰς
1103 529 1383 606 ἀνομοίους
1440 533 1581 596 τινὲς
1640 530 1932 609 ἐξώλισθονἐ

2034 534 2212 598 etiam
2235 535 2292 596 in
2317 534 2663 598 caelestibus
2693 536 3011 599 virtutibus
3038 540 3283 601 omnino
3319 547 3486 602 recte
3507 538 3674 601 theo-

277 619 448 684 καθὼς
512 616 781 697 ἐλέγομεν
841 617 1167 710 ξμπροσθεν,
1215 621 1576 690 Οἰηθήσονται
1628 623 1757 703 γάρ,
1807 645 1932 702 χρυ-

2034 624 2154 704 logi
2185 625 2478 700 fecerunt,
2512 625 2652 686 dum
2687 627 2919 690 erudite
2958 630 3110 693 nulli
3142 629 3370 692 ordinis
3400 629 3670 710 ejusdem

282 708 507 774 σοειδεῒς
564 711 657 766 καὶ
719 706 1029 773 στίλϐοντας
1089 709 1279 789 ἄνδρας
1339 726 1507 793 εἴναι,
1552 714 1639 770 καὶ
1697 713 1932 790 λαμπράι

2028 715 2160 777 illas
2189 715 2600 777 assimilarunt
2627 740 2643 791 ;
2678 716 2784 779 sed
2817 736 2888 780 ex
2917 718 3262 800 sensilibus,
3317 706 3453 800 qua;
3504 728 3672 782 vocat

283 809 570 880 φοροῦντας
629 798 856 876 ἐσθῆτα,
902 801 991 858 καὶ
1054 799 1314 879 πυρώδεις
1375 801 1504 882 δίχα
1573 803 1811 868 καύσεως
1855 804 1932 860 καὶ

2026 804 2183 886 vilia,
2213 806 2537 886 perfectam
2570 816 2816 870 sumunt
2864 798 3347 884 similitudinem,
3371 811 3431 874 id
3461 809 3536 874 ad
3567 828 3672 873 ea-

281 887 531 955 ἀόλαϐῶς
591 889 764 952 εἶναι.
813 889 868 946 αὶ
923 890 1024 969 γὰρ
1082 889 1369 968 λεγόμεναι
1420 894 1584 970 πυρὸς
1633 891 1829 973 φλόγες
1881 897 1932 952 οὗ

2026 911 2158 957 rum
2191 896 2480 957 honorem
2541 897 2834 978 fecerunt,
2868 907 2930 960 ut
2986 899 3212 972 lictitia,
3247 907 3307 961 et
3338 918 3455 962 non
3500 916 3668 974 vera,

279 981 585 1058 καυστικαὶ,
649 978 789 1067 ἀλλά
840 980 1063 1053 ζωτικαί
1111 982 1238 1061 εἰσι,
1295 983 1381 1039 καὶ
1437 981 1607 1040 τᾶλλα
1637 981 1737 1040 ὅσα
1781 986 1932 1063 φασὶν

2023 993 2181 1046 esset
2212 985 2554 1047 earumdem
2583 987 2854 1049 imitatio.
2890 985 3044 1051 Hinc
3066 987 3456 1067 vultprobare
3477 1007 3511 1050 a
3547 989 3666 1051 for-

274 1069 329 1123 αί
369 1067 598 1147 Γραγαί,
649 1058 833 1158 ’ᾯπερ
893 1067 988 1125 ⁴ἵνα
1019 1069 1098 1145 μὴ
1128 1058 1351 1128 πάθοιεν
1378 1072 1426 1128 οἱ
1457 1069 1626 1147 μηδὲν
1657 1074 1762 1129 τῶν
1794 1058 1932 1152 ῥαι-

2017 1073 2153 1135 tiori
2176 1074 2489 1136 dissimilia
2507 1076 2808 1138 similibus
2831 1095 2964 1140 esse
2987 1058 3220 1158 aptiora
3255 1096 3270 1142 :
3297 1078 3359 1140 in
3405 1078 3665 1141 nobilio-

286 1157 537 1233 νομὲνων
567 1156 898 1236 ὑψηλότερον
931 1161 1295 1238 φαντασθῆναι
1325 1158 1627 1242 δυνάμενοι,
1669 1163 1704 1230 ἡ
1747 1162 1931 1239 ὑψηλὴ

2017 1163 2178 1225 ribus
2207 1165 2363 1225 enim
2395 1183 2462 1228 ac
2490 1156 3068 1246 similibus,proclive
3099 1177 3190 1230 est
3219 1167 3540 1230 nonnullos
3561 1168 3670 1230 de-

274 1248 581 1337 tracturum
628 1245 896 1337 θεολόγων
938 1249 1012 1312 είς
1071 1249 1350 1325 ἀνομοίους
1409 1251 1496 1308 καὶ
1557 1251 1929 1332 ἀπεμφαινού-

2017 1253 2128 1332 cipi
2163 1273 2298 1315 cum
2325 1255 2498 1316 etiam
2525 1255 2585 1316 in
2610 1245 3018 1318 dissimilibus
3041 1256 3223 1337 aliqui
3257 1256 3538 1330 errarint,
3587 1257 3669 1319 uti

277 1358 382 1400 σας
430 1336 642 1401 εἰκόνας
687 1336 1000 1415 κατάγεται,
1051 1337 1128 1414 μὴ
1161 1343 1517 1420 συγχωροῦσα
1559 1340 1656 1416 μὲν
1678 1341 1774 1409 τὴν
1805 1339 1926 1398 διά-

2017 1360 2202 1422 supra
2228 1342 2506 1408 diximus.
2560 1344 3002 1410 Existimabunt
3043 1336 3228 1421 enim,
3262 1364 3395 1408 esse
3426 1353 3671 1409 naturas

279 1449 436 1484 νοιαν
479 1429 636 1502 ἡμῶν
701 1426 1061 1484 ἀναπαύεσθαι
1124 1428 1198 1492 είς
1262 1429 1486 1508 αἰσχρὰς
1542 1430 1628 1488 καὶ
1672 1432 1932 1510 ἀπρεπεῖς

2019 1426 2153 1491 illas
2166 1431 2370 1508 specie
2392 1433 2646 1512 quadam
2669 1452 2850 1496 aurea
2863 1434 3021 1496 viros
3036 1435 3322 1516 quosdam
3352 1433 3668 1506 micantes,

280 1517 644 1592 ἀναπλάσεις,
708 1513 1034 1596 διεγείρουσα
1077 1516 1132 1573 δὲ
1191 1518 1253 1574 τὸ
1305 1517 1568 1597 ἀνωφερὲς
1619 1523 1721 1588 τῆς
1751 1525 1932 1600 ψυχῆς

2020 1527 2082 1582 et
2113 1527 2321 1583 vestitu
2354 1521 2672 1602 splendido
2703 1523 2968 1605 indutos,
3001 1513 3176 1602 atque
3209 1523 3449 1602 igneum
3523 1523 3666 1604 quid

281 1611 355 1682 τῇ
387 1604 684 1686 δυσμορφίᾳ
711 1611 818 1662 τῶν
863 1605 1145 1686 πλάσεων,
1179 1607 1253 1670 ὤς
1307 1605 1471 1678 δήλου
1529 1606 1733 1678 δηλαδὴ
1786 1609 1932 1675 ὄντος

2022 1609 2342 1684 vibrantes,
2375 1629 2493 1672 non
2526 1612 2836 1674 adurendo
2870 1604 2982 1676 nec
3008 1613 3304 1676 lzedendo:
3345 1630 3477 1674 nam
3501 1613 3666 1674 ﬂam-

284 1697 376 1753 καὶ
424 1709 548 1760 τοῖς
597 1695 730 1774 ἄγαν
785 1695 994 1761 ῦλικοϊς
1050 1696 1152 1763 τὴν
1182 1695 1446 1771 διάνοιαν,
1503 1696 1586 1755 ὅτι
1618 1700 1713 1756 οὒκ
1745 1701 1843 1757 εἶσὶ
1874 1702 1932 1759 τὰ

2025 1717 2138 1760 ma;
2166 1699 2340 1760 istius
2369 1699 2524 1779 ignis
2558 1719 2674 1761 non
2709 1701 2931 1763 habent
2958 1703 3072 1764 vim
3106 1701 3346 1777 urendi,
3381 1701 3486 1763 sed
3517 1701 3669 1763 vivi-

283 1788 407 1842 θεῖα
437 1792 679 1860 τοιαῦτα,
731 1781 992 1864 Ἀκριϐῶς
1051 1785 1139 1844 οὗν
1199 1784 1394 1852 εἰδότες
1426 1785 1508 1843 ὅτι
1542 1789 1637 1846 οὒκ
1673 1789 1774 1846 εἰσὶ
1821 1812 1932 1847 τοι-

2025 1788 2239 1850 ﬁcandi
2273 1809 2288 1868 ;
2315 1797 2374 1850 et
2405 1808 2775 1870 quaecunque
2797 1792 2914 1853 alia
2935 1792 3030 1852 24
3048 1793 3372 1873 Scriptura;
3402 1790 3664 1853 tradunt.

286 1887 445 1952 αὔτα,
479 1878 788 1954 ζητήσομεν
813 1878 913 1945 τὴν
955 1876 1232 1952 ἀλήθειαν,
1272 1877 1371 1945 τὴν
1402 1876 1484 1937 ὅτι
1528 1876 1662 1938 ὂίλλο
1703 1903 1756 1938 τι
1799 1881 1932 1960 παρᾶ

2025 1876 2192 1951 Quod
2227 1896 2302 1940 ne
2350 1877 2424 1941 iis
2455 1880 2711 1957 eveniat,
2745 1882 2845 1961 qui
2902 1882 3052 1944 nihil
3105 1881 3302 1953 altius,
3360 1899 3536 1962 quam
3569 1880 3671 1942 illa

293 1967 463 2027 ταῦτά
494 1967 649 2030 εἰσιν,
705 1965 943 2032 ⁹¹Αλλως
988 1989 1045 2023 τε
1088 1970 1178 2026 καὶ
1206 1977 1366 2027 τοῦτο
1393 1967 1641 2036 ἐννοῆσαι
1677 1975 1816 2053 χρὴ,
1861 1972 1932 2030 ὅτι

2025 1967 2273 2048 pulchra
2290 1976 2348 2030 et
2363 1969 2781 2050 speciosaque;
2799 1980 3325 2052 apparent,mente
3351 1971 3666 2052 complecti

284 2055 434 2114 οῦδὲν
485 2063 595 2113 τῶν
651 2054 822 2114 ὄντων
871 2055 1118 2134 καθόλου,
1165 2063 1264 2127 τῆς
1316 2066 1408 2116 τοῦ
1450 2057 1616 2120 καλοῦ
1658 2063 1932 2137 μετουσίας

2023 2066 2270 2138 possunt
2301 2077 2317 2135 ;
2349 2058 2623 2120 sublimis
2655 2061 2752 2122 illa
2814 2062 3224 2141 theologorum
3257 2061 3552 2141 sapientia
3591 2059 3664 2120 ad

282 2145 590 2225 ἐστέρηται,
624 2147 738 2204 ὶπεὶ
773 2143 913 2204 καλά
955 2144 1072 2204 λίαν
1129 2149 1275 2228 παρά
1319 2152 1420 2218 τῆς
1467 2153 1681 2228 Γραφῆς
1725 2170 1932 2229 μεμαρ-

2021 2146 2540 2210 dissimilitudines
2558 2157 2612 2211 et
2633 2148 2891 2212 absonas
2915 2151 3206 2228 imagines
3228 2170 3292 2213 se
3314 2150 3669 2230 dejicit,non

281 2237 563 2310 τύρηνται.
2021 2236 2371 2317 permittens
2401 2238 2820 2317 cogitationem
2877 2250 3142 2303 nostrain
3203 2240 3322 2302 illis
3370 2238 3670 2302 indecoris

285 2325 626 2387 ﬁctionibus
657 2327 1070 2403 acquiescere,
1103 2327 1208 2390 sed
1235 2346 1372 2391 eam
1403 2327 1620 2390 animae
1653 2337 1878 2410 partem
1937 2346 2068 2410 quae
2125 2329 2198 2389 ad
2234 2329 2354 2390 alta
2385 2329 2595 2404 tendit,
2649 2331 2777 2410 ipsa
2809 2331 3180 2394 deformitate
3213 2333 3530 2410 ﬁgurarum
3564 2349 3670 2391 ex-

289 2415 433 2476 citat
463 2422 521 2475 et
551 2415 837 2496 stimulat,
870 2424 1146 2496 tanquam
1185 2418 1462 2481 videlicet
1493 2418 1717 2481 clarum
1752 2421 1828 2482 sit
1848 2420 2024 2480 etiam
2051 2417 2126 2479 iis
2147 2419 2248 2498 qui
2282 2427 2422 2480 sunt
2444 2421 2697 2482 terrenis
2721 2421 2904 2483 rebus
2928 2423 3098 2483 valde
3129 2421 3418 2502 allixi,res
3441 2419 3671 2481 divinas

289 2523 413 2566 non
445 2521 576 2566 esse
607 2504 752 2566 tales
787 2525 802 2566 :
837 2514 900 2567 ut
938 2525 1071 2567 cum
1119 2508 1278 2570 clare
1337 2509 1792 2588 cognoverimus
1845 2527 1946 2572 eas
1979 2526 2100 2570 non
2154 2526 2288 2571 esse
2344 2509 2519 2589 tales,
2578 2510 2884 2572 veritatem
2936 2512 3332 2592 inquiramus,
3387 2509 3668 2592 quoniam

293 2593 436 2672 quid
468 2593 627 2654 aliud
659 2593 732 2655 ab
764 2593 883 2657 illis
914 2601 1076 2656 sunt.
1112 2596 1266 2670 Quin
1299 2605 1356 2658 et
1386 2598 1502 2660 hoc
1531 2597 1871 2678 sciendum,
1906 2597 2054 2659 nihil
2086 2615 2292 2660 eorum
2356 2617 2487 2679 quae
2518 2605 2654 2661 sunt
2702 2600 2865 2661 omni
2895 2619 3139 2680 prorsus
3165 2601 3306 2663 boni
3339 2601 3664 2682 participa-

289 2683 458 2745 tione
489 2690 778 2769 privatum
814 2703 948 2747 esse
982 2705 999 2765 ;
1026 2686 1310 2766 quoniam
1342 2685 1500 2749 bona
1528 2687 1724 2769 valde,
1755 2687 2098 2750 testimonio
2130 2688 2472 2768 Scriptura,
2501 2697 2714 2750 cuncta
2743 2691 3224 2769 comprobantur.

372 2775 403 2853 §
453 2795 540 2846 ιγ.
605 2763 773 2832 ’Ἐστι
833 2782 1111 2854 τοιγαροῦν
1174 2776 1234 2834 ἐκ
1276 2775 1490 2835 πάντων
1549 2778 1719 2835 αὒτῶν
1775 2780 1932 2843 καλὰς

2109 2779 2137 2858 §
2161 2780 2250 2840 ιν.
2267 2763 2472 2840 Liceat
2499 2779 2694 2860 itaque
2718 2797 2787 2841 ex
2811 2763 3090 2841 omnibus
3113 2779 3184 2843 iis
3208 2779 3484 2861 pulchras
3513 2799 3661 2844 con-

287 2865 511 2943 Θεωρίας
544 2865 633 2920 καὶ
687 2866 1064 2942 προσηκούσας
1105 2878 1225 2930 τοῖς
1271 2881 1492 2934 νοητοῖς
1535 2866 1835 2943 ἱπινοῆσαι,
1880 2869 1932 2930 ἃς

2025 2869 2462 2949 templationes,
2499 2887 2566 2930 ac
2613 2868 2793 2930 rebus
2845 2870 3211 2949 spiritalibus
3267 2879 3664 2950 congruentes

287 2954 352 3022 δὴ
387 2955 474 3010 καὶ
524 2951 805 3028 ἀνομοίους
863 2955 1186 3030 ὁμοιότητας
1239 2969 1441 3036 φαῖμεν
1497 2957 1581 3036 ἃν,
1642 2955 1728 3014 ὅτι
1781 2957 1932 3034 ἑτέρῳ

2022 2958 2266 3040 elicere,
2301 2977 2446 3039 quas
2470 2967 2528 3020 et
2546 2958 2866 3021 dissimiles
2888 2959 3318 3023 similitudines
3349 2979 3662 3040 possumus

283 3044 470 3115 τρόπῳ
498 3043 564 3099 τά
595 3043 763 3109 νοητά
793 3040 1034 3123 ἔχουσιν,
1083 3043 1117 3101 ἃ
1176 3058 1295 3110 τοϊς
1347 3047 1625 3115 αἰσθητοῖς
1659 3047 1932 3126 ἐτεροτρό·

2020 3049 2350 3130 appellare;
2383 3047 2662 3127 quoniam
2689 3049 2928 3112 diverso
2959 3049 3134 3112 modo
3165 3049 3298 3112 illas
3318 3049 3538 3113 habent
3565 3069 3663 3113 res

286 3155 404 3197 πως
458 3131 910 3208 ἀπονενὲμηνται.
965 3133 1163 3191 Αὖτίκα
1225 3136 1324 3215 γάρ
1371 3139 1398 3192 ὁ
1454 3137 1641 3212 θυμὸς,
1690 3136 1777 3194 ἐπὶ
1832 3138 1932 3195 τῶν

2022 3137 2340 3218 spiritales,
2369 3156 2500 3216 quae
2530 3135 2644 3198 alia
2669 3140 2899 3200 ratione
2925 3137 3106 3200 rebus
3137 3138 3464 3201 sensilibus
3491 3146 3668 3203 attri-

285 3223 437 3280 xz'tm
467 3221 590 3298 μὲν,
626 3220 678 3287 ἐξ
733 3220 1000 3288 ἒμπαθοῦς
1058 3225 1232 3302 ὁρμῆς
1291 3224 1578 3305 ἐγγίνεται,
1611 3229 1698 3284 καὶ
1756 3227 1932 3295 πάσης

2022 3226 2178 3288 bula;
2212 3225 2450 3290 sunt.ln
2475 3228 2753 3307 praesenti
2777 3235 2963 3303 enim,
3002 3230 3312 3291 iracundia
3335 3229 3395 3290 in
3421 3229 3670 3292 inferio-

286 3315 506 3391 ἀλογίας
539 3314 678 3371 ἐστὶν
708 3313 956 3389 ἔμπλεως
1010 3320 1046 3388 ἦ
1105 3319 1326 3386 τοιαύτη
1366 3326 1458 3376 τοῦ
1496 3323 1660 3394 θυμοῦ
1703 3319 1933 3386 κίνησιςο

282 3405 408 3463 ἀλλ’
437 3405 525 3462 ἰπὶ
553 3405 659 3462 τῶν
691 3410 896 3472 νοητῶν
955 3406 1316 3484 ἑτεροτρόπως
1357 3416 1580 3482 νοοῦμεν
1609 3409 1700 3465 τὸν
1743 3410 1930 3488 θυμὸν,

282 3498 382 3563 τὴν
455 3493 732 3552 ἀνένδοτον
792 3492 1044 3572 λέγοντες
1099 3495 1323 3574 ἕλλογον
1382 3497 1611 3572 κίνησιν,
1683 3499 1772 3554 καὶ
1832 3499 1931 3564 τὴν

2019 3314 2185 3377 ribus
2206 3315 2444 3394 quidem
2461 3333 2530 3375 ex
2547 3316 2776 3394 impetu
2795 3317 3103 3396 passionis
3129 3318 3392 3391 exsistit,
3427 3327 3486 3379 et
3515 3324 3669 3380 irra-

2019 3405 2345 3465 tionalitate
2364 3405 2576 3483 plenus
2606 3413 2696 3465 est
2734 3406 3030 3480 ejusmodi
3064 3407 3392 3469 iracundia;
3421 3415 3618 3469 motus
3651 3425 3666 3469 :

2016 3512 2219 3557 verum
2243 3494 2301 3554 in
2330 3493 2510 3555 rebus
2538 3492 2908 3573 spiritalibus
2946 3495 3063 3556 alio
3097 3495 3272 3558 modo
3297 3495 3666 3558 iracundiam

281 3587 604 3666 ἀχαύνωαον
633 3584 738 3650 ἕξιν
771 3586 858 3641 καὶ
907 3583 1280 3661 ἀμετάϐλητον
1326 3588 1382 3644 ὲν
1413 3599 1535 3651 ταῖς
1574 3589 1646 3651 εἰς
1676 3588 1738 3643 τὸ
1769 3586 1933 3644 καλὸν

281 3680 571 3759 ἱδρύσεσιν.
651 3679 902 3742 Ωσαύτως
959 3679 1210 3758 ἔχεικαὶ
1275 3683 1308 3749 ἡ
1365 3681 1634 3756 ἐπιθυμία,
1695 3681 1780 3738 ἐπὶ
1836 3681 1934 3756 μὲν

283 3785 406 3834 τοῖς
457 3767 707 3846 ἀλόγοις,
768 3767 1159 3842 ἀπερίσκεπτον
1197 3792 1315 3827 τινα
1367 3771 1684 3844 ἒμπάθειαν,
1737 3769 1790 3836 ἐξ
1833 3776 1932 3845 εμ-

2018 3763 2209 3825 lemve
2240 3761 2506 3822 habitum
2540 3760 2600 3822 in
2644 3759 2786 3826 boni
2817 3763 3672 3828 constitutionibus.Similiter

288 3864 455 3938 φότου
484 3858 754 3927 κινήσεως
784 3855 1065 3922 πολλάκις·
1115 3858 1204 3914 ὅτε
1264 3857 1470 3926 δηλαὸη
1524 3858 1629 3916 ἀπὸ
1674 3882 1932 3935 συμπτω-

2025 3851 2532 3930 concupiscentia.
2566 3850 3090 3914 inirrationalibus
3119 3852 3358 3934 quidem
3393 3853 3666 3916 inconsi-

291 3949 477 4025 μάτων
531 3951 765 4025 φυσικῶν
821 3948 921 4014 τὴν
986 3949 1192 4015 κίνησιν
1274 3949 1499 4028 ἔχομεν,
1557 3950 1593 4014 ἢ
1664 3951 1932 4018 συνηθείας

2025 3943 2290 4004 deratam
2323 3942 2639 4021 quamdam
2674 3943 3010 4019 passionem
3040 3943 3510 4007 habetexinsito
3532 3944 3662 4025 ple-

291 4036 576 4102 πολλάκις
615 4037 702 4092 ὅτε
745 4035 992 4103 δηλονότι
1049 4037 1157 4095 ἀπό
1189 4061 1349 4095 τινων
1381 4039 1609 4114 ἐθισμῶν
1661 4041 1799 4095 κατὰ
1842 4040 1932 4108 τὴν

2023 4049 2278 4112 rumque
2294 4040 2454 4092 motu
2481 4079 2498 4110 ,
2521 4031 2755 4110 quando
2772 4031 3054 4094 nimirum
3075 4052 3144 4094 ex
3175 4033 3665 4096 convulsionibus

293 4141 412 4190 τοῖς
447 4125 774 4188 ἀλλοιωτοϊς
805 4125 1152 4205 ἑγγινομένην
1201 4127 1396 4205 ἄλογον
1434 4129 1808 4206 ὶπικράτειαν,
1841 4134 1932 4196 τῆς

2027 4120 2393 4184 naturalibus
2418 4138 2748 4194 movemur;
2781 4121 2868 4182 vel
2900 4141 3019 4183 non
3049 4140 3185 4184 raro
3217 4123 3394 4184 etiam
3418 4141 3485 4185 ex
3511 4141 3669 4186 con-

278 4219 605 4292 σωματικῆς
638 4213 860 4291 ὀρέξεως
905 4216 1146 4284 ὠθούσης
1178 4218 1239 4273 τὸ
1293 4220 1429 4288 ζῶον
1459 4215 1546 4272 ἐπὶ
1579 4219 1639 4272 τὸ
1671 4217 1929 4274 κατάῗσ-

2017 4209 2331 4273 suetudine
2366 4229 2378 4270 :
2413 4226 2546 4268 cum
2591 4207 2866 4271 videlicet
2905 4227 2979 4271 ex
3011 4209 3265 4272 assuetis
3325 4211 3663 4273 irrationali

274 4310 458 4383 θησιν,
496 4304 587 4360 καὶ
611 4301 753 4360 οὕτω
784 4304 921 4360 κατά
957 4307 1140 4371 νόησιν
1166 4305 1522 4382 ἐπιθυμητόν.
1577 4297 1715 4364 (Ὀτε
1744 4305 1798 4362 δὲ
1835 4308 1931 4375 τὴν

2018 4302 2295 4382 potentia)
2324 4296 2502 4358 rebus
2526 4295 2908 4358 mutabilibus
2945 4299 3162 4375 insitis,
3199 4300 3530 4379 corporalis
3563 4318 3668 4380 ap-

270 4393 562 4468 ὶπιθυμίαν
590 4406 710 4456 τοῖς
733 4406 954 4460 νοητοῖς
986 4394 1339 4474 ἄπιθήσομεν,
1394 4395 1564 4474 ἔρωτα
1595 4400 1738 4454 θετον
1770 4398 1932 4465 αὖτὴν

2019 4391 2234 4470 petitus
2262 4386 2482 4448 animal
2516 4387 2766 4466 impellit
2798 4387 2871 4447 ad
2903 4388 3130 4468 aliquid
3162 4388 3672 4469 sensibile,atque

266 4484 484 4541 ἆννοεῐν
548 4481 660 4562 χρὴ
705 4483 803 4549 τῆς
834 4483 966 4562 ὑπὲρ
995 4482 1155 4562 λόγον
1210 4486 1298 4541 καὶ
1329 4492 1450 4542 νοῦν
1481 4484 1686 4560 ἀῦλίας,
1719 4487 1806 4541 καὶ
1837 4488 1932 4554 τήν

2018 4480 2165 4540 adeo
2196 4483 2369 4539 etiam
2425 4477 2756 4538 secundum
2804 4477 3260 4556 intelligentiam
3321 4478 3665 4558 appetibile.

265 4571 556 4632 ἀνένδοτον
602 4571 778 4652 ἔφεσιν
822 4595 918 4637 τας
971 4574 1205 4638 ἀπαθοῦς
1255 4575 1502 4654 θεωρίας,
1552 4577 1642 4632 καὶ
1670 4579 1768 4642 τῆς
1797 4576 1932 4632 αἰω-

2021 4567 2269 4642 Quando
2303 4576 2499 4628 autem
2533 4567 3077 4646 concupiscentiam
3096 4569 3277 4630 rebus
3305 4569 3671 4648 spiritalibus

267 4665 390 4725 νίας
422 4663 594 4725 ὄντως
630 4661 719 4718 καὶ
782 4661 982 4729 νοητῆς
1057 4665 1340 4727 κοινωνίας
1396 4665 1526 4742 πρὸς
1577 4662 1783 4732 ἐκείνην
1839 4664 1932 4731 τὴν

2021 4654 2680 4732 attribuimus,divinus
2705 4673 2871 4717 amor
2885 4657 3234 4735 cogitandus
3257 4658 3346 4718 rei
3369 4677 3549 4739 supra
3569 4676 3670 4720 ra-

267 4752 514 4830 καθαράν
562 4747 857 4831 διαύγειαν,
909 4751 999 4808 καὶ
1057 4753 1158 4818 τὴν
1215 4751 1397 4831 ἀφανῆ
1456 4757 1545 4808 καὶ
1569 4752 1710 4808 θείαν
1745 4751 1932 4830 εὖπρέ-

2024 4753 2242 4808 tionem
2275 4765 2343 4806 ac
2377 4752 2638 4806 mentem
2666 4745 3293 4827 immaterialis,atque
3316 4746 3671 4809 indeﬁciens

264 4863 458 4902 πειαν,
502 4837 670 4896 Παλιν
701 4841 764 4896 τὸ
813 4839 1062 4920 ἀκρατὲς,
1098 4839 1180 4921 ἐφ’
1225 4843 1382 4915 ἡμῶν
1439 4841 1560 4922 μὲν,
1593 4842 1654 4897 τὸ
1703 4841 1784 4920 ἐφ’
1808 4840 1932 4920 ὅπερ

2022 4835 2386 4899 desiderium
2419 4833 2936 4914 contemplationis
2966 4855 3079 4915 qua
3132 4836 3424 4916 passionis
3457 4854 3671 4916 expers

270 4928 343 4997 δὴ
392 4929 482 4986 καὶ
528 4929 839 5006 ὀρμήσομεν
897 4928 1304 5008 ἀνεπίστροφον⁶
1356 4928 1443 4986 ἐπ’
1497 4928 1711 4986 ἐκείνων
1769 4928 1850 5004 δὲ,
1887 4931 1932 4985 τὶ

2028 4927 2130 5007 sit,
2157 4943 2268 4987 nec
2299 4943 2414 4986 non
2449 4932 2683 4985 mternaa
2726 4923 2970 4984 omnino
2996 4943 3064 4984 ac
3090 4925 3370 5005 spiritalis
3393 4944 3670 4987 commu-

269 5020 561 5091 σύντονον,
605 5019 691 5074 καὶ
721 5018 784 5073 τὸ
841 5019 984 5097 παρὰ
1035 5017 1264 5094 μηδενὸς
1309 5019 1682 5098 ἐγκόπτεσθαι,
1738 5017 1822 5074 διὰ
1855 5020 1932 5075 τοι

2029 5016 2248 5093 nionis,
2277 5014 2437 5074 illius
2483 5031 2642 5093 pura:
2683 5011 3000 5094 claritatis;
3036 5026 3092 5076 et
3126 5014 3341 5076 occulti
3371 5023 3546 5095 atque
3577 5015 3669 5076 dio

270 5109 460 5183 ἀμιγῆ
495 5109 587 5163 καὶ
619 5107 872 5187 καθαρὸν,
910 5109 997 5164 καὶ
1027 5110 1100 5172 είς
1150 5108 1297 5166 οῦδὲν
1349 5109 1524 5186 ἕτερον
1582 5107 1932 5188 ἐσχολαλιόταἸ

2034 5104 2160 5165 vini
2194 5104 2449 5164 decoris.
2486 5103 2771 5180 Rursum,
2810 5102 3243 5164 incontinentia
3264 5104 3322 5163 in
3348 5103 3521 5166 nobis
3544 5105 3673 5186 qni-~

269 5199 366 5253 κατ
403 5194 768 5254 ἀναλλοίωτον
826 5202 924 5265 τῆς
979 5198 1120 5262 θείας
1171 5197 1436 5266 καλλονῆς
1491 5198 1687 5279 ἔρωτα,
1731 5199 1818 5253 καὶ
1847 5198 1932 5262 at.»

2029 5194 2163 5254 dem
2196 5199 2288 5252 est
2313 5190 2550 5271 quidam
2585 5188 2991 5279 impetus,quo
3013 5192 3070 5252 in
3096 5191 3322 5269 aliquid
3357 5193 3672 5255 tumultua-

272 5286 480 5354 ὁλικὴν
526 5287 702 5364 ὁρμὴν
740 5287 828 5344 επὶ
859 5289 920 5344 τὸ
952 5285 1121 5351 ὅντως
1171 5288 1449 5366 ἐράσμιον.
1484 5285 1650 5345 Πάλιν
1672 5277 1782 5355 τὴν
1812 5285 1932 5344 ἀλο-

2027 5283 2116 5344 rio
2140 5282 2317 5341 modo
2343 5279 2629 5350 ferimur,
2662 5277 2720 5337 in
2750 5277 2870 5340 illis
2892 5297 3030 5342 vero
3050 5283 3382 5344 constantia
3405 5293 3516 5363 est,
3539 5302 3674 5361 qua:

272 5376 430 5452 γίαν,
506 5377 593 5432 καὶ
637 5377 1008 5451 ἀναισθησίαν,
1068 5379 1156 5433 καὶ
1211 5377 1493 5454 ἀνοησίαν,
1547 5377 1632 5434 ἐπὶ
1687 5377 1786 5452 μὲν
1838 5379 1932 5432 τῶι

2027 5391 2063 5433 a
2093 5369 2335 5433 nemine
2367 5367 2609 5446 infringi
2639 5367 2848 5446 possit,
2873 5379 3118 5450 propter
3139 5390 3315 5432 suum
3339 5372 3672 5452 simplicem

270 5464 498 5542 ἀλόγων
542 5487 600 5522 τε
662 5468 750 5522 καὶ
794 5466 1051 5546 ἀψύχων,
1096 5467 1270 5530 καθὼς
1329 5467 1416 5523 ἐπὶ
1489 5474 1580 5524 τοῦ
1651 5465 1794 5522 λίθου
1834 5467 1932 5533 τὴν

2026 5481 2097 5524 ac
2124 5467 2421 5540 purum,et
2445 5457 2505 5517 in
2530 5455 2691 5546 nullo
2719 5458 3184 5546 exorbitantern,
3223 5469 3400 5542 atque
3451 5466 3672 5523 immu-

273 5554 652 5627 ἀναισθησίαν,
691 5557 830 5612 κατὰ
856 5556 1106 5633 στέρησιν
1151 5554 1400 5634 λὲγομενο
1440 5555 1525 5614 ἐπὶ
1575 5554 1629 5612 δὲ
1660 5558 1764 5614 τῶν
1796 5577 1930 5622 νοη-

2020 5549 2261 5613 tabilem
2293 5547 2508 5609 divinae
2535 5545 3014 5634 pulchritudinis
3036 5549 3484 5630 amoremﬁﬁet
3515 5557 3668 5612 tota-

280 5650 394 5698 τῶν
439 5647 526 5700 καὶ
558 5643 756 5719 actm»,
787 5647 924 5702 κατά
957 5647 1244 5725 ἀπόφασιν.
1283 5646 1386 5705 Καὶ
1419 5644 1502 5702 διὰ
1535 5646 1630 5720 μὲν
1675 5647 1734 5700 τὸ
1766 5646 1928 5723 ὕπερ-

2017 5639 2131 5702 Ιρεη
2153 5639 2371 5716 impetu
2385 5637 2514 5697 min
2534 5634 2590 5696 id
2608 5633 2761 5713 quod
2777 5653 2912 5698 vere
2929 5637 3432 5699 amabileexsistit.
3445 5641 3666 5710 Denuo,

280 5737 439 5813 ἐχειν
485 5734 633 5810 αὕτα,
669 5737 744 5802 ὡς
795 5735 1148 5812 ὑπερκείμενα
1205 5734 1296 5794 τοῦ
1355 5733 1470 5794 καθ’
1518 5735 1663 5816 ἡμᾶς
1719 5755 1928 5815 προφος

2017 5727 2551 5796 irrationali'atcm,
2581 5731 2639 5784 et
2663 5722 3206 5807 insensibilitatcm,
3227 5735 3282 5787 et
3314 5727 3662 5808 amentiam,

2016 3582 2667 3662 accipimus,dicentes,
2691 3582 2852 3644 illam
2885 3601 3157 3647 severam
3181 3584 3499 3666 quamdam
3533 3603 3670 3649 esse

2019 3673 2340 3735 motionem
2373 3672 2827 3753 rationalem,ac
2859 3674 3104 3737 minime
3135 3674 3380 3738 mollem
3403 3675 3667 3738 mutabi-
