4044 6152
373 339 482 405 159

1610 342 1669 402 S.
1722 337 2061 402 DIONYSII
2103 336 2612 405 AREOPAGITzE

3616 339 3727 405 160

365 477 427 541 in
460 477 642 541 rebus
673 477 1125 542 irrationalibus
1148 484 1209 542 et
1229 479 1597 555 inanimatis,
1617 479 1779 541 verbi
1803 477 1989 559 gratia

2101 474 2249 550 ρικοῦ
2305 470 2491 551 λογου,
2544 478 2655 548 (τοῦ
2684 472 3041 550 μεταϐατικῶ
3088 473 3210 553 μὲν,
3254 475 3328 537 ὡς
3376 472 3730 549 μεταϐαίνον-

362 566 427 629 in
473 567 670 648 lapide
714 566 1261 643 insensibilitatem,
1296 568 1584 644 privative
1619 567 1899 647 dicimus,
1931 567 2008 629 de

363 656 726 738 spiritalibus
747 675 885 719 vero
902 676 969 719 ac
994 657 1175 719 rebus
1192 658 1269 718 im
1282 658 1636 738 materiatis,
1656 656 2006 719 afﬁrmative

361 764 469 808 seu
494 746 971 826 positive.Atque
1003 745 1104 807 illa
1127 745 1400 826 quidem,
1427 747 1584 826 quod
1621 745 2005 808 eminentiori

361 834 532 897 modo
557 855 623 897 se
642 835 1006 909 habeant,ita
1030 843 1091 897 ut
1115 844 1374 897 nostram
1404 844 1690 916 superent
1711 836 2002 917 eloquen-

360 924 525 1005 tiam,
576 944 1041 1007 sermonemque
1099 924 1522 987 transcendant
1574 925 2008 1004 (transitorium

361 1015 702 1095 quidem,ut
730 1014 834 1094 qui
867 1033 901 1076 a
931 1015 1214 1096 loquente
1255 1013 1327 1074 ad
1359 1013 1692 1077 auditorem
1745 1014 1956 1076 transit
1989 1035 2005 1095 ;

360 1121 714 1184 corporeum
748 1112 985 1177 vero,ut
1005 1103 1100 1184 qui
1115 1103 1418 1183 corporeis
1437 1103 1851 1166 instrumentis
1877 1123 2009 1185 pro-

359 1192 596 1268 fertur),
631 1192 887 1255 dicimus
938 1192 1109 1272 ἂλογκ
1140 1210 1244 1254 seu
1282 1191 1615 1254 tueﬂ‘abilia
1642 1215 1654 1251 :
1684 1193 1809 1254 illic
1840 1193 2000 1254 enim

276 1274 281 1280 ’
357 1299 479 1343 non
513 1283 622 1363 sic,
677 1281 784 1343 sed
815 1282 1082 1362 corporis
1112 1289 1410 1362 expertes,
1446 1291 1505 1344 et
1551 1282 1621 1344 ad
1650 1301 1715 1344 se
1746 1284 2000 1346 invicem

357 1371 697 1433 accedendo
729 1390 799 1434 ac
821 1370 1186 1447 recedendo,
1214 1372 1379 1434 omni.
1400 1390 1680 1434 sermone
1704 1372 2005 1452 perspica-

361 1461 493 1523 cius
522 1460 906 1540 cogitationes
927 1470 1160 1523 mutuas
1199 1460 1527 1542 intuentes,
1566 1463 1724 1524 velut
1758 1463 1919 1525 inter
1939 1480 2005 1523 se

361 1549 784 1632 colloquuntur
812 1568 924 1629 per
954 1550 1279 1631 silentium,
1312 1569 1656 1615 sermonem
1699 1553 1812 1614 sibi
1845 1551 2006 1613 velut

362 1641 620 1703 invicem
640 1639 1170 1704 communicantes.
1205 1638 1551 1703 Secundum
1613 1642 1727 1705 hoc
1775 1640 1997 1722 itaque,

359 1728 604 1793 ordines
654 1729 927 1792 caalestes
946 1729 1243 1791 sermonis
1283 1740 1556 1809 expertes
1603 1730 1898 1794 dicimus:
1941 1730 2000 1792 in

2086 581 2178 624 τος
2208 563 2271 617 ὲκ
2314 563 2405 618 τοῦ
2436 561 2689 640 λέγοντες
2730 564 2807 628 εἰς
2838 565 2927 621 τὸν
2972 563 3255 620 ἀκούοντα⁸
3306 564 3613 638 σωματικοῦ
3644 563 3723 646 δὲ,

2088 651 2162 715 ὡς
2189 647 2279 708 διὰ
2309 653 2632 725 σωματικῶν
2666 653 2904 731 ὀργάνων
2967 652 3301 733 γινομένου),
3335 651 3565 731 λέγομεν
3592 653 3726 710 ἄλο-

2086 756 2180 816 γα’
2209 738 2325 796 ἐκεῖ
2373 740 2473 819 γὰρ
2503 740 2611 821 αὒχ
2644 741 2837 822 οὕτως,
2869 739 2990 798 ἀλλ’
3017 742 3076 798 ἐν
3104 742 3379 814 ἀσωματίᾳ
3419 744 3727 822 τυγχάνον-

2090 848 2201 898 τες,
2234 829 2322 883 καὶ
2377 830 2450 892 εἷς
2503 828 2769 901 ἀλλήλους
2821 837 3122 911 χωρούντες
3162 831 3251 887 καὶ
3292 831 3725 912 ἀποχωροῦντες,

2091 918 2289 983 παντὸς
2319 916 2479 998 λόγον)
2510 920 2818 998 τρανότερον
2861 922 2955 984 τὰς
3004 919 3258 989 ἀλλήλων
3316 920 3530 989 νοήσεις
3559 944 3726 981 κατο-

2092 1007 2412 1081 πτεύοντες,
2464 1007 2718 1079 ἀλλήλοις
2777 1009 2956 1087 ὥσπερ
3017 1008 3350 1087 διαλέγονται
3410 1010 3496 1069 διὰ
3542 1011 3727 1091 σιγῆς,

2090 1102 2183 1153 τοῦ
2212 1097 2373 1174 λόγου
2403 1098 2583 1177 ὣσπερ
2624 1096 2990 1173 μεταδιδόντες
3034 1098 3314 1170 ἀλλήλοις.
3371 1101 3518 1159 Κατά
3574 1109 3725 1160 τοῦτο

2086 1187 2256 1242 τοίνυν
2288 1184 2456 1265 ἄλογα
2485 1186 2712 1264 λέγομεν
2769 1188 2833 1244 τὰ
2879 1191 3090 1268 οὐράνια
3146 1190 3417 1267 τάγματα·
3467 1188 3552 1246 διὰ
3580 1187 3637 1247 δὲ
3665 1192 3724 1248 τὺ

2085 1275 2424 1353 ὑπερκεῖσθαι
2456 1277 2553 1344 τῆς
2583 1276 2795 1356 ὑλικῆς,
2837 1279 2909 1338 ὡς
2965 1280 3053 1335 καὶ
3094 1277 3371 1357 ἀλλοτρίας
3419 1285 3523 1336 τῶν
3573 1279 3721 1337 ἀσω-

2086 1365 2268 1438 μάτων
2314 1366 2625 1446 αἰσθήσεως,
2660 1367 2833 1446 φαμὲν
2864 1365 3173 1448 ἀναίσθητα,
3208 1377 3279 1434 ὼς
3307 1367 3612 1447 ὑψηλότερα
3627 1375 3721 1438 τῆς

2089 1455 2408 1531 αίσθήσεως,
2442 1458 2530 1512 καὶ
2560 1456 2748 1522 νοητά,
2779 1459 3158 1535 Συμπεραίνων
3186 1457 3352 1536 λέγει·
3405 1458 3582 1517 ’Ἔστι
3610 1482 3724 1517 τοι-

2086 1550 2281 1622 γαροῦν
2332 1549 2426 1604 οὒκ
2473 1545 2689 1610 ἀπεικὸς
2721 1547 2808 1603 καὶ
2865 1545 2924 1602 ἐκ
2952 1553 3059 1602 τῶν
3105 1548 3368 1622 ἀνομοίων
3412 1550 3501 1605 καὶ
3528 1549 3720 1625 ἀτιμο-

2084 1634 2259 1690 τάτων
2289 1640 2383 1700 τῆς
2417 1634 2549 1702 ὕλης
2597 1636 2771 1709 μερῶν
2825 1635 3180 1692 ἀναπλάττειν
3228 1638 3459 1718 εἰκόνας,
3490 1638 3605 1694 ἐπεὶ
3633 1639 3722 1695 καὶ

2086 1722 2219 1790 αὕτη
2246 1725 2279 1791 ἡ
2311 1724 2412 1791 ὕλη
2453 1725 2591 1803 περὶ·
2641 1724 2734 1781 τοῦ
2775 1725 2941 1790 ὅντως
2967 1726 3133 1785 καλοῦ
3163 1733 3255 1783 τοῦ
3287 1734 3417 1784 Θεοῦ
3444 1729 3717 1784 ὑποστᾶσι

360 1826 645 1901 quantum
671 1835 813 1881 vero
836 1818 1202 1881 materialem
1228 1839 1297 1882 ac
1319 1821 1699 1899 peregrinum
1719 1820 1896 1882 rebus
1914 1821 1993 1881 in-

2082 1813 2219 1867 κατὰ
2260 1818 2433 1869 πᾶσαν
2478 1815 2643 1880 αὐτῆς
2692 1811 3044 1889 διακόσμησιν
3076 1816 3174 1883 τὴν
3199 1815 3318 1871 κατ’
3366 1813 3534 1888 εἶδος,
3566 1817 3720 1882 ἀπησ-
3764 1830 3767 1833 ’

360 1909 669 1990 corporeis
686 1927 926 1971 sensum
969 1917 1276 1991 superant,
1309 1909 1694 1972 insensibiles
1719 1911 1996 1972 nomina-

364 2017 521 2081 mus,
546 1998 767 2081 quippe
814 2016 1055 2060 sensum
1109 1999 1495 2074 excedentes,
1549 2017 1619 2061 ac
1670 2000 1992 2079 spiritales,

358 2087 736 2153 Concludens
756 2087 866 2150 ait:
906 2087 1106 2150 Liceat
1133 2087 1330 2170 itaque
1355 2107 1473 2149 non
1496 2087 1795 2152 immerito
1816 2089 1994 2152 etiam

354 2196 427 2240 ex
482 2176 878 2239 dissimilibus
925 2175 1349 2258 vilissimisqne
1400 2177 1668 2241 materiae
1727 2179 1994 2259 partibus

353 2266 645 2346 imagines
670 2266 1494 2348 eﬂ'ormare;quandoquidem
1514 2270 1693 2330 etiam
1723 2269 1847 2331 haec
1873 2288 1998 2330 ma-

356 2357 510 2420 teria
539 2374 571 2418 a
594 2374 729 2419 vere
748 2355 996 2437 pulchro
1019 2358 1142 2420 Deo
1160 2357 1796 2438 exsistat,omnemque
1822 2376 1993 2420 orna-

352 2453 478 2508 tum
504 2465 675 2509 suum
698 2445 1041 2526 speciﬁcum
1065 2443 1357 2527 obtineat,
1377 2447 1778 2527 nonnullaque
1807 2448 1989 2528 spiri-

355 2536 490 2599 talis
513 2535 750 2598 decoris
769 2534 1013 2614 vestigia
1032 2534 1253 2597 referat
1277 2555 1291 2596 :
1348 2537 1851 2617 quemadmodum
1889 2537 1986 2599 lu—

350 2623 532 2687 minis
560 2633 670 2705 est,
708 2624 1042 2686 illuminare
1077 2645 1094 2706 ',
1128 2634 1309 2705 atque
1331 2624 1485 2704 ignis
1508 2644 1890 2702 consumere,
1921 2645 1988 2689 ac

349 2724 691 2796 penetrare,
722 2714 773 2775 si
802 2714 1013 2776 similia
1060 2713 1251 2776 solum
1302 2715 1673 2777 dissimiliter
1701 2715 1984 2778 etdiﬂ‘or-

356 2803 972 2884 miterqnotupliciter
990 2815 1337 2868 sumantur:
1363 2805 1451 2867 sol
1482 2806 1641 2866 enim
1670 2804 1987 2867 sensibiles

352 2892 563 2955 oculos
583 2893 902 2966 illuminat,
928 2893 1332 2956 etfacultatem
1358 2896 1585 2974 przebet
1604 2893 1836 2956 colores
1860 2894 1988 2955 dis-

355 2981 643 3044 cernendi
682 2984 887 3060 ;Deus
935 3000 1072 3043 vero
1098 2982 1211 3042 vim
1246 2982 1365 3058 dat,
1395 2981 1584 3063 ipsam
1609 2982 1893 3064 animam,
1928 2992 1987 3045 et

354 3091 487 3153 qua:
515 3071 576 3133 in
607 3088 674 3134 ea
708 3072 955 3153 pulchra
974 3078 1131 3146 sunt,
1167 3071 1696 3152 penetrandi.Nam
1725 3090 1857 3153 quae
1882 3090 1983 3135 ea-

2080 1902 2307 1979 χήματά
2354 1923 2469 1958 τινα
2499 1901 2597 1969 τῖς
2620 1909 2799 1981 νοερᾶς
2831 1905 3138 1982 εὖπρεπείας
3169 1902 3310 1984 ἔχει,
3343 1907 3416 1968 ὡς
3470 1904 3581 1961 ἔστι
3622 1912 3712 1963 τοῦ

2079 1991 2276 2069 φωτὸς.
2311 1992 2372 2047 τὸ
2399 1993 2662 2070 φωτίζειν,
2698 1994 2787 2048 καὶ
2815 1992 2909 2049 τοῖ’)
2938 1995 3123 2073 πυρὸς,
3148 1996 3208 2050 τὸ
3237 1992 3597 2061 δαπανητικὸν
3624 1996 3713 2051 καὶ

2078 2076 2415 2159 δραστήριον,
2466 2082 2511 2137 εἶ
2552 2103 2712 2156 μονον
2764 2083 3029 2157 ἀνομοίως
3085 2084 3172 2140 καὶ
3227 2083 3584 2162 ἐ·;εροτρόπως
3650 2084 3715 2140 τὰ

2077 2167 2236 2242 ὅμοια
2267 2172 2444 2235 ποσῶς
2474 2169 2917 2245 ἐκλαμϐάνονται·
2950 2171 3102 2239 ἣλιος
3136 2174 3234 2250 γὰρ
3273 2172 3552 2239 αἰσθητοὺς
3611 2173 3711 2251 όφ-

2074 2258 2305 2333 θαλμοὺς
2337 2260 2572 2340 φωτίζει,
2605 2283 2693 2317 και
2739 2266 2846 2318 τῶν
2878 2263 3187 2342 χρωμάτων
3235 2261 3713 2337 ἀντιλαμϐάνεσθαι

2074 2347 2276 2405 δίδωσι⁰
2297 2352 2424 2412 Θεὸς
2446 2347 2500 2405 δὲ
2523 2351 2707 2430 ψυχὴν
2738 2352 2827 2407 καὶ
2856 2365 2974 2415 τοῖς
3006 2352 3187 2409 ἐκεῖσε
3217 2351 3409 2418 καλοῖς
3452 2352 3712 2430 ἒπεντρα-

2074 2438 2231 2508 νίζειν
2261 2439 2510 2519 παρέχει,
2560 2443 2635 2497 Τὰ
2667 2442 2797 2499 αὗτά
2825 2442 2924 2519 γὰρ
2981 2443 3042 2498 οὗ
3091 2442 3297 2506 ταῦτῶς
3327 2439 3711 2515 λαμϐάνονται,

2071 2528 2204 2603 πρὸς
2236 2528 2335 2595 τὴν
2367 2533 2593 2608 φυσικὴν
2625 2527 2678 2585 δὲ
2703 2527 2944 2596 ἰδιότητα
2976 2537 3065 2586 τοῦ
3096 2529 3445 2605 ὅποκειμένου
3476 2531 3564 2587 καὶ
3597 2531 3713 2609 ὁρί-

2070 2627 2249 2690 ζονται
2294 2621 2381 2677 καὶ
2429 2628 2691 2680 νοοῦνται.
2751 2623 2850 2679 Διά
2904 2629 3058 2679 τοῦτο
3087 2622 3186 2700 γὰρ
3216 2623 3305 2677 καὶ
3362 2622 3711 2700 ἀπηχήματα

2071 2708 2317 2787 λέγονται
2351 2710 2564 2767 ἐκείνων
2619 2716 2804 2773 ταῦτα.
2867 2710 2918 2776 ἐξ
2967 2713 3028 2767 οὗ
3068 2712 3157 2767 καὶ
3208 2711 3461 2789 παροιμία
3493 2711 3578 2767 ἰπὶ
3607 2716 3714 2767 τῶν

2072 2799 2336 2873 ἀνομοίων
2367 2801 2546 2863 ποσῶς
2579 2799 2989 2880 μετεχόντων,ἢ
3008 2800 3094 2856 καὶ
3117 2797 3710 2880 δοκούντων-μετέχειν,

2070 2871 2306 2968 λέγεται,
2342 2887 2420 2944 ὅτι
2452 2889 2539 2945 καὶ
2561 2871 2621 2946 τὸ
2772 2871 2943 2971 ἠχοῦς
2967 2891 3354 2969 ὑστερόφωνον.
3387 2871 3474 2948 δέ)
3501 2871 3607 2968 γὰρ
3627 2871 3716 2948 ἰπῖ

2067 2984 2165 3053 τῇς
2212 2978 2447 3056 ὁράσεως
2480 2980 2657 3052 εἰκὼν,
2705 2980 2952 3054 ὁμοίωμά
3011 3001 3061 3036 τι
3108 2980 3239 3056 πρός
3273 2979 3333 3034 τὸ
3367 2979 3714 3058 πρωτότυπον

2068 3065 2292 3148 ἔχοδσα⁶
2327 3076 2480 3125 τοῦτο
2518 3070 2602 3125 imi
2659 3074 2759 3136 τῆς
2792 3069 2956 3136 ἀκοῆς
3013 3068 3319 3148 ἀπήχημα,
3382 3067 3632 3142 ὁμοίωμά
3661 3090 3712 3124 τι

355 3160 490 3223 dem
514 3168 798 3236 sunt,non
815 3161 1025 3222 eodem
1053 3161 1228 3223 modo
1243 3161 1744 3242 accipiuntur,sed
1774 3178 1991 3222 secun-

2078 3159 2207 3235 πρὸς
2239 3160 2338 3225 τὴν
2369 3159 2552 3238 φωνὴν
2590 3157 2743 3237 ἔχοι·
2778 3160 2838 3214 τὸ
2893 3160 2993 3236 γὰρ
3023 3158 3127 3214 ἀπὸ
3160 3163 3248 3214 τοῦ
3280 3154 3423 3236 ἧχού
3454 3158 3528 3221 εἷς
3583 3156 3713 3213 ἐλά-

352 3249 493 3311 dum
515 3250 842 3313 naturalem
857 3249 1107 3330 subjecti
1125 3250 1540 3330 proprietatem
1558 3259 1613 3311 et
1626 3250 1993 3312 deﬁniuntur

2078 3269 2274 3327 χιστον
2301 3246 2658 3319 καταντῆσαν,
2718 3248 2873 3304 τοῦτό
2932 3247 3096 3304 ἐστιν.
3160 3243 3452 3313 Ἐννόησον
3498 3245 3586 3303 οὗν
3614 3246 3711 3314 τὴν

351 3348 413 3402 et
462 3339 917 3422 intelliguntur:
973 3340 1156 3404 icirco
1188 3340 1345 3401 enim
1381 3339 1557 3402 etiam
1598 3340 1723 3401 haec
1750 3338 1986 3402 illorum

2078 3337 2258 3415 νοεράν
2289 3346 2381 3397 τοῦ
2429 3342 2558 3393 Θεοῦ
2617 3336 2954 3415 εὐπρέπειαν,
3001 3334 3145 3415 ἤχου
3189 3336 3307 3391 τινὰ
3335 3333 3497 3414 λόγον
3542 3334 3710 3415 ἔχου-

352 3428 601 3510 vestigia
619 3448 724 3492 seu
751 3430 969 3492 indicia
994 3429 1293 3501 dicuntur;
1328 3430 1485 3492 unde
1509 3428 1686 3492 etiam
1709 3430 1783 3490 de
1802 3429 1986 3490 dissi-

2078 3450 2167 3485 σαν
2200 3425 2427 3492 ἒξαισίου
2470 3427 2644 3494 πάντη
2685 3427 2774 3483 καὶ
2816 3424 3138 3504 ἀποῤῥήτου’
3194 3424 3247 3491 ἐξ
3279 3427 3340 3483 οὗ
3367 3447 3509 3489 τινος
3541 3427 3709 3506 ἤχου,

352 3517 596 3581 milibus
630 3518 1051 3600 quotupliciter
1079 3519 1574 3599 participantibus
1624 3519 1711 3581 vel
1740 3519 1985 3598 partici-

2078 3519 2156 3576 καὶ
2200 3515 2252 3582 ἐξ
2300 3519 2366 3585 ἧς
2412 3517 2745 3593 εὖπρεπείας,
2807 3515 3151 3595 ἀπηχήματά
3206 3537 3348 3587 τινα,
3412 3518 3501 3572 καὶ
3554 3517 3714 3572 οίονεὶ

352 3626 495 3688 pare
537 3609 985 3690 apparentibus,
1046 3610 1357 3689 proverbio
1388 3609 1633 3690 dicitur,
1665 3609 1849 3669 echus
1877 3628 1983 3671 vox

2078 3607 2386 3685 δμοιώματα
2407 3612 2499 3662 τοῦ
2544 3604 2712 3685 ἤχου,
2766 3605 2802 3672 ἣ
2833 3606 2917 3662 καὶ
2950 3604 3219 3680 ἀνομοίως
3251 3601 3711 3680 ἰκλαμϐάνονται,

348 3696 909 3777 reparabilis.Quod
940 3698 1096 3760 enim
1128 3705 1216 3759 est
1246 3697 1306 3760 in
1331 3702 1552 3760 visione
1585 3698 1981 3777 imago,simi-

2078 3700 2196 3778 πρὸς
2230 3699 2296 3754 τὰ
2325 3697 2587 3769 κτίσματα
2619 3695 2891 3774 φθάνουσι,

342 3784 653 3847 litudinem
685 3785 1000 3866 quamdam
1036 3786 1213 3865 primi
1244 3784 1603 3868 exemplaris
1632 3788 1904 3849 referens
1930 3809 1945 3865 ;
1979 3790 2093 3852 hoc
2117 3797 2208 3849 est
2243 3784 2302 3844 in
2323 3783 2528 3844 auditu
2557 3783 2897 3844 resonantia
2913 3782 3366 3844 similitudinem
3391 3782 3710 3864 quamdam

341 3874 504 3935 vocis
529 3873 795 3950 habens;
849 3874 1004 3954 quod
1035 3875 1315 3936 nimirum
1348 3876 1491 3938 illud
1528 3884 1639 3957 est,
1667 3877 1824 3957 quod
1855 3896 1888 3937 a
1921 3896 2069 3941 sono
2106 3876 2378 3938 ultimum
2421 3871 2773 3936 reﬂectitur.
2808 3871 3133 3936 Considera
3165 3873 3346 3950 igitur
3376 3871 3710 3951 Spiritalem

339 3962 449 4026 Dei
482 3964 986 4044 pulchritudinem
1019 3983 1086 4026 ac
1110 3965 1387 4028 decorem
1410 3967 1635 4028 referre
1664 3967 2101 4048 quodammodo
2132 3964 2429 4027 rationem
2462 3960 2778 4041 quamdam
2812 3962 2998 4024 ecbus
3032 3979 3275 4043 prorsus
3298 3962 3622 4042 singularis
3651 3974 3716 4028 et

343 4054 600 4130 occulti;
637 4072 671 4115 ο
702 4054 873 4133 cujus
893 4062 1131 4137 sono,et
1162 4074 1194 4116 a
1219 4056 1391 4136 cujus
1420 4056 1866 4137 pulchritudine
1887 4054 2247 4119 resonantiaa
2279 4049 2581 4132 quaedam,
2600 4058 2660 4111 et
2691 4049 2860 4132 quasi
2890 4051 3314 4115 similitudines
3334 4050 3523 4133 ipsius
3549 4052 3708 4132 soni,

342 4143 485 4206 licet
511 4141 879 4204 dissimiliter
908 4144 1307 4225 accipiantur,
1352 4146 1424 4207 ad
1458 4144 1620 4225 ipsas
1649 4155 1951 4208 creaturas
1975 4145 2351 4209 deferuntur.

426 4231 518 4293 26
538 4231 567 4312 §
587 4230 657 4294 V.
682 4230 846 4295 Hanc
859 4232 933 4295 ob
964 4251 1204 4297 causam
1228 4234 1456 4297 divinos
1488 4235 1622 4297 illus
1663 4236 1985 4317 prophetas

2144 4232 2174 4313 §
2203 4230 2277 4294 V,
2313 4230 2411 4287 Διὰ
2467 4237 2621 4288 τοῦτο
2653 4231 2771 4294 τοῦς
2800 4230 2967 4295 θείους
3013 4231 3291 4311 προφήτας
3323 4231 3618 4309 εὑρήσομεν
3653 4232 3717 4290 οὐ

342 4321 702 4416 reperimus,
735 4340 853 4385 non
885 4323 1163 4387 caelestes
1217 4333 1440 4388 tantum
1477 4332 1721 4387 virtutes
1753 4344 1859 4405 per
1899 4326 1981 4386 si-

2078 4328 2233 4393 μόνον
2262 4323 2358 4387 τὰς
2419 4322 2660 4400 οὖρανίας
2702 4319 2974 4399 δυνάμεις,
3034 4320 3174 4377 οῧτι)
3222 4320 3311 4377 καὶ
3349 4318 3432 4379 διὰ
3462 4328 3718 4379 τοιούτων

346 4412 517 4473 miles
540 4411 810 4474 fictiones
828 4413 1267 4491 declarare,sed
1295 4416 1480 4494 ipsam
1492 4415 1791 4476 metetiam
1809 4433 1989 4494 quan.

343 4502 543 4581 doque
591 4501 850 4563 divinam
894 4506 1239 4568 essentiam.
1274 4505 1347 4567 Et
1393 4505 1715 4583 aliquando
1745 4503 1985 4585 quidem

340 4592 532 4673 ipsam
556 4608 589 4650 a
611 4591 791 4652 rebus
813 4611 946 4672 quae
967 4603 1277 4673 apparent,
1307 4613 1531 4674 magnze
1556 4594 1984 4673 aestimationis,

344 4680 900 4757 laudant,tanquam
924 4682 1137 4745 solem:
1167 4703 1360 4764 neque
1388 4685 1442 4744 id
1471 4682 1848 4764 simpiiciter,
1884 4683 1987 4743 sed

350 4779 627 4850 tanquam
652 4770 850 4833 Solem
893 4771 1165 4850 justitia),
1196 4773 1366 4851 juxta
1391 4774 1744 4853 prophetam
1802 4772 1984 4833 Mala-

345 4861 539 4921 chiam
571 4864 642 4922 τε
676 4869 949 4941 tanquam
984 4858 1212 4921 stellam
1244 4864 1617 4935 matutinam,
1646 4862 1750 4923 sed
1777 4860 1838 4922 in
1865 4864 1988 4922 aui-

348 4967 444 5010 ma
468 4949 784 5025 orientem,
812 4951 980 5029 juxta
1029 4967 1305 5030 magnum
1341 4953 1577 5013 Petrum
1603 4951 1661 5011 in
1696 4951 1991 5013 catholica

344 5036 606 5118 Epistula
627 5057 733 5100 sua
761 5039 1062 5101 dicentem
1100 5058 1113 5102 :
1154 5040 1350 5102 Donec
1406 5042 1623 5119 lucifer
1650 5044 1893 5115 oriatur
1922 5043 1989 5103 in

345 5126 628 5191 cordibus
642 5130 849 5191 vestris
876 5127 1023 5190 b*:et
1050 5132 1112 5191 ut
1136 5129 1473 5202 lumen,se.l
1494 5131 1625 5191 sine
1644 5139 1991 5208 tegumenta

345 5215 859 5296 splendens,juxta
881 5215 1025 5278 illud
1064 5239 1078 5277 :
1114 5218 1245 5297 Ego
1268 5218 1751 5281 sumluzmundi
1780 5214 1864 5294 c"‘;
1890 5228 1985 5277 at-

346 5325 462 5389 que
482 5306 651 5367 illud:
678 5306 836 5369 Erat
850 5305 957 5371 lux
972 5325 1115 5371 vera
1141 5308 1571 5391 “.Aliquando
1602 5324 1737 5368 vero
1753 5325 1785 5368 a
1807 5307 1988 5369 rebus

346 5394 774 5471 mediocribus,
803 5397 968 5459 verbi
997 5398 1205 5478 gratia,
1243 5405 1306 5460 ut
1353 5399 1575 5482 ignem,
1612 5395 1720 5461 sed
1744 5393 1988 5457 innoxie

2076 4412 2362 4480 δηλοῦντας
2418 4410 2691 4489 πλάσεων,
2741 4409 2878 4465 ἀλλὰ
2932 4410 3019 4465 καὶ
3067 4408 3237 4477 ἀῦτῆν
3283 4408 3425 4465 ἔστιν
3482 4408 3571 4466 ὅτε
3618 4413 3720 4480 τὴν

2070 4502 2362 4581 θεαρχικὴν
2393 4502 2595 4563 οὗσίαν,
2637 4498 2741 4561 Καὶ
2772 4502 2902 4557 ποτε
2933 4498 3031 4575 μὲν
3092 4500 3257 4566 αὒτὴν
3287 4498 3392 4554 ἀπὸ
3440 4499 3546 4556 τῶν
3584 4523 3719 4580 φαι-

2073 4590 2310 4667 νομένων
2382 4590 2571 4665 τιμίων
2629 4590 2902 4668 ὕμνοῠσιν,
2966 4590 3037 4653 ὡς
3079 4586 3262 4654 ἣλιονο
3344 4591 3449 4667 οὐχ
3531 4587 3720 4654 ἁπλῶς

2071 4684 2247 4763 ἣλιον,
2284 4681 2421 4739 ἀλλὰ
2452 4680 2792 4749 δικαιοσύνης
2850 4681 2988 4737 κατὰ
3039 4682 3133 4737 τὸν
3185 4680 3467 4758 προφήτην
3523 4680 3718 4738 Μαλα-

2073 4775 2223 4854 χίαν·
2260 4775 2333 4835 ὡς
2368 4773 2499 4845 ἑῷον
2556 4771 2772 4850 ἀστέρα,
2824 4770 2944 4827 ἀλλ’
2999 4772 3070 4836 εἷς
3118 4769 3305 4849 ψυχὴν
3335 4767 3716 4846 ἀνατέλλοντα,

2072 4863 2209 4919 κατά
2257 4863 2347 4919 τὸν
2381 4861 2550 4941 μέγαν
2583 4862 2778 4939 Πέτρον
2811 4860 2865 4916 ἐν
2903 4868 2971 4937 τῇ
3007 4860 3261 4934 καθολίκῇ
3306 4858 3596 4936 Ἐπιστολῇ
3617 4861 3719 4917 αὗ-

2073 4962 2165 5010 τοῦ
2196 4950 2447 5029 λέγοντα,
2504 4943 2520 4966 ²
2566 4955 2680 5011 EE):
2728 4952 2790 5006 υῦ
2844 4949 3123 5030 φωσφόρος
3180 4948 3434 5004 ἀνατελετ
3493 4948 3547 5005 ιν
3592 4961 3720 5014 ταῖς

2073 5038 2311 5118 καρδίαις
2368 5040 2542 5114 ὑμῶν·
2612 5041 2703 5096 καὶ
2756 5041 2830 5103 ὡς
2888 5044 3028 5119 φῶς,
3085 5035 3205 5094 ἀλλ’
3266 5036 3722 5116 ἂπερικαλύπτως

2076 5129 2433 5208 καταογάζον,
2493 5129 2569 5193 ὡς
2626 5130 2710 5203 τὸ,
2772 5128 2916 5202 Ἐγώ
2962 5129 3070 5202 εἰμι
3120 5128 3182 5183 τὸ
3213 5126 3323 5205 φῶς
3356 5136 3450 5185 τοῦ
3481 5128 3716 5202 κόσμου·

2073 5221 2162 5276 καὶ
2192 5221 2278 5300 τὸ,
2316 5208 2414 5278 Ἠν
2446 5220 2507 5277 τὸ
2552 5221 2663 5300 φῶς
2718 5223 2779 5277 τὸ
2838 5220 3109 5288 ἀληθιτόν,
3166 5218 3303 5275 Ποτὲ
3360 5217 3418 5274 δὲ
3446 5219 3554 5275 ἀπὸ
3612 5227 3729 5276 τῶν

2072 5309 2275 5385 μέσων,
2308 5311 2381 5370 ὡς
2412 5312 2539 5391 πῦρ,
2604 5309 2723 5368 ἀλλ’
2772 5308 3015 5376 ἀϐλαϐῶς
3075 5311 3162 5366 καὶ
3213 5308 3491 5373 ἀκαύστως
3547 5309 3727 5389 φωτί-

2069 5405 2181 5477 ζον,
2214 5402 2289 5466 ὡς
2326 5398 2381 5457 ἐν
2411 5402 2479 5478 τῇ
2522 5400 2670 5477 βάτῳ
2725 5401 3069 5480 τεθεώρηται⁶
3114 5400 3190 5464 ὡς
3217 5395 3378 5476 ὕδωρ,
3429 5397 3568 5457 ἀλλὰ
3617 5406 3729 5473 ζω-

429 5593 453 5625 l
483 5575 782 5643 *Malach.
814 5594 900 5659 Iv,
930 5580 991 5641 ‘2.
1058 5579 1169 5643 b'll
1203 5581 1330 5644 Pet.
1366 5596 1409 5661 t,
1443 5581 1539 5642 19.
1593 5584 1647 5624 θ’
1671 5580 1843 5643 Joan.
1888 5594 1991 5655 VII,

2078 5577 2126 5644 Ξ.
2179 5577 2231 5622 ⁸⁸
2250 5577 2427 5643 Joan.
2455 5595 2499 5661 ι,
2528 5583 2592 5643 9.

427 5686 446 5709 ‘
475 5685 616 5767 Leg.
651 5687 789 5765 παρᾶ
820 5687 938 5750 vel.
963 5689 1117 5768 πρός.
1150 5687 1310 5752 Enn.
1340 5686 1595 5753 ΡΑπιοι.
