4044 6152
257 339 352 411 l6l

673 336 773 407 DE
817 335 1169 408 COELESTI
1214 330 1720 421 HIERARCHIA,
1769 328 1933 403 CAP.
1964 325 2040 403 it.
2081 374 2159 385 —
2201 332 2590 404 PARAPHR.
2633 323 3141 404 memmium.

3505 330 3616 402 162

242 487 388 548 τικῆς
429 479 864 558 ἀποπληρώσεως
927 481 1016 536 καὶ
1074 485 1389 559 γορτασμοῦ
1459 500 1728 558 χορηγον,
1795 479 1882 534 καὶ

1970 475 2406 541 illuminantem
2457 485 2518 541 et
2567 478 2699 540 sine
2730 476 3357 550 combustione,sicut
3387 477 3621 544 inrubo

245 568 568 645 συμϐολικῶς
589 571 785 644 εἰπεῖν,
820 570 894 631 εἷς
924 567 1178 647 γαστέρα,
1227 569 1326 634 τὴν
1383 567 1568 646 ψυχὴν
1600 565 1870 642 δηλονότι,

241 658 590 738 διαδυόμενον,
647 661 736 715 καὶ
792 660 1066 733 ποταμὸυς
1124 655 1438 735 ἀναϐλύζον,
1487 657 1734 737 ἀσχέτως
1792 659 1876 714 καὶ

239 747 541 828 ἂκραττίτως
607 747 984 825 ἀποῤῥεοντας,
1039 747 1174 801 κατά
1231 747 1316 822 τὸ,
1367 748 1603 821 Ποταμοὶ
1660 745 1877 824 ρευσου-

236 861 310 894 σιν
357 838 415 894 ἰκ
458 838 552 905 τῆς
604 837 804 899 κοιλίας
858 838 1014 893 αὒτοῦ
1071 835 1256 901 ὕδατος
1317 841 1541 906 ζῶντος.
1617 837 1751 892 [loti
1824 826 1880 892 δὲ

234 927 330 983 ἀπὸ
357 933 459 984 τῶν
489 927 738 1007 ἐσχάτων
769 927 857 983 καὶ
885 924 1207 1005 χθαμαλῶν,
1239 927 1313 989 ὡς
1348 927 1510 1004 μύρον
1546 924 1759 1000 εὐῶδες,
1807 927 1878 988 ὡς

233 1019 364 1092 παρά
413 1023 488 1091 τῷ
547 1016 884 1090 Σολομῶντι,
950 1015 1123 1093 Μόρον
1174 1015 1464 1071 ἐκκενωϐὲν
1523 1013 1693 1088 ὄνομά
1748 1035 1876 1073 σου’

231 1107 298 1170 ὡς
349 1105 488 1162 λίθον
546 1111 959 1183 ἀκρογωνιαϊον,
1022 1107 1096 1169 ὡς
1154 1105 1298 1184 παρά
1351 1109 1429 1176 τῷ
1492 1103 1718 1173 Δανιήλ.
1787 1114 1882 1174 Καὶ

233 1196 426 1276 μορφὰς
461 1197 596 1271 αὑτῇ
654 1194 980 1270 περιτιθέασι
1011 1194 1268 1268 λεὸντων,
1332 1193 1632 1273 πάνθηρος,
1678 1191 1890 1267 παρδά-

233 1281 382 1358 λεως,
437 1286 526 1340 καὶ
558 1283 934 1360 ἀπορουμένης
981 1282 1196 1362 ἄρκτου,
1231 1285 1303 1346 ὡς
1344 1282 1401 1338 ἰν
1433 1296 1555 1347 τοῖς
1588 1284 1888 1362 προφήταις

233 1373 572 1450 εὑρίσκονται,
630 1373 923 1450 [lponde
953 1369 1032 1450 δὲ,
1064 1369 1144 1426 ὅτι
1176 1373 1268 1429 καὶ
1297 1370 1582 1438 σκώληκος
1615 1369 1763 1435 εἶδος
1801 1375 1891 1428 καὶ

232 1463 530 1537 ὀνομασίαν,
617 1463 751 1517 κατά
802 1463 897 1539 τὸ,
973 1458 1116 1538 Ἐγώ
1178 1463 1284 1535 εἶμι
1346 1460 1585 1532 σκώληξ,
1653 1461 1739 1517 καὶ
1795 1459 1890 1522 οὒκ

231 1550 518 1629 ἅνθρωπος·
572 1553 663 1607 καὶ
711 1549 858 1614 εἶδός
913 1548 1120 1624 μᾶλλον
1179 1560 1274 1608 τοῦ
1333 1549 1616 1616 σκώληκος
1694 1552 1740 1605 οἱ
1822 1548 1889 1605 τὰ

232 1643 341 1698 θεῖα
393 1642 546 1721 σοφοὶ
599 1637 989 1713 ἀποδεδώκασι,
1051 1637 1136 1695 διὰ
1165 1640 1264 1706 τὴν
1310 1638 1542 1713 ἄσπορον
1585 1641 1646 1694 ὲκ
1678 1637 1888 1716 Παρθέ-

232 1751 314 1786 νου
358 1729 653 1806 σύλληψιν,
713 1729 800 1786 xui
855 1729 919 1785 τὸ
974 1726 1181 1786 τέλειον
1239 1727 1386 1791 εἶδος
1440 1737 1536 1787 τοῦ
1615 1727 1898 1806 ἀνθρώπου

231 1819 311 1875 καὶ
338 1819 432 1888 τὴν
459 1818 675 1876 τέλείαν
716 1819 867 1898 φύσιν
890 1815 960 1886 ἥν
1001 1816 1383 1897 προσελάϐετο.

302 2087 454 2151 Οὕτω
488 2087 692 2152 πάντες
725 2089 773 2145 οἱ
810 2085 1054 2168 θεόσοφοι
1083 2091 1184 2153 τῆς
1226 2086 1679 2168 θείαςῇίπιπνοῖας
1750 2089 1890 2146 ὕποσ-

229 2180 381 2257 ipim
411 2185 517 2235 τῶν
547 2179 850 2235 ἀτελέστων
883 2180 970 2234 καὶ
1001 2175 1222 2256 ἀνιέρων
1263 2179 1333 2234 τὰ.
1363 2163 1531 2256 ’Ἅγια
1563 2185 1670 2236 τῶν
1729 2179 1895 2257 ἁγίων

228 2266 722 2348 ἀποδιαστὲλλουσι,
754 2269 840 2325 καὶ
910 2270 1010 2334 τήν
1043 2268 1295 2342 ἀνομοιον
1352 2268 1739 2346 ἱερομόρφωσιν
1798 2290 1886 2323 τι-

228 2357 410 2435 μῶσιν,
434 2359 507 2421 ὡς
561 2357 700 2432 μὴτε
735 2357 798 2415 τά
849 2360 969 2413 θεῖα
999 2355 1060 2412 ἐκ
1090 2355 1374 2435 προχείρου
1402 2357 1544 2413 εῖναι
1584 2371 1702 2421 τοῖς
1729 2353 1892 2432 βεϐὴ·

225 2443 325 2511 λοις
346 2450 609 2525 νοεῖσθαι,
655 2447 794 2520 μὴτε
847 2447 968 2508 τοὺς
1018 2448 1126 2502 τῶν
1154 2448 1311 2523 ἱερῶν
1354 2445 1682 2522 ἀγαλμάτων
1726 2443 1892 2524 φιλο-

1973 568 2169 628 visum
2206 590 2220 631 :
2256 577 2316 628 ut
2351 588 2586 648 aquam,
2620 567 2725 628 sed
2757 585 2888 646 quae
2932 567 3169 628 vitalem
3216 567 3619 646 expletionem
3716 577 3721 582 '

1962 657 2416 735 satietatemque
2453 661 2699 739 prabet,
2721 667 2778 718 et
2802 657 3358 737 quae,utsymbolice
3383 658 3614 738 loquar,

1962 744 2020 806 in
2053 756 2344 828 ventrem,
2384 749 2438 808 id
2473 757 2564 809 est
2593 747 2875 820 animam,
2912 745 3212 827 difﬂuit,et
3235 746 3445 808 fluvios
3477 765 3616 807 sus-

1963 835 2104 896 citat.
2138 838 2452 917 eruptione
2476 836 2666 898 libera
2697 835 3034 906 ellluentes,
3062 835 3230 914 juxta
3263 836 3430 898 illud:
3464 834 3616 899 Flu-

1965 926 2133 988 mina
2164 926 2234 987 de
2267 936 2475 989 ventre
2499 930 2627 1000 ejus
2655 926 2847 1004 ﬂuent
2879 943 3060 1005 aqua:
3097 926 3249 986 viva:
3275 923 3620 985 “.Nonnun-

1966 1037 2142 1099 quam
2163 1035 2401 1096 quoque
2425 1014 2749 1077 laudantab
2771 1015 2872 1074 infi
2884 1016 2992 1075 mis
3020 1014 3390 1093 terrenisque
3411 1013 3611 1078 rebus.

1978 1118 2041 1169 ut
2069 1116 2436 1186 unguentum
2467 1106 2803 1178 odoratum,
2835 1104 2990 1165 sicut
3020 1102 3174 1184 apud
3209 1103 3616 1175 Salomonem,

1985 1198 2371 1274 Unguentum
2395 1203 2652 1273 e/Tusum
2670 1212 2887 1256 nomen
2903 1201 3074 1256 tuum
3092 1199 3130 1256 f:
3155 1201 3220 1255 nt
3240 1191 3503 1272 lapidem
3520 1211 3622 1252 an-

1977 1285 2430 1367 gularem.apud
2464 1283 2959 1357 Danielem.Quin
2983 1293 3041 1343 et
3062 1281 3269 1343 formis
3296 1284 3436 1344 ferte
3458 1281 3618 1342 illam

1975 1373 3060 1454 indunnt,leonum,pantheraa,pardi,
3091 1382 3268 1451 atque
3297 1371 3423 1432 ursi
3455 1370 3616 1431 indi-

1975 1473 2190 1545 gentis,
2219 1464 2719 1546 quemadmodum
2770 1465 2832 1524 in
2866 1460 3172 1542 prephetis
3251 1459 3548 1540 reperitur
3574 1467 3624 1519 σ.

1972 1556 2200 1618 Addam
2223 1564 2506 1635 praaterea
2525 1553 2742 1614 vermis
2759 1552 3022 1632 speciem
3057 1560 3115 1612 et
3134 1550 3620 1635 appellationem,

1962 1645 2131 1726 juxta
2159 1634 2306 1705 illud
2337 1665 2352 1706 :
2390 1643 2520 1723 Ego
2550 1659 2686 1703 sum
2718 1643 2946 1704 vermis
2966 1647 3024 1703 et
3053 1657 3173 1702 non
3194 1634 3409 1702 hantell
3444 1660 3460 1720 ;
3501 1657 3628 1700 ma-

1971 1734 2177 1815 gisque
2191 1732 2408 1795 vermis
2430 1733 2690 1812 speciem
2715 1730 2913 1811 hi,qui
2928 1730 3629 1810 divinasapiunt,appro-

1907 1821 1944 1871 Β
1969 1826 2204 1904 barunt,
2242 1831 2484 1904 prepter
2513 1824 2640 1899 ejus
2705 1840 2774 1882 ex
2798 1821 3042 1900 Virgine
3067 1821 3197 1884 sine
3224 1825 3454 1880 semine
3478 1837 3629 1880 con-

1969 1915 2398 1992 ceptionem,et
2421 1912 2742 1994 perfectam
2771 1910 3032 1972 hominis
3052 1907 3340 1990 speciem,
3368 1908 3612 1990 perfec-

1973 2013 2212 2082 tamque
2245 2011 2512 2064 naturam
2537 2019 2714 2082 quam
2744 1997 3094 2080 assumpsit.

2055 2091 2154 2154 Sic
2185 2110 2393 2153 omnes
2416 2091 2538 2171 qui,
2572 2090 2764 2150 divina
2813 2096 3158 2170 praestantes
3178 2086 3493 2168 sapientia,
3527 2086 3626 2152 di-

1978 2183 2140 2243 vinas
2172 2181 2591 2260 inspirationes
2618 2180 3107 2259 interpretantur,
3140 2196 3173 2239 a
3195 2175 3374 2239 rebus
3403 2176 3625 2256 imper-

1971 2273 2140 2343 fectis
2171 2289 2241 2332 ac
2269 2271 2526 2352 profanis
2548 2269 2765 2333 Sancta
2795 2278 3138 2332 sanctorum
3169 2275 3525 2341 secernunt,
3560 2277 3625 2330 et

1972 2360 2326 2422 dissimilem
2343 2359 2663 2438 figurarum
2676 2376 2976 2420 sacrarum
3003 2357 3301 2419 fictionem
3336 2357 3616 2438 probant:

1981 2459 2046 2512 ut
2075 2468 2187 2511 nec
2225 2472 2255 2513 ο
2294 2449 2555 2530 profanis
2586 2466 2682 2510 res
2710 2447 2930 2509 divinae
2968 2446 3141 2509 facile
3171 2455 3623 2528 cognoscantur,

223 2535 495 2610 θεάμονας,
533 2538 612 2599 ὡς
659 2535 910 2602 ἀληθέσιν
943 2533 1289 2608 ἒναπομένειν
1334 2548 1454 2599 τοῖς
1485 2536 1692 2598 τύποις.
1730 2534 1882 2594 Τοῦτι

1983 2557 2179 2615 neque
2207 2538 2457 2599 studiosi
2487 2555 2800 2598 sacrorum
2845 2536 3342 2617 contemplatores
3372 2537 3626 2599 simula-

227 2621 276 2679 δὲ
321 2624 375 2690 ἒξ
420 2616 704 2693 Ἐλλήνων
764 2624 1045 2691 εἴληπται·
1103 2624 1301 2681 ἐκεῖνοι
1360 2625 1461 2702 γάρ
1529 2623 1738 2680 ἐποίουν
1795 2623 1890 2680 οἷά

224 2732 357 2774 τινας
424 2711 757 2792 ἀνδριάντας,
793 2711 927 2786 μήτε
973 2726 1195 2792 χεῖρα;,
1230 2714 1367 2786 μήτε
1400 2710 1566 2775 πόδας
1627 2710 1883 2791 ἔχοντας’

223 2802 418 2863 τούτους
450 2802 507 2858 δὲ
574 2800 771 2878 Ἐρμᾶς
830 2801 1075 2881 ἐκάλουν,
1124 2803 1196 2866 ὡς
1241 2803 1471 2879 κρνιρῖως
1524 2801 1676 2866 ἐντὸς
1745 2799 1892 2877 κρύ-

230 2911 441 2956 πτοντας
468 2893 535 2948 τὸ
572 2888 810 2970 ἄγαλμα·
847 2892 910 2947 τὰ
951 2892 1052 2969 γὰρ
1083 2892 1276 2969 κρδφια
1329 2897 1404 2964 τῷ
1471 2888 1649 2967 Ἐρμῇ
1706 2891 1888 2949 ἀνετί-

227 2982 279 3035 θο
414 2985 469 3004 ιτ
565 2982 577 3004 ν
764 2982 776 2999 π
1027 2983 1084 3016 ρ-
1151 3001 1170 3017 ρ
1301 2982 1313 3000 κ
1381 2980 1394 2998 ν
1481 3000 1501 3016 ρ
1636 2983 1648 3002 ι

279 3002 355 3040 υν.
434 2990 668 3038 Ιδποιουν
723 3003 822 3059 γαρ
879 2980 932 3034 ἐν
990 2994 1173 3045 utor,
1229 3002 1317 3036 και
1345 2983 1503 3058 θσρα,
1562 3001 1652 3037 και
1684 2984 1886 3046 τόπους

225 3065 501 3143 διακένους,
576 3073 663 3128 καὶ
719 3069 913 3126 ἔσωθεν
971 3068 1206 3126 ἐτίθεσαν
1265 3068 1552 3147 ἀγάλματα
1584 3072 1661 3125 ὧν
1704 3071 1888 3130 ἔσεϐον

225 3161 361 3219 θεῶν.
399 3161 715 3240 Ἐφαίνοντο
761 3161 848 3216 οὖν
905 3161 953 3215 οἱ
1013 3151 1214 3237 Ἱερμαῖ
1274 3158 1538 3240 εὐτελεῖς,
1601 3159 1794 3217 ἔσωθεν
1828 3161 1883 3228 δὲ

1972 2648 2231 2702 crorum,
2257 2627 2471 2690 talibus
2505 2627 2726 2706 ﬁguris,
2769 2635 3045 2707 tanquam
3071 2625 3250 2706 veris,
3285 2625 3623 2689 immoren-

1986 2728 2104 2780 tur.
2139 2719 2263 2781 Hoc
2293 2726 2488 2780 autem
2520 2718 2593 2778 ab
2651 2716 2908 2778 ethnicis
2935 2723 3240 2796 acceptum
3280 2736 3296 2780 :
3323 2715 3622 2794 siquidem

1975 2809 2089 2891 ipsi
2117 2807 2411 2869 faciebant
2438 2806 2606 2887 quasi
2637 2805 2910 2886 quaedam
2959 2803 3283 2865 simulacra
3343 2803 3619 2866 manibus

1977 2898 2348 2980 pedibusque
2377 2895 2683 2975 destituta,
2707 2911 2839 2975 quae
2865 2893 3241 2955 Mercuriales
3271 2899 3491 2954 statuas
3512 2911 3622 2954 vo-

1975 2987 2440 3068 cabant,quippe
2461 2993 2615 3066 quod
2636 2985 2863 3046 occulte
2895 2983 3052 3044 intus
3083 2982 3470 3044 simulacrum
3504 2981 3621 3044 ali-

1974 3080 2132 3160 quod
2155 3074 2592 3138 absconderem
2613 3095 2628 3134 :
2653 3092 2790 3134 nam
2819 3091 2950 3154 qua;
2980 3072 3218 3137 occulta
3247 3080 3440 3153 erant,
3473 3070 3622 3135 Mer-

1973 3167 2140 3230 curio
2183 3164 2582 3228 ascribebant.
2645 3161 2968 3226 Faciebant
3009 3170 3204 3224 autem
3266 3162 3327 3223 in
3371 3162 3443 3224 iis
3485 3180 3619 3225 cum

223 3252 330 3313 τοὺς
357 3249 459 3305 τῶν
487 3255 625 3306 θεῶν
655 3248 1069 3324 καλλωπισμοὺς
1105 3248 1269 3328 εἶχον
1305 3268 1318 3280 ⁶
1354 3249 1400 3304 οἱ
1451 3251 1574 3326 γοῦν
1605 3250 1852 3327 γιλοθεεί-
1877 3280 1882 3312 ε

1970 3259 2248 3326 »ειὶα,ῐιιῐη
2280 3252 2930 3331 concavitates,quibus
2982 3251 3232 3314 deorum
3265 3269 3417 3332 quos
3449 3251 3618 3314 cole-

233 3359 376 3411 μονις
405 3341 641 3413 τούτων,
667 3352 786 3402 τοῖς
830 3330 1059 3417 Ἐρμαϊς
1089 3340 1150 3394 οὗ
1202 3352 1520 3418 προσεῖχον,
1582 3339 1721 3396 ἀλλά
1767 3356 1882 3418 τοῖς

1970 3347 2133 3426 bant,
2169 3344 2488 3406 simulacra
2519 3330 2931 3422 imponebant.
2991 3330 3371 3420 Apparebant
3417 3341 3620 3422 itaque

220 3425 394 3484 ἴσωθεν
445 3428 748 3508 ἀγάλμασι,
816 3431 920 3485 Διά
977 3428 1139 3484 ταῦτα
1195 3430 1421 3508 τοίνυν;
1475 3431 1564 3485 καὶ
1622 3429 1759 3487 ὥστε
1817 3440 1882 3495 τὰ

1970 3425 2126 3498 viles
2152 3431 2528 3514 ejuscemodi
2560 3437 2770 3490 stature
2801 3427 3341 3502 Mercuriales,sed
3366 3429 3523 3490 intra
3552 3448 3618 3492 se

221 3519 326 3574 tich
381 3519 558 3577 πάλιν
607 3523 861 3594 τιμᾶσθαι
918 3532 1040 3582 ταῖς
1070 3517 1318 3585 ἀληθέσιν
1376 3517 1730 3596 ἀποφάσεσιν
1798 3520 1880 3578 ὅτι

224 3602 314 3658 κᾶν
342 3604 392 3680 ὅ,
436 3629 487 3664 τι
542 3605 746 3687 εἴποις,
818 3611 877 3666 οὗ
906 3606 1062 3663 τοῦτό
1100 3606 1211 3662 ἐστι
1241 3606 1302 3663 τό
1366 3613 1548 3680 Θεϊον,
1583 3608 1719 3664 κατά
1777 3611 1872 3680 τήν

221 3689 559 3772 ἆποφατικὴν
613 3697 911 3775 Θεολογίαν.
974 3696 1074 3754 Καὶ
1131 3695 1292 3752 πάλιν
1341 3703 1497 3752 τοῦτο
1525 3693 1735 3773 λέγεται
1767 3721 1872 3755 κα-

1963 3527 2210 3589 deorum
2239 3527 2588 3583 ornamenta
2610 3519 3018 3595 continebant;
3041 3517 3293 3581 studiosi
3320 3517 3525 3599 itaque
3541 3518 3618 3580 il-

1961 3617 2153 3679 larum
2176 3615 2265 3674 27
2291 3609 2942 3691 contemplatores,non
2969 3617 3086 3670 tam
3107 3608 3317 3670 statuis
3333 3608 3461 3670 istis
3475 3626 3618 3689 qua-

1960 3700 2538 3769 dratisattendebant
2556 3717 2731 3780 quam
2748 3697 3618 3761 interioribussiniulacrisJ’er

222 3781 282 3836 τά
329 3789 424 3852 τὴν
472 3786 874 3866 καταφατικὴν,
927 3782 1047 3842 ἀλλ’
1109 3783 1217 3864 οὐχ
1270 3783 1457 3848 ἁπλῶς
1517 3787 1605 3842 καί
1658 3790 1876 3868 κυρὶως,

1970 3798 2090 3860 haec
2120 3795 2318 3874 itaque
2351 3790 2528 3853 etiam
2563 3789 2760 3851 divina
2789 3787 2953 3850 veris
3004 3787 3418 3868 negationibus
3449 3788 3616 3850 cele-

225 3867 346 3929 ἄλλά
373 3887 494 3939 ταῖς
548 3876 678 3952 πρὸς
743 3875 808 3931 τά
841 3871 1099 3954 χθαμαλὰ
1151 3874 1406 3952 ὲτεροίαις
1459 3876 1549 3932 καὶ
1603 3867 1882 3957 ἐτεροτρόὲ

1970 3884 2192 3948 branda
2213 3867 2350 3944 sunt
2382 3897 2398 3942 :
2431 3878 2546 3940 etsi
2573 3878 2732 3940 enim
2764 3877 2906 3957 quid
2937 3867 3236 3957 ejusmodi
3267 3877 3614 3950 dixeris,ta-

227 3980 334 4025 ποις
364 3962 735 4042 ἀφομοιώσεσι
795 3970 902 4019 τῶν
963 3963 1378 4043 ἆπηχημάτων,
1431 3965 1592 4022 οἱονεὶ
1634 3973 1740 4023 τῶν
1793 3966 1882 4035 δη.

1972 3993 2108 4038 men
2136 3975 2302 4051 juxta
2327 3978 2637 4048 negantem
2669 3966 3210 4044 theologiam,illud
3247 3986 3366 4028 non
3397 3975 3484 4028 est
3507 3986 3616 4028 nu-

229 4054 639 4130 μιουργημείτων
676 4101 691 4116 .
755 4052 852 4118 Ὠς
916 4054 1016 4132 γὰρ
1080 4054 1358 4132 ἀπήχημά
1427 4054 1538 4111 ἐστι
1614 4057 1674 4112 τὸ
1744 4066 1882 4132 μετὰ

1976 4062 2212 4127 men.Et
2243 4077 2450 4122 rursus
2481 4060 2593 4120 hoc
2616 4057 2837 4118 dicitur
2867 4056 3195 4118 secundum
3216 4056 3611 4119 afﬁrmantem

226 4140 305 4194 τὸν
333 4141 472 4221 ἦχον
509 4143 872 4219 ἒναπομεϊναν
930 4144 999 4218 τῇ
1055 4142 1194 4218 ἀκοῇ
1225 4142 1450 4222 ἀμυδρον
1507 4166 1556 4200 τι
1614 4151 1712 4214 τῆς
1757 4169 1874 4226 φω-

1976 4149 2468 4230 theologiam,sed
2498 4166 2614 4208 non
2632 4146 2983 4226 simpliciter
2999 4166 3068 4208 ac
3097 4164 3255 4220 vere,
3286 4145 3390 4206 sed
3419 4145 3616 4225 perafo

227 4231 312 4295 νῆς
363 4231 668 4309 λείψανον,
751 4231 888 4290 οὕτω
962 4233 1050 4288 καὶ
1135 4233 1202 4290 τά
1257 4230 1690 4312 δημιουρήματα,
1771 4241 1870 4302 τῆς

1970 4245 2244 4307 linitatem
2262 4257 2395 4300 cum
2431 4237 2612 4298 rebus
2631 4235 2888 4297 terrenis
2909 4254 2976 4296 ac
2999 4234 3420 4296 diversimodis
3442 4234 3614 4295 simi—

224 4319 349 4383 θεὶας
388 4321 847 4400 ὑπερουσιότητος
909 4319 1114 4401 ἀμυδρά
1165 4323 1244 4386 τίς
1301 4322 1412 4380 ἔστι
1469 4321 1725 4394 δήλωσις·
1783 4329 1878 4384 οὒκ

1970 4330 2311 4399 litudinibns
2358 4326 2828 4390 resonantiarum
2897 4325 3336 4404 quodammodo
3408 4341 3610 4385 rerum

225 4407 279 4465 ικ
322 4421 424 4470 τῶν
467 4413 592 4473 καθ’
641 4416 816 4484 αὐτὴν
847 4417 865 4436 ⁹
898 4417 1022 4494 γὰρ,
1057 4413 1178 4471 ἀλλ’
1208 4414 1268 4471 ἐκ
1313 4422 1419 4472 τῶν
1450 4417 1568 4495 περί
1625 4416 1789 4485 αὐτήν
1818 4436 1881 4490 τὸ

1970 4417 2495 4487 creatarum.Sicut
2523 4414 2683 4476 enim
2716 4416 3054 4476 resonantia
3088 4427 3180 4476 est
3202 4413 3260 4474 id
3288 4413 3447 4494 quod
3479 4420 3612 4493 post

221 4505 437 4561 τοίοῦτον
484 4505 782 4584 συνάγεταῐ
810 4503 1068 4581 ’ίνδαλμα.
1109 4503 1382 4586 ’Ἔσχατα
1424 4503 1478 4561 δὲ
1529 4506 1882 4588 ἀπηχήματα

1970 4531 2178 4576 sonum
2197 4529 2304 4572 seu
2324 4507 2524 4570 exsilis
2567 4504 2809 4585 quidam
2834 4504 2995 4567 vocis
3011 4503 3242 4567 sibilus.
3273 4502 3498 4564 auditui
3523 4502 3612 4563 in-

220 4594 280 4652 τά
352 4599 616 4678 ἡμέτερα,
690 4601 822 4678 πρὸς
889 4597 1303 4667 ἀντιδιαστολὴν
1386 4600 1494 4657 τῶν
1549 4599 1872 4679 ἀγγελικῶν.

225 4683 298 4740 δτι
352 4693 436 4745 καὶ
498 4690 556 4745 ἰν
599 4695 671 4767 τῇ
727 4686 849 4748 καθ’
884 4692 1030 4766 ἡμᾶς
1078 4688 1177 4768 ὕλῃ
1232 4688 1556 4766 εὑρίσκονται
1602 4691 1878 4774 ὀιναλόγως

221 4776 351 4832 θεῖαι
411 4779 717 4860 ἐμφέρειαι,
768 4779 902 4836 ὃπου
955 4782 1041 4837 καὶ
1074 4780 1129 4836 ἐν
1159 4779 1405 4856 βοτάναις
1458 4780 1546 4835 καὶ
1593 4779 1877 4856 μετάλλοις

220 4865 276 4920 τὸ
329 4868 570 4948 ὠφελοῦν
626 4869 719 4926 καὶ
775 4871 1048 4947 ζωογόνον
1119 4869 1437 4946 ἔυρίσκεται,
1469 4871 1559 4926 καὶ
1588 4871 1646 4925 ἐν
1693 4870 1877 4938 ἄλλοις

223 4950 362 5033 ἔτερα
413 4962 538 5015 Oeta
595 4961 682 5014 καὶ
746 4959 1006 5037 παρδοξα.
1071 4957 1242 5022 Οὐδὲν
1332 4959 1421 5016 οὖν
1479 4958 1706 5039 ἄτοπον,
1759 4960 1877 5018 ἐπεί

222 5046 302 5100 καὶ
362 5045 446 5103 ἐπί
529 5048 664 5106 Θεοῦ
717 5049 780 5106 τὸ
862 5059 1104 5110 τοιοῦτον
1161 5049 1470 5128 πράττεται,
1533 5050 1577 5105 εἰ
1633 5052 1722 5108 καὶ
1777 5051 1873 5120 τάς

227 5140 481 5216 οὐρανίους
536 5139 784 5218 δυνάμεις
867 5142 926 5198 ἐκ
1005 5148 1112 5200 τῶν
1171 5142 1416 5221 ἑσχάτων
1477 5143 1566 5199 καὶ
1611 5142 1875 5216 ἀνομοίων

227 5225 549 5301 ὁμοιοτήτων
600 5230 996 5290 ἀναπλάττουσι
1025 5247 1040 5262 '
1101 5242 1256 5293 τοῦτο
1309 5233 1410 5312 γὰρ
1462 5230 1600 5299 ἴσως
1653 5235 1744 5292 καὶ
1801 5237 1876 5304 ἡ·

231 5321 325 5390 μᾶς
375 5321 606 5400 ταράξαν
665 5321 751 5378 διὰ
802 5324 864 5379 τὸ
906 5320 1136 5387 δυσειδὲς
1182 5327 1283 5389 τῆς
1313 5320 1620 5390 δηλωτικῆς
1651 5327 1738 5383 καὶ
1767 5350 1874 5408 φα-

227 5423 492 5490 προποιοῦ
562 5417 940 5495 ἀναπλάσεως,
1003 5417 1284 5486 κεκίνηκεν
1337 5417 1409 5482 εἷς
1464 5415 1564 5485 τὴν
1621 5421 1877 5492 τοιαὺτην

1966 4606 2190 4682 haeret;
2215 4606 2300 4661 sic
2329 4597 2504 4658 etiam
2532 4613 2630 4656 res
2659 4604 2871 4656 creatae
2894 4601 3032 4657 sunt
3058 4595 3312 4656 obscura
3340 4591 3606 4673 quadam

1962 4689 2360 4758 manifestatio
2405 4685 2619 4760 divinae
2661 4683 3296 4764 superessentialitatis
3345 4705 3359 4741 :
3410 4682 3609 4759 siqui-

1961 4786 2096 4846 dem
2123 4801 2242 4843 non
2272 4797 2341 4840 ex
2361 4776 2433 4838 iis
2455 4775 2635 4838 rebus
2658 4793 2789 4854 quae
2811 4774 2870 4836 in
2895 4773 3156 4855 ipsa,sed
3185 4792 3254 4835 ex
3278 4773 3356 4835 iis
3381 4789 3512 4850 quae
3531 4769 3606 4832 ab

1960 4875 2092 4956 ipsa
2120 4866 2517 4952 sunt,species
2563 4864 2930 4956 ejuscemodi
2962 4863 3346 4943 imprimitur.
3369 4858 3609 4924 Ultimm

1959 4954 2157 5025 autem
2187 4959 2546 5024 resonantia:
2561 4973 2667 5015 seu
2689 4954 2920 5033 species
2950 4963 3090 5014 sunt
3115 4960 3608 5030 nostrze,compa-

1958 5055 2189 5116 ratione
2207 5045 2921 5128 angeticarumzquoniam
2936 5044 2995 5104 in
3009 5042 3190 5105 rebus
3209 5059 3445 5122 quoque
3470 5058 3611 5101 nos-

1960 5136 2626 5220 tratibus,proportione
2651 5133 3153 5214 quadam,divinae
3181 5129 3607 5220 similitudines

1957 5219 2390 5314 reperiuntur;
2437 5243 2572 5287 cum
2620 5223 2882 5285 etiamin
2916 5224 3121 5286 herbis
3167 5241 3236 5285 ac
3263 5219 3519 5291 metallis
3546 5219 3608 5281 id

1960 5333 2112 5407 quod
2141 5329 2322 5402 prosit
2341 5336 2394 5386 et
2422 5324 2673 5384 viviﬂcet
2695 5324 3216 5396 inveniatur,aique
3247 5322 3304 5378 in
3335 5319 3464 5377 aliis
3494 5317 3604 5375 alia

1961 5418 2736 5494 divinamirabiliaque.Nihil
2755 5421 2942 5490 itaque
2953 5413 3183 5473 sbsurdi
3197 5415 3270 5468 sit
3284 5423 3418 5468 cum
3431 5409 3604 5465 etiam

298 5575 505 5644 'Joan.
541 5597 647 5660 vn,
685 5579 786 5641 38.
821 5580 842 5623 ι
867 5578 1042 5642 Cant.
1073 5595 1118 5652 ι,
1148 5579 1209 5640 2.
1263 5589 1292 5634 ε
1321 5576 1476 5642 Osee
1497 5594 1627 5654 xui,
1666 5579 1724 5642 7.
1755 5584 1783 5626 ιι
1813 5585 1977 5649 Psal.
2016 5603 2135 5662 xxr,
2175 5584 2233 5644 ’1.

322 5696 412 5759 ’F.
446 5703 559 5758 κατ’
593 5704 786 5772 αὒτήν.
814 5701 915 5764 Sic
935 5701 1085 5782 legit
1111 5703 1435 5782 interpres.
1469 5700 1578 5767 En.
1618 5705 1876 5772 PATROL.
