4112 6160
443 298 556 374 163

1614 291 1676 366 S.
1719 295 2063 368 DIONYSII
2103 289 2620 367 AREOPAGITE

3703 295 3810 378 164

434 447 497 504 in
554 441 678 504 Deo
732 427 791 503 id
855 428 976 519 ﬁat,
1023 425 1072 502 si
1110 430 1386 500 cmlestes
1417 452 1652 516 quoque
1692 436 1938 497 virtutes
1971 451 2079 517 per

2169 437 2406 512 ζήτησιν,
2461 440 2559 495 οἰκ
2621 438 2722 494 ἔων
2777 438 2932 515 ἤμων
2973 441 3066 496 τὸν
3127 440 3247 495 νοῦν
3297 431 3645 517 ἔναπομετναι
3704 459 3816 513 τοῖς

434 531 669 594 ultimas
697 541 756 593 et
785 526 1104 590 dissimiles
1128 523 1556 589 similitudines
1603 525 2022 603 exprimantur
2062 541 2075 588 :

433 641 567 686 nam
600 629 656 683 et
685 622 796 682 hoc
826 619 976 681 forte
1001 617 1138 678 dum
1169 634 1278 679 nos
1311 613 1568 696 perculit
1593 622 1836 695 propter
1867 616 2078 678 ditior-

432 713 694 773 mitatem
721 708 999 788 ﬁctionis,
1026 727 1143 787 qua
1159 705 1697 767 manit‘estabantur
1720 722 1787 766 ac
1811 705 2079 766 declara-

2163 526 2554 606 ἱστορουμένοις
2625 530 2698 592 ὡς
2785 527 3002 609 ἔχουσιν
3061 579 3073 602 ,
3165 527 3289 586 ἀλλ’
3371 530 3597 610 ἱρεθίζον
3670 534 3820 593 ἀπα-

2163 617 2423 673 ναίνεσθαι
2479 617 2670 683 ταύτας
2732 619 2819 675 καὶ
2878 619 3182 696 προσεθίῖον
3239 619 3337 676 ἆτὸ
3387 623 3584 680 τούτων
3618 621 3683 694 δὴ
3714 625 3817 684 τῶν

2163 706 2492 784 φαινομένων
2515 710 2588 771 εἷς
2619 707 2900 787 ἆναγῶγὰς
2933 708 3317 768 ἀνατείνεσθαι.

428 801 665 876 bantur,
700 799 876 862 simul
925 798 1102 858 movit
1132 797 1203 857 ad
1237 795 1607 876 ejuscemodi
1639 794 2116 876 inquisitionem,
2154 813 2274 857 non
2318 795 2569 857 sinendo
2605 806 2865 858 mentem
2900 805 3166 859 nostram
3198 797 3294 873 iis,
3329 799 3547 881 quibus
3594 803 3823 867 descri-

431 891 747 968 bebantur,
772 889 972 968 ﬁguris
1004 886 1334 965 immorari,
1369 885 1476 947 sed
1505 884 1797 976 excitabat
1828 885 1900 945 ad
1934 885 2462 976 illasrenuendas,
2489 885 2895 968 incitabatque
2925 895 2988 949 ut
3009 887 3082 948 ab
3106 887 3221 967 his,
3257 908 3393 968 quae
3424 895 3818 976 apparebant,

429 981 505 1044 ad
535 996 848 1059 anagogas,
887 976 1007 1038 sive
1031 994 1250 1037 sensus
1285 994 1318 1036 a
1351 975 1610 1036 terrenis
1643 973 2043 1055 abducentes,
2075 975 2550 1037 intenderemus.

517 1069 656 1132 Haec
706 1068 780 1130 de
833 1064 1164 1128 istiusmodi
1221 1062 1716 1125 similitudinibus
1741 1063 1857 1124 sint
1901 1063 2082 1128 dicta.

435 1158 618 1222 Recte
635 1165 826 1220 autem
858 1155 986 1217 illas
1017 1153 1460 1234 angeliformes,
1497 1172 1614 1216 non
1645 1154 1943 1234 angelicas
1973 1174 2082 1236 ap-

431 1259 662 1332 pellavit
689 1279 700 1313 :
728 1270 841 1314 non
874 1255 1028 1311 enim
1060 1254 1571 1324 angelorum,sicut
1600 1254 1658 1310 in
1686 1269 1744 1310 se
1776 1255 2084 1320 sunt,ima-

433 1350 596 1422 gines
627 1347 858 1418 depictas
911 1344 1172 1410 sunt,sed
1203 1341 1616 1402 eﬂ'ormationis
1651 1359 1846 1402 rerum
1883 1345 2084 1402 incor-

430 1452 731 1511 porearum
760 1434 1068 1508 quamdam
1102 1434 1352 1506 speciem
1395 1449 1507 1505 prae
1557 1450 1619 1492 se
1656 1434 1865 1493 ferunt.
1903 1435 2083 1493 Caete-

427 1542 559 1587 rum
583 1527 704 1599 jam
743 1523 1130 1582 deﬁniendum
1164 1531 1215 1581 et
1248 1521 1678 1588 declarandum,
1721 1525 1860 1595 quid
1906 1539 2080 1595 porro

431 1617 737 1690 lpsammet
765 1613 1138 1670 hierarchiam
1188 1629 1314 1671 esse
1345 1611 1696 1670 arbitremur
1725 1631 1743 1676 ;
1774 1612 1981 1685 quidve
2010 1613 2080 1670 ab

431 1722 497 1766 es
527 1706 669 1764 lucri
730 1703 957 1775 capiant
1022 1703 1358 1760 hierarchisa
1409 1716 1479 1759 ex
1511 1705 1688 1760 sacris
1731 1703 2080 1760 creremoniis

429 1790 1080 1870 mysteriisque.Utinam
1104 1801 1295 1850 autem
1323 1791 1469 1850 viam
1497 1801 1711 1850 sternat
1743 1792 2078 1858 Christus,sl

429 1888 572 1945 mihi
624 1885 708 1943 fas
757 1886 828 1940 sit
879 1882 1085 1948 dicere,
1143 1897 1328 1949 meus,
1368 1883 1881 1954 apprOpinquaudo
1942 1883 2080 1940 mihi

2252 1068 2491 1123 Τοσαῦτα
2536 1065 2634 1140 μὲν
2690 1065 2914 1142 εἰρὴσθω
2967 1068 3084 1147 περὶ
3144 1075 3253 1125 τῶν
3312 1071 3567 1130 τοιοὺτων
3612 1077 3821 1150 ὁμοιωο

2167 1155 2373 1231 μάτων.
2466 1155 2662 1222 Καλῶς
2739 1154 2793 1212 δὲ
2875 1157 3265 1236 ἂγγελοειδεῖς,
3359 1163 3452 1219 οὐκ
3531 1163 3820 1242 ἆγγελικᾶς

2165 1246 2320 1302 εἶπεν
2362 1263 2377 1280 ⁸
2451 1245 2508 1302 οὔ
2571 1247 2669 1324 γὰρ
2749 1247 2920 1303 αὐτῶν
2991 1255 3097 1304 τῶν
3155 1247 3396 1328 ἀγγέλων
3451 1250 3522 1315 ὥς
3583 1254 3713 1309 εἰσιν
3770 1256 3822 1310 αἱ

2164 1334 2362 1400 εἰκόνες
2431 1335 2861 1416 ἀπεγράφησαν,
2924 1335 3043 1393 ἀλλ’
3089 1335 3318 1419 ἔμφασιν
3373 1360 3491 1397 τινα
3539 1340 3820 1408 εἷδοποιίας

2162 1430 2268 1480 τῶν
2340 1425 2639 1483 ἀσωμάτων
2719 1425 3163 1504 ἂπεμφαίνουσιν.
3252 1419 3406 1497 Ἐξῆς
3496 1429 3551 1486 δὲ
3633 1432 3820 1512 πρέπει

2163 1515 2503 1596 ἀφορίσασθαι
2577 1517 2662 1573 καὶ
2720 1515 3095 1597 διασαφῆσαι,
3159 1520 3208 1576 τί
3293 1521 3392 1595 μὲν
3478 1523 3646 1591 αὒτὴν
3725 1527 3819 1594 τὴν

2163 1606 2435 1694 ἱεραρχίαν
2491 1609 2632 1663 εἶναι
2678 1608 2925 1694 Ϋοῖὸμεθα,
2971 1607 3020 1662 τί
3077 1606 3132 1663 δέ
3191 1607 3315 1688 παρ’
3372 1612 3534 1680 αὒτῆς
3567 1617 3614 1670 οἱ
3645 1616 3820 1694 ιεράρ-

2164 1715 2262 1772 χαι
2291 1692 2619 1773 ὠφελοῦνται
2670 1693 2753 1752 διὰ
2806 1702 2911 1751 τῶν
2967 1699 3118 1775 ἱερῶν
3178 1697 3407 1755 τελετῶν
3464 1703 3553 1758 καί
3611 1692 3816 1779 μυστηο

2163 1781 2309 1861 ρίων,
2349 1781 2472 1840 Εἴθε
2505 1782 2560 1840 δὲ
2590 1783 3002 1864 προοδοποιήσοι
3036 1791 3256 1865 Χριστὸς
3294 1790 3320 1844 ὁ
3384 1789 3535 1871 ἐμος,
3600 1793 3672 1872 (εἴ
3729 1817 3819 1870 μοι

2162 1883 2317 1931 τοῦτο
2368 1876 2519 1948 θέμις
2569 1876 2762 1949 εἰπεῖν,
2817 1875 3222 1950 ἰδίοποιουμένῳ
3252 1879 3312 1934 τὸ
3369 1883 3598 1962 κοινὸν,)
3642 1885 3676 1951 ἡ
3709 1885 3820 1940 πά-

429 1977 583 2052 quod
603 1987 909 2034 commune
929 1973 1139 2045 est,qui
1157 1973 1442 2031 universa
1462 1972 1831 2030 sacerdotalis
1852 1974 2083 2032 institu-

2169 1985 2267 2030 σης
2314 1962 2581 2040 ἱερατικῆς
2637 1965 3010 2027 καταστὰσεως
3068 1964 3312 2023 ἐπίπνοια
3373 1971 3458 2025 καὶ
3541 1969 3819 2036 διάδοσιςέ

433 2044 609 2126 tionis
639 2076 721 2124 est
742 2062 1037 2134 inspiratio
1059 2044 1517 2135 traditioquelTu
1543 2063 1781 2132 νει-ο,ῐίΙί
1807 2063 2084 2136 (loquitur

2169 2054 2241 2109 Σὺ
2297 2050 2376 2125 δὲ,
2437 2052 2483 2108 ὦ
2539 2063 2665 2133 παῖς
2719 2054 2872 2132 (φησὶ
2904 2055 3034 2133 πρὸς
3092 2056 3398 2138 Τιμόθεον,)
3433 2065 3569 2117 κατὰ
3599 2063 3696 2131 τήν
3729 2075 3823 2125 τοῦ

430 2157 503 2216 ad
535 2153 1274 2229 Timotheum),sesundum
1307 2154 1451 2224 legis
1476 2161 1686 2210 nostrae
1712 2153 2082 2211 traditionem

432 2236 677 2316 (Sancta
709 2239 870 2302 enim
903 2237 1174 2319 sanctis),
1227 2239 1504 2316 ipsemet,
1541 2241 1603 2294 ut
1654 2243 1858 2295 sancta
1885 2235 2079 2318 decet,

430 2335 492 2389 et
519 2347 638 2390 non
667 2336 906 2390 terrena
927 2329 1156 2390 ratione
1189 2324 1353 2396 audi,
1378 2322 1437 2385 in
1461 2321 1856 2404 explicatione
1883 2341 2082 2385 rerum

431 2416 768 2479 divinarum
827 2419 1070 2482 divinus
1123 2416 1314 2478 factus
1346 2433 1364 2496 ;
1395 2421 1571 2494 atque
1620 2431 1834 2474 arcana
1884 2423 2085 2476 mente

440 2528 571 2588 quae
593 2517 798 2571 sancta
817 2519 978 2592 sunt,
1008 2529 1042 2572 a
1065 2507 1329 2591 profanis
1354 2505 1494 2566 viris
1516 2505 1921 2585 abscondens,
1953 2513 2082 2565 tan-

431 2623 606 2681 quam
639 2609 948 2668 uniformia
973 2606 1507 2680 simpliciaque,28
1528 2613 1590 2662 ut
1611 2619 1745 2678 quae
1769 2606 2084 2662 verborum

432 2690 870 2770 compositione
908 2699 1088 2772 atque
1137 2685 1459 2749 involucris
1512 2687 1760 2747 minime
1790 2684 2083 2765 indigent,

428 2778 900 2844 tuere.0bserva
913 2787 1208 2854 autem,ut
1229 2773 1592 2839 multitudini
1619 2774 2082 2836 uniformitatem

432 2868 813 2948 subjunxerit
851 2887 994 2932 :res
1025 2868 1186 2930 enim
1223 2875 1446 2928 sanctae
1481 2865 1792 2940 uniﬁcant,
1825 2864 2086 2943 profanae

431 2976 571 3020 vero
602 2956 960 3020 distrahunt.
983 2956 1112 3020 Non
1145 2956 1304 3018 enim
1334 2973 1563 3035 aequum
1594 2963 1704 3030 est,
1721 2955 1898 3034 juxta
1918 2971 2086 3016 sacra

435 3047 755 3126 Evangelia
785 3048 1080 3128 projicere
1127 3046 1324 3127 porcis
1345 3043 1702 3125 spiritalium
1732 3044 2084 3123 margarita-

431 3155 571 3201 rum
622 3137 922 3220 purumab
979 3135 1143 3198 omni
1184 3144 1417 3196 terrena
1452 3131 1868 3195 commistione
1917 3132 2088 3196 illus-

2166 2144 2426 2224 ἡμετέρου
2460 2145 2619 2218 νόμου
2673 2145 2953 2226 παράδοσιν
2991 2147 3080 2222 (τὰ
3137 2148 3262 2227 ἅγια
3309 2152 3409 2230 γὰρ
3471 2166 3589 2218 τοῖς
3630 2155 3827 2232 ἁγιοις)

2167 2236 2322 2300 asta;
2379 2253 2434 2289 τε
2492 2233 2820 2314 ἱεροπρεπῶς
2876 2237 2962 2292 καὶ
3033 2237 3110 2311 μὴ
3162 2239 3460 2316 χθαμαλῶς
3525 2240 3707 2324 ἄκουε,
3766 2245 3820 2299 ἰν

2167 2324 2360 2399 μυήσει
2404 2329 2510 2379 τῶν
2587 2323 2777 2379 ἐνθέων
2834 2346 3111 2402 γινομενος
3185 2327 3383 2402 ἔνθεος,
3445 2333 3534 2387 καὶ
3589 2323 3820 2414 κρυφίως

2167 2410 2533 2492 περικαλύψας
2565 2415 2629 2468 τα
2671 2413 2796 2492 ἅγια
2827 2415 2963 2469 κατὰ
3012 2415 3132 2472 νοῦν
3184 2417 3244 2474 ὲκ
3292 2426 3396 2475 τῶν
3451 2421 3670 2500 ἀνιέρων
3703 2410 3823 2479 ’ἆν-

2169 2505 2322 2586 δρὼν,
2383 2507 2455 2574 ὧς
2508 2507 2711 2576 ἐνοειδῆ
2764 2509 2850 2566 καὶ
2902 2509 3046 2566 ἁπλᾶ
3089 2512 3174 2567 καὶ
3231 2511 3309 2587 μὴ
3362 2509 3586 2588 δεόμενα
3643 2512 3824 2591 λόγων

2168 2597 2455 2662 συνθέσεως
2517 2596 2864 2678 διαφύλαξον.
2919 2591 3073 2677 ’Ὅρα
3133 2598 3221 2680 δὲ,
3280 2602 3410 2678 πρὸς
3469 2603 3528 2658 τὸ
3588 2601 3825 2669 πληθύος

2168 2688 2230 2743 τὸ
2283 2685 2486 2754 ἐνοειδη
2539 2686 2779 2766 ἐπήγαγε
2813 2703 2827 2720 ⁸
2911 2689 2976 2746 τὰ
3025 2690 3123 2764 μὲν
3180 2691 3280 2768 γὰρ
3339 2690 3467 2770 ἅγια
3521 2691 3760 2748 ἑνοποιεῖ
3797 2711 3813 2724 ⁶

2165 2778 2232 2834 τὰ
2286 2775 2340 2832 δὲ
2393 2774 2598 2854 βέϐηλα
2672 2775 3115 2841 διασκεδάννυσιν,
3149 2784 3221 2839 0-3
3304 2781 3404 2858 γὰρ
3460 2779 3685 2856 δίκαιον,
3745 2785 3822 2848 ὡς

2165 2869 2232 2923 τὰ
2287 2867 2398 2946 ἱερά
2454 2888 2611 2945 φασιν
2673 2867 3003 2947 semitm,
3035 2869 3107 2932 είς
3143 2869 3357 2948 χοίρους
3403 2869 3686 2948 ἀπορῤίῴαι
3720 2895 3824 2938 την

2166 2957 2273 3014 τῶν
2327 2959 2534 3023 νοητῶν
2592 2962 2932 3036 μαργαριτῶν
2991 2957 3163 3036 ἀμιγῆ
3222 2963 3318 3025 τῆς
3401 2965 3549 3015 κᾶτω
3609 2961 3826 3040 συγχύ-

2173 3067 2308 3110 σεως
2351 3046 2438 3102 καὶ
2487 3044 2733 3124 λαμπρὰν
2790 3045 3137 3126 φαιδρὸτητα,
3199 3049 3372 3104 Παϊδα
3428 3047 3482 3104 δὲ
3530 3047 3675 3127 λέγει
3732 3052 3826 3104 τὸν

2175 3133 2474 3218 ἀπόστολον
2504 3138 2780 3211 Τιμόθεον⁹
2841 3134 2872 3203 ii
2934 3139 3006 3202 ὡς
3097 3134 3443 3214 προϐεϐηκὼς
3501 3151 3619 3203 τοῖς
3647 3137 3825 3195 ἔτεσιν

434 3243 696 3309 tremque
727 3233 1330 3310 splendoremFiIium
1365 3247 1500 3290 vero
1551 3241 1706 3289 vocat
1771 3231 2085 3301 aposmlum

2177 3228 2327 3289 οὗτος
2361 3270 2378 3300 ,
2420 3225 2456 3292 ἡ
2507 3222 2591 3282 διὰ
2647 3227 2707 3283 τὸ
2737 3224 3026 3304 ἐρωτᾶσθαι
3063 3225 3188 3306 παρ’
3223 3230 3402 3307 αὖτοὺ,
3452 3227 3702 3285 κάκεῖνον
3734 3227 3826 3284 δι-

433 3315 846 3398 Timotheum,
877 3318 968 3379 vel
998 3315 1154 3398 quod
1195 3313 1368 3376 annis
1421 3321 1580 3375 esset
1611 3315 1969 3395 provectior,
2004 3312 2085 3376 vel

2176 3314 2454 3372 δάσκεσθᾶι
2490 3331 2504 3345 ⁸
2539 3314 2668 3395 εἶχε
2699 3317 2798 3394 γὰρ
2858 3315 3094 3398 μεγάλα-ς
3155 3318 3248 3380 τὰς
3298 3316 3616 3397 ἑνοχλήσεις
3677 3321 3826 3391 παρὰ

434 3407 596 3488 quod
624 3407 697 3469 ab
730 3395 940 3469 eodem
972 3395 1213 3484 rogatus
1246 3413 1402 3466 esset
1433 3403 1558 3465 haec
1609 3402 2085 3482 edocerezsiqui-

2169 3412 2278 3462 τῶν
2318 3406 2374 3460 ἒν
2421 3404 2594 3478 Ἰωνίᾳ
2649 3403 2976 3486 φιλοσόφων.
3040 3395 3126 3463 ’Ἦ
3181 3408 3303 3471 τοὺς
3353 3395 3454 3474 τὴν
3500 3407 3725 3464 ἀκακίαν
3753 3407 3824 3464 ἁ-

435 3497 574 3559 dem
606 3497 694 3559 illi
725 3515 964 3576 magnas
997 3495 1199 3557 turbas
1223 3491 1599 3556 facessebant
1644 3493 1794 3554 lonii
1819 3493 2085 3574 philoso-

2173 3503 2428 3558 σκοῦντας
2459 3493 2653 3557 παῖδας
2677 3493 3101 3569 ἐκάλουν,καθώς
3137 3518 3273 3564 τινες
3307 3498 3524 3554 παλαιοὶ
3553 3499 3819 3577 ἱστοροῦσι

438 3587 565 3668 phi.
588 3585 696 3650 Vel
727 3587 908 3648 etiam
934 3583 1294 3648 innocentiae
1322 3585 1630 3646 studiosos
1657 3602 1876 3666 pueros
1912 3604 2085 3650 voca-

2174 3588 2296 3668 περὶ
2321 3587 2533 3664 τούτου,
2567 3585 2647 3642 ὅτι
2677 3590 2745 3662 τῇ
2773 3584 2968 3644 ἆκακια
2997 3584 3331 3664 ἐσεμνύνετο.

436 3676 765 3752 bant,sicut
785 3675 1024 3757 quidam
1051 3683 1284 3738 veteres
1315 3673 1565 3735 historia
1593 3673 2094 3758 tradiderunt,ip-

439 3783 573 3828 sum
606 3765 971 3828 innocentiae
990 3763 1173 3826 laude
1195 3761 1499 3825 celebrem
1525 3762 1852 3828 exstitisse.

990 4055 1350 4142 CAPUT
1395 4054 1548 4148 III.

2591 4056 3237 4143 ΚΕΦΑΛΑΙΟΝ
3325 4059 3411 4141 Γ’

488 4193 654 4274 Quid
677 4193 761 4261 sit
791 4195 1168 4276 hierarchia,
1201 4204 1258 4262 et
1288 4213 1561 4280 quamam
1586 4195 1714 4279 ejus
1742 4197 2012 4262 utilitas.

2340 4188 2400 4250 Τί
2429 4189 2572 4248 ἆστιν
2599 4186 2868 4268 ίεραρχίιπι⁹
2897 4187 3001 4333 gnati.
3028 4185 3108 4251 τίς
3137 4188 3172 4255 ἡ
3216 4187 3354 4244 κατὰ
3380 4187 3658 4268 ἱεραρχίαν

2929 4295 3102 4344 νηοις.

1780 4366 2134 4435 SYNOPSIS
2172 4364 2491 4435 CAPITIS.

440 4465 484 4534 I.
517 4468 720 4552 Deﬁnit
743 4468 1378 4552 hierarchiam,reamque
1409 4474 1687 4552 tri/ariam
1716 4475 1928 4552 dividit.
1956 4477 2024 4552 il.
2058 4475 2524 4552 Exponitquisgit
2545 4474 2679 4552 ﬁnis
2697 4475 2806 4552 sive
2827 4487 3019 4552 scapus
3044 4470 3443 4552 harmoniae.“
3461 4472 3642 4546 qualis
3664 4473 3725 4552 in
3754 4489 3824 4531 ea

512 4549 584 4621 sit
597 4545 1001 4608 'subordiiiatio:
1022 4555 1073 4606 et
1091 4551 1255 4608 simul
1274 4545 1520 4618 ostendit,
1531 4549 1898 4621 perfectionem
1918 4549 2034 4621 ejus
2053 4545 2343 4607 consistere
2351 4551 2407 4605 in
2428 4546 2522 4604 Dei
2545 4545 3108 4621 imitationegeiusque
3125 4545 3430 4621 functiones
3445 4545 3824 4621 memisse,

509 4620 838 4695 illuminare,
862 4623 1133 4695 per/icere.
1168 4623 1263 4678 ΙΙΙ.
1289 4615 1566 4695 Εαριίεάξ,
1585 4615 1722 4694 (ιιιίά
1742 4615 2008 4678 ἱησιιηιδαι
2029 4627 2145 4680 tam
2163 4622 2230 4678 iis
2249 4621 2344 4695 qui
2357 4622 2677 4693 expiantur,
2701 4615 3101 4684 ittuntirtantitr,
3120 4615 3673 4690 perﬁciuntur,qu
3705 4616 3820 4674 illis

509 4691 602 4763 qui
618 4691 1206 4766 εαρὶαιιιίὶιιιιιιιίηαηι
1235 4691 1394 4766 atque
1411 4691 1716 4766 perﬁciant.
2063 4763 2094 4845 ἓ
2135 4762 2161 4826 Ι

515 4873 620 4938 Est
649 4873 1148 4951 hierarchia,meo
1173 4874 1419 4956 quidem
1437 4875 1688 4956 judicio,
1719 4891 1890 4938 sacer
1915 4872 2084 4955 ordo,

2252 4872 2434 4933 ’Ἔστῖ
2467 4873 2563 4951 μιν
2616 4871 2883 4952 ἱεραρχία,
2923 4867 3043 4927 κατ’
3095 4869 3214 4950 ἐμέ,
3243 4867 3388 4936 τάξις
3415 4867 3550 4948 ἱερὰ,
3585 4870 3675 4927 καὶ
3698 4869 3827 4928 lm-

441 4972 502 5029 et
525 4965 800 5042 scientia,
835 4974 892 5027 et
917 4965 1072 5027 actio
1103 4982 1240 5046 quae
1267 4965 1342 5030 ad
1396 4965 1858 5043 deformitatem,
1891 4983 2085 5048 quau-

2169 4964 2376 5040 στήμη,
2433 4965 2521 5020 καὶ
2579 4962 2820 5041 ἐνέργεια
2879 4961 3008 5040 πρὸς
3067 4962 3130 5016 τὸ
3190 4957 3418 5048 θεοειδὲς
3473 4959 3547 5023 ὡς
3611 4958 3829 5040 ὶφικτὸν

439 5062 565 5118 tum
598 5054 686 5118 fas
712 5064 823 5135 est,
851 5054 1104 5129 accedit,
1136 5061 1314 5136 atque
1345 5055 1538 5118 insitis
1566 5054 1680 5117 sibi
1702 5047 1984 5118 divinitus
2007 5055 2083 5118 il-

2169 5052 2588 5134 ἂφομοιουμὲνη,
2651 5054 2740 5108 καὶ
2792 5052 2924 5129 πρὸς
2971 5051 3065 5116 τὰς
3124 5047 3464 5124 ενδιόομέιας
3523 5048 3658 5126 αὗτῇ
3700 5051 3830 5106 θεό-

441 5142 896 5209 lustrationibus
926 5143 1316 5226 proportione
1344 5145 1596 5228 quadam
1627 5145 1700 5209 ad
1725 5146 1832 5209 Dei
1861 5147 2084 5210 subve-

2169 5149 2254 5204 θεν
2297 5145 2594 5222 ἑλλάμψεις
2648 5142 2927 5222 ἀναλόγως
2980 5143 3066 5200 ἰπὶ
3123 5143 3183 5200 τὸ
3231 5141 3557 5217 θεομίμητον
3617 5142 3826 5222 ἄναγο-

438 5235 604 5299 hitur
632 5234 1241 5298 imitationemPorro
1273 5253 1344 5299 ea
1373 5255 1506 5318 qum
1527 5235 1717 5299 Deum
1740 5235 2082 5316 decet,pul-

2169 5235 2328 5314 μένη,
2367 5237 2438 5297 TE.
2466 5233 2522 5293 δὲ
2550 5234 2842 5315 θεοπρεπὲς
2902 5232 3123 5308 κάλλος,
3176 5233 3250 5298 ὡς
3297 5230 3522 5308 ἁττλοῦν⁹
3574 5233 3649 5299 ὡς
3680 5233 3827 5312 ἀγα-

441 5323 741 5402 chritudo,
776 5332 838 5389 ut
867 5323 1151 5407 simplex,
1181 5331 1243 5387 ut
1267 5323 1446 5400 bona,
1482 5331 1544 5386 ut
1565 5323 1730 5402 origo
1758 5320 2085 5404 perfectio-

2169 5328 2282 5406 θὸν,
2338 5328 2412 5392 ὡς
2491 5324 2896 5406 τελέταρχικὸν,
2981 5323 3183 5402 ἀμιγὲς
3230 5321 3327 5399 μὶν
3411 5321 3524 5380 itm
3595 5321 3828 5380 καθδλου

445 5413 565 5491 nis,
597 5415 744 5477 nulli
770 5415 1009 5476 omnino
1064 5424 1151 5476 est
1182 5414 1433 5476 admista
1455 5412 1956 5494 dissimilitudini,
1990 5411 2085 5473 sed

2180 5417 2356 5484 πάσης
2442 5416 2846 5494 ἀνομοιότητος,
2939 5411 3284 5490 μεταδοτιγὸν
3374 5410 3428 5469 δὲ
3502 5410 3620 5468 κᾶτ’
3680 5412 3827 5478 ἀξίαν

445 5523 552 5587 pro
581 5505 872 5585 cujusque
895 5503 1110 5566 merito
1137 5503 1377 5566 cuilibet
1406 5504 1603 5566 lumen
1628 5521 1803 5564 suum
1827 5500 2085 5583 imperti-

2177 5505 2384 5579 ἑκάστῳ
2438 5506 2531 5564 τοῦ
2606 5505 2798 5564 οἰκείου
2890 5505 3088 5584 φωτὸς,
3165 5503 3251 5558 καὶ
3351 5502 3690 5560 τεὶειωτικδν
3771 5505 3828 5558 iv

447 5603 564 5668 tur,
597 5604 653 5656 et
685 5594 744 5657 in
778 5608 1154 5657 sacramento
1195 5593 1591 5674 divinisslmo,
1635 5593 1708 5655 ad
1741 5591 2085 5656 immutabi-

2175 5594 2365 5672 τελετῇ
2395 5598 2641 5673 θειοτάτῃ
2671 5596 2806 5651 κατᾶ
2836 5593 2935 5662 τὴν
2983 5596 3115 5672 πρὸς
3147 5591 3306 5650 ἑαυτό
3335 5591 3444 5650 τῶν
3491 5589 3826 5671 τελουμένων

447 5683 626 5748 litatis
669 5703 792 5747 sua:
822 5685 1085 5768 speciem
1116 5684 1592 5750 transformando
1624 5692 2019 5749 consummat.

2175 5685 2496 5764 ιναρμονίως
2528 5682 2940 5765 ἀπαράλλακτον
2961 5684 3260 5766 μόρφωσιν.
