4112 6160
238 265 357 351 465
1271 268 1370 351 DE
1411 268 1764 353 cdtLEs'rt
1805 274 1929 352 HIE

2014 270 2308 366 iRCHiA,
2355 266 2515 352 CAP.
2567 272 2677 351 ΙΙῘ.

1886 420 1915 501 §
1957 414 2037 485 ll.

3534 270 3651 353 l66

338 579 555 644 Σκοπὸς
602 577 693 635 οὖν
781 577 1051 659 ἱεραρχίας
1070 576 1245 669 ἰστίν,
1316 582 1525 659 ἡπρδς
1610 584 1763 658 Θεὸν,
1850 586 1923 648 ὡς

2090 583 2319 663 Scopus
2367 584 2545 663 igitur
2573 583 2923 646 hierarchiae
2946 591 3059 659 est,
3094 583 3223 658 Dei,
3258 593 3480 669 quanta
3528 586 3657 649 ﬁeri

262 671 503 752 ἔφικτόν,
562 669 900 747 ἀφομοίωσίς
930 690 988 725 τε
1018 670 1107 725 καὶ
1135 668 1347 747 ἕνωσις,
1379 672 1536 728 αὐτόν
1569 672 1769 752 ἔχουσα
1813 675 1924 730 πά-

2014 673 2582 756 potest,assimilatio
2616 673 3127 754 conjunctioque:
3177 668 3353 755 quem
3382 694 3519 738 cum
3551 676 3659 737 ha-

266 785 364 828 σης
427 763 577 839 ἱερᾶς
625 759 937 833 ὶπιστήμι.ς
982 779 1040 814 τε
1100 761 1188 816 καὶ
1241 759 1504 839 ὶρεργείας
1556 764 1918 841 καθηγεμόνα,

2014 764 2346 826 beatomnis
2369 782 2554 826 sacrae
2578 771 2634 826 et
2657 763 2923 826 scientia;
2954 773 3015 827 et
3038 782 3215 845 opera
3227 767 3400 827 tionis
3413 765 3652 841 ducem,

263 853 361 908 καὶ
421 851 553 928 πρὸς
611 848 713 915 τὴν
776 847 935 903 αὐτοῦ
971 850 1250 917 θειοτάτην
1305 850 1621 930 εὐπρέπειαν
1691 852 1919 916 ἀκλινῶς

2014 854 2073 915 id
2101 853 2538 915 divinissimum
2570 854 2702 932 ejus
2728 853 3014 916 decorem
3051 854 3658 916 constanterintuen-

261 940 360 1016 μὲν
431 942 594 1019 δρῶν,
632 939 709 1001 ὡς
759 934 979 994 δυνατὸν
1036 936 1092 993 δὲ
1137 937 1596 1018 ἀποτυπούμενος,
1655 943 1743 998 καί
1792 943 1915 1007 τοὺς

2014 943 2384 1017 io,eumdem
2409 942 2605 1024 quoad
2629 946 2824 1023 potest
2846 960 2915 1004 ex
2928 943 3277 1024 primit,nec
3291 963 3410 1005 non
3426 943 3657 1013 divinos

266 1031 461 1087 ὶαυτοῦ
494 1026 767 1089 θιασώτας
797 1073 815 1106 ,
876 1024 1158 1102 ἀθάλματα
1205 1031 1324 1085 θεῖα
1408 1029 1620 1105 τελῶν,
1686 1030 1916 1114 ἔσοπτρα

2014 1031 2092 1095 sui
2126 1040 2435 1094 consortes
2462 1050 2631 1093 sacra
2682 1031 2950 1112 quaedam
3016 1032 3260 1112 perﬁcit
3312 1031 3653 1107 simulacra,

258 1118 317 1170 ﬂ
352 1116 684 1175 διειδέστατα
716 1118 805 1173 καὶ
847 1114 1177 1191 ἀκηλίδωτα,
1223 1116 1436 1179 δεκτικά
1464 1125 1565 1189 τῆς
1609 1122 1916 1204 ἂρχιιρώτου

260 1210 353 1266 καὶ
382 1211 682 1287 θεαρχικῆς
728 1205 972 1269 ἀκτῖνοςο
1007 1207 1097 1263 καί
1155 1212 1252 1284 τῇς
1294 1212 1391 1283 μὲν
1450 1208 1787 1286 ὶνδιδομένης
1818 1211 1915 1268 αἵ-

265 1299 411 1378 γλης
442 1296 595 1376 ἱερῶς
656 1294 1134 1373 ἀποπληρούμενα,
1202 1298 1402 1366 ταύτην
1446 1297 1499 1356 δὲ
1560 1300 1703 1367 αὖθις
1747 1302 1915 1381 ἀφθὸ-

271 1411 378 1453 νως
425 1389 499 1451 εἰς
559 1388 627 1443 τὰ
670 1384 791 1451 ἑξῖις
826 1385 1234 1462 ἀναλάμποντα,
1267 1389 1403 1445 κατά
1431 1390 1555 1453 τοὺς
1596 1392 1919 1472 θεαρχικοῦς

266 1478 525 1554 θεσμούς.
557 1474 629 1533 Οὒ
660 1475 761 1553 γὰρ
818 1474 1033 1550 θεμιτόν
1101 1474 1211 1532 ἐστι
1254 1491 1373 1541 τοϊς
1421 1478 1528 1536 τῶν
1587 1488 1738 1555 ιερῶν
1768 1480 1920 1539 τελε-

268 1582 399 1631 ταῖς
431 1566 513 1641 ⁸13,
547 1567 583 1633 ἦ
635 1578 751 1629 τοῖς
811 1565 966 1641 ἰερῶς
1002 1565 1362 1646 τελουμένοις,
1393 1567 1669 1648 ἑνερθῆσαί
1715 1592 1766 1627 τι
1786 1574 1919 1628 καθ-

270 1656 429 1738 ὅλου,
474 1656 617 1728 παρά
659 1655 753 1719 τὰς
814 1654 909 1722 τῆς
959 1656 1156 1720 οἰκείας
1203 1654 1549 1737 τελεταρχίας
1602 1660 1738 1738 ίεράς
1797 1657 1920 1717 δια-

270 1746 473 1812 τάξεις·
510 1743 629 1801 ἀλλ’
662 1741 777 1801 οὐδὲ
834 1743 1097 1823 ὑπάρχειν
1152 1744 1368 1825 ἑτέρως,
1417 1748 1460 1802 εἰ
1516 1751 1614 1816 τῆς
1662 1751 1920 1828 θεωτικῇς

2000 1120 2363 1203 speculaque
2386 1122 2719 1183 clarissima
2767 1129 2824 1180 et
2857 1122 3240 1184 immaculata
3288 1139 3422 1203 qua
3452 1123 3651 1203 primi-

2002 1212 2130 1273 tivw
2158 1211 2308 1273 lucis
2357 1229 2726 1291 summaeque
2768 1210 3007 1273 deitatis
3037 1212 3281 1273 radium
3316 1212 3660 1293 excipiant:

2005 1301 2175 1382 cujus
2200 1301 2393 1361 indito
2412 1300 2737 1381 splendore
2759 1318 2926 1363 sacro
2955 1300 3358 1381 plena,denuo
3377 1302 3653 1364 eumdem

2007 1410 2078 1453 ex
2112 1391 2335 1452 divinis
2360 1389 2620 1468 legibus,
2667 1389 2727 1452 in
2750 1409 2820 1452 ea
2851 1408 2983 1471 quae
3012 1399 3365 1472 sequuntur,
3398 1392 3531 1454 sine
3562 1400 3657 1454 in-

2004 1481 2160 1543 vidia
2207 1479 2652 1543 transfundam.
2714 1479 2925 1561 Neque
2965 1479 3124 1542 enim
3182 1479 3269 1542 fas
3327 1489 3417 1542 est
3472 1483 3660 1545 sacris

2007 1569 2466 1651 professoribus,
2498 1569 2591 1631 vel
2621 1571 2715 1631 29
2760 1569 3029 1651 initiatis,
3065 1568 3389 1651 quidquam
3416 1588 3660 1652 prorsus

2005 1659 2429 1741 operari.quod
2463 1659 2615 1720 sacri
2638 1659 2731 1721 sui
2756 1658 2988 1722 ordinis
3001 1660 3403 1723 sacrosanctis
3432 1661 3661 1724 consti-

2007 1749 2335 1815 tutionibus
2364 1757 2660 1830 repugnet
2696 1772 2712 1823 ;
2742 1750 2860 1810 imo
2887 1766 2999 1811 nec
3050 1748 3263 1810 iisdem
3313 1750 3658 1827 dissentire,

272 1838 443 1904 αὐτῆς
487 1834 721 1913 ἀγλαίας
780 1832 1053 1913 ἐφίενται,
1106 1836 1195 1891 καὶ
1262 1838 1395 1914 πρὸς
1449 1839 1614 1905 αὐτὴν
1672 1841 1917 1920 ἱεροπρε-

2014 1838 2051 1901 si
2100 1838 2359 1900 divinam
2410 1841 2541 1919 ejus
2586 1846 2872 1919 appetant
2903 1838 3261 1913 claritatem,
3301 1847 3361 1900 et
3388 1839 3462 1901 ad
3493 1838 3657 1901 illam

271 1926 392 1988 πῶς
437 1925 501 1975 73
561 1925 954 1999 ἀποσκοποῦσι,
1029 1924 1119 1980 καὶ
1174 1924 1568 1983 ἀποτυποῦνται
1616 1929 1753 1986 κατά
1818 1930 1918 1998 τὴν

2014 1938 2236 2010 sancte,
2297 1929 2379 1990 uti
2472 1927 2668 2020 decet,
2733 1928 3048 2020 aspiciant,
3097 1946 3163 1989 ac
3210 1947 3322 2020 pro,
3374 1930 3663 2010 cujusque

273 2016 503 2073 ἑκάστου
569 2020 675 2070 τῶν
724 2016 878 2092 ἱερῶν
932 2014 1066 2069 νόων
1106 2012 1429 2093 ἀναλογίαν,
1477 2016 1676 2075 Οὗκοῦν
1747 2021 1774 2075 ὁ
1822 2017 1919 2076 λε-

2014 2038 2315 2080 sacrarum
2379 2019 2665 2080 mentium
2744 2018 3069 2099 rapacitate
3136 2018 3659 2081 transformentur.

272 2128 384 2183 γων
438 2106 715 2184 ἱεραρχίαν
757 2152 771 2177 ,
857 2104 1001 2181 ἱερὰν
1085 2124 1199 2159 τινα
1257 2105 1481 2162 καθόλου
1564 2106 1918 2184 διακόσμησιν

2014 2110 2205 2188 Itaque
2231 2107 2743 2190 quihierarchiam
2769 2108 3389 2187 nominat,quamdam
3414 2107 3663 2171 omnino

272 2196 459 2269 δηλοῖ,
518 2194 696 2251 εἰκόνα
765 2195 863 2260 τῆς
918 2197 1213 2272 θεαρχικῆς
1258 2196 1609 2273 ὡραιότητος,
1644 2197 1698 2255 ἐν
1740 2199 1917 2265 τάξεσι

2014 2216 2228 2260 sacram
2260 2196 3133 2277 designatdispositionem,Dei
3159 2197 3508 2278 principalis
3531 2199 3660 2279 pul-

270 2286 363 2343 καὶ
393 2286 727 2358 ἐπιστήμαις
785 2286 1150 2362 ἰεραρχικαϊς,
1208 2286 1272 2340 τὰ
1315 2291 1414 2353 τῆς
1460 2289 1654 2353 οἰκείας
1707 2287 1916 2365 ἐλλάμ-

272 2379 425 2450 ψεως
468 2374 837 2451 ἱερουργοῦσαν
879 2373 1172 2453 μυστήρια,
1218 2375 1307 2431 καὶ
1363 2377 1495 2455 πρὸς
1561 2380 1662 2446 τὴν
1729 2380 1924 2436 οἰκείαν

274 2463 459 2543 ἆρχὴν
486 2463 559 2526 ὡς
607 2462 829 2539 γεμιτὸν
861 2461 1319 2541 ἀφομοιουμένην,
1378 2465 1545 2523 ’Ἔστι
1575 2470 1676 2547 γὰρ
1719 2468 1929 2541 ἑκάστῳ

276 2561 389 2609 τῶν
443 2553 718 2631 ἰεραρχίαν
766 2550 1195 2628 κεκληρωμένων
1238 2556 1273 2622 ἡ
1326 2554 1624 2638 τελείωσις,
1678 2559 1741 2615 τὸ
1809 2558 1926 2616 κατ’

276 2644 481 2700 οἰκείαν
551 2640 837 2719 ἀναλογίαν
894 2643 979 2698 ἰεπί
1037 2644 1098 2699 τό
1182 2645 1503 2721 θεομίμητον
1573 2646 1871 2729 ἀναχθῆναι
1906 2696 1923 2722 ,

276 2734 390 2793 Καὶ
420 2734 481 2789 τὸ
525 2730 588 2800 δὴ
615 2733 829 2790 πάντων
877 2731 1161 2811 θειότερον,
1196 2736 1272 2799 ὡς
1301 2736 1367 2790 τὰ
1396 2736 1564 2815 Λόγιά
1606 2759 1761 2816 φησι,
1795 2746 1926 2798 Θεοῦ

279 2824 536 2902 συνεργὸν
565 2822 827 2900 γενέσθαι,
887 2824 973 2879 καί
1015 2821 1182 2889 δεῖξαι
1238 2824 1340 2891 τὴν
1369 2826 1509 2881 θείαν
1553 2826 1819 2907 ἐνέργειαν
1869 2828 1924 2884 ἓν

281 2914 459 2988 δαυτῷ
485 2913 625 2969 κατά
675 2913 736 2969 τό
796 2910 1011 2971 δυνατὸν
1070 2913 1525 2992 ἀναφαινομένην·
1565 2919 1706 2997 οἷον,
1741 2916 1926 2986 ἐπειδὴ

278 3002 431 3069 τάξις
461 3003 737 3082 ἰεραρχίας
793 3002 902 3058 ἑστί
958 3002 1020 3059 τὸ
1077 3002 1200 3067 τοῦς
1255 3003 1353 3078 μὲν
1400 3006 1756 3085 καθαίρεσθαι,
1802 3007 1925 3072 τοὺς

278 3092 338 3151 δὲ
365 3094 669 3168 καθαίμειν’
713 3092 801 3148 καὶ
843 3093 965 3156 τοὺς
1011 3093 1109 3169 μὲν
1158 3095 1494 3175 φωτίζεσθαι,
1536 3096 1658 3158 τοὺς
1705 3094 1759 3152 δὲ
1806 3120 1928 3177 φω-

2006 2285 3041 2365 chritudinisimaginem,ordinibus
3057 2286 3449 2367 scientiisque
3463 2305 3665 2349 sacro-

2009 2376 2458 2458 principalibus,
2509 2376 2925 2439 illustrationis
2976 2394 3098 2439 sua;
3153 2377 3435 2457 mysteria
3486 2378 3651 2440 cele-

2011 2466 2490 2546 brantem,atque
2523 2465 3082 2547 proprio,quantum
3113 2465 3198 2526 fas
3223 2473 3334 2545 est,
3363 2466 3658 2547 principio

2012 2555 2405 2618 conformem.
2443 2555 2671 2617 Etenim
2699 2555 3025 2635 cujuslibet
3047 2573 3256 2617 eorum
3283 2556 3383 2637 qui
3411 2574 3654 2618 sacrum

2007 2644 2278 2706 ordinem
2303 2646 2491 2706 sortiti
2509 2645 2738 2721 sunt,in
2760 2645 2874 2706 hoc
2897 2646 3010 2706 sita
3037 2644 3322 2727 perfectio
3343 2654 3458 2716 est,
3494 2653 3559 2706 ut
3584 2645 3657 2706 ad

2008 2735 2406 2816 divinam,pro
2428 2742 2603 2813 captu
2623 2735 2873 2816 quisque
2901 2753 3031 2816 suo,
3060 2752 3299 2816 promox
3313 2743 3483 2797 eatur
3514 2735 3661 2796 imi—

2006 2825 2595 2908 tationem,quodque
2608 2824 2862 2886 divinius
2874 2823 3460 2905 estomnium,ipsius
3476 2824 3656 2887 etiam

2008 2913 2138 2995 Dei,
2174 2914 2872 2995 utEloquialoquuntur,
2912 2920 3265 2992 cooperator
3282 2912 3519 2992 existat,
3553 2911 3657 2973 di-
3764 2978 3774 2987 η

2010 3005 2329 3087 vinamque
2359 3005 2420 3065 in
2454 3004 2777 3084 semetipso
2809 3004 3181 3066 demonstret
3219 3001 3657 3081 operationem,

2012 3095 2207 3175 quoad
2229 3093 2817 3175 potest,elucentem:
2840 3092 3059 3174 quippe
3086 3108 3219 3154 cum
3246 3091 3308 3152 in
3341 3092 3455 3151 hoc
3478 3089 3553 3152 sit
3575 3108 3665 3151 sa-

286 3185 474 3255 τίζειν·
511 3182 601 3237 καὶ
654 3181 774 3244 τοὺς
835 3182 934 3256 μὲν
975 3182 1243 3241 τελεῖσθαι
1297 3183 1383 3258 74,
1439 3186 1561 3248 τοὺς
1632 3183 1686 3241 δὲ
1713 3184 1926 3243 τελεσι-

2014 3204 2130 3249 CI‘ZB
2149 3183 2613 3276 gubernationis
2645 3182 2817 3276 ordo,
2862 3190 2928 3243 ut
2953 3181 3526 3276 aliquipurgentur,
3560 3178 3664 3276 alii

280 3275 525 3353 ουργῑπν,
555 3271 764 3357 ἑκάστῳ
816 3273 874 3329 τὸ
923 3273 1248 3349 θεομίμητον
1304 3274 1528 3352 ἁρμόσει
1587 3276 1724 3332 κατά
1780 3275 1929 3334 τόνδε

2025 3284 2314 3357 purgent;
2348 3274 2527 3354 aliqui
2554 3271 3099 3341 illuminentur,alii
3121 3269 3489 3351 illuminent;
3526 3270 3664 3351 qui-

287 3352 382 3421 τὸν
412 3363 631 3443 τρόπον.
687 3352 749 3418 Ἠ
780 3364 892 3418 θεία
923 3362 986 3413 75
1041 3363 1397 3444 μακαριότης,
1431 3365 1504 3428 ὠς
1546 3365 1602 3421 ἐν
1645 3366 1938 3445 ἀνθρώποις

285 3457 486 3517 εἰπεῖν.
522 3453 724 3531 ἀμιγὴς
748 3452 846 3528 μέν
877 3452 1020 3509 ἔστιν
1059 3454 1273 3521 ἀπάσης
1309 3453 1937 3536 ἀνομοιότητός,πλήρης

282 3543 340 3602 δὲ
387 3544 564 3625 φωτὸς
611 3540 811 3614 ἀϊδίου,
854 3541 1032 3600 τελεία
1066 3546 1151 3600 καὶ
1201 3542 1451 3612 ἀνενδεὴς
1482 3545 1697 3611 ἀπάσης
1726 3545 1937 3603 τελειό-

284 3657 474 3709 τητος,
537 3634 853 3712 καθαίρουσα
883 3679 899 3706 ,
958 3635 1046 3691 καὶ
1107 3635 1441 3714 φωτίζουσα,
1499 3636 1588 3691 καὶ
1628 3633 1935 3715 τελεσιουρ-

284 3734 482 3805 γοῦσα·
546 3722 749 3799 μᾶλλον
797 3720 853 3778 δὲ
924 3723 1174 3802 κάθαρσις
1257 3725 1392 3799 ἰερά,
1478 3725 1568 3781 καὶ
1636 3726 1931 3804 φωτισμὸς,

284 3818 374 3873 καὶ
405 3814 701 3887 τελείωσις,
760 3812 895 3892 ὑπὲρ
936 3814 1210 3894 κάθαρσιν,
1270 3814 1399 3893 ὑπὲρ
1443 3820 1579 3895 φῶς,
1631 3814 1935 3893 προτέλειος

291 3903 742 3983 αῦτοτελεταρχία
786 3901 872 3976 76,
936 3904 1023 3959 καὶ
1084 3904 1261 3970 πάσης
1320 3904 1419 3979 μὲν
1501 3906 1773 3987 ἱεραρχίας
1845 3906 1935 3962 αἰ-

287 3998 399 4072 τία,
466 3996 666 4059 παντὸς
724 3993 780 4050 δὲ
843 3994 987 4073 ἱεροῦ
1055 3994 1191 4051 κατά
1272 3995 1335 4050 τὸ
1390 3993 1654 4076 ὑπερέχον
1737 3993 1936 4075 εξῃρη-

291 4091 427 4168 μὲνη
438 4137 452 4153 ,

2023 3367 2160 3427 dam
2194 3364 2602 3444 perﬁciantur,
2640 3361 2914 3423 nonnulli
2944 3378 3082 3421 vero
3108 3358 3418 3440 perﬁciant
3449 3359 3664 3435 ;modo

2022 3454 2239 3533 cuique
2261 3472 2367 3516 suo
2385 3451 2584 3513 divina
2617 3458 2901 3529 congruet
2925 3449 3206 3511 imitatio.
3231 3447 3441 3509 Divina
3470 3448 3664 3531 siqui—

2021 3544 2157 3607 dem
2180 3541 2507 3615 beatitudo,
2555 3549 2619 3602 ut
2646 3558 2812 3601 more
2831 3538 3144 3601 hominum
3176 3539 3402 3618 loquar,
3442 3555 3666 3618 expers

2020 3642 2110 3696 est
2139 3632 2333 3694 omnis
2352 3629 2881 3709 dissimilitudinis,
2916 3647 2984 3690 ac
3031 3628 3205 3708 plena
3254 3627 3407 3688 lucis
3438 3628 3667 3707 sempi-

2021 3731 2227 3805 ternaz,
2266 3719 2783 3803 perfecta,nullius
2808 3718 3013 3797 indiga
3048 3716 3468 3799 perfectionis,
3498 3736 3668 3778 mun-

2018 3814 2189 3894 dans,
2221 3813 2593 3887 illuminans,
2627 3826 3056 3874 consummans
3090 3829 3106 3880 ;
3171 3806 3440 3888 quinimo
3475 3806 3670 3887 potius

2019 3903 2459 3985 ipsametsacra
2477 3899 2806 3973 mundatio,
2837 3908 2898 3960 et
2919 3897 3368 3978 illuminatio,et
3399 3914 3675 3958 consum-

2021 3994 2222 4068 matio,
2245 4010 2426 4074 supra
2448 3990 2919 4062 mundationem,
2945 4005 3133 4069 supra
3157 3986 3376 4067 lucem,
3412 4003 3672 4067 praeper-

2021 4079 2313 4164 fecta,per
2332 4100 2397 4144 se
2432 4080 2597 4160 origo
2648 4079 3062 4161 perfectionis,
3098 4083 3277 4157 atque
3306 4077 3502 4138 omnis
3531 4078 3673 4153 qui-

2021 4173 2157 4237 dem
2177 4176 2329 4234 sacri
2357 4168 2594 4233 ordinis
2614 4187 2817 4250 causa,
2861 4178 3273 4229 verumtamen
3304 4165 3378 4228 ab
3410 4165 3574 4228 omni
3607 4183 3674 4228 re

2019 4279 2193 4328 sacra
2215 4279 2326 4344 per
2354 4259 2772 4325 excellentiam
2806 4265 3092 4340 excepta.

1900 4397 1930 4479 §
1972 4394 2074 4464 III.

370 4528 489 4607 Χρὴ
549 4532 855 4608 τοιγαροῦν,
910 4527 984 4590 ὡς
1044 4524 1228 4607 οἶμαι,
1290 4524 1411 4590 τοὺς
1466 4522 1564 4600 μὶν
1620 4519 1929 4602 καθαιρομέ-

2106 4519 2353 4598 Oportet
2383 4515 2595 4608 igitur,
2619 4523 2681 4577 ut
2722 4512 2999 4591 arbitror,
3031 4532 3135 4608 eos
3186 4511 3673 4608 quipurgantur,

292 4639 413 4681 νως
444 4619 665 4696 ἀμιγεῖς
724 4616 1105 4675 ἀποτελεῖσθαι
1157 4611 1405 4676 καθόλου.
1444 4615 1531 4670 καὶ
1562 4612 1739 4679 πάσης
1770 4611 1938 4679 ἠλευ-

290 4710 557 4786 θερῶσθαι
599 4713 696 4775 τῆς
764 4708 1014 4782 ἀνομοίο)
1054 4706 1423 4785 συμφύρσεως·
1484 4703 1607 4766 τοὺς
1669 4700 1723 4758 δὲ
1768 4723 1942 4781 φωτι-

292 4797 552 4868 ζομένους
580 4795 1013 4875 ἀποπληροῦσθαι
1062 4803 1154 4853 τοῦ
1202 4798 1339 4853 θείου
1388 4795 1587 4875 φωτὸς,
1624 4793 1756 4869 πρὸς
1801 4794 1943 4847 θεω-

296 4887 532 4965 ρητικὴν
562 4885 667 4953 ἕξιν
712 4889 802 4943 καί
871 4885 1089 4963 δύναμιν
1137 4884 1192 4943 ἒν
1234 4885 1524 4964 πανάγνοις
1585 4882 1707 4945 νοὸς
1739 4880 1942 4960 ὀφθαλ-

297 4989 431 5052 μοῖς
474 4975 858 5053 ἀναγομένους⁹
920 4976 1041 5040 τοὺς
1090 4973 1145 5031 δὲ
1187 4973 1535 5051 τελουμένους
1590 4971 1679 5051 77,
1743 4970 1803 5028 ἐκ
1850 4974 1944 5026 τοῦ

298 5064 526 5128 ἀτελοῦς
584 5063 1076 5141 μεταταττομένους
1108 5110 1127 5139 ,
1199 5064 1471 5143 μετόχους
1541 5061 1775 5140 γίνεσθαι
1842 5057 1941 5126 τῆς

299 5175 411 5211 των
466 5154 896 5213 ἂποπτευθέντων
960 5156 1115 5233 ἰερῶν
1196 5152 1539 5221 τελειωτικῆς
1610 5149 1942 5226 ὶπιστήμης.

2024 4625 2206 4690 puros
2252 4607 2406 4670 efﬁci
2438 4607 2707 4682 omnino,
2744 4614 2924 4687 atque
2955 4605 3116 4668 omni
3168 4599 3677 4665 dissimilitudinis

2023 4697 2437 4760 commistione
2459 4696 2705 4758 liberari
2744 4718 2759 4777 ;
2793 4714 2897 4758 eos
2944 4713 3083 4757 vero
3107 4695 3207 4775 qui
3259 4691 3677 4755 illuminantur

2025 4787 2225 4851 divino
2249 4786 2479 4849 lumine
2508 4786 2757 4867 repleri,
2789 4786 2860 4847 ad
2893 4783 3417 4863 contemplativum
3459 4787 3673 4842 statum

2026 4885 2205 4959 atque
2225 4877 2498 4939 virtutem
2522 4874 2871 4938 castissimis
2926 4879 3145 4936 mentis
3186 4871 3378 4934 oculis
3408 4870 3672 4933 evehen-

2024 4966 2537 5047 dos;deniqueeos
2559 4965 2661 5043 qui
2680 4964 3092 5045 perficiuntur,
3123 4962 3195 5024 ab
3217 4960 3674 5043 imperfectione

2022 5056 2368 5137 translatos,
2422 5056 2654 5118 illorum
2705 5072 2837 5136 quae
2878 5054 3128 5116 contuiti
3178 5060 3338 5127 sunt,
3367 5068 3677 5113 sacrorum

2027 5145 2368 5229 perfectivae
2391 5145 2663 5208 scientia:
2688 5143 3010 5227 participes
3049 5142 3359 5206 exsistere.
3395 5139 3473 5202 Ex
3482 5137 3677 5222 piato-

1634 5307 1895 5376 VARIE
1952 5305 2271 5373 LECTION
2277 5305 2392 5370 ES.

386 5426 441 5478 τί
472 5427 605 5492 Bud
655 5427 887 5501 ἔσοπτρά
914 5448 996 5493 τι.
1059 5426 1118 5478 7³
1141 5425 1247 5490 Cb.
1273 5420 1342 5487 Ι).
1378 5423 1443 5486 Ρ.
1476 5418 1538 5486 S.
1573 5421 1876 5493 τελεσταῖς,
1911 5419 2006 5482 cui
2037 5417 2287 5501 lectioni
2331 5423 2570 5501 veteres
2619 5415 3426 5501 astipulanturinterpretes.
3458 5411 3523 5501 τᾷ

304 5510 483 5586 Ῑερῶς.
522 5510 584 5561 Ἠ
641 5510 747 5574 Ch.
935 5509 1279 5568 τελειοῦσθαι.
1336 5505 1399 5555 75
1445 5502 1553 5566 Ch.
1616 5503 1788 5565 aliter
1844 5502 1985 5586 legit
2042 5509 2100 5562 et
2152 5498 2486 5586 distinguit,
2548 5493 2767 5586 ἁρμόσει
2798 5500 2882 5557 διὰ
2929 5498 3078 5586 τόνδε
3132 5493 3223 5555 τὸν
3253 5494 3513 5586 τρόπον-ἦ

304 5571 370 5673 ’ξεί
401 5593 510 5673 cu.
544 5571 891 5673 ὑπέμφωτυςζ
926 5591 992 5673 S._
1023 5592 1185 5652 etM.
1216 5587 1550 5667 adjungunt
1580 5589 1715 5666 post
1744 5571 2071 5664 προτέλειος,
2110 5571 2371 5644 νεώυιιῖ
2414 5571 2768 5659 αὐτοτέλειος,
2804 5579 2963 5662 quod
2998 5581 3212 5642 Scntus
3241 5571 3420 5639 etiam
3456 5571 3676 5635 reddit.

309 5671 370 5723 π
510 5674 581 5737 Ρ.
608 5670 678 5735 D.
704 5668 1143 5748 ’τελειουμένουςν
