4112 6160
288 328 397 396 189
737 334 837 398 DE
880 334 1228 400 COELESTI
1277 334 1772 418 HIERARGHIA,
1821 340 1986 402 CAP.
2035 342 2136 404 IV.
2193 375 2256 386 —
2309 345 2696 408 PARAPHR.
2748 347 3236 410 PACHYMER/E
3566 344 3675 413 190

284 465 351 560 τὰ
390 463 448 560 8}
469 463 696 560 λογικὰ,
723 465 861 543 ἅπερ
918 466 1090 560 ξσμὶν
1133 470 1328 560 ἡμεῖς,
1369 471 1460 528 καὶ
1515 471 1696 552 νοερὰ,
1727 471 1863 550 ἃπερ
1895 474 1938 531 ol

2027 481 2192 554 pant,
2227 473 2460 537 tametsi
2521 475 2648 540 hac
2696 495 2940 560 quoque
2999 495 3178 559 supra
3224 495 3463 543 omnem
3491 480 3672 544 vitam

290 553 528 651 ᾇγγελοι,
565 554 860 651 μετέχουσι
888 556 987 626 τῆς
1040 558 1352 625 αὖτοτελοῦς
1401 560 1611 651 σοφίας·
1657 568 1812 620 τοῦτο
1841 561 1938 641 γὰρ

2025 567 2280 651 existat;
2327 583 2460 644 qua;
2488 584 2628 628 vero
2660 553 2972 629 rationalia
2993 553 3152 643 sunt,
3189 567 3276 630 uti
3307 586 3438 644 nos,
3474 575 3536 632 et
3555 569 3676 651 spi-

291 644 398 704 ὶστι
440 643 602 725 λόγος
651 645 738 703 καὶ
799 645 992 715 νόησις
1044 655 1140 708 106
1198 651 1352 729 6506,
1407 650 1506 707 κᾶν
1540 653 1626 708 καὶ
1676 651 1804 730 ὑπὲρ
1848 653 1938 708 τὸν

2022 649 2240 733 ritalia,
2267 643 2424 715 Sicut
2454 655 2676 736 angeli,
2706 664 3016 736 compotes
3050 665 3190 718 sunt
3227 657 3412 740 ipsius
3484 643 3677 740 per-se

289 733 450 814 λόγον
479 736 568 792 καὶ
597 741 718 792 νοῦν
771 734 882 793 ιστι
926 746 1112 802 ταὺτα,
1161 739 1485 818 Πόριζόμεθα
1515 741 1683 797 τοίνυν
1723 740 1784 797 ἐκ
1812 743 1938 798 τού-

2025 740 2305 820 perfectae
2347 733 2979 826 sapientiae,siquidem
3012 745 3138 808 hate
3167 733 3314 809 ratio
3367 733 3552 811 estet
3581 748 3677 811 in-

287 846 416 897 των,
449 823 534 882 ὅτι
585 824 652 883 τὰ
681 826 835 903 νοερὰ
865 827 1082 892 πάντως
1110 833 1189 901 τῷ
1219 828 1366 904 Θεοῷ
1394 827 1768 902 πλησιάζουσιο
1802 853 1935 907 μετ-

2032 831 2290 894 tellectio
2321 823 2448 915 Dei,
2475 834 2614 896 licet
2645 823 2821 898 simul
2865 835 2941 898 sit
2969 854 3150 916 supra
3175 838 3463 900 rationem
3495 837 3674 902 etin-

288 913 479 995 έχουσι
511 913 611 994 γὰρ
670 917 828 974 αὐτοῦ
895 914 1195 997 πολλαχῶς
1227 919 1314 975 καὶ
1347 919 1483 976 κατὰ
1536 921 1598 976 τὸ
1629 920 1797 996 εἶναι,
1859 917 1946 978 καὶ

286 1004 424 1061 κατᾶ
453 1003 516 1062 τὸ
543 1010 666 1085 ζῇν,
719 1007 808 1062 καὶ
839 1006 976 1062 κατὰ
1031 1007 1090 1063 τὸ
1143 1005 1338 1086 λογικὰ
1385 1008 1552 1089 εἶναι,
1591 1010 1677 1068 καὶ
1738 1008 1812 1067 ἔτι
1857 1001 1944 1068 καὶ

285 1093 473 1174 νοερὰ.

369 1359 502 1442 5n.
537 1363 601 1421 Αἱ
625 1373 750 1442 γοῦν
803 1363 952 1442 ἅγιαι
1006 1366 1094 1421 καὶ
1137 1365 1364 1444 οὐράνιαι
1414 1365 1819 1444 διακοσμήσεις,
1857 1370 1944 1426 καὶ

285 1452 426 1532 ὑπὲρ
459 1452 526 1510 τὰ
551 1453 727 1530 μόνως
772 1451 898 1511 ὄντα
945 1471 1012 1510 τα
1071 1453 1282 1536 ἄψυχα,
1345 1458 1432 1514 καὶ
1462 1457 1586 1537 ὅπερ
1638 1459 1705 1514 τὰ
1733 1458 1942 1538 ἀλόγως

283 1549 494 1617 ζῶντα,
553 1545 641 1600 καὶ
682 1543 812 1619 ὑπὲρ
865 1544 932 1601 τὰ
962 1541 1079 1601 καθ’
1135 1547 1281 1621 ἡμᾶς
1329 1544 1523 1624 λογικᾶ
1573 1547 1694 1614 τοὺς
1735 1549 1942 1626 ἀνθρώ-

285 1648 449 1696 πους⁶
496 1632 564 1690 τὰ
598 1633 697 1710 μὶν
727 1635 827 1713 γὰρ
851 1635 1057 1711 μόνως,
1101 1636 1168 1693 τά
1213 1633 1268 1692 δὲ
1300 1634 1514 1708 διττῶς,
1549 1637 1612 1695 τὰ
1640 1635 1696 1694 δὲ
1720 1645 1943 1718 τριττῶς

281 1726 390 1792 τῆς
453 1724 598 1788 θείας
659 1725 947 1804 μετέχωσι
1005 1722 1312 1791 διαδόσεως
1377 1729 1430 1784 αἱ
1471 1736 1598 1804 γοῦν
1641 1730 1814 1807 νοεραὶ
1857 1725 1944 1786 καὶ

285 1812 528 1893 οὐράνιαι
586 1814 866 1893 τετράχῶς
921 1835 980 1870 τε
1029 1816 1120 1871 καὶ
1169 1815 1464 1896 πολλαχῶς
1521 1818 1715 1884 ταύτης
1782 1818 1942 1894 μετέσ

287 1923 476 1984 χουσι,
509 1901 655 1967 Τέως
682 1923 744 1982 γε
787 1903 888 1979 μὴ,
936 1903 1115 1983 ὥσπερ
1145 1903 1226 1986 ἐφ’
1269 1908 1427 1980 ἡμῶν
1472 1905 1615 1964 ἔστιν
1657 1905 1814 1988 ἱδεϊν,
1863 1907 1942 1965 ὅτι

286 1991 352 2050 ἐκ
396 1993 503 2049 τῶν
558 1991 872 2071 κρειττόνων
923 1991 1216 2072 λεγόμεθα,
1261 1998 1349 2053 καὶ
1394 1996 1724 2076 κυριωτέρως
1777 1996 1940 2076 λεγό-

294 2085 430 2160 μεθα
474 2079 684 2160 λογικοί
722 2079 847 2160 παρ’
895 2082 923 2139 ὃ
966 2090 1100 2161 ζῶα,
1153 2085 1189 2152 ἣ
1245 2087 1334 2143 καὶ
1377 2084 1528 2166 ὅντα,
1561 2086 1699 2144 οὕτω
1728 2087 1823 2143 καί
1855 2088 1941 2145 ἐπὶ

291 2193 402 2244 τίειν
441 2173 595 2230 θείων
638 2169 933 2248 δυνάμεων.
982 2176 1067 2231 καὶ
1111 2173 1240 2233 ὅντα
1281 2176 1382 2254 γάρ
1413 2177 1544 2233 εἰσιν
1593 2177 1820 2259 ἐκεῖναι,
1852 2179 1937 2235 καῖ

293 2269 450 2340 ζῶσι,
504 2263 593 2318 καὶ
623 2260 845 2341 λογικαί
887 2265 1044 2343 εἰσιν,
1092 2263 1214 2321 ἀλλ’
1257 2265 1403 2341 ὅμως
1451 2267 1624 2346 νοεραὶ
1669 2265 1936 2345 λέγονται,

288 2348 397 2413 Καὶ
448 2349 630 2430 ὥσπερ
677 2353 822 2427 ἡμᾶς
881 2355 1121 2429 σεμνύνει
1173 2356 1232 2412 τὸ
1281 2357 1418 2414 κατὰ
1461 2354 1621 2435 λόγον
1654 2361 1936 2438 κινεῖσθαι,

281 2442 428 2500 οὕτω
493 2441 764 2508 κάκείναις
819 2442 919 2510 τὴν
967 2445 1320 2520 θεομιμησίαν
1383 2446 1610 2526 παρέχει
1644 2494 1661 2522 ,
1745 2454 1939 2526 νοερῶς

279 2532 646 2608 κινουμέναις,
677 2533 766 2589 καὶ
798 2533 930 2610 πρὸς
973 2534 1073 2602 τὴν
1127 2536 1422 2616 θεαρχικὴν
1473 2538 1697 2614 ὁρώσαις
1731 2538 1935 2613 ὁμοίω-

281 2643 393 2696 σιν,
453 2621 705 2680 κάκεῖθεν
759 2620 1062 2701 ἐφιεμέναις
1134 2632 1368 2704 μορφοῦν
1423 2627 1485 2682 τὸ
1531 2627 1711 2703 νοερὸν
1763 2625 1936 2682 αὐτῶν

282 2709 456 2776 εἶδος·
490 2713 582 2768 καὶ
624 2709 710 2768 διὰ
756 2711 912 2771 τοῦτο
969 2715 1055 2771 καὶ
1086 2712 1333 2779 πλείονας
1366 2715 1583 2780 εἰκότως
1625 2716 1812 2796 ἔχουσι
1841 2717 1935 2780 τὰς

282 2802 420 2878 πρὸς
452 2799 614 2869 αὗτὴν
644 2803 944 2878 κοινωνίας,
978 2805 1052 2868 ὡς
1098 2804 1274 2879 οὖσαι,
1320 2805 1395 2866 ὼς
1425 2810 1614 2880 ζῶσαι,
1661 2808 1734 2872 ὡς
1779 2804 1936 2884 λογι-

282 2893 398 2971 καὶ,
431 2891 522 2948 καὶ
551 2889 628 2948 ἔτι
658 2892 732 2956 ὡς
791 2893 966 2972 νοεραὶ
1011 2894 1101 2950 καὶ
1159 2907 1458 2974 προσεχεῖς
1517 2896 1793 2975 μένουσαι,
1850 2897 1938 2952 καὶ

283 2981 346 3038 οὗ
374 2977 809 3057 διεσκεδασμέναι
854 2983 992 3040 κατὰ
1055 2985 1158 3050 τὴν
1206 2981 1461 3064 διάφορον
1517 2985 1763 3066 γνώμην,
1806 2983 1936 3063 ὅπερ

281 3070 426 3128 ὶστῖν
470 3072 526 3126 εν
567 3071 704 3146 ἡμῖν
739 3069 809 3151 (οἱ
838 3071 938 3150 γὰρ
966 3071 1024 3129 ἓν
1055 3072 1172 3147 Θεῷ
1215 3071 1386 3149 ὄντες,
1435 3075 1764 3152 συνημμένοι
1811 3077 1933 3151 εἰσὶ,

2031 922 2436 1000 telligentiam.
2492 926 2578 988 Ex
2610 925 2702 986 his
2734 926 2934 1006 itaque
2979 926 3426 1006 praestantiores
3481 928 3678 990 evadi-

2029 1028 2182 1085 mus,
2217 1013 2496 1092 quoniam
2550 1015 2842 1096 spiritalia
2890 1014 3014 1077 Deo
3071 1034 3314 1096 prorsus
3348 1019 3676 1098 appropin-

2027 1108 2213 1178 quant
2243 1119 2260 1178 ;
2294 1102 2586 1183 siquidem
2616 1104 2813 1185 ipsum
2844 1105 3260 1186 multipliciter
3289 1105 3670 1186 participant,

2033 1197 2154 1251 tum
2187 1191 2343 1272 quod
2378 1192 2495 1253 sint
2519 1201 2641 1254 tum
2661 1193 2819 1274 quod
2845 1194 3062 1275 vivant,
3089 1201 3211 1256 tum
3237 1193 3394 1276 quod
3419 1196 3676 1258 rationa-

2027 1278 2106 1340 lia
2136 1278 2257 1341 sint
2285 1289 2459 1362 atque
2491 1282 2735 1364 insuper
2767 1283 3080 1362 spiritalia.

2107 1367 2469 1448 §lI.Sanctso
2504 1371 2689 1452 igitur
2720 1373 3561 1454 cmlestesquedispositiones
3582 1393 3678 1437 suo

1994 1523 2004 1531 κ
2028 1467 2241 1538 perant
2259 1477 2328 1520 ea
2355 1479 2488 1539 quis
2507 1463 2696 1526 solum
2721 1469 2859 1524 sunt
2877 1463 3225 1544 inanimata,
3249 1472 3430 1544 atque
3455 1481 3524 1526 ea
3543 1483 3675 1544 quae

2025 1546 2156 1610 sine
2180 1549 2414 1612 ratione
2442 1551 2644 1613 vivunt
2674 1570 2784 1615 nec
2814 1571 2932 1614 non
2961 1571 3028 1614 ea
3069 1571 3202 1634 quae
3223 1553 3534 1616 nobiscum
3563 1555 3672 1616 ho-

2026 1637 2287 1700 minibus
2313 1641 2546 1702 ratione
2577 1651 2886 1721 reguntur:
2916 1641 3019 1704 illa
3048 1642 3344 1723 siquidem
3376 1642 3673 1722 simplici-

2027 1735 2142 1800 ter,
2168 1727 2280 1790 ista
2323 1728 2663 1810 dupliciter,
2695 1739 2872 1812 atque
2897 1731 3024 1793 haec
3055 1731 3373 1811 tripliciter
3402 1732 3670 1794 divinum

1966 1855 2005 1904 Β
2029 1833 2244 1878 munus
2277 1818 2651 1900 participant;
2683 1820 2788 1882 sed
2807 1820 3106 1900 spiritales
3129 1820 3259 1882 istae
3278 1820 3672 1902 caelestesque

2027 1913 2252 1967 natura)
2274 1908 2745 1988 quadrupliciter
2774 1928 2842 1971 ac
2873 1909 3288 1990 multipliciter
3319 1911 3448 1990 ejus
3498 1928 3668 1971 com-

2028 2003 2196 2075 potes
2227 1997 2540 2060 exsistunt.
2577 1998 2819 2062 Interim
2868 2000 3136 2073 minime,
3169 1999 3668 2080 quemadmodum

2025 2084 2200 2146 nobis
2227 2105 2336 2149 usu
2371 2089 2528 2150 venit
2557 2096 2620 2150 ut
2662 2107 2735 2151 ex
2797 2088 3068 2170 partibus
3121 2088 3515 2151 nobilioribus
3571 2107 3674 2168 ap-

2027 2174 2343 2253 pellemur,
2380 2187 2442 2241 et
2473 2180 2659 2256 magis
2691 2181 2935 2260 prOprie
2965 2179 3212 2240 rationis
3257 2187 3561 2260 compotes
3582 2177 3667 2240 di-

2025 2283 2230 2326 camur
2258 2285 2434 2348 quam
2469 2268 2556 2330 vel
2579 2269 2884 2348 animalia,
2907 2269 2996 2329 vel
3017 2267 3293 2343 entia,ita
3315 2269 3488 2330 etiam
3515 2269 3674 2329 circa

2023 2355 2296 2418 caelestes
2321 2357 2451 2419 illas
2477 2361 2723 2420 virtutes
2749 2359 2939 2438 agitur
2976 2379 2992 2435 ;
3035 2367 3172 2420 sunt
3196 2377 3452 2438 namque
3480 2363 3661 2429 entia,

2023 2454 2081 2507 et
2112 2444 2406 2522 vivunt,et
2435 2446 2665 2510 ratione
2703 2448 2951 2528 pollent,
2973 2456 3032 2510 et
3063 2445 3454 2510 nihilominus
3486 2446 3666 2510 simul

2019 2535 2318 2615 spiritales
2365 2547 2811 2616 nuncupantur.
2846 2539 2921 2600 Et
2959 2538 3113 2600 sicut
3161 2537 3337 2598 nobis
3367 2536 3525 2600 laudi
3557 2545 3669 2608 est,

2020 2625 2348 2686 secundum
2372 2625 2663 2688 rationem
2691 2627 2914 2688 moveri
2941 2647 2960 2700 ς
2992 2627 3073 2687 ita
3093 2626 3468 2704 quoqueillis
3493 2626 3669 2706 spiri-

2021 2714 2222 2776 taliter
2243 2715 2511 2792 motis,et
2540 2714 2612 2777 ad
2649 2715 2906 2778 divinam
2954 2715 3361 2797 Spectantibus
3391 2715 3669 2777 similitu-

2021 2801 2515 2886 dinem,indeque
2537 2804 2868 2886 spiritalem
2886 2823 3052 2868 suam
3069 2807 3337 2886 speciem
3359 2806 3671 2868 etformare

2021 2893 2422 2974 cupientibus,
2458 2895 2715 2957 divinam
2774 2894 2978 2957 tribuit
3032 2895 3429 2958 imitationem
3466 2912 3482 2970 ;
3515 2913 3666 2975 qua-

2017 2993 2266 3064 propter
2295 2987 2470 3046 etiam
2497 2986 2712 3048 merito
2744 2985 2803 3046 in
2829 2985 3096 3067 pluribus
3118 3003 3252 3047 cum
3277 2985 3484 3046 eadem
3505 3003 3668 3047 com-

2021 3073 2324 3135 municant
2357 3084 2639 3154 tanquam
2694 3075 3042 3156 existentes,
3079 3083 3357 3156 tanqnam
3380 3073 3665 3148 viventes,

281 3162 462 3226 καθὼς
521 3162 612 3220 καὶ
692 3164 837 3243 παρὰ
908 3167 1014 3224 τῶν
1073 3167 1226 3223 θείων
1292 3173 1514 3249 Γραφῶν
1573 3167 1930 3244 μανθάνομεν·

2022 3170 2303 3241 tanquam
2334 3164 2657 3226 rationales
2681 3171 2860 3245 atque
2893 3164 3140 3246 insuper
3173 3173 3451 3244 tanquam
3485 3163 3665 3243 spiri-

1872 3221 1996 3274 σε

284 3251 379 3309 ὅτε
419 3252 524 3331 γὰρ
549 3252 686 3310 κατὰ
745 3254 949 3332 κόσμον
995 3254 1188 3332 ’ἔμελλε
1231 3261 1492 3316 κινεῖσθαι
1543 3260 1571 3315 ὁ
1601 3264 1808 3337 πρῶτος
1831 3257 1936 3315 τῶν

282 3344 570 3416 μαθητῶν,
617 3340 796 3423 ἔλεγε·
857 3346 1060 3426 Υπάγω
1133 3346 1386 3429 ἁλιεύειν,
1447 3347 1718 3422 δηλονότι,
1762 3350 1938 3428 χωρί-

282 3437 446 3506 ζομαι
478 3430 531 3498 ἕξ
559 3432 732 3509 ὑμῶν’
786 3433 900 3518 ὅτε.
931 3433 986 3492 δὲ
1044 3435 1322 3494 ἐπίστευον
1377 3439 1426 3494 οἱ
1459 3437 1820 3518 πιστεύοντες,
1851 3439 1938 3494 καὶ

281 3520 423 3578 κατὰ
483 3521 616 3579 Θεὸν
656 3523 818 3592 ἦσαν.
871 3511 1059 3607 Ἠσαν,
1121 3527 1301 3607 φησὶν,
1355 3526 1442 3584 ἐπὶ
1501 3528 1562 3584 τὸ
1619 3527 1748 3584 αὒτὸ
1809 3549 1936 3582 συν-

279 3608 560 3688 ηγμένοι),
595 3615 684 3668 καὶ
737 3611 819 3671 ἆεὶ
867 3614 1275 3690 ἂνατεινόμεναι
1334 3619 1466 3696 πρὸς
1524 3617 1586 3674 τὸ
1635 3615 1854 3681 ἄναντες
1884 3616 1937 3673 ἐν

285 3700 530 3772 συντονίᾳ
573 3708 668 3758 τοῦ
708 3703 848 3758 θείου
913 3709 1002 3761 καί
1060 3704 1306 3770 ἄκλινοῦς
1362 3705 1577 3781 ἔρωτος.
1623 3708 1710 3770 Τίς
1756 3706 1856 3785 γὰρ
1888 3705 1940 3772 ἒξ

278 3790 444 3864 ἡμῶν
500 3787 728 3860 ὶζήτησε
789 3791 1039 3873 πώποτε,
1084 3794 1170 3850 καὶ
1230 3793 1405 3875 ἔφεσιν
1455 3793 1608 3875 ἔσχε,
1642 3794 1819 3870 βοείαν
1849 3792 1939 3850 δὲ-

279 3876 468 3943 ξασθαι
500 3879 800 3954 κίνησιν,ἧ
857 3881 1001 3939 λίθου
1043 3884 1162 3942 τινὰ.
1207 3882 1495 3964 ἰδιότητας
1548 3881 1685 3940 ἀλλὰ
1729 3883 1940 3950 πάντως

278 3969 316 4037 ἡ
369 3966 550 4048 ἔφεσις
582 3971 668 4027 επὶ
698 3973 761 4028 τὸ
790 3971 1009 4040 ἅναντὲς
1049 3977 1188 4037 εστι.
1227 3976 1392 4033 Τοῦτὸ
1419 3976 1532 4031 ἔστι
1576 3974 1662 4031 καὶ
1692 3973 1775 4031 ἐπὶ
1816 3987 1938 4037 ταῖς

282 4059 610 4139 ἀγγελικαῖς
682 4065 769 4120 καὶ
829 4067 994 4131 θείαις
1047 4063 1352 4143 δυνάμεσιν,
1396 4067 1478 4124 ἀεὶ
1537 4068 1626 4123 καὶ
1682 4066 1936 4144 ἐφίενται,

280 4151 375 4206 καὶ
416 4148 755 4232 εἰσδέχονται
785 4152 880 4218 τας
910 4154 1140 4236 ἀρχικὰς
1175 4157 1263 4213 καὶ
1305 4157 1445 4220 θείας
1489 4153 1814 4232 ἕλλείμψεις,
1847 4156 1936 4211 καὶ

283 4239 427 4314 πρὸς
463 4240 564 4307 τὴς
615 4239 914 4320 ὶλλάμψεις
954 4245 1258 4326 τάττονται,
1293 4247 1381 4303 καὶ
1413 4247 1510 4311 τὴν
1553 4245 1697 4318 ζωὴν
1723 4245 1935 4302 ἅπασαν

277 4327 487 4386 ἑαυτῶν
529 4331 714 4408 νοερᾶν
786 4332 1025 4414 ἔχουσιν·
1070 4337 1122 4392 αἱ
1177 4337 1278 4414 γὰρ
1341 4336 1510 4392 αὒτῶν
1563 4335 1732 4391 οὒσίαι
1815 4343 1933 4399 νοῦς

280 4425 391 4492 ζῶν
421 4422 559 4477 ἔστι·
609 4420 693 4480 διὰ
749 4431 904 4483 10610
959 4428 1073 4507 καὶ,
1107 4430 1180 4491 ὡς
1211 4427 1310 4503 μὲν
1340 4431 1662 4508 προσεχεῖς,
1709 4430 1934 4501 πρώτως

281 4508 339 4566 ἑν
371 4511 629 4586 μετουσίᾳ
657 4514 910 4592 γίνονται’
944 4518 1016 4580 ὡς
1061 4515 1115 4574 δὲ
1170 4517 1373 4580 πολλὰς
1437 4516 1658 4598 ἔχουσαι
1699 4517 1792 4580 τὰς
1836 4521 1936 4583 τῆς

281 4602 573 4675 μετουσίας
653 4606 883 4682 φυσικὰς
955 4605 1402 4674 ἑπιτηδειότητας
1435 4654 1452 4680 ,
1524 4604 1821 4686 πολλαχῶς
1882 4605 1937 4661 ’έν

282 4691 548 4765 μετουσίᾳ
571 4693 665 4748 106
697 4695 847 4752 Θείου
878 4697 1136 4777 γίνονται,
1169 4699 1256 4754 καὶ
1288 4718 1514 4774 πρωτως
1546 4694 1707 4752 πάλιν
1729 4694 1939 4752 πολλα-

283 4784 406 4860 χῶς
431 4778 816 4867 ,ὶξαγγὲλλουσι
849 4787 943 4854 τὴν
985 4789 1277 4867 θειρχικὴν
1340 4785 1691 4866 κρυφιότητα,
1737 4783 1824 4842 διὸ
1853 4787 1942 4842 καὶ

281 4866 510 4947 ἄγγελοι
543 4868 813 4949 λέγονται,
848 4873 971 4943 ἤτοι
1001 4873 1086 4932 διὰ
1114 4866 1175 4933 τὸ
1223 4877 1319 4944 τὴν
1348 4877 1490 4933 θείαν
1521 4881 1614 4932 τοῦ
1647 4881 1779 4932 Θεοῦ
1809 4896 1940 4954 κρυ-

282 4959 530 5037 φιότητα
561 4959 894 5043 ἐκφαίνεσθαι
951 4963 1020 5022 δι’
1063 4966 1258 5039 αὐτῶν,
1316 4967 1396 5022 ὃτι
1440 4965 1538 5044 ὢν,
1586 4963 1665 5021 ὅτι
1693 4971 1822 5044 ζῶν,
1855 4963 1936 5020 ὅτι

286 5054 432 5120 νοῦς,
477 5050 522 5104 εἰ
552 5053 640 5107 καὶ
667 5052 798 5131 ὑπὲρ
837 5061 1001 5111 ταῦτα
1058 5054 1387 5134 ἁσυγκρίτως
1442 5055 1609 5135 ἐστὶν,
1653 5059 1690 5121 ἦ
1737 5056 1824 5110 καὶ
1855 5051 1938 5110 διὰ

285 5139 350 5194 τὸ
394 5136 467 5193 δι’
497 5139 670 5196 αὐτῶν
699 5143 838 5218 ἡμῖν
879 5142 1348 5221 διαπορθμεύεσθαι
1407 5146 1506 5213 τὴν
1556 5145 1698 5202 θείαν
1739 5141 1939 5220 βούλη-

287 5245 398 5284 σιν·
447 5225 588 5284 οὕτω
628 5231 730 5311 γὰρ
758 5233 847 5290 καὶ
889 5235 917 5290 ὁ
949 5233 1113 5311 νόμος
1145 5231 1214 5290 δι’
1245 5233 1490 5313 ἀγγέλων
1539 5233 1777 5305 ἰλαλήθη
1804 5232 1942 5289 κατὰ

287 5316 382 5373 τὸν
413 5315 586 5396 μέγαν
640 5317 993 5404 ’Δπόστολον,
1025 5325 1114 5380 καὶ
1169 5323 1292 5389 τοὺς
1350 5321 1586 5390 δνδόξους
1615 5325 1718 5401 πρὸ
1748 5323 1937 5399 νόμου,

287 5405 361 5472 ὤς
392 5407 487 5462 τὸν
530 5404 777 5488 Ἀϐραὰμ
829 5414 918 5470 καὶ
959 5413 1054 5470 τὸν
1111 5414 1332 5488 Μανωέ,
1389 5416 1481 5471 καὶ
1532 5414 1658 5478 τσὺς
1689 5413 1936 5475 λοιπούς⁶

288 5495 376 5552 καὶ
405 5497 547 5572 μετὰ
577 5461 777 5582 νόιμονῗ
795 5501 872 5567 ὡς
901 5501 1221 5580 τὸνἸωσῆφ,
1253 5461 1348 5562 τδζρ
1378 5503 1601 5583 Πέτρον,
1655 5504 1777 5570 τοὺς
1807 5505 1939 5559 καθ’

371 5679 398 5710 τι
424 5663 604 5731 Joan.
635 5683 761 5746 ut,
807 5668 866 5735 3.

2022 3252 2169 3314 tales
2197 3260 2372 3333 atque
2402 3253 2659 3315 assiduas
2691 3263 3024 3334 manentes,
3054 3261 3113 3316 et
3138 3271 3508 3333 nequaquam
3539 3251 3667 3312 dis-

2024 3349 2226 3402 tractae
2259 3359 2366 3422 per
2396 3342 2690 3402 diversam
2723 3342 3083 3402 sententiam
3118 3341 3207 3402 uti
3241 3342 3412 3402 nobis
3455 3340 3670 3402 accidit

2026 3429 2151 3510 (qui
2183 3431 2340 3492 enim
2377 3436 2435 3489 in
2460 3431 2581 3492 Deo
2611 3430 3016 3502 sunt,collecti
3051 3435 3213 3502 sunt,
3248 3429 3400 3490 sicut
3423 3448 3489 3490 ex
3523 3429 3668 3490 divi-

2024 3518 2117 3579 nis
2146 3516 2399 3599 Scriptis
2420 3517 2834 3596 intelligimus;
2870 3518 3105 3598 quando
3139 3518 3300 3581 enim
3327 3517 3670 3599 primusille

2021 3609 2112 3669 44
2143 3608 2179 3664 d
2205 3607 2560 3679 scipulorum
2574 3607 2891 3665 secundum
2916 3609 3196 3665 mundum
3221 3608 3672 3668 commovendus

2024 3707 2148 3760 erat
2169 3696 2406 3759 dicebat
2444 3718 2458 3761 :
2497 3697 2658 3760 Vada
2681 3700 2972 3781 piscari",
2999 3699 3056 3761 id
3087 3707 3201 3776 est,
3225 3699 3466 3761 discedo
3497 3717 3531 3761 a
3561 3718 3667 3760 vo-

2024 3789 2116 3852 bis
2148 3808 2161 3853 :
2188 3789 2426 3870 quando
2449 3799 2648 3852 autem
2664 3790 3466 3871 credebantﬁdcles,etapud
3481 3789 3666 3852 Deum

2023 3887 2212 3954 erant,
2241 3880 2466 3960 Erant,
2497 3879 2710 3961 inquit,
2740 3882 2803 3942 in
2822 3899 3012 3943 unum
3041 3879 3472 3954 coll€cti),etad
3497 3893 3669 3943 ante-

2021 3969 2183 4030 riora
2203 3986 2443 4048 semper
2465 3987 2694 4030 summo
2732 3970 2914 4032 divini
2939 3979 2997 4032 et
3021 3969 3422 4032 indeﬁcientis
3447 3971 3671 4031 amoris

2021 4058 2214 4120 studio
2235 4058 2656 4131 intentm.Quis
2678 4059 2837 4120 enim
2863 4079 2896 4122 θ
2920 4060 3090 4121 nobis
3111 4059 3385 4136 quaesivit
3403 4077 3666 4136 unquam

2017 4149 2493 4212 veldesideravit
2534 4149 2814 4211 bovinum
2843 4159 3065 4211 motum
3099 4154 3397 4230 accipere,
3425 4149 3518 4212 vel
3548 4149 3662 4211 ali-

2018 4256 2195 4316 quam
2217 4237 2429 4318 lapidis
2452 4239 3010 4319 proprietatem?sed
3041 4257 3216 4300 omne
3240 4239 3483 4300 omnino
3508 4238 3662 4298 desi-

2018 4328 2250 4390 derium
2278 4327 2348 4388 ad
2375 4329 2692 4409 superiora
2715 4328 2928 4390 tendit.
2954 4328 3157 4390 Hocin
3183 4327 3469 4406 angelicis
3501 4346 3653 4406 quo-

2022 4437 2136 4499 que
2154 4416 2468 4480 virtutibus
2490 4416 2684 4478 locum
2715 4417 3054 4498 habet,quae
3075 4436 3314 4498 semper
3355 4416 3532 4478 etiam
3557 4434 3664 4478 su-

2025 4507 2258 4586 periora
2272 4515 2646 4586 appetunt,et
2662 4506 3078 4585 primordiales
3099 4518 3280 4582 atque
3303 4506 3532 4568 divinas
3549 4524 3671 4568 sus-

1961 4587 2002 4638 9
2026 4595 2772 4676 cipiuntillustrationes,et
2789 4597 3117 4657 secundum
3141 4595 3664 4669 illasordinantur,

2027 4703 2390 4766 omnemque
2409 4685 2584 4746 vitam
2610 4703 2774 4746 suam
2800 4685 3024 4746 habent
3060 4684 3385 4765 Spiritalem
3416 4705 3429 4748 :
3478 4684 3662 4766 siqui-

2024 4776 2160 4836 dem
2186 4793 2390 4836 eorum
2417 4784 2640 4836 natura}
2664 4784 2802 4837 sunt
2827 4781 2953 4835 viva
2977 4776 3250 4854 quaedam
3293 4791 3462 4835 mens
3495 4791 3510 4848 ;
3571 4773 3667 4834 id-

2023 4865 2182 4926 circo
2206 4869 2694 4944 etiam,tanquam
2721 4863 2977 4925 assiduae
2997 4863 3528 4944 quidem,primam
3565 4864 3670 4924 ha-

2021 4953 2166 5016 bent
2190 4953 2702 5034 participationem
2744 4975 2757 5016 :
2816 4953 2876 5013 in
2927 4963 3214 5032 quantum
3265 4970 3405 5014 vero
3454 4953 3670 5014 multas

2025 5041 2246 5105 habent
2266 5042 2564 5103 naturales
2587 5041 3066 5104 communicandi
3090 5041 3425 5116 facultates,
3460 5042 3666 5104 multi-

2025 5131 2264 5212 pliciter
2293 5130 2477 5194 divini
2528 5131 2792 5192 numinis
2839 5139 3147 5192 consortes
3184 5130 3330 5192 ﬁunt
3361 5149 3376 5207 ;
3411 5131 3670 5212 ideoque

2024 5222 2262 5292 iterum,
2274 5219 2532 5301 primum
2557 5239 2626 5282 ac
2655 5219 3066 5301 multipliciter
3088 5219 3353 5282 divinum
3381 5219 3527 5282 illud
3565 5239 3666 5282 ar-

2025 5332 2238 5378 canum
2251 5318 2839 5395 enuntiant,propter
2859 5314 3018 5393 quod
3047 5323 3109 5378 et
3131 5313 3329 5394 angeli
3353 5314 3656 5376 dicuntur:

2023 5402 2303 5486 quoniam
2333 5419 2439 5482 per
2460 5401 2596 5464 illos
2620 5403 2884 5465 divinum
2910 5403 3055 5465 illud
3079 5402 3186 5466 Dei
3203 5411 3499 5466 secretum
3533 5421 3660 5465 ma-

2022 5493 2358 5574 nifestatur,
2386 5499 2472 5569 ut,
2497 5492 2655 5574 quod
2675 5494 2768 5572 sit,
2791 5493 2951 5575 quod
2982 5497 3159 5570 vivat,
3177 5493 3338 5575 quod
3372 5509 3541 5556 mens
3562 5492 3660 5568 sit,
