4112 6160
413 356 520 425 191

1587 359 1648 423 S.
1702 355 2033 424 DIONYSII
2086 359 2591 426 ABEOPAGlT/E

3663 357 3775 424 i9?

409 492 642 558 tametsi
664 512 846 577 supra
863 492 966 559 illa
987 496 1117 561 sine
1147 491 1592 578 comparatione
1613 495 1711 560 sit:
1745 492 1837 557 vel
1859 491 2036 557 etiam
2060 531 2069 554 ι

2157 494 2244 565 Ξῆς
2302 493 2536 576 πατᾶρας
2580 497 2758 572 ἡμῶν,
2819 492 3041 576 ἄγγελοι
3084 494 3216 574 πρὸς
3270 494 3334 554 τδ
3378 493 3542 554 Θεῐον
3573 493 3775 575 ἃνῆγον

411 584 565 667 quod
591 604 697 666 per
741 586 875 650 illos
922 587 997 649 ad
1047 605 1156 649 nos
1205 586 1404 648 divina
1434 585 1706 648 voluntas
1725 583 2048 660 deferatur;

409 676 500 737 sic
519 675 679 738 enim
703 685 764 738 et
821 677 914 740 lex
966 695 1073 758 per
1121 677 1369 756 angelos
1419 675 1793 756 promulgata
1843 683 1953 755 est,
1987 682 2054 735 ut

413 782 659 843 magnus
676 768 994 849 Apostolus
1013 776 1259 829 testatur
1287 784 1301 828 :
1329 775 1388 828 et
1408 765 1659 845 inclytos
1679 774 1814 826 ante
1833 764 2049 843 legem,

413 867 478 914 ut
498 854 792 918 Abraham
822 864 881 918 et
902 859 1113 920 Manue
1147 865 1515 936 caeterosque
1543 873 1558 931 ;
1588 864 1646 915 et
1670 861 1802 934 post
1830 853 2048 932 legem,

412 943 759 1024 Josephum,
791 954 849 1008 et
873 945 1532 1024 Petrum,reliquosque
1562 942 1764 1005 Patres
1795 951 2051 1016 nostros,

413 1033 605 1110 angeli
630 1035 700 1096 ad
722 1035 980 1098 divinam
1005 1037 1366 1096 voluntatem
1401 1034 1795 1106 deduxerunt,
1833 1031 2050 1110 partim

415 1121 556 1200 quid
586 1123 885 1202 agendum
911 1133 1068 1186 esset
1087 1125 1499 1197 edocentes,et
1529 1123 1604 1183 ab
1629 1138 1830 1183 errore
1859 1137 2056 1182 remo-

413 1219 643 1292 ventes,
675 1214 756 1275 uti
803 1215 1149 1278 Cornelium
1184 1237 1200 1287 ;
1237 1213 1453 1294 partim
1477 1213 1547 1273 ad
1580 1229 1783 1274 sacros
1815 1211 2056 1272 ordines

416 1299 890 1384 adducentes,uti
919 1303 1251 1377 Danielem,
1278 1301 1682 1376 Ezechielem,
1717 1308 1776 1362 et
1819 1299 2049 1361 Isaiam:

2132 583 2402 663 βοῦλημα,
2435 587 2470 654 ἢ
2501 587 2562 644 τὸ
2585 584 2838 655 ποιητέον
2890 586 3285 666 εἰσηγούμενοι,
3337 586 3427 643 καὶ
3478 585 3539 642 ἐκ
3567 582 3776 653 πλάνης

2132 676 2479 754 μετάγοντες,
2540 677 2614 738 ὡς
2664 675 2750 733 ἐπὶ
2791 683 2886 734 τοῦ
2944 673 3258 754 Κορνηλίου⁶
3306 675 3343 742 ἢ
3405 673 3581 741 τάξεις
3608 673 3776 753 ἱεράς,

2134 767 2209 826 ὡς
2279 765 2364 822 ἐπὶ
2433 771 2527 822 τοῦ
2601 765 2828 846 Δανιὴλ,
2885 767 2972 823 καὶ
3046 768 3140 822 τού
3203 762 3484 837 Ἰεζεχιὴλ,
3544 765 3632 822 καὶ
3688 770 3779 822 τοῦ

2139 846 2388 916 Ἡσαΐου·
2443 857 2518 910 ὧν
2552 857 2580 911 6
2625 855 2724 929 μὲν
2777 852 3021 934 ἀγγέλων
3078 855 3264 931 μυρίας
3318 851 3574 933 μυριάδας
3609 873 3777 929 παρε-

2135 945 2387 1011 στηκυίας
2417 943 2693 1018 ἰθεάσατο,
2721 945 2749 1000 6
2785 942 2840 1000 δὲ
2872 944 3055 1023 θρόνον
3121 943 3236 1001 εἶδε
3287 944 3376 1000 καὶ
3435 943 3674 1023 ἐχόμενα
3715 942 3782 1000 τὰ

2138 1029 2424 1110 Χερουϐὶμ,
2458 1035 2484 1090 6
2517 1031 2572 1088 δὲ
2614 1035 2706 1090 τὸν
2737 1036 3038 1108 καθῦμενον
3080 1032 3166 1090 ἐπὶ
3214 1030 3421 1112 θρόνου,
3471 1033 3560 1088 καὶ
3603 1029 3784 1103 κύκλῳ

2135 1122 2202 1178 τά
2235 1122 2474 1202 Σεραιρὶμ
2532 1121 2804 1180 ἐθεάσατο·
2858 1123 2894 1188 ἦ
2953 1122 3258 1201 μυστηρίων
3305 1123 3540 1199 ὁράσεις,
3588 1121 3661 1181 ὡς
3695 1118 3782 1176 ἐπὶ

2137 1221 2228 1270 τοῦ
2260 1211 2524 1275 Μωυσέως
2567 1211 2662 1268 ἐπὶ
2710 1215 2808 1281 τῆς
2857 1211 3047 1288 βάτου’
3094 1213 3130 1279 ἣ
3172 1213 3262 1268 καὶ
3301 1213 3442 1274 θείας
3465 1208 3781 1288 προῤῥήσεις

2137 1300 2534 1377 ἀναφαίνοντες,
2555 1302 2628 1364 ὡς
2665 1299 2750 1357 ἐπὶ
2770 1307 2863 1358 τοῦ
2891 1299 3077 1357 Μεινωέ⁹
3115 1301 3194 1357 (αὶ
3237 1307 3330 1358 τοῦ
3365 1298 3586 1369 Δανιήλ.

417 1408 669 1471 quorum
727 1393 877 1456 alter
929 1394 1167 1474 quidem
1219 1393 1381 1453 mille
1442 1391 1734 1472 myriades
1786 1389 2132 1468 angelorum
2196 1399 2458 1450 astantes
2488 1389 2814 1470 conspexit,
2843 1389 2991 1450 alter
3032 1407 3172 1451 vero
3208 1387 3489 1450 trhonum
3530 1387 3695 1466 vidit,
3725 1395 3786 1448 et

421 1497 552 1558 qua}
573 1479 893 1543 Cherubim
941 1482 1263 1556 habebant,
1298 1481 1450 1542 alter
1477 1498 1614 1541 vero
1649 1481 1954 1541 sedentem
1991 1477 2049 1538 in
2082 1479 2316 1557 throno,
2350 1485 2409 1538 et
2475 1479 2532 1538 in
2593 1478 2843 1540 circuitu
2877 1477 3187 1558 Seraphim
3233 1477 3460 1558 aspexit
3493 1497 3506 1536 :
3572 1475 3782 1556 partim

417 1572 674 1631 visiones
708 1573 1144 1653 mysteriorum,
1171 1580 1236 1634 ut
1279 1571 1461 1651 Moysi
1485 1569 1546 1631 in
1575 1570 1721 1632 rubo
1757 1593 1773 1647 ;
1812 1568 2018 1650 partim
2065 1566 2246 1628 etiam
2269 1566 2507 1629 dixinas
2553 1567 2970 1649 prazdictiones
2999 1568 3352 1642 revelantes,
3387 1576 3448 1627 ut
3478 1565 3684 1628 Manoe
3716 1583 3787 1626 ac

417 1657 672 1723 Danieli.

498 1705 871 1828 glilTSolvit
895 1751 992 1813 hic
1015 1750 1441 1830 obiectionem,
1474 1749 1718 1810 dicens:
1755 1745 1817 1811 Si
1859 1705 2056 1808 autem

2221 1745 2379 1826 §IIL
2407 1748 2532 1805 Λύει
2593 1747 2809 1805 ινταῦθα
2866 1747 3200 1824 ἀντιπίπτον,
3251 1745 3448 1824 λέγων.
3509 1745 3565 1804 Ei
3593 1743 3648 1802 δέ
3703 1765 3785 1807 τις

422 1837 558 1918 quis
578 1839 794 1901 dixerit
815 1841 972 1922 quod
997 1842 1173 1903 etiam
1208 1840 1338 1902 sine
1361 1839 1587 1918 angelis
1618 1837 1920 1919 aliquibus
1955 1835 2052 1896 di-

422 1933 571 1989 vinae
603 1928 769 1992 facta;
791 1931 910 1992 sint
937 1930 1528 2012 apparitiones,juxta
1553 1928 1720 1990 illud:
1746 1926 2057 2008 Apparuit

431 2015 727 2082 Dominus
777 2020 1080 2093 Abrahae",
1119 2029 1222 2082 et:
1261 2019 1445 2081 Dixit
1491 2020 1648 2080 Deus
1696 2019 1774 2080 ad
1793 2016 2050 2096 Iacob";

427 2106 615 2168 discat
633 2117 691 2169 et
713 2109 826 2170 hoc
854 2109 1187 2188 evidenter,
1209 2125 1327 2169 non
1357 2126 1424 2168 ex
1460 2107 1654 2178 nobis,
1687 2106 1792 2169 sed
1821 2124 1888 2168 ex
1911 2105 2062 2185 ipsis

424 2195 1077 2278 Scripturis,quomodo
1108 2199 1221 2259 hoc
1251 2197 1680 2278 quidem,quod
1714 2204 1802 2257 est
1833 2195 1938 2258 Dei
1961 2213 2066 2255 oc-

425 2283 670 2365 cultum,
719 2305 894 2348 nemo
943 2288 1113 2362 vidit,
1172 2305 1370 2367 neque
1433 2286 1683 2357 videbit,
1736 2284 2062 2346 secundum

423 2371 858 2453 Evangelistam
877 2379 1164 2439 Joannem
1179 2386 1288 2449 Q,e'
1309 2375 1466 2457 quod
1483 2376 1554 2438 ad
1579 2376 1815 2455 Moysen
1839 2375 2059 2435 dictum

427 2471 561 2524 est'.
598 2464 820 2528 Divina:
851 2486 990 2529 vero
1013 2467 1415 2548 apparitiones
1444 2465 1667 2526 sanctis
1699 2464 1864 2526 factae
1901 2471 2058 2535 sunt,

429 2569 548 2614 non
595 2555 754 2632 quod
797 2557 1051 2636 ipsemet.
1102 2559 1282 2634 Deus,
1317 2563 1381 2614 ot
1423 2555 1480 2615 in
1513 2573 1576 2617 se
1601 2563 1713 2629 est,
1748 2563 2068 2634 appareret

433 2642 566 2716 (hoc
595 2645 757 2706 enim
777 2643 1505 2725 impossibileest),455ed
1521 2643 1678 2724 quod
1702 2643 1897 2704 divina
1922 2642 2065 2704 illn-

430 2734 716 2798 stratione
732 2735 895 2815 digni
911 2735 1092 2798 habiti
1116 2735 1204 2797 illi
1229 2735 1330 2816 qui
1353 2733 1702 2814 cernebant,
1740 2750 1846 2814 per
1870 2750 2070 2794 sacras

428 2825 713 2903 quasdam
766 2826 1049 2907 visiones,
1083 2825 1228 2906 ipsis
1277 2824 1776 2906 proportionatas,
1815 2821 2071 2886 viderint

427 2929 498 2974 ea
522 2930 649 2993 quae
668 2913 962 2977 viderunt.

2137 1834 2310 1917 λέγει,
2356 1837 2437 1896 ὅτι
2486 1839 2573 1894 καὶ
2627 1837 2753 1918 δίχα
2797 1843 2904 1894 τῶν
2947 1837 3192 1915 ἀγγέλων
3219 1835 3463 1913 Ιεγὲνοντό
3495 1857 3600 1891 τισι
3657 1837 3785 1892 θεο-

2139 1930 2373 2010 φάνειαι,
2421 1933 2494 1995 ὡς
2526 1932 2586 1988 τὸ
2617 1927 2811 2010 ’Ὠνρθη
2833 1931 3029 2007 Κύριος
3063 1927 3158 2004 τῳ’
3193 1927 3435 2007 Αϐραάμ,
3469 1931 3580 2007 καὶ,
3608 1931 3782 1985 Εἶπεν

2142 2023 2170 2077 6
2227 2019 2356 2084 Θεός
2401 2023 2532 2100 πρὸς
2588 2018 2903 2076 τὸνἸαπώϐ·
2941 2018 3251 2078 μανθανέτω
3280 2019 3368 2075 καὶ
3421 2017 3576 2074 τοῦτο
3606 2019 3788 2096 σαφῶς

2150 2111 2244 2167 οὒκ
2271 2109 2324 2176 ἓξ
2366 2112 2542 2186 ἡμῶν,
2603 2109 2723 2166 ἀλλ’
2780 2110 2832 2176 ἐξ
2889 2111 3059 2167 αὐτῶν
3108 2115 3214 2166 τῶν
3262 2114 3297 2164 Γ
3302 2113 3503 2187 ρανρῶν,
3557 2109 3629 2172 ὡς
3660 2107 3790 2164 αὖτὸ

2151 2201 2248 2278 μὲν
2287 2203 2346 2257 τὸ
2403 2211 2494 2261 τοῦ
2532 2209 2662 2258 Θεοῦ
2713 2203 2928 2280 κρύφιον
2977 2199 3142 2262 οὐδεὶς
3197 2199 3427 2272 ἑώρακεν
3483 2199 3521 2264 ἦ
3570 2197 3785 2274 ὄψεται,

2148 2293 2286 2349 κατά
2341 2293 2430 2348 τὸν
2491 2289 2877 2369 εὒαγγελιστὴν
2934 2290 3212 2368 Ἰωάννην,
3268 2290 3352 2344 καὶ
3411 2289 3466 2344 τὸ
3508 2286 3637 2366 πρὸς
3696 2288 3789 2341 τὸν

2150 2388 2377 2448 Μωῦσῆν
2409 2380 2712 2455 εἰρημένον.
2739 2380 3050 2460 Θεοφάρειαι
3083 2377 3136 2435 δὲ
3168 2393 3285 2440 τοῖς
3320 2378 3483 2441 ὁσίοις
3517 2379 3788 2454 ἐγένοντο,

2148 2475 2206 2530 οὗ
2255 2469 2338 2527 διὰ
2394 2473 2455 2528 τὸ
2511 2471 2711 2549 φαίνειν
2763 2471 2853 2526 τὸν
2897 2471 3026 2525 Θεὸν
3083 2470 3291 2543 ἑαυτὸν,
3335 2465 3363 2524 ὅ
3412 2489 3462 2523 τι
3507 2464 3638 2524 ποτέ
3677 2464 3791 2521 ἐστι

2151 2561 2330 2641 (τοῦτο
2386 2562 2486 2640 γὰρ
2556 2561 2907 2640 ἀμήχανον),
2968 2557 3088 2617 ἀλλ’
3140 2558 3220 2616 ὅτι
3269 2559 3410 2620 θείας
3468 2555 3791 2631 ὶλλάμψεως

2151 2651 2449 2726 ἀξιούμενοι
2481 2652 2526 2707 0i
2556 2649 2866 2729 βλέποντες,
2900 2648 2985 2706 διά
3016 2671 3173 2706 τινων
3227 2647 3454 2726 ὁρὲσεων
3480 2644 3663 2725 ἱερῶν,
3698 2643 3790 2701 καὶ

2152 2741 2334 2806 αύτοϊς
2364 2739 2663 2820 ἀναλόγων,
2698 2736 2924 2798 ἔϐλεπον
2953 2739 3087 2819 ἅπερ
3125 2735 3371 2801 ἔϐλεπον,

507 3027 676 3090 Illam
705 3028 903 3110 itaque
941 3030 1248 3104 visionem,
1280 3047 1412 3111 quae
1435 3028 1693 3117 divinam
1725 3026 2065 3117 similitudi-

2235 3035 2344 3102 Τὴν
2370 3033 2493 3112 γοῦν
2523 3034 2708 3112 ὅρασιν
2765 3036 3000 3110 εκείνην,
3039 3037 3156 3107 ἥτις
3224 3034 3462 3117 ἐνέφαινε
3509 3036 3609 3104 τὴν
3652 3037 3799 3092 θείαν

430 3134 569 3178 nem
613 3118 930 3194 referebat,
967 3138 1035 3180 ex
1060 3119 1420 3180 intuentium
1443 3117 1514 3178 ad
1541 3115 1806 3178 divinum
1836 3115 2070 3178 Numen

429 3205 793 3270 adiluctione
845 3227 914 3270 ac
968 3207 1383 3282 illustratione,
1432 3205 1868 3287 sapientissime
1898 3206 2070 3267 theo-

433 3294 586 3374 logia
608 3296 715 3360 Dei
756 3298 1186 3379 apparitionem
1212 3303 1610 3377 vocat,utpote
1634 3314 1740 3376 per
1765 3314 1940 3372 quam
1974 3294 2070 3355 di-

429 3385 575 3444 vina:
596 3385 997 3446 illustrationis
1023 3387 1206 3445 insita:
1233 3385 1534 3450 vismnem.
1567 3386 1804 3443 intuenti
1826 3400 1854 3442 s
1879 3384 2069 3442 divina

431 3495 674 3554 quoque
701 3477 818 3540 alia
843 3477 1269 3542 edocebantur.
1304 3477 1422 3540 Has
1451 3485 1646 3539 autem
1675 3475 1934 3538 visiones
1975 3493 2076 3554 pa-

437 3576 556 3628 tres
587 3569 773 3629 nostri
798 3568 1196 3631 mediantibus
1225 3567 1566 3630 ccelestibus
1589 3565 1904 3629 virtutibus
1924 3564 2076 3626 didi-

437 3655 954 3738 cerunt.Nunquid
983 3659 1141 3720 enim
1177 3659 1353 3720 etiam
1377 3674 1608 3719 sacram
1643 3655 2074 3734 legislationem

436 3744 511 3805 ab
531 3751 784 3824 ipsomet
806 3749 928 3810 Deo
955 3747 1139 3828 Moysi
1161 3747 1379 3816 datam,
1405 3763 1476 3807 ex
1499 3745 1686 3807 sacris
1711 3744 1944 3806 Litteris
1974 3743 2074 3805 ad-

439 3831 747 3906 discimus,
769 3841 834 3896 ut
871 3855 976 3897 nos
999 3836 1208 3898 doceat
1249 3834 1473 3914 Moyses
1494 3833 1822 3896 secundum
1855 3833 2076 3894 verita—

443 3930 584 3999 tem,
622 3923 774 3986 hanc
814 3925 1096 3987 nimirum
1127 3925 1562 4005 legislationem
1589 3923 1834 3986 alterius
1861 3922 2078 3984 divinae

440 4029 742 4094 sacraeque
769 4014 1156 4094 legislationis
1176 4015 1642 4096 eﬂigurationem
1677 4031 1832 4085 esse,
1861 4031 2078 4092 nempe

436 4106 569 4179 ejus
599 4122 731 4185 quae
753 4123 860 4185 per
880 4103 1175 4168 Christum
1204 4113 1314 4188 est,
1353 4113 1415 4168 et
1443 4103 1629 4167 divini
1663 4101 1844 4167 Verbi
1874 4103 2080 4165 incor—

438 4198 736 4256 nationem
765 4201 792 4258 ?

517 4296 668 4370 Quin
699 4309 756 4361 et
786 4318 1033 4380 magnus
1081 4297 1180 4360 ille
1210 4298 1425 4362 Paulus
1483 4297 1642 4358 hanc
1701 4313 1807 4376 per
1836 4295 2083 4372 angelos

440 4387 868 4464 promulgatam
904 4388 1100 4469 tradit,
1135 4401 1194 4450 et
1235 4398 1481 4448 sanctus
1511 4383 1850 4465 Stephanus
1881 4383 2080 4445 decla-

438 4481 549 4549 rat,
573 4476 778 4538 dicens
813 4499 826 4539 :
874 4477 999 4554 Qui
1025 4479 1342 4557 accepistis
1373 4478 1560 4553 legem
1593 4475 1658 4536 in
1679 4475 2082 4552 dispositione

439 4563 879 4641 angelorum,et
907 4586 1029 4628 non
1054 4567 1428 4628 custodistiss
1454 4583 1473 4640 ;
1498 4563 1794 4644 siquidem
1822 4562 1933 4623 hoc
1956 4562 2084 4643 ipsa

441 4652 534 4714 lex
567 4661 624 4714 et
652 4657 799 4716 ordo
831 4655 976 4734 legis
1009 4655 1213 4735 exigit:
1248 4673 1379 4716 nam
1414 4654 1505 4715 lex
1541 4661 1786 4732 propter
1807 4651 2080 4714 ordinem

443 4742 592 4804 facta
611 4750 723 4808 est.
773 4744 966 4824 Exigit
1008 4745 1205 4824 itaque
1235 4753 1350 4805 tam
1398 4743 1490 4804 lex
1546 4760 1719 4822 quam
1754 4741 1901 4802 ordo
1924 4741 2077 4820 ejus,

443 4841 506 4892 ut
524 4841 853 4912 posteriora
876 4853 982 4916 per
1012 4834 1208 4916 priora
1229 4833 1300 4893 ad
1329 4832 1592 4893 divinum
1628 4829 1862 4891 Numen
1887 4831 2078 4892 addu—

444 4924 1187 5004 cantur,quemadmoduin
1205 4923 1398 5001 legum
1415 4919 1836 4999 dispositiones
1856 4919 2079 4999 ferunt,

445 5011 662 5088 quibus
691 5015 1030 5077 sacerdotes
1055 5012 1255 5094 populi
1297 5018 1667 5073 coercentur.
1703 5007 1868 5082 Quod
1903 5016 2080 5072 etiam

447 5099 641 5162 locum
668 5101 845 5165 habet
877 5104 935 5166 in
970 5101 1278 5164 virtutibus
1307 5098 1679 5164 coelestibus.

527 5190 762 5254 Etenim
781 5213 898 5254 non
923 5194 1117 5256 solum
1135 5193 1192 5254 in
1207 5187 1658 5253 sublimioribus
1680 5185 2089 5249 inferioribus-

451 5301 567 5363 que
595 5281 930 5358 virtutibus,
966 5283 1142 5344 trium
1193 5279 1423 5342 scilicet
1471 5294 1886 5358 supremorum
1919 5275 2087 5338 ordi-

452 5391 617 5447 num,
646 5372 968 5454 seraphim,
1003 5369 1408 5446 cherubim,et
1431 5369 1877 5445 thronorum,et
1909 5365 2088 5428 trium

447 5463 629 5528 hosce
651 5453 1163 5544 subsequentium,
1211 5479 1278 5521 ac
1318 5459 1502 5520 trium
1549 5457 1795 5533 insuper
1839 5453 2088 5518 inferio-

446 5573 606 5629 rum,
637 5543 1002 5634 ejuscemodi
1028 5549 1253 5613 ordinis
1275 5553 1645 5610 sanctionem
1668 5543 1874 5607 videre
1893 5550 2087 5636 liceat;

2153 3120 2406 3198 ὄμοίωσιν
2437 3125 2496 3182 ἐκ
2525 3131 2622 3195 τῆς
2653 3132 2760 3184 τῶν
2787 3125 3030 3205 ὁρώντων
3064 3126 3150 3182 ἐπὶ
3205 3127 3265 3182 τὸ
3316 3135 3474 3184 Θετον
3497 3125 3788 3204 ἀναγωγῆς

2152 3215 2240 3270 καὶ
2269 3213 2614 3291 ἐλλάμψεως,
2666 3217 2700 3285 ἡ
2745 3217 3013 3297 πάνσοτος
3070 3215 3316 3294 θεολογία
3374 3215 3532 3274 καλεῖ
3589 3214 3798 3292 θεσφά-

2153 3325 2320 3378 νειαν,
2351 3305 2421 3370 ὡς
2469 3304 2536 3362 δι’
2585 3305 2747 3372 αὒτῆς
2800 3304 2865 3374 δὴ
2922 3311 3022 3368 τῆς
3067 3305 3299 3384 ὁράσεως
3328 3305 3424 3373 τῆς
3467 3307 3608 3371 θείας
3640 3304 3799 3383 ἔγγι-

2155 3393 2383 3470 νομέντ,ς
2422 3393 2765 3474 ἐλλάμψεως,
2798 3396 2885 3452 καὶ
2906 3418 2954 3451 τι
2978 3395 3084 3471 ἀπο
3117 3401 3223 3452 τῶν
3252 3396 3405 3452 θείων
3433 3399 3587 3475 ἱερῶς
3628 3415 3802 3467 μυου-

2155 3484 2330 3558 μένων
2363 3490 2466 3542 τῶν
2497 3485 2764 3564 ὁρώντων.
2794 3485 3008 3550 Ταύτας
3037 3482 3092 3540 δὲ
3121 3486 3215 3550 τὰς
3249 3485 3459 3563 ὁράσεις
3489 3487 3537 3541 οἱ
3567 3484 3800 3560 πατέρες

2155 3576 2310 3647 ἡμῶν
2367 3572 2452 3630 διὰ
2508 3574 2686 3646 μέσων
2735 3577 2840 3632 τῶν
2892 3575 3142 3653 οιῗιρανίων
3201 3574 3454 3650 ξμυούντο
3496 3572 3802 3647 δυνάμεων.

2159 3661 2258 3725 "H
2305 3665 2406 3742 γὰρ
2451 3665 2576 3743 ούχὶ
2626 3664 2712 3720 καὶ
2769 3668 2868 3731 τὴν
2927 3664 3068 3742 ἱερὰν
3117 3665 3428 3739 νομοθεσίαν
3480 3664 3700 3721 αὖτὸθεν
3735 3663 3801 3719 ἐκ

2160 3762 2290 3812 θεοῦ
2317 3760 2394 3825 τῷ
2443 3759 2640 3825 Μωυσῇ
2690 3751 3087 3828 δεδωρημένην,
3148 3753 3208 3810 ἐκ
3246 3759 3344 3820 τῆς
3398 3754 3540 3830 ἱερᾶς
3590 3753 3804 3831 Γραγῆς

2157 3841 2511 3916 μανθάνομεν,
2572 3840 2718 3906 ὅπως
2779 3840 2841 3897 ἂν
2893 3845 3032 3918 ἡμᾶς
3093 3844 3333 3919 μυήσῃὸ
3392 3843 3620 3910 Μωυσῆς
3674 3841 3804 3900 κατ’

2159 3930 2407 4001 ἀλήθειαν
2443 3932 2496 3986 τὸ
2536 3934 2676 3987 εἶναι
2732 3931 2828 3998 τὴν
2886 3932 3226 4006 θεσμοθεσίαν
3284 3931 3480 3999 ταύτην
3509 3930 3649 3994 θείας
3681 3931 3808 3989 ἐτέ-

2162 4042 2256 4100 ρας
2298 4021 2388 4076 καί
2443 4020 2586 4097 ἱερᾶς
2643 4021 2951 4095 νομοθεσίας
3008 4023 3372 4100 ὑποτύπωσιν,
3431 4020 3671 4080 τουτέστι
3703 4027 3808 4088 τῆς

2165 4110 2298 4166 κατᾶ
2358 4112 2579 4190 Χριστὸν
2623 4112 2709 4168 καὶ
2765 4109 2864 4177 τὴν
2908 4119 3000 4168 τοῦ
3057 4112 3229 4190 Λόγου
3277 4111 3420 4168 Θείαν
3467 4111 3810 4189 ἐνανθρώπη-

2168 4223 2252 4256 σιν
2289 4220 2308 4274 ;

2247 4302 2418 4362 Ἀλλά
2446 4304 2533 4361 καὶ
2590 4305 2618 4361 6
2669 4303 2836 4383 μέγας
2887 4301 3092 4370 Παῦλος
3123 4299 3188 4359 δι’
3235 4301 3476 4380 ἀγγέλων
3504 4300 3809 4372 λαληθῆναι

2164 4394 2309 4472 λέγει
2341 4395 2562 4473 ταύτην,
2611 4396 2696 4449 καἶ
2755 4395 2784 4450 6
2840 4393 2991 4470 ἅγιος
3045 4392 3312 4471 Στέφανος
3369 4391 3552 4465 δηλοῖ,
3605 4391 3808 4471 λέγων*

2165 4485 2232 4542 ΟἾ
2307 4505 2446 4547 τινες
2519 4480 2736 4539 ἐλάϐετε
2815 4483 2906 4539 τὸν
2979 4481 3140 4558 νόμον
3198 4483 3272 4546 εἷς
3325 4477 3578 4561 διαταγὰς
3635 4483 3810 4560 ἀγγέ-

2164 4573 2299 4655 λων,
2350 4575 2438 4630 καὶ
2491 4574 2583 4629 οὒκ
2633 4570 2941 4652 ξφυλάξατε⁶
2997 4579 3152 4629 τοῦτο
3211 4571 3310 4648 γὰρ
3369 4570 3590 4628 ἀπαιτεῖ
3644 4573 3809 4640 καὶ

2162 4667 2224 4720 lx
2293 4664 2461 4737 νόμου
2524 4661 2684 4728 τάξις·
2754 4663 2781 4718 6
2846 4662 2946 4739 γὰρ
3005 4662 3165 4736 νόμος
3225 4657 3309 4716 διὰ
3361 4660 3505 4724 τάξιν
3561 4660 3801 4739 γέγονεν·

2165 4753 2415 4810 Ἀπαιτεῐ
2452 4762 2575 4830 γοῦν
2641 4751 2793 4814 αὐτὸς
2855 4752 2882 4806 6
2931 4751 3091 4824 νόμος
3156 4751 3244 4806 καὶ
3295 4751 3329 4817 ἡ
3370 4748 3512 4815 τάξις
3544 4751 3704 4807 trito-3
3746 4752 3809 4806 1:6

2165 4844 2249 4899 διά
2282 4864 2432 4899 τινων
2468 4841 2692 4919 πρώτων
2743 4839 3024 4916 ἂναγεσθαι
3077 4840 3205 4917 πρὸς
3254 4840 3316 4895 τὸ
3381 4847 3537 4896 Θεῐον
3588 4840 3653 4895 τὰ
3683 4837 3810 4895 δεύε-

2163 4955 2313 5011 τερα,
2346 4934 2418 4996 ὡς
2451 4929 2666 5010 ἔχουσιν
2702 4932 2750 4986 αἱ
2791 4935 2895 4986 τῶν
2940 4929 3115 5004 νόμων
3171 4926 3454 5008 διατάξεις,
3501 4927 3616 4986 καθ’
3648 4929 3709 4994 ἃς
3761 4930 3810 4986 oi

2163 5025 2325 5100 ἱερεῖς
2384 5029 2476 5079 τοῦ
2518 5019 2648 5076 λαού
2713 5017 3131 5081 διαστέλλονται.
3193 5016 3375 5082 Οὕτως
3420 5019 3530 5075 ἐστι
3581 5018 3669 5075 καὶ
3721 5019 3812 5075 ἰπὶ

2166 5119 2272 5168 τῶν
2303 5111 2554 5190 οὸρανίων
2585 5107 2880 5183 δυνάμεων.

2253 5201 2351 5260 Καὶ
2406 5200 2506 5278 γὰρ
2555 5202 2616 5258 οὗ
2673 5198 2836 5274 μόνον
2893 5196 2977 5254 ἰπὶ
3034 5203 3140 5254 τῶν
3199 5195 3547 5275 ὕψηλοτὲρων
3603 5216 3660 5252 τε
3731 5196 3823 5253 καὶ

2169 5288 2463 5370 ὑφειμένων
2498 5287 2792 5367 δυνάμεων,
2821 5283 3095 5356 ’δηλονότι
3145 5291 3252 5344 τῶν
3303 5308 3363 5344 τε
3392 5284 3635 5363 ὑπεράνω
3659 5290 3824 5363 τριῶν

2170 5379 2392 5459 τάξεων,
2451 5383 2556 5436 τῶν
2611 5379 2862 5457 σεραφὶμ,
2923 5381 3028 5432 τῶν
3068 5376 3357 5457 χερουβὶμ,
3427 5376 3518 5432 καὶ
3553 5379 3662 5432 τῶν
3693 5374 3824 5451 θρό-

2174 5494 2301 5546 νων,
2359 5471 2445 5527 καὶ
2489 5475 2594 5526 τῶν
2649 5469 2901 5524 ὑποκάτω
2953 5467 3151 5523 τούτων
3197 5472 3383 5546 τριῶν,
3433 5473 3523 5522 καί
3581 5462 3659 5521 ἔτι
3709 5470 3820 5521 τῶν

2174 5560 2422 5617 ὑποκάτω
2462 5561 2645 5638 τριῶν,
2678 5557 2827 5614 ἔστιν
2885 5555 3023 5613 ἰδεῖν
3049 5556 3142 5612 τὸν
3197 5553 3432 5613 τοιοῦτον
3483 5555 3682 5630 θοσμὸν
3714 5554 3816 5620 τῆς

531 5735 558 5762 υ
585 5715 732 5780 Gen.
768 5731 866 5790 ιιι,
921 5715 975 5777 7,
1057 5725 1080 5767 ρ
1111 5711 1259 5778 Gen.
1297 5728 1468 5791 xxxv,
1522 5713 1572 5768 ι.
1659 5707 1882 5770 “01m-
1917 5737 1958 5798 ι,
1997 5722 2066 5785 18

2157 5721 2378 5784 *Exod.
2413 5734 2617 5784 χχχιιι.
2682 5717 2834 5781 'Act.
2860 5733 2959 5796 vn,
2989 5717 3085 5780 53.
