4112 6160
332 352 442 427 193
774 356 870 425 DE
914 351 1264 426 C(ELES’I‘I
1309 347 1811 439 HIERARCHIA,
1853 352 2016 421 CAP.
2065 352 2168 422 Iv.
2205 389 2274 401 —
2324 351 2706 419 PARAPIIR.
2756 349 3247 418 PACHYMER/E
3584 353 3693 418 194

325 498 539 564 τάξεων
603 495 740 553 ἀλλὰ
796 498 883 552 καὶ
936 495 1023 553 ἐπ’
1075 500 1246 555 tat-316w
1299 497 1473 570 μόνων
1504 494 1609 552 τῶν
1653 498 2002 573 ὁμοταγῶν,Λ

2091 508 2256 552 erum
2288 490 2466 552 etiam
2500 489 2562 551 in
2592 489 2865 569 ipsismet
2896 488 3039 550 solis
3071 486 3423 569 aequalibus,
3467 488 3699 551 scilicet

327 586 575 655 δηλονότι
629 594 736 643 τῶν
768 592 927 664 τριῶθ
987 587 1191 666 μόνων,
1252 587 1388 643 ὥστε
1448 587 1592 642 εἶναι
1650 588 1744 649 τὰς
1801 585 1973 651 τάξεις

2091 580 2249 642 ribus
2278 580 2442 653 solis,
2479 580 2558 640 ita
2589 589 2653 640 ut
2683 580 2802 639 sint
2832 578 3073 639 ordines
3134 577 3334 657 primi,
3398 579 3581 639 medii
3631 598 3699 642 ac

327 677 563 754 πρώτας,
627 678 714 732 καὶ
777 675 964 754 μέσας,
1026 677 1115 731 καὶ
1170 674 1495 738 τελευταίας·
1560 675 1645 733 ἐπὶ
1714 676 1810 750 μὲν
1876 677 1975 753 γὰρ

2091 670 2347 731 ποεινειηί
2382 691 2398 745 ;
2430 668 2728 743 siquidem
2762 668 2824 729 in
2854 666 3133 727 omnibus
3165 675 3308 741 tres,
3343 676 3402 728 et
3434 676 3575 741 tres,
3641 678 3702 732 et

327 768 522 829 πάσαις
554 779 724 844 τρεῖς,
761 766 847 820 καὶ
878 778 1048 844 τρεῖς,
1076 766 1163 821 καὶ
1192 778 1336 843 τρεῖς
1370 767 1494 821 εἰσὶν
1523 768 1570 821 αἱ
1599 764 1865 837 δυνάμεις.
1893 764 1977 820 ἐπὶ

2091 778 2182 822 res
2209 766 2349 820 sunt
2380 759 2652 838 virtutes,
2707 758 2768 819 in
2828 774 3184 836 unoquoque
3241 764 3436 818 autem
3489 758 3703 822 ordine

326 856 382 912 δὲ
440 861 538 930 μιᾷ
594 856 792 931 ἑκάστῃ
850 858 1111 932 ὁμοταγεῐ
1170 853 1334 928 τάξει,
1370 858 1420 913 αἱ
1450 861 1618 911 πᾶσαι
1645 868 1788 934 τρεῖς
1823 856 1973 932 εἰσιν,

2091 848 2291 929 είιυειὶ,
2328 866 2535 911 omnes
2568 856 2687 909 tres
2709 859 2884 923 sunt;
2920 853 2983 906 ut
3014 854 3128 905 tam
3149 844 3426 934 ibiquam
3453 847 3551 910 hic
3573 851 3701 927 pri-

324 944 465 1002 ὥστε
494 944 717 1001 κάκεῖσε
749 944 835 1000 χαὶ
864 946 1084 1000 ενταῦθα
1120 944 1181 999 τὸ
1242 950 1468 1019 πρῶτον,
1528 947 1616 1001 καὶ
1672 946 1734 1000 τὸ
1792 944 1976 1019 μέσον,

2091 956 2251 1018 num,
2270 946 2327 999 et
2350 936 2635 1017 medium,
2653 946 2713 998 et
2736 945 3103 1016 postremum
3125 933 3525 1013 dignoscatur.
3551 940 3703 1002 Con-

325 1036 415 1091 καὶ
454 1037 515 1090 τὸ
576 1033 888 1091 τελευταῖον
944 1033 1274 1111 γνωρίζεται.
1332 1034 1603 1112 Προσῆκον
1665 1035 1836 1090 τοίνυν
1894 1033 1981 1088 καὶ

2091 1026 2331 1089 eniebat
2360 1026 2561 1107 itaque
2582 1026 2644 1087 in
2674 1023 3056 1087 inferioribus
3082 1042 3321 1104 quoque
3352 1024 3703 1091 illustratio-

325 1124 548 1181 ἐπὶτῶν
579 1124 728 1180 χὰτω
789 1121 1130 1198 έλλάμψεων,
1192 1124 1253 1178 τὸ
1309 1120 1377 1178 δι’
1431 1121 1632 1197 ἄλλων,
1701 1122 1820 1190 ἤτοι
1876 1128 1980 1178 τὼν

2091 1115 2261 1191 tibus,
2297 1122 2361 1178 ut
2392 1134 2498 1197 per
2518 1116 2691 1191 alios,
2724 1114 2956 1178 scilicet
2978 1131 3084 1195 per
3106 1114 3353 1176 ordines
3375 1117 3702 1200 angelicas;

327 1212 630 1292 ἆγγελικῶν
704 1210 905 1277 τᾶξεων
975 1213 1080 1267 ἀπὸ
1135 1218 1266 1268 Θεοῦ
1321 1213 1451 1290 πρὸς
1511 1214 1633 1275 τοὺς
1677 1212 1979 1290 ἀνθρώπους

2091 1204 2238 1267 ιΒοο
2255 1205 2329 1266 ad
2351 1205 2629 1267 homines
2647 1203 2925 1286 mysteria
2942 1202 3389 1292 derivarentur:
3418 1207 3702 1283 quoniam

327 1291 719 1373 διαϐιϐάζεσθαι
775 1301 841 1356 τὰ
891 1301 1179 1378 μυστήρια·
1240 1300 1321 1356 ὅτι
1379 1304 1466 1358 καὶ
1525 1302 1700 1359 ἐκεῖσε
1760 1303 1806 1358 οἱ
1834 1303 1981 1359 θειό-

2091 1294 2239 1356 etiam
2273 1294 2368 1357 hic
2402 1294 2724 1358 diviniores
2754 1302 2957 1375 mystae
2998 1291 3350 1354 inferiorum
3401 1298 3701 1360 manudu-

327 1413 474 1470 τεροι
505 1392 721 1467 μύσται,
755 1391 861 1447 τῶν
893 1390 1128 1458 ἡττόνων
1159 1392 1492 1469 χειραγωγοὶ
1548 1393 1678 1449 εἰσιν
1732 1392 1826 1449 1ίιπὶ
1882 1392 1982 1460 τὴν

2091 1391 2261 1447 :tores
2289 1384 2596 1461 exsistunt,
2657 1383 2731 1447 ad
2786 1382 3044 1447 divinam
3103 1388 3589 1449 communionem
3650 1394 3707 1449 et

327 1482 475 1538 θείαν
506 1482 782 1538 κοινωνίαν
808 1481 895 1536 καὶ
927 1478 1222 1556 ἕλλαμψιν,

2091 1472 2550 1536 Ilnstrationem.

412 1569 443 1648 ἕ
474 1570 576 1634 ιν.
609 1567 971 1651 Βλέπω-δὲὸτι
1002 1571 1088 1626 καὶ
1118 1571 1179 1625 τὸ
1210 1571 1326 1648 περὶ
1358 1572 1455 1639 τῆς
1485 1570 1737 1650 ἒνσάρκου
1768 1571 1855 1628 καὶ
1886 1594 1980 1651 φι-

2114 1650 2119 1651 ί
2144 1561 2175 1643 §
2206 1559 2305 1625 ιν.
2334 1562 2526 1625 Video
2546 1570 2742 1625 autem
2772 1562 2947 1625 etiam
2970 1561 3213 1642 angelos
3240 1562 3313 1625 de
3341 1561 3708 1629 incarnatio-

330 1659 644 1735 λανθρώπου
674 1665 767 1715 τιού
804 1649 979 1726 Ἰησοῦ
1024 1660 1327 1734 οἰκονομίας
1386 1649 1701 1742 μυστήριον,
1761 1649 1980 1740 ἕγγελοι

2091 1650 2160 1714 iis
2189 1659 2247 1713 et
2275 1653 2663 1742 humanitatis
2692 1653 2833 1742 Jesn
2865 1653 3151 1734 mysterio
3175 1652 3430 1733 primum
3463 1656 3706 1720 edoctus

328 1750 547 1827 πρῶτον
577 1748 903 1823 έμυήθησαν,
967 1745 1088 1805 εἶτα
1143 1746 1224 1805 δίὰ
1281 1751 1482 1806 τούτων
1548 1752 1620 1815 εἰς
1679 1739 1980 1828 ἆνθρώπους

2091 1759 2220 1812 esse.
2255 1739 2475 1803 deinde
2492 1760 2600 1823 per
2615 1742 2722 1803 hos
2743 1741 2815 1803 ad
2840 1742 3114 1804 homines
3136 1742 3494 1820 cognitionis
3517 1748 3707 1825 gratia

332 1835 489 1906 διέϐη
518 1840 553 1906 ἡ
582 1842 682 1904 τῆς
712 1837 958 1915 γνώσεως
1016 1837 1197 1917 χάρις’
1257 1840 1395 1896 οὓτω
1451 1840 1551 1917 γὰρ
1610 1841 1696 1897 καὶ
1751 1838 1982 1918 Γαϐριήλ

2091 1829 2427 1912 lescendit;
2473 1832 2561 1893 sic
2604 1833 2764 1894 enim
2812 1831 3050 1896 Gabriel
3094 1830 3436 1921 Zachariam
3479 1834 3705 1917 docuit,

332 1930 430 1984 τὸν
488 1926 755 2005 Ζαχαρίαν
812 1926 1206 2007 ὲμυσταγώγει,
1267 1926 1348 1985 ὅτι
1406 1931 1683 2008 προφήτης
1740 1929 1887 1989 ἔσται
1955 1931 1983 1986 6

2091 1921 2420 2001 trophetam
2452 1921 2579 1984 fore
2611 1939 2865 2003 puerum
2894 1921 3088 1995 illum,
3112 1920 3219 1998 qui
3240 1938 3311 1982 ex
3334 1921 3467 2002 ipso
3498 1934 3711 2006 printer

335 2018 394 2083 ἒξ
428 2018 587 2074 αὒτοῦ
641 2015 769 2095 παρ’
826 2014 1011 2074 ἐλπίδα
1068 2017 1459 2095 γεννησόμενος
1521 2032 1670 2085 παῖς,
1705 2020 1985 2101 Προφήτης

2091 2032 2237 2093 .pem
2270 2013 2363 2074 46
2395 2023 2766 2077 nasceretur.
2800 2014 2919 2077 Sed
2951 2013 3145 2095 qualis
3170 2017 3505 2094 argumenti
3563 2035 3707 2098 pro-

340 2105 396 2163 δὲ
452 2107 611 2169 ποίας
666 2107 1015 2182 ὒποθὶσεως;
1072 2112 1172 2173 τῆς
1251 2108 1387 2164 κατὰ
1455 2109 1622 2188 σάρκα
1681 2109 1984 2189 ἐπιφανείας

2091 2104 2247 2166 theta
2271 2106 2300 2165 ?
2329 2103 2721 2184 apparitionis
2752 2103 2885 2166 Filii
2914 2103 3023 2166 Dei
3057 2103 3386 2166 secundum
3436 2122 3705 2171 carnem.

340 2204 437 2255 τοῦ
493 2198 613 2252 1⁸ἱοῦ
664 2198 757 2253 τοῦ
814 2201 967 2258 Θεοῦ,
1030 2194 1308 2275 Ἀνδρικτὶν
1371 2196 1471 2277 γὰρ
1528 2200 1825 2279 θεουργίαν,
1884 2200 1986 2267 τὴν

2091 2192 2316 2256 Virilem
2346 2195 2503 2257 enim
2538 2193 2646 2257 Dei
2674 2194 3087 2275 operationem
3119 2202 3286 2256 vocat
3311 2193 3531 2257 Christi
3584 2199 3704 2261 Do-

340 2294 440 2343 τοῦ
473 2283 745 2343 Δεσπότου
775 2291 1002 2365 Χριστοῦ
1050 2284 1445 2361 ὶνανθρώπησιν
1495 2284 1671 2366 λέγει,
1727 2288 1842 2346 πάθ’
1893 2290 1984 2364 ἣν,

2091 2282 2741 2364 ninilncarnationem,
2773 2283 3105 2346 secundum
3132 2302 3332 2364 quam,
3368 2303 3504 2347 cum
3551 2285 3710 2349 Deus

345 2379 479 2440 Θεὸς
510 2375 606 2451 ὢν,
636 2374 691 2430 ἐν
723 2375 873 2453 σαρκὶ
930 2374 997 2431 τὰ
1034 2377 1153 2431 θεῖα
1213 2376 1502 2454 εἰργάζετο.
1566 2380 1676 2445 Τὴν
1730 2377 1783 2434 δὲ
1843 2385 1990 2457 Παρ-

342 2467 493 2524 θένον
518 2466 785 2534 θεοτόκον,
846 2463 992 2527 ὅπως
1041 2463 1096 2520 ἐν
1146 2464 1278 2541 αὐτῇ
1311 2467 1589 2542 γενήσεται
1649 2469 1711 2523 τὸ
1766 2467 1991 2546 ἅῤῥητον

342 2556 444 2623 τῆς
515 2552 862 2616 θεοπλαστίας
923 2551 1235 2631 μυστήριον.
1291 2553 1651 2612 Θεοπλαστίκν
1698 2554 1752 2612 δὲ
1812 2557 1992 2637 λέγει,

341 2644 452 2725 ὅτι,
514 2644 640 2706 Θεὸς
696 2642 793 2721 ὢν,
845 2641 1085 2709 suum
1144 2641 1198 2696 ἐν
1251 2650 1319 2720 τῇ
1382 2643 1528 2712 νηδύι
1588 2646 1688 2713 τῆς
1720 2646 1992 2725 πανᾶγνου

342 2734 711 2813 Θεομήτορος,
742 2733 872 2788 καθὸ
901 2730 1117 2809 γέγονεν
1142 2731 1437 2809 ἅνθρωπος.
1476 2725 1713 2812 ’Ἕτερος
1768 2733 1822 2792 δέ
1882 2736 1991 2791 πά-

340 2831 430 2881 )ιν
453 2830 559 2880 τῶν
588 2820 832 2900 ἀγγέλων
861 2823 952 2878 τὸν
983 2818 1183 2902 Ἰωσὴφ
1218 2821 1433 2897 ἐδίδαξε,
1467 2830 1581 2888 πῶς
1616 2827 1643 2881 6
1699 2832 1777 2900 τῷ
1838 2822 1994 2881 Δαϐὶδ

340 2910 746 2991 ἐπηγγελμένος
789 2910 852 2966 ἐκ
880 2920 1081 2990 καρποῦ
1138 2917 1239 2979 τῆς
1299 2912 1500 2979 κοιλίας
1564 2916 1720 2973 αὖτοῦ
1766 2917 1990 2984 τεθήσε-

338 3006 463 3060 σθαι
491 3001 581 3058 έπὶ
611 3002 702 3056 τὸν
730 3000 913 3077 θρόνον
950 2999 1130 3073 αὐεοῦ,
1193 2999 1298 3068 ἤδη
1356 3003 1453 3071 τὴν
1512 3006 1771 3083 χρονιιῆν
1820 3004 1993 3085 ἀρχὴν

340 3092 485 3150 κατά
538 3095 692 3164 σῶμα
751 3086 988 3169 δέχεται·
1050 3090 1138 3145 καὶ
1194 3088 1357 3155 ἄλλος
1411 3093 1533 3157 τοὺς
1605 3095 1888 3170 ποιμένας,
1923 3098 1995 3158 ὡς

339 3188 452 3241 τῶν
482 3180 698 3239 πολλων
725 3178 1163 3260 ἂναχωρητικοὺς
1191 3182 1279 3238 καὶ
1321 3181 1521 3261 ἡσυχίᾳ
1550 3190 1779 3261 ζῶντας,
1813 3188 1983 3265 εὖηγ-

2072 2382 2235 2435 esset
2265 2375 2326 2435 in
2355 2391 2558 2453 carne,
2596 2374 2799 2436 divina
2828 2380 3032 2452 gessit.
3068 2372 3380 2448 Deiparam
3418 2392 3556 2437 vero
3594 2375 3718 2438 vir-

2074 2466 2272 2540 ginem
2306 2461 2612 2538 instruxit,
2646 2462 2945 2543 quomodo
2968 2462 3031 2523 in
3061 2463 3189 2542 ipsa
3218 2463 3392 2524 ﬁeret
3415 2463 3720 2527 ineffabile

2060 2550 2184 2613 'Dei
2214 2550 2584 2613 formationis
2618 2551 2987 2632 mysterium.
3021 2554 3212 2614 Porro
3249 2551 3347 2612 Dei
3406 2553 3718 2615 formatio-

2077 2658 2213 2701 nem
2241 2650 2433 2721 vocat,
2467 2640 2623 2721 quod
2654 2658 2790 2703 cum
2822 2642 2983 2703 Deus
3011 2649 3193 2720 esset,
3229 2641 3520 2704 formatus
3549 2644 3626 2703 sit
3656 2642 3719 2705 in

2076 2738 2245 2791 utero
2272 2730 2621 2791 castissima;
2654 2729 2761 2793 Dei
2810 2729 3035 2803 Matris,
3068 2729 3131 2790 in
3190 2737 3477 2809 quantum
3541 2732 3718 2794 homo

2076 2818 2263 2880 factus
2288 2827 2402 2880 est.
2436 2818 2611 2882 Alius
2666 2818 2808 2880 item
2837 2819 3084 2898 angelus
3121 2818 3445 2899 Josephum
3497 2821 3724 2898 docuit,

2078 2908 2377 2989 quomodo
2409 2913 2480 2984 is,
2514 2907 2621 2986 qui
2652 2908 2857 2972 Davidi
2889 2907 3219 2989 promissus
3243 2916 3370 2971 erat
3411 2910 3487 2970 de
3526 2910 3723 2974 fructu

2078 2998 2303 3059 ventris
2334 2998 2467 3079 ejus
2497 2998 2879 3061 collocandus
2939 2999 3001 3059 in
3060 3000 3275 3059 throno
3334 2998 3549 3079 ipsius,
3594 3001 3722 3080 jam

2081 3087 2436 3169 principium
2453 3088 2779 3167 temporale
2791 3087 3124 3150 secundum
3139 3106 3356 3168 corpus
3369 3099 3721 3166 assumeret;

2079 3176 2232 3238 alius
2262 3175 2440 3239 etiam
2478 3175 2836 3257 pastoribus,
2873 3184 3149 3259 tanquam
3182 3182 3241 3238 in
3294 3176 3620 3241 solitudine
3650 3198 3724 3242 ac

337 3273 585 3355 γελίζετο
642 3271 731 3327 οὺν
782 3273 829 3344 ᾧ
882 3270 969 3326 καὶ
1031 3268 1234 3338 πλῆθος
1302 3273 1542 3350 οὐρανίας
1600 3282 1848 3354 στρατιᾶς
1910 3278 1998 3334 τὸν

2091 3267 2282 3346 quiete
2307 3265 2663 3340 viventibus,
2690 3265 3109 3346 evangelizavit
3137 3288 3153 3345 ;
3184 3285 3320 3328 cum
3371 3286 3487 3348 quo
3547 3268 3725 3332 etiam

340 3360 669 3443 γεννηθέντα
718 3358 1034 3438 έδοξολόγει.
1089 3366 1265 3418 Ταῦτα
1320 3361 1374 3418 δὲ
1431 3363 1604 3422 πὰντα
1663 3387 1997 3425 κατασκευα-

343 3453 509 3510 στικὰ
566 3452 664 3507 εἰσι
724 3457 813 3506 τοῦ
868 3447 952 3504 διά
1001 3471 1159 3505 τινων
1214 3447 1490 3527 δυνάμεων
1544 3454 1638 3519 τὰς
1688 3457 1996 3535 θεοφανείας

345 3542 610 3622 γίνεσθαι,
636 3543 725 3597 καὶ
754 3542 848 3599 οὐκ
877 3538 1115 3620 ἂμέσως,
1148 3541 1347 3622 γαθὼς,
1378 3542 1551 3605 καθὼς
1584 3544 1787 3612 οἰηθείη
1816 3566 1923 3609 τις,

430 3719 588 3790 ’Ἤδη
615 3716 912 3799 προϐαίνων
942 3719 969 3775 6
994 3719 1150 3799 Λὸγος
1180 3719 1342 3802 μέχρι
1374 3723 1534 3779 αὖτοῠ
1592 3730 1684 3781 τοῦ
1742 3724 1996 3805 Σωτῆρος

345 3813 583 3893 πρόεισι·
616 3811 706 3868 καὶ
756 3810 911 3873 αὐτὸς
944 3810 1064 3888 γὰρ,
1115 3812 1150 3879 ἡ
1205 3812 1510 3891 ὑπερούσιος
1571 3814 1711 3871 αἰτία
1765 3820 1872 3872 τῶν
1904 3814 1999 3872 οὗ·

348 3903 543 3983 ρανίων
589 3899 885 3975 δυνάμεων,
939 3901 1070 3975 πρὸς
1128 3900 1189 3956 τὸ
1243 3902 1359 3958 καθ’
1403 3903 1550 3976 ἡμᾶς
1608 3902 1997 3978 ἀμεταϐλήτους

351 3991 652 4063 ἐληλυθὼς,
731 3990 825 4046 οὒκ
894 3986 1147 4062 ἀποπηδᾷ
1196 3992 1295 4057 τῆς
1354 3992 1794 4070 ἀνθρωποπαθοῦς
1852 3998 2003 4053 εὐτα-

352 4081 492 4155 ξίας,
523 4082 586 4137 τὸ
615 4077 680 4136 δι’
712 4076 957 4157 ἀγγέλων
991 4075 1237 4146 δηλονότι
1266 4081 1333 4137 τὰ
1370 4078 1486 4138 καθ’
1538 4083 1693 4138 αὑτὸν
1751 4081 2003 4162 παραδη-

350 4169 598 4249 lusio-01',
652 4169 742 4226 καὶ
797 4170 1188 4244 οἰκονομεῖσθαι
1242 4171 1383 4250 παρᾶ
1436 4178 1527 4229 τοΞ
1568 4179 1700 4230 Θεοῦ
1727 4170 1823 4229 καὶ
1887 4179 1968 4230 [Ια

351 4263 505 4341 τρὸςσ
558 4257 644 4316 διὰ
700 4258 860 4333 μέσον
917 4260 1018 4338 γὰρ
1075 4261 1243 4318 αὐτῶν
1305 4260 1621 4340 ἀγγέλλεται
1680 4269 1759 4337 τῷ
1808 4262 2006 4345 Ἰωσὴφ

350 4354 391 4422 ἡ
424 4351 557 4429 πρὸς
603 4357 875 4428 Α’ίγυπτον
925 4349 1293 4430 ἀναχώρησις,
1354 4355 1443 4409 καὶ
1497 4354 1533 4422 ἡ
1590 4352 1686 4409 ἀπ’
1745 4353 2009 4432 Αἰγύπτου

351 4442 494 4520 πρὸς
540 4439 643 4507 τὴν
698 4436 957 4497 Ἰουδαίαν
1006 4440 1151 4506 αὖθις
1210 4442 1525 4521 μεταγωγή,
1590 4443 1688 4500 Καὶ
1714 4440 1782 4499 δι’
1842 4443 2008 4524 ἆγγέο

2082 3355 2396 3417 multitudo
2428 3355 2690 3417 cmlestis
2730 3356 3035 3418 exercitus
3088 3364 3289 3418 natum
3342 3357 3721 3435 gloriﬁcavit.

2083 3444 2223 3507 Haec
2255 3452 2452 3505 autem
2486 3444 2687 3506 omnia
2716 3444 2988 3525 probant,
3042 3462 3150 3524 per
3193 3444 3444 3507 virtutes
3500 3446 3728 3527 aliquas

2081 3533 2311 3596 divinas
2330 3533 2731 3614 apparitiones
2763 3535 2916 3613 ﬁeri,
2948 3542 3007 3597 et
3034 3552 3153 3597 non
3184 3533 3547 3617 immediate,
3572 3537 3731 3600 sicut

2086 3623 2324 3706 quidam
2358 3632 2557 3704 posset
2584 3624 2835 3705 opinari.

2161 3712 2462 3776 Hactenus
2482 3732 2680 3776 sermo
2709 3722 2915 3777 noster
2939 3712 3011 3776 ad
3038 3718 3229 3794 ipsum
3258 3733 3446 3798 usque
3468 3714 3730 3780 Salvato-

2080 3822 2209 3867 rem
2241 3821 2611 3887 progressus,
2648 3804 2926 3886 quoniam
2960 3813 3018 3867 et
3044 3804 3302 3885 ipsemet
3330 3825 3726 3889 superessen-

2084 3894 2240 3957 tialis
2270 3895 2605 3958 cmlestium
2638 3896 2917 3957 virtutum
2963 3904 3170 3957 auctor
3194 3895 3507 3977 exsistens,
3561 3908 3728 3980 post-

2088 4003 2265 4066 quam
2298 3991 2570 4047 naturam
2604 3993 2870 4048 nostram
2899 3984 3354 4047 immutabiliter
3378 3989 3727 4070 assumpsit,

2086 4092 2466 4154 nequaquam
2499 4074 2716 4154 refugit
2773 4076 3094 4138 humanam
3146 4074 3611 4153 ordinationem,
3670 4089 3737 4143 ut

2088 4164 2319 4226 scilicet
2347 4182 2457 4245 per
2485 4165 2752 4245 angelos,
2778 4183 2850 4227 ea
2879 4183 3010 4245 quae
3038 4165 3113 4227 ad
3174 4166 3370 4245 ipsum
3438 4178 3730 4248 spectant,

2090 4256 2433 4318 revelentur
2463 4274 2535 4318 ac
2566 4254 2967 4336 disponantur
2988 4274 3020 4316 a
3051 4257 3175 4317 Deo
3198 4275 3269 4318 ac
3298 4259 3509 4320 Patre:
3545 4258 3737 4338 siqui-

2092 4347 2229 4409 dem
2261 4346 2527 4427 ipsorum
2552 4363 2736 4425 Opera
2767 4344 3029 4426 Josepho
3049 4344 3435 4406 annuntiatur
3462 4362 3739 4410 recessus

2091 4442 2151 4498 tn
2175 4436 2510 4517 lEgyptum,
2534 4435 2679 4497 etab
2713 4434 2963 4517 Egypto
2983 4434 3202 4497 iterum
3232 4434 3292 4495 in
3312 4434 3576 4498 Judaaam
3602 4437 3743 4500 red-

354 4531 469 4589 λων
503 4530 657 4588 αὐτὸν
689 4529 896 4609 ὁρῶμεν
926 4530 1027 4587 ὑπὸ
1056 4532 1150 4588 τὸν
1194 4532 1358 4606 νόμον
1415 4532 1762 4608 ταττόμενον·
1822 4534 1851 4591 6
1908 4523 2002 4614 γὰρ

2092 4525 2229 4587 itus.
2258 4524 2330 4586 Et
2360 4543 2466 4606 per
2495 4524 2740 4605 angelos
2769 4524 2964 4606 ipsum
2999 4523 3277 4586 videmus
3304 4524 3416 4585 sub
3444 4525 3575 4606 lege
3600 4544 3741 4589 con-

352 4630 600 4682 τοιοῦτος
628 4618 791 4695 νόμος
821 4616 889 4675 δι’
942 4618 1187 4699 ἀγγέλων
1244 4619 1421 4702 ἐδόθη,
1481 4623 1549 4703 ὑφ
1597 4620 1657 4678 ὃν
1713 4624 1801 4680 καὶ
1858 4625 2017 4691 αὐτὸς

356 4708 649 4791 γενόμενος
674 4755 692 4783 ,
768 4707 835 4766 δι’
910 4708 1152 4789 ἀγγέλων
1208 4709 1455 4780 δηλονότι
1515 4713 1617 4779 τὴν
1674 4715 2017 4788 θεσμοθεσίαν

360 4800 608 4881 δέχεται.
659 4797 976 4879 Παραλιίπω
1004 4797 1181 4879 λέγειν
1236 4823 1319 4859 σοι
1372 4804 1447 4867 ὡς
1508 4799 1690 4876 εἰδότι,
1750 4803 1797 4861 ὦ
1868 4805 2019 4879 ιἰμό-

363 4894 478 4965 θεε,
508 4888 578 4947 τὰ
599 4892 706 4946 τῶν
737 4893 958 4969 Γραφῶν
986 4890 1275 4969 μυστήρια,
1333 4892 1421 4949 γαὶ
1477 4892 1596 4970 περὶ
1645 4899 1735 4950 τοῦ
1787 4891 2018 4972 ἀγγέλου

366 4986 463 5038 τοῦ
491 4980 583 5036 τὸν
615 4978 893 5047 Δισπότην
933 4981 1159 5058 Χριστὸν
1218 4980 1274 5038 ἐν
1329 4988 1405 5057 νῷ
1455 4987 1625 5060 καιρῷ
1672 4990 1766 5042 τοῦ
1821 4982 2018 5048 πάθους

372 5069 778 5149 ίνισχῦσαντοςο
811 5068 841 5124 ὃ
882 5069 983 5149 γὰρ
1012 5068 1069 5125 ἐν
1104 5076 1182 5145 τῷ
1221 5069 1528 5151 Εὗαγγελίῳ
1568 5069 1711 5150 λέγει
1766 5072 1795 5129 6
1851 5071 2019 5151 μέγας

370 5164 606 5234 Λουκᾶς,
631 5159 707 5221 ὡς
745 5160 1035 5236 μυστήριον
1088 5158 1353 5238 παριδὸθη
1409 5161 1512 5218 ὑπὸ
1568 5168 1662 5219 τοῦ
1722 5160 2023 5221 ἀποστόλου

372 5248 587 5307 Παύλσϋ
612 5249 845 5314 τούτοις.
880 5240 916 5277 ’¹
930 5257 994 5306 Εν
1023 5251 1112 5307 καὶ
1140 5253 1202 5309 τὸ
1232 5250 1477 5309 ἐπέκεινα
1518 5251 1741 5328 τούτων,
1805 5250 1886 5311 ὅτι
1936 5254 2023 5311 καὶ

370 5341 529 5423 αὐτὸς
560 5336 847 5417 ’Ἄγγελος
868 5343 967 5409 τῆς
996 5339 1239 5419 μεγάλης
1263 5340 1465 5418 βουλῆς
1506 5339 1718 5421 λέγεται
1775 5343 1919 5423 παρὰ
1946 5350 2024 5420 τῷ

374 5421 603 5510 Ἠσαῖᾳ,
630 5427 797 5486 ἰλθὼν
825 5430 915 5485 καὶ
961 5430 1118 5495 αὐτὸς
1173 5432 1250 5494 εἷς
1308 5430 1696 5512 ἔκφαντορικὴν
1744 5421 1889 5499 τάξιν
1939 5431 2025 5491 διὰ

371 5521 473 5603 τὴν
526 5518 796 5598 ἡμετέραν
853 5519 1143 5599 σωτηρίαν,
1201 5522 1290 5580 καὶ
1345 5521 1763 5603 ἇγγελοπρεπῶς
1823 5521 2017 5602 λέγων’

373 5600 529 5668 ’Ὅσα
617 5605 826 5675 ἤκουσα
912 5610 1052 5689 παρὰ
1139 5609 1233 5668 τῶ
1304 5600 1534 5692 Πατρὸς,
1590 5600 1765 5669 ’ταῦτα
1854 5600 2023 5671 λελά-

372 5700 545 5780 ληκα,
632 5699 720 5757 καὶ
812 5699 898 5756 τόδ
974 5699 1313 5784 Ἐφανέρωσά
1379 5723 1475 5764 σου
1540 5702 1604 5760 τὸ
1669 5699 1835 5781 ὄνομα
1904 5715 2022 5768 τοῖς

2099 4616 2366 4678 stitutum
2394 4635 2409 4680 :
2440 4632 2579 4677 nam
2610 4632 2719 4695 per
2748 4614 2995 4694 angelos
3024 4614 3394 4694 ejuscemodi
3453 4615 3547 4678 lex
3604 4618 3740 4679 data

2101 4713 2211 4783 est,
2244 4707 2354 4770 sub
2389 4723 2504 4789 qua
2525 4705 2699 4768 etiam
2732 4705 2860 4786 ipse
2890 4704 3111 4785 factus,
3142 4722 3249 4785 per
3289 4704 3538 4783 angelos
3597 4724 3742 4786 pro-

2100 4795 2256 4859 fecto
2286 4795 2440 4873 legis
2470 4795 2841 4859 sanctionem
2872 4793 3108 4876 accipit.
3168 4792 3391 4857 Omitto
3448 4793 3556 4856 tibi
3608 4804 3745 4858 tan-

2101 4905 2277 4969 quam
2318 4886 2557 4962 scienti,
2615 4905 2649 4947 ο
2703 4884 3041 4961 Timothee,
3087 4900 3407 4947 recensere
3464 4885 3748 4966 mysteria

2102 4975 2569 5058 Scripturarum,
2615 4982 2676 5038 et
2725 4975 2802 5039 de
2857 4975 3068 5055 angelo
3126 4973 3421 5055 passionis
3479 4987 3751 5057 tempore

2102 5065 2399 5130 Christum
2429 5064 2746 5128 Dominum
2787 5064 3196 5128 confortante:
3258 5065 3420 5147 quod
3470 5065 3634 5129 enim
3684 5065 3750 5128 in

2104 5154 2422 5235 Evangelia
2452 5172 2702 5235 magnus
2733 5154 2921 5217 Lucas
2953 5152 3163 5231 refert,
3196 5161 3477 5236 tanquam
3525 5163 3750 5237 myste-

2104 5246 2260 5309 rium
2293 5246 2388 5308 his
2417 5245 2490 5307 ab
2522 5244 2789 5326 apostolo
2822 5243 3004 5308 Paulo
3037 5244 3317 5307 traditum
3377 5253 3487 5309 est.
3551 5244 3749 5309 Unum

2108 5353 2289 5419 porro
2305 5334 2453 5399 illud
2477 5334 2656 5398 etiam
2680 5335 2808 5397 haec
2828 5342 3093 5417 superat,
3118 5333 3281 5412 quod
3292 5334 3471 5397 etiam
3492 5333 3752 5416 ipsemet

2107 5427 2306 5505 magni
2337 5423 2571 5488 consilii
2599 5423 2869 5505 Angelus
2896 5422 2971 5486 ab
2994 5423 3142 5487 Isaia
3164 5424 3505 5487 nominatur
3528 5446 3546 5500 ;
3569 5441 3755 5505 quau-

2106 5515 2430 5599 doquidem
2462 5521 2643 5580 etiam
2672 5516 2805 5595 ipse
2834 5521 3080 5597 propter
3108 5526 3373 5577 nostram
3417 5514 3665 5576 salutem
3688 5513 3752 5575 in

2106 5607 2377 5670 ordinem
2408 5606 2641 5671 venerit
2673 5624 2881 5668 eorum
2906 5603 3007 5686 qui
3052 5601 3475 5667 manifestandi
3534 5617 3752 5665 munus

2105 5696 2354 5776 obeunt,
2385 5706 2445 5763 et
2472 5695 2820 5777 angelorum
2854 5712 3021 5758 moro
3050 5693 3306 5758 dixerit:
3359 5692 3753 5777 Quaecunque
