4112 6160
416 351 528 418 199

1593 344 1652 410 S.
1701 345 2044 412 DIONYSII
2087 349 2594 416 AREOPAGlT/E

3657 347 3776 415 200

409 490 565 572 apud
589 508 698 552 nos
717 487 901 550 divini
925 484 1334 567 sunt,atlducit
1351 484 1425 547 ad
1444 483 1872 547 illustrationes
1901 503 2048 566 quas

2142 487 2254 551 τοὺς
2284 489 2402 546 καθ’
2450 491 2598 562 ἡμᾶς
2645 488 2850 553 ἒνθέους
2905 488 3089 568 ἀνάγει
3145 489 3276 567 πρός
3331 491 3425 549 τὰς
3478 490 3777 566 ὲλλάμψεις

409 599 445 644 a
475 580 595 643 Deo
629 579 742 658 ipsi
772 573 1249 658 acceperunt,sic
1282 575 1460 636 etiam
1494 581 1718 638 naturae
1748 574 1870 637 istae
1899 575 2052 637 hanc

412 667 924 748 distributionem,
954 683 1088 745 quae
1103 663 1380 725 videlicet
1408 662 1736 742 angelicam
1769 665 2050 743 complet,

407 759 735 822 adducunt.
768 754 893 818 Nisi
918 755 1067 816 forte
1114 751 1246 832 quis
1270 752 1443 813 etiam
1472 753 1585 813 hoc
1615 751 1792 830 dicat,
1827 771 2051 814 secon-

409 849 551 912 dum
575 848 747 909 aliam
775 842 1325 920 solutionem,quod
1361 859 1571 903 novem
1606 841 1781 903 etiam
1808 841 2052 904 ordines

410 953 791 1002 communem
823 933 1081 996 habeant
1105 932 1592 1013 appellationem,
1616 930 1753 1011 quia
1775 948 1904 992 com
1917 949 2053 994 mu-

410 1046 550 1093 nem
574 1041 811 1107 quoque
835 1020 1880 1092 habentillustrationem,etdivinam
1896 1039 2056 1082 com-

411 1112 1142 1194 municationem,tametsi
1188 1129 1307 1172 non
1342 1111 1654 1192 aequalem,
1703 1111 1808 1172 sed
1844 1111 2054 1173 remis-

410 1209 626 1272 siorem
653 1202 1219 1286 prsestantioremve;
1245 1199 1750 1281 quemadmodum
1783 1200 1963 1263 etiam
1992 1200 2053 1262 in

408 1294 771 1360 nostratibus
802 1309 984 1373 cygno
1018 1297 1078 1352 et
1137 1289 1257 1351 nivi
1303 1289 1706 1353 communiter
1735 1288 1890 1352 albis
1919 1308 2053 1353 esse

2132 577 2225 639 τὰς
2282 576 2620 655 ἐγνωσμένας
2677 576 2809 653 αὖτῇ
2863 580 3002 656 παρά
3056 582 3149 636 τοῦ
3193 587 3346 659 Θεοῦ,
3405 579 3542 637 οὕτω
3584 582 3673 636 καί
3723 584 3776 636 αἱ

2133 667 2234 743 πρὸ
2289 665 2486 733 ταύτης
2545 668 2714 724 οὖσίαι
2769 667 2970 734 ταύτην
3023 668 3296 745 ἀνάγουσι·
3358 669 3458 737 τὴν
3516 669 3773 736 ἀποπλη-

2136 777 2326 832 ρουσαν
2367 754 2611 824 δηλονότι
2667 757 2768 823 τὴν
2827 755 3115 834 ἀγγελικὴν
3158 756 3532 833 διακόσμησιν.
3593 757 3657 821 Εἰ
3700 759 3776 832 μῆ

2136 843 2236 923 ἆρα
2275 868 2356 909 τις
2386 847 2472 902 καὶ
2501 853 2655 902 τοῦτο
2687 845 2830 925 λέγει
2874 845 2992 902 καθ’
3051 846 3234 926 ἑτέραν
3277 847 3448 928 λύσιν,
3481 849 3560 905 ὅτι
3595 850 3777 917 κοινὴν

2137 933 2322 1014 ἔχουσι
2381 935 2478 1003 τὴν
2532 936 2818 1010 ὀνομασίαν
2874 958 2961 992 και
3010 938 3075 992 τὰ
3119 937 3267 993 ἐννέα
3316 939 3588 1018 τάγματα,
3643 936 3778 995 διότι

2136 1025 2322 1091 κοινὴν
2377 1025 2466 1080 καὶ
2516 1025 2616 1090 τὴν
2675 1024 2999 1103 φωτοδοσίαν
3056 1025 3266 1105 ἔχουσι,
3321 1029 3410 1084 καὶ
3468 1028 3567 1096 τὴν
3637 1029 3779 1086 θείαν

2139 1114 2304 1182 αὐτὴν
2359 1115 2660 1190 κοινωνίαν,
2721 1115 2765 1170 εἱ
2814 1116 2902 1172 καὶ
2960 1116 3040 1190 μὴ
3091 1117 3312 1196 ὁμοίως,
3345 1115 3779 1198 ἆλλ⁹ὑφειμένην

2133 1205 2222 1261 καὶ
2280 1203 2640 1284 προύχουσαι·
2685 1204 2867 1283 ὥσπερ
2925 1207 3012 1262 καὶ
3070 1211 3263 1272 κοινῶς
3302 1208 3347 1264 εί
3402 1208 3560 1288 τύχοι
3618 1207 3781 1265 λευκὰ

2136 1293 2221 1351 ἐπὶ
2251 1308 2366 1360 τοῖς
2414 1294 2754 1372 ἡμετέροιςὸ
2815 1295 3004 1358 κύκνος
3037 1297 3124 1354 καὶ
3172 1298 3207 1366 ἡ
3239 1297 3402 1378 χιὼν,
3476 1297 3611 1355 διότι
3658 1319 3782 1354 κοι-

408 1386 718 1466 contingit,
749 1383 906 1467 quod
922 1381 1263 1445 albedinem
1283 1381 1684 1444 communiter
1703 1381 2058 1464 participent

2142 1390 2240 1449 νῶς
2273 1384 2564 1465 μετέχουσι
2624 1387 2724 1453 τῆς
2779 1382 3125 1466 λευκότητος,
3160 1389 3204 1444 εἰ
3234 1389 3321 1445 καὶ
3363 1388 3502 1445 κατὰ
3543 1389 3604 1445 τὸ
3633 1387 3781 1464 μᾶλ-

412 1479 558 1541 licet
577 1474 907 1539 secundum
932 1473 1118 1552 magis
1147 1489 1216 1534 ac
1233 1470 1744 1535 minus.Cnelestes
1764 1472 1922 1534 enim
1954 1489 2056 1534 or-

2142 1474 2230 1532 λον
2280 1475 2368 1531 καί
2409 1477 2471 1531 τὸ
2524 1475 2712 1542 ἧττον·
2773 1474 3088 1554 ἀγγέλλουσι
3143 1477 3243 1556 γὰρ
3303 1479 3390 1534 καὶ
3445 1477 3510 1534 τὰ
3566 1478 3781 1554 οὖράνια

409 1568 581 1631 dines
613 1565 870 1628 divinam
893 1562 1248 1624 annuntiant
1277 1562 1730 1626 illustrationem
1763 1580 1834 1624 eo
1879 1561 2056 1624 modo

2142 1567 2387 1645 τάγματα
2468 1565 2570 1636 τήν
2651 1566 2794 1623 θείαν
2876 1564 3235 1646 φωτοδοσίαν,
3322 1569 3499 1631 καθὼς
3579 1569 3780 1636 ταύτην

407 1675 525 1739 quo
559 1674 694 1718 eam
725 1651 1029 1732 accipiunt
1065 1671 1082 1728 ;
1125 1648 1462 1731 suscipiunt
1489 1661 1685 1714 autem
1736 1650 1922 1727 illam,
1957 1650 2056 1714 alii

2142 1653 2472 1732 λαμϐάνωσι
2506 1673 2520 1688 ⁶
2601 1651 2932 1730 λαμϐάνουσι
2976 1653 3032 1712 δὲ
3065 1702 3082 1731 ,
3158 1658 3225 1714 τὰ
3275 1657 3373 1734 μὶν
3430 1656 3658 1732 μᾶλλον,
3715 1659 3781 1715 τὰ

411 1748 655 1831 quidem
678 1746 886 1824 magis,
930 1741 1185 1805 aliivero
1217 1742 1428 1831 minus.
1455 1741 1628 1806 Juxta
1652 1742 1795 1804 illud
1829 1743 2052 1824 itaque,

2142 1744 2195 1802 δὲ
2250 1745 2412 1813 ἧττον
2447 1793 2462 1808 ,
2522 1741 2674 1805 Κατὰ
2729 1752 2884 1802 τοῦτο
2949 1752 3074 1824 γοῦν
3154 1753 3343 1812 κοινῶς
3399 1748 3630 1811 ἅπαντες
3689 1745 3780 1804 λέ-

409 1824 623 1901 omnes
651 1831 1052 1897 communiter
1073 1830 1270 1911 angeli
1285 1833 1482 1894 vocari
1499 1839 1769 1913 possunt.
1804 1832 2053 1904 Verum,

2142 1832 2304 1916 γοιντ’
2335 1835 2397 1891 ἃν
2426 1831 2667 1913 ἄγγελοι.
2700 1824 2857 1892 Ἀλλ’
2883 1837 2976 1892 ’ἱνα
3031 1835 3235 1912 μᾶλλον
3287 1839 3314 1893 ὁ
3345 1835 3502 1916 λόγος
3534 1837 3779 1916 εὔκρινὴς

409 1936 476 1991 ut
505 1945 704 1990 sermo
749 1923 933 2004 magis
963 1922 1282 1984 distinctus
1312 1921 1410 1996 sit,
1444 1919 1959 1983 considerabimus
1989 1939 2058 1985 ea

2142 1925 2386 2005 γένηται,
2423 1921 2630 2000 ἴδωμεν
2696 1923 2850 2004 ἱερῶς
2908 1925 2974 1982 τὰ
3029 1924 3084 1982 ἔν
3133 1939 3253 1992 τοῖς
3281 1925 3482 2005 λογίοις
3515 1927 3654 2007 ἱερὰ,
3686 1927 3782 1992 τὰς

409 2035 546 2097 quae
573 2019 632 2080 in
654 2011 982 2094 Scripturis
1001 2019 1384 2074 sacrosancta
1427 2019 1796 2093 sunt,sacras
1817 2011 2058 2094 inquam

2142 2016 2492 2096 ἆγιοπρεπεῖς
2576 2010 2720 2093 Λέγω
2803 2010 3067 2082 ιδιότητας
3116 2015 3345 2085 ’ἑκάστης
3402 2013 3644 2097 οὖρανίας
3719 2016 3783 2074 τὰ

411 2108 810 2190 pmprietates
832 2099 1152 2184 cujuslibet
1195 2099 1425 2164 ordinis
1453 2099 1738 2165 caelestis.

950 2399 1311 2486 CAPUT
1367 2398 1514 2490 VI.

410 2526 710 2606 Quaenam
753 2525 839 2590 sit
885 2525 1099 2607 prima
1140 2521 1474 2587 antestium
1495 2523 1904 2588 essentiam»:
1927 2524 2056 2590 dis-

651 2616 880 2692 tinctio,
906 2631 1042 2697 qua
1069 2612 1292 2695 media,
1325 2629 1459 2694 qua
1483 2619 1812 2695 postrema.

2143 2105 2299 2172 ξεως.

2548 2396 3199 2485 ΚΕΦΑΛΑΙΟΝ
3254 2390 3376 2492 ς’.

2139 2527 2226 2592 Τίς
2277 2526 2526 2610 ἡπρώτη
2554 2523 2660 2582 τῶν
2703 2523 2956 2605 οὗρανίῶν
3009 2523 3202 2580 οὖσιῶν
3257 2522 3646 2604 διακόσμησις,
3703 2525 3784 2582 τί)

2564 2617 2599 2684 ἡ
2633 2614 2799 2692 μέση,
2832 2613 2910 2679 τίς
2937 2615 2972 2683 ἡ
3006 2611 3309 2680 τελευταια,

1758 2757 2115 2826 SYNOPSIS
2155 2759 2442 2826 CAPTIS.

483 2897 524 2953 i.
555 2893 734 2963 Docet,
762 2893 932 2954 solum
949 2891 1100 2951 deum
1132 2899 1322 2952 exacte
1347 2908 1503 2969 nosse
1529 2908 1653 2966 quas
1677 2893 1748 2969 qd
1775 2909 1969 2969 omnes
1988 2896 2202 2969 ordines
2247 2897 2857 2969 angelorumspcctant.
2889 2894 2958 2953 Il.
3002 2893 3203 2962 ﬂadit,
3236 2911 3422 2954 novem
3440 2895 3654 2955 ordines
3683 2912 3786 2954 an-

1403 2965 1651 3037 gelorum
1678 2966 1740 3023 in
1781 2973 1886 3023 tm
1911 2965 2252 3026 Itisrarcht'as
2289 2965 2401 3028 sise
2427 2965 2760 3026 distributos.

2043 3096 2164 3178 §l.

495 3255 743 3330 Quantas
762 3251 1004 3335 quidem
1045 3251 1184 3329 sint,
1218 3259 1276 3315 et
1305 3253 1512 3336 quales
1534 3254 2053 3336 supercmlestium
2075 3276 2118 3327 υ

413 3345 809 3410 essentiarum
832 3343 1349 3424 dispositiones,et
1377 3363 1493 3425 quo
1517 3355 1686 3425 pacto
1711 3347 2056 3410 earumdem

412 3435 566 3498 sacri
587 3433 832 3498 ordines
857 3432 1392 3512 initientur,solum
1413 3442 1615 3498 exacte
1639 3454 1817 3498 nosse
1839 3454 2058 3500 censeo

413 3525 679 3589 divinum
711 3523 904 3598 illum,
931 3541 966 3585 a
1008 3542 1124 3603 quo
1149 3522 1244 3583 50
1263 3531 1717 3600 consecrantur,
1745 3525 2054 3607 principa-

411 3621 970 3695 tum;pr:eterquam
1006 3611 1162 3693 quod
1187 3621 1246 3675 et
1274 3612 1420 3693 ipsis
1441 3613 1686 3676 virtutes
1709 3623 1889 3696 atque
1916 3615 2058 3678 illu-

413 3703 730 3766 strationes
751 3701 1004 3782 proprias
1025 3701 1144 3762 sint
1188 3709 1516 3781 perspecta
1560 3721 1675 3764 una
1710 3720 1856 3764 cum
1889 3721 2060 3766 sacra

414 3814 524 3858 sua
552 3793 1147 3874 supermundialique
1163 3793 1772 3875 ordinationezneque
1800 3794 2059 3858 enimin-

416 3885 686 3964 telligere
698 3881 961 3945 valemus
973 3881 1488 3963 supercmlestium
1507 3883 1753 3947 istarum
1771 3885 2059 3948 mentium

417 3974 719 4056 mysteria,
774 3979 834 4034 et
891 3970 1297 4035 sanctissimas
1343 3971 1580 4034 illarum
1630 3973 2060 4057 perfectiones,

413 4065 529 4127 nisi
553 4062 654 4125 illa
676 4062 832 4125 forte
863 4079 973 4124 nos
996 4061 1152 4123 scire
1183 4062 1317 4142 quis
1340 4069 1586 4144 asserat,
1621 4081 1755 4142 qua;
1794 4063 2060 4139 illorum,

411 4171 524 4216 sua
575 4151 806 4214 scilicet
858 4150 974 4212 rite
1003 4150 1372 4233 callentium,
1407 4151 1742 4214 ministerio
1775 4151 2062 4216 Divinitas

418 4244 546 4324 ipsa
567 4260 676 4304 nos
696 4239 1140 4321 docuit.Itaque
1169 4259 1277 4302 nos
1298 4240 1538 4322 quidem
1564 4241 1713 4304 nihil
1730 4249 1892 4303 motu
1916 4259 2061 4322 pro—

418 4331 548 4414 prio
564 4331 856 4407 dicemus;
880 4329 986 4393 sed
1015 4347 1150 4412 quin
1177 4330 1445 4411 angelica
1470 4330 1814 4412 spectacula
1837 4336 2062 4393 sanctis

414 4421 705 4502 theologis
732 4420 854 4484 visa
881 4419 1352 4504 fuerint,edocti,
1390 4438 1497 4502 pro
1531 4419 1758 4484 viribus
1784 4439 2045 4502 expone-

418 4529 570 4573 inus.

2223 3252 2390 3319 ’Ὅσοι
2423 3257 2522 3333 μὲν
2546 3257 2670 3338 εἶσι,
2706 3256 2792 3314 καὶ
2821 3258 2928 3314 οἶοι
2959 3256 3066 3314 τῶν
3117 3256 3502 3336 ὒπερουρανίων
3529 3259 3563 3310 5
3593 3259 3787 3316 οὐσιῶν

2142 3353 2190 3408 οἱ
2222 3349 2526 3428 διάκοσμοι,
2586 3348 2674 3404 καὶ
2703 3346 2850 3411 ὅπως
2895 3347 2947 3402 αἱ
3004 3343 3122 3402 κατ’
3182 3348 3365 3411 αὐτοὺς
3395 3349 3660 3429 ἱεραρχίαι
3693 3369 3791 3405 τε-

2140 3436 2380 3513 λοῦνται,
2413 3436 2585 3512 μόνην
2644 3431 2876 3512 ἀκριϐῶς
2921 3431 3111 3490 εἰδέναι
3167 3435 3306 3513 φημὶ
3337 3435 3434 3501 τὴν
3473 3436 3732 3504 θιωτικήν
3757 3433 3795 3483 6

2139 3533 2312 3588 αὐτῶν
2357 3525 2729 3604 τελεταρχίαν”
2809 3523 3026 3602 προσέτι
3097 3524 3185 3580 καὶ
3243 3525 3427 3590 αὐτοὺς
3497 3524 3788 3602 ἱγνωκέναι

2139 3619 2236 3682 τὰς
2271 3618 2466 3675 οἰκείας
2521 3614 2767 3690 δυνάμεις
2799 3635 2857 3670 τε
2899 3614 2987 3670 καὶ
3019 3609 3342 3691 ἐλλάμψεις,
3373 3614 3461 3672 καὶ
3517 3614 3617 3682 τὴν
3645 3615 3790 3694 ἱερὰν

2141 3708 2313 3764 αὒτῶν
2359 3705 2389 3754 7
2444 3706 2532 3762 καὶ
2605 3702 2962 3782 ὑπερκόσμιον
3043 3700 3306 3768 εὖταξίανο
3380 3701 3630 3762 ἀδύνατον
3688 3705 3792 3785 γὰρ

2141 3799 2284 3872 ἡμᾶς
2341 3793 2528 3852 εὶδέναι
2577 3793 2643 3849 τὰ
2693 3799 2800 3849 τῶν
2856 3792 3242 3871 ὑπερουρανίῶν
3295 3799 3430 3850 νοῶν
3481 3791 3791 3872 ξμυστῆρια,

2141 3887 2230 3943 καὶ
2262 3885 2356 3949 τὰς
2408 3881 2710 3961 ἁγιωτάτας
2760 3880 2932 3939 αὐτῶν
2979 3879 3309 3964 τελειώσεις,
3339 3884 3383 3940 εί
3414 3885 3491 3958 μή
3525 3905 3628 3941 που
3655 3885 3792 3964 φαίη

2143 3998 2249 4051 τις,
2285 3973 2384 4032 ὅσα
2412 3969 2479 4030 δι’
2509 3973 2682 4030 αὐτῶν
2719 3971 2887 4046 ἡμᾶς,
2921 3971 2993 4034 ὡς
3023 3972 3090 4028 τά
3133 3973 3307 4028 οἰκεῖα
3335 3971 3513 4036 καλῶς
3545 3971 3789 4050 εἰδότων,

2141 4068 2177 4135 ἡ
2208 4063 2432 4144 θεαρχία
2461 4061 2982 4140 μεμυσταγώγηκεν,
3045 4062 3244 4120 Οὐκοῦν
3293 4063 3458 4136 ἡμεῖς
3497 4061 3597 4139 μὲν
3641 4061 3790 4122 οὐδὲν

2145 4154 2505 4224 αὖτοκινήτως
2563 4149 2804 4230 ἐροῦμεν·
2859 4152 2960 4208 ὃσα
3001 4149 3056 4207 δὲ
3087 4157 3192 4207 τῶν
3243 4151 3540 4230 ἆγγιλικῶν
3583 4155 3794 4228 θεαμά-

2143 4265 2250 4302 των
2280 4242 2378 4300 δπδ
2429 4240 2536 4298 τῶν
2589 4240 2742 4316 ἱερῶν
2793 4236 3058 4316 θεολόγων
3108 4239 3404 4314 ὶθεωρήθη,
3447 4246 3612 4298 ταῦτα
3640 4263 3790 4316 μυη..

2143 4334 2318 4399 θέντες
2347 4333 2533 4409 ἡμεῖς,
2566 4332 2643 4396 ὡς
2693 4328 2806 4387 οἷοί
2825 4327 2882 4385 τέ
2901 4326 3088 4408 ἐσμεν,
3112 4327 3461 4405 ἐκθησόμεθα,

2034 4598 2066 4680 §
2110 4598 2187 4662 ιι.

489 4703 861 4774 Substantias
904 4705 1184 4770 caelestes
1230 4724 1446 4770 omnes
1493 4705 1796 4786 theologia
1847 4723 2058 4768 novem

2226 4703 2405 4769 Πάσας
2453 4703 2490 4772 ἡ
2517 4698 2761 4779 θεολογία
2812 4697 2907 4763 τὰς
2938 4696 3210 4776 οὐρανίους
3265 4696 3441 4761 οὓσίας
3487 4693 3638 4755 ἐννέα
3687 4696 3790 4755 κί-

411 4796 837 4881 explanatoriis
876 4795 1222 4860 nominibus
1242 4796 1583 4878 appellavit:
1662 4797 1770 4860 has
1822 4795 2055 4858 divinus

2142 4793 2338 4864 γληκεν
2420 4792 2830 4871 ἔκφαντορικαῖς
2914 4786 3250 4863 ἔπονυμίαις,
3315 4787 3509 4881 ταύτας
3541 4789 3590 4881 Δὁ
3634 4790 3785 4881 θεῖος

408 4874 614 4952 ηοᾷιει·
639 4887 910 4952 initiator
939 4886 1002 4948 in
1035 4895 1156 4949 tres
1209 4874 1500 4948 ternarias
1544 4885 1820 4951 distinxit
1845 4885 2053 4949 distri-

2142 4888 2292 4962 ἡμῶν
2337 4879 2703 4962 ἱεροτελεστὴς
2733 4880 2807 4944 εἷς
2857 4889 3010 4959 τρεῖς
3042 4878 3277 4957 ἀφορίζει
3328 4875 3598 4956 τριαδικὰς
3649 4874 3779 4935 δια-

407 4978 711 5042 butiones.
746 4978 836 5040 Ac
866 4975 1118 5058 primam
1162 4975 1405 5058 quidem
1431 4981 1512 5038 ait
1540 4993 1678 5040 esse
1703 4977 1889 5058 illam,
1917 4993 2058 5057 quas

2142 4976 2456 5051 κοσμήσας.
2507 4970 2614 5031 Καὶ
2668 4967 2889 5049 πρώτην
2943 4966 3042 5043 μὲν
3099 4966 3238 5023 εἶναί
3297 4987 3428 5046 φησι
3499 4965 3599 5035 τὴν
3669 4976 3791 5047 περὶ

408 5067 570 5132 circa
598 5069 790 5132 Deum
813 5055 1054 5130 assiduo
1075 5055 1360 5132 versatur.
1391 5065 1600 5149 illique
1610 5066 1840 5148 jugiter
1861 5055 2055 5128 inhaa-

2142 5066 2172 5116 Β
2200 5065 2330 5123 Θεὸν
2367 5063 2528 5120 οὖσαν
2557 5058 2662 5134 ἀεὶ,
2715 5059 2804 5115 καὶ
2854 5061 3138 5137 προσεχῶς
3185 5055 3329 5130 αὐτῷ
3383 5057 3472 5112 καὶ
3529 5056 3634 5133 πρὸ
3675 5062 3783 5114 τῶν

409 5175 570 5234 rere,
602 5174 674 5220 ac
704 5173 826 5240 prie
869 5157 1102 5219 caeteris
1133 5155 1538 5220 immediatius
1565 5157 1723 5220 uniri
1753 5154 2008 5219 traditur
2039 5173 2055 5218 :

411 5245 820 5312 sanctissimos
848 5246 1012 5310 enim
1031 5244 1282 5312 thronos
1307 5252 1390 5329 ,et
1421 5245 1694 5329 pluribus
1711 5245 1903 5312 oculis
1925 5243 2062 5309 alis-

497 5421 519 5454 ι
547 5407 762 5474 Exech.
795 5425 840 5476 ι.

2142 5153 2321 5212 ἄλλων
2351 5149 2564 5228 ἂμέσως
2611 5150 2848 5217 ἡνῶσθαι
2903 5143 3392 5226 παρήδεδομὲνηνθο
3445 5144 3567 5210 νούς
3595 5165 3655 5202 τε
3687 5145 3790 5223 γὰρ

2143 5239 2475 5322 ἁγιωτάτους
2529 5235 2766 5316 θρόνους,
2811 5234 2901 5293 καί
2942 5235 3008 5293 τὰ
3057 5232 3417 5311 πολυόμματα
3472 5235 3562 5291 καὶ
3616 5233 3790 5292 πολύ-

1727 5493 1995 5564 VARIIE
2036 5492 2480 5561 LECTIONES.

492 5660 627 5725 5M.
655 5659 720 5726 S.
756 5662 816 5722 P.
851 5659 1197 5740 ιπουρανίων.
1228 5657 1262 5710 θ
1289 5661 1365 5727 D.
1395 5663 1500 5718 θεω
1532 5660 1752 5734 ητικήν,
1790 5658 1949 5741 quod
1995 5655 2244 5722 verbum
2297 5652 2514 5718 Scottis
2549 5648 3004 5733 interpretatur.
3035 5648 3067 5701 ’1
3097 5645 3206 5714 Ch.
3239 5643 3310 5711 D.
3344 5645 3432 5705 καὶ
3460 5645 3559 5716 τὴν
3590 5643 3792 5706 ἑαυτῶν

493 5743 582 5804 ἀν.
608 5741 694 5804 in
714 5740 894 5804 etiam
921 5741 1084 5804 Scot.
1111 5741 1149 5794 8
1171 5741 1288 5804 τόν.
1320 5740 1356 5792 9
1383 5741 1460 5804 M.
1585 5738 2035 5804 παραδεγομᾶνην
2059 5784 2074 5801 .

414 5742 582 5826 ἱεράν,
608 5741 694 5808 in
714 5740 894 5807 etiam
921 5741 1084 5806 Scot.
1111 5741 1149 5794 8
1171 5741 1288 5806 τόν.
1320 5740 1356 5792 9
1383 5741 1460 5804 M.

1585 5738 1963 5821 napaSeiouiv
1973 5761 2035 5810 qv
2059 5784 2074 5801 .
