4112 6160
493 341 610 412 203

1654 342 1714 414 S.
1762 342 2103 417 DIONYSII
2154 344 2689 419 AREOPAGITE.

3734 348 3854 427 204

483 476 946 571 subministrant
975 474 1893 571 istiusmodieruditionem.Nos
1917 487 2113 569 itaque

2214 496 2281 546 ρῦν
2311 492 2476 565 ἡμεῖς
2509 492 2607 566 μὶν
2639 492 2785 550 οιὸδέν
2819 489 2905 571 ἀφ’
2938 493 3139 549 ἑαυτῶν
3170 491 3420 570 λέγομεν,
3480 494 3578 551 ὅσα
3630 493 3689 551 δὲ
3745 519 3854 554 των

483 567 632 630 nihil
656 567 901 629 omnino
922 569 1163 652 quidem
1188 589 1224 631 a
1243 569 1540 633 nobismet
1566 573 1677 652 ipsi
1702 574 1991 639 dicimus:
2018 567 2121 640 sed

484 674 616 739 quae
644 658 705 718 in
734 657 1020 738 angelicis
1049 659 1187 722 visis
1215 679 1285 722 ac
1317 660 1659 724 notionibus
1691 667 1877 727 sacris
1904 669 2127 729 theolo-

485 745 575 827 gis
605 755 922 829 conspecta
950 756 1089 811 sunt
1115 757 1174 812 et
1207 760 1366 825 nota,
1401 750 1611 814 eadem
1670 771 1801 830 nos,
1878 758 1948 818 ab
2009 756 2126 819 illis

487 836 707 911 edocti,
740 855 977 900 rursum
1013 857 1150 920 pros
1182 838 1341 901 virili
1370 858 1762 922 exponemus.

566 925 596 1007 §
625 924 699 990 Il.
731 925 952 990 Omnes
980 930 1267 992 essentias
1290 930 1586 1011 ccelestes,
1611 948 1939 1015 eorumque
1965 936 2126 997 ordi-

490 1034 622 1092 nes,
649 1034 861 1080 novem
890 1018 1116 1080 vocavit
1138 1017 1437 1100 theologia
1459 1021 1916 1099 cognominibus
1937 1026 2124 1087 mani-

485 1106 798 1190 festativis,
833 1115 893 1170 et
922 1107 1122 1171 divina
1154 1111 1431 1190 mysteria
1462 1109 1969 1189 denuntiantibus,
2018 1134 2123 1177 seu

488 1197 799 1275 angelicis.
834 1196 954 1260 Has
998 1207 1192 1261 autem
1230 1199 1291 1261 in
1359 1207 1476 1261 tres
1535 1200 1835 1263 ternarias
1890 1204 2133 1266 ordines

487 1285 703 1364 digerit
727 1286 979 1367 inclytus
1019 1287 1284 1351 initiator
1339 1298 1561 1369 noster,
1618 1292 1741 1352 sive
1793 1292 1844 1353 is
1899 1292 1975 1354 sit
2034 1294 2131 1355 di-

483 1374 656 1437 vinus
684 1374 1066 1459 Hierotheus,
1101 1377 1227 1442 sive
1260 1377 1454 1458 potius
1486 1384 1535 1440 is
1591 1379 1695 1459 qui
1753 1379 1825 1440 ad
1889 1382 2128 1444 tertium

487 1465 702 1528 caelum
736 1474 997 1544 evectus,
1032 1466 1255 1530 ibidem
1291 1475 1496 1550 raptus
1527 1468 1589 1531 in
1622 1469 1986 1554 paradisum,
2016 1474 2129 1535 Ma-

485 1573 636 1635 gnus
694 1558 932 1638 inquam
986 1555 1224 1621 Paulus.
1276 1557 1361 1620 Ac
1424 1564 1680 1639 primum
1760 1561 2002 1642 quidem
2061 1582 2128 1626 ac

487 1657 639 1713 circa
658 1656 842 1714 Deum
872 1656 1232 1727 existentem,
1255 1658 1425 1729 eique
1445 1658 1705 1728 proxime
1731 1669 1788 1717 et
1807 1660 2131 1719 immediate

484 1738 744 1814 unitum,
769 1736 1063 1800 dicitesse
1087 1738 1337 1800 thronos
1360 1738 1793 1821 sanctissimos,
1826 1749 1884 1802 et
1908 1743 2128 1804 multo-

2204 581 2503 658 ἐιγγελικών
2575 583 2855 656 θεαμάτων
2913 584 3001 639 κᾶὶ
3052 583 3302 661 γνῶτεων
3360 587 3464 641 ὑπὸ
3533 585 3640 641 τῶν
3693 590 3848 663 ἱερῶν

2203 669 2466 748 θεολόγων
2528 672 2766 750 ἐθωρήθη
2823 673 2910 727 καὶ
2970 672 3230 751 ἐγνώσθη,
3296 680 3500 750 ταῦτα,
3566 676 3856 750 μυηθέντες

2213 759 2335 830 παρ’
2367 761 2604 842 ἐκείνων,
2641 762 2801 819 πάλιν
2830 763 2994 836 ἡμεῖς
3043 763 3179 819 κατα
3236 764 3297 820 τὸ
3354 761 3571 822 δυνατὸν
3623 764 3857 834 ἐκθησό-

2211 853 2373 925 μεθα.

2287 936 2414 1017 §li.
2448 939 2627 1003 Πάσας
2658 942 2751 1003 τὰς
2796 941 3061 1020 οὐρανίους
3121 941 3322 1012 οὗσίας,
3385 944 3474 1001 καὶ
3535 945 3601 1001 τὰ
3653 946 3857 1004 τούτων

2209 1029 2477 1106 τάγματα,
2511 1029 2661 1086 ἐννέα
2708 1029 2972 1098 κέκληκεν
3030 1034 3064 1100 ἡ
3124 1030 3366 1111 θεολογία
3421 1033 3477 1090 ἐν
3531 1036 3860 1111 ὶπωνυμίαις

2212 1118 2618 1199 ἐκφαντορικαϊς
2649 1121 2735 1176 καὶ
2766 1119 3161 1199 ἆγγελλούσαις
3192 1123 3260 1178 τὰ
3308 1130 3401 1181 τοῦ
3454 1130 3586 1182 Θεοῦ
3643 1127 3859 1199 μυςτή-

2213 1231 2321 1287 ρια,
2356 1207 2460 1264 εἴτ’
2493 1208 2582 1265 οὗν
2608 1207 2949 1286 ἆγγελικατς.
2985 1211 3189 1272 Ταύτας
3222 1209 3276 1267 δὲ
3310 1213 3385 1277 εἰς
3439 1225 3585 1290 τρεῖς
3648 1212 3853 1292 τριαδι-

2211 1299 2306 1362 κάς
2338 1297 2569 1380 ἀφορίζει
2599 1297 2769 1364 τάξεις
2808 1301 2836 1354 6
2892 1297 3105 1363 κλεινὸς
3162 1301 3531 1380 ἱεροτελεστὴς
3588 1303 3767 1377 ἡμῶν,
3823 1303 3862 1372 ἢ

2213 1390 2239 1443 6
2269 1391 2413 1449 θεῖος
2448 1379 2697 1463 Ἱερὸθεος
2730 1388 2789 1459 ἢ,
2826 1388 2853 1443 ὁ
2884 1390 2973 1445 καὶ
3003 1379 3236 1469 μᾶλλον,
3269 1392 3296 1446 6
3328 1392 3400 1454 είς
3457 1391 3632 1469 τρίτον
3693 1392 3862 1470 οὖρα-

2212 1478 2305 1533 νὸν
2358 1474 2616 1557 ἀνελθὼν,
2675 1477 2923 1533 κάκεῖθεν
2980 1479 3237 1556 ἁρπαγεὶς
3295 1480 3369 1545 εἷς
3428 1478 3768 1558 παραδεπον,
3829 1483 3859 1538 6

2212 1565 2380 1645 μέγας
2451 1563 2656 1637 δηλαδή
2716 1565 2946 1631 Παῦλος.
3008 1564 3115 1627 Καὶ
3168 1567 3370 1647 πρότην
3429 1569 3527 1631 μὲν
3596 1571 3684 1625 καὶ
3737 1572 3863 1648 περὶ

2212 1657 2344 1712 Θεὸν
2385 1656 2541 1713 οὖσαν
2571 1660 2659 1712 καὶ
2693 1663 2976 1736 προσεχῶς
3027 1661 3169 1731 αὒτῷ
3226 1659 3310 1715 καὶ
3363 1658 3578 1734 ἅμέσως
3630 1660 3859 1737 ἡνωμέ-

2212 1768 2308 1813 νην
2351 1744 2497 1821 λὲγει
2540 1746 2663 1809 τούς
2721 1767 2777 1802 τε
2822 1747 3149 1825 ἁγιωτάτους
3199 1748 3436 1824 θρόνους,
3500 1749 3588 1804 καὶ
3637 1750 3703 1805 τὰ
3760 1772 3864 1806 πο·

2600 1525 2616 1557 ,
2678 1525 2805 1533 "—"'
2822 1525 2891 1533 ’τ’
2907 1525 2918 1531 '
2982 1525 3042 1555 *Γ
3054 1525 3120 1535 *⁸*
3140 1525 3235 1556 |"‘
3296 1525 3367 1545 "‘
3436 1525 3713 1558 """"""""
3729 1525 3768 1561 ',

483 1827 2494 1912 rumoculorum,quippecegnitioniscopiapollentium;Diminuam
2553 1837 2625 1899 ὡς
2687 1833 2884 1902 πλῆθος
2946 1838 3193 1913 γνώσεως
3255 1836 3475 1917 ἔχοντα,
3537 1840 3626 1895 καὶ
3682 1837 3861 1896 πολύ-

486 1926 545 1980 et
575 1918 893 1981 multarum
926 1919 1177 1995 alarum,
1215 1928 1421 1999 utpote
1465 1919 2014 1984 efﬁcacissimorum
2072 1933 2129 1985 et

484 2006 578 2069 52
609 2008 1016 2085 incensorum,
1051 2028 1200 2086 quos
1231 2009 1547 2071 cherubim
1582 2016 1642 2071 et
1668 2012 1970 2092 seraphim
2010 2015 2127 2075 lie-

485 2096 646 2161 braea
675 2099 872 2179 lingua
902 2117 1115 2161 vocare
1147 2098 1320 2174 solet,
1354 2100 1524 2179 cujus
1553 2119 1731 2163 causa
1762 2101 1819 2163 in
1865 2120 2127 2183 sequen-

484 2188 649 2251 tibus
700 2189 1051 2269 proferetur.
1112 2189 1374 2252 Primam
1438 2190 1592 2252 hanc
1645 2189 2126 2254 distributionem

487 2284 646 2340 circa
673 2278 859 2341 Deum
894 2279 1241 2341 immediate
1272 2279 1576 2361 collocari,
1605 2279 1820 2343 asserit
1853 2284 2127 2344 oraculo-

490 2387 623 2431 rum
659 2368 900 2432 traditio
926 2392 939 2429 :
974 2370 1129 2431 hanc
1152 2369 1327 2431 etiam
1348 2368 1605 2450 inclytus
1625 2369 1905 2449 Magister
1929 2381 2132 2433 noster

487 2474 665 2521 unam
699 2468 757 2522 et
781 2459 1054 2540 ejusdem
1088 2459 1396 2539 dignitatis
1422 2478 1553 2521 esse
1585 2458 1841 2536 dicebat,
1867 2482 1981 2542 qua
2012 2480 2130 2524 non

487 2558 578 2611 est
604 2550 717 2611 alia
749 2548 1091 2611 diSLributio
1118 2548 1489 2630 primigeniis
1515 2568 1585 2611 ac
1609 2549 1828 2612 divinis
1862 2551 2129 2615 illustra-

486 2639 749 2701 tionibus
778 2639 1081 2701 attentior.
1115 2639 1392 2702 Secunda
1422 2658 1557 2702 vero
1592 2648 1681 2701 est
1713 2659 1781 2701 ex
1816 2642 2130 2721 potestati-

483 2729 596 2791 bus
627 2736 686 2792 et
715 2727 1221 2791 dominationibus
1248 2737 1425 2808 atque
1464 2728 1775 2792 virtutibus
1808 2750 1824 2811 ;
1884 2738 1942 2790 et
2001 2742 2131 2810 post

485 2819 640 2882 hanc
670 2820 869 2901 tertia,
904 2837 1032 2900 quae
1063 2813 1323 2899 compfet
1347 2819 1693 2898 angelorum
1718 2827 1775 2881 et
1795 2819 2128 2900 archange-

486 2910 681 2973 lorum
711 2928 778 2971 ac
810 2908 1251 2990 principatuum
1286 2908 1763 2988 dispositionem.
1793 2906 2126 2971 Notandum

485 3006 688 3061 autem
719 2999 951 3078 aliquos
987 2998 1096 3059 hac
1127 2997 1580 3059 enumeratione
1621 3006 1991 3079 provocatos,
2056 3002 2130 3062 ita

487 3088 738 3169 primam
758 3085 1236 3149 distributionem
1259 3086 1559 3150 ordinare:
1579 3089 1834 3169 primum
1861 3089 2129 3164 thronos,

2212 1946 2377 2004 πτερα
2413 1927 2487 1989 ὡς
2528 1922 2927 2007 δραστικώτατα
2957 1925 3210 2006 ἐμπόρια,
3258 1927 3291 1982 ἃ
3338 1925 3404 1995 δὴ
3450 1924 3711 2007 χερουϐὶμ
3770 1930 3864 1986 καὶ

2212 2014 2439 2094 σεραφὶμ
2478 2013 2644 2080 ἦτῶν
2677 2005 2931 2093 εΕϐραίων
2961 2013 3075 2071 οἶδε
3131 2005 3349 2092 γλῶσσα
3405 2005 3618 2073 καλεῖν*
3667 2017 3738 2073 δι’
3794 2018 3865 2082 ἦν

2212 2105 2265 2160 δὲ
2299 2106 2465 2161 αἰτίαν
2510 2104 2564 2159 ἐν
2621 2104 2744 2168 τοῖς
2804 2105 3084 2174 ἐπομενοις
3143 2105 3454 2182 ῥηθήσεται.
3522 2106 3718 2164 Τόῦτον
3768 2109 3867 2164 τὸν

2214 2200 2422 2271 πρῶτον
2483 2192 2769 2270 διάκοσμον
2828 2197 2946 2270 περὶ
3004 2196 3133 2250 Θεὸν
3188 2193 3399 2270 ἂμὲσως
3468 2194 3695 2275 ἱδρῦσθαι
3746 2220 3865 2277 φη-

2214 2285 2358 2351 σινὴ
2390 2288 2495 2339 τῶν
2550 2282 2746 2360 λογίων
2804 2281 3112 2362 παράδοαις·
3177 2291 3361 2341 τοῦτον
3417 2282 3508 2340 ἕνα
3575 2287 3663 2341 καὶ
3722 2289 3866 2359 ὁμο-

2215 2379 2350 2450 τκγῆ
2382 2375 2409 2429 δ’
2466 2372 2673 2436 κλεινὸς
2731 2374 2887 2447 ἡμῶν
2947 2371 3045 2452 ἔφη
3105 2373 3458 2452 καθηγεμώνο
3515 2377 3704 2433 τούτου
3766 2377 3869 2432 οὔκ

2212 2463 2354 2518 ἔστιν
2388 2462 2545 2524 ἄλλος
2577 2460 2866 2537 διάκοσμος
2914 2461 3335 2541 προσεχέστερος
3393 2476 3516 2527 ταῖς
3579 2487 3866 2543 πρωτουρ-

2215 2564 2335 2629 γοῖς
2368 2553 2454 2607 καὶ
2483 2553 2644 2615 θείαις
2677 2550 2998 2627 ἐλλάμψεσι.
3036 2553 3285 2630 Δεύτερος
3343 2550 3398 2608 δέ
3457 2552 3599 2609 ἐστιν
3658 2557 3685 2609 6
3745 2561 3856 2610 τῶν

2216 2640 2481 2714 ἐξουσιῶν,
2515 2646 2619 2696 τῶι
2678 2642 3028 2719 κυριοτήτων,
3091 2642 3178 2698 καὶ
3237 2648 3344 2697 τῶν
3402 2640 3699 2717 δυνάμεων·
3767 2646 3867 2700 καὶ

2216 2728 2333 2803 μετ’
2359 2731 2515 2787 αὺτὸν
2562 2731 2733 2807 τρίτος
2780 2732 2806 2785 6
2867 2728 3316 2807 συμπληρωτικος
3371 2735 3469 2797 τῆς
3523 2736 3629 2788 τῶν
3688 2732 3865 2811 ἆγγέ-

2215 2818 2322 2875 λων
2353 2840 2433 2893 τε,
2469 2820 2556 2875 καὶ
2601 2817 2981 2898 ἀρχαγγέλων,
3033 2821 3119 2876 καὶ
3175 2819 3363 2900 ἀρχῶν
3421 2818 3865 2896 διακοσμήσεως,

2216 2909 2376 2966 Τοὖτο
2408 2907 2463 2964 δὲ
2495 2910 2815 2983 σημείωσαι,
2850 2907 2930 2964 ὅτι
2972 2910 3137 2985 τινὲς,
3186 2908 3489 2987 ὁρμώμενοι
3560 2910 3667 2966 ἀπὸ
3723 2913 3861 2967 11'5-

2214 3019 2309 3064 της
2341 2998 2437 3063 τῆς
2496 2998 2932 3075 ἀπαριθμήσεως,
2994 2997 3132 3054 οὕτω
3202 3000 3448 3055 τάττουπί
3494 3000 3584 3055 τὸν
3644 3007 3863 3078 πρῶτον

2212 3086 2521 3163 διάκοσμον
2597 3086 2811 3165 θρόνους
2879 3094 3114 3167 πρῶτον,
3195 3089 3321 3145 εἶτα
3395 3087 3685 3169 χερουϐὶμ,
3768 3093 3864 3147 καὶ

488 3178 706 3240 deinde
736 3176 1071 3253 cherubim,
1101 3196 1170 3240 ac
1204 3185 1409 3257 postea
1452 3177 1748 3257 seraphim
1778 3196 1794 3255 ;
1853 3178 2126 3258 quocirca

2214 3176 2499 3251 μετέπειτα
2553 3192 2805 3255 σεραφιμ·
2869 3174 2953 3232 διὰ
3019 3184 3176 3233 τοῦτο
3233 3179 3319 3234 καὶ
3396 3178 3495 3246 τὴν
3552 3178 3865 3259 ἐπιγραφὴν

489 3268 665 3329 etiam
699 3266 1150 3347 inscriptionem
1182 3266 1423 3348 septimi
1452 3266 2126 3348 capitis,atquein3uper

2214 3274 2299 3324 τοῦ
2359 3266 2406 3338 ζ’
2461 3265 2771 3347 κεφαλαίου,
2834 3265 2998 3322 ἔτιδὲ
3064 3267 3154 3323 καὶ
3214 3268 3312 3335 τὴν
3362 3264 3700 3325 διδασκαλίαν
3751 3275 3866 3326 τῶν

487 3359 661 3420 trium
697 3358 909 3419 borum
940 3356 1213 3418 ordinum
1257 3358 1612 3437 doctrinam,
1677 3357 2123 3439 conferendam,

2210 3364 2369 3436 τριῶν
2444 3359 2644 3415 τούτων
2720 3357 3032 3435 ταγμάτων,
3115 3357 3574 3437 παρηλλαγμὲνην
3643 3357 3865 3437 Λέγουσι

487 3447 671 3525 aiunt,
690 3466 822 3510 cum
842 3446 1073 3508 duobus
1098 3446 1231 3508 istis
1255 3445 1538 3509 ternariis
1563 3446 1839 3508 ordinum
1863 3464 2125 3527 sequen-

2214 3448 2340 3525 πρὸς
2392 3447 2486 3510 τὰς
2539 3446 2720 3525 ἑτέρας
2772 3445 2862 3503 δύο
2921 3444 3109 3526 ἐφεξῆς
3167 3445 3439 3526 τριαδικὰς
3510 3446 3861 3529 ταξιαρχίαςο

487 3540 633 3597 tium
665 3557 678 3600 :
707 3536 786 3598 ibi
808 3537 966 3599 enim
991 3536 1125 3597 illos
1148 3554 1381 3598 sursum
1414 3535 1695 3597 deorsum
1726 3537 2126 3613 recenset;hic

2214 3538 2390 3593 ὲκεῐσε
2446 3537 2545 3615 γὰρ
2604 3534 2800 3593 ἄνωθεν
2856 3536 2931 3600 εἰς
2986 3536 3129 3595 κάτω
3185 3537 3494 3616 καταλέγει*
3554 3537 3779 3595 ἐνταῦθα
3806 3537 3866 3595 δὲ

488 3634 835 3689 autemnon
867 3626 978 3706 sic,
1009 3625 1115 3687 sed
1144 3626 1423 3686 deorsum
1456 3642 1715 3687 sursum.
1771 3626 1963 3704 Atque
2021 3625 2123 3687 alii

2214 3629 2309 3705 οὐχ
2340 3622 2527 3705 οὕτως,
2565 3624 2702 3682 ἄλλα
2733 3626 2965 3683 κάτωθεν
2995 3628 3069 3690 εἰς
3094 3624 3226 3689 ἅνω,
3258 3624 3364 3688 Καὶ
3392 3629 3441 3684 οἱ
3500 3627 3596 3702 μὲν
3658 3626 3860 3691 οῧτως·

488 3714 727 3796 quidem
764 3716 874 3777 hoc
908 3714 1105 3789 modo,
1142 3724 1203 3775 ut
1237 3715 1432 3793 primo
1463 3713 1593 3774 loco
1617 3713 1920 3793 seraphim
1943 3715 2125 3776 collo-

2214 3718 2253 3770 οἱ
2310 3712 2365 3769 δὲ
2420 3715 2487 3769 τὰ
2544 3717 2773 3794 σεραιρῖμ
2829 3715 3031 3772 τιθέασι
3090 3713 3345 3796 πρότερα,
3411 3715 3534 3774 εἶτα
3561 3717 3627 3774 τὰ
3656 3738 3869 3797 χερου-

487 3813 647 3885 cent,
682 3804 898 3867 deinde
931 3804 1266 3878 cherubim,
1292 3811 1470 3881 atque
1496 3803 1708 3865 exinde
1741 3806 2019 3865 thronos:
2048 3803 2121 3866 ad

2214 3801 2530 3885 negassim
2562 3801 2618 3858 δὲ
2647 3805 2771 3860 τοὺτ
2801 3806 3036 3884 θρόνους’
3084 3812 3239 3862 τοῦτο
3298 3806 3396 3882 μὲν
3453 3808 3541 3864 καὶ
3597 3807 3706 3864 ἀπὸ
3768 3816 3869 3866 τοῦ

487 3895 600 3956 hoc
624 3882 877 3976 permoti
902 3894 973 3956 ab
996 3894 1415 3969 lsaiadicente,
1452 3893 1511 3954 in
1540 3891 1787 3954 circuitu
1827 3892 1933 3954 Dei
1958 3911 2122 3956 sera-

2214 3882 2434 3949 Ἡσαΐου
2490 3882 2841 3974 ὁρμώμενοι,
2874 3892 3123 3973 λέγοντος
3205 3894 3385 3971 κύκλῳ
3457 3902 3549 3953 τοῦ
3608 3896 3743 3954 Θεοῦ
3796 3899 3869 3955 τὰ

487 3986 648 4066 phim
670 3984 970 4066 collocari,
994 3984 1083 4045 vel
1107 3984 1297 4065 potius
1319 3983 1392 4046 ab
1417 3982 1904 4065 inscriptionibus
1934 3984 2124 4045 octavi

2214 3980 2731 4060 περαιιιοὶμῖστασθαι⁸
2766 3985 2853 4040 καὶ
2893 3982 2999 4040 ὀιπὸ
3056 3989 3163 4040 τῶν
3218 3984 3525 4065 ἐπιγραφῶν
3582 3983 3636 4041 δὲ
3707 3986 3863 4061 μᾶλο

485 4093 556 4137 ac
586 4075 726 4136 noni
747 4074 981 4155 capitis,
1016 4074 1307 4149 dicentes,
1342 4074 1498 4155 quod
1530 4082 1595 4135 ut
1619 4082 1859 4137 sanctus
1898 4092 2118 4136 secun-

2214 4076 2295 4129 ιον
2323 4078 2414 4129 τοῦ
2446 4094 2504 4129 τε
2545 4070 2603 4139 η’
2632 4072 2921 4154 κεφαλαίου
2967 4074 3056 4130 καὶ
3111 4078 3204 4131 τοῦ
3265 4071 3337 4153 θ’,
3394 4072 3662 4155 λέγοντες,
3715 4074 3800 4132 ὅτι
3832 4077 3867 4133 6

485 4166 626 4227 dum
654 4164 1299 4238 ordinemillorum,sic
1321 4164 1632 4225 ettitulum
1659 4165 1893 4244 septimi
1912 4166 2119 4245 capitis

2214 4161 2351 4241 ἲγιος
2417 4163 2550 4219 κατὰ
2606 4162 2705 4232 τὰν
2759 4161 2902 4229 τάξιν
2969 4161 3207 4236 ἐκείνων,
3256 4162 3394 4219 οὕτω
3422 4164 3511 4220 καὶ
3564 4166 3664 4232 τὴν
3728 4164 3865 4221 ἐπι-

483 4254 860 4335 inscripserit
883 4255 973 4335 (11
993 4252 1454 4334 ).Siquisautem
1472 4253 1983 4316 volueritthronos
1997 4272 2126 4317 esse

2214 4253 2419 4332 γραφὴν
2478 4261 2570 4313 τοῦ
2625 4252 2674 4324 ζ’
2723 4252 3021 4332 κεφαλαίου
3077 4251 3399 4332 ἐπέγραψε*
3461 4255 3519 4312 Εἰ
3575 4250 3631 4310 δέ
3708 4252 3866 4333 λέγει

483 4346 835 4425 superlatos,
872 4344 1023 4408 sciat
1053 4343 1230 4405 etiam
1262 4343 1565 4423 seraphim
1597 4342 1811 4422 ignitos
1855 4361 2007 4413 esse.
2067 4353 2126 4407 et

2214 4361 2312 4416 τις,
2347 4341 2427 4398 ὅτι
2459 4344 2506 4399 οἱ
2537 4341 2710 4421 θρόνοι
2743 4342 3129 4421 ὐπεπηρμένοι,
3165 4341 3303 4399 ἴστω
3358 4340 3440 4399 ὅτι
3500 4343 3585 4400 καὶ
3636 4344 3705 4403 τὰ
3758 4365 3867 4400 σε-

485 4452 722 4497 sursum
754 4435 917 4497 ferri.
953 4434 1151 4497 Aliter
1180 4432 1361 4495 etiam
1396 4432 1457 4494 hi
1488 4442 1613 4494 tres
1648 4431 1891 4492 ordines
1945 4451 2123 4494 unam

2214 4432 2372 4511 ραφὶμ
2432 4433 2640 4512 πύρινα,
2699 4432 2786 4489 καὶ
2844 4433 3117 4512 ἀνωφερῆ,
3176 4430 3407 4497 ’Ἀλλως
3467 4452 3524 4488 τε
3570 4430 3627 4488 δὲ
3658 4436 3747 4490 καὶ
3789 4435 3869 4491 τὰ

485 4522 705 4585 habent
733 4525 1092 4586 eminentem
1128 4522 1654 4604 propinquitatem.
1690 4520 1798 4583 Hic
1822 4533 2022 4582 autem
2048 4524 2126 4584 ita

2214 4520 2324 4599 τρία
2381 4528 2543 4579 ταῦτα
2611 4521 2852 4601 τάγματο
2915 4522 3039 4597 μίαν
3111 4520 3297 4601 ἔχουσι
3361 4520 3461 4589 τὴν
3529 4521 3869 4600 ὑπερκειμὲ-

484 4620 759 4676 recenset
787 4632 918 4695 eos,
952 4624 1009 4676 et
1042 4632 1075 4675 a
1107 4590 1339 4674 tiironis
1364 4590 1591 4691 incipit,
1628 4618 1693 4671 ιιι
1722 4617 1781 4671 et
1805 4608 1891 4671 sic
1913 4612 2124 4675 unitati

2214 4590 2304 4678 vnv
2359 4610 2653 4689 ἐγγύτητα.
2691 4590 2874 4691 ’λέγει
2917 4590 3002 4667 ⁷δὲ
3081 4590 3245 4676 οὕτως
3298 4609 3539 4692 ἐνταῦθα,
3602 4590 3691 4667 καὶ
3747 4590 3870 4670 απὸ

486 4702 921 4783 quodammodo
939 4700 1329 4765 consulatzvel
1355 4699 1532 4761 etiam
1566 4698 1896 4762 secundum
1910 4710 2125 4764 nostrae

2214 4701 2310 4757 τ-ὖν
2339 4702 2538 4780 θρόνων
2572 4699 2820 4782 ἄρχεται,
2852 4700 2942 4758 ἵνα
2976 4701 3062 4757 καὶ
3091 4699 3247 4757 τοῦτό
3289 4722 3369 4763 τις
3403 4702 3479 4766 ὡς
3538 4700 3655 4757 ἐνὸν
3704 4700 3871 4783 (11⁵)

483 4794 842 4875 cognitionis
864 4805 920 4858 et
941 4792 1356 4857 illustrationis
1377 4792 1666 4854 rationem
1682 4792 1939 4871 (quoties
1965 4793 2122 4856 enim

2214 4791 2524 4868 θεραπεύσῃσ
2600 4789 2636 4859 ἦ
2703 4789 2784 4847 ὅτι
2857 4792 2994 4848 κατὰ
3062 4790 3164 4858 τὴν
3232 4788 3519 4869 ἀναλογίαν
3565 4790 3663 4858 τῆς
3705 4793 3871 4867 ἡμε-

483 4883 558 4945 ab
582 4884 963 4948 inferioribus
982 4885 1054 4947 ad
1068 4885 1376 4965 superiora
1393 4881 1889 4962 transimus?),vel
1903 4900 2122 4945 secun-

2214 4878 2356 4958 τέρας
2408 4880 2654 4959 γνώσεως
2706 4881 2792 4937 καὶ
2849 4878 3168 4957 ἱλλάμψεως
3223 4879 3354 4953 (ἀπὸ
3414 4881 3514 4959 γὰρ
3564 4882 3673 4936 τῶν
3702 4882 3873 4940 κάτω

485 4973 624 5034 dum
649 4970 2123 5052 describendiacdefiniendimodum;ascendendo

2214 4974 2385 5034 ποσῶς
2444 4969 2527 5027 ἐπὶ
2582 4970 2648 5027 τὰ
2719 4968 2958 5049 ἀνώτερα
3028 4966 3509 5047 μεταϐιϐαζόμεθα)
3532 5014 3553 5048 ,
3615 4969 3652 5038 ἢ
3713 4974 3873 5031 κατᾶ

483 5062 643 5125 enim
682 5066 1115 5127 multitudinem
1148 5064 1210 5124 in
1242 5080 1425 5124 unum
1478 5060 1908 5143 contrahimus,
1973 5063 2123 5126 sicut

2214 5059 2295 5115 τὸν
2338 5057 2497 5138 λόγον
2526 5065 2625 5127 τῆς
2684 5063 3012 5139 περιγραφῆς
3058 5060 3148 5116 καὶ
3196 5066 3288 5116 τοῦ
3328 5056 3623 5135 διορισμόῦ³
3685 5060 3869 5140 ἆνερ-

483 5152 903 5217 descendendo
920 5175 1101 5217 unum
1123 5154 1182 5216 in
1204 5152 1388 5215 multa
1402 5149 1903 5215 dividimus.Cum
1919 5152 2120 5236 itaque

2214 5150 2428 5228 χὸμενοι
2459 5149 2583 5230 γὰρ,
2616 5151 2679 5207 τὸ
2709 5148 2915 5217 πλῆθος
2945 5148 3019 5213 ei:
3052 5147 3108 5204 ἕν
3137 5149 3458 5236 αυνάγομεν,
3495 5148 3679 5236 ὥσπερ
3707 5172 3870 5209 κατ-

480 5243 721 5323 adjuvet
744 5253 864 5309 tres
894 5244 956 5308 in
978 5263 1160 5307 unum
1185 5243 1408 5306 idcirco
1436 5239 1775 5304 istiusmodi
1803 5240 1946 5306 facit
1964 5235 2116 5305 enu-

2214 5238 2511 5321 ςρχόμενοι,
2568 5240 2630 5297 τὸ
2688 5240 2743 5298 ἓν
2793 5240 2868 5305 εἷς
2908 5236 3084 5297 πολλὰ
3142 5235 3469 5317 διαιροῦμεν.
3522 5235 3677 5297 Ἐπεὶ
3719 5246 3869 5319 γοῦν

548 5365 661 5434 (tt)
686 5363 1009 5445 Tenebrosa
1034 5364 1448 5445 interpretatio.
1474 5360 1690 5445 Melius,
1715 5362 1772 5417 ni
1802 5362 2119 5445 fullonver-
2200 5363 2390 5436 legere
2448 5364 2635 5445 placet
2664 5360 2736 5424 ὡς
2770 5360 2823 5416 ἓν
2853 5357 2934 5445 ’ὁ-έ,
2969 5372 3033 5424 ιιι
3061 5363 3266 5445 slenad
3311 5365 3602 5445 versionis
3629 5365 3870 5445 Latina:

473 5443 723 5506 teretur:
753 5436 979 5495 dicentes
1005 5434 1246 5495 sanctum
1289 5434 1672 5506 (Dionysium)
1715 5434 1950 5490 eumdem
2005 5450 2103 5492 or-
2196 5434 2428 5493 sensum
2451 5434 2718 5506 proxime
2746 5434 3209 5504 accedatur;alii
3263 5437 3409 5493 nihil
3450 5447 3698 5505 mutant,
3726 5440 3871 5496 for-

469 5505 648 5581 dinam
674 5509 930 5581 (sursum
960 5511 1263 5581 deorsum),
1288 5509 1348 5564 in
1404 5505 1853 5581 superscriptione
1897 5509 2103 5581 capitis
2185 5520 2404 5581 sanque
2434 5505 2576 5581 verti
2613 5524 2782 5581 posse
2812 5509 3142 5581 afﬁrmant:
3183 5514 3242 5563 ut
3270 5508 3472 5581 quique
3536 5508 3704 5566 liceat
3748 5510 3867 5569 hoc

467 5576 695 5652 septimi
734 5596 991 5653 servasse,
1047 5597 1201 5653 quem
1246 5580 1307 5637 in
1359 5576 1820 5653 gp'erscripriune
1884 5576 2102 5637 illorum
2187 5576 2416 5653 (nempe
2441 5579 2586 5653 hanc
2613 5576 2831 5638 ordinis
2860 5576 3499 5652 contrarietatein),'pro
3518 5594 3681 5653 posse
3711 5596 3866 5651 suo,

466 5649 744 5724 (capitum
767 5653 801 5707 8
831 5660 887 5724 et
913 5651 966 5723 9)
994 5649 1208 5711 secutus
1237 5657 1331 5710 est.
1363 5649 1531 5724 Em.
1576 5649 1860 5724 PATROL._
2182 5650 2465 5724 corrigere.
2509 5650 2596 5709 in.

533 5719 674 5808 (Μ’)
704 5722 804 5782 Hic
834 5719 995 5784 locus
1022 5727 1176 5785 varie
1206 5726 1403 5784 doctos
1450 5723 1603 5782 viros
1633 5721 1908 5782 exercuit.
1952 5719 2098 5782 Αιίιε
