4112 6160
1625 351 1686 413 S.
1737 348 2081 415 DIONYSII
2123 343 2658 414 AREOPAGITE.
3712 342 3833 412 208

2059 500 2089 579 §
2127 498 2198 560 ιι.

460 348 576 415 207

539 659 736 740 Atque
753 656 879 719 haec
903 656 1145 738 quidem
1177 658 1592 721 estnominum
1611 658 1898 742 ipsorum,
1916 679 2099 740 quan-

2261 664 2405 731 Α’ὑτη
2437 661 2534 738 μὲν
2589 665 2625 731 ἡ
2684 669 2791 719 τῶν
2836 663 3114 738 ὀνομάτων
3146 662 3318 719 αὐτῶν
3375 663 3449 725 ὡς
3507 658 3625 717 καθ’
3683 662 3827 736 ἡμᾶς

457 755 583 810 tum
616 764 833 828 capere
856 745 1656 828 possumus,interpretatio;
1692 767 1869 830 quam
1902 747 2099 812 autem

2185 755 2492 836 ἑκφαντιρία
2520 755 2596 803 ³ο·
2630 754 2848 813 λεκτέον
2889 755 2969 832 δὲ,
3028 756 3144 812 τίνα
3200 754 3297 823 τὴν
3355 754 3627 834 ἰεραρχίαν
3658 755 3829 812 αὐτῶν

459 854 665 900 eorum
699 837 1095 899 hierarchiam
1131 854 1262 898 esse
1293 845 1597 917 putemus,
1632 837 1953 900 dicendum
1982 851 2097 903 est.

2183 845 2418 922 οἰόμεθα.
2489 846 2588 903 Τὸν
2648 848 2743 921 μὲν
2800 846 2901 923 γὰρ
2958 845 3171 912 ἁπάσης
3202 841 3252 885 εί
3298 845 3571 923 ἱεραρχῖας
3629 845 3829 902 σκοπὸν

455 925 666 992 Omnis
695 925 853 989 enim
887 924 1238 988 hierarchize
1268 945 1517 1008 scopum
1549 945 1617 988 ex
1652 927 1851 989 divina
1880 927 2096 990 deil‘or-

2183 940 2280 1003 τῆς
2378 935 2712 1012 θεομιμήτου
2798 930 3073 1000 θεοειδείας
3157 931 3522 1011 ἀξηρτημὲνον
3591 931 3829 1011 ἀῤῥεπῶς

455 1016 676 1078 mitatis
704 1014 1036 1078 imitatione
1065 1022 1406 1078 constanter
1432 1016 1800 1097 dependere,
1834 1036 2097 1079 omnem-

2183 1026 2347 1099 εῖναι,
2409 1026 2499 1082 καὶ
2546 1023 2607 1081 τὸ
2650 1022 2966 1102 διαιρεῖσθαι
3028 1029 3198 1081 πᾶσαν
3229 1021 3543 1101 ἰεραρχικὴν
3573 1043 3829 1099 πραγμα-

456 1123 573 1186 que
611 1106 982 1168 iunctionem
1034 1105 1494 1183 hierarchicam,
1551 1107 1613 1168 in
1662 1116 2094 1169 sacrosanctam

2183 1114 2345 1186 τείαν,
2395 1113 2468 1177 εἰς
2527 1114 2771 1192 μετοχήν
2831 1113 2970 1191 ἱερὰν
3043 1113 3130 1169 καὶ
3174 1109 3457 1187 μετάδοσιν
3528 1110 3830 1187 καθάρσεως

456 1194 793 1276 purissimae
810 1195 1215 1258 mundationis
1236 1204 1294 1257 et
1332 1195 1515 1258 divini
1534 1196 1802 1277 luminis,
1819 1197 2098 1278 perfecti-

2183 1203 2426 1281 ἀμιγοῦς.
2461 1203 2551 1258 καὶ
2595 1203 2735 1259 θείου
2777 1203 2977 1281 φωτὸς,
3010 1204 3098 1259 καὶ
3142 1199 3460 1268 τελεστικῆς
3492 1199 3828 1279 ἐπιστήμης,

456 1302 657 1365 vreque
689 1286 951 1347 scientiae
973 1284 1486 1367 participationem
1507 1294 1686 1366 atque
1716 1287 2096 1350 collationem

2183 1294 2476 1373 ἀρκούντως
2533 1291 2638 1361 ἢδη
2698 1294 2829 1372 πρὸς
2886 1295 3042 1366 ἡμῶν
3101 1293 3334 1372 εἰρῆσθαι
3379 1291 3603 1365 νομίζω·
3651 1296 3739 1347 νῦν
3773 1286 3830 1346 δὲ

455 1374 820 1457 dividi,satis
835 1393 902 1436 sn
912 1393 1140 1456 perque
1149 1374 1271 1455 jam
1296 1394 1331 1436 a
1361 1374 1534 1437 nobis
1553 1376 1776 1438 dictum
1799 1378 2093 1442 existimo:

2183 1384 2353 1440 εἰπεῖν
2397 1382 2552 1448 ἀξίως
2584 1381 2817 1462 εὔχομαι
2876 1388 2981 1438 τῶν
3040 1383 3345 1460 ὑπερτάτων
3401 1382 3561 1454 νοῶν,
3622 1385 3737 1443 πῶς
3795 1380 3831 1447 ἡ

454 1488 611 1532 nunc
626 1484 814 1534 autem
830 1490 929 1547 pro
948 1490 1349 1548 supremarum
1369 1477 1603 1533 istarum
1628 1478 1899 1535 mentium
1920 1478 2099 1550 digni-

2183 1474 2299 1530 κατ’
2360 1474 2550 1538 αὐτοὺς
2605 1472 2852 1553 ἱεραρχία
2920 1470 3005 1528 διὰ
3065 1478 3170 1529 τῶν
3242 1470 3433 1550 λοίίων
3504 1471 3828 1549 ἐκφαίνεται.

454 1569 568 1643 tate
581 1559 770 1617 dicere
789 1560 1325 1631 desidero.quanam
1342 1561 1561 1619 ratione
1574 1575 1733 1619 sacer
1748 1575 1943 1619 earum
1959 1563 2098 1621 ordo

2183 1573 2315 1627 Ταῖς
2343 1565 2579 1642 πρώταις
2632 1563 2855 1643 οὐσίαις,
2909 1562 2968 1618 α’ί
3020 1563 3153 1637 μετὰ
3194 1563 3291 1632 τήν
3326 1562 3612 1620 οὗσιοποὺν
3658 1559 3831 1617 αὐτῶν

454 1663 489 1705 a
512 1643 835 1727 Scripturis
864 1646 1216 1727 explicetur.
1240 1644 1455 1707 Primis
1482 1648 1613 1707 istis
1647 1646 1944 1727 essentiis,
1971 1667 2099 1728 quia

2183 1654 2434 1733 θεαρχίαν
2465 1652 2756 1733 ἱδρυμέναι,
2808 1654 2896 1710 καὶ
2942 1657 3058 1711 οἷον
3113 1651 3175 1707 ἀν
3227 1652 3497 1730 προθύροίς
3527 1654 3692 1715 αὐτῆς
3733 1671 3830 1707 τε-

456 1748 581 1809 post
604 1739 1071 1824 substantiﬁcump
1088 1742 1345 1824 ipsarum
1367 1737 1839 1824 deiprineipalum
1862 1739 2099 1798 colloca.

2183 1742 2477 1824 ταγμέιαι,
2526 1746 2706 1810 πάσης
2764 1743 2891 1798 εἰσὶν
2951 1742 3174 1821 ἀοράτου
3234 1746 3321 1799 καὶ
3378 1744 3574 1818 ὁρατῆς
3603 1737 3831 1820 ὑπερϐε-

455 1831 552 1903 tm,
568 1833 627 1885 et
643 1825 810 1904 quasi
827 1824 887 1885 in
905 1822 1203 1886 vestibulo
1227 1822 1359 1904 ejus
1377 1822 1525 1902 sitae,
1544 1832 1799 1884 creatam
1823 1829 2097 1887 virtutem

2183 1829 2396 1889 ϐδκυϊαι
2444 1822 2718 1912 γεγονυίας
2779 1829 3081 1909 δυνάμεως,
3137 1833 3210 1897 ὡς
3264 1830 3460 1887 οἰκείαν
3513 1827 3571 1872 92
3626 1829 3834 1896 οἰητέον

455 1929 720 1993 omnem,
741 1923 854 1976 tam
875 1912 1239 1975 invisibilem
1270 1930 1448 1989 quam
1484 1911 1778 1974 visibilem
1799 1920 2099 1977 transcen-

2184 1921 2327 1978 εἶναι
2379 1923 2468 1977 καὶ
2519 1922 2657 1977 κατὰ
2714 1927 2817 1978 πᾶν
2864 1919 3081 1996 ὁμοειδῆ
3128 1922 3225 1988 τὴν
3256 1920 3553 2000 ἱεραρχίαν,
3585 1916 3831 1997 Καθαράς

456 1991 925 2079 dunt.propriam
949 2008 1255 2078 quamdam
1279 2015 1331 2063 et
1352 2006 1697 2062 uniformem
1721 2005 2099 2067 hierarchiam

2184 2013 2281 2088 μὲν
2325 2010 2413 2067 οὖν
2458 2011 2616 2073 αὐτὰς
2656 2009 2912 2090 ἡγητέον,
2946 2011 3041 2085 οὐχ
3080 2010 3151 2073 ὡς
3200 2006 3418 2088 ἀνιέρων
3482 2006 3712 2074 κηλίδων
3743 2008 3831 2062 καὶ

455 2110 589 2154 esse
620 2093 1076 2154 existimandum
1112 2093 1414 2155 est.Purce
1430 2090 1726 2172 siquidem
1758 2094 2095 2167 censenda},

2185 2099 2472 2176 μολυσμῶν
2502 2100 2959 2177 ἠλευθερωμένας,
3021 2096 3124 2156 οὐδ’
3195 2100 3267 2163 ὼς
3324 2097 3604 2176 προσύλων
3639 2096 3831 2153 ἀνεπι-

454 2200 576 2243 non
600 2182 768 2262 quasi
789 2201 823 2244 a
846 2182 1097 2245 maculis
1122 2182 1454 2263 (duntaxat)
1482 2181 1730 2261 impuris
1754 2182 2099 2245 colluvioni-

2184 2190 2396 2253 δέκτους
2441 2192 2767 2270 φαντασιῶν,
2813 2188 2931 2245 ἀλλ’
2990 2191 3063 2253 ὡς
3124 2210 3302 2254 πασης
3353 2187 3586 2267 ὑφέσεως
3624 2185 3831 2263 ἀμιγῶς

456 2271 687 2353 busque
717 2272 836 2333 sint
862 2272 1088 2350 liberte,
1108 2272 1196 2335 vel
1231 2272 1389 2351 quod
1410 2272 1472 2333 in
1494 2289 1596 2333 eas
1620 2270 1949 2334 materialia
1976 2274 2099 2336 visa

2183 2278 2534 2357 ὑψηλοτέρας,
2611 2280 2697 2334 καὶ
2752 2280 2948 2340 παντὸς
3004 2275 3402 2345 ὑποϐεϐηκότος
3479 2279 3638 2355 ἱεροῦ·
3696 2274 3833 2330 κατά

455 2381 573 2424 non
597 2362 846 2444 cadant;
873 2362 979 2425 sed
1010 2363 1165 2443 quod
1199 2363 1444 2424 omnino
1474 2360 1894 2424 imminutione
1910 2365 2095 2440 omni,

2183 2371 2280 2436 τὴν
2312 2370 2612 2447 ὑπερτάτην
2644 2368 2944 2447 ἀγνότητα,
2996 2366 3191 2432 πάσαις
3244 2378 3364 2429 ταῖς
3417 2363 3832 2427 θεοειδεστάταις

456 2452 737 2534 omnique
766 2470 832 2513 re
853 2470 1025 2514 sacra
1049 2451 1165 2515 sibi
1191 2451 1433 2514 subdita
1460 2452 1769 2526 celsiores,
1795 2470 1919 2532 pra:
1939 2473 2099 2515 sum—

2183 2455 2931 2535 δυνάμεσινῦπεριδρυμένας,
2991 2457 3077 2513 καὶ
3135 2456 3235 2523 τῆς
3299 2455 3494 2516 οἰκείας
3538 2456 3831 2523 αὐτοκινή-

455 2560 554 2603 ma
583 2542 1151 2623 puritate,omnibus
1177 2542 1491 2623 etiam,vel
1516 2541 1775 2604 maxime
1797 2542 2099 2605 deiformi-

2183 2569 2275 2603 του
2305 2546 2368 2596 Ξδ
2396 2549 2483 2604 καὶ
2514 2546 2896 2613 ταῦτοκινὴτου
2953 2546 3091 2601 κατὰ
3147 2548 3208 2601 τὸ
3268 2544 3523 2624 φιλοθέως
3572 2541 3833 2622 ἄτρεπτον

454 2631 567 2694 bus
592 2632 927 2709 virtutibus,
955 2632 1073 2694 sint
1095 2633 1451 2713 anteposita:
1473 2631 1824 2713 ordinisque
1848 2634 1944 2694 sui
1971 2653 2099 2694 mo-

454 2729 578 2784 tum
642 2726 948 2805 proprium
1009 2722 1477 2804 aequabilemque
1535 2740 1643 2802 per
1696 2740 1960 2785 amorem
1995 2723 2099 2785 Dei

455 2820 806 2874 constanter
855 2820 1118 2893 teneant,
1153 2811 1531 2887 invariatum,
1564 2828 1760 2890 neque
1809 2811 1987 2872 ullam
2039 2811 2099 2871 in

456 2901 720 2964 deterius
730 2900 1668 2981 agnoscantimminutionem,sed
1684 2899 2098 2962 inconcussam

456 3009 695 3072 semper
726 2991 1188 3055 et-immobilem
1222 2989 1527 3052 deiformis
1570 3008 1692 3051 suae
1718 2989 2097 3070 proprietatis

457 3082 662 3145 sedem
694 3082 970 3145 habeant.
1001 3079 1534 3161 Contemplatrices
1580 3080 1747 3152 item,
1781 3098 1902 3141 non
1932 3080 2098 3161 quasi

457 3171 878 3252 symbolorum,
897 3190 1031 3253 quae
1046 3171 1133 3233 vel
1154 3188 1333 3232 sensu
1354 3169 1442 3231 vel
1475 3178 1676 3232 mente
1699 3169 2100 3249 percipiantur

416 3282 421 3285 ·
458 3268 864 3343 spectatrices,
897 3280 1091 3343 neque
1133 3261 1411 3322 varietate
1447 3258 1967 3338 contemplationis
1997 3278 2097 3320 sa-

2184 2636 2379 2703 τάξεως
2412 2635 2648 2716 ἀρῥεπῶς
2680 2634 3069 2716 ἀντεχομένας,
3101 2636 3192 2692 καὶ
3241 2636 3340 2702 τὴν
3398 2633 3482 2691 ἐπὶ
3538 2634 3604 2691 τὰ
3663 2633 3834 2713 χείρω

2185 2728 2321 2784 κατά
2364 2748 2412 2783 τι
2445 2729 2662 2801 μείωσιν
2710 2725 2816 2784 οὐδ’
2868 2724 3006 2789 ὅλως
3053 2724 3267 2805 εἰδυίας,
3313 2722 3434 2780 ἀλλ’
3476 2721 3722 2780 ἄπτωτον
3752 2723 3832 2779 ἀεὶ

2184 2819 2271 2874 καὶ
2301 2816 2691 2892 ἀμετακίνητον
2736 2815 2968 2894 ἐχούσας
3027 2816 3128 2883 τὴν
3185 2820 3284 2882 τῆς
3352 2815 3547 2878 οἰκείας
3574 2810 3832 2875 σιεοειδοῦς

2184 2906 2450 2972 ἰδιότητος
2484 2905 2853 2984 ἀμιγεστάτην
2911 2905 3139 2984 ἵδρυσιν,
3204 2903 3542 2982 Θεωρητικάς
3574 2900 3631 2959 δὲ
3660 2901 3831 2982 αὖθις,

2184 2997 2288 3075 οὐχ
2346 2997 2418 3060 ὡς
2475 2996 2739 3062 αἰσθητῶν
2792 2991 3042 3069 σμϐόλων
3099 2998 3294 3072 νοερῶν
3322 2990 3377 3034 94
3403 2993 3660 3071 θεωροὺς,
3714 2989 3833 3051 οῦδὲ

2181 3088 2252 3150 ὡς
2281 3090 2349 3161 τῇ
2405 3083 2648 3157 ποικιλιᾳ
2717 3089 2814 3152 τῆς
2895 3084 3284 3165 ίερογραφικῆς
3354 3085 3572 3162 θεωρίας
3616 3082 3702 3140 ἐπὶ
3771 3083 3835 3139 τὸ

2183 3183 2340 3232 Θεῖον
2399 3174 2755 3253 ἀναγομένας,
2816 3172 2934 3231 ἀλλ’
2997 3176 3071 3238 ὡς
3132 3175 3312 3242 πάσης
3370 3172 3528 3233 ἀΰλου
3579 3172 3831 3252 γνώσεως

2181 3262 2512 3343 ὑψηλοτέρου
2582 3265 2757 3345 φωτὸς
2826 3262 3335 3343 ἀποπ)ηρουμένας,
3402 3263 3494 3321 καὶ
3573 3262 3671 3331 τῆς
3740 3271 3837 3322 τοῦ

457 3370 690 3414 orarum
723 3352 1168 3434 Scripturarum
1201 3352 1273 3414 ad
1298 3352 1489 3414 Deum
1524 3349 1796 3429 elevatae,
1822 3347 1926 3410 sed
1966 3357 2099 3410 tan-

2183 3353 2513 3413 καλλοποιοῦ
2581 3355 2669 3411 καί
2729 3353 2956 3435 ἀρχικοῦ
2987 3353 3216 3418 κάλλους
3246 3352 3556 3432 ὕπεροΰσίου
3597 3353 3686 3409 καὶ
3715 3374 3836 3432 τρι,

457 3461 633 3524 quam
685 3444 850 3504 omni
902 3443 1244 3523 cognitione
1280 3438 1535 3522 simplici
1575 3438 1806 3500 altioris
1859 3436 2101 3501 luminis

458 3532 729 3612 expleta},
787 3541 845 3593 et
889 3532 1391 3613 contemplatione
1421 3530 1581 3593 illius
1616 3528 2095 3609 pulchritudinis,

456 3644 593 3703 qum
623 3633 711 3687 est
740 3626 1003 3688 effectrix
1038 3635 1095 3688 et
1127 3626 1290 3705 origo
1346 3623 1831 3705 pulchritudinis,
1886 3631 1944 3684 et
1973 3642 2104 3703 qua:

456 3733 638 3795 supra
665 3714 1054 3778 substantiam
1088 3724 1202 3795 est,
1226 3722 1283 3775 et
1306 3717 1365 3775 in
1405 3713 1592 3774 tribus
1620 3712 1913 3792 splendet,
1949 3731 2100 3791 qua-

457 3813 630 3867 tenus
662 3804 746 3867 fas
776 3812 889 3880 est,
944 3806 1222 3867 refertae:
1280 3801 1716 3865 communionis
1766 3819 1903 3862 vero
1957 3801 2099 3863 Jesu

457 3894 733 3955 similiter
755 3895 1075 3974 participes
1100 3894 1287 3970 factm,
1318 3910 1436 3954 non
1469 3887 1637 3972 quasi
1659 3891 1720 3951 in
1743 3889 2100 3968 imaginibus

457 3991 665 4045 sancte
695 3984 1045 4060 infm'matis,
1082 4001 1216 4064 quae
1259 3982 1439 4044 veluti
1473 3984 1679 4042 formae
1710 3979 1772 4041 in
1802 3979 1891 4040 eis
1919 3978 2095 4041 deiﬁ-

456 4091 587 4134 cam
619 4073 1073 4135 similitudinem
1107 4073 1462 4153 exprimant,
1497 4070 1602 4133 sed
1653 4077 1927 4150 tanquam
1962 4087 2098 4131 vero

455 4163 528 4224 ad
550 4181 684 4223 eum
704 4164 1244 4244 appropinquantes
1295 4163 1357 4222 in
1408 4161 1540 4241 ipsa
1563 4161 1747 4241 prima
1774 4159 2097 4239 participa-

456 4252 619 4314 tione
633 4252 1007 4333 cogitationis
1020 4253 1308 4315 luminum
1327 4251 1458 4331 ejus
1472 4251 1965 4325 deiﬁcorum;nec
1979 4266 2097 4310 non

454 4341 617 4419 quod
646 4341 834 4404 Deum
866 4342 1141 4405 imitandi
1169 4343 1348 4414 ratio,
1380 4340 1474 4401 ὃὸ
1501 4339 1928 4402 sublimissimo
1953 4338 2099 4419 ipsis

457 4432 635 4492 modo
668 4432 745 4492 sit
777 4432 1024 4514 indulta,
1059 4442 1116 4496 et
1142 4432 1204 4494 in
1246 4432 1549 4513 primaeva,
1585 4437 1876 4511 quantum
1911 4428 1985 4491 iis
2013 4428 2100 4491 tas

458 4529 571 4600 est,
606 4527 866 4600 potentia
896 4522 1112 4584 divinis
1161 4524 1310 4601 ejus,
1346 4520 1741 4601 humanisque
1784 4516 2101 4599 virtutibus

2183 3445 2376 3526 φανοῦς
2432 3445 2675 3525 θεωρίας,
2734 3446 2807 3508 ὡς
2870 3445 3111 3524 θεμιτὸν,
3170 3441 3680 3520 ἀναπιμπλαμένας⁶
3730 3443 3836 3509 τῆς

2183 3534 2238 3591 δὲ
2267 3535 2447 3603 ἰησου
2477 3535 2757 3599 κοινωνίας
2823 3534 3076 3598 ὡσαύτως
3123 3531 3444 3609 ἠξιωμένας,
3478 3533 3575 3590 οὒκ
3605 3531 3659 3588 ἐν
3685 3533 3837 3589 εἰκό-

2184 3627 2265 3683 σὶν
2296 3625 2661 3705 ίεροπλάστοις
2718 3625 3069 3704 μορφωτικῶς
3129 3623 3455 3681 ἀποτυποῦσι
3495 3622 3593 3691 τὴν
3643 3625 3834 3702 θεοορο

2184 3717 2344 3793 γικὴν
2383 3717 2664 3796 ὁμοίωσιν,
2715 3714 2836 3772 ἀλλ’
2892 3717 2965 3779 ὡς
3018 3713 3231 3782 ἀληθῶς
3264 3715 3406 3787 αὐτῷ
3436 3710 3840 3783 πλησιαζούσας

2182 3804 2237 3859 ἐν
2296 3807 2484 3882 πρώτη
2544 3805 2798 3880 μετουσίᾳ
2860 3809 2963 3872 τῆς
3030 3804 3279 3884 γνώσεως
3351 3804 3456 3860 τῶν
3512 3801 3840 3880 θεουργιιιῶν

2181 3895 2339 3951 αὐτοῦ
2367 3895 2582 3973 φώτων*
2653 3893 2742 3949 καὶ
2812 3892 2922 3970 μὴν
2994 3893 3077 3950 δτι
3144 3894 3204 3949 τὸ
3274 3892 3602 3968 θεομίμητον
3634 3893 3833 3954 αὐταῖς

2178 3982 2483 4062 ὑπερτάτως
2512 3979 2827 4063 δεδώρηται,
2860 3984 2947 4040 καὶ
2989 3987 3324 4058 κοινωνοῦσι,
3350 3980 3488 4037 κατὰ
3545 3980 3606 4036 τὸ
3638 3982 3838 4044 αὐταῖς

2183 4071 2423 4153 ἐφικτὸν,
2495 4070 2551 4128 ἐν
2620 4079 2946 4153 πρωτουργῷ
3017 4070 3232 4148 δυνάμει
3303 4082 3424 4135 ταῖς
3496 4072 3841 4149 θεουργικαῖς

2181 4164 2341 4219 αὑτοῦ
2398 4163 2486 4219 καὶ
2534 4161 2925 4243 φιλανθρώποις
2981 4162 3229 4241 ἀρεταῖς.
3306 4159 3701 4236 Τετελεσμένας
3774 4155 3838 4216 δὶ

2181 4250 2458 4332 ὡσαύτως,
2490 4252 2594 4333 οὐχ
2635 4253 2708 4315 ὡς
2759 4251 3027 4317 ποικιλίας
3055 4254 3198 4330 ἱερᾶς
3246 4249 3572 4318 ἀναλυτικὴν
3602 4249 3845 4317 ἐπιστη-

2181 4363 2293 4417 μην
2320 4339 2756 4418 ὶλλαμπομένας,
2789 4339 2910 4398 ἀλλ’
2960 4343 3034 4405 ὡς
3092 4341 3311 4419 πρώτης
3337 4340 3427 4397 καὶ
3454 4338 3837 4419 ὑπερεχούσης

2184 4429 2430 4496 θειῑύσεως
2460 4428 2968 4510 αποπληρουμένας,
3045 4429 3182 4487 κατὰ
3248 4430 3348 4495 τὴν
3403 4429 3705 4508 ὑπερτάτην
3761 4428 3846 4492 ὣς

2181 4520 2235 4578 ἐν
2295 4519 2545 4600 ἀγγέλοις
2598 4525 2705 4576 τῶν
2756 4524 3042 4600 θεουργιῶν
3093 4518 3422 4595 ἐπιστήμην·
3480 4519 3541 4576 οὖ
3599 4518 3706 4599 γὰρ
3764 4513 3844 4573 δι’

458 4611 925 4674 communicent.
959 4611 1249 4674 Similiter
1274 4612 1555 4691 perfectae
1584 4620 1743 4685 sunt,
1776 4628 1895 4670 non
1937 4608 2099 4688 quasi

2184 4608 2362 4668 ἄλλων
2395 4611 2559 4689 ἁγίων
2608 4611 2828 4685 οὐσιῶν,
2857 4608 2995 4667 ἀλλὰ
3047 4609 3176 4689 πρὸς
3230 4609 3395 4676 αὐτῆς
3451 4608 3551 4675 τῆς
3581 4609 3846 4688 θεαρχίας

456 4700 773 4764 varietates
792 4700 933 4763 istas
954 4719 1151 4763 sacras
1171 4700 1508 4764 resolvendi
1525 4698 1775 4762 scientia
1797 4698 1919 4762 sint
1938 4697 2103 4759 illus-

460 4800 660 4872 tratae;
687 4791 792 4853 sed
827 4791 989 4869 quod
1026 4790 1217 4871 prima
1240 4798 1299 4852 et
1324 4789 1702 4871 praecellente
1743 4788 1851 4853 Dei
1879 4788 2103 4850 unione

460 4880 777 4959 satientur,
830 4882 999 4961 juxta
1052 4898 1391 4960 supremam
1424 4880 1583 4942 illam
1627 4880 1824 4960 (cujus
1855 4896 2103 4960 capaces

462 4979 602 5030 sunt
621 4969 835 5048 angeli)
849 4970 1183 5031 divinorum
1208 4987 1454 5049 operum
1472 4968 1847 5050 disciplinam
1869 4988 1886 5027 :
1908 4968 2101 5049 siqui-

461 5055 595 5118 dem
624 5075 741 5118 non
766 5056 840 5119 ab
861 5058 996 5121 aliis
1016 5057 1373 5136 quibusdam
1400 5058 1618 5121 sanctis
1639 5056 1969 5139 apiritibus,
1994 5056 2099 5119 sed

460 5145 534 5210 ab
563 5145 817 5228 ipsamet
872 5147 1191 5212 Divinitate
1247 5149 1434 5212 sacris
1488 5148 1822 5222 initiantur,
1856 5148 1996 5211 dum
2025 5148 2100 5210 ad

2186 4700 2621 4780 ἱεραρχούμεναι,
2667 4700 2745 4776 τῷ
2799 4697 2885 4757 ἐπ’
2946 4701 3110 4767 αὒτῆν
3155 4699 3342 4776 ἀμέσῳ
3369 4696 3423 4741 25
3453 4698 3841 4780 ἀνατείνεσθαι,

2187 4797 2255 4867 τῇ
2287 4790 2498 4849 πάντων
2527 4790 2866 4871 ὑπερεχούσῃ
2923 4787 3137 4865 δυνάμει
3202 4790 3292 4846 καὶ
3341 4786 3505 4867 τὰξει,
3558 4788 3648 4845 καὶ
3703 4788 3847 4867 πρὸς

2186 4881 2247 4937 τὸ
2277 4879 2548 4959 παίναγνον
2575 4881 2664 4937 καὶ
2719 4881 2859 4937 κατά
2920 4878 3252 4959 παναῤῥεπές
3294 4876 3350 4921 θσ
3405 4875 3692 4959 ἱδρύονται,
3750 4879 3851 4935 καὶ

2185 4971 2318 5049 πρὸς
2347 4970 2445 5039 τὴν
2500 4968 2660 5029 άϋλον
2712 4971 2801 5028 καὶ
2850 4970 3053 5041 νοητήν
3111 4967 3449 5049 εὐπρέπειαν,
3483 4968 3559 5032 ὡς
3588 4969 3838 5045 θεμιτὸν,

2184 5062 2259 5126 εἰς
2326 5058 2548 5138 θεωρίαν
2605 5060 2988 5140 προσάγονται,
3043 5059 3135 5116 καὶ
3190 5059 3312 5123 τοὺς
3382 5060 3489 5115 τῶν
3545 5060 3844 5137 θεουργιῶν

2184 5148 2634 5224 ἐπιστημονικούς
2687 5147 2902 5230 λόγους,
2963 5151 3037 5214 ὡς
3096 5155 3302 5225 πρῶται
3359 5150 3449 5207 καὶ
3514 5148 3634 5227 περί
3707 5148 3847 5206 Θεὸν

1772 5335 2032 5403 νΑιιΙΑε
2074 5335 2512 5407 LECTIONES.

542 5496 602 5580 99
631 5521 715 5580 γρ.
740 5499 1074 5580 ἐᾼκιραντορία,

461 5576 521 5660 ῗδ
649 5576 719 5660 D.
756 5576 825 5660 Ρ,
856 5576 1178 5657 ἀεικινήτου.
1277 5584 1334 5635 2⁵
1358 5584 1387 5651 ἦ
1410 5588 1629 5660 νοερῶν.
1656 5580 1765 5645 Ch.
1792 5580 1859 5642 Β.
1878 5576 1953 5643 *Ρξ
1975 5581 2075 5647 Sc.

464 5658 523 5708 εδ
552 5659 658 5721 Ch.
690 5659 759 5720 D.
794 5659 863 5722 D.
900 5669 1002 5728 πᾶν
1037 5669 1278 5748 agema.
1506 5658 1512 5660 “
1599 5710 1615 5727 ο

1162 5504 1213 5548 εί
1232 5505 1297 5555 Π.
1322 5505 1385 5555 ς.-
1412 5504 1479 5555 Ρ-
1514 5500 1621 5555 Ch.
1643 5503 1703 5555 τὸ
1733 5502 1831 5555 μὲν
1863 5500 1985 5555 γὰο-
2007 5503 2112 5555 ἀπό

1230 5505 1298 5567 D.
1322 5505 1385 5566 S.
1412 5504 1479 5564 P.
1514 5500 1621 5563 Ch.
1643 5503 1703 5557 τὸ
1733 5502 1831 5575 μὲν
1863 5500 1986 5580 γὰρ,
2007 5503 2246 5570 ἁπάσης.
2331 5501 2385 5544 93
2406 5503 2478 5565 ὡς
2498 5518 2619 5561 non
2644 5500 2824 5564 habet
2844 5500 2956 5565 Ch.
2979 5500 3045 5565 S.
3079 5502 3146 5565 P.
3176 5500 3271 5564 Sc.
3299 5500 3431 5565 Sar.
3461 5500 3733 5576 ἐοικυῖαν,
3755 5501 3834 5564 Μ.

1277 5584 1334 5635 εδ
1358 5584 1387 5651 ῖι
1410 5588 1629 5660 νοερῶν.
1656 5580 1765 5645 Ch.
1792 5580 1859 5642 D.
1887 5580 1953 5643 P.
1975 5581 2075 5647 Sc.
2161 5582 2226 5635 25
2247 5585 2317 5648 Ι).
2342 5583 2411 5646 Ρ.
2445 5579 2510 5645 S.
2532 5580 2771 5658 ἆμέσως,
2794 5599 2968 5663 quam
2991 5583 3305 5646 lectionem
3323 5582 3482 5644 Scot.
3509 5580 3838 5665 expressit,

2331 5501 2385 5544 εί
2406 5503 2478 5565 ὡς
2498 5518 2619 5561 non
2644 5497 2824 5564 habet
2844 5500 2956 5565 Ch.
2979 5500 3045 5565 S.
3079 5502 3146 5565 P.
3176 5499 3271 5564 Sc.
3299 5499 3431 5565 Sar.
3461 5500 3733 5576 ἐοικυῖαν,
3755 5501 3834 5564 Μ.
