  <div class='ocr_page' id='page_1' title='image "/cluster/home/n/w/nwhite01/storage/ocr_20150623/3/mdp.39015008855614/115.png"; bbox 0 0 4112 6160; ppageno 0'>
   <div class='ocr_carea' id='block_1_1' title="bbox 478 366 605 431">
    <p class='ocr_par' dir='ltr' id='par_1_1' title="bbox 478 366 605 431">
     <span class='ocr_line' id='line_1_1' title="bbox 478 366 605 431; baseline 0 0"><span class='ocrx_word' id='word_1_1' title='bbox 478 366 605 431; x_wconf 76' lang='grc'>215</span> 
     </span>
    </p>
   </div>
   <div class='ocr_carea' id='block_1_2' title="bbox 1649 368 2690 434">
    <p class='ocr_par' dir='ltr' id='par_1_2' title="bbox 1649 368 2690 434">
     <span class='ocr_line' id='line_1_2' title="bbox 1649 368 2690 434; baseline 0.003 -5"><span class='ocrx_word' id='word_1_2' title='bbox 1649 368 1711 430; x_wconf 91' lang='lat' dir='ltr'><strong>S.</strong></span> <span class='ocrx_word' id='word_1_3' title='bbox 1758 368 2105 433; x_wconf 88' lang='lat' dir='ltr'><strong>DIONYSII</strong></span> <span class='ocrx_word' id='word_1_4' title='bbox 2152 369 2690 434; x_wconf 72' lang='lat' dir='ltr'><strong>AREOPAGIT/E.</strong></span> 
     </span>
    </p>
   </div>
   <div class='ocr_carea' id='block_1_3' title="bbox 3744 369 3866 436">
    <p class='ocr_par' dir='ltr' id='par_1_3' title="bbox 3744 369 3866 436">
     <span class='ocr_line' id='line_1_3' title="bbox 3744 369 3866 436; baseline 0.008 -1"><span class='ocrx_word' id='word_1_5' title='bbox 3744 369 3866 436; x_wconf 83' lang='lat'><strong>216</strong></span> 
     </span>
    </p>
   </div>
   <div class='ocr_carea' id='block_1_4' title="bbox 473 500 2139 586">
    <p class='ocr_par' dir='ltr' id='par_1_4' title="bbox 473 500 2119 572">
     <span class='ocr_line' id='line_1_4' title="bbox 473 500 2119 572; baseline 0 -11"><span class='ocrx_word' id='word_1_6' title='bbox 473 500 719 562; x_wconf 85' lang='lat' dir='ltr'><strong>sibiltter</strong></span> <span class='ocrx_word' id='word_1_7' title='bbox 736 501 1111 561; x_wconf 78' lang='lat' dir='ltr'><strong>eﬂ&#39;ormantur</strong></span> <span class='ocrx_word' id='word_1_8' title='bbox 1127 508 1360 572; x_wconf 78' lang='lat' dir='ltr'><strong>propter</strong></span> <span class='ocrx_word' id='word_1_9' title='bbox 1377 508 1630 558; x_wconf 88' lang='lat' dir='ltr'><strong>nostrem</strong></span> <span class='ocrx_word' id='word_1_10' title='bbox 1649 500 2119 571; x_wconf 71' lang='lat' dir='ltr'><strong>imbecillitatem,</strong></span> 
     </span>
    </p>
   </div>
   <div class='ocr_carea' id='block_1_5' title="bbox 2223 500 3866 586">
    <p class='ocr_par' dir='ltr' id='par_1_5' title="bbox 2223 501 3866 586">
     <span class='ocr_line' id='line_1_5' title="bbox 2223 501 3866 586; baseline 0.003 -26"><span class='ocrx_word' id='word_1_11' title='bbox 2223 503 2343 561; x_wconf 74' lang='grc' dir='ltr'>ὶλλὰ</span> <span class='ocrx_word' id='word_1_12' title='bbox 2361 505 2445 560; x_wconf 85' lang='grc' dir='ltr'><strong>καὶ</strong></span> <span class='ocrx_word' id='word_1_13' title='bbox 2471 506 2731 571; x_wconf 77' lang='grc' dir='ltr'><strong>αἰσθητῶς</strong></span> <span class='ocrx_word' id='word_1_14' title='bbox 2750 502 3019 581; x_wconf 81' lang='grc' dir='ltr'>λέγονται,</span> <span class='ocrx_word' id='word_1_15' title='bbox 3038 501 3153 560; x_wconf 81' lang='grc' dir='ltr'>καθ’</span> <span class='ocrx_word' id='word_1_16' title='bbox 3178 501 3302 561; x_wconf 76' lang='grc' dir='ltr'>ὅσον</span> <span class='ocrx_word' id='word_1_17' title='bbox 3330 505 3362 573; x_wconf 76' lang='grc' dir='ltr'>ἦ</span> <span class='ocrx_word' id='word_1_18' title='bbox 3410 504 3550 573; x_wconf 82' lang='grc' dir='ltr'>ἀκοῆ</span> <span class='ocrx_word' id='word_1_19' title='bbox 3571 506 3751 586; x_wconf 79' lang='grc' dir='ltr'>χωρεῖ</span> <span class='ocrx_word' id='word_1_20' title='bbox 3765 556 3777 569; x_wconf 91' lang='grc'>.</span> <span class='ocrx_word' id='word_1_21' title='bbox 3797 515 3866 565; x_wconf 69' lang='lat' dir='ltr'><strong>Et</strong></span> 
     </span>
    </p>
   </div>
   <div class='ocr_carea' id='block_1_6' title="bbox 473 590 2121 673">
    <p class='ocr_par' dir='ltr' id='par_1_6' title="bbox 473 590 2121 673">
     <span class='ocr_line' id='line_1_6' title="bbox 473 590 2121 673; baseline 0.001 -19"><span class='ocrx_word' id='word_1_22' title='bbox 473 611 683 657; x_wconf 89' lang='lat' dir='ltr'><strong>verum</strong></span> <span class='ocrx_word' id='word_1_23' title='bbox 704 593 886 656; x_wconf 85' lang='lat' dir='ltr'><strong>etiam</strong></span> <span class='ocrx_word' id='word_1_24' title='bbox 909 590 1277 657; x_wconf 89' lang='lat' dir='ltr'><strong>sensibiliter</strong></span> <span class='ocrx_word' id='word_1_25' title='bbox 1294 590 1701 666; x_wconf 84' lang='lat' dir='ltr'><strong>nominantur,</strong></span> <span class='ocrx_word' id='word_1_26' title='bbox 1720 600 2005 673; x_wconf 86' lang='lat' dir='ltr'><strong>quantum</strong></span> <span class='ocrx_word' id='word_1_27' title='bbox 2025 614 2121 657; x_wconf 88' lang='lat' dir='ltr'><strong>au-</strong></span> 
     </span>
    </p>
   </div>
   <div class='ocr_carea' id='block_1_7' title="bbox 476 680 2127 766">
    <p class='ocr_par' dir='ltr' id='par_1_7' title="bbox 476 680 2127 766">
     <span class='ocr_line' id='line_1_7' title="bbox 476 680 2127 766; baseline 0 -19"><span class='ocrx_word' id='word_1_28' title='bbox 476 684 635 747; x_wconf 89' lang='lat' dir='ltr'><strong>ditus</strong></span> <span class='ocrx_word' id='word_1_29' title='bbox 658 685 835 764; x_wconf 83' lang='lat' dir='ltr'><strong>capit.</strong></span> <span class='ocrx_word' id='word_1_30' title='bbox 870 682 932 747; x_wconf 90' lang='lat' dir='ltr'><strong>Si</strong></span> <span class='ocrx_word' id='word_1_31' title='bbox 960 684 1093 761; x_wconf 88' lang='lat' dir='ltr'><strong>quis</strong></span> <span class='ocrx_word' id='word_1_32' title='bbox 1115 690 1313 742; x_wconf 87' lang='lat' dir='ltr'><strong>autem</strong></span> <span class='ocrx_word' id='word_1_33' title='bbox 1340 680 1518 755; x_wconf 86' lang='lat' dir='ltr'><strong>dicat,</strong></span> <span class='ocrx_word' id='word_1_34' title='bbox 1551 682 1859 743; x_wconf 88' lang='lat' dir='ltr'>nominum</span> <span class='ocrx_word' id='word_1_35' title='bbox 1888 703 2127 766; x_wconf 87' lang='lat' dir='ltr'><strong>quoque</strong></span> 
     </span>
    </p>
   </div>
   <div class='ocr_carea' id='block_1_8' title="bbox 474 770 2123 853">
    <p class='ocr_par' dir='ltr' id='par_1_8' title="bbox 474 770 2123 853">
     <span class='ocr_line' id='line_1_8' title="bbox 474 770 2123 853; baseline 0 -19"><span class='ocrx_word' id='word_1_36' title='bbox 474 773 1034 853; x_wconf 77' lang='lat' dir='ltr'><strong>interpretationem</strong></span> <span class='ocrx_word' id='word_1_37' title='bbox 1050 772 1121 833; x_wconf 90' lang='lat' dir='ltr'><strong>ad</strong></span> <span class='ocrx_word' id='word_1_38' title='bbox 1137 779 1371 850; x_wconf 88' lang='lat' dir='ltr'><strong>captum</strong></span> <span class='ocrx_word' id='word_1_39' title='bbox 1393 770 1631 833; x_wconf 87' lang='lat' dir='ltr'><strong>auditus</strong></span> <span class='ocrx_word' id='word_1_40' title='bbox 1648 775 1831 833; x_wconf 90' lang='lat' dir='ltr'><strong>nostri</strong></span> <span class='ocrx_word' id='word_1_41' title='bbox 1853 775 2123 850; x_wconf 87' lang='lat' dir='ltr'><strong>proferri,</strong></span> 
     </span>
    </p>
   </div>
   <div class='ocr_carea' id='block_1_9' title="bbox 475 859 2129 935">
    <p class='ocr_par' dir='ltr' id='par_1_9' title="bbox 475 859 2129 935">
     <span class='ocr_line' id='line_1_9' title="bbox 475 859 2129 935; baseline 0 -14"><span class='ocrx_word' id='word_1_42' title='bbox 475 873 646 935; x_wconf 86' lang='lat' dir='ltr'><strong>atque</strong></span> <span class='ocrx_word' id='word_1_43' title='bbox 663 862 899 932; x_wconf 76' lang='lat' dir='ltr'><strong>insuper</strong></span> <span class='ocrx_word' id='word_1_44' title='bbox 913 859 1452 933; x_wconf 78' lang='lat' dir='ltr'><strong>quidintellectuele</strong></span> <span class='ocrx_word' id='word_1_45' title='bbox 1471 876 1595 917; x_wconf 84' lang='lat' dir='ltr'><strong>esse</strong></span> <span class='ocrx_word' id='word_1_46' title='bbox 1615 877 1682 918; x_wconf 87' lang='lat' dir='ltr'><strong>ac</strong></span> <span class='ocrx_word' id='word_1_47' title='bbox 1698 864 1804 920; x_wconf 70' lang='lat'><strong>59</strong></span> <span class='ocrx_word' id='word_1_48' title='bbox 1822 863 2129 921; x_wconf 73' lang='lat' dir='ltr'><strong>sublimius</strong></span> 
     </span>
    </p>
   </div>
   <div class='ocr_carea' id='block_1_10' title="bbox 481 949 2126 1035">
    <p class='ocr_par' dir='ltr' id='par_1_10' title="bbox 481 949 2126 1035">
     <span class='ocr_line' id='line_1_10' title="bbox 481 949 2126 1035; baseline -0.001 -19"><span class='ocrx_word' id='word_1_49' title='bbox 481 953 805 1035; x_wconf 84' lang='lat' dir='ltr'><strong>(siquidem</strong></span> <span class='ocrx_word' id='word_1_50' title='bbox 827 960 886 1014; x_wconf 89' lang='lat' dir='ltr'><strong>et</strong></span> <span class='ocrx_word' id='word_1_51' title='bbox 906 970 1126 1014; x_wconf 87' lang='lat' dir='ltr'><strong>nomen</strong></span> <span class='ocrx_word' id='word_1_52' title='bbox 1151 949 1748 1029; x_wconf 77' lang='lat' dir='ltr'><strong>intelligimus,verbi</strong></span> <span class='ocrx_word' id='word_1_53' title='bbox 1769 952 1957 1032; x_wconf 80' lang='lat' dir='ltr'><strong>gratia</strong></span> <span class='ocrx_word' id='word_1_54' title='bbox 1978 954 2126 1017; x_wconf 85' lang='lat' dir='ltr'><strong>cale-</strong></span> 
     </span>
    </p>
   </div>
   <div class='ocr_carea' id='block_1_11' title="bbox 472 1040 2128 1123">
    <p class='ocr_par' dir='ltr' id='par_1_11' title="bbox 472 1040 2128 1123">
     <span class='ocr_line' id='line_1_11' title="bbox 472 1040 2128 1123; baseline -0.001 -18"><span class='ocrx_word' id='word_1_55' title='bbox 472 1048 780 1123; x_wconf 79' lang='lat' dir='ltr'><strong>facientes,</strong></span> <span class='ocrx_word' id='word_1_56' title='bbox 799 1042 1132 1123; x_wconf 84' lang='lat' dir='ltr'><strong>quinetiam</strong></span> <span class='ocrx_word' id='word_1_57' title='bbox 1153 1041 1284 1119; x_wconf 89' lang='lat' dir='ltr'><strong>ejus</strong></span> <span class='ocrx_word' id='word_1_58' title='bbox 1297 1040 1777 1120; x_wconf 74' lang='lat' dir='ltr'><strong>explicationem,</strong></span> <span class='ocrx_word' id='word_1_59' title='bbox 1797 1042 1937 1120; x_wconf 87' lang='lat' dir='ltr'><strong>quid</strong></span> <span class='ocrx_word' id='word_1_60' title='bbox 1955 1043 2128 1122; x_wconf 81' lang='lat' dir='ltr'><strong>signi-</strong></span> 
     </span>
    </p>
   </div>
   <div class='ocr_carea' id='block_1_12' title="bbox 476 1128 2133 1212">
    <p class='ocr_par' dir='ltr' id='par_1_12' title="bbox 476 1128 2133 1212">
     <span class='ocr_line' id='line_1_12' title="bbox 476 1128 2133 1212; baseline -0.002 -17"><span class='ocrx_word' id='word_1_61' title='bbox 476 1136 617 1197; x_wconf 76' lang='lat' dir='ltr'><strong>ticet</strong></span> <span class='ocrx_word' id='word_1_62' title='bbox 641 1128 1580 1209; x_wconf 81' lang='lat' dir='ltr'><strong>calefacientes,rectescimus)2</strong></span> <span class='ocrx_word' id='word_1_63' title='bbox 1609 1140 1664 1191; x_wconf 91' lang='lat' dir='ltr'><strong>et</strong></span> <span class='ocrx_word' id='word_1_64' title='bbox 1695 1132 1881 1212; x_wconf 88' lang='lat' dir='ltr'><strong>siquis</strong></span> <span class='ocrx_word' id='word_1_65' title='bbox 1913 1132 2133 1193; x_wconf 79' lang='lat' dir='ltr'><strong>dixerit</strong></span> 
     </span>
    </p>
   </div>
   <div class='ocr_carea' id='block_1_13' title="bbox 475 1218 2126 1303">
    <p class='ocr_par' dir='ltr' id='par_1_13' title="bbox 475 1218 2126 1303">
     <span class='ocr_line' id='line_1_13' title="bbox 475 1218 2126 1303; baseline -0.002 -17"><span class='ocrx_word' id='word_1_66' title='bbox 475 1241 698 1286; x_wconf 89' lang='lat' dir='ltr'><strong>nomen</strong></span> <span class='ocrx_word' id='word_1_67' title='bbox 728 1222 922 1303; x_wconf 90' lang='lat' dir='ltr'><strong>ipsum</strong></span> <span class='ocrx_word' id='word_1_68' title='bbox 949 1220 1136 1299; x_wconf 85' lang='lat' dir='ltr'><strong>magis</strong></span> <span class='ocrx_word' id='word_1_69' title='bbox 1168 1218 1541 1281; x_wconf 85' lang='lat' dir='ltr'><strong>sensibiliter</strong></span> <span class='ocrx_word' id='word_1_70' title='bbox 1563 1221 1784 1300; x_wconf 82' lang='lat' dir='ltr'><strong>efferri,</strong></span> <span class='ocrx_word' id='word_1_71' title='bbox 1812 1239 1985 1301; x_wconf 87' lang='lat' dir='ltr'><strong>quam</strong></span> <span class='ocrx_word' id='word_1_72' title='bbox 2014 1241 2126 1283; x_wconf 81' lang='lat' dir='ltr'><strong>no-</strong></span> 
     </span>
    </p>
   </div>
   <div class='ocr_carea' id='block_1_14' title="bbox 477 1308 2131 1391">
    <p class='ocr_par' dir='ltr' id='par_1_14' title="bbox 477 1308 2131 1391">
     <span class='ocr_line' id='line_1_14' title="bbox 477 1308 2131 1391; baseline -0.001 -16"><span class='ocrx_word' id='word_1_73' title='bbox 477 1311 658 1375; x_wconf 87' lang='lat' dir='ltr'><strong>minis</strong></span> <span class='ocrx_word' id='word_1_74' title='bbox 689 1310 1283 1391; x_wconf 84' lang='lat' dir='ltr'><strong>interpretationem;</strong></span> <span class='ocrx_word' id='word_1_75' title='bbox 1320 1308 1575 1390; x_wconf 88' lang='lat' dir='ltr'><strong>primum</strong></span> <span class='ocrx_word' id='word_1_76' title='bbox 1604 1310 1845 1391; x_wconf 83' lang='lat' dir='ltr'><strong>quidem</strong></span> <span class='ocrx_word' id='word_1_77' title='bbox 1880 1312 2025 1373; x_wconf 84' lang='lat' dir='ltr'><strong>sciat</strong></span> <span class='ocrx_word' id='word_1_78' title='bbox 2046 1313 2131 1374; x_wconf 85' lang='lat' dir='ltr'><strong>fa-</strong></span> 
     </span>
    </p>
   </div>
   <div class='ocr_carea' id='block_1_15' title="bbox 477 1400 2130 1481">
    <p class='ocr_par' dir='ltr' id='par_1_15' title="bbox 477 1400 2130 1481">
     <span class='ocr_line' id='line_1_15' title="bbox 477 1400 2130 1481; baseline -0.001 -16"><span class='ocrx_word' id='word_1_79' title='bbox 477 1404 650 1465; x_wconf 88' lang='lat' dir='ltr'><strong>cilius</strong></span> <span class='ocrx_word' id='word_1_80' title='bbox 680 1417 902 1464; x_wconf 85' lang='lat' dir='ltr'><strong>nomen</strong></span> <span class='ocrx_word' id='word_1_81' title='bbox 927 1402 1057 1480; x_wconf 89' lang='lat' dir='ltr'><strong>capi</strong></span> <span class='ocrx_word' id='word_1_82' title='bbox 1081 1418 1254 1480; x_wconf 89' lang='lat' dir='ltr'><strong>quam</strong></span> <span class='ocrx_word' id='word_1_83' title='bbox 1281 1400 1413 1478; x_wconf 83' lang='lat' dir='ltr'><strong>ejus</strong></span> <span class='ocrx_word' id='word_1_84' title='bbox 1434 1400 1923 1481; x_wconf 86' lang='lat' dir='ltr'><strong>rationes,quoad</strong></span> <span class='ocrx_word' id='word_1_85' title='bbox 1952 1404 2130 1464; x_wconf 88' lang='lat' dir='ltr'><strong>intel-</strong></span> 
     </span>
    </p>
   </div>
   <div class='ocr_carea' id='block_1_16' title="bbox 478 1490 2129 1573">
    <p class='ocr_par' dir='ltr' id='par_1_16' title="bbox 478 1490 2129 1573">
     <span class='ocr_line' id='line_1_16' title="bbox 478 1490 2129 1573; baseline 0 -18"><span class='ocrx_word' id='word_1_86' title='bbox 478 1492 806 1573; x_wconf 81' lang='lat' dir='ltr'><strong>ligentiam,</strong></span> <span class='ocrx_word' id='word_1_87' title='bbox 873 1490 1039 1551; x_wconf 80' lang='lat' dir='ltr'><strong>verbi</strong></span> <span class='ocrx_word' id='word_1_88' title='bbox 1094 1490 1303 1571; x_wconf 77' lang='lat' dir='ltr'><strong>gratia,</strong></span> <span class='ocrx_word' id='word_1_89' title='bbox 1362 1490 1592 1552; x_wconf 81' lang='lat' dir='ltr'><strong>facilius</strong></span> <span class='ocrx_word' id='word_1_90' title='bbox 1624 1500 1713 1552; x_wconf 90' lang='lat' dir='ltr'><strong>est</strong></span> <span class='ocrx_word' id='word_1_91' title='bbox 1747 1494 2129 1571; x_wconf 84' lang='lat' dir='ltr'><strong>pronuntiare</strong></span> 
     </span>
    </p>
   </div>
   <div class='ocr_carea' id='block_1_17' title="bbox 476 1581 2126 1663">
    <p class='ocr_par' dir='ltr' id='par_1_17' title="bbox 476 1581 2126 1663">
     <span class='ocr_line' id='line_1_17' title="bbox 476 1581 2126 1663; baseline 0 -19"><span class='ocrx_word' id='word_1_92' title='bbox 476 1601 699 1645; x_wconf 85' lang='lat' dir='ltr'><strong>nomen</strong></span> <span class='ocrx_word' id='word_1_93' title='bbox 730 1581 1171 1655; x_wconf 88' lang='lat' dir='ltr'><strong>calefacientes,</strong></span> <span class='ocrx_word' id='word_1_94' title='bbox 1214 1598 1387 1659; x_wconf 83' lang='lat' dir='ltr'><strong>quam</strong></span> <span class='ocrx_word' id='word_1_95' title='bbox 1422 1581 1634 1642; x_wconf 88' lang='lat' dir='ltr'><strong>horum</strong></span> <span class='ocrx_word' id='word_1_96' title='bbox 1673 1582 2126 1663; x_wconf 76' lang='lat' dir='ltr'><strong>explicationem</strong></span> 
     </span>
    </p>
   </div>
   <div class='ocr_carea' id='block_1_18' title="bbox 476 1670 2130 1753">
    <p class='ocr_par' dir='ltr' id='par_1_18' title="bbox 476 1670 2130 1753">
     <span class='ocr_line' id='line_1_18' title="bbox 476 1670 2130 1753; baseline -0.001 -18"><span class='ocrx_word' id='word_1_97' title='bbox 476 1673 731 1749; x_wconf 67' lang='lat' dir='ltr'><strong>afferre;</strong></span> <span class='ocrx_word' id='word_1_98' title='bbox 785 1680 964 1753; x_wconf 81' lang='lat' dir='ltr'><strong>atque</strong></span> <span class='ocrx_word' id='word_1_99' title='bbox 1012 1670 1318 1733; x_wconf 83' lang='lat' dir='ltr'><strong>hominem</strong></span> <span class='ocrx_word' id='word_1_100' title='bbox 1375 1671 1690 1734; x_wconf 88' lang='lat' dir='ltr'><strong>nominare</strong></span> <span class='ocrx_word' id='word_1_101' title='bbox 1741 1674 1978 1735; x_wconf 75' lang='lat' dir='ltr'><strong>facilius</strong></span> <span class='ocrx_word' id='word_1_102' title='bbox 2019 1684 2130 1750; x_wconf 88' lang='lat' dir='ltr'><strong>est,</strong></span> 
     </span>
    </p>
   </div>
   <div class='ocr_carea' id='block_1_19' title="bbox 2208 592 3862 675">
    <p class='ocr_par' dir='ltr' id='par_1_19' title="bbox 2208 592 3862 675">
     <span class='ocr_line' id='line_1_19' title="bbox 2208 592 3862 675; baseline 0.001 -25"><span class='ocrx_word' id='word_1_103' title='bbox 2208 593 2262 650; x_wconf 80' lang='grc' dir='ltr'>δὲ</span> <span class='ocrx_word' id='word_1_104' title='bbox 2277 617 2306 651; x_wconf 89' lang='grc' dir='ltr'><strong>τ</strong></span> <span class='ocrx_word' id='word_1_105' title='bbox 2321 618 2363 660; x_wconf 92' lang='grc' dir='ltr'><strong>ις</strong></span> <span class='ocrx_word' id='word_1_106' title='bbox 2379 593 2525 673; x_wconf 75' lang='grc' dir='ltr'>λέγει</span> <span class='ocrx_word' id='word_1_107' title='bbox 2541 592 2753 674; x_wconf 83' lang='grc' dir='ltr'>,ὅτιχαί</span> <span class='ocrx_word' id='word_1_108' title='bbox 2774 595 2808 662; x_wconf 81' lang='grc' dir='ltr'>ἡ</span> <span class='ocrx_word' id='word_1_109' title='bbox 2831 595 2933 650; x_wconf 88' lang='grc' dir='ltr'><strong>τῶν</strong></span> <span class='ocrx_word' id='word_1_110' title='bbox 2959 594 3235 669; x_wconf 77' lang='grc' dir='ltr'><strong>ὀνομάτων</strong></span> <span class='ocrx_word' id='word_1_111' title='bbox 3258 592 3862 675; x_wconf 58' lang='grc' dir='ltr'>ἆρμηνείαχωρητικῶς</span> 
     </span>
    </p>
   </div>
   <div class='ocr_carea' id='block_1_20' title="bbox 2208 682 3864 765">
    <p class='ocr_par' dir='ltr' id='par_1_20' title="bbox 2208 682 3864 765">
     <span class='ocr_line' id='line_1_20' title="bbox 2208 682 3864 765; baseline -0.001 -23"><span class='ocrx_word' id='word_1_112' title='bbox 2208 691 2276 762; x_wconf 74' lang='grc' dir='ltr'>τῇ</span> <span class='ocrx_word' id='word_1_113' title='bbox 2308 684 2447 761; x_wconf 77' lang='grc' dir='ltr'><strong>ἂκοῇ</strong></span> <span class='ocrx_word' id='word_1_114' title='bbox 2475 686 2631 759; x_wconf 79' lang='grc' dir='ltr'>ἡμῶν</span> <span class='ocrx_word' id='word_1_115' title='bbox 2662 682 2899 765; x_wconf 80' lang='grc' dir='ltr'>λέγεται,</span> <span class='ocrx_word' id='word_1_116' title='bbox 2958 684 3045 740; x_wconf 82' lang='grc' dir='ltr'><strong>καὶ</strong></span> <span class='ocrx_word' id='word_1_117' title='bbox 3098 682 3287 740; x_wconf 79' lang='grc' dir='ltr'>λοιπὸν</span> <span class='ocrx_word' id='word_1_118' title='bbox 3347 686 3395 741; x_wconf 85' lang='grc' dir='ltr'><strong>τί</strong></span> <span class='ocrx_word' id='word_1_119' title='bbox 3424 684 3533 741; x_wconf 76' lang='grc' dir='ltr'>ἐστι</span> <span class='ocrx_word' id='word_1_120' title='bbox 3575 688 3638 742; x_wconf 80' lang='grc' dir='ltr'>τὸ</span> <span class='ocrx_word' id='word_1_121' title='bbox 3671 690 3864 753; x_wconf 77' lang='grc' dir='ltr'>νοητὸν</span> 
     </span>
    </p>
   </div>
   <div class='ocr_carea' id='block_1_21' title="bbox 2210 773 3866 852">
    <p class='ocr_par' dir='ltr' id='par_1_21' title="bbox 2210 773 3866 852">
     <span class='ocr_line' id='line_1_21' title="bbox 2210 773 3866 852; baseline 0.001 -21"><span class='ocrx_word' id='word_1_122' title='bbox 2210 777 2299 831; x_wconf 84' lang='grc' dir='ltr'><strong>καὶ</strong></span> <span class='ocrx_word' id='word_1_123' title='bbox 2326 773 2664 851; x_wconf 75' lang='grc' dir='ltr'>ὑψηλότερον</span> <span class='ocrx_word' id='word_1_124' title='bbox 2721 773 2838 851; x_wconf 83' lang='grc' dir='ltr'>(καὶ</span> <span class='ocrx_word' id='word_1_125' title='bbox 2894 774 2993 851; x_wconf 79' lang='grc' dir='ltr'><strong>γὰρ</strong></span> <span class='ocrx_word' id='word_1_126' title='bbox 3049 774 3382 851; x_wconf 79' lang='grc' dir='ltr'><strong>γινώσκομεν</strong></span> <span class='ocrx_word' id='word_1_127' title='bbox 3437 777 3499 831; x_wconf 83' lang='grc' dir='ltr'><strong>τὸ</strong></span> <span class='ocrx_word' id='word_1_128' title='bbox 3558 776 3746 852; x_wconf 75' lang='grc' dir='ltr'>ὄνομα,</span> <span class='ocrx_word' id='word_1_129' title='bbox 3783 776 3866 834; x_wconf 84' lang='grc' dir='ltr'><strong>ὅτι</strong></span> 
     </span>
    </p>
   </div>
   <div class='ocr_carea' id='block_1_22' title="bbox 2210 861 3864 944">
    <p class='ocr_par' dir='ltr' id='par_1_22' title="bbox 2210 861 3864 944">
     <span class='ocr_line' id='line_1_22' title="bbox 2210 861 3864 944; baseline 0.001 -24"><span class='ocrx_word' id='word_1_130' title='bbox 2210 866 2578 942; x_wconf 82' lang='grc' dir='ltr'>θερμαίνοντες</span> <span class='ocrx_word' id='word_1_131' title='bbox 2612 863 2801 943; x_wconf 71' lang='grc' dir='ltr'>τυχό),</span> <span class='ocrx_word' id='word_1_132' title='bbox 2836 861 2974 919; x_wconf 81' lang='grc' dir='ltr'>ἀλλὰ</span> <span class='ocrx_word' id='word_1_133' title='bbox 3030 866 3117 920; x_wconf 81' lang='grc' dir='ltr'><strong>καὶ</strong></span> <span class='ocrx_word' id='word_1_134' title='bbox 3171 864 3267 933; x_wconf 76' lang='grc' dir='ltr'><strong>τὴν</strong></span> <span class='ocrx_word' id='word_1_135' title='bbox 3315 862 3569 944; x_wconf 71' lang='grc' dir='ltr'>ἐξήγησιν</span> <span class='ocrx_word' id='word_1_136' title='bbox 3599 866 3864 944; x_wconf 84' lang='grc' dir='ltr'>γινώσκο-</span> 
     </span>
    </p>
   </div>
   <div class='ocr_carea' id='block_1_23' title="bbox 2214 952 3867 1035">
    <p class='ocr_par' dir='ltr' id='par_1_23' title="bbox 2214 952 3867 1035">
     <span class='ocr_line' id='line_1_23' title="bbox 2214 952 3867 1035; baseline 0.002 -25"><span class='ocrx_word' id='word_1_137' title='bbox 2214 976 2335 1035; x_wconf 84' lang='grc' dir='ltr'>μεν,</span> <span class='ocrx_word' id='word_1_138' title='bbox 2368 956 2416 1010; x_wconf 81' lang='grc' dir='ltr'><strong>τί</strong></span> <span class='ocrx_word' id='word_1_139' title='bbox 2454 952 2615 1021; x_wconf 76' lang='grc' dir='ltr'>δηλοῖ</span> <span class='ocrx_word' id='word_1_140' title='bbox 2643 954 2705 1009; x_wconf 73' lang='grc' dir='ltr'>τὸ</span> <span class='ocrx_word' id='word_1_141' title='bbox 2756 952 3175 1034; x_wconf 53' lang='lat' dir='ltr'><strong>“captandam-rec)“</strong></span> <span class='ocrx_word' id='word_1_142' title='bbox 3236 955 3325 1011; x_wconf 79' lang='grc' dir='ltr'><strong>καί</strong></span> <span class='ocrx_word' id='word_1_143' title='bbox 3378 956 3431 1011; x_wconf 87' lang='grc' dir='ltr'><strong>τί</strong></span> <span class='ocrx_word' id='word_1_144' title='bbox 3486 954 3549 1011; x_wconf 77' lang='grc' dir='ltr'>ἅν</span> <span class='ocrx_word' id='word_1_145' title='bbox 3606 954 3752 1012; x_wconf 73' lang='grc' dir='ltr'>εἴποι</span> <span class='ocrx_word' id='word_1_146' title='bbox 3785 980 3867 1021; x_wconf 85' lang='grc' dir='ltr'><strong>τις</strong></span> 
     </span>
    </p>
   </div>
   <div class='ocr_carea' id='block_1_24' title="bbox 2213 1041 3866 1125">
    <p class='ocr_par' dir='ltr' id='par_1_24' title="bbox 2213 1041 3866 1125">
     <span class='ocr_line' id='line_1_24' title="bbox 2213 1041 3866 1125; baseline 0.001 -25"><span class='ocrx_word' id='word_1_147' title='bbox 2213 1046 2273 1101; x_wconf 79' lang='grc' dir='ltr'>τὸ</span> <span class='ocrx_word' id='word_1_148' title='bbox 2331 1042 2497 1119; x_wconf 70' lang='grc' dir='ltr'>ὄνομα</span> <span class='ocrx_word' id='word_1_149' title='bbox 2559 1044 2820 1110; x_wconf 80' lang='grc' dir='ltr'><strong>αἰσθητῶς</strong></span> <span class='ocrx_word' id='word_1_150' title='bbox 2854 1041 3125 1125; x_wconf 78' lang='grc' dir='ltr'>λέγεσθαι,</span> <span class='ocrx_word' id='word_1_151' title='bbox 3180 1041 3341 1101; x_wconf 76' lang='grc' dir='ltr'>πλέον</span> <span class='ocrx_word' id='word_1_152' title='bbox 3400 1050 3497 1111; x_wconf 73' lang='grc' dir='ltr'>τῆς</span> <span class='ocrx_word' id='word_1_153' title='bbox 3558 1045 3866 1123; x_wconf 69' lang='grc' dir='ltr'>ἐξηγήσεως</span> 
     </span>
    </p>
   </div>
   <div class='ocr_carea' id='block_1_25' title="bbox 2213 1131 3862 1211">
    <p class='ocr_par' dir='ltr' id='par_1_25' title="bbox 2213 1131 3862 1211">
     <span class='ocr_line' id='line_1_25' title="bbox 2213 1131 3862 1211; baseline 0.001 -21"><span class='ocrx_word' id='word_1_154' title='bbox 2213 1137 2306 1190; x_wconf 76' lang='grc' dir='ltr'>τοῦ</span> <span class='ocrx_word' id='word_1_155' title='bbox 2334 1135 2619 1210; x_wconf 78' lang='grc' dir='ltr'>ὀνόματος·</span> <span class='ocrx_word' id='word_1_156' title='bbox 2653 1131 2982 1211; x_wconf 70' lang='grc' dir='ltr'><strong>γινωσκέτω,</strong></span> <span class='ocrx_word' id='word_1_157' title='bbox 3013 1139 3223 1207; x_wconf 85' lang='grc' dir='ltr'>πρῶτον</span> <span class='ocrx_word' id='word_1_158' title='bbox 3254 1134 3378 1209; x_wconf 73' lang='grc' dir='ltr'>μὲν,</span> <span class='ocrx_word' id='word_1_159' title='bbox 3441 1135 3523 1191; x_wconf 69' lang='grc' dir='ltr'><strong>ὃτι</strong></span> <span class='ocrx_word' id='word_1_160' title='bbox 3582 1134 3862 1201; x_wconf 73' lang='grc' dir='ltr'>εὔληπτό-</span> 
     </span>
    </p>
   </div>
   <div class='ocr_carea' id='block_1_26' title="bbox 2211 1220 3871 1303">
    <p class='ocr_par' dir='ltr' id='par_1_26' title="bbox 2211 1220 3871 1303">
     <span class='ocr_line' id='line_1_26' title="bbox 2211 1220 3871 1303; baseline 0.001 -23"><span class='ocrx_word' id='word_1_161' title='bbox 2211 1223 2363 1303; x_wconf 86' lang='grc' dir='ltr'>τερόν</span> <span class='ocrx_word' id='word_1_162' title='bbox 2395 1223 2504 1280; x_wconf 80' lang='grc' dir='ltr'>ἐστι</span> <span class='ocrx_word' id='word_1_163' title='bbox 2536 1225 2597 1280; x_wconf 85' lang='grc' dir='ltr'><strong>τὸ</strong></span> <span class='ocrx_word' id='word_1_164' title='bbox 2630 1222 2823 1303; x_wconf 71' lang='grc' dir='ltr'>ὄνομα,</span> <span class='ocrx_word' id='word_1_165' title='bbox 2843 1220 2968 1301; x_wconf 81' lang='grc' dir='ltr'>παρ’</span> <span class='ocrx_word' id='word_1_166' title='bbox 2999 1222 3027 1278; x_wconf 79' lang='grc' dir='ltr'>ὅ</span> <span class='ocrx_word' id='word_1_167' title='bbox 3061 1226 3107 1280; x_wconf 79' lang='grc' dir='ltr'>οἱ</span> <span class='ocrx_word' id='word_1_168' title='bbox 3138 1224 3289 1303; x_wconf 81' lang='grc' dir='ltr'>λόγοι</span> <span class='ocrx_word' id='word_1_169' title='bbox 3348 1225 3472 1281; x_wconf 83' lang='grc' dir='ltr'>ὅσον</span> <span class='ocrx_word' id='word_1_170' title='bbox 3505 1226 3578 1287; x_wconf 86' lang='grc' dir='ltr'><strong>εἰς</strong></span> <span class='ocrx_word' id='word_1_171' title='bbox 3602 1229 3871 1292; x_wconf 77' lang='grc' dir='ltr'>κατανόη-</span> 
     </span>
    </p>
   </div>
   <div class='ocr_carea' id='block_1_27' title="bbox 2213 1311 3871 1391">
    <p class='ocr_par' dir='ltr' id='par_1_27' title="bbox 2213 1311 3871 1391">
     <span class='ocr_line' id='line_1_27' title="bbox 2213 1311 3871 1391; baseline 0.001 -22"><span class='ocrx_word' id='word_1_172' title='bbox 2213 1332 2317 1370; x_wconf 78' lang='grc' dir='ltr'>σιν¹</span> <span class='ocrx_word' id='word_1_173' title='bbox 2351 1311 2518 1391; x_wconf 67' lang='grc' dir='ltr'>ἤγουν</span> <span class='ocrx_word' id='word_1_174' title='bbox 2549 1313 2610 1368; x_wconf 82' lang='grc' dir='ltr'>τὸ</span> <span class='ocrx_word' id='word_1_175' title='bbox 2655 1311 2835 1367; x_wconf 80' lang='grc' dir='ltr'>εέπεϊν</span> <span class='ocrx_word' id='word_1_176' title='bbox 2894 1313 3291 1389; x_wconf 79' lang='grc' dir='ltr'>θερμαίνοντας,</span> <span class='ocrx_word' id='word_1_177' title='bbox 3357 1314 3387 1381; x_wconf 77' lang='grc' dir='ltr'>ἢ</span> <span class='ocrx_word' id='word_1_178' title='bbox 3446 1314 3505 1369; x_wconf 85' lang='grc' dir='ltr'>τὸ</span> <span class='ocrx_word' id='word_1_179' title='bbox 3568 1316 3738 1371; x_wconf 79' lang='grc' dir='ltr'>εἰπεῖν</span> <span class='ocrx_word' id='word_1_180' title='bbox 3769 1316 3871 1384; x_wconf 76' lang='grc' dir='ltr'><strong>τὴν</strong></span> 
     </span>
    </p>
   </div>
   <div class='ocr_carea' id='block_1_28' title="bbox 2212 1402 3875 1482">
    <p class='ocr_par' dir='ltr' id='par_1_28' title="bbox 2212 1402 3875 1482">
     <span class='ocr_line' id='line_1_28' title="bbox 2212 1402 3875 1482; baseline -0.001 -21"><span class='ocrx_word' id='word_1_181' title='bbox 2212 1404 2415 1461; x_wconf 75' lang='grc' dir='ltr'>τούτων</span> <span class='ocrx_word' id='word_1_182' title='bbox 2448 1402 2702 1481; x_wconf 78' lang='grc' dir='ltr'><strong>ἐξήγησιν</strong></span> <span class='ocrx_word' id='word_1_183' title='bbox 2746 1403 2835 1459; x_wconf 84' lang='grc' dir='ltr'><strong>καὶ</strong></span> <span class='ocrx_word' id='word_1_184' title='bbox 2886 1404 2947 1459; x_wconf 82' lang='grc' dir='ltr'>τὸ</span> <span class='ocrx_word' id='word_1_185' title='bbox 2997 1404 3168 1460; x_wconf 76' lang='grc' dir='ltr'>εἰπεῖν</span> <span class='ocrx_word' id='word_1_186' title='bbox 3200 1403 3493 1482; x_wconf 68' lang='grc' dir='ltr'>ἄνθρωπον,</span> <span class='ocrx_word' id='word_1_187' title='bbox 3542 1407 3577 1473; x_wconf 66' lang='grc' dir='ltr'>ἢ</span> <span class='ocrx_word' id='word_1_188' title='bbox 3607 1407 3667 1461; x_wconf 81' lang='grc' dir='ltr'>τὸ</span> <span class='ocrx_word' id='word_1_189' title='bbox 3698 1406 3875 1462; x_wconf 70' lang='grc' dir='ltr'>εἰπεῖν</span> 
     </span>
    </p>
   </div>
   <div class='ocr_carea' id='block_1_29' title="bbox 2211 1492 3871 1573">
    <p class='ocr_par' dir='ltr' id='par_1_29' title="bbox 2211 1492 3871 1573">
     <span class='ocr_line' id='line_1_29' title="bbox 2211 1492 3871 1573; baseline 0.001 -23"><span class='ocrx_word' id='word_1_190' title='bbox 2211 1496 2303 1551; x_wconf 80' lang='grc' dir='ltr'><strong>τὸν</strong></span> <span class='ocrx_word' id='word_1_191' title='bbox 2334 1495 2556 1571; x_wconf 77' lang='grc' dir='ltr'>ὁρισμὸν</span> <span class='ocrx_word' id='word_1_192' title='bbox 2604 1493 2784 1551; x_wconf 74' lang='grc' dir='ltr'><strong>αὗτοῦ’</strong></span> <span class='ocrx_word' id='word_1_193' title='bbox 2834 1492 2896 1548; x_wconf 79' lang='grc' dir='ltr'><strong>τό</strong></span> <span class='ocrx_word' id='word_1_194' title='bbox 2942 1493 3041 1568; x_wconf 77' lang='grc' dir='ltr'><strong>μὲν</strong></span> <span class='ocrx_word' id='word_1_195' title='bbox 3084 1493 3185 1571; x_wconf 80' lang='grc' dir='ltr'><strong>γὰρ</strong></span> <span class='ocrx_word' id='word_1_196' title='bbox 3231 1496 3389 1573; x_wconf 70' lang='grc' dir='ltr'>ἔγγὺς</span> <span class='ocrx_word' id='word_1_197' title='bbox 3422 1496 3517 1561; x_wconf 80' lang='grc' dir='ltr'>τῆς</span> <span class='ocrx_word' id='word_1_198' title='bbox 3550 1496 3871 1567; x_wconf 72' lang='grc' dir='ltr'>αἰσθήσεως,</span> 
     </span>
    </p>
   </div>
   <div class='ocr_carea' id='block_1_30' title="bbox 2216 1581 3874 1662">
    <p class='ocr_par' dir='ltr' id='par_1_30' title="bbox 2216 1581 3874 1662">
     <span class='ocr_line' id='line_1_30' title="bbox 2216 1581 3874 1662; baseline 0.001 -22"><span class='ocrx_word' id='word_1_199' title='bbox 2216 1585 2274 1640; x_wconf 73' lang='grc' dir='ltr'>τὸ</span> <span class='ocrx_word' id='word_1_200' title='bbox 2300 1582 2355 1639; x_wconf 76' lang='grc' dir='ltr'><strong>δὲ</strong></span> <span class='ocrx_word' id='word_1_201' title='bbox 2385 1582 2545 1660; x_wconf 92' lang='grc' dir='ltr'>λόγου</span> <span class='ocrx_word' id='word_1_202' title='bbox 2602 1584 2690 1639; x_wconf 74' lang='grc' dir='ltr'><strong>καὶ</strong></span> <span class='ocrx_word' id='word_1_203' title='bbox 2751 1582 3040 1659; x_wconf 81' lang='grc' dir='ltr'>ἑρμηνείας</span> <span class='ocrx_word' id='word_1_204' title='bbox 3098 1581 3297 1647; x_wconf 77' lang='grc' dir='ltr'>δεῖται,</span> <span class='ocrx_word' id='word_1_205' title='bbox 3358 1586 3417 1643; x_wconf 83' lang='grc' dir='ltr'>Τί</span> <span class='ocrx_word' id='word_1_206' title='bbox 3470 1592 3593 1662; x_wconf 81' lang='grc' dir='ltr'>γοῦν</span> <span class='ocrx_word' id='word_1_207' title='bbox 3622 1583 3789 1657; x_wconf 78' lang='grc' dir='ltr'>ξένον,</span> <span class='ocrx_word' id='word_1_208' title='bbox 3827 1588 3874 1641; x_wconf 90' lang='grc' dir='ltr'><strong>εἰ</strong></span> 
     </span>
    </p>
   </div>
   <div class='ocr_carea' id='block_1_31' title="bbox 2218 1672 3876 1752">
    <p class='ocr_par' dir='ltr' id='par_1_31' title="bbox 2218 1672 3876 1752">
     <span class='ocr_line' id='line_1_31' title="bbox 2218 1672 3876 1752; baseline -0.001 -21"><span class='ocrx_word' id='word_1_209' title='bbox 2218 1675 2307 1731; x_wconf 81' lang='grc' dir='ltr'><strong>καὶ</strong></span> <span class='ocrx_word' id='word_1_210' title='bbox 2339 1673 2564 1729; x_wconf 64' lang='grc' dir='ltr'>ἐνταῦθα</span> <span class='ocrx_word' id='word_1_211' title='bbox 2594 1674 2681 1729; x_wconf 83' lang='grc' dir='ltr'><strong>καὶ</strong></span> <span class='ocrx_word' id='word_1_212' title='bbox 2714 1672 2805 1728; x_wconf 72' lang='grc' dir='ltr'>τοῦ</span> <span class='ocrx_word' id='word_1_213' title='bbox 2858 1672 3121 1747; x_wconf 79' lang='grc' dir='ltr'>ὀνόματος</span> <span class='ocrx_word' id='word_1_214' title='bbox 3175 1679 3279 1730; x_wconf 75' lang='grc' dir='ltr'><strong>τῶν</strong></span> <span class='ocrx_word' id='word_1_215' title='bbox 3339 1675 3589 1752; x_wconf 66' lang='grc' dir='ltr'>οὐρανίων</span> <span class='ocrx_word' id='word_1_216' title='bbox 3635 1675 3876 1744; x_wconf 75' lang='grc' dir='ltr'>αἰσθήσει</span> 
     </span>
    </p>
   </div>
   <div class='ocr_carea' id='block_1_32' title="bbox 482 1761 2139 1845">
    <p class='ocr_par' dir='ltr' id='par_1_32' title="bbox 482 1761 2135 1844">
     <span class='ocr_line' id='line_1_32' title="bbox 482 1761 2135 1844; baseline 0.001 -20"><span class='ocrx_word' id='word_1_217' title='bbox 482 1780 658 1844; x_wconf 84' lang='lat' dir='ltr'><strong>quam</strong></span> <span class='ocrx_word' id='word_1_218' title='bbox 696 1762 826 1841; x_wconf 87' lang='lat' dir='ltr'><strong>ejus</strong></span> <span class='ocrx_word' id='word_1_219' title='bbox 854 1761 1265 1823; x_wconf 82' lang='lat' dir='ltr'><strong>definitionem</strong></span> <span class='ocrx_word' id='word_1_220' title='bbox 1296 1761 1562 1826; x_wconf 80' lang='lat' dir='ltr'><strong>tradere:</strong></span> <span class='ocrx_word' id='word_1_221' title='bbox 1591 1762 1738 1826; x_wconf 88' lang='lat' dir='ltr'><strong>illud</strong></span> <span class='ocrx_word' id='word_1_222' title='bbox 1764 1770 1918 1825; x_wconf 86' lang='lat' dir='ltr'><strong>enim</strong></span> <span class='ocrx_word' id='word_1_223' title='bbox 1956 1783 2135 1826; x_wconf 76' lang='lat' dir='ltr'><strong>sensu</strong></span> 
     </span>
    </p>
   </div>
   <div class='ocr_carea' id='block_1_33' title="bbox 2223 1761 3874 1845">
    <p class='ocr_par' dir='ltr' id='par_1_33' title="bbox 2223 1762 3874 1842">
     <span class='ocr_line' id='line_1_33' title="bbox 2223 1762 3874 1842; baseline 0.002 -21"><span class='ocrx_word' id='word_1_224' title='bbox 2223 1770 2287 1840; x_wconf 74' lang='grc' dir='ltr'>τῇ</span> <span class='ocrx_word' id='word_1_225' title='bbox 2317 1764 2453 1840; x_wconf 80' lang='grc' dir='ltr'><strong>ἂκοῇ</strong></span> <span class='ocrx_word' id='word_1_226' title='bbox 2481 1765 2897 1842; x_wconf 78' lang='grc' dir='ltr'>ὑποπίπτοντος,</span> <span class='ocrx_word' id='word_1_227' title='bbox 2960 1762 3098 1819; x_wconf 74' lang='grc' dir='ltr'>ἀλλὰ</span> <span class='ocrx_word' id='word_1_228' title='bbox 3150 1766 3237 1819; x_wconf 84' lang='grc' dir='ltr'><strong>καὶ</strong></span> <span class='ocrx_word' id='word_1_229' title='bbox 3295 1764 3390 1831; x_wconf 74' lang='grc' dir='ltr'>τῆς</span> <span class='ocrx_word' id='word_1_230' title='bbox 3449 1763 3739 1830; x_wconf 84' lang='grc' dir='ltr'>δηλώσεως</span> <span class='ocrx_word' id='word_1_231' title='bbox 3775 1774 3874 1824; x_wconf 78' lang='grc' dir='ltr'><strong>τοῦ</strong></span> 
     </span>
    </p>
   </div>
   <div class='ocr_carea' id='block_1_34' title="bbox 483 1852 2137 1934">
    <p class='ocr_par' dir='ltr' id='par_1_34' title="bbox 483 1852 2137 1934">
     <span class='ocr_line' id='line_1_34' title="bbox 483 1852 2137 1934; baseline 0.001 -19"><span class='ocrx_word' id='word_1_232' title='bbox 483 1852 751 1927; x_wconf 88' lang='lat' dir='ltr'><strong>obvium,</strong></span> <span class='ocrx_word' id='word_1_233' title='bbox 801 1852 873 1913; x_wconf 89' lang='lat' dir='ltr'><strong>ad</strong></span> <span class='ocrx_word' id='word_1_234' title='bbox 928 1852 1041 1913; x_wconf 87' lang='lat' dir='ltr'><strong>hoc</strong></span> <span class='ocrx_word' id='word_1_235' title='bbox 1092 1870 1230 1912; x_wconf 84' lang='lat' dir='ltr'><strong>vero</strong></span> <span class='ocrx_word' id='word_1_236' title='bbox 1262 1854 1491 1914; x_wconf 80' lang='lat' dir='ltr'><strong>ratione</strong></span> <span class='ocrx_word' id='word_1_237' title='bbox 1542 1872 1607 1914; x_wconf 86' lang='lat' dir='ltr'><strong>ac</strong></span> <span class='ocrx_word' id='word_1_238' title='bbox 1646 1854 2137 1934; x_wconf 69' lang='lat' dir='ltr'><strong>interpretatione</strong></span> 
     </span>
    </p>
   </div>
   <div class='ocr_carea' id='block_1_35' title="bbox 484 1941 2135 2024">
    <p class='ocr_par' dir='ltr' id='par_1_35' title="bbox 484 1941 2135 2024">
     <span class='ocr_line' id='line_1_35' title="bbox 484 1941 2135 2024; baseline 0 -19"><span class='ocrx_word' id='word_1_239' title='bbox 484 1961 633 2024; x_wconf 88' lang='lat' dir='ltr'><strong>opus</strong></span> <span class='ocrx_word' id='word_1_240' title='bbox 652 1951 759 2004; x_wconf 89' lang='lat' dir='ltr'><strong>est.</strong></span> <span class='ocrx_word' id='word_1_241' title='bbox 795 1941 947 2015; x_wconf 85' lang='lat' dir='ltr'><strong>Quid</strong></span> <span class='ocrx_word' id='word_1_242' title='bbox 972 1942 1149 2021; x_wconf 83' lang='lat' dir='ltr'><strong>igitur</strong></span> <span class='ocrx_word' id='word_1_243' title='bbox 1181 1960 1418 2020; x_wconf 87' lang='lat' dir='ltr'><strong>novum,</strong></span> <span class='ocrx_word' id='word_1_244' title='bbox 1443 1943 1491 2003; x_wconf 92' lang='lat' dir='ltr'><strong>si</strong></span> <span class='ocrx_word' id='word_1_245' title='bbox 1522 1944 1699 2006; x_wconf 86' lang='lat' dir='ltr'><strong>etiam</strong></span> <span class='ocrx_word' id='word_1_246' title='bbox 1725 1944 1843 2015; x_wconf 86' lang='lat' dir='ltr'><strong>hic,</strong></span> <span class='ocrx_word' id='word_1_247' title='bbox 1883 1955 1996 2005; x_wconf 82' lang='lat' dir='ltr'><strong>tam</strong></span> <span class='ocrx_word' id='word_1_248' title='bbox 2027 1966 2135 2005; x_wconf 87' lang='lat' dir='ltr'><strong>no-</strong></span> 
     </span>
    </p>
   </div>
   <div class='ocr_carea' id='block_1_36' title="bbox 485 2032 2139 2114">
    <p class='ocr_par' dir='ltr' id='par_1_36' title="bbox 485 2032 2139 2114">
     <span class='ocr_line' id='line_1_36' title="bbox 485 2032 2139 2114; baseline 0 -19"><span class='ocrx_word' id='word_1_249' title='bbox 485 2032 647 2095; x_wconf 90' lang='lat' dir='ltr'><strong>mine</strong></span> <span class='ocrx_word' id='word_1_250' title='bbox 667 2050 868 2095; x_wconf 87' lang='lat' dir='ltr'><strong>rerum</strong></span> <span class='ocrx_word' id='word_1_251' title='bbox 900 2032 1235 2093; x_wconf 78' lang='lat' dir='ltr'><strong>cmlestium</strong></span> <span class='ocrx_word' id='word_1_252' title='bbox 1262 2052 1439 2113; x_wconf 85' lang='lat' dir='ltr'><strong>quam</strong></span> <span class='ocrx_word' id='word_1_253' title='bbox 1462 2033 1722 2094; x_wconf 86' lang='lat' dir='ltr'><strong>nominis</strong></span> <span class='ocrx_word' id='word_1_254' title='bbox 1743 2034 2045 2114; x_wconf 68' lang='lat' dir='ltr'><strong>explicatit</strong></span> <span class='ocrx_word' id='word_1_255' title='bbox 2067 2053 2139 2095; x_wconf 89' lang='lat' dir='ltr'><strong>ne</strong></span> 
     </span>
    </p>
   </div>
   <div class='ocr_carea' id='block_1_37' title="bbox 484 2122 2137 2197">
    <p class='ocr_par' dir='ltr' id='par_1_37' title="bbox 484 2122 2137 2197">
     <span class='ocr_line' id='line_1_37' title="bbox 484 2122 2137 2197; baseline 0.001 -13"><span class='ocrx_word' id='word_1_256' title='bbox 484 2123 595 2185; x_wconf 88' lang='lat' dir='ltr'><strong>sub</strong></span> <span class='ocrx_word' id='word_1_257' title='bbox 628 2140 871 2185; x_wconf 90' lang='lat' dir='ltr'><strong>sensum</strong></span> <span class='ocrx_word' id='word_1_258' title='bbox 904 2122 1143 2183; x_wconf 86' lang='lat' dir='ltr'><strong>auditus</strong></span> <span class='ocrx_word' id='word_1_259' title='bbox 1166 2123 1441 2197; x_wconf 85' lang='lat' dir='ltr'><strong>cadente,</strong></span> <span class='ocrx_word' id='word_1_260' title='bbox 1466 2123 1855 2185; x_wconf 84' lang='lat' dir='ltr'><strong>nihilominus</strong></span> <span class='ocrx_word' id='word_1_261' title='bbox 1884 2124 2137 2185; x_wconf 88' lang='lat' dir='ltr'><strong>dicimus</strong></span> 
     </span>
    </p>
   </div>
   <div class='ocr_carea' id='block_1_38' title="bbox 483 2208 2140 2294">
    <p class='ocr_par' dir='ltr' id='par_1_38' title="bbox 483 2208 2140 2294">
     <span class='ocr_line' id='line_1_38' title="bbox 483 2208 2140 2294; baseline -0.001 -19"><span class='ocrx_word' id='word_1_262' title='bbox 483 2232 594 2275; x_wconf 91' lang='lat' dir='ltr'><strong>nos</strong></span> <span class='ocrx_word' id='word_1_263' title='bbox 613 2211 801 2292; x_wconf 80' lang='lat' dir='ltr'><strong>magis</strong></span> <span class='ocrx_word' id='word_1_264' title='bbox 821 2211 1191 2274; x_wconf 88' lang='lat' dir='ltr'><strong>sensibiliter</strong></span> <span class='ocrx_word' id='word_1_265' title='bbox 1213 2208 1627 2274; x_wconf 84' lang='lat' dir='ltr'><strong>demonstrare</strong></span> <span class='ocrx_word' id='word_1_266' title='bbox 1650 2213 1870 2293; x_wconf 89' lang='lat' dir='ltr'><strong>aliquid</strong></span> <span class='ocrx_word' id='word_1_267' title='bbox 1900 2233 2005 2294; x_wconf 84' lang='lat' dir='ltr'><strong>per</strong></span> <span class='ocrx_word' id='word_1_268' title='bbox 2026 2233 2140 2275; x_wconf 87' lang='lat' dir='ltr'><strong>no-</strong></span> 
     </span>
    </p>
   </div>
   <div class='ocr_carea' id='block_1_39' title="bbox 487 2302 2141 2384">
    <p class='ocr_par' dir='ltr' id='par_1_39' title="bbox 487 2302 2141 2384">
     <span class='ocr_line' id='line_1_39' title="bbox 487 2302 2141 2384; baseline 0.001 -20"><span class='ocrx_word' id='word_1_269' title='bbox 487 2321 627 2364; x_wconf 91' lang='lat' dir='ltr'><strong>men</strong></span> <span class='ocrx_word' id='word_1_270' title='bbox 658 2320 832 2384; x_wconf 89' lang='lat' dir='ltr'><strong>quam</strong></span> <span class='ocrx_word' id='word_1_271' title='bbox 861 2320 969 2382; x_wconf 80' lang='lat' dir='ltr'><strong>per</strong></span> <span class='ocrx_word' id='word_1_272' title='bbox 996 2302 1259 2364; x_wconf 86' lang='lat' dir='ltr'><strong>nominis</strong></span> <span class='ocrx_word' id='word_1_273' title='bbox 1281 2302 1777 2383; x_wconf 81' lang='lat' dir='ltr'><strong>explicationem?</strong></span> <span class='ocrx_word' id='word_1_274' title='bbox 1808 2304 2005 2384; x_wconf 86' lang='lat' dir='ltr'><strong>Atque</strong></span> <span class='ocrx_word' id='word_1_275' title='bbox 2030 2305 2141 2365; x_wconf 90' lang='lat' dir='ltr'><strong>hoc</strong></span> 
     </span>
    </p>
   </div>
   <div class='ocr_carea' id='block_1_40' title="bbox 487 2391 2139 2473">
    <p class='ocr_par' dir='ltr' id='par_1_40' title="bbox 487 2391 2139 2473">
     <span class='ocr_line' id='line_1_40' title="bbox 487 2391 2139 2473; baseline 0 -19"><span class='ocrx_word' id='word_1_276' title='bbox 487 2392 729 2473; x_wconf 88' lang='lat' dir='ltr'><strong>quidem</strong></span> <span class='ocrx_word' id='word_1_277' title='bbox 759 2392 1039 2472; x_wconf 90' lang='lat' dir='ltr'><strong>primum.</strong></span> <span class='ocrx_word' id='word_1_278' title='bbox 1062 2391 1401 2454; x_wconf 87' lang='lat' dir='ltr'><strong>Secundum</strong></span> <span class='ocrx_word' id='word_1_279' title='bbox 1428 2410 1593 2466; x_wconf 89' lang='lat' dir='ltr'><strong>vero,</strong></span> <span class='ocrx_word' id='word_1_280' title='bbox 1617 2393 1772 2473; x_wconf 90' lang='lat' dir='ltr'><strong>quod</strong></span> <span class='ocrx_word' id='word_1_281' title='bbox 1799 2394 1994 2455; x_wconf 88' lang='lat' dir='ltr'><strong>denuo</strong></span> <span class='ocrx_word' id='word_1_282' title='bbox 2023 2414 2139 2454; x_wconf 70' lang='lat' dir='ltr'><strong>non</strong></span> 
     </span>
    </p>
   </div>
   <div class='ocr_carea' id='block_1_41' title="bbox 487 2481 2144 2564">
    <p class='ocr_par' dir='ltr' id='par_1_41' title="bbox 487 2481 2144 2564">
     <span class='ocr_line' id='line_1_41' title="bbox 487 2481 2144 2564; baseline 0.001 -21"><span class='ocrx_word' id='word_1_283' title='bbox 487 2490 716 2546; x_wconf 88' lang='lat' dir='ltr'><strong>tantum</strong></span> <span class='ocrx_word' id='word_1_284' title='bbox 738 2481 1221 2564; x_wconf 83' lang='lat' dir='ltr'><strong>interpretationi</strong></span> <span class='ocrx_word' id='word_1_285' title='bbox 1246 2483 1661 2561; x_wconf 87' lang='lat' dir='ltr'><strong>immoramur,</strong></span> <span class='ocrx_word' id='word_1_286' title='bbox 1689 2484 1855 2564; x_wconf 83' lang='lat' dir='ltr'><strong>quasi</strong></span> <span class='ocrx_word' id='word_1_287' title='bbox 1878 2483 2025 2545; x_wconf 84' lang='lat' dir='ltr'><strong>nihil</strong></span> <span class='ocrx_word' id='word_1_288' title='bbox 2049 2502 2144 2544; x_wconf 74' lang='lat' dir='ltr'><strong>su~</strong></span> 
     </span>
    </p>
   </div>
   <div class='ocr_carea' id='block_1_42' title="bbox 487 2571 2139 2653">
    <p class='ocr_par' dir='ltr' id='par_1_42' title="bbox 487 2571 2139 2653">
     <span class='ocr_line' id='line_1_42' title="bbox 487 2571 2139 2653; baseline -0.001 -18"><span class='ocrx_word' id='word_1_289' title='bbox 487 2571 754 2653; x_wconf 90' lang='lat' dir='ltr'><strong>blimius,</strong></span> <span class='ocrx_word' id='word_1_290' title='bbox 781 2574 939 2653; x_wconf 87' lang='lat' dir='ltr'><strong>quod</strong></span> <span class='ocrx_word' id='word_1_291' title='bbox 963 2572 1319 2653; x_wconf 82' lang='lat' dir='ltr'><strong>cogitemus,</strong></span> <span class='ocrx_word' id='word_1_292' title='bbox 1343 2572 1703 2649; x_wconf 88' lang='lat' dir='ltr'><strong>habeamus;</strong></span> <span class='ocrx_word' id='word_1_293' title='bbox 1726 2592 1926 2635; x_wconf 88' lang='lat' dir='ltr'><strong>verum</strong></span> <span class='ocrx_word' id='word_1_294' title='bbox 1963 2572 2139 2636; x_wconf 82' lang='lat' dir='ltr'><strong>etiam</strong></span> 
     </span>
    </p>
   </div>
   <div class='ocr_carea' id='block_1_43' title="bbox 492 2662 2141 2743">
    <p class='ocr_par' dir='ltr' id='par_1_43' title="bbox 492 2662 2141 2743">
     <span class='ocr_line' id='line_1_43' title="bbox 492 2662 2141 2743; baseline 0 -20"><span class='ocrx_word' id='word_1_295' title='bbox 492 2662 684 2743; x_wconf 87' lang='lat' dir='ltr'><strong>ipsam</strong></span> <span class='ocrx_word' id='word_1_296' title='bbox 724 2674 1017 2743; x_wconf 83' lang='lat' dir='ltr'><strong>praeterea</strong></span> <span class='ocrx_word' id='word_1_297' title='bbox 1048 2663 1603 2743; x_wconf 81' lang='lat' dir='ltr'><strong>interpretationem</strong></span> <span class='ocrx_word' id='word_1_298' title='bbox 1630 2671 1829 2725; x_wconf 88' lang='lat' dir='ltr'><strong>mente</strong></span> <span class='ocrx_word' id='word_1_299' title='bbox 1861 2665 2141 2724; x_wconf 86' lang='lat' dir='ltr'><strong>recondi—</strong></span> 
     </span>
    </p>
   </div>
   <div class='ocr_carea' id='block_1_44' title="bbox 495 2752 2141 2831">
    <p class='ocr_par' dir='ltr' id='par_1_44' title="bbox 495 2752 2141 2831">
     <span class='ocr_line' id='line_1_44' title="bbox 495 2752 2141 2831; baseline 0.001 -19"><span class='ocrx_word' id='word_1_300' title='bbox 495 2771 652 2831; x_wconf 86' lang='lat' dir='ltr'><strong>mus,</strong></span> <span class='ocrx_word' id='word_1_301' title='bbox 674 2761 728 2814; x_wconf 88' lang='lat' dir='ltr'><strong>et</strong></span> <span class='ocrx_word' id='word_1_302' title='bbox 752 2752 893 2815; x_wconf 84' lang='lat' dir='ltr'><strong>dum</strong></span> <span class='ocrx_word' id='word_1_303' title='bbox 919 2752 1199 2814; x_wconf 89' lang='lat' dir='ltr'><strong>audimus</strong></span> <span class='ocrx_word' id='word_1_304' title='bbox 1231 2754 1522 2815; x_wconf 86' lang='lat' dir='ltr'><strong>nominari</strong></span> <span class='ocrx_word' id='word_1_305' title='bbox 1555 2754 1989 2829; x_wconf 85' lang='lat' dir='ltr'><strong>calefacientes,</strong></span> <span class='ocrx_word' id='word_1_306' title='bbox 2009 2753 2141 2814; x_wconf 84' lang='lat' dir='ltr'><strong>effi-</strong></span> 
     </span>
    </p>
   </div>
   <div class='ocr_carea' id='block_1_45' title="bbox 492 2842 2145 2923">
    <p class='ocr_par' dir='ltr' id='par_1_45' title="bbox 492 2842 2145 2923">
     <span class='ocr_line' id='line_1_45' title="bbox 492 2842 2145 2923; baseline -0.001 -18"><span class='ocrx_word' id='word_1_307' title='bbox 492 2843 692 2905; x_wconf 88' lang='lat' dir='ltr'><strong>ciendi</strong></span> <span class='ocrx_word' id='word_1_308' title='bbox 715 2851 774 2904; x_wconf 90' lang='lat' dir='ltr'><strong>et</strong></span> <span class='ocrx_word' id='word_1_309' title='bbox 793 2842 1173 2905; x_wconf 90' lang='lat' dir='ltr'><strong>illuminandi</strong></span> <span class='ocrx_word' id='word_1_310' title='bbox 1195 2842 1561 2923; x_wconf 79' lang='lat' dir='ltr'><strong>facultatem,</strong></span> <span class='ocrx_word' id='word_1_311' title='bbox 1580 2862 1755 2922; x_wconf 88' lang='lat' dir='ltr'><strong>quam</strong></span> <span class='ocrx_word' id='word_1_312' title='bbox 1784 2850 1985 2905; x_wconf 81' lang='lat' dir='ltr'><strong>mente</strong></span> <span class='ocrx_word' id='word_1_313' title='bbox 2008 2864 2145 2905; x_wconf 86' lang='lat' dir='ltr'><strong>con-</strong></span> 
     </span>
    </p>
   </div>
   <div class='ocr_carea' id='block_1_46' title="bbox 494 2932 2145 3015">
    <p class='ocr_par' dir='ltr' id='par_1_46' title="bbox 494 2932 2145 3015">
     <span class='ocr_line' id='line_1_46' title="bbox 494 2932 2145 3015; baseline 0 -20"><span class='ocrx_word' id='word_1_314' title='bbox 494 2932 774 3015; x_wconf 86' lang='lat' dir='ltr'><strong>cipimus,</strong></span> <span class='ocrx_word' id='word_1_315' title='bbox 824 2934 1313 3012; x_wconf 87' lang='lat' dir='ltr'><strong>interpretamur,</strong></span> <span class='ocrx_word' id='word_1_316' title='bbox 1351 2935 1658 3014; x_wconf 87' lang='lat' dir='ltr'><strong>ipsamque</strong></span> <span class='ocrx_word' id='word_1_317' title='bbox 1687 2933 1802 2994; x_wconf 88' lang='lat' dir='ltr'><strong>vim</strong></span> <span class='ocrx_word' id='word_1_318' title='bbox 1839 2934 2145 2995; x_wconf 77' lang='lat' dir='ltr'><strong>efﬁtiendi</strong></span> 
     </span>
    </p>
   </div>
   <div class='ocr_carea' id='block_1_47' title="bbox 498 3021 2146 3103">
    <p class='ocr_par' dir='ltr' id='par_1_47' title="bbox 498 3021 2146 3103">
     <span class='ocr_line' id='line_1_47' title="bbox 498 3021 2146 3103; baseline 0 -20"><span class='ocrx_word' id='word_1_319' title='bbox 498 3030 675 3103; x_wconf 88' lang='lat' dir='ltr'><strong>atque</strong></span> <span class='ocrx_word' id='word_1_320' title='bbox 707 3021 1082 3083; x_wconf 88' lang='lat' dir='ltr'><strong>illuminandi</strong></span> <span class='ocrx_word' id='word_1_321' title='bbox 1114 3023 1311 3082; x_wconf 88' lang='lat' dir='ltr'><strong>denuo</strong></span> <span class='ocrx_word' id='word_1_322' title='bbox 1338 3022 1409 3084; x_wconf 82' lang='lat' dir='ltr'><strong>ad</strong></span> <span class='ocrx_word' id='word_1_323' title='bbox 1438 3022 1849 3085; x_wconf 85' lang='lat' dir='ltr'><strong>sublimiorem</strong></span> <span class='ocrx_word' id='word_1_324' title='bbox 1884 3034 2146 3084; x_wconf 85' lang='lat' dir='ltr'><strong>contem-</strong></span> 
     </span>
    </p>
   </div>
   <div class='ocr_carea' id='block_1_48' title="bbox 2222 1852 3874 1933">
    <p class='ocr_par' dir='ltr' id='par_1_48' title="bbox 2222 1852 3874 1933">
     <span class='ocr_line' id='line_1_48' title="bbox 2222 1852 3874 1933; baseline -0.001 -22"><span class='ocrx_word' id='word_1_325' title='bbox 2222 1853 2483 1930; x_wconf 80' lang='grc' dir='ltr'>όνόματος</span> <span class='ocrx_word' id='word_1_326' title='bbox 2514 1852 2915 1918; x_wconf 80' lang='grc' dir='ltr'>ὑποπιπτούσης</span> <span class='ocrx_word' id='word_1_327' title='bbox 2976 1859 3044 1929; x_wconf 75' lang='grc' dir='ltr'>τῇ</span> <span class='ocrx_word' id='word_1_328' title='bbox 3104 1855 3264 1933; x_wconf 70' lang='grc' dir='ltr'>ἀκοῇ,</span> <span class='ocrx_word' id='word_1_329' title='bbox 3297 1854 3445 1927; x_wconf 69' lang='grc' dir='ltr'>ὅμως</span> <span class='ocrx_word' id='word_1_330' title='bbox 3501 1852 3751 1930; x_wconf 77' lang='grc' dir='ltr'>λέγομεν,</span> <span class='ocrx_word' id='word_1_331' title='bbox 3790 1853 3874 1911; x_wconf 78' lang='grc' dir='ltr'><strong>ὅτι</strong></span> 
     </span>
    </p>
   </div>
   <div class='ocr_carea' id='block_1_49' title="bbox 2222 1940 3873 2022">
    <p class='ocr_par' dir='ltr' id='par_1_49' title="bbox 2222 1940 3873 2022">
     <span class='ocr_line' id='line_1_49' title="bbox 2222 1940 3873 2022; baseline -0.001 -20"><span class='ocrx_word' id='word_1_332' title='bbox 2222 1942 2679 2022; x_wconf 81' lang='grc' dir='ltr'>αἰσθητικωτέρως</span> <span class='ocrx_word' id='word_1_333' title='bbox 2752 1940 3015 2017; x_wconf 79' lang='grc' dir='ltr'><strong>δηλοῦμεν</strong></span> <span class='ocrx_word' id='word_1_334' title='bbox 3074 1950 3151 2018; x_wconf 85' lang='grc' dir='ltr'>τῷ</span> <span class='ocrx_word' id='word_1_335' title='bbox 3209 1945 3454 2018; x_wconf 80' lang='grc' dir='ltr'>ὀνόματι,</span> <span class='ocrx_word' id='word_1_336' title='bbox 3515 1944 3643 2018; x_wconf 79' lang='grc' dir='ltr'>παρ’</span> <span class='ocrx_word' id='word_1_337' title='bbox 3701 1943 3730 1998; x_wconf 76' lang='grc' dir='ltr'>ὅ</span> <span class='ocrx_word' id='word_1_338' title='bbox 3801 1949 3873 2013; x_wconf 86' lang='grc' dir='ltr'>τῆ</span> 
     </span>
    </p>
   </div>
   <div class='ocr_carea' id='block_1_50' title="bbox 2223 2032 3874 2112">
    <p class='ocr_par' dir='ltr' id='par_1_50' title="bbox 2223 2032 3874 2112">
     <span class='ocr_line' id='line_1_50' title="bbox 2223 2032 3874 2112; baseline -0.001 -21"><span class='ocrx_word' id='word_1_339' title='bbox 2223 2042 2315 2092; x_wconf 80' lang='grc' dir='ltr'><strong>τοῦ</strong></span> <span class='ocrx_word' id='word_1_340' title='bbox 2345 2034 2603 2108; x_wconf 79' lang='grc' dir='ltr'>ὀνόματος</span> <span class='ocrx_word' id='word_1_341' title='bbox 2636 2032 2887 2110; x_wconf 70' lang='grc' dir='ltr'>ἐξηγήσει</span> <span class='ocrx_word' id='word_1_342' title='bbox 2916 2053 2933 2105; x_wconf 86' lang='grc'>;</span> <span class='ocrx_word' id='word_1_343' title='bbox 2997 2034 3099 2095; x_wconf 83' lang='grc' dir='ltr'><strong>Καὶ</strong></span> <span class='ocrx_word' id='word_1_344' title='bbox 3153 2034 3361 2112; x_wconf 80' lang='grc' dir='ltr'>πρῶτον</span> <span class='ocrx_word' id='word_1_345' title='bbox 3396 2035 3492 2110; x_wconf 80' lang='grc' dir='ltr'>μὲν</span> <span class='ocrx_word' id='word_1_346' title='bbox 3536 2044 3710 2093; x_wconf 76' lang='grc' dir='ltr'>τοῦτο’</span> <span class='ocrx_word' id='word_1_347' title='bbox 3749 2032 3874 2090; x_wconf 73' lang='grc' dir='ltr'>δεύ-</span> 
     </span>
    </p>
   </div>
   <div class='ocr_carea' id='block_1_51' title="bbox 2223 2121 3875 2203">
    <p class='ocr_par' dir='ltr' id='par_1_51' title="bbox 2223 2121 3875 2203">
     <span class='ocr_line' id='line_1_51' title="bbox 2223 2121 3875 2203; baseline 0.001 -23"><span class='ocrx_word' id='word_1_348' title='bbox 2223 2145 2373 2198; x_wconf 88' lang='grc' dir='ltr'>τερον</span> <span class='ocrx_word' id='word_1_349' title='bbox 2405 2122 2487 2197; x_wconf 80' lang='grc' dir='ltr'><strong>δὲ,</strong></span> <span class='ocrx_word' id='word_1_350' title='bbox 2520 2122 2605 2179; x_wconf 62' lang='lat' dir='ltr'><strong>(in</strong></span> <span class='ocrx_word' id='word_1_351' title='bbox 2649 2121 2765 2182; x_wconf 69' lang='grc' dir='ltr'>οὐδὲ</span> <span class='ocrx_word' id='word_1_352' title='bbox 2814 2122 2977 2179; x_wconf 78' lang='grc' dir='ltr'>πάλιν</span> <span class='ocrx_word' id='word_1_353' title='bbox 3024 2125 3181 2180; x_wconf 87' lang='grc' dir='ltr'>τόσον</span> <span class='ocrx_word' id='word_1_354' title='bbox 3230 2128 3296 2198; x_wconf 80' lang='grc' dir='ltr'>τῇ</span> <span class='ocrx_word' id='word_1_355' title='bbox 3347 2122 3598 2203; x_wconf 68' lang='grc' dir='ltr'>ἐξηγήσει</span> <span class='ocrx_word' id='word_1_356' title='bbox 3631 2124 3875 2199; x_wconf 77' lang='grc' dir='ltr'>ἐμμενο-</span> 
     </span>
    </p>
   </div>
   <div class='ocr_carea' id='block_1_52' title="bbox 2226 2212 3876 2293">
    <p class='ocr_par' dir='ltr' id='par_1_52' title="bbox 2226 2212 3876 2293">
     <span class='ocr_line' id='line_1_52' title="bbox 2226 2212 3876 2293; baseline -0.001 -23"><span class='ocrx_word' id='word_1_357' title='bbox 2226 2236 2346 2293; x_wconf 87' lang='grc' dir='ltr'>μεν,</span> <span class='ocrx_word' id='word_1_358' title='bbox 2391 2216 2463 2279; x_wconf 83' lang='grc' dir='ltr'>ὡς</span> <span class='ocrx_word' id='word_1_359' title='bbox 2497 2214 2575 2288; x_wconf 73' lang='grc' dir='ltr'><strong>μὴ</strong></span> <span class='ocrx_word' id='word_1_360' title='bbox 2609 2215 2757 2293; x_wconf 78' lang='grc' dir='ltr'>ἔχειν</span> <span class='ocrx_word' id='word_1_361' title='bbox 2803 2226 2951 2271; x_wconf 68' lang='grc' dir='ltr'>νοεῖν</span> <span class='ocrx_word' id='word_1_362' title='bbox 3007 2236 3057 2270; x_wconf 89' lang='grc' dir='ltr'><strong>τι</strong></span> <span class='ocrx_word' id='word_1_363' title='bbox 3115 2212 3472 2293; x_wconf 63' lang='grc' dir='ltr'>ὑψηλότερον,</span> <span class='ocrx_word' id='word_1_364' title='bbox 3504 2213 3641 2269; x_wconf 79' lang='grc' dir='ltr'>ἀλλὰ</span> <span class='ocrx_word' id='word_1_365' title='bbox 3671 2215 3762 2271; x_wconf 86' lang='grc' dir='ltr'>καὶ</span> <span class='ocrx_word' id='word_1_366' title='bbox 3798 2213 3876 2270; x_wconf 77' lang='grc' dir='ltr'>ἔτι</span> 
     </span>
    </p>
   </div>
   <div class='ocr_carea' id='block_1_53' title="bbox 2224 2302 3876 2382">
    <p class='ocr_par' dir='ltr' id='par_1_53' title="bbox 2224 2302 3876 2382">
     <span class='ocr_line' id='line_1_53' title="bbox 2224 2302 3876 2382; baseline -0.001 -22"><span class='ocrx_word' id='word_1_367' title='bbox 2224 2312 2300 2379; x_wconf 83' lang='grc' dir='ltr'>τῷ</span> <span class='ocrx_word' id='word_1_368' title='bbox 2329 2308 2417 2360; x_wconf 61' lang='grc' dir='ltr'><strong>»οἰ</strong></span> <span class='ocrx_word' id='word_1_369' title='bbox 2470 2304 2903 2382; x_wconf 75' lang='grc' dir='ltr'>παραπέμπομεν</span> <span class='ocrx_word' id='word_1_370' title='bbox 2935 2305 3033 2372; x_wconf 76' lang='grc' dir='ltr'><strong>τὴν</strong></span> <span class='ocrx_word' id='word_1_371' title='bbox 3069 2302 3349 2382; x_wconf 75' lang='grc' dir='ltr'>ἒξηγήσιν,</span> <span class='ocrx_word' id='word_1_372' title='bbox 3413 2305 3499 2360; x_wconf 78' lang='grc' dir='ltr'><strong>καὶ</strong></span> <span class='ocrx_word' id='word_1_373' title='bbox 3554 2306 3876 2382; x_wconf 77' lang='grc' dir='ltr'>θερμαίνον-</span> 
     </span>
    </p>
   </div>
   <div class='ocr_carea' id='block_1_54' title="bbox 2224 2393 3877 2473">
    <p class='ocr_par' dir='ltr' id='par_1_54' title="bbox 2224 2393 3877 2473">
     <span class='ocr_line' id='line_1_54' title="bbox 2224 2393 3877 2473; baseline -0.001 -23"><span class='ocrx_word' id='word_1_374' title='bbox 2224 2416 2317 2460; x_wconf 81' lang='grc' dir='ltr'><strong>τας</strong></span> <span class='ocrx_word' id='word_1_375' title='bbox 2349 2394 2655 2469; x_wconf 71' lang='grc' dir='ltr'>ἀκούοντες,</span> <span class='ocrx_word' id='word_1_376' title='bbox 2690 2395 2752 2450; x_wconf 78' lang='grc' dir='ltr'>τὸ</span> <span class='ocrx_word' id='word_1_377' title='bbox 2787 2393 3064 2472; x_wconf 81' lang='grc' dir='ltr'>δραστικόν</span> <span class='ocrx_word' id='word_1_378' title='bbox 3115 2416 3172 2450; x_wconf 91' lang='grc' dir='ltr'><strong>τε</strong></span> <span class='ocrx_word' id='word_1_379' title='bbox 3219 2395 3307 2450; x_wconf 80' lang='grc' dir='ltr'><strong>καὶ</strong></span> <span class='ocrx_word' id='word_1_380' title='bbox 3347 2395 3600 2473; x_wconf 63' lang='grc' dir='ltr'>φωτεινὴν</span> <span class='ocrx_word' id='word_1_381' title='bbox 3631 2394 3877 2451; x_wconf 79' lang='grc' dir='ltr'>ἐννοοῦν-</span> 
     </span>
    </p>
   </div>
   <div class='ocr_carea' id='block_1_55' title="bbox 2224 2481 3878 2562">
    <p class='ocr_par' dir='ltr' id='par_1_55' title="bbox 2224 2481 3878 2562">
     <span class='ocr_line' id='line_1_55' title="bbox 2224 2481 3878 2562; baseline -0.001 -21"><span class='ocrx_word' id='word_1_382' title='bbox 2224 2506 2311 2549; x_wconf 88' lang='grc' dir='ltr'><strong>τες</strong></span> <span class='ocrx_word' id='word_1_383' title='bbox 2343 2483 2691 2561; x_wconf 76' lang='grc' dir='ltr'>ἐξηγούμεθα,</span> <span class='ocrx_word' id='word_1_384' title='bbox 2738 2485 2867 2539; x_wconf 72' lang='grc' dir='ltr'>αὖτὸ</span> <span class='ocrx_word' id='word_1_385' title='bbox 2936 2482 2989 2538; x_wconf 75' lang='grc' dir='ltr'>δὲ</span> <span class='ocrx_word' id='word_1_386' title='bbox 3045 2482 3207 2540; x_wconf 70' lang='grc' dir='ltr'>πάλιν</span> <span class='ocrx_word' id='word_1_387' title='bbox 3263 2486 3324 2540; x_wconf 82' lang='grc' dir='ltr'><strong>τὸ</strong></span> <span class='ocrx_word' id='word_1_388' title='bbox 3392 2481 3670 2562; x_wconf 80' lang='grc' dir='ltr'>δραστικόν</span> <span class='ocrx_word' id='word_1_389' title='bbox 3701 2505 3756 2538; x_wconf 86' lang='grc' dir='ltr'><strong>τε</strong></span> <span class='ocrx_word' id='word_1_390' title='bbox 3788 2485 3878 2539; x_wconf 82' lang='grc' dir='ltr'><strong>καὶ</strong></span> 
     </span>
    </p>
   </div>
   <div class='ocr_carea' id='block_1_56' title="bbox 2227 2572 3880 2654">
    <p class='ocr_par' dir='ltr' id='par_1_56' title="bbox 2227 2572 3880 2654">
     <span class='ocr_line' id='line_1_56' title="bbox 2227 2572 3880 2654; baseline -0.002 -23"><span class='ocrx_word' id='word_1_391' title='bbox 2227 2575 2480 2654; x_wconf 67' lang='grc' dir='ltr'>φωτεινὸν</span> <span class='ocrx_word' id='word_1_392' title='bbox 2534 2576 2605 2637; x_wconf 73' lang='grc' dir='ltr'><strong>εἷς</strong></span> <span class='ocrx_word' id='word_1_393' title='bbox 2666 2572 3002 2652; x_wconf 75' lang='grc' dir='ltr'>ὑψηλοτέραν</span> <span class='ocrx_word' id='word_1_394' title='bbox 3074 2574 3338 2652; x_wconf 63' lang='grc' dir='ltr'>ἀνάγομεν</span> <span class='ocrx_word' id='word_1_395' title='bbox 3395 2576 3635 2651; x_wconf 75' lang='grc' dir='ltr'>θεωρίαν,</span> <span class='ocrx_word' id='word_1_396' title='bbox 3730 2574 3880 2631; x_wconf 87' lang='grc' dir='ltr'>Ὀθεν</span> 
     </span>
    </p>
   </div>
   <div class='ocr_carea' id='block_1_57' title="bbox 2226 2660 3871 2742">
    <p class='ocr_par' dir='ltr' id='par_1_57' title="bbox 2226 2660 3871 2742">
     <span class='ocr_line' id='line_1_57' title="bbox 2226 2660 3871 2742; baseline -0.001 -24"><span class='ocrx_word' id='word_1_397' title='bbox 2226 2664 2404 2725; x_wconf 71' lang='grc' dir='ltr'>καλῶς</span> <span class='ocrx_word' id='word_1_398' title='bbox 2437 2660 2715 2739; x_wconf 74' lang='grc' dir='ltr'>ἐλέγομεν,</span> <span class='ocrx_word' id='word_1_399' title='bbox 2781 2660 2860 2718; x_wconf 82' lang='grc' dir='ltr'>ὄτι</span> <span class='ocrx_word' id='word_1_400' title='bbox 2919 2662 2995 2737; x_wconf 64' lang='grc' dir='ltr'>μὴ</span> <span class='ocrx_word' id='word_1_401' title='bbox 3028 2661 3190 2736; x_wconf 83' lang='grc' dir='ltr'>μόνον</span> <span class='ocrx_word' id='word_1_402' title='bbox 3225 2663 3488 2728; x_wconf 78' lang='grc' dir='ltr'>αἰσθητῶς</span> <span class='ocrx_word' id='word_1_403' title='bbox 3518 2668 3871 2742; x_wconf 57' lang='grc' dir='ltr'>μορτοῦνται,</span> 
     </span>
    </p>
   </div>
   <div class='ocr_carea' id='block_1_58' title="bbox 2228 2748 3877 2829">
    <p class='ocr_par' dir='ltr' id='par_1_58' title="bbox 2228 2748 3877 2829">
     <span class='ocr_line' id='line_1_58' title="bbox 2228 2748 3877 2829; baseline 0 -22"><span class='ocrx_word' id='word_1_404' title='bbox 2228 2751 2365 2807; x_wconf 80' lang='grc' dir='ltr'>ἀλλὰ</span> <span class='ocrx_word' id='word_1_405' title='bbox 2393 2751 2481 2807; x_wconf 82' lang='grc' dir='ltr'><strong>καὶ</strong></span> <span class='ocrx_word' id='word_1_406' title='bbox 2524 2753 2783 2817; x_wconf 74' lang='grc' dir='ltr'>αἰσθητῶς</span> <span class='ocrx_word' id='word_1_407' title='bbox 2816 2748 3085 2829; x_wconf 80' lang='grc' dir='ltr'>λέγονται,</span> <span class='ocrx_word' id='word_1_408' title='bbox 3137 2752 3233 2808; x_wconf 82' lang='grc' dir='ltr'><strong>Καὶ</strong></span> <span class='ocrx_word' id='word_1_409' title='bbox 3293 2753 3326 2818; x_wconf 81' lang='grc' dir='ltr'>ἡ</span> <span class='ocrx_word' id='word_1_410' title='bbox 3389 2752 3486 2825; x_wconf 73' lang='grc' dir='ltr'>μὲν</span> <span class='ocrx_word' id='word_1_411' title='bbox 3519 2753 3640 2828; x_wconf 84' lang='grc' dir='ltr'>ἁγία</span> <span class='ocrx_word' id='word_1_412' title='bbox 3671 2751 3877 2825; x_wconf 75' lang='grc' dir='ltr'>ὀνομα-</span> 
     </span>
    </p>
   </div>
   <div class='ocr_carea' id='block_1_59' title="bbox 2229 2830 3882 2919">
    <p class='ocr_par' dir='ltr' id='par_1_59' title="bbox 2229 2830 3882 2919">
     <span class='ocr_line' id='line_1_59' title="bbox 2229 2830 3882 2919; baseline -0.006 -22"><span class='ocrx_word' id='word_1_413' title='bbox 2229 2842 2313 2897; x_wconf 77' lang='grc' dir='ltr'><strong>σία</strong></span> <span class='ocrx_word' id='word_1_414' title='bbox 2362 2848 2467 2897; x_wconf 86' lang='grc' dir='ltr'><strong>τῶν</strong></span> <span class='ocrx_word' id='word_1_415' title='bbox 2526 2842 2778 2919; x_wconf 63' lang='grc' dir='ltr'>σεραφίμ,</span> <span class='ocrx_word' id='word_1_416' title='bbox 2832 2842 2906 2904; x_wconf 82' lang='grc' dir='ltr'>ὡς</span> <span class='ocrx_word' id='word_1_417' title='bbox 2950 2843 2983 2908; x_wconf 79' lang='grc' dir='ltr'><strong>ἡ</strong></span> <span class='ocrx_word' id='word_1_418' title='bbox 3028 2839 3243 2914; x_wconf 82' lang='grc' dir='ltr'>γλῶττα</span> <span class='ocrx_word' id='word_1_419' title='bbox 3295 2847 3401 2899; x_wconf 87' lang='grc' dir='ltr'><strong>τῶν</strong></span> <span class='ocrx_word' id='word_1_420' title='bbox 3462 2830 3716 2919; x_wconf 75' lang='grc' dir='ltr'>Ἐϐραίων</span> <span class='ocrx_word' id='word_1_421' title='bbox 3747 2842 3882 2917; x_wconf 81' lang='grc' dir='ltr'>βού-</span> 
     </span>
    </p>
   </div>
   <div class='ocr_carea' id='block_1_60' title="bbox 2229 2929 3884 3010">
    <p class='ocr_par' dir='ltr' id='par_1_60' title="bbox 2229 2929 3884 3010">
     <span class='ocr_line' id='line_1_60' title="bbox 2229 2929 3884 3010; baseline -0.001 -23"><span class='ocrx_word' id='word_1_422' title='bbox 2229 2931 2402 3010; x_wconf 87' lang='grc' dir='ltr'>λεται,</span> <span class='ocrx_word' id='word_1_423' title='bbox 2435 2929 2471 2995; x_wconf 75' lang='grc' dir='ltr'>ἥ</span> <span class='ocrx_word' id='word_1_424' title='bbox 2503 2932 2562 2986; x_wconf 79' lang='grc' dir='ltr'>τὸ</span> <span class='ocrx_word' id='word_1_425' title='bbox 2607 2929 2924 3009; x_wconf 70' lang='grc' dir='ltr'>ἓμπρηστὰς</span> <span class='ocrx_word' id='word_1_426' title='bbox 2958 2929 3139 3006; x_wconf 71' lang='grc' dir='ltr'>δηλοῖ,</span> <span class='ocrx_word' id='word_1_427' title='bbox 3198 2932 3232 2998; x_wconf 77' lang='grc' dir='ltr'>ἢ</span> <span class='ocrx_word' id='word_1_428' title='bbox 3294 2932 3354 2987; x_wconf 78' lang='grc' dir='ltr'>τὸ</span> <span class='ocrx_word' id='word_1_429' title='bbox 3413 2932 3813 3009; x_wconf 80' lang='grc' dir='ltr'>θερμαίνοντας,</span> <span class='ocrx_word' id='word_1_430' title='bbox 3846 2931 3884 2986; x_wconf 75' lang='grc' dir='ltr'>ἅ</span> 
     </span>
    </p>
   </div>
   <div class='ocr_carea' id='block_1_61' title="bbox 2230 3020 3878 3098">
    <p class='ocr_par' dir='ltr' id='par_1_61' title="bbox 2230 3020 3878 3098">
     <span class='ocr_line' id='line_1_61' title="bbox 2230 3020 3878 3098; baseline -0.001 -21"><span class='ocrx_word' id='word_1_431' title='bbox 2230 3021 2487 3089; x_wconf 77' lang='grc' dir='ltr'>δὴ“ταῦτα</span> <span class='ocrx_word' id='word_1_432' title='bbox 2517 3020 2579 3076; x_wconf 78' lang='grc' dir='ltr'>τὰ</span> <span class='ocrx_word' id='word_1_433' title='bbox 2612 3020 2872 3097; x_wconf 75' lang='grc' dir='ltr'>ὀνόματα,</span> <span class='ocrx_word' id='word_1_434' title='bbox 2946 3021 3033 3076; x_wconf 87' lang='grc' dir='ltr'><strong>καὶ</strong></span> <span class='ocrx_word' id='word_1_435' title='bbox 3102 3020 3268 3078; x_wconf 74' lang='grc' dir='ltr'>ταύτά</span> <span class='ocrx_word' id='word_1_436' title='bbox 3341 3021 3465 3098; x_wconf 79' lang='grc' dir='ltr'>εἶσι,</span> <span class='ocrx_word' id='word_1_437' title='bbox 3538 3020 3623 3077; x_wconf 80' lang='grc' dir='ltr'><strong>καὶ</strong></span> <span class='ocrx_word' id='word_1_438' title='bbox 3697 3020 3878 3097; x_wconf 78' lang='grc' dir='ltr'>ἕτερα,</span> 
     </span>
    </p>
   </div>
   <div class='ocr_carea' id='block_1_62' title="bbox 500 3108 2139 3194">
    <p class='ocr_par' dir='ltr' id='par_1_62' title="bbox 500 3111 2139 3194">
     <span class='ocr_line' id='line_1_62' title="bbox 500 3111 2139 3194; baseline 0.002 -22"><span class='ocrx_word' id='word_1_439' title='bbox 500 3111 825 3194; x_wconf 88' lang='lat' dir='ltr'><strong>plationem</strong></span> <span class='ocrx_word' id='word_1_440' title='bbox 838 3111 1210 3175; x_wconf 83' lang='lat' dir='ltr'><strong>adducimus.</strong></span> <span class='ocrx_word' id='word_1_441' title='bbox 1231 3111 1607 3193; x_wconf 86' lang='lat' dir='ltr'><strong>Quapropter</strong></span> <span class='ocrx_word' id='word_1_442' title='bbox 1628 3122 1787 3175; x_wconf 87' lang='lat' dir='ltr'><strong>recte</strong></span> <span class='ocrx_word' id='word_1_443' title='bbox 1802 3112 2139 3176; x_wconf 81' lang='lat' dir='ltr'><strong>dicebamus</strong></span> 
     </span>
    </p>
   </div>
   <div class='ocr_carea' id='block_1_63' title="bbox 2223 3108 3883 3194">
    <p class='ocr_par' dir='ltr' id='par_1_63' title="bbox 2233 3108 3883 3190">
     <span class='ocr_line' id='line_1_63' title="bbox 2233 3108 3883 3190; baseline -0.002 -22"><span class='ocrx_word' id='word_1_444' title='bbox 2233 3111 2407 3169; x_wconf 71' lang='grc' dir='ltr'>Ταῦτὰ</span> <span class='ocrx_word' id='word_1_445' title='bbox 2439 3111 2561 3189; x_wconf 80' lang='grc' dir='ltr'>μὲν,</span> <span class='ocrx_word' id='word_1_446' title='bbox 2619 3108 2698 3166; x_wconf 82' lang='grc' dir='ltr'><strong>ὅτι</strong></span> <span class='ocrx_word' id='word_1_447' title='bbox 2761 3110 3031 3190; x_wconf 73' lang='grc' dir='ltr'>ἀμφότερα</span> <span class='ocrx_word' id='word_1_448' title='bbox 3090 3110 3151 3165; x_wconf 81' lang='grc' dir='ltr'>ἐκ</span> <span class='ocrx_word' id='word_1_449' title='bbox 3209 3110 3369 3187; x_wconf 81' lang='grc' dir='ltr'>πυρός</span> <span class='ocrx_word' id='word_1_450' title='bbox 3427 3111 3549 3183; x_wconf 83' lang='grc' dir='ltr'>εἰσι,</span> <span class='ocrx_word' id='word_1_451' title='bbox 3596 3110 3657 3165; x_wconf 77' lang='grc' dir='ltr'>τὸ</span> <span class='ocrx_word' id='word_1_452' title='bbox 3687 3131 3743 3165; x_wconf 92' lang='grc' dir='ltr'><strong>τε</strong></span> <span class='ocrx_word' id='word_1_453' title='bbox 3776 3109 3883 3184; x_wconf 79' lang='grc' dir='ltr'><strong>ἒμ-</strong></span> 
     </span>
    </p>
   </div>
   <div class='ocr_carea' id='block_1_64' title="bbox 501 3198 2139 3283">
    <p class='ocr_par' dir='ltr' id='par_1_64' title="bbox 501 3201 2139 3283">
     <span class='ocr_line' id='line_1_64' title="bbox 501 3201 2139 3283; baseline 0.001 -20"><span class='ocrx_word' id='word_1_454' title='bbox 501 3203 659 3283; x_wconf 88' lang='lat' dir='ltr'><strong>quod</strong></span> <span class='ocrx_word' id='word_1_455' title='bbox 691 3220 811 3262; x_wconf 92' lang='lat' dir='ltr'><strong>non</strong></span> <span class='ocrx_word' id='word_1_456' title='bbox 860 3201 1051 3262; x_wconf 90' lang='lat' dir='ltr'><strong>solum</strong></span> <span class='ocrx_word' id='word_1_457' title='bbox 1105 3202 1470 3264; x_wconf 87' lang='lat' dir='ltr'><strong>sensibiliter</strong></span> <span class='ocrx_word' id='word_1_458' title='bbox 1501 3204 1907 3280; x_wconf 83' lang='lat' dir='ltr'><strong>eﬂ&#39;ormentur,</strong></span> <span class='ocrx_word' id='word_1_459' title='bbox 1942 3222 2139 3264; x_wconf 74' lang='lat' dir='ltr'><strong>verum</strong></span> 
     </span>
    </p>
   </div>
   <div class='ocr_carea' id='block_1_65' title="bbox 2223 3198 3888 3283">
    <p class='ocr_par' dir='ltr' id='par_1_65' title="bbox 2234 3198 3888 3279">
     <span class='ocr_line' id='line_1_65' title="bbox 2234 3198 3888 3279; baseline -0.001 -22"><span class='ocrx_word' id='word_1_460' title='bbox 2234 3203 2475 3279; x_wconf 74' lang='grc' dir='ltr'>πρήθειν,</span> <span class='ocrx_word' id='word_1_461' title='bbox 2513 3201 2669 3257; x_wconf 74' lang='grc' dir='ltr'>οἱονεὶ</span> <span class='ocrx_word' id='word_1_462' title='bbox 2701 3199 3021 3257; x_wconf 67' lang='grc' dir='ltr'>ὁλοκαυτῶν</span> <span class='ocrx_word' id='word_1_463' title='bbox 3080 3200 3254 3279; x_wconf 79' lang='grc' dir='ltr'>(τουτο</span> <span class='ocrx_word' id='word_1_464' title='bbox 3284 3200 3385 3279; x_wconf 68' lang='grc' dir='ltr'>γάρ</span> <span class='ocrx_word' id='word_1_465' title='bbox 3438 3198 3620 3273; x_wconf 77' lang='grc' dir='ltr'>δηλοῖ,</span> <span class='ocrx_word' id='word_1_466' title='bbox 3655 3200 3758 3256; x_wconf 81' lang='grc' dir='ltr'><strong>ἀπὸ</strong></span> <span class='ocrx_word' id='word_1_467' title='bbox 3787 3206 3888 3256; x_wconf 83' lang='grc' dir='ltr'>τοῦ</span> 
     </span>
    </p>
   </div>
   <div class='ocr_carea' id='block_1_66' title="bbox 502 3288 2139 3375">
    <p class='ocr_par' dir='ltr' id='par_1_66' title="bbox 502 3290 2139 3375">
     <span class='ocr_line' id='line_1_66' title="bbox 502 3290 2139 3375; baseline 0.001 -22"><span class='ocrx_word' id='word_1_468' title='bbox 502 3291 678 3354; x_wconf 88' lang='lat' dir='ltr'><strong>etiam</strong></span> <span class='ocrx_word' id='word_1_469' title='bbox 715 3290 1079 3353; x_wconf 90' lang='lat' dir='ltr'><strong>sensibiliter</strong></span> <span class='ocrx_word' id='word_1_470' title='bbox 1113 3293 1453 3356; x_wconf 71' lang='lat' dir='ltr'><strong>efferantur.</strong></span> <span class='ocrx_word' id='word_1_471' title='bbox 1489 3293 1574 3354; x_wconf 86' lang='lat' dir='ltr'><strong>Ac</strong></span> <span class='ocrx_word' id='word_1_472' title='bbox 1606 3302 1873 3355; x_wconf 83' lang='lat' dir='ltr'><strong>sanctum</strong></span> <span class='ocrx_word' id='word_1_473' title='bbox 1908 3294 2139 3375; x_wconf 81' lang='lat' dir='ltr'><strong>quidem</strong></span> 
     </span>
    </p>
   </div>
   <div class='ocr_carea' id='block_1_67' title="bbox 2223 3288 3889 3375">
    <p class='ocr_par' dir='ltr' id='par_1_67' title="bbox 2235 3288 3889 3375">
     <span class='ocr_line' id='line_1_67' title="bbox 2235 3288 3889 3375; baseline -0.002 -27"><span class='ocrx_word' id='word_1_474' title='bbox 2235 3293 2470 3375; x_wconf 75' lang='grc' dir='ltr'>ἐμπερῶ,</span> <span class='ocrx_word' id='word_1_475' title='bbox 2511 3291 2665 3346; x_wconf 76' lang='grc' dir='ltr'>οἷονεί</span> <span class='ocrx_word' id='word_1_476' title='bbox 2694 3292 2753 3346; x_wconf 79' lang='grc' dir='ltr'>τὸ</span> <span class='ocrx_word' id='word_1_477' title='bbox 2784 3288 2960 3346; x_wconf 70' lang='grc' dir='ltr'>διόλου</span> <span class='ocrx_word' id='word_1_478' title='bbox 3008 3288 3408 3369; x_wconf 67' lang='grc' dir='ltr'>διερχόμενον),</span> <span class='ocrx_word' id='word_1_479' title='bbox 3454 3290 3539 3346; x_wconf 67' lang='grc' dir='ltr'><strong>καὶ</strong></span> <span class='ocrx_word' id='word_1_480' title='bbox 3569 3292 3630 3345; x_wconf 78' lang='grc' dir='ltr'>τὸ</span> <span class='ocrx_word' id='word_1_481' title='bbox 3659 3291 3889 3367; x_wconf 58' lang='grc' dir='ltr'>θερμαί-</span> 
     </span>
    </p>
   </div>
   <div class='ocr_carea' id='block_1_68' title="bbox 501 3373 2139 3463">
    <p class='ocr_par' dir='ltr' id='par_1_68' title="bbox 501 3373 2139 3463">
     <span class='ocr_line' id='line_1_68' title="bbox 501 3373 2139 3463; baseline 0 -18"><span class='ocrx_word' id='word_1_482' title='bbox 501 3400 723 3445; x_wconf 89' lang='lat' dir='ltr'><strong>nomen</strong></span> <span class='ocrx_word' id='word_1_483' title='bbox 755 3382 1083 3463; x_wconf 86' lang='lat' dir='ltr'><strong>seraphim,</strong></span> <span class='ocrx_word' id='word_1_484' title='bbox 1121 3391 1185 3443; x_wconf 88' lang='lat' dir='ltr'><strong>ut</strong></span> <span class='ocrx_word' id='word_1_485' title='bbox 1214 3382 1416 3463; x_wconf 77' lang='lat' dir='ltr'><strong>lingua</strong></span> <span class='ocrx_word' id='word_1_486' title='bbox 1460 3382 1574 3444; x_wconf 90' lang='lat' dir='ltr'><strong>fert</strong></span> <span class='ocrx_word' id='word_1_487' title='bbox 1617 3373 2024 3459; x_wconf 65' lang='lat' dir='ltr'><strong>Hebraeorum,</strong></span> <span class='ocrx_word' id='word_1_488' title='bbox 2060 3386 2139 3446; x_wconf 83' lang='lat' dir='ltr'><strong>vel</strong></span> 
     </span>
    </p>
   </div>
   <div class='ocr_carea' id='block_1_69' title="bbox 2223 3373 3888 3463">
    <p class='ocr_par' dir='ltr' id='par_1_69' title="bbox 2236 3373 3888 3459">
     <span class='ocr_line' id='line_1_69' title="bbox 2236 3373 3888 3459; baseline -0.001 -22"><span class='ocrx_word' id='word_1_489' title='bbox 2236 3403 2365 3443; x_wconf 88' lang='grc' dir='ltr'>νειν,</span> <span class='ocrx_word' id='word_1_490' title='bbox 2403 3373 2616 3457; x_wconf 63' lang='grc' dir='ltr'><strong>ιἘτερσι</strong></span> <span class='ocrx_word' id='word_1_491' title='bbox 2646 3379 2700 3435; x_wconf 81' lang='grc' dir='ltr'>δὲ</span> <span class='ocrx_word' id='word_1_492' title='bbox 2732 3378 2890 3436; x_wconf 82' lang='grc' dir='ltr'>πάλιν</span> <span class='ocrx_word' id='word_1_493' title='bbox 2921 3380 3070 3459; x_wconf 83' lang='grc' dir='ltr'>εἰσὶν,</span> <span class='ocrx_word' id='word_1_494' title='bbox 3106 3379 3186 3435; x_wconf 79' lang='grc' dir='ltr'>ὅτι</span> <span class='ocrx_word' id='word_1_495' title='bbox 3218 3378 3349 3435; x_wconf 70' lang='grc' dir='ltr'>ἄλλο</span> <span class='ocrx_word' id='word_1_496' title='bbox 3382 3378 3544 3445; x_wconf 84' lang='grc' dir='ltr'>δηλοῖ</span> <span class='ocrx_word' id='word_1_497' title='bbox 3571 3381 3632 3435; x_wconf 81' lang='grc' dir='ltr'>τὸ</span> <span class='ocrx_word' id='word_1_498' title='bbox 3658 3379 3724 3434; x_wconf 84' lang='grc' dir='ltr'>δι’</span> <span class='ocrx_word' id='word_1_499' title='bbox 3754 3378 3888 3435; x_wconf 76' lang='grc' dir='ltr'>ὅλου</span> 
     </span>
    </p>
   </div>
   <div class='ocr_carea' id='block_1_70' title="bbox 495 3459 2139 3555">
    <p class='ocr_par' dir='ltr' id='par_1_70' title="bbox 495 3459 2139 3555">
     <span class='ocr_line' id='line_1_70' title="bbox 495 3459 2139 3555; baseline 0.001 -20"><span class='ocrx_word' id='word_1_500' title='bbox 495 3474 846 3536; x_wconf 86' lang='lat' dir='ltr'><strong>incensores</strong></span> <span class='ocrx_word' id='word_1_501' title='bbox 877 3459 1190 3551; x_wconf 74' lang='lat' dir='ltr'><strong>significat,</strong></span> <span class='ocrx_word' id='word_1_502' title='bbox 1211 3459 1764 3555; x_wconf 30' lang='lat' dir='ltr'><strong>velhcalefacientes,</strong></span> <span class='ocrx_word' id='word_1_503' title='bbox 1792 3494 1922 3555; x_wconf 66' lang='lat' dir='ltr'><strong>quae</strong></span> <span class='ocrx_word' id='word_1_504' title='bbox 1946 3482 2139 3555; x_wconf 73' lang='lat' dir='ltr'><strong>utique</strong></span> 
     </span>
    </p>
   </div>
   <div class='ocr_carea' id='block_1_71' title="bbox 2223 3459 3889 3555">
    <p class='ocr_par' dir='ltr' id='par_1_71' title="bbox 2238 3459 3889 3549">
     <span class='ocr_line' id='line_1_71' title="bbox 2238 3459 3889 3549; baseline -0.002 -20"><span class='ocrx_word' id='word_1_505' title='bbox 2238 3475 2425 3546; x_wconf 76' lang='grc' dir='ltr'>καίειν,</span> <span class='ocrx_word' id='word_1_506' title='bbox 2456 3473 2544 3527; x_wconf 84' lang='grc' dir='ltr'><strong>καὶ</strong></span> <span class='ocrx_word' id='word_1_507' title='bbox 2576 3470 2707 3527; x_wconf 70' lang='grc' dir='ltr'>ἄλλο</span> <span class='ocrx_word' id='word_1_508' title='bbox 2738 3472 2797 3526; x_wconf 75' lang='grc' dir='ltr'>τὸ</span> <span class='ocrx_word' id='word_1_509' title='bbox 2840 3469 3000 3545; x_wconf 84' lang='grc' dir='ltr'>μόνον</span> <span class='ocrx_word' id='word_1_510' title='bbox 3033 3472 3351 3549; x_wconf 78' lang='grc' dir='ltr'>θερμαίνειν.</span> <span class='ocrx_word' id='word_1_511' title='bbox 3419 3459 3484 3525; x_wconf 68' lang='grc' dir='ltr'>Ἠ</span> <span class='ocrx_word' id='word_1_512' title='bbox 3529 3467 3584 3524; x_wconf 77' lang='grc' dir='ltr'><strong>δὲ</strong></span> <span class='ocrx_word' id='word_1_513' title='bbox 3622 3470 3889 3543; x_wconf 78' lang='grc' dir='ltr'>ὀνομασία</span> 
     </span>
    </p>
   </div>
   <div class='ocr_carea' id='block_1_72' title="bbox 500 3557 2139 3643">
    <p class='ocr_par' dir='ltr' id='par_1_72' title="bbox 500 3562 2139 3643">
     <span class='ocr_line' id='line_1_72' title="bbox 500 3562 2139 3643; baseline 0.001 -19"><span class='ocrx_word' id='word_1_514' title='bbox 500 3562 748 3624; x_wconf 85' lang='lat' dir='ltr'><strong>nomina</strong></span> <span class='ocrx_word' id='word_1_515' title='bbox 778 3569 838 3623; x_wconf 91' lang='lat' dir='ltr'><strong>et</strong></span> <span class='ocrx_word' id='word_1_516' title='bbox 867 3562 1077 3623; x_wconf 86' lang='lat' dir='ltr'><strong>eadem</strong></span> <span class='ocrx_word' id='word_1_517' title='bbox 1106 3572 1243 3624; x_wconf 90' lang='lat' dir='ltr'><strong>sunt</strong></span> <span class='ocrx_word' id='word_1_518' title='bbox 1272 3572 1325 3624; x_wconf 86' lang='lat' dir='ltr'><strong>et</strong></span> <span class='ocrx_word' id='word_1_519' title='bbox 1350 3564 1613 3627; x_wconf 85' lang='lat' dir='ltr'><strong>diversa:</strong></span> <span class='ocrx_word' id='word_1_520' title='bbox 1641 3565 1848 3627; x_wconf 82' lang='lat' dir='ltr'><strong>eadem</strong></span> <span class='ocrx_word' id='word_1_521' title='bbox 1882 3567 2139 3643; x_wconf 79' lang='lat' dir='ltr'><strong>quidem,</strong></span> 
     </span>
    </p>
   </div>
   <div class='ocr_carea' id='block_1_73' title="bbox 2223 3557 3885 3643">
    <p class='ocr_par' dir='ltr' id='par_1_73' title="bbox 2234 3557 3885 3641">
     <span class='ocr_line' id='line_1_73' title="bbox 2234 3557 3885 3641; baseline -0.002 -22"><span class='ocrx_word' id='word_1_522' title='bbox 2234 3571 2338 3621; x_wconf 83' lang='grc' dir='ltr'><strong>τῶν</strong></span> <span class='ocrx_word' id='word_1_523' title='bbox 2370 3560 2628 3641; x_wconf 71' lang='grc' dir='ltr'>χερουϐὶμ</span> <span class='ocrx_word' id='word_1_524' title='bbox 2660 3559 2858 3628; x_wconf 73' lang='grc' dir='ltr'>πλῆθος</span> <span class='ocrx_word' id='word_1_525' title='bbox 2910 3557 3067 3626; x_wconf 75' lang='grc' dir='ltr'>δηλοῖ</span> <span class='ocrx_word' id='word_1_526' title='bbox 3098 3559 3372 3637; x_wconf 81' lang='grc' dir='ltr'>γνώσεως,</span> <span class='ocrx_word' id='word_1_527' title='bbox 3408 3558 3443 3635; x_wconf 71' lang='grc' dir='ltr'>ᾗ</span> <span class='ocrx_word' id='word_1_528' title='bbox 3476 3560 3634 3638; x_wconf 77' lang='grc' dir='ltr'>χύσιν</span> <span class='ocrx_word' id='word_1_529' title='bbox 3668 3560 3885 3635; x_wconf 65' lang='grc' dir='ltr'>σοφίας,</span> 
     </span>
    </p>
   </div>
   <div class='ocr_carea' id='block_1_74' title="bbox 499 3648 2139 3734">
    <p class='ocr_par' dir='ltr' id='par_1_74' title="bbox 499 3651 2139 3734">
     <span class='ocr_line' id='line_1_74' title="bbox 499 3651 2139 3734; baseline 0.001 -20"><span class='ocrx_word' id='word_1_530' title='bbox 499 3651 781 3732; x_wconf 86' lang='lat' dir='ltr'><strong>quoniam</strong></span> <span class='ocrx_word' id='word_1_531' title='bbox 813 3660 1064 3732; x_wconf 71' lang='lat' dir='ltr'><strong>utraque</strong></span> <span class='ocrx_word' id='word_1_532' title='bbox 1113 3652 1185 3713; x_wconf 89' lang='lat' dir='ltr'><strong>ab</strong></span> <span class='ocrx_word' id='word_1_533' title='bbox 1240 3653 1377 3729; x_wconf 71' lang='lat' dir='ltr'><strong>igne</strong></span> <span class='ocrx_word' id='word_1_534' title='bbox 1421 3654 1757 3734; x_wconf 86' lang='lat' dir='ltr'><strong>desumpta,</strong></span> <span class='ocrx_word' id='word_1_535' title='bbox 1793 3654 2022 3716; x_wconf 89' lang='lat' dir='ltr'><strong>scilicet</strong></span> <span class='ocrx_word' id='word_1_536' title='bbox 2053 3655 2139 3715; x_wconf 89' lang='lat' dir='ltr'><strong>in-</strong></span> 
     </span>
    </p>
   </div>
   <div class='ocr_carea' id='block_1_75' title="bbox 2223 3648 3891 3734">
    <p class='ocr_par' dir='ltr' id='par_1_75' title="bbox 2236 3648 3891 3727">
     <span class='ocr_line' id='line_1_75' title="bbox 2236 3648 3891 3727; baseline -0.002 -18"><span class='ocrx_word' id='word_1_537' title='bbox 2236 3660 2388 3710; x_wconf 83' lang='grc' dir='ltr'>τοῦτο</span> <span class='ocrx_word' id='word_1_538' title='bbox 2410 3650 2462 3706; x_wconf 80' lang='grc' dir='ltr'>δὲ</span> <span class='ocrx_word' id='word_1_539' title='bbox 2494 3650 2659 3725; x_wconf 81' lang='grc' dir='ltr'>ἐστιν,</span> <span class='ocrx_word' id='word_1_540' title='bbox 2692 3650 2772 3705; x_wconf 85' lang='grc' dir='ltr'><strong>ὃτι</strong></span> <span class='ocrx_word' id='word_1_541' title='bbox 2801 3648 3083 3705; x_wconf 81' lang='grc' dir='ltr'>καὶπολλὰ</span> <span class='ocrx_word' id='word_1_542' title='bbox 3112 3650 3454 3726; x_wconf 82' lang='grc' dir='ltr'>γινώσκουσι,</span> <span class='ocrx_word' id='word_1_543' title='bbox 3480 3648 3568 3704; x_wconf 84' lang='grc' dir='ltr'><strong>καὶ</strong></span> <span class='ocrx_word' id='word_1_544' title='bbox 3593 3648 3772 3727; x_wconf 80' lang='grc' dir='ltr'>σοφῶς</span> <span class='ocrx_word' id='word_1_545' title='bbox 3795 3652 3891 3707; x_wconf 81' lang='grc' dir='ltr'><strong>καὶ</strong></span> 
     </span>
    </p>
   </div>
   <div class='ocr_carea' id='block_1_76' title="bbox 501 3737 2139 3821">
    <p class='ocr_par' dir='ltr' id='par_1_76' title="bbox 501 3739 2139 3821">
     <span class='ocr_line' id='line_1_76' title="bbox 501 3739 2139 3821; baseline 0.001 -18"><span class='ocrx_word' id='word_1_546' title='bbox 501 3739 784 3817; x_wconf 83' lang='lat' dir='ltr'><strong>cendere,</strong></span> <span class='ocrx_word' id='word_1_547' title='bbox 803 3749 859 3803; x_wconf 90' lang='lat' dir='ltr'><strong>et</strong></span> <span class='ocrx_word' id='word_1_548' title='bbox 889 3741 1054 3820; x_wconf 88' lang='lat' dir='ltr'><strong>quasi</strong></span> <span class='ocrx_word' id='word_1_549' title='bbox 1088 3749 1275 3803; x_wconf 90' lang='lat' dir='ltr'><strong>totum</strong></span> <span class='ocrx_word' id='word_1_550' title='bbox 1310 3743 1667 3804; x_wconf 83' lang='lat' dir='ltr'><strong>comburere</strong></span> <span class='ocrx_word' id='word_1_551' title='bbox 1702 3744 1836 3821; x_wconf 86' lang='lat' dir='ltr'><strong>(hoc</strong></span> <span class='ocrx_word' id='word_1_552' title='bbox 1870 3745 2026 3804; x_wconf 81' lang='lat' dir='ltr'><strong>enim</strong></span> <span class='ocrx_word' id='word_1_553' title='bbox 2054 3744 2139 3805; x_wconf 86' lang='lat' dir='ltr'><strong>de-</strong></span> 
     </span>
    </p>
   </div>
   <div class='ocr_carea' id='block_1_77' title="bbox 2223 3737 3889 3821">
    <p class='ocr_par' dir='ltr' id='par_1_77' title="bbox 2236 3737 3889 3819">
     <span class='ocr_line' id='line_1_77' title="bbox 2236 3737 3889 3819; baseline -0.002 -21"><span class='ocrx_word' id='word_1_554' title='bbox 2236 3744 2505 3818; x_wconf 76' lang='grc' dir='ltr'>ἀραρότως</span> <span class='ocrx_word' id='word_1_555' title='bbox 2535 3746 2701 3795; x_wconf 69' lang='grc' dir='ltr'>ταῦτα</span> <span class='ocrx_word' id='word_1_556' title='bbox 2743 3750 3117 3819; x_wconf 74' lang='grc' dir='ltr'>γινώσκουσιν,</span> <span class='ocrx_word' id='word_1_557' title='bbox 3166 3740 3259 3795; x_wconf 75' lang='grc' dir='ltr'><strong>οὒκ</strong></span> <span class='ocrx_word' id='word_1_558' title='bbox 3303 3737 3654 3801; x_wconf 50' lang='grc' dir='ltr'>ἐπιπολαίως</span> <span class='ocrx_word' id='word_1_559' title='bbox 3694 3740 3781 3794; x_wconf 82' lang='grc' dir='ltr'><strong>καὶ</strong></span> <span class='ocrx_word' id='word_1_560' title='bbox 3811 3740 3889 3803; x_wconf 78' lang='grc' dir='ltr'>ὥς</span> 
     </span>
    </p>
   </div>
   <div class='ocr_carea' id='block_1_78' title="bbox 498 3826 2139 3913">
    <p class='ocr_par' dir='ltr' id='par_1_78' title="bbox 498 3830 2139 3913">
     <span class='ocr_line' id='line_1_78' title="bbox 498 3830 2139 3913; baseline 0.002 -22"><span class='ocrx_word' id='word_1_561' title='bbox 498 3830 682 3892; x_wconf 85' lang='lat' dir='ltr'><strong>clarat</strong></span> <span class='ocrx_word' id='word_1_562' title='bbox 710 3830 955 3892; x_wconf 90' lang='lat' dir='ltr'><strong>verbum</strong></span> <span class='ocrx_word' id='word_1_563' title='bbox 1011 3830 1252 3911; x_wconf 69' lang='grc' dir='ltr'>ἐμπερῶ,</span> <span class='ocrx_word' id='word_1_564' title='bbox 1303 3832 1360 3892; x_wconf 88' lang='lat' dir='ltr'><strong>id</strong></span> <span class='ocrx_word' id='word_1_565' title='bbox 1413 3843 1501 3893; x_wconf 87' lang='lat' dir='ltr'><strong>est</strong></span> <span class='ocrx_word' id='word_1_566' title='bbox 1553 3842 1825 3913; x_wconf 75' lang='lat' dir='ltr'><strong>penetro,</strong></span> <span class='ocrx_word' id='word_1_567' title='bbox 1872 3834 2139 3911; x_wconf 61' lang='lat' dir='ltr'><strong>incendo,</strong></span> 
     </span>
    </p>
   </div>
   <div class='ocr_carea' id='block_1_79' title="bbox 2223 3826 3892 3913">
    <p class='ocr_par' dir='ltr' id='par_1_79' title="bbox 2236 3826 3892 3895">
     <span class='ocr_line' id='line_1_79' title="bbox 2236 3826 3892 3895; baseline -0.002 -9"><span class='ocrx_word' id='word_1_568' title='bbox 2236 3833 2296 3888; x_wconf 76' lang='grc' dir='ltr'><strong>ἄν</strong></span> <span class='ocrx_word' id='word_1_569' title='bbox 2329 3854 2410 3893; x_wconf 75' lang='grc' dir='ltr'><strong>τις</strong></span> <span class='ocrx_word' id='word_1_570' title='bbox 2443 3829 2591 3885; x_wconf 74' lang='grc' dir='ltr'>εἴποι</span> <span class='ocrx_word' id='word_1_571' title='bbox 2624 3826 3000 3887; x_wconf 74' lang='grc' dir='ltr'>διαπιστοῦντα</span> <span class='ocrx_word' id='word_1_572' title='bbox 3031 3829 3161 3884; x_wconf 68' lang='grc' dir='ltr'>αὐτὰ</span> <span class='ocrx_word' id='word_1_573' title='bbox 3192 3830 3428 3893; x_wconf 75' lang='grc' dir='ltr'>ἑαυτοῦς,</span> <span class='ocrx_word' id='word_1_574' title='bbox 3462 3827 3698 3893; x_wconf 80' lang='grc' dir='ltr'>Εἰκότως</span> <span class='ocrx_word' id='word_1_575' title='bbox 3730 3827 3821 3883; x_wconf 83' lang='grc' dir='ltr'><strong>οὖν</strong></span> <span class='ocrx_word' id='word_1_576' title='bbox 3852 3828 3892 3895; x_wconf 77' lang='grc' dir='ltr'><strong>ἦ</strong></span> 
     </span>
    </p>
   </div>
   <div class='ocr_carea' id='block_1_80' title="bbox 499 3916 2139 4000">
    <p class='ocr_par' dir='ltr' id='par_1_80' title="bbox 499 3919 2139 4000">
     <span class='ocr_line' id='line_1_80' title="bbox 499 3919 2139 4000; baseline 0.002 -20"><span class='ocrx_word' id='word_1_577' title='bbox 499 3919 670 3999; x_wconf 84' lang='lat' dir='ltr'><strong>quasi</strong></span> <span class='ocrx_word' id='word_1_578' title='bbox 691 3927 874 3983; x_wconf 87' lang='lat' dir='ltr'><strong>totum</strong></span> <span class='ocrx_word' id='word_1_579' title='bbox 902 3920 1327 4000; x_wconf 82' lang='lat' dir='ltr'><strong>pervadens)et</strong></span> <span class='ocrx_word' id='word_1_580' title='bbox 1352 3922 1705 3984; x_wconf 80' lang='lat' dir='ltr'><strong>calefacere.</strong></span> <span class='ocrx_word' id='word_1_581' title='bbox 1728 3921 1985 3983; x_wconf 79' lang='lat' dir='ltr'><strong>Rursum</strong></span> <span class='ocrx_word' id='word_1_582' title='bbox 2012 3941 2139 3983; x_wconf 81' lang='lat' dir='ltr'><strong>verc</strong></span> 
     </span>
    </p>
   </div>
   <div class='ocr_carea' id='block_1_81' title="bbox 2223 3916 3893 4000">
    <p class='ocr_par' dir='ltr' id='par_1_81' title="bbox 2235 3916 3893 3998">
     <span class='ocr_line' id='line_1_81' title="bbox 2235 3916 3893 3998; baseline -0.004 -19"><span class='ocrx_word' id='word_1_583' title='bbox 2235 3922 2422 3998; x_wconf 80' lang='grc' dir='ltr'>πρώτη</span> <span class='ocrx_word' id='word_1_584' title='bbox 2454 3926 2559 3975; x_wconf 88' lang='grc' dir='ltr'><strong>τῶν</strong></span> <span class='ocrx_word' id='word_1_585' title='bbox 2615 3916 3023 3994; x_wconf 70' lang='grc' dir='ltr'>διαλοσμήσεων</span> <span class='ocrx_word' id='word_1_586' title='bbox 3078 3918 3140 3974; x_wconf 82' lang='grc' dir='ltr'>ἐκ</span> <span class='ocrx_word' id='word_1_587' title='bbox 3195 3924 3300 3974; x_wconf 88' lang='grc' dir='ltr'><strong>τῶν</strong></span> <span class='ocrx_word' id='word_1_588' title='bbox 3357 3917 3662 3996; x_wconf 80' lang='grc' dir='ltr'>ὺπερτάτων</span> <span class='ocrx_word' id='word_1_589' title='bbox 3693 3921 3893 3977; x_wconf 68' lang='grc' dir='ltr'>οὐσιῶν</span> 
     </span>
    </p>
   </div>
   <div class='ocr_carea' id='block_1_82' title="bbox 474 4007 2139 4091">
    <p class='ocr_par' dir='ltr' id='par_1_82' title="bbox 474 4010 2139 4091">
     <span class='ocr_line' id='line_1_82' title="bbox 474 4010 2139 4091; baseline 0.002 -24"><span class='ocrx_word' id='word_1_590' title='bbox 474 4010 739 4071; x_wconf 80' lang='lat' dir='ltr'><strong>.diversa</strong></span> <span class='ocrx_word' id='word_1_591' title='bbox 756 4018 915 4082; x_wconf 87' lang='lat' dir='ltr'><strong>sunt,</strong></span> <span class='ocrx_word' id='word_1_592' title='bbox 942 4014 1224 4090; x_wconf 89' lang='lat' dir='ltr'><strong>quoniam</strong></span> <span class='ocrx_word' id='word_1_593' title='bbox 1245 4011 1400 4071; x_wconf 87' lang='lat' dir='ltr'><strong>aliud</strong></span> <span class='ocrx_word' id='word_1_594' title='bbox 1426 4020 1536 4091; x_wconf 90' lang='lat' dir='ltr'><strong>est,</strong></span> <span class='ocrx_word' id='word_1_595' title='bbox 1562 4019 1740 4073; x_wconf 86' lang='lat' dir='ltr'><strong>totum</strong></span> <span class='ocrx_word' id='word_1_596' title='bbox 1767 4011 2139 4087; x_wconf 78' lang='lat' dir='ltr'><strong>comburere,</strong></span> 
     </span>
    </p>
   </div>
   <div class='ocr_carea' id='block_1_83' title="bbox 2223 4007 3887 4091">
    <p class='ocr_par' dir='ltr' id='par_1_83' title="bbox 2234 4007 3887 4089">
     <span class='ocr_line' id='line_1_83' title="bbox 2234 4007 3887 4089; baseline -0.001 -22"><span class='ocrx_word' id='word_1_597' title='bbox 2234 4015 2387 4089; x_wconf 77' lang='grc' dir='ltr'>ἰερῶς</span> <span class='ocrx_word' id='word_1_598' title='bbox 2418 4010 2736 4088; x_wconf 76' lang='grc' dir='ltr'>ἐνεργεῖται,</span> <span class='ocrx_word' id='word_1_599' title='bbox 2790 4008 2970 4087; x_wconf 70' lang='grc' dir='ltr'>(τοῦτο</span> <span class='ocrx_word' id='word_1_600' title='bbox 3032 4008 3132 4087; x_wconf 84' lang='grc' dir='ltr'>γὰρ</span> <span class='ocrx_word' id='word_1_601' title='bbox 3191 4007 3302 4064; x_wconf 79' lang='grc' dir='ltr'>ἐστι</span> <span class='ocrx_word' id='word_1_602' title='bbox 3361 4010 3422 4064; x_wconf 82' lang='grc' dir='ltr'>τὸ</span> <span class='ocrx_word' id='word_1_603' title='bbox 3476 4007 3887 4089; x_wconf 73' lang='grc' dir='ltr'>ἱερουργεϊται·)</span> 
     </span>
    </p>
   </div>
   <div class='ocr_carea' id='block_1_84' title="bbox 499 4095 2139 4179">
    <p class='ocr_par' dir='ltr' id='par_1_84' title="bbox 499 4100 2139 4163">
     <span class='ocr_line' id='line_1_84' title="bbox 499 4100 2139 4163; baseline -0.001 -1"><span class='ocrx_word' id='word_1_604' title='bbox 499 4110 559 4162; x_wconf 90' lang='lat' dir='ltr'><strong>et</strong></span> <span class='ocrx_word' id='word_1_605' title='bbox 580 4100 738 4162; x_wconf 86' lang='lat' dir='ltr'><strong>aliud</strong></span> <span class='ocrx_word' id='word_1_606' title='bbox 759 4109 980 4161; x_wconf 88' lang='lat' dir='ltr'><strong>tantum</strong></span> <span class='ocrx_word' id='word_1_607' title='bbox 1003 4100 1354 4163; x_wconf 86' lang='lat' dir='ltr'><strong>calefacere.</strong></span> <span class='ocrx_word' id='word_1_608' title='bbox 1373 4100 1600 4163; x_wconf 87' lang='lat' dir='ltr'><strong>Nomen</strong></span> <span class='ocrx_word' id='word_1_609' title='bbox 1621 4110 1813 4163; x_wconf 88' lang='lat' dir='ltr'><strong>autem</strong></span> <span class='ocrx_word' id='word_1_610' title='bbox 1839 4101 2139 4162; x_wconf 78' lang='lat' dir='ltr'><strong>clterubitr</strong></span> 
     </span>
    </p>
   </div>
   <div class='ocr_carea' id='block_1_85' title="bbox 2223 4095 3890 4179">
    <p class='ocr_par' dir='ltr' id='par_1_85' title="bbox 2233 4095 3890 4179">
     <span class='ocr_line' id='line_1_85' title="bbox 2233 4095 3890 4179; baseline -0.001 -23"><span class='ocrx_word' id='word_1_611' title='bbox 2233 4099 2379 4166; x_wconf 78' lang='grc' dir='ltr'>τάξιν</span> <span class='ocrx_word' id='word_1_612' title='bbox 2422 4100 2522 4178; x_wconf 76' lang='grc' dir='ltr'><strong>γὰρ</strong></span> <span class='ocrx_word' id='word_1_613' title='bbox 2576 4099 2762 4179; x_wconf 79' lang='grc' dir='ltr'>ἔχουσι</span> <span class='ocrx_word' id='word_1_614' title='bbox 2796 4105 2903 4155; x_wconf 83' lang='grc' dir='ltr'><strong>τῶν</strong></span> <span class='ocrx_word' id='word_1_615' title='bbox 2961 4103 3148 4154; x_wconf 79' lang='grc' dir='ltr'>πασῶν</span> <span class='ocrx_word' id='word_1_616' title='bbox 3205 4095 3562 4177; x_wconf 80' lang='grc' dir='ltr'>ὑψηλοτέραν,</span> <span class='ocrx_word' id='word_1_617' title='bbox 3623 4108 3719 4157; x_wconf 79' lang='grc' dir='ltr'><strong>τοῦ</strong></span> <span class='ocrx_word' id='word_1_618' title='bbox 3766 4100 3890 4171; x_wconf 78' lang='grc' dir='ltr'>περὶ</span> 
     </span>
    </p>
   </div>
   <div class='ocr_carea' id='block_1_86' title="bbox 498 4185 2139 4271">
    <p class='ocr_par' dir='ltr' id='par_1_86' title="bbox 498 4190 2139 4271">
     <span class='ocr_line' id='line_1_86' title="bbox 498 4190 2139 4271; baseline 0 -19"><span class='ocrx_word' id='word_1_619' title='bbox 498 4190 795 4271; x_wconf 81' lang='lat' dir='ltr'><strong>signiﬁcat</strong></span> <span class='ocrx_word' id='word_1_620' title='bbox 828 4190 1284 4253; x_wconf 77' lang='lat' dir='ltr'><strong>multitudinem</strong></span> <span class='ocrx_word' id='word_1_621' title='bbox 1318 4193 1690 4271; x_wconf 80' lang='lat' dir='ltr'><strong>cegttt&#39;lionis</strong></span> <span class='ocrx_word' id='word_1_622' title='bbox 1724 4192 1814 4253; x_wconf 82' lang='lat' dir='ltr'><strong>vel</strong></span> <span class='ocrx_word' id='word_1_623' title='bbox 1851 4194 2139 4270; x_wconf 65' lang='lat' dir='ltr'><strong>[usitmem</strong></span> 
     </span>
    </p>
   </div>
   <div class='ocr_carea' id='block_1_87' title="bbox 2223 4185 3887 4271">
    <p class='ocr_par' dir='ltr' id='par_1_87' title="bbox 2236 4185 3887 4268">
     <span class='ocr_line' id='line_1_87' title="bbox 2236 4185 3887 4268; baseline -0.001 -22"><span class='ocrx_word' id='word_1_624' title='bbox 2236 4192 2365 4246; x_wconf 79' lang='grc' dir='ltr'>Θεὸν</span> <span class='ocrx_word' id='word_1_625' title='bbox 2395 4188 2609 4264; x_wconf 85' lang='grc' dir='ltr'>ἆμέσως</span> <span class='ocrx_word' id='word_1_626' title='bbox 2640 4187 2865 4268; x_wconf 77' lang='grc' dir='ltr'>ἱδρῦσθαι</span> <span class='ocrx_word' id='word_1_627' title='bbox 2929 4186 3011 4267; x_wconf 72' lang='lat'><strong>(03</strong></span> <span class='ocrx_word' id='word_1_628' title='bbox 3070 4188 3170 4266; x_wconf 75' lang='grc' dir='ltr'>γὰρ</span> <span class='ocrx_word' id='word_1_629' title='bbox 3227 4185 3338 4243; x_wconf 80' lang='grc' dir='ltr'>ἐστι</span> <span class='ocrx_word' id='word_1_630' title='bbox 3395 4188 3497 4265; x_wconf 79' lang='grc' dir='ltr'><strong>πρὸ</strong></span> <span class='ocrx_word' id='word_1_631' title='bbox 3530 4192 3697 4253; x_wconf 67' lang='grc' dir='ltr'>αὐτῆς</span> <span class='ocrx_word' id='word_1_632' title='bbox 3730 4188 3887 4266; x_wconf 67' lang='grc' dir='ltr'>ἑτέρα</span> 
     </span>
    </p>
   </div>
   <div class='ocr_carea' id='block_1_88' title="bbox 496 4277 2139 4361">
    <p class='ocr_par' dir='ltr' id='par_1_88' title="bbox 496 4280 2139 4361">
     <span class='ocr_line' id='line_1_88' title="bbox 496 4280 2139 4361; baseline -0.001 -19"><span class='ocrx_word' id='word_1_633' title='bbox 496 4281 853 4361; x_wconf 72' lang='lat' dir='ltr'><strong>sapientiae;</strong></span> <span class='ocrx_word' id='word_1_634' title='bbox 879 4280 1035 4359; x_wconf 85' lang='lat' dir='ltr'><strong>quod</strong></span> <span class='ocrx_word' id='word_1_635' title='bbox 1062 4280 1344 4342; x_wconf 87' lang='lat' dir='ltr'><strong>nimirum</strong></span> <span class='ocrx_word' id='word_1_636' title='bbox 1374 4282 1556 4342; x_wconf 87' lang='lat' dir='ltr'><strong>multa</strong></span> <span class='ocrx_word' id='word_1_637' title='bbox 1580 4281 2139 4360; x_wconf 74' lang='lat' dir='ltr'><strong>cognoscant,idqnc</strong></span> 
     </span>
    </p>
   </div>
   <div class='ocr_carea' id='block_1_89' title="bbox 2223 4277 3883 4361">
    <p class='ocr_par' dir='ltr' id='par_1_89' title="bbox 2233 4277 3883 4356">
     <span class='ocr_line' id='line_1_89' title="bbox 2233 4277 3883 4356; baseline 0.026 -21"><span class='ocrx_word' id='word_1_638' title='bbox 2233 4278 2426 4353; x_wconf 77' lang='grc' dir='ltr'><strong>τάξις,)</strong></span> <span class='ocrx_word' id='word_1_639' title='bbox 2445 4280 2529 4335; x_wconf 77' lang='grc' dir='ltr'><strong>καὶ</strong></span> <span class='ocrx_word' id='word_1_640' title='bbox 2560 4278 2968 4353; x_wconf 68' lang='grc' dir='ltr'>ἀμετακινήτωέ</span> <span class='ocrx_word' id='word_1_641' title='bbox 2997 4277 3167 4351; x_wconf 60' lang='grc' dir='ltr'><strong>εἶπα»</strong></span> <span class='ocrx_word' id='word_1_642' title='bbox 3200 4277 3446 4334; x_wconf 56' lang='grc' dir='ltr'><strong>ίάίεῖθεν</strong></span> <span class='ocrx_word' id='word_1_643' title='bbox 3482 4278 3554 4341; x_wconf 60' lang='grc' dir='ltr'><strong>εἰς</strong></span> <span class='ocrx_word' id='word_1_644' title='bbox 3586 4278 3750 4343; x_wconf 55' lang='grc' dir='ltr'>αὐτὴν</span> <span class='ocrx_word' id='word_1_645' title='bbox 3785 4278 3883 4356; x_wconf 64' lang='grc' dir='ltr'><strong>ἀρ’</strong></span> 
     </span>
    </p>
   </div>
   <div class='ocr_carea' id='block_1_90' title="bbox 500 4364 2139 4452">
    <p class='ocr_par' dir='ltr' id='par_1_90' title="bbox 500 4372 2139 4452">
     <span class='ocr_line' id='line_1_90' title="bbox 500 4372 2139 4452; baseline -0.001 -19"><span class='ocrx_word' id='word_1_646' title='bbox 500 4372 830 4452; x_wconf 86' lang='lat' dir='ltr'><strong>sapienter;</strong></span> <span class='ocrx_word' id='word_1_647' title='bbox 857 4380 914 4433; x_wconf 91' lang='lat' dir='ltr'><strong>et</strong></span> <span class='ocrx_word' id='word_1_648' title='bbox 936 4380 1299 4448; x_wconf 83' lang='lat' dir='ltr'><strong>constanter,</strong></span> <span class='ocrx_word' id='word_1_649' title='bbox 1318 4382 1373 4432; x_wconf 90' lang='lat' dir='ltr'><strong>et</strong></span> <span class='ocrx_word' id='word_1_650' title='bbox 1401 4392 1518 4433; x_wconf 91' lang='lat' dir='ltr'><strong>non</strong></span> <span class='ocrx_word' id='word_1_651' title='bbox 1543 4372 1732 4432; x_wconf 87' lang='lat' dir='ltr'><strong>solum</strong></span> <span class='ocrx_word' id='word_1_652' title='bbox 1758 4372 2139 4452; x_wconf 81' lang='lat' dir='ltr'><strong>superficiali-</strong></span> 
     </span>
    </p>
   </div>
   <div class='ocr_carea' id='block_1_91' title="bbox 2223 4364 3891 4452">
    <p class='ocr_par' dir='ltr' id='par_1_91' title="bbox 2233 4364 3891 4449">
     <span class='ocr_line' id='line_1_91' title="bbox 2233 4364 3891 4449; baseline -0.001 -24"><span class='ocrx_word' id='word_1_653' title='bbox 2233 4369 2548 4449; x_wconf 78' lang='grc' dir='ltr'>χικωτὲρως</span> <span class='ocrx_word' id='word_1_654' title='bbox 2606 4371 2680 4433; x_wconf 86' lang='grc' dir='ltr'>ὡς</span> <span class='ocrx_word' id='word_1_655' title='bbox 2738 4367 3012 4446; x_wconf 78' lang='grc' dir='ltr'>ἐγγυτάτω</span> <span class='ocrx_word' id='word_1_656' title='bbox 3038 4364 3483 4442; x_wconf 72' lang='grc' dir='ltr'>μεταϐιϐάζεσθαι</span> <span class='ocrx_word' id='word_1_657' title='bbox 3529 4367 3629 4433; x_wconf 77' lang='grc' dir='ltr'><strong>τὴν</strong></span> <span class='ocrx_word' id='word_1_658' title='bbox 3660 4370 3891 4423; x_wconf 85' lang='grc' dir='ltr'>τελείω-</span> 
     </span>
    </p>
   </div>
   <div class='ocr_carea' id='block_1_92' title="bbox 501 4452 2139 4547">
    <p class='ocr_par' dir='ltr' id='par_1_92' title="bbox 501 4460 2139 4547">
     <span class='ocr_line' id='line_1_92' title="bbox 501 4460 2139 4547; baseline 0 -27"><span class='ocrx_word' id='word_1_659' title='bbox 501 4467 619 4547; x_wconf 85' lang='lat' dir='ltr'><strong>ter,</strong></span> <span class='ocrx_word' id='word_1_660' title='bbox 644 4478 711 4521; x_wconf 89' lang='lat' dir='ltr'><strong>ac</strong></span> <span class='ocrx_word' id='word_1_661' title='bbox 737 4460 788 4521; x_wconf 90' lang='lat' dir='ltr'><strong>si</strong></span> <span class='ocrx_word' id='word_1_662' title='bbox 811 4462 944 4539; x_wconf 89' lang='lat' dir='ltr'><strong>quis</strong></span> <span class='ocrx_word' id='word_1_663' title='bbox 972 4462 1125 4523; x_wconf 74' lang='lat' dir='ltr'><strong>dicat</strong></span> <span class='ocrx_word' id='word_1_664' title='bbox 1148 4481 1278 4542; x_wconf 69' lang='lat' dir='ltr'><strong>qua)</strong></span> <span class='ocrx_word' id='word_1_665' title='bbox 1304 4464 1651 4523; x_wconf 82' lang='lat' dir='ltr'><strong>conﬁrmata</strong></span> <span class='ocrx_word' id='word_1_666' title='bbox 1678 4470 1814 4522; x_wconf 89' lang='lat' dir='ltr'><strong>sunt</strong></span> <span class='ocrx_word' id='word_1_667' title='bbox 1840 4462 1898 4521; x_wconf 90' lang='lat' dir='ltr'><strong>in</strong></span> <span class='ocrx_word' id='word_1_668' title='bbox 1925 4468 2139 4522; x_wconf 82' lang='lat' dir='ltr'><strong>semet-</strong></span> 
     </span>
    </p>
   </div>
   <div class='ocr_carea' id='block_1_93' title="bbox 2223 4452 3887 4547">
    <p class='ocr_par' dir='ltr' id='par_1_93' title="bbox 2235 4455 3887 4539">
     <span class='ocr_line' id='line_1_93' title="bbox 2235 4455 3887 4539; baseline -0.002 -23"><span class='ocrx_word' id='word_1_669' title='bbox 2235 4483 2341 4524; x_wconf 88' lang='grc' dir='ltr'>σιν,</span> <span class='ocrx_word' id='word_1_670' title='bbox 2376 4459 2752 4539; x_wconf 71' lang='grc' dir='ltr'>Πρωτουργοὺς</span> <span class='ocrx_word' id='word_1_671' title='bbox 2807 4457 2861 4513; x_wconf 79' lang='grc' dir='ltr'>δὲ</span> <span class='ocrx_word' id='word_1_672' title='bbox 2914 4455 3057 4534; x_wconf 78' lang='grc' dir='ltr'>λέγει</span> <span class='ocrx_word' id='word_1_673' title='bbox 3120 4458 3449 4536; x_wconf 71' lang='grc' dir='ltr'>θεοφανείας,</span> <span class='ocrx_word' id='word_1_674' title='bbox 3512 4456 3592 4513; x_wconf 78' lang='grc' dir='ltr'><strong>ὅτι</strong></span> <span class='ocrx_word' id='word_1_675' title='bbox 3650 4458 3721 4520; x_wconf 70' lang='grc' dir='ltr'><strong>εἰς</strong></span> <span class='ocrx_word' id='word_1_676' title='bbox 3784 4461 3887 4517; x_wconf 73' lang='grc' dir='ltr'>αὒ-</span> 
     </span>
    </p>
   </div>
   <div class='ocr_carea' id='block_1_94' title="bbox 501 4547 2139 4631">
    <p class='ocr_par' dir='ltr' id='par_1_94' title="bbox 501 4549 2139 4631">
     <span class='ocr_line' id='line_1_94' title="bbox 501 4549 2139 4631; baseline 0.001 -22"><span class='ocrx_word' id='word_1_677' title='bbox 501 4549 671 4629; x_wconf 88' lang='lat' dir='ltr'><strong>ipsis.</strong></span> <span class='ocrx_word' id='word_1_678' title='bbox 705 4550 917 4611; x_wconf 86' lang='lat' dir='ltr'><strong>Merito</strong></span> <span class='ocrx_word' id='word_1_679' title='bbox 965 4551 1139 4628; x_wconf 76' lang='lat' dir='ltr'><strong>igitur</strong></span> <span class='ocrx_word' id='word_1_680' title='bbox 1172 4552 1361 4631; x_wconf 88' lang='lat' dir='ltr'><strong>prima</strong></span> <span class='ocrx_word' id='word_1_681' title='bbox 1410 4551 1710 4613; x_wconf 89' lang='lat' dir='ltr'><strong>distinctio</strong></span> <span class='ocrx_word' id='word_1_682' title='bbox 1745 4550 1817 4611; x_wconf 91' lang='lat' dir='ltr'><strong>ab</strong></span> <span class='ocrx_word' id='word_1_683' title='bbox 1852 4550 2139 4613; x_wconf 80' lang='lat' dir='ltr'><strong>excellen-</strong></span> 
     </span>
    </p>
   </div>
   <div class='ocr_carea' id='block_1_95' title="bbox 2223 4547 3892 4631">
    <p class='ocr_par' dir='ltr' id='par_1_95' title="bbox 2234 4547 3892 4627">
     <span class='ocr_line' id='line_1_95' title="bbox 2234 4547 3892 4627; baseline -0.003 -20"><span class='ocrx_word' id='word_1_684' title='bbox 2234 4551 2354 4613; x_wconf 82' lang='grc' dir='ltr'>τοὺς</span> <span class='ocrx_word' id='word_1_685' title='bbox 2425 4549 2665 4626; x_wconf 86' lang='grc' dir='ltr'>πρώτους</span> <span class='ocrx_word' id='word_1_686' title='bbox 2740 4547 3047 4627; x_wconf 78' lang='grc' dir='ltr'>ἐργάζονται</span> <span class='ocrx_word' id='word_1_687' title='bbox 3129 4547 3495 4625; x_wconf 68' lang='grc' dir='ltr'>ἐνεργούμεναι</span> <span class='ocrx_word' id='word_1_688' title='bbox 3567 4547 3618 4602; x_wconf 78' lang='grc' dir='ltr'>αἱ</span> <span class='ocrx_word' id='word_1_689' title='bbox 3686 4549 3892 4626; x_wconf 66' lang='grc' dir='ltr'>θεοφᾶ-</span> 
     </span>
    </p>
   </div>
   <div class='ocr_carea' id='block_1_96' title="bbox 500 4633 2139 4715">
    <p class='ocr_par' dir='ltr' id='par_1_96' title="bbox 500 4638 2139 4713">
     <span class='ocr_line' id='line_1_96' title="bbox 500 4638 2139 4713; baseline 0.003 -15"><span class='ocrx_word' id='word_1_690' title='bbox 500 4638 749 4700; x_wconf 87' lang='lat' dir='ltr'><strong>tissimis</strong></span> <span class='ocrx_word' id='word_1_691' title='bbox 767 4640 1046 4701; x_wconf 86' lang='lat' dir='ltr'><strong>essentiis</strong></span> <span class='ocrx_word' id='word_1_692' title='bbox 1067 4651 1266 4701; x_wconf 84' lang='lat' dir='ltr'><strong>sancte</strong></span> <span class='ocrx_word' id='word_1_693' title='bbox 1292 4641 1689 4713; x_wconf 73' lang='lat' dir='ltr'><strong>efficiturthoc</strong></span> <span class='ocrx_word' id='word_1_694' title='bbox 1710 4641 1865 4702; x_wconf 89' lang='lat' dir='ltr'><strong>enim</strong></span> <span class='ocrx_word' id='word_1_695' title='bbox 1891 4641 2139 4703; x_wconf 74' lang='lat' dir='ltr'><strong>insinuat</strong></span> 
     </span>
    </p>
   </div>
   <div class='ocr_carea' id='block_1_97' title="bbox 2223 4633 3894 4715">
    <p class='ocr_par' dir='ltr' id='par_1_97' title="bbox 2235 4633 3894 4715">
     <span class='ocr_line' id='line_1_97' title="bbox 2235 4633 3894 4715; baseline -0.003 -19"><span class='ocrx_word' id='word_1_696' title='bbox 2235 4655 2392 4696; x_wconf 87' lang='grc' dir='ltr'>νειαι’</span> <span class='ocrx_word' id='word_1_697' title='bbox 2442 4637 2841 4712; x_wconf 79' lang='grc' dir='ltr'>ἐπιδράττονται</span> <span class='ocrx_word' id='word_1_698' title='bbox 2904 4638 3005 4715; x_wconf 70' lang='grc' dir='ltr'>γὰρ</span> <span class='ocrx_word' id='word_1_699' title='bbox 3062 4637 3159 4705; x_wconf 68' lang='grc' dir='ltr'>τῆς</span> <span class='ocrx_word' id='word_1_700' title='bbox 3218 4635 3359 4699; x_wconf 85' lang='grc' dir='ltr'>θείας</span> <span class='ocrx_word' id='word_1_701' title='bbox 3420 4633 3769 4710; x_wconf 74' lang='grc' dir='ltr'>ἐλλάμψεως,</span> <span class='ocrx_word' id='word_1_702' title='bbox 3801 4636 3894 4691; x_wconf 79' lang='grc' dir='ltr'><strong>καὶ</strong></span> 
     </span>
    </p>
   </div>
   <div class='ocr_carea' id='block_1_98' title="bbox 497 4723 2139 4811">
    <p class='ocr_par' dir='ltr' id='par_1_98' title="bbox 497 4728 2139 4811">
     <span class='ocr_line' id='line_1_98' title="bbox 497 4728 2139 4811; baseline 0 -20"><span class='ocrx_word' id='word_1_703' title='bbox 497 4728 647 4791; x_wconf 89' lang='lat' dir='ltr'><strong>illud</strong></span> <span class='ocrx_word' id='word_1_704' title='bbox 674 4728 1127 4809; x_wconf 78' lang='lat' dir='ltr'><strong>sanctificatur),</strong></span> <span class='ocrx_word' id='word_1_705' title='bbox 1155 4732 1431 4811; x_wconf 87' lang='lat' dir='ltr'><strong>quoniam</strong></span> <span class='ocrx_word' id='word_1_706' title='bbox 1462 4731 1735 4793; x_wconf 83' lang='lat' dir='ltr'><strong>ordinem</strong></span> <span class='ocrx_word' id='word_1_707' title='bbox 1768 4730 1991 4793; x_wconf 86' lang='lat' dir='ltr'><strong>habent</strong></span> <span class='ocrx_word' id='word_1_708' title='bbox 2018 4750 2139 4791; x_wconf 90' lang='lat' dir='ltr'><strong>om-</strong></span> 
     </span>
    </p>
   </div>
   <div class='ocr_carea' id='block_1_99' title="bbox 2223 4723 3888 4811">
    <p class='ocr_par' dir='ltr' id='par_1_99' title="bbox 2235 4723 3888 4810">
     <span class='ocr_line' id='line_1_99' title="bbox 2235 4723 3888 4810; baseline -0.004 -24"><span class='ocrx_word' id='word_1_709' title='bbox 2235 4732 2552 4810; x_wconf 70' lang='grc' dir='ltr'>σοφίζονται*</span> <span class='ocrx_word' id='word_1_710' title='bbox 2589 4726 2789 4785; x_wconf 71' lang='grc' dir='ltr'>ἰκετθέν</span> <span class='ocrx_word' id='word_1_711' title='bbox 2822 4726 2963 4783; x_wconf 73' lang='grc' dir='ltr'>ἐστιν</span> <span class='ocrx_word' id='word_1_712' title='bbox 2996 4731 3179 4790; x_wconf 74' lang='grc' dir='ltr'>αὒτοϊς</span> <span class='ocrx_word' id='word_1_713' title='bbox 3231 4728 3316 4782; x_wconf 81' lang='grc' dir='ltr'><strong>καὶ</strong></span> <span class='ocrx_word' id='word_1_714' title='bbox 3372 4726 3434 4781; x_wconf 82' lang='grc' dir='ltr'>τὸ</span> <span class='ocrx_word' id='word_1_715' title='bbox 3492 4723 3888 4800; x_wconf 76' lang='grc' dir='ltr'>ἐλλαμπεσθαι,</span> 
     </span>
    </p>
   </div>
   <div class='ocr_carea' id='block_1_100' title="bbox 496 4813 2139 4899">
    <p class='ocr_par' dir='ltr' id='par_1_100' title="bbox 496 4818 2139 4899">
     <span class='ocr_line' id='line_1_100' title="bbox 496 4818 2139 4899; baseline 0.001 -18"><span class='ocrx_word' id='word_1_716' title='bbox 496 4818 677 4882; x_wconf 88' lang='lat' dir='ltr'><strong>nibus</strong></span> <span class='ocrx_word' id='word_1_717' title='bbox 709 4820 1105 4899; x_wconf 86' lang='lat' dir='ltr'><strong>superiorem,</strong></span> <span class='ocrx_word' id='word_1_718' title='bbox 1145 4829 1209 4880; x_wconf 90' lang='lat' dir='ltr'><strong>ut</strong></span> <span class='ocrx_word' id='word_1_719' title='bbox 1240 4823 1335 4898; x_wconf 90' lang='lat' dir='ltr'><strong>qui</strong></span> <span class='ocrx_word' id='word_1_720' title='bbox 1360 4819 1529 4899; x_wconf 78' lang='lat' dir='ltr'><strong>juxta</strong></span> <span class='ocrx_word' id='word_1_721' title='bbox 1577 4818 1765 4881; x_wconf 90' lang='lat' dir='ltr'><strong>Deum</strong></span> <span class='ocrx_word' id='word_1_722' title='bbox 1807 4820 2139 4884; x_wconf 74' lang='lat' dir='ltr'><strong>immediate</strong></span> 
     </span>
    </p>
   </div>
   <div class='ocr_carea' id='block_1_101' title="bbox 2223 4813 3891 4899">
    <p class='ocr_par' dir='ltr' id='par_1_101' title="bbox 2235 4813 3891 4896">
     <span class='ocr_line' id='line_1_101' title="bbox 2235 4813 3891 4896; baseline -0.002 -22"><span class='ocrx_word' id='word_1_723' title='bbox 2235 4820 2323 4875; x_wconf 86' lang='grc' dir='ltr'><strong>καὶ</strong></span> <span class='ocrx_word' id='word_1_724' title='bbox 2394 4819 2453 4874; x_wconf 79' lang='grc' dir='ltr'>τὸ</span> <span class='ocrx_word' id='word_1_725' title='bbox 2510 4817 2813 4896; x_wconf 75' lang='grc' dir='ltr'>γινώσκειν.</span> <span class='ocrx_word' id='word_1_726' title='bbox 2896 4816 3050 4875; x_wconf 87' lang='grc' dir='ltr'>Ὀθεν</span> <span class='ocrx_word' id='word_1_727' title='bbox 3109 4816 3336 4872; x_wconf 77' lang='grc' dir='ltr'>κάκεῖνα</span> <span class='ocrx_word' id='word_1_728' title='bbox 3407 4813 3503 4889; x_wconf 67' lang='grc' dir='ltr'><strong>μὲν</strong></span> <span class='ocrx_word' id='word_1_729' title='bbox 3560 4813 3891 4893; x_wconf 77' lang='grc' dir='ltr'>ἑξαπτέρυγα</span> 
     </span>
    </p>
   </div>
   <div class='ocr_carea' id='block_1_102' title="bbox 501 4908 2146 4991">
    <p class='ocr_par' dir='ltr' id='par_1_102' title="bbox 501 4908 2146 4991">
     <span class='ocr_line' id='line_1_102' title="bbox 501 4908 2146 4991; baseline 0.001 -19"><span class='ocrx_word' id='word_1_730' title='bbox 501 4909 830 4972; x_wconf 89' lang='lat' dir='ltr'><strong>collocatur</strong></span> <span class='ocrx_word' id='word_1_731' title='bbox 865 4909 1024 4989; x_wconf 89' lang='lat' dir='ltr'><strong>(nam</strong></span> <span class='ocrx_word' id='word_1_732' title='bbox 1056 4916 1196 4970; x_wconf 87' lang='lat' dir='ltr'><strong>ante</strong></span> <span class='ocrx_word' id='word_1_733' title='bbox 1227 4908 1385 4970; x_wconf 90' lang='lat' dir='ltr'><strong>hunc</strong></span> <span class='ocrx_word' id='word_1_734' title='bbox 1442 4908 1641 4971; x_wconf 91' lang='lat' dir='ltr'><strong>nullus</strong></span> <span class='ocrx_word' id='word_1_735' title='bbox 1669 4910 1822 4973; x_wconf 87' lang='lat' dir='ltr'><strong>alius</strong></span> <span class='ocrx_word' id='word_1_736' title='bbox 1857 4911 2006 4973; x_wconf 89' lang='lat' dir='ltr'><strong>ordo</strong></span> <span class='ocrx_word' id='word_1_737' title='bbox 2037 4911 2146 4991; x_wconf 89' lang='lat' dir='ltr'><strong>est)</strong></span> 
     </span>
    </p>
   </div>
   <div class='ocr_carea' id='block_1_103' title="bbox 502 4998 2148 5078">
    <p class='ocr_par' dir='ltr' id='par_1_103' title="bbox 502 4998 2148 5078">
     <span class='ocr_line' id='line_1_103' title="bbox 502 4998 2148 5078; baseline -0.001 -16"><span class='ocrx_word' id='word_1_738' title='bbox 502 5007 562 5062; x_wconf 89' lang='lat' dir='ltr'><strong>et</strong></span> <span class='ocrx_word' id='word_1_739' title='bbox 590 4998 977 5060; x_wconf 90' lang='lat' dir='ltr'><strong>immobiliter</strong></span> <span class='ocrx_word' id='word_1_740' title='bbox 1009 5011 1230 5073; x_wconf 86' lang='lat' dir='ltr'><strong>manet,</strong></span> <span class='ocrx_word' id='word_1_741' title='bbox 1280 4998 1440 5059; x_wconf 90' lang='lat' dir='ltr'><strong>unde</strong></span> <span class='ocrx_word' id='word_1_742' title='bbox 1487 5001 1664 5060; x_wconf 89' lang='lat' dir='ltr'><strong>etiam</strong></span> <span class='ocrx_word' id='word_1_743' title='bbox 1699 5000 1758 5060; x_wconf 91' lang='lat' dir='ltr'><strong>in</strong></span> <span class='ocrx_word' id='word_1_744' title='bbox 1790 5000 1982 5078; x_wconf 86' lang='lat' dir='ltr'><strong>ipsum</strong></span> <span class='ocrx_word' id='word_1_745' title='bbox 2018 5009 2148 5061; x_wconf 74' lang='lat' dir='ltr'><strong>tan-</strong></span> 
     </span>
    </p>
   </div>
   <div class='ocr_carea' id='block_1_104' title="bbox 501 5088 2151 5171">
    <p class='ocr_par' dir='ltr' id='par_1_104' title="bbox 501 5088 2151 5171">
     <span class='ocr_line' id='line_1_104' title="bbox 501 5088 2151 5171; baseline 0.002 -24"><span class='ocrx_word' id='word_1_746' title='bbox 501 5105 677 5167; x_wconf 83' lang='lat' dir='ltr'><strong>quam</strong></span> <span class='ocrx_word' id='word_1_747' title='bbox 699 5088 1153 5168; x_wconf 88' lang='lat' dir='ltr'><strong>vicinissimum,</strong></span> <span class='ocrx_word' id='word_1_748' title='bbox 1171 5088 1445 5169; x_wconf 88' lang='lat' dir='ltr'><strong>primitus</strong></span> <span class='ocrx_word' id='word_1_749' title='bbox 1466 5088 1716 5150; x_wconf 77' lang='lat' dir='ltr'><strong>initiatio</strong></span> <span class='ocrx_word' id='word_1_750' title='bbox 1739 5108 1841 5151; x_wconf 88' lang='lat' dir='ltr'><strong>seu</strong></span> <span class='ocrx_word' id='word_1_751' title='bbox 1869 5090 2151 5171; x_wconf 88' lang='lat' dir='ltr'><strong>perfectio</strong></span> 
     </span>
    </p>
   </div>
   <div class='ocr_carea' id='block_1_105' title="bbox 501 5181 2151 5263">
    <p class='ocr_par' dir='ltr' id='par_1_105' title="bbox 501 5181 2151 5263">
     <span class='ocr_line' id='line_1_105' title="bbox 501 5181 2151 5263; baseline 0.001 -21"><span class='ocrx_word' id='word_1_752' title='bbox 501 5181 825 5245; x_wconf 85' lang='lat' dir='ltr'><strong>derivatur.</strong></span> <span class='ocrx_word' id='word_1_753' title='bbox 854 5184 1248 5262; x_wconf 79' lang='lat' dir='ltr'><strong>Primigenias</strong></span> <span class='ocrx_word' id='word_1_754' title='bbox 1269 5191 1467 5244; x_wconf 89' lang='lat' dir='ltr'><strong>autem</strong></span> <span class='ocrx_word' id='word_1_755' title='bbox 1492 5184 1895 5263; x_wconf 85' lang='lat' dir='ltr'><strong>apparitiones</strong></span> <span class='ocrx_word' id='word_1_756' title='bbox 1916 5184 2023 5246; x_wconf 92' lang='lat' dir='ltr'><strong>Dei</strong></span> <span class='ocrx_word' id='word_1_757' title='bbox 2046 5204 2151 5245; x_wconf 80' lang='lat' dir='ltr'><strong>vo-</strong></span> 
     </span>
    </p>
   </div>
   <div class='ocr_carea' id='block_1_106' title="bbox 501 5271 2154 5354">
    <p class='ocr_par' dir='ltr' id='par_1_106' title="bbox 501 5271 2154 5354">
     <span class='ocr_line' id='line_1_106' title="bbox 501 5271 2154 5354; baseline 0.001 -21"><span class='ocrx_word' id='word_1_758' title='bbox 501 5278 617 5347; x_wconf 85' lang='lat' dir='ltr'><strong>cat,</strong></span> <span class='ocrx_word' id='word_1_759' title='bbox 666 5272 826 5351; x_wconf 88' lang='lat' dir='ltr'><strong>quod</strong></span> <span class='ocrx_word' id='word_1_760' title='bbox 869 5271 933 5333; x_wconf 89' lang='lat' dir='ltr'><strong>in</strong></span> <span class='ocrx_word' id='word_1_761' title='bbox 977 5272 1065 5333; x_wconf 90' lang='lat' dir='ltr'><strong>eis</strong></span> <span class='ocrx_word' id='word_1_762' title='bbox 1096 5272 1351 5353; x_wconf 90' lang='lat' dir='ltr'><strong>primum</strong></span> <span class='ocrx_word' id='word_1_763' title='bbox 1380 5273 1472 5333; x_wconf 84' lang='lat'><strong>60</strong></span> <span class='ocrx_word' id='word_1_764' title='bbox 1499 5275 1803 5354; x_wconf 87' lang='lat' dir='ltr'><strong>operando</strong></span> <span class='ocrx_word' id='word_1_765' title='bbox 1835 5274 1950 5335; x_wconf 89' lang='lat' dir='ltr'><strong>vim</strong></span> <span class='ocrx_word' id='word_1_766' title='bbox 1985 5292 2154 5335; x_wconf 85' lang='lat' dir='ltr'><strong>suam</strong></span> 
     </span>
    </p>
   </div>
   <div class='ocr_carea' id='block_1_107' title="bbox 503 5362 2153 5442">
    <p class='ocr_par' dir='ltr' id='par_1_107' title="bbox 503 5362 2153 5442">
     <span class='ocr_line' id='line_1_107' title="bbox 503 5362 2153 5442; baseline 0.002 -20"><span class='ocrx_word' id='word_1_767' title='bbox 503 5370 789 5425; x_wconf 68' lang='lat' dir='ltr'><strong>exerent:</strong></span> <span class='ocrx_word' id='word_1_768' title='bbox 852 5362 1369 5442; x_wconf 89' lang='lat' dir='ltr'><strong>comprehendunt</strong></span> <span class='ocrx_word' id='word_1_769' title='bbox 1404 5364 1561 5424; x_wconf 88' lang='lat' dir='ltr'><strong>enirn</strong></span> <span class='ocrx_word' id='word_1_770' title='bbox 1599 5365 1855 5425; x_wconf 87' lang='lat' dir='ltr'><strong>divinam</strong></span> <span class='ocrx_word' id='word_1_771' title='bbox 1889 5364 2153 5428; x_wconf 88' lang='lat' dir='ltr'><strong>illustra-</strong></span> 
     </span>
    </p>
   </div>
   <div class='ocr_carea' id='block_1_108' title="bbox 500 5451 2155 5535">
    <p class='ocr_par' dir='ltr' id='par_1_108' title="bbox 500 5451 2155 5535">
     <span class='ocr_line' id='line_1_108' title="bbox 500 5451 2155 5535; baseline 0.002 -23"><span class='ocrx_word' id='word_1_772' title='bbox 500 5451 754 5533; x_wconf 84' lang='lat' dir='ltr'><strong>tionem,</strong></span> <span class='ocrx_word' id='word_1_773' title='bbox 791 5460 851 5514; x_wconf 90' lang='lat' dir='ltr'><strong>et</strong></span> <span class='ocrx_word' id='word_1_774' title='bbox 890 5451 1138 5514; x_wconf 82' lang='lat' dir='ltr'><strong>evadunt</strong></span> <span class='ocrx_word' id='word_1_775' title='bbox 1175 5453 1513 5534; x_wconf 88' lang='lat' dir='ltr'><strong>sapientes;</strong></span> <span class='ocrx_word' id='word_1_776' title='bbox 1549 5454 1810 5535; x_wconf 83' lang='lat' dir='ltr'><strong>indeque</strong></span> <span class='ocrx_word' id='word_1_777' title='bbox 1841 5456 1984 5535; x_wconf 86' lang='lat' dir='ltr'><strong>ipsis</strong></span> <span class='ocrx_word' id='word_1_778' title='bbox 2015 5454 2155 5515; x_wconf 89' lang='lat' dir='ltr'><strong>illu-</strong></span> 
     </span>
    </p>
   </div>
   <div class='ocr_carea' id='block_1_109' title="bbox 499 5542 2157 5623">
    <p class='ocr_par' dir='ltr' id='par_1_109' title="bbox 499 5542 2157 5623">
     <span class='ocr_line' id='line_1_109' title="bbox 499 5542 2157 5623; baseline 0.002 -22"><span class='ocrx_word' id='word_1_779' title='bbox 499 5542 711 5604; x_wconf 85' lang='lat' dir='ltr'><strong>stratio</strong></span> <span class='ocrx_word' id='word_1_780' title='bbox 750 5553 839 5604; x_wconf 90' lang='lat' dir='ltr'><strong>est</strong></span> <span class='ocrx_word' id='word_1_781' title='bbox 869 5552 1047 5623; x_wconf 87' lang='lat' dir='ltr'><strong>atque</strong></span> <span class='ocrx_word' id='word_1_782' title='bbox 1076 5544 1361 5623; x_wconf 82' lang='lat' dir='ltr'><strong>cegnitio.</strong></span> <span class='ocrx_word' id='word_1_783' title='bbox 1386 5544 1538 5605; x_wconf 89' lang='lat' dir='ltr'><strong>Hinc</strong></span> <span class='ocrx_word' id='word_1_784' title='bbox 1565 5544 1739 5605; x_wconf 89' lang='lat' dir='ltr'><strong>etiam</strong></span> <span class='ocrx_word' id='word_1_785' title='bbox 1775 5564 1875 5605; x_wconf 75' lang='lat' dir='ltr'><strong>sex</strong></span> <span class='ocrx_word' id='word_1_786' title='bbox 1906 5544 2032 5605; x_wconf 87' lang='lat' dir='ltr'><strong>alas</strong></span> <span class='ocrx_word' id='word_1_787' title='bbox 2055 5544 2157 5607; x_wconf 86' lang='lat' dir='ltr'><strong>ha-</strong></span> 
     </span>
    </p>
   </div>
   <div class='ocr_carea' id='block_1_110' title="bbox 499 5629 2157 5714">
    <p class='ocr_par' dir='ltr' id='par_1_110' title="bbox 499 5629 2157 5714">
     <span class='ocr_line' id='line_1_110' title="bbox 499 5629 2157 5714; baseline 0.001 -22"><span class='ocrx_word' id='word_1_788' title='bbox 499 5629 644 5694; x_wconf 88' lang='lat' dir='ltr'><strong>bere</strong></span> <span class='ocrx_word' id='word_1_789' title='bbox 676 5631 1090 5713; x_wconf 87' lang='lat' dir='ltr'><strong>perhibentur,</strong></span> <span class='ocrx_word' id='word_1_790' title='bbox 1125 5634 1281 5714; x_wconf 85' lang='lat' dir='ltr'><strong>quod</strong></span> <span class='ocrx_word' id='word_1_791' title='bbox 1308 5635 1477 5696; x_wconf 86' lang='lat' dir='ltr'><strong>valde</strong></span> <span class='ocrx_word' id='word_1_792' title='bbox 1509 5637 1751 5698; x_wconf 64' lang='lat' dir='ltr'><strong>elevatae</strong></span> <span class='ocrx_word' id='word_1_793' title='bbox 1782 5635 1941 5697; x_wconf 91' lang='lat' dir='ltr'><strong>sint:</strong></span> <span class='ocrx_word' id='word_1_794' title='bbox 1976 5652 2157 5695; x_wconf 79' lang='lat' dir='ltr'><strong>sena—</strong></span> 
     </span>
    </p>
   </div>
   <div class='ocr_carea' id='block_1_111' title="bbox 499 5718 2158 5808">
    <p class='ocr_par' dir='ltr' id='par_1_111' title="bbox 499 5718 2158 5808">
     <span class='ocr_line' id='line_1_111' title="bbox 499 5718 2158 5808; baseline 0.002 -25"><span class='ocrx_word' id='word_1_795' title='bbox 499 5718 627 5783; x_wconf 84' lang='lat' dir='ltr'><strong>rius</strong></span> <span class='ocrx_word' id='word_1_796' title='bbox 646 5722 807 5786; x_wconf 89' lang='lat' dir='ltr'><strong>enim</strong></span> <span class='ocrx_word' id='word_1_797' title='bbox 831 5740 1112 5787; x_wconf 87' lang='lat' dir='ltr'><strong>numerus</strong></span> <span class='ocrx_word' id='word_1_798' title='bbox 1131 5726 1434 5806; x_wconf 86' lang='lat' dir='ltr'><strong>perfectus</strong></span> <span class='ocrx_word' id='word_1_799' title='bbox 1459 5733 1574 5802; x_wconf 90' lang='lat' dir='ltr'><strong>est,</strong></span> <span class='ocrx_word' id='word_1_800' title='bbox 1599 5725 1756 5808; x_wconf 90' lang='lat' dir='ltr'><strong>quod</strong></span> <span class='ocrx_word' id='word_1_801' title='bbox 1782 5732 2011 5787; x_wconf 86' lang='lat' dir='ltr'><strong>constet</strong></span> <span class='ocrx_word' id='word_1_802' title='bbox 2034 5723 2158 5786; x_wconf 87' lang='lat' dir='ltr'><strong>suis</strong></span> 
     </span>
    </p>
   </div>
   <div class='ocr_carea' id='block_1_112' title="bbox 2234 4900 3890 4987">
    <p class='ocr_par' dir='ltr' id='par_1_112' title="bbox 2234 4900 3890 4987">
     <span class='ocr_line' id='line_1_112' title="bbox 2234 4900 3890 4987; baseline -0.004 -22"><span class='ocrx_word' id='word_1_803' title='bbox 2234 4908 2503 4987; x_wconf 84' lang='grc' dir='ltr'>λέγονται,</span> <span class='ocrx_word' id='word_1_804' title='bbox 2579 4909 2654 4971; x_wconf 81' lang='grc' dir='ltr'>ὡς</span> <span class='ocrx_word' id='word_1_805' title='bbox 2727 4907 2863 4965; x_wconf 75' lang='grc' dir='ltr'>κατὰ</span> <span class='ocrx_word' id='word_1_806' title='bbox 2935 4904 3071 4963; x_wconf 84' lang='grc' dir='ltr'>πολὺ</span> <span class='ocrx_word' id='word_1_807' title='bbox 3142 4904 3503 4984; x_wconf 81' lang='grc' dir='ltr'>ὑπερηρμένα’</span> <span class='ocrx_word' id='word_1_808' title='bbox 3552 4900 3607 4969; x_wconf 80' lang='grc' dir='ltr'>ἓξ</span> <span class='ocrx_word' id='word_1_809' title='bbox 3658 4905 3761 4982; x_wconf 82' lang='grc' dir='ltr'><strong>γὰρ</strong></span> <span class='ocrx_word' id='word_1_810' title='bbox 3790 4903 3890 4960; x_wconf 78' lang='grc' dir='ltr'><strong>τέ-</strong></span> 
     </span>
    </p>
   </div>
   <div class='ocr_carea' id='block_1_113' title="bbox 2234 4993 3890 5077">
    <p class='ocr_par' dir='ltr' id='par_1_113' title="bbox 2234 4993 3890 5077">
     <span class='ocr_line' id='line_1_113' title="bbox 2234 4993 3890 5077; baseline -0.002 -23"><span class='ocrx_word' id='word_1_811' title='bbox 2234 4997 2379 5063; x_wconf 89' lang='grc' dir='ltr'>λειος</span> <span class='ocrx_word' id='word_1_812' title='bbox 2434 4998 2654 5076; x_wconf 80' lang='grc' dir='ltr'>ἀριθμός</span> <span class='ocrx_word' id='word_1_813' title='bbox 2711 4996 2879 5077; x_wconf 80' lang='grc' dir='ltr'>ἐστιν,</span> <span class='ocrx_word' id='word_1_814' title='bbox 2939 4995 3020 5053; x_wconf 78' lang='grc' dir='ltr'>ὅτι</span> <span class='ocrx_word' id='word_1_815' title='bbox 3086 4994 3356 5074; x_wconf 65' lang='grc' dir='ltr'>σύγκειται</span> <span class='ocrx_word' id='word_1_816' title='bbox 3426 4993 3487 5049; x_wconf 79' lang='grc' dir='ltr'>ὲκ</span> <span class='ocrx_word' id='word_1_817' title='bbox 3542 4999 3650 5049; x_wconf 86' lang='grc' dir='ltr'><strong>τῶν</strong></span> <span class='ocrx_word' id='word_1_818' title='bbox 3708 4997 3890 5071; x_wconf 82' lang='grc' dir='ltr'>μερῶν</span> 
     </span>
    </p>
   </div>
   <div class='ocr_carea' id='block_1_114' title="bbox 2236 5084 3889 5166">
    <p class='ocr_par' dir='ltr' id='par_1_114' title="bbox 2236 5084 3889 5166">
     <span class='ocr_line' id='line_1_114' title="bbox 2236 5084 3889 5166; baseline -0.004 -22"><span class='ocrx_word' id='word_1_819' title='bbox 2236 5088 2416 5163; x_wconf 69' lang='grc' dir='ltr'>αὐτοῦ,</span> <span class='ocrx_word' id='word_1_820' title='bbox 2448 5088 2582 5166; x_wconf 80' lang='grc' dir='ltr'>ἅπερ</span> <span class='ocrx_word' id='word_1_821' title='bbox 2640 5085 2747 5143; x_wconf 84' lang='grc' dir='ltr'>είσὶ</span> <span class='ocrx_word' id='word_1_822' title='bbox 2806 5088 2868 5143; x_wconf 79' lang='grc' dir='ltr'>τὸ</span> <span class='ocrx_word' id='word_1_823' title='bbox 2925 5085 3117 5166; x_wconf 71' lang='grc' dir='ltr'>ἥμισυ,</span> <span class='ocrx_word' id='word_1_824' title='bbox 3177 5084 3343 5162; x_wconf 70' lang='grc' dir='ltr'>ᾔγουν</span> <span class='ocrx_word' id='word_1_825' title='bbox 3399 5085 3466 5139; x_wconf 78' lang='grc' dir='ltr'>τὰ</span> <span class='ocrx_word' id='word_1_826' title='bbox 3499 5085 3639 5161; x_wconf 83' lang='grc' dir='ltr'>τρία·</span> <span class='ocrx_word' id='word_1_827' title='bbox 3673 5085 3737 5140; x_wconf 78' lang='grc' dir='ltr'>τὸ</span> <span class='ocrx_word' id='word_1_828' title='bbox 3769 5084 3889 5162; x_wconf 79' lang='grc' dir='ltr'>τρί-</span> 
     </span>
    </p>
   </div>
   <div class='ocr_carea' id='block_1_115' title="bbox 2237 5171 3893 5256">
    <p class='ocr_par' dir='ltr' id='par_1_115' title="bbox 2237 5171 3893 5256">
     <span class='ocr_line' id='line_1_115' title="bbox 2237 5171 3893 5256; baseline -0.004 -21"><span class='ocrx_word' id='word_1_829' title='bbox 2237 5201 2351 5251; x_wconf 85' lang='grc' dir='ltr'>τον,</span> <span class='ocrx_word' id='word_1_830' title='bbox 2389 5176 2551 5256; x_wconf 77' lang='grc' dir='ltr'>ἤγουν</span> <span class='ocrx_word' id='word_1_831' title='bbox 2611 5177 2676 5234; x_wconf 82' lang='grc' dir='ltr'><strong>τὰ</strong></span> <span class='ocrx_word' id='word_1_832' title='bbox 2732 5174 2844 5234; x_wconf 67' lang='grc' dir='ltr'>δύο*</span> <span class='ocrx_word' id='word_1_833' title='bbox 2905 5179 2992 5235; x_wconf 83' lang='grc' dir='ltr'><strong>καὶ</strong></span> <span class='ocrx_word' id='word_1_834' title='bbox 3045 5178 3106 5233; x_wconf 84' lang='grc' dir='ltr'>τὸ</span> <span class='ocrx_word' id='word_1_835' title='bbox 3163 5173 3340 5253; x_wconf 77' lang='grc' dir='ltr'>ἕκτον,</span> <span class='ocrx_word' id='word_1_836' title='bbox 3374 5172 3539 5253; x_wconf 74' lang='grc' dir='ltr'>ἤγουν</span> <span class='ocrx_word' id='word_1_837' title='bbox 3564 5174 3629 5229; x_wconf 79' lang='grc' dir='ltr'>τὸ</span> <span class='ocrx_word' id='word_1_838' title='bbox 3659 5171 3738 5229; x_wconf 78' lang='grc' dir='ltr'><strong>ἕν·</strong></span> <span class='ocrx_word' id='word_1_839' title='bbox 3773 5175 3893 5246; x_wconf 83' lang='grc' dir='ltr'>τρία</span> 
     </span>
    </p>
   </div>
   <div class='ocr_carea' id='block_1_116' title="bbox 2237 5262 3895 5346">
    <p class='ocr_par' dir='ltr' id='par_1_116' title="bbox 2237 5262 3895 5346">
     <span class='ocr_line' id='line_1_116' title="bbox 2237 5262 3895 5346; baseline -0.004 -19"><span class='ocrx_word' id='word_1_840' title='bbox 2237 5269 2293 5327; x_wconf 75' lang='grc' dir='ltr'><strong>δὲ</strong></span> <span class='ocrx_word' id='word_1_841' title='bbox 2334 5271 2423 5327; x_wconf 77' lang='grc' dir='ltr'>καὶ</span> <span class='ocrx_word' id='word_1_842' title='bbox 2451 5268 2540 5325; x_wconf 80' lang='grc' dir='ltr'><strong>δύο</strong></span> <span class='ocrx_word' id='word_1_843' title='bbox 2569 5270 2657 5325; x_wconf 85' lang='grc' dir='ltr'><strong>καὶ</strong></span> <span class='ocrx_word' id='word_1_844' title='bbox 2714 5268 2770 5323; x_wconf 87' lang='grc' dir='ltr'>ἓν</span> <span class='ocrx_word' id='word_1_845' title='bbox 2830 5267 2989 5325; x_wconf 70' lang='grc' dir='ltr'>πάλιν</span> <span class='ocrx_word' id='word_1_846' title='bbox 3032 5267 3107 5334; x_wconf 78' lang='grc' dir='ltr'><strong>ἕξ.</strong></span> <span class='ocrx_word' id='word_1_847' title='bbox 3154 5268 3230 5327; x_wconf 77' lang='grc' dir='ltr'><strong>Τὰ</strong></span> <span class='ocrx_word' id='word_1_848' title='bbox 3261 5264 3317 5322; x_wconf 80' lang='grc' dir='ltr'>δὲ</span> <span class='ocrx_word' id='word_1_849' title='bbox 3347 5263 3610 5346; x_wconf 76' lang='grc' dir='ltr'>χερουϐὶμ</span> <span class='ocrx_word' id='word_1_850' title='bbox 3639 5262 3895 5341; x_wconf 65' lang='grc' dir='ltr'>πολυόμο</span> 
     </span>
    </p>
   </div>
   <div class='ocr_carea' id='block_1_117' title="bbox 2238 5357 3893 5440">
    <p class='ocr_par' dir='ltr' id='par_1_117' title="bbox 2238 5357 3893 5440">
     <span class='ocr_line' id='line_1_117' title="bbox 2238 5357 3893 5440; baseline -0.005 -22"><span class='ocrx_word' id='word_1_851' title='bbox 2238 5383 2404 5440; x_wconf 78' lang='grc' dir='ltr'>ματα,</span> <span class='ocrx_word' id='word_1_852' title='bbox 2461 5360 2534 5422; x_wconf 84' lang='grc' dir='ltr'>ὡς</span> <span class='ocrx_word' id='word_1_853' title='bbox 2587 5358 2788 5426; x_wconf 77' lang='grc' dir='ltr'>πλῆθος</span> <span class='ocrx_word' id='word_1_854' title='bbox 2843 5358 3092 5437; x_wconf 84' lang='grc' dir='ltr'>γνώσεως</span> <span class='ocrx_word' id='word_1_855' title='bbox 3137 5357 3366 5437; x_wconf 80' lang='grc' dir='ltr'>ἔχοντα.</span> <span class='ocrx_word' id='word_1_856' title='bbox 3398 5357 3474 5414; x_wconf 80' lang='grc' dir='ltr'><strong>Τὰ</strong></span> <span class='ocrx_word' id='word_1_857' title='bbox 3512 5361 3639 5432; x_wconf 83' lang='grc' dir='ltr'>γοῦν</span> <span class='ocrx_word' id='word_1_858' title='bbox 3668 5362 3893 5412; x_wconf 79' lang='grc' dir='ltr'>τοιαῦτα</span> 
     </span>
    </p>
   </div>
   <div class='ocr_carea' id='block_1_118' title="bbox 2238 5443 3888 5528">
    <p class='ocr_par' dir='ltr' id='par_1_118' title="bbox 2238 5443 3888 5528">
     <span class='ocr_line' id='line_1_118' title="bbox 2238 5443 3888 5528; baseline -0.004 -21"><span class='ocrx_word' id='word_1_859' title='bbox 2238 5450 2472 5527; x_wconf 80' lang='grc' dir='ltr'>ὀνόματα</span> <span class='ocrx_word' id='word_1_860' title='bbox 2504 5449 2876 5528; x_wconf 81' lang='grc' dir='ltr'>ὀνομάζονται,</span> <span class='ocrx_word' id='word_1_861' title='bbox 2937 5449 3074 5504; x_wconf 78' lang='grc' dir='ltr'>κατὰ</span> <span class='ocrx_word' id='word_1_862' title='bbox 3129 5447 3470 5527; x_wconf 68' lang='grc' dir='ltr'>ἔκφαντορίαν</span> <span class='ocrx_word' id='word_1_863' title='bbox 3530 5447 3619 5501; x_wconf 78' lang='grc' dir='ltr'><strong>καὶ</strong></span> <span class='ocrx_word' id='word_1_864' title='bbox 3650 5443 3888 5513; x_wconf 72' lang='grc' dir='ltr'>δήλωσιν</span> 
     </span>
    </p>
   </div>
   <div class='ocr_carea' id='block_1_119' title="bbox 2238 5532 3885 5613">
    <p class='ocr_par' dir='ltr' id='par_1_119' title="bbox 2238 5532 3885 5613">
     <span class='ocr_line' id='line_1_119' title="bbox 2238 5532 3885 5613; baseline -0.005 -16"><span class='ocrx_word' id='word_1_865' title='bbox 2238 5548 2343 5597; x_wconf 88' lang='grc' dir='ltr'><strong>τῶν</strong></span> <span class='ocrx_word' id='word_1_866' title='bbox 2395 5537 2552 5604; x_wconf 77' lang='grc' dir='ltr'>ἕξεων</span> <span class='ocrx_word' id='word_1_867' title='bbox 2595 5537 2791 5613; x_wconf 67' lang='grc' dir='ltr'>αὐτων,</span> <span class='ocrx_word' id='word_1_868' title='bbox 2848 5537 2876 5594; x_wconf 83' lang='grc' dir='ltr'>ὅ</span> <span class='ocrx_word' id='word_1_869' title='bbox 2933 5537 3043 5594; x_wconf 66' lang='grc' dir='ltr'>ἐστι</span> <span class='ocrx_word' id='word_1_870' title='bbox 3102 5540 3207 5594; x_wconf 81' lang='grc' dir='ltr'><strong>τῶν</strong></span> <span class='ocrx_word' id='word_1_871' title='bbox 3266 5537 3518 5612; x_wconf 71' lang='grc' dir='ltr'>ἓμμόνων</span> <span class='ocrx_word' id='word_1_872' title='bbox 3576 5532 3885 5597; x_wconf 72' lang='grc' dir='ltr'>διαθέσεων,</span> 
     </span>
    </p>
   </div>
   <div class='ocr_carea' id='block_1_120' title="bbox 2240 5623 3886 5707">
    <p class='ocr_par' dir='ltr' id='par_1_120' title="bbox 2240 5623 3886 5707">
     <span class='ocr_line' id='line_1_120' title="bbox 2240 5623 3886 5707; baseline -0.004 -22"><span class='ocrx_word' id='word_1_873' title='bbox 2240 5632 2303 5687; x_wconf 78' lang='grc' dir='ltr'><strong>Αἱ</strong></span> <span class='ocrx_word' id='word_1_874' title='bbox 2348 5629 2446 5706; x_wconf 81' lang='grc' dir='ltr'>γὰρ</span> <span class='ocrx_word' id='word_1_875' title='bbox 2488 5630 2629 5682; x_wconf 79' lang='grc' dir='ltr'>θεῖαι</span> <span class='ocrx_word' id='word_1_876' title='bbox 2687 5625 2931 5694; x_wconf 73' lang='grc' dir='ltr'>δυνάμεις</span> <span class='ocrx_word' id='word_1_877' title='bbox 2991 5624 3107 5683; x_wconf 82' lang='grc' dir='ltr'><strong>καθ⁹</strong></span> <span class='ocrx_word' id='word_1_878' title='bbox 3162 5626 3263 5693; x_wconf 78' lang='grc' dir='ltr'>ἕξιν</span> <span class='ocrx_word' id='word_1_879' title='bbox 3321 5625 3509 5707; x_wconf 72' lang='grc' dir='ltr'>ἔχουσι</span> <span class='ocrx_word' id='word_1_880' title='bbox 3540 5627 3602 5681; x_wconf 80' lang='grc' dir='ltr'>τὸ</span> <span class='ocrx_word' id='word_1_881' title='bbox 3630 5623 3886 5703; x_wconf 75' lang='grc' dir='ltr'>θεοειδὲς,</span> 
     </span>
    </p>
   </div>
   <div class='ocr_carea' id='block_1_121' title="bbox 2239 5713 3890 5796">
    <p class='ocr_par' dir='ltr' id='par_1_121' title="bbox 2239 5713 3890 5796">
     <span class='ocr_line' id='line_1_121' title="bbox 2239 5713 3890 5796; baseline -0.001 -20"><span class='ocrx_word' id='word_1_882' title='bbox 2239 5720 2342 5789; x_wconf 74' lang='grc' dir='ltr'>ἕξις</span> <span class='ocrx_word' id='word_1_883' title='bbox 2374 5716 2427 5773; x_wconf 75' lang='grc' dir='ltr'>δὲ</span> <span class='ocrx_word' id='word_1_884' title='bbox 2458 5716 2569 5774; x_wconf 71' lang='grc' dir='ltr'>ἐστι</span> <span class='ocrx_word' id='word_1_885' title='bbox 2599 5717 2819 5787; x_wconf 84' lang='grc' dir='ltr'>ποιότης</span> <span class='ocrx_word' id='word_1_886' title='bbox 2882 5717 3134 5796; x_wconf 77' lang='grc' dir='ltr'>ἔμμονος·</span> <span class='ocrx_word' id='word_1_887' title='bbox 3194 5719 3229 5787; x_wconf 76' lang='grc' dir='ltr'><strong>ἡ</strong></span> <span class='ocrx_word' id='word_1_888' title='bbox 3289 5714 3343 5773; x_wconf 80' lang='grc' dir='ltr'>δὲ</span> <span class='ocrx_word' id='word_1_889' title='bbox 3401 5715 3623 5784; x_wconf 78' lang='grc' dir='ltr'>τοιαύτη</span> <span class='ocrx_word' id='word_1_890' title='bbox 3649 5713 3758 5781; x_wconf 71' lang='grc' dir='ltr'>ἕξις</span> <span class='ocrx_word' id='word_1_891' title='bbox 3792 5718 3890 5774; x_wconf 76' lang='grc' dir='ltr'>οὒ·-</span> 
     </span>
    </p>
   </div>
  </div>
