4112 6160
314 354 427 420 217

717 355 818 417 DE
863 348 1215 418 C(ELESTI
1257 349 1766 430 HIERARCHIA,
1806 350 1971 413 CAP.
2028 350 2163 413 VII.
2209 379 2287 391 ——
2328 348 2708 411 PARAPHR.
2772 346 3282 409 PACHYMER/E.

3571 345 3686 414 218

307 488 547 566 σιωμὲνη
607 486 716 546 ἐστὶ
755 488 893 546 κατὰ
921 489 1062 544 θείαν
1106 487 1289 566 χάριν,
1336 489 1396 546 οὒ
1426 485 1534 561 μήν
1557 486 1630 550 ὡς
1674 484 1954 560 συμϐεϐη-

2062 483 2328 564 ιειτιίὴιιε,
2362 500 2494 565 quae
2522 491 2681 560 sunt,
2726 481 3063 561 dimidium,
3116 501 3332 566 nempe
3362 483 3476 548 tria
3504 505 3519 569 ;
3554 490 3683 550 ter-

307 582 396 644 κὸς
426 582 481 637 ιδ
528 579 882 657 ὑποκειμένῳ,
943 576 1028 635 διὰ
1111 580 1171 633 τὸ
1200 575 1356 633 ἄυλον
1400 578 1570 634 αὐτῶν
1618 577 1703 633 καὶ
1729 576 1958 653 ἀσώμα-

2062 574 2214 655 ium,
2244 592 2463 654 nempe
2492 573 2611 636 duo
2647 590 2662 648 ;
2699 581 2759 634 et
2786 581 3041 648 sextum,
3077 593 3294 655 nempe
3323 595 3505 638 unum
3534 597 3547 638 :
3576 578 3691 641 tria

308 693 394 727 τον
428 689 446 709 ·
479 668 686 725 ἐκεῖθεν
718 669 817 747 γὰρ
846 665 1180 738 ἀπελήλαται
1224 666 1312 723 καὶ
1354 672 1498 723 πᾶσα
1556 667 1790 730 σύνθεσις
1847 668 1958 724 ὑλι-

307 761 399 835 κὴ,
446 760 539 815 καὶ
568 759 632 814 τὸ
662 763 758 834 τῇς
806 755 940 824 ὕλης
969 755 1129 815 πάλιν
1157 753 1390 835 ἄμορφον
1434 755 1636 813 ἐκεῖθεν
1662 756 1953 835 ἆξώρισταὶ,

2043 673 2266 745 autem,
2306 673 2364 725 et
2393 665 2533 739 duo,
2564 672 2622 725 et
2647 682 2827 725 unum
2858 683 3231 745 rursum,sex
3261 674 3422 728 sunt.
3455 666 3691 731 Cheru-

2042 754 2166 817 bim
2196 762 2392 816 autem
2426 754 2644 815 multos
2675 754 2900 827 oculos,
2938 761 3214 834 tanquam
3240 757 3680 820 multitudinem

308 848 433 909 Οὔτε
504 855 632 927 γοῦν
674 846 937 919 δυνάμετα
998 844 1196 925 λέγειν,
1257 843 1337 901 ὅτι
1394 846 1616 924 πρώτως
1678 848 1826 903 οὖσαι
1901 847 1956 902 ἐν

2062 844 2665 923 :ognitionis,habent.
2704 843 3080 924 Ejuscemodi
3112 845 3308 925 itaque
3341 848 3685 909 nominibus

307 940 457 1014 ἑτέρᾳ
510 938 615 994 τινὶ
683 937 1003 993 καταστάσει
1036 983 1052 1010 ,
1102 933 1314 1013 ὕστερον
1384 932 1775 1013 προσελάϐοντο
1860 937 1953 1001 τὰς

2062 933 2777 1014 ippellantur,secundum
2828 933 3367 997 manifestationem
3399 954 3468 999 ac
3495 937 3695 1001 decla-

307 1029 552 1090 τοιαύτας
605 1026 792 1104 ἀρετὰς
829 1074 845 1104 ,
880 1031 1051 1102 (τοῦτο
1106 1025 1202 1103 γὰρ
1257 1029 1362 1082 τῶν
1411 1024 1669 1082 συνθέτων

1732 1023 1775 1104 ·)
1837 1026 1952 1082 οὔτε
2036 1024 2259 1085 tionem
2287 1024 2596 1086 babituum
2630 1041 2898 1102 suorum,
2937 1023 2992 1083 id
3025 1032 3113 1085 est
3132 1024 3444 1087 affectuum
3478 1028 3693 1089 imma—

309 1118 615 1197 ἀμόρφωτοι
652 1115 769 1172 ὗλαι
800 1115 972 1186 οὖσαι,
1024 1112 1238 1192 ὕστερον
1291 1112 1698 1184 εἰδοποιήθησαν
1746 1113 1800 1169 ἐν
1828 1117 1951 1179 ταῖς

2062 1114 2334 1175 ιοιιῐὶιιιη.
2369 1112 2513 1175 Nam
2539 1113 2791 1174 virtutes
2821 1113 3040 1176 divinae
3062 1114 3394 1176 Secundum
3426 1116 3694 1178 habitum

309 1208 576 1271 τοιαῦταις
606 1207 823 1285 ἀρεταῖς
859 1222 872 1236 ·
941 1202 1062 1261 ἀλλ’
1120 1204 1171 1269 ἐξ
1224 1206 1472 1284 ὑπαρχῆς
1503 1205 1640 1285 οὕτω
1694 1205 1806 1277 θείᾳ
1836 1205 1973 1262 ἐκτί-

314 1302 513 1364 σθησαν
566 1298 778 1377 χάριτι.
832 1304 995 1355 Τοῦτο
1039 1292 1092 1350 δὲ
1150 1293 1312 1361 δῆλον
1342 1294 1403 1350 ἓκ
1419 1317 1475 1351 τε
1520 1284 1677 1354 αὖτοῦ
1700 1302 1794 1352 τοῦ
1824 1297 1974 1375 ἁγίου

317 1396 609 1460 Διονυσίου,
671 1386 923 1464 λέγοντος
964 1388 1095 1463 πρὸς
1152 1393 1229 1459 τῷ
1282 1384 1422 1444 τέλει
1471 1393 1564 1441 τοῦ
1594 1387 1845 1465 τετάρτου
1877 1408 1973 1441 κε-

314 1477 537 1557 φαλαίου
604 1482 702 1544 τῆς
767 1475 1253 1544 Ἐκκλησιαστικῆς
1323 1477 1600 1555 ἱεραρχίας
1632 1522 1650 1552 ,
1704 1475 1974 1540 οὖσιώδεις

314 1569 456 1626 εἶναι
500 1569 596 1633 τὰς
638 1568 886 1628 τοιαύτας
934 1564 1090 1632 ἕξεις.
1146 1567 1232 1622 καὶ
1288 1568 1351 1622 ὲκ
1405 1574 1522 1641 τοῦ,
1568 1567 1659 1623 τὸν
1717 1570 1971 1636 πεσόντα,

312 1657 653 1716 ἀποϐαλόντα
706 1658 801 1720 τὰς
856 1656 1044 1734 ἀρετὰς
1094 1659 1432 1735 μεταχθῆναι
1491 1658 1565 1721 εἰς
1628 1655 1868 1730 ἀλλοίαν,
1903 1658 1977 1720 ὡς

2051 1203 2277 1266 habent
2303 1202 2787 1278 deiformitatem,
2824 1202 3063 1267 habitus
3082 1215 3282 1267 autem
3328 1213 3420 1269 est
3447 1206 3699 1287 qualitas

2053 1293 2388 1355 immanens
2434 1314 2447 1356 :
2484 1292 2851 1371 ejuscemodi
2872 1302 3070 1355 autem
3102 1294 3338 1357 habitus
3380 1296 3700 1358 essentiam

2058 1400 2223 1445 suam
2245 1383 2763 1446 habetsecundum
2779 1381 3024 1461 gratiam
3058 1382 3471 1460 divinam,non
3498 1397 3703 1448 autem

2059 1482 2149 1537 est
2170 1473 2596 1536 utaccidensin
2620 1474 3171 1555 subjecto,propter
3196 1494 3401 1537 eorum
3427 1476 3704 1538 immate-

2059 1562 2374 1625 rialitatem
2422 1573 2481 1625 et
2535 1564 3081 1645 incorporeitatem,
3140 1564 3282 1627 inde
3313 1565 3471 1627 enim
3517 1564 3715 1629 omnis

2068 1663 2187 1715 tam
2222 1655 2574 1733 compositio
2608 1655 3140 1736 materialis,quam
3165 1654 3500 1716 informitas
3532 1663 3717 1718 mate-

323 1748 383 1805 ἄν
415 1771 500 1813 τις
533 1748 727 1822 εἴποι,
791 1747 1114 1804 κατάστασιν
1187 1748 1418 1826 φύσεως,
1472 1750 1750 1818 σκοτεινήν
1804 1768 1861 1805 τε
1890 1760 1977 1806 καί

2062 1743 2189 1819 riae,
2226 1744 2475 1806 exsulat.
2511 1744 2912 1816 Quamobrem
2964 1745 3171 1808 dicere
3224 1764 3338 1806 non
3375 1763 3714 1826 possumus,

315 1838 595 1919 φθονερὰν,
655 1840 745 1894 καὶ
817 1837 1009 1899 κακίας
1084 1835 1294 1914 πλήρη,
1378 1837 1464 1892 καὶ
1528 1838 1766 1894 ἒναντίαν
1842 1839 1979 1894 κατὰ

316 1929 492 1986 πάντα
522 1935 591 2003 τῇ
646 1928 758 1999 θείᾳ
814 1928 903 1983 καὶ
958 1924 1222 2005 ἀγγελικῇ
1281 1925 1533 1999 πολιτείᾲ
1584 1941 1609 1956 °‘
1628 1928 1846 1995 τοιαύτη
1877 1929 1975 2008 γὰρ

312 2022 343 2087 ἡ
395 2024 502 2074 τῶν
556 2016 799 2097 ἀγγέλων
848 2014 951 2082 ἕξις
996 2013 1279 2086 οὖσιώδης,
1330 2018 1423 2072 οἳα
1494 2018 1581 2074 καὶ
1611 2019 1645 2085 ἡ
1678 2020 1975 2095 τοῠξπορὸς

314 2106 427 2164 καθ’
491 2106 596 2172 ἕξιν
654 2113 864 2169 καῦσις.
918 2107 989 2163 Τὸ
1039 2111 1162 2183 γυῦν
1218 2111 1322 2161 τῶν
1389 2107 1617 2186 σεραιρὶμ
1646 2105 1812 2164 ὄνοπα
1855 2106 1975 2176 ἑξη-

313 2199 571 2275 γοῦμιθα,
607 2194 688 2253 ὅτι
746 2197 807 2251 τὸ
879 2203 980 2274 πῦρ
1040 2194 1371 2262 ἀνεικίνητόν
1434 2194 1572 2271 ἐστι,
1620 2197 1811 2275 θερμόν
1836 2198 1972 2262 ἐστι,

311 2286 397 2353 ὀξύ
452 2286 563 2343 ἔστι
599 2331 617 2362 ,
672 2286 838 2363 (κατὰ
884 2289 1043 2344 αὐτοῦ
1091 2285 1190 2363 γὰρ
1252 2287 1346 2341 to?)
1401 2285 1543 2341 λίθου
1598 2288 1719 2351 τοὺς
1778 2287 1973 2352 τόπους

312 2374 533 2433 εἶσδύνὲι
677 2375 1013 2454 ἂναγωγικόν
1050 2375 1165 2456 εστι
1229 2375 1334 2431 τῶν
1396 2374 1804 2444 ὃποϐεόηκότων
1833 2424 1850 2455 ,
1887 2371 1976 2436 καὶ

312 2465 476 2536 δῆλον
524 2466 585 2524 ἐκ
671 2473 777 2523 τῶν
834 2465 1257 2542 ἀναθυμιάσεων,
1333 2469 1445 2532 πῶς
1483 2543 1501 2547 _
1533 2474 1599 2544 τῇ
1645 2467 1813 2547 θέρμῃ
1885 2476 1978 2526 τοῦ

313 2557 468 2626 ἡλίου
523 2556 843 2635 ἀνάγονται⁶
907 2554 1220 2633 δραστήριόν
1281 2556 1394 2612 ἐστι
1438 2543 1850 2632 πρὸςτὴνττῶν
1880 2558 1974 2636 ἐγ-

314 2647 575 2726 γιζόντων
618 2646 893 2722 ὁμοίωσιν,
953 2643 1171 2724 πυρώδη
1203 2645 1302 2723 γὰρ
1351 2660 1502 2702 ποιεῖ
1555 2648 1620 2702 τὰ
1675 2648 1971 2726 ἐγγίζοντα,

316 2737 635 2812 ὁλοκαυτοτ,
710 2737 994 2815 καθαίρει·
1058 2734 1485 2804 ἀπερικάλυπτόν
1553 2737 1696 2793 ἐστιν
1730 2784 1746 2812 ,
1809 2737 1973 2796 ἄσϐε-

316 2850 445 2886 στον
486 2826 609 2907 ἔχει
662 2827 725 2883 τὸ
777 2823 1061 2907 φωτοειδὲς
1119 2829 1206 2882 καὶ
1268 2826 1610 2904 φωτιστικὸν,
1659 2829 1747 2884 καὶ
1798 2828 1977 2908 πόρῤω

313 2920 376 2973 τὸ
407 2917 607 2981 σκότος
660 2915 892 2977 ἐλαύνει.
927 2915 1132 2979 Ταύτας
1181 2914 1367 2995 ἔχουσι
1416 2917 1509 2979 τὰς
1553 2916 1686 2982 ἕξεις
1718 2919 1979 2998 ὑπερκοσ-

2062 1833 2217 1912 quod
2235 1833 2566 1913 primumin
2599 1837 2795 1915 aliquo
2819 1834 2933 1896 alio
2966 1843 3118 1897 statu
3152 1834 3715 1916 existentes,postea

2058 1923 2300 1984 virtutes
2320 1924 2522 2004 ejusce
2538 1925 2695 1986 modi
2728 1925 3069 2004 acceperint
3088 1925 3220 2001 (hoc
3242 1924 3402 1987 enim
3417 1927 3711 2006 composi-

2062 2020 2251 2074 torum
2284 2015 2422 2093 est);
2457 2032 2650 2093 neque
2680 2015 2835 2094 quod
2870 2015 3153 2076 informes
3186 2023 3384 2076 essent
3417 2016 3709 2093 materiae,

2061 2110 2265 2181 postea
2294 2103 2960 2167 istiusmoditirtutibus
2989 2104 3291 2167 adornatae
3319 2105 3438 2167 sint
3471 2107 3601 2177 ;sed
3633 2105 3708 2168 ab

2057 2192 2227 2254 initio
2262 2193 2406 2255 tales
2455 2194 2654 2257 divina
2681 2194 2869 2273 gratia
2900 2208 3115 2258 creatze
3144 2203 3302 2257 sunt.
3352 2196 3519 2270 Quod
3551 2198 3713 2259 clare

2060 2291 2218 2364 patet
2248 2302 2382 2345 cum
2412 2303 2482 2346 ex
2513 2285 2642 2365 ipso
2674 2285 2736 2348 S.
2773 2286 3071 2367 Dionysio,
3118 2286 3356 2349 dicente
3386 2285 3497 2349 sub
3533 2287 3711 2350 tinem

2059 2383 2249 2453 quarti
2281 2375 2492 2455 capitis
2512 2376 2895 2439 Hierarchiw
2920 2375 3714 2452 ecclesiasticaejstiusmodi

2061 2462 2295 2525 habitus
2325 2484 2455 2527 esse
2495 2466 2948 2543 substantiales;
2973 2476 3096 2528 tum
3125 2468 3302 2529 etiam
3335 2486 3411 2528 ex
3443 2486 3513 2529 eo
3545 2467 3705 2549 quod

2059 2554 2110 2614 is
2141 2554 2238 2633 qui
2262 2555 2828 2629 cecidit,virtutibus
2848 2556 3123 2636 abjectis,
3158 2558 3227 2618 ad
3276 2557 3485 2633 alium,
3532 2562 3600 2621 ut
3630 2557 3712 2619 ita

2059 2644 2191 2725 quis
2216 2644 2453 2720 dixerit,
2486 2654 2710 2707 natura;
2758 2655 2972 2708 statum
3004 2648 3077 2708 sit
3108 2647 3448 2722 translatus,
3482 2645 3704 2709 obscu-

2056 2752 2189 2797 rum
2222 2735 2539 2816 scilicet,et
2566 2736 2823 2799 invidiae
2846 2737 3203 2818 malitiaeque
3235 2739 3500 2818 plenum,
3533 2743 3710 2818 atque

2059 2824 2271 2886 divinze
2294 2827 2651 2906 etangelicae
2667 2826 3081 2889 vitaeinstituto
3114 2826 3713 2890 contrariumzistius-

2060 2915 2221 2977 modi
2248 2916 2406 2978 enim
2439 2918 2788 2996 angelorum
2848 2918 3089 2980 habitus
3147 2917 3555 2980 substantialis
3598 2925 3709 2989 est,

317 3009 459 3082 μίως
534 3008 600 3063 τὰ
661 3006 892 3086 σεραφίμ
925 3022 945 3044 ο
1005 3004 1352 3071 ἀκατάληκτά
1410 3009 1510 3063 εἰσι
1568 3009 1653 3064 καὶ
1694 3010 1975 3087 ὑπερζέον-

2066 3024 2179 3066 non
2199 3024 2374 3068 secus
2404 3015 2579 3088 atque
2610 3008 2765 3087 ignis
2794 3008 3123 3070 secundum
3177 3008 3439 3070 habitum
3478 3006 3712 3070 adustio

313 3120 403 3177 τα,
470 3099 555 3154 καὶ
610 3095 862 3159 ἂνένδοτα
920 3097 1052 3174 πρὸς
1108 3098 1207 3163 τὴν
1254 3098 1372 3170 περὶ
1430 3099 1560 3153 Θεὸν
1632 3097 1984 3175 ὰεικινησίαν,

312 3190 402 3244 καὶ
464 3188 560 3248 τὰς
618 3183 1009 3253 ὑποϐεϐηκυίας
1079 3184 1250 3251 τάξεις
1320 3185 1600 3267 ἀνάγουσι,
1649 3190 1739 3244 καὶ
1812 3211 1985 3267 πρακ-

578 3276 976 3354 ἀναζωπυροῦσι
1027 3324 1043 3349 ,
1137 3278 1226 3332 καὶ
1312 3276 1596 3353 ἀφομιοῦσι
1682 3280 1815 3356 πρός
1887 3281 1986 3347 τὴν

312 3368 506 3443 ὁμοίαν
543 3366 686 3438 ζέσιν
715 3367 924 3423 καὶτὸν
981 3365 1141 3423 πόθον
1199 3367 1289 3421 τὸν
1344 3364 1541 3440 ἔνθεον,
1602 3368 1691 3423 καὶ
1748 3366 1814 3423 δι’
1862 3367 1986 3426 ὅλοι)

316 3456 675 3536 πρηστηρίως
720 3457 1011 3535 καθαρτικά
1054 3457 1176 3529 εἱσι,
1237 3455 1322 3512 καὶ
1377 3457 1439 3511 τὸ
1507 3455 1793 3535 φωτοειδές
1856 3457 1985 3537 ὅπερ

316 3546 543 3627 ἔχουσιν
600 3545 664 3602 ἑκ
719 3553 875 3621 Θεοῦ,
915 3548 1002 3602 καὶ
1052 3546 1114 3601 τὸ
1145 3546 1467 3624 φωτιστικὸν
1526 3544 1643 3600 καθ’
1679 3544 1706 3601 ὅ
1738 3547 1803 3605 τὰ
1847 3546 1984 3604 ἄλλα

316 3646 664 3720 Ῡωτιζουσιν,
726 3635 1152 3714 ἀπερικάλυπτον
1210 3636 1298 3691 καὶ
1368 3631 1623 3691 ἄσϐεστον
1692 3634 1917 3715 ἔχουσιν
1965 3654 1977 3668 ·

314 3729 428 3787 ἔστι
480 3729 586 3806 γὰρ
636 3729 711 3790 ὡς
760 3726 862 3791 ὕλη
916 3729 943 3782 ὁ
998 3729 1141 3789 θεῖος
1200 3725 1359 3790 πόθος
1424 3725 1636 3799 αὐτοῖς,
1682 3728 1771 3782 καὶ
1812 3727 1987 3794 πάσης

317 3818 668 3882 σκοτοποιίας
719 3815 965 3874 ἐπέκεινά
1007 3817 1135 3871 εἰσιν
1168 3863 1183 3894 ,
1244 3816 1317 3880 ὡς
1370 3815 1438 3891 τῇ
1483 3818 1595 3886 θειᾳ
1639 3815 1987 3896 λαμπρότητι

318 3908 692 3984 ἀναπτόμενα.

311 3279 489 3340 τικῶς

2072 3094 2421 3159 est.Nomen
2452 3098 2650 3180 itaque
2709 3101 3008 3180 seraphim
3055 3098 3611 3181 explicamus,quod
3642 3098 3717 3160 sit

2070 3186 2228 3270 ignis
2258 3205 2497 3270 semper
2540 3189 2800 3269 mobilis,
2834 3188 3083 3264 calidus,
3116 3190 3352 3251 subtilis
3406 3188 3713 3270 (quoniam

2069 3268 2247 3328 etiam
2278 3268 2463 3347 ipsius
2497 3270 2707 3349 lapidis
2739 3268 2913 3350 poros
2948 3278 3270 3351 penetrat),
3302 3268 3718 3350 qui'inferiora

2068 3374 2300 3417 sursum
2338 3357 2548 3431 elevat,
2595 3358 2680 3422 uti
2713 3359 3093 3439 perspicuum
3121 3361 3189 3421 ﬁt
3218 3378 3287 3422 ex
3320 3358 3716 3420 exhalationi—

2068 3444 2505 3527 bus,quomodo
2532 3448 2728 3509 calore
2758 3449 2901 3509 solis
2944 3449 3288 3511 attollantur
3326 3468 3341 3510 :
3371 3448 3475 3528 qui
3506 3447 3595 3508 sui
3627 3448 3716 3509 si-

2070 3535 2469 3599 militudinem
2495 3538 3106 3620 appropinquantibus
3129 3539 3718 3619 ingenerat,propin-

2072 3645 2188 3707 qua
2219 3629 2377 3689 enim
2408 3629 2609 3690 omnia
2639 3629 2820 3707 ignita
2854 3630 3321 3711 reddit,penitus
3346 3629 3719 3710 adurit,pur-

2072 3725 2189 3796 gat:
2224 3718 2325 3799 qui
2350 3717 2635 3781 abscondi
2670 3720 3380 3801 nequit,luciformitatem
3414 3725 3473 3781 et
3504 3717 3725 3781 illumi-

2072 3808 2254 3870 nandi
2315 3809 2430 3869 vim
2463 3809 2879 3873 inexstinctam
2942 3809 3192 3891 obtinet,
3227 3816 3287 3873 et
3317 3809 3520 3889 procul
3556 3817 3717 3871 tene-

2070 3896 2207 3959 bras
2239 3898 2538 3977 propellit.
2588 3899 2761 3962 Hisce
2797 3900 3101 3962 habilibus
3159 3898 3724 3981 supermundialiter

2069 3986 2299 4067 praediti
2329 3997 2470 4050 sunt
2529 3991 2879 4071 seraphim:
2935 3990 3221 4053 indefessi
3277 3996 3498 4051 suntet
3539 4008 3723 4070 supra

321 4097 504 4161 quam
537 4077 869 4151 ferventes,
900 4083 959 4138 et
985 4074 1059 4137 ad
1092 4077 1279 4139 Deum
1324 4073 1668 4136 incessabili
1714 4093 1954 4157 semper
2012 4084 2170 4139 motu
2203 4078 2437 4141 cientur
2485 4080 2918 4162 inferioresque
2977 4080 3225 4143 ordines
3283 4080 3610 4161 adducunt,
3645 4098 3714 4141 ac

323 4170 535 4252 reipsa
561 4167 875 4240 suscitant,
908 4176 969 4228 et
998 4165 1071 4226 ad
1102 4164 1478 4227 consimilem
1506 4165 1587 4224 οι
1628 4165 1927 4227 fervorem
1958 4166 2352 4248 divinumque
2398 4170 2766 4232 desiderium
2802 4172 3066 4232 excitant
3126 4178 3183 4231 et
3243 4168 3597 4242 informant,
3660 4168 3724 4230 et

308 4261 566 4324 omnino
590 4257 774 4335 ignite
805 4266 1075 4338 purgant,
1113 4265 1293 4338 atque
1324 4254 1574 4316 formam
1608 4255 1757 4317 lucis
1789 4274 1965 4335 quam
1998 4276 2065 4318 ex
2097 4257 2217 4319 Deo
2254 4260 2496 4329 habent,
2535 4272 2591 4321 et
2626 4261 3013 4322 illuminandi
3044 4261 3169 4322 vim
3200 4279 3316 4341 qua
3340 4258 3717 4322 caeteraillu-

311 4352 576 4430 minent,
608 4348 1026 4410 inabsconsam
1057 4353 1117 4408 et
1145 4346 1567 4407 inexstinctam
1601 4346 1927 4426 possident
1957 4367 1972 4429 ;
2008 4348 2270 4411 divinum
2304 4351 2463 4411 enim
2500 4351 2871 4413 desiderium
2905 4353 3021 4413 illis
3075 4360 3163 4412 est
3223 4351 3348 4412 vice
3404 4356 3664 4412 materiae
3695 4370 3710 4431 ;

307 4452 368 4505 et
396 4440 573 4504 omni
607 4436 1101 4501 obtenebratione
1133 4438 1482 4517 superiores
1513 4445 1672 4509 sunt,
1704 4445 1766 4497 ut
1797 4437 1897 4516 qui
1931 4437 2133 4500 divino
2167 4440 2498 4519 splendore
2532 4451 2671 4502 sunt
2705 4441 3010 4504 succensi.

389 4534 471 4591 Τὰ
522 4530 579 4586 δὲ
630 4526 889 4610 χερουϐίμ
944 4530 1071 4584 εἰσιν
1123 4528 1491 4603 ὀνομαζόμενα
1543 4528 1679 4583 κατὰ
1733 4529 1824 4583 τὸν
1865 4527 1964 4583 λό-

2132 4529 2457 4592 Cherubim
2512 4541 2714 4592 autem
2762 4531 3047 4593 nominati
3083 4529 3583 4607 sunt,secundum
3620 4547 3722 4592 ra-

308 4645 405 4701 γον
434 4627 547 4689 τῆς
577 4617 699 4698 παρ’
745 4622 881 4692 ἡμῖν
925 4617 1173 4696 γνώσεως
1211 4637 1222 4651 ·
1258 4619 1292 4685 ἡ
1326 4617 1561 4693 ἡμετέρα
1602 4618 1702 4694 γὰρ
1747 4620 1973 4697 γνῶσις,

307 4716 399 4770 καὶ
455 4710 736 4790 γνωστικὴ
785 4706 875 4786 ἀφ’
960 4708 1154 4775 ἑαυτῆς
1206 4706 1339 4779 ἐστι,
1404 4710 1492 4763 καὶ
1578 4705 1797 4774 δεκτική
1880 4710 1977 4775 τῆς

309 4801 505 4869 ἔξωθεν
570 4799 879 4876 μαθήσεως.
961 4794 1188 4874 ’Ὥσπερ
1264 4797 1363 4874 γὰρ
1425 4797 1459 4864 ἡ
1538 4795 1775 4874 ἀγνωσία
1829 4795 1976 4866 δίττή

310 4892 484 4967 ἐστιν,
517 4892 550 4959 ἦ
607 4890 707 4964 μὲν
752 4889 890 4945 κατὰ
945 4887 1235 4966 ἀπόφασιν,
1301 4885 1389 4942 ὅτε
1437 4883 1557 4942 τόδε
1586 4908 1635 4941 τι
1693 4889 1753 4943 οὗ
1807 4887 1975 4965 γινώ-

311 5002 547 5060 σκομεν,
600 4978 936 5056 γινώσκομεν
992 4975 1048 5032 δὲ
1105 4975 1184 5032 ὅτι
1251 4978 1312 5033 οὗ
1359 4977 1716 5053 γινώσκομεν,
1777 4976 1842 5043 ἦν
1892 4978 1979 5033 καὶ

312 5071 500 5138 ἁπλῆν
561 5069 779 5147 ἄγνοιαν
807 5066 1051 5146 λέγουσιν
1097 5083 1112 5098 ⁸
1147 5068 1181 5133 ἡ
1227 5063 1281 5121 δὲ
1317 5066 1452 5125 κατᾶ
1495 5063 1745 5145 διάθεσιν,
1790 5064 1879 5122 ὅτε
1923 5068 1981 5122 οὗ

313 5165 679 5239 γινώσκοντες
722 5157 1071 5236 ἀπατώμεθα,
1111 5157 1199 5212 καὶ
1256 5157 1470 5230 οἰόμεθα
1512 5155 1790 5233 γινώσκειν
1824 5204 1840 5235 ,
1894 5153 1982 5212 καὶ

314 5251 435 5309 οὐδὲ
492 5251 624 5306 αὒτὸ
680 5254 838 5305 τοῦτο
892 5244 1137 5325 οἴδαμεν,
1185 5245 1265 5301 ὅτι
1320 5245 1379 5303 οὗ
1409 5245 1766 5323 γινώσκομον,
1808 5246 1874 5313 ἣν
1917 5243 1982 5312 δὴ

314 5342 406 5399 καὶ
465 5338 666 5406 διπλῆν
694 5335 950 5394 καλοῦσιν
995 5335 1237 5416 Ξὶγνοιαν,
1283 5341 1360 5409 τῷ
1417 5356 1473 5390 τε
1534 5336 1611 5410 μὴ
1674 5334 1982 5414 γινώσκειν,

313 5432 406 5489 καὶ
438 5432 523 5505 τῷ
551 5429 629 5505 μὴ
687 5426 971 5507 γινώσκειν
1020 5424 1102 5482 ότι
1164 5430 1224 5484 οὗ
1278 5424 1528 5502 γινώσκει
1570 5441 1586 5456 ’
1621 5425 1760 5482 οὕτω
1817 5427 1904 5483 καὶ
1954 5426 1983 5494 ἦ

313 5520 518 5599 γνῶσίς
561 5517 741 5594 διττὴ,
802 5519 837 5585 ἡ
870 5517 966 5591 μέν
1001 5516 1081 5572 ὃτι
1138 5515 1409 5594 γινώσκει,
1479 5512 1595 5571 καθ’
1632 5513 1658 5569 ὅ
1703 5517 1793 5571 καὶ
1833 5539 1980 5593 γνω-

316 5608 483 5675 στικὴ
528 5605 743 5685 λέγεται
774 5622 789 5635 ⁶
848 5606 883 5673 ἡ
914 5602 968 5658 δὲ
1011 5603 1091 5659 ὅτι
1149 5601 1400 5677 μανθάνει
1456 5604 1544 5658 καὶ
1587 5601 1803 5682 δέχεται
1834 5610 1979 5681 γνῶ-

318 5721 430 5779 σιν³
485 5698 575 5754 καὶ
628 5696 882 5776 γινώσκει
936 5691 1017 5750 ὅτι
1066 5691 1367 5778 ὠφέληται,
1427 5690 1545 5749 καθ’
1581 5692 1609 5747 ὅ
1653 5691 1981 5772 λέγεταικαὶ

2062 4620 2284 4680 tionem
2318 4628 2538 4681 nostrae
2560 4620 3249 4702 cognitionis;siquidem
3290 4621 3495 4682 notitia
3519 4629 3724 4683 nostra

2059 4709 2237 4769 etiam
2287 4711 2626 4789 intelligens
2680 4720 2769 4773 est
2816 4731 2850 4773 a
2901 4730 2986 4787 se,
3026 4720 3084 4774 et
3134 4721 3437 4773 externam
3471 4710 3722 4791 suscipit

2059 4795 2460 4877 disciplinam.
2497 4798 2846 4862 Sicutenim
2895 4799 3188 4879 ignoratio
3233 4798 3452 4878 duplex
3491 4805 3728 4868 est,una

2060 4885 2341 4949 nimirum
2377 4891 2749 4968 negativa,ut
2770 4893 3006 4971 quando
3024 4889 3243 4970 aliquid
3271 4907 3388 4949 non
3403 4884 3727 4965 cognosci-

2063 4993 2217 5049 mus,
2243 4977 2469 5039 scimus
2498 4987 2694 5041 autcm
2727 4998 2835 5042 nos
2880 4981 2940 5042 id
2980 4998 3097 5041 non
3155 4995 3539 5059 nosse,quam
3583 4978 3729 5039 sim-

2065 5065 2275 5144 plicem
2297 5077 2508 5130 vocant
2537 5068 3084 5148 ignorantiam;alia
3105 5085 3243 5131 vero
3269 5077 3360 5131 est
3381 5066 3721 5152 habitualis,

2063 5154 2300 5235 quando
2331 5157 2675 5236 ignorantes
2706 5159 3061 5239 decipimur,
3097 5167 3156 5222 et
3184 5170 3458 5240 putamus
3497 5176 3606 5219 nos
3627 5157 3726 5218 in-

2069 5244 2336 5324 telligere
2362 5267 2553 5326 neque
2583 5248 2836 5329 idipsum
2850 5251 3230 5329 agnoscimus
3258 5249 3415 5324 quod
3442 5266 3558 5312 non
3581 5246 3729 5309 scia-

2070 5352 2407 5414 mus;quam
2432 5337 2652 5400 idcirco
2676 5339 3381 5420 duplicemignorantiam
3398 5337 3724 5420 appellant,

2067 5442 2201 5511 cum
2242 5426 2398 5504 quod
2435 5426 2687 5505 ignoret,
2723 5440 2847 5490 tum
2880 5430 3035 5509 quod
3094 5430 3351 5511 idipsum
3409 5428 3634 5490 nesciat
3656 5442 3723 5487 se

2065 5510 2361 5591 ignorare:
2394 5524 2480 5580 sic
2524 5518 2701 5579 etiam
2753 5520 3009 5599 cognitio
3057 5510 3424 5601 duplex,una
3477 5514 3724 5597 quidem

2065 5606 2206 5685 quia
2235 5608 2900 5689 cognoscit,aecundum
2929 5611 3090 5691 quod
3117 5625 3479 5688 cognoscens
3512 5604 3725 5685 appel-

2066 5691 2258 5773 latur;
2293 5696 2409 5758 alia
2438 5716 2574 5761 vero
2600 5699 2739 5781 quia
2760 5698 2941 5760 discit
2982 5706 3157 5781 atque
3178 5696 3396 5779 accipit
3422 5693 3711 5770 notitiam,
