4112 6160
354 355 471 424 219

1541 356 1603 418 S.
1656 347 1995 417 DIONYSII
2028 346 2553 412 AREOPAGIT‘E.

3618 341 3735 410 220

350 494 693 575 etageoscit
722 495 859 577 quid
885 491 1439 576 prosit,secundum
1472 490 1627 573 quod
1660 489 1835 554 etiam
1869 501 2008 564 gna-

2101 482 2438 560 γνωριστική.
2501 470 2696 541 ’Ἔστιν
2754 481 2790 550 ἡ
2852 478 3086 559 ἡμετέρα
3131 478 3325 577 γνῶσις
3383 478 3470 577 καὶ
3520 481 3730 559 θεωρη-

350 604 418 650 ra
437 585 784 649 dicitur.Est
816 588 989 666 insup
1015 602 1061 645 -r
1103 582 1360 662 cognitio
1386 590 1584 643 nostra
1616 580 2003 663 speeulativa,

347 684 411 737 ut
433 693 562 755 quas
604 694 786 755 super
811 693 917 736 ora
934 692 1001 736 se
1023 679 1326 735 scrutatur
1359 692 1372 734 :
1404 682 1495 733 est
1523 671 1702 732 etiam
1727 687 2007 731 commu—

352 764 625 840 nicativa,
672 772 735 825 ut
792 763 1027 843 quando
1080 760 1347 834 illarum,
1404 760 1621 841 quibus
1672 759 1849 840 plena
1895 767 2008 833 est,

350 854 732 916 scientiarum
785 851 1157 932 disciplinam
1181 851 1240 910 in
1273 850 1447 922 alios,
1492 851 1590 929 qui
1621 866 1693 909 ea
1722 849 2009 926 indigent,

351 942 730 1005 transfundit.
783 940 921 1003 Haec
966 940 1142 1001 etiam
1168 939 1369 1001 omnia
1398 937 1619 999 habent
1648 936 1957 999 cherubim
1995 944 2010 989 ἒ

348 1030 689 1111 intelligunt
717 1050 784 1093 ac
826 1028 1310 1110 contemplantur
1343 1027 1594 1087 divinam
1650 1026 2006 1111 claritatem,

348 1121 693 1202 cognitione
723 1127 1030 1182 moventur
1060 1118 1205 1179 adid
1230 1116 1390 1198 quod
1423 1135 1560 1178 vere
1591 1124 1681 1179 est
1722 1115 2005 1191 amabile,

351 1229 462 1273 nec
483 1229 601 1273 non
622 1209 1075 1272 illustrationem
1095 1207 1399 1288 accipiunt
1420 1224 1454 1268 a
1483 1208 1609 1269 Deo
1633 1224 1740 1288 per
1763 1205 2008 1268 virtutes

346 1299 490 1377 ipsis
510 1299 867 1378 anteriores,
895 1304 955 1359 et
997 1295 1257 1357 divinam
1292 1306 1635 1357 scrutantur
1667 1294 2009 1377 pulchrituu

347 1389 573 1463 dinem,
604 1388 662 1449 in
693 1386 916 1448 virtute
940 1386 1224 1447 nimirum
1266 1384 1639 1465 primigenia,
1675 1383 2004 1447 secundum

347 1496 521 1560 quam
555 1495 675 1556 prae
704 1476 934 1539 caeteris
972 1475 1157 1555 primo
1193 1475 1321 1536 loco
1359 1493 1475 1535 una
1502 1492 1635 1535 cum
1676 1473 1910 1535 thronis
1939 1490 2009 1534 ac

348 1566 649 1647 seraphim
683 1566 960 1629 hauriunt
992 1564 1455 1645 apparitionem.
1482 1561 1558 1626 lli
1580 1564 1742 1625 enim
1778 1573 1897 1625 tres
1919 1579 2015 1623 or-

2091 573 2240 651 τικὴ,
2300 574 2458 629 οἷονεί
2486 571 2798 648 ἐρευνητικὴ
2842 577 2947 628 τῶν
2992 571 3123 648 ὑπὲρ
3179 569 3368 637 αὐτὴν.
3419 559 3589 627 ’Ἔστι
3645 571 3734 627 καὶ

2094 662 2405 735 κοινωνικὴ,
2441 661 2492 727 ἐξ
2524 664 2598 716 ὧν
2629 663 2684 717 ἓν
2740 668 2817 734 τῷ
2874 658 3310 735 ἀναπίμπλασθαι
3367 665 3475 716 τῶν
3523 660 3737 734 νοημά-

2092 772 2200 807 των
2243 751 2361 831 χέει
2398 752 2524 829 πρὸς
2558 752 2675 815 τοὺς
2698 749 2941 814 ὑποδεετς
2974 750 3075 817 τὴν
3120 750 3372 824 μάθησιν,
3406 756 3579 807 Ταῦτα
3606 748 3739 806 πάν-

2095 862 2162 897 τα
2194 839 2381 919 ἔχουσι
2439 843 2527 898 καὶ
2570 841 2635 899 τὰ
2692 838 2970 921 χερόυὸίμ’
3005 841 3274 918 γνωστικά
3318 840 3416 894 εἶσι
3474 840 3561 895 καὶ
3615 842 3741 896 θεο-

2096 931 2259 986 πτικα
2289 931 2385 997 τῆς
2422 932 2563 994 θείας
2620 928 3023 1009 λαμπρότητος,
3087 930 3297 997 κίνησιν
3351 927 3550 1008 ἔχοντα
3602 928 3745 1007 γνώσ-

2094 1041 2229 1084 σεως
2274 1021 2403 1098 πρὸς
2434 1021 2495 1076 τὸ
2535 1018 2699 1082 ὅντως
2746 1020 3023 1099 ἐράσμιον,
3077 1020 3165 1078 καὶ
3222 1016 3436 1075 δεκτικὰ
3498 1016 3746 1097 φωτοδοο

2092 1108 2208 1174 σίας
2240 1108 2300 1164 ἐκ
2354 1116 2445 1166 τοῦ
2501 1116 2631 1165 Θεοῦ
2684 1108 2768 1166 διὰ
2800 1109 2905 1165 τῶν
2950 1109 3053 1188 πρὸ
3108 1112 3279 1167 αὐτῶν
3330 1105 3625 1187 δυνάμεων,
3657 1108 3747 1165 καὶ

2089 1196 2399 1263 ἒξεταστικὰ
2429 1203 2528 1265 τῆς
2559 1199 2700 1263 θείας
2733 1198 3067 1276 εὔπρεπείας,
3124 1196 3246 1254 ἀλλ’
3303 1197 3356 1254 ἐν
3416 1204 3745 1276 πρωτουργῷ

2091 1285 2332 1361 δυνάμει,
2388 1280 2505 1345 καθ⁹
2566 1288 2636 1357 ἣν
2683 1286 2926 1356 δηλονότι
2972 1289 3195 1365 πρώτως
3249 1294 3354 1344 τῶν
3418 1285 3605 1343 ἄλλων
3645 1287 3742 1351 τὰς

2091 1376 2381 1458 ἐμφανείας
2442 1378 2678 1457 ἔχουσιν⁹
2729 1381 2801 1442 ὡς
2854 1379 2939 1434 καὶ
2997 1380 3044 1434 οἱ
3090 1381 3285 1457 θρονοι,
3320 1379 3410 1435 καὶ
3439 1377 3517 1433 ἑτι
3546 1377 3613 1433 τὰ
3646 1396 3740 1432 σεο

2097 1468 2283 1547 ραφίμ,
2319 1475 2494 1525 Ταῦτα
2527 1469 2627 1545 γὰρ
2676 1470 2741 1527 τὰ
2789 1469 2906 1545 τρία
2956 1468 3233 1547 τάγματα,
3267 1465 3370 1535 μέα
3430 1488 3510 1532 τις
3559 1467 3742 1544 ἱεραρο

2096 1557 2193 1636 χία
2251 1556 2360 1613 ἓστὶ
2397 1605 2413 1629 ,
2486 1559 2576 1614 καὶ
2626 1559 2963 1635 πρωτουργὸν
3028 1546 3136 1613 Eni,
3194 1563 3322 1612 πᾶσι
3364 1555 3465 1622 τὴν
3526 1552 3744 1630 δύναμιν

347 1643 650 1719 dinesuna
686 1657 950 1737 quaedam
967 1643 1108 1718 sunt
1139 1654 1563 1729 hierarcbia,et
1599 1652 2012 1734 primigeniam

2101 1646 2305 1725 ἔχουσι’
2367 1648 2541 1714 πάσης
2592 1648 2692 1724 γὰρ
2745 1647 2968 1724 ἀοράτου
3026 1648 3114 1701 καὶ
3196 1647 3393 1722 ὁρατῆς
3467 1643 3742 1745 δρνᾶμεως

347 1747 407 1808 in
439 1733 715 1808 omnibus
754 1746 1029 1807 virtutem
1067 1748 1436 1806 sortiuntur:
1465 1733 1625 1805 omni
1683 1744 1842 1804 enim
1893 1750 2012 1805 tam

2101 1737 2306 1811 μείζους
2352 1738 2479 1794 εἰσὶν
2526 1739 2578 1793 αἱ
2629 1737 2826 1815 πρῶται
2878 1748 3024 1811 τρεῖς
3056 1745 3209 1794 αὗται
3242 1733 3438 1798 τέξειςς
3467 1733 3639 1792 ’Ἐστι
3674 1733 3740 1791 τὰ

349 1834 635 1897 invisibili
665 1854 841 1911 quam
865 1834 1080 1895 visibili
1112 1833 1323 1895 virtute
1375 1833 1631 1913 majores
1658 1842 1795 1894 sunt
1834 1828 2011 1913 primi

2101 1827 2352 1908 χερουᾶμ
2410 1832 2495 1886 καὶ
2552 1830 2834 1886 κοινωνικὰ
2904 1828 2959 1883 ἐν
3017 1834 3095 1902 τῷ
3138 1826 3591 1901 ἀναπιμπλάμενα
3647 1826 3746 1893 τῆς

350 1925 865 1989 tresistiordines.
892 1926 1046 1986 Sunt
1084 1923 1397 1986 cherubim
1415 1924 1590 1985 etiam
1615 1924 2012 1984 communica—

2101 1920 2388 1998 σοφοποιοῦ
2422 1917 2750 1993 μετοδὸσεως
2782 1918 3018 1998 ἀφθόνως
3067 1915 3400 1993 μεταδιδόναι
3457 1928 3573 1979 τοῖς
3621 1913 3745 1971 δευ-

348 2016 725 2096 tivi,eam.qu
753 2014 1018 2093 arepleti
1063 2024 1223 2092 sunt,
1258 2014 1686 2092 sapientiﬁram
1722 2012 2012 2075 distribu-

347 2105 568 2167 tionem
600 2103 993 2167 inferioribus
1020 2102 1376 2166 installando
1403 2102 1749 2184 prolusione
1779 2102 2012 2184 sapien-

348 2194 442 2256 tiae
466 2212 610 2259 suae.
1678 2196 1687 2202 ’

428 2283 721 2363 Agedum,
767 2285 945 2347 etiam
970 2290 1308 2346 sanctorum
1340 2290 1400 2347 et
1442 2282 2005 2345 sublimissimorum

347 2380 524 2453 atque
563 2373 960 2446 excelsorum,
1019 2373 1368 2435 thronorum
1402 2391 1618 2434 nomen
1659 2372 2005 2435 considere-

351 2463 792 2525 mus.Thronus
808 2463 1080 2524 sublimis
1094 2464 1397 2524 aterrenis
1413 2463 1619 2537 elatus,
1632 2464 2005 2525 thronussur-

347 2568 477 2610 sum
508 2554 715 2616 ferens.
751 2562 1079 2610 θιςθεεοῐθε
1110 2568 1242 2609 SUOS
1267 2560 1594 2610 constanter
1622 2569 1688 2609 80
1717 2562 2007 2622 COIDpﬂCiB

345 2650 581 2697 sursum
608 2632 749 2695 ferri
778 2632 1289 2695 facienszthrouus
1305 2642 1393 2693 est
1417 2652 1598 2712 capax
1630 2632 1793 2695 illius
1818 2649 2004 2711 quem

346 2723 548 2801 fert,et
577 2722 1019 2803 receptaculum
1049 2721 1301 2784 sessoris
1331 2722 1442 2783 sui.
1479 2722 1642 2783 Idem
1675 2728 1733 2785 in
1790 2721 2009 2782 sanctis

346 2804 475 2871 istis
520 2812 750 2873 thronis
799 2811 1189 2873 considerare
1245 2813 1336 2871 62
1383 2811 1603 2872 liceat:
1671 2811 2011 2873 eximuntur

349 2902 509 2962 enim
560 2901 634 2963 ab
684 2903 848 2964 omni
904 2902 1067 2963 humi
1105 2903 1467 2983 reptatione,
1500 2913 1559 2964 et
1600 2903 1674 2964 ad
1710 2902 2012 2963 anteriora

346 3009 582 3052 sursum
615 2992 966 3068 eﬂ‘eruntur,
1002 2992 1079 3051 ita
1111 3001 1170 3053 ut
1203 2992 1367 3053 nulla
1392 2992 1525 3053 illos
1559 3000 1757 3054 teneat
1780 2991 2013 3070 abjecta

350 3080 669 3159 propensio
684 3080 772 3141 vel
799 3079 1141 3152 instinctus,
1177 3089 1235 3141 et
1265 3080 1336 3141 ad
1368 3081 1651 3143 inferiora
1681 3080 2011 3156 nutus,Ve-

348 3259 492 3320 ferri
544 3258 723 3321 faciat
745 3277 1042 3321 sessorem
1088 3278 1307 3332 suum;
1346 3261 1759 3323 sanctissimos
1809 3274 2010 3322 autem

346 3347 596 3411 thronos
626 3348 699 3410 ab
725 3366 792 3409 eo
827 3347 987 3425 quod
1018 3366 1256 3409 sursum
1295 3347 1557 3410 ferantur
1600 3350 2014 3425 denominari,

347 3447 405 3499 et
426 3436 845 3500 indeﬁcienter
875 3438 935 3499 in
966 3437 1213 3501 Sublimi
1240 3437 1531 3518 habitare,
1562 3449 1620 3501 et
1642 3440 1809 3520 juxta
1843 3441 1991 3502 Altis

346 3526 562 3588 simum
593 3526 952 3589 inconcusse
977 3526 1287 3609 collocari,
1323 3539 1380 3589 et
1435 3528 1696 3590 divinum
1733 3529 2009 3607 illapsum

346 3616 647 3697 excipere.
675 3616 891 3677 Verum
921 3615 1148 3697 absque
1188 3618 1462 3696 passione
1484 3618 1610 3680 haec
1632 3618 1922 3697 intellige,
1956 3628 2016 3681 et

344 3704 820 3767 immaterialiter
840 3704 922 3771 (id
945 3714 1033 3767 est
1054 3705 1222 3767 enim
1255 3708 1898 3787 supermundialiter),
1939 3728 2015 3772 ne

346 3793 656 3875 quisillam
685 3794 985 3855 anteriora
1025 3794 1178 3854 viam
1213 3812 1345 3856 esse
1404 3797 1773 3875 corporalem
1800 3798 2012 3860 existi-

349 3892 492 3957 met,
522 3902 596 3945 ne
621 3883 682 3944 in
724 3883 796 3944 iis
829 3885 984 3944 Deus
1007 3885 1420 3946 circumscribi
1445 3885 1734 3948 videatur.
1768 3886 1836 3948 Et
1878 3888 2012 3949 dei-

350 3972 459 4034 feri
479 3980 639 4045 sunt,
674 3991 791 4033 non
819 3972 1189 4053 substantia,
1239 3973 1343 4035 sed
1377 3976 1583 4053 gratia,
1620 3985 1680 4039 et
1708 3978 2014 4039 ministro-

352 4080 482 4124 rum
510 4080 674 4124 more
709 4061 966 4142 prompti
997 4062 1071 4123 ad
1119 4064 1350 4125 divinas
1400 4065 1837 4145 susceptiones.
1866 4066 2014 4129 lllud

351 4168 490 4214 vero
522 4151 813 4214 deiferum
847 4152 965 4213 dixi
1002 4171 1118 4213 non
1164 4154 1523 4229 substantia,
1558 4155 1697 4235 quia
1752 4166 1811 4218 et
1870 4156 2014 4218 bea-

2096 2008 2266 2088 τέροις
2294 2011 2430 2066 κατὰ
2460 2010 2557 2077 τὴν
2589 2010 2741 2088 χύσιν
2772 2012 2871 2074 τῆς
2904 2009 3089 2087 σοφίας
3120 2006 3316 2067 αὐτῶν.

2171 2279 2304 2357 Φέρε
2334 2279 2423 2335 καὶ
2453 2279 2550 2346 τὴν
2597 2283 2703 2333 τῶν
2740 2276 2903 2354 ἂγίων
2939 2278 3020 2333 ιιαὶ
3045 2277 3398 2351 ὑψηλοτάτων
3438 2277 3527 2332 καὶ
3570 2275 3744 2354 ἐπηρ-

2091 2371 2266 2443 μένων
2313 2369 2511 2447 θρόνων
2562 2368 2863 2441 ὲπωνυμίαν
2917 2364 3239 2441 κατίδωμεν.
3278 2357 3336 2423 ιΟ
3366 2366 3546 2445 θρόνος
3595 2367 3747 2442 ὑψη-

2090 2458 2182 2522 λὸς
2234 2464 2337 2515 τῶν
2377 2461 2586 2536 γηίνων
2644 2456 2966 2534 ἐπηρμένος,
3025 2459 3051 2513 ὁ
3101 2458 3281 2534 θρόνος
3327 2456 3623 2536 ἀνωφερὴς,
3657 2457 3747 2513 καὶ

2091 2554 2260 2604 ποιῶν
2315 2549 2437 2612 τοὺς
2500 2535 2752 2621 ἐνάὐτῷ
2810 2546 2922 2603 ἅνω
2974 2545 3217 2626 φέρεσθαι
3274 2535 3585 2626 ἱδρυμένους,
3633 2568 3748 2602 πα-

2091 2640 2241 2717 γίως·
2276 2641 2303 2693 ὁ
2332 2642 2515 2712 θρόνος
2576 2636 2813 2698 δεκτικὸς
2873 2638 3016 2700 τινός
3069 2635 3128 2691 ὅν
3162 2636 3327 2716 φέρει,
3363 2638 3452 2692 καὶ
3483 2642 3572 2691 τοῦ
3612 2639 3748 2691 καθ-

2091 2727 2293 2795 ημὲνου
2350 2726 2595 2806 ὑποδοχῆ
2650 2725 2815 2784 ἐστιν.
2882 2725 3062 2789 Οὕτως
3116 2724 3261 2782 ’ἐστιν
3329 2724 3461 2781 ἰδεῖν
3519 2729 3608 2782 καί
3663 2724 3752 2781 ἐπὶ

3057 2814 3345 2891 ἐξαίρονται
3402 2816 3503 2893 γὰρ
3566 2814 3750 2880 πάσης

2094 2906 2384 2987 χθαμαλῆς
2446 2906 2721 2984 ὑφέσεως,
2778 2906 2866 2960 καὶ
2916 2908 3046 2982 πρὸς
3094 2907 3156 2960 τὸ
3190 2901 3409 2966 ἄναντες
3453 2902 3753 2982 ἀναφέρον-

2094 3019 2205 3071 ται,
2240 2998 2313 3058 ὠς
2345 2992 2510 3064 μηδὲν
2557 2996 2753 3059 αὐτοις
2801 2994 2948 3074 ἔχειν
3005 2996 3310 3073 περιπεζίας
3365 2992 3599 3075 ὑφέσεως
3632 2991 3753 3059 ἦτοι

2091 2824 2197 2873 τῶν
2256 2817 2419 2893 ἁγίων
2464 2818 2681 2872 τουτωνὶ
2755 2815 2975 2892 θρόνων

2031 3141 2070 3166 ρ
2097 3086 2351 3150 ἐνδοσεως
2383 3087 2469 3142 καὶ
2519 3090 2617 3149 τῆς
2662 3087 2792 3162 πρὸς
2852 3087 2917 3141 τὰ
2969 3086 3116 3143 κάτω
3172 3086 3425 3149 νεύσεως.
3462 3082 3615 3150 Πλὴν
3645 3105 3754 3149 σηι-

348 3172 789 3232 rumenimvero
823 3178 960 3230 nota
1004 3169 1162 3247 quod
1214 3179 1418 3232 noster
1461 3174 1715 3233 thronus
1773 3189 2009 3232 sursum
2059 3171 2073 3192 ‘

2099 3176 2344 3248 ιλείωσαι,
2385 3176 2467 3231 ὃτι
2522 3176 2609 3230 καὶ
2668 3175 2696 3230 ό
2748 3174 2965 3230 ὲνταῦΊα
3015 3173 3198 3251 θρόνος
3258 3173 3369 3234 ἅνω
3413 3185 3560 3229 ποιεῖ
3590 3170 3755 3252 φέρεσ-

2098 3270 2213 3322 σθαι
2265 3266 2385 3329 τοὺς
2442 3264 2500 3320 ἐν
2553 3265 2713 3337 αὐτῷ’
2770 3266 2816 3319 οἱ
2870 3258 2930 3319 δὲ
2978 3263 3267 3342 ἁγιώτατοι
3323 3264 3521 3340 θρόνοι⁹
3576 3261 3631 3318 ἐν
3675 3268 3753 3336 τῷ

2100 3355 2208 3413 ἅνω
2282 3354 2526 3435 φέρεσθαι
2562 3402 2578 3433 ,
2636 3353 2799 3415 οὕτως
2877 3352 3295 3428 ἐπονομάζονται
3332 3400 3347 3431 ,
3405 3352 3493 3432 καί
3550 3351 3751 3424 ἀνῳκι-

2101 3433 2441 3520 σμένοιήείσὶν
2474 3442 2731 3521 ἀκλινὼς,
2760 3443 2849 3498 καὶ
2907 3443 3023 3521 περὶ
3070 3445 3163 3499 τὸν
3214 3433 3486 3517 ’Ὕψιστον
3537 3441 3746 3497 ἄγατα-

2098 3537 2318 3597 σείστως
2366 3533 2659 3610 ἱδρυμένοι,
2702 3534 2789 3588 καὶ
2839 3530 3070 3588 δεκτιιιοὶ
3113 3534 3209 3597 τῆς
3269 3532 3409 3595 θείας
3463 3531 3752 3608 ἐπιφοιτή-

2097 3646 2257 3688 σεως.
2323 3622 2471 3690 Πλὴν
2522 3622 2736 3686 ἀπαθῶς
2792 3622 2898 3677 νόει
2959 3621 3144 3700 ταῦτα,
3202 3623 3290 3678 καὶ
3337 3620 3533 3694 ἆΰλως,
3572 3619 3753 3699 (τοῦτο

2099 3718 2201 3792 γάρ
2257 3717 2371 3769 εστι
2415 3714 2475 3768 τὸ
2530 3709 2953 3789 ὑπερκοσμίως’)
3016 3711 3107 3767 ἵνα
3163 3713 3241 3785 μὴ
3302 3711 3498 3787 νομίσῃ
3551 3732 3629 3774 τις
3688 3711 3752 3767 τὸ

2098 3803 2316 3864 ἄναντες
2369 3800 2487 3858 ὁδον
2547 3801 2689 3856 εἶναι
2721 3801 3058 3875 σωματικὴν,
3102 3800 3197 3857 ’ίνα
3246 3799 3325 3874 μὴ
3368 3801 3753 3877 περιορίζεσθαι

2098 3888 2222 3967 δόξῃ
2273 3895 2400 3951 Θεὸς
2440 3890 2495 3945 ἐν
2541 3892 2745 3955 αὖτοῖς.
2803 3888 2907 3950 Καὶ
2962 3890 3205 3968 θεοφόροι
3256 3891 3382 3945 εἰσὶν
3412 3889 3472 3946 οὗ
3497 3886 3618 3946 κατ’
3661 3888 3755 3943 οὒ-

2099 3981 2258 4053 σίαν,
2321 3978 2457 4035 ἀλλὰ
2517 3980 2654 4036 κατὰ
2715 3980 2896 4059 χάριν,
2962 3982 3051 4036 καὶ
3116 3983 3506 4057 θεραπευτικῶς
3569 3978 3750 4035 ὕπτιοι

2101 4073 2229 4145 πρὸς
2261 4070 2353 4133 τὰς
2382 4070 2521 4133 θείας
2552 4067 2846 4148 ⁸ὅποδοχοὶς,
2902 4070 2975 4126 Οὒ
3004 4069 3122 4124 κατ’
3154 4068 3332 4125 οὐσίαν
3375 4066 3431 4123 δὲ
3479 4067 3639 4125 εἶπον
3691 4069 3754 4124 τὸ

2100 4160 2375 4237 θεορόρον,
2405 4158 2485 4214 ὅτι
2516 4161 2542 4214 ὁ
2574 4158 2836 4236 μακάριος
2872 4157 3158 4222 Βασίλειως
3190 4159 3289 4226 τὴν
3318 4160 3569 4236 θεοφόρον
3621 4158 3750 4214 εἷπε

354 4251 445 4303 tus
477 4239 729 4304 Basilius
760 4260 1001 4304 carnem
1026 4242 1176 4303 dixit
1226 4262 1359 4307 esse
1390 4244 1715 4316 deiferam;
1753 4245 1853 4305 sed
1881 4265 2012 4306 caro

2103 4251 2291 4327 σάρκα’
2350 4246 2469 4303 ἀλλ’
2503 4250 2670 4322 ἡμὲν
2717 4247 2841 4325 σὰρξ
2899 4254 2992 4304 τοῦ
3053 4249 3246 4325 Κυρίου
3288 4245 3404 4304 κατ’
3439 4246 3616 4305 οὗσίαν
3666 4248 3756 4304 καὶ

353 4331 592 4395 Domini
643 4331 972 4393 secundum
1007 4331 1427 4413 substantiam,
1470 4344 1529 4395 et
1556 4335 1887 4396 secnndum
1914 4336 2012 4415 hy-

2104 4337 2219 4395 καθ’
2277 4337 2564 4395 ὑπόστασιν
2604 4336 2774 4404 ἥνωτο
2814 4341 2956 4411 αὒτῴ
2985 4344 3061 4411 τῷ
3093 4344 3208 4412 Θεῷ
3235 4337 3389 4416 Λόγῳ
3418 4338 3491 4401 ὡς
3524 4336 3757 4415 φέρουσα

354 4420 616 4501 postasin
650 4421 812 4481 unita
842 4419 954 4501 ipsi
985 4433 1112 4483 erat
1143 4421 1339 4485 Verbo
1398 4422 1547 4503 Deo,
1584 4433 1858 4504 tanquam
1891 4444 2012 4506 quae

2106 4431 2195 4485 τὸν
2229 4429 2358 4484 Θεὸν
2391 4428 2563 4506 Λόγον
2592 4427 2708 4484 καθ’
2742 4426 2927 4483 ἕνωσιν
2986 4426 3368 4495 ἀδιάσπαστον,
3427 4430 3585 4485 αὑτοῦ
3625 4425 3757 4503 σάρξ

355 4508 587 4572 terebat
610 4508 794 4570 Deum
820 4509 1087 4574 Verbum
1118 4512 1450 4574 secundum
1486 4513 1768 4574 unionem
1792 4515 2012 4593 insepa-

2107 4520 2193 4575 καὶ
2223 4516 2488 4595 ὶεγόμένη
2547 4519 2633 4574 καὶ
2669 4517 2992 4595 ὑπάρχουσα
3040 4515 3230 4586 κυρίως
3284 4518 3371 4572 καὶ
3429 4516 3569 4573 κατὰ
3620 4515 3764 4584 ἀλήο

354 4598 891 4678 rabilem,proprie
938 4617 1007 4660 ac
1058 4618 1197 4662 vere
1227 4601 1417 4681 ipsius
1460 4622 1625 4681 caro,
1686 4612 1746 4663 et
1778 4604 1933 4665 dicta
1964 4615 2023 4668 et

354 4689 638 4763 existens;
664 4687 884 4764 throni,
923 4707 1063 4751 vero
1090 4709 1208 4751 non
1229 4692 1556 4753 secundum
1602 4692 2019 4757 substantiam.

356 4779 461 4841 sed
510 4777 840 4841 secundum
892 4780 1164 4856 gratiam,
1216 4791 1279 4843 ιιι
1309 4781 1536 4844 dictum
1565 4792 1679 4863 est,
1734 4783 2026 4851 habentes

353 4868 542 4932 Deum
567 4867 627 4930 in
658 4867 1003 4949 semetipsis
1037 4869 1318 4932 incll‘abili
1343 4871 1597 4948 ratione,
1642 4871 1855 4935 deiferi
1878 4893 2024 4937 nun-

360 4964 682 5037 cupantnr.

434 5044 555 5125 §ll.
587 5047 723 5109 Haec
752 5046 1017 5127 quidem,
1052 5058 1341 5128 quantum
1373 5049 1541 5111 effari
1588 5068 1933 5131 possumus,
1963 5060 2021 5117 et

359 5154 465 5216 pro
498 5135 776 5198 facultate
808 5146 1033 5211 nostra,
1071 5145 1376 5200 nominum
1410 5139 1671 5221 ipsorum
1697 5151 1785 5204 est
1813 5145 2020 5225 expla-

356 5225 517 5288 natio
565 5226 1050 5323 declaratioque:
1117 5238 1246 5308 post
1306 5229 1431 5292 haec
1489 5249 1626 5293 vero
1670 5233 2018 5323 dicendum,

361 5333 537 5395 quam
573 5315 966 5377 hierarchiam
1030 5326 1088 5379 et
1121 5320 1538 5399 mystagogiam
1573 5340 1777 5383 eorum
1807 5315 2023 5386 existi;

362 5422 615 5468 memus.
652 5405 801 5468 Illud
822 5425 1101 5488 namque,
1126 5409 1322 5471 omnis
1359 5411 1641 5473 nimirum
1670 5413 2025 5477 hierarchiae

360 5513 636 5575 scopum,
667 5496 788 5556 sive
818 5492 1081 5559 nbseram
1116 5504 1247 5579 quis
1277 5500 1495 5562 dixerit
1537 5501 1662 5564 sive
1688 5503 2019 5582 caelestem,

362 5603 431 5647 ex
457 5584 643 5647 Deum
672 5585 941 5648 imitante
965 5587 1361 5654 deiformitate
1383 5589 1889 5655 indeclinabiliter
1919 5595 2021 5656 de~

364 5673 849 5755 pendere,atque
882 5694 1121 5741 omnem
1166 5678 1598 5743 sacerdotalem
1656 5680 2025 5746 {unctionem

2103 4612 2268 4665 θειαν⁶
2324 4608 2371 4662 οἱ
2418 4604 2474 4662 δὲ
2525 4608 2699 4686 θρόνοι
2747 4610 2807 4663 οὗ
2836 4603 2955 4661 κατ’
2999 4603 3201 4679 οὖσίαν,
3233 4603 3371 4661 ἀλλὰ
3399 4606 3535 4664 κατὰ
3565 4605 3754 4685 χάριν,

2104 4700 2178 4761 ὡς
2206 4697 2438 4776 εἴρηται,
2486 4696 2705 4777 ἔχοντες
2735 4695 2789 4752 ἐν
2821 4694 3033 4758 ἑαυτοῖς
3057 4696 3147 4752 τὸν
3179 4695 3307 4752 Θεὸν
3338 4692 3549 4773 ἆρῥήτῳ
3581 4694 3754 4774 λόγῳ,

2104 4786 2344 4866 θεοφόροι
2372 4784 2643 4864 λέγονται.

2182 5052 2307 5134 §I[.
2340 5053 2484 5119 Αὕτη
2514 5063 2614 5128 μὲν
2640 5055 2675 5121 ἡ
2706 5059 2812 5109 σῶν
2862 5055 3139 5131 ὀνομάτων
3189 5053 3503 5133 ἐκφαντορία
3535 5055 3623 5112 καὶ
3658 5052 3757 5125 δή-

2104 5145 2289 5225 λωσις,
2322 5147 2396 5208 ὼς
2424 5143 2542 5201 καθ’
2575 5146 2717 5217 ἡμᾶς
2749 5146 2942 5217 είπεϊν,
2972 5146 3061 5201 καὶ
3091 5145 3189 5212 τὴν
3210 5144 3476 5221 ἡμετέραν
3506 5141 3754 5220 δύναμιν·

2105 5234 2319 5292 λεκτέον
2356 5233 2408 5291 δε
2441 5235 2575 5309 μετὰ
2614 5241 2798 5307 ταῦτα,
2831 5235 2947 5291 τίνα
3001 5236 3100 5301 τὴν
3156 5234 3427 5313 ἱιραρχίαν
3466 5234 3637 5290 αὐτῶν
3672 5236 3762 5291 καὶ

2106 5326 2201 5393 τὴν
2252 5324 2625 5402 μυσταγωγίαν
2674 5324 2913 5397 οἰόμεθα.
2972 5326 3043 5382 Τὸ
3093 5324 3190 5398 μὲν
3228 5325 3326 5400 γὰρ
3356 5326 3499 5378 εἴναι
3532 5324 3624 5379 τὸν
3655 5328 3757 5390 τῆς

2107 5416 2311 5482 ἐπαίτης
2363 5416 2636 5494 ἱεραρχίας
2690 5417 2912 5485 σκοπὸν,
2963 5411 3059 5469 κᾶν
3117 5414 3213 5481 τὴν
3259 5412 3374 5469 καθ’
3433 5415 3580 5481 ἡυᾶς
3609 5413 3761 5471 εἴποι

2105 5527 2211 5577 τις,
2270 5504 2366 5560 κᾶν
2420 5505 2520 5570 τὴν
2566 5505 2840 5581 οὖρανὶαν.
2888 5503 3249 5582 ἐξηρτημένον
3279 5504 3364 5560 καὶ
3394 5502 3628 5580 ἐκκρεμῆ
3660 5508 3762 5570 τῆς

2105 5596 2432 5668 θεομιμήτου
2506 5590 2784 5655 θεοειδείας
2860 5593 3115 5663 ἆκλινῶς,
3177 5593 3265 5649 καὶ
3320 5593 3382 5649 τὸ
3438 5590 3760 5673 διαιρεῖσθαι

2111 5690 2283 5743 πᾶσαν
2342 5681 2709 5762 πραγματείαν
2760 5683 3027 5762 ἱερατικὴν
3090 5684 3172 5748 εὶς
3226 5680 3317 5741 δύο
3368 5688 3556 5757 ταῦτα,
3593 5683 3667 5748 είς
3700 5704 3758 5742 τε
