4112 6160
410 353 526 422 2'23

1567 355 1625 418 S.
1697 354 2041 421 DIONYSII
2109 352 2616 418 AREOPAGITE

3670 349 3786 417 224

405 493 584 557 trario
615 492 820 557 habitu
850 502 907 557 et
937 495 1303 574 operatione.
1357 492 1514 557 Dixit
1550 493 1847 576 quomodo
1879 509 2041 576 purae

2125 490 2339 570 φανείας
2396 496 2547 562 Θεοῦ,
2626 488 2715 546 καὶ
2800 485 2869 576 διέ
2939 487 3203 576 αἰσθητῶν
3263 482 3567 561 συμϐόλων,
3613 487 3688 553 ὡς
3733 488 3779 576 ,ὁ

409 585 551 667 sint;
582 604 739 646 nunc
772 585 1074 665 quomodo
1129 584 1603 665 contemplativa;
1649 584 1766 645 sint
1816 583 2045 665 pandit;

406 674 684 755 quoniam
719 675 895 736 etiam
929 676 1043 736 hoc
1068 693 1186 736 non
1218 673 1549 735 secundum
1578 673 1884 735 hominem
1922 692 1935 736 :
1970 676 2051 736 si-

407 764 646 845 quidem
706 764 1047 826 hominibus
1102 764 1574 845 contemplantes
1612 762 1915 836 dicuntur,
1948 763 2046 844 qui

407 854 684 935 mysteria
707 862 1065 916 contuentur
1090 855 1367 934 per64ea
1391 870 1520 934 quas
1542 852 1868 931 symbolice
1890 852 2049 916 dicta

405 944 494 1005 vel
524 943 890 1006 sensibiliter
929 944 1189 1023 perfecta
1245 958 1383 1005 sunt
1416 943 1574 1004 circa
1602 942 1813 1007 Deum.
1847 941 2049 1007 Sancti

403 1041 600 1096 autem
633 1034 917 1114 quasdam
950 1034 1355 1113 apparitiones
1386 1032 1493 1095 Dei
1520 1032 1880 1114 habuerunt,
1910 1052 2045 1098 cum

406 1141 513 1204 per
541 1123 782 1185 sensilia
813 1122 1259 1204 symbola,sicut
1286 1123 1582 1184 Abraham
1609 1122 1889 1200 etJacob;
1924 1130 2048 1185 tum

406 1229 513 1292 per
541 1212 937 1287 intellectilia,
970 1213 1126 1274 sicut
1155 1212 1397 1289 quidam
1422 1231 1454 1274 e
1479 1212 1804 1295 prophetis,
1836 1213 1940 1291 qui
1962 1212 2050 1274 di-

402 1304 487 1365 xit
518 1324 530 1366 :
556 1302 639 1366 Et
679 1320 812 1366 ecce
849 1305 1034 1382 plena
1057 1302 1254 1383 gloria
1282 1302 1496 1366 domus
1518 1302 1765 1365 Domini
1802 1315 1845 1379 ο,
1881 1322 2049 1385 qua:-

402 1410 537 1453 nam
576 1392 732 1453 enim
766 1392 1269 1473 essetgloriaista,
1293 1402 1494 1455 mente
1528 1391 2046 1475 percipimus.Non

402 1482 488 1544 sic
511 1482 712 1564 utique
742 1483 1014 1546 caelestes
1045 1486 1288 1545 virtutes
1321 1484 1826 1564 contemplantur,
1850 1502 2046 1566 neque

398 1571 678 1633 varietate
730 1573 1289 1652 scripturisticarum
1352 1574 1921 1654 contemplationum
1972 1574 2043 1636 ad

403 1660 671 1722 divinum
730 1681 950 1724 numen
995 1664 1392 1739 adducuntur;
1438 1663 1542 1726 sed
1574 1664 2047 1745 contemplativa;

400 1749 996 1833 dicuntur,tanquam
1025 1752 1368 1834 adimpletac
1400 1754 1625 1814 lumine
1653 1752 1987 1815 sublimiori
2027 1774 2042 1817 :

401 1858 595 1920 neque
610 1848 835 1902 tantum
853 1842 1356 1918 sensibili,verum
1376 1843 1536 1904 omni
1555 1843 1924 1904 immateriali
1949 1862 2038 1905 co-

403 1931 671 2008 gnitione
702 1931 916 2013 plenae,
948 1934 1079 2012 ejus
1109 1934 1264 2014 quod
1301 1951 1437 1994 vere
1465 1952 1530 1993 ac
1563 1934 1801 2014 proprie
1825 1933 2043 1994 bonum

402 2028 513 2095 est,
544 2020 757 2102 divina,
793 2023 1057 2102 inquam,
1107 2023 1614 2103 contemplatione
1657 2022 2047 2084 sanctissimae

403 2108 709 2172 Trinitatis
737 2132 749 2173 :
777 2112 962 2190 ipsius
994 2131 1233 2193 quoque
1261 2115 1399 2175 Jesu
1445 2114 1864 2175 communione
1896 2131 2043 2190 gauo

400 2199 563 2272 dent,
597 2202 1345 2285 participatione,inquam,
1381 2204 1582 2283 gloriae
1611 2223 1677 2265 ac
1707 2201 2047 2284 splendoris

402 2288 622 2352 Christi
655 2293 941 2371 corporis;
975 2293 1273 2373 siquidem
1320 2313 1438 2356 una
1493 2312 1626 2355 cum
1680 2312 1858 2355 carne
1887 2292 2045 2354 Patri

402 2379 646 2460 assidet,
671 2389 733 2441 ut
757 2381 939 2444 Filius
970 2393 1027 2444 et
1056 2381 1315 2445 Verbum
1351 2386 1654 2464 ejus.Cum
1688 2394 1887 2444 autem
1910 2382 2038 2443 uni-

404 2469 617 2531 versim
651 2470 985 2533 liierarchia
1008 2471 1251 2535 deﬁnita
1274 2474 1347 2534 sit
1378 2492 1546 2535 sacer
1574 2472 1810 2549 ordo,et
1841 2471 2043 2534 scien-

402 2558 503 2633 tia,
555 2571 617 2621 et
664 2562 951 2640 operatio,
1000 2563 1316 2637 acoedens,
1372 2572 1656 2644 quantum
1708 2563 1791 2623 fus
1824 2570 1937 2642 est,
1971 2561 2043 2623 ad

402 2649 889 2727 deiformitatem,
926 2671 1033 2713 nec
1067 2672 1184 2714 non
1218 2654 1406 2714 insitis
1436 2652 1551 2715 sibi
1587 2652 1869 2713 divinitus
1900 2651 2043 2713 illu-

399 2740 807 2815 strationibus,
848 2744 1231 2821 proportione
1262 2742 1515 2824 quadam
1548 2744 1618 2803 ad
1649 2742 1757 2803 Dei
1787 2742 2045 2805 adducta

396 2829 788 2892 imitationem
837 2831 1150 2893 considera
1181 2833 1282 2893 hic
1311 2833 1471 2893 illam
1519 2832 1868 2895 hierarcltiae
1901 2851 2042 2913 par-

400 2927 680 2998 tem,quae
710 2928 799 2979 est
829 2921 1079 2982 scientia
1103 2920 1224 2982 sive
1262 2922 1707 3003 contemplatio,
1743 2922 2041 3002 quomodo

397 3006 471 3069 ad
506 3006 964 3070 deiformitatem
986 3029 1115 3073 com
1127 3019 1463 3091 ponatur,et
1485 3029 1743 3093 quonam
1773 3011 1945 3072 modo
1968 3011 2039 3073 ad

395 3095 748 3158 imitandum
775 3096 920 3159 Dem
942 3098 1302 3163 adducatur:
1331 3100 1536 3182 utique
1566 3120 1681 3162 non
1720 3102 1777 3162 in
1824 3100 2038 3181 imagi-

2131 578 2391 656 Ἀϐραὰμ,
2446 580 2533 636 καὶ
2587 581 2614 635 6
2672 575 2886 636 Ἰακώϐ·
2941 579 3029 635 καὶ
3090 575 3175 633 διὰ
3232 578 3451 655 νοςρῶν,
3503 577 3578 640 ὣς
3642 578 3671 633 6
3726 575 3789 635 ἐκ

2132 674 2234 725 τῶν
2276 668 2563 748 προφητῶν
2612 668 2795 746 είπὼν,
2853 665 2959 729 Καὶ
3008 664 3118 723 ἰδοὺ
3150 662 3364 744 πλήρης
3395 662 3555 732 δόξης
3582 665 3611 722 ό
3641 667 3787 731 οἰκος

2130 757 2326 835 Κυρίου
2360 774 2374 789 ⁸
2434 758 2511 821 τίς
2567 758 2667 836 γὰρ
2722 757 2788 825 ἦν
2829 758 2864 825 ἡ
2920 754 3042 822 δόξα
3094 755 3298 828 ἐκείνη,
3357 755 3781 831 κατανοήσομιν.

2132 853 2250 929 Οὐχ
2316 850 2453 907 οὕτω
2509 852 2680 905 τοίνυν
2724 849 2811 905 καὶ
2865 850 2918 905 αἱ
2975 848 3208 928 οὐράνιαι
3263 846 3511 911 δδνάιιιεις
3570 849 3785 928 θεωροὶ,

2132 937 2249 996 οὒδὲ
2292 945 2361 1016 τῇ
2413 938 2652 1011 ποικιλίᾳ
2704 938 2808 995 τῶν
2860 939 3243 1018 ὶερογραφικῶν
3295 936 3530 1015 θεωριῶν
3577 937 3663 994 ἐπὶ
3717 940 3785 996 τὸ

2131 1032 2275 1086 θετον
2320 1028 2625 1106 ἀνάγονται·
2682 1026 2820 1085 ἀλλὰ
2860 1029 3181 1106 θεωρητικαὶ
3225 1025 3496 1105 λέγονται,
3530 1028 3604 1089 ὡς
3635 1027 3780 1085 ἀπο-

2131 1117 2495 1197 πληρούμεναι
2534 1120 2709 1197 φωτὸς
2749 1116 3102 1197 ὑψηλοτέρου·
3134 1118 3328 1191 καὶμὴ
3379 1117 3542 1192 μόνον
3584 1118 3781 1189 αἰσθή-

2132 1233 2290 1285 σεως,
2324 1209 2462 1267 ἀλλὰ
2490 1212 2577 1268 καὶ
2616 1211 2798 1279 πάσης
2855 1210 3015 1271 αῢλου
3068 1211 3341 1290 γνώσεως,
3374 1211 3463 1266 καὶ
3498 1209 3780 1283 ἐμπιπλά-

2134 1323 2288 1375 μεναι
2328 1306 2427 1368 τῆς
2470 1303 2561 1357 τοῦ
2616 1299 2786 1364 ὅντως
2843 1302 2933 1357 καὶ
2986 1302 3176 1379 κυρίως
3236 1299 3423 1379 καλοῦ,
3484 1304 3583 1367 της
3635 1299 3783 1366 θείας

2133 1389 2275 1471 λέγω
2310 1393 2397 1448 καὶ
2465 1388 2738 1469 τριαδικῆς
2789 1391 3032 1470 θεωρίας’
3086 1392 3184 1457 τῆς
3241 1388 3297 1446 δὲ
3349 1390 3527 1457 Ἰησοῦ
3577 1411 3780 1448 κοινω-

2129 1481 2241 1544 νίας
2289 1480 2604 1559 ἠξιωμέναι,
2660 1481 2760 1548 τῆς
2818 1480 3060 1560 μετοχῆς
3108 1479 3249 1558 λέγω
3294 1480 3380 1535 καὶ
3456 1483 3553 1546 τῆς
3598 1478 3778 1559 δόξης,

2129 1572 2216 1627 καὶ
2278 1571 2377 1638 τῆς
2455 1569 2832 1648 λαμπρότητος
2905 1577 2997 1626 τοῦ
3065 1570 3311 1645 σώματος
3366 1568 3457 1625 τοῦ
3526 1576 3776 1646 Χριστοῦ⁶

2131 1659 2265 1731 μετά
2318 1661 2513 1735 σαρκὸς
2568 1661 2669 1736 γὰρ
2856 1659 3017 1731 Πατρὶ
3087 1656 3373 1734 συνεδρεύει
3433 1659 3460 1713 6
3517 1659 3635 1721 Υίὸς
3690 1658 3782 1713 καὶ

2131 1749 2295 1827 Λόγος
2344 1749 2526 1811 αὖτοῦ.
2559 1748 2709 1806 Ἐπεὶ
2767 1747 2819 1804 δὲ
2875 1747 3099 1805 καθόλου
3128 1750 3163 1816 ἡ
3191 1748 3436 1827 ἷεραρχία
3465 1747 3610 1813 τάξις
3658 1748 3775 1825 ἱερά

2130 1840 2351 1917 ὡρίσθη,
2409 1840 2495 1894 καὶ
2554 1840 2843 1913 ἓπιστήμε,
2908 1840 2995 1894 καὶ
3054 1838 3313 1917 ἐνέργεια,
3374 1836 3779 1917 ἀφομοιουμένη

2130 1932 2203 1995 ὡς
2232 1930 2467 2011 inpiam-bl,
2498 1933 2627 2009 πρὸς
2680 1933 2741 1987 τὸ
2783 1929 3035 2011 θεοειδὲς,
3091 1932 3178 1988 καὶ
3228 1929 3501 2008 ἀναλόγως
3531 1942 3654 1993 ταῖς
3683 1928 3779 1986 ἐν·

2130 2018 2423 2096 διδομέναις
2478 2020 2806 2095 ἑλλάμψεσιν
2854 2020 2937 2077 ἐπὶ
2970 2022 3029 2076 τὸ
3059 2021 3382 2095 θεομίμητον
3440 2019 3777 2097 ἀναγομένη,

2129 2112 2347 2166 ἐνταῦθα
2405 2110 2599 2186 σκέψαι
2658 2112 2719 2167 τὸ
2769 2110 2930 2189 μέρος
2989 2115 3089 2178 τῆς
3138 2108 3439 2189 ἱεραρχίας,
3495 2110 3594 2176 τὴν
3653 2109 3782 2165 ἐπι-

2128 2199 2367 2274 στήμην,
2427 2198 2585 2277 ἠγουν
2637 2202 2878 2278 θεωρίαν,
2942 2203 3056 2264 πῶς
3088 2203 3218 2275 πρὸς
3267 2202 3329 2256 τὸ
3378 2196 3602 2263 θεοειδὲς
3633 2221 3782 2279 αφω-

2128 2290 2382 2369 μοίωται,
2414 2292 2501 2346 καὶ
2547 2297 2662 2353 πῶς
2723 2290 2972 2368 ἀνάγεται
3027 2291 3156 2360 πρὸς
3198 2291 3259 2346 τὸ
3287 2289 3636 2365 θεομίμητοφ
3681 2288 3783 2345 οὒκ

2126 2381 2181 2435 ἰν
2248 2379 2411 2435 εἰκόσι
2482 2381 2607 2457 γοῧν
2664 2382 2816 2458 ίερῶς
2872 2378 3212 2442 πλασθείσαις
3277 2380 3419 2452 παρά
3474 2378 3579 2435 τῶν
3632 2399 3779 2458 προ-

2128 2476 2311 2547 φητῶν
2380 2469 2711 2525 ἀποτυπούσι
2784 2470 2886 2537 τὴν
2953 2470 3094 2526 θείαν
3165 2470 3417 2544 ὁμοίωσιν
3448 2513 3467 2540 ,
3531 2470 3662 2548 πρὸς
3721 2468 3780 2525 tb

2126 2557 2352 2623 θεοειδές
2405 2560 2802 2637 ἀφωμσλωνται,
2867 2559 2956 2638 (τὸ
3013 2560 3339 2616 ἀποτυποῦσι
3409 2557 3464 2615 δὲ
3523 2559 3638 2615 ἀντὶ
3687 2566 3782 2617 τοῦ

2126 2663 2249 2715 ταῖς
2282 2649 2699 2723 ἀποτυπούσαις,
2744 2650 2806 2705 τὸ
2855 2649 3132 2723 ἀρσενικδν
3178 2649 3291 2705 ἀντὶ
3347 2646 3577 2716 θηλυκοῦ
3634 2648 3782 2706 ἀττι-

2126 2746 2259 2813 κῶς,
2320 2741 2393 2801 ὡς
2436 2738 2497 2794 τό
2552 2737 2761 2802 Κλυτὸς
2818 2730 3219 2818 Ἱπποδάμειον)
3255 2737 3389 2793 ἀλλὰ
3419 2744 3535 2802 πῶς
3565 2742 3778 2816 θεωρη-

2126 2832 2291 2907 τικαὶ,
2346 2831 2419 2891 ὡς
2476 2826 2690 2893 ἀληθῶς
2753 2829 2893 2901 αὒτῷ
2940 2826 3357 2908 πλησιάζουσαι,
3392 2829 3480 2883 καὶ
3519 2825 3644 2908 δίχα
3672 2827 3782 2885 τῶν

2124 2916 2533 2993 ἶεροπλαστιῶνο
2589 2923 2742 2973 τοῦτο
2796 2918 2896 2996 γὰρ
2949 2917 3059 2973 ἔστι
3118 2919 3180 2974 τὸ
3232 2920 3289 2974 ἓν
3345 2919 3531 2994 πρώτῃ
3578 2938 3780 2992 μετου-

2125 3008 2210 3078 σίᾳ
2241 3011 2333 3075 τῆς
2364 3006 2635 3083 γνώσεως,
2694 3008 2849 3063 οἱονεὶ
2910 3005 3124 3081 ἀμέσως
3184 3008 3271 3064 καὶ
3328 3005 3454 3086 δίχα
3485 3003 3781 3081 συμϐάλων

2124 3097 2526 3153 ὕποτυπούντων
2576 3100 2675 3162 τὴν
2721 3097 2997 3170 ὁμοίωσιν,
3059 3098 3119 3153 Τί
3160 3098 3259 3175 γὰρ
3311 3096 3537 3162 ἐκείναις
3569 3098 3596 3152 6
3627 3117 3781 3172 σαμ-

396 3185 570 3248 nibus
602 3205 773 3249 sacro
808 3187 984 3250 modo
1017 3189 1193 3270 fictis,
1224 3191 1642 3271 prophetarum
1670 3209 1856 3266 more,
1889 3191 2037 3252 divi-

2125 3195 2331 3265 ιρεῦρος,
2384 3187 2471 3241 καὶ
2522 3188 2549 3240 6
2595 3184 2896 3264 ἤλεκτρος,
2956 3187 3042 3241 καὶ
3074 3191 3178 3241 πᾶν
3232 3187 3276 3241 εἰ
3331 3208 3379 3241 τι
3448 3185 3780 3259 τοιουτότροο

396 3294 531 3337 nam
565 3277 1038 3357 exprimentibus
1070 3279 1549 3362 similitudinem,
1572 3299 1639 3343 ac
1662 3280 2038 3343 deil’ormita-

398 3365 659 3427 mitatem
719 3369 1165 3432 conformantur
1241 3369 1468 3447 (Graece
1523 3373 1869 3442 ἀποτυποῦσι,
1933 3390 2039 3452 pro

394 3456 815 3539 ἀποτυπούσαις,
879 3460 1271 3522 masculinum
1334 3481 1438 3541 pro
1496 3460 1784 3523 feminino
1819 3462 2036 3542 posuit,

395 3546 729 3609 Atticorum
779 3567 969 3624 more,
1002 3551 1156 3612 sicut
1209 3550 1395 3617 κλυτὸς
1428 3550 1777 3627 Ἱπποδάμεια
1802 3552 1904 3613 sed
1948 3550 2039 3612 di-

397 3644 612 3698 cuntur
645 3639 1141 3719 contemplantes,
1180 3648 1457 3721 tanquam
1503 3641 1616 3720 ipsi
1649 3660 1785 3703 vere
1814 3659 2033 3721 appro-

396 3728 771 3807 pinquantes,
791 3728 923 3789 sine
953 3730 1141 3790 sacris
1172 3730 1708 3810 etlormationibus,
1742 3732 1853 3793 hoc
1878 3731 2036 3792 enim

396 3823 485 3877 est
502 3817 558 3877 in
579 3817 861 3896 primaria
879 3818 1334 3898 participatione
1360 3820 1910 3900 cognitionis,quasi
1930 3821 2039 3882 im-

395 3905 658 3969 mediate
690 3915 748 3969 et
779 3910 929 3970 citra
962 3908 1226 3989 symbola
1275 3910 1726 3972 similitudinem
1759 3910 2032 3988 efﬁgian-

397 3995 653 4070 tia.Quid
677 3999 835 4060 enim
859 3998 971 4060 illis
994 4000 1257 4061 conferat
1284 4001 1692 4081 sapphirus,et
1719 4001 2033 4081 electrum,

2124 3297 2222 3331 πον
2268 3276 2395 3354 πρὸς
2443 3276 2663 3354 θεωρίαν
2713 3280 2812 3342 τῆς
2864 3276 3005 3338 θείας
3066 3276 3447 3355 μαρμαρυγῆς,
3481 3275 3534 3331 ἐν
3593 3275 3779 3351 ἀμὲσῳ

2123 3363 2297 3429 οὔσαις
2331 3368 2581 3439 μετουσία
2635 3371 2731 3431 τῆς
2777 3364 3052 3442 γνώσεως
3118 3369 3231 3430 Πῶς
3289 3365 3343 3421 δὲ
3391 3368 3426 3433 ἡ
3458 3372 3654 3443 γνῶσις
3685 3369 3778 3424 καὶ

2123 3456 2157 3522 ἡ
2190 3456 2386 3532 θεωρία
2416 3454 2676 3533 ἀφομοιοῖ
2725 3456 2854 3528 πρὸς
2913 3456 2974 3511 τὸ
3030 3453 3259 3519 θεοειδὲς
3287 3456 3379 3511 τὸν
3419 3454 3774 3532 γινώσκοντας

2127 3545 2202 3602 ὅτι
2237 3548 2263 3602 ό
2295 3551 2506 3625 θεωρῶν
2533 3547 2809 3626 θαυμάζει,
2865 3549 2892 3603 6
2943 3548 3224 3621 θαυμάζων
3279 3550 3457 3621 ποθεῖ,
3520 3549 3547 3602 6
3596 3550 3775 3602 ποθῶν

2123 3637 2446 3715 καθαίρεται,
2482 3639 2509 3691 6
2562 3638 2941 3713 καθαιρόμενος
2993 3636 3299 3714 (ἀναλόγως
3352 3635 3408 3692 δὲ
3463 3638 3589 3696 ταῖς
3620 3634 3776 3712 οὖρά-

2125 3727 2254 3790 νίαις
2332 3727 2529 3791 οὖσίαις
2601 3737 2716 3781 νοεῖ
2783 3727 2879 3794 τὴν
2944 3726 3219 3806 κάθαρσιν,
3285 3727 3461 3789 καθὼς
3526 3725 3778 3803 ἀνωτέρω

2124 3813 2373 3894 ἐλέχθη,)
2426 3812 2658 3880 θεοειδὴς
2711 3818 2950 3892 γίνεται,
2993 3817 3081 3872 καὶ
3124 3818 3257 3893 πρὸς
3285 3816 3346 3871 τὸ
3373 3811 3597 3877 θεοειδὲς
3628 3815 3778 3893 ἀφω-

2121 3906 2366 3979 μοίωται,
2425 3910 2551 3968 Πῶς
2584 3902 2639 3959 δὲ
2686 3905 2773 3960 καὶ
2808 3907 2939 3984 πρὸς
2985 3906 3046 3961 τὸ
3107 3904 3433 3979 θεομίμητον
3491 3904 3773 3981 ἀνάγεται,

2121 3996 2270 4071 φησί.
2339 3992 2641 4071 Δεδώρηται
2709 3992 2763 4049 δὲ
2820 3996 2911 4051 καὶ
2969 3996 3096 4053 αὐτὸ
3139 3995 3378 4069 ταύταις,
3439 3995 3526 4049 καὶ
3571 4013 3773 4049 κοινω-

396 4093 454 4148 et
479 4085 771 4165 quidlibet
816 4089 1052 4167 generis
1083 4091 1377 4170 ejusdem,
1411 4091 1482 4152 ad
1513 4090 1726 4152 divinae
1757 4108 2037 4152 corusca-

2125 4091 2295 4139 νοῦσιν
2338 4088 2395 4142 οὒ
2425 4081 2491 4138 δι’
2552 4081 2703 4163 ὅλου,
2763 4082 2883 4140 αλλ’
2938 4082 3061 4140 ὅσον
3097 4083 3309 4164 ἐφικτόν
3359 4084 3469 4140 ἐστι
3523 4095 3648 4146 ταῖς
3682 4104 3778 4162 ιρι-

396 4175 573 4237 tionis
595 4178 1327 4262 contemplationem,cum
1362 4181 1493 4261 ejus
1524 4181 1870 4242 immediate
1895 4198 2034 4261 par-

2125 4171 2449 4252 λανθρώποις
2527 4173 2681 4230 αὐτοῦ
2738 4172 2953 4252 ἀρεταῖς
3016 4186 3138 4239 ταῖς
3185 4172 3574 4235 καλυπτούσαις
3629 4172 3770 4229 κατὰ

395 4266 639 4348 ticipent
686 4268 1128 4346 cognitionem?
1196 4271 1501 4344 Quomodo
1550 4281 1744 4332 autem
1778 4270 2037 4350 cognitio

2125 4265 2210 4319 τὸν
2265 4263 2548 4343 προφήτην
2600 4265 2719 4325 τοὺς
2779 4263 3027 4342 οὒρανοὺς
3076 4275 3198 4325 ταῖς
3259 4266 3641 4341 θεωρητικαῖς,
3694 4263 3773 4326 εἰς

390 4366 564 4438 atque
614 4359 1032 4440 contemplatio
1086 4359 1159 4421 ad
1240 4360 1696 4423 deiformitatem
1752 4348 2040 4421 assimilat

2125 4352 2181 4418 ἀς
2225 4350 2311 4408 διὰ
2368 4356 2467 4418 τῆς
2517 4352 2735 4429 θεωρίας
2781 4352 3091 4431 ἀνάγονται,
3126 4350 3181 4407 ἐν
3211 4355 3537 4430 πρωτουργῷ
3567 4348 3774 4419 δηλαδή

392 4436 903 4524 cognoscentem?
935 4450 1073 4531 quia
1100 4452 1512 4531 contemplans
1539 4449 1891 4526 admiratur,
1924 4449 2036 4511 ad-

2125 4438 2361 4515 δυνάμειο
2412 4440 2509 4507 τὴν
2566 4441 2666 4518 γὰρ
2712 4438 2978 4531 ἕλλαμψιν
3024 4438 3178 4519 ἕτερα
3205 4438 3272 4531 διί
3305 4438 3483 4531 ἄλλης,
3511 4436 3773 4531 λαμϐᾇνει

390 4516 615 4597 ωἰῗειηε
664 4516 991 4619 desiderat,
1045 4516 1398 4601 desiderans
1434 4538 1725 4621 expiatur,
1766 4516 2038 4617 expiatus

2125 4532 2181 4588 ἐκ
2233 4537 2330 4587 τοῦ
2389 4538 2541 4603 Θεοῦ,
2578 4528 2784 4597 τὴν-δὲ
2843 4532 2973 4609 πρὸς
3018 4531 3176 4589 αὐτὸν
3205 4530 3355 4591 τάσιν
3406 4530 3495 4586 καὶ
3522 4529 3768 4608 θεωρίαν,

388 4640 528 4687 vero
562 4643 666 4707 pro
692 4617 1036 4690 conditione
1058 4629 1386 4691 cmlestium
1415 4617 1804 4692 essentiarum
1826 4648 2040 4709 cogno.

2125 4623 2208 4678 καὶ
2251 4618 2450 4700 ἔφεσιν,
2503 4619 2682 4697 ὥσπερ
2731 4619 2776 4675 εί
2840 4620 2978 4687 ἦσαν
3050 4619 3252 4676 ἅπασαι
3314 4623 3545 4696 πρῶται,
3601 4617 3769 4685 οὕτως

388 4718 500 4777 scit
530 4706 955 4798 expiationem,
990 4725 1071 4790 et,
1105 4717 1260 4779 sicut
1291 4737 1470 4799 supra
1502 4717 1726 4780 dictum
1760 4724 1871 4793 est,
1903 4706 2041 4781 dei-

2125 4710 2450 4789 ἐργάζονται,
2505 4707 2541 4776 ἢ
2619 4706 2672 4763 ἰν
2742 4715 3093 4799 πρωτουργῷ,
3157 4709 3325 4799 ,οἱονεὶ
3379 4709 3766 4799 πρωτοτάκτῳο

387 4811 599 4877 formis
630 4815 907 4895 efﬁcitur,
942 4822 1001 4879 et
1028 4814 1101 4877 ad
1134 4816 1596 4879 deiformitatem
1638 4816 2036 4885 assimilatur.

389 4913 701 4986 Quomodo
722 4933 863 4978 vero
889 4916 1065 4979 etiam
1092 4916 1166 4979 ad
1192 4916 1299 4979 Dei
1325 4915 1720 4980 imitationem
1747 4916 2043 4981 adducan-

389 5019 506 5088 tur,
534 5013 865 5080 tradit.Hoc
894 5017 1087 5097 ipsum
1121 5034 1258 5079 vero
1289 5016 1466 5079 etiam
1498 5016 1572 5078 iis
1614 5015 1895 5079 donatum
1922 5025 2033 5103 est,

385 5111 702 5194 ipsumque
732 5113 1108 5196 participant,
1134 5133 1250 5177 non
1276 5114 1338 5177 in
1366 5122 1576 5191 totum,
1610 5115 1717 5177 sed
1748 5123 2035 5198 quantum

387 5210 475 5273 fas
508 5219 599 5275 est
628 5211 837 5276 amicis
887 5215 1016 5295 ejus
1057 5213 1399 5290 virtutibus,
1431 5214 1525 5275 85
1543 5233 1675 5297 quae
1700 5216 1867 5296 juxta
1895 5233 2035 5297 pro-

386 5309 626 5391 phetam
685 5311 901 5375 cmlum
961 5312 1273 5395 obtegunt,
1340 5313 1907 5395 contemplantibus,
1959 5313 2033 5375 ad

388 5428 536 5487 quas
569 5428 674 5490 per
698 5412 1232 5494 contemplationes
1263 5411 1728 5495 adducuntur,in
1754 5412 2034 5494 primaeva

386 5508 618 5574 scilicet
652 5513 885 5589 virtute;
922 5532 1056 5574 nam
1092 5512 1548 5575 illustrationem
1577 5512 1707 5575 alia:
1749 5531 1855 5594 per
1885 5511 2031 5575 alias

382 5610 914 5693 accipiuntaDeo,
964 5613 1067 5676 sed
1125 5612 1198 5677 ad
1256 5613 1451 5689 ipsum
1506 5613 1929 5691 intentionem,
1974 5619 2033 5674 et

463 5797 490 5826 α
520 5778 733 5844 Ezech.
768 5800 930 5866 xuu,
966 5788 1031 5849 5.

2122 4807 2323 4880 πρῶται
2379 4799 2478 4878 γὰρ
2536 4799 2685 4854 αὗται
2759 4798 3090 4878 ἐτάχθησαν.
3154 4797 3384 4875 Ὀμοίως
3455 4796 3621 4854 πάλιν
3679 4804 3770 4862 καὶ

2124 4892 2223 4957 τὴν
2278 4884 2557 4964 μετάδοσιν
2617 4890 2715 4952 τῆς
2746 4884 3067 4963 ἐλλάμψεως
3097 4889 3232 4966 προς
3280 4887 3376 4953 τὰς
3431 4885 3522 4943 ὑπ’
3580 4886 3766 4967 αὖτάς,

2120 4980 2209 5035 καὶ
2260 4978 2391 5055 πρὸς
2447 4974 2571 5036 τοὺς
2634 4973 2962 5055 ἀνθρώπους,
2995 4977 3056 5033 οὔ
3099 4976 3234 5051 μετά
3290 4975 3484 5056 φθόνου
3511 4976 3601 5033 καί
3629 4998 3768 5058 τινο,

2120 5073 2389 5125 ποιοῦνται
2422 5062 2842 5143 γλισχρότητος,
2874 5062 2994 5129 ἀλλ’
3025 5065 3261 5146 ἀφθόνως
3317 5066 3404 5123 καὶ
3462 5064 3772 5145 πληρεστά-

2116 5179 2250 5237 τως,
2283 5154 2463 5229 ὥσπερ
2507 5151 2569 5208 ἄν
2629 5152 2765 5220 ἦσαν
2817 5160 2986 5211 πᾶσαι
3015 5156 3082 5212 τὰ
3109 5160 3208 5222 τῆς
3259 5153 3583 5231 ὶλλάμψεως
3614 5162 3776 5234 πρῶ-

2114 5269 2201 5304 ται
2259 5244 2574 5325 δεχόμεναν
2632 5247 2788 5299 τοῦτο
2843 5243 2941 5321 γὰρ
2989 5245 3076 5301 καὶ
3129 5244 3316 5323 πρῴην
3361 5245 3396 5313 ἡ
3440 5247 3778 5320 θεομιμησία

2117 5337 2352 5416 ἐλέγετο,
2399 5334 2461 5390 τὸ
2524 5332 2652 5410 πρὸς
2703 5331 2823 5397 τοὺς
2875 5330 3155 5409 δεομένους
3198 5334 3292 5391 καὶ
3332 5333 3507 5400 ἀξίους
3538 5333 3778 5409 μεταδο-

2115 5428 2283 5486 τικὸν·
2341 5425 2430 5482 καὶ
2483 5428 2571 5479 νῦν
2613 5428 2767 5479 τοῦτο
2823 5420 3061 5503 λέγεται,
3095 5422 3177 5481 ὅτι
3218 5425 3358 5481 κατά
3385 5433 3541 5483 τοῦτο
3572 5446 3777 5483 κοινω-

2116 5519 2257 5578 νοῦσί
2314 5526 2437 5577 ταῖς
2496 5510 2885 5592 φιλανθρώποις
2940 5512 3161 5591 ἀρεταῖς
3220 5518 3312 5571 τοῦ
3342 5522 3503 5578 Θεοῦ,
3542 5504 3777 5594 ’¹Ωσπερ

2114 5610 2214 5689 γὰρ
2268 5605 2331 5661 τὸ
2380 5600 2670 5679 θεοπρεπὲς
2707 5599 2903 5667 κάλλος
2949 5603 3301 5684 μεταδοτικόν
3328 5606 3438 5667 ἐστι
3466 5607 3589 5668 κατ’
3623 5607 3773 5679 ἀξίαν
