4112 6160
296 361 413 432 225

726 368 827 431 DE
867 364 1217 433 C(ELESTI
1261 356 1761 446 HIERARGHIA,
1807 360 1974 430 CAP.
2019 361 2156 430 VII.
2208 398 2281 410 -—
2327 357 2715 429 PARAPHR.
2764 358 3257 428 PACHYMERE

3557 360 3675 431 226

292 512 386 562 τοῦ
412 501 622 562 οἷκιὸου
663 504 865 581 φωτὸς,
926 502 1070 559 οὕτω
1134 502 1221 559 καὶ
1277 503 1428 560 αὗται
1456 504 1587 580 πρὸς
1614 500 1736 563 τοὺς
1768 498 1940 566 ἀξίους

2035 498 2612 577 contemplationem,
2648 505 2708 560 et
2734 496 3014 560 affectum
3067 498 3150 560 ita
3204 499 3489 583 dirigunt,
3522 519 3592 565 ac
3623 502 3676 565 si

294 589 634 669 μεταδιδόασι
666 593 764 656 τίς
796 592 1118 668 ἐλλάμψεως
1156 591 1412 672 ἀφθόνως
1466 590 1630 666 ταύτῃ
1661 591 1750 646 καὶ
1790 588 1941 656 πλη-

293 682 587 763 ρεστάτως.
623 680 786 750 ’Ἤδη
847 683 974 762 φησὶ
1031 682 1121 763 διαὶ
1177 686 1281 746 τῶς
1340 679 1585 758 λέγονται
1623 676 1942 753 τετελεσμέ-

295 761 378 829 ναι
431 772 484 828 αί
540 772 685 828 θεῖαι
715 761 986 846 δυνάμεις,
1053 761 1204 827 Ἐπεὶ
1254 770 1426 828 τοίνυν
1458 771 1621 843 ἡμεῖς
1651 767 1941 830 τελούμεθα

291 859 377 918 διὰ
404 868 506 929 τῆς
534 859 862 926 ἀναλῦτιχῆς
907 859 1236 934 ἑπιστήμῆς,
1286 859 1382 925 τῆς
1440 858 1806 925 ἑξαπλωτιιιῆς
1837 856 1939 925 δη-

289 949 468 1008 λονότι
523 952 614 1007 καὶ
685 948 1015 1027 ἒξηγητικῆς
1072 949 1162 1006 καὶ
1217 948 1587 1026 ἆναγωγικῆς,
1647 951 1745 1014 τῆς
1803 950 1944 1027 ἱερᾶς

288 1038 558 1104 ποικιλίας
623 1044 723 1105 τῆς
778 1041 886 1094 τῶν
945 1036 1283 1114 ωμϐολικῶν
1356 1035 1603 1104 δηλονότι
1663 1037 1944 1111 θεαμάτων

291 1130 571 1205 μυήσεως,
638 1130 692 1184 αἱ
753 1131 893 1185 θεῖαι
952 1125 1197 1201 δυνάμεις
1257 1130 1361 1206 οὐχ
1420 1126 1583 1188 οὕτως
1646 1124 1942 1206 τελοῦνται,

290 1216 414 1273 ἀλλ’
447 1219 520 1283 ὡς
554 1215 1034 1295 ἀπο-πληρούμεναι
1070 1222 1169 1283 τῆς
1220 1217 1435 1290 πρώτης
1483 1216 1571 1272 καὶ
1600 1215 1660 1271 οὔ
1718 1220 1815 1282 τῆς
1864 1213 1945 1272 διὰ

291 1307 473 1383 μέσων
535 1305 820 1382 συμϐόλων
890 1307 1274 1395 ὑπερεχούσης
1330 1306 1570 1402 ﬁcosa»;
1642 1307 1779 1361 κατὰ
1849 1307 1945 1373 τὴν

292 1398 599 1474 ὑπερτάτην
659 1399 767 1452 των
824 1396 993 1475 ἔργων
1052 1403 1147 1452 τοῦ
1204 1393 1719 1475 Θεοῦνὲπιςτήμην,
1755 1396 1814 1451 ὃν
1846 1393 1946 1463 δὴ·

2025 605 2233 650 omnes
2264 595 2468 650 essent
2511 586 2739 668 prima,
2793 588 2880 650 vel
2927 587 2988 648 in
3050 588 3327 669 primaevo
3378 610 3446 652 ac
3479 592 3671 671 primo

2025 677 2193 756 quasi
2226 676 2503 739 ordinato
2530 698 2545 758 ;
2579 676 2787 758 prima:
2818 676 2977 739 enim
3008 678 3149 757 ipsae
3180 679 3467 743 ordinatae
3508 691 3668 745 sunt.

2024 765 2320 828 Similiter
2349 766 2589 840 iterum,
2623 765 2800 827 etiam
2834 784 3049 826 munus
3082 768 3506 831 tranfundendi
3538 771 3676 834 illu-

2025 854 2373 916 strationem
2408 854 2469 917 in
2504 854 2845 925 inferiores,
2895 865 2956 917 et
3005 861 3065 916 in
3116 857 3389 920 homines
3425 860 3674 923 minime

2030 963 2164 1006 cum
2211 945 2432 1007 invidia
2484 946 2573 1005 vel
2593 943 3124 1025 aliquatenacitate
3147 946 3390 1024 faciunt,
3415 950 3517 1011 sed
3541 950 3672 1013 sine

2029 1033 2215 1095 livore
2242 1041 2301 1095 et
2327 1034 2821 1102 luculentissime,
2844 1054 2912 1097 ac
2934 1033 2983 1095 si
3014 1053 3221 1096 omnes
3245 1046 3444 1100 essent
3469 1040 3671 1117 prima)

2030 1142 2164 1201 quae
2197 1123 2651 1186 illustrationem
2686 1124 3025 1204 excipiunt:
3057 1125 3388 1188 istiusmodi
3417 1146 3671 1211 namque

2031 1212 2090 1272 in
2118 1231 2336 1292 egenos
2390 1223 2448 1275 et
2507 1215 2717 1292 dignos
2748 1214 3112 1288 distributio,
3147 1215 3345 1278 divina
3376 1220 3672 1300 quondam

2032 1303 2343 1364 dicebatur
2374 1305 2660 1379 imitatio;
2687 1311 2766 1366 uti
2794 1306 3119 1367 etiamnum
3154 1307 3563 1389 dicitur,qu0d
3585 1329 3676 1373 se-

2033 1392 2294 1453 cundum
2327 1395 2437 1454 hoc
2468 1394 2673 1455 amicis
2711 1395 2815 1457 Dei
2866 1394 3177 1456 virtutibus
3208 1401 3672 1462 communicent.

288 1489 378 1543 καὶ
434 1494 580 1544 πᾶσα
640 1488 887 1566 ἱεραρχία
944 1486 1288 1564 καθηγεμόνα
1346 1486 1441 1553 τῆς
1502 1484 1804 1560 ἐπιστήμης
1863 1488 1950 1541 καὶ

2035 1480 2546 1554 Quemadmodum
2577 1485 2733 1545 enim
2760 1503 2828 1546 ea
2853 1480 2980 1563 quae
3010 1483 3195 1546 Deum
3226 1487 3397 1549 decet
3420 1490 3677 1570 pulchri-

288 1582 391 1643 τῆς
425 1576 689 1655 ἐνεργείας
737 1575 876 1655 ἔχει,
915 1582 1076 1633 [lem
1123 1572 1178 1630 δέ
1237 1576 1365 1630 εἶσιν
1425 1577 1476 1630 αὶ
1533 1578 1673 1631 θεῖαι
1719 1573 1948 1640 ἐπιστῆ-

2037 1570 2177 1632 tudo
2230 1573 2628 1634 communicat
2681 1578 3009 1635 secundum
3070 1574 3412 1654 dignitatem
3472 1581 3676 1644 lumen

290 1689 418 1745 μαι,
484 1668 570 1723 mi
633 1669 683 1722 αἱ
739 1666 1046 1744 θεουργίαι;
1114 1667 1175 1720 τὸ
1232 1665 1515 1741 καθαίρειν,
1572 1665 1632 1720 τὸ
1684 1664 1950 1744 φωτίζειν,

2038 1662 2342 1735 suum;ita
2361 1664 2538 1724 etiam
2562 1664 2652 1724 hie
2701 1664 2831 1725 sine
2880 1664 3098 1726 invidia
3128 1668 3592 1751 plenissimeque
3615 1670 3676 1733 in

288 1759 354 1813 τὸ
408 1754 613 1835 τελεῖν,
649 1757 723 1818 ὡς
753 1755 816 1810 ἂν
843 1754 1101 1833 ἀγγάλοις
1134 1752 1187 1809 δὲ
1219 1754 1399 1826 εἶπεν,
1443 1751 1628 1820 ἐπειδὴ
1694 1756 1741 1808 αἱ
1779 1756 1950 1810 τοιαῦ-

2035 1766 2139 1812 eos
2167 1751 2266 1831 qui
2301 1763 2610 1814 merentur
2639 1752 3004 1815 distribuunt
3040 1754 3517 1820 illustrationem.
3554 1759 3670 1823 De-

288 1868 378 1902 ται
404 1833 668 1923 θεουργίαι
696 1847 785 1902 καὶ
817 1844 870 1900 ἑν
902 1844 1197 1921 ἀνθρώποις
1226 1844 1485 1921 γίνονται,
1520 1841 1659 1898 ἀλλὰ
1710 1833 1780 1898 δι’
1830 1842 1949 1898 ἑτέ-

2039 1858 2197 1901 mum
2231 1840 2948 1922 dicit,quomododivinac
2986 1844 3231 1906 virtutes
3253 1847 3531 1926 perfectae
3561 1870 3675 1912 no-

290 1957 387 2014 ρας
414 1934 723 2008 ἐπιστήμης
781 1935 808 1990 ὁ
863 1935 1133 2011 φῳτισμὸς
1167 1929 1362 1989 δίδοται
1394 1933 1596 1994 τούτοις
1628 1934 1718 1991 καὶ
1770 1934 1803 1999 ἡ
1856 1954 1949 1987 τε..

2037 1928 2359 1993 minentur.
2375 1932 2521 1992 Cum
2538 1932 2733 2012 itaque
2754 1950 2859 1993 nos
2878 1934 3260 2013 perficiamur
3279 1955 3384 2015 per
3401 1940 3673 2018 peritiam

292 2024 532 2089 λιίωσις.
570 2027 732 2080 Αὗται
778 2022 831 2079 δὲ
864 2026 917 2079 αἱ
947 2020 1364 2100 ὒπερϐεϐηκυϊαι
1395 2021 1647 2097 δυνάμεις
1680 2026 1738 2080 οὐ
1768 2019 1834 2077 δι’
1862 2020 1950 2077 ἅλ-

2035 2019 2766 2110 resolvendi,explanandi
2793 2022 3021 2084 scilicet
3044 2033 3101 2085 et
3125 2024 3548 2110 explicandi,et
3568 2034 3677 2095 ad-

292 2114 402 2171 λων
460 2115 625 2192 ἁγίων
679 2118 890 2186 οὐσιῶν,
949 2111 1087 2168 ἀλλὰ
1150 2110 1270 2188 παρ’
1330 2114 1495 2179 αὒτῆς
1552 2116 1647 2179 τῆς
1704 2113 1950 2191 θεαρχίας

2037 2107 2297 2170 ducendi
2330 2128 2557 2171 sacram
2592 2110 2956 2187 varietatem,
3004 2107 3477 2194 symbolicorum'
3499 2120 3676 2183 vide-

295 2204 774 2281 μυσταγωγοῧνται
830 2203 884 2258 ἐν
937 2208 1014 2275 τῷ
1073 2200 1162 2257 ἐπ’
1207 2201 1372 2265 αὔτὴν
1433 2200 1645 2275 ἂμέσως
1678 2201 1947 2256 ἀνατείνε-

296 2297 417 2350 σθαι
450 2293 504 2348 ἐν
536 2298 605 2368 τῇ
634 2291 850 2365 δυνάμει
882 2293 1079 2347 τούτων
1112 2292 1200 2346 καὶ
1248 2290 1414 2355 τάξει·
1471 2289 1585 2346 οὒδέ
1629 2291 1727 2367 γὰρ
1759 2290 1818 2345 ἐκ.
1848 2290 1945 2345 τά·

294 2382 426 2448 ξεως
458 2384 619 2457 μόνον
649 2381 835 2461 ἔχουσι
890 2382 949 2437 τὸ
1003 2382 1132 2457 πρὸς
1189 2381 1317 2436 Θεὸν
1380 2381 1760 2450 ἁνατείνεσθκι,
1813 2378 1947 2437 am

296 2475 388 2529 καὶ
419 2473 478 2528 ἐν
509 2470 803 2547 δυνάμεως.
839 2480 1004 2529 Τοῦτο
1034 2468 1088 2525 δὲ
1114 2469 1253 2525 ἐστιν
1299 2467 1428 2547 ὅπερ
1460 2469 1602 2546 Λέγει
1633 2471 1720 2525 καὶ
1751 2473 1776 2526 r".
1811 2478 1947 2526 Θεο-

294 2562 461 2640 λόγος
494 2562 807 2640 Γρηγόριος⁶
851 2562 956 2618 Οὗι
1010 2559 1135 2616 οῖδα
1188 2558 1301 2615 ε’ἷτε
1353 2560 1413 2616 ἐκ
1443 2560 1535 2635 τῇ
1563 2559 1949 2637 ’λαμπρότητος

295 2652 519 2732 ἔχουσιν
551 2653 647 2720 τὴν
672 2651 839 2724 τάξιν,
868 2650 981 2706 ε’ἷτι
1004 2648 1063 2705 ἐκ
1092 2655 1190 2715 τῆς
1221 2649 1415 2713 τάξεως
1444 2649 1540 2715 τὴν
1571 2650 1943 2726 λαμπρότητα’

290 2745 388 2799 καὶ
422 2742 525 2820 γὰρ
552 2739 770 2815 δύναμιν
800 2739 1017 2819 ἔχουσιν
1070 2740 1456 2818 ὑπερεχουσαν,
1490 2740 1578 2793 καὶ
1610 2737 1749 2803 τάξιν
1781 2740 1946 2815 ὓπερ-

288 2829 598 2899 ὄεετ,κυταν
627 2832 717 2886 καὶ
745 2830 1044 2895 ἀνωτάτην.
1110 2830 1205 2886 Καί
1261 2826 1345 2883 διὰ
1401 2838 1579 2900 τοῦτο,
1627 2828 1699 2889 ὡς
1733 2827 1829 2886 μὲν
1856 2826 1947 2883 δύο

291 2944 460 2997 ναμιν
493 2920 738 3000 ἔχουσαι,
765 2921 895 2996 πρὸς
924 2920 985 2975 τὸ
1017 2918 1284 2995 πάναγνον
1316 2918 1404 2973 καὶ
1435 2915 1655 2995 ἀρρεπὲς
1689 2916 1948 2995 ἐδραιοὺν-

286 3033 409 3084 ται,
444 3012 531 3066 καί
561 3012 619 3066 οὔ
651 3008 990 3066 διασείονται⁶
1052 3006 1207 3063 τοῦτο
1268 3008 1367 3085 γάρ
1425 3006 1530 3071 ἐςτι
1591 3009 1647 3063 τὸ
1700 3006 1946 3085 ἆῤῥεπὲς.

2035 2195 2175 2259 licet
2207 2199 2710 2278 spectaculorum,
2744 2202 3149 2284 institutionis,
3184 2203 3397 2267 divina)
3431 2208 3679 2274 virtutes

2030 2305 2407 2367 nequaquam
2429 2289 2542 2351 hoc
2562 2291 2736 2382 modo
2755 2290 3084 2382 initiantur,
3102 2292 3205 2353 sed
3223 2295 3387 2374 quasi
3409 2315 3440 2355 a
3461 2298 3671 2382 prima,

2029 2386 2086 2437 et
2104 2395 2473 2458 nequaquam
2491 2381 2702 2441 mediis
2722 2380 2930 2462 signis,
2947 2384 3433 2461 supereminente
3452 2380 3674 2452 deitate

2029 2467 2357 2545 replentur.
2415 2468 2743 2530 secundum
2803 2469 2959 2531 illam
3023 2490 3312 2534 summam
3362 2474 3668 2540 scientiam

2033 2573 2280 2646 operum
2312 2558 2441 2629 Dei,
2469 2576 2645 2637 quem
2681 2567 2738 2620 et
2766 2560 2960 2621 omnis
2993 2560 3329 2623 hierarchia
3355 2576 3677 2646 praecepto-

2031 2661 2156 2704 rem
2182 2644 2446 2707 scientia;
2462 2658 2641 2726 atque
2665 2649 3030 2729 operationis
3050 2648 3246 2712 habet.
3262 2650 3481 2723 Quales
3497 2644 3674 2734 perro

2032 2741 2170 2795 sunt
2199 2734 2413 2796 divinae
2438 2735 2708 2798 scientiae
2732 2745 2790 2798 et
2818 2737 3195 2819 operationes
3216 2746 3243 2802 ?
3273 2742 3517 2822 expiare
3549 2745 3678 2807 illu-

2032 2823 2282 2897 minare,
2302 2826 2607 2904 perlicere.
2631 2827 3134 2907 quemadmodum
3162 2830 3219 2890 in
3244 2833 3474 2911 angelis
3504 2833 3677 2908 dixit,

2033 2914 2313 2993 quoniam
2338 2920 2514 2977 etiam
2540 2916 2597 2976 in
2625 2917 2969 2980 horninibus
3014 2917 3125 2979 ista
3155 2921 3302 2983 ﬁunt
3329 2943 3344 3003 ;
3378 2940 3583 2985 verum
3617 2926 3677 2987 in

2032 3003 2128 3064 his
2159 3022 2266 3084 per
2297 3004 2472 3067 aliam
2505 3006 2878 3088 disciplinam
2915 3007 3163 3070 traditur
3189 3009 3548 3075 illuminatio
3583 3023 3677 3076 at-

291 3102 370 3165 ὡς
398 3098 453 3155 δὲ
484 3098 630 3164 τάξιν
672 3097 1020 3174 δψηλοτᾶτην
1078 3098 1210 3175 πρὸς
1265 3097 1362 3165 τήν
1406 3095 1605 3163 νοητὴν
1636 3096 1949 3175 εὐπρέπειαν

2035 3111 2149 3194 que
2180 3095 2488 3173 perfectio.
2523 3095 2627 3157 [lae
2670 3115 2806 3159 vero
2851 3098 3097 3159 virtutes
3127 3117 3422 3180 suprema:
3449 3122 3567 3165 non
3602 3104 3679 3167 ab

292 3190 384 3245 ιαὶ
411 3189 634 3267 θεωρίαν
679 3187 1062 3266 προσάγονται.
1118 3184 1308 3248 Καθὼς
1368 3182 1419 3240 δέ
1485 3184 1594 3242 ἐστι
1649 3186 1862 3261 θεμιτόν
1893 3208 1950 3243 τε

2035 3183 2167 3245 aliis
2200 3187 2557 3266 quibusdam
2590 3193 2807 3249 sanctis
2838 3187 3289 3269 spiritibus,sed
3319 3192 3391 3253 ab
3426 3192 3682 3273 ipsemet

289 3279 387 3337 καὶ
444 3276 686 3358 δυνατὸν,
745 3277 833 3333 καί
894 3278 1015 3341 τοὺς
1078 3274 1526 3351 ἐπιστημονικοὺς
1583 3272 1771 3353 λογους
1844 3283 1950 3333 τῶν

2036 3272 2341 3337 divinitate
2359 3278 2543 3339 sacris
2561 3277 3040 3351 initiantur,dum
3061 3279 3122 3340 in
3143 3272 3682 3357 ipsammetiinme-

289 3372 612 3448 θεουργιῶν,
645 3369 718 3431 ὡς
750 3367 954 3446 πρῶται
988 3366 1077 3423 καὶ
1106 3366 1222 3443 περὶ
1256 3365 1386 3421 Θεὸν
1418 3364 1594 3444 οὖσαι,
1626 3365 1753 3444 παρ’
1784 3365 1949 3433 αὖτῆς

2036 3364 2195 3427 diate
2224 3365 2286 3425 in
2320 3366 2533 3428 virtute
2563 3368 2894 3448 ordineque
2922 3387 3029 3429 suo
3061 3371 3504 3443 extenduntur;
3560 3392 3680 3437 non

292 3462 398 3526 τῆς
429 3456 811 3537 τιλιταρχίας,
844 3453 1089 3522 δηλονότι
1119 3454 1212 3512 τοῦ
1248 3453 1402 3535 Θεοῦ,
1450 3464 1945 3532 μυσταγωγοῦνται,

2036 3453 2196 3515 enim
2231 3473 2300 3516 ex
2334 3455 2544 3518 ordine
2571 3455 2762 3518 solum
2796 3455 3020 3519 habent
3058 3459 3218 3534 quod
3248 3460 3322 3520 ad
3352 3461 3537 3523 Deum
3572 3482 3679 3524 ex-

296 3546 647 3628 tendantur,
679 3564 884 3609 verum
917 3546 1092 3608 etiam
1125 3561 1201 3606 ex
1233 3544 1469 3606 virtute.
1500 3542 1626 3608 Hoc
1655 3550 1815 3605 enim
1849 3551 1940 3606 est
1972 3545 2128 3627 quod
2163 3545 2340 3607 etiam
2369 3545 2690 3623 Gregorius
2716 3544 3059 3628 Theologus
3090 3548 3172 3610 ait
3201 3567 3215 3611 :
3241 3548 3455 3612 Nescio
3480 3561 3676 3614 utrum

302 3656 377 3702 ex
403 3636 732 3718 splendore
765 3634 1020 3699 babeant
1048 3634 1352 3709 ordinem,
1390 3652 1466 3694 an
1497 3651 1569 3695 ex
1599 3633 1811 3695 ordine
1842 3633 2227 3714 splendorem
2256 3656 2272 3718 ;
2302 3636 2521 3699 etenim
2558 3635 2837 3698 virtutem
2864 3636 3673 3721 habentsupereminentem,

299 3738 360 3791 et
390 3727 668 3791 ordinem
701 3726 1247 3790 eminentissimum
1281 3733 1340 3787 et
1367 3723 1899 3815 sublimissimum,
1930 3727 2006 3788 Et
2036 3724 2285 3799 idcirco,
2316 3736 2611 3804 quatenus
2642 3726 2883 3808 quidem
2919 3727 3188 3791 virtutem
3214 3730 3459 3815 habent,
3494 3734 3554 3795 in
3606 3751 3678 3796 eo

298 3818 465 3897 quod
499 3817 747 3880 omnino
781 3834 997 3898 purum
1034 3822 1096 3877 et
1126 3816 1550 3877 inconcussum
1584 3822 1674 3877 est
1703 3814 2111 3891 stabiliuntur,
2147 3823 2206 3878 et
2237 3836 2356 3879 non
2387 3828 2859 3898 conquassantur
2889 3837 2906 3895 ;
2965 3818 3075 3881 hoc
3114 3819 3274 3881 enim
3317 3830 3409 3885 est
3455 3824 3677 3904 ἀῤῥιπὶς

299 3926 408 3972 seu
437 3913 748 3980 constans,
781 3913 1079 3985 quatenus
1108 3922 1246 3967 vero
1277 3904 1552 3967 ordinem
1585 3904 1809 3967 habent
1837 3904 2359 3988 sublimissimum,
2391 3907 2465 3969 ad
2497 3906 2907 3970 intellectilem
2955 3908 3235 3971 decorem
3286 3929 3356 3972 ac
3406 3921 3681 3978 contem-

305 3997 633 4081 plationem
664 3996 1058 4059 adducuntur.
1094 3995 1394 4069 Quantum
1423 3995 1518 4056 60
1547 4003 1749 4058 autem
1781 3995 1870 4057 fas
1900 4004 1959 4058 et
1989 3997 2277 4078 possibile
2308 4006 2401 4061 est
2430 3997 2792 4062 scientilicas
2822 3999 2995 4060 etiam
3039 3998 3373 4062 divinorum
3432 4021 3679 4084 operum

306 4091 599 4169 rationes,
634 4094 912 4169 tanquam
943 4087 1152 4168 prima
1180 4094 1245 4150 et
1274 4086 1590 4169 qumjuxta
1619 4084 1810 4149 Deum
1842 4093 2007 4169 sunt,
2040 4086 2115 4149 ab
2138 4087 2397 4170 ipsomet
2433 4087 2710 4151 initiandi
2741 4086 3061 4169 principio,
3095 4088 3153 4151 id
3188 4096 3279 4151 est
3323 4089 3473 4170 Deo,
3536 4111 3681 4156 eru-

306 4179 585 4242 diuntur.

382 4341 415 4422 §
468 4337 574 4403 ΠΙ.
635 4346 801 4398 τοῦτο
860 4337 1077 4409 δηλοῦσι
1136 4340 1223 4397 καὶ
1292 4339 1339 4397 οἱ
1408 4339 1673 4420 προφῆται
1731 4346 1943 4414 σαφῶς,

2113 4340 2142 4421 §
2184 4339 2285 4404 III.
2322 4339 2444 4404 Hoc
2471 4338 2650 4403 etiam
2687 4338 3317 4421 preplietmperspicue
3336 4340 3670 4408 declarant.

302 4438 496 4512 Τοῦτο,
532 4443 732 4508 ποϊον;
790 4427 871 4487 ὅτι
927 4432 979 4486 αἱ
1027 4429 1125 4505 μὲν
1156 4432 1361 4508 πρῶται
1404 4430 1575 4497 τάξεις
1606 4428 1666 4485 ἑκ
1698 4437 1792 4487 του
1824 4437 1957 4487 Θεοῦ

301 4522 521 4597 ἀμέσως
554 4518 940 4597 ἐλλὰμπονται,
973 4522 1025 4576 αἱ
1076 4517 1130 4574 δὲ
1186 4521 1460 4600 ὑφειμέναι
1491 4518 1575 4575 διὰ
1601 4526 1708 4577 τῶν
1736 4517 1956 4598 ὑπερϐε-

301 4609 571 4678 ϐηκυιῶν.
646 4608 967 4676 Ἀποδείξεις
1035 4609 1207 4665 τοίνυν
1273 4616 1381 4665 τῶν
1442 4608 1732 4688 εἰρημένων
1787 4610 1958 4677 τίθησι

303 4700 603 4780 γραφικὰς,
661 4697 742 4756 ὅτι
795 4700 938 4762 τινὲς
992 4699 1090 4776 μὲν
1120 4705 1225 4757 τῶν
1254 4697 1520 4778 θεολόγων
1548 4702 1835 4779 προφητῶν
1865 4701 1962 4762 τὰς

305 4787 700 4857 ὓποϐεὸηκυίας
751 4790 1016 4868 εἰσάγουσι
1074 4787 1375 4865 μυουμένας
1434 4790 1577 4869 παρὰ
1629 4795 1736 4845 τῶν
1767 4788 1961 4867 προτί-ο

309 4903 441 4959 ρων,
493 4879 587 4937 τὸν
644 4879 1106 4958 ἀνθρωποπρεπῶς
1151 4880 1225 4943 εἷς
1282 4879 1529 4957 οὐρανούς
1584 4876 1960 4954 ἀναλαμϐανό-

308 4991 497 5046 μινον,
532 4967 805 5047 λεγουσῶν
864 4968 917 5026 ἐν
974 4971 1051 5045 τῷ
1119 4968 1432 5047 ἐρωτᾶσθαι·
1497 4978 1585 5035 Τις
1634 4968 1774 5025 ἐστιν
1808 4968 1960 5047 οὖρος

309 5062 339 5115 ὃ
365 5056 622 5136 βασιλεὺς
673 5063 774 5126 τῆς
833 5056 1032 5133 δόξῃς
1093 5059 1265 5122 καθὼς
1324 5057 1379 5114 ἐν
1436 5065 1512 5121 τῶ
1570 5059 1792 5133 εἰκοστῷ
1846 5080 1965 5137 τρι-

309 5151 388 5222 τῷ
447 5146 652 5224 ψαλμῷ
707 5150 737 5205 ὁ
813 5146 971 5206 Δαυὶδ
1018 5147 1188 5227 λέγει,
1249 5144 1447 5225 Κῦριος
1504 5153 1610 5204 τῶν
1666 5144 1962 5229 δυνάμεων,

312 5237 473 5303 αὐτός
537 5237 683 5295 ἔστιν
752 5240 782 5296 ὁ
850 5237 1098 5317 βασιλεὺς
1140 5242 1240 5306 τῆς
1277 5235 1455 5305 δόξης·
1532 5234 1685 5295 ἄλλοι
1755 5235 1964 5316 δραμα-

306 5333 569 5407 τουργοῶ
581 5351 626 5386 ιν
658 5327 821 5395 αὐτὰς
849 5330 979 5407 πρὸς
1037 5329 1193 5386 αὐτὸν
1246 5324 1594 5405 δισπορούσας
1625 5328 1717 5384 τὸν
1750 5327 1958 5407 Κύριον,

306 5419 398 5476 καὶ
429 5416 768 5499 γλιχομένας
799 5422 992 5495 μαθεῖν
1046 5418 1109 5477 τὸ
1150 5419 1250 5486 τῆς
1293 5415 1423 5496 ὅπερ
1453 5416 1609 5495 ἡμῶν
1653 5417 1958 5493 οἰκονομίας

305 5509 632 5591 μυστήριον,
663 5510 728 5567 τὸ
758 5507 914 5590 ἔργον
942 5510 1003 5568 τὸ
1023 5513 1298 5591 προσῆκον
1328 5513 1465 5585 eaq;-
1500 5505 1655 5566 τοῦτο
1684 5507 1785 5589 γάρ
1814 5505 1957 5565 ἐστιν

386 5692 411 5735 ι
435 5686 597 5767 Psal,
628 5704 809 5755 χχιιι.
838 5687 941 5756 10.

2042 4429 2227 4502 Quale
2254 4430 2367 4493 hoc
2389 4431 2418 4491 ?
2470 4430 2625 4511 quod
2660 4429 2941 4490 nimirum
2976 4430 3151 4509 primi
3184 4430 3426 4494 ordines
3458 4452 3526 4495 ex
3557 4433 3681 4497 Deo

2044 4519 2387 4582 immediate
2416 4520 2858 4594 collustrantur,
2875 4518 3192 4582 inferiores
3216 4540 3357 4583 vero
3381 4541 3487 4604 per
3507 4524 3684 4605 supe-

2043 4609 2252 4672 riores.
2293 4607 2771 4691 Scripturisticas
2800 4608 2999 4689 itaque
3048 4609 3339 4672 dictorum
3371 4613 3540 4676 all‘ert
3568 4615 3682 4676 de-

2046 4697 2507 4759 monstrationes
2535 4715 2551 4773 ;
2584 4696 2742 4776 quod
2771 4695 2954 4777 aliqui
2987 4698 3229 4775 quidem
3262 4699 3679 4780 theologorum

2044 4787 2466 4868 prophetarum
2524 4786 2838 4848 inferiores
2898 4788 3339 4851 introducanta
3383 4789 3684 4868 prioribus

2044 4877 2309 4957 edoctus,
2325 4895 2458 4939 eum
2479 4875 2578 4957 qui
2606 4875 2863 4937 humana
2877 4877 3077 4956 specie
3107 4876 3179 4937 ad
3213 4878 3397 4940 caelos
3426 4897 3685 4944 assume-

2045 4955 2594 5033 batur,dicentibus
2621 4975 2757 5018 cum
2789 4955 3256 5036 interrogarent:
3298 4960 3454 5034 Quis
3470 4963 3685 5024 estiste

2047 5064 2164 5109 rea:
2191 5046 2407 5127 glorz‘ce
2428 5044 2448 5087 ῖ
2464 5053 2491 5109 ?
2512 5046 2664 5108 sicut
2693 5046 2753 5106 in
2786 5044 3067 5107 vicesimo
3100 5048 3273 5111 tertio
3306 5049 3532 5129 psalmo
3564 5050 3683 5113 Da-

2045 5137 2139 5198 vid
2169 5138 2279 5200 ait:
2309 5138 2603 5199 Dominus
2620 5135 2914 5197 virtutum
2938 5135 3065 5215 ipse
3084 5146 3166 5199 est
3187 5154 3301 5201 rem
3322 5142 3560 5222 gloria;
3585 5139 3689 5202 alii
3782 5208 3785 5209 ν

2047 5244 2338 5309 personas
2370 5243 2573 5289 earum
2607 5223 2900 5285 inducunt
2942 5226 3101 5287 circa
3143 5227 3338 5308 ipsum
3368 5227 3686 5291 Dominum

2047 5315 2484 5391 dubitantes,ac
2503 5314 2738 5376 discere
2755 5313 3063 5394 cupientes
3081 5320 3427 5398 mysterium
3447 5317 3687 5399 dispen-

2042 5406 2290 5471 sationis
2311 5414 2547 5482 nostrae,
2573 5402 2732 5486 quod
2758 5421 2906 5484 opus
2925 5402 3047 5466 Deo
3074 5409 3375 5490 competit;
3400 5409 3685 5488 quoniam

2044 5506 2244 5562 nostra
2273 5496 2660 5582 dispensatio,
2712 5493 2821 5563 Dei
2875 5497 3141 5577 operatio
3171 5508 3300 5566 est:
3349 5515 3491 5560 vere
3521 5495 3681 5558 enim
