4112 6160
336 369 458 445 229
751 373 850 443 nn
896 373 1247 444 CLELESTI
1293 364 1794 458 ItinamcmA,
1842 362 2008 438 CAP.
2058 366 2193 435 VII.
2245 404 2323 416 -
2366 366 2751 436 PARAPHR.
2806 362 3328 436 PACHYMERE.
3608 354 3727 439 230

331 517 428 583 τήν
471 515 748 594 ἱεραρχίαν
802 513 1144 593 προεθέμεθα,
1192 515 1463 593 κάθαρσιν,
1538 514 1833 593 φωτισμὸν,
1897 513 1981 567 καὶ

2070 515 2347 576 cabamus
2364 514 2779 594 expiationem,
2793 516 3388 598 illuminationem,et
3405 518 3728 598 perfectio-

332 605 609 662 τελείωσιν
672 592 863 662 .”Εστι
895 600 950 658 δὲ
1006 605 1289 671 ἡτοιαύτη
1340 605 1581 683 ἱεραοχία
1629 609 1730 660 τῶν
1760 601 1983 673 πρώτών

2070 621 2204 665 nem
2258 622 2362 665 seu
2425 592 2959 666 consecrationem.
3005 606 3112 667 Est
3158 592 3354 668 autem
3389 592 3723 672 istiusmodi

333 695 588 773 οὑρανίων
631 695 790 766 νοῶν,
858 694 946 749 καὶ
1002 694 1180 760 πάσης
1223 693 1453 774 ὑφέσεως
1497 694 1582 749 καὶ
1619 690 1985 766 ὑποϐιϐασμοῦ

2070 694 2391 775 primarum
2451 693 2738 754 mentium
2772 693 3104 756 cmlestium
3138 695 3498 767 hierarcliia,
3535 697 3727 758 omnis

329 783 535 861 ἀμιγὴς
576 784 649 851 (οἱ
697 783 792 861 γὰρ
862 783 1037 861 θρόνοι
1081 782 1384 862 ἐξοίρονται)
1429 785 1515 839 καὶ
1558 783 1767 860 πρώτου
1809 784 1982 863 φωτὸς

2070 801 2199 843 cum
2232 780 2471 843 vilitatis
2504 790 2624 843 tum
2684 781 3078 861 subjectionis
3136 802 3354 864 expers
3407 785 3723 866 (siquidem

328 871 571 949 πλήρης.
633 872 973 951 Ἐμπρησταὶ
1041 873 1142 951 γὰρ
1195 874 1260 929 τὰ
1306 874 1535 952 σεραφὶμ
1577 871 1848 948 λέγονται,
1896 873 1984 928 καὶ

2070 871 2261 934 throni
2288 871 2571 942 eminent)
2604 880 2662 934 et
2686 872 2892 950 prima;
2916 872 3065 933 lucis
3098 873 3297 954 plena,
3320 880 3603 954 quoniam
3636 876 3723 937 in-

328 959 670 1040 πρωτοδὸτου
712 961 1021 1036 ἐπιστήμης
1064 964 1153 1017 καὶ
1189 962 1437 1040 γνώσεως
1463 961 1724 1041 μέτοχος,
1766 983 1986 1018 τοιαυτα

2070 978 2346 1022 censores
2381 960 2758 1041 appellantur
2789 963 3087 1043 seraphim
3124 983 3139 1044 ;
3172 981 3280 1024 nec
3339 980 3456 1025 non
3517 965 3725 1043 primae

325 1053 431 1130 γὰρ
473 1052 538 1107 τὰ
581 1049 866 1131 χερουϐίμ.
936 1050 1083 1119 Πλὴν
1113 1053 1208 1108 οὑκ
1247 1050 1385 1117 ἰδίως
1429 1052 1502 1107 ἐνι
1548 1052 1755 1124 ἑκάστῳ
1797 1058 1983 1130 ταῦτα,

326 1140 472 1197 ἆλλᾶ
512 1144 687 1197 πάντα
755 1146 884 1197 πᾶσι
949 1142 1086 1197 κατὰ
1139 1142 1238 1209 τὴν
1283 1141 1388 1198 ἀπὸ
1432 1148 1564 1198 Θεοῦ
1635 1143 1765 1220 πρὸς
1826 1141 1986 1203 αὑτὰς

327 1232 516 1311 χάριν,
548 1231 648 1289 Διὰ
678 1238 832 1288 τοῦτο
875 1231 964 1287 καὶ
993 1231 1217 1310 πρώτως
1255 1234 1355 1299 τὴν
1397 1237 1502 1287 τῶν
1522 1232 1720 1309 θρὸνων
1751 1229 1990 1298 ἰδιότητα

327 1320 483 1392 εἶπε,
542 1318 787 1398 δευτέραν
843 1318 899 1375 δὲ
949 1321 1047 1388 τὴν
1091 1327 1197 1377 τῶν
1272 1323 1519 1400 σεραφὶμ,
1566 1322 1656 1377 καὶ
1700 1321 1808 1378 εἷθ’
1853 1323 1991 1377 οὑτω

332 1412 432 1478 τὴν
462 1410 571 1467 τῶν
618 1409 798 1486 μέσων
849 1413 1021 1468 αὐτῶν
1087 1407 1368 1490 χερουϐὶμ,
1426 1410 1605 1488 ὥσπερ
1667 1409 1991 1486 εἰλημμένου

328 1508 426 1558 τοὺ
456 1500 621 1575 μέσου
650 1497 734 1556 διὰ
780 1501 886 1556 τῶν
938 1498 1134 1579 ἄκρων,
1167 1503 1260 1557 καὶ
1282 1506 1408 1576 μιᾶς
1440 1500 1734 1578 γενομένης
1763 1499 1985 1566 τάξεως.

334 1589 439 1645 Διὰ
470 1597 622 1646 τοῦτο
644 1587 857 1667 λέγεται
899 1589 987 1645 καὶ
1044 1590 1105 1645 τὸ
1133 1588 1266 1664 ὕψος
1308 1590 1508 1645 τούτων
1552 1590 1727 1655 πάσης
1757 1588 1989 1668 ὑφέσεως

2068 1049 2336 1112 scientiae
2375 1050 2855 1131 cognitionisque
2911 1051 3234 1132 particeps.
3271 1061 3337 1113 ut
3381 1070 3452 1113 ex
3481 1054 3726 1115 nomine

2072 1147 2228 1217 patet
2255 1138 2592 1200 cherubini.
2626 1137 2846 1202 Verum
2904 1139 3211 1202 enimvero
3266 1141 3421 1203 haud
3484 1142 3726 1223 proprie

2070 1229 2198 1290 haec
2226 1226 2469 1290 cuilibet
2492 1231 2853 1291 conveniunt
2882 1229 2986 1290 sed
3017 1230 3220 1290 omnia
3240 1230 3492 1310 singulis
3512 1248 3725 1293 secun-

2072 1317 2213 1379 dum
2247 1317 2392 1393 ipsis
2422 1336 2455 1378 a
2476 1316 2599 1379 Deo
2634 1318 2830 1381 datam
2866 1318 3136 1394 gratiam.
3174 1317 3245 1380 Et
3276 1327 3592 1399 propterea
3613 1321 3731 1400 pri-

2073 1425 2235 1467 mum
2268 1408 2617 1468 lhronorum
2673 1408 3092 1488 proprietatem
3139 1408 3427 1489 esposuit,
3463 1410 3727 1472 secundo

2072 1495 2204 1557 loco
2234 1496 2715 1576 seraphinorum,
2751 1506 2809 1559 et
2843 1505 3045 1578 postea
3074 1498 3415 1560 medioloco
3453 1499 3732 1561 cherubi-

2073 1604 2313 1655 norum,
2360 1586 2439 1647 ita
2483 1596 2546 1647 ut
2590 1586 2824 1648 medius
2870 1586 3306 1667 quodammodo
3334 1587 3408 1650 ab
3442 1589 3728 1651 extremis

330 1677 552 1757 ἀμιγὲς,
601 1680 690 1735 καὶ
730 1679 790 1734 τὸ
839 1684 951 1757 φῶς
1001 1685 1236 1758 πρῶτον,
1295 1680 1380 1734 καὶ
1410 1681 1442 1746 ἡ
1489 1684 1684 1756 γνῶσις
1726 1676 1986 1757 πρωτὸδο·

2070 1675 2766 1753 conrludatur,unusque
2790 1676 2934 1737 ordo
2969 1677 3088 1738 fiat.
3108 1674 3235 1750 Quo
3252 1679 3408 1740 circa
3436 1679 3613 1741 etiam
3631 1680 3725 1741 di-

330 1788 450 1842 τος,
511 1766 593 1823 ὅτι
643 1767 732 1825 καί
780 1767 845 1825 τὰ
901 1768 1015 1846 τρὶα
1071 1768 1317 1845 τάγματα
1374 1770 1447 1829 εἷς
1506 1769 1630 1841 μίαν
1676 1767 1986 1845 συνάγονται

2073 1765 2229 1826 citur
2242 1764 2576 1828 sublimitas
2598 1783 2806 1828 eorum
2831 1765 3025 1827 omnis
3056 1765 3410 1846 dejectionis
3429 1777 3732 1848 expers,et

330 1855 503 1928 τάξιν,
546 1859 635 1913 καὶ
678 1857 772 1932 μία
819 1879 899 1920 τις
960 1856 1306 1915 ἀποτελεῖται
1361 1859 1529 1936 τρίὰς,
1570 1860 1746 1914 κοινὸν
1795 1859 1882 1913 καὶ
1924 1857 1986 1912 τὸ

2070 1853 2271 1916 lumen
2306 1857 2653 1936 primum,et
2673 1856 2921 1917 scientia
2938 1828 3213 1936 prirnit'us
3241 1856 3413 1934 data;
3445 1828 3727 1937 qdoniam

330 1946 765 2025 ὺπερῃρημένον,
792 1947 882 2003 καὶ
939 1947 1114 2014 πάσης
1165 1945 1397 2024 vii-pecco);
1426 1946 1779 2024 ὑψηλότερον,
1810 1947 1988 2003 κοινὸν

331 2040 421 2093 καὶ
493 2038 555 2093 τὸ
612 2039 820 2114 πρῶτον
888 2041 1025 2115 φῶς,
1077 2037 1262 2104 κοινὴν
1342 2038 1430 2093 καὶ
1499 2038 1598 2105 τὴν
1656 2034 1991 2115 πρωτόδοτον

333 2133 532 2204 γνῶσιν
593 2123 819 2207 ἔχουσα.
888 2126 985 2181 Διὰ
1052 2132 1209 2183 τοῦτο
1250 2126 1424 2184 τοίνυν
1472 2128 1637 2193 οὕτως
1685 2126 1803 2206 ἔχει
1847 2139 1993 2183 νοεῖν

336 2216 421 2272 ἰπὶ
454 2222 521 2292 τῇ
581 2238 765 2293 πρώτῃ
823 2213 1175 2290 διακοσμήσει
1219 2216 1300 2272 ὅτι
1346 2218 1411 2275 τὰ
1442 2218 1557 2295 τρία
1606 2218 1855 2294 τάγματα
1916 2218 1992 2279 οἷς

334 2306 462 2381 μίαν
524 2303 670 2371 τάξιν
729 2307 1067 2383 σὺνὰγονται,
1144 2309 1230 2363 καὶ
1303 2307 1367 2362 τὰ
1422 2305 1564 2371 ἰδίως
1633 2306 1993 2381 ἀπονενεμένα

333 2396 543 2459 τούτοις
589 2394 732 2472 παρᾶ
760 2398 858 2463 τῆς
892 2417 1116 2474 χαριτος
1163 2397 1354 2460 κοινῶς
1383 2396 1470 2452 καὶ
1513 2416 1738 2474 πρώτως
1783 2394 1990 2475 ἔχουσι,

333 2485 440 2543 Καὶ
485 2482 621 2551 αὕτη
649 2482 853 2552 ἡτάξις
875 2489 1062 2562 πρώτη
1086 2484 1322 2563 λέγεται,
1380 2486 1552 2550 καθὼς
1597 2486 1684 2542 καὶ
1730 2484 1837 2540 ἀπὸ
1893 2489 1993 2551 τῆς

332 2574 640 2652 ἐπιγραφῆς
728 2581 822 2631 τοῦ
895 2573 1152 2650 παρόντος
1221 2572 1447 2649 ἑϐδόμου
1515 2573 1803 2654 κεφαλαίου
1854 2572 1992 2629 ἔστιν

329 2662 467 2719 ἰδεῖν
497 2682 510 2696 ·
568 2662 785 2741 πρώτην
836 2664 939 2741 γὰρ
978 2664 1256 2743 ἱεραρχίαν
1332 2664 1431 2732 τὴν
1500 2670 1605 2720 τῶν
1649 2664 1805 2733 τρίῶν
1861 2662 1994 2738 ὁμοῦ

330 2754 535 2819 τίθησι.
601 2752 699 2810 Καὶ
759 2753 805 2808 τὶ
844 2750 1011 2831 λέγω,
1045 2756 1229 2832 φησὶν,
1274 2752 1354 2809 ὅτι
1399 2752 1745 2831 πληρουμένη
1791 2755 1991 2830 καθαρ-

331 2862 500 2921 σεως,
565 2842 891 2919 καθαίρεται,
980 2843 1066 2898 καὶ
1148 2849 1424 2923 φωτισμοῦ
1506 2849 1795 2920 φωτιζεται
1843 2855 1857 2870 ·
1905 2835 1994 2896 καὶ

2071 1949 2193 2004 tres
2214 1942 2309 2004 isti
2332 1944 2575 2006 ordines
2607 1944 2666 2005 in
2701 1963 2883 2005 unum
2930 1951 3169 2018 coeunt,
3197 1953 3254 2006 et
3285 1964 3435 2007 unus
3483 1946 3724 2026 quidam

2072 2030 2380 2114 perﬁcitur
2409 2036 2724 2103 ternarius,
2761 2041 2861 2114 qui
2895 2035 2951 2094 in
2997 2035 3300 2095 communi
3323 2036 3584 2116 possidet
3609 2036 3729 2098 ele-

2075 2124 2391 2204 vationem,
2422 2141 2604 2204 supra
2635 2141 2871 2184 omnem
2898 2122 3360 2186 submissionem
3388 2125 3728 2188 sublimita-

2078 2213 2576 2292 tem,primarium
2602 2212 2894 2294 lumen,et
2927 2212 3197 2294 primitus
3219 2213 3410 2274 datam
3431 2215 3727 2294 cognitio-

2078 2319 2239 2361 nem.
2266 2300 2390 2364 Hoc
2438 2302 2532 2363 68
2579 2303 2757 2383 igitur
2789 2302 2965 2363 modo
3022 2302 3097 2363 de
3123 2301 3312 2381 prima
3341 2303 3728 2383 dispositione

2078 2389 2458 2452 sentiendum
2520 2400 2654 2466 est,
2708 2390 2847 2472 quia
2875 2400 3000 2454 tres
3030 2391 3128 2451 isti
3177 2391 3419 2453 ordines
3447 2394 3505 2453 in
3541 2412 3721 2454 unum

2078 2480 2514 2560 coadunantur,
2544 2489 2604 2541 et
2632 2499 2763 2560 quae
2796 2481 3032 2559 proprie
3078 2498 3183 2560 per
3210 2482 3452 2558 gratiam
3501 2481 3730 2543 indulta

2075 2578 2233 2648 sunt,
2270 2570 2330 2629 in
2360 2571 2664 2632 communi
2713 2570 3117 2649 primarioque
3169 2569 3498 2649 possident.
3535 2572 3729 2648 Atque

2077 2659 2172 2720 hic
2200 2660 2345 2720 ordo
2388 2660 2615 2739 primus
2642 2667 3053 2741 nuncupatur,
3076 2660 3160 2720 uti
3186 2678 3257 2721 ex
3289 2660 3466 2740 hujus
3492 2663 3727 2741 septimi

2076 2747 2288 2826 capitis
2341 2747 2729 2828 inscriptione
2786 2748 2990 2810 videre
3038 2748 3221 2809 licet:
3257 2746 3505 2827 primam
3567 2749 3726 2810 enim

2076 2836 2475 2899 hierarchiam
2506 2837 2680 2898 trium
2713 2837 2921 2898 horum
2945 2837 3121 2901 simul
3155 2838 3341 2918 ponit.
3369 2837 3725 2920 Ecquid,in-

330 2930 1226 3011 τελεσιουργίας,τελεσιουργεῖται
1273 2948 1288 3005 ;
1336 2938 1488 2988 τοῦτο
1546 2932 1646 3010 γὰρ
1694 2933 1782 2987 καὶ
1811 2952 1986 3007 παρα-

2070 2937 2215 3004 quit,
2249 2934 2397 3001 dico,
2432 2936 2581 3006 quod
2611 2937 2932 3006 expiatione
2957 2937 3122 3007 plena
3146 2938 3430 3005 expietur,
3469 2946 3523 2995 et
3560 2936 3726 2994 illus-

327 3020 632 3095 τεταμένην
696 3021 815 3099 ἔχει
856 3022 954 3088 τὴν
1014 3019 1220 3100 πρᾶξιν,
1268 3023 1356 3078 καὶ
1413 3025 1530 3077 οἷον
1585 3019 1804 3085 ἀτελοῦς
1847 3041 1986 3082 τινος

2074 3027 2311 3082 tratione
2341 3025 2507 3096 plena
2550 3028 2925 3094 illuminetur,
2954 3036 3501 3100 consecrationeque
3559 3027 3724 3099 plena

328 3112 599 3178 κινήσεως
660 3107 862 3167 ἔννοιαν
902 3107 1134 3172 δίδωσιν,
1180 3108 1350 3166 Ἀλλὰ
1408 3109 1638 3167 σύνελὼν
1682 3109 1846 3188 λέγω,
1900 3111 1986 3166 καί

2072 3113 2431 3184 perficiatur?
2459 3115 2579 3173 Hoc
2607 3118 2761 3173 enim
2792 3126 3087 3175 extensum
3119 3118 3287 3174 habet
3307 3118 3727 3189 operationem.

328 3200 481 3279 τάχα
525 3200 622 3256 οὑκ
677 3198 999 3278 ἀπεικότως,
1058 3199 1193 3267 αὑτὴ
1243 3201 1305 3256 τὸ
1353 3202 1698 3279 προσεγγίσαι
1752 3202 1838 3256 καὶ
1881 3220 1982 3274 με-

2070 3210 2124 3259 et
2150 3205 2314 3273 quasi
2338 3204 2654 3277 imperfecti
2683 3205 2979 3278 cujusdam
3006 3216 3196 3264 motus
3214 3188 3449 3264 sensum
3483 3207 3721 3279 ingerit.

328 3286 595 3346 ταλαϐετν
648 3290 748 3355 τῆς
803 3292 1099 3370 θεαρχικῆς
1144 3288 1470 3365 ἐπιστήμης.
1535 3289 1877 3364 Ἐπιστήμην
1931 3286 1985 3344 δὲ

2070 3280 2285 3346 Verum
2308 3287 2650 3347 summatim
2681 3287 2840 3367 dico,
2861 3296 2920 3348 et
2950 3287 3102 3348 forte
3149 3306 3267 3348 non
3295 3287 3626 3363 immerito,
3658 3287 3721 3348 id

330 3377 497 3435 καλεῖ
558 3379 625 3436 τὰ
680 3380 796 3457 τρία
850 3389 1038 3453 ταῦτα,
1101 3380 1198 3447 τὴν
1251 3377 1528 3460 κάθαρσιν,
1559 3381 1651 3435 τὸν
1679 3379 1982 3459 φωτισμὸν,

2070 3383 2262 3463 ipsum
2308 3401 2441 3445 esse
2469 3385 2947 3467 appropinquare
2996 3394 3054 3447 et
3083 3385 3531 3448 communicare
3561 3385 3718 3448 divi-

332 3469 434 3536 τὴν
483 3465 780 3524 τελείωσιν·
834 3466 917 3525 ὅτι
975 3468 1096 3526 καθ’
1149 3468 1276 3549 ἕξιν,
1334 3468 1541 3544 μᾶλλον
1596 3467 1649 3524 δὲ
1708 3470 1795 3524 καὶ
1854 3467 1986 3546 ὑπὲρ

331 3556 442 3624 ἕξιν
474 3557 714 3636 ἆρῤήτως
745 3566 908 3617 ταῦτα
951 3557 1193 3636 πρόσεισι
1243 3564 1320 3632 τῷ
1374 3565 1512 3633 Θεῷ.
1568 3558 1703 3615 Αὑτὸ
1751 3565 1873 3635 γοῦν
1924 3558 1985 3613 τὸ

333 3645 667 3723 μεταλαϐεῖν
722 3648 820 3716 τῆς
876 3649 1018 3713 θείας
1078 3649 1384 3724 ἐπιστήμης
1426 3646 1677 3726 κάθαρσίς
1729 3649 1867 3726 εστι,
1901 3648 1988 3702 καὶ

331 3738 640 3817 φωτισμὸς,
702 3739 790 3794 καὶ
845 3737 1136 3812 τελείωσις,
1188 3738 1403 3817 ἀγνοίας
1436 3737 1535 3814 μέν
1564 3736 1987 3817 ἀποκαθαίρουσα

331 3826 393 3883 ἐν
451 3834 521 3904 τῇ
579 3826 771 3906 γνώσει
825 3832 934 3884 τῶν
990 3827 1329 3907 τελειοτέρων
1387 3828 1637 3904 μυήσεων
1692 3828 1830 3884 κατὰ
1885 3828 1985 3894 τὴν

329 3914 481 3981 τάξιν
510 3915 608 3984 τῆς
651 3916 911 3982 στάσεως”
976 3915 1163 3996 (ἄλλας
1193 3918 1294 3996 γὰρ
1323 3914 1441 3996 ἔχει
1471 3915 1807 3995 τελειοτέρας
1836 3919 1982 3990 μυη-

335 4025 447 4071 σεις
508 4005 578 4063 τὰ
631 4007 880 4087 σεραφὶμ,
940 4008 1026 4063 καὶ
1083 4004 1247 4070 ἄλλας
1304 4007 1353 4062 οἱ
1407 4004 1648 4084 ἄγγελοι·
1682 4007 1852 4085 τυχὸν
1881 4006 1985 4083 γὰρ

333 4093 399 4158 ἃς
448 4092 639 4174 ἔχουσι
688 4094 1022 4173 τελειοτέρας
1071 4096 1162 4152 καὶ
1214 4094 1552 4173 ὑψηλοτέρας
1610 4094 1905 4171 ὲλλάμψεις
1937 4097 1984 4154 οἱ

333 4181 588 4263 ἄγγελοι,
638 4184 834 4248 ταύτας
881 4185 946 4242 τὰ
996 4184 1225 4264 σεραφῖμ
1280 4185 1504 4249 ἑκτικῶς
1562 4183 1785 4265 κατέχει
1842 4187 1985 4265 παρὰ

334 4275 438 4340 τῆς
464 4276 610 4338 θείας
656 4273 933 4355 χάριτος“)
965 4275 1260 4356 φωτίζουσα
1316 4273 1373 4331 δὲ
1426 4274 1482 4331 ἐν
1538 4275 1672 4351 αὑτῇ
1705 4296 1874 4351 ταυτῃ
1917 4278 1984 4352 τῇ

332 4364 559 4442 γνώσει,
616 4361 688 4420 δι’
748 4365 816 4431 ἧς
875 4366 963 4421 καὶ
1017 4363 1251 4442 καθαίρει
1284 4364 1382 4432 τὴν
1414 4367 1473 4423 οὐ
1502 4365 1758 4444 πρότερον
1811 4387 1983 4422 κατα-

332 4455 614 4522 νοήσασιν
669 4452 908 4530 δύναμιν,
969 4453 1177 4533 ἐκεῖνα,
1249 4453 1383 4532 ἆίπερ
1447 4460 1537 4510 νῦν
1593 4453 1841 4534 γινώσκει
1898 4453 1982 4511 διὰ

2068 3489 2159 3533 na;
2186 3471 2471 3535 scientia.
2509 3473 2830 3535 Scientiam
2862 3483 3061 3536 autem
3079 3483 3246 3536 vocat
3279 3473 3405 3536 haec
3425 3474 3726 3548 tria,scili-

2073 3570 2170 3622 cet
2211 3562 2640 3640 expiationem,
2691 3562 3211 3636 illuminationem,
3245 3563 3720 3644 perfectionem;

2070 3650 2351 3730 quoniam
2375 3652 2707 3715 secundum
2725 3653 3115 3735 habitum,vel
3139 3653 3333 3735 potius
3355 3671 3535 3734 supra
3555 3654 3719 3717 habi~

2070 3740 2606 3813 tum,ineffabiliter
2634 3748 2746 3805 ista
2790 3752 2927 3805 sunt
2954 3744 3015 3806 in
3058 3745 3205 3806 Deo.
3237 3742 3497 3824 Ipsamct
3522 3745 3723 3826 itaque

2070 3831 2439 3911 participatio
2462 3833 2672 3895 divinm
2715 3833 3003 3915 scientiae,
3049 3833 3308 3915 expiatio
3346 3843 3460 3915 est,
3495 3842 3554 3896 et
3583 3835 3723 3896 iliu-

2071 3920 2312 3982 minatio
2341 3930 2519 3998 atque
2564 3922 2872 4002 perfectio,
2901 3923 3297 4002 ignorantiam
3346 3923 3587 4004 quidem
3612 3941 3723 3985 ex-

2069 4009 2237 4085 pians
2263 4010 2468 4071 notitia
2492 4011 2906 4091 perfectiorum
2923 4012 3358 4074 institutionum
3386 4011 3717 4075 secundum

2067 4099 2340 4160 ordinem
2369 4106 2557 4163 status
2592 4102 2751 4181 (nam
2789 4103 2937 4164 alias
2969 4102 3357 4182 perfectiores
3386 4100 3719 4164 institutio«

2068 4204 2175 4249 nes
2218 4187 2442 4250 habent
2496 4189 2823 4271 seraphim,
2883 4198 2941 4253 et
2996 4191 3141 4253 alias
3163 4189 3397 4270 angeli;
3450 4189 3719 4254 fortassis

2067 4283 2220 4336 enim
2257 4280 2620 4350 perfectiores
2652 4281 3101 4340 acsublimiores
3129 4280 3543 4340 illustrationes
3573 4296 3719 4353 quas

2065 4369 2255 4441 angeli
2288 4370 2519 4441 habent,
2547 4371 2778 4432 easdem
2807 4371 3095 4442 seraphim
3126 4371 3319 4430 divina
3342 4371 3523 4444 gratia
3565 4369 3723 4427 habi-

2065 4459 2294 4516 tualiter
2331 4461 2672 4531 continent),
2706 4461 3043 4518 illuminans
3073 4475 3209 4519 vero
3238 4477 3304 4520 ea
3345 4463 3463 4535 ipsa
3501 4463 3722 4526 notitia,

329 4544 435 4609 τῆς
467 4540 800 4623 ὑψηλοτέρας
863 4542 1203 4621 ἐλλάμψεως·
1265 4546 1354 4600 καὶ
1410 4543 1684 4600 τελειοῦσα
1741 4542 1903 4601 πάλιν
1931 4545 1986 4601 ἐν

2070 4562 2180 4620 qua
2211 4549 2422 4622 expiat,
2457 4553 2721 4609 virtutem
2755 4551 2935 4616 illam,
2976 4564 3107 4623 quae
3139 4550 3299 4622 prius
3330 4567 3444 4610 non
3479 4565 3725 4624 cognos-

333 4633 482 4708 αὑτῷ
511 4637 593 4705 τῷ
632 4634 767 4713 φωτὶ
824 4635 880 4689 ἐν
927 4640 996 4711 τῇ
1051 4632 1170 4690 καθ’
1228 4631 1331 4698 ἕξιν
1388 4634 1581 4711 γνώσει
1633 4635 1738 4689 τῶν
1765 4632 1986 4709 ὑψηλῶν

2070 4638 2233 4697 cebat
2253 4655 2315 4697 ea
2348 4654 2471 4712 quae
2501 4655 2655 4698 nunc
2683 4641 2981 4714 cognoscit
3013 4656 3115 4712 per
3138 4641 3534 4701 sublimiorem
3560 4641 3724 4698 illus-

332 4725 422 4779 καὶ
481 4721 879 4800 λαμπροτάτων
935 4723 1198 4794 νοήσεων,
1260 4723 1335 4778 Σὺ
1388 4720 1443 4778 δὲ
1505 4723 1624 4802 ἄρα,
1677 4720 1756 4779 ὅτι
1810 4724 1866 4778 έν
1921 4729 1986 4801 τῇ

2070 4720 2596 4803 trationem;atque
2628 4723 2946 4803 perficiens
2975 4741 3212 4785 rursum
3248 4725 3460 4787 eodem
3494 4725 3723 4787 lumine

331 4811 533 4891 γνώσει
584 4815 673 4870 καὶ
720 4815 1022 4893 καθαίρεται
1073 4812 1161 4869 καὶ
1219 4812 1498 4893 φωτίζεται
1554 4812 1590 4878 in
1649 4813 1859 4890 οὑρανία
1896 4811 1986 4871 δύ-

2070 4808 2405 4872 inscientia
2436 4811 2717 4874 habituali
2750 4811 3167 4875 sublimiorum
3201 4821 3259 4875 et
3282 4813 3722 4877 illustrissimu-

332 4922 520 4979 ναμις·
568 4904 626 4959 ἓν
676 4901 731 4960 δὲ
787 4910 866 4976 τῷ
914 4908 1196 4982 φωτισμῷ,
1249 4901 1376 4959 ὅταν
1423 4900 1542 4959 καθ’
1592 4902 1697 4967 ὲξιν
1723 4906 1983 4985 φωτισθῇ,

331 4995 426 5051 καὶ
458 4990 835 5069 ἇμετάϐλητος
892 4995 983 5050 καὶ
1035 4992 1425 5068 ἀμετακίνητος
1484 4993 1539 5048 ἐν
1593 4991 1778 5066 ἐκείνῳ
1805 4994 1983 5072 μείνῃ,

330 5082 457 5140 τότε
488 5081 544 5139 δὲ
575 5080 890 5142 τελειοῦται.
930 5082 1029 5139 Διὰ
1056 5082 1107 5138 τί
1156 5080 1211 5137 δὲ
1258 5082 1348 5138 καὶ
1390 5082 1445 5137 ὲν
1493 5086 1560 5158 τῇ
1596 5079 1715 5139 καθ’
1744 5080 1851 5148 ἕξιν
1881 5105 1983 5141 κα-

330 5164 513 5243 θάρσει
543 5165 606 5220 οὖ
633 5162 950 5243 τελειοῦται,
998 5163 1044 5218 εἰ
1090 5161 1171 5238 μὴ
1215 5161 1270 5218 ἐν
1301 5166 1379 5235 τῷ
1406 5158 1522 5219 καθ’
1550 5160 1654 5228 ἕξιν
1682 5169 1942 5242 φωτισμῷ
1967 5183 1983 5238 ;

331 5249 468 5311 διότι
519 5254 558 5321 ἡ
615 5253 716 5329 μὲν
771 5256 1024 5332 κάθαρσις
1075 5253 1168 5318 τὰς
1224 5251 1438 5330 ἀγνοίας
1494 5252 1860 5332 ἀποκαθαίρει,
1895 5257 1984 5312 καὶ

333 5345 396 5402 οὗ
422 5347 530 5407 πᾶς
561 5345 834 5421 καθαρθεὶς
884 5341 988 5411 ἤδη
1036 5342 1125 5398 καὶ
1176 5343 1249 5406 εἷς
1306 5343 1369 5398 τὸ
1424 5340 1583 5420 ἄκρον
1617 5341 1872 5422 πέφθακεο
1906 5349 1983 5418 τῷ

332 5426 389 5485 δὲ
462 5431 764 5511 γαθαρθέντι
812 5436 840 5491 ὁ
905 5433 1186 5513 φωτισμὸς
1244 5432 1691 5511 ἓπεισερχόμενος
1749 5431 1977 5509 τελειοϊ,

332 5519 465 5599 ὅπερ
531 5520 640 5580 ἐστὶ
695 5522 1025 5601 τελειότερος
1080 5521 1357 5601 φωτισμὸς
1411 5542 1471 5578 τε
1540 5522 1629 5578 καὶ
1686 5519 1975 5599 ἔλλαμψις.

333 5615 580 5670 τοιοῦτον
610 5613 710 5693 γάρ
744 5611 857 5671 ἔστι
888 5615 976 5670 καὶ
1006 5611 1089 5667 τὸ·
1143 5607 1232 5669 Ἐν
1285 5615 1363 5685 τῷ
1416 5611 1549 5691 φωτί
1588 5633 1683 5670 σου
1741 5612 1979 5689 ὀψόμεθα

333 5704 473 5784 φῶς,
502 5698 751 5772 δηλονότι
783 5702 841 5760 ἐν
870 5709 949 5779 τῷ
977 5702 1238 5785 φωτισμῷ
1264 5699 1363 5769 την
1402 5700 1701 5763 τελείωσιν.

2066 4914 2198 4959 rum
2222 4899 2776 4979 intelligentiarum.
2810 4902 2897 4964 Tu
2921 4918 3057 4964 vero
3082 4902 3399 4964 considera
3420 4907 3721 4985 quomodo

2067 4987 2327 5050 cmlestis
2343 4989 2526 5051 virtus
2546 4990 2890 5070 cognitione
2934 4998 2992 5053 et
3018 4991 3294 5071 erpietur
3323 5000 3381 5055 ct
3412 4993 3721 5058 illumined

2070 5077 2263 5152 tur,in
2292 5077 2734 5141 illuminatione
2758 5088 2981 5157 autem,
2998 5081 3234 5161 quando
3257 5084 3584 5146 secundum
3613 5085 3725 5148 ba-

2069 5164 2255 5227 bitum
2283 5167 2611 5230 illuminata
2632 5167 2836 5245 fuerit,
2855 5168 3367 5253 immutabilisque
3392 5182 3448 5235 et
3474 5173 3727 5237 invaria-

2064 5253 2205 5317 bilis
2236 5256 2294 5316 in
2326 5274 2398 5318 ea
2431 5255 2851 5337 permanserit,
2887 5275 2981 5336 per
3001 5258 3253 5322 ﬁciatur.
3281 5260 3496 5343 thuid
3522 5278 3722 5327 autem

2064 5344 2350 5407 habituali
2372 5346 2707 5426 expiatione
2730 5365 2971 5430 quoque
2990 5367 3110 5410 non
3130 5351 3562 5434 perficitur,sed
3596 5363 3725 5417 tan-

2063 5441 2188 5496 tum
2220 5435 2276 5496 in
2305 5435 2591 5500 habituali
2618 5436 3058 5502 illuminatione
3087 5441 3115 5500 'i
3144 5440 3424 5521 quoniam
3460 5442 3714 5522 expiatio

2063 5524 2304 5607 quidem
2339 5534 2548 5606 purgat
2590 5526 2955 5607 ignorantias
2985 5537 3043 5589 et
3075 5547 3194 5591 non
3220 5532 3415 5592 omnis
3446 5530 3716 5611 expiatus

2064 5614 2261 5677 statim
2314 5615 2388 5677 ad
2421 5633 2720 5680 summum
2753 5617 3045 5699 pervenit,
3094 5619 3198 5680 sed
3230 5624 3525 5699 expiatum
3571 5619 3713 5684 illu-

2064 5703 2310 5768 minatio
2350 5708 2778 5789 superveniens
2834 5707 3093 5792 perficit,
3145 5727 3213 5772 ea
3253 5707 3537 5774 nimirum
3581 5729 3714 5791 qua:
