4112 6160
234 340 350 413 233
685 342 786 412 un
827 338 1178 412 C(ELESTI
1222 338 1726 431 HIERARGHIA,
1770 341 1885 411 CA]

1983 341 2121 414 VII.
2157 375 2226 394 —-
2263 342 2652 449 PARAPHR.
2688 342 3180 415 PACHYMERAG
3509 348 3625 417 234

229 483 262 548 ἡ
297 481 529 544 ἑστίασις
592 475 901 542 ἆποίκιλτος
961 479 1047 534 καὶ
1103 478 1392 557 ἑνοποιὸςς
1450 476 1529 535 ὅτι
1588 478 1760 556 ἁπλῆ,
1796 483 1883 538 καὶ

1970 481 2142 544 etiam
2180 480 2435 543 eruditio
2466 481 2636 543 cibus
2668 482 2984 545 nutrientis
3026 484 3385 565 appellatur,
3450 487 3630 565 juxta

232 570 329 627 οῦκ
355 568 407 634 ἐξ
439 567 620 624 ἄλλων
669 569 759 624 καὶ
809 565 986 623 ἄλλων
1037 567 1381 646 συγκειμένη,
1438 574 1525 624 νῦν
1580 568 1678 644 μὲν
1726 573 1885 651 τυχὸν

1976 571 2308 651 theologum
2345 590 2741 652 magnumque
2771 572 3142 653 Gregorium,
3180 574 3366 636 multo
3434 577 3625 653 magis

231 660 524 734 νοστίμων,
558 667 649 717 νῦν
680 656 736 713 δὲ
764 659 825 715 οὗ
853 653 1129 738 τοιούτων,
1186 656 1310 714 ἀλλ’
1360 656 1460 726 ὅλη
1494 659 1767 734 νόστιμος,
1802 662 1885 718 καὶ

1974 665 2155 723 etiam
2181 661 2438 723 eruditio
2468 660 2638 724 cibus
2669 662 2889 724 eruditi
2917 662 3040 724 dici
3066 664 3283 743 possit.
3317 662 3628 737 Quomodo

234 749 441 825 ἄγαθὴ,
486 748 576 805 καὶ
608 748 875 826 θεοποιὸς,
928 747 1017 802 καὶ
1065 747 1325 824 ἀγνοοῦσα
1360 747 1585 806 καθόλου
1613 752 1703 806 τὸν
1734 749 1885 830 ἴλιγιὲ

1970 759 2168 814 autem
2204 749 2329 812 haec
2359 750 2643 813 cnmestio
2673 749 2918 813 minime
2939 750 3099 813 varia
3119 761 3179 814 et
3209 752 3457 816 unifica?
3488 755 3631 831 quia

234 860 357 916 γον,
389 838 565 900 καθὼς
603 839 693 895 καὶ
735 837 923 915 πρώην
953 835 1237 914 ἐλέγομεν.
1309 841 1382 897 Οὐ
1438 851 1628 919 χεῖρον
1688 838 1742 896 δὲ
1800 842 1885 898 καὶ

1973 840 2222 919 simplex
2251 847 2359 915 est,
2396 848 2456 901 et
2484 858 2603 905 non
2624 859 2697 901 ex
2725 839 2858 902 aliis
2886 849 3064 920 atque
3087 840 3220 903 aliis
3261 844 3616 925 composita,

228 927 333 994 τὴν
378 930 472 985 τοῦ
516 933 605 984 νοῦ
663 925 925 994 κυκλικὴν
985 928 1194 992 κίνησιν
1249 932 1603 1004 καταμαθεῖν.
1648 929 1892 1008 Λέγομεν

230 1017 432 1090 τοίνυν,
466 1016 549 1073 ὃτι
581 1021 686 1073 πᾶν
722 1017 782 1072 τὸ
813 1024 924 1090 νοῦ,
958 1013 995 1084 ἢ
1025 1014 1145 1080 νοῦς
1175 1016 1234 1073 ὅν
1264 1033 1402 1093 νοεῖ,
1463 1018 1498 1086 ἢ
1558 1025 1675 1076 νοῦν
1734 1019 1887 1100 ἔχον·

234 1108 263 1163 ὁ
294 1107 399 1181 μὲν
429 1114 548 1170 νοῦς
582 1104 659 1162 ὥν
683 1105 907 1185 πρώτως
957 1117 1096 1162 vos?
1156 1106 1218 1161 τὸ
1273 1103 1328 1161 δὲ
1384 1116 1503 1166 νοῦν
1533 1106 1667 1188 ἔχοι
1710 1108 1891 1166 δευτέ-

228 1217 337 1273 ρως
372 1209 511 1257 νοεῖ.
548 1192 698 1257 Καθὸ
755 1202 881 1274 γοῦν
932 1193 1050 1258 νοῦς
1109 1193 1184 1251 ὥν
1215 1208 1353 1275 νοεῖ,
1386 1201 1648 1255 κινεῖσθαι
1681 1197 1892 1277 λέγοιτο

230 1284 325 1341 ἄν’
357 1287 490 1342 καθὸ
544 1283 598 1341 δὲ
636 1284 999 1359 ἀνακάμπτων
1055 1285 1144 1340 καὶ
1202 1287 1321 1364 περὶ
1376 1288 1532 1343 αὖτὸν
1587 1288 1886 1366 γενόμενος,

230 1375 425 1431 ἑαυτὸν
470 1387 608 1455 νοεῖ,
644 1375 731 1431 καὶ
762 1375 854 1430 τὸν
882 1374 981 1446 πρὸ
1010 1373 1172 1431 αύτοῦ
1203 1372 1256 1440 ἐξ
1287 1378 1347 1432 οῦ
1379 1376 1628 1451 συνέστη,
1661 1376 1890 1446 κυκλικὴ

228 1453 872 1532 ἑπινοεῖταιῆκίνησις,
938 1453 1030 1528 Ὠς
1089 1463 1178 1520 οὖν
1235 1463 1295 1520 ἐκ
1353 1473 1485 1525 Θεοῦ
1540 1466 1889 1543 βουληθέντος

228 1552 579 1633 προϐληθεὶς,
640 1555 760 1627 περὶ
815 1554 914 1620 τὴν
970 1560 1064 1610 τοῦ
1108 1560 1241 1612 Θεοῦ
1298 1553 1496 1628 ἔφεσιν,
1530 1557 1619 1613 γαὶ
1648 1556 1887 1634 ἀγάπην,

225 1644 301 1706 ὡς
352 1644 476 1720 περὶ
536 1643 777 1722 κέντρον,
823 1641 995 1699 ἔσται·
1059 1643 1120 1700 οὗ
1174 1644 1274 1722 γὰρ
1329 1644 1535 1701 ἑνοῦται
1577 1646 1644 1701 τὰ
1677 1638 1890 1724 δεύτερα

234 1746 357 1796 τοῖς
389 1735 494 1812 πρὸ
525 1734 725 1805 αῦτῶν,
756 1731 893 1788 ἆλλά
926 1733 1111 1812 χορείᾳ
1151 1737 1252 1789 τινὶ
1298 1735 1362 1790 τὸ
1419 1735 1694 1812 γινόμενον
1722 1735 1889 1793 ictu“

234 1822 513 1888 κυκλικῶς
544 1824 645 1902 γὰρ
676 1826 781 1879 τῶν
843 1821 1217 1902 γεννωμένων,
1269 1830 1377 1880 τῶν
1432 1825 1737 1903 γεννώντων
1767 1824 1890 1883 ἐπι·
1916 1864 1951 1913 Β

234 1909 549 1990 δράττεσθαι
604 1910 919 1987 ἐφιεμένωνο
976 1912 1135 1986 μόνον
1190 1910 1245 1969 δὲ
1301 1915 1745 1995 περιαθρούντνιιν,
1803 1917 1890 1973 καὶ

226 2009 319 2059 τοῦ
377 2001 588 2058 ἐκεῖθεν
655 2000 884 2065 κάλλοῦς
918 2000 1437 2079 ἀποπληρουμένων.
1500 2005 1571 2062 Τὸ
1616 2004 1704 2061 οὗν
1735 2005 1789 2061 ἐν
1822 2010 1890 2082 τῇ

230 2092 414 2162 νοήσει
448 2092 580 2170 πρὸς
637 2092 701 2147 τὸ
757 2093 859 2170 πρὸ
915 2092 1105 2148 ἑαυτοῦ
1139 2090 1597 2173 ἐπεστραμμένον,
1630 2092 1886 2162 κυκλικῆς

229 2183 496 2251 κινήσεως
529 2180 736 2238 ἔννοιαν
789 2181 1013 2259 εἰσάγει,
1094 2178 1241 2239 Ἐπεὶ
1314 2182 1403 2239 οὖν
1474 2186 1758 2264 πανταχοῦ
1825 2186 1886 2242 τὸ

229 2279 411 2345 Θεῖον,
446 2271 513 2327 τὰ
543 2277 832 2352 πανταχοῦ
889 2271 1035 2346 αῦτῷ
1094 2270 1598 2348 συνακολουθοῦντα,
1644 2275 1731 2331 καὶ
1765 2275 1890 2332 αὐτὸ

228 2374 373 2417 νοεῖν
405 2361 489 2417 ἀεὶ
520 2358 789 2433 ἐθελοντα,
852 2359 939 2416 ἐπὶ
999 2362 1170 2434 τούτῳ
1225 2359 1553 2439 ἀγάλλονται
1616 2365 1702 2420 καὶ
1733 2385 1889 2444 περι·

231 2450 573 2531 χορεύουσιν,
634 2451 815 2527 ὥσπερ
870 2449 940 2526 τῇ
998 2452 1185 2521 νοήσει
1242 2449 1600 2526 κυκλούμενα.
1662 2451 1888 2530 Λέγεται

224 2551 352 2619 γοῦν
386 2547 509 2604 νοῦς
541 2538 594 2593 ἐν
627 2540 797 2614 ἐαυτῷ
852 2540 1024 2620 εἶναι,
1086 2542 1172 2597 καὶ
1215 2542 1345 2620 πρὸς
1402 2541 1589 2598 ἑαυτὸν
1621 2540 1886 2599 σπεύδειν·

225 2631 271 2706 ᾧ
319 2628 417 2705 μὲν
474 2628 566 2685 οὖν
622 2631 679 2685 ἒν
739 2630 911 2705 ἑαυτῷ
968 2630 1105 2705 ἐστι,
1162 2631 1345 2688 στάσιν
1402 2629 1547 2711 ἕχειο
1576 2632 1716 2689 κατὰ
1744 2630 1796 2688 δὲ
1826 2634 1887 2690 τὸ

226 2721 360 2799 πρὸς
397 2719 588 2775 ἑαυτὸν
623 2717 891 2793 σπεύδειν,
953 2720 1219 2800 κινεῖται,
1280 2723 1357 2796 μὴ
1413 2719 1735 2797 βουλόμενος
1768 2720 1889 2778 δια-

224 2810 455 2890 χεῖσθαι
531 2810 604 2875 εἰς
675 2802 770 2875 τὰς
840 2810 1133 2889 προσύλους
1203 2811 1292 2866 καὶ
1362 2809 1640 2890 ἀλλοτρίας
1729 2815 1888 2871 αὐτοῦ

221 2900 465 2969 νοήσεις,
529 2899 668 2955 κατᾶ
725 2900 825 2974 μὲν
887 2899 977 2956 οὖν
1036 2901 1098 2956 τὸ
1158 2901 1562 2979 ταῦτοκίνητον,
1624 2915 1877 2958 κινεῖται·

1978 929 2153 991 modo
2185 927 2428 1012 quidem
2456 930 2608 991 forte
2636 929 2936 1011 dulcibus,
2969 930 3146 994 modo
3175 949 3312 993 vero
3339 951 3459 994 non
3491 935 3623 996 tali-

1976 1017 2108 1094 bus,
2134 1019 2237 1081 sed
2262 1028 2379 1081 tota
2408 1018 2601 1080 dulcis
2619 1025 2733 1095 est,
2761 1027 2820 1082 et
2848 1019 3026 1096 bona,
3055 1027 3115 1083 et
3142 1019 3377 1097 deifica,
3403 1030 3465 1084 et
3488 1042 3623 1085 om-

1975 1108 2118 1170 nino
2150 1110 2424 1172 nesciens
2441 1106 2816 1188 vertiginem,
2835 1108 2993 1171 sicut
3010 1110 3187 1173 etiam
3212 1118 3352 1173 ante
3378 1111 3624 1175 diceba-

1976 1215 2107 1258 mus
2138 1196 2341 1279 Neque
2360 1215 2496 1260 vero
2522 1198 2773 1260 minoris
2804 1199 3092 1261 momenti
3122 1207 3233 1275 est,
3267 1200 3623 1264 circularem

1976 1297 2199 1350 motum
2226 1305 2616 1368 cognoscere.
2640 1286 2905 1351 Dicimus
2923 1288 3122 1367 itaque
3149 1288 3344 1371 quoad
3376 1290 3623 1355 intelle-

1973 1380 2159 1459 ctum,
2196 1376 2835 1458 quidlibetiutelligere
2853 1377 2941 1440 vel
2965 1376 3505 1455 utintellectusest,
3533 1381 3623 1444 vel

1974 1465 2035 1529 in
2068 1477 2351 1548 quantum
2386 1467 2565 1529 habet
2596 1467 2990 1533 intellectum.
3017 1466 3128 1539 Qui
3152 1468 3397 1546 quidem
3437 1469 3622 1533 intel-

1974 1554 2164 1619 lectus
2195 1565 2309 1629 est,
2344 1558 2626 1639 primario
2656 1555 3062 1637 intelligit;qui
3085 1574 3222 1619 vero
3250 1557 3622 1622 intellectum

1975 1645 2173 1720 habet,
2210 1646 2559 1709 secundario
2589 1645 2887 1724 intelligit.
2951 1647 3018 1709 In
3077 1654 3362 1728 quantum
3419 1647 3623 1729 itaque

1973 1733 2249 1815 intelligit
2279 1734 2700 1799 utintellectus
2724 1743 2835 1811 est,
2871 1734 2988 1798 dici
3006 1744 3206 1816 posset
3236 1735 3461 1800 moveri
3495 1761 3512 1812 ;
3559 1737 3623 1800 in

1975 1833 2257 1906 quantum
2292 1844 2427 1887 vero
2450 1832 2583 1887 actu
2604 1825 2826 1887 reflexo
2848 1841 2916 1887 se
2936 1823 3302 1906 recolligens
3322 1828 3618 1908 semetip-

1974 1932 2105 1975 sum
2140 1914 2435 1994 intelligit,
2472 1924 2532 1976 et
2562 1913 2620 1975 id
2653 1932 2688 1975 a
2716 1933 2833 1995 quo
2859 1913 3283 1995 proficiscitur,
3311 1914 3621 1977 circularis

1972 2013 2168 2067 motus
2192 2005 2567 2082 intelligitur.
2591 2005 2800 2081 Itaque
2824 2022 2957 2065 cum
2983 2021 3052 2066 ex
3081 2005 3202 2066 Deo
3219 2003 3452 2067 volente
3475 2025 3620 2086 pro-

1971 2095 2161 2157 fectus
2185 2094 2449 2169 sit,circa
2471 2094 2577 2157 Dei
2598 2092 2963 2155 desiderium
2988 2100 3047 2156 et
3068 2093 3620 2164 dilectionem,tan-

1969 2202 2145 2265 quam
2177 2185 2335 2245 circa
2356 2181 2999 2259 centrum,versabitur
3022 2202 3037 2246 :
3061 2201 3181 2245 non
3207 2183 3366 2245 enim
3391 2184 3618 2246 uniun-

1973 2282 2069 2334 tur
2096 2273 2361 2336 secunda
2387 2272 2816 2353 prioribus,sed
2833 2273 2989 2353 quod
3003 2272 3219 2336 factum
3245 2280 3355 2354 est,
3381 2273 3618 2336 cuidam

1970 2363 2206 2424 choreae
2227 2363 2782 2444 comparatur,dum
2803 2362 3083 2423 nimirum
3098 2381 3165 2425 ea
3187 2380 3320 2442 quas
3336 2364 3622 2444 producta

1971 2462 2129 2534 sunt,
2154 2455 2545 2534 producte-res
2578 2471 2718 2515 suos
2746 2453 3062 2533 complecti
3095 2454 3386 2533 cupiunt;
3423 2453 3613 2515 solum

1970 2551 2163 2604 autem
2196 2543 2256 2604 in
2286 2543 2540 2606 circuitu
2572 2551 3031 2621 congregantur,
3066 2549 3244 2621 atque
3274 2540 3416 2604 inde
3482 2543 3618 2623 pul-

1971 2632 2309 2695 cliritudine
2339 2634 2668 2714 replentur.
2704 2631 2871 2703 Quod
2904 2631 3102 2711 itaque
3131 2630 3518 2711 intelligendo
3544 2632 3618 2693 ad

1970 2722 2054 2802 id,
2089 2740 2120 2783 a
2149 2741 2266 2803 quo
2304 2722 2617 2804 processit,
2648 2718 3035 2794 convertitur,
3079 2718 3386 2781 circularis
3424 2728 3620 2782 motus

1971 2813 2423 2895 intelligentiam
2451 2813 2801 2877 introducit.
2831 2812 2976 2875 Cum
3004 2810 3184 2891 igitur
3209 2811 3479 2874 divinum
3502 2812 3617 2874 Nu-

1967 2923 2104 2965 men
2125 2905 2198 2967 sit
2220 2904 2464 2985 ubique,
2498 2923 2569 2967 ea
2589 2922 2717 2983 quae
2735 2902 2958 2981 ubique
2981 2901 3170 2980 ipsum
3194 2901 3616 2984 insequuntur,

223 2991 358 3045 κατὰ
390 2987 447 3044 δὲ
477 2989 576 3056 τὴν
608 2988 788 3046 οὒσίαν
818 2989 1004 3046 στάσιν
1048 2986 1167 3045 ἀλλ’
1207 2989 1267 3047 οῦ
1299 2990 1506 3057 κίνησιν
1539 2990 1682 3071 ἔχει,
1718 2989 1884 3048 ’Ἔστι

1970 2993 2285 3075 ipsumque
2318 3012 2557 3075 semper
2578 2992 2912 3070 intelligere
2926 2990 3368 3071 desiderant,in
3392 2991 3504 3055 hoc
3522 3009 3618 3052 ex-

221 3080 397 3136 τοίνυν
447 3079 534 3135 καὶ
590 3077 678 3136 ἐπὶ
746 3085 853 3135 τῶν
909 3079 1063 3136 θείων
1105 3081 1194 3136 καὶ
1253 3080 1506 3159 οὐρανίων
1563 3082 1699 3137 νόων
1743 3081 1884 3161 ὁρμὴ

1970 3083 2222 3157 sultant,
2273 3091 2331 3145 et
2360 3084 2611 3145 choreas
2669 3083 2919 3155 ducunt,
2978 3088 3183 3161 utpote
3228 3079 3615 3159 intelligendo

222 3169 313 3225 καὶ
344 3169 582 3242 κίνησις,
640 3168 677 3236 ὴ
738 3169 870 3248 πρὸς
900 3169 963 3225 τὸ
994 3175 1153 3226 Θεϊον
1194 3167 1397 3249 ἔφεσις,
1428 3170 1517 3227 καὶ
1545 3171 1581 3240 ἡ
1611 3172 1730 3250 περί
1759 3172 1885 3228 αὐτὸ

1970 3173 2488 3254 circumgyrantia.
2514 3172 2742 3235 Dicitur
2774 3171 2977 3250 itaque
3002 3187 3171 3231 mens
3199 3170 3263 3231 in
3292 3172 3614 3250 semetipsa

222 3260 297 3321 ὡς
328 3259 454 3335 περὶ
495 3258 718 3338 κέντρον
787 3255 1016 3327 κυκλικῆ
1084 3260 1296 3339 χορεία,
1370 3261 1444 3322 ὡς
1517 3260 1553 3328 ἢ
1622 3267 1717 3317 τοῦ
1785 3261 1884 3317 κύ-

1970 3279 2125 3338 esse,
2160 3273 2222 3327 et
2243 3263 2314 3325 ad
2341 3283 2405 3325 se
2430 3265 2617 3344 ipsam
2653 3276 2976 3342 properare
3012 3276 3026 3321 :
3061 3268 3236 3340 atque
3268 3279 3339 3321 eo
3371 3261 3612 3336 quidem

224 3347 361 3407 κλου
420 3348 546 3427 περὶ
599 3349 663 3405 τὸ
720 3361 955 3425 σημεῖον
984 3346 1105 3416 ἤτοι
1146 3349 1384 3429 κέντρον,
1417 3347 1507 3429 ἀφ’
1547 3352 1607 3407 οὗ
1635 3353 1881 3418 συνέστη.

223 3435 331 3500 Καὶ
400 3439 506 3517 γὰρ
576 3438 667 3495 καὶ
738 3439 876 3496 κατᾶ
918 3438 1148 3519 φυσικὴν
1178 3438 1417 3518 ἀνάγκην
1480 3438 1706 3498 ἕκαστον
1776 3441 1883 3497 τῶν

220 3527 393 3586 ὄντων
437 3529 538 3597 τὴν
595 3528 716 3609 περὶ
766 3531 859 3586 τὸν
919 3531 1050 3586 Θεὸν
1106 3530 1324 3609 χορεύει
1369 3531 1608 3611 χορείαν,
1660 3529 1883 3606 ἐφιέμε-

218 3641 315 3677 νον
345 3625 441 3675 τοῦ
507 3618 677 3675 αἰτίου
747 3619 884 3676 κατὰ
949 3621 1012 3678 τὸ
1076 3620 1248 3677 εῖναι.
1320 3619 1498 3686 Οὕτως
1528 3621 1617 3675 οῦν
1646 3622 1764 3700 περὶ
1793 3621 1885 3676 τὸν

217 3708 445 3766 πάντων
472 3705 699 3786 βασιλέα
756 3708 929 3766 πάντα
985 3708 1096 3765 ἐστὶ
1148 3709 1237 3767 καὶ
1292 3707 1492 3768 ἐκείνου
1537 3708 1695 3767 ἕνεκα
1728 3709 1884 3787 ,ποίν-

217 3820 318 3871 τα,
378 3799 468 3855 καὶ
531 3798 713 3855 ἐκεῖνο
768 3798 1018 3855 ἁπάντων
1074 3796 1253 3856 καλῶν
1310 3796 1488 3856 αἴτιον
1546 3797 1695 3857 Ἐπεὶ
1749 3800 1884 3856 νεύει

220 3889 363 3967 πρὸς
410 3889 566 3967 Θεὸν,
599 3885 808 3955 πολλῆς
850 3888 1130 3951 κοινωνίας
1159 3891 1249 3946 καὶ
1302 3890 1603 3967 συνεργείας
1633 3889 1882 3970 ἠξίωται,

223 3980 284 4034 ιν
340 3982 410 4053 τῇ
465 3978 602 4055 πρὸς
661 3978 843 4058 αὐτὸν,
880 3979 953 4040 ὡς
985 3980 1221 4059 ἐφικτὸν,
1253 3977 1603 4058 ἀφομοιώσει·
1640 3978 1756 4036 ἐπεὶ
1783 3981 1883 4058 γὰρ

224 4066 284 4123 ἒν
320 4073 439 4141 Θεῴ
497 4066 602 4132 ἕξις
657 4065 767 4124 ἐστὶ
828 4070 920 4125 καὶ
969 4068 1231 4148 ἒνέργεια,
1277 4066 1523 4136 δηλονότι
1564 4069 1627 4125 τὸ
1654 4070 1882 4147 καθαρὸν

223 4157 320 4213 καὶ
344 4158 380 4225 ἡ
412 4155 689 4237 κάθαρσις,
724 4157 787 4214 τὸ
843 4160 954 4238 φῶς
1010 4158 1098 4214 καὶ
1156 4159 1185 4215 ὁ
1244 4159 1547 4236 φωτισμὸς,
1587 4159 1650 4214 τὸ
1678 4157 1881 4216 τέλειον

225 4248 320 4304 καὶ
345 4247 409 4303 τὸ
440 4244 773 4304 τελειοποιὺν
805 4243 1029 4327 (τούτων
1084 4247 1186 4325 γὰρ
1241 4248 1303 4304 τὸ
1357 4246 1455 4323 μὲν
1485 4247 1627 4305 ἐστιν
1656 4246 1783 4319 ἕξις,
1816 4249 1878 4304 τὸ

222 4334 282 4392 δὲ
308 4334 603 4416 ὶνὲργεια),
635 4335 853 4403 ἠξίωται
910 4338 996 4394 καὶ
1053 4337 1189 4404 αὕτη
1246 4337 1526 4400 κοινωνίας
1563 4339 1668 4393 τῶν
1697 4336 1879 4393 καλῶν

1968 3353 2125 3432 quod
2160 3356 2219 3414 in
2251 3372 2316 3415 se
2347 3353 2476 3432 ipsa
2526 3360 2639 3427 est,
2673 3358 2890 3413 statum
2924 3348 3102 3410 habet
3134 3369 3149 3429 ;
3211 3348 3273 3410 in
3328 3360 3611 3430 quantum

1965 3459 2104 3503 vero
2137 3441 2208 3503 ad
2240 3441 2624 3521 semetipsum
2683 3445 2982 3521 properat,
3044 3447 3334 3512 movetur,
3398 3439 3608 3502 nolens

1966 3530 2192 3592 eﬂ‘uudi
2223 3532 2285 3592 in
2317 3539 2585 3594 terrenas
2616 3537 2675 3592 et
2702 3528 2928 3590 alienas
2959 3545 2996 3588 a
3027 3544 3092 3587 se
3146 3526 3603 3611 intelligentias;

1967 3619 2165 3703 itaque
2195 3620 2523 3684 secundum
2556 3619 2616 3681 id
2648 3618 2888 3701 quidem
2911 3615 3070 3697 quod
3104 3634 3170 3678 se
3191 3626 3610 3695 movet,move-

1968 3716 2089 3786 tur,
2126 3710 2455 3773 secundum
2479 3707 2871 3771 substantiam
2893 3715 3090 3768 autem
3112 3708 3460 3780 statum,sed
3487 3727 3609 3771 non

1969 3807 2192 3861 motum
2219 3799 2422 3863 habet.
2456 3797 2561 3862 Est
2590 3798 2775 3876 igitur
2804 3794 2980 3858 etiam
3010 3795 3073 3857 in
3095 3795 3312 3858 divinis
3343 3797 3606 3859 ctelesti-

1968 3888 2202 3968 busque
2232 3887 2532 3952 mentibus
2553 3888 2813 3969 impetus
2834 3884 3077 3965 quidam
3109 3902 3178 3947 ac
3209 3896 3426 3960 motus,
3460 3887 3606 3949 illud

1965 3980 2037 4040 ad
2076 3980 2341 4041 divinum
2366 3981 2599 4041 Numen
2623 3976 3014 4047 desiderium,
3049 3982 3226 4054 atque
3255 3973 3357 4036 illa
3379 3975 3606 4038 circum

1966 4068 2182 4149 ipsum,
2220 4078 2494 4149 tanquam
2513 4065 2899 4129 circumcirca
2919 4074 3211 4138 centrum,
3243 4065 3611 4142 cliorea,non

1965 4175 2142 4220 secus
2168 4177 2236 4220 ac
2261 4158 2467 4221 circuli
2496 4157 2724 4219 circum
2759 4162 3042 4236 punctum
3077 4171 3186 4215 seu
3244 4164 3517 4218 centrum
3576 4174 3611 4218 a

1962 4267 2079 4329 quo
2139 4247 2431 4309 deductus
2489 4256 2606 4312 est.
2661 4248 2978 4309 Enimvero
3038 4242 3219 4305 etiam
3281 4246 3606 4307 secundum

1963 4340 2045 4399 7|
2100 4337 2520 4401 necessitatem
2581 4334 2914 4398 naturalem
2975 4350 3075 4394 res
3119 4332 3401 4413 quaelibet
3452 4335 3611 4398 circa

223 4424 413 4506 ἕξεων,
473 4427 552 4489 ὣς
606 4425 750 4483 εἶναι
810 4427 900 4484 καὶ
956 4426 1180 4502 ταύτην,
1236 4427 1375 4484 κατὰ
1403 4427 1589 4507 χάριν,
1619 4427 1875 4507 καθαρὰν,

1970 4425 2149 4489 Deum
2165 4427 2443 4490 choreum
2458 4425 2649 4506 ducit,
2682 4423 2822 4484 dum
2854 4439 3093 4507 causam
3115 4439 3281 4484 suam
3304 4422 3490 4484 ambit
3521 4442 3613 4487 se-

221 4516 317 4573 καὶ
386 4520 529 4591 φῶς,
599 4516 690 4573 καὶ
758 4514 1008 4573 τελείαν
1067 4515 1286 4585 ἠξίωται
1319 4518 1408 4573 καὶ
1439 4517 1768 4595 συνεργείας,
1802 4517 1876 4580 ὡς

1963 4516 2223 4579 cundum
2251 4515 2538 4579 esse.Hoc
2565 4504 2770 4594 utique
2797 4510 2973 4573 modo
2992 4504 3215 4573 circum
3242 4509 3464 4591 Regem
3488 4532 3612 4576 om-

222 4602 499 4684 καθαίρειν
558 4605 649 4661 καὶ
708 4605 932 4684 ταύτην,
990 4606 1080 4662 καὶ
1136 4606 1404 4686 φωτίζειν,
1461 4607 1548 4663 καὶ
1617 4603 1874 4663 τελειοῦν·

1970 4606 2131 4667 nium
2165 4610 2306 4669 sunt
2336 4605 2558 4685 omnia,
2583 4611 2642 4667 et
2670 4600 3122 4683 propteripsum
3145 4610 3283 4663 sunt
3309 4602 3609 4688 universa,

225 4693 410 4753 πολλὰ
442 4691 498 4751 δὶ
532 4694 806 4776 γινώσκει,
840 4694 961 4753 ἀλλ’
1017 4695 1429 4775 ὒπερκειμένως,
1488 4697 1576 4753 καὶ
1634 4697 1693 4752 οὖ
1746 4697 1885 4754 κατὰ

224 4783 537 4865 ἄνθρωπον,
579 4786 671 4842 καὶ
710 4784 767 4841 ἐν
797 4806 1052 4861 μετουσια
1105 4790 1207 4853 τῆς
1260 4785 1403 4852 θείας
1460 4784 1769 4861 ἐπιστήμης
1794 4786 1886 4844 καὶ

225 4877 511 4957 γνώσεως,
547 4874 668 4934 καθ’
698 4876 824 4935 ὅσον
866 4877 999 4951 ἐστὶ,
1048 4888 1270 4957 γίνεται.
1332 4880 1427 4935 Διὸ
1477 4880 1551 4944 ὡς
1582 4877 1755 4936 πολλὰ
1793 4902 1882 4958 γι-

228 4968 549 5036 νωσκούσης
597 4965 788 5048 αὒτῆς,
845 4970 931 5025 καὶ
984 4967 1178 5044 ὕμνους
1234 4969 1270 5036 ἢ
1323 4966 1566 5047 θεολογία
1625 4981 1745 5033 τοις
1799 4970 1886 5025 επὶ

226 5060 340 5135 γῆς
368 5053 740 5131 παραδέδωκε⁸
801 5058 847 5113 εί
900 5058 979 5132 μὴ
1034 5058 1135 5137 γὰρ
1190 5057 1505 5136 ἠπίσταντο,
1559 5058 1654 5115 οῦκ
1689 5056 1749 5115 ἂν
1778 5055 1887 5130 ὕμ-

227 5163 380 5205 νουν
413 5148 509 5204 καὶ
563 5147 610 5204 εἶ
667 5146 746 5223 μὴ
794 5145 1161 5223 ὶνελάμποντο
1217 5147 1352 5203 κατὰ
1380 5149 1441 5204 τὸ
1468 5147 1753 5227 ὑπερέχον,
1789 5148 1884 5205 οὒκ

229 5234 297 5292 ἂν
326 5237 363 5303 η
386 5236 543 5314 φωνή
575 5236 773 5294 τούτων
803 5236 894 5314 ἦν,
927 5237 1189 5320 αἰσθητῶς
1219 5237 1416 5310 εἰπεῖν,
1446 5258 1519 5313 rp;
1573 5238 1726 5316 φωνὴ
1755 5235 1888 5295 ὺδά-

230 5346 342 5381 των
371 5323 617 5386 πολλῶν.
655 5323 952 5383 ’Δναϐοῶσι
995 5325 1117 5405 γὰρ’
1163 5326 1300 5382 κατὰ
1330 5327 1420 5383 τὸν
1446 5325 1889 5393 θεοληπτικώτα-

1965 4695 2216 4777 ipseque
2233 4701 2440 4757 auctor
2457 4705 2547 4757 est
2576 4691 2841 4756 omnium
2878 4689 3191 4755 bonorum.
3221 4689 3465 4763 Quando
3497 4694 3610 4755 ali-

1967 4785 2102 4867 quis
2129 4785 2199 4847 ad
2220 4783 2409 4847 Deum
2433 4783 2643 4863 vergit,
2672 4781 2858 4844 multa
2878 4780 3010 4861 ejus
3032 4781 3451 4843 communione
3473 4801 3612 4845 coo-

1970 4873 2393 4956 perationeque
2422 4873 2640 4954 dignus
2686 4871 2962 4946 efﬁcitur,
3008 4887 3114 4950 per
3142 4888 3273 4932 eam
3305 4889 3443 4950 quae
3471 4890 3611 4938 cum

1967 4966 2095 5045 ipso
2115 4964 2245 5041 ﬁeri
2276 4971 2470 5045 potest
2495 4961 3010 5026 assimilationem:
3037 4977 3169 5020 cum
3206 4957 3364 5020 enim
3401 4962 3458 5021 in
3489 4961 3610 5027 Deo

1971 5053 2208 5116 habitus
2238 5060 2326 5117 est
2345 5059 2406 5114 et
2428 5052 2713 5133 operatio,
2741 5050 2973 5111 scilicet
2993 5047 3215 5130 puritas
3243 5060 3299 5109 et
3322 5050 3606 5136 expiatio,

1970 5144 2174 5206 lumen
2204 5152 2264 5206 et
2288 5142 2665 5222 illuminatio,
2698 5139 2985 5221 perfectio
3002 5146 3064 5202 et
3091 5137 3150 5200 id
3189 5137 3343 5220 quod
3377 5142 3611 5220 perﬁcit

1975 5242 2246 5316 (quorum
2278 5232 2528 5294 alterum
2551 5232 2795 5311 quidem
2822 5229 3060 5294 habitus
3089 5236 3200 5306 est,
3232 5229 3485 5294 alterum
3507 5251 3610 5297 au-

1976 5334 2094 5387 tem
2126 5322 2440 5404 operatio),
2474 5337 2643 5383 mens
2675 5338 2916 5403 quoque
2945 5319 3240 5383 bonorum
3298 5320 3609 5387 habituum

232 5435 329 5473 τον
391 5411 678 5489 ἰεζεκιὴλ,
740 5414 1095 5495 Εῦλογημὲνη
1153 5417 1187 5483 ἡ
1247 5412 1369 5480 δόξα
1431 5416 1618 5495 Κυρίου
1679 5415 1740 5472 ἐκ
1802 5422 1885 5476 toi.

1979 5412 2400 5477 communione
2417 5410 2592 5490 digna
2606 5409 2896 5492 redditur,
2934 5412 3207 5491 utetipsa
3229 5429 3334 5493 per
3363 5413 3611 5489 gratiam

235 5503 407 5561 τόπου
476 5506 662 5563 αὐτοῦ’
735 5508 826 5562 καὶ
883 5503 1036 5561 ἄλλοι
1066 5505 1164 5573 τὴν
1193 5502 1567 5581 πολυύμνητον
1612 5504 1886 5585 θεολογίαν

233 5592 589 5675 ἇνακράζσυσι
621 5595 707 5677 τὸ,
739 5586 970 5677 ”Αγιος,
1003 5595 1187 5676 ἅγιος,
1218 5593 1372 5673 ἅγιος
1404 5594 1603 5676 Κύριος
1634 5592 1883 5673 Σαϐαὼθ,

236 5680 452 5766 πλήρης
513 5690 663 5743 πᾶσα
717 5685 753 5754 ἡ
810 5689 884 5765 γῇ
927 5690 1030 5753 τῆς
1069 5682 1227 5754 δόξης
1256 5683 1439 5747 ἀύτοῦ.
1471 5684 1675 5750 Ταύτας
1704 5683 1759 5742 δὲ
1789 5685 1884 5752 τὰς

561 5808 821 5871 Pareas.
850 5802 962 5874 Gn.
993 5800 1102 5872 III.

1985 5522 2151 5587 pura,
2176 5503 2296 5579 lux,
2332 5509 2390 5563 et
2420 5499 2681 5583 perlecta
2711 5500 2786 5562 sit
2820 5501 3005 5578 ;quin
3028 5508 3085 5562 et
3110 5501 3168 5561 in
3196 5507 3423 5580 partem
3451 5502 3614 5563 venit

1969 5590 2432 5675 cooperatiouis,
2460 5589 2602 5653 dum
2628 5598 2686 5652 et
2715 5590 2844 5671 ipsa
2872 5598 3104 5672 purgat,
3135 5598 3194 5651 et
3220 5588 3612 5671 illuminat,et

1968 5683 2203 5766 perﬁcit
2235 5702 2254 5762 ;
2285 5681 2467 5746 multa
2495 5698 2735 5765 quoque
2762 5680 3088 5761 cognoscit,
3124 5678 3230 5742 sed
3273 5678 3612 5745 eminenter

3401 5805 3439 5871 8
