4112 6160
494 311 624 378 235

1698 312 1757 376 S.
1807 313 1988 377 DION
2000 304 2155 377 YSII
2197 310 2706 379 AREOPAGITIE

3765 307 3885 383 236

498 461 557 514 et
589 470 709 513 non
724 448 1055 513 secundum
1084 445 1415 531 hominem,
1442 457 1523 530 et,
1548 450 1742 531 quoad
1769 451 1894 511 ficri
1929 460 2143 531 potest,

2237 447 2448 524 ὑψηλὰς
2479 448 2798 527 ὑμνολογίας
2854 456 2959 507 τῶν
3019 449 3401 530 ὃπερουρκνίων
3454 449 3727 527 δυνάμεων
3777 453 3882 526 ⁹ἥδη

497 542 721 604 divinae
751 538 1016 602 scientia;
1031 539 1509 620 cognitionisque
1534 540 1830 619 particeps
1856 540 2137 603 eliicitur.

491 629 895 704 Quamobrem
929 629 1085 711 quod
1119 628 1309 691 multa
1340 637 1676 707 cognoscat,
1713 630 1962 710 hymnos
1989 650 2142 710 quo-

493 739 613 801 que
645 717 945 796 theologia
979 718 1293 797 terrigenis
1323 718 1708 781 tradiditznisi
1742 725 1901 780 enim
1937 720 2139 781 credi-

490 810 1128 889 dissent,nequaquam
1162 808 1371 871 laudes
1400 809 1792 888 cecinissent,
1823 817 1880 869 et
1904 809 2018 868 nisi
2051 828 2144 870 se-

493 900 757 962 cundum
789 900 1158 978 Superiorem
1192 909 1421 976 partem
1447 897 1724 959 illustrati
1746 897 2025 970 fuissent,
2048 916 2145 959 ne-

491 1007 790 1070 quaquam
820 1005 931 1048 vox
963 1005 1167 1047 eorum
1202 986 1569 1047 sensibiliter
1603 986 2145 1067 loquendo,fuisset

491 1079 659 1160 quasi
678 1097 785 1139 vox
816 1095 1101 1157 aquarum
1137 1076 1480 1151 multarum,
1515 1075 1777 1137 clamant
1802 1083 1957 1136 enim
1981 1078 2145 1154 juxta

491 1177 910 1236 divinissimum
974 1174 1347 1240 Ezechielem,
1385 1176 1671 1233 Benedicta
1718 1174 1901 1246 gloria
1934 1173 2153 1231 Domini

490 1269 553 1325 de
585 1270 695 1325 loco
725 1283 822 1325 suo
853 1278 877 1305 υ
913 1283 925 1323 :
959 1273 1128 1337 atque
1168 1265 1264 1322 alii
1300 1264 1740 1322 celeberrimum
1773 1263 1917 1321 illud.
1979 1279 2152 1321 veni-—

490 1349 846 1430 rationequc
878 1346 1290 1428 plenissimum
1323 1346 1538 1408 divinae
1599 1346 1795 1407 laudis
1850 1346 2142 1410 canticum

491 1448 887 1518 proclamant;
918 1444 1174 1512 Sanctus,
1206 1452 1443 1517 sanctus,
1474 1451 1690 1502 sanctus
1740 1445 2009 1500 Dominus
2041 1443 2146 1500 Sa-

491 1537 666 1604 baoth,
694 1537 850 1611 plena
875 1542 954 1594 est
973 1538 1144 1595 omnis
1176 1544 1326 1593 terra
1356 1536 1534 1608 gloria
1585 1536 1723 1592 taa°.
1778 1536 1889 1591 llas
1959 1545 2145 1592 autem

490 1619 955 1684 sublimissimas
1014 1619 1351 1681 caelestium
1403 1618 1686 1680 virtutum
1737 1616 2149 1695 hymnolugias

2229 539 2324 611 μὶν
2385 538 2439 592 ἐν
2497 542 2571 613 τῷ
2601 541 2715 617 περὶ
2747 541 2897 596 θείων
2931 539 3106 615 ὕμνων
3155 540 3504 618 συντάγματι,
3538 543 3607 607 ὡς
3640 540 3887 620 δυνατὸν,

2227 625 2648 707 διηρευνήσαμεο
2718 631 2803 686 καὶ
2863 628 3263 709 ἐξηγησόμεθα,
3338 630 3427 686 καὶ
3492 633 3698 709 εἱρηται
3770 635 3889 712 περὶ

2228 717 2426 772 τούτων
2460 717 2663 791 ἐκεῖσε,
2724 720 2798 781 ὡς
2857 719 2994 774 κατὰ
3026 720 3125 784 τὴν
3169 717 3435 798 ἡμετέραν
3483 718 3724 802 δύναμιν,
3758 724 3883 780 ἰκα-

2231 811 2356 868 νὼς·
2398 804 2490 886 ἀφ’
2520 809 2593 863 ὧν
2632 806 2806 885 λόγων
2853 808 3029 887 ἀρκεῖ,
3089 809 3233 864 κατὰ
3289 811 3350 864 τὸ
3409 811 3600 889 παρὸν,
3632 821 3885 870 τοσοῦτον

2230 897 2422 970 εἰπεῖν,
2485 894 2565 953 ὅτι
2595 898 2630 965 ἡ
2663 898 2849 974 πρώτη
2902 895 3257 971 διακόσμησις
3291 897 3660 979 ἑλλαμφθεῖσα
3688 903 3885 969 ταύτην

2230 984 2294 1051 δὴ
2352 990 2451 1052 τὴν
2509 993 2616 1041 τῶν
2668 985 2846 1061 ὕμνων
2890 985 3190 1067 θεολογίαν,
3248 985 3367 1044 καθ’
3424 987 3547 1045 ὅσον
3601 990 3883 1072 ἐνεχώρει,

2229 1075 2372 1147 πκρὰ
2414 1079 2513 1141 τῆς
2555 1081 2647 1131 τοῦ
2682 1082 2812 1133 Θεοῦ
2873 1076 3230 1152 ἆγαθότητος,
3287 1078 3485 1145 ταύτης
3531 1076 3595 1144 δὴ
3627 1086 3729 1147 τῆς
3760 1085 3885 1138 θεο-

2237 1167 2444 1243 ).ογίας,
2478 1166 2551 1228 ὡς
2582 1164 2900 1243 άγαθοειὸὴς
2963 1168 3214 1246 ἱερααχία
3286 1169 3373 1224 καὶ
3446 1168 3608 1234 τάξις,
3660 1172 3886 1250 Λέγεται

2235 1255 2334 1332 γὰρ
2363 1255 2628 1334 ἱερᾳρχία,
2665 1255 2742 1329 μὴ
2774 1254 2934 1330 μόνον
2964 1258 2998 1323 ἡ
3034 1258 3233 1312 τούτων
3266 1256 3396 1330 ἕξις,
3443 1280 3531 1314 και
3578 1259 3884 1340 ἐπιστήμη,

2233 1366 2321 1399 και
2352 1343 2611 1424 ἐνέργεια,
2646 1345 2781 1400 ἀλλὰ
2813 1348 2901 1400 καὶ
2935 1345 3065 1412 αὕτη
3129 1344 3193 1413 δὴ
3222 1348 3255 1414 ἡ
3293 1346 3667 1422 διακόσμησὶς⁸
3703 1349 3888 1421 ὥσπερ

2224 1435 2265 1501 ἡ
2296 1434 2551 1510 ἱερωσύνη
2584 1435 2670 1490 καὶ
2719 1434 2855 1501 αὒτῆ
2905 1435 2939 1501 ἡ
2990 1433 3127 1509 ἀξία,
3182 1439 3269 1492 καὶ
3327 1437 3375 1492 οἱ
3430 1436 3752 1518 μετέχοντες
3783 1442 3885 1496 αὖ·

2234 1529 2351 1598 τῆς)
2385 1522 2456 1585 ὥς
2488 1545 2688 1603 φπιλενο
2743 1530 2892 1580 Πᾶπα
2946 1526 2980 1592 ἦ
3029 1526 3288 1603 ἱερωσύνη
3339 1528 3400 1583 τὸ
3452 1529 3626 1584 καὶτὸ
3655 1531 3886 1611 εὖηργε-

2230 1612 2390 1691 τήθη,
2430 1616 2518 1668 καὶ
2571 1615 2631 1669 τὸ
2683 1614 2768 1670 καὶ
2820 1616 2880 1669 τὸ
2927 1614 3174 1674 πέπονθε.
3209 1616 3389 1673 Τοίνυν
3416 1615 3454 1683 ἦ
3483 1617 3707 1685 τοιαύτη
3738 1618 3886 1686 τάξις

484 1709 847 1790 jampridem
865 1708 923 1770 in
937 1717 1190 1771 tractatu
1218 1709 1304 1770 De
1316 1708 1539 1770 divinis
1552 1706 1795 1787 hymnis
1813 1708 1833 1727 ⁸
1847 1707 2143 1768 examina-

2232 1702 2321 1756 καὶ
2353 1699 2709 1774 διακόσμησις
2739 1704 2811 1765 ὡς
2843 1702 3179 1779 ἀγαθοειδὴς,
3231 1704 3430 1773 ταύτης
3460 1710 3558 1774 τῆς
3606 1704 3882 1785 θεολογίας

443 1796 448 1801 ’
489 1787 683 1860 rimus
712 1797 1552 1879 etcxplicuimus,ibidemque
1575 1796 1651 1858 de
1676 1796 1750 1857 iis
1765 1795 1905 1856 satis
1930 1814 2143 1876 snper-

2236 1803 2351 1853 τοῖς
2397 1787 2516 1866 μετ’
2549 1790 2713 1859 αὐτην
2757 1790 3093 1866 μεταδίδωσι·
3151 1794 3308 1852 τοῦτο
3358 1795 3458 1873 γάρ
3506 1795 3617 1854 ἐστι
3646 1798 3707 1853 τὸ
3737 1798 3883 1875 ἀγα-

493 1907 612 1970 que
641 1907 746 1970 pro
779 1877 1019 1950 modqu
1048 1877 1251 1951 nostro
1283 1888 1507 1955 dictum
1541 1895 1667 1949 est:
1704 1904 1736 1947 e
1767 1884 1983 1966 quibus
2015 1904 2143 1946 ser-

2232 1877 2452 1954 θοειδὲς,
2503 1881 2564 1936 τὸ
2610 1882 2895 1944 κοινωνοὺς
2926 1886 3199 1940 ποιεῖσθαι
3235 1885 3320 1940 καὶ
3368 1886 3604 1964 ἑταίρους
3634 1894 3725 1943 τοῦ
3754 1884 3885 1943 ἰδίου

495 1978 773 2040 monibus
800 1978 1061 2040 sufﬁciat
1105 1980 1166 2040 in
1224 1977 1678 2056 praesentiarum
1738 1975 1853 2036 hoc
1903 1973 2147 2050 dixisse,

493 2068 655 2146 quod
691 2068 880 2147 prima
904 2067 1244 2130 distributio
1269 2067 1530 2128 divinum
1555 2067 1667 2128 hoc
1692 2063 1932 2127 laudum
1959 2066 2109 2125 cauti
2130 2098 2149 2110 ι

493 2176 653 2232 cum,
688 2157 877 2238 quoad
894 2158 1260 2237 faserat,pcr
1287 2156 1740 2219 illustrationem
1765 2172 1798 2215 a
1819 2154 2013 2216 divina
2037 2154 2147 2215 bo-

495 2250 676 2309 nitate
699 2248 1022 2329 acceperit,
1048 2247 1121 2309 ab
1141 2245 1809 2329 ca,inquam,theologia
1832 2264 1936 2306 seu
1953 2245 2151 2305 divina

495 2337 931 2419 bonitate,qnm
950 2339 1124 2400 etiam
1148 2338 1497 2399 boniformis
1534 2337 1869 2398 liierarchia
1896 2345 1953 2396 et
2002 2336 2146 2397 ordo

496 2427 987 2490 exsistit.Dicitnr
1017 2428 1175 2489 enim
1200 2427 1533 2489 bierarchia
1564 2446 1682 2487 non
1719 2433 1944 2486 tantum
1981 2427 2145 2506 ipse-

494 2526 617 2579 met
646 2535 850 2579 eorum
885 2517 1153 2598 habitus,
1187 2526 1244 2579 et
1278 2516 1553 2587 scientia,
1587 2524 1648 2577 et
1682 2514 1975 2595 operatio,
2038 2517 2144 2576 sed

494 2606 669 2668 etiam
697 2612 952 2687 ipsamet
977 2606 1349 2669 distributio:
1379 2607 1533 2668 sicut
1554 2605 1958 2667 sacerdotium
1985 2611 2143 2685 ipsa-

496 2704 619 2759 met
647 2695 930 2776 dignitas,
962 2707 1019 2757 et
1041 2703 1138 2777 qui
1165 2715 1292 2758 eam
1328 2696 1724 2776 participant;
1758 2695 1836 2754 ita
1867 2695 2139 2768 dicimus,

495 2786 898 2849 sacerdotium
926 2787 1039 2847 hoc
1057 2796 1115 2848 et
1135 2786 1275 2848 illud
1290 2784 1653 2847 beneficium
1682 2783 1932 2864 accepit,
1953 2794 2011 2845 et
2035 2785 2146 2845 hoc

497 2880 565 2937 et
585 2876 733 2938 illud
761 2894 998 2956 passum
1026 2884 1133 2936 est.
1170 2875 1372 2954 itaque
1399 2874 1544 2935 ordo
1565 2872 1905 2936 istiusmodi
1929 2892 1992 2934 ac
2019 2873 2144 2934 dis-

496 2967 767 3047 tributio,
805 2976 1079 3046 tanquam
1138 2966 1512 3040 boniformis,
1572 2964 1932 3044 theologiam
1996 2966 2146 3026 hanc

490 3057 877 3119 inferioribus
900 3056 1244 3119 transmittit
1276 3074 1288 3118 ε
1311 3056 1607 3137 siquidem
1624 3056 1751 3117 haec
1769 3064 1858 3115 est
1881 3054 2145 3116 bonifor-

2235 1967 2418 2032 καλοῦ.
2456 1968 2796 2027 Μεταδέδωκε
2852 1978 2978 2050 γοῦν
3023 1971 3202 2030 ἐκεῖνο
3253 1974 3630 2052 ὑφηγουμένη,
3694 1977 3767 2040 ὡς
3818 1975 3883 2033 ἂν

2237 2058 2403 2138 εἶ’πω,
2436 2059 2555 2115 κατ’
2592 2059 2857 2136 ἐπιτομὴν
2916 2063 3001 2117 καὶ
3056 2064 3348 2139 συντόμως·
3406 2064 3488 2122 ὅτι
3545 2066 3755 2129 πάντως
3786 2069 3883 2123 θε-

2235 2149 2391 2222 μιτὸν
2447 2149 2534 2205 καὶ
2589 2147 2788 2206 δίκαιόν
2847 2149 2982 2224 ἐστι,
3044 2152 3187 2230 παρὰ
3240 2158 3423 2208 πασῶν
3479 2154 3581 2208 τῶν
3611 2151 3883 2234 θεοδόχων

2233 2236 2525 2313 δυνάμεων,
2588 2241 2674 2296 καὶ
2731 2240 3102 2319 γινώσκεσθαι,
3133 2242 3221 2297 καὶ
3264 2242 3566 2318 ὑμνεῖσθαι,
3605 2241 3745 2310 πλὴν
3804 2246 3884 2306 ὡς

2232 2326 2464 2407 ἐφικτὸν,
2506 2330 2665 2397 αὐτὴν
2720 2328 2785 2397 δὴ
2845 2335 2942 2397 τὴν
2998 2328 3289 2407 σεϐασμίαν
3346 2331 3443 2387 καὶ
3503 2331 3884 2412 ὒπερεύφημον

2231 2418 2706 2498 κλίπανεύφημον
2742 2418 3005 2495 Θεότητα,
3068 2423 3141 2483 ὡς
3199 2420 3263 2476 ὁίν
3322 2420 3375 2475 ἐν
3434 2428 3531 2497 μιᾷ
3557 2424 3889 2493 κινήσειδιὰ

2230 2509 2442 2567 πάντων
2472 2509 2773 2583 δοξάζηται·
2815 2512 2958 2570 οὗτοι
3013 2514 3112 2592 γὰρ
3173 2516 3326 2589 εἰσιν,
3360 2516 3434 2579 ὡς
3469 2522 3587 2590 Θεῷ
3636 2515 3888 2587 πρέπον-

2230 2623 2339 2675 τες,
2368 2604 2414 2658 οἱ
2436 2604 2572 2658 θεῖοι
2604 2602 2757 2659 τόποι
2790 2608 2888 2670 τῆς
2920 2606 3078 2661 cat-3w?)
3103 2607 3506 2685 καταπαύσεως,
3527 2607 3704 2670 καθὼς
3734 2606 3788 2663 ἐν
3811 2608 3886 2676 τῆ

2228 2693 2339 2768 ἱερᾷ
2384 2697 2565 2770 Γραφῇ
2596 2691 2831 2770 λέγεται·
2901 2699 3061 2750 Ποῖον
3121 2693 3278 2751 οἶκον
3341 2694 3725 2769 οἰκοδομήσετέ
3757 2720 3882 2778 μοι,

2229 2781 2374 2858 λέγει
2453 2779 2670 2858 Κύριος’
2756 2782 2791 2850 ἢ
2870 2784 2948 2848 τίς
3047 2784 3210 2848 τόπος
3299 2788 3398 2851 τῆς
3493 2786 3883 2853 καταπαύσεώς

2230 2891 2366 2945 μους
2404 2870 2569 2928 Αὒτοὺ
2599 2880 2691 2929 τοῦ
2721 2870 2944 2952 ἔχοντος
2979 2870 3225 2940 δηλονότι
3258 2874 3351 2940 τὰς
3378 2874 3531 2952 ἁγίας
3566 2876 3661 2933 καί
3693 2899 3882 2951 μακα-

2230 2963 2341 3040 ρίας
2375 2961 2552 3025 οὖσίας
2582 2962 2798 3037 τόπους,
2836 2961 2998 3019 οἱονεί
3053 2961 3322 3029 δεκτικοὺς
3379 2969 3480 3031 τῆς
3514 2965 3674 3022 αὐτοῦ
3730 2967 3883 3043 λαμ·-

2230 3051 2497 3124 πρότητος
2528 3072 2544 3089 ο
2592 3054 2665 3116 ὡς
2729 3054 2829 3130 γὰρ
2884 3054 2912 3108 ὁ
2968 3053 3129 3116 τόπος
3187 3051 3425 3117 δεκτικὸς
3457 3053 3569 3110 ἐστι
3602 3055 3883 3138 σώματος,

497 3147 694 3227 mitas,
729 3148 816 3207 72
842 3158 905 3207 ut
936 3147 1071 3226 quis
1101 3146 1249 3208 alios
1272 3145 1412 3207 boni
1443 3146 1530 3208 sui
1559 3144 1874 3225 participes
1901 3146 2140 3208 efﬁciat.

2230 3140 2369 3197 οὕτω
2396 3140 2490 3197 καὶ
2521 3141 2671 3198 αὗται
2704 3147 2805 3209 τῆς
2850 3143 2988 3206 θείας
3033 3141 3438 3220 λαμπρότητος.
3484 3149 3606 3206 Πῶς
3652 3144 3731 3220 δὲ,
3779 3151 3885 3214 τῆς

496 3236 917 3317 Transcripsit,
954 3237 1217 3317 inquam,
1255 3236 1399 3298 illud
1430 3235 1806 3315 explicando,
1846 3245 1907 3297 ut
1939 3237 2021 3297 sic
2046 3236 2143 3298 di-

2230 3236 2443 3310 Γριιφῆς
2475 3233 2793 3312 ἁπανταχοῦ
2851 3230 3113 3311 λεγούσης
3168 3233 3541 3311 ἀπεριόριστον
3601 3235 3662 3291 τὸ
3721 3243 3887 3293 Θεῖον

496 3346 650 3405 cam,
688 3346 796 3408 per
825 3327 1126 3407 epitomen
1158 3333 1584 3388 etsummatim
1622 3344 1638 3402 ;
1685 3325 1841 3405 quod
1899 3326 2142 3388 omnino

496 3435 726 3499 acquum
763 3427 818 3479 et
846 3420 1071 3496 justum
1105 3418 1208 3497 sit,
1238 3416 1311 3478 ab
1345 3415 1625 3479 omnibus
1680 3416 1791 3479 Dei
1820 3415 2142 3495 capacibus

491 3506 803 3568 virtutibus
831 3526 963 3568 cum
996 3506 1159 3585 sciri,
1196 3515 1316 3567 tum
1370 3506 1699 3587 decantari,
1761 3507 1954 3586 quoad
2013 3506 2141 3567 fieri

494 3604 713 3676 potest,
747 3596 935 3676 ipsam
962 3596 1383 3675 venerandam,
1412 3606 1472 3656 et
1493 3614 1671 3676 supra
1694 3615 1866 3676 quam
1901 3595 2145 3657 laudan-

496 3684 659 3759 dam,
693 3686 977 3764 omnique
1013 3685 1186 3745 laude
1215 3683 1453 3761 dignam
1474 3684 1992 3765 Deitatem,ntuno
2009 3703 2104 3745 mo
2126 3720 2142 3731 -

497 3784 556 3833 tu
591 3792 698 3854 per
732 3774 928 3834 omnia
961 3773 1331 3851 glorillcctur
1357 3791 1369 3835 :
1394 3773 1688 3853 siquidem
1717 3774 1774 3835 lii
1804 3785 1940 3834 sunt
1962 3774 2141 3835 divini

495 3863 607 3924 loci
638 3862 759 3924 Deo
788 3863 1297 3932 convenientosdn
1325 3863 1541 3941 quibus
1570 3865 2138 3945 rcquicscit,quem-

493 3962 800 4019 adedum
834 3965 889 4019 in
923 3978 1081 4020 sacra
1111 3963 1404 4033 Scriptura
1444 3963 1656 4021 dicitur
1690 3980 1704 4020 :
1766 3964 1984 4031 Qualem
2047 3965 2143 4020 do-

494 4069 628 4107 mum
656 4051 994 4122 celi/icabitis
1024 4054 1209 4110 mihi?
1240 4054 1379 4109 Dicit
1407 4054 1670 4111 Dominus
1702 4071 1719 4116 .'
1758 4054 1843 4111 vel
1900 4055 2015 4128 quis
2064 4056 2143 4111 lo-

489 4160 581 4197 cus
610 4143 949 4214 requietionis
978 4160 1107 4199 mea:
1136 4156 1160 4197 ρ
1187 4141 1216 4201 ι
1250 4146 1323 4202 ita
1359 4145 1633 4203 nimirum
1672 4155 1729 4202 ut
1773 4146 1895 4217 ipse
1957 4150 2141 4218 possi-

492 4225 629 4288 deat
651 4232 885 4287 sanctas
909 4226 1055 4287 istas
1074 4226 1391 4308 beatusque
1410 4239 1654 4289 naturas
1676 4237 1951 4309 tanquam
1980 4230 2144 4292 locos

491 4335 740 4396 capaces
766 4316 1104 4394 splendoris
1127 4318 1219 4378 sui
1248 4339 1260 4380 :
1296 4318 1449 4379 sicut
1473 4318 1630 4379 enim
1664 4318 1830 4380 locus
1852 4337 2032 4399 capax
2055 4330 2145 4382 est

491 4411 779 4486 corporis,
813 4407 898 4468 sic
930 4416 987 4468 et
1019 4407 1165 4487 ipsa)
1192 4407 1375 4469 divini
1407 4408 1684 4488 splendor
1706 4413 1778 4471 is.
1836 4408 2142 4481 Quomodo

2230 3320 2323 3400 (ὡς
2356 3324 2438 3378 τὸ⁶
2476 3319 2533 3380 Ὀ
2570 3324 2786 3401 οὐρανὸς
2819 3323 3000 3401 θρόνος
3032 3322 3217 3399 αὑτοῦ,
3290 3325 3325 3392 ἡ
3397 3321 3453 3380 δὲ
3524 3324 3594 3403 γῆ
3664 3325 3882 3383 ὑποπό-

2224 3409 2357 3468 διον*
2418 3414 2510 3469 καί
2557 3410 2740 3488 πάλιν,
2804 3411 3058 3479 ’Ἔστησε
3088 3412 3184 3475 τὰς
3215 3413 3385 3477 νάπας
3441 3419 3607 3493 ζυγῷ,
3639 3415 3736 3472 καί
3780 3419 3884 3485 τὴν

2227 3502 2327 3582 γῆν
2360 3500 2532 3579 δρακίο
2596 3504 2686 3559 ιικί
2747 3505 2915 3576 αὖθις,
2978 3501 3102 3560 Ἐὰν
3161 3506 3403 3581 πορευθῶ
3461 3506 3534 3570 εἰς
3573 3506 3665 3561 τὸν
3710 3507 3884 3584 οὖρα-

2228 3596 2338 3673 νὸν,
2375 3594 2554 3673 πάρει·
2604 3592 2694 3649 ἐὰν
2742 3590 2962 3649 καταϐῶ
3017 3593 3092 3656 εἰς
3151 3595 3241 3653 τὸν
3302 3592 3458 3673 ᾅδην,
3494 3594 3610 3652 ἐκεῖ
3664 3597 3701 3664 ἡ
3757 3599 3889 3676 χεὶρ

2226 3684 2367 3762 σου),
2405 3688 2567 3741 ποῖον
2597 3682 2760 3740 τόπον
2791 3683 2818 3739 δ
2846 3682 3103 3754 Ἰεζεκιῆλ
3133 3681 3393 3752 ἐπενόησε
3422 3691 3499 3759 τῷ
3533 3692 3647 3760 Θεῷ
3677 3706 3694 3763 ;
3739 3694 3886 3744 Θεο-

2227 3775 2443 3850 πρεπῶς
2474 3786 2678 3831 νοεῖται
2707 3776 2883 3830 τοῦτο·
2928 3773 3073 3852 λέγει
3123 3774 3225 3852 γὰρ
3275 3775 3366 3830 καὶ
3421 3774 3474 3831 ἐν
3534 3774 3888 3855 Εὗαγγελίοις

2226 3866 2252 3921 ὁ
2284 3863 2493 3943 Κύριος,
2532 3861 2707 3943 (Ἐγὼ
2738 3865 2822 3920 καὶ
2853 3865 2881 3919 ὁ
2916 3863 3119 3944 Πατὴρ)
3153 3862 3499 3943 ἐλευσόμεθα,
3556 3866 3644 3921 καὶ
3704 3865 3884 3941 μονὴν

2225 3954 2345 4032 παρ’
2380 3954 2522 4029 αὒτῷ
2553 3954 2914 4029 ποιησόμεθα,
2948 3953 3087 4011 ὥστε
3132 3953 3219 4009 καὶ
3280 3953 3331 4011 αἱ
3391 3955 3575 4022 νοηταὶ
3606 3951 3883 4032 δυνάμεις,

2222 4047 2309 4101 καὶ
2342 4049 2446 4100 τῶν
2478 4043 2642 4122 ἁγίων
2700 4045 2753 4101 αἱ
2810 4045 3005 4124 ψυχαὶ,
3064 4044 3227 4107 τόπος
3271 4043 3486 4108 εἰκότως
3519 4042 3772 4112 κληθεῖεν
3816 4044 3887 4100 ἂν

2225 4136 2311 4191 καὶ
2340 4134 2630 4199 ἀνάπαυσις
2660 4141 2752 4191 τοῦ
2784 4140 2935 4194 Θεοῦ,
2976 4133 3112 4190 Ἀπὸ
3144 4141 3326 4191 κοινοῦ
3374 4136 3407 4203 ἡ
3456 4133 3723 4200 σύνταξις.
3759 4136 3887 4194 Κά-

2227 4238 2376 4281 κεῖνο
2429 4222 2589 4283 πάλιν
2646 4223 2992 4303 ὑφηγουμένη
3048 4226 3082 4292 ἡ
3136 4224 3323 4302 πρώτη
3386 4222 3739 4300 διακόσμησις
3809 4225 3887 4301 τῇ

2228 4311 2344 4390 μετ’
2377 4313 2542 4382 αὐτὴν
2572 4312 2916 4392 ἀγαθοειδῶς,
2978 4317 3037 4371 τὸ
3095 4314 3176 4371 ὅτι
3232 4315 3401 4390 μονάς
3453 4317 3564 4371 εστι
3623 4317 3710 4373 καὶ
3754 4316 3887 4381 sva;

2226 4404 2639 4483 τρισυπόστκτος
2711 4406 2744 4474 ἧ
2816 4405 3049 4482 μακαρία
3124 4406 3211 4461 καὶ
3283 4406 3514 4485 παναγία
3564 4406 3722 4485 Τριᾶις
3792 4407 3891 4464 καὶ

491 4505 713 4570 autem,
740 4495 978 4558 dicente
1001 4498 1307 4578 Scriptura
1330 4497 1551 4577 ubique
1573 4496 1761 4559 Deum
1792 4517 1927 4561 esse
1954 4498 2141 4560 incir-

2228 4496 2416 4570 μονὰς,
2451 4492 2653 4552 διιετσα
2710 4496 2798 4552 καὶ
2858 4493 3229 4571 διαπέμπουσα
3260 4496 3361 4563 τὴν
3392 4497 3557 4564 αὐτῆς
3591 4495 3890 4575 ἆγαθωτά-

492 4587 915 4664 cumscriptum
944 4595 1026 4658 (ut
1056 4605 1186 4647 cum
1221 4587 1553 4663 ait,coalum
1579 4606 1712 4650 esse
1744 4589 1947 4651 scdcm
1984 4589 2137 4671 ejus,

491 4689 700 4740 terram
729 4692 919 4741 autem
952 4685 1291 4742 scabellumq
1325 4702 1342 4755 ;
1379 4695 1431 4742 et
1460 4687 1709 4743 iterum:
1769 4685 1973 4743 Statuit
2030 4689 2143 4744 col-

438 4786 441 4789 ·
492 4770 566 4828 Ie:
592 4775 820 4840 statera,
856 4777 907 4828 et
936 4777 1147 4829 terram
1172 4786 1405 4845 pugnar;
1436 4785 1493 4831 et
1549 4788 1771 4844 rursus,
1841 4777 1899 4832 Si
1956 4791 2145 4834 ascea-

490 4861 617 4918 dero
648 4862 710 4919 in
736 4862 942 4929 caelum,
976 4861 1104 4919 ades
1133 4880 1155 4931 ;
1180 4865 1231 4920 si
1266 4863 1580 4921 descendero
1611 4865 1667 4919 in
1715 4866 2012 4936 infernum,
2072 4867 2142 4922 il-

494 4954 581 5010 luc
610 4968 803 5010 manus
832 4960 930 5011 tua
959 4953 1022 5025 ³),
1060 4954 1283 5025 qualem
1317 4955 1505 5013 locum
1536 4955 1792 5013 Ezechiel
1826 4955 1937 5014 Deo
1967 4972 2144 5017 exco-

493 5032 744 5112 gitavit?
801 5033 921 5095 Deo
955 5034 1133 5114 digne
1170 5036 1281 5097 hoc
1341 5035 1738 5115 intelligitur:
1788 5035 1932 5098 dicit
1983 5038 2139 5100 enim

492 5123 669 5184 etiam
693 5122 752 5183 in
784 5122 1115 5203 Evangeliis
1140 5124 1451 5188 Dominus.
1471 5126 1616 5207 (Ego
1640 5133 1697 5187 et
1719 5126 1918 5209 Pater)
1945 5130 2145 5191 venie-

492 5218 713 5287 mus,et
733 5214 1108 5276 mansionem
1157 5215 1321 5294 apud
1361 5232 1500 5278 eum
1548 5216 1917 5293 faciemus‘:
1956 5219 2043 5281 ita
2076 5225 2144 5282 ut

495 5301 671 5364 etiam
691 5300 954 5365 Virtutes
967 5303 1495 5388 spiritualesatque
1522 5306 1737 5369 animae
1769 5316 2135 5390 sanctorum,

574 5476 602 5507 ιι
633 5461 849 5527 Ezech.
883 5481 965 5545 ιιι,
1001 5464 1097 5530 12.

497 5541 710 5608 ‘Joan.
749 5562 869 5617 xw,
905 5541 1003 5609 23.

575 5661 596 5686 '
628 5661 1044 5729 Desideratur.

1185 5480 1211 5510 ο
1242 5467 1353 5530 lsa.
1381 5486 1459 5548 γι,
1494 5467 1552 5530 3.
1640 5480 1666 5522 P
1695 5468 1825 5532 Act.
1855 5487 1956 5549 vn,
1992 5471 2091 5534 49.

2179 5482 2207 5526 (ι
2238 5470 2374 5536 Issi.
2405 5485 2566 5545 LXVI,
2603 5469 2657 5530 1,

2225 4607 2325 4652 την
2356 4585 2606 4664 πρόνοιαν
2667 4584 2759 4642 ἀπ’
2818 4585 2990 4641 αὐτῶν
3045 4591 3153 4641 τῶν
3209 4585 3437 4663 πρώτων
3499 4586 3749 4664 οὖρανίων
3782 4586 3891 4643 οό-

2225 4678 2353 4731 σιῶν
2384 4675 2468 4732 ἐπὶ
2504 4676 2677 4732 πάντα
2735 4675 2803 4732 τὰ
2854 4674 3001 4750 ὅντα,
3038 4674 3204 4756 μέχρι
3233 4684 3326 4735 τοῦ
3355 4674 3707 4756 λεπτοτάτου,
3742 4678 3893 4734 κατὰ

2224 4766 2306 4820 τοο
2380 4767 2452 4824 Τὸ
2521 4764 2917 4845 ἇκατέργαστόν
2988 4787 3090 4841 μου
3149 4763 3298 4824 εἶδον
3356 4768 3406 4824 οἱ
3461 4764 3720 4846 ὀφθαλμοί
3758 4774 3888 4824 σοῦ·

2225 4855 2297 4921 ὡς
2328 4852 2504 4923 πάσης
2536 4855 2717 4920 οὗσίας
2749 4856 2896 4935 ἀρχὴ
2953 4856 3304 4936 ὕπεράρχιος,
3364 4857 3451 4913 καὶ
3508 4856 3639 4935 ὑπὲρ
3699 4862 3894 4915 πᾶσαν

2227 4945 2405 5026 ἀρχὴν
2436 4946 2566 5004 οὖσα
2594 4947 2755 5026 αἰτία,
2786 4948 2876 5003 καὶ
2905 4946 3117 5007 πάντων
3170 4952 3276 5004 τῶν
3331 4943 3498 5003 ὄντων
3528 4943 3896 5026 περιδεδραγ-

2227 5036 2364 5114 μένη
2393 5035 2743 5115 ὕπερουσίως,
2774 5034 2830 5092 ὲν
2853 5035 3071 5117 ἀσχέτῳ
3100 5042 3328 5117 συνοχῇ.
3363 5033 3649 5117 ’Ἃσχετον
3676 5034 3735 5093 δὲ
3757 5058 3897 5097 συν-

2227 5127 2369 5206 οχὴν
2400 5124 2546 5205 λέγει
2604 5127 2703 5195 τὴν
2760 5124 3097 5206 ὶξῃρημένην
3146 5126 3322 5194 πάντη
3352 5129 3441 5186 καὶ
3468 5125 3716 5207 ἀσυναφῆ
3746 5128 3895 5207 πρὸς

2225 5219 2291 5275 τὰ
2321 5218 2658 5296 συνεχόμινα
2687 5216 3090 5297 περικράτησιν·
3128 5216 3172 5273 εἷ
3203 5216 3303 5295 γὰρ
3337 5217 3427 5274 καὶ
3455 5217 3672 5275 πάντων
3714 5238 3897 5297 περι-

2226 5304 2575 5388 δεδραγμένον
2633 5304 2743 5365 ἐστὶ
2785 5308 2847 5364 τὸ
2904 5300 3086 5389 Θεῖον,
3145 5307 3235 5365 καὶ
3291 5306 3468 5366 πάντα
3521 5316 3894 5389 περικρατοῦν

2744 5469 2905 5534 rlsa.
2934 5484 3038 5552 XL,
3073 5468 3171 5533 12.
3256 5484 3278 5514 ι
3300 5466 3459 5533 Psal.
3495 5481 3783 5551 cxxxvm,
3820 5469 3894 5537 8.
