  <div class='ocr_page' id='page_1' title='image "/cluster/home/n/w/nwhite01/storage/ocr_20150623/3/mdp.39015008855614/128.png"; bbox 0 0 4112 6160; ppageno 0'>
   <div class='ocr_carea' id='block_1_1' title="bbox 197 329 304 396">
    <p class='ocr_par' dir='ltr' id='par_1_1' title="bbox 197 329 304 396">
     <span class='ocr_line' id='line_1_1' title="bbox 197 329 304 396; baseline -0.019 0"><span class='ocrx_word' id='word_1_1' title='bbox 197 329 304 396; x_wconf 60' lang='grc'><strong>241</strong></span> 
     </span>
    </p>
   </div>
   <div class='ocr_carea' id='block_1_2' title="bbox 747 320 3048 406">
    <p class='ocr_par' dir='ltr' id='par_1_2' title="bbox 747 320 3048 406">
     <span class='ocr_line' id='line_1_2' title="bbox 747 320 3048 406; baseline -0.004 -11"><span class='ocrx_word' id='word_1_2' title='bbox 747 331 845 396; x_wconf 88' lang='lat' dir='ltr'><strong>DE</strong></span> <span class='ocrx_word' id='word_1_3' title='bbox 887 329 1239 395; x_wconf 80' lang='lat' dir='ltr'><strong>C(ELESTI</strong></span> <span class='ocrx_word' id='word_1_4' title='bbox 1298 324 1802 406; x_wconf 79' lang='lat' dir='ltr'><strong>HIERARCHIA,</strong></span> <span class='ocrx_word' id='word_1_5' title='bbox 1848 324 2014 388; x_wconf 83' lang='lat' dir='ltr'><strong>CAP.</strong></span> <span class='ocrx_word' id='word_1_6' title='bbox 2062 323 2232 388; x_wconf 90' lang='lat' dir='ltr'>VIII.</span> <span class='ocrx_word' id='word_1_7' title='bbox 2281 353 2361 369; x_wconf 90' lang='grc'><strong>--</strong></span> <span class='ocrx_word' id='word_1_8' title='bbox 2401 320 2756 388; x_wconf 82' lang='lat' dir='ltr'><strong>CORDERII</strong></span> <span class='ocrx_word' id='word_1_9' title='bbox 2799 322 3048 389; x_wconf 62' lang='lat' dir='ltr'><strong>NOTAE.</strong></span> 
     </span>
    </p>
   </div>
   <div class='ocr_carea' id='block_1_3' title="bbox 3477 321 3594 388">
    <p class='ocr_par' dir='ltr' id='par_1_3' title="bbox 3477 321 3594 388">
     <span class='ocr_line' id='line_1_3' title="bbox 3477 321 3594 388; baseline 0 0"><span class='ocrx_word' id='word_1_10' title='bbox 3477 321 3594 388; x_wconf 76' lang='grc'><strong>242</strong></span> 
     </span>
    </p>
   </div>
   <div class='ocr_carea' id='block_1_4' title="bbox 204 455 1871 546">
    <p class='ocr_par' dir='ltr' id='par_1_4' title="bbox 204 463 1866 546">
     <span class='ocr_line' id='line_1_4' title="bbox 204 463 1866 546; baseline -0.005 -21"><span class='ocrx_word' id='word_1_11' title='bbox 204 473 306 525; x_wconf 78' lang='grc' dir='ltr'><strong>τῶν</strong></span> <span class='ocrx_word' id='word_1_12' title='bbox 355 465 775 546; x_wconf 63' lang='grc' dir='ltr'>προνοουμένων</span> <span class='ocrx_word' id='word_1_13' title='bbox 833 463 918 522; x_wconf 76' lang='grc' dir='ltr'>ἐπὶ</span> <span class='ocrx_word' id='word_1_14' title='bbox 973 465 1034 522; x_wconf 71' lang='grc' dir='ltr'>τὸ</span> <span class='ocrx_word' id='word_1_15' title='bbox 1091 476 1334 542; x_wconf 72' lang='grc' dir='ltr'>κρεῖττον</span> <span class='ocrx_word' id='word_1_16' title='bbox 1405 468 1718 543; x_wconf 80' lang='grc' dir='ltr'>μεταγωγῇ,</span> <span class='ocrx_word' id='word_1_17' title='bbox 1778 484 1866 518; x_wconf 79' lang='grc' dir='ltr'>και</span> 
     </span>
    </p>
   </div>
   <div class='ocr_carea' id='block_1_5' title="bbox 1955 455 3596 546">
    <p class='ocr_par' dir='ltr' id='par_1_5' title="bbox 1955 455 3596 538">
     <span class='ocr_line' id='line_1_5' title="bbox 1955 455 3596 538; baseline 0.002 -18"><span class='ocrx_word' id='word_1_18' title='bbox 1955 455 2634 538; x_wconf 86' lang='lat' dir='ltr'><strong>puisset,ultricibusque</strong></span> <span class='ocrx_word' id='word_1_19' title='bbox 2647 475 2714 519; x_wconf 87' lang='lat' dir='ltr'><strong>ac</strong></span> <span class='ocrx_word' id='word_1_20' title='bbox 2732 457 3078 520; x_wconf 80' lang='lat' dir='ltr'><strong>crudelibus</strong></span> <span class='ocrx_word' id='word_1_21' title='bbox 3093 455 3436 521; x_wconf 76' lang='lat' dir='ltr'><strong>nationibus</strong></span> <span class='ocrx_word' id='word_1_22' title='bbox 3453 476 3596 523; x_wconf 90' lang='lat' dir='ltr'><strong>cor-</strong></span> 
     </span>
    </p>
   </div>
   <div class='ocr_carea' id='block_1_6' title="bbox 208 551 1868 636">
    <p class='ocr_par' dir='ltr' id='par_1_6' title="bbox 208 551 1868 636">
     <span class='ocr_line' id='line_1_6' title="bbox 208 551 1868 636; baseline -0.005 -21"><span class='ocrx_word' id='word_1_23' title='bbox 208 563 304 626; x_wconf 80' lang='grc' dir='ltr'>τῆς</span> <span class='ocrx_word' id='word_1_24' title='bbox 393 555 779 636; x_wconf 80' lang='grc' dir='ltr'>αἶχμαλωσίας</span> <span class='ocrx_word' id='word_1_25' title='bbox 849 555 991 635; x_wconf 62' lang='grc' dir='ltr'>ἠφίει</span> <span class='ocrx_word' id='word_1_26' title='bbox 1066 556 1154 612; x_wconf 83' lang='grc' dir='ltr'><strong>καὶ</strong></span> <span class='ocrx_word' id='word_1_27' title='bbox 1237 555 1368 636; x_wconf 66' lang='grc' dir='ltr'>προς</span> <span class='ocrx_word' id='word_1_28' title='bbox 1439 553 1538 621; x_wconf 75' lang='grc' dir='ltr'><strong>την</strong></span> <span class='ocrx_word' id='word_1_29' title='bbox 1613 551 1868 632; x_wconf 81' lang='grc' dir='ltr'>προτέραν</span> 
     </span>
    </p>
   </div>
   <div class='ocr_carea' id='block_1_7' title="bbox 209 633 1866 724">
    <p class='ocr_par' dir='ltr' id='par_1_7' title="bbox 209 633 1866 724">
     <span class='ocr_line' id='line_1_7' title="bbox 209 633 1866 724; baseline -0.009 -13"><span class='ocrx_word' id='word_1_30' title='bbox 209 648 460 710; x_wconf 57' lang='grc' dir='ltr'>ἐπιεικῶς</span> <span class='ocrx_word' id='word_1_31' title='bbox 507 646 852 724; x_wconf 66' lang='grc' dir='ltr'>ἓπανήγαγεν</span> <span class='ocrx_word' id='word_1_32' title='bbox 877 643 941 695; x_wconf 81' lang='grc'><strong>50</strong></span> <span class='ocrx_word' id='word_1_33' title='bbox 970 644 1270 706; x_wconf 78' lang='grc' dir='ltr'>εὐπάθειαν,</span> <span class='ocrx_word' id='word_1_34' title='bbox 1313 633 1438 720; x_wconf 68' lang='grc' dir='ltr'><strong>Ὀρᾷ</strong></span> <span class='ocrx_word' id='word_1_35' title='bbox 1469 648 1572 698; x_wconf 80' lang='grc' dir='ltr'><strong>τῶν</strong></span> <span class='ocrx_word' id='word_1_36' title='bbox 1603 640 1866 719; x_wconf 85' lang='grc' dir='ltr'>θεολόγων</span> 
     </span>
    </p>
   </div>
   <div class='ocr_carea' id='block_1_8' title="bbox 207 731 1862 818">
    <p class='ocr_par' dir='ltr' id='par_1_8' title="bbox 207 731 1862 818">
     <span class='ocr_line' id='line_1_8' title="bbox 207 731 1862 818; baseline -0.004 -24"><span class='ocrx_word' id='word_1_37' title='bbox 207 742 318 818; x_wconf 77' lang='grc' dir='ltr'>εἷς,</span> <span class='ocrx_word' id='word_1_38' title='bbox 379 739 407 793; x_wconf 99' lang='lat'><strong>6</strong></span> <span class='ocrx_word' id='word_1_39' title='bbox 467 735 744 815; x_wconf 77' lang='grc' dir='ltr'>Ζαχαρίας</span> <span class='ocrx_word' id='word_1_40' title='bbox 800 733 881 814; x_wconf 69' lang='grc'><strong>51,</strong></span> <span class='ocrx_word' id='word_1_41' title='bbox 927 732 1019 790; x_wconf 82' lang='grc' dir='ltr'>ἕνα</span> <span class='ocrx_word' id='word_1_42' title='bbox 1075 735 1180 791; x_wconf 80' lang='grc' dir='ltr'>τῶν</span> <span class='ocrx_word' id='word_1_43' title='bbox 1237 731 1481 811; x_wconf 84' lang='grc' dir='ltr'>πρώτων,</span> <span class='ocrx_word' id='word_1_44' title='bbox 1547 733 1619 796; x_wconf 82' lang='grc' dir='ltr'>ὡς</span> <span class='ocrx_word' id='word_1_45' title='bbox 1679 731 1862 805; x_wconf 79' lang='grc' dir='ltr'>οἶμαι,</span> 
     </span>
    </p>
   </div>
   <div class='ocr_carea' id='block_1_9' title="bbox 206 819 1866 904">
    <p class='ocr_par' dir='ltr' id='par_1_9' title="bbox 206 819 1866 904">
     <span class='ocr_line' id='line_1_9' title="bbox 206 819 1866 904; baseline -0.006 -19"><span class='ocrx_word' id='word_1_46' title='bbox 206 831 297 885; x_wconf 82' lang='grc' dir='ltr'>καὶ</span> <span class='ocrx_word' id='word_1_47' title='bbox 353 827 470 904; x_wconf 76' lang='grc' dir='ltr'>περὶ</span> <span class='ocrx_word' id='word_1_48' title='bbox 531 826 663 881; x_wconf 82' lang='grc' dir='ltr'><strong>Θεὸν</strong></span> <span class='ocrx_word' id='word_1_49' title='bbox 692 822 939 903; x_wconf 74' lang='grc' dir='ltr'>ἀγγέλων</span> <span class='ocrx_word' id='word_1_50' title='bbox 969 824 1170 900; x_wconf 78' lang='grc' dir='ltr'>(κοινὸν</span> <span class='ocrx_word' id='word_1_51' title='bbox 1225 823 1346 902; x_wconf 72' lang='grc' dir='ltr'>γὰρ,</span> <span class='ocrx_word' id='word_1_52' title='bbox 1411 823 1485 887; x_wconf 85' lang='grc' dir='ltr'>ὡς</span> <span class='ocrx_word' id='word_1_53' title='bbox 1542 820 1697 902; x_wconf 69' lang='grc' dir='ltr'>ἔφην,</span> <span class='ocrx_word' id='word_1_54' title='bbox 1758 819 1866 876; x_wconf 70' lang='grc' dir='ltr'>ἐστὶ</span> 
     </span>
    </p>
   </div>
   <div class='ocr_carea' id='block_1_10' title="bbox 203 911 1868 993">
    <p class='ocr_par' dir='ltr' id='par_1_10' title="bbox 203 911 1868 993">
     <span class='ocr_line' id='line_1_10' title="bbox 203 911 1868 993; baseline -0.005 -18"><span class='ocrx_word' id='word_1_55' title='bbox 203 924 336 975; x_wconf 77' lang='grc' dir='ltr'>πᾶσι</span> <span class='ocrx_word' id='word_1_56' title='bbox 367 917 429 972; x_wconf 75' lang='grc' dir='ltr'>τὸ</span> <span class='ocrx_word' id='word_1_57' title='bbox 460 914 556 983; x_wconf 72' lang='grc' dir='ltr'>τῆς</span> <span class='ocrx_word' id='word_1_58' title='bbox 613 913 909 992; x_wconf 78' lang='grc' dir='ltr'>ἆγγελικῆς</span> <span class='ocrx_word' id='word_1_59' title='bbox 971 911 1296 993; x_wconf 71' lang='grc' dir='ltr'>ἐπωνυμίας)</span> <span class='ocrx_word' id='word_1_60' title='bbox 1344 913 1475 990; x_wconf 80' lang='grc' dir='ltr'>πρὸς</span> <span class='ocrx_word' id='word_1_61' title='bbox 1533 912 1688 968; x_wconf 73' lang='grc' dir='ltr'>αὒτοῦ</span> <span class='ocrx_word' id='word_1_62' title='bbox 1735 917 1868 968; x_wconf 78' lang='grc' dir='ltr'>Θεοῦ</span> 
     </span>
    </p>
   </div>
   <div class='ocr_carea' id='block_1_11' title="bbox 202 999 1865 1084">
    <p class='ocr_par' dir='ltr' id='par_1_11' title="bbox 202 999 1865 1084">
     <span class='ocr_line' id='line_1_11' title="bbox 202 999 1865 1084; baseline -0.004 -21"><span class='ocrx_word' id='word_1_63' title='bbox 202 1007 443 1084; x_wconf 82' lang='grc' dir='ltr'>μαθόντα</span> <span class='ocrx_word' id='word_1_64' title='bbox 501 1005 623 1066; x_wconf 83' lang='grc' dir='ltr'>τοὺς</span> <span class='ocrx_word' id='word_1_65' title='bbox 684 1005 802 1079; x_wconf 80' lang='grc' dir='ltr'>περὶ</span> <span class='ocrx_word' id='word_1_66' title='bbox 858 1004 1049 1060; x_wconf 84' lang='grc' dir='ltr'>τούτου</span> <span class='ocrx_word' id='word_1_67' title='bbox 1111 1001 1563 1081; x_wconf 81' lang='grc' dir='ltr'>παρακλητικοὺς,</span> <span class='ocrx_word' id='word_1_68' title='bbox 1599 1003 1670 1064; x_wconf 85' lang='grc' dir='ltr'>ὼς</span> <span class='ocrx_word' id='word_1_69' title='bbox 1705 999 1865 1079; x_wconf 73' lang='grc' dir='ltr'>εἴρη-</span> 
     </span>
    </p>
   </div>
   <div class='ocr_carea' id='block_1_12' title="bbox 203 1090 1865 1174">
    <p class='ocr_par' dir='ltr' id='par_1_12' title="bbox 203 1090 1865 1174">
     <span class='ocr_line' id='line_1_12' title="bbox 203 1090 1865 1174; baseline -0.004 -20"><span class='ocrx_word' id='word_1_70' title='bbox 203 1121 319 1170; x_wconf 77' lang='grc' dir='ltr'>ται,</span> <span class='ocrx_word' id='word_1_71' title='bbox 353 1095 569 1174; x_wconf 49' lang='grc' dir='ltr'>λόγους</span> <span class='ocrx_word' id='word_1_72' title='bbox 604 1093 782 1173; x_wconf 79' lang='grc' dir='ltr'>ἕτερον</span> <span class='ocrx_word' id='word_1_73' title='bbox 838 1093 893 1150; x_wconf 73' lang='grc' dir='ltr'><strong>δὲ</strong></span> <span class='ocrx_word' id='word_1_74' title='bbox 953 1098 1058 1149; x_wconf 81' lang='grc' dir='ltr'>τῶν</span> <span class='ocrx_word' id='word_1_75' title='bbox 1107 1093 1402 1172; x_wconf 77' lang='grc' dir='ltr'>ὑφειμένων</span> <span class='ocrx_word' id='word_1_76' title='bbox 1433 1090 1701 1170; x_wconf 71' lang='grc' dir='ltr'>ἀίγέλων,</span> <span class='ocrx_word' id='word_1_77' title='bbox 1735 1092 1865 1170; x_wconf 81' lang='grc' dir='ltr'>πρὸς</span> 
     </span>
    </p>
   </div>
   <div class='ocr_carea' id='block_1_13' title="bbox 204 1181 1869 1262">
    <p class='ocr_par' dir='ltr' id='par_1_13' title="bbox 204 1181 1869 1262">
     <span class='ocr_line' id='line_1_13' title="bbox 204 1181 1869 1262; baseline -0.005 -18"><span class='ocrx_word' id='word_1_78' title='bbox 204 1187 510 1252; x_wconf 72' lang='grc' dir='ltr'><strong>ὑπάντησιν</strong></span> <span class='ocrx_word' id='word_1_79' title='bbox 565 1183 626 1235; x_wconf 61' lang='grc'><strong>59</strong></span> <span class='ocrx_word' id='word_1_80' title='bbox 684 1191 776 1242; x_wconf 79' lang='grc' dir='ltr'>τοῦ</span> <span class='ocrx_word' id='word_1_81' title='bbox 831 1184 1041 1262; x_wconf 81' lang='grc' dir='ltr'>πρώτου</span> <span class='ocrx_word' id='word_1_82' title='bbox 1071 1181 1552 1261; x_wconf 80' lang='grc' dir='ltr'>προπορευόμενον,</span> <span class='ocrx_word' id='word_1_83' title='bbox 1619 1183 1692 1244; x_wconf 86' lang='grc' dir='ltr'>ὡς</span> <span class='ocrx_word' id='word_1_84' title='bbox 1739 1181 1869 1258; x_wconf 78' lang='grc' dir='ltr'>πρὸς</span> 
     </span>
    </p>
   </div>
   <div class='ocr_carea' id='block_1_14' title="bbox 209 1271 1869 1354">
    <p class='ocr_par' dir='ltr' id='par_1_14' title="bbox 209 1271 1869 1354">
     <span class='ocr_line' id='line_1_14' title="bbox 209 1271 1869 1354; baseline -0.004 -21"><span class='ocrx_word' id='word_1_85' title='bbox 209 1276 536 1351; x_wconf 69' lang='grc' dir='ltr'>ἐλλάμψεως</span> <span class='ocrx_word' id='word_1_86' title='bbox 566 1271 842 1354; x_wconf 72' lang='grc' dir='ltr'>ὑποδοχὴν</span> <span class='ocrx_word' id='word_1_87' title='bbox 887 1276 975 1330; x_wconf 83' lang='grc' dir='ltr'>καὶ</span> <span class='ocrx_word' id='word_1_88' title='bbox 1020 1271 1350 1352; x_wconf 76' lang='grc' dir='ltr'>μετάληψιν,</span> <span class='ocrx_word' id='word_1_89' title='bbox 1396 1271 1519 1328; x_wconf 79' lang='grc' dir='ltr'>εἶτα</span> <span class='ocrx_word' id='word_1_90' title='bbox 1548 1273 1680 1349; x_wconf 86' lang='grc' dir='ltr'>πρὸς</span> <span class='ocrx_word' id='word_1_91' title='bbox 1711 1272 1869 1328; x_wconf 80' lang='grc' dir='ltr'>αὐτοῦ</span> 
     </span>
    </p>
   </div>
   <div class='ocr_carea' id='block_1_15' title="bbox 207 1361 1868 1442">
    <p class='ocr_par' dir='ltr' id='par_1_15' title="bbox 207 1361 1868 1442">
     <span class='ocr_line' id='line_1_15' title="bbox 207 1361 1868 1442; baseline -0.004 -18"><span class='ocrx_word' id='word_1_92' title='bbox 207 1368 310 1434; x_wconf 70' lang='grc' dir='ltr'><strong>τὴν</strong></span> <span class='ocrx_word' id='word_1_93' title='bbox 338 1368 483 1423; x_wconf 78' lang='grc' dir='ltr'>θείαν</span> <span class='ocrx_word' id='word_1_94' title='bbox 514 1363 713 1442; x_wconf 79' lang='grc' dir='ltr'>βουλὴν</span> <span class='ocrx_word' id='word_1_95' title='bbox 772 1365 842 1428; x_wconf 81' lang='grc' dir='ltr'>ὡς</span> <span class='ocrx_word' id='word_1_96' title='bbox 905 1364 1037 1442; x_wconf 79' lang='grc' dir='ltr'>πρὸς</span> <span class='ocrx_word' id='word_1_97' title='bbox 1097 1362 1348 1442; x_wconf 79' lang='grc' dir='ltr'>ἱεράρχου</span> <span class='ocrx_word' id='word_1_98' title='bbox 1405 1363 1722 1441; x_wconf 70' lang='grc' dir='ltr'><strong>μυούμενον,</strong></span> <span class='ocrx_word' id='word_1_99' title='bbox 1781 1361 1868 1417; x_wconf 82' lang='grc' dir='ltr'><strong>καὶ</strong></span> 
     </span>
    </p>
   </div>
   <div class='ocr_carea' id='block_1_16' title="bbox 209 1449 1866 1532">
    <p class='ocr_par' dir='ltr' id='par_1_16' title="bbox 209 1449 1866 1532">
     <span class='ocr_line' id='line_1_16' title="bbox 209 1449 1866 1532; baseline -0.005 -18"><span class='ocrx_word' id='word_1_100' title='bbox 209 1459 270 1514; x_wconf 81' lang='grc' dir='ltr'>τὸ</span> <span class='ocrx_word' id='word_1_101' title='bbox 303 1460 510 1532; x_wconf 74' lang='grc' dir='ltr'>μυῆσαι</span> <span class='ocrx_word' id='word_1_102' title='bbox 570 1456 662 1510; x_wconf 79' lang='grc' dir='ltr'>τὸν</span> <span class='ocrx_word' id='word_1_103' title='bbox 719 1451 968 1531; x_wconf 82' lang='grc' dir='ltr'><strong>θεολόγον</strong></span> <span class='ocrx_word' id='word_1_104' title='bbox 1001 1451 1444 1531; x_wconf 72' lang='grc' dir='ltr'>ἒπιτρεπόμενον,</span> <span class='ocrx_word' id='word_1_105' title='bbox 1481 1449 1560 1508; x_wconf 83' lang='grc' dir='ltr'>ὅτι</span> <span class='ocrx_word' id='word_1_106' title='bbox 1592 1450 1866 1530; x_wconf 73' lang='grc' dir='ltr'>κατακαρ-</span> 
     </span>
    </p>
   </div>
   <div class='ocr_carea' id='block_1_17' title="bbox 212 1535 1865 1622">
    <p class='ocr_par' dir='ltr' id='par_1_17' title="bbox 212 1535 1865 1622">
     <span class='ocr_line' id='line_1_17' title="bbox 212 1535 1865 1622; baseline -0.004 -19"><span class='ocrx_word' id='word_1_107' title='bbox 212 1569 332 1611; x_wconf 87' lang='grc' dir='ltr'>πως</span> <span class='ocrx_word' id='word_1_108' title='bbox 394 1545 849 1614; x_wconf 71' lang='grc' dir='ltr'>κατοιχηθήσεται</span> <span class='ocrx_word' id='word_1_109' title='bbox 913 1535 1260 1622; x_wconf 67' lang='grc' dir='ltr'>Ἰερουσαλὴμ</span> <span class='ocrx_word' id='word_1_110' title='bbox 1315 1542 1420 1598; x_wconf 79' lang='grc' dir='ltr'>ἀπὸ</span> <span class='ocrx_word' id='word_1_111' title='bbox 1477 1539 1708 1611; x_wconf 76' lang='grc' dir='ltr'><strong>πλήθους</strong></span> <span class='ocrx_word' id='word_1_112' title='bbox 1767 1541 1865 1596; x_wconf 64' lang='grc' dir='ltr'><strong>ἂν-</strong></span> 
     </span>
    </p>
   </div>
   <div class='ocr_carea' id='block_1_18' title="bbox 210 1631 1868 1716">
    <p class='ocr_par' dir='ltr' id='par_1_18' title="bbox 210 1631 1868 1716">
     <span class='ocr_line' id='line_1_18' title="bbox 210 1631 1868 1716; baseline -0.004 -22"><span class='ocrx_word' id='word_1_113' title='bbox 210 1637 466 1716; x_wconf 73' lang='grc' dir='ltr'>θρώπων.</span> <span class='ocrx_word' id='word_1_114' title='bbox 535 1634 766 1714; x_wconf 80' lang='grc' dir='ltr'>’Ἕτερος</span> <span class='ocrx_word' id='word_1_115' title='bbox 823 1632 877 1690; x_wconf 86' lang='grc' dir='ltr'>δέ</span> <span class='ocrx_word' id='word_1_116' title='bbox 948 1638 1053 1690; x_wconf 81' lang='grc' dir='ltr'><strong>τῶν</strong></span> <span class='ocrx_word' id='word_1_117' title='bbox 1107 1633 1370 1710; x_wconf 78' lang='grc' dir='ltr'>θεολόγων</span> <span class='ocrx_word' id='word_1_118' title='bbox 1428 1631 1705 1708; x_wconf 80' lang='grc' dir='ltr'>Ἰεζεκιηλ,</span> <span class='ocrx_word' id='word_1_119' title='bbox 1780 1632 1868 1688; x_wconf 80' lang='grc' dir='ltr'>καὶ</span> 
     </span>
    </p>
   </div>
   <div class='ocr_carea' id='block_1_19' title="bbox 211 1725 1864 1806">
    <p class='ocr_par' dir='ltr' id='par_1_19' title="bbox 211 1725 1864 1806">
     <span class='ocr_line' id='line_1_19' title="bbox 211 1725 1864 1806; baseline -0.004 -22"><span class='ocrx_word' id='word_1_120' title='bbox 211 1729 343 1806; x_wconf 72' lang='grc' dir='ltr'>πρὸς</span> <span class='ocrx_word' id='word_1_121' title='bbox 419 1726 583 1794; x_wconf 74' lang='grc' dir='ltr'>αὒτῆς</span> <span class='ocrx_word' id='word_1_122' title='bbox 653 1747 784 1806; x_wconf 68' lang='grc' dir='ltr'>φησι</span> <span class='ocrx_word' id='word_1_123' title='bbox 853 1731 1006 1782; x_wconf 83' lang='grc' dir='ltr'>τοῦτο</span> <span class='ocrx_word' id='word_1_124' title='bbox 1077 1726 1339 1792; x_wconf 73' lang='grc' dir='ltr'>πανιέρως</span> <span class='ocrx_word' id='word_1_125' title='bbox 1413 1725 1864 1797; x_wconf 72' lang='grc' dir='ltr'><strong>νομοθετηθῆναι,</strong></span> 
     </span>
    </p>
   </div>
   <div class='ocr_carea' id='block_1_20' title="bbox 1950 547 3591 630">
    <p class='ocr_par' dir='ltr' id='par_1_20' title="bbox 1950 547 3591 630">
     <span class='ocr_line' id='line_1_20' title="bbox 1950 547 3591 630; baseline 0.002 -22"><span class='ocrx_word' id='word_1_126' title='bbox 1950 547 2267 627; x_wconf 87' lang='lat' dir='ltr'><strong>rigendum</strong></span> <span class='ocrx_word' id='word_1_127' title='bbox 2287 547 2663 622; x_wconf 89' lang='lat' dir='ltr'><strong>tradidisset;</strong></span> <span class='ocrx_word' id='word_1_128' title='bbox 2689 554 2752 608; x_wconf 92' lang='lat' dir='ltr'><strong>ut</strong></span> <span class='ocrx_word' id='word_1_129' title='bbox 2771 567 2918 629; x_wconf 87' lang='lat' dir='ltr'><strong>quos</strong></span> <span class='ocrx_word' id='word_1_130' title='bbox 2941 550 3181 628; x_wconf 80' lang='lat' dir='ltr'><strong>provide</strong></span> <span class='ocrx_word' id='word_1_131' title='bbox 3199 548 3591 630; x_wconf 81' lang='lat' dir='ltr'><strong>gubernabat,</strong></span> 
     </span>
    </p>
   </div>
   <div class='ocr_carea' id='block_1_21' title="bbox 1951 637 3597 716">
    <p class='ocr_par' dir='ltr' id='par_1_21' title="bbox 1951 637 3597 716">
     <span class='ocr_line' id='line_1_21' title="bbox 1951 637 3597 716; baseline 0.002 -18"><span class='ocrx_word' id='word_1_132' title='bbox 1951 637 2114 698; x_wconf 88' lang='lat' dir='ltr'><strong>omni</strong></span> <span class='ocrx_word' id='word_1_133' title='bbox 2149 637 2326 699; x_wconf 94' lang='lat' dir='ltr'><strong>modo</strong></span> <span class='ocrx_word' id='word_1_134' title='bbox 2357 637 2430 699; x_wconf 90' lang='lat' dir='ltr'><strong>ad</strong></span> <span class='ocrx_word' id='word_1_135' title='bbox 2465 637 2776 699; x_wconf 84' lang='lat' dir='ltr'><strong>meliorem</strong></span> <span class='ocrx_word' id='word_1_136' title='bbox 2807 637 3035 716; x_wconf 79' lang='lat' dir='ltr'><strong>frugem</strong></span> <span class='ocrx_word' id='word_1_137' title='bbox 3067 637 3410 714; x_wconf 83' lang='lat' dir='ltr'><strong>adduceret,</strong></span> <span class='ocrx_word' id='word_1_138' title='bbox 3438 659 3470 702; x_wconf 90' lang='lat' dir='ltr'><strong>a</strong></span> <span class='ocrx_word' id='word_1_139' title='bbox 3505 658 3597 702; x_wconf 85' lang='lat' dir='ltr'><strong>ca-</strong></span> 
     </span>
    </p>
   </div>
   <div class='ocr_carea' id='block_1_22' title="bbox 1950 726 3593 810">
    <p class='ocr_par' dir='ltr' id='par_1_22' title="bbox 1950 726 3593 810">
     <span class='ocr_line' id='line_1_22' title="bbox 1950 726 3593 810; baseline 0.002 -22"><span class='ocrx_word' id='word_1_140' title='bbox 1950 727 2220 808; x_wconf 87' lang='lat' dir='ltr'><strong>ptivitate</strong></span> <span class='ocrx_word' id='word_1_141' title='bbox 2237 727 2324 788; x_wconf 72' lang='lat'><strong>75</strong></span> <span class='ocrx_word' id='word_1_142' title='bbox 2349 745 2584 810; x_wconf 92' lang='lat' dir='ltr'><strong>quoque</strong></span> <span class='ocrx_word' id='word_1_143' title='bbox 2605 726 2826 789; x_wconf 90' lang='lat' dir='ltr'><strong>liberos</strong></span> <span class='ocrx_word' id='word_1_144' title='bbox 2857 727 2928 788; x_wconf 91' lang='lat' dir='ltr'><strong>ad</strong></span> <span class='ocrx_word' id='word_1_145' title='bbox 2960 727 3270 810; x_wconf 86' lang='lat' dir='ltr'><strong>pristinam</strong></span> <span class='ocrx_word' id='word_1_146' title='bbox 3297 729 3593 792; x_wconf 84' lang='lat' dir='ltr'><strong>fortunam</strong></span> 
     </span>
    </p>
   </div>
   <div class='ocr_carea' id='block_1_23' title="bbox 1951 815 3593 898">
    <p class='ocr_par' dir='ltr' id='par_1_23' title="bbox 1951 815 3593 898">
     <span class='ocr_line' id='line_1_23' title="bbox 1951 815 3593 898; baseline 0.002 -20"><span class='ocrx_word' id='word_1_147' title='bbox 1951 815 2206 896; x_wconf 86' lang='lat' dir='ltr'><strong>benigne</strong></span> <span class='ocrx_word' id='word_1_148' title='bbox 2238 817 2560 881; x_wconf 77' lang='lat' dir='ltr'><strong>revocavit.</strong></span> <span class='ocrx_word' id='word_1_149' title='bbox 2585 815 2926 896; x_wconf 75' lang='lat' dir='ltr'><strong>&#39;l&#39;heologus</strong></span> <span class='ocrx_word' id='word_1_150' title='bbox 2949 816 3186 898; x_wconf 90' lang='lat' dir='ltr'><strong>quidam</strong></span> <span class='ocrx_word' id='word_1_151' title='bbox 3220 819 3460 882; x_wconf 91' lang='lat' dir='ltr'><strong>nomine</strong></span> <span class='ocrx_word' id='word_1_152' title='bbox 3480 819 3593 882; x_wconf 86' lang='lat' dir='ltr'><strong>Za-</strong></span> 
     </span>
    </p>
   </div>
   <div class='ocr_carea' id='block_1_24' title="bbox 1949 905 3592 988">
    <p class='ocr_par' dir='ltr' id='par_1_24' title="bbox 1949 905 3592 988">
     <span class='ocr_line' id='line_1_24' title="bbox 1949 905 3592 988; baseline 0.002 -20"><span class='ocrx_word' id='word_1_153' title='bbox 1949 905 2181 968; x_wconf 89' lang='lat' dir='ltr'><strong>charias</strong></span> <span class='ocrx_word' id='word_1_154' title='bbox 2204 907 2327 970; x_wconf 91' lang='lat' dir='ltr'><strong>visu</strong></span> <span class='ocrx_word' id='word_1_155' title='bbox 2351 907 2640 988; x_wconf 88' lang='lat' dir='ltr'><strong>percepit,</strong></span> <span class='ocrx_word' id='word_1_156' title='bbox 2659 907 2988 987; x_wconf 90' lang='lat' dir='ltr'><strong>primorum</strong></span> <span class='ocrx_word' id='word_1_157' title='bbox 3011 905 3592 988; x_wconf 87' lang='lat' dir='ltr'><strong>quemdam,utopi-</strong></span> 
     </span>
    </p>
   </div>
   <div class='ocr_carea' id='block_1_25' title="bbox 1951 995 3594 1078">
    <p class='ocr_par' dir='ltr' id='par_1_25' title="bbox 1951 995 3594 1078">
     <span class='ocr_line' id='line_1_25' title="bbox 1951 995 3594 1078; baseline 0.002 -21"><span class='ocrx_word' id='word_1_158' title='bbox 1951 1015 2081 1076; x_wconf 89' lang='lat' dir='ltr'><strong>nor,</strong></span> <span class='ocrx_word' id='word_1_159' title='bbox 2104 1015 2172 1058; x_wconf 85' lang='lat' dir='ltr'><strong>ex</strong></span> <span class='ocrx_word' id='word_1_160' title='bbox 2204 995 2276 1058; x_wconf 91' lang='lat' dir='ltr'><strong>iis</strong></span> <span class='ocrx_word' id='word_1_161' title='bbox 2308 1001 2409 1078; x_wconf 89' lang='lat' dir='ltr'><strong>qui</strong></span> <span class='ocrx_word' id='word_1_162' title='bbox 2444 997 2564 1058; x_wconf 92' lang='lat' dir='ltr'><strong>Deo</strong></span> <span class='ocrx_word' id='word_1_163' title='bbox 2589 997 2842 1078; x_wconf 84' lang='lat' dir='ltr'><strong>proximi</strong></span> <span class='ocrx_word' id='word_1_164' title='bbox 2874 1003 3013 1058; x_wconf 86' lang='lat' dir='ltr'><strong>sunt</strong></span> <span class='ocrx_word' id='word_1_165' title='bbox 3040 996 3385 1077; x_wconf 87' lang='lat' dir='ltr'><strong>angelorum</strong></span> <span class='ocrx_word' id='word_1_166' title='bbox 3411 1001 3594 1072; x_wconf 84' lang='lat' dir='ltr'><strong>(com-</strong></span> 
     </span>
    </p>
   </div>
   <div class='ocr_carea' id='block_1_26' title="bbox 1952 1085 3598 1168">
    <p class='ocr_par' dir='ltr' id='par_1_26' title="bbox 1952 1085 3598 1168">
     <span class='ocr_line' id='line_1_26' title="bbox 1952 1085 3598 1168; baseline 0.001 -21"><span class='ocrx_word' id='word_1_167' title='bbox 1952 1086 2150 1148; x_wconf 88' lang='lat' dir='ltr'><strong>munis</strong></span> <span class='ocrx_word' id='word_1_168' title='bbox 2188 1087 2370 1164; x_wconf 89' lang='lat' dir='ltr'><strong>enim,</strong></span> <span class='ocrx_word' id='word_1_169' title='bbox 2396 1088 2483 1150; x_wconf 91' lang='lat' dir='ltr'><strong>uti</strong></span> <span class='ocrx_word' id='word_1_170' title='bbox 2514 1087 2656 1160; x_wconf 79' lang='lat' dir='ltr'><strong>dixi,</strong></span> <span class='ocrx_word' id='word_1_171' title='bbox 2686 1085 2963 1148; x_wconf 90' lang='lat' dir='ltr'><strong>omnibus</strong></span> <span class='ocrx_word' id='word_1_172' title='bbox 2991 1086 3262 1167; x_wconf 89' lang='lat' dir='ltr'><strong>angelica</strong></span> <span class='ocrx_word' id='word_1_173' title='bbox 3289 1088 3598 1168; x_wconf 85' lang='lat' dir='ltr'><strong>cognomi-</strong></span> 
     </span>
    </p>
   </div>
   <div class='ocr_carea' id='block_1_27' title="bbox 1953 1175 3596 1259">
    <p class='ocr_par' dir='ltr' id='par_1_27' title="bbox 1953 1175 3596 1259">
     <span class='ocr_line' id='line_1_27' title="bbox 1953 1175 3596 1259; baseline 0.002 -23"><span class='ocrx_word' id='word_1_174' title='bbox 1953 1176 2114 1238; x_wconf 89' lang='lat' dir='ltr'><strong>natio</strong></span> <span class='ocrx_word' id='word_1_175' title='bbox 2152 1178 2268 1254; x_wconf 91' lang='lat' dir='ltr'><strong>est)</strong></span> <span class='ocrx_word' id='word_1_176' title='bbox 2297 1175 2370 1239; x_wconf 90' lang='lat' dir='ltr'><strong>ab</strong></span> <span class='ocrx_word' id='word_1_177' title='bbox 2402 1177 2552 1259; x_wconf 88' lang='lat' dir='ltr'><strong>ipso,</strong></span> <span class='ocrx_word' id='word_1_178' title='bbox 2587 1177 2744 1238; x_wconf 84' lang='lat' dir='ltr'><strong>sicut</strong></span> <span class='ocrx_word' id='word_1_179' title='bbox 2774 1177 2995 1238; x_wconf 86' lang='lat' dir='ltr'><strong>dictum</strong></span> <span class='ocrx_word' id='word_1_180' title='bbox 3029 1190 3141 1259; x_wconf 76' lang='grc' dir='ltr'>εει,</span> <span class='ocrx_word' id='word_1_181' title='bbox 3174 1176 3297 1239; x_wconf 93' lang='lat' dir='ltr'><strong>Deo</strong></span> <span class='ocrx_word' id='word_1_182' title='bbox 3329 1178 3439 1240; x_wconf 93' lang='lat' dir='ltr'><strong>hac</strong></span> <span class='ocrx_word' id='word_1_183' title='bbox 3467 1178 3596 1259; x_wconf 88' lang='lat' dir='ltr'><strong>ipsa</strong></span> 
     </span>
    </p>
   </div>
   <div class='ocr_carea' id='block_1_28' title="bbox 1954 1265 3594 1348">
    <p class='ocr_par' dir='ltr' id='par_1_28' title="bbox 1954 1265 3594 1348">
     <span class='ocr_line' id='line_1_28' title="bbox 1954 1265 3594 1348; baseline 0.002 -22"><span class='ocrx_word' id='word_1_184' title='bbox 1954 1265 2028 1327; x_wconf 90' lang='lat' dir='ltr'><strong>de</strong></span> <span class='ocrx_word' id='word_1_185' title='bbox 2060 1285 2126 1328; x_wconf 90' lang='lat' dir='ltr'><strong>re</strong></span> <span class='ocrx_word' id='word_1_186' title='bbox 2157 1266 2338 1329; x_wconf 89' lang='lat' dir='ltr'><strong>verba</strong></span> <span class='ocrx_word' id='word_1_187' title='bbox 2368 1267 2788 1329; x_wconf 89' lang='lat' dir='ltr'><strong>consolationis</strong></span> <span class='ocrx_word' id='word_1_188' title='bbox 2806 1268 3185 1348; x_wconf 83' lang='lat' dir='ltr'><strong>percepisse:</strong></span> <span class='ocrx_word' id='word_1_189' title='bbox 3220 1268 3469 1329; x_wconf 90' lang='lat' dir='ltr'><strong>alterum</strong></span> <span class='ocrx_word' id='word_1_190' title='bbox 3495 1287 3594 1330; x_wconf 79' lang='lat' dir='ltr'><strong>au~</strong></span> 
     </span>
    </p>
   </div>
   <div class='ocr_carea' id='block_1_29' title="bbox 1953 1357 3594 1439">
    <p class='ocr_par' dir='ltr' id='par_1_29' title="bbox 1953 1357 3594 1439">
     <span class='ocr_line' id='line_1_29' title="bbox 1953 1357 3594 1439; baseline 0.002 -22"><span class='ocrx_word' id='word_1_191' title='bbox 1953 1365 2070 1418; x_wconf 92' lang='lat' dir='ltr'><strong>tem</strong></span> <span class='ocrx_word' id='word_1_192' title='bbox 2086 1357 2632 1419; x_wconf 89' lang='lat' dir='ltr'><strong>ordinisinferioris</strong></span> <span class='ocrx_word' id='word_1_193' title='bbox 2653 1357 2953 1438; x_wconf 85' lang='lat' dir='ltr'><strong>angelum,</strong></span> <span class='ocrx_word' id='word_1_194' title='bbox 2971 1358 3200 1420; x_wconf 86' lang='lat' dir='ltr'><strong>obviam</strong></span> <span class='ocrx_word' id='word_1_195' title='bbox 3222 1358 3426 1439; x_wconf 87' lang='lat' dir='ltr'><strong>priori,</strong></span> <span class='ocrx_word' id='word_1_196' title='bbox 3446 1359 3594 1421; x_wconf 92' lang='lat' dir='ltr'><strong>lucis</strong></span> 
     </span>
    </p>
   </div>
   <div class='ocr_carea' id='block_1_30' title="bbox 1951 1447 3591 1530">
    <p class='ocr_par' dir='ltr' id='par_1_30' title="bbox 1951 1447 3591 1530">
     <span class='ocr_line' id='line_1_30' title="bbox 1951 1447 3591 1530; baseline 0.001 -22"><span class='ocrx_word' id='word_1_197' title='bbox 1951 1447 2331 1528; x_wconf 69' lang='lat' dir='ltr'><strong>capiendatac</strong></span> <span class='ocrx_word' id='word_1_198' title='bbox 2347 1447 3591 1530; x_wconf 57' lang='lat' dir='ltr'><strong>participandacausa,praecedentem,cum</strong></span> 
     </span>
    </p>
   </div>
   <div class='ocr_carea' id='block_1_31' title="bbox 1948 1536 3592 1617">
    <p class='ocr_par' dir='ltr' id='par_1_31' title="bbox 1948 1536 3592 1617">
     <span class='ocr_line' id='line_1_31' title="bbox 1948 1536 3592 1617; baseline 0.001 -19"><span class='ocrx_word' id='word_1_199' title='bbox 1948 1536 2020 1598; x_wconf 87' lang='lat' dir='ltr'><strong>ab</strong></span> <span class='ocrx_word' id='word_1_200' title='bbox 2051 1536 2266 1600; x_wconf 89' lang='lat' dir='ltr'><strong>eodem</strong></span> <span class='ocrx_word' id='word_1_201' title='bbox 2304 1537 2524 1600; x_wconf 91' lang='lat' dir='ltr'><strong>deinde</strong></span> <span class='ocrx_word' id='word_1_202' title='bbox 2555 1537 2819 1600; x_wconf 89' lang='lat' dir='ltr'><strong>divinum</strong></span> <span class='ocrx_word' id='word_1_203' title='bbox 2873 1538 3216 1612; x_wconf 88' lang='lat' dir='ltr'><strong>consilium,</strong></span> <span class='ocrx_word' id='word_1_204' title='bbox 3248 1547 3525 1617; x_wconf 87' lang='lat' dir='ltr'><strong>tauquam</strong></span> <span class='ocrx_word' id='word_1_205' title='bbox 3559 1555 3592 1599; x_wconf 94' lang='lat' dir='ltr'><strong>a</strong></span> 
     </span>
    </p>
   </div>
   <div class='ocr_carea' id='block_1_32' title="bbox 1949 1627 3591 1709">
    <p class='ocr_par' dir='ltr' id='par_1_32' title="bbox 1949 1627 3591 1709">
     <span class='ocr_line' id='line_1_32' title="bbox 1949 1627 3591 1709; baseline 0 -21"><span class='ocrx_word' id='word_1_206' title='bbox 1949 1629 2260 1690; x_wconf 85' lang='lat' dir='ltr'><strong>sacerdote</strong></span> <span class='ocrx_word' id='word_1_207' title='bbox 2286 1646 2545 1702; x_wconf 91' lang='lat' dir='ltr'><strong>summo,</strong></span> <span class='ocrx_word' id='word_1_208' title='bbox 2574 1629 2962 1709; x_wconf 87' lang='lat' dir='ltr'><strong>percepisset,</strong></span> <span class='ocrx_word' id='word_1_209' title='bbox 2988 1628 3134 1690; x_wconf 90' lang='lat' dir='ltr'><strong>illud</strong></span> <span class='ocrx_word' id='word_1_210' title='bbox 3163 1628 3356 1709; x_wconf 90' lang='lat' dir='ltr'><strong>ipsum</strong></span> <span class='ocrx_word' id='word_1_211' title='bbox 3381 1646 3456 1690; x_wconf 86' lang='lat' dir='ltr'><strong>ex</strong></span> <span class='ocrx_word' id='word_1_212' title='bbox 3480 1627 3591 1689; x_wconf 84' lang='lat' dir='ltr'><strong>im-</strong></span> 
     </span>
    </p>
   </div>
   <div class='ocr_carea' id='block_1_33' title="bbox 1951 1715 3589 1798">
    <p class='ocr_par' dir='ltr' id='par_1_33' title="bbox 1951 1715 3589 1798">
     <span class='ocr_line' id='line_1_33' title="bbox 1951 1715 3589 1798; baseline 0.002 -21"><span class='ocrx_word' id='word_1_213' title='bbox 1951 1717 2141 1798; x_wconf 81' lang='lat' dir='ltr'><strong>posito</strong></span> <span class='ocrx_word' id='word_1_214' title='bbox 2174 1736 2421 1780; x_wconf 90' lang='lat' dir='ltr'><strong>munere</strong></span> <span class='ocrx_word' id='word_1_215' title='bbox 2454 1718 2790 1798; x_wconf 85' lang='lat' dir='ltr'><strong>theologum</strong></span> <span class='ocrx_word' id='word_1_216' title='bbox 2828 1718 3123 1794; x_wconf 88' lang='lat' dir='ltr'><strong>docuisse,</strong></span> <span class='ocrx_word' id='word_1_217' title='bbox 3158 1719 3286 1780; x_wconf 91' lang='lat' dir='ltr'><strong>fore</strong></span> <span class='ocrx_word' id='word_1_218' title='bbox 3317 1727 3380 1779; x_wconf 91' lang='lat' dir='ltr'><strong>ut</strong></span> <span class='ocrx_word' id='word_1_219' title='bbox 3407 1715 3589 1781; x_wconf 83' lang='lat' dir='ltr'><strong>Jeru-</strong></span> 
     </span>
    </p>
   </div>
   <div class='ocr_carea' id='block_1_34' title="bbox 212 1807 1871 1894">
    <p class='ocr_par' dir='ltr' id='par_1_34' title="bbox 212 1809 1863 1894">
     <span class='ocr_line' id='line_1_34' title="bbox 212 1809 1863 1894; baseline -0.004 -20"><span class='ocrx_word' id='word_1_220' title='bbox 212 1817 402 1883; x_wconf 78' lang='grc' dir='ltr'><strong>τῆς53</strong></span> <span class='ocrx_word' id='word_1_221' title='bbox 459 1829 579 1879; x_wconf 69' lang='grc' dir='ltr'>τοῖς</span> <span class='ocrx_word' id='word_1_222' title='bbox 641 1813 898 1894; x_wconf 69' lang='grc' dir='ltr'>Χερουϐὶμ</span> <span class='ocrx_word' id='word_1_223' title='bbox 954 1810 1326 1880; x_wconf 67' lang='grc' dir='ltr'>ἐπιϐεϐηκυέας</span> <span class='ocrx_word' id='word_1_224' title='bbox 1387 1809 1694 1880; x_wconf 78' lang='grc' dir='ltr'>ὕπερεδὸξου</span> <span class='ocrx_word' id='word_1_225' title='bbox 1727 1812 1863 1868; x_wconf 78' lang='grc' dir='ltr'><strong>Θεό-</strong></span> 
     </span>
    </p>
   </div>
   <div class='ocr_carea' id='block_1_35' title="bbox 1955 1807 3593 1894">
    <p class='ocr_par' dir='ltr' id='par_1_35' title="bbox 1955 1807 3593 1888">
     <span class='ocr_line' id='line_1_35' title="bbox 1955 1807 3593 1888; baseline 0.001 -19"><span class='ocrx_word' id='word_1_226' title='bbox 1955 1807 2134 1870; x_wconf 89' lang='lat' dir='ltr'><strong>salem</strong></span> <span class='ocrx_word' id='word_1_227' title='bbox 2171 1809 2452 1887; x_wconf 82' lang='lat' dir='ltr'><strong>frugifere</strong></span> <span class='ocrx_word' id='word_1_228' title='bbox 2472 1828 2505 1870; x_wconf 94' lang='lat' dir='ltr'><strong>a</strong></span> <span class='ocrx_word' id='word_1_229' title='bbox 2527 1828 2733 1888; x_wconf 87' lang='lat' dir='ltr'><strong>magna</strong></span> <span class='ocrx_word' id='word_1_230' title='bbox 2765 1809 3077 1869; x_wconf 86' lang='lat' dir='ltr'><strong>hominum</strong></span> <span class='ocrx_word' id='word_1_231' title='bbox 3103 1807 3482 1870; x_wconf 87' lang='lat' dir='ltr'><strong>multitudine</strong></span> <span class='ocrx_word' id='word_1_232' title='bbox 3504 1809 3593 1870; x_wconf 88' lang='lat' dir='ltr'><strong>in-</strong></span> 
     </span>
    </p>
   </div>
   <div class='ocr_carea' id='block_1_36' title="bbox 213 1900 1872 1985">
    <p class='ocr_par' dir='ltr' id='par_1_36' title="bbox 213 1900 1872 1985">
     <span class='ocr_line' id='line_1_36' title="bbox 213 1900 1872 1985; baseline -0.006 -20"><span class='ocrx_word' id='word_1_233' title='bbox 213 1923 402 1976; x_wconf 83' lang='grc' dir='ltr'>τητος·</span> <span class='ocrx_word' id='word_1_234' title='bbox 439 1908 534 1963; x_wconf 67' lang='grc' dir='ltr'><strong>τὸν</strong></span> <span class='ocrx_word' id='word_1_235' title='bbox 566 1906 666 1984; x_wconf 82' lang='grc' dir='ltr'><strong>γὰρ</strong></span> <span class='ocrx_word' id='word_1_236' title='bbox 703 1903 936 1985; x_wconf 74' lang='grc' dir='ltr'>Ἰσραὴλ,</span> <span class='ocrx_word' id='word_1_237' title='bbox 966 1907 1040 1968; x_wconf 83' lang='grc' dir='ltr'>ὡς</span> <span class='ocrx_word' id='word_1_238' title='bbox 1071 1902 1307 1983; x_wconf 71' lang='grc' dir='ltr'>εἴρηται,</span> <span class='ocrx_word' id='word_1_239' title='bbox 1333 1902 1566 1981; x_wconf 77' lang='grc' dir='ltr'>πατρικῆ</span> <span class='ocrx_word' id='word_1_240' title='bbox 1593 1901 1657 1952; x_wconf 77' lang='grc'><strong>54</strong></span> <span class='ocrx_word' id='word_1_241' title='bbox 1687 1900 1872 1982; x_wconf 80' lang='grc' dir='ltr'>φιλαν-</span> 
     </span>
    </p>
   </div>
   <div class='ocr_carea' id='block_1_37' title="bbox 212 1989 1867 2077">
    <p class='ocr_par' dir='ltr' id='par_1_37' title="bbox 212 1989 1867 2077">
     <span class='ocr_line' id='line_1_37' title="bbox 212 1989 1867 2077; baseline -0.004 -22"><span class='ocrx_word' id='word_1_242' title='bbox 212 1999 418 2077; x_wconf 67' lang='grc' dir='ltr'>θρωπία</span> <span class='ocrx_word' id='word_1_243' title='bbox 449 1995 533 2054; x_wconf 75' lang='grc' dir='ltr'><strong>διὰ</strong></span> <span class='ocrx_word' id='word_1_244' title='bbox 563 1993 801 2059; x_wconf 71' lang='grc' dir='ltr'>παιδείας</span> <span class='ocrx_word' id='word_1_245' title='bbox 860 1995 945 2051; x_wconf 77' lang='grc' dir='ltr'>ἐπὶ</span> <span class='ocrx_word' id='word_1_246' title='bbox 1003 1996 1064 2051; x_wconf 77' lang='grc' dir='ltr'>τὸ</span> <span class='ocrx_word' id='word_1_247' title='bbox 1124 2008 1365 2072; x_wconf 81' lang='grc' dir='ltr'>κρεῖττον</span> <span class='ocrx_word' id='word_1_248' title='bbox 1425 1992 1749 2071; x_wconf 71' lang='grc' dir='ltr'><strong>μετάγουσα,</strong></span> <span class='ocrx_word' id='word_1_249' title='bbox 1784 1989 1867 2048; x_wconf 85' lang='grc' dir='ltr'><strong>δι·-</strong></span> 
     </span>
    </p>
   </div>
   <div class='ocr_carea' id='block_1_38' title="bbox 217 2083 1869 2163">
    <p class='ocr_par' dir='ltr' id='par_1_38' title="bbox 217 2083 1869 2163">
     <span class='ocr_line' id='line_1_38' title="bbox 217 2083 1869 2163; baseline -0.004 -19"><span class='ocrx_word' id='word_1_250' title='bbox 217 2088 479 2163; x_wconf 68' lang='grc' dir='ltr'>Ααιοσύνη</span> <span class='ocrx_word' id='word_1_251' title='bbox 564 2089 854 2162; x_wconf 80' lang='grc' dir='ltr'>θεοπρεπετ</span> <span class='ocrx_word' id='word_1_252' title='bbox 935 2089 1040 2141; x_wconf 82' lang='grc' dir='ltr'>τῶν</span> <span class='ocrx_word' id='word_1_253' title='bbox 1123 2083 1420 2141; x_wconf 82' lang='grc' dir='ltr'>ὓπευθύνων</span> <span class='ocrx_word' id='word_1_254' title='bbox 1504 2083 1869 2162; x_wconf 78' lang='grc' dir='ltr'>ἀποκρίνεσθαι</span> 
     </span>
    </p>
   </div>
   <div class='ocr_carea' id='block_1_39' title="bbox 210 2172 1867 2250">
    <p class='ocr_par' dir='ltr' id='par_1_39' title="bbox 210 2172 1867 2250">
     <span class='ocr_line' id='line_1_39' title="bbox 210 2172 1867 2250; baseline -0.004 -16"><span class='ocrx_word' id='word_1_255' title='bbox 210 2180 331 2240; x_wconf 68' lang='grc' dir='ltr'>τοὺς</span> <span class='ocrx_word' id='word_1_256' title='bbox 407 2176 714 2238; x_wconf 73' lang='grc' dir='ltr'>ἀνευθύνους</span> <span class='ocrx_word' id='word_1_257' title='bbox 773 2172 1072 2236; x_wconf 74' lang='grc' dir='ltr'><strong>ἐδικαίωσε.</strong></span> <span class='ocrx_word' id='word_1_258' title='bbox 1161 2180 1324 2231; x_wconf 83' lang='grc' dir='ltr'>Τοῦτο</span> <span class='ocrx_word' id='word_1_259' title='bbox 1383 2185 1600 2249; x_wconf 73' lang='grc' dir='ltr'>μυεῖται</span> <span class='ocrx_word' id='word_1_260' title='bbox 1658 2177 1867 2250; x_wconf 82' lang='grc' dir='ltr'>πρῶτος</span> 
     </span>
    </p>
   </div>
   <div class='ocr_carea' id='block_1_40' title="bbox 214 2261 1868 2344">
    <p class='ocr_par' dir='ltr' id='par_1_40' title="bbox 214 2261 1868 2344">
     <span class='ocr_line' id='line_1_40' title="bbox 214 2261 1868 2344; baseline -0.004 -20"><span class='ocrx_word' id='word_1_261' title='bbox 214 2269 348 2343; x_wconf 76' lang='grc' dir='ltr'>μετὰ</span> <span class='ocrx_word' id='word_1_262' title='bbox 379 2268 447 2322; x_wconf 73' lang='grc' dir='ltr'>τὰ</span> <span class='ocrx_word' id='word_1_263' title='bbox 493 2263 783 2344; x_wconf 73' lang='grc' dir='ltr'>Χερουϐὶμ,</span> <span class='ocrx_word' id='word_1_264' title='bbox 844 2267 871 2321; x_wconf 91' lang='lat'><strong>6</strong></span> <span class='ocrx_word' id='word_1_265' title='bbox 939 2264 1038 2332; x_wconf 76' lang='grc' dir='ltr'>τὴν</span> <span class='ocrx_word' id='word_1_266' title='bbox 1081 2264 1242 2344; x_wconf 71' lang='grc' dir='ltr'>ὀσφῦν</span> <span class='ocrx_word' id='word_1_267' title='bbox 1273 2265 1546 2343; x_wconf 78' lang='grc' dir='ltr'>σαπφείρῳ</span> <span class='ocrx_word' id='word_1_268' title='bbox 1576 2261 1868 2336; x_wconf 83' lang='grc' dir='ltr'>διεζωσμέ-</span> 
     </span>
    </p>
   </div>
   <div class='ocr_carea' id='block_1_41' title="bbox 211 2349 1868 2437">
    <p class='ocr_par' dir='ltr' id='par_1_41' title="bbox 211 2349 1868 2437">
     <span class='ocr_line' id='line_1_41' title="bbox 211 2349 1868 2437; baseline -0.005 -23"><span class='ocrx_word' id='word_1_269' title='bbox 211 2381 325 2437; x_wconf 86' lang='grc' dir='ltr'>νος,</span> <span class='ocrx_word' id='word_1_270' title='bbox 389 2359 448 2420; x_wconf 77' lang='grc' dir='ltr'>ὃς</span> <span class='ocrx_word' id='word_1_271' title='bbox 508 2358 598 2412; x_wconf 76' lang='grc' dir='ltr'><strong>τὸν</strong></span> <span class='ocrx_word' id='word_1_272' title='bbox 646 2353 856 2434; x_wconf 63' lang='grc' dir='ltr'>ποδήρη</span> <span class='ocrx_word' id='word_1_273' title='bbox 905 2355 1043 2413; x_wconf 82' lang='grc' dir='ltr'>κατᾶ</span> <span class='ocrx_word' id='word_1_274' title='bbox 1089 2351 1352 2429; x_wconf 78' lang='grc' dir='ltr'>σύμϐολον</span> <span class='ocrx_word' id='word_1_275' title='bbox 1383 2353 1690 2432; x_wconf 81' lang='grc' dir='ltr'>ἱεραρχικὸν</span> <span class='ocrx_word' id='word_1_276' title='bbox 1721 2349 1868 2407; x_wconf 81' lang='grc' dir='ltr'>ἐνδε-</span> 
     </span>
    </p>
   </div>
   <div class='ocr_carea' id='block_1_42' title="bbox 213 2441 1868 2525">
    <p class='ocr_par' dir='ltr' id='par_1_42' title="bbox 213 2441 1868 2525">
     <span class='ocr_line' id='line_1_42' title="bbox 213 2441 1868 2525; baseline -0.004 -21"><span class='ocrx_word' id='word_1_277' title='bbox 213 2448 388 2509; x_wconf 72' lang='grc' dir='ltr'>δύκει.</span> <span class='ocrx_word' id='word_1_278' title='bbox 425 2447 558 2512; x_wconf 74' lang='grc' dir='ltr'><strong>Τοῖις</strong></span> <span class='ocrx_word' id='word_1_279' title='bbox 602 2445 656 2502; x_wconf 73' lang='grc' dir='ltr'>δὲ</span> <span class='ocrx_word' id='word_1_280' title='bbox 687 2446 904 2509; x_wconf 85' lang='grc' dir='ltr'>λοιποὺς</span> <span class='ocrx_word' id='word_1_281' title='bbox 966 2444 1250 2525; x_wconf 75' lang='grc' dir='ltr'>ἀγγέλους,</span> <span class='ocrx_word' id='word_1_282' title='bbox 1297 2444 1353 2501; x_wconf 77' lang='grc' dir='ltr'>οἵ</span> <span class='ocrx_word' id='word_1_283' title='bbox 1381 2445 1500 2507; x_wconf 75' lang='grc' dir='ltr'>τοὺς</span> <span class='ocrx_word' id='word_1_284' title='bbox 1532 2444 1596 2494; x_wconf 80' lang='lat'><strong>55</strong></span> <span class='ocrx_word' id='word_1_285' title='bbox 1626 2441 1868 2506; x_wconf 59' lang='grc' dir='ltr'>πελέκεις</span> 
     </span>
    </p>
   </div>
   <div class='ocr_carea' id='block_1_43' title="bbox 213 2532 1871 2618">
    <p class='ocr_par' dir='ltr' id='par_1_43' title="bbox 213 2532 1871 2618">
     <span class='ocr_line' id='line_1_43' title="bbox 213 2532 1871 2618; baseline -0.008 -18"><span class='ocrx_word' id='word_1_286' title='bbox 213 2540 402 2618; x_wconf 71' lang='grc' dir='ltr'>εἶχον,</span> <span class='ocrx_word' id='word_1_287' title='bbox 464 2539 500 2602; x_wconf 74' lang='grc' dir='ltr'>ἡ</span> <span class='ocrx_word' id='word_1_288' title='bbox 561 2537 671 2593; x_wconf 77' lang='grc' dir='ltr'>θεία</span> <span class='ocrx_word' id='word_1_289' title='bbox 728 2535 1011 2616; x_wconf 75' lang='grc' dir='ltr'>ταξιαρχίαι</span> <span class='ocrx_word' id='word_1_290' title='bbox 1043 2534 1246 2593; x_wconf 80' lang='grc' dir='ltr'>κελεύει</span> <span class='ocrx_word' id='word_1_291' title='bbox 1277 2536 1408 2614; x_wconf 69' lang='grc' dir='ltr'>πρὸς</span> <span class='ocrx_word' id='word_1_292' title='bbox 1466 2540 1558 2590; x_wconf 77' lang='grc' dir='ltr'><strong>τοῦ</strong></span> <span class='ocrx_word' id='word_1_293' title='bbox 1616 2532 1871 2612; x_wconf 78' lang='grc' dir='ltr'>προτέρου</span> 
     </span>
    </p>
   </div>
   <div class='ocr_carea' id='block_1_44' title="bbox 215 2624 1877 2704">
    <p class='ocr_par' dir='ltr' id='par_1_44' title="bbox 215 2624 1877 2704">
     <span class='ocr_line' id='line_1_44' title="bbox 215 2624 1877 2704; baseline -0.002 -22"><span class='ocrx_word' id='word_1_294' title='bbox 215 2629 473 2704; x_wconf 62' lang='grc' dir='ltr'>μυεῖσθαι</span> <span class='ocrx_word' id='word_1_295' title='bbox 531 2627 626 2694; x_wconf 64' lang='grc' dir='ltr'><strong>τὴν</strong></span> <span class='ocrx_word' id='word_1_296' title='bbox 687 2628 804 2703; x_wconf 83' lang='grc' dir='ltr'>περὶ</span> <span class='ocrx_word' id='word_1_297' title='bbox 868 2627 1053 2683; x_wconf 65' lang='grc' dir='ltr'>τούτου</span> <span class='ocrx_word' id='word_1_298' title='bbox 1110 2626 1427 2701; x_wconf 76' lang='grc' dir='ltr'>θεοκρισῐαν·</span> <span class='ocrx_word' id='word_1_299' title='bbox 1485 2631 1562 2698; x_wconf 84' lang='grc' dir='ltr'>τῷ</span> <span class='ocrx_word' id='word_1_300' title='bbox 1619 2624 1716 2700; x_wconf 76' lang='grc' dir='ltr'><strong>μὲν</strong></span> <span class='ocrx_word' id='word_1_301' title='bbox 1777 2625 1877 2701; x_wconf 85' lang='grc' dir='ltr'>γὰρ</span> 
     </span>
    </p>
   </div>
   <div class='ocr_carea' id='block_1_45' title="bbox 215 2711 1880 2799">
    <p class='ocr_par' dir='ltr' id='par_1_45' title="bbox 215 2711 1880 2799">
     <span class='ocr_line' id='line_1_45' title="bbox 215 2711 1880 2799; baseline -0.002 -26"><span class='ocrx_word' id='word_1_302' title='bbox 215 2719 318 2799; x_wconf 63' lang='grc' dir='ltr'><strong>ἔφη</strong></span> <span class='ocrx_word' id='word_1_303' title='bbox 350 2716 533 2793; x_wconf 79' lang='grc' dir='ltr'>μέσην</span> <span class='ocrx_word' id='word_1_304' title='bbox 564 2714 791 2772; x_wconf 67' lang='grc' dir='ltr'>διελθεῖν</span> <span class='ocrx_word' id='word_1_305' title='bbox 822 2717 919 2785; x_wconf 76' lang='grc' dir='ltr'>τὴν</span> <span class='ocrx_word' id='word_1_306' title='bbox 977 2714 1355 2794; x_wconf 74' lang='grc' dir='ltr'>Ἰερουσαλὴμ,</span> <span class='ocrx_word' id='word_1_307' title='bbox 1389 2715 1476 2772; x_wconf 82' lang='grc' dir='ltr'>καὶ</span> <span class='ocrx_word' id='word_1_308' title='bbox 1505 2711 1682 2773; x_wconf 81' lang='grc' dir='ltr'>δοῦναι</span> <span class='ocrx_word' id='word_1_309' title='bbox 1725 2714 1786 2770; x_wconf 79' lang='grc' dir='ltr'>τὸ</span> <span class='ocrx_word' id='word_1_310' title='bbox 1814 2711 1880 2763; x_wconf 73' lang='grc'><strong>56</strong></span> 
     </span>
    </p>
   </div>
   <div class='ocr_carea' id='block_1_46' title="bbox 216 2802 1875 2882">
    <p class='ocr_par' dir='ltr' id='par_1_46' title="bbox 216 2802 1875 2882">
     <span class='ocr_line' id='line_1_46' title="bbox 216 2802 1875 2882; baseline -0.004 -16"><span class='ocrx_word' id='word_1_311' title='bbox 216 2822 457 2882; x_wconf 78' lang='grc' dir='ltr'>σημεῖον</span> <span class='ocrx_word' id='word_1_312' title='bbox 484 2808 557 2871; x_wconf 72' lang='grc' dir='ltr'>εἷς</span> <span class='ocrx_word' id='word_1_313' title='bbox 589 2807 653 2862; x_wconf 74' lang='grc' dir='ltr'>τὰ</span> <span class='ocrx_word' id='word_1_314' title='bbox 713 2807 936 2880; x_wconf 75' lang='grc' dir='ltr'>μέτωπα</span> <span class='ocrx_word' id='word_1_315' title='bbox 982 2811 1087 2862; x_wconf 80' lang='grc' dir='ltr'>τῶν</span> <span class='ocrx_word' id='word_1_316' title='bbox 1149 2805 1438 2860; x_wconf 76' lang='grc' dir='ltr'>ἂνευθύνων</span> <span class='ocrx_word' id='word_1_317' title='bbox 1496 2802 1716 2882; x_wconf 80' lang='grc' dir='ltr'>ἀνδρῶν,</span> <span class='ocrx_word' id='word_1_318' title='bbox 1757 2817 1875 2868; x_wconf 78' lang='grc' dir='ltr'>τοῖς</span> 
     </span>
    </p>
   </div>
   <div class='ocr_carea' id='block_1_47' title="bbox 215 2892 1872 2973">
    <p class='ocr_par' dir='ltr' id='par_1_47' title="bbox 215 2892 1872 2973">
     <span class='ocr_line' id='line_1_47' title="bbox 215 2892 1872 2973; baseline -0.002 -19"><span class='ocrx_word' id='word_1_319' title='bbox 215 2897 404 2960; x_wconf 57' lang='grc' dir='ltr'>ἄλλης</span> <span class='ocrx_word' id='word_1_320' title='bbox 477 2895 558 2952; x_wconf 71' lang='grc' dir='ltr'><strong>δὲ’</strong></span> <span class='ocrx_word' id='word_1_321' title='bbox 638 2896 920 2973; x_wconf 76' lang='grc' dir='ltr'>Πορεύεσθε</span> <span class='ocrx_word' id='word_1_322' title='bbox 995 2897 1068 2958; x_wconf 81' lang='grc' dir='ltr'>εἱς</span> <span class='ocrx_word' id='word_1_323' title='bbox 1117 2895 1216 2962; x_wconf 76' lang='grc' dir='ltr'>τὴν</span> <span class='ocrx_word' id='word_1_324' title='bbox 1286 2892 1439 2950; x_wconf 60' lang='grc' dir='ltr'>πόλιν</span> <span class='ocrx_word' id='word_1_325' title='bbox 1482 2894 1650 2950; x_wconf 78' lang='grc' dir='ltr'>ὀπίσω</span> <span class='ocrx_word' id='word_1_326' title='bbox 1696 2895 1872 2973; x_wconf 74' lang='grc' dir='ltr'>αὒτοῦ,</span> 
     </span>
    </p>
   </div>
   <div class='ocr_carea' id='block_1_48' title="bbox 213 2981 1875 3065">
    <p class='ocr_par' dir='ltr' id='par_1_48' title="bbox 213 2981 1875 3065">
     <span class='ocr_line' id='line_1_48' title="bbox 213 2981 1875 3065; baseline -0.003 -22"><span class='ocrx_word' id='word_1_327' title='bbox 213 2989 305 3044; x_wconf 67' lang='grc' dir='ltr'><strong>καὶ</strong></span> <span class='ocrx_word' id='word_1_328' title='bbox 391 2986 645 3064; x_wconf 72' lang='grc' dir='ltr'>κάπτετε,</span> <span class='ocrx_word' id='word_1_329' title='bbox 718 2987 806 3042; x_wconf 82' lang='grc' dir='ltr'><strong>καὶ</strong></span> <span class='ocrx_word' id='word_1_330' title='bbox 885 2985 963 3061; x_wconf 67' lang='grc' dir='ltr'>μή</span> <span class='ocrx_word' id='word_1_331' title='bbox 1045 2983 1277 3065; x_wconf 77' lang='grc' dir='ltr'>φείδεσθε</span> <span class='ocrx_word' id='word_1_332' title='bbox 1369 2987 1486 3049; x_wconf 77' lang='grc' dir='ltr'>τοῖς</span> <span class='ocrx_word' id='word_1_333' title='bbox 1577 2981 1875 3062; x_wconf 71' lang='grc' dir='ltr'>ὀιρθαλμοτς</span> 
     </span>
    </p>
   </div>
   <div class='ocr_carea' id='block_1_49' title="bbox 211 3073 1875 3156">
    <p class='ocr_par' dir='ltr' id='par_1_49' title="bbox 211 3073 1875 3156">
     <span class='ocr_line' id='line_1_49' title="bbox 211 3073 1875 3156; baseline -0.004 -23"><span class='ocrx_word' id='word_1_334' title='bbox 211 3079 390 3156; x_wconf 73' lang='grc' dir='ltr'>ὃμῶν,</span> <span class='ocrx_word' id='word_1_335' title='bbox 439 3076 523 3133; x_wconf 80' lang='grc' dir='ltr'><strong>ἐπὶ</strong></span> <span class='ocrx_word' id='word_1_336' title='bbox 557 3074 610 3131; x_wconf 71' lang='grc' dir='ltr'><strong>δὲ</strong></span> <span class='ocrx_word' id='word_1_337' title='bbox 660 3075 862 3139; x_wconf 69' lang='grc' dir='ltr'>πάντας</span> <span class='ocrx_word' id='word_1_338' title='bbox 922 3074 1006 3154; x_wconf 64' lang='grc' dir='ltr'><strong>ἔφ’</strong></span> <span class='ocrx_word' id='word_1_339' title='bbox 1071 3075 1160 3139; x_wconf 73' lang='grc' dir='ltr'>οἷς</span> <span class='ocrx_word' id='word_1_340' title='bbox 1218 3073 1330 3130; x_wconf 79' lang='grc' dir='ltr'>ἐστι</span> <span class='ocrx_word' id='word_1_341' title='bbox 1389 3075 1450 3130; x_wconf 77' lang='grc' dir='ltr'>τὸ</span> <span class='ocrx_word' id='word_1_342' title='bbox 1510 3085 1762 3153; x_wconf 77' lang='grc' dir='ltr'>σημεῖον,</span> <span class='ocrx_word' id='word_1_343' title='bbox 1797 3074 1875 3148; x_wconf 80' lang='grc' dir='ltr'>μὴ</span> 
     </span>
    </p>
   </div>
   <div class='ocr_carea' id='block_1_50' title="bbox 1957 1897 3586 1979">
    <p class='ocr_par' dir='ltr' id='par_1_50' title="bbox 1957 1897 3586 1979">
     <span class='ocr_line' id='line_1_50' title="bbox 1957 1897 3586 1979; baseline 0.001 -21"><span class='ocrx_word' id='word_1_344' title='bbox 1957 1897 2272 1961; x_wconf 88' lang='lat' dir='ltr'><strong>coleretur.</strong></span> <span class='ocrx_word' id='word_1_345' title='bbox 2310 1898 2560 1972; x_wconf 89' lang='lat' dir='ltr'><strong>Quidam</strong></span> <span class='ocrx_word' id='word_1_346' title='bbox 2592 1899 2746 1960; x_wconf 90' lang='lat' dir='ltr'><strong>alius</strong></span> <span class='ocrx_word' id='word_1_347' title='bbox 2776 1898 2918 1960; x_wconf 90' lang='lat' dir='ltr'><strong>item</strong></span> <span class='ocrx_word' id='word_1_348' title='bbox 2952 1899 3260 1978; x_wconf 86' lang='lat' dir='ltr'><strong>theologus</strong></span> <span class='ocrx_word' id='word_1_349' title='bbox 3292 1897 3586 1979; x_wconf 86' lang='lat' dir='ltr'><strong>Ezechiel,</strong></span> 
     </span>
    </p>
   </div>
   <div class='ocr_carea' id='block_1_51' title="bbox 1955 1987 3588 2070">
    <p class='ocr_par' dir='ltr' id='par_1_51' title="bbox 1955 1987 3588 2070">
     <span class='ocr_line' id='line_1_51' title="bbox 1955 1987 3588 2070; baseline -0.001 -20"><span class='ocrx_word' id='word_1_350' title='bbox 1955 1987 2069 2050; x_wconf 90' lang='lat' dir='ltr'><strong>hoc</strong></span> <span class='ocrx_word' id='word_1_351' title='bbox 2121 2007 2156 2050; x_wconf 92' lang='lat' dir='ltr'><strong>a</strong></span> <span class='ocrx_word' id='word_1_352' title='bbox 2204 1987 2434 2051; x_wconf 88' lang='lat' dir='ltr'><strong>Deitate</strong></span> <span class='ocrx_word' id='word_1_353' title='bbox 2466 1990 2594 2069; x_wconf 73' lang='lat' dir='ltr'><strong>ipsa</strong></span> <span class='ocrx_word' id='word_1_354' title='bbox 2624 1989 3083 2070; x_wconf 80' lang='lat' dir='ltr'><strong>supergloriosa,</strong></span> <span class='ocrx_word' id='word_1_355' title='bbox 3117 2007 3248 2070; x_wconf 84' lang='lat' dir='ltr'><strong>quae</strong></span> <span class='ocrx_word' id='word_1_356' title='bbox 3277 1989 3588 2051; x_wconf 78' lang='lat' dir='ltr'><strong>cherubim</strong></span> 
     </span>
    </p>
   </div>
   <div class='ocr_carea' id='block_1_52' title="bbox 1959 2076 3594 2155">
    <p class='ocr_par' dir='ltr' id='par_1_52' title="bbox 1959 2076 3594 2155">
     <span class='ocr_line' id='line_1_52' title="bbox 1959 2076 3594 2155; baseline 0 -16"><span class='ocrx_word' id='word_1_357' title='bbox 1959 2078 2384 2155; x_wconf 75' lang='lat' dir='ltr'><strong>transcenditx,</strong></span> <span class='ocrx_word' id='word_1_358' title='bbox 2411 2087 2785 2140; x_wconf 88' lang='lat' dir='ltr'><strong>sacrosancte</strong></span> <span class='ocrx_word' id='word_1_359' title='bbox 2815 2079 3107 2140; x_wconf 89' lang='lat' dir='ltr'><strong>sancitum</strong></span> <span class='ocrx_word' id='word_1_360' title='bbox 3136 2078 3372 2142; x_wconf 84' lang='lat' dir='ltr'><strong>asserit:</strong></span> <span class='ocrx_word' id='word_1_361' title='bbox 3403 2076 3594 2139; x_wconf 87' lang='lat' dir='ltr'><strong>Israe-</strong></span> 
     </span>
    </p>
   </div>
   <div class='ocr_carea' id='block_1_53' title="bbox 1954 2169 3592 2254">
    <p class='ocr_par' dir='ltr' id='par_1_53' title="bbox 1954 2169 3592 2254">
     <span class='ocr_line' id='line_1_53' title="bbox 1954 2169 3592 2254; baseline -0.001 -23"><span class='ocrx_word' id='word_1_362' title='bbox 1954 2169 2182 2232; x_wconf 88' lang='lat' dir='ltr'><strong>liticum</strong></span> <span class='ocrx_word' id='word_1_363' title='bbox 2217 2171 2375 2234; x_wconf 89' lang='lat' dir='ltr'><strong>enim</strong></span> <span class='ocrx_word' id='word_1_364' title='bbox 2412 2171 2695 2254; x_wconf 84' lang='lat' dir='ltr'><strong>populum</strong></span> <span class='ocrx_word' id='word_1_365' title='bbox 2731 2191 2888 2252; x_wconf 90' lang='lat' dir='ltr'><strong>cum,</strong></span> <span class='ocrx_word' id='word_1_366' title='bbox 2946 2182 3009 2233; x_wconf 92' lang='lat' dir='ltr'><strong>ut</strong></span> <span class='ocrx_word' id='word_1_367' title='bbox 3058 2171 3282 2234; x_wconf 88' lang='lat' dir='ltr'><strong>dictum</strong></span> <span class='ocrx_word' id='word_1_368' title='bbox 3317 2178 3434 2250; x_wconf 84' lang='lat' dir='ltr'><strong>est,</strong></span> <span class='ocrx_word' id='word_1_369' title='bbox 3464 2169 3592 2231; x_wconf 88' lang='lat' dir='ltr'><strong>cle-</strong></span> 
     </span>
    </p>
   </div>
   <div class='ocr_carea' id='block_1_54' title="bbox 1954 2261 3592 2343">
    <p class='ocr_par' dir='ltr' id='par_1_54' title="bbox 1954 2261 3592 2343">
     <span class='ocr_line' id='line_1_54' title="bbox 1954 2261 3592 2343; baseline 0.001 -23"><span class='ocrx_word' id='word_1_370' title='bbox 1954 2266 2176 2322; x_wconf 87' lang='lat' dir='ltr'><strong>mentia</strong></span> <span class='ocrx_word' id='word_1_371' title='bbox 2206 2271 2450 2341; x_wconf 88' lang='lat' dir='ltr'><strong>paterna</strong></span> <span class='ocrx_word' id='word_1_372' title='bbox 2481 2280 2587 2342; x_wconf 92' lang='lat' dir='ltr'><strong>per</strong></span> <span class='ocrx_word' id='word_1_373' title='bbox 2615 2262 2989 2343; x_wconf 87' lang='lat' dir='ltr'><strong>disciplinam</strong></span> <span class='ocrx_word' id='word_1_374' title='bbox 3021 2262 3093 2323; x_wconf 90' lang='lat' dir='ltr'><strong>ad</strong></span> <span class='ocrx_word' id='word_1_375' title='bbox 3126 2262 3353 2341; x_wconf 86' lang='lat' dir='ltr'><strong>frugem</strong></span> <span class='ocrx_word' id='word_1_376' title='bbox 3388 2261 3592 2322; x_wconf 89' lang='lat' dir='ltr'><strong>tradu-</strong></span> 
     </span>
    </p>
   </div>
   <div class='ocr_carea' id='block_1_55' title="bbox 1953 2350 3595 2433">
    <p class='ocr_par' dir='ltr' id='par_1_55' title="bbox 1953 2350 3595 2433">
     <span class='ocr_line' id='line_1_55' title="bbox 1953 2350 3595 2433; baseline 0 -22"><span class='ocrx_word' id='word_1_377' title='bbox 1953 2350 2483 2423; x_wconf 64' lang='lat' dir='ltr'><strong>ceret‘meliorem,</strong></span> <span class='ocrx_word' id='word_1_378' title='bbox 2500 2353 2776 2433; x_wconf 70' lang='lat' dir='ltr'><strong>aequitate</strong></span> <span class='ocrx_word' id='word_1_379' title='bbox 2807 2355 2928 2416; x_wconf 88' lang='lat' dir='ltr'><strong>Deo</strong></span> <span class='ocrx_word' id='word_1_380' title='bbox 2949 2353 3126 2431; x_wconf 87' lang='lat' dir='ltr'><strong>digna</strong></span> <span class='ocrx_word' id='word_1_381' title='bbox 3147 2370 3282 2414; x_wconf 90' lang='lat' dir='ltr'><strong>reos</strong></span> <span class='ocrx_word' id='word_1_382' title='bbox 3298 2351 3371 2414; x_wconf 89' lang='lat' dir='ltr'><strong>ab</strong></span> <span class='ocrx_word' id='word_1_383' title='bbox 3393 2351 3595 2412; x_wconf 81' lang='lat' dir='ltr'><strong>inson-</strong></span> 
     </span>
    </p>
   </div>
   <div class='ocr_carea' id='block_1_56' title="bbox 1956 2440 3593 2522">
    <p class='ocr_par' dir='ltr' id='par_1_56' title="bbox 1956 2440 3593 2522">
     <span class='ocr_line' id='line_1_56' title="bbox 1956 2440 3593 2522; baseline -0.001 -21"><span class='ocrx_word' id='word_1_384' title='bbox 1956 2440 2112 2501; x_wconf 90' lang='lat' dir='ltr'><strong>tibus</strong></span> <span class='ocrx_word' id='word_1_385' title='bbox 2144 2441 2550 2504; x_wconf 88' lang='lat' dir='ltr'><strong>secernendos</strong></span> <span class='ocrx_word' id='word_1_386' title='bbox 2580 2441 2974 2506; x_wconf 90' lang='lat' dir='ltr'><strong>censuit.Hoc</strong></span> <span class='ocrx_word' id='word_1_387' title='bbox 3004 2443 3232 2522; x_wconf 90' lang='lat' dir='ltr'><strong>primus</strong></span> <span class='ocrx_word' id='word_1_388' title='bbox 3261 2441 3593 2503; x_wconf 91' lang='lat' dir='ltr'><strong>secundum</strong></span> 
     </span>
    </p>
   </div>
   <div class='ocr_carea' id='block_1_57' title="bbox 1959 2529 3598 2614">
    <p class='ocr_par' dir='ltr' id='par_1_57' title="bbox 1959 2529 3598 2614">
     <span class='ocr_line' id='line_1_57' title="bbox 1959 2529 3598 2614; baseline 0.001 -23"><span class='ocrx_word' id='word_1_389' title='bbox 1959 2529 2268 2592; x_wconf 87' lang='lat' dir='ltr'><strong>cherubim</strong></span> <span class='ocrx_word' id='word_1_390' title='bbox 2304 2532 2549 2593; x_wconf 87' lang='lat' dir='ltr'><strong>docetur</strong></span> <span class='ocrx_word' id='word_1_391' title='bbox 2579 2533 2706 2607; x_wconf 92' lang='lat' dir='ltr'><strong>ille,</strong></span> <span class='ocrx_word' id='word_1_392' title='bbox 2740 2535 2907 2614; x_wconf 86' lang='lat' dir='ltr'><strong>cujus</strong></span> <span class='ocrx_word' id='word_1_393' title='bbox 2938 2551 3115 2594; x_wconf 90' lang='lat' dir='ltr'><strong>renes</strong></span> <span class='ocrx_word' id='word_1_394' title='bbox 3143 2532 3424 2611; x_wconf 87' lang='lat' dir='ltr'><strong>sapphiro</strong></span> <span class='ocrx_word' id='word_1_395' title='bbox 3453 2549 3598 2612; x_wconf 70' lang='lat' dir='ltr'><strong>prm-</strong></span> 
     </span>
    </p>
   </div>
   <div class='ocr_carea' id='block_1_58' title="bbox 1959 2621 3596 2704">
    <p class='ocr_par' dir='ltr' id='par_1_58' title="bbox 1959 2621 3596 2704">
     <span class='ocr_line' id='line_1_58' title="bbox 1959 2621 3596 2704; baseline -0.001 -22"><span class='ocrx_word' id='word_1_396' title='bbox 1959 2621 2137 2683; x_wconf 88' lang='lat' dir='ltr'><strong>cincti</strong></span> <span class='ocrx_word' id='word_1_397' title='bbox 2169 2629 2360 2697; x_wconf 91' lang='lat' dir='ltr'><strong>erant,</strong></span> <span class='ocrx_word' id='word_1_398' title='bbox 2399 2623 2621 2704; x_wconf 90' lang='lat' dir='ltr'><strong>quique</strong></span> <span class='ocrx_word' id='word_1_399' title='bbox 2679 2623 2844 2684; x_wconf 89' lang='lat' dir='ltr'><strong>talari</strong></span> <span class='ocrx_word' id='word_1_400' title='bbox 2876 2630 3056 2702; x_wconf 88' lang='lat' dir='ltr'><strong>veste,</strong></span> <span class='ocrx_word' id='word_1_401' title='bbox 3095 2621 3468 2698; x_wconf 74' lang='lat' dir='ltr'><strong>pontificatus</strong></span> <span class='ocrx_word' id='word_1_402' title='bbox 3497 2622 3596 2682; x_wconf 89' lang='lat' dir='ltr'><strong>in-</strong></span> 
     </span>
    </p>
   </div>
   <div class='ocr_carea' id='block_1_59' title="bbox 1962 2709 3599 2790">
    <p class='ocr_par' dir='ltr' id='par_1_59' title="bbox 1962 2709 3599 2790">
     <span class='ocr_line' id='line_1_59' title="bbox 1962 2709 3599 2790; baseline -0.001 -18"><span class='ocrx_word' id='word_1_403' title='bbox 1962 2709 2135 2790; x_wconf 84' lang='lat' dir='ltr'><strong>signi,</strong></span> <span class='ocrx_word' id='word_1_404' title='bbox 2170 2711 2588 2774; x_wconf 90' lang='lat' dir='ltr'><strong>amiciebatur.</strong></span> <span class='ocrx_word' id='word_1_405' title='bbox 2623 2711 2877 2776; x_wconf 70' lang='lat' dir='ltr'><strong>Caeteros</strong></span> <span class='ocrx_word' id='word_1_406' title='bbox 2908 2711 3124 2774; x_wconf 80' lang='lat' dir='ltr'><strong>exinde</strong></span> <span class='ocrx_word' id='word_1_407' title='bbox 3155 2711 3397 2789; x_wconf 85' lang='lat' dir='ltr'><strong>angelos</strong></span> <span class='ocrx_word' id='word_1_408' title='bbox 3429 2729 3599 2772; x_wconf 85' lang='lat' dir='ltr'><strong>secu-</strong></span> 
     </span>
    </p>
   </div>
   <div class='ocr_carea' id='block_1_60' title="bbox 1959 2799 3600 2882">
    <p class='ocr_par' dir='ltr' id='par_1_60' title="bbox 1959 2799 3600 2882">
     <span class='ocr_line' id='line_1_60' title="bbox 1959 2799 3600 2882; baseline 0 -20"><span class='ocrx_word' id='word_1_409' title='bbox 1959 2799 2128 2863; x_wconf 88' lang='lat' dir='ltr'><strong>ribus</strong></span> <span class='ocrx_word' id='word_1_410' title='bbox 2152 2808 2434 2882; x_wconf 88' lang='lat' dir='ltr'><strong>armatos,</strong></span> <span class='ocrx_word' id='word_1_411' title='bbox 2470 2820 2503 2862; x_wconf 93' lang='lat' dir='ltr'><strong>a</strong></span> <span class='ocrx_word' id='word_1_412' title='bbox 2535 2801 2721 2882; x_wconf 91' lang='lat' dir='ltr'><strong>priori</strong></span> <span class='ocrx_word' id='word_1_413' title='bbox 2753 2801 2851 2864; x_wconf 87' lang='lat' dir='ltr'><strong>illo</strong></span> <span class='ocrx_word' id='word_1_414' title='bbox 2885 2802 3083 2863; x_wconf 82' lang='lat' dir='ltr'><strong>divina</strong></span> <span class='ocrx_word' id='word_1_415' title='bbox 3108 2801 3280 2880; x_wconf 82' lang='lat' dir='ltr'><strong>jubet</strong></span> <span class='ocrx_word' id='word_1_416' title='bbox 3310 2800 3600 2863; x_wconf 88' lang='lat' dir='ltr'><strong>ordinatio</strong></span> 
     </span>
    </p>
   </div>
   <div class='ocr_carea' id='block_1_61' title="bbox 1961 2891 3604 2971">
    <p class='ocr_par' dir='ltr' id='par_1_61' title="bbox 1961 2891 3604 2971">
     <span class='ocr_line' id='line_1_61' title="bbox 1961 2891 3604 2971; baseline -0.001 -18"><span class='ocrx_word' id='word_1_417' title='bbox 1961 2891 2222 2953; x_wconf 90' lang='lat' dir='ltr'><strong>divinum</strong></span> <span class='ocrx_word' id='word_1_418' title='bbox 2257 2891 2368 2953; x_wconf 87' lang='lat' dir='ltr'><strong>hac</strong></span> <span class='ocrx_word' id='word_1_419' title='bbox 2399 2891 2474 2953; x_wconf 91' lang='lat' dir='ltr'><strong>de</strong></span> <span class='ocrx_word' id='word_1_420' title='bbox 2504 2910 2569 2953; x_wconf 88' lang='lat' dir='ltr'><strong>re</strong></span> <span class='ocrx_word' id='word_1_421' title='bbox 2595 2892 2886 2971; x_wconf 86' lang='lat' dir='ltr'><strong>judicium</strong></span> <span class='ocrx_word' id='word_1_422' title='bbox 2919 2891 3161 2954; x_wconf 88' lang='lat' dir='ltr'><strong>edoceri</strong></span> <span class='ocrx_word' id='word_1_423' title='bbox 3188 2913 3200 2954; x_wconf 91' lang='lat'><strong>:</strong></span> <span class='ocrx_word' id='word_1_424' title='bbox 3243 2891 3382 2952; x_wconf 90' lang='lat' dir='ltr'><strong>huic</strong></span> <span class='ocrx_word' id='word_1_425' title='bbox 3411 2891 3604 2968; x_wconf 90' lang='lat' dir='ltr'><strong>siqui-</strong></span> 
     </span>
    </p>
   </div>
   <div class='ocr_carea' id='block_1_62' title="bbox 1962 2980 3602 3062">
    <p class='ocr_par' dir='ltr' id='par_1_62' title="bbox 1962 2980 3602 3062">
     <span class='ocr_line' id='line_1_62' title="bbox 1962 2980 3602 3062; baseline -0.001 -19"><span class='ocrx_word' id='word_1_426' title='bbox 1962 2981 2098 3043; x_wconf 92' lang='lat' dir='ltr'><strong>dem</strong></span> <span class='ocrx_word' id='word_1_427' title='bbox 2133 2982 2438 3062; x_wconf 76' lang='lat' dir='ltr'><strong>przecepit,</strong></span> <span class='ocrx_word' id='word_1_428' title='bbox 2457 2990 2519 3042; x_wconf 88' lang='lat' dir='ltr'><strong>ut</strong></span> <span class='ocrx_word' id='word_1_429' title='bbox 2541 3001 2647 3062; x_wconf 89' lang='lat' dir='ltr'><strong>per</strong></span> <span class='ocrx_word' id='word_1_430' title='bbox 2671 2981 2924 3043; x_wconf 90' lang='lat' dir='ltr'><strong>mediam</strong></span> <span class='ocrx_word' id='word_1_431' title='bbox 2942 2980 3269 3045; x_wconf 87' lang='lat' dir='ltr'><strong>Jerusalem</strong></span> <span class='ocrx_word' id='word_1_432' title='bbox 3302 2981 3602 3056; x_wconf 85' lang='lat' dir='ltr'><strong>transiret,</strong></span> 
     </span>
    </p>
   </div>
   <div class='ocr_carea' id='block_1_63' title="bbox 1962 3069 3608 3151">
    <p class='ocr_par' dir='ltr' id='par_1_63' title="bbox 1962 3069 3608 3151">
     <span class='ocr_line' id='line_1_63' title="bbox 1962 3069 3608 3151; baseline -0.001 -20"><span class='ocrx_word' id='word_1_433' title='bbox 1962 3079 2136 3151; x_wconf 89' lang='lat' dir='ltr'><strong>atque</strong></span> <span class='ocrx_word' id='word_1_434' title='bbox 2169 3073 2404 3150; x_wconf 88' lang='lat' dir='ltr'><strong>signum</strong></span> <span class='ocrx_word' id='word_1_435' title='bbox 2438 3071 2763 3132; x_wconf 90' lang='lat' dir='ltr'><strong>insontium</strong></span> <span class='ocrx_word' id='word_1_436' title='bbox 2783 3072 3045 3133; x_wconf 84' lang='lat' dir='ltr'><strong>virorum</strong></span> <span class='ocrx_word' id='word_1_437' title='bbox 3071 3069 3364 3132; x_wconf 73' lang='lat' dir='ltr'><strong>frontibus</strong></span> <span class='ocrx_word' id='word_1_438' title='bbox 3395 3071 3608 3146; x_wconf 88' lang='lat' dir='ltr'><strong>impri-</strong></span> 
     </span>
    </p>
   </div>
   <div class='ocr_carea' id='block_1_64' title="bbox 209 3160 1871 3248">
    <p class='ocr_par' dir='ltr' id='par_1_64' title="bbox 209 3162 1871 3245">
     <span class='ocr_line' id='line_1_64' title="bbox 209 3162 1871 3245; baseline -0.017 -23"><span class='ocrx_word' id='word_1_439' title='bbox 209 3167 492 3245; x_wconf 78' lang='grc' dir='ltr'>ὲγγίσητε.</span> <span class='ocrx_word' id='word_1_440' title='bbox 556 3167 616 3223; x_wconf 76' lang='grc' dir='ltr'><strong>Τί</strong></span> <span class='ocrx_word' id='word_1_441' title='bbox 670 3163 732 3221; x_wconf 78' lang='grc' dir='ltr'>ἄν</span> <span class='ocrx_word' id='word_1_442' title='bbox 786 3187 866 3228; x_wconf 92' lang='grc' dir='ltr'><strong>τις</strong></span> <span class='ocrx_word' id='word_1_443' title='bbox 925 3167 1062 3221; x_wconf 77' lang='grc' dir='ltr'>εἱποι</span> <span class='ocrx_word' id='word_1_444' title='bbox 1123 3165 1361 3242; x_wconf 78' lang='grc' dir='ltr'>περὶτοῦ</span> <span class='ocrx_word' id='word_1_445' title='bbox 1392 3163 1659 3242; x_wconf 71' lang='grc' dir='ltr'><strong>φήσαντος</strong></span> <span class='ocrx_word' id='word_1_446' title='bbox 1703 3162 1871 3240; x_wconf 67' lang='grc' dir='ltr'><strong>ἀγγέ-</strong></span> 
     </span>
    </p>
   </div>
   <div class='ocr_carea' id='block_1_65' title="bbox 1955 3160 3611 3248">
    <p class='ocr_par' dir='ltr' id='par_1_65' title="bbox 1964 3160 3611 3242">
     <span class='ocr_line' id='line_1_65' title="bbox 1964 3160 3611 3242; baseline 0.001 -22"><span class='ocrx_word' id='word_1_447' title='bbox 1964 3168 2182 3242; x_wconf 87' lang='lat' dir='ltr'><strong>meret;</strong></span> <span class='ocrx_word' id='word_1_448' title='bbox 2203 3160 2340 3222; x_wconf 87' lang='lat' dir='ltr'><strong>aliis</strong></span> <span class='ocrx_word' id='word_1_449' title='bbox 2357 3169 2556 3223; x_wconf 92' lang='lat' dir='ltr'><strong>autem</strong></span> <span class='ocrx_word' id='word_1_450' title='bbox 2577 3161 2680 3224; x_wconf 88' lang='lat' dir='ltr'><strong>ait:</strong></span> <span class='ocrx_word' id='word_1_451' title='bbox 2706 3161 2897 3224; x_wconf 75' lang='lat' dir='ltr'><strong>Exite</strong></span> <span class='ocrx_word' id='word_1_452' title='bbox 2912 3163 2971 3223; x_wconf 76' lang='lat' dir='ltr'><strong>in</strong></span> <span class='ocrx_word' id='word_1_453' title='bbox 2986 3162 3290 3224; x_wconf 81' lang='lat' dir='ltr'><strong>civitatem</strong></span> <span class='ocrx_word' id='word_1_454' title='bbox 3309 3174 3442 3241; x_wconf 78' lang='lat' dir='ltr'><strong>post</strong></span> <span class='ocrx_word' id='word_1_455' title='bbox 3455 3179 3611 3237; x_wconf 82' lang='lat' dir='ltr'><strong>eum,</strong></span> 
     </span>
    </p>
   </div>
   <div class='ocr_carea' id='block_1_66' title="bbox 209 3251 1875 3331">
    <p class='ocr_par' dir='ltr' id='par_1_66' title="bbox 209 3251 1875 3331">
     <span class='ocr_line' id='line_1_66' title="bbox 209 3251 1875 3331; baseline -0.004 -19"><span class='ocrx_word' id='word_1_456' title='bbox 209 3256 305 3312; x_wconf 82' lang='grc' dir='ltr'><strong>λου</strong></span> <span class='ocrx_word' id='word_1_457' title='bbox 364 3262 444 3328; x_wconf 77' lang='grc' dir='ltr'>τῷ</span> <span class='ocrx_word' id='word_1_458' title='bbox 507 3253 728 3324; x_wconf 72' lang='grc' dir='ltr'>Δανιήλ³</span> <span class='ocrx_word' id='word_1_459' title='bbox 793 3251 1040 3320; x_wconf 69' lang='grc' dir='ltr'>Ἐξῆλθεν</span> <span class='ocrx_word' id='word_1_460' title='bbox 1101 3255 1128 3309; x_wconf 89' lang='lat'><strong>6</strong></span> <span class='ocrx_word' id='word_1_461' title='bbox 1181 3252 1387 3331; x_wconf 72' lang='grc' dir='ltr'>λόγοςς</span> <span class='ocrx_word' id='word_1_462' title='bbox 1447 3251 1483 3319; x_wconf 78' lang='grc' dir='ltr'>ἥ</span> <span class='ocrx_word' id='word_1_463' title='bbox 1538 3254 1657 3328; x_wconf 84' lang='grc' dir='ltr'>περὶ</span> <span class='ocrx_word' id='word_1_464' title='bbox 1717 3256 1875 3310; x_wconf 77' lang='grc' dir='ltr'><strong>αὒτοῦ</strong></span> 
     </span>
    </p>
   </div>
   <div class='ocr_carea' id='block_1_67' title="bbox 208 3340 1872 3424">
    <p class='ocr_par' dir='ltr' id='par_1_67' title="bbox 208 3340 1872 3424">
     <span class='ocr_line' id='line_1_67' title="bbox 208 3340 1872 3424; baseline -0.003 -21"><span class='ocrx_word' id='word_1_465' title='bbox 208 3353 302 3403; x_wconf 75' lang='grc' dir='ltr'>τοῦ</span> <span class='ocrx_word' id='word_1_466' title='bbox 334 3345 551 3424; x_wconf 82' lang='grc' dir='ltr'>πρώτου</span> <span class='ocrx_word' id='word_1_467' title='bbox 578 3346 640 3400; x_wconf 74' lang='grc' dir='ltr'>τὸ</span> <span class='ocrx_word' id='word_1_468' title='bbox 671 3351 770 3422; x_wconf 77' lang='grc' dir='ltr'>πῦρ</span> <span class='ocrx_word' id='word_1_469' title='bbox 826 3342 887 3398; x_wconf 74' lang='grc' dir='ltr'><strong>ἐκ</strong></span> <span class='ocrx_word' id='word_1_470' title='bbox 931 3342 1096 3418; x_wconf 69' lang='grc' dir='ltr'>μέσου</span> <span class='ocrx_word' id='word_1_471' title='bbox 1145 3345 1248 3399; x_wconf 82' lang='grc' dir='ltr'>τῶν</span> <span class='ocrx_word' id='word_1_472' title='bbox 1285 3340 1549 3420; x_wconf 73' lang='grc' dir='ltr'>Χερουϐὶμ</span> <span class='ocrx_word' id='word_1_473' title='bbox 1583 3341 1872 3413; x_wconf 71' lang='grc' dir='ltr'>ἀνειληφό-</span> 
     </span>
    </p>
   </div>
   <div class='ocr_carea' id='block_1_68' title="bbox 206 3429 1873 3515">
    <p class='ocr_par' dir='ltr' id='par_1_68' title="bbox 206 3429 1873 3515">
     <span class='ocr_line' id='line_1_68' title="bbox 206 3429 1873 3515; baseline -0.005 -21"><span class='ocrx_word' id='word_1_474' title='bbox 206 3458 297 3500; x_wconf 66' lang='lat' dir='ltr'><strong>to;</strong></span> <span class='ocrx_word' id='word_1_475' title='bbox 324 3455 340 3515; x_wconf 70' lang='grc' dir='ltr'><strong>ς</strong></span> <span class='ocrx_word' id='word_1_476' title='bbox 376 3435 414 3503; x_wconf 76' lang='grc' dir='ltr'><strong>ἢ</strong></span> <span class='ocrx_word' id='word_1_477' title='bbox 448 3435 510 3491; x_wconf 74' lang='grc' dir='ltr'>τὸ</span> <span class='ocrx_word' id='word_1_478' title='bbox 541 3433 729 3492; x_wconf 67' lang='grc' dir='ltr'>τούτου</span> <span class='ocrx_word' id='word_1_479' title='bbox 793 3433 1175 3511; x_wconf 81' lang='grc' dir='ltr'>περισσότερον</span> <span class='ocrx_word' id='word_1_480' title='bbox 1207 3433 1278 3496; x_wconf 76' lang='grc' dir='ltr'><strong>εἷς</strong></span> <span class='ocrx_word' id='word_1_481' title='bbox 1312 3429 1549 3497; x_wconf 74' lang='grc' dir='ltr'>εὐταξίας</span> <span class='ocrx_word' id='word_1_482' title='bbox 1581 3430 1873 3508; x_wconf 76' lang='grc' dir='ltr'>ἀγγελικὴς</span> 
     </span>
    </p>
   </div>
   <div class='ocr_carea' id='block_1_69' title="bbox 205 3519 1875 3602">
    <p class='ocr_par' dir='ltr' id='par_1_69' title="bbox 205 3519 1875 3602">
     <span class='ocr_line' id='line_1_69' title="bbox 205 3519 1875 3602; baseline -0.005 -19"><span class='ocrx_word' id='word_1_483' title='bbox 205 3523 504 3598; x_wconf 70' lang='grc' dir='ltr'>ἀπόδειξιν,</span> <span class='ocrx_word' id='word_1_484' title='bbox 570 3523 652 3580; x_wconf 75' lang='grc' dir='ltr'><strong>ὅτι</strong></span> <span class='ocrx_word' id='word_1_485' title='bbox 709 3524 772 3579; x_wconf 80' lang='grc' dir='ltr'>τὰ</span> <span class='ocrx_word' id='word_1_486' title='bbox 836 3520 1105 3602; x_wconf 76' lang='grc' dir='ltr'>Χερουϐὶμ</span> <span class='ocrx_word' id='word_1_487' title='bbox 1163 3519 1416 3598; x_wconf 69' lang='grc' dir='ltr'>ἐμϐάΛλει</span> <span class='ocrx_word' id='word_1_488' title='bbox 1471 3519 1534 3572; x_wconf 71' lang='grc'><strong>57</strong></span> <span class='ocrx_word' id='word_1_489' title='bbox 1577 3521 1640 3576; x_wconf 77' lang='grc' dir='ltr'>τὸ</span> <span class='ocrx_word' id='word_1_490' title='bbox 1671 3522 1770 3599; x_wconf 81' lang='grc' dir='ltr'><strong>πῦρ</strong></span> <span class='ocrx_word' id='word_1_491' title='bbox 1802 3521 1875 3582; x_wconf 85' lang='grc' dir='ltr'>εἰς</span> 
     </span>
    </p>
   </div>
   <div class='ocr_carea' id='block_1_70' title="bbox 204 3608 1879 3695">
    <p class='ocr_par' dir='ltr' id='par_1_70' title="bbox 204 3608 1879 3695">
     <span class='ocr_line' id='line_1_70' title="bbox 204 3608 1879 3695; baseline -0.005 -22"><span class='ocrx_word' id='word_1_492' title='bbox 204 3617 301 3680; x_wconf 72' lang='grc' dir='ltr'>τὰς</span> <span class='ocrx_word' id='word_1_493' title='bbox 333 3628 532 3695; x_wconf 76' lang='grc' dir='ltr'>χεῖρας</span> <span class='ocrx_word' id='word_1_494' title='bbox 562 3620 656 3670; x_wconf 78' lang='grc' dir='ltr'><strong>τοῦ</strong></span> <span class='ocrx_word' id='word_1_495' title='bbox 685 3614 786 3681; x_wconf 80' lang='grc' dir='ltr'>τὴν</span> <span class='ocrx_word' id='word_1_496' title='bbox 822 3612 979 3690; x_wconf 76' lang='grc' dir='ltr'>ἆγιαν</span> <span class='ocrx_word' id='word_1_497' title='bbox 1011 3611 1207 3680; x_wconf 77' lang='grc' dir='ltr'>στολὴν</span> <span class='ocrx_word' id='word_1_498' title='bbox 1240 3609 1571 3674; x_wconf 76' lang='grc' dir='ltr'>ἐνδεδυκότος</span> <span class='ocrx_word' id='word_1_499' title='bbox 1601 3629 1617 3689; x_wconf 83' lang='grc'>;</span> <span class='ocrx_word' id='word_1_500' title='bbox 1676 3608 1712 3677; x_wconf 79' lang='grc' dir='ltr'><strong>ἢ</strong></span> <span class='ocrx_word' id='word_1_501' title='bbox 1760 3609 1879 3687; x_wconf 80' lang='grc' dir='ltr'>περὶ</span> 
     </span>
    </p>
   </div>
   <div class='ocr_carea' id='block_1_71' title="bbox 205 3698 1876 3781">
    <p class='ocr_par' dir='ltr' id='par_1_71' title="bbox 205 3698 1876 3781">
     <span class='ocr_line' id='line_1_71' title="bbox 205 3698 1876 3781; baseline -0.005 -19"><span class='ocrx_word' id='word_1_502' title='bbox 205 3715 302 3764; x_wconf 78' lang='grc' dir='ltr'><strong>τοῦ</strong></span> <span class='ocrx_word' id='word_1_503' title='bbox 337 3702 673 3770; x_wconf 76' lang='grc' dir='ltr'>κεκληκότος</span> <span class='ocrx_word' id='word_1_504' title='bbox 718 3704 808 3759; x_wconf 78' lang='grc' dir='ltr'><strong>τὸν</strong></span> <span class='ocrx_word' id='word_1_505' title='bbox 851 3701 1120 3758; x_wconf 71' lang='grc' dir='ltr'>θειότατον</span> <span class='ocrx_word' id='word_1_506' title='bbox 1184 3698 1445 3781; x_wconf 75' lang='grc' dir='ltr'>Γαϐριὴλ,</span> <span class='ocrx_word' id='word_1_507' title='bbox 1486 3701 1574 3756; x_wconf 85' lang='grc' dir='ltr'>καὶ</span> <span class='ocrx_word' id='word_1_508' title='bbox 1610 3700 1876 3778; x_wconf 75' lang='grc' dir='ltr'>φήσαντος</span> 
     </span>
    </p>
   </div>
   <div class='ocr_carea' id='block_1_72' title="bbox 206 3788 1882 3870">
    <p class='ocr_par' dir='ltr' id='par_1_72' title="bbox 206 3788 1882 3870">
     <span class='ocr_line' id='line_1_72' title="bbox 206 3788 1882 3870; baseline -0.005 -18"><span class='ocrx_word' id='word_1_509' title='bbox 206 3799 388 3868; x_wconf 72' lang='grc' dir='ltr'>αὖτῳ,</span> <span class='ocrx_word' id='word_1_510' title='bbox 456 3792 738 3850; x_wconf 89' lang='grc' dir='ltr'>Συνέτισον</span> <span class='ocrx_word' id='word_1_511' title='bbox 811 3790 1016 3847; x_wconf 69' lang='grc' dir='ltr'>ἐκεῖνον</span> <span class='ocrx_word' id='word_1_512' title='bbox 1091 3791 1188 3859; x_wconf 76' lang='grc' dir='ltr'>τὴν</span> <span class='ocrx_word' id='word_1_513' title='bbox 1257 3789 1468 3870; x_wconf 73' lang='grc' dir='ltr'>ὅρασινς</span> <span class='ocrx_word' id='word_1_514' title='bbox 1540 3792 1576 3861; x_wconf 74' lang='grc' dir='ltr'>ἥ</span> <span class='ocrx_word' id='word_1_515' title='bbox 1649 3789 1746 3845; x_wconf 81' lang='grc' dir='ltr'>ὃσα</span> <span class='ocrx_word' id='word_1_516' title='bbox 1811 3788 1882 3847; x_wconf 76' lang='grc'><strong>58</strong></span> 
     </span>
    </p>
   </div>
   <div class='ocr_carea' id='block_1_73' title="bbox 209 3879 1879 3960">
    <p class='ocr_par' dir='ltr' id='par_1_73' title="bbox 209 3879 1879 3960">
     <span class='ocr_line' id='line_1_73' title="bbox 209 3879 1879 3960; baseline -0.005 -19"><span class='ocrx_word' id='word_1_517' title='bbox 209 3885 353 3941; x_wconf 85' lang='grc' dir='ltr'>ἄλλα</span> <span class='ocrx_word' id='word_1_518' title='bbox 415 3884 548 3960; x_wconf 79' lang='grc' dir='ltr'>πρὸς</span> <span class='ocrx_word' id='word_1_519' title='bbox 608 3882 716 3937; x_wconf 78' lang='grc' dir='ltr'>τῶν</span> <span class='ocrx_word' id='word_1_520' title='bbox 772 3883 929 3959; x_wconf 76' lang='grc' dir='ltr'>ἱερῶν</span> <span class='ocrx_word' id='word_1_521' title='bbox 985 3879 1251 3958; x_wconf 81' lang='grc' dir='ltr'>θεολόγων</span> <span class='ocrx_word' id='word_1_522' title='bbox 1309 3879 1520 3956; x_wconf 75' lang='grc' dir='ltr'>εἴρηται</span> <span class='ocrx_word' id='word_1_523' title='bbox 1592 3880 1708 3958; x_wconf 85' lang='grc' dir='ltr'>περὶ</span> <span class='ocrx_word' id='word_1_524' title='bbox 1778 3884 1879 3945; x_wconf 77' lang='grc' dir='ltr'>τῆς</span> 
     </span>
    </p>
   </div>
   <div class='ocr_carea' id='block_1_74' title="bbox 209 3968 1876 4051">
    <p class='ocr_par' dir='ltr' id='par_1_74' title="bbox 209 3968 1876 4051">
     <span class='ocr_line' id='line_1_74' title="bbox 209 3968 1876 4051; baseline -0.002 -23"><span class='ocrx_word' id='word_1_525' title='bbox 209 3983 322 4031; x_wconf 77' lang='grc' dir='ltr'>τῶν</span> <span class='ocrx_word' id='word_1_526' title='bbox 387 3973 641 4051; x_wconf 68' lang='grc' dir='ltr'>οὐρανίων</span> <span class='ocrx_word' id='word_1_527' title='bbox 711 3973 1004 4050; x_wconf 71' lang='grc' dir='ltr'>ἱεραρχιῶν</span> <span class='ocrx_word' id='word_1_528' title='bbox 1035 3968 1293 4032; x_wconf 69' lang='grc' dir='ltr'>θεοειδοῦς</span> <span class='ocrx_word' id='word_1_529' title='bbox 1355 3969 1680 4044; x_wconf 69' lang='grc' dir='ltr'>εὖχοσμίαςς</span> <span class='ocrx_word' id='word_1_530' title='bbox 1747 3969 1876 4048; x_wconf 80' lang='grc' dir='ltr'>πρὸς</span> 
     </span>
    </p>
   </div>
   <div class='ocr_carea' id='block_1_75' title="bbox 209 4056 1875 4139">
    <p class='ocr_par' dir='ltr' id='par_1_75' title="bbox 209 4056 1875 4139">
     <span class='ocr_line' id='line_1_75' title="bbox 209 4056 1875 4139; baseline -0.002 -22"><span class='ocrx_word' id='word_1_531' title='bbox 209 4066 284 4131; x_wconf 72' lang='grc' dir='ltr'>ἣν</span> <span class='ocrx_word' id='word_1_532' title='bbox 341 4064 377 4130; x_wconf 79' lang='grc' dir='ltr'>ἡ</span> <span class='ocrx_word' id='word_1_533' title='bbox 438 4062 535 4130; x_wconf 72' lang='grc' dir='ltr'>τῆς</span> <span class='ocrx_word' id='word_1_534' title='bbox 568 4059 696 4138; x_wconf 83' lang='grc' dir='ltr'>παρ’</span> <span class='ocrx_word' id='word_1_535' title='bbox 728 4063 860 4136; x_wconf 70' lang='grc' dir='ltr'>ἡμῖν</span> <span class='ocrx_word' id='word_1_536' title='bbox 889 4061 1162 4139; x_wconf 76' lang='grc' dir='ltr'>ἱεραρχίας</span> <span class='ocrx_word' id='word_1_537' title='bbox 1198 4056 1425 4138; x_wconf 76' lang='grc' dir='ltr'>εὒταξίᾳ,</span> <span class='ocrx_word' id='word_1_538' title='bbox 1459 4059 1594 4114; x_wconf 79' lang='grc' dir='ltr'>κατὰ</span> <span class='ocrx_word' id='word_1_539' title='bbox 1625 4060 1684 4114; x_wconf 83' lang='grc' dir='ltr'>τὸ</span> <span class='ocrx_word' id='word_1_540' title='bbox 1715 4057 1875 4114; x_wconf 81' lang='grc' dir='ltr'>δυνα-</span> 
     </span>
    </p>
   </div>
   <div class='ocr_carea' id='block_1_76' title="bbox 212 4147 1874 4233">
    <p class='ocr_par' dir='ltr' id='par_1_76' title="bbox 212 4147 1874 4233">
     <span class='ocr_line' id='line_1_76' title="bbox 212 4147 1874 4233; baseline -0.005 -23"><span class='ocrx_word' id='word_1_541' title='bbox 212 4155 310 4210; x_wconf 73' lang='grc' dir='ltr'>τὸν</span> <span class='ocrx_word' id='word_1_542' title='bbox 341 4149 771 4233; x_wconf 55' lang='grc' dir='ltr'>ἀνθομοιουμένη,</span> <span class='ocrx_word' id='word_1_543' title='bbox 839 4148 936 4216; x_wconf 73' lang='grc' dir='ltr'>τὴν</span> <span class='ocrx_word' id='word_1_544' title='bbox 996 4147 1289 4227; x_wconf 71' lang='grc' dir='ltr'>ἀγγελικὴν</span> <span class='ocrx_word' id='word_1_545' title='bbox 1348 4147 1656 4226; x_wconf 72' lang='grc' dir='ltr'>εὐπρέπειαν</span> <span class='ocrx_word' id='word_1_546' title='bbox 1702 4149 1774 4212; x_wconf 86' lang='grc' dir='ltr'>ὡς</span> <span class='ocrx_word' id='word_1_547' title='bbox 1820 4147 1874 4203; x_wconf 81' lang='grc' dir='ltr'><strong>ἐν</strong></span> 
     </span>
    </p>
   </div>
   <div class='ocr_carea' id='block_1_77' title="bbox 215 4236 1872 4318">
    <p class='ocr_par' dir='ltr' id='par_1_77' title="bbox 215 4236 1872 4318">
     <span class='ocr_line' id='line_1_77' title="bbox 215 4236 1872 4318; baseline -0.004 -18"><span class='ocrx_word' id='word_1_548' title='bbox 215 4243 420 4300; x_wconf 73' lang='grc' dir='ltr'>εἰκόσιν</span> <span class='ocrx_word' id='word_1_549' title='bbox 475 4239 603 4318; x_wconf 76' lang='grc' dir='ltr'>ἕξει,</span> <span class='ocrx_word' id='word_1_550' title='bbox 673 4238 978 4314; x_wconf 85' lang='grc' dir='ltr'>τυπουμένη</span> <span class='ocrx_word' id='word_1_551' title='bbox 1043 4236 1110 4294; x_wconf 83' lang='grc' dir='ltr'><strong>δι’</strong></span> <span class='ocrx_word' id='word_1_552' title='bbox 1175 4239 1362 4311; x_wconf 70' lang='grc' dir='ltr'>αὖτῆς,</span> <span class='ocrx_word' id='word_1_553' title='bbox 1422 4238 1510 4294; x_wconf 83' lang='grc' dir='ltr'><strong>καὶ</strong></span> <span class='ocrx_word' id='word_1_554' title='bbox 1566 4237 1872 4314; x_wconf 70' lang='grc' dir='ltr'>ἀναγομένη</span> 
     </span>
    </p>
   </div>
   <div class='ocr_carea' id='block_1_78' title="bbox 208 4326 1872 4412">
    <p class='ocr_par' dir='ltr' id='par_1_78' title="bbox 208 4326 1872 4412">
     <span class='ocr_line' id='line_1_78' title="bbox 208 4326 1872 4412; baseline -0.005 -21"><span class='ocrx_word' id='word_1_555' title='bbox 208 4335 346 4412; x_wconf 71' lang='grc' dir='ltr'>πρὸς</span> <span class='ocrx_word' id='word_1_556' title='bbox 422 4331 519 4399; x_wconf 75' lang='grc' dir='ltr'>τὴν</span> <span class='ocrx_word' id='word_1_557' title='bbox 603 4329 916 4406; x_wconf 69' lang='grc' dir='ltr'>ὑπεροΰσιον</span> <span class='ocrx_word' id='word_1_558' title='bbox 999 4326 1211 4395; x_wconf 76' lang='grc' dir='ltr'>ἁπάσης</span> <span class='ocrx_word' id='word_1_559' title='bbox 1294 4328 1562 4407; x_wconf 74' lang='grc' dir='ltr'>ἱεραρχίας</span> <span class='ocrx_word' id='word_1_560' title='bbox 1650 4326 1872 4406; x_wconf 81' lang='grc' dir='ltr'>ταξιαρ-</span> 
     </span>
    </p>
   </div>
   <div class='ocr_carea' id='block_1_79' title="bbox 207 4426 366 4504">
    <p class='ocr_par' dir='ltr' id='par_1_79' title="bbox 207 4426 366 4504">
     <span class='ocr_line' id='line_1_79' title="bbox 207 4426 366 4504; baseline -0.019 -25"><span class='ocrx_word' id='word_1_561' title='bbox 207 4426 366 4504; x_wconf 72' lang='grc' dir='ltr'>χίαν,</span> 
     </span>
    </p>
   </div>
   <div class='ocr_carea' id='block_1_80' title="bbox 1961 3251 3617 3330">
    <p class='ocr_par' dir='ltr' id='par_1_80' title="bbox 1961 3251 3617 3330">
     <span class='ocr_line' id='line_1_80' title="bbox 1961 3251 3617 3330; baseline 0 -18"><span class='ocrx_word' id='word_1_562' title='bbox 1961 3256 2018 3312; x_wconf 75' lang='lat' dir='ltr'><strong>et</strong></span> <span class='ocrx_word' id='word_1_563' title='bbox 2029 3251 2415 3330; x_wconf 74' lang='lat' dir='ltr'><strong>percutile,et</strong></span> <span class='ocrx_word' id='word_1_564' title='bbox 2428 3253 2611 3312; x_wconf 79' lang='lat' dir='ltr'><strong>nolite</strong></span> <span class='ocrx_word' id='word_1_565' title='bbox 2620 3269 2861 3330; x_wconf 78' lang='lat' dir='ltr'><strong>parcere</strong></span> <span class='ocrx_word' id='word_1_566' title='bbox 2877 3251 3066 3314; x_wconf 77' lang='lat' dir='ltr'><strong>oculis</strong></span> <span class='ocrx_word' id='word_1_567' title='bbox 3082 3252 3404 3318; x_wconf 72' lang='lat' dir='ltr'><strong>vestrismd</strong></span> <span class='ocrx_word' id='word_1_568' title='bbox 3416 3269 3617 3314; x_wconf 77' lang='lat' dir='ltr'><strong>omnes</strong></span> 
     </span>
    </p>
   </div>
   <div class='ocr_carea' id='block_1_81' title="bbox 1936 3342 3614 3421">
    <p class='ocr_par' dir='ltr' id='par_1_81' title="bbox 1936 3342 3614 3421">
     <span class='ocr_line' id='line_1_81' title="bbox 1936 3342 3614 3421; baseline -0.001 -19"><span class='ocrx_word' id='word_1_569' title='bbox 1936 3398 1939 3402; x_wconf 90' lang='lat'><strong><em>.</em></strong></span> <span class='ocrx_word' id='word_1_570' title='bbox 1961 3346 2166 3402; x_wconf 82' lang='lat' dir='ltr'><strong>autem</strong></span> <span class='ocrx_word' id='word_1_571' title='bbox 2187 3357 2378 3419; x_wconf 76' lang='lat' dir='ltr'><strong>super</strong></span> <span class='ocrx_word' id='word_1_572' title='bbox 2397 3358 2545 3420; x_wconf 85' lang='lat' dir='ltr'><strong>quos</strong></span> <span class='ocrx_word' id='word_1_573' title='bbox 2566 3347 2650 3402; x_wconf 81' lang='lat' dir='ltr'><strong>est</strong></span> <span class='ocrx_word' id='word_1_574' title='bbox 2672 3342 2937 3421; x_wconf 80' lang='lat' dir='ltr'><strong>signum,</strong></span> <span class='ocrx_word' id='word_1_575' title='bbox 2959 3359 3036 3402; x_wconf 82' lang='lat' dir='ltr'><strong>ne</strong></span> <span class='ocrx_word' id='word_1_576' title='bbox 3057 3342 3550 3420; x_wconf 78' lang='lat' dir='ltr'><strong>appropinquetis</strong></span> <span class='ocrx_word' id='word_1_577' title='bbox 3569 3358 3614 3401; x_wconf 66' lang='grc' dir='ltr'>ν.</span> 
     </span>
    </p>
   </div>
   <div class='ocr_carea' id='block_1_82' title="bbox 1961 3428 3620 3511">
    <p class='ocr_par' dir='ltr' id='par_1_82' title="bbox 1961 3428 3620 3511">
     <span class='ocr_line' id='line_1_82' title="bbox 1961 3428 3620 3511; baseline 0.001 -23"><span class='ocrx_word' id='word_1_578' title='bbox 1961 3428 2117 3502; x_wconf 75' lang='lat' dir='ltr'><strong>Quid</strong></span> <span class='ocrx_word' id='word_1_579' title='bbox 2150 3437 2346 3490; x_wconf 90' lang='lat' dir='ltr'><strong>autem</strong></span> <span class='ocrx_word' id='word_1_580' title='bbox 2381 3429 2456 3491; x_wconf 91' lang='lat' dir='ltr'><strong>de</strong></span> <span class='ocrx_word' id='word_1_581' title='bbox 2487 3429 2591 3490; x_wconf 94' lang='lat' dir='ltr'><strong>illo</strong></span> <span class='ocrx_word' id='word_1_582' title='bbox 2622 3430 2787 3492; x_wconf 83' lang='lat' dir='ltr'><strong>dicat</strong></span> <span class='ocrx_word' id='word_1_583' title='bbox 2815 3435 2945 3511; x_wconf 90' lang='lat' dir='ltr'><strong>quis</strong></span> <span class='ocrx_word' id='word_1_584' title='bbox 2975 3431 3208 3506; x_wconf 80' lang='lat' dir='ltr'><strong>angelo,</strong></span> <span class='ocrx_word' id='word_1_585' title='bbox 3245 3433 3345 3506; x_wconf 88' lang='lat' dir='ltr'><strong>qui</strong></span> <span class='ocrx_word' id='word_1_586' title='bbox 3381 3429 3620 3492; x_wconf 84' lang='lat' dir='ltr'><strong>Danieli</strong></span> 
     </span>
    </p>
   </div>
   <div class='ocr_carea' id='block_1_83' title="bbox 1960 3517 3611 3600">
    <p class='ocr_par' dir='ltr' id='par_1_83' title="bbox 1960 3517 3611 3600">
     <span class='ocr_line' id='line_1_83' title="bbox 1960 3517 3611 3600; baseline 0.002 -22"><span class='ocrx_word' id='word_1_587' title='bbox 1960 3517 2076 3580; x_wconf 93' lang='lat' dir='ltr'><strong>ait:</strong></span> <span class='ocrx_word' id='word_1_588' title='bbox 2113 3517 2411 3598; x_wconf 75' lang='lat' dir='ltr'><strong>Egressus</strong></span> <span class='ocrx_word' id='word_1_589' title='bbox 2455 3526 2540 3582; x_wconf 84' lang='lat' dir='ltr'><strong>est</strong></span> <span class='ocrx_word' id='word_1_590' title='bbox 2572 3538 2770 3582; x_wconf 84' lang='lat' dir='ltr'><strong>sermo</strong></span> <span class='ocrx_word' id='word_1_591' title='bbox 2797 3521 2867 3582; x_wconf 76' lang='lat' dir='ltr'><strong>?z</strong></span> <span class='ocrx_word' id='word_1_592' title='bbox 2896 3529 2994 3582; x_wconf 87' lang='lat' dir='ltr'><strong>aut</strong></span> <span class='ocrx_word' id='word_1_593' title='bbox 3023 3520 3100 3582; x_wconf 90' lang='lat' dir='ltr'><strong>de</strong></span> <span class='ocrx_word' id='word_1_594' title='bbox 3131 3519 3324 3600; x_wconf 90' lang='lat' dir='ltr'><strong>primo</strong></span> <span class='ocrx_word' id='word_1_595' title='bbox 3358 3521 3477 3595; x_wconf 89' lang='lat' dir='ltr'><strong>illo,</strong></span> <span class='ocrx_word' id='word_1_596' title='bbox 3506 3521 3611 3596; x_wconf 88' lang='lat' dir='ltr'><strong>qui</strong></span> 
     </span>
    </p>
   </div>
   <div class='ocr_carea' id='block_1_84' title="bbox 1963 3607 3620 3691">
    <p class='ocr_par' dir='ltr' id='par_1_84' title="bbox 1963 3607 3620 3691">
     <span class='ocr_line' id='line_1_84' title="bbox 1963 3607 3620 3691; baseline 0 -21"><span class='ocrx_word' id='word_1_597' title='bbox 1963 3608 2163 3688; x_wconf 86' lang='lat' dir='ltr'><strong>ignem</strong></span> <span class='ocrx_word' id='word_1_598' title='bbox 2200 3607 2277 3670; x_wconf 94' lang='lat' dir='ltr'><strong>de</strong></span> <span class='ocrx_word' id='word_1_599' title='bbox 2312 3610 2506 3671; x_wconf 90' lang='lat' dir='ltr'><strong>medio</strong></span> <span class='ocrx_word' id='word_1_600' title='bbox 2538 3609 2850 3672; x_wconf 87' lang='lat' dir='ltr'><strong>cherubim</strong></span> <span class='ocrx_word' id='word_1_601' title='bbox 2883 3609 3164 3691; x_wconf 84' lang='lat' dir='ltr'><strong>accepit?</strong></span> <span class='ocrx_word' id='word_1_602' title='bbox 3196 3610 3308 3684; x_wconf 90' lang='lat' dir='ltr'><strong>vel,</strong></span> <span class='ocrx_word' id='word_1_603' title='bbox 3335 3610 3494 3689; x_wconf 88' lang='lat' dir='ltr'><strong>quod</strong></span> <span class='ocrx_word' id='word_1_604' title='bbox 3515 3629 3620 3671; x_wconf 87' lang='lat' dir='ltr'><strong>an-</strong></span> 
     </span>
    </p>
   </div>
   <div class='ocr_carea' id='block_1_85' title="bbox 1963 3697 3620 3778">
    <p class='ocr_par' dir='ltr' id='par_1_85' title="bbox 1963 3697 3620 3778">
     <span class='ocr_line' id='line_1_85' title="bbox 1963 3697 3620 3778; baseline 0.003 -19"><span class='ocrx_word' id='word_1_605' title='bbox 1963 3699 2212 3778; x_wconf 84' lang='lat' dir='ltr'><strong>gelicam</strong></span> <span class='ocrx_word' id='word_1_606' title='bbox 2272 3697 2633 3762; x_wconf 89' lang='lat' dir='ltr'><strong>luculentius</strong></span> <span class='ocrx_word' id='word_1_607' title='bbox 2693 3700 3008 3762; x_wconf 82' lang='lat' dir='ltr'><strong>confirmat</strong></span> <span class='ocrx_word' id='word_1_608' title='bbox 3040 3699 3510 3776; x_wconf 87' lang='lat' dir='ltr'><strong>distinctionem,</strong></span> <span class='ocrx_word' id='word_1_609' title='bbox 3547 3700 3620 3764; x_wconf 87' lang='lat' dir='ltr'><strong>de</strong></span> 
     </span>
    </p>
   </div>
   <div class='ocr_carea' id='block_1_86' title="bbox 1964 3787 3618 3870">
    <p class='ocr_par' dir='ltr' id='par_1_86' title="bbox 1964 3787 3618 3870">
     <span class='ocr_line' id='line_1_86' title="bbox 1964 3787 3618 3870; baseline 0 -20"><span class='ocrx_word' id='word_1_610' title='bbox 1964 3787 2276 3850; x_wconf 90' lang='lat' dir='ltr'><strong>cherubim</strong></span> <span class='ocrx_word' id='word_1_611' title='bbox 2309 3789 2509 3869; x_wconf 88' lang='lat' dir='ltr'><strong>ignem</strong></span> <span class='ocrx_word' id='word_1_612' title='bbox 2546 3792 2859 3869; x_wconf 89' lang='lat' dir='ltr'><strong>ingerente</strong></span> <span class='ocrx_word' id='word_1_613' title='bbox 2890 3790 2950 3852; x_wconf 92' lang='lat' dir='ltr'><strong>in</strong></span> <span class='ocrx_word' id='word_1_614' title='bbox 2986 3809 3194 3851; x_wconf 85' lang='lat' dir='ltr'><strong>manus</strong></span> <span class='ocrx_word' id='word_1_615' title='bbox 3222 3790 3350 3870; x_wconf 86' lang='lat' dir='ltr'><strong>ejus</strong></span> <span class='ocrx_word' id='word_1_616' title='bbox 3381 3789 3478 3870; x_wconf 94' lang='lat' dir='ltr'><strong>qui</strong></span> <span class='ocrx_word' id='word_1_617' title='bbox 3503 3798 3618 3850; x_wconf 89' lang='lat' dir='ltr'><strong>sto-</strong></span> 
     </span>
    </p>
   </div>
   <div class='ocr_carea' id='block_1_87' title="bbox 1965 3878 3615 3960">
    <p class='ocr_par' dir='ltr' id='par_1_87' title="bbox 1965 3878 3615 3960">
     <span class='ocr_line' id='line_1_87' title="bbox 1965 3878 3615 3960; baseline 0 -19"><span class='ocrx_word' id='word_1_618' title='bbox 1965 3878 2081 3941; x_wconf 87' lang='lat' dir='ltr'><strong>lam</strong></span> <span class='ocrx_word' id='word_1_619' title='bbox 2109 3887 2371 3941; x_wconf 89' lang='lat' dir='ltr'><strong>sanctam</strong></span> <span class='ocrx_word' id='word_1_620' title='bbox 2398 3880 2642 3942; x_wconf 91' lang='lat' dir='ltr'><strong>indutus</strong></span> <span class='ocrx_word' id='word_1_621' title='bbox 2666 3886 2830 3943; x_wconf 85' lang='lat' dir='ltr'><strong>erat?</strong></span> <span class='ocrx_word' id='word_1_622' title='bbox 2859 3889 2960 3940; x_wconf 93' lang='lat' dir='ltr'><strong>aut</strong></span> <span class='ocrx_word' id='word_1_623' title='bbox 2987 3882 3060 3943; x_wconf 89' lang='lat' dir='ltr'><strong>de</strong></span> <span class='ocrx_word' id='word_1_624' title='bbox 3090 3880 3193 3941; x_wconf 86' lang='lat' dir='ltr'><strong>illo</strong></span> <span class='ocrx_word' id='word_1_625' title='bbox 3227 3879 3327 3960; x_wconf 91' lang='lat' dir='ltr'><strong>qui</strong></span> <span class='ocrx_word' id='word_1_626' title='bbox 3356 3878 3615 3942; x_wconf 89' lang='lat' dir='ltr'><strong>Gabrieli</strong></span> 
     </span>
    </p>
   </div>
   <div class='ocr_carea' id='block_1_88' title="bbox 1962 3968 3614 4051">
    <p class='ocr_par' dir='ltr' id='par_1_88' title="bbox 1962 3968 3614 4051">
     <span class='ocr_line' id='line_1_88' title="bbox 1962 3968 3614 4051; baseline 0.002 -23"><span class='ocrx_word' id='word_1_627' title='bbox 1962 3968 2354 4051; x_wconf 86' lang='lat' dir='ltr'><strong>divinissimo,</strong></span> <span class='ocrx_word' id='word_1_628' title='bbox 2373 3989 2506 4032; x_wconf 89' lang='lat' dir='ltr'><strong>cum</strong></span> <span class='ocrx_word' id='word_1_629' title='bbox 2532 3989 2667 4032; x_wconf 90' lang='lat' dir='ltr'><strong>eum</strong></span> <span class='ocrx_word' id='word_1_630' title='bbox 2692 3970 3069 4045; x_wconf 89' lang='lat' dir='ltr'><strong>accersisset,</strong></span> <span class='ocrx_word' id='word_1_631' title='bbox 3087 3970 3268 4032; x_wconf 80' lang='lat' dir='ltr'><strong>dixit:</strong></span> <span class='ocrx_word' id='word_1_632' title='bbox 3304 3972 3418 4031; x_wconf 79' lang='lat' dir='ltr'><strong>Fac</strong></span> <span class='ocrx_word' id='word_1_633' title='bbox 3439 3969 3614 4032; x_wconf 77' lang='lat' dir='ltr'><strong>illum</strong></span> 
     </span>
    </p>
   </div>
   <div class='ocr_carea' id='block_1_89' title="bbox 1960 4057 3612 4139">
    <p class='ocr_par' dir='ltr' id='par_1_89' title="bbox 1960 4057 3612 4139">
     <span class='ocr_line' id='line_1_89' title="bbox 1960 4057 3612 4139; baseline 0 -19"><span class='ocrx_word' id='word_1_634' title='bbox 1960 4057 2321 4138; x_wconf 67' lang='lat' dir='ltr'><strong>intelligere</strong></span> <span class='ocrx_word' id='word_1_635' title='bbox 2337 4060 2706 4123; x_wconf 68' lang='lat' dir='ltr'><strong>visionema?</strong></span> <span class='ocrx_word' id='word_1_636' title='bbox 2723 4069 2819 4121; x_wconf 92' lang='lat' dir='ltr'><strong>aut</strong></span> <span class='ocrx_word' id='word_1_637' title='bbox 2839 4060 2913 4121; x_wconf 93' lang='lat' dir='ltr'><strong>de</strong></span> <span class='ocrx_word' id='word_1_638' title='bbox 2935 4061 3208 4121; x_wconf 86' lang='lat' dir='ltr'><strong>omnibus</strong></span> <span class='ocrx_word' id='word_1_639' title='bbox 3222 4058 3376 4138; x_wconf 88' lang='lat' dir='ltr'><strong>aliis,</strong></span> <span class='ocrx_word' id='word_1_640' title='bbox 3393 4077 3522 4139; x_wconf 74' lang='lat' dir='ltr'><strong>quae</strong></span> <span class='ocrx_word' id='word_1_641' title='bbox 3539 4059 3612 4120; x_wconf 91' lang='lat' dir='ltr'><strong>de</strong></span> 
     </span>
    </p>
   </div>
   <div class='ocr_carea' id='block_1_90' title="bbox 1958 4148 3612 4230">
    <p class='ocr_par' dir='ltr' id='par_1_90' title="bbox 1958 4148 3612 4230">
     <span class='ocr_line' id='line_1_90' title="bbox 1958 4148 3612 4230; baseline 0.001 -21"><span class='ocrx_word' id='word_1_642' title='bbox 1958 4149 2292 4212; x_wconf 82' lang='lat' dir='ltr'><strong>cceleslium</strong></span> <span class='ocrx_word' id='word_1_643' title='bbox 2324 4150 2536 4212; x_wconf 87' lang='lat' dir='ltr'><strong>ordine</strong></span> <span class='ocrx_word' id='word_1_644' title='bbox 2561 4149 3034 4214; x_wconf 85' lang='lat' dir='ltr'><strong>hierarchiarum</strong></span> <span class='ocrx_word' id='word_1_645' title='bbox 3071 4167 3312 4230; x_wconf 89' lang='lat' dir='ltr'><strong>prorsus</strong></span> <span class='ocrx_word' id='word_1_646' title='bbox 3335 4148 3612 4210; x_wconf 85' lang='lat' dir='ltr'><strong>deiformi</strong></span> 
     </span>
    </p>
   </div>
   <div class='ocr_carea' id='block_1_91' title="bbox 1954 4237 3610 4318">
    <p class='ocr_par' dir='ltr' id='par_1_91' title="bbox 1954 4237 3610 4318">
     <span class='ocr_line' id='line_1_91' title="bbox 1954 4237 3610 4318; baseline -0.001 -18"><span class='ocrx_word' id='word_1_647' title='bbox 1954 4255 1990 4300; x_wconf 75' lang='grc' dir='ltr'>ει</span> <span class='ocrx_word' id='word_1_648' title='bbox 2021 4237 2206 4300; x_wconf 75' lang='lat' dir='ltr'><strong>sacris</strong></span> <span class='ocrx_word' id='word_1_649' title='bbox 2239 4247 2378 4301; x_wconf 89' lang='lat' dir='ltr'><strong>sunt</strong></span> <span class='ocrx_word' id='word_1_650' title='bbox 2409 4239 2703 4318; x_wconf 88' lang='lat' dir='ltr'><strong>theologis</strong></span> <span class='ocrx_word' id='word_1_651' title='bbox 2764 4248 3230 4301; x_wconf 89' lang='lat' dir='ltr'><strong>commemorata</strong></span> <span class='ocrx_word' id='word_1_652' title='bbox 3253 4245 3280 4301; x_wconf 88' lang='lat'><strong>?</strong></span> <span class='ocrx_word' id='word_1_653' title='bbox 3334 4238 3407 4299; x_wconf 89' lang='lat' dir='ltr'><strong>ad</strong></span> <span class='ocrx_word' id='word_1_654' title='bbox 3442 4239 3610 4317; x_wconf 86' lang='lat' dir='ltr'><strong>cujus</strong></span> 
     </span>
    </p>
   </div>
   <div class='ocr_carea' id='block_1_92' title="bbox 1955 4326 3608 4406">
    <p class='ocr_par' dir='ltr' id='par_1_92' title="bbox 1955 4326 3608 4406">
     <span class='ocr_line' id='line_1_92' title="bbox 1955 4326 3608 4406; baseline -0.001 -17"><span class='ocrx_word' id='word_1_655' title='bbox 1955 4326 2164 4404; x_wconf 87' lang='lat' dir='ltr'><strong>utique</strong></span> <span class='ocrx_word' id='word_1_656' title='bbox 2194 4328 2508 4406; x_wconf 86' lang='lat' dir='ltr'><strong>imaginem</strong></span> <span class='ocrx_word' id='word_1_657' title='bbox 2541 4330 2590 4390; x_wconf 89' lang='lat' dir='ltr'><strong>si</strong></span> <span class='ocrx_word' id='word_1_658' title='bbox 2622 4347 2792 4391; x_wconf 87' lang='lat' dir='ltr'><strong>sacer</strong></span> <span class='ocrx_word' id='word_1_659' title='bbox 2823 4329 2917 4388; x_wconf 87' lang='lat' dir='ltr'><strong>hic</strong></span> <span class='ocrx_word' id='word_1_660' title='bbox 2949 4328 3094 4389; x_wconf 88' lang='lat' dir='ltr'><strong>ordo</strong></span> <span class='ocrx_word' id='word_1_661' title='bbox 3128 4338 3332 4390; x_wconf 88' lang='lat' dir='ltr'><strong>noster</strong></span> <span class='ocrx_word' id='word_1_662' title='bbox 3359 4345 3424 4388; x_wconf 91' lang='lat' dir='ltr'><strong>se</strong></span> <span class='ocrx_word' id='word_1_663' title='bbox 3449 4346 3608 4389; x_wconf 90' lang='lat' dir='ltr'><strong>com-</strong></span> 
     </span>
    </p>
   </div>
   <div class='ocr_carea' id='block_1_93' title="bbox 1957 4416 3602 4500">
    <p class='ocr_par' dir='ltr' id='par_1_93' title="bbox 1957 4416 3602 4500">
     <span class='ocr_line' id='line_1_93' title="bbox 1957 4416 3602 4500; baseline -0.001 -21"><span class='ocrx_word' id='word_1_664' title='bbox 1957 4425 2156 4498; x_wconf 83' lang='lat' dir='ltr'><strong>ponat,</strong></span> <span class='ocrx_word' id='word_1_665' title='bbox 2185 4417 2387 4497; x_wconf 88' lang='lat' dir='ltr'><strong>eique,</strong></span> <span class='ocrx_word' id='word_1_666' title='bbox 2411 4428 2695 4500; x_wconf 89' lang='lat' dir='ltr'><strong>quantum</strong></span> <span class='ocrx_word' id='word_1_667' title='bbox 2731 4425 2950 4498; x_wconf 88' lang='lat' dir='ltr'><strong>potest,</strong></span> <span class='ocrx_word' id='word_1_668' title='bbox 2968 4416 3356 4492; x_wconf 86' lang='lat' dir='ltr'><strong>assimiletur,</strong></span> <span class='ocrx_word' id='word_1_669' title='bbox 3375 4417 3602 4495; x_wconf 75' lang='lat' dir='ltr'><strong>angeli-</strong></span> 
     </span>
    </p>
   </div>
   <div class='ocr_carea' id='block_1_94' title="bbox 205 4503 3576 4590">
    <p class='ocr_par' dir='ltr' id='par_1_94' title="bbox 205 4503 3576 4590">
     <span class='ocr_line' id='line_1_94' title="bbox 205 4503 3576 4590; baseline -0.003 -14"><span class='ocrx_word' id='word_1_670' title='bbox 205 4503 346 4576; x_wconf 76' lang='lat' dir='ltr'><strong>cum</strong></span> <span class='ocrx_word' id='word_1_671' title='bbox 383 4506 648 4590; x_wconf 81' lang='lat' dir='ltr'><strong>profecto</strong></span> <span class='ocrx_word' id='word_1_672' title='bbox 679 4504 959 4590; x_wconf 84' lang='lat' dir='ltr'><strong>decorem</strong></span> <span class='ocrx_word' id='word_1_673' title='bbox 992 4505 1166 4590; x_wconf 82' lang='lat' dir='ltr'><strong>illum</strong></span> <span class='ocrx_word' id='word_1_674' title='bbox 1193 4504 1348 4590; x_wconf 70' lang='lat' dir='ltr'><strong>velut</strong></span> <span class='ocrx_word' id='word_1_675' title='bbox 1371 4503 1432 4590; x_wconf 81' lang='lat' dir='ltr'><strong>in</strong></span> <span class='ocrx_word' id='word_1_676' title='bbox 1456 4504 1669 4590; x_wconf 67' lang='lat' dir='ltr'><strong>figuris</strong></span> <span class='ocrx_word' id='word_1_677' title='bbox 1723 4505 2040 4590; x_wconf 47' lang='lat' dir='ltr'><strong>exprimet,</strong></span> <span class='ocrx_word' id='word_1_678' title='bbox 2102 4508 2354 4571; x_wconf 84' lang='lat' dir='ltr'><strong>formam</strong></span> <span class='ocrx_word' id='word_1_679' title='bbox 2388 4509 2524 4572; x_wconf 85' lang='lat' dir='ltr'><strong>inde</strong></span> <span class='ocrx_word' id='word_1_680' title='bbox 2554 4508 2794 4590; x_wconf 76' lang='lat' dir='ltr'><strong>capiens</strong></span> <span class='ocrx_word' id='word_1_681' title='bbox 2826 4528 2841 4588; x_wconf 84' lang='lat'><strong>;</strong></span> <span class='ocrx_word' id='word_1_682' title='bbox 2877 4524 2945 4568; x_wconf 74' lang='grc' dir='ltr'>,ιο</span> <span class='ocrx_word' id='word_1_683' title='bbox 2977 4525 3084 4590; x_wconf 79' lang='lat' dir='ltr'><strong>per</strong></span> <span class='ocrx_word' id='word_1_684' title='bbox 3114 4526 3251 4570; x_wconf 90' lang='lat' dir='ltr'><strong>eum</strong></span> <span class='ocrx_word' id='word_1_685' title='bbox 3285 4506 3361 4570; x_wconf 90' lang='lat' dir='ltr'><strong>ad</strong></span> <span class='ocrx_word' id='word_1_686' title='bbox 3394 4524 3576 4588; x_wconf 87' lang='lat' dir='ltr'><strong>supe-</strong></span> 
     </span>
    </p>
   </div>
   <div class='ocr_carea' id='block_1_95' title="bbox 202 4584 1984 4668">
    <p class='ocr_par' dir='ltr' id='par_1_95' title="bbox 202 4584 1984 4668">
     <span class='ocr_line' id='line_1_95' title="bbox 202 4584 1984 4668; baseline -0.004 -10"><span class='ocrx_word' id='word_1_687' title='bbox 202 4584 628 4658; x_wconf 78' lang='lat' dir='ltr'><strong>ressentialem</strong></span> <span class='ocrx_word' id='word_1_688' title='bbox 660 4586 856 4648; x_wconf 90' lang='lat' dir='ltr'><strong>omnis</strong></span> <span class='ocrx_word' id='word_1_689' title='bbox 886 4587 1040 4650; x_wconf 90' lang='lat' dir='ltr'><strong>sacri</strong></span> <span class='ocrx_word' id='word_1_690' title='bbox 1063 4584 1292 4650; x_wconf 88' lang='lat' dir='ltr'><strong>ordinis</strong></span> <span class='ocrx_word' id='word_1_691' title='bbox 1323 4585 1616 4668; x_wconf 87' lang='lat' dir='ltr'><strong>originem</strong></span> <span class='ocrx_word' id='word_1_692' title='bbox 1653 4584 1984 4652; x_wconf 84' lang='lat' dir='ltr'><strong>attolletur.</strong></span> 
     </span>
    </p>
   </div>
   <div class='ocr_carea' id='block_1_96' title="bbox 1313 4846 2511 4920">
    <p class='ocr_par' dir='ltr' id='par_1_96' title="bbox 1313 4846 2511 4920">
     <span class='ocr_line' id='line_1_96' title="bbox 1313 4846 2511 4920; baseline 0.008 -12"><span class='ocrx_word' id='word_1_693' title='bbox 1313 4847 1410 4908; x_wconf 85' lang='lat'>76</span> <span class='ocrx_word' id='word_1_694' title='bbox 1470 4846 2064 4917; x_wconf 85' lang='lat' dir='ltr'><strong>ADNOTATIONES</strong></span> <span class='ocrx_word' id='word_1_695' title='bbox 2109 4854 2511 4920; x_wconf 81' lang='lat' dir='ltr'><strong>CORDEBII.</strong></span> 
     </span>
    </p>
   </div>
   <div class='ocr_carea' id='block_1_97' title="bbox 287 5008 3600 5089">
    <p class='ocr_par' dir='ltr' id='par_1_97' title="bbox 287 5008 3600 5089">
     <span class='ocr_line' id='line_1_97' title="bbox 287 5008 3600 5089; baseline -0 -16"><span class='ocrx_word' id='word_1_696' title='bbox 287 5017 387 5089; x_wconf 63' lang='grc' dir='ltr'><strong>εἰ.</strong></span> <span class='ocrx_word' id='word_1_697' title='bbox 429 5011 714 5089; x_wconf 77' lang='lat' dir='ltr'><strong>Describit</strong></span> <span class='ocrx_word' id='word_1_698' title='bbox 745 5011 988 5089; x_wconf 76' lang='lat' dir='ltr'><strong>mediam</strong></span> <span class='ocrx_word' id='word_1_699' title='bbox 1020 5008 1404 5089; x_wconf 82' lang='lat' dir='ltr'><strong>hierarchiam</strong></span> <span class='ocrx_word' id='word_1_700' title='bbox 1446 5024 1568 5081; x_wconf 66' lang='lat' dir='ltr'><strong>qua:</strong></span> <span class='ocrx_word' id='word_1_701' title='bbox 1601 5011 1856 5089; x_wconf 80' lang='lat' dir='ltr'><strong>continet</strong></span> <span class='ocrx_word' id='word_1_702' title='bbox 1882 5011 2324 5084; x_wconf 64' lang='lat' dir='ltr'><strong>dominationes,</strong></span> <span class='ocrx_word' id='word_1_703' title='bbox 2351 5026 2654 5089; x_wconf 82' lang='lat' dir='ltr'><strong>potestates</strong></span> <span class='ocrx_word' id='word_1_704' title='bbox 2703 5027 2872 5089; x_wconf 88' lang='lat' dir='ltr'><strong>atque</strong></span> <span class='ocrx_word' id='word_1_705' title='bbox 2915 5015 3169 5082; x_wconf 88' lang='lat' dir='ltr'><strong>virtutes,</strong></span> <span class='ocrx_word' id='word_1_706' title='bbox 3209 5022 3261 5073; x_wconf 87' lang='lat' dir='ltr'><strong>et</strong></span> <span class='ocrx_word' id='word_1_707' title='bbox 3300 5014 3600 5088; x_wconf 78' lang='lat' dir='ltr'><strong>mysticam</strong></span> 
     </span>
    </p>
   </div>
   <div class='ocr_carea' id='block_1_98' title="bbox 209 5083 1888 5162">
    <p class='ocr_par' dir='ltr' id='par_1_98' title="bbox 209 5083 1888 5162">
     <span class='ocr_line' id='line_1_98' title="bbox 209 5083 1888 5162; baseline -0.004 -16"><span class='ocrx_word' id='word_1_708' title='bbox 209 5083 501 5162; x_wconf 77' lang='lat' dir='ltr'><strong>cuiusque</strong></span> <span class='ocrx_word' id='word_1_709' title='bbox 531 5083 1062 5162; x_wconf 74' lang='lat' dir='ltr'><strong>interpretationem</strong></span> <span class='ocrx_word' id='word_1_710' title='bbox 1093 5095 1160 5162; x_wconf 75' lang='lat' dir='ltr'><strong>ac</strong></span> <span class='ocrx_word' id='word_1_711' title='bbox 1206 5083 1606 5162; x_wconf 74' lang='lat' dir='ltr'><strong>proprietatem</strong></span> <span class='ocrx_word' id='word_1_712' title='bbox 1626 5085 1888 5162; x_wconf 49' lang='lat' dir='ltr'><strong>exponit,</strong></span> 
     </span>
    </p>
   </div>
   <div class='ocr_carea' id='block_1_99' title="bbox 289 5146 3599 5234">
    <p class='ocr_par' dir='ltr' id='par_1_99' title="bbox 289 5146 3599 5234">
     <span class='ocr_line' id='line_1_99' title="bbox 289 5146 3599 5234; baseline 0 -19"><span class='ocrx_word' id='word_1_713' title='bbox 289 5146 726 5216; x_wconf 70' lang='lat' dir='ltr'><strong>Domtuatiooes</strong></span> <span class='ocrx_word' id='word_1_714' title='bbox 751 5165 937 5214; x_wconf 87' lang='lat' dir='ltr'><strong>autem</strong></span> <span class='ocrx_word' id='word_1_715' title='bbox 971 5146 1258 5221; x_wconf 65' lang='lat' dir='ltr'><strong>dicuntur,</strong></span> <span class='ocrx_word' id='word_1_716' title='bbox 1291 5146 1423 5225; x_wconf 86' lang='lat' dir='ltr'><strong>quia</strong></span> <span class='ocrx_word' id='word_1_717' title='bbox 1456 5155 1672 5212; x_wconf 64' lang='lat' dir='ltr'><strong>ceteris</strong></span> <span class='ocrx_word' id='word_1_718' title='bbox 1704 5146 1926 5227; x_wconf 76' lang='lat' dir='ltr'><strong>angelis</strong></span> <span class='ocrx_word' id='word_1_719' title='bbox 1980 5146 2367 5230; x_wconf 74' lang='lat' dir='ltr'><strong>domiziantur,</strong></span> <span class='ocrx_word' id='word_1_720' title='bbox 2402 5171 2455 5221; x_wconf 90' lang='lat' dir='ltr'><strong>et</strong></span> <span class='ocrx_word' id='word_1_721' title='bbox 2485 5163 2555 5220; x_wconf 89' lang='lat' dir='ltr'><strong>ab</strong></span> <span class='ocrx_word' id='word_1_722' title='bbox 2586 5161 2740 5220; x_wconf 88' lang='lat' dir='ltr'><strong>omni</strong></span> <span class='ocrx_word' id='word_1_723' title='bbox 2777 5159 3149 5234; x_wconf 81' lang='lat' dir='ltr'><strong>oppressione</strong></span> <span class='ocrx_word' id='word_1_724' title='bbox 3205 5169 3344 5218; x_wconf 89' lang='lat' dir='ltr'><strong>sunt</strong></span> <span class='ocrx_word' id='word_1_725' title='bbox 3379 5158 3599 5230; x_wconf 66' lang='lat' dir='ltr'><strong>liberae,</strong></span> 
     </span>
    </p>
   </div>
   <div class='ocr_carea' id='block_1_100' title="bbox 297 5305 1871 5390">
    <p class='ocr_par' dir='ltr' id='par_1_100' title="bbox 297 5305 1871 5390">
     <span class='ocr_line' id='line_1_100' title="bbox 297 5305 1871 5390; baseline 0 -19"><span class='ocrx_word' id='word_1_726' title='bbox 297 5323 324 5354; x_wconf 83' lang='grc' dir='ltr'>ι</span> <span class='ocrx_word' id='word_1_727' title='bbox 353 5308 567 5372; x_wconf 71' lang='lat' dir='ltr'><strong>Ezech.</strong></span> <span class='ocrx_word' id='word_1_728' title='bbox 607 5326 665 5373; x_wconf 87' lang='lat' dir='ltr'><strong>x.</strong></span> <span class='ocrx_word' id='word_1_729' title='bbox 699 5322 724 5365; x_wconf 65' lang='grc' dir='ltr'>ι</span> <span class='ocrx_word' id='word_1_730' title='bbox 754 5307 968 5371; x_wconf 88' lang='lat' dir='ltr'><strong>Esecb.</strong></span> <span class='ocrx_word' id='word_1_731' title='bbox 1001 5323 1090 5390; x_wconf 68' lang='grc' dir='ltr'><strong>ιτ,</strong></span> <span class='ocrx_word' id='word_1_732' title='bbox 1117 5305 1176 5370; x_wconf 88' lang='grc'><strong>5.</strong></span> <span class='ocrx_word' id='word_1_733' title='bbox 1209 5315 1232 5347; x_wconf 79' lang='grc'>⁸</span> <span class='ocrx_word' id='word_1_734' title='bbox 1268 5305 1417 5368; x_wconf 90' lang='lat' dir='ltr'><strong>Dan.</strong></span> <span class='ocrx_word' id='word_1_735' title='bbox 1450 5323 1537 5388; x_wconf 80' lang='lat' dir='ltr'><strong>ix,</strong></span> <span class='ocrx_word' id='word_1_736' title='bbox 1570 5307 1669 5370; x_wconf 82' lang='lat'><strong>23.</strong></span> <span class='ocrx_word' id='word_1_737' title='bbox 1702 5322 1727 5355; x_wconf 72' lang='grc' dir='ltr'><strong><em>ι</em></strong></span> <span class='ocrx_word' id='word_1_738' title='bbox 1759 5311 1871 5373; x_wconf 70' lang='lat' dir='ltr'><strong>Da:</strong></span> 
     </span>
    </p>
   </div>
   <div class='ocr_carea' id='block_1_101' title="bbox 1955 5305 2202 5390">
    <p class='ocr_par' dir='ltr' id='par_1_101' title="bbox 1955 5313 2202 5376">
     <span class='ocr_line' id='line_1_101' title="bbox 1955 5313 2202 5376; baseline 0.008 -2"><span class='ocrx_word' id='word_1_739' title='bbox 1955 5322 2064 5376; x_wconf 67' lang='lat' dir='ltr'><strong>rm.</strong></span> <span class='ocrx_word' id='word_1_740' title='bbox 2104 5313 2202 5376; x_wconf 82' lang='lat'><strong>16.</strong></span> 
     </span>
    </p>
   </div>
   <div class='ocr_carea' id='block_1_102' title="bbox 1546 5466 2280 5542">
    <p class='ocr_par' dir='ltr' id='par_1_102' title="bbox 1546 5466 2280 5542">
     <span class='ocr_line' id='line_1_102' title="bbox 1546 5466 2280 5542; baseline 0.016 -12"><span class='ocrx_word' id='word_1_741' title='bbox 1546 5466 1799 5532; x_wconf 69' lang='lat' dir='ltr'><strong>VARl/E</strong></span> <span class='ocrx_word' id='word_1_742' title='bbox 1852 5473 2280 5542; x_wconf 84' lang='lat' dir='ltr'><strong>LECTIONES.</strong></span> 
     </span>
    </p>
   </div>
   <div class='ocr_carea' id='block_1_103' title="bbox 293 5589 3582 5691">
    <p class='ocr_par' dir='ltr' id='par_1_103' title="bbox 293 5589 3582 5691">
     <span class='ocr_line' id='line_1_103' title="bbox 293 5589 3582 5691; baseline -0.002 -24"><span class='ocrx_word' id='word_1_743' title='bbox 293 5606 358 5658; x_wconf 62' lang='grc' dir='ltr'><strong>ἔνο</strong></span> <span class='ocrx_word' id='word_1_744' title='bbox 409 5605 622 5691; x_wconf 29' lang='grc' dir='ltr'><strong>ΟΙΙᾍῙ).</strong></span> <span class='ocrx_word' id='word_1_745' title='bbox 662 5605 1051 5691; x_wconf 49' lang='lat' dir='ltr'><strong>[1:317:1jtﬁ‘f-EV.</strong></span> <span class='ocrx_word' id='word_1_746' title='bbox 1107 5603 1167 5691; x_wconf 49' lang='grc' dir='ltr'><strong>ἴθι</strong></span> <span class='ocrx_word' id='word_1_747' title='bbox 1219 5589 1686 5691; x_wconf 50' lang='lat' dir='ltr'><strong>articulummnon</strong></span> <span class='ocrx_word' id='word_1_748' title='bbox 1716 5605 1896 5691; x_wconf 82' lang='lat' dir='ltr'><strong>habet</strong></span> <span class='ocrx_word' id='word_1_749' title='bbox 1929 5610 1994 5672; x_wconf 87' lang='lat' dir='ltr'><strong>D.</strong></span> <span class='ocrx_word' id='word_1_750' title='bbox 2031 5627 2115 5681; x_wconf 66' lang='lat' dir='ltr'><strong>et,</strong></span> <span class='ocrx_word' id='word_1_751' title='bbox 2152 5623 2215 5682; x_wconf 83' lang='lat' dir='ltr'><strong>P.</strong></span> <span class='ocrx_word' id='word_1_752' title='bbox 2273 5615 2335 5666; x_wconf 71' lang='lat'><strong>5?.</strong></span> <span class='ocrx_word' id='word_1_753' title='bbox 2365 5615 2434 5691; x_wconf 79' lang='grc' dir='ltr'>Ι),</span> <span class='ocrx_word' id='word_1_754' title='bbox 2469 5615 2788 5681; x_wconf 65' lang='grc' dir='ltr'>ἀπάντησιν,</span> <span class='ocrx_word' id='word_1_755' title='bbox 2843 5612 2907 5664; x_wconf 77' lang='grc'><strong>55</strong></span> <span class='ocrx_word' id='word_1_756' title='bbox 2935 5633 3020 5690; x_wconf 76' lang='grc' dir='ltr'><strong>γρ.</strong></span> <span class='ocrx_word' id='word_1_757' title='bbox 3054 5615 3197 5691; x_wconf 25' lang='grc' dir='ltr'><strong>τῦν..</strong></span> <span class='ocrx_word' id='word_1_758' title='bbox 3243 5607 3318 5691; x_wconf 62' lang='lat'><strong>__54</strong></span> <span class='ocrx_word' id='word_1_759' title='bbox 3347 5628 3582 5691; x_wconf 72' lang='grc' dir='ltr'>στρατη-</span> 
     </span>
    </p>
   </div>
   <div class='ocr_carea' id='block_1_104' title="bbox 223 5681 3500 5770">
    <p class='ocr_par' dir='ltr' id='par_1_104' title="bbox 223 5681 3500 5770">
     <span class='ocr_line' id='line_1_104' title="bbox 223 5681 3500 5770; baseline 0.005 -27"><span class='ocrx_word' id='word_1_760' title='bbox 223 5692 370 5766; x_wconf 78' lang='grc' dir='ltr'>γική,</span> <span class='ocrx_word' id='word_1_761' title='bbox 411 5691 484 5749; x_wconf 71' lang='grc' dir='ltr'><strong>Μ.</strong></span> <span class='ocrx_word' id='word_1_762' title='bbox 519 5687 620 5749; x_wconf 91' lang='lat' dir='ltr'><strong>Sc.</strong></span> <span class='ocrx_word' id='word_1_763' title='bbox 678 5686 745 5738; x_wconf 67' lang='grc' dir='ltr'>εδ</span> <span class='ocrx_word' id='word_1_764' title='bbox 772 5681 1057 5748; x_wconf 85' lang='lat' dir='ltr'><strong>articulus</strong></span> <span class='ocrx_word' id='word_1_765' title='bbox 1087 5682 1345 5750; x_wconf 84' lang='lat' dir='ltr'><strong>decstin</strong></span> <span class='ocrx_word' id='word_1_766' title='bbox 1376 5683 1456 5747; x_wconf 85' lang='lat' dir='ltr'><strong>M.</strong></span> <span class='ocrx_word' id='word_1_767' title='bbox 1514 5681 1582 5737; x_wconf 72' lang='grc' dir='ltr'>ω</span> <span class='ocrx_word' id='word_1_768' title='bbox 1610 5687 1668 5744; x_wconf 84' lang='grc' dir='ltr'>τό</span> <span class='ocrx_word' id='word_1_769' title='bbox 1701 5705 1819 5750; x_wconf 89' lang='lat' dir='ltr'><strong>non</strong></span> <span class='ocrx_word' id='word_1_770' title='bbox 1851 5689 2074 5761; x_wconf 79' lang='lat' dir='ltr'><strong>habent</strong></span> <span class='ocrx_word' id='word_1_771' title='bbox 2103 5681 2210 5763; x_wconf 61' lang='lat' dir='ltr'><strong>ct}.</strong></span> <span class='ocrx_word' id='word_1_772' title='bbox 2245 5695 2312 5762; x_wconf 93' lang='lat' dir='ltr'><strong>D.</strong></span> <span class='ocrx_word' id='word_1_773' title='bbox 2354 5681 2432 5759; x_wconf 84' lang='lat' dir='ltr'><strong>P.’</strong></span> <span class='ocrx_word' id='word_1_774' title='bbox 2481 5697 2541 5748; x_wconf 60' lang='grc' dir='ltr'><strong>ετ</strong></span> <span class='ocrx_word' id='word_1_775' title='bbox 2595 5693 2863 5770; x_wconf 71' lang='grc' dir='ltr'>ἐκϐάλλει,</span> <span class='ocrx_word' id='word_1_776' title='bbox 2899 5681 2979 5756; x_wconf 65' lang='grc' dir='ltr'>οἳ</span> <span class='ocrx_word' id='word_1_777' title='bbox 3027 5690 3091 5742; x_wconf 70' lang='grc' dir='ltr'>δε</span> <span class='ocrx_word' id='word_1_778' title='bbox 3121 5689 3206 5746; x_wconf 73' lang='grc' dir='ltr'>καὶ</span> <span class='ocrx_word' id='word_1_779' title='bbox 3239 5687 3357 5769; x_wconf 65' lang='grc' dir='ltr'>ὅσα,</span> <span class='ocrx_word' id='word_1_780' title='bbox 3389 5681 3500 5749; x_wconf 67' lang='lat' dir='ltr'><strong>Ch.</strong></span> 
     </span>
    </p>
   </div>
  </div>
