4112 6160
229 512 400 567 αὒτῶν

230 597 680 678 φυλαχθήσηται.
740 604 855 657 Τῶν
918 599 1017 674 μὲν
1090 601 1178 656 οὖν
1217 599 1381 675 ἁγίων
1427 600 1752 676 κυριοτήτων
1787 599 1885 668 τὴν

232 687 609 757 ἒκδηλωτικὶιν
692 689 979 764 ὀνομασίαν
1077 686 1398 745 ὑπολαϐἆνω
1480 688 1672 757 δηλοῦν
1754 689 1887 745 ἀνα·-

228 778 417 855 γωγήν
489 800 608 836 τινα
679 779 768 835 καί
835 778 1103 857 ἀναφορὰν
1153 776 1474 853 ἀδούλωτον,
1550 780 1638 836 καὶ
1708 780 1886 846 πάσης

232 865 528 947 χθαμαλῆς
587 868 975 934 ταπεινότητος
1018 865 1313 946 ἒλευϐἐραν’
1383 866 1461 923 διὸ
1520 869 1619 946 γὰρ
1674 865 1884 925 ἐλευθε-

232 956 508 1035 ροπρεπής
578 956 747 1035 ἐστιν,
825 954 992 1013 οὐδενὶ
1063 955 1244 1034 τρόπῳ
1314 955 1541 1013 καθόλου
1582 957 1671 1013 καὶ
1730 978 1888 1014 σλνε-

230 1046 396 1103 λόντα
427 1047 651 1107 εἰπεῖν’.
690 1045 779 1113 Μὴ
806 1046 906 1124 γὰρ
933 1045 1122 1125 εἴπῃς,
1179 1045 1263 1102 ὅτι
1318 1045 1542 1103 καθόλου
1574 1046 1721 1122 εἷπε,
1757 1044 1888 1103 διότι

234 1135 474 1215 μερικῶς
544 1140 728 1198 ποσῶς
758 1133 1150 1192 κατακλίνεται⁶
1226 1133 1393 1193 οὐδενὶ
1463 1138 1632 1194 τοὶνυν
1711 1137 1891 1213 τρόπῳ

231 1223 611 1282 κατακλίνεται
684 1247 787 1282 τινι
869 1226 974 1283 τῶν
1060 1227 1381 1302 τυραννικῶν
1467 1226 1887 1303 ἆνομοιοτήτων,

234 1317 436 1383 Τρόποι
510 1313 567 1370 δὲ
640 1316 741 1371 εἰσι
812 1317 909 1381 τῆς
982 1313 1393 1390 δουλοπρεπεὶας
1456 1319 1545 1374 καὶ
1591 1322 1690 1384 τῆς
1721 1339 1893 1374 κατα-

232 1402 464 1468 κλίσεως
494 1404 531 1473 ἢ
558 1402 743 1482 φόϐος,
806 1405 841 1473 ἢ
900 1404 1084 1483 αἰδὼς,
1139 1406 1175 1474 ἢ
1232 1404 1511 1479 κολακεία,
1551 1404 1806 1480 ἢὲνδεια,
1858 1406 1895 1475 ἢ

236 1495 526 1569 ἐμπαθεια,
567 1494 604 1563 ἢ
647 1495 732 1552 καὶ
778 1495 949 1552 πάντα
981 1497 1137 1571 ὁμοῦ,
1196 1495 1232 1563 ἢ
1295 1515 1456 1553 τινα*
1515 1497 1549 1552 ἃ
1605 1494 1671 1564 δὴ
1725 1497 1898 1554 πάντα

240 1585 349 1642 τῶν
415 1583 749 1660 κυριοτήτων
811 1584 990 1663 πόῤῥω
1046 1587 1165 1666 εἶσὶ,
1225 1584 1294 1642 δι’
1356 1587 1390 1642 ἃ
1446 1588 1616 1666 τυχὸν
1670 1585 1898 1644 ὑποχλι-

236 1681 381 1733 Θεϊεν
413 1689 537 1738 τοῖς
582 1682 845 1755 χείροσιν,
875 1675 910 1743 ἢ
942 1673 1249 1733 διακοπετεν
1305 1676 1404 1745 τῆς
1455 1676 1710 1743 τοιαύτης
1763 1677 1899 1733 ἀνα-

238 1765 451 1844 γωγῆς,
515 1762 697 1826 Ταῦτα
747 1765 849 1843 γὰρ
904 1766 969 1822 τὰ
1021 1766 1189 1844 χείρω
1242 1767 1331 1823 καὶ
1380 1764 1536 1822 ὑλικὰ
1586 1764 1755 1843 λέγει,
1810 1760 1898 1824 καὶ

630 372 732 438 ΒΕ
774 370 1120 438 ΟἝΕΕΞΤΙ
1166 369 1671 454 HIERARCHIA,
1715 372 1880 437 CAP.
1930 371 2095 436 VIII.
2146 405 2220 416 —
2263 360 2648 433 PARAPHR.
2696 364 3213 432 PACHYMERE.

409 556 425 588 ,
497 507 591 564 ἵνα
652 508 719 566 τὰ
762 508 857 576 τῆς
899 507 1097 575 τάξεως
1129 510 1300 566 αὐτῶν
1372 508 1509 565 κατὰ
1580 511 1641 565 τὸ
1696 507 1892 580 ἰδιάζον

1980 506 2036 567 in
2066 506 2188 568 Deo
2218 503 2562 569 indistincta
2593 511 2734 567 sunt
2761 511 2821 566 et
2849 503 3173 584 superlata:
3199 503 3496 586 siquidem
3521 504 3621 568 di-

3504 363 3622 434 246

1975 595 2173 657 vinum
2201 593 2431 657 Numen
2448 594 2640 674 ipsum
2664 611 2770 673 per
2794 610 2857 654 se
2877 592 3156 673 liberum,
3188 612 3294 674 per
3315 612 3380 655 se
3407 602 3624 674 potens

1971 694 2083 766 est,
2113 683 2514 748 communiter
2542 691 2741 745 autem
2771 681 3051 743 omnibus
3078 683 3276 746 omnia
3309 691 3418 749 est.
3462 684 3620 748 llae-

1970 782 2147 837 tenus
2175 783 2377 838 autem
2412 781 2477 834 ut
2528 772 2853 854 plurimum
2908 770 3156 834 cuilibet
3215 791 3418 835 eorum
3479 775 3620 855 quid

1975 864 2282 946 preprium
2306 862 2379 926 ab
2407 869 2665 927 Auctore
2690 861 3071 924 distributum
3098 868 3209 936 est,
3245 870 3307 923 ut
3365 881 3436 925 ea
3491 883 3628 943 quae

1974 963 2112 1015 sunt
2133 953 2359 1015 ordinis
2385 971 2620 1033 eorum,
2648 952 2977 1014 secundum
3003 950 3425 1033 proprietatem
3453 972 3618 1016 suam

1975 1050 2496 1107 conservarentur.
2549 1030 2779 1104 Nomen
2809 1030 3018 1122 itaque
3039 1030 3197 1123 quod
3229 1030 3460 1105 sanctas
3516 1044 3628 1105 de-

1973 1132 2168 1212 signat
2200 1130 2944 1207 dominationes,existimo
2969 1131 3273 1202 declarare
3293 1131 3629 1195 absolutum

1972 1225 2266 1304 aliquem,
2296 1221 2455 1286 etab
2477 1227 2637 1284 omni
2662 1231 2894 1283 terrena
2920 1221 3417 1284 vilitateliberum
3446 1222 3515 1283 ad
3535 1241 3632 1284 su-

1979 1331 2166 1393 perna
2221 1318 2572 1375 transitum:
2640 1312 2867 1374 idcirco
2928 1314 3087 1373 enim
3126 1310 3280 1373 liber
3321 1322 3435 1388 est,
3470 1312 3631 1392 quod

1980 1403 2143 1465 nullo
2176 1401 2610 1483 prorsusmodo
2634 1401 2957 1481 quidquam
2988 1401 3066 1463 sit
3095 1420 3211 1483 quo
3242 1401 3498 1465 detineri
3531 1401 3630 1463 di-
3728 1414 3731 1417 ‘

1980 1492 2329 1556 catur.Cave
2352 1511 2493 1555 vero
2514 1490 2697 1566 dicas,
2727 1509 2862 1553 eum
2888 1510 3148 1572 prorsus
3173 1491 3418 1567 dixisse,
3472 1490 3631 1572 quod

1982 1582 2314 1664 partialiter
2369 1582 2727 1664 quandoque
2784 1581 3140 1645 inclinetur:
3209 1580 3378 1642 nullo
3434 1580 3635 1662 itaque

1986 1674 2162 1736 modo
2198 1674 2501 1754 tyrannica
2530 1671 3019 1734 dissimilitudine
3050 1671 3328 1752 quapiam
3373 1670 3637 1735 inclina-

1984 1764 2479 1827 tur.Modiautem
2495 1760 2791 1824 servitutis
2822 1770 2999 1843 atque
3031 1761 3441 1824 inclinationis
3472 1770 3633 1841 sunt,

238 1855 549 1935 τυραννικὰς
579 1854 996 1935 ἀνομοιότητας,
1038 1854 1155 1911 καθ’
1199 1856 1261 1920 ἃς
1321 1857 1349 1912 ὁ
1406 1863 1494 1912 νὺν
1550 1858 1718 1936 τυχὸν
1746 1857 1894 1934 ὕψη-

1983 1852 2070 1915 vel
2099 1853 2303 1925 timor,
2333 1852 2421 1913 vel
2446 1850 2657 1931 pudor,
2688 1851 2779 1913 vel
2803 1851 3088 1931 adulatio,
3114 1850 3203 1913 vel
3240 1859 3501 1933 egestas,
3545 1852 3637 1916 vel

240 1945 331 2009 λος
378 1942 641 2024 χαμηλὸς
672 1942 756 2000 διὰ
798 1944 984 2023 φόϐον,
1029 1944 1064 2013 ἢ
1108 1944 1193 2001 διά
1217 1967 1268 2002 τι
1300 1952 1538 2003 τοιοῦτον
1564 1967 1579 1983 ’
1630 1948 1718 2003 καὶ
1746 1948 1774 2003 ὁ
1807 1955 1894 2005 νῦν

242 2034 501 2116 χαμηλὸς
575 2035 724 2099 αὖθις
794 2035 1003 2111 ὑψηλὸς
1061 2024 1132 2091 δι’
1197 2036 1512 2111 ἐμπᾶθειαν·
1559 2050 1890 2115 τυραννεϊται

238 2126 339 2203 γὰρ
408 2125 499 2181 καὶ
545 2126 695 2190 οὗτος
768 2125 909 2203 παρὰ
980 2130 1080 2193 τῆς
1152 2124 1466 2200 ἐμπαθείας,
1543 2134 1772 2185 Τοιαῦτα
1835 2124 1890 2182 δὲ

241 2216 339 2270 εἶσι
386 2215 496 2270 ’καὶ
567 2214 633 2269 τὰ
704 2212 882 2288 ὑλικα,
958 2217 1033 2279 ὡς
1084 2213 1353 2290 μηδέποτε
1385 2217 1614 2289 μένοντα
1646 2214 1730 2273 ἐπὶ
1758 2236 1887 2272 ταυ-

238 2305 491 2374 τότητος,
540 2301 658 2360 ἀλλ’
731 2303 812 2359 ἀεὶ
885 2301 1306 2378 μεταϐάλλοντα,
1358 2305 1571 2362 Τούτων
1642 2306 1889 2362 ἁπάντων

234 2400 343 2449 τῶν
401 2392 727 2469 τυραννικῶν
788 2393 1209 2471 ἂνομοιοτήτων,
1268 2393 1374 2450 τῶν
1432 2394 1625 2452 ὑλικῶν
1683 2417 1740 2451 τε
1801 2391 1886 2452 καθ

238 2483 477 2562 εἷκαίων,
512 2481 771 2560 ἐλεύθεροί
840 2484 968 2538 εἰσιν
1044 2484 1097 2539 αἱ
1165 2483 1499 2562 κυριότητες,
1551 2486 1623 2551 ὡς
1672 2484 1887 2560 ἀμείλι-

236 2594 382 2645 κτοι,
444 2572 534 2629 καὶ
592 2572 771 2639 πάσης
803 2571 1210 2651 δουλοπρεπείας
1241 2574 1631 2650 ὕπερκείμεναι,
1667 2576 1753 2645 Μή
1800 2596 1889 2650 μοι

236 2666 326 2719 οἷν
355 2661 562 2739 λεγέτω
588 2684 693 2741 τις,
727 2660 807 2718 ὅτι
851 2664 938 2719 καὶ
988 2663 1038 2719 τί
1087 2665 1219 2740 πρὸς
1276 2666 1367 2722 τὸν
1414 2666 1544 2720 Θεὸν
1576 2667 1672 2722 οὐκ
1700 2664 1887 2746 ἔχουσι

234 2753 330 2809 τὸν
360 2749 528 2831 φοϐον
558 2753 644 2808 ιιαὶ
694 2751 794 2818 τὴν
846 2750 1218 2823 δουλοποιξανς
1281 2752 1516 2809 ἀκουέτω
1557 2753 1680 2833 γὰρ,
1714 2752 1795 2810 ὅτι
1828 2757 1887 2813 οὒ

234 2850 479 2899 τοιοῦτον
510 2838 677 2921 φόϐον
721 2841 808 2897 καὶ
860 2843 919 2898 οὒ
971 2842 1218 2909 τοιαύτην
1253 2865 1389 2922 φησι
1448 2841 1887 2921 δουλοπρέπειαν,

236 2928 379 2986 ἀλλὰ
405 2929 507 2996 τὴν
540 2931 670 3008 πρὸς
706 2930 765 2986 τὸ
796 2943 1011 3010 χεῖρον,
1047 2932 1111 2992 τὰ
1142 2932 1365 2999 αἰσθητά
1408 2955 1547 3012 φημι
1581 2935 1667 2989 καὶ
1699 2956 1891 3009 σωμα-

235 3020 391 3079 τικά.
426 3026 603 3077 Ταῦτα
669 3019 770 3098 γὰρ
830 3022 890 3077 οὐ
946 3029 1284 3101 συγχωροῦσι
1334 3022 1400 3078 τὰ
1441 3019 1605 3086 ὅντως
1636 3022 1761 3080 ὄντα
1806 3024 1893 3081 ἒν-

1978 1942 2201 2023 passio,
2237 1942 2330 2005 vel
2365 1947 2540 2003 etiam
2577 1941 2779 2003 omnia
2837 1941 3042 2018 simul,
3076 1941 3167 2002 vel
3204 1941 3439 2022 aliqua:
3505 1959 3637 2023 qua!

1974 2033 2173 2094 omnia
2192 2032 2455 2114 profecto
2474 2032 2653 2109 longe
2674 2031 2936 2093 absunta
2957 2031 3489 2112 dominationibus,
3526 2049 3634 2111 per

1973 2142 2104 2204 qua:
2118 2123 2266 2185 forte
2285 2121 2682 2184 deterioribus
2697 2120 3263 2201 subjicerentur,vel
3287 2120 3622 2184 istiusmodi

1972 2213 2044 2274 ad
2078 2231 2338 2293 superna
2369 2209 2659 2273 transitus
2685 2211 3106 2291 impediretur.
3138 2210 3276 2272 Haec
3303 2211 3464 2272 enim
3510 2210 3621 2273 de-

1973 2302 2190 2364 teriora
2221 2302 2365 2365 dicit
2398 2309 2456 2363 et
2483 2301 2843 2383 materialia,
2866 2301 3322 2382 tyrannicasque
3351 2301 3619 2382 inaequa-

1976 2392 2168 2454 litates
2200 2391 2527 2453 secundum
2569 2409 2714 2471 quas
2753 2391 2854 2470 qui
2890 2391 3065 2454 modo
3098 2390 3284 2453 elatus
3340 2398 3452 2470 est,
3515 2409 3624 2471 per

1972 2482 2247 2545 timorem
2281 2481 2371 2544 vel
2397 2480 2542 2557 quid
2575 2480 2770 2542 simile
2801 2479 3084 2558 dejicitur
3112 2500 3126 2555 ;
3181 2480 3280 2558 qui
3309 2480 3485 2541 modo
3507 2479 3619 2541 de-

1965 2573 2162 2652 jectus
2193 2580 2299 2645 est,
2368 2589 2607 2633 rursum
2665 2570 2853 2632 elatus
2906 2571 2976 2631 fit
3029 2588 3136 2649 per
3192 2568 3618 2631 aifectionem:

1971 2662 2251 2742 quoniam
2287 2659 2385 2722 hic
2418 2660 2593 2722 etiam
2621 2659 2694 2720 ab
2728 2659 3063 2721 istiusmodi
3086 2658 3401 2720 atlectione
3425 2667 3623 2738 tyran-

1972 2752 2108 2814 nice
2137 2752 2528 2828 gubernatur.
2563 2748 2902 2812 Istiusmodi
2934 2748 3110 2809 etiam
3139 2755 3277 2809 sunt
3302 2748 3404 2809 illa
3427 2755 3581 2810 male
3602 2780 3620 2795 -

1971 2842 2235 2917 rialia,ut
2256 2859 2388 2921 quae
2410 2858 2711 2920 nunquam
2740 2838 2799 2899 in
2820 2838 3031 2901 eodem
3058 2845 3211 2900 statu
3244 2846 3618 2919 permanent,

1976 2932 2081 2993 sed
2097 2948 2336 3009 semper
2355 2928 2974 3011 permutantur.llisce
3004 2929 3282 2991 omnibus
3304 2928 3623 3009 tyrannicis

1979 3020 2388 3083 materialibus
2413 3027 2471 3082 et
2496 3019 2773 3081 inanibus
2796 3018 3433 3100 inalqlialitatibuslibe
3448 3036 3527 3080 rae
3549 3018 3639 3079 78

236 3121 410 3172 νοεῖν,
472 3104 537 3190 ᾮ
609 3109 710 3187 γὰρ
779 3108 1007 3177 ἥττηταί
1075 3132 1179 3185 τις,
1240 3112 1411 3187 τούτῳ
1442 3114 1529 3168 καὶ
1556 3110 1893 3190 δεδούλωται,

1981 3109 2808 3189 suntdominationes,utpote
2824 3109 3180 3188 incorruptae
3195 3109 3479 3189 omnique
3498 3125 3636 3169 ser-

236 3199 441 3265 ταύτην
487 3201 581 3255 καὶ
625 3198 919 3273 μειωτικῆν
972 3198 1141 3277 λέγει.
1199 3201 1293 3256 Διὸ
1340 3202 1427 3257 καὶ
1476 3200 1739 3260 ἆνένδοτοί
1769 3205 1894 3260 εἰσιν

1984 3200 2163 3263 vitute
2180 3200 2544 3281 superiores.
2580 3198 2700 3260 Nec
2731 3198 2863 3278 quis
2897 3198 3044 3259 mihi
3077 3197 3231 3260 dicat
3254 3197 3490 3270 hic,eos
3514 3215 3632 3259 non

236 3288 421 3369 ὑφέσει
453 3289 603 3366 πάσῃ
662 3290 749 3345 καὶ
806 3287 1178 3370 ὑποϐιϐασμῴ,
1240 3292 1329 3347 καὶ
1371 3289 1655 3369 ἐξῄρηνται
1685 3294 1894 3361 ἁηέσης

1982 3291 2207 3354 habere
2242 3293 2514 3352 timorem
2549 3307 2618 3350 ac
2649 3288 2994 3349 servitutem
3028 3286 3175 3349 Dei:
3209 3287 3416 3349 audiat
3446 3286 3633 3365 enim,

236 3379 659 3454 ἀνομοιότητος,
709 3380 783 3442 ὡς
838 3385 925 3435 νῦν
978 3380 1076 3455 μὲν
1129 3378 1265 3443 ἴσως
1297 3380 1440 3437 εἶναι
1471 3381 1682 3456 ὑψηλὰς
1714 3382 1894 3458 αὐτὰς,

1986 3389 2050 3442 ιιι
2078 3399 2195 3441 non
2226 3377 2565 3442 istiusmodi
2588 3378 2905 3451 timorem,
2930 3395 3124 3456 neque
3151 3377 3326 3439 talem
3380 3377 3634 3438 servitu-

238 3476 330 3527 νῦν
401 3466 457 3524 δὲ
533 3465 920 3536 ὑποϐεϐηκυίας
953 3466 1314 3532 παντάπασιν,
1368 3470 1637 3550 Ἐφίενται
1693 3469 1747 3527 δὲ
1803 3471 1898 3539 τῆς

238 3558 412 3623 ὄντως
473 3558 812 3637 κυριότητος,
866 3559 953 3615 καὶ
1002 3559 1101 3627 τῆς
1154 3566 1261 3617 τῶν
1309 3560 1639 3637 κυριοτήτων
1697 3561 1896 3641 ἀρχῆς,

238 3648 407 3726 ἤγουν
468 3653 568 3715 τῆς
626 3648 912 3715 Θεότητος·
981 3650 1071 3705 καί
1121 3647 1446 3728 ἆγαθοειδῶς
1505 3649 1585 3706 ἀεὶ
1636 3648 1898 3707 διαπλάτ-

238 3760 391 3796 τοντι
424 3738 504 3813 μή
537 3739 700 3812 μόνον
731 3739 944 3815 ἑαυτὰς,
992 3737 1128 3795 ἀλλὰ
1199 3740 1289 3796 καὶ
1355 3739 1451 3804 τὰς
1524 3740 1642 3813 μετ’
1712 3742 1895 3815 αὐτὰς,

240 3831 315 3894 ὡς
382 3826 626 3907 ἐφικτὸν,
674 3828 804 3906 πρὸς
848 3827 948 3895 τήν
977 3827 1258 3908 ἐμφέρειαν
1323 3830 1411 3886 καὶ
1475 3829 1574 3898 τήν
1644 3830 1899 3907 ὁμοίωσιν

239 3918 342 3986 τήν
373 3919 554 3994 κυρίαν
624 3918 713 3974 καὶ
784 3916 1039 3987 ἀληθινήν
1071 3919 1259 3998 αὒτῆς,
1291 3917 1455 3996 ἤγουν
1507 3925 1609 3987 τῆς
1676 3939 1897 3999 κυριαρ-

242 4009 398 4086 χίας,
463 3998 620 4085 ’Ὅρα
673 4005 728 4063 δὲ
780 4007 861 4063 ὅτι
911 4007 1006 4064 οὒκ
1054 4007 1284 4088 ἐφίενται
1330 4009 1541 4076 πάντως
1570 4008 1897 4089 ὑψηλοτέρου

241 4100 480 4174 pollux?
535 4098 696 4177 εἶχον
750 4098 849 4177 γὰρ
899 4098 962 4154 ἅν
1002 4097 1101 4165 τήν
1149 4096 1327 4177 ἔφεσιν
1378 4101 1507 4177 πρὸς
1552 4102 1650 4171 τήν
1677 4101 1895 4177 πρώτην

242 4187 625 4262 διακόπμησιν,
659 4189 748 4244 καὶ
778 4187 1037 4261 ἐμπάοεια
1092 4188 1159 4256 ἦν
1218 4187 1272 4242 ἐν
1329 4192 1537 4262 αὐτοῖς,
1583 4190 1671 4245 καὶ
1702 4211 1892 4266 τυραν-

242 4281 375 4347 νικῴ
404 4274 756 4334 ἐδεδούλωντο
785 4278 961 4339 πάθει,
1025 4277 1097 4335 Οὔ
1149 4287 1304 4336 τοῦτο
1352 4281 1502 4356 γοῦν,
1567 4277 1685 4334 ἀλλ’
1719 4278 1896 4358 ἐφίεν-

240 4390 352 4446 ται,
416 4368 508 4423 καὶ
580 4369 740 4424 οἱονεὶ
807 4366 1157 4445 ἆγαπητικῶς
1210 4367 1399 4447 ’έχουσι
1432 4368 1526 4435 τῆς
1557 4369 1737 4444 κυρίας
1811 4371 1898 4427 καὶ

239 4455 607 4535 κυριαρχικῆς
662 4456 961 4536 ἐμφερείις,
997 4458 1070 4518 ὡς
1102 4456 1276 4517 ἄλλως
1336 4459 1412 4532 μή
1470 4457 1529 4513 ’ὃν
1583 4456 1898 4533 κυριότητας

239 4546 406 4609 αὒτὰς
441 4545 611 4617 εἶναι,
682 4544 720 4612 ἥ
781 4545 946 4610 οὕτως
980 4545 1209 4625 ἐχούσας
1242 4547 1371 4623 πρὸς
1400 4548 1490 4603 τον
1525 4548 1760 4616 Ποιηττὶν
1800 4552 1899 4607 αὗ·-

239 4644 375 4714 τὼν,
407 4637 484 4698 ὡς
530 4631 823 4708 λαμϐᾱὶνειν
880 4635 1084 4691 ἐκεῖθεν
1142 4634 1242 4702 τήν
1296 4634 1395 4702 τῆς
1453 4635 1767 4712 κυριότητος
1801 4637 1899 4693 σύ-

238 4745 452 4785 στασιν.
485 4721 926 4802 Ἐπιστρέφονται
980 4721 1035 4780 δὲ
1093 4725 1224 4802 πρὸς
1285 4722 1430 4781 οὒδὲν
1490 4731 1597 4782 τῶν
1652 4727 1769 4793 εἰκῆ
1800 4724 1894 4782 80-
1922 4747 1963 4798 ι)

239 4813 507 4884 κούντων,
558 4815 726 4890 ἤγουν
769 4816 871 4870 τῶν
916 4820 1242 4890 σωματικῶν
1299 4815 1388 4870 καὶ
1446 4814 1522 4889 μή
1591 4818 1906 4894 προσηκόν-

240 4925 349 4958 των
380 4901 524 4959 ἁ)λᾶ
558 4904 689 4982 πρὸς
721 4905 782 4959 τὸ
840 4905 1027 4980 κυρίως
1087 4904 1171 4984 ὃν,
1230 4906 1323 4960 τὸν
1382 4905 1535 4978 Θεὸν,
1570 4907 1657 4962 καὶ
1701 4908 1903 4984 γίνεται

239 4996 299 5049 ἓν
331 4992 590 5066 μετουσῖᾳ
647 4997 748 5058 τῆς
808 4993 1157 5074 κυριαρχικῆς
1189 4990 1466 5054 θεοειδείας
1502 4994 1637 5051 κατὰ
1691 4998 1753 5052 τὸ
1810 4995 1904 5057 δυ-

242 5083 403 5139 νατὸν
435 5080 625 5161 αὖτῆς,
683 5085 753 5148 ὡς
813 5083 957 5140 εἶναι
1016 5085 1104 5140 καὶ
1140 5084 1334 5146 ταύτας
1364 5084 1574 5163 κορείας
1605 5086 1692 5141 καὶ
1720 5087 1904 5165 κυριό-

242 5194 439 5238 τητκς,
470 5168 811 5246 Ἀμείλικτον
869 5170 924 5228 δὲ
981 5196 1111 5253 φησι
1164 5173 1456 5249 κυριότητα
1487 5173 1581 5243 την
1615 5174 1901 5254 αναγωγὴν

248 5263 445 5335 αὒτῶν,
523 5262 682 5320 οἱονεὶ
771 5261 1151 5342 ἀκολάκευτον,
1229 5261 1643 5344 ἂπαρέγκλιτον,
1716 5264 1902 5340 μηδενὶ

244 5351 606 5429 γαργαλιτμῶ
674 5356 772 5418 τῆς
841 5351 976 5419 ὕλης
1046 5351 1494 5428 ὑποκλινομένην.
1552 5354 1672 5411 Λύει
1727 5354 1782 5411 δὲ
1812 5356 1902 5413 ἐν·

248 5444 414 5498 1:sz
443 5442 533 5497 καὶ
564 5440 785 5519 σφάλμα
836 5464 887 5498 τι
943 5448 1049 5498 τῶν
1080 5440 1378 5509 ἐλληνικῶν
1442 5442 1769 5523 φιλοσόφων,
1818 5448 1904 5502 καὶ

252 5529 481 5595 εὒςεὸιῦς
516 5531 874 5601 ἐπισκήπτει’
937 5531 1131 5588 ἐκεῖνοι
1196 5533 1297 5609 γὰρ
1366 5531 1497 5597 ἶὸἷας
1571 5537 1714 5598 τινας
1746 5533 1903 5593 δυνά-

253 5642 371 5693 μεις
415 5634 562 5698 τρεῖς
611 5619 949 5695 ἀμειλίκτους
1018 5622 1476 5700 προσηγόρευσαν,
1551 5622 1904 5700 προελθούτας

253 5711 325 5775 εἷς
369 5708 593 5789 ὕπαρξιν
643 5710 703 5767 ἔκ
745 5732 901 5768 τινων
945 5713 1047 5788 πρὸ
1090 5711 1261 5768 αὐτῶν
1304 5711 1496 5788 ἐτέρων
1544 5714 1699 5791 τριῶν
1744 5712 1903 5771 δυνᾶ-

252 5820 418 5878 μεων,
484 5801 547 5859 οὔ
605 5800 713 5880 μὴν
769 5802 832 5859 ἒκ
880 5807 1013 5860 Θεοῦ
1053 5798 1533 5883 δημιουργηθεῐσας
1563 5801 1765 5873 ἰδικῶς*
1814 5805 1902 5865 καὶ

1987 3480 2103 3531 tem
2138 3469 2319 3543 dicat,
2345 3467 2449 3529 sed
2477 3485 2610 3528 eam
2627 3474 3074 3547 qumestrerum
3092 3465 3635 3547 deteriorum,sen-

1982 3559 2273 3639 sibilium,
2306 3558 2577 3634 inquam,
2614 3565 2675 3619 et
2702 3573 3122 3636 corporearum
3152 3576 3164 3616 :
3198 3555 3296 3616 illa
3319 3554 3478 3616 enim
3514 3573 3636 3617 non

1983 3650 2188 3711 sinunt
2234 3666 2304 3710 ea
2331 3666 2465 3724 quas
2496 3664 2633 3708 vera
2663 3653 2801 3706 sunt
2835 3644 3243 3708 considerare.
3278 3647 3428 3709 Nam
3455 3663 3487 3707 a
3509 3664 3636 3723 quo

1984 3739 2119 3818 quis
2149 3737 2416 3798 devictus
2447 3744 2556 3816 est,
2592 3735 2721 3815 ejus
2748 3742 2805 3796 et
2834 3753 3038 3797 servus
3069 3736 3255 3797 factus
3306 3744 3419 3815 est,
3476 3735 3631 3797 hanc

1984 3829 2158 3891 etiam
2184 3826 2640 3888 imminuentem
2682 3834 2873 3887 vocat.
2908 3823 3136 3887 Idcirco
3171 3831 3348 3887 etiam
3371 3824 3444 3886 ab
3469 3825 3635 3887 omni

1982 3917 2320 3998 dejectione
2335 3914 2791 3994 acsubjectione
2822 3915 3264 3996 liberaesunt,et
3294 3916 3638 3981 eximuntur

1979 4009 2052 4072 ab
2090 4008 2250 4070 omni
2281 4006 2707 4087 inaequalitate,
2745 4024 2821 4066 ne
2851 4005 3026 4066 modo
3057 4004 3301 4083 quidem
3335 4005 3490 4067 forte
3520 4023 3632 4066 su-

1981 4098 2199 4160 blimes
2229 4096 2369 4169 sint,
2404 4094 2581 4155 modo
2615 4111 2752 4156 vero
2786 4093 3068 4155 omnibus
3100 4093 3406 4173 subjectae.
3454 4093 3635 4156 Desi-

1980 4189 2191 4250 derant
2221 4192 2422 4247 autem
2458 4201 2659 4244 verum
2704 4183 3096 4258 dominatum,
3162 4193 3222 4244 et
3277 4183 3631 4263 principium

1982 4274 2486 4350 dominationum,
2518 4272 2576 4334 id
2612 4280 2701 4333 est
2730 4272 3128 4347 Divinitatem;
3156 4281 3330 4351 atque
3358 4271 3630 4331 bonit'or-

1987 4367 2177 4439 miter_
2191 4380 2429 4443 semper
2443 4381 2560 4423 non
2576 4361 2926 4441 semetipsas
2946 4368 3105 4421 tanta
3118 4362 3419 4436 m,'vcrum
3453 4361 3565 4422 etia
3580 4379 3636 4422 m

1984 4452 2537 4532 inferiores,quoad
2568 4451 2694 4513 ﬁeri
2728 4460 3190 4532 potest,semper
3213 4449 3641 4513 transformant

1983 4546 2057 4608 ad
2090 4543 2389 4628 propriam
2423 4559 2739 4620 veramque
2773 4540 2902 4611 Dei,
2933 4541 3058 4602 sive
3090 4539 3429 4603 dominatus
3461 4541 3628 4621 prin-

1985 4644 2117 4714 cipii
2152 4639 2583 4700 similitudinem
2611 4647 2664 4695 et
2685 4638 3174 4696 assimiiationem.
3204 4638 3453 4697 Observa
3479 4654 3634 4707 vero,

1985 4724 2710 4804 quomodononappetnnt
2752 4720 2996 4781 omnino
3043 4720 3290 4799 gradum
3313 4719 3627 4781 sublimio-

1990 4832 2159 4876 rem:
2195 4809 2563 4873 ambiverant
2593 4807 2752 4868 enim
2786 4808 2998 4889 aliqua)
3032 4810 3282 4890 primam
3341 4807 3632 4869 distribu-

1990 4905 2238 4973 tionem,
2276 4909 2334 4962 et
2365 4898 2595 4960 affectio
2626 4906 2751 4959 erat
2789 4897 2849 4959 in
2906 4899 3016 4980 eis,
3078 4906 3255 4980 atque
3317 4897 3639 4979 tyrannicae

1992 4989 2253 5075 passioni
2296 4987 2578 5067 subjecta:
2636 4995 2796 5049 sunt.
2857 4986 2985 5047 Non
3032 4988 3109 5048 ita
3139 4987 3287 5059 istas,
3315 4986 3419 5048 sed
3448 5005 3637 5068 appe-

1993 5091 2207 5163 tunt,et
2226 5075 2663 5160 quodammodo
2688 5076 2958 5138 obtinent
2986 5095 3091 5158 per
3116 5077 3639 5153 dilectionem,(lo-

1992 5173 2306 5249 minatum,
2340 5177 2397 5229 et
2431 5165 2709 5246 principii
2767 5164 3104 5228 dominatus
3134 5167 3588 5230 similitudinem
3620 5189 3636 5239 ;

1987 5264 2065 5324 ita
2097 5269 2156 5323 ut
2184 5258 2329 5320 alias
2361 5274 2480 5316 non
2495 5261 2695 5315 essent
2715 5252 3179 5332 dominationes,
3199 5257 3441 5319 nisilioc
3460 5257 3637 5318 modo

1990 5370 2127 5430 erga
2147 5345 2527 5413 Conditorem
2550 5361 2721 5404 suum
2746 5343 3242 5417 aiﬁcerentur,ita
3266 5356 3325 5407 ut
3349 5345 3491 5407 inde
3515 5354 3640 5408 stn-

1991 5453 2112 5503 tum
2141 5433 2562 5498 dominationis
2591 5430 3006 5514 accipiant.Ad
3036 5436 3179 5498 nihil
3203 5445 3402 5497 autem
3429 5453 3633 5495 eorum

1989 5548 2121 5610 qua)
2140 5538 2367 5589 temere
2385 5528 2683 5604 apparent
2704 5527 3367 5603 convertuntur,quales
3386 5534 3525 5585 sunt
3540 5541 3639 5584 res

1992 5636 2294 5700 corporeae
2326 5626 2381 5677 et
2417 5613 2717 5674 indecorae
2754 5659 2770 5688 ,
2797 5614 2899 5675 sed
2935 5615 3005 5675 ad
3040 5616 3094 5676 id
3132 5614 3286 5695 quod
3317 5631 3459 5674 vere
3520 5622 3631 5689 est,

1988 5711 2225 5773 scilicet
2247 5706 2643 5782 Deum,atque
2689 5701 3083 5783 ita,quantum
3112 5702 3171 5764 in
3203 5702 3289 5763 eis
3320 5710 3433 5777 est,
3500 5719 3638 5781 par—

1991 5800 2085 5882 tici
2095 5814 2199 5884 pes
2215 5795 2362 5859 ﬁunt
2378 5786 2795 5856 deiformitatis
2817 5790 3127 5871 ipsiusmet
3152 5788 3438 5875 principii
3461 5788 3643 5853 domi-
