4112 6160
448 346 561 414 247

1661 351 1723 416 S.
1773 353 2112 420 DIONYSII
2155 357 2685 422 AREOPAGIT/E.

3713 352 3832 419 248

448 488 779 567 nationum,
810 484 965 548 sicut
999 485 1175 549 etiam
1207 484 1353 567 ipsa:
1381 486 1501 548 sint
1532 484 1875 550 dominatus
1895 507 1964 550 ac
1984 490 2088 549 «lo.

2181 511 2338 569 φασιν
2409 491 2551 548 εἶναι
2623 489 2743 555 τοὺς
2815 486 3153 565 ἀμειλίκτους
3225 488 3439 553 τούτους
3509 490 3827 561 υποπεζίους

451 577 832 641 minationes.
864 575 1080 638 Eorum
1113 585 1309 638 autem
1343 575 1417 638 ad
1446 594 1707 656 superna
1753 580 2092 653 transitum,

449 667 913 731 dominationem
938 664 1719 747 vocatinﬁexibilem,quasi
1740 667 2099 730 adulationis

450 765 508 822 et
529 757 797 821 criminis
822 756 1329 837 exsortem,nulla
1355 756 1620 820 materia)
1653 757 1986 821 titillatione
2009 759 2099 821 in-

450 847 752 911 clinatam.
779 845 963 911 Solvit
981 856 1181 909 autem
1232 847 1331 908 hic
1366 846 1542 908 etiam
1587 863 1854 910 errorem
1885 867 2098 930 quem-

448 937 582 1000 dam
645 937 1130 1018 philosophorum
1184 935 1530 1016 gentilium,
1588 954 1768 1017 quem
1819 938 2097 1017 religiose

449 1025 792 1107 perstringit
828 1044 841 1089 :
876 1025 959 1087 illi
992 1025 1152 1087 enim
1200 1030 1471 1106 proprias
1500 1024 1791 1107 quasdam
1851 1027 2095 1090 virtutes

449 1126 570 1179 tres
597 1116 953 1179 inﬂexibiles
984 1113 1384 1196 appellabant,
1418 1133 1550 1196 qua:
1584 1133 1655 1177 ex
1691 1116 1825 1177 aliis
1853 1136 2093 1199 quoque

445 1207 638 1271 tribus
668 1204 968 1287 prioribus
1000 1203 1317 1266 virtutibus
1347 1205 1406 1266 in
1464 1204 1659 1266 lucem
1722 1204 2088 1285 prodierant,

447 1294 955 1359 nonautemaDeo
982 1293 1221 1375 proprie
1252 1294 1485 1356 fuerant
1515 1303 1861 1375 procreatae:
1889 1296 2090 1358 aiunt-

445 1405 584 1470 que,
609 1387 714 1448 has
746 1385 805 1446 in
818 1383 1113 1447 ﬂexibiles
1141 1382 1509 1465 spiritalibus
1531 1383 1627 1465 iis,
1661 1403 1694 1446 a
1720 1385 1935 1464 quibus
1957 1405 2092 1467 pro-

446 1476 636 1539 ducta:
661 1475 915 1555 fuerant,
950 1475 1263 1536 virtutibus
1292 1472 1646 1554 substratas,
1675 1482 1741 1535 ut
1762 1477 2091 1537 retinerent

446 1563 887 1648 quodammodo
918 1570 977 1625 et
1006 1561 1299 1642 subirent,
1331 1580 1399 1623 ac
1451 1561 1802 1624 cohiberent
1862 1565 2092 1642 priores

444 1652 602 1727 illas,
636 1671 713 1715 ne
743 1653 802 1714 in
829 1651 1134 1713 materiam
1162 1649 1611 1732 dilaberentur;
1641 1660 1818 1733 atque
1848 1652 1959 1715 hoc
1989 1653 2085 1716 in-

444 1742 744 1805 ﬁrmiores
774 1760 905 1803 esse
933 1742 1006 1804 iis
1034 1759 1168 1819 quae
1197 1739 1426 1820 seipsas
1458 1740 1885 1821 produxerunt,
1932 1745 2087 1823 quod

2181 585 2285 635 τῶν
2352 578 2795 659 προϐαλλομένων
2842 576 3000 643 αὐτας
3046 579 3251 646 νοητῶν
3321 576 3619 660 δυνάμεων,
3692 580 3827 637 ἀνα-

2182 667 2500 734 στέλλοντας
2546 670 2726 748 ὥσπερ
2769 670 2864 725 καί
2911 667 3274 735 ἐπιϐαίνοντας
3316 670 3405 726 καὶ
3434 668 3826 749 ἂντεχομένους

2179 763 2286 814 τῶν
2330 760 2431 838 πρὸ
2475 761 2672 838 αιῦτῶν,
2717 764 2808 816 τοῦ
2850 757 2928 834 μή
2979 770 3166 816 πεσεῖν
3210 760 3282 822 ε’ίς
3326 757 3483 834 ὕλην,
3536 760 3625 816 καὶ
3667 761 3827 817 ἀστε-

2181 846 2453 919 νεστέρους
2521 845 2660 905 κατᾶ
2727 854 2904 923 τοῦτο,
2952 846 3047 903 καῖ
3090 845 3542 927 προϐαλλομένων
3583 850 3826 926 ἑαυτοὺς,

2180 934 2297 993 καθ’
2332 937 2360 993 ὃ
2392 935 2620 1012 δέονται,
2655 938 2729 1000 εἷς
2762 938 2822 995 τὸ
2873 937 3127 1017 κατέχειν
3185 937 3401 1004 ἑαυτοὺς
3433 939 3508 1004 εἷς
3539 940 3600 995 τὸ
3633 937 3827 995 ἄπτω-

2180 1048 2291 1086 τον.
2324 1028 2500 1085 Ταῦτα
2572 1027 2671 1103 μὲν
2740 1028 2829 1084 οὗν
2900 1029 2973 1092 ὡς
3047 1027 3102 1083 ἐν
3174 1026 3441 1107 ἐπιτόμῳ,
3483 1029 3551 1085 τὰ
3584 1028 3827 1107 ἐκείνων,

2174 1117 2203 1172 ὁ
2272 1114 2328 1172 δὲ
2398 1116 2547 1194 ἅγίος
2612 1117 2790 1197 σοφῶς
2858 1117 2924 1173 τὰ
2994 1116 3204 1174 ιιναντία
3274 1117 3446 1175 πάντα
3501 1121 3686 1182 αὐτοῖς
3716 1143 3829 1199 φη-

2176 1220 2281 1262 σιν’
2358 1207 2419 1264 ἐκ
2462 1214 2592 1265 Θεοῦ
2662 1208 2763 1286 γὰρ
2842 1206 3001 1271 αὐτὰς
3071 1204 3467 1286 δημιουργικῶς
3538 1209 3831 1275 ὅποστῆναί

2173 1301 2356 1376 φησὶν,
2420 1298 2480 1353 οὒ
2537 1297 2626 1353 καὶ
2680 1297 2778 1364 τὴν
2839 1295 3122 1377 ἐμφέρειαν
3155 1295 3372 1377 ἔχουσιν
3406 1298 3478 1363 εἰς
3510 1299 3819 1377 κυριότητα·

2175 1389 2336 1450 αὐτὰς
2398 1384 2449 1443 δὲ
2502 1387 2562 1443 τὸ
2622 1384 2929 1461 ἆμείλίκτον
2963 1386 3100 1443 κατὰ
3129 1387 3313 1454 πάσης
3341 1384 3577 1466 ὕφέσεως
3608 1393 3685 1461 τῷ
3726 1386 3827 1444 λό-

2174 1499 2255 1555 γῳ
2323 1479 2418 1553 τῇς
2492 1478 2809 1555 κυριότητος
2893 1476 3042 1557 ἔχειν
3092 1474 3262 1557 λέγει,
3292 1478 3591 1542 κοπτούσας
3647 1477 3827 1555 ὤσπερ

2173 1567 2260 1623 καὶ
2291 1565 2691 1643 διατεμνούσας,
2729 1567 2816 1624 καὶ
2861 1568 2960 1625 οὒκ
3007 1565 3177 1633 ἐώσας
3217 1580 3433 1644 κρατεῖν
3463 1568 3559 1637 τὴν
3586 1569 3716 1645 πρὸς
3760 1570 3826 1625 τὰ

2174 1657 2399 1725 αἰσθητὰ
2440 1656 2740 1733 ἐπιθυμίαν,
2793 1658 2852 1715 οὗ
2903 1658 3012 1734 μὴν
3069 1658 3162 1722 τὰς
3212 1659 3314 1735 πρὸ
3358 1659 3528 1715 αὐτῶν
3560 1657 3825 1715 ἀναστελ-

2173 1744 2394 1811 λούσας.
2448 1735 2598 1826 ’Ἄρα
2658 1748 2835 1803 τοίνυν
2894 1745 3063 1826 λέγει,
3119 1747 3200 1803 ’ὁτι
3249 1749 3337 1804 καὶ
3385 1746 3681 1823 ἀμείλικτοί
3725 1750 3824 1804 εἱσι

444 1831 705 1895 debeant
734 1830 1087 1910 semetipsas
1119 1829 1452 1910 continere,
1488 1847 1563 1891 ne
1594 1830 1892 1894 labantur.
1955 1831 2088 1895 Haec

2174 1838 2305 1914 πρὸς
2335 1838 2397 1893 τὸ
2432 1850 2646 1917 χεῖρον,
2690 1837 2780 1893 καὶ
2824 1837 2923 1906 τὴν
2972 1838 3258 1916 κυριότητα
3302 1836 3514 1917 ἔχουσι,
3547 1837 3826 1895 κάντεῦθεν

444 1924 686 2001 quidem
744 1930 1029 1999 tamquam
1089 1918 1149 1979 in
1208 1919 1565 1998 compendio
1625 1928 1763 1982 sunt
1818 1919 2085 2002 illorum,

2173 1933 2277 1984 τῶν
2339 1928 2441 2005 πρὸ
2495 1928 2666 1983 αὐτῶν
2697 1930 2792 1985 οὒκ
2822 1925 3151 2007 ἐξέρχονταῖ,
3185 1925 3330 1991 ὅπως
3399 1926 3476 2002 μὴ
3547 1928 3620 1991 εἷς
3690 1926 3824 1995 ὕλην

446 2016 537 2077 79
570 2013 668 2075 hic
697 2020 895 2073 autem
929 2017 1167 2071 sanctus
1197 2015 1497 2088 sapienter
1551 2008 1625 2071 iis
1680 2010 1881 2072 omnia
1938 2031 2085 2074 con-

2173 2016 2405 2073 πέσοιεν.
2466 2016 2575 2083 Τὴν
2629 2013 2685 2071 δὲ
2735 2017 2847 2072 τῶν
2892 2018 3054 2096 ἁγίων
3085 2013 3355 2092 δυνάμι-ὦν
3385 2016 3675 2092 ὁναμασίαν
3705 2018 3825 2074 οἴο-

445 2103 623 2166 traria
661 2100 875 2164 tradit:
911 2118 981 2162 ex
1012 2098 1135 2161 Deo
1188 2100 1349 2159 enim
1410 2117 1510 2161 eas
1565 2116 1674 2180 per
1722 2101 2083 2165 creationem

2173 2128 2269 2183 μαι
2321 2104 2515 2174 δηλοῦν
2565 2106 2700 2163 κατὰ
2749 2107 2933 2164 κοινοῦ
2980 2106 3278 2186 ἀῤῥενωπόν
3324 2129 3441 2165 τινα
3487 2108 3575 2163 καὶ
3620 2106 3825 2187 ἑδραίαν

443 2192 765 2277 productas
788 2189 1204 2269 asserit,cujus
1219 2188 1393 2250 etiam
1418 2188 1869 2252 similitudinem
1899 2192 1956 2252 iu
1976 2192 2087 2277 _do-

2179 2194 2416 2273 ὰνδρίαν,
2470 2194 2744 2270 ἄθελκτον,
2800 2195 3112 2276 ἆθήλυντον,
3169 2194 3464 2258 ἂνένδοτον.
3553 2196 3640 2265 Μὴ
3724 2198 3826 2277 γὰρ

446 2272 670 2345 ininatu
705 2289 929 2356 tenent,
965 2279 1122 2359 ipsas
1154 2287 1351 2340 tamen
1404 2278 1903 2343 inﬁexibilitatem
1961 2272 2088 2362 erga

2181 2286 2399 2343 ἁκούων
2455 2286 2672 2361 θηλυκῷ
2729 2286 3127 2362 ὀνομαζ-ιμένας
3171 2287 3413 2363 ὀνόματι,
3500 2287 3573 2349 εὶς
3654 2285 3825 2354 θηλυ-

445 2391 686 2436 omnem
709 2369 1415 2432 submissionemratione
1438 2368 1861 2432 dominationis
1879 2370 2088 2434 habere

2181 2376 2387 2455 πρεπές
2429 2399 2480 2433 τι
2525 2374 2759 2453 κατάξῃς
2814 2377 2908 2441 τὰς
2956 2378 3094 2440 θείας
3157 2374 3426 2453 δυνάμεις,
3486 2379 3521 2445 ἡ
3578 2377 3678 2456 γὰρ
3734 2384 3826 2434 τοῦ

444 2464 619 2543 dicit,
643 2460 810 2543 quasi
834 2459 1136 2521 caedentes
1167 2467 1224 2521 et
1248 2458 1636 2539 dissecantes,
1659 2468 1716 2522 et
1738 2478 1853 2521 non
1878 2460 2087 2522 sinen-

445 2562 533 2616 tes
565 2568 854 2634 superare
884 2548 1266 2631 cupiditatem
1300 2547 1700 2623 sensibilium,
1738 2568 1855 2610 non
1893 2559 2086 2612 tamen

439 2661 542 2707 eas
572 2660 704 2723 quae
740 2638 1083 2719 praecedunt
1109 2636 1483 2699 cohibentes.
1502 2636 1657 2700 Dicit
1683 2639 1903 2720 itaque,
1930 2639 2088 2721 quod

441 2742 501 2797 et
534 2729 889 2795 inﬂexibiles
919 2728 1041 2790 sint
1070 2727 1141 2789 ad
1176 2727 1421 2807 malum,
1456 2736 1515 2789 et
1562 2728 1930 2790 dominatum
1997 2738 2087 2790 le-

437 2833 618 2889 neant
646 2846 663 2901 ;
696 2832 871 2904 atque
893 2822 1032 2883 hinc
1061 2819 1468 2901 praecedentes
1490 2819 1738 2883 minime
1760 2822 2079 2901 excedunt,

436 2934 512 2978 ne
545 2916 605 2976 in
636 2914 947 2976 materiam
981 2910 1343 2971 dilabantur.
1378 2911 1731 2973 Sanctarum
1754 2918 1951 2973 autem
1972 2910 2082 2973 vir-

2181 2465 2487 2545 ἆρῤενωποῦ
2532 2469 2772 2541 σημασία
2830 2466 2917 2522 καὶ
2958 2464 3121 2543 λέξις,
3182 2468 3268 2523 επὶ
3324 2472 3586 2545 γυναικῶν
3641 2464 3823 2545 ἀνδρι-

2172 2557 2411 2632 ζομένων
2493 2557 2579 2612 καὶ
2664 2554 3053 2636 ἀῤῥεειοφρόνων
3156 2554 3391 2637 λέγεται,
3481 2557 3513 2625 ἢ
3599 2555 3825 2634 ὰῤῥένων

2174 2647 2329 2727 ἰσχὺν
2366 2646 2633 2723 ἐχουσῶν,
2672 2644 2913 2725 ’Ἔχουσι
2945 2644 2998 2702 δὲ
3029 2646 3127 2714 τὴν
3170 2643 3379 2723 ἀνδρίαν
3408 2663 3421 2679 ⁸
3477 2647 3550 2710 είς
3598 2665 3694 2719 τις
3763 2644 3824 2702 οὒ

2174 2738 2304 2815 πρὸς
2357 2736 2422 2791 τὰ
2468 2734 2775 2813 ἐπαγόμεναι
2806 2732 3042 2815 δυσχερῆ
3092 2758 3149 2793 τε
3180 2737 3269 2793 καὶ
3315 2734 3547 2816 λυπηρὰ,
3588 2736 3823 2815 καθάπερ

2165 2825 2305 2883 ἐστὶν
2338 2824 2390 2881 ἐν
2423 2826 2583 2900 ἡμῖν,
2631 2832 2798 2881 ταῦτα
2849 2824 2949 2903 γὰρ
3002 2823 3126 2882 οότε
3180 2839 3303 2889 ταῖς
3361 2827 3522 2888 θείαις
3571 2823 3821 2899 δυνάμεσι

2165 2916 2509 2990 προσήκοντα
2537 2934 2552 2948 δ
2626 2916 2714 2971 καὶ
2781 2912 2966 2980 ἔξωθεν
3029 2915 3123 2983 τὴν
3180 2917 3389 2982 κίνησιν
3444 2915 3685 2993 ὄχουσιν,
3746 2916 3825 2981 ὡς

442 3013 631 3067 tutum
664 3022 880 3066 nomen
928 3001 1201 3064 existimo
1261 3001 1320 3061 in
1381 3002 1687 3062 communi
1743 3001 2083 3081 signiﬁcare

2173 3003 2343 3067 ἄλλως
2390 3003 2468 3078 μὴ
2513 3003 2570 3061 ὃν
2617 3004 2847 3085 φανῆναι
2920 3005 3020 3064 τήν
3081 3005 3333 3065 τοιαύτην
3390 3002 3619 3083 ἀνδρίαν,
3667 3006 3711 3061 εί
3740 3005 3821 3081 μὴ

444 3093 765 3158 masculam
797 3090 1113 3174 quamdam
1147 3097 1207 3151 et
1229 3098 1605 3152 constantem
1638 3091 2085 3167 virilitatem,ri-

2173 3094 2499 3160 ἐπανασταίη
2583 3095 2645 3151 τὸ
2730 3091 3009 3174 δυσχερές.
3098 3094 3169 3152 Οὔ
3252 3096 3383 3172 πρὸς
3447 3096 3607 3151 ταῦτα
3666 3102 3820 3173 γοῦν,

444 3184 665 3266 gidam,
700 3200 995 3264 asperam,
1032 3199 1323 3243 severam.
1357 3182 1568 3258 Neque
1618 3199 1755 3243 vero
1809 3183 2083 3257 audiens,

2178 3183 2303 3241 ἀλλ’
2363 3185 2435 3249 εἰς
2492 3182 2668 3249 πάσας
2730 3184 2824 3247 τὰς
2878 3182 2994 3241 κατ’
3030 3183 3189 3252 αὖνὴν
3223 3182 3471 3250 θεοειδεῖς
3532 3183 3820 3262 ἐνεργείας,

442 3276 686 3336 virtutes
712 3272 841 3335 illas
873 3271 1103 3333 divinas
1131 3271 1392 3333 femineo
1426 3271 1668 3333 nomine
1690 3281 2085 3352 nuncupatas,

447 3363 739 3426 muliebre
766 3361 911 3444 quid
938 3362 1012 3424 iis
1043 3359 1307 3423 ascribas
1335 3380 1348 3424 :
1378 3360 1562 3423 virilis
1592 3361 1749 3423 enim
1783 3360 2084 3441 signiﬁca-

446 3455 524 3516 tio
555 3453 859 3533 dictioque
884 3452 958 3514 de
988 3450 1225 3513 feminis
1249 3449 1545 3527 virilibus,
1580 3458 1639 3513 et
1667 3451 1823 3514 virili
1887 3460 2087 3513 mente

445 3543 733 3622 prmditis,
759 3550 858 3603 aut
890 3541 1046 3603 virili
1068 3541 1285 3602 robore
1310 3539 1694 3621 pollentibus,
1725 3542 2084 3602 enuntiatur.

441 3630 676 3694 Habent
698 3640 895 3692 autem
928 3629 1263 3691 virilitatem
1291 3647 1304 3691 :
1336 3629 1410 3691 ad
1443 3630 1631 3711 quid?
1663 3649 1780 3691 non
1813 3630 1887 3691 ad
1921 3630 2086 3693 dit‘ﬁ-

443 3721 694 3783 cultates
727 3719 1091 3792 incidentes,
1122 3718 1530 3798 lristitiasque,
1564 3718 1709 3780 utin
1735 3719 1906 3780 nobis
1926 3720 2089 3781 acci-

444 3810 532 3873 dit
568 3829 584 3885 ;
621 3809 747 3872 haec
777 3810 939 3871 enim
983 3826 1178 3887 neque
1229 3807 1545 3869 virtutibus
1598 3806 1810 3869 divinis
1866 3827 2088 3871 conve-

442 3899 609 3961 niunt
641 3916 655 3961 :
684 3907 742 3961 et
762 3898 834 3959 ab
859 3897 1196 3959 extrinseco
1223 3905 1561 3972 moventur,
1598 3907 1663 3958 ut
1692 3895 1863 3958 aliter
1893 3896 2091 3960 istius-

444 3986 602 4049 modi
626 3987 877 4050 virilitas
917 4004 1209 4066 apparere
1263 3994 1542 4066 nequeat,
1606 3986 1719 4048 nisi
1780 3985 2093 4048 difﬁcultas

442 4078 761 4139 exoriatur.
798 4078 930 4138 Non
962 4076 1161 4156 itaque
1190 4079 1263 4137 ad
1304 4075 1430 4137 haec
1463 4082 1685 4136 tantum
1749 4074 2088 4138 virilitatem

442 4165 736 4241 obtinent,
774 4165 878 4227 sed
910 4165 984 4226 all
1009 4184 1217 4227 omnes
1248 4182 1386 4227 suas
1419 4163 1748 4227 deiformes
1798 4165 2086 4229 actiones.

439 4255 568 4319 Dixi
601 4264 799 4317 autem
832 4273 994 4331 suas,
1043 4255 1183 4336 quia
1213 4253 1456 4315 cuilibet
1482 4272 1586 4315 sua
1619 4253 1863 4335 prepria
1898 4255 2093 4317 divina

442 4347 727 4428 competit
756 4346 1042 4427 operatio,
1081 4347 1159 4407 ita
1191 4353 1256 4408 ut
1289 4364 1404 4407 non
1442 4343 1679 4408 deﬁciat
1707 4344 1768 4406 in
1802 4345 1922 4407 ulla
1978 4345 2088 4407 sibi

440 4437 628 4499 indita
658 4437 1057 4498 illustratione
1089 4435 1492 4516 suscipienda,
1530 4453 1640 4496 nec
1671 4434 1744 4495 ab
1784 4453 1854 4496 ea
1909 4435 2088 4515 quid-

442 4543 618 4607 quam
648 4526 927 4605 patiatur;
957 4525 1150 4605 qualis
1180 4532 1271 4585 est
1298 4524 1448 4605 lapis
1477 4526 1574 4604 qui
1608 4523 1743 4602 igne
1787 4542 1906 4585 non
1937 4542 2084 4587 con-

440 4614 719 4689 sumitur,
756 4615 853 4694 qui
887 4614 1141 4690 ignescit
1185 4613 1450 4693 quidem,
1479 4612 1582 4675 sed
1616 4632 1731 4674 non
1779 4613 2087 4676 comburi-

442 4715 539 4769 tur
574 4724 590 4779 ;
624 4704 709 4766 sic
743 4703 921 4764 etiam
955 4704 1069 4775 hic,
1106 4703 1246 4763 dum
1282 4711 1555 4782 potenter
1598 4702 1670 4763 ad
1701 4701 1889 4765 Deum
1947 4703 2089 4765 imi-

442 4793 690 4858 tandum
716 4790 1054 4863 adducitur.
1092 4800 1350 4852 attamen
1383 4810 1500 4853 non
1544 4790 1845 4872 dejicitur,
1894 4810 2092 4873 neque

442 4900 566 4966 prae
594 4881 1003 4945 imbecillitate
1033 4880 1387 4942 deiformem
1422 4889 1645 4945 motum
1702 4881 1950 4964 deserit,
1978 4882 2084 4944 sed

443 4980 787 5034 constanter
819 4973 1079 5033 intuetur
1109 4971 1170 5032 in
1198 4972 1473 5032 virtutem
1536 4970 1698 5032 omni
1757 4972 2087 5035 substantia

443 5060 839 5143 superiorem,
868 5069 929 5122 et
949 5061 1337 5141 ipsarummet
1354 5059 1642 5122 virtutum
1666 5061 2081 5143 conditricem,

442 5152 857 5232 ejusdemque,
885 5151 1077 5232 quoad
1112 5149 1241 5212 ﬁeri
1277 5158 1489 5229 potest,
1525 5150 1716 5230 imago
1759 5151 2083 5214 virtutifor-

442 5240 561 5304 mis
592 5240 866 5304 edicitur.
900 5240 1418 5313 Quemadmodum
1449 5240 1612 5301 enim
1643 5249 1853 5303 natura
1889 5242 2084 5302 divina

439 5329 530 5393 illi
566 5331 835 5392 virtutem
858 5330 1219 5411 suppeditat,
1244 5328 1330 5392 sic
1348 5339 1405 5391 et
1428 5330 1552 5391 haec
1577 5327 1966 5392 inferioribus
1990 5350 2004 5391 :
2032 5338 2091 5391 et

440 5420 776 5483 secundum
800 5422 956 5501 quod
980 5419 1221 5500 quidem
1248 5419 1374 5499 ipsa
1414 5419 1593 5481 virtus
1616 5426 1728 5501 est,
1755 5420 2085 5482 secundum

441 5510 692 5593 primam
719 5507 1112 5589 rationem,ad
1137 5508 1534 5570 differentiam
1561 5524 1771 5571 earum
1796 5528 1924 5588 qua:
1956 5516 2090 5591 post

443 5605 630 5680 ipsam
658 5610 797 5661 sum
824 5601 961 5680 (hoc
982 5598 1140 5659 enim
1169 5607 1258 5660 est
1280 5598 1639 5679 ἀρχιδυναμος
1664 5616 1769 5660 seu
1801 5602 2088 5680 princeps

445 5691 766 5765 virtutum)
794 5688 967 5774 juxta
994 5688 1240 5771 gratiam
1271 5686 1388 5751 sibi
1416 5706 1451 5751 a
1479 5685 1602 5751 Deo
1631 5685 1827 5751 datam
1879 5689 2079 5771 habet,

2169 3272 2314 3336 Κατ’
2358 3272 2525 3341 αὐτὴν
2571 3271 2625 3329 δέ
2686 3273 2871 3349 εἶπον,
2932 3273 3013 3330 ὅτι
3071 3272 3209 3330 ἐστὶν
3262 3274 3461 3351 ἑκάστῃ
3489 3272 3589 3330 ἰδία
3631 3276 3666 3343 ἡ
3708 3277 3824 3330 θεία

2171 3364 2433 3444 ἐνέργεια,
2494 3363 2633 3420 ὣστε
2683 3362 2761 3439 μὴ
2818 3361 3118 3430 ἒξασθενεϊν
3176 3364 3305 3438 πρὸς
3365 3362 3627 3440 μηδεμίαν
3686 3364 3825 3420 ὅπο-

2170 3452 2347 3534 δοχὶιν
2380 3456 2484 3510 τῶν
2514 3450 2858 3529 ἐνδιδομένων
2888 3452 3230 3529 ἐλλάμψεων,
3285 3455 3375 3510 καὶ
3422 3458 3537 3511 οἷον
3587 3456 3824 3533 πάσχειν

2173 3542 2269 3600 ὑπ’
2324 3544 2511 3612 αὐτῆς·
2573 3546 2691 3607 οἶός
2745 3545 2886 3602 ἔστιν
2927 3546 2955 3601 ὁ
3017 3544 3095 3619 μὴ
3139 3543 3214 3601 τῶ
3271 3544 3390 3621 πυρὶ
3442 3542 3823 3619 δαπανώμενος

2170 3632 2335 3706 )ίθο;,
2369 3633 2424 3696 ὃς
2457 3639 2710 3709 πυροῦται
2756 3632 2876 3709 μέν,
2938 3634 2998 3690 οὔ
3053 3632 3258 3689 καίεται
3314 3630 3389 3689 δέ’
3445 3633 3582 3690 οὕτω
3609 3634 3699 3690 καὶ
3732 3633 3826 3689 ὲν·-

2171 3726 2334 3779 ταυθα
2367 3719 2595 3787 δυνατῶς
2651 3721 2739 3778 ἐπὶ
2797 3730 2857 3779 τὸ
2916 3723 3243 3798 θεομίμητον
3307 3722 3640 3803 ἆναγομὶνη,
3673 3722 3826 3799 ὅμως

2173 3812 2277 3891 οὔχ
2306 3813 2531 3879 ἡττᾶται
2561 3812 2649 3867 καὶ
2679 3809 2960 3869 ἀπολείπει
3002 3811 3247 3893 ἀνανδρίᾳ
3294 3813 3395 3881 τὴν
3444 3811 3674 3888 θεοειδῆ,
3737 3814 3825 3870 κί-

2173 3922 2353 3974 νησιν,
2387 3898 2499 3955 ἀλλ’
2539 3898 2778 3979 ἀῤῥεπῶς
2817 3900 2991 3982 ἀφορᾷ
3051 3902 3124 3962 εἷς
3185 3903 3285 3970 τὴν
3336 3901 3466 3981 ὑπὲρ
3522 3907 3696 3959 πᾶσαν
3727 3904 3826 3960 οὖ-

2177 3990 2317 4060 σίαν,
2351 3986 2570 4064 δύναμιν
2601 3990 2699 4057 τὴν
2737 3991 2824 4048 καὶ
2897 3989 3058 4056 αὒτάς
3128 3989 3223 4055 τοῖς
3268 3989 3514 4068 δυνάμεις
3556 3989 3824 4067 δημιουρ-

2176 4080 2441 4156 γήσασαν,
2475 4079 2565 4135 καὶ
2604 4081 2799 4148 ταύτης
2856 4082 3013 4138 εἰκὼν
3073 4081 3271 4158 γίνεται
3329 4079 3466 4138 κατά
3511 4083 3574 4140 τὸ
3606 4081 3823 4162 ἐφικτὸν

2172 4164 2543 4243 δυναμοειδης.
2607 4167 2703 4233 Ὠς
2760 4168 2859 4247 γάρ
2917 4173 2949 4240 ἡ
3010 4172 3122 4229 θεία
3155 4171 3306 4250 φύσις
3336 4168 3648 4248 ὶνδυναμοῖ,
3682 4170 3825 4229 οὕτω

2172 4258 2262 4315 καὶ
2307 4256 2442 4324 αὕτη
2501 4255 2596 4323 τοὶς
2653 4256 3038 4327 ὑποϐεϐηκυίας
3068 4280 3081 4295 ⁶
3141 4261 3228 4317 καὶ
3284 4258 3400 4318 καθ’
3459 4261 3487 4317 ὃ
3545 4261 3642 4337 μὲν
3686 4258 3824 4328 αὕτη

2169 4348 2277 4403 ἰστῖ
2315 4344 2530 4423 δύναμις
2565 4348 2701 4404 κατά
2729 4349 2937 4426 πρῶτον
2994 4347 3177 4427 λόγον,
3237 4350 3368 4428 πρὸς
3413 4348 3820 4419 ἂντιδιαστολὴν

2170 4436 2278 4494 τῶν
2309 4435 2429 4512 μετ’
2476 4437 2643 4505 αὐτὴν
2677 4434 2855 4516 (τοῦτο
2904 4437 3005 4517 γαρ
3053 4440 3168 4496 ἔστι
3202 4438 3269 4496 τὸ
3300 4437 3694 4519 ἀρχιδύναμος)
3726 4437 3824 4495 δυ-

2173 4527 2343 4590 νατῶς
2376 4524 2494 4607 ἔχει
2524 4525 2662 4584 κατά
2709 4530 2808 4596 τὴν
2870 4525 3113 4585 δοθεῖσαν
3163 4528 3323 4609 χάριν
3395 4528 3500 4585 ὀιπὸ
3534 4536 3665 4587 Θεον)
3693 4532 3824 4586 ἒπε-

2175 4616 2427 4695 στράφθαι
2485 4616 2616 4694 πρὸς
2671 4616 2770 4684 τὴν
2829 4617 2996 4675 αἰτίαν
3054 4624 3161 4673 τῶν
3219 4618 3511 4694 δυνάμεων,
3544 4619 3633 4674 τὸν
3666 4619 3823 4675 Θεόν⁶

2172 4703 2289 4762 καθ’
2360 4706 2389 4762 ὃ
2458 4703 2513 4761 δὲ
2588 4707 2675 4763 καί
2733 4703 3121 4775 ὓποὸεὸιικυῖαι
3182 4708 3350 4786 ταύτῃ
3404 4703 3650 4783 δύναμεις
3697 4709 3822 4783 εἰσι,

2175 4795 2415 4875 πρόεισιν
2449 4794 2520 4860 έίς
2552 4793 2779 4871 ὲκείνας,
2837 4794 3049 4857 διδοῦσα
3105 4797 3204 4865 τὴν
3261 4795 3477 4872 δύναμιν
3506 4798 3641 4853 κατὰ
3682 4799 3827 4855 θείαν

2174 4884 2385 4950 πάντως
2418 4884 2666 4959 μίμησιν,
2721 4888 2830 4953 Τὴν
2862 4883 2917 4941 δὲ
2973 4892 3077 4943 τῶν
3130 4887 3293 4965 ἁγίων
3345 4884 3595 4952 ἐξουσιῶν
3629 4885 3825 4964 ἐκφαν-

2168 4974 2383 5051 τορικην
2415 4974 2700 5049 ὀνομασίαν
2731 4975 2888 5036 οἶμαι
2924 4973 3139 5052 δηλοῦν,
3191 4975 3309 5043 ἥτις
3366 4974 3475 5032 ἐστὶ
3533 4976 3621 5032 καὶ
3680 4978 3823 5049 ὁμο-

2167 5063 2334 5141 ταγὴς
2398 5069 2503 5119 τῶν
2569 5061 2968 5143 προρρηθέντων
3028 5062 3116 5121 δύο
3174 5087 3239 5122 τα
3259 5064 3490 5145 (μάτων,
3532 5065 3629 5131 τὴν
3660 5068 3824 5123 εὐτα-

2168 5150 2277 5218 ξίαν
2335 5153 2431 5221 τὴν
2491 5151 2750 5228 εὔκοσμον
2809 5156 2892 5211 κσὶ
2924 5154 3255 5236 ἆσιόμφυρτον
3326 5154 3445 5231 περί
3515 5154 3611 5219 τας
3678 5155 3821 5218 θείας

2170 5240 2505 5318 ἐλλάμψεις⁸
2569 5250 2722 5301 τοῦτο
2772 5243 2872 5323 γὰρ
2921 5243 3063 5300 ἐστιν
3108 5242 3243 5300 ἴδιον
3290 5248 3387 5310 τῆς
3443 5241 3702 5316 ἐξουσίας,
3759 5247 3823 5301 τὸ

2172 5332 2311 5389 κατὰ
2363 5331 2506 5398 τάξιν
2560 5330 2626 5389 ταὶ
2688 5332 3127 5412 παρεμπίπτοντα
3177 5332 3485 5413 διευθετεῖν,
3548 5334 3635 5390 καὶ
3693 5331 3823 5414 δίχα

2171 5423 2311 5486 τινὸς
2357 5421 2715 5501 περπερισμοῦ
2772 5423 2860 5478 καὶ
2916 5422 3278 5503 συμφύρσεως.
3366 5421 3519 5481 Ἐπεὶ
3604 5423 3704 5502 γὰρ
3787 5425 3825 5493 ἦ

2171 5511 2377 5578 ἐξουσία
2426 5511 2640 5589 δύναμίς
2696 5514 2811 5569 ἔστι
2862 5513 2999 5568 κατὰ
3055 5510 3151 5580 τὴν
3208 5513 3403 5579 ἑαυτῆς
3447 5514 3826 5592 προσήκουσαν

2170 5600 2408 5681 θέλησιν,
2444 5600 2556 5682 (ἵνα
2589 5623 2639 5658 τι
2682 5600 2924 5668 ἀτάκτως
2976 5603 3065 5660 καὶ
3120 5607 3490 5683 συμφυρτικῶς
3540 5602 3576 5671 ἢ
3620 5601 3756 5679 εἴπῃ
3787 5601 3825 5670 ἧ

2170 5690 2517 5773 διαπράξηται
2574 5693 2601 5749 ὁ
2662 5689 3000 5773 ἐξουσιάζων,
3045 5693 3119 5758 εἷς
3172 5693 3200 5749 ὃ
3256 5694 3417 5770 μόνον
3470 5688 3680 5750 δύναται
3735 5700 3825 5751 καί
