4112 6160
346 406 466 473 249

736 407 836 470 DE
870 405 1217 470 CCELESTI
1260 402 1772 482 HIERARCHIA,
1819 399 1984 462 CAP.
2029 399 2194 462 VIII.
2242 430 2321 444 -
2363 397 2746 462 PARAPHR.
2798 400 3319 465 PACHYMERzE.

3612 394 3730 466 250

327 543 640 617 ὶξουσιάζει,
701 544 792 601 καὶ
848 540 936 598 ὅτε
993 542 1074 616 μὴ
1117 539 1478 616 παρεμπίπτει
1523 537 1709 606 ἔξωθέν
1767 551 1826 594 τ’(
1885 535 1973 604 τὴη

2069 555 2134 611 ιιι
2161 545 2232 610 ad
2254 547 2744 611 Deumvirtutum
2770 556 3073 612 auctorem
3101 549 3294 612 valide
3311 566 3595 613 conversa
3621 548 3722 612 sit:

329 633 566 701 ἱξουσίαν
623 631 930 690 διακόπτον·
991 631 1113 688 τότε
1176 630 1276 709 γὰρ
1319 632 1379 688 οὐ
1446 634 1539 685 τοῦ
1594 627 1984 700 ἐξουσιάζοντός

327 724 471 782 ἐστιν
525 725 560 793 ἡ
614 721 819 789 ἐξουσία
849 767 869 792 ,
929 719 1068 778 ἀλλὰ
1123 727 1216 777 τοῦ
1273 725 1457 796 γαιροῦ
1489 764 1505 794 ,
1579 716 1614 786 ἧ
1670 719 1838 796 τυχὸν
1893 719 1986 774 τοῦ

325 814 533 894 ὲκθροῦ,
579 812 615 881 ἤ
671 817 770 879 τῆς
827 810 998 880 λύπης
1071 809 1235 867 ἄλλου
1277 809 1446 886 τινός)
1479 824 1492 839 ·
1526 809 1682 866 τοῦτό
1725 807 1834 864 ἔστι
1893 803 1983 864 καὶ

323 904 544 962 ἐπὶτῶν
587 901 738 960 θείων
793 899 1065 967 ὶξουσιῶν,
1121 898 1272 959 Ἐπεὶ
1337 899 1436 977 γὰρ
1477 905 1641 956 ταῦτα
1684 897 1855 955 πάντα
1881 897 1982 954 ἆλσ-

321 993 508 1072 λότριά
564 993 663 1049 εἶσι
720 991 945 1066 τούτων,
1009 989 1191 1070 ἔχουσι
1247 987 1302 1045 δὲ
1361 991 1462 1057 τὴν
1537 987 1774 1054 ἒξοῦσίαν
1844 987 1982 1045 κατᾶ

318 1085 462 1142 θείαν
505 1083 666 1164 χάριν
731 1079 926 1160 ἀδιεχῆ
996 1083 1086 1137 καὶ
1153 1078 1466 1151 ἆδιᾶκοπον,
1513 1076 1866 1160 ὑποδέχονται
1894 1075 1981 1135 καὶ

317 1174 414 1238 τὰς
470 1174 608 1237 θείας
669 1169 964 1246 mappa;
1008 1169 1282 1245 εὐκόσμως
1339 1171 1426 1225 καὶ
1487 1169 1856 1248 ἀσυμφύρτως,
1889 1167 1980 1224 καί

316 1262 560 1320 εὖτακτοί
613 1263 713 1319 εἶσι
766 1262 897 1341 πριὶς
943 1261 1041 1327 τὴν
1099 1259 1282 1340 νοεράν
1333 1257 1420 1315 καὶ
1484 1258 1838 1336 ὑπερκόσμιον
1880 1258 1979 1314 αὖ·

315 1351 722 1420 τεξουσιότητα.
779 1351 863 1408 ἀεί
913 1352 1013 1430 γὰρ
1072 1349 1403 1416 αὖτεξούσιοί
1453 1348 1573 1423 εἶσί,
1633 1349 1722 1405 καὶ
1765 1349 1824 1405 οὒ
1854 1337 1982 1404 ποτέ

318 1444 419 1520 μὲν
479 1440 642 1517 οὔτω,
700 1441 831 1499 ποτὲ
883 1439 936 1498 δὲ
994 1439 1195 1505 ἄλλως.
1250 1439 1402 1497 Ἐπεὶ
1436 1437 1488 1494 δὲ
1513 1438 1610 1506 τῆς
1635 1437 1891 1511 ἔξουσίας,
1925 1438 1984 1494 τὸ

315 1533 415 1609 μέν
473 1533 615 1590 ἔστιν
669 1531 944 1612 ἔνθεσμον,
1023 1530 1086 1588 τὸ
1155 1529 1210 1587 δὲ
1282 1530 1588 1607 τυραννικὸν
1657 1530 1981 1609 (ἐπιφέρεται

314 1625 415 1702 γὰρ
445 1625 479 1692 ἡ
512 1623 717 1690 ἐξουσία
773 1624 862 1679 καὶ
917 1622 1017 1690 τὴν
1074 1619 1346 1701 τυραννίδα
1407 1621 1544 1678 κατὰ
1600 1620 1689 1696 τὸ,
1752 1621 1854 1678 Τὸν
1885 1619 1980 1676 τύ-

315 1735 505 1791 ραννον
553 1715 614 1770 οὗ
681 1711 858 1789 ῥάδιον
913 1710 1202 1792 εὖσεϐεἴν),
1262 1711 1349 1766 καὶ
1405 1711 1498 1767 ὃτε
1559 1709 1656 1784 μὲν
1724 1716 1815 1768 τοῦ
1887 1708 1979 1765 ἐν-

314 1805 511 1878 θέσμου
557 1802 744 1884 ἔχεται
793 1804 827 1869 ἡ
884 1801 1138 1882 ἓξουσία,
1187 1790 1504 1879 ἄκρατητος
1566 1798 1678 1856 ἐστι
1727 1801 1858 1877 πρὸς
1917 1790 1979 1856 τὸ

314 1893 512 1972 ἀγαθόν
546 1909 560 1924 ⁸
595 1893 682 1950 ὅτε
727 1890 782 1948 δὲ
838 1899 931 1948 τοῦ
989 1890 1217 1965 ἀθέσμου
1246 1891 1334 1947 καὶ
1365 1895 1693 1969 τυραννικοῦ,
1745 1896 1812 1966 τῇ
1845 1911 1978 1970 σφε-

311 1983 436 2058 τέρᾳ
465 1981 682 2058 ἂδνᾶμει
734 1983 865 2047 πρὸς
909 1982 976 2038 τὰ
1035 1981 1202 2060 χείρω
1259 1979 1644 2060 ἀποκέχρηται
1681 1995 1695 2009 ⁸
1741 1993 1978 2038 ποιεῖται

312 2071 532 2130 ἐνταῦθα
574 2073 674 2140 τὴν
737 2070 987 2147 διαίρεσιν
1045 2076 1143 2137 τῆς
1202 2067 1434 2135 ἐξοισίας
1467 2072 1492 2125 ὁ
1526 2069 1696 2149 ἂγιος,
1767 2072 1853 2127 καὶ
1885 2069 1977 2127 λέ-

311 2183 416 2240 γει,
492 2163 573 2219 ὅτι
631 2163 691 2218 οὗ
749 2165 1067 2240 τυρᾶννικὼς
1099 2161 1188 2216 ἐπὶ
1245 2160 1310 2216 τὰ
1343 2160 1512 2239 χείρω
1545 2174 1664 2222 ταῖς
1699 2158 1978 2236 δυνάμεσιν

310 2253 714 2332 ἂποκέχρηνται
773 2254 824 2308 αἱ
881 2251 1028 2329 ἃγιαι
1089 2249 1338 2326 ἐξουσίαι,
1414 2248 1548 2305 ἀλλὰ
1606 2249 1690 2306 ἐπὶ
1749 2251 1813 2306 τὰ
1857 2254 1977 2312 θεῖα

309 2344 647 2423 ἆκρατήτως,
700 2340 831 2421 ὅπερ
889 2340 1029 2398 ἐστὶν
1089 2338 1226 2396 ἴδιον
1261 2344 1360 2404 της
1408 2337 1639 2404 ἐξουσίας
1673 2338 1792 2415 μετ’
1818 2343 1975 2398 εὖτα-

310 2431 443 2506 ξίας,
478 2433 506 2488 ὅ
559 2434 648 2490 καὶ
705 2433 831 2491 αὐτὸ
888 2433 981 2488 τοῦ
1034 2429 1285 2505 ἑνθὲσμου
1310 2434 1408 2496 τῆς
1454 2430 1708 2495 ἐξουσίας,
1747 2433 1832 2498 Μὴ
1868 2433 1974 2505 μό-

303 2546 394 2580 νον
450 2525 604 2578 αὗται
661 2520 973 2598 ἂνάγονται,
1035 2518 1171 2575 ἀλλὰ
1230 2522 1316 2575 καὶ
1375 2521 1439 2576 τὰ
1489 2508 1611 2594 μετ’
1674 2521 1829 2583 αὑτὰς
1873 2521 1971 2576 ἆν-

304 2615 521 2692 ἀγουσιν
584 2609 904 2691 ἆγαθεειδῶς
963 2615 1083 2686 (οὒκ
1132 2609 1374 2687 ἔστιγὰρ
1406 2610 1614 2690 φθόνος,
1692 2609 1805 2669 οὐδέ
1845 2610 1969 2689 γλι-

303 2705 545 2786 σχρότης
575 2726 681 2782 τις,
713 2699 827 2760 οὒδέ
861 2699 1110 2782 φειδωλία
1141 2702 1216 2774 τῷ
1249 2701 1429 2777 ἆταθῴ
1469 2719 1480 2732 ⁸
1519 2699 1539 2780 )
1573 2701 1666 2757 καὶ
1711 2702 1837 2773 πρὸς
1868 2703 1969 2768 τὴν

304 2797 474 2852 αἰτίαν
528 2793 723 2873 αὒτῶν,
822 2793 887 2858 ἣν
953 2793 1041 2849 καὶ
1126 2790 1483 2857 ἐξουσιοποιὸν
1545 2792 1634 2847 καὶ
1695 2790 1968 2869 ἐξουσιαρ-

301 2888 431 2965 χίαν
480 2885 634 2964 φησί,
695 2885 773 2954 (τὸ
834 2883 955 2961 μὲν,
1007 2883 1080 2945 ὡς
1137 2882 1231 2943 τὰς
1303 2879 1531 2946 ἐξουσίας
1565 2879 1970 2958 δημιουργήσα-

989 2972 1050 3027 τὸ
1109 2969 1186 3050 δέ,
1246 2973 1319 3034 ὡς
1350 2977 1453 3028 τῶν
1485 2970 1727 3036 ἐξουσίών
1760 2970 1966 3052 ἄρχου·-

953 3064 1023 3127 ὼς
1068 3063 1303 3135 θεμιτόν.
1368 3068 1532 3120 Τοῦτο
1564 3062 1662 3139 γὰρ
1693 3061 1833 3118 ἐστιν
1865 3063 1965 3118 αὒ-

301 2998 400 3032 σαν
456 2976 542 3031 καὶ
601 2974 928 3052 ποιήσασαν,

301 3067 456 3144 σαν,)
488 3066 890 3144 ἀφομίιιοὺνται,

299 3161 424 3220 ταῖς
455 3157 492 3224 ἡ
523 3154 817 3228 τελείωσις,
851 3155 885 3222 ἡ
919 3154 1052 3210 κατὰ
1088 3153 1146 3208 τὸ
1187 3153 1401 3231 ἐφικτὸν
1444 3151 1772 3231 ἀφομοίωσις
1807 3171 1819 3184 ⁸
1879 3144 1960 3208 καῖ
1985 3195 2026 3245 C

298 3246 503 3313 ταύτην
558 3245 658 3311 την
702 3244 844 3300 θείαν
875 3243 1224 3322 ἂφομοίωσιν,
1287 3243 1464 3305 καθὼς
1521 3241 1596 3296 ἔνι
1629 3243 1682 3296 ἐν
1714 3254 1834 3304 τοῖς
1861 3241 1965 3318 ἆγ-

600 3333 996 3408 ἀναλᾶμποδσιν
1065 3331 1118 3388 ἐν
1175 3343 1296 3394 ταῖς
1354 3331 1489 3387 κατὰ
1547 3331 1742 3395 ταύτας
1815 3329 1968 3389 εὗκό-

338 3335 509 3410 ἐλοις,

301 3361 509 3415 γεΑοις,
600 3361 996 3408 αἹἸΛαμδποδΊίν
1065 3361 1118 3388 εν
1175 3361 1237 3388 τ]
1253 3361 1295 3394 ις
1355 3361 1489 3387 χαῖα
1547 3361 1741 3395 ἰα-ηας
1815 3361 1968 3389 ξυλο-

302 3449 463 3500 σμοις
507 3424 683 3490 τάξεσι
738 3429 836 3491 τῆς
895 3421 1292 3488 ἐξουσιαστιγῆς
1376 3419 1668 3500 δυνὰμεως,
1724 3419 1968 3488 δηλονότι

302 3449 463 3501 σμοις
507 3424 683 3490 τάξεσι
738 3429 836 3491 τῆς
895 3421 1292 3488 ἐξουσιαστιγῆς

300 3518 355 3574 ἐν
417 3529 541 3580 ταῖς
598 3513 846 3588 δυνάμεσι
902 3513 989 3569 καὶ
1033 3512 1086 3568 ἂν
1146 3525 1266 3573 ταῖς
1297 3511 1622 3588 κυριότησιν.
1674 3511 1822 3566 αὗται
1871 3513 1970 3598 γὰρ

301 3610 435 3665 εἶσιν
499 3607 550 3662 at
593 3603 715 3662 κατ’
777 3603 936 3667 αδτὰς
1002 3603 1089 3664 τὰς
1145 3600 1342 3674 τάξεις,
1393 3603 1448 3658 EI
1504 3602 1604 3678 γὰρ
1664 3604 1970 3676 μιμνησκό-

300 3702 464 3776 μεθα,
531 3694 789 3772 ἐλέγομεν
841 3693 1156 3771 ἔμπροσθεν,
1192 3690 1271 3747 ὅτι
1335 3691 1398 3748 τὰ
1429 3697 1590 3747 πᾶσιν
1632 3691 1964 3771 ὑπάρχοντα,

299 3787 462 3849 ἰδίως
516 3785 723 3856 ἑκάστῳ
780 3783 867 3839 ἐπὶ
927 3781 1086 3839 πλέον
1145 3780 1562 3861 ἆπονενέμηται,
1607 3781 1698 3837 ’ίνα
1738 3783 1968 3838 ἐντεῦθεν

301 3879 371 3934 τὰ
423 3875 523 3944 τῆς
567 3871 765 3940 τάξεως
813 3871 1357 3961 διαφυλαχθήσηται·
1407 3878 1558 3928 τοῦτο
1611 3873 1709 3948 γὰρ
1766 3871 1968 3944 σημαί-

303 3989 381 4023 νει
441 3965 634 4022 καὶτὸ
706 3961 1147 4037 ἆναλαμποὺσης,
1227 3959 1308 4016 Ἠ
1367 3962 1454 4016 καὶ
1499 3959 1671 4023 ἄλλως
1732 3962 1793 4016 τὸ
1838 3960 1967 4016 ἀνα-

301 4055 650 4132 λαμπούσης,
699 4051 783 4109 διὰ
829 4052 928 4119 τὴν
989 4058 1080 4107 τοῦ
1123 4052 1298 4132 φωτὸς
1358 4048 1596 4117 ἰδιότητα
1637 4069 1652 4086 ·
1699 4050 1967 4130 ἀνωφερὲς

300 4149 405 4228 γὰρ
440 4151 500 4202 τὸ
557 4145 692 4224 φῶς,
734 4145 777 4199 εἰ
810 4143 897 4198 καὶ
941 4141 977 4208 ὴ
1031 4141 1220 4198 τούτου
1271 4138 1539 4214 ’ἐλλαμψις
1587 4141 1675 4196 καὶ
1729 4141 1782 4196 ἐν
1842 4141 1964 4204 τοῖς

299 4238 452 4295 κᾶτὼ
508 4237 730 4313 γίνεται.
797 4231 1095 4310 Πληρώσας
1159 4231 1252 4294 τὰς
1284 4231 1538 4295 θεοειδεῖς
1576 4228 1840 4296 ἰδιότητας
1869 4236 1966 4297 τῆς

302 4327 477 4404 μέσης
537 4323 945 4399 διακοσμήσεως
1013 4367 1031 4398 ,
1108 4319 1343 4392 μέτεισιν
1401 4321 1485 4377 ἐπὶ
1543 4324 1642 4388 τῆν
1694 4321 1965 4400 ἱεραρχίαν

301 4418 500 4490 αὐτῶν,
560 4416 658 4480 τὴν
714 4413 988 4490 κάθαρσιν,
1053 4413 1145 4466 τὸ]
1199 4412 1492 4490 φωτισμὸν,
1539 4411 1640 4477 τὴν
1668 4409 1962 4466 τελείωσιν.

301 4508 627 4583 Καθαίρεται
685 4505 880 4583 τοίνυν,
955 4503 1042 4557 καὶ
1087 4503 1390 4582 φωτίζεται,
1425 4502 1513 4556 καὶ
1571 4499 1962 4578 τελεσιουργεί-

2070 644 2131 700 in
2165 645 2450 720 quantum
2504 655 2642 699 vero
2700 637 2874 701 etiam
2905 639 3224 703 inferiores
3251 639 3325 702 ab
3369 641 3479 702 hac
3505 638 3726 703 habent

2069 728 2227 807 quod
2259 727 2501 790 virtutes
2521 727 2792 808 sint,vim
2816 747 2981 790 suam
3011 730 3076 791 in
3109 729 3472 810 illastrajicit
3500 748 3569 792 ac
3599 729 3723 792 dis-

2069 816 2294 898 tribuit,
2330 817 2658 880 secundum
2697 816 2952 880 divinam
3003 837 3248 899 prorsus
3303 817 3719 883 imitationem.

2067 910 2252 972 Porro
2273 926 2489 969 nomen
2519 915 2861 970 sanctarum
2888 917 3239 988 potestatum
3265 909 3716 988 declarativum,

2067 997 2334 1062 existimo
2366 998 2704 1078 signiﬁcare
2754 999 3025 1061 ordinem
3082 999 3383 1078 prtedictis
3417 999 3533 1060 illis
3568 999 3722 1061 duo-

2065 1087 2176 1150 bus
2228 1089 2536 1168 zequalem,
2603 1087 2755 1150 bene
2807 1088 3169 1166 ordinatum,
3227 1089 3510 1151 decorum
3543 1089 3635 1148 80
3665 1097 3724 1151 et

2065 1169 2441 1241 inconfusum
2473 1181 2634 1241 circa
2655 1178 2885 1241 divinas
2907 1180 3336 1242 illustrationes
3367 1198 3380 1243 :
3413 1180 3717 1262 proprium

2069 1269 2229 1332 enim
2277 1271 2580 1350 potestatis
2612 1278 2722 1350 est,
2757 1289 2827 1332 ea
2874 1289 3008 1348 qute
3039 1269 3311 1332 incidunt
3359 1271 3418 1332 in
3453 1269 3722 1332 ordinem

2067 1359 2350 1437 dirigere,
2380 1359 2558 1442 idque
2588 1360 2720 1423 sine
2743 1363 3081 1423 temeritate
3099 1379 3166 1422 ac
3190 1359 3720 1424 confusione.Cum

2064 1450 2222 1512 enim
2280 1457 2537 1530 potestas
2593 1451 2777 1512 virtus
2834 1450 2912 1514 sit
2968 1449 3298 1512 secundum
3349 1451 3720 1511 voluntatem

2061 1537 2174 1618 ipsi
2201 1540 2651 1602 convenientem
2686 1541 2776 1618 (ut
2805 1541 2864 1601 in
2889 1539 3165 1602 ordinate
3212 1539 3352 1619 quid
3387 1547 3446 1600 et
3473 1538 3721 1600 confuse

2063 1628 2155 1690 vel
2187 1629 2346 1691 dicat
2375 1629 2466 1692 vel
2489 1638 2621 1710 agat
2653 1630 2706 1694 is
2735 1630 2837 1710 qui
2873 1629 3151 1710 praeditus
3181 1639 3272 1691 est
3305 1633 3622 1708 potestate,
3655 1627 3717 1688 in

2065 1717 2218 1798 quod
2249 1717 2435 1782 solum
2471 1728 2680 1797 potens
2711 1720 2786 1781 sit
2810 1729 2874 1784 et
2905 1728 3251 1800 potestatem
3299 1717 3719 1798 habeat,idque

2064 1807 2302 1883 quando
2355 1809 2502 1870 nihil
2563 1809 2772 1872 incidit
2829 1810 3198 1872 extrinsecus
3239 1809 3578 1888 impediens
3609 1826 3718 1888 po-

2005 1911 2042 1960 B
2069 1905 2335 1958 testatem
2378 1919 2394 1973 ;
2429 1907 2566 1961 tunc
2600 1901 2804 1979 utique
2837 1920 2953 1962 non
2988 1910 3077 1962 est
3102 1907 3360 1978 potestas
3381 1899 3492 1961 ista
3524 1905 3720 1978 potes-

2066 1995 2241 2049 tatem
2273 1987 2685 2063 habentis,sed
2721 1989 3131 2069 temporis,vel
3155 1989 3305 2052 forte
3337 1987 3588 2059 inimici,
3625 1983 3715 2047 vel

2065 2076 2318 2140 tristitiae
2347 2078 2436 2139 vel
2465 2078 2718 2158 alicujus
2746 2079 3038 2151 alterius),
3094 2081 3205 2140 hoc
3236 2079 3295 2138 in
3330 2075 3713 2158 potestatibus

2065 2165 2245 2228 etiam
2275 2167 2490 2230 divinis
2523 2169 2716 2231 locum
2751 2169 2947 2231 habet.
2987 2168 3129 2232 Cum
3165 2168 3322 2231 enim
3351 2167 3474 2229 haec
3519 2167 3718 2227 omnia

2063 2255 2137 2317 ab
2186 2257 2332 2336 ipsis
2389 2259 2583 2321 aliena
2637 2260 2776 2337 sint,
2841 2259 3096 2323 habeant
3139 2265 3333 2321 autem
3365 2264 3710 2336 potestatem

2062 2363 2093 2407 a
2143 2345 2339 2408 divina
2397 2350 2585 2426 gratia
2634 2350 2950 2412 indivisam
3009 2357 3184 2430 atque
3243 2347 3709 2419 indeticientem,

2061 2435 2289 2497 divinas
2323 2437 2500 2499 etiam
2535 2438 2966 2502 illustrationes
3009 2439 3282 2501 ordinate
3315 2446 3373 2499 et
3404 2436 3714 2498 inconfuse

2057 2526 2371 2604 recipiunt,
2419 2544 2489 2590 ae
2541 2527 2692 2590 bene
2746 2528 3012 2608 dispositi
3069 2538 3210 2591 sunt
3262 2528 3335 2589 ad
3381 2526 3706 2607 spiritalem

2056 2623 2115 2676 et
2167 2617 2561 2696 supermundi
2613 2618 2764 2679 alem
2818 2619 3047 2680 arbitrii
3111 2617 3500 2688 libertatem;
3560 2635 3707 2695 quo~

2056 2704 2212 2766 niam
2246 2724 2490 2782 semper
2519 2708 2750 2769 arbitrii
2793 2709 2884 2769 sui
2919 2716 3263 2787 potestatem
3313 2706 3560 2779 habent,
3595 2723 3704 2767 nec

2055 2794 2234 2856 modo
2288 2796 2527 2874 quidem
2577 2800 2687 2868 sic,
2724 2798 2900 2860 modo
2945 2816 3088 2860 vero
3120 2799 3292 2860 aliter
3322 2795 3515 2858 affecti
3549 2803 3707 2858 sunt.

2055 2883 2201 2947 Cum
2251 2893 2448 2948 autem
2482 2895 2747 2966 potestas
2777 2888 2890 2950 alia
2915 2888 3154 2970 quidem
3190 2887 3450 2968 legitima
3474 2884 3577 2964 sit,
3601 2884 3716 2945 alia

2051 2993 2194 3035 vero
2235 2975 2538 3055 tyrannica
2568 2977 2782 3052 (infert
2809 2979 2966 3039 enim
3004 2987 3256 3059 potestas
3302 2976 3478 3038 etiam
3511 2983 3714 3055 tyran-

2052 3063 2276 3138 nidem,
2299 3065 2470 3144 juxta
2502 3067 2672 3145 iliud,
2710 3070 3069 3146 Tyrannum
3099 3087 3221 3131 non
3242 3067 3423 3146 facile
3451 3071 3533 3128 est
3563 3063 3715 3128 cole-

2051 3155 2159 3229 re),
2193 3163 2252 3217 et
2275 3155 2509 3234 quando
2541 3157 2779 3235 quidem
2807 3158 3072 3237 legitima
3097 3167 3356 3238 potestas
3375 3156 3702 3230 obtinetur,

2053 3244 2264 3305 invicta
2294 3253 2383 3306 est
2425 3245 2500 3306 ad
2557 3245 2775 3307 bonum
2816 3268 2831 3323 ;
2878 3248 3112 3328 quando
3153 3257 3350 3310 autem
3405 3245 3714 3323 illegitima

2054 3341 2111 3393 et
2141 3335 2478 3410 tjrannica,
2521 3343 2658 3397 tunc
2693 3337 2933 3417 propria
2956 3337 3006 3398 vi
3037 3337 3106 3397 ad
3145 3339 3362 3398 malum
3395 3335 3657 3396 abutitur
3689 3352 3704 3393 :

2051 3423 2193 3484 facit
2249 3423 2344 3484 hic
2374 3439 2614 3487 sancfus
2672 3426 3030 3489 divisionem
3067 3425 3399 3506 potestatis,
3425 3443 3494 3486 ac
3538 3423 3703 3495 dicit,

2054 3513 2305 3574 virtutes
2321 3523 2553 3576 sanctas
2598 3533 2715 3578 non
2754 3515 3059 3596 tyrannica
3090 3516 3161 3577 ad
3211 3515 3362 3577 mala
3391 3512 3711 3574 virtutibus

2053 3601 2242 3677 abuti,
2279 3603 2381 3664 sed
2413 3604 2610 3667 animo
2644 3605 2859 3667 invicto
2891 3607 2963 3667 ad
2997 3605 3196 3668 divina
3225 3605 3471 3667 tendere
3505 3625 3518 3666 :
3549 3601 3702 3681 quod

2054 3703 2144 3754 est
2205 3694 2513 3774 proprium
2574 3697 2877 3774 potestatis
2940 3696 3093 3758 bene
3138 3696 3473 3773 ordinatte,
3533 3701 3710 3772 atque

2053 3783 2205 3845 adeo
2238 3784 2416 3845 etiam
2451 3784 2752 3864 legitimae.
2803 3785 3005 3866 Neque
3050 3795 3271 3847 tantum
3324 3785 3466 3862 insae
3495 3782 3564 3842 ad
3596 3801 3700 3842 su-

2055 3889 2240 3950 perna
2270 3881 2599 3946 transeunt,
2634 3894 2834 3937 verum
2870 3875 3046 3936 etiam
3080 3875 3362 3936 inferiora
3395 3891 3499 3934 sua
3530 3871 3702 3932 boni—

2052 3959 2323 4023 formiter
2341 3962 2644 4024 adducunt
2674 3970 2817 4035 (non
2845 3963 3001 4025 enim
3019 3974 3109 4026 est
3134 3963 3578 4042 invidia,neque
3613 3973 3704 4020 te-

2051 4050 2299 4129 nacitas,
2336 4071 2528 4133 neque
2549 4054 2914 4132 parcimonia
2948 4055 3158 4136 bono),
3191 4065 3249 4116 et
3279 4053 3350 4114 ad
3385 4052 3703 4114 Auctorem

2049 4160 2245 4221 suum,
2292 4160 2468 4222 quem
2497 4143 2896 4222 potentiﬁcum
2930 4151 2988 4205 et
3014 4144 3286 4224 potentias
3307 4139 3704 4222 principatum

2051 4239 2220 4290 vocat
2272 4230 2444 4309 (illud
2487 4232 2731 4307 quidem
2763 4281 2778 4305 ,
2827 4235 3109 4312 quoniam
3182 4238 3506 4311 potestates
3570 4249 3709 4290 con-

2051 4318 2201 4380 didit
2232 4337 2298 4380 ac
2321 4320 2544 4380 creavit
2575 4343 2590 4395 ς
2625 4320 2737 4382 hoc
2782 4339 2922 4383 vero
2967 4323 3109 4399 quia
3135 4328 3460 4400 potestates
3503 4318 3703 4399 regit),

2051 4421 2334 4490 quantum
2374 4411 2458 4471 fas
2492 4420 2603 4483 est,
2635 4411 3063 4476 assimilantur.
3099 4413 3404 4493 Siquidem
3443 4413 3702 4488 ipsarum

2052 4501 2333 4579 perfectio
2363 4511 2452 4562 est
2475 4501 2602 4581 Dei,
2639 4511 2858 4583 quanta
2890 4503 3015 4562 ﬁeri
3053 4513 3266 4583 potest,
3303 4501 3650 4563 assimilatio
3685 4514 3699 4556 :

299 4620 391 4655 ται
445 4595 566 4652 καθ’
635 4594 694 4649 ὅν
741 4591 952 4671 εἴρηται
985 4591 1177 4662 τρόπον
1232 4590 1315 4647 ἐπὶ
1344 4595 1412 4666 τῇ
1443 4588 1626 4666 πρώτῃ
1658 4587 1962 4664 διακοσμή-

2058 4591 2323 4671 hancque
2375 4590 2628 4654 divinam
2677 4590 3195 4672 assimilationem,
3246 4599 3527 4673 quantum
3564 4583 3704 4652 licet

299 4708 411 4766 σει,
470 4685 551 4741 ὃτι
606 4684 820 4750 κάκείνη
865 4682 951 4737 καὶ
981 4681 1116 4748 αὕτη
1159 4682 1261 4736 ὑπὸ
1292 4687 1394 4736 τῶν
1426 4681 1722 4759 θεαρχικὼν
1751 4679 1958 4748 ἐλλάμ-

2058 4681 2289 4758 mgelis,
2333 4680 2668 4742 accendunt
2694 4682 2751 4740 in
2787 4682 2912 4742 suis
2956 4681 3351 4744 ornatissimis
3393 4678 3704 4745 ordinibus

301 4781 475 4853 ψεων,
509 4773 650 4842 πλὴν
682 4772 814 4839 αὕτη
871 4769 1120 4849 δευτέρως
1169 4768 1254 4826 διὰ
1301 4770 1395 4837 τῆς
1437 4771 1654 4847 πρώτης
1691 4788 1706 4804 ⁸
1740 4767 1829 4825 dicit
1860 4771 1960 4847 γὰρ

2058 4776 2407 4850 oetestativze
2429 4770 2679 4845 virtutis,
2703 4771 2934 4833 scilicet
2965 4771 3022 4832 in
3056 4770 3373 4833 virtutibus
3409 4779 3467 4832 et
3499 4768 3700 4831 domi-

299 4865 473 4942 μέσης
508 4863 711 4929 ἐκείνης
763 4867 856 4938 τῇς
905 4865 1267 4940 πρωτοφανῶς
1321 4859 1556 4939 ἐχούσης
1584 4860 1679 4922 τὲις
1734 4859 1956 4915 τελειώ-

2058 4859 2384 4921 iationibus
2418 4877 2434 4935 ;
2471 4861 2560 4922 lite
2605 4859 2762 4921 enim
2806 4871 2948 4921 sunt
2979 4860 3206 4922 ordinis
3237 4859 3506 4939 ejusdem
3559 4877 3698 4920 cum

298 4977 437 5031 σεις,
472 4952 858 5031 δευτεροφανῶς
893 4953 943 5006 αἱ
965 4949 1260 5024 ἐλλάμψεις
1291 4949 1790 5026 διαπορθμεῦονται,

2064 4950 2134 5010 is.
2168 4948 2475 5029 Siquidem
2509 4959 2673 5012 recte
2733 4951 3140 5016 meminimus.
3191 4949 3452 5011 diximus
3501 4957 3698 5024 antea,

298 5040 595 5125 quidquid
628 5039 954 5103 universim
989 5037 1229 5119 accidit,
1266 5037 1512 5101 cuilibet
1542 5046 1604 5097 ut
1635 5036 1960 5117 plurimum
1995 5039 2326 5101 secundum
2362 5039 2602 5100 modum
2639 5039 2948 5119 proprium
3015 5038 3318 5117 distribui,
3376 5046 3443 5100 ut
3492 5038 3578 5100 sic
3635 5057 3706 5100 ea

297 5151 433 5214 quae
463 5139 606 5193 sunt
637 5129 868 5191 ordinis
899 5137 1214 5190 serventur
1247 5146 1264 5205 ;
1329 5128 1440 5189 hoc
1500 5126 1661 5188 enim
1723 5135 1964 5207 propter
2023 5128 2172 5189 lucis
2229 5127 2653 5205 projirietatem
2717 5128 3010 5206 signiﬁcat
3043 5131 3216 5190 etiam
3249 5146 3359 5190 vox
3400 5128 3698 5191 accendit.

296 5221 412 5285 Vel
443 5221 624 5284 etiam
659 5218 834 5281 aliter
865 5218 1165 5291 accendit,
1203 5226 1448 5298 prapter
1478 5217 1628 5279 lucis
1663 5217 2100 5297 proprietatem
2140 5235 2153 5279 :
2189 5216 2286 5277 lux
2349 5217 2507 5277 enim
2571 5236 2803 5278 sursum
2858 5219 3064 5284 fertur.
3132 5218 3368 5280 tametsi
3424 5221 3506 5278 8|
3571 5217 3702 5298 ejus

301 5305 628 5374 illustratio
677 5307 966 5371 deorsum
1001 5308 1176 5370 etiam
1238 5307 1356 5370 ﬁat.
1419 5305 1820 5369 Deiformibus
1889 5305 2362 5390 proprietatibus
2394 5305 2608 5366 mediae
2651 5306 3095 5368 distributionis
3124 5306 3436 5387 absolutis,
3497 5307 3708 5369 transit

298 5401 374 5463 ad
409 5418 618 5462 earum
655 5397 1085 5470 bierarchiam,
1121 5396 1178 5458 id
1212 5406 1325 5471 est,
1360 5395 1791 5476 expiationem,
1861 5395 2455 5459 illuminationemet
2513 5394 2964 5475 perfectionem.
3020 5395 3300 5472 Expiatur
3358 5397 3580 5477 itaque,
3643 5401 3701 5458 et

298 5491 682 5557 illuminatur
713 5498 894 5569 atque
925 5487 1225 5568 perﬁcitur
1260 5505 1330 5548 eo
1363 5487 1540 5548 modo
1570 5505 1686 5566 quo
1719 5486 1950 5548 dictum
1986 5494 2075 5549 est
2105 5487 2162 5548 in
2197 5484 2385 5568 prima
2417 5483 2864 5566 distributione,
2917 5486 3192 5565 quoniam
3249 5496 3362 5546 tam
3398 5486 3496 5547 illa
3523 5504 3698 5562 quam

290 5581 418 5643 haec
451 5579 565 5643 sub
600 5577 824 5640 divinis
861 5587 952 5638 est
984 5575 1510 5657 illustrationibus,
1545 5593 1749 5638 verum
1788 5577 1912 5638 hzec
1945 5577 2210 5638 secundo
2246 5577 2375 5638 loco
2405 5593 2510 5656 per
2541 5575 2794 5656 primam
2825 5593 2838 5636 :
2874 5574 2976 5637 illa
2999 5576 3158 5637 enim
3215 5574 3518 5637 mediante
3569 5592 3700 5654 quae

297 5671 489 5753 prima
524 5670 662 5732 luce
693 5666 1024 5750 perﬁcitur,
1057 5665 1338 5729 secundaa
1369 5665 1788 5727 illustrationis
1820 5665 1974 5728 radii
2004 5666 2410 5745 trajiciuntur.

372 5759 500 5845 sl].
539 5761 641 5818 Διά
669 5764 825 5818 τοῦτο
853 5761 954 5828 την
1020 5757 1188 5827 ἀκοὴν
1217 5758 1314 5828 τὴν
1358 5755 1424 5813 δι’
1472 5755 1634 5817 ἄλλου
1678 5758 1750 5820 εἷς
1790 5755 1952 5813 ἅλὶον

2114 5754 2238 5837 §Il.
2275 5757 2478 5839 Itaque
2536 5755 2835 5837 notitiam,
2885 5773 3017 5839 quae
3046 5773 3080 5817 a
3130 5753 3429 5838 Zacharia,
3477 5762 3537 5817 et
3571 5755 3692 5817 Da-
