4112 6160
377 328 484 401 261

1362 323 1457 399 DE
1501 320 1849 399 cosmas'rt
1896 332 2401 408 HIERARCHIA,
2448 334 2613 398 cap.
2661 326 2766 398 Ix.

3634 331 3752 406 262

374 472 602 547 ἑτοίμως
656 473 727 537 εἰς
773 470 1052 544 μετάῗοσιν
1108 471 1546 545 ἀναπεπταμένον
1589 468 1682 525 τοῦ
1735 468 2021 550 θεαρχικοῦ

2109 466 2335 528 caeteris
2356 486 2593 547 quoque
2607 466 2884 545 gentibus
2902 466 2970 548 (e
3001 460 3220 550 quibus
3249 481 3358 533 nos
3381 472 3743 537 emersimus

371 562 545 642 φωτὸς
607 559 824 638 ἄπειρόν
883 583 940 617 τε
997 561 1083 617 καὶ
1143 560 1362 638 ἄφθονον
1393 558 1651 639 πέλαγος)
1685 557 1779 615 οὒκ
1807 559 2020 638 ἔκφυλοι

370 673 514 716 τινες
583 649 906 707 ἐπεστάτουν
976 652 1104 706 θεοί*
1161 651 1255 726 μία
1312 647 1365 706 δὲ
1410 650 1622 706 πάντων
1680 649 1826 729 ἀρχὴ
1862 694 1878 720 ,
1935 650 2021 703 καὶ

371 763 501 818 προς
535 741 735 807 ταύτην
790 740 988 818 ἆνῆγον
1040 741 1159 803 τοὺς
1218 740 1533 819 ἑπομένους,
1579 742 1625 796 οἱ
1655 738 1768 795 καθ’
1802 737 2022 795 ἕκαστον

373 830 520 892 ἔθνος
578 829 948 910 ἰεραρχοῦντες
1006 829 1248 910 ἄγγελοι.
1340 829 1446 890 Τὸν
1532 826 1862 908 Μελχισεδὲκ
1928 827 2019 884 ἐνη

370 919 594 986 νοητέον
657 921 920 999 ἰεράρχην
1000 920 1125 976 ὄντα
1198 918 1606 999 φιλοθεώτατον,
1669 922 1727 977 οὗ
1783 924 1888 973 τῶν
1929 920 2023 973 οὐκ

279 1005 282 1008 ’
368 1007 563 1089 ὄντων,
595 1007 732 1066 ἀλλᾶ
761 1016 856 1067 τοῦ
898 1007 1064 1070 ὅντως
1126 1007 1274 1075 ὄντος
1328 1010 1545 1084 ὑψίστου
1577 1014 1732 1064 Θεοῡ’
1793 1010 1876 1064 καὶ
1927 1009 2025 1086 γὰρ

369 1098 477 1178 οὐχ
540 1097 725 1160 ἁπλῶς
783 1102 873 1157 τὸν
934 1096 1268 1179 Μελχισεδὲκ
1297 1101 1343 1156 οἱ
1373 1099 1614 1177 θεόσοφοι
1668 1102 1729 1157 οὗ
1787 1096 2027 1178 φιλόθεον

371 1189 558 1264 μόνον,
618 1188 755 1246 ἀλλὰ
806 1190 895 1246 καὶ
948 1190 1086 1268 ίερὲα
1138 1187 1484 1262 κεκλήκασιν,
1543 1187 1578 1256 ἣ
1627 1185 1718 1245 ἵνα
1748 1201 1862 1253 τοῖς
1896 1186 2030 1268 ἐχέ-

370 1300 561 1357 φροσιν
619 1277 854 1358 ἐναργῶς
912 1278 1237 1359 ἔμφαίνωσιν
1270 1324 1285 1352 ,
1349 1278 1427 1334 ὅτι
1500 1279 1577 1353 μὴ
1637 1277 1800 1349 μόνον
1866 1278 2018 1344 αυτ-ὃς

371 1366 461 1424 ἐπὶ
516 1370 610 1424 τὸν
666 1367 830 1428 ὄντως
886 1367 1012 1424 ὅντα
1080 1369 1210 1425 Θεόν
1272 1367 1627 1447 ἐπέστραπτο,
1684 1367 1898 1447 προσὲτὶ
1965 1365 2020 1423 δὲ

369 1459 462 1513 καὶ
525 1455 710 1521 ἄλλοις
769 1460 843 1521 ὡς
901 1458 1160 1536 ἰεράρχης
1221 1458 1411 1536 ἡγεῖτο
1440 1457 1536 1525 τῆς
1566 1458 1653 1513 ἱεπί
1709 1457 1808 1524 τὴν
1840 1455 2016 1524 ἀληθῆ

368 1548 460 1604 καὶ
487 1548 657 1622 μόνην
686 1547 940 1627 θεαρχίαν
970 1548 1279 1624 ἀναγωγῆς.

2106 556 2177 617 ad
2212 555 2355 617 illud
2382 555 2563 645 divini
2587 556 2833 619 luminis
2857 558 3213 622 immensum
3234 570 3292 622 et
3312 562 3622 624 exundans
3645 583 3752 645 pe-

2106 644 2460 725 lagus,quod
2482 643 2541 706 in
2567 652 2844 726 promptu
2872 647 3150 709 omnibus
3170 651 3239 711 ad
3266 643 3745 732 participandum

2105 744 2196 797 est
2226 749 2575 816 expansum)
2613 754 2730 796 non
2764 735 2942 797 alieni
2987 739 3225 816 quidam
3270 739 3349 802 dii
3377 741 3743 823 prtefuerint,

2103 823 2206 887 sed
2233 843 2417 886 unum
2444 824 2710 886 omnium
2735 824 3117 906 principium,
3153 836 3211 889 et
3239 829 3310 890 ad
3346 830 3492 891 illud
3526 833 3742 911 angeli,

2105 914 2210 991 qui
2242 915 2461 994 cuique
2507 914 2733 976 nationi
2777 916 3036 993 prmfecti
3076 926 3270 997 erant,
3294 936 3583 1000 sequaces
3610 940 3751 984 suos

2108 1001 2904 1069 adducerent.Considerare
2925 1005 3747 1089 libetMelchisedech,ponti-

2113 1093 2283 1154 ﬁcem
2307 1092 2472 1155 illum
2495 1092 2617 1157 Deo
2640 1094 3191 1177 charissimum,qui
3221 1114 3591 1180 nequaquam
3614 1099 3746 1162 ina-

2116 1181 2278 1243 nium
2308 1180 2580 1263 deorum,
2606 1183 2712 1245 sed
2735 1184 3011 1247 altissimi
3036 1186 3286 1262 verique
3328 1186 3437 1249 Dei
3468 1189 3755 1251 sacerdos

2106 1270 2217 1331 fuit
2243 1288 2258 1333 :
2282 1290 2475 1353 neque
2498 1273 2655 1335 enim
2673 1272 3033 1354 simpliciter
3050 1274 3549 1338 Melchisedecum
3579 1279 3745 1341 theo-

2103 1364 2221 1443 logi
2255 1384 2373 1426 non
2399 1366 2589 1428 solum
2637 1367 2745 1430 Dei
2794 1367 3208 1443 amicum,sed
3263 1374 3326 1433 et
3374 1370 3747 1433 sacerdotem

2101 1454 2520 1534 appellarunt;
2568 1463 2633 1517 ut
2652 1456 2740 1519 vel
2769 1456 2856 1520 sic
2878 1457 3367 1538 prudentioribus
3417 1468 3744 1539 apertetn-

2101 1545 2397 1621 dicarent,
2429 1565 2549 1607 non
2596 1546 2771 1609 modo
2794 1548 2988 1628 ipsum
3013 1548 3088 1609 ad
3126 1567 3329 1611 verum
3352 1547 3537 1611 Deum
3565 1550 3751 1614 fuisse

370 1653 757 1718 conversum,
816 1653 1020 1698 verum
1086 1642 1263 1697 etiam
1323 1634 1456 1698 aliis
1485 1635 1555 1696 ad
1592 1652 1794 1697 veram
1831 1644 1889 1696 et
1919 1634 2104 1696 solam
2138 1653 2600 1716 supremamque
2631 1636 2922 1701 Deitatem
2955 1638 3357 1717 provehendis
3386 1637 3601 1702 ducem
3636 1659 3749 1702 ex-

371 1724 625 1789 stitisse.

1988 1832 2017 1913 §
2060 1830 2160 1895 1v.

456 1996 560 2055 Καὶ
619 2004 771 2055 τοῦτο
826 1993 880 2050 δὲ
951 1994 1051 2063 τὴν
1112 1994 1212 2062 σὴν
1288 1995 1599 2075 ἱεραρχικὴν
1653 1994 1857 2051 σύνεσιν
1887 1998 2023 2054 61:0-

2188 1992 2337 2057 Illud
2385 2013 2622 2076 quoque
2666 1997 2992 2075 pontiﬁciae
3022 2005 3135 2060 tua;
3179 1998 3448 2062 scientia;
3475 2016 3747 2063 comme-

375 2099 476 2160 pw
490 2106 675 2161 σομεν,
709 2082 790 2141 ὅτι
819 2085 907 2142 καὶ
936 2092 1014 2159 τῷ
1043 2084 1240 2162 Φαραὼ
1284 2088 1412 2161 πρὸς
1444 2091 1537 2142 τοῦ
1571 2097 1685 2147 τοῖς
1722 2084 2021 2162 Αἰγυπτίοις

376 2176 783 2237 ἐπιστατοῦντος
842 2174 1096 2254 ἀγγέλου,
1141 2176 1229 2231 καὶ
1285 2181 1362 2248 τῷ
1413 2171 1759 2231 Βαϐυλωνίων
1805 2173 2025 2253 ἄρχοντι

379 2269 510 2342 πρὸς
556 2272 649 2323 τοῦ
696 2266 910 2335 οἰκείου,
962 2267 1050 2321 καὶ
1096 2267 1158 2322 τὸ
1216 2270 1312 2333 τῆς
1374 2266 1587 2322 πάντων
1628 2270 1879 2343 προνοίας
1940 2266 2026 2321 καὶ

378 2357 693 2434 κυριότητος
745 2352 1098 2430 κηδεμονικὸν
1153 2355 1240 2411 καὶ
1293 2354 1684 2420 ἐξουσιαστικὸν
1742 2355 1879 2410 κατᾶ
1934 2354 2026 2415 τὰς

379 2446 587 2522 ὁράσεις
636 2441 1056 2522 -ἳιεπορθμεύετο,
1110 2446 1195 2501 καὶ
1255 2458 1371 2508 τοῖς
1436 2444 1634 2500 ἔθνεσιν
1706 2443 1929 2507 ἐκείνοις
1978 2443 2027 2497 οἱ

379 2544 472 2593 τοῦ
500 2532 665 2597 ὅντως
698 2540 830 2591 Θεοῦ
858 2534 1199 2612 θεράποντες,
1261 2533 1528 2611 ἡγεμόνος
1591 2533 1897 2589 adlatura
1928 2537 2027 2598 τῆς

378 2629 486 2679 τῶν
541 2626 875 2679 τυπωθεισῶν
931 2625 1033 2679 ὑπὸ
1080 2631 1186 2679 τῶν
1241 2621 1542 2702 ἆγγελικῶν
1581 2620 1637 2664 69
1666 2622 2026 2700 ὁράσεωνὶκ-

378 2715 685 2793 φαντορίας,
732 2726 849 2777 τοϊς
898 2719 1004 2768 τῶν
1053 2711 1296 2791 ἀγγέλων
1350 2713 1506 2792 ἐγγὺς
1569 2711 1740 2791 ἰέροϊς
1783 2711 2021 2791 ἇίνδρέσι,

375 2809 456 2876 τῷ
506 2800 730 2876 Δανιὴλ,
760 2804 851 2859 καί
892 2808 970 2876 τῷ
1025 2803 1219 2883 Ἰωσὴφ
1254 2802 1313 2858 ἐκ
1357 2809 1488 2860 Θεοῦ
1517 2801 1584 2859 δι’
1625 2800 1866 2881 ἀγγέλων
1896 2804 2026 2858 ἀπο-

376 2891 754 2971 καλυφθείσης·
789 2892 885 2966 μία
912 2891 1011 2969 γάρ
1042 2890 1184 2948 ἐστιν
1217 2892 1249 2960 ἡ
1279 2892 1491 2949 πάντων
1548 2892 1696 2971 ἀρχὴ
1749 2893 1836 2948 καὶ
1885 2892 2024 2970 πρό-

377 3005 517 3046 νοια,
558 2981 668 3045 Καί
716 2980 955 3056 οὐδαμῶς
1014 2980 1244 3057 οἰητέον,
1297 2979 1559 3039 ’ίοιδαίων
1617 2986 1714 3058 μὲν
1772 2981 2021 3049 ἀποκληι-

379 3078 623 3153 ρωτικῶς
679 3073 927 3150 ἡγεῖσθαι
976 3071 1072 3139 τὴν
1130 3072 1406 3150 θεαρχίαν,
1465 3071 1724 3151 ἀγγέλους
1772 3070 1825 3127 δὲ
1854 3069 2016 3134 ἰδίως,

376 3163 416 3231 ἢ
483 3163 781 3238 ὁμο-τίμιος,
835 3161 874 3227 ἦ
927 3159 1232 3236 ἀντιθέτως,
1293 3159 1329 3229 ἢ
1384 3161 1530 3227 θεούς
1598 3182 1745 3224 τινας
1819 3159 2023 3239 ἐτέρους

378 3253 691 3309 ἐπιστατεῖν
748 3262 867 3313 τοῖς
924 3248 1108 3314 ἄλλοις
1163 3248 1387 3306 ἕθνεσινθ
1434 3249 1571 3309 ἀλλὰ
1617 3252 1802 3307 καὶτὸ
1841 3249 2023 3328 λόγιον

2111 2083 2575 2159 morabimus,ut
2606 2095 2663 2149 et
2686 2086 2979 2149 Pharaoni
3010 2088 3084 2149 ab
3106 2089 3318 2168 angelo
3342 2088 3751 2170 Egyptiorum

2115 2173 2935 2256 praeside,etBabyloniorum
2960 2177 3257 2259 principia
3276 2179 3518 2258 proprio
3541 2179 3755 2241 itidem

2113 2264 2394 2325 omnibus
2424 2266 2845 2346 prospicientis
2900 2272 3083 2347 atque
3141 2267 3504 2329 dominantis
3554 2270 3750 2349 provi-

2116 2350 2318 2414 dentia
2378 2362 2761 2434 potestasque
2794 2374 2901 2436 per
2957 2357 3218 2418 visiones
3251 2358 3429 2420 fuerit
3456 2359 3748 2433 intimate,

2112 2449 2292 2519 utque
2318 2444 2594 2521 gentibus
2633 2444 2766 2507 istis
2812 2445 2943 2506 veri
2988 2445 3095 2508 Dei
3122 2449 3401 2524 ministri,
3435 2447 3748 2510 ductorum

2111 2531 2301 2592 instar
2346 2532 2567 2593 fuerint
2625 2534 2907 2613 praefecti,
2941 2534 3014 2595 ad
3041 2537 3323 2615 ﬁguratas
3352 2536 3483 2599 illas
3523 2538 3753 2617 angeli-

2113 2638 2210 2697 cas
2231 2621 2491 2683 visiones
2514 2623 3015 2703 interpretandas,
3052 2643 3184 2704 quae
3212 2627 3353 2688 viris
3384 2628 3607 2688 sanctis
3637 2646 3749 2688 an-

2110 2709 2377 2788 gelorum
2427 2711 2748 2787 similibus,
2786 2711 3042 2777 Danieli.
3067 2715 3331 2794 inquam,
3367 2722 3427 2776 et
3464 2715 3754 2797 Josepho,

2109 2817 2177 2861 ex
2210 2809 2376 2878 parte
2396 2798 2506 2862 Dei
2530 2820 2634 2881 per
2656 2804 2910 2880 angelos
2944 2810 3083 2864 ante
3107 2802 3343 2866 fuerant
3373 2805 3649 2869 revelata:
3684 2804 3696 2840 ¹
3735 2829 3750 2865 :

2107 2906 2293 2951 unum
2353 2890 2572 2971 quippe
2629 2900 2902 2962 omnium.
2953 2902 3043 2955 est
3101 2892 3458 2975 principium
3518 2913 3757 2977 unaque

2109 2978 2503 3059 providentia.
2568 2983 2778 3057 Neque
2838 2983 2955 3044 ullo
3016 2985 3195 3045 modo
3252 2985 3576 3066 putandum
3637 2994 3752 3066 est,

2106 3069 2275 3148 quasi
2304 3067 2525 3131 Judaais
2555 3073 2798 3148 quidem
2832 3076 3039 3134 sortito
3072 3072 3234 3135 Deus
3283 3074 3609 3155 praefuerit,
3640 3094 3752 3137 an-

2105 3158 2222 3235 geli
2253 3166 2450 3220 autem
2482 3177 2777 3240 seorsum,
2815 3161 2902 3222 vel
2943 3163 3268 3242 aequaliter,
3306 3164 3397 3226 vel
3447 3165 3750 3245 opposite,

2106 3254 2205 3308 aut
2234 3247 2333 3308 alii
2364 3248 2541 3310 etiam
2591 3248 2674 3310 dii
2707 3252 2935 3313 caeteris
2964 3252 3250 3330 gentibus
3293 3254 3701 3333 imperitarint
3734 3274 3749 3317 :

379 3342 560 3399 ἒκεϊνο
616 3341 752 3398 κατὰ
792 3338 948 3411 τήνδε
978 3340 1080 3407 τὴν
1128 3340 1269 3418 ἱερὰν
1321 3337 1524 3398 ἔννοιαν
1573 3339 1893 3415 ἐκληπτέον,
1924 3342 2024 3419 οὔχ

2111 3336 2215 3398 sed
2249 3337 2360 3398 hoc
2384 3338 2683 3418 eloquium
2709 3358 2855 3401 sano
2888 3341 3148 3417 quodam
3185 3360 3364 3404 sensu
3390 3344 3757 3407 sacrointel-

380 3435 456 3490 ei):
508 3427 862 3510 μερισαμένο)
922 3432 1052 3487 Θεοῦ
1125 3428 1241 3505 μεθ’
1299 3427 1489 3510 ἑτέρων
1565 3434 1697 3486 θεων
1767 3430 1802 3498 ἢ
1859 3428 2027 3508 ἀγγε-

383 3526 495 3578 λων
550 3521 649 3588 τὴν
688 3520 806 3578 καθ’
855 3521 999 3595 ἡμᾶς
1028 3516 1341 3596 ἡγεμονίαν,
1401 3521 1489 3576 καὶ
1543 3526 1637 3576 τοῦ
1684 3516 1899 3595 Ἰσραὴλ
1959 3519 2028 3584 εἰς

383 3609 652 3690 ἐθνάρχην
721 3610 809 3665 καὶ
859 3609 1079 3686 ἐθναγὸν
1150 3606 1618 3685 ἆποκληρωθὲντος
1653 3654 1668 3681 ,
1738 3606 1858 3663 ἀλλ’
1926 3608 2025 3687 ὡς,

384 3700 551 3768 αὐτῆς
580 3700 678 3776 μὲν
708 3704 806 3766 τῆς
838 3705 964 3775 μιᾶς
993 3697 1243 3755 ἁπάντων
1258 3695 1574 3775 ’⁷οΤψίστου
1605 3699 1875 3777 προνοίας,
1899 3697 2028 3754 πάν-

381 3813 481 3855 τας
533 3789 836 3869 ἀνθρώπους
893 3794 1169 3853 σωστικῶς
1237 3800 1359 3854 ταῖς
1434 3789 1540 3846 τῶν
1618 3788 1821 3845 οἰκείων
1872 3786 2027 3866 ἀγγέ-

384 3878 567 3939 λων⁶η
599 3880 948 3942 ἆνατατικαϊς
1004 3878 1386 3959 χειραγωγίαις
1439 3876 1814 3957 διανειμάσης,
1867 3876 2029 3953 μόνου

2112 3424 2413 3506 ligendum
2448 3438 2561 3508 est,
2594 3447 2714 3490 non
2744 3436 2914 3507 quasi
2946 3428 3103 3493 Deus
3134 3450 3270 3493 cum
3311 3432 3443 3494 aliis
3474 3432 3591 3494 diis
3638 3452 3754 3496 an-

2110 3517 2333 3596 gelisve
2366 3520 2552 3581 nostri
2588 3520 2840 3601 partitus
2871 3521 2949 3584 sit
2980 3520 3475 3601 gubernationem
3505 3541 3525 3598 ;
3574 3532 3755 3605 atque

2111 3607 2455 3672 Israeliticae
2510 3611 2704 3691 gentis
2763 3610 3187 3693 principatum,
3249 3620 3430 3694 atque
3474 3614 3756 3675 ducatum

2114 3696 2245 3778 ipse
2275 3698 2520 3761 sortitus
2563 3699 2640 3762 sit
2675 3718 2691 3776 ;
2757 3701 2859 3762 sed
2895 3703 3073 3783 quod,
3110 3720 3246 3764 cum
3281 3702 3549 3764 altissimi
3582 3701 3764 3765 unica

2112 3787 2215 3850 illa
2246 3805 2446 3850 rerum
2476 3789 2748 3851 omnium
2768 3792 3161 3871 providentia,
3209 3801 3460 3855 cunctos
3491 3792 3764 3856 homines

2112 3875 2185 3938 ad
2218 3879 2470 3940 salutem
2497 3880 2844 3957 angelorum
2872 3881 3149 3944 ductibus
3177 3882 3488 3944 tradiderit
3514 3881 3760 3963 promo-

388 3971 448 4029 δέ
504 3968 700 4052 σχεδὸν
752 3969 893 4047 παρᾶ
945 3969 1149 4031 πάντας
1196 3975 1290 4025 τοῦ
1358 3967 1573 4046 Ἰσραὴλ
1630 3967 1717 4024 ἐπὶ
1785 3967 1887 4035 τὴν
1943 3978 2024 4026 τοῦ

2117 3968 2362 4043 vendus,
2398 3969 2559 4031 solus
2577 3970 2764 4033 ferme
2804 3969 3010 4047 Israel,
3041 3990 3163 4051 pra)
3184 3973 3485 4048 omnibus,
3517 3972 3592 4034 ad
3629 3972 3763 4034 veri

391 4062 560 4127 ὅντως
603 4061 787 4140 Κυρίου
831 4056 1158 4139 φωτοδοσίαν
1222 4059 1305 4115 καὶ
1361 4056 1641 4136 ἐπίγνωσιν
1691 4056 2034 4136 ἐπιστραφέν-

2117 4059 2226 4123 Dei
2273 4058 2539 4120 notitiam
2571 4068 2628 4120 et
2658 4060 3119 4123 illustrationem
3172 4061 3354 4124 fuerit
3406 4078 3759 4125 conversus.

389 4175 507 4218 τος.
569 4142 737 4211 υΟθεν
786 4151 822 4218 ἡ
883 4148 1147 4230 θεολογία,
1181 4150 1242 4205 τὸ
1291 4148 1394 4225 μὲν
1426 4147 1611 4205 ἑαυτόν
1653 4148 2024 4226 αποκληρῶσαι

2115 4146 2318 4229 Itaque
2351 4148 2671 4227 theologia,
2705 4168 2840 4211 cum
2906 4151 3189 4231 populum
3240 4149 3638 4212 Israeliticum
3696 4169 3763 4213 se

387 4244 483 4301 τὸν
542 4239 759 4319 Ἰσραὴλ
781 4239 864 4297 ἐπὶ
910 4240 1012 4307 τὴν
1070 4248 1162 4297 τοῦ
1210 4237 1375 4302 ὅντως
1426 4245 1558 4295 Θεοῦ
1611 4239 1887 4317 θεραπείαν
1942 4236 2024 4312 ἐμ-

2119 4239 2238 4299 veri
2274 4237 2378 4302 Dei
2412 4239 2589 4300 cultui
2626 4240 2999 4320 mancipasse
3057 4250 3278 4315 narrat,
3313 4241 3392 4301 ait
3453 4258 3466 4302 :
3532 4240 3762 4303 Factus

387 4332 669 4414 φαίνουσα,
752 4332 839 4405 τὸ,
919 4328 1181 4408 Ἐγενῆοη
1239 4332 1400 4407 μερὶς
1465 4326 1679 4406 Κυρίου,
1741 4326 1922 4406 φησίν·
1958 4326 2024 4382 ἐν·

2119 4337 2207 4391 est
2229 4347 2372 4408 pars
2404 4329 2645 4390 Domini
2678 4341 2735 4402 αις
2773 4347 2907 4391 cum
2936 4338 3131 4393 autem
3156 4330 3584 4410 ostendit,eum
3614 4348 3763 4411 quo-

386 4420 705 4499 δεικνυμὲνη
780 4418 835 4475 δὲ
887 4419 975 4499 τὸ,
1030 4419 1118 4475 καὶ
1180 4419 1331 4475 αὑτὸν
1388 4419 1443 4474 ἐν
1493 4418 1597 4491 ἴσῳ
1653 4429 1770 4480 τοῖς
1821 4416 2024 4478 λοιποῖς

2119 4437 2259 4497 que,
2298 4416 2422 4497 pari
2447 4436 2582 4479 cum
2608 4418 2844 4482 caeteris
2878 4418 3215 4479 nationibus
3237 4420 3754 4499 jure,sanctorum

386 4514 591 4571 ἔθνεσιν
648 4508 1052 4585 ἆπονεμηθῆναί
1111 4530 1215 4565 τινι
1264 4507 1370 4565 τῶν
1417 4507 1581 4586 ἁγίων
1634 4505 1902 4587 ἀγγέλων,
1963 4507 2024 4567 εἰς

2120 4507 2355 4569 cuidam
2405 4508 2747 4586 angelorum
2811 4507 2995 4570 fuisse
3042 4508 3476 4587 consignatum,
3538 4518 3601 4570 ut
3633 4508 3766 4588 ejus

384 4605 454 4661 τὸ
510 4600 580 4658 δι’
634 4601 792 4659 αὖτοῦ
838 4600 943 4656 τὼν
994 4599 1117 4667 μίαν
1174 4596 1418 4655 ἄπάντων
1496 4596 1672 4676 ἀρχὴν
1730 4597 2024 4676 ἐπιγνῶναι

2126 4615 2310 4677 Opera
2366 4597 2606 4658 unicum
2648 4597 2793 4659 illud
2854 4616 3056 4660 rerum
3092 4599 3360 4660 omnium
3395 4596 3759 4680 principium

388 4695 484 4751 τὸν
542 4689 770 4772 Μιχαὴλ
813 4688 916 4770 ἔφη
968 4695 1060 4745 τοῦ
1118 4686 1381 4745 Ἰουδαίων
1427 4689 1675 4766 ἡγεῖσθαι
1735 4685 1889 4767 λαοῦ,
1949 4708 2024 4742 σα¹

2126 4691 2865 4771 agnosceret,t\lichaelein
2889 4690 3138 4755 Judaico
3168 4691 3386 4774 populo
3418 4691 3764 4772 praefectum

392 4791 509 4868 φῶς
574 4787 719 4861 ἡμᾶς
805 4781 1182 4841 ἐκδιδάσκουσα
1238 4782 1322 4857 τὸ,
1376 4781 1500 4838 πίαν
1560 4781 1670 4838 ἴναι
1748 4780 1853 4837 τῶν
1906 4778 2024 4835 ὅλωε

2129 4781 2327 4855 tradit,
2363 4788 2571 4860 aperte
2601 4780 2823 4843 docens
2857 4782 3090 4844 unicam
3144 4800 3279 4844 esse
3326 4787 3595 4842 omnium
3624 4797 3765 4860 pro-

393 4875 679 4955 πρόνοιαν,
742 4872 964 4931 ἀπασῶν
1040 4872 1147 4931 τῶν
1206 4869 1446 4951 αορᾶτων
1502 4873 1588 4929 καὶ
1637 4873 1839 4949 ὁρατῶν
1896 4868 2019 4925 δυνά

2124 4870 2466 4939 videntium,
2498 4871 2587 4931 88
2646 4890 2782 4949 quae
2811 4871 3041 4934 cunctis
3088 4870 3266 4932 simul
3324 4880 3441 4931 tam
3490 4870 3767 4931 invisibi-

397 4987 550 5044 μεων
605 4964 930 5043 ὗπερουσίως
1018 4959 1457 5042 ὑπεριδρυμένην·
1531 4961 1733 5020 πάντας
1793 4957 1847 5016 δὲ
1921 4959 2024 5015 τοὺς

2126 4957 2285 5020 libus
2315 4977 2489 5040 quam
2525 4958 2862 5023 visibilibus
2886 4959 3202 5021 virtutibus
3235 4958 3767 5039 superessentiali-

395 5052 517 5115 καθ’
581 5053 806 5113 ἕκαστον
875 5051 1017 5116 ἔθνος
1097 5053 1509 5117 ἐπιστατοῦντας
1586 5048 1842 5130 ἀγγέλους
1876 5095 1892 5126 ,
1957 5048 2023 5105 ἐπ

2127 5054 2220 5109 ter
2245 5056 2482 5127 praestet
2512 5063 2587 5122 ης
2640 5067 2852 5110 omnes
2898 5056 3094 5110 autem
3120 5048 3367 5128 angelos
3396 5047 3767 5131 singularum
3812 5106 3815 5109 .

395 5146 566 5214 αὑτὴν
621 5146 695 5210 ὡς
747 5142 943 5202 οἰκείαν
997 5139 1053 5184 ’⁷9
1103 5142 1285 5223 ἀρχὴν
1340 5143 1460 5207 τοὺς
1503 5141 1793 5218 ἑπομένους
1828 5137 2024 5197 ἐθελου-

2123 5136 2390 5216 gentium
2423 5137 2756 5218 praefectos,
2800 5136 2873 5199 ad
2928 5136 3077 5199 illud
3137 5137 3332 5220 ipsum
3380 5138 3768 5219 principium,

395 5236 552 5314 σίως,
594 5232 699 5302 ὅση
755 5231 995 5312 δύναμις,
1040 5233 1428 5295 ἀνατείνοντας.

2128 5233 2190 5289 ιιι
2211 5226 2541 5308 proprium,
2570 5243 2696 5309 eos,
2720 5225 2822 5309 qui
2880 5226 3035 5291 ultro
3069 5245 3142 5291 ac
3194 5236 3412 5310 sponte
3441 5235 3773 5310 sequantur

2128 5315 2458 5380 deducere.

1509 5472 1539 5505 ιι
1563 5459 1717 5525 Dan.
1741 5472 1803 5519 x.

1725 5552 1986 5622 VARIIE
2025 5551 2465 5635 LECTIONES.

479 5671 548 5725 69
569 5674 917 5731 τυπωθεισῶν
948 5672 1052 5731 ὑπὸ
1078 5670 1186 5730 τῶν
1212 5667 1480 5751 ἀγγέλων,
1672 5667 1770 5751 ,8η
1803 5666 2041 5751 ὕπὸ-*τῶν
2062 5681 2180 5727 non
2211 5671 2302 5726 est
2331 5661 2394 5725 in
2428 5661 2500 5733 Ι).
2584 5660 2651 5717 ⁷ο
2677 5663 2924 5723 ἁπάντων
2957 5679 3078 5727 non
3111 5660 3318 5726 habuit
3359 5661 3495 5737 CIL,
3530 5658 3769 5740 πάντων,

396 5750 474 5822 Β.
559 5751 611 5799 τί
634 5752 750 5820 Ch.
779 5755 950 5839 ἁγίων
976 5743 1275 5836 ἀγγέλων.’
1298 5743 1310 5751 ’
1328 5750 1395 5804 ’Β
1421 5743 1494 5821 ὡς
1525 5748 1611 5808 ἐπ’
1640 5749 1858 5828 οἰκείαν,
1892 5743 1963 5812 Ι).

479 5459 494 5499 ¹
523 5458 679 5526 Dan.
711 5477 777 5528 ιι.
862 5469 903 5498 ⁸³
931 5460 1106 5526 Deut.
1147 5476 1332 5543 xxx",
1361 5460 1424 5527 9.
