4112 6160
439 313 554 380 267

1609 313 1671 376 S.
1723 313 2062 379 DIONYSIl
2093 302 2629 379 AREOPAGITE.

3702 306 3818 388 268

439 446 606 528 ordo,
662 453 867 528 utpote
911 450 1143 508 secreto
1194 443 1314 507 Deo
1361 445 1860 527 appropinquans,
1899 448 2082 530 magis

2173 449 2306 515 τάξιν
2354 452 2597 529 ἱεραρχεϊ
2631 465 2644 479 ⁸
2678 451 2712 518 ἡ
2774 449 2830 505 δὲ
2896 446 3130 531 δευτέρα,
3192 448 3225 518 ἡ
3288 457 3386 519 τῆς
3430 452 3602 528 μέσης
3633 457 3814 534 ἱεραρ-

438 536 667 598 occulte
710 535 971 598 secundo
1017 533 1215 597 ordini
1255 552 1352 595 res
1400 552 1597 596 sacras
1627 535 2036 600 subministrat
2071 560 2083 600 :

439 624 739 687 secundus
768 644 928 701 vero,
962 625 1062 705 qui
1095 632 1183 686 est
1207 623 1418 686 mediae
1441 625 2087 702 bierarcbiaamltimam

435 716 829 778 hierarcltiam
855 715 1224 797 moderatur,
1244 715 1616 778 manifestius
1644 716 1885 796 quidem
1912 738 2086 799 quam

437 804 688 886 primus,
735 806 1027 868 occultius
1055 822 1198 866 vero
1258 802 1435 886 quam
1471 823 1756 884 sequens;
1783 826 1960 886 porro
1994 808 2083 868 ul-

439 894 619 956 timus
665 896 809 957 ordo
849 894 1126 956 humanis
1147 894 1505 956 hierarchiis
1529 903 1763 974 praeest.
1791 896 2085 958 Caeterum

437 1003 570 1046 cum
608 992 726 1046 tres
777 985 1015 1047 ordines
1062 985 1205 1066 sint,
1260 985 1690 1046 illustrationes
1747 985 1862 1047 sibi
1886 995 2089 1048 mutuo

438 1075 838 1140 manifestam.
876 1076 1299 1138 Verumtamen
1362 1073 1707 1150 dicendum,
1793 1077 2089 1157 quomodo

437 1165 668 1245 primus
698 1165 940 1246 quidem
966 1165 1197 1226 ordinis
1218 1163 1588 1245 principatus
1611 1171 1884 1246 sequenti
1911 1167 2088 1228 simul

438 1254 972 1316 manifestationem
999 1253 1307 1327 infuderit,
1343 1260 1400 1314 et
1430 1272 1550 1314 nou
1574 1254 1726 1316 alius
1757 1274 1864 1336 per
1882 1255 2087 1338 alium,

437 1353 493 1404 et
515 1345 792 1406 similiter
829 1343 1129 1405 secundus
1160 1343 1332 1420 ordo;
1379 1350 1590 1404 tertius
1631 1363 1790 1426 vero,
1817 1345 1967 1407 alius
1989 1365 2095 1426 per

436 1434 620 1496 alium
654 1434 826 1496 nobis
856 1433 1127 1495 infundat
1159 1431 1957 1496 illustrationes.Diceudum
1992 1437 2094 1497 ita-

437 1525 741 1606 que,quod
773 1525 834 1586 in
868 1523 1168 1605 prioribus
1197 1523 1531 1604 ordinibus,
1569 1543 1705 1586 cum
1738 1533 1853 1587 tam
1882 1525 2095 1587 dantes

436 1633 612 1694 quam
639 1615 998 1696 accipientes
1044 1613 1235 1692 angeli
1287 1613 1426 1688 sint,
1482 1614 1542 1674 in
1591 1614 1708 1675 illis
1767 1615 2096 1677 secundum

2171 540 2298 618 χίας
2336 587 2352 619 ,
2419 542 2634 618 ἡγεῖται
2684 545 2782 606 τῆς
2835 540 3076 620 ἐσχάτης
3133 541 3429 621 ἱεραρχίας,
3485 540 3819 623 ἐμφανεστέ-

2173 652 2275 706 ρως
2337 631 2436 704 μὲν
2485 631 2616 706 πρὸς
2670 630 2765 697 τὴν
2824 630 3065 708 πρώτην,
3110 628 3573 711 κρυφιωδεστὲρως
3605 631 3658 688 δὲ
3693 637 3820 712 πρὸς

2181 719 2266 788 τὴν
2323 719 2442 794 μετ’
2498 720 2662 786 αὐτὴν
2697 735 2711 750 ⁸
2776 721 2809 788 ἦ
2852 717 2906 775 δὲ
2959 720 3170 800 ἐσχάτη
3219 720 3363 785 τάξις
3416 734 3539 786 ταῖς
3568 723 3826 801 ἀνθρωπί-

2173 834 2285 876 ναις
2343 812 2640 891 ἱεραρχίαις
2699 812 2997 876 ἐπιστατεῖ,
3064 813 3205 881 Πλὴν
3251 815 3338 869 ἐπὶ
3395 815 3512 885 τρία
3577 816 3827 894 τάγματά

2173 903 2296 981 εἶσι,
2357 899 2422 956 δι’
2469 900 2719 971 ἀλλήλων
2765 902 3074 982 ἐμφαίνουσι
3133 903 3229 966 τὰς
3280 901 3599 981 ἐλλάμψεις,
3679 905 3824 972 Πλὴν

2174 990 2494 1072 ἀπορητέον,
2538 996 2653 1055 πῶς
2718 993 2752 1059 ἡ
2786 992 2884 1066 μὲν
2943 991 3129 1070 πρώτη
3187 991 3476 1074 ταξιαρχία
3524 994 3637 1070 ἅμα
3659 993 3827 1051 ἐνεδί-

2176 1081 2266 1142 δου
2294 1083 2394 1148 τὴν
2453 1079 2699 1161 ἔκφανσιν
2729 1088 2798 1158 τῇ
2858 1080 2976 1157 μετ’
3036 1081 3225 1163 αὐτὴν,
3301 1085 3389 1139 καὶ
3447 1086 3541 1142 οὐκ
3572 1083 3710 1152 ἄλλη
3756 1079 3824 1141 δι’

2176 1171 2368 1247 ἄλλης,
2431 1172 2516 1228 καὶ
2573 1174 2607 1241 ἡ
2657 1170 2874 1247 δευτέρα
2933 1171 3130 1248 ὁμοίως
3167 1189 3181 1204 ⁸
3221 1175 3256 1242 ἡ
3307 1171 3362 1229 δὲ
3421 1195 3482 1252 γε
3511 1175 3662 1254 τρίτη
3686 1173 3828 1243 ἄλλη

2176 1260 2241 1318 δι’
2272 1260 2440 1329 ἄλλης
2467 1263 2560 1325 τὰς
2614 1264 2745 1339 πρὸς
2793 1261 2931 1337 ἣμᾰς
2963 1260 3258 1339 ἐλλέμψεις
3291 1261 3574 1324 ἐνδίδωσιν.
3622 1263 3830 1323 "Each

2178 1354 2265 1410 οὖν
2313 1353 2507 1432 εἰπεῖν,
2560 1350 2641 1408 ὅτι
2699 1354 2785 1408 ἐπὶ
2837 1364 2960 1415 ταῖς
3025 1352 3305 1432 προτέραις
3337 1353 3709 1429 τάξεσιν,ἐπεὶ
3739 1361 3830 1416 καὶ

2177 1445 2224 1499 οἱ
2292 1438 2657 1516 μεταδιδόντες
2730 1443 2818 1498 καὶ
2865 1443 2913 1498 οἱ
2981 1441 3305 1522 μετέχοντες
3393 1440 3612 1522 ἄγγελοί
3669 1445 3826 1519 εἰσιν,

2180 1533 2275 1590 οὒκ
2321 1531 2430 1588 ἔστι
2487 1533 2550 1588 τὸ
2609 1529 2771 1607 μέσον
2831 1532 3003 1588 αὐτῶν
3060 1533 3196 1589 πολὺ
3238 1533 3374 1590 κατά
3427 1536 3579 1614 φύσιν
3611 1533 3829 1613 παραλ-

2180 1621 2368 1679 λάττον
2397 1670 2412 1698 ,
2466 1622 2561 1678 ἵνα
2618 1623 2798 1685 ποσῶς
2867 1619 2953 1678 διὰ
3009 1623 3164 1680 τοῦτο
3236 1624 3393 1680 οἱονεὶ
3480 1645 3831 1704 κατακερμα-

437 1714 706 1767 naturatn
753 1724 873 1766 non
923 1721 1201 1783 magnam
1263 1721 1394 1764 esse
1438 1703 1868 1786 diversitatem,
1912 1707 2087 1771 91m

2180 1714 2382 1779 τισθείη
2439 1713 2473 1780 ἡ
2543 1710 2835 1788 ἕλλαμψις,
2886 1711 2974 1768 καὶ
3027 1713 3232 1779 ε’ὺθετος
3283 1724 3402 1778 τοῖς
3432 1712 3666 1794 ὑστέροις
3685 1703 3833 1794 πρὸς

439 1794 609 1857 toties
642 1814 795 1874 opus
826 1795 903 1856 sit
952 1793 1394 1874 quodammodo
1419 1793 1717 1856 subdividi
1747 1794 2087 1856 illustratio-

2181 1801 2457 1882 ὑποδοχῆν
2530 1800 2751 1880 γένηται
2789 1847 2804 1864 .

436 1909 711 1967 nem,quo
727 1895 1148 1966 posterioribus
1162 1901 1330 1964 captu
1345 1893 1527 1951 facilis
1543 1893 2090 1963 evadat.Hicautem,

435 1995 572 2036 cum
595 1976 842 2036 multum
879 1975 1112 2036 intersit
1139 1975 1290 2036 inter
1343 1993 1452 2035 nos
1482 1981 1540 2036 et
1569 1974 1833 2055 angelos,
1864 1975 2091 2037 idcirco

436 2065 584 2125 alius
615 2085 719 2145 per
740 2065 920 2126 alium
954 2065 1172 2143 accipit
1195 2064 1647 2127 illustrationem
1681 2083 1750 2125 ac
1795 2065 2092 2146 nuntium,

439 2163 500 2215 ut
541 2156 776 2216 facilius
822 2157 900 2216 ita
960 2155 1121 2215 brevi
1152 2155 1225 2215 ad
1284 2172 1394 2214 nos
1435 2153 1764 2234 perveniat,
1813 2155 2094 2215 manifes-

438 2244 672 2325 tiusque
727 2244 1031 2305 decretum
1089 2245 1192 2306 Dei
1253 2243 1424 2305 nobis
1455 2243 1814 2305 declaretur.
1865 2245 2093 2307 Idcirco

439 2335 518 2397 ait
542 2336 638 2396 hic
669 2344 1000 2414 sanctus,ut
1036 2335 1147 2395 hoc
1169 2335 1377 2395 ordine
1396 2334 1469 2394 ad
1501 2334 1688 2395 Deum
1705 2337 1783 2395 sit
1812 2351 2094 2397 ascensus

439 2444 548 2505 per
576 2425 1166 2504 contemplationem,
1204 2432 1260 2485 et
1305 2424 1616 2485 conversio
1653 2443 1759 2503 per
1788 2432 2079 2504 operatio-

441 2534 600 2594 nem,
638 2525 694 2576 et
753 2518 1094 2576 communio
1129 2534 1237 2595 per
1285 2514 1768 2592 illustrationem,
1823 2534 1935 2576 nec
1971 2535 2088 2576 non

440 2624 545 2685 per
568 2613 768 2683 gratiae
785 2606 1226 2667 deificationem
1255 2603 1726 2667 unio.Habemus
1756 2605 1954 2685 itaque
1986 2623 2093 2685 per

340 2697 344 2700 ’
437 2696 654 2774 gradus
685 2713 1002 2755 ascensum
1034 2694 1104 2754 ad
1122 2695 1406 2766 Deum;et
1432 2703 1494 2753 ut
1525 2693 1602 2754 sit
1629 2693 1884 2754 vicissim
1907 2697 2088 2754 etiam

441 2785 772 2845 secundum
805 2785 1083 2850 ordinem
1115 2804 1147 2844 a
1181 2782 1541 2846 Deoinditus
1560 2783 1841 2844 omnibus
1871 2783 2094 2844 bierar-

443 2875 593 2934 chiis
618 2875 688 2935 ad
724 2894 830 2935 nos
883 2893 1221 2955 processus,
1259 2891 1365 2954 per
1394 2871 1718 2935 bonitatem
1751 2874 2090 2934 communi-

443 2972 647 3024 canter
665 2965 1010 3025 exundans:
1062 2964 1289 3024 idcirco
1311 2963 1487 3024 etiam
1527 2963 1726 3024 divina
1759 2963 2090 3044 Scriptura,

440 3052 671 3130 angelis
686 3073 754 3115 ea
797 3073 926 3135 quae
957 3054 1029 3114 ad
1063 3073 1172 3114 nos
1205 3063 1478 3134 spectant
1511 3053 1810 3115 distribuit
1842 3077 1856 3128 ;
1893 3072 2090 3132 quan-

443 3145 646 3244 doque
677 3144 834 3244 enim
865 3145 1210 3244 principem
1238 3144 1443 3244 populi
1471 3143 2091 3244 Judaaorum_vocasse
2109 3191 2151 3244 Ο

2860 1797 3116 1860 Ἐνταῦθα
3189 1800 3266 1876 δὲ,
3341 1801 3454 1860 ἐπεὶ
3540 1805 3601 1860 τὸ
3665 1803 3833 1879 μέσον

2178 1896 2331 1962 ἡμῶν
2388 1913 2444 1949 τε
2503 1893 2591 1949 καὶ
2634 1897 2741 1948 τῶν
2791 1890 3034 1970 ἀγγέλων
3100 1891 3258 1968 πολύ,
3321 1891 3404 1950 διὰ
3464 1899 3620 1952 τοῦτο
3688 1892 3832 1961 ἄλλη

2179 1981 2247 2039 δι’
2308 1980 2478 2050 ἄλλης
2534 1978 2792 2056 λαμϐάνει
2854 1982 2950 2048 τήν
2982 1980 3186 2058 λάμψιν
3283 1985 3369 2039 καὶ
3420 1984 3518 2050 τὴν
3551 1982 3834 2064 ἀγγελίαν,

2181 2079 2251 2142 ὡς
2296 2075 2356 2135 ἅν
2410 2073 2722 2154 ἀπονωτέρα
2800 2072 2920 2131 κατ’
2991 2073 3170 2153 ὀλίγον
3225 2077 3361 2150 ἡμῖν
3422 2082 3688 2157 καταστῇ,
3747 2079 3840 2133 καὶ

2182 2165 2566 2247 ἐμφανέστερον
2623 2167 2682 2221 τὸ
2738 2164 2990 2242 βούλημα
3049 2163 3450 2236 δηλωθήσηται.
3523 2166 3621 2222 Διά
3677 2173 3840 2224 τοῦτο

2179 2257 2322 2335 >ἑγει
2361 2259 2388 2312 ὁ
2417 2255 2589 2334 ἅγιος,
2619 2254 2786 2331 ἵναῇ
2841 2256 2978 2312 κατὰ
3021 2254 3166 2320 τάξιν
3222 2257 3256 2324 ἡ
3317 2259 3449 2336 πρὸς
3507 2259 3639 2313 Θεὸν
3697 2257 3839 2324 ἀναη

2179 2334 2332 2415 Υωγγῆ
2393 2335 2476 2392 διὰ
2540 2335 2760 2414 θεωρίας
2821 2382 2834 2408 ,
2900 2340 2987 2393 καὶ
3041 2334 3476 2415 ἐπιστροφὴνδιᾶ
3540 2337 3782 2409 πράξεως
3823 2385 3837 2410 ς

2179 2429 2265 2483 καὶ
2318 2425 2562 2482 κοινωνία
2608 2422 2674 2480 δι’
2730 2423 3074 2501 ἐλλάμψεως,
3139 2427 3227 2482 καὶ
3285 2424 3371 2482 διά
3413 2428 3512 2494 τῆς
3535 2426 3674 2482 κατά
3719 2425 3843 2505 χά-

2177 2539 2254 2595 ριν
2312 2516 2554 2580 θεώσεως
2609 2514 2820 2579 ἕνωσις,
2886 2514 3152 2595 ’Ἔχομεν
3200 2521 3328 2594 γοῦν
3400 2514 3537 2573 κατᾶ
3591 2517 3838 2593 βαθμοὺς

2176 2608 2272 2674 τὴν
2327 2608 2459 2683 πρὸς
2519 2607 2649 2662 Θεὸν
2707 2604 2912 2662 ἄνοδονο
2984 2608 3072 2662 καὶ
3123 2604 3199 2661 ’ἔν’
3229 2607 3266 2682 ᾗ
3295 2605 3454 2665 πάλιν
3484 2608 3622 2664 κατά
3651 2606 3838 2684 τάξιν,

2175 2699 2262 2753 καὶ
2309 2700 2345 2768 ἧ
2379 2696 2484 2752 ἀπὸ
2517 2697 2648 2752 Θεόῦ
2681 2697 2810 2775 πρὸς
2867 2697 3017 2768 ἡμᾶς
3077 2693 3383 2772 ἐνδιδομὲνη
3445 2697 3635 2760 πάςαις
3702 2698 3842 2762 ταῖς

2176 2790 2498 2869 ἱεραρχίαις,
2572 2789 2658 2846 καὶ
2717 2795 3046 2854 κοινωνικῶς
3115 2788 3445 2870 ἐπιφοιτῶσα
3505 2786 3571 2845 δι’
3631 2788 3842 2868 ἀγαθό-

2174 2901 2312 2948 τητα
2367 2876 2611 2957 πρόοδος,
2669 2876 2755 2935 διὰ
2839 2881 2994 2936 τοῦτο
3047 2880 3135 2935 καὶ
3193 2880 3229 2948 ἡ
3309 2878 3421 2936 θεία
3475 2879 3656 2959 Γραφὴ
3713 2894 3844 2946 τοῖς

2175 2967 2423 3049 ἀγγέλοις
2483 2970 2567 3050 τὰ,
2604 2968 2721 3026 καθ’
2778 2970 2922 3044 ἡμᾶς
2968 2968 3335 3045 ἀπονενέμηκε
3369 2984 3384 3000 ⁸
3448 2974 3549 3025 ποῦ
3593 2970 3690 3044 μὲι
3739 2968 3847 3050 ἅρ-

2175 3061 2346 3140 χοντα
2398 3066 2490 3116 τοῦ
2557 3049 2818 3118 εΙοι›δαίων
2867 3057 2999 3116 λαοῦ
3061 3061 3153 3116 τὸν
3212 3055 3436 3139 Μιχαὴλ
3497 3058 3841 3135 ὃνομάζουσα

2173 3153 2230 3206 ἒν
2283 3149 2363 3238 ἰτιὲ
2405 3147 2606 3238 Δανιὴλ
2677 3149 2917 3238 εὕρηται,
2986 3146 3316 3238 καὶκᾶλλοῦς
3358 3147 3770 3238 “ἂλλω·ι.’ἐθνῶν
3824 3163 3842 3182 ⁸

441 3217 740 3313 reperitur
769 3234 829 3294 in
862 3217 1107 3296 Daniel'e
1139 3217 1514 3314 Michaelem,
1547 3234 1631 3295 uti
1673 3243 1732 3296 et
1763 3234 1913 3296 alios
1939 3253 2087 3314 gen-

2182 3236 2282 3288 ποῦ
2320 3217 2375 3287 δὲ
2445 3217 3029 3309 λὲγουσα⁸”Ἐστησεν
3088 3229 3208 3310 ὅρια
3261 3229 3423 3288 ἐθνῶν
3469 3231 3498 3286 ὁ
3563 3217 3847 3306 "mucro;

441 3327 585 3387 tium
609 3327 857 3388 aliarum
896 3327 1274 3408 ;quandoque
1305 3346 1446 3389 vero
1481 3325 1562 3389 ait
1590 3328 1855 3391 :Stalut’t
1886 3330 2094 3390 termi-

440 3433 551 3477 nos
592 3419 868 3495 gentium
891 3418 1242 3479 Altissimus
1269 3419 1448 3495 juxta
1478 3435 1806 3480 numerum
1837 3417 2093 3500 angelo-

442 3525 576 3567 rum
614 3507 747 3580 Dei,
777 3508 910 3569 utin
929 3509 1192 3569 secundo
1220 3508 1454 3569 cantico
1491 3507 2024 3588 Moysisinvenitur
2041 3535 2088 3578 p.

521 3596 662 3674 §lll.
696 3596 846 3658 Hinc
872 3598 1045 3658 solvit
1076 3606 1482 3675 emergentem
1515 3597 1777 3678 aliquam
1802 3597 2087 3675 quaestio-

442 3695 846 3760 nem.Qu:estio
878 3703 1067 3752 autem
1098 3695 1218 3750 haec
1253 3705 1362 3752 est:
1389 3695 1904 3767 Quomodo,inquit
1942 3711 2090 3761 ,cum

443 3785 578 3838 boni
598 3784 782 3854 angeli
821 3785 1087 3852 gentibus
1119 3783 1360 3852 praifecti
1383 3784 1684 3849 sint,solus
1705 3784 1880 3841 Israél
1907 3785 2089 3843 Deum

442 3868 726 3937 cognovit,
747 3866 840 3924 alii
872 3880 1061 3925 autem
1086 3869 1252 3925 idolis
1287 3869 1681 3926 adhaeserunt?
1706 3869 1927 3926 Solutio
1956 3884 2089 3928 vero

441 3965 527 4012 est
558 3957 683 4022 ista,
708 3957 860 4028 quod
887 3959 1160 4015 nimirum
1191 3968 1522 4017 ceterarum
1551 3959 1806 4032 gentium
1834 3959 1905 4017 ad
1935 3960 2089 4020 idola

442 4045 678 4104 defectio
709 4048 1077 4120 deceptioque
1104 4049 1270 4106 rectis
1296 4048 1629 4120 angelorum
1659 4050 2089 4121 gubernationi-

438 4137 547 4192 hus
566 4152 928 4210 nequaquam
959 4139 1286 4212 imputanda
1323 4141 1668 4210 sit(observa
1687 4155 2090 4213 vero,quomo-

442 4227 514 4283 d3
542 4229 840 4286 defectioni
860 4239 1071 4287 rectam
1104 4232 1582 4302 gubernationem
1604 4232 1991 4304 opponit),sed
2016 4233 2089 4288 il-

440 4317 512 4373 lis
535 4319 854 4392 ipsis,quod
893 4322 1146 4392 propriis
1185 4323 1632 4393 spontaneisque
1669 4322 1916 4380 motibus
1939 4337 1972 4379 a
1997 4336 2091 4381 re-

438 4417 540 4474 cla,
593 4425 720 4480 quae
765 4411 836 4467 ad
880 4410 1061 4469 Deum
1115 4411 1471 4477 ducebat,via
1525 4425 1626 4482 per
1655 4426 1910 4469 amorem
1955 4427 2090 4483 pro-

2179 3320 2314 3378 κατὰ
2363 3319 2582 3399 ἀριθμὸν
2613 3319 2863 3400 ἀγγέλων
2933 3326 3090 3396 Θεοῦ,
3149 3321 3225 3386 ὡς
3275 3319 3328 3378 ἐν
3388 3324 3456 3396 τῇ
3484 3317 3696 3399 δευτέρᾳ
3722 3318 3849 3398 ᾠδῇ

2175 3419 2268 3469 τοῦ
2300 3409 2537 3473 Μωσέως
2561 3409 2804 3489 εὕρηται.

2251 3588 2408 3670 ςΙΙΙ,
2445 3593 2712 3653 Ἐντεῦθεν
2771 3593 2882 3651 λὺεί
2951 3593 3353 3655 ἀναιιὺπτουσαν
3413 3615 3533 3652 τινα
3577 3592 3848 3672 ἀπορίαν.

2175 3681 2236 3739 Ἠ
2269 3682 2393 3759 γοῦν
2419 3683 2613 3761 ἀπορία
2647 3701 2660 3715 ⁸
2698 3683 2804 3746 Καὶ
2877 3688 3014 3759 πῶς,
3072 3707 3259 3768 φησιν,
3311 3684 3554 3764 ἀγγέλων
3614 3683 3842 3762 ἀγαθῶν

2172 3770 2483 3848 ἐφεστώτων
2512 3785 2631 3836 τοῖς
2682 3772 2876 3849 ἔθνεσι,
2937 3774 3098 3850 μόνος
3128 3778 3157 3832 ὁ
3188 3775 3405 3856 Ἰσραὴλ
3451 3775 3710 3853 ἐγίνωσκε
3740 3777 3850 3831 τὸν

2174 3862 2323 3934 Θεὸν,
2377 3863 2424 3917 οἱ
2472 3859 2530 3917 δὲ
2579 3860 2728 3919 ἄλλοι
2762 3862 2885 3927 τοῖς
2932 3861 3170 3929 εἰδώλοις
3215 3878 3582 3945 προσανετχον
3617 3883 3634 3944 ς
3676 3863 3744 3921 Ἠ
3781 3862 3846 3921 δὲ

2172 3949 2344 4030 λύσις,
2391 3949 2471 4006 ὅτι
2502 3952 2562 4009 οῦ
2587 3952 2696 4033 χρὴ
2719 3953 2979 4012 αἰτιᾶσθαι
3005 3954 3113 4023 τῆς
3171 3954 3257 4013 ἐπί
3308 3957 3374 4012 τά
3425 3952 3626 4011 εἴδωλα
3692 3953 3851 4012 ἀποο

2172 4038 2488 4110 πλανήσεως
2544 4049 2648 4098 τῶν
2707 4041 2900 4122 ἐτέρων
2960 4043 3144 4119 ἐθνῶν,
3203 4045 3300 4110 τὰς
3359 4045 3556 4110 εὒθείας
3598 4046 3844 4100 ἐπιστα-

2173 4128 2287 4193 σίας
2316 4137 2422 4187 τῶν
2470 4129 2714 4210 ἀγγέλων
2758 4131 2878 4213 (ὅρα
2920 4131 2974 4189 δὲ
3007 4132 3084 4190 ὅτὶ
3128 4136 3258 4214 πρὸς
3293 4135 3391 4202 τὴν
3423 4131 3842 4210 ἀποπλάνητιν,

2174 4221 2380 4278 εὖθεῖσν
2429 4220 2604 4279 ε’ίπειν
2661 4221 3032 4302 ἐπιστασίαν),
3078 4222 3198 4280 ἀλλ’
3231 4225 3563 4282 αἰτιάσασθαι
3593 4222 3706 4304 χρὴ
3743 4223 3847 4279 αὒ-

2171 4310 2292 4372 τοὺς
2345 4310 2601 4384 ἐκείνους,
2657 4313 3118 4378 ἀποπεπτωκότας
3177 4315 3273 4382 τῆς
3353 4315 3486 4394 πρὸς
3536 4313 3627 4370 τὸν
3695 4314 3848 4370 Θεόν

2170 4401 2454 4479 ἀναγωγῆς
2518 4403 2736 4470 οἰκείαις
2803 4404 2892 4460 καὶ
2942 4402 3294 4469 αὒτεξουσίοις
3365 4407 3561 4481 ὁρμαῖς
3623 4405 3678 4459 ἐν
3730 4425 3848 4482 φι-

438 4477 626 4569 prium
660 4501 1049 4558 refractarium
1082 4477 1610 4572 deﬂexerint,etper
1639 4515 1799 4558 suam
1831 4501 2087 4571 pervica-

2173 4487 2357 4562 λαδτιᾳ
2426 4489 2797 4567 ἀνυποτάκτῳ,
2847 4493 2933 4550 καὶ
2963 4491 3205 4567 αὖθαδεὶᾳ
3234 4494 3364 4574 πρὸς
3413 4495 3475 4550 τὸ
3506 4491 3691 4552 δοκοῦν
3725 4496 3847 4552 αὒ-

437 4579 588 4641 ciam
622 4581 694 4641 ad
725 4582 809 4655 id,
843 4583 943 4642 cui
981 4583 1244 4642 divinum
1270 4582 1576 4662 quidpiam
1609 4580 1810 4643 inesse
1835 4580 2087 4643 arbitra~

438 4668 678 4744 bantur,
706 4671 1022 4733 colendum
1046 4671 1572 4737 desciverint.N0n
1593 4672 1786 4733 solum
1821 4673 1976 4734 enim
2008 4671 2081 4734 ab

435 4778 527 4833 ea,
572 4778 702 4841 quae
731 4762 807 4822 ad
842 4761 1026 4821 Deum
1074 4760 1347 4841 ducebat,
1384 4762 1480 4822 via
1510 4761 1841 4837 deviarunt,
1877 4779 2077 4825 verum

436 4849 611 4910 etiam
644 4849 718 4911 iis
749 4850 850 4930 qui
875 4869 992 4911 non
1023 4858 1192 4910 erant
1224 4849 1303 4909 dii
1327 4869 1432 4929 pro
1466 4850 1680 4930 placito
1712 4869 1817 4913 suo
1849 4851 2074 4914 cultum

432 4938 695 5000 divinum
750 4939 1110 5001 tribuerunt.
1147 4938 1312 5010 Quod
1346 4940 1540 5020 ipsum
1583 4941 1760 5002 etiam
1789 4939 2076 5004 Hebraeo-

430 5051 559 5093 rum
591 5038 802 5108 populo
829 5039 1141 5110 contigisse
1172 5048 1544 5107 memoratur,
1568 5041 1798 5112 quando
1828 5042 2077 5112 peccavit

428 5135 483 5183 et
512 5128 752 5185 vitulum
780 5127 1064 5186 conﬂavit.
1098 5130 1460 5201 Agnitionam
1502 5132 1656 5189 enim
1688 5131 1783 5189 Dei
1813 5131 2076 5202 repulisti

430 5219 680 5287 (quando
701 5220 1022 5277 nimiruma
1050 5217 1135 5276 via
1165 5218 1266 5276 Dei
1293 5219 1556 5294 descivit)
1571 5228 1625 5280 et
1647 5230 1771 5294 post
1793 5235 1895 5279 cor
1915 5230 2076 5280 tuum

426 5308 728 5365 ambulasti
760 5309 1008 5381 (quando
1033 5310 1302 5367 nimirum
1335 5326 1530 5370 arnore
1555 5312 1789 5386 proprio
1816 5312 2074 5384 pervica-

427 5397 626 5468 ciaque
652 5414 753 5456 sua
794 5399 1048 5458 divinum
1080 5399 1294 5459 cultum
1314 5403 1692 5462 decreverunt
1735 5403 1806 5460 iis
1826 5405 1922 5475 qui
1954 5418 2068 5463 non

2167 4592 2286 4642 τοϊς
2329 4579 2798 4648 ἀποπλανηθέντας
2858 4580 3170 4656 σεϐάσμιον.
3233 4587 3306 4642 Οὗ
3347 4583 3446 4662 γὰρ
3504 4583 3669 4660 μόνον
3729 4583 3848 4652 τῆς

2166 4671 2295 4748 πρὸς
2343 4672 2405 4726 τὸ
2451 4670 2612 4727 Θεῖον
2656 4670 2941 4750 ἀναγωγῆς
3005 4674 3479 4753 ἁποπεπτὼκασιν,
3531 4670 3669 4728 ἀλλὰ
3742 4674 3850 4731 καὶ

2163 4772 2280 4822 τοῖς
2326 4759 2403 4834 μὴ
2429 4758 2542 4816 οὖσι
2583 4763 2727 4826 θεοῖς
2759 4761 3020 4841 ἀνάλογον
3045 4770 3113 4841 τῇ
3135 4762 3352 4834 δοκήσει
3398 4764 3602 4819 ἑαυτῶν
3631 4763 3694 4818 τὸ
3742 4763 3851 4819 σέ-

2160 4846 2250 4914 ϐος
2293 4832 2721 4910 ἀποδεδώκασιν.
2777 4832 2859 4910 "0
2911 4832 2976 4921 8i}
3027 4832 3115 4910 καὶ
3172 4832 3380 4918 αὒτόςὸ
3411 4855 3518 4910 τῶν
3562 4849 3851 4931 Ἐϐραίων

2160 4936 2288 5002 λαὸς
2342 4937 2655 4996 πεπονθέναι
2709 4938 2944 5022 λέγεται,
2998 4940 3085 4998 ὅτε
3130 4943 3336 5022 ἥμαρτε
3371 4986 3388 5016 ,
3435 4942 3522 5017 καὶ
3569 4941 3841 5024 ἐμοσχο-

2159 5028 2403 5095 ποίησεν.
2457 5027 2776 5108 Ἐπίγνωσιν
2846 5032 2946 5109 γὰρ
2997 5031 3126 5090 Θεοῦ
3188 5033 3392 5090 ἀπώσω
3465 5035 3666 5111 (τοῦτο,
3746 5031 3848 5091 ὅτι

2158 5117 2255 5186 τῆς
2300 5117 2432 5196 πρὸς
2484 5119 2547 5175 τὸ
2581 5118 2742 5177 Θεῖον
2773 5120 3059 5200 ἀναγωγῆς
3105 5121 3488 5198 ἁποπὲπτωκε)
3515 5124 3606 5180 καὶ
3634 5120 3840 5180 ὀπίσω

2156 5213 2256 5276 τῆς
2314 5205 2528 5287 καρδίας
2583 5230 2678 5266 σου
2735 5208 3025 5289 ἐπορεὺθης
3077 5212 3272 5288 (τοῦτο,
3308 5212 3389 5270 ὅτι
3417 5210 3474 5269 ἐν
3514 5233 3585 5290 τῃ
3613 5206 3841 5293 φιλαυ-

2154 5319 2240 5372 τιᾳ
2289 5301 2376 5355 καὶ
2433 5295 2675 5373 αὐθαδείᾳ
2723 5312 2844 5366 τοῖς
2898 5301 2975 5377 μὴ
3036 5303 3149 5360 οὖσι
3206 5305 3352 5368 θεοῖς
3383 5303 3444 5361 τὸ
3490 5299 3646 5366 σέϐας
3681 5301 3848 5360 ἆπέυ

2152 5394 2380 5466 νειμαν).
2415 5386 2544 5447 Οὔτε
2576 5390 2676 5468 γὰρ
2735 5390 2902 5467 ἡμεῖς
2933 5392 3348 5472 ἠναγκασμένην
3396 5391 3601 5474 ἔχομεν
3645 5393 3846 5468 ζωὴν,

425 5501 590 5547 erant
609 5489 960 5564 diiq).Neque
975 5491 1127 5550 enim
1148 5493 1258 5552 vita
1288 5494 1459 5554 nobis
1477 5495 1677 5561 est,cui
1692 5495 1776 5552 vis
1791 5493 1948 5555 illata
1965 5503 2063 5556 aut

2173 5486 2220 5546 ὸς
2265 5481 2330 5537 τὰ
2383 5475 2576 5559 ἄλογα,
2642 5476 2780 5538 ἀλλά
2826 5478 2911 5538 διὰ
2969 5483 3062 5540 τὸν
3099 5480 3258 5564 λόγον
3321 5484 3383 5541 τὸ
3435 5479 3786 5548 αὐτεξούσιον
3821 5498 3841 5516 ⁸

507 5665 533 5707 P
561 5653 731 5719 Deut.
768 5672 950 5740 χχχιι,
985 5659 1022 5723 8
1046 5677 1173 5725 sec.
1215 5661 1493 5744 Septuag.
1526 5671 1556 5716 α
1589 5660 1744 5725 Osee
1773 5679 1851 5727 tv.
