4112 6160
231 355 353 430 269

670 360 772 426 DE
814 364 1167 428 cmLssri
1211 354 1712 445 HIERARGHIA,
1760 362 1927 428 CAP.

1972 362 2080 429 IX.
2135 383 2207 412 -—
2253 352 2643 431 PARAPHR.
2692 371 3185 438 PACHYMERE
3498 372 3620 441 270

230 501 345 560 οὔτε
379 500 543 557 πάλιν
601 497 670 555 δι’
726 500 852 555 αὒτὸ
907 506 1062 557 τοῦτο
1117 499 1181 556 τὰ
1223 499 1552 566 αὐτεξούσιον
1583 501 1757 576 ἡμῶν,
1793 499 1905 560 εἶ’-ι.

1989 502 2242 592 Inposita
2297 502 2622 566 necessitas
2673 512 2737 567 ut
2781 505 2995 581 brutis,
3029 509 3135 572 sed
3170 527 3277 592 per
3320 511 3613 591 rationem

234 615 429 669 ποιμεν
484 592 548 647 ἂν
606 591 691 648 ὅτι
746 593 812 647 τὰ
870 595 991 649 θεῖα
1048 599 1198 672 φῶτα
1227 598 1327 660 τῆς
1359 594 1605 670 προνοίας
1634 600 1725 650 τοῦ
1756 593 1887 651 Θεοῦ

230 681 692 758 ἀπαμϐλύνονται.
770 679 921 738 Ἀλλ’
993 679 1172 738 εἰκόνα
1243 688 1349 739 τῶν
1418 681 1593 759 λόγων
1625 682 1752 739 λάϐε
1782 683 1887 740 ἀπὸ

230 780 328 831 τοῦ
356 771 586 839 ἡλιακοῦ
634 771 834 849 φωτός·
897 772 969 834 ὡς
1022 771 1122 849 γάρ
1177 770 1356 828 iactas
1415 771 1558 827 ἔστιν
1612 769 1768 853 ἰδεῖν,
1804 773 1886 829 ὅτι

232 863 321 919 ἐπὶ
353 863 451 937 μὲν
502 866 606 917 τῶν
654 857 919 938 διαφανῶν
975 861 1027 915 αἱ
1083 864 1190 914 τῶν
1248 859 1480 918 ἀκτίνων
1512 858 1765 923 διαδόσεις
1799 862 1889 940 γί-

234 974 440 1030 νονται,
493 951 582 1006 καὶ
629 949 718 1005 ὶπὶ
761 952 966 1014 τοῦτοις
999 947 1204 1023 μᾶλλον
1261 951 1349 1005 καὶ
1404 952 1589 1025 ἧττον,
1622 953 1797 1016 καθὼς
1828 950 1890 1007 ἂν

233 1042 357 1122 ἔχοι
385 1042 450 1097 τὸ
474 1038 823 1113 ὑποκείμενον
877 1041 1008 1115 πρὸς
1070 1040 1168 1107 τὴν
1224 1038 1316 1095 τοῦ
1374 1042 1550 1117 φωτὸς
1583 1039 1885 1117 μετάληψιν

233 1129 698 1197 ἐπιτηδειότητος·
761 1128 847 1184 ἐπὶ
906 1126 962 1183 δὲ
1020 1134 1127 1184 τῶν
1176 1129 1494 1209 παχυτέρων
1523 1129 1628 1210 οὔχ
1661 1132 1884 1210 ὁμοίως,

233 1220 363 1277 ἀλλ’
394 1217 432 1286 ἥ
461 1220 640 1285 πάντη
699 1214 989 1282 ἆδιαδότως
1048 1218 1085 1284 ἦ
1143 1218 1410 1298 ἀμυδρῶς·
1475 1226 1630 1278 τοῦτο
1686 1222 1770 1278 οιαὶ
1803 1220 1888 1277 ἐπὶ

232 1315 335 1377 τῆς
401 1308 541 1371 θείας
613 1306 935 1384 ἑλλάμψεως
992 1309 1027 1375 ἡ
1097 1307 1349 1375 ἀνισότης
1410 1313 1506 1374 τῆς
1562 1308 1894 1375 αὖτεξουσίου

235 1401 413 1478 ῥοπῆς
470 1396 769 1476 ἐργάζεται.
831 1386 1060 1454 ’Υπόθου
1117 1397 1239 1476 γάρ,
1299 1398 1396 1465 τὴν
1454 1399 1720 1477 ἡμετέραν
1750 1403 1894 1472 ζωὴν

237 1491 367 1565 ὄψιν
401 1488 552 1544 εἶναι
582 1487 789 1566 νοερᾶν,
840 1485 961 1543 ἀλλ’
1022 1485 1300 1567 ἀνόμοιον,
1336 1485 1421 1544 διὰ
1448 1490 1510 1544 τὸ
1540 1489 1889 1555 αὐτεξούσιον·

238 1583 277 1650 ἦ
335 1578 394 1634 δὲ
450 1582 552 1645 τῆς
609 1579 796 1643 θεϊκῆς
854 1575 1185 1653 ὰγαθότητος
1221 1574 1519 1657 φωτοδοσία
1567 1578 1661 1652 μία
1717 1580 1805 1635 καὶ
1860 1581 1897 1647 ἡ

240 1670 376 1737 αὐτή
438 1668 605 1747 ἐστιν,
664 1665 1033 1747 ὑπερπλήρης,
1076 1669 1160 1724 διαὶ
1192 1666 1514 1742 ἀνελλιπὴς,
1579 1671 1666 1723 καὶ
1723 1668 1896 1749 ἁπλῆ,

242 1757 331 1812 καὶ
366 1754 449 1810 isi
485 1754 740 1815 ὡσαύτως
772 1751 998 1833 ἔχουσα·
1064 1756 1100 1823 ἡ
1156 1764 1283 1832 γοῦν
1338 1756 1444 1812 τῶν
1503 1754 1679 1831 ὄψεων
1711 1757 1897 1823 αὖτεξ-

1970 590 2241 685 libertate
2274 593 2557 685 praedita:
2586 612 2777 675 neque
2804 613 3015 660 rursus
3043 590 3338 684 dicamus,
3364 590 3613 685 propter

1970 680 2128 743 illam
2159 680 2346 761 ipsam
2379 681 2716 746 libertatem
2756 692 3014 748 nostram
3045 688 3257 752 divinae
3283 680 3613 755 Providen-

1972 771 2065 831 tiaa
2094 769 2290 832 divina
2321 771 2550 834 lumina
2578 771 2852 837 obt‘undi.
2886 776 3003 837 Sed
3053 778 3343 842 dictorum
3372 782 3465 843 92
3499 781 3612 844 ho-

1971 877 2103 922 rum
2138 859 2481 940 exemplum
2512 862 2716 942 accipe
2745 881 2778 924 a
2808 864 3034 928 lumine
3063 867 3245 931 solis:
3271 869 3425 931 sicut
3453 870 3614 933 enim

1972 948 2055 1041 ibi
2087 949 2288 1041 videre
2318 949 2479 1031 licet,
2508 950 2568 1041 in
2589 953 3102 1041 transparentibus
3132 956 3373 1037 quidem
3408 977 3615 1041 corpo-

1969 1035 2141 1101 ribus
2165 1038 2467 1101 radiorum
2502 1039 2633 1102 ﬁeri
2660 1035 3166 1120 distributionem;
3202 1064 3394 1128 eoque
3429 1035 3622 1128 magis

1969 1128 2064 1190 vel
2098 1128 2426 1209 minus,pro
2452 1128 2710 1209 subjecti
2739 1130 2812 1192 ad
2845 1132 3051 1195 lumen
3083 1136 3498 1216 excipiendum
3523 1156 3618 1200 ca-

1978 1217 2255 1297 pacitate;
2287 1217 2349 1280 in
2379 1218 2776 1282 rrassioribus
2802 1230 3001 1284 autem
3026 1242 3144 1284 non
3178 1225 3476 1303 similiter,
3509 1228 3618 1290 sed

1976 1306 2334 1369 automuino
2367 1306 2684 1370 distribute
2714 1316 2814 1371 aut
2833 1309 3112 1392 obscure;
3144 1312 3407 1393 idipsum
3439 1316 3618 1377 etiam

1977 1396 2036 1487 in
2068 1395 2261 1487 divina
2291 1395 2684 1460 illustratione
2714 1398 3082 1480 inaequalitas
3113 1401 3323 1466 liberte
3353 1422 3619 1487 prapen-

1977 1485 2162 1548 sionis
2182 1493 2481 1567 operatur.
2508 1488 2790 1568 Suppone
2819 1490 3005 1565 enim,
3033 1489 3208 1553 vitam
3240 1485 3502 1556 nostram
3526 1494 3619 1557 vi-

1979 1575 2207 1666 sionem
2227 1593 2358 1666 esse
2399 1576 2792 1657 spiritualem,
2822 1579 2929 1641 sed
2952 1581 3336 1662 inaequalem,
3369 1592 3622 1666 propter

1979 1664 2213 1728 arbitrii
2242 1664 2599 1748 libertatem;
2651 1666 2870 1730 divinae
2911 1677 3109 1731 autem
3139 1668 3425 1735 bonitatis
3454 1664 3621 1736 illus-

1983 1754 2320 1835 trationem,
2354 1775 2531 1818 unam
2562 1773 2698 1819 esse
2728 1765 2785 1820 et
2815 1758 3112 1835 eamdem,
3171 1761 3620 1840 superplenam,

244 1844 499 1912 ουσιότης
569 1841 607 1909 ἥ
678 1842 952 1908 παντελῶς
1016 1842 1304 1919 ἆμέθεκτον
1374 1857 1524 1902 ποιεῖ
1591 1846 1692 1912 τὴν
1759 1849 1899 1904 Θείαν

1989 1851 2042 1906 et
2069 1844 2539 1928 indeﬁcientem,
2573 1853 2631 1908 et
2669 1847 3025 1928 simplicem,
3064 1856 3122 1910 et
3144 1850 3359 1911 eodem
3385 1869 3627 1931 semper

243 1935 466 2014 ἀκτῖνα,
526 1932 580 1988 ἐν
640 1931 784 1997 ὅσοις
835 1930 1041 2000 δηλαδὴ
1099 1932 1374 1991 ἀντιτυπία
1435 1934 1564 2012 ἐστὶ,
1628 1936 1902 1994 κάντεῦθεν

244 2023 479 2089 οὗδόλως
538 2025 576 2091 ἡ
634 2023 785 2085 ἀκτὶς
842 2020 1147 2080 διαδίδοται·
1209 2027 1246 2095 ἥ
1303 2023 1581 2105 διαφόρους
1632 2041 1777 2083 ποιεῖ
1806 2027 1900 2091 τὰς

244 2116 515 2195 μετοχὰς,
548 2114 742 2193 μιγρὰς
801 2112 839 2181 ἢ
901 2111 1166 2191 μεγάλας,
1217 2112 1450 2193 ἀμυδρὰς
1506 2115 1542 2184 ἢ
1603 2117 1793 2196 φανάς.
1829 2118 1901 2174 Τό

244 2213 396 2284 γοῦν,
430 2206 617 2283 μικρὸν
674 2204 767 2260 καὶ
818 2202 979 2282 μέγα,
1040 2204 1129 2260 επὶ
1186 2214 1372 2268 ποσοῦ,
1426 2206 1515 2262 καὶ
1543 2207 1706 2284 μικρὰ
1741 2207 1901 2286 χέρις

243 2295 419 2375 τυχὸν
474 2295 510 2362 ἡ
567 2298 665 2360 τῆς
710 2289 1072 2357 διδασκαλίας·
1105 2293 1319 2372 μεγάλη
1350 2296 1385 2363 ἡ
1424 2296 1521 2361 τῆς
1551 2296 1897 2375 προφητείας·

245 2388 322 2443 Τὸ
352 2383 409 2441 δὲ
437 2381 668 2462 ἀμυδρὰς
722 2383 759 2451 ἢ
815 2383 1005 2462 φανὰς,
1042 2382 1127 2440 ἐπὶ
1169 2391 1345 2441 ποιοῦ·
1385 2384 1470 2440 ὅτε
1501 2387 1668 2465 τυχὸν
1699 2387 1733 2453 ἡ
1766 2407 1901 2465 προ-

243 2474 446 2553 φητεία
504 2469 616 2528 δυσί
665 2493 803 2529 τισιν
853 2472 1106 2552 ὑπάρχει,
1166 2474 1256 2530 καὶ
1310 2479 1387 2547 τῷ
1443 2475 1541 2548 μὲν
1600 2475 1686 2530 ἐπὶ
1744 2474 1905 2531 πλέον

245 2563 388 2643 ἐστὶ,
420 2568 497 2637 τῷ
528 2559 583 2617 δὲ
617 2558 704 2618 ἐπ’
737 2559 980 2623 ἔλαττον.
1012 2560 1166 2620 Ἐπεὶ
1213 2560 1291 2618 ὅτι
1343 2584 1405 2640 γε
1456 2566 1543 2619 ιιαὶ
1572 2570 1676 2621 τῶν
1710 2562 1906 2642 ἑτέρων

245 2655 419 2711 ὲθνῶν
477 2650 554 2731 (ἐξ
602 2653 680 2708 ὦν
730 2652 818 2708 καὶ
847 2652 1009 2727 ἡμεῖς
1044 2642 1327 2719 ’Ἓλληνες
1357 2651 1504 2717 ὄντες
1536 2653 1910 2733 ἆνενεόσαμεν)

283 2747 301 2769 9
361 2741 413 2765 ν’
641 2747 654 2763 ι
812 2742 826 2762 \
892 2739 1032 2798 νλλη
1223 2742 1247 2799 ἑ
1416 2743 1428 2763 ρ
1690 2746 1702 2764 δ
1805 2745 1817 2762 η

247 2765 311 2802 ου
361 2764 500 2808 ςενοι
550 2764 690 2805 τινες
741 2764 830 2798 και
886 2762 918 2797 α
991 2763 1170 2799 οιιοτοι
1251 2763 1560 2801 πεστατουν
1599 2746 1705 2800 θεοι
1736 2743 1821 2801 ἐπι
1852 2746 1913 2801 τὸ

248 2831 639 2909 ἐξηπλωμένον
687 2837 817 2889 πᾶσι
867 2844 985 2897 τοῖς
1034 2831 1269 2889 θέλουσιν
1330 2834 1402 2898 εἰς
1455 2832 1737 2908 μετάδοσιν
1768 2833 1907 2891 ἑτοί-

248 2945 371 2999 μως
406 2920 475 2978 δι’
504 2920 810 3001 ἆγαθότητα
860 2928 954 2978 τοῦ
1010 2925 1302 3001 θεαρχικοῦ
1352 2924 1528 3000 φωτὸς
1559 2921 1775 3003 ἄπειρον
1808 2923 1911 2980 πέ-

247 3010 605 3092 λαγος,ἆλλ⁹
637 3009 821 3079 ἐπειδὴ
889 3013 986 3086 μία
1054 3014 1266 3068 πάντων
1331 3013 1478 3091 ἁρχὴ
1545 3016 1572 3070 ὁ
1644 3015 1795 3078 Θεός·
1832 3013 1915 3071 διὰ

249 3112 419 3163 τοῦτο
470 3104 602 3181 πρὸς
655 3112 852 3168 ταύτην
923 3101 1122 3180 ἆνῇγον
1194 3104 1241 3157 οἱ
1310 3102 1429 3158 καθ’
1500 3102 1724 3160 ἕκαστον
1772 3102 1914 3169 ἔθνος

253 3195 669 3258 ἱπιστατοῦντες
699 3188 922 3270 ἄγγελοι
977 3192 1099 3254 τοὺς
1159 3190 1450 3266 ἑπομένους
1511 3194 1646 3251 κατὰ
1698 3195 1759 3250 τὸ
1811 3193 1911 3249 αῦ-

1987 1935 2163 1996 modo
2192 1952 2259 1997 se
2285 1934 2604 1997 habentem
2651 1951 2665 1993 :
2702 1945 2842 1999 tunc
2876 1938 3081 2018 utique
3107 1938 3405 2001 visionum
3438 1939 3629 2003 libera

1987 2025 2304 2105 propensio
2338 2026 2426 2087 vel
2445 2026 2686 2087 omnino
2705 2025 3274 2089 incommunicatum
3307 2029 3505 2091 reddit
3523 2047 3627 2092 ra-

1987 2114 2147 2176 dium
2180 2114 2466 2191 divinum,
2498 2115 2572 2177 iis
2600 2114 2888 2179 nimirum
2922 2115 3024 2197 qui
3052 2116 3445 2194 reluctantur,
3480 2137 3626 2198 pro-

1987 2213 2116 2285 pter
2169 2206 2327 2285 quod
2373 2206 2620 2267 omnino
2676 2206 2881 2269 radius
2928 2224 3051 2268 non
3100 2206 3505 2285 distribuitur;
3534 2208 3630 2270 vel

1986 2294 2251 2357 diversas
2281 2294 2419 2357 facit
2448 2294 2956 2378 participationes,
3006 2315 3213 2377 parvas
3238 2298 3329 2360 vel
3361 2316 3626 2379 magnas,

1988 2382 2274 2445 obscuras
2327 2383 2419 2445 vel
2476 2386 2689 2449 claras.
2736 2384 2891 2447 Illud
2922 2386 3120 2467 itaque
3152 2387 3405 2466 parvum’
3424 2394 3484 2449 et
3511 2405 3633 2449 ma-

1987 2472 2273 2548 gnum,ad
2304 2471 2695 2553 quantitatem
2718 2472 3036 2536 refertur:
3089 2480 3148 2534 et
3176 2491 3352 2553 parva
3380 2482 3469 2535 est
3488 2492 3630 2553 gra-

1998 2561 2255 2642 tia,forte
2280 2562 2653 2643 eruditionis;
2677 2581 2910 2644 magna,
2958 2562 3306 2644 prophetiae.
3342 2563 3495 2626 Illud
3518 2582 3632 2625 au-

1994 2659 2137 2726 tem,
2162 2651 2447 2713 obscuras
2485 2651 2577 2713 vel
2623 2651 2836 2728 claras,
2863 2651 2937 2713 ad
2967 2651 3310 2733 qualitatem
3341 2653 3627 2728 refertur,

1996 2742 2236 2822 quando
2259 2740 2412 2804 forte
2430 2741 2737 2823 prophetia
2769 2741 3006 2803 duobus
3028 2741 3324 2823 aliquibus
3356 2740 3628 2822 obtingit;

1996 2839 2174 2911 atque
2195 2828 2300 2891 uni
2321 2830 2560 2911 quidem
2588 2830 3033 2912 pleuior,a|tare
3049 2848 3187 2892 vero
3212 2829 3634 2904 tenuior.Quin

1994 2920 2172 2982 etiam
2204 2921 2343 3001 quia
2371 2919 2601 2983 caeteris
2629 2917 2905 3000 gentibus
2933 2920 2990 3000 (e
3038 2919 3254 3002 quibus
3283 2928 3341 2981 et
3371 2938 3502 3001 nos,
3537 2922 3636 3003 qui

1996 3007 2185 3072 Graeci
2216 3028 2445 3085 sumus,
2478 3012 2860 3091 emersimus)
2915 3028 3035 3070 non
3082 3009 3264 3071 alieni
3304 3009 3548 3090 quidam
3575 3021 3637 3073 et

1995 3098 2318 3180 prodigiosi
2332 3100 2692 3182 praefuerunt
2707 3101 2788 3163 dii
2806 3099 2880 3160 ad
2894 3098 3176 3161 diﬂ‘usum
3189 3100 3490 3177 omnibus,
3533 3101 3635 3183 qui

1995 3190 2148 3252 ultro
2171 3198 2276 3270 per
2297 3190 2617 3251 bonitatem
2631 3191 2760 3269 ejus
2783 3188 3292 3270 participationem
3322 3198 3631 3271 appetunt,

249 3285 493 3363 θαῖρετον
545 3283 636 3340 καὶ
690 3281 786 3338 οὒκ
842 3280 1276 3359 ἠναγκασμένον,
1340 3281 1547 3357 Μάρτυς
1606 3285 1633 3339 ὁ
1695 3282 1905 3363 Μελχι-

1994 3278 2177 3340 divini
2202 3279 2441 3341 luminis
2472 3280 2765 3342 infinitum
2790 3279 3054 3360 pelagus,
3089 3278 3194 3340 sed
3219 3287 3306 3341 est
3330 3296 3486 3340 unus
3508 3299 3634 3342 om.

251 3372 434 3446 σεδὲκ,
468 3371 715 3449 βασιλεὺς
771 3370 869 3446 μὲν
917 3370 1015 3438 τῆς
1071 3368 1266 3446 Σαλὴμ
1314 3369 1387 3426 ὥν
1437 3372 1521 3427 ἐπὶ
1560 3377 1665 3427 τῶν
1697 3373 1910 3451 χρόνων

253 3467 351 3521 τοῦ
408 3460 677 3542 Ἀϐραὰμ,
737 3459 790 3526 ἐξ
848 3460 1007 3517 ἐθνῶν
1064 3458 1119 3516 δὲ
1172 3461 1261 3518 καὶ
1316 3460 1369 3517 ἐν
1426 3462 1572 3537 μέσω
1602 3468 1709 3519 τῶι
1738 3466 1906 3519 ἐθνῶν

252 3555 521 3635 ὶεράρχης
554 3552 940 3633 φιλοθεώτατος
970 3552 1381 3631 γνωριζόμενος·
1441 3553 1501 3610 οὔ
1555 3555 1655 3631 γὰρ
1717 3552 1907 3617 ἁπλῶς

255 3645 509 3727 ιριλόθεον
581 3651 764 3700 τοῦτον
836 3644 889 3698 αἱ
959 3644 1159 3723 Γραφαὶ
1226 3640 1618 3719 παραδιδοῦσιν,
1655 3641 1792 3698 ἀλλὰ
1821 3645 1908 3701 καὶ

253 3735 403 3815 ἱερέα
455 3744 548 3793 τιῦ
596 3731 764 3797 ὅντως
815 3733 966 3793 ὄντος
1017 3738 1170 3806 Θεοῦ,
1225 3731 1318 3789 ἵνα
1373 3733 1584 3797 πάντως
1625 3731 1907 3801 δηλώσωσι

255 3838 379 3891 τοῖς
411 3824 721 3905 ἐχέφροσιν,
752 3822 833 3879 ὅτι
868 3823 943 3897 μὴ
980 3822 1144 3898 μόνον
1175 3825 1324 3888 οὗτος
1357 3823 1423 3891 ἧν
1472 3822 1739 3902 φιλόθεος,
1774 3823 1912 3880 ἀλλὰ

254 3918 349 3973 καὶ
390 3914 578 3979 ἄλλοις
608 3915 681 3979 εἰς
714 3913 990 3993 φιλοθίίαν
1019 3914 1230 3991 ἡγεῖτο·
1282 3913 1411 3992 ὅπερ
1461 3919 1574 3978 πῶς
1608 3913 1670 3969 ἂν
1699 3915 1788 3995 ἦν,
1822 3913 1911 3969 εἵ-

1991 3368 2155 3429 nium
2187 3368 2558 3450 principatus
2588 3368 2768 3445 Deus;
2805 3368 3030 3429 idcirco
3072 3367 3149 3429 ad
3180 3368 3372 3446 ipsum
3398 3386 3634 3450 quoque

1991 3458 2209 3538 angeli,
2231 3459 2333 3537 qui
2356 3458 2572 3539 cuique
2610 3457 2838 3520 nationi
2864 3456 3129 3538 praefecti
3160 3468 3359 3538 erant,
3394 3475 3498 3520 cos
3528 3466 3634 3540 qui

1992 3548 2615 3630 sequebantur,libere
2631 3557 2823 3611 etnon
2844 3559 3055 3610 coacte
3074 3545 3634 3611 adduxerunt.Tes-

1994 3637 2068 3698 tis
2087 3644 2176 3699 est
2199 3637 2726 3720 Melchisedec,qui
2750 3636 2991 3718 quidem
3014 3641 3119 3698 rex
3134 3635 3333 3699 Salem
3361 3646 3475 3699 tem
3486 3640 3643 3717 pori-

1994 3726 2104 3790 bus
2115 3727 2369 3790 Abrahae
2381 3736 2529 3805 erat;
2549 3737 2955 3790 verumtamen
2978 3744 3050 3789 ex
3062 3725 3427 3805 gentibus,et
3443 3727 3505 3788 in
3520 3746 3641 3790 me-

1997 3818 2089 3879 dio
2115 3818 2694 3896 gentium,sacerdos
2715 3816 2839 3879 Deo
2864 3818 3233 3896 gratissimus
3257 3825 3348 3878 est
3369 3816 3638 3895 agnitus:

1996 3926 2115 3969 non
2139 3908 2296 3969 enim
2318 3907 2577 3989 simplici
2622 3908 2800 3969 modo
2842 3906 3045 3987 ipsum
3070 3904 3193 3967 Deo
3225 3905 3453 3966 clarum
3487 3908 3643 3968 exti-

258 4027 363 4085 περ
395 4004 724 4070 ἁπαξαπλῶς
757 4004 844 4059 καὶ
875 4002 1210 4060 παθοτέπασιν
1242 4003 1303 4059 ἐκ
1349 4009 1455 4060 τῶν
1489 4002 1646 4059 ἐθνῶν
1703 4006 1738 4074 ἦ
1788 4007 1905 4060 θεο-

1999 3998 2142 4060 tisse
2181 3995 2501 4078 Scriptura:
2532 3997 2794 4074 tradunt;
2826 4013 3033 4059 verum
3063 4000 3238 4085 etiam
3268 3998 3642 4085 sacerdotem

258 4094 467 4173 Ῥωσέα
496 4093 777 4155 ἀπέλειπε,

1998 4107 2136 4151 vere
2166 4087 2507 4150 exsistentis
2538 4087 2666 4160 Dei;
2688 4088 2770 4148 ita
2802 4093 2866 4147 ut
2888 4089 3131 4147 omnino
3161 4083 3470 4146 intellectu
3496 4102 3646 4165 prae-

259 4172 411 4247 ditis
464 4180 828 4262 signiﬁcent,
861 4181 1057 4262 ipsum
1099 4198 1216 4242 non
1239 4178 1431 4243 solum
1470 4181 1594 4243 Deo
1617 4182 1862 4244 charum
1887 4185 2208 4259 exstitisse,
2239 4195 2445 4241 verum
2471 4185 2529 4238 et
2556 4176 2704 4238 alios
2723 4193 2964 4257 quoque
3013 4175 3087 4235 ad
3132 4172 3241 4236 Dei
3312 4173 3644 4237 amicitiam

260 4272 786 4349 adduxisae,quod
815 4271 917 4353 qui
951 4270 1081 4333 fieri
1104 4270 1472 4352 potuisset,si
1496 4271 1822 4333 universim
1849 4282 1908 4337 et
1935 4271 2180 4335 omnino
2201 4279 2258 4331 et
2281 4268 2439 4348 apud
2463 4285 2672 4328 omnes
2692 4275 2900 4346 gentes
2917 4264 3023 4326 Dei
3046 4263 3255 4324 notitia
3288 4263 3644 4325 defecisset?

344 4364 375 4444 ἕ
409 4362 515 4425 IV.
549 4364 662 4423 Καὶ
692 4370 846 4419 τοῦτο
875 4360 930 4417 δὲ
960 4363 1258 4437 ὑπομνήσω
1304 4362 1403 4429 τὴν
1454 4363 1553 4430 σὴν
1599 4364 1905 4443 ἱεραρχικὴι

2082 4361 2231 4443 §lV.
2268 4359 2418 4420 illud
2439 4375 2677 4439 quoque
2703 4354 3021 4444 pontificiis
3045 4362 3160 4416 tuae
3180 4353 3444 4444 scientias
3477 4372 3647 4415 com-

260 4441 478 4514 mfw'eow
511 4453 665 4533 (φησί
735 4453 867 4532 πρὸς
940 4450 1028 4507 τὸν
1105 4450 1326 4531 Ἐφέσου
1359 4451 1643 4530 Τιμόθεον)
1700 4441 1789 4510 ὅτι
1830 4455 1905 4511 κατ

2006 4441 2344 4514 memorabo
2384 4447 2734 4530 (alloquitur
2759 4446 2833 4507 ad
2858 4441 3485 4533 Timotheumbiphesi
3516 4444 3646 4523 epi—

259 4546 311 4603 αῐ
341 4543 473 4602 καθ’
502 4530 699 4607 ὕπνους
756 4530 963 4620 ὁράσεις
1012 4540 1090 4615 τῷ
1139 4530 1339 4618 Φαραὼ
1386 4542 1474 4598 καὶ
1524 4548 1600 4615 τῷ
1631 4541 1905 4623 Ναϐουχο-

2004 4538 2275 4622 scopum)
2309 4536 2604 4619 quomodo
2637 4535 2819 4600 etiam
2859 4532 3152 4596 Pharaoni
3178 4541 3236 4594 et
3255 4530 3647 4595 Nabuchodo-

258 4632 511 4712 δονόσορ,
577 4628 663 4690 διὰ
718 4635 825 4687 τῶν
883 4629 1127 4709 ἀγγέλων
1176 4635 1281 4687 τῶν
1328 4630 1748 4688 ἐπιστατοῦντων
1778 4631 1905 4689 ἰδίως

2005 4630 2210 4692 nosori
2241 4648 2350 4710 per
2379 4627 2641 4708 angelos,
2699 4623 3002 4688 nationum
3036 4623 3319 4703 praesides
3351 4623 3644 4712 proprios,

256 4737 379 4789 τοτς
412 4723 617 4779 ἔθνεσιν
648 4720 988 4800 ἐγεγένηντο,
1041 4717 1156 4777 καθ’
1215 4720 1275 4785 ἃς
1325 4722 1533 4798 ὁράσεις
1565 4724 1625 4776 τὸ
1654 4719 1749 4788 τῆς
1783 4722 1905 4779 πάν·

2007 4720 2066 4782 in
2100 4719 2328 4781 somnis
2349 4717 2609 4780 visiones
2628 4716 2750 4778 sint
2766 4713 3185 4793 exhibitm,per
3203 4730 3350 4790 quas
3381 4710 3647 4773 omnium

258 4837 364 4872 των
398 4811 657 4892 προνοίας
709 4813 798 4868 καὶ
856 4809 1169 4890 κυριότητος
1228 4809 1585 4883 κηδεμονικὸν
1637 4816 1730 4868 τοῦ
1787 4818 1905 4868 Θεοί

2000 4815 2095 4875 95
2128 4812 2514 4894 providentiae
2545 4831 2612 4874 ac
2634 4808 3064 4872 dominationis
3086 4806 3190 4867 Dei
3221 4824 3362 4867 cura
3394 4804 3466 4865 iis
3494 4805 3649 4866 insi-

260 4901 702 4982 διεπορθμεΰετο“
763 4902 913 4963 οὗτος
944 4899 1044 4979 γέιρ
1082 4901 1265 4979 Κύριος
1300 4901 1392 4957 καὶ
1422 4901 1727 4979 προνοητὴς
1778 4900 1917 4957 παν-

259 5017 365 5052 των
397 4993 494 5051 ιιαὶ
525 4992 681 5066 Θεὸς,
744 4991 817 5052 ὡς
874 4991 960 5046 ἰαὶ
1015 4991 1042 5046 ὁ
1094 4988 1297 5056 Παδλος
1347 4988 1628 5069 πολλαχοῦ
1655 4988 1921 5061 ἐδήλωσεν

264 5083 455 5141 εἰπών’
513 5081 605 5149 Μὴ
655 5082 750 5138 οὒκ
802 5078 944 5138 ἔστιν
998 5081 1025 5136 ὁ
1081 5080 1211 5142 Θεὸς
1244 5079 1330 5135 καὶ
1362 5078 1557 5159 tam;
1604 5080 1686 5135 ναὶ
1716 5082 1803 5136 καὶ
1834 5080 1924 5136 ἰθ-

264 5180 391 5251 νῶν,
428 5171 592 5249 εἴπερ
662 5170 749 5235 εἷς
819 5173 847 5226 ὁ
921 5167 1076 5232 956;.
1149 5166 1303 5225 Ἀλλ’
1374 5172 1426 5226 αἱ
1482 5169 1687 5248 ὁράσεις
1718 5169 1814 5245 μὲν
1844 5168 1928 5226 διὰ

265 5271 370 5321 τῶν
401 5260 683 5342 ἀγγέλων,
717 5261 770 5317 αἱ
799 5257 856 5316 δὲ
882 5257 1059 5323 λύσεις
1104 5256 1429 5339 ἀλλαχόθεν,
1480 5260 1571 5315 καὶ
1597 5259 1655 5315 οὔ
1684 5258 1767 5317 διὰ
1798 5259 1925 5316 τού·-

267 5374 398 5430 των,
457 5350 572 5425 ὅσῳ
621 5351 709 5407 καὶ
764 5354 897 5407 Θεοῦ
942 5348 1263 5428 θεράποντες
1316 5349 1562 5429 δπῆρχον
1607 5349 1655 5405 οἱ
1702 5348 1923 5429 συγκρί-

272 5462 450 5506 νοντες
502 5440 569 5497 τὰ
620 5438 889 5520 ὀνείρατα,
944 5438 1033 5496 καὶ
1083 5441 1188 5493 τῶν
1240 5436 1505 5517 ἀγγέλων,
1558 5435 1739 5516 ἔγγὺς,
1784 5437 1923 5520 ὥστε

275 5529 376 5588 ἐπὶ
404 5536 542 5588 Θεοῦ
594 5527 662 5587 δι’
725 5532 901 5588 αὐτῶν
956 5519 1041 5584 τδί
1080 5533 1186 5584 τῶν
1244 5525 1534 5584 ἓπιλύσεων
1574 5527 1828 5605 γίνεσθαι.
1865 5519 1923 5584 Ὀ

278 5620 369 5699 γὰρ
423 5617 630 5702 Ἰωσὴφ
678 5618 747 5676 τὰ
794 5623 890 5676 τοῦ
939 5617 1140 5696 Φαραὼ
1190 5615 1431 5697 ὀνείρατα
1479 5615 1631 5674 ἔλυεν
1659 5616 1789 5695 ὑπὲρ
1817 5620 1924 5673 τῶν

348 5736 575 5808 τΒοω.
604 5752 701 5815 In,
745 5735 858 5797 29.

2006 4903 2329 4965 nuabatur:
2358 4901 2650 4984 siquidem
2677 4901 2773 4962 hic
2801 4896 3216 4970 estDominus,
3253 4902 3312 4955 et
3359 4894 3647 4974 provisor,

2009 5002 2066 5054 et
2100 4992 2254 5054 Deus
2285 4983 2576 5073 omnium,
2610 4991 2764 5053 sicut
2790 4988 2964 5051 etiam
2998 4984 3217 5049 Paulus
3276 4984 3476 5045 multis
3505 4983 3650 5046 locis

2012 5080 2351 5158 declaravit,
2386 5080 2592 5143 dicens
2617 5101 2630 5143 :
2656 5077 2951 5159 Nunquid
2977 5080 3063 5138 est
3098 5074 3256 5136 Deus
3281 5076 3466 5136 etiam
3492 5090 3649 5155 gen-

2009 5172 2194 5234 tium?
2215 5172 2336 5235 imo
2384 5178 2440 5233 et
2466 5171 2759 5252 gentium,
2791 5166 3075 5246 quoniam
3106 5181 3267 5226 unus
3296 5174 3386 5226 est
3421 5163 3582 5226 Deus
3605 5181 3647 5224 r.

2012 5262 2231 5323 Verum
2262 5261 2521 5323 visiones
2544 5258 2787 5341 quidem
2822 5274 2928 5336 per
2954 5254 3221 5334 angelos,
3250 5252 3652 5316 resolutiones

2011 5359 2209 5414 autem
2242 5349 2509 5430 aliunde,
2534 5356 2594 5411 et
2622 5365 2743 5410 non
2772 5363 2880 5428 per
2908 5345 3037 5421 hos,
3072 5343 3151 5406 ita
3182 5351 3244 5405 ut
3270 5342 3371 5405 Dei
3403 5341 3651 5421 fuerint,

2009 5440 2360 5521 angelisque
2383 5438 2721 5520 propinqui,
2745 5434 2849 5517 qui
2879 5432 3112 5496 somnia
3142 5430 3658 5521 dijudicarunt,ita

2010 5539 2073 5594 ut
2094 5517 2135 5593 λ
2166 5517 2288 5595 Deo
2316 5517 2423 5609 per
2451 5517 2587 5593 illos
2617 5517 2822 5589 eorum
2872 5522 3157 5587 resolutio
3206 5524 3409 5609 fieret.
3431 5517 3657 5598 Joseph

2007 5619 2168 5685 enim
2182 5608 2357 5686 solvit
2380 5621 2611 5684 somnia
2628 5615 2951 5680 Pharaonis
2972 5629 3158 5694 super
3169 5608 3508 5692 ZEgyptios,
3536 5609 3658 5671 Da-
