4112 6160
261 409 373 477 277

671 420 771 483 DE
814 416 1166 483 CCELESTI
1210 411 1717 496 HIERARCHIA,
1767 416 1934 481 CAP.
1985 418 2120 481 VII.
2169 452 2247 466 -—
2292 418 2679 483 PARAPHB.
2733 416 3252 482 PACHYMERIE.

3532 418 3648 485 278

264 552 596 631 πρεσϐυτάτη
661 554 746 635 (οὗ
802 556 938 613 κατὰ
988 555 1205 635 χρόνον,
1240 553 1376 613 ἀλλὰ
1406 556 1542 612 κατὰ
1572 554 1741 633 τάξιν)
1770 554 1904 613 πάν-

1995 551 2329 632 tiquissima
2358 555 2501 630 (non
2532 553 2861 615 secundum
2894 560 3149 633 tempus,
3169 554 3272 616 sed
3303 555 3637 619 secundum

260 665 364 709 τως
428 642 786 722 διακόσμησις
847 648 954 702 τῶν
1014 646 1129 724 περὶ
1191 648 1320 703 Θεὸν
1378 647 1464 704 καὶ
1533 645 1712 721 κύκλῳ
1785 647 1917 703 Θεοῦ

257 735 396 790 νόων
434 734 596 813 (κατὰ
655 737 745 793 τοο
806 735 995 811 Κύκλῳ
1055 739 1212 796 αὐτοῦ
1266 738 1300 804 ἦ
1360 737 1535 805 σκηνῆ
1593 740 1769 796 αὒτοῠ’
1814 735 1912 796 κᾶν

257 826 346 881 καὶ
420 825 550 903 ὑπὲρ
624 831 730 883 πᾶν
802 825 968 905 πέρας
1026 828 1111 884 καὶ
1170 825 1383 906 ἄπειρον
1441 828 1503 885 τό
1560 826 1714 885 Θετόν
1745 826 1909 908 ἐστιν)

257 915 364 970 ὑπὸ
391 919 488 982 τῆς
520 913 841 992 ἐλλάμψεως
878 916 974 984 τῆς
1017 915 1267 996 ἀρχηγοῦ
1294 968 1311 985 ._
1327 917 1415 974 καὶ
1468 917 1636 981 αἰτίας
1665 918 1911 975 ἁπάντων

259 1006 366 1060 τῶν
405 1004 761 1085 τελειώσεων,
825 1007 1318 1085 μυσταγωγουμένη
1360 1005 1466 1085 (διὰ
1520 1009 1580 1065 τὸ
1637 1006 1714 1085 μὴ
1767 1006 1907 1064 εἶναι

260 1092 443 1169 ἑτέραν
471 1095 575 1172 πρὸ
607 1098 771 1163 αὐτῆς
822 1094 990 1169 τάξιν,
1053 1092 1175 1153 ἀλλ’
1234 1096 1396 1165 αὐτὴν
1447 1097 1658 1172 ἆμὲσως
1691 1096 1777 1154 ἰπ⁹
1809 1099 1907 1154 αύ-

259 1186 355 1251 τὴν
386 1184 767 1259 ἀνατείνεσθαι,
802 1184 1098 1261 ἑλκομένην
1158 1190 1274 1244 οἷον
1332 1187 1434 1244 ὑπὸ
1489 1193 1581 1244 τοῦ
1618 1188 1911 1265 αύταγάθου

257 1275 345 1331 καὶ
375 1280 609 1352 φυσικῶς
673 1275 893 1354 ἆγαθοῦ,
953 1277 1013 1331 οὗ
1068 1276 1156 1332 καὶ
1213 1276 1389 1334 πάντα
1444 1276 1699 1356 ἐφίενται·
1758 1282 1910 1333 τοῦτο

263 1364 365 1441 γὰρ
420 1364 532 1420 ἐστι
600 1366 662 1421 τὸ
731 1365 1109 1422 ἀνατείνεσθαι⁶
1186 1370 1245 1427 οὐ
1315 1366 1415 1446 γὰρ
1485 1366 1700 1445 ἀφίησιν
1746 1367 1911 1435 αὒτὴν

258 1454 510 1529 ἠρεμεῖν,
573 1455 660 1511 καὶ
716 1457 835 1513 οἷον
895 1454 1277 1531 ἐπινυστάξειν,
1346 1459 1379 1526 ἡ
1438 1455 1663 1536 ἄῤῥητος
1734 1454 1909 1524 ἐκείνη

258 1543 409 1608 ἀκτὶς
468 1541 896 1622 ἒπιλάμπουσα),
956 1546 1285 1622 καθαίρεται,
1347 1546 1435 1603 καὶ
1491 1547 1793 1626 φωτίζεται,
1827 1545 1911 1604 καὶ

253 1633 708 1712 τελεσιουργεῖται
784 1634 839 1690 ἰν
908 1634 1240 1714 κρυφιωτέρᾳ
1308 1636 1397 1693 καὶ
1468 1634 1733 1714 φανοτὲρᾳ
1800 1636 1912 1707 θείᾳ

253 1720 575 1802 φωτοδοσίᾳ,
662 1722 959 1785 Κὰντεῦθεν
1030 1722 1215 1799 δῆλον,
1280 1724 1361 1783 ὅτι
1416 1727 1518 1782 ὑπὸ
1574 1730 1674 1792 τῆς
1710 1723 1909 1792 τάξεως

250 1814 437 1894 ἔχουσι
468 1814 565 1883 τὴν
596 1813 864 1890 ἕλλαμψιν
896 1812 1139 1875 πλείονα.
1175 1816 1233 1873 Εἰ
1267 1816 1362 1895 γὰρ
1391 1813 1557 1879 οὕτως
1617 1813 1906 1893 ἐδημιουρ-

248 1907 415 1983 γήθη,
465 1903 603 1961 ὥστε
662 1904 851 1974 πρώτη
913 1905 1081 1984 εἶναι,
1128 1904 1244 1963 οὔτε
1275 1905 1600 1983 καθάρσεως,
1643 1904 1759 1962 οὔτε
1789 1926 1906 1985 φω-

250 2002 445 2069 τισμοῦ
476 1992 674 2071 ἐδέετο,
708 1993 848 2052 οὕτω
896 1993 1222 2069 πλασθετσα,
1280 1994 1419 2053 ὥστε
1474 1996 1563 2052 καὶ
1620 1994 1735 2061 ἀξία
1766 1994 1908 2052 εἶναι

250 2090 349 2152 τῆς
377 2084 599 2163 πρώτης
644 2084 873 2150 τάξεως.
931 2085 1306 2165 Κρυφιωτέραν
1365 2083 1419 2141 δὲ
1477 2086 1563 2142 καὶ
1618 2083 1908 2165 φανοτὲραν

247 2176 350 2242 τὴν
384 2175 549 2242 αὐτὴν
586 2187 742 2232 εἶπεν
783 2173 1130 2255 φωτοδοσίαν’
1191 2176 1226 2231 ἃ
1278 2173 1345 2243 δὴ
1404 2176 1493 2232 καὶ
1551 2174 1758 2232 ἐναντία
1788 2175 1905 2252 περὶ

247 2266 309 2321 τὸ
341 2265 468 2321 αὗτὸ
498 2265 741 2344 φαίνεταί
770 2286 885 2328 πως
944 2264 1115 2323 εἶναι.
1175 2266 1249 2323 Τὸ
1306 2265 1406 2343 γὰρ
1463 2264 1680 2343 κρύφιον
1709 2263 1768 2321 οὗ
1798 2287 1907 2342 φα-

249 2361 362 2411 νόν·
401 2356 579 2410 καὶτὸ
655 2356 821 2433 φανὸν
878 2357 938 2413 οὐ
960 2350 1196 2433 κρύφιον,
1255 2354 1393 2411 κατὰ
1449 2360 1631 2411 τοῦτον
1661 2354 1753 2409 τὸν
1780 2353 1907 2432 τρό-

242 2468 369 2507 πον,
408 2446 466 2502 Εἰ
492 2444 593 2520 γὰρ
624 2445 711 2500 καὶ
740 2443 949 2500 ἐναντία
981 2445 1079 2500 εἰσὶ
1134 2444 1252 2523 περὶ
1309 2444 1370 2499 τὸ
1428 2444 1579 2515 αὐτὸ,
1613 2441 1749 2499 ἀλλὰ
1776 2444 1907 2522 πρὸς

245 2534 383 2590 ἄλλο
444 2534 537 2590 καὶ
590 2530 721 2589 ἄλλο
780 2538 1041 2590 νοοῦνται.
1078 2532 1417 2611 Κρυφιωτέρα
1477 2532 1575 2606 μὲν
1618 2532 1718 2609 γὰρ
1775 2533 1906 2607 πρὸς

245 2626 412 2697 ἣμᾶς,
445 2624 520 2685 ὡς
551 2620 844 2700 νοητοτὲρα
880 2620 1089 2701 (νοηταὶ
1153 2621 1251 2700 γὰρ
1310 2621 1395 2677 καὶ
1452 2622 1506 2676 αἱ
1568 2622 1675 2676 τῶν
1705 2619 1905 2678 ὑποϐε-

243 2711 484 2779 ϐηκνιῶν
544 2710 747 2777 τάξεων
807 2709 1157 2790 ἒλλάμψεις),
1219 2709 1505 2788 νοητοτὲρα
1576 2707 1631 2766 δὲ
1704 2712 1737 2778 ἡ
1808 2711 1905 2778 τῆς

244 2803 495 2880 πρώτης,
555 2802 642 2858 καὶ
700 2803 836 2875 ἡμῖν
879 2800 1273 2879 ἂγνωστοτὲρα,
1305 2799 1389 2856 διὰ
1417 2807 1571 2857 τοῦτο
1597 2802 1684 2856 καὶ
1715 2799 1904 2857 ἄπλω-

241 2894 368 2958 τικῆ
408 2892 507 2971 (ὡς
541 2892 618 2967 μὴ
648 2890 1051 2965 κατανοοδμένη
1108 2890 1419 2947 ἆπεντεῦθεν
1478 2888 1567 2946 διὰ
1602 2913 1742 2954 τινος
1796 2898 1903 2947 τῶν

241 2982 519 3061 ἡμετέρων
572 2983 660 3038 καὶ
701 2980 1021 3060 χθαμαλῶν,
1090 2981 1123 3036 ἃ
1179 2978 1244 3048 δὴ
1300 2980 1388 3037 καὶ
1445 2982 1706 3045 συνθέσεις
1751 2980 1900 3061 εἰσὶν)

237 3072 380 3129 ἀλλὰ
408 3074 497 3129 καὶ
529 3072 792 3135 ἑνοποιός,
857 3062 1024 3144 ιὈσῳ
1082 3070 1183 3148 γὰρ
1241 3074 1338 3136 τῆς
1374 3069 1504 3136 ὕλης
1535 3072 1691 3145 ἡμῶν
1723 3073 1750 3126 ὁ
1784 3078 1903 3133 νοῦς

238 3161 636 3233 ἁποδιισταται,
672 3166 927 3217 τοσοῦτον
975 3162 1095 3236 περὶ
1154 3160 1215 3215 τὸ
1272 3158 1328 3215 ἓν
1386 3174 1585 3239 χωρεῖ,
1619 3162 1704 3216 καὶ
1736 3159 1903 3217 ἀύλο-

238 3253 433 3331 τέρως,
471 3253 545 3316 ὡς
583 3249 644 3306 ἅν
676 3272 755 3312 τις
819 3248 992 3328 εἴποι,
1024 3255 1116 3305 τοῦ
1147 3251 1339 3315 νοητοῦ
1371 3247 1764 3327 ἐπιδράττεται.
1802 3251 1906 3312 Καὶ

237 3343 288 3397 τί
337 3340 485 3418 λέγω
546 3342 620 3402 εἷς
680 3341 867 3417 ταῦτα,
902 3338 1033 3395 ὅπου
1066 3359 1127 3416 γε
1160 3343 1227 3414 τῇ
1258 3340 1495 3406 αἰσθήσει
1546 3346 1702 3395 τοῦτο
1761 3361 1905 3415 συμ-

237 3430 409 3487 ϐαίνει
442 3432 515 3492 εἰς
547 3429 612 3485 τὰ
645 3429 868 3495 αἰσθητὰ
899 3429 1184 3506 πράγματα
1214 3447 1229 3499 ;
1286 3427 1553 3505 πὸῤῥωθεν
1614 3430 1713 3506 γὰρ
1769 3428 1905 3503 βλέ-

237 3519 437 3582 ποντὲς
471 3542 549 3587 τι,
590 3518 805 3593 οἰόμεθα
865 3517 900 3586 ἢ
958 3523 1093 3588 ζῶον
1152 3516 1320 3588 εἶναι,
1389 3518 1419 3583 ἢ
1467 3516 1611 3574 λίθον
1645 3520 1837 3595 τυχὸν,
1868 3517 1905 3584 ἢ

246 3608 489 3689 δένδρον,
543 3609 578 3675 ἢ
630 3606 763 3664 ἄλλο
793 3627 866 3663 τι·
913 3608 1352 3685 προσεγγίζοντες
1384 3603 1438 3661 δὲ
1468 3612 1600 3676 ζῶον
1632 3608 1901 3680 μανθάνο-

236 3721 361 3778 μεν,
396 3699 486 3754 καὶ
518 3695 719 3753 τοιόνδε
802 3702 962 3769 ζῶον,
1049 3695 1321 3771 ἄνθρωπον
1368 3697 1559 3775 τυχὸν,
1605 3700 1703 3752 καὶ
1746 3696 1901 3753 τόνδε

236 3791 327 3845 τὸν
363 3786 667 3861 ἄνθρωπον.
729 3783 834 3846 Καὶ
894 3786 959 3843 τὰ
1012 3782 1194 3841 παιδία
1256 3784 1512 3863 πρότερον
1542 3786 1746 3850 πάντας
1778 3787 1897 3851 τοὺς

239 3876 438 3952 ἄνδρας
482 3873 717 3951 πατέρας
778 3873 957 3953 καλεῖ,
1022 3875 1110 3930 καὶ
1171 3872 1405 3952 μητέρας
1462 3874 1558 3936 τὰς
1615 3888 1896 3951 γυναῖκας’

234 3968 463 4043 ὕστερον
509 3962 564 4020 δὲ
621 3966 953 4021 iuononi-ut
1011 3965 1045 4030 ἡ
1102 3969 1299 4041 γνῶσις
1357 3964 1579 4036 τούτων,
1611 3964 1699 4020 καὶ
1729 3967 1897 4042 γινώ-

234 4077 423 4113 σκουσι
458 4056 581 4119 τοὺς
617 4052 836 4120 ἀληθεῖς
866 4052 1126 4131 πατέρας.
1164 4050 1320 4114 Εἶδες
1379 4058 1494 4117 πῶς
1553 4054 1588 4121 ἡ
1646 4051 1900 4122 αἴσθησις

235 4148 600 4202 ἑνοποιεῖται’
634 4152 790 4201 τοῦτο
819 4144 906 4200 καὶ
945 4145 972 4199 ὁ
1005 4149 1128 4205 νοῦς
1161 4143 1362 4222 πάσχει
1399 4156 1515 4207 τοῖς
1546 4156 1766 4209 νοητοῖς
1797 4145 1903 4219 ἐμ-

232 4234 509 4293 ϐατεύων.
574 4233 725 4291 Ἀλλ’
784 4232 1019 4289 ἐντεῦθεν
1076 4232 1437 4289 ὕπανακύπτει
1496 4232 1687 4311 ἀπορία
1732 4233 1901 4312 ἀναγ-

234 4326 390 4397 καία,
458 4329 573 4385 πῶς
635 4322 673 4389 ἡ
733 4322 830 4399 μὲν
890 4322 1142 4389 αἴσθησις
1202 4322 1275 4386 εἷς
1328 4323 1390 4378 τὸ
1437 4319 1719 4399 ἐγγύτερον
1757 4324 1903 4399 μᾶλ-

229 4419 326 4471 λον
358 4415 719 4483 ἐνοποιεῖται,
776 4416 798 4469 5
855 4411 909 4468 δὲ
962 4419 1079 4475 νοῦς
1136 4412 1210 4473 εἷς
1267 4412 1325 4467 τὸ
1376 4409 1726 4489 ποῤῥωτερον,
1762 4417 1847 4470 καὶ
1878 4415 1905 4471 ὃ

1997 642 2290 711 ordinem)
2307 642 2553 704 omnino
2569 641 2905 705 distributio
2922 660 3123 703 earum
3138 663 3268 725 quae
3280 644 3439 707 circa
3453 644 3639 707 Deum

1997 740 2055 793 et
2079 732 2139 792 in
2158 732 2412 793 circuitu
2435 731 2541 794 Dei
2562 731 3239 810 suntintelligentiarum
3261 736 3448 813 (juxta
3466 734 3638 797 illud:

1995 820 2070 883 In
2092 823 2359 885 circuitu
2386 823 2582 903 ipsius
2605 821 3059 884 tabernaculum
3083 824 3211 896 ejus
3241 838 3264 867 ν
3286 843 3301 903 ;
3326 825 3440 885 etsi
3461 825 3640 888 etiam

1995 930 2176 993 super
2213 931 2453 975 omnem
2485 914 2818 976 terminum
2853 921 2909 974 et
2929 915 3021 974 97
3048 913 3400 975 inﬁnitatem
3427 918 3642 980 sitNu-

1997 1020 2133 1064 men
2153 1002 2441 1078 divinum)
2460 1002 2532 1065 ab
2556 1003 2811 1085 ipsamet
2834 1004 3108 1084 primitus
3126 1003 3399 1067 initiante
3421 1007 3644 1071 illumi-

1994 1092 2234 1155 natione
2248 1100 2666 1155 etcazterarum
2682 1093 3079 1155 initiationum
3099 1112 3281 1156 causa
3295 1108 3643 1163 consecrata

1997 1181 2091 1258 (eo
2109 1182 2265 1264 quod
2289 1202 2407 1245 non
2426 1183 2505 1244 sit
2522 1183 2669 1244 alius
2691 1183 2835 1244 ordo
2861 1191 2994 1244 ante
3013 1182 3223 1263 ipsam,
3250 1185 3352 1246 sed
3381 1186 3633 1266 ipsamet

1992 1271 2337 1335 immediate
2353 1273 2431 1335 ad
2449 1292 2578 1335 eam
2600 1272 3235 1352 extendatur,attracta
3257 1275 3642 1354 quodammo-

1993 1360 2068 1424 do
2099 1362 2174 1424 ab
2204 1363 2462 1444 ipsomet
2491 1381 2597 1444 per
2626 1382 2690 1424 se
2720 1362 2900 1440 bono,
2952 1372 3010 1425 et
3052 1372 3263 1424 natura
3295 1363 3450 1426 bono
3480 1369 3640 1447 quod

1995 1454 2194 1515 omnia
2219 1461 2527 1534 appetunt;
2558 1454 2673 1514 hoc
2702 1453 2862 1515 enim
2897 1460 2985 1513 est
3016 1453 3293 1530 extendi;
3326 1473 3444 1516 non
3476 1459 3636 1519 enim

1995 1541 2428 1605 ineifabilisille
2451 1541 2923 1605 radiusillucens
2959 1542 3241 1621 permittit
3264 1544 3453 1623 ipsam
3484 1547 3633 1609 soli-

1994 1634 2200 1695 tariam
2233 1642 2291 1694 et
2338 1632 2777 1714 quodammodo
2830 1632 3180 1713 dormitare)
3220 1643 3519 1717 purgatur,
3578 1647 3637 1699 et

1991 1722 2363 1785 illuminatur
2375 1731 2550 1805 atque
2566 1722 3193 1804 perﬁcitursecretiori
3221 1722 3402 1784 simul
3423 1733 3481 1786 et
3501 1743 3633 1787 ma-

1931 1845 1971 1897 B
1995 1812 2282 1875 nifestiori
2313 1810 2514 1874 divina
2565 1810 2982 1874 illustratione.
3037 1811 3207 1873 Unde
3239 1814 3413 1874 etiam
3450 1823 3627 1895 patet,

1994 1902 2149 1983 quod
2172 1901 2284 1964 sub
2297 1902 2505 1964 ordine
2521 1901 2858 1964 uberiorem
2877 1901 3133 1963 habeant
3150 1901 3629 1972 illustrationem.

1993 1994 2050 2056 Si
2076 1999 2234 2055 enim
2258 1998 2337 2053 ita
2358 1992 2595 2054 condita
2616 1999 2771 2054 esset
2800 1991 2902 2051 illa
2933 1990 3262 2071 distinctio,
3294 2000 3356 2054 ut
3385 1996 3631 2059 omnino

1993 2089 2183 2165 prima
2198 2091 2375 2158 esset,
2393 2101 2589 2163 neque
2612 2082 2959 2163 purgatione
2982 2099 3176 2162 neque
3196 2082 3631 2149 illuminatione

1993 2190 2139 2253 opus
2169 2170 2437 2243 haberet,
2473 2191 2605 2233 cum
2637 2177 2717 2233 ita
2744 2171 2994 2232 formata
3018 2171 3190 2247 foret,
3218 2180 3281 2232 ut
3305 2174 3494 2252 primo
3523 2196 3629 2239 or—

1991 2261 2131 2324 dine
2144 2262 2320 2341 digna
2334 2269 2515 2323 esset.
2538 2261 2935 2324 Secretiorem
2958 2269 3156 2322 autem
3182 2269 3239 2322 et
3261 2264 3629 2328 manifestio-

1991 2368 2116 2413 rem
2151 2350 2423 2414 eamdem
2457 2351 2682 2413 vocavit
2732 2351 3210 2423 illustrationem,
3260 2371 3395 2431 quae
3428 2356 3629 2435 utique

1991 2446 2149 2505 circa
2178 2442 2337 2503 idem
2369 2440 2647 2503 videntur
2680 2440 2851 2521 quasi
2904 2457 3036 2501 esse
3086 2443 3402 2504 contraria.
3459 2444 3628 2515 Quod

1992 2530 2152 2594 enim
2185 2531 2480 2592 occultum
2514 2538 2624 2604 est,
2660 2548 2778 2591 non
2811 2537 2900 2590 est
2931 2528 3305 2590 manifestum
3334 2549 3348 2605 ;
3384 2540 3442 2592 et
3470 2536 3628 2613 quod

1992 2621 2392 2701 manifestum,
2419 2639 2537 2680 non
2560 2628 2648 2681 est
2672 2619 3173 2697 occultum,juxta
3199 2620 3475 2682 eumdem
3506 2642 3627 2685 m0-

1990 2709 2282 2773 dum.Etsi
2306 2709 2466 2771 enim
2489 2710 2665 2770 etiam
2684 2710 2982 2771 contraria
2997 2716 3131 2768 sunt
3154 2719 3429 2787 respectu
3458 2713 3627 2792 ejus-

1990 2800 2150 2865 dem.
2178 2800 2248 2861 ad
2273 2800 2430 2862 aliud
2459 2808 2657 2862 tamen
2689 2808 2863 2880 atque
2896 2798 3052 2859 aliud
3075 2799 3499 2878 intelliguntur.
3519 2801 3626 2867 Oc-

1990 2892 2202 2953 cultior
2214 2891 2454 2972 quidem
2473 2900 2561 2951 est
2583 2890 2776 2963 nobis,
2796 2889 2932 2970 quia
2958 2889 3342 2969 spiritualior;
3362 2891 3627 2972 (spirita-

1988 2980 2077 3042 les
2092 2981 2252 3043 enim
2266 2988 2474 3043 suntet
2487 2980 2839 3042 inferiorum
2856 2979 3130 3039 ordinum
3154 2980 3626 3065 illustrationesz)

1989 3070 2358 3148 spiritualior
2381 3079 2578 3132 autem
2604 3078 2694 3132 est
2719 3069 2817 3131 illa
2840 3069 3044 3149 prima;
3063 3069 3500 3134 distributionis
3526 3093 3628 3136 uo-

1990 3159 2201 3240 bisque
2247 3160 2536 3238 ignotior;
2571 3159 2795 3223 idcirco
2827 3160 3002 3221 etiam
3040 3159 3350 3239 simpliﬁca
3379 3168 3469 3235 (ut
3498 3182 3625 3243 qua:

1988 3268 2107 3311 non
2139 3250 2511 3328 cognoscitur
2534 3268 2639 3326 per
2657 3249 2912 3330 aliquam
2939 3267 2971 3309 e
2993 3248 3172 3309 rebus
3191 3250 3406 3309 nostris
3430 3259 3626 3314 terre-

1987 3339 2103 3414 nis,
2131 3358 2263 3421 quze
2287 3339 2809 3419 compositaasunt)
2834 3337 2978 3417 quin
2999 3346 3055 3397 et
3076 3338 3315 3400 uniﬁca.
3345 3339 3640 3409 Quantum

1987 3429 2149 3491 enim
2174 3448 2209 3490 a
2228 3429 2474 3490 materia
2492 3446 2663 3489 mens
2685 3435 2885 3487 nostra
2907 3427 3154 3501 recedit,
3174 3427 3545 3489 tantumdem
3558 3430 3633 3489 ad

1989 3537 2172 3579 unum
2208 3518 2418 3593 tendit,
2439 3525 2499 3579 et
2520 3516 3002 3590 immaterialius,
3028 3523 3089 3575 ut
3122 3514 3206 3577 ita
3232 3515 3369 3591 quis
3399 3515 3638 3583 dixerit.

1985 3607 2535 3669 remintellectilem
2555 3605 3032 3685 comprehendit.
3049 3604 3272 3685 Ecquid
3294 3605 3424 3666 dico
3444 3606 3502 3666 in
3519 3607 3631 3683 his,

1986 3716 2119 3770 cum
2157 3699 2215 3758 id
2246 3697 2448 3760 sensui
2481 3714 2724 3777 quoque
2756 3696 3199 3775 accidatquoad
3222 3714 3319 3757 res
3349 3695 3630 3757 sensiles‘?

1984 3788 2279 3868 siquidem
2302 3788 2539 3849 eminus
2561 3785 2863 3866 quidpiam
2884 3784 3175 3864 videntes,
3194 3792 3471 3865 putamus
3489 3785 3635 3846 illud

1983 3879 2073 3939 vel
2096 3876 2314 3941 animal
2336 3876 2602 3950 esse,vei
2629 3877 2780 3937 forte
2802 3875 3086 3954 lapidem,
3105 3876 3193 3935 vel
3220 3874 3524 3955 arborem,
3540 3874 3631 3937 vel

1984 3967 2126 4049 quid
2141 3968 2324 4047 aliud;
2342 3966 2895 4047 appropinquantes
2909 3983 3046 4026 vero
3065 3965 3484 4041 cognoscimus
3500 3982 3632 4027 esse

1984 4057 2227 4131 animal,
2251 4066 2309 4119 et
2331 4056 2574 4137 quidem
2600 4057 2715 4117 tale
2737 4055 2978 4128 animal,
3000 4054 3301 4115 hominem
3323 4054 3486 4116 verbi
3504 4072 3630 4133 gra-

1986 4146 2088 4221 tia,
2124 4156 2183 4208 et
2212 4149 2370 4209 hunc
2401 4146 2732 4207 hominem.
2784 4144 2884 4207 Sic
2933 4143 3103 4224 pueri
3135 4144 3390 4223 primum
3421 4162 3629 4206 omnes

1987 4243 2140 4298 viros
2168 4244 2365 4317 patres
2391 4242 2625 4315 vocant,
2652 4241 2989 4313 matresque
3008 4233 3280 4306 feminas,
3304 4238 3510 4312 postea
3527 4250 3633 4294 ve‘

1985 4346 2052 4388 ro
2085 4328 2296 4389 horum
2328 4325 2585 4404 cognitio
2619 4324 2957 4402 uniﬁcatur,
2988 4329 3430 4401 agnOSCuntque
3461 4335 3629 4383 veros

1990 4412 2490 4497 parentes.Vides
2523 4413 2822 4490 quomodo
2850 4429 3060 4473 sensus
3093 4411 3405 4471 uniticetur
3435 4431 3448 4473 :
3475 4409 3633 4472 idem

272 4508 287 4529 ν
338 4505 352 4523 ἰ
498 4504 506 4517 ι
711 4502 723 4524 ι
1036 4502 1047 4519 ι
1086 4500 1109 4519 II
1491 4500 1515 4519 υ
1709 4501 1723 4525 ν

230 4526 399 4568 αυτος
448 4501 597 4579 λεγει
630 4523 889 4582 κρύφιονς
948 4499 1051 4562 Και
1086 4522 1227 4557 εστιν
1260 4500 1455 4579 εἰπεὶν,
1489 4522 1576 4556 οτι
1606 4524 1705 4558 κατ
1757 4502 1900 4574 ἀλή-

1988 4506 2165 4569 etiam
2194 4505 2381 4566 menti
2412 4503 2647 4577 accidit,
2679 4502 2819 4563 dum
2843 4501 2913 4561 ad
2946 4518 3040 4562 res
3065 4499 3448 4562 intellectiles
3469 4517 3637 4562 acce-

230 4598 382 4650 θειαν
418 4591 601 4648 ἐκεῖνο
630 4590 747 4670 ἔχει
794 4594 821 4647 ὁ
850 4600 971 4651 νοῦς
1006 4587 1307 4666 ἐγγύτερον,
1351 4590 1411 4644 τὸ
1446 4588 1690 4647 ἐπέκεινα
1722 4592 1904 4660 πάσης

230 4682 438 4749 ὑλικῆς
487 4680 777 4743 συνθέσεως
833 4684 923 4737 καὶ
976 4681 1269 4749 αἰσθήσεως
1306 4698 1317 4710 ·
1395 4688 1550 4737 τοᾶτο
1623 4682 1721 4758 γὰρ
1792 4682 1897 4739 ἐστι

230 4775 322 4829 καὶ
362 4771 643 4845 προσῆκον
676 4778 752 4845 τῷ
784 4776 857 4844 νῷ
888 4770 974 4825 καὶ
1019 4781 1139 4832 ταῖς
1186 4775 1277 4825 τοῦ
1320 4777 1409 4827 νοῦ
1452 4771 1761 4848 ἐνεργείαις.
1797 4776 1899 4830 Νοῖ

228 4864 333 4939 γὰρ
390 4859 706 4938 ποῤῥῴτερα
787 4861 853 4915 τὰ
924 4859 1163 4927 αἰσθήσει
1237 4864 1421 4920 ποσῶς
1505 4860 1895 4922 ὑποπίπτοντα,

232 4952 387 5009 Κατὰ
422 4949 551 5027 γοῦν
583 4948 866 5026 ἀναλογίαν
923 4949 1062 5025 (ἐπεὶ
1120 4946 1448 5027 κρυφιωτέρα
1497 4950 1582 5004 καὶ
1614 4950 1900 5028 νοητοτὲρα

224 5041 261 5106 ἡ
352 5038 465 5094 τῶν
553 5038 777 5116 πρώτων
862 5035 1128 5112 ’ἐλλαμψις
1203 5037 1344 5115 παρὰ
1414 5036 1511 5101 τὰς
1586 5044 1687 5095 τῶν
1721 5038 1897 5097 δευτέ.

231 5151 343 5204 ρων
423 5126 751 5204 ἓλλάμψεις)
808 5125 1010 5201 μᾶλλον
1084 5125 1218 5193 αὕτη
1289 5127 1532 5189 ἐνοποιός
1603 5127 1738 5205 ἐστι,
1815 5132 1899 5188 καὶ

233 5218 381 5274 οἱτω
452 5218 556 5291 μὲν
625 5215 954 5295 κρυφιωτέρα
1027 5217 1157 5293 πρὸς
1228 5217 1369 5290 ἡμᾶς
1441 5218 1529 5273 καὶ
1596 5218 1687 5274 τόν
1756 5220 1900 5293 ἡμε-

231 5328 388 5385 τερον
472 5308 615 5361 νοῦν·
695 5305 957 5386 φανοτέρα
1001 5303 1055 5361 δὲ
1115 5304 1299 5384 παλιν,
1370 5305 1500 5384 πρὸς
1571 5308 1733 5376 αὐτὴν
1803 5310 1901 5379 τὴν

233 5393 552 5477 δεχομένην
599 5394 701 5463 τήν
754 5393 1043 5470 ἒλλαμψιν·
1101 5393 1431 5473 πρωτύδοτος
1484 5396 1585 5474 γὰρ
1628 5398 1715 5454 καὶ
1746 5421 1899 5477 πρω-

236 5488 481 5567 τοερανὴς
511 5486 602 5541 καὶ
631 5482 927 5563 ὁλικωτὲρα
976 5482 1181 5561 μᾶλλον
1238 5486 1272 5553 ἡ
1333 5482 1600 5562 ἕλλαμψις
1631 5489 1666 5555 ἡ
1698 5490 1769 5551 εἷς
1804 5494 1899 5549 αὖ-

237 5575 333 5651 τὴν
364 5573 676 5655 κείυμένη.
738 5574 796 5631 Εἰ
854 5571 909 5629 δὲ
965 5575 999 5641 ἡ
1056 5572 1189 5641 αὒτή
1241 5572 1328 5628 καὶ
1357 5572 1725 5657 ὑπερπλήρης,
1762 5577 1898 5639 ἀλλὰ

314 5767 339 5797 τ
369 5747 529 5819 Psal.
562 5763 712 5827 xvii,
745 5748 843 5817 12.

1989 4596 2099 4657 dit.
2143 4598 2362 4659 Verum
2415 4594 2557 4655 hinc
2616 4590 2921 4654 suboritur
2952 4588 3288 4651 necessaria
3317 4588 3629 4669 dubitatio,

1986 4684 2092 4762 qui
2116 4701 2329 4746 sensus
2349 4682 2507 4745 circa
2528 4680 2585 4742 id
2618 4679 2774 4762 quod
2798 4679 3049 4741 vicinius
3072 4689 3163 4741 est
3189 4677 3374 4754 magis
3393 4678 3637 4739 uniﬁce-

1989 4786 2106 4849 tur,
2145 4792 2311 4835 mens
2344 4791 2479 4835 vero
2515 4773 2674 4834 circa
2703 4770 3013 4841 remotius,
3047 4776 3105 4831 et
3134 4767 3291 4849 quod
3318 4768 3444 4847 ipse
3468 4775 3637 4828 vocat

1986 4862 2327 4925 occultius?
2348 4864 2435 4925 Ac
2467 4861 2643 4923 liceat
2673 4859 2898 4939 dicere,
2933 4856 3081 4919 illud
3116 4875 3249 4917 vere
3284 4856 3469 4918 menti
3489 4874 3631 4935 pro-

1988 4953 2272 5032 pinquius
2303 4970 2454 5023 esse,
2493 4949 2646 5030 quod
2678 4948 2841 5009 omni
2874 4946 3168 5009 materiali
3198 4945 3631 5024 compositione

1982 5041 2445 5121 sensationeque
2477 5038 2753 5120 superius
2780 5045 2870 5097 est
2885 5055 2908 5113 ;
2939 5034 3216 5116 quoniam
3241 5034 3333 5096 98
3360 5034 3419 5095 id
3449 5036 3641 5096 menti

1984 5126 2773 5210 montisqueoperationibus
2786 5123 3453 5188 estconiormiusMenti
3473 5126 3633 5186 enim

1985 5220 2608 5294 snntremotiora,quze
2620 5216 2821 5277 sensui
2837 5213 3276 5293 quodammodo
3290 5213 3635 5293 subjacent,

1986 5309 2327 5375 Secundum
2347 5308 2498 5369 hanc
2512 5304 3326 5387 itaqueproportionem(cum
3343 5303 3633 5366 occultior

1986 5397 2540 5479 intelligibiliorque
2562 5396 2641 5457 sit
2658 5395 2982 5476 primorum
3009 5392 3345 5467 illustratio,
3372 5410 3632 5472 sequen-

1986 5491 2132 5553 tium
2150 5489 2375 5552 illustra
2389 5485 2653 5551 tionibus
2670 5482 3178 5565 comparata)ipsa
3198 5482 3383 5560 magis
3403 5480 3627 5542 nniﬁca

1982 5575 2707 5665 est,adeoquesecundum
2727 5591 2834 5638 nos
2853 5572 3090 5660 quidem
3117 5578 3500 5653 mentemque
3523 5587 3600 5631 no
