4112 6160
439 424 557 493 279

1615 423 1676 484 S.
1725 420 1899 484 ΒΙοΝ
1913 420 2061 481 YSII
2126 416 2638 481 AREOPAGIT/E

3702 413 3825 480 280

441 569 621 624 stram
635 558 948 622 obscurior
967 555 1532 633 etoccultior,simul
1553 555 1981 637 tamenilli,qui
2003 557 2081 617 il-
2104 604 2105 609 η

2190 556 2309 632 ταρὰ
2366 557 2426 611 τὸ
2486 557 2589 610 τῶν
2646 550 3056 633 ὑποδεχομένων
3088 549 3269 617 ποσῶς
3303 550 3693 631 παραλλάττων
3735 552 3824 612 δια

441 648 852 712 lustrationem
869 666 998 711 eam
1010 648 1138 712 exci
1148 645 1953 727 pit,manifestior;siquidem
1974 650 2088 726 pri-

444 738 709 820 migenia
741 738 1169 819 primilucaque
1219 745 1279 799 et
1335 736 1624 815 integrior
1651 743 1744 797 est
1774 735 2086 796 illustratio

442 847 572 910 qua:
584 829 659 890 ad
682 846 810 890 eam
824 826 1196 890 diffunditur.
1215 825 1335 889 Etsi
1358 832 1553 889 autem
1573 824 1706 905 ipsa
1728 825 2089 905 superplena

441 918 812 998 sit,attamen
838 935 940 998 pro
959 916 1408 997 suscipientium
1433 914 1781 978 conditione
1798 913 2082 976 variatur:

438 1006 666 1069 ideirco
685 1007 847 1070 enim
868 1005 1115 1069 addidit:
1137 1002 2092 1086 Etquasiliquidior;utindicaret

442 1095 852 1177 subjectorum
876 1095 1304 1177 diversitatem,
1338 1095 1727 1157 variationem
1772 1092 2086 1174 quamdam

443 1186 647 1245 aﬂerre
668 1186 1268 1243 illustrationi.Abltac
1290 1194 1478 1244 autem
1494 1185 1671 1256 prima
1696 1183 2091 1254 diapositione,

443 1277 657 1341 iterum
687 1276 953 1340 secunda
975 1295 1079 1356 pro
1102 1295 1210 1339 sua
1234 1277 1526 1358 portione,
1552 1283 1611 1338 et
1632 1294 1666 1337 a
1689 1275 1953 1338 secunda
1979 1282 2090 1336 ter-

442 1368 547 1443 tia,
581 1376 642 1429 et
668 1386 703 1428 a
735 1365 909 1428 tertia
939 1373 1136 1428 nostra
1168 1367 1299 1428 haec
1330 1366 1686 1447 hierarchia,
1740 1384 1916 1445 quam
1970 1384 2091 1426 non

443 1457 762 1523 humanam
786 1456 919 1518 dico
951 1455 1465 1537 (quoniametipsa
1492 1454 1693 1518 divina
1717 1455 2093 1536 est,divinas~

2170 653 2327 702 τοῦτο
2380 644 2481 723 γὰρ
2526 642 2705 718 ἐτέθη,
2769 645 2863 700 Καὶ
2925 644 2998 707 ὡς
3052 639 3243 716 διειδῆ,
3305 643 3399 698 ἳνα
3454 639 3618 721 δείξῃ,
3651 642 3733 702 ὅτι
3762 646 3825 701 τὸ

2171 741 2280 792 τῶν
2308 732 2670 796 ὑποκειμένων
2703 730 2971 812 διάφορον,
3024 730 3240 788 ἀλλοίαν
3274 733 3369 800 τήν
3416 730 3683 809 ἕλλαμψιν
3739 735 3828 791 τίσι

2173 829 2320 901 θῃσι,
2382 825 2531 899 Παρὰ
2586 822 2785 888 ταύτης
2847 820 2902 877 δὲ
2961 820 3122 878 πάλιν
3181 826 3280 888 τῆς
3350 823 3569 900 πρώτης
3626 822 3827 889 τάξεως

2174 912 2454 992 ἀναλόγως
2486 911 2522 979 ἧ
2554 910 2789 990 δευτέρα,
2824 911 2911 968 καὶ
2942 912 3085 989 παρὰ
3114 911 3210 979 τῆς
3260 908 3503 991 δευτέρας
3560 914 3594 981 ἡ
3649 914 3826 993 τρίτη,

2172 1006 2262 1061 καὶ
2292 1003 2433 1082 παρὰ
2460 1001 2558 1071 τῆς
2600 1001 2781 1079 τρίτης
2835 1002 2869 1070 ἡ
2928 1000 3046 1058 καθ’
3102 1003 3247 1076 ἡμᾶς
3300 1001 3434 1069 αὕτη
3464 1003 3730 1082 ἱεραρχία,
3762 1005 3831 1071 ἣν

2174 1097 2271 1153 οὒκ
2299 1094 2631 1172 ἀνθρωπίνην
2688 1094 2827 1171 φημὶ
2888 1090 3022 1171 (θεία
3082 1092 3182 1170 γαρ
3236 1093 3326 1149 καὶ
3380 1091 3539 1171 αὕτη,
3573 1096 3660 1151 καὶ
3687 1096 3831 1160 θείας

2178 1183 2471 1258 ἐλλάμψεις
2504 1180 2773 1262 δέχεταιο)
2809 1181 2946 1238 ἀλλά
2999 1182 3096 1249 τὴν
3146 1179 3262 1238 καθ’
3301 1184 3439 1256 ἡμᾶς
3467 1182 3590 1248 τοὺς
3623 1183 3831 1263 ἀνθρώ-

2174 1295 2306 1338 ποδς
2339 1270 2722 1350 ἐνεργουμένην
2781 1276 2849 1348 τῇ
2903 1277 2996 1327 τοῦ
3055 1278 3186 1328 Θεοῦ
3241 1271 3451 1351 χάριτι.
3513 1271 3657 1330 Τίδέ
3689 1274 3834 1353 παρὰ

2173 1368 2271 1431 τῆς
2303 1363 2523 1441 πρώτης
2554 1363 2588 1430 ἡ
2635 1359 2871 1439 δευτέρα,
2923 1360 3010 1416 καὶ
3062 1360 3189 1437 παρ’
3242 1362 3406 1427 αὐτῆς
3451 1362 3486 1429 ἡ
3535 1361 3714 1441 τρίτη,
3744 1368 3834 1424 καὶ

2175 1453 2301 1533 παρ’
2333 1453 2539 1518 ἐκείνης
2600 1453 2634 1520 ἡ
2696 1449 2814 1508 καθ’
2872 1452 3018 1526 ἡμᾶς
3051 1447 3348 1526 λαμϐάνεις
3406 1451 3621 1513 Πάντως
3652 1454 3832 1531 ἱεραρ-

443 1566 559 1630 que
583 1547 833 1627 suscipit
857 1544 1308 1627 illustrationes)
1344 1544 1451 1607 sed
1483 1564 1611 1607 eam
1637 1563 1771 1624 quae
1795 1546 1951 1626 apud
1985 1563 2095 1606 nos

2190 1556 2393 1624 χεῖται,
2448 1543 2524 1601 Τὰ
2575 1540 2630 1597 δὲ
2682 1541 2778 1609 τῆς
2810 1540 3083 1621 ἱεραρχίας
3115 1538 3277 1614 καλὰ,
3311 1542 3410 1607 τὴν
3440 1542 3707 1620 κάθαρσιν,
3740 1544 3835 1598 τὸν

443 1637 720 1701 homines
750 1636 947 1698 divina
979 1636 1166 1713 gratia
1216 1646 1625 1700 consecratur.
1661 1637 1812 1708 Quid
1857 1654 2031 1716 porro
2062 1654 2098 1697 a

2190 1633 2478 1714 φωτισμὸν,
2513 1630 2612 1698 τὴν
2643 1630 2941 1705 τελείωσιν,
2982 1631 3183 1696 ἐιάστη
3216 1631 3360 1710 παρὰ
3414 1638 3545 1688 Θεοῧ
3596 1630 3679 1688 διὰ
3726 1638 3836 1688 τῶν

444 1728 636 1809 prima
662 1728 950 1808 secunda,
976 1734 1035 1789 et
1082 1726 1155 1788 ab
1187 1728 1295 1788 hac
1341 1726 1539 1800 tertia,
1567 1734 1624 1787 et
1652 1725 1726 1788 ab
1758 1726 1861 1787 illa
1892 1738 2098 1788 nostra

2190 1726 2285 1801 πρὸ
2317 1723 2512 1788 ταύτης
2544 1719 2824 1795 λαμϐάνει,
2864 1722 2935 1779 Τὸ
2994 1728 3120 1798 γοῦν
3173 1721 3316 1798 παρὰ
3370 1720 3467 1787 τῆς
3502 1722 3717 1797 πρώτης
3751 1725 3831 1778 ἱε-

449 1817 579 1880 haac
605 1815 868 1898 accipit?
922 1816 1095 1890 Quod
1150 1816 1211 1877 in
1264 1818 1450 1877 sacris
1495 1817 1739 1879 omnino
1786 1816 2094 1894 dirigatur.

2190 1815 2499 1893 ραρχεῐσθαι
2535 1812 2633 1876 τὴν
2664 1808 2931 1889 δευτέραν,
2984 1810 3270 1888 ἀνάγεσθαι
3306 1813 3459 1866 εἶπεν
3514 1813 3836 1890 ἱεραρχιιιεῦς

448 1906 763 1969 Bonavero
782 1905 2100 1986 hierarchiaeexpiationem,illumiuationem,

451 1992 907 2077 perfectionem,
934 1994 1216 2077 quaelibet
1244 2014 1276 2057 a
1308 1997 1431 2058 Deo
1455 2013 1561 2075 per
1583 1995 1837 2076 primam
1862 1995 2099 2076 accipit.

451 2085 785 2149 Secundam
809 2085 1007 2166 itaque
1031 2102 1065 2146 a
1091 2091 1281 2165 prima
1299 2085 1361 2146 in
1388 2084 1575 2146 sacris
1601 2085 1743 2164 regi,
1769 2096 1945 2146 vocat
1967 2084 2100 2146 hie-

450 2174 725 2237 rarchice
744 2173 964 2236 adduci
984 2174 1056 2236 ad
1082 2174 1593 2254 superpriucipale
1619 2173 2099 2253 principium,at-

432 2260 567 2346 que
593 2263 788 2328 omnis
835 2273 1015 2327 recta;
1061 2263 1452 2326 ordinationis
1476 2264 2047 2325 consummationem
2078 2284 2094 2325 :

452 2353 716 2416 divinum
768 2352 929 2415 enim
966 2352 1203 2416 Numen
1257 2353 1412 2415 bona
1451 2362 1662 2416 cuncta
1688 2353 1995 2436 terminat,
2030 2372 2101 2415 ac

454 2442 681 2524 deﬁnit,
701 2448 839 2522 quia
858 2443 1005 2505 nihil
1032 2450 1196 2506 extra
1217 2443 1405 2521 ipsum
1437 2441 1576 2505 boni
1608 2451 1717 2516 est,
1746 2443 1833 2504 vel
1857 2443 2099 2524 dicitur,

450 2532 540 2594 vel
573 2550 831 2614 unquam
882 2533 1194 2612 cogitatur.
1237 2531 1335 2593 Fit
1362 2542 1561 2594 autem
1606 2533 1716 2593 hoc
1742 2531 1912 2612 juxta
1946 2531 2099 2594 bene

454 2621 710 2684 ordinati
743 2620 967 2685 ordinis
989 2622 1353 2704 principatus
1377 2620 1773 2683 sanctionem:
1806 2623 1942 2702 quia
1966 2622 2104 2684 licet

453 2710 526 2773 ab
554 2711 643 2773 bis
665 2711 1062 2787 adducantur,
1097 2718 1353 2773 attamen
1386 2711 1459 2773 ab
1491 2712 1619 2791 ipso
1645 2712 1905 2775 Numine
1936 2713 2101 2775 acci-

455 2800 624 2882 piunt
652 2799 1287 2881 illustrationes,quod
1315 2808 1405 2863 est
1440 2800 1797 2881 principium
1828 2809 1885 2862 et
1918 2820 2098 2863 causa

457 2890 652 2951 omnis
672 2889 922 2964 ordinis,
949 2909 1067 2952 non
1092 2895 1320 2953 tantum
1350 2889 1550 2970 primi,
1585 2890 1689 2951 sed
1734 2899 1796 2953 et
1827 2891 2096 2973 secundi,

457 2983 515 3040 et
543 2976 726 3060 tertii,
758 2985 817 3041 et
846 2978 897 3040 si
928 2979 1062 3057 quis
1092 2979 1169 3041 sit
1197 2978 1375 3042 alius.
1414 2978 1532 3039 Ista
1562 2978 1723 3041 enim
1755 2979 1848 3042 lex
1882 2988 1996 3055 est,
2034 2991 2101 3041 ut

2188 1905 2319 1980 πρὸς
2354 1901 2513 1969 αὗτὴν
2572 1902 2671 1967 τὴν
2726 1900 3055 1979 ὑπεράρχιον
3113 1899 3315 1979 ἀρχὴν,
3350 1900 3437 1955 καὶ
3467 1900 3642 1966 πάσης
3678 1903 3837 1957 εὖχο-

2189 1990 2356 2067 σμίας
2390 1990 2712 2071 περάτωσινο
2773 1990 2949 2047 πάντα
3005 1989 3105 2066 γὰρ
3165 1991 3231 2045 τὰ
3287 1989 3456 2068 ἀγαθὰ
3497 2004 3723 2067 περατοϊ
3748 1992 3841 2048 καὶ

2190 2085 2347 2161 ὁρίζει
2381 2083 2442 2138 τὸ
2473 2089 2657 2159 Θεΐον,
2695 2080 2774 2137 ὅτι
2826 2079 2973 2140 οὖδὲν
3021 2079 3216 2158 ἀγαθὸν
3261 2079 3448 2151 ἕζωθεν
3479 2081 3632 2138 τοῦτο
3661 2081 3839 2155 ἐστιν,

2190 2175 2227 2241 ἢ
2286 2171 2524 2250 λέγεται,
2560 2169 2667 2227 οὖδῗ
2699 2169 2761 2227 ἂι
2792 2168 3065 2238 ἐννοηθείη
3096 2168 3248 2228 ποτέ.
3285 2170 3491 2226 Γίνεται
3546 2168 3599 2226 δὲ
3658 2177 3842 2252 τοῦτο,

2188 2264 2324 2319 κατὰ
2352 2262 2443 2317 τὸν
2473 2260 2632 2317 asta»
2688 2261 2884 2335 θεσμὸν
2940 2259 3036 2327 τῆς
3095 2259 3358 2335 εὔκοσμον
3387 2260 3721 2341 ταξιαρχίας’
3759 2260 3846 2318 ὅτι

2187 2354 2229 2408 εἰ
2260 2352 2348 2409 καὶ
2379 2349 2462 2407 διὰ
2491 2350 2691 2408 τούτων
2723 2351 3029 2429 ἀνάγονται,
3065 2348 3203 2405 ἀλλὰ
3236 2350 3379 2428 παρὰ
3414 2357 3506 2406 τοῦ
3548 2352 3697 2409 Θείου
3747 2348 3845 2406 δέ-

2186 2462 2379 2522 χονται
2410 2441 2505 2505 τὰς
2536 2439 2854 2515 ἐλλάμψεις,
2916 2444 3015 2506 τῆς
3085 2439 3262 2518 ἀρχῆς
3318 2439 3405 2494 καὶ
3467 2440 3630 2505 αἰτίας
3660 2440 3846 2508 πάσης

2185 2530 2406 2601 τάξεως,
2442 2531 2519 2606 μὴ
2549 2530 2713 2605 μόνον
2770 2534 2869 2596 τῆς
2924 2529 3165 2607 πρώτης,
3227 2526 3364 2584 am
3414 2529 3499 2584 ιιαῖ
3528 2529 3625 2595 τῆς
3657 2527 3847 2585 δευτέ-

2185 2642 2304 2700 ρας,
2337 2622 2423 2675 καὶ
2455 2624 2553 2686 τῆς
2582 2620 2789 2700 τρίτης,
2843 2619 2931 2675 καὶ
2983 2617 3036 2673 εἴ
3085 2638 3165 2679 τις
3202 2614 3345 2683 ἄλλη
3378 2617 3510 2679 ἐστὶ,
3545 2620 3712 2676 Τοῦτο
3742 2619 3848 2699 γὰρ

2184 2711 2294 2767 ἐστι
2327 2712 2512 2785 νόμος,
2572 2711 2646 2773 ὡς
2708 2707 2769 2765 ἄν
2827 2731 2908 2770 τις
2964 2707 3137 2779 εἴποι,
3171 2714 3263 2765 τοῦ
3300 2707 3667 2786 παραγωγέως
3699 2709 3845 2780 ἆμε-

2185 2801 2398 2862 τᾶθετὸς
2428 2820 2485 2855 τε
2516 2800 2604 2856 καὶ
2633 2798 2914 2877 εὕκοσμος,
2978 2800 3039 2854 τὸ
3099 2797 3167 2854 τὰ
3225 2797 3516 2877 πράγματα
3560 2812 3847 2877 συντηρεῖν

2183 2911 2242 2948 τε
2272 2892 2357 2947 καὶ
2387 2889 2620 2946 τελειοῦν
2676 2886 2765 2969 ἀφ’
2826 2887 3037 2966 ἑαυτοῦ,
3102 2887 3147 2943 εἰ
3207 2886 3297 2943 καὶ
3358 2884 3439 2943 διά
3476 2907 3636 2944 τινων
3665 2886 3849 2944 ἄλλων

2184 2983 2244 3037 τὸ
2272 2982 2515 3037 τοιοῦτον
2548 2979 2635 3036 ἐπὶ
2664 3001 2769 3035 τισι
2801 2979 3020 3057 γίνεται.

459 3066 541 3128 ita
568 3067 701 3149 quis
730 3067 886 3130 dicat
908 3067 1283 3130 adductionis
1336 3067 1726 3131 immutabilis
1759 3078 1819 3131 et
1849 3069 2001 3133 bene
2032 3069 2325 3147 ordinata,
2360 3076 2424 3130 ut
2456 3067 2530 3131 ab
2566 3068 2694 3150 ipsa
2723 3086 2819 3130 res
2843 3072 3280 3129 conserventur
3301 3082 3371 3127 ac
3410 3083 3520 3146 per
3545 3065 3850 3143 ﬁciantur,

459 3156 572 3219 etsi
604 3174 710 3238 per
738 3156 884 3220 alias
914 3157 1202 3240 quasdam
1236 3156 1295 3219 id
1328 3158 1386 3219 in
1420 3157 1566 3239 ipsis
1598 3158 1721 3220 ﬁat.

540 3247 569 3327 §
596 3247 671 3311 ΙΙ.
694 3247 1142 3311 Manifestatorii
1164 3258 1359 3311 autem
1380 3257 1515 3310 sunt
1533 3267 1765 3331 omnes,
1787 3249 1964 3312 etiam
1991 3251 2105 3331 ipsi

2270 3253 2401 3331 δη.
2439 3249 2846 3330 Ἐκφαντορικοὶ
2916 3246 2970 3305 δὲ
3049 3244 3240 3310 πάντες
3311 3248 3406 3303 εἶσὶ
3476 3247 3563 3303 καὶ
3622 3247 3766 3303 αὐτοὶ
3799 3268 3853 3304 οι

460 3336 813 3417 angeli,sive
834 3337 981 3399 ordo
1007 3346 1366 3419 postremus;
1393 3339 1830 3418 progrediendo
1850 3340 2008 3402 enim
2034 3340 2114 3402 de

460 3425 606 3508 ipsis
633 3428 859 3504 angelis
889 3427 1031 3488 solis
1059 3425 1342 3507 loquitur,
1380 3428 1556 3489 modo
1593 3437 1790 3490 autem
1826 3428 2004 3491 etiam
2038 3431 2114 3493 de

462 3514 654 3577 tribus
671 3514 1005 3578 ordinibus.
1026 3514 1386 3597 Interpretes
1410 3517 1608 3598 itaque
1626 3527 1762 3579 sunt
1785 3536 1988 3580 eorum
2013 3520 2115 3600 qui

467 3604 848 3683 praecedunt;
885 3604 1435 3669 manifestantenim
1461 3623 1568 3685 per
1585 3607 1733 3668 alios
1754 3608 2113 3669 voluntatem

468 3692 603 3773 Dei,
627 3711 758 3773 quae
783 3693 936 3771 ipsis
964 3711 997 3754 a
1026 3693 1326 3773 prioribus
1349 3704 1477 3757 erat
1500 3695 1898 3770 manifestata,
1931 3707 1989 3758 et
2018 3698 2113 3758 his

467 3781 680 3843 iterum
705 3799 811 3862 per
830 3782 997 3844 alios.
1021 3784 1107 3847 Ac
1134 3784 1310 3864 primi
1336 3784 1577 3864 quidem
1603 3785 1954 3847 internuntii
1977 3793 2115 3848 sunt

469 3869 715 3931 motoris
748 3871 840 3932 sui
872 3872 1011 3951 Dei;
1059 3881 1379 3952 sequentes
1411 3875 1505 3936 99
1532 3892 1672 3937 vero
1704 3892 1854 3955 quos
1881 3885 1939 3936 et
1966 3874 2115 3937 reli-

470 3978 618 4039 quos
635 3969 797 4021 vocat
814 3960 1063 4036 (scilicet
1080 3961 1228 4024 ordo
1252 3964 1580 4040 secundus)
1595 3964 1956 4044 interpretes
1976 3972 2116 4027 sunt

472 4066 678 4110 eorum
703 4048 804 4131 qui
825 4068 892 4112 ex
918 4049 1040 4111 Deo
1064 4052 1205 4113 moti
1229 4061 1388 4116 sunt.
1413 4052 1610 4115 Habes
1639 4053 1841 4131 itaque
1866 4062 1990 4116 tres
2013 4073 2115 4117 or-

474 4138 645 4199 dines
668 4138 998 4202 cmlestium
1017 4139 1581 4204 virtutum.Tantum
1607 4150 1804 4204 autem
1831 4161 1987 4205 curre
2010 4144 2119 4205 fuit

473 4227 631 4289 bono
658 4230 801 4309 Deo,
830 4230 1336 4311 superessentiali,
1362 4232 1627 4312 inquam,
1649 4232 2034 4296 concinnitati
2057 4240 2114 4297 et

473 4317 666 4379 ordini
695 4319 1019 4399 (principes
1040 4319 1198 4381 enim
1224 4338 1368 4383 suos
1400 4321 1837 4385 Lacedaemonii
1860 4323 2111 4386 concin-

473 4415 710 4470 natores
727 4407 1411 4490 appellabant,tanquam
1438 4411 1729 4491 quidlibet
1751 4412 2109 4474 concinnan.

472 4504 562 4555 tes
582 4513 649 4555 ac
669 4495 1458 4574 ordinantes)universorum
1482 4499 1680 4580 itaque
1701 4501 1980 4582 Deo,(qui
1995 4520 2111 4564 non

2197 3339 2448 3420 ἄγγελοι,
2487 3339 2653 3419 ἤγουν
2684 3342 2719 3409 ἡ
2752 3336 2961 3418 ἐσχάτη
2992 3336 3159 3403 τάξις·
3206 3337 3545 3415 παρακατιὼν
3574 3338 3673 3415 γὰρ
3705 3336 3855 3415 λέγει

2197 3433 2316 3510 περὶ
2370 3428 2543 3487 αὒτῶν
2604 3429 2784 3502 μόνων
2842 3434 2948 3484 τῶν
3005 3425 3269 3505 ἀγγέλων,
3329 3428 3416 3483 νῦν
3470 3424 3525 3483 δὲ
3583 3428 3700 3503 περὶ
3738 3431 3853 3484 τῶν

2196 3523 2355 3597 τριῶν
2386 3541 2517 3599 φησι
2546 3516 2776 3583 τάξεων,
2805 3517 3210 3598 Ἐκφαντορικοὶ
3242 3525 3367 3595 γοῦν
3424 3523 3528 3573 τῶν
3586 3519 3691 3595 πρὸ
3749 3517 3853 3573 αὒ-

2198 3616 2324 3666 τίῦν⁶
2362 3609 2660 3688 ἒχῳαίγουσι
2717 3608 2817 3685 γὰρ
2875 3608 2937 3662 τὸ
2996 3605 3081 3663 διὰ
3122 3609 3227 3662 τῶν
3262 3609 3363 3685 πρὸ
3393 3607 3591 3663 τούτων
3621 3608 3855 3681 ἐπιφανὲν

2198 3697 2359 3758 πάλιν
2390 3697 2607 3760 ἐκείνοις
2639 3694 2705 3752 δι’
2738 3696 2938 3769 ἄλλων,
2988 3696 3077 3752 καὶ
3127 3696 3328 3761 codem;
3379 3694 3445 3751 δι’
3477 3694 3684 3774 ἄλλων,
3715 3695 3851 3774 pri-

2199 3788 2348 3863 λημα
2379 3789 2472 3844 τοῦ
2502 3792 2655 3843 Θεοῦ.
2696 3786 2793 3843 Καὶ
2850 3787 2896 3843 οἳ
2959 3784 3056 3860 μὲν
3110 3792 3309 3864 πρῶτοι
3340 3790 3405 3861 τῇ
3435 3783 3601 3865 τάξει,
3645 3784 3853 3865 ἐκφαν-

2197 3877 2391 3956 τοριιιοὶ
2451 3884 2542 3934 τοῦ
2575 3880 2853 3939 κινοῦντος
2883 3875 3098 3937 τούτους
3163 3873 3317 3931 Θεοδ²
3380 3876 3427 3930 οἱ
3482 3871 3537 3930 δὲ
3596 3874 3711 3949 μετ’
3745 3875 3851 3931 αὒ-

2196 3966 2341 4039 τοὺς,
2377 3965 2466 4029 οὒς
2496 3963 2640 4043 λέγει
2670 3965 2759 4020 καὶ
2815 3964 3036 4026 λοιποὺς
3100 3960 3283 4041 (ἤγουν
3340 3964 3374 4031 ἡ
3432 3961 3645 4040 δευτέρα
3677 3962 3852 4044 τάξις)

2197 4056 2396 4111 τούτων
2455 4052 2520 4122 δὴ
2577 4053 2684 4111 τῶν
2739 4053 2799 4111 ἐκ
2861 4060 2991 4111 Θεοῦ
3048 4051 3419 4129 λεκινημὲνων
3458 4051 3855 4134 ἔκφαντορικοί.

2197 4143 2410 4224 ’Ἔχεις
2441 4149 2722 4221 τοιγαροῦν
2782 4143 2876 4206 τὰς
2936 4155 3086 4221 τρεῖς
3136 4140 3311 4207 τάξεις
3340 4148 3445 4199 τῶν
3473 4144 3725 4221 οὐρανίων
3757 4140 3858 4200 δυ-

2200 4234 2435 4309 νάμεων.
2485 4233 2751 4291 Τοσοῦτον
2812 4230 2867 4287 δὲ
2929 4231 3160 4306 ἐμέλησε
3215 4239 3293 4306 τῷ
3349 4232 3530 4310 ἄγαθῷ
3588 4239 3725 4307 Θεῷ,
3785 4238 3861 4309 τῇ

2197 4325 2491 4401 ὓπερουσίερ
2551 4321 2694 4401 λέγω
2750 4321 2978 4400 ἁρμονίᾳ
3040 4323 3126 4378 καὶ
3183 4320 3324 4387 τάξει
3381 4323 3679 4401 (ἁρμοστὰς
3725 4322 3857 4403 γὰρ,

2195 4415 2317 4479 τοὺς
2374 4413 2642 4493 ἄρχοντας
2674 4414 2719 4467 οἱ
2754 4408 3163 4486 Λακεδαιμόνιοι
3220 4409 3427 4489 ἔλεγον,
3475 4413 3545 4473 ὼς
3579 4412 3859 4490 ἁρμόζον-

2196 4524 2289 4565 τας
2320 4503 2407 4559 καὶ
2448 4502 2734 4563 τάττοντας
2780 4498 3062 4577 ἕκαστον)·
3138 4507 3217 4574 τῷ
3289 4507 3417 4577 γοῦν
3476 4500 3562 4556 ἐπὶ
3636 4501 3860 4557 πάντων

472 4582 724 4662 simplex
755 4584 1146 4673 concinnator
1174 4596 1284 4667 est,
1318 4588 1420 4648 sed
1454 4588 1711 4667 ipsamet
1741 4592 2105 4653 concinnitas

2199 4599 2338 4671 Θεῷ,
2398 4592 2499 4670 (τῷ
2559 4591 2636 4666 μὴ
2693 4589 2877 4654 ἁπλῶς
2909 4592 3179 4668 ἁρμοστῇ,
3239 4588 3376 4646 ἀλλὰ
3432 4595 3498 4665 τῇ
3559 4591 3860 4667 ὑπερουσίῳ

473 4672 1019 4753 superessentialis)
1054 4682 1212 4735 tanta
1240 4694 1381 4737 cura
1422 4676 1536 4739 fuit
1577 4679 1896 4758 cujuslibet
1929 4698 2113 4744 sacra:

473 4761 806 4823 caelestium
838 4762 1247 4834 ordinationis,
1283 4774 1344 4825 ut
1369 4775 1427 4828 et
1464 4767 1734 4829 ordinem
1773 4769 2029 4832 habeant
2053 4781 2117 4833 et

471 4850 980 4925 adductionem,ut
994 4853 1338 4933 perpriores
1348 4856 1709 4934 posteriores
1721 4857 1790 4919 ad
1799 4858 2109 4924 ducantur:

473 4939 750 5019 quoniam
778 4940 1101 5022 unicuique
1128 4941 1481 5006 hierarchia:
1507 4953 1626 5008 tres
1647 4965 1846 5010 sacros
1870 4949 2115 5012 ordines

474 5028 804 5091 constituit.
828 5027 1019 5092 Habet
1042 5031 1198 5092 enim
1220 5032 1408 5113 prima
1427 5035 1693 5111 thronos,
1720 5038 2031 5100 cherubim
2058 5047 2116 5102 et

476 5116 807 5209 seraphim,
833 5126 891 5178 et
917 5129 1237 5209 sequentes
1266 5122 1396 5184 alia:
1425 5122 1701 5187 similiter
1730 5127 2119 5209 exsistunt,et

469 5204 925 5296 distinguuntur
972 5207 1033 5268 in
1079 5209 1302 5288 primas
1350 5220 1409 5272 et
1443 5212 1669 5276 medias
1697 5224 1755 5277 et
1784 5204 2117 5296 poswemas

476 5292 845 5356 virtutes.Ad
859 5294 984 5357 haec
998 5298 1722 5378 considera,minutiorem
1740 5292 2116 5369 esseillarum

478 5380 957 5476 distributionem
980 5406 1006 5460 ;
1041 5388 1325 5476 quoniam
1375 5391 1591 5453 iterum
1639 5412 2120 5476 unamquamque

477 5471 862 5550 peculiariter
890 5473 1333 5552 dispositionem
1365 5477 1608 5543 abusive
1630 5471 2113 5546 distributionem

476 5560 808 5652 appellavit;
828 5562 953 5624 sive
977 5583 1465 5646 unumquemque
1496 5570 1767 5632 ordinem
1795 5574 2117 5652 cujuslibet

476 5651 622 5740 trini
638 5651 869 5740 ordinis
884 5652 1097 5715 iisdem
1113 5657 1516 5734 congrurntiis
1537 5651 1971 5740 ordinibusque
1995 5663 2117 5724 dis-

479 5737 680 5802 tinxit.
714 5738 838 5804 Hoc
866 5751 1066 5807 autem
1096 5753 1338 5809 sanctus
1365 5749 1599 5832 asserit,
1649 5737 2113 5826 demonstratio-

2196 4681 2538 4762 αὗθαρμονίᾳ)
2611 4691 2864 4741 τοσοῦτον
2935 4681 3166 4758 ἐμέλησε
3237 4687 3334 4749 τῆς
3404 4683 3547 4758 ἱερᾶς
3628 4681 3861 4739 ἑκάστω

2196 4779 2301 4829 τῶν
2342 4772 2593 4850 οὖρανίιον
2638 4770 2945 4845 εὖκοσμίας,
3004 4773 3179 4836 καθὼς
3241 4770 3424 4850 ἔχουσι
3482 4769 3704 4843 τάξεως,
3765 4776 3861 4829 καὶ

2197 4863 2510 4941 ἀναγωγῆς,
2567 4862 2742 4924 καθὼς
2802 4860 3091 4939 ἀνάγονται
3153 4859 3238 4917 διὰ
3296 4865 3401 4917 τῶν
3461 4859 3729 4938 προτέρων
3790 4863 3863 4922 τὰ

2196 4949 2405 5027 ὕστερα·
2460 4949 2540 5006 ὅτι
2591 4951 2682 5005 καὶ
2730 4951 2827 5024 μιᾷ
2882 4950 3081 5027 ἑκάστῃ
3131 4950 3374 5029 ἱεραρχίᾳ
3403 4963 3548 5027 τρεΐς
3578 4951 3720 5028 ἱερὰς
3754 4952 3863 5008 τά-

2199 5038 2306 5105 ξεις
2338 5038 2503 5099 ἔθετο.
2538 5036 2713 5117 ’Ἔχει
2775 5039 2876 5115 γὰρ
2931 5040 2964 5106 ἡ
3028 5039 3212 5116 πρώτη
3269 5041 3505 5117 θρόνους,
3566 5039 3861 5123 χερονὸὶμ,

2201 5129 2570 5207 καὶσεραφὲμ·
2635 5129 2718 5184 καὶ
2777 5127 3001 5194 καθεξῆς
3060 5130 3111 5184 αἱ
3170 5127 3324 5185 ἄλλαι
3385 5128 3552 5194 οὕτως
3612 5132 3735 5210 εἰσὶ,
3769 5136 3866 5190 καὶ

2201 5216 2528 5297 διαιροῦνται
2586 5219 2659 5278 εἰς
2718 5215 2931 5295 πρώτας
3001 5219 3091 5274 καὶ
3160 5218 3328 5290 μέσας
3398 5222 3485 5275 καὶ
3553 5218 3871 5287 τελευταίας

2205 5305 2479 5382 δυνάμεις.
2533 5304 2637 5368 Καὶ
2686 5305 2764 5361 ἔτι
2814 5305 2921 5362 νόει
2971 5304 3291 5386 λεπτοτέραν
3319 5308 3419 5376 τὴν
3448 5307 3736 5384 ιῦκοσμίαν
3770 5312 3873 5368 αὖ·

2203 5405 2334 5477 τῶν,
2410 5396 2490 5453 ὅτι
2561 5395 2728 5452 πάλιν
2785 5395 2910 5469 μίαν
2970 5397 3202 5463 ἐκαστην
3259 5394 3437 5460 ἶδικῶς
3482 5396 3874 5481 διακόσμησιν,

2202 5488 2650 5567 καταχρηστικῶς
2684 5487 2811 5540 εἷπε
2839 5485 2901 5541 τὸ
2929 5482 3307 5561 διακόσμησιν,
3356 5485 3522 5565 ἤγουν
3552 5487 3607 5543 ἓν
3639 5485 3879 5547 ἕκαστον

2199 5576 2379 5653 τάγμα
2410 5580 2507 5642 τῆς
2541 5581 2665 5639 ma;
2699 5571 2975 5651 τριαδικῆς
3005 5574 3229 5655 τάξεως,
3268 5589 3391 5641 ταῖς
3429 5577 3622 5644 autat;
3654 5576 3877 5659 διεχώ-

2199 5684 2340 5742 ρισεν
2370 5662 2642 5741 ἁρμονίαις
2674 5661 2761 5716 καὶ
2797 5662 3127 5739 εὖκοσμίαις.
3165 5663 3326 5721 Τοῦτο
3383 5661 3437 5719 δὲ
3499 5664 3646 5744 λέγει
3709 5669 3739 5723 ὁ
3796 5667 3874 5723 ἅ·-

2197 5775 2337 5834 γιος,
2396 5748 2681 5828 λαμϐανων
2734 5749 2835 5823 τὴν
2894 5750 3159 5826 ἀπόδειξιν
3213 5753 3275 5811 in
3322 5754 3421 5820 τῆς
3466 5764 3562 5816 τοῦ
3627 5745 3869 5819 Ἠσαίου
