4112 6160
349 342 469 421 289

797 350 895 423 DE
939 345 1290 424 C(ELESTI
1339 346 1841 440 HIERARGHIA,
1889 353 2163 422 CAP.XI.
2199 394 2277 406 --
2307 356 2697 424 PARAPHR.
2743 357 3234 428 PACHYMERE

3604 357 3721 426 290

348 495 514 572 ἱερεὺς
574 490 788 548 δύναται
836 506 1014 550 ποιεῖν
1057 494 1156 550 ’ὀὶα
1212 496 1353 572 παρὰ
1411 497 1477 550 τῖα
1529 498 1633 551 τῶν
1689 495 1996 554 ὑποδεεστέ-

2089 497 2216 557 chia
2271 495 2572 559 caelestem
2621 497 2892 562 ordinem
2951 499 3235 560 imitatur.
3270 496 3414 560 Nam
3449 499 3732 562 sacerdos

347 605 477 662 ρων,
535 581 698 660 ἤγουν
757 580 1011 639 διακόνων
1069 587 1156 642 καὶ
1202 593 1306 641 τῶν
1362 584 1506 651 ἐξῆςο
1569 589 1597 641 ὁ
1653 583 1894 652 διάκονος
1941 588 1996 644 τε

2091 594 2285 665 potest
2317 586 2510 648 facere
2541 605 2912 667 quaecunque
2937 590 3178 651 ordines
3210 588 3729 664 inferiores,scili«

348 679 454 728 νῶν
521 672 702 750 ἱερέων
735 673 829 729 οὑκ
897 673 1275 753 ἓπιτέτραπται
1332 675 1535 736 ποιεῖν.
1602 677 1687 742 Μὴ
1745 685 1870 754 γοῦν
1922 676 2007 734 δια

348 767 507 817 τοῦτο
537 763 740 828 οἰηθείη
776 784 876 842 τις,
932 764 1140 828 ἁπάσας
1190 766 1285 828 τὰς
1327 764 1612 843 ἀγγελικὲις
1673 766 1848 829 οὑσίας
1912 765 2006 822 δν-

346 851 538 924 νάμεις
592 849 868 929 λέγεσθαι,
895 852 974 909 δ’τι
1007 853 1154 932 τάχα
1210 856 1262 910 αἱ
1309 851 1556 928 δυνάμεις
1600 856 1780 933 τάγμα
1810 855 1996 914 τελευ-

345 940 504 997 ταϊόν
544 939 712 997 ἰστιν⁶
749 943 797 999 οἱ
822 943 921 1020 γὰρ
954 942 1196 1020 ἄγγελοι,
1229 943 1317 1000 καί
1349 944 1446 1020 πρό
1478 945 1674 1001 τούτων
1706 948 1752 1002 οἱ
1783 946 1999 1026 ἀρχάγ-

345 1034 523 1107 γελοι,
556 1031 644 1087 καὶ
675 1031 726 1086 αἱ
771 1030 956 1112 ἁρχαὶ,
988 1034 1076 1089 καὶ
1108 1031 1184 1088 ἔτι
1213 1034 1315 1090 ὑπὸ
1361 1039 1460 1100 τῆς
1509 1032 1750 1112 δευτέρας
1791 1035 1999 1112 τριάδος

346 1121 402 1176 αἱ
459 1119 709 1196 ἐξουσίαι,
772 1122 908 1187 μετὰ
964 1122 1058 1186 τὰς
1111 1119 1364 1198 δονάμεις
1413 1125 1515 1180 ὑπὸ
1573 1126 1669 1190 τῆς
1725 1124 1998 1203 Θεολογίας

345 1209 655 1266 τάττονται·
704 1209 836 1277 ἀλλ’,
870 1207 1018 1286 ὅμως
1077 1217 1270 1276 κοινῶς
1317 1213 1407 1269 καὶ
1462 1220 1628 1270 ταῦτα
1659 1213 1722 1269 τὰ
1751 1214 2000 1271 ὑποκάτω

345 1298 602 1375 τάγματα
631 1296 878 1376 δυνάμεις
909 1300 1215 1364 καλοῦνται,

430 1476 462 1556 §
497 1487 564 1540 II.
601 1478 838 1557 Δέγομεν
879 1482 1076 1563 τοίνον,
1108 1482 1214 1551 ὅτι,
1247 1490 1438 1546 κοινῶς
1498 1483 1584 1540 ἐπὶ
1634 1489 1760 1540 πᾶσι
1792 1504 1998 1564 κεχρηο

346 1566 500 1642 μένοι
560 1575 637 1643 τῷ
690 1570 787 1638 τῆς
846 1569 1117 1646 δυνάμεως
1162 1572 1408 1654 ὄνόματι,
1455 1572 1514 1629 οὑ
1565 1573 1822 1652 σύγχυσίν
1879 1595 1996 1630 τινα

343 1657 576 1716 ἑκάστου
627 1661 910 1738 εἰσάγομεν
959 1661 1256 1741 τάγματος,
1291 1665 1363 1726 ὡς
1395 1663 1517 1742 φέρε
1551 1663 1746 1737 εἰπεῖν,
1783 1671 1868 1720 νῦν
1899 1664 1996 1737 μὲν

344 1746 600 1826 λέγεσθαι
662 1747 801 1816 ἰδίως
841 1752 936 1814 τὰς
997 1750 1050 1806 ὲν
1081 1759 1147 1829 τῇ
1191 1751 1404 1826 δευτέρα
1451 1751 1617 1830 τριάδι
1665 1754 1798 1809 κατὰ
1854 1753 1998 1819 τάξιν

2089 686 2183 736 cet
2213 676 2444 738 diaconi
2471 685 3092 758 etsequentes,verum
3119 697 3234 740 non
3258 680 3609 758 permissum
3643 689 3734 742 est

2086 765 2339 827 diacono
2371 767 2747 828 sacerdotum
2782 769 2984 829 munia
3017 786 3326 848 peragere.
3365 767 3495 830 Non
3528 769 3730 845 itaque

2087 854 2309 918 idcirco
2339 857 2476 934 quis
2507 856 2826 937 existimet,
2869 877 3078 918 omnes
3109 858 3407 936 angelicas
3440 859 3730 921 essentias

2085 947 2332 1006 virtutes
2362 945 2670 1026 appellari,
2725 947 2881 1026 quod
2912 947 3062 1008 forte
3103 947 3352 1007 virtutes
3383 947 3576 1008 ultimi
3607 949 3730 1010 sint

2084 1033 2331 1109 ordinis;
2385 1053 2518 1095 nam
2556 1035 2772 1116 angeli,
2827 1045 2885 1098 et
2927 1045 3065 1098 ante
3124 1037 3233 1098 hos
3280 1036 3624 1114 archangeli
3675 1047 3733 1098 ιιι

2085 1124 2470 1203 principatus,
2533 1133 2714 1204 atque
2773 1125 3018 1206 insuper
3067 1124 3129 1186 in
3175 1125 3439 1188 secundo
3471 1133 3731 1188 ternario

2089 1221 2428 1291 potestates,
2467 1221 2598 1292 post
2638 1214 2880 1276 virtutes
2931 1233 2966 1275 a
3001 1215 3302 1293 theologia
3331 1215 3726 1297 collocantur;

2083 1313 2342 1366 attamen
2377 1307 2437 1366 in
2469 1308 2772 1368 communi
2816 1309 2989 1369 etiam
3023 1309 3084 1375 hi
3114 1309 3358 1371 ordines
3387 1307 3730 1391 inferiores,

2083 1396 2332 1456 virtutes
2361 1396 2761 1478 appellantur.

2164 1485 2192 1564 §
2225 1484 2296 1548 ll.
2333 1485 2599 1548 Dicimus
2631 1487 2830 1568 itaque
2859 1507 2989 1564 nos,
3034 1506 3170 1550 cum
3201 1489 3509 1550 communi
3543 1490 3730 1552 virtu-

2083 1574 2160 1636 tis
2196 1576 2438 1636 nomine
2467 1576 2526 1636 in
2556 1576 2833 1637 omnibus
2863 1578 3110 1650 utimur,
3147 1578 3369 1639 nullam
3420 1578 3728 1641 confusio-

2081 1681 2218 1724 nem
2284 1665 2515 1727 ordinis
2579 1667 2928 1747 cujusquam
2992 1665 3398 1742 introducere,
3461 1677 3524 1729 ut
3561 1669 3729 1730 verbi

2080 1754 2285 1831 gratia,
2365 1755 2540 1816 modo
2601 1756 2845 1836 quidem
2922 1758 3160 1837 proprie
3218 1757 3467 1819 virtutes
3524 1759 3734 1839 appet-

344 1834 752 1915 δευτερευούσας
815 1837 1086 1917 δυνάμεις,
1140 1848 1227 1897 νῦν
1295 1841 1347 1896 δὲ
1398 1843 1606 1899 ἅπαντα
1661 1843 1726 1898 τὰ
1785 1843 1996 1922 οὑράνια

2087 1846 2275 1904 lemus
2312 1844 2442 1904 105
2468 1862 2570 1906 eas
2602 1834 2733 1925 quae
2759 1845 2820 1906 in
2870 1834 3134 1909 secundo
3194 1845 3406 1909 ordine
3450 1834 3729 1910 secundat

344 1927 620 2006 τάγματα·
656 1927 776 1986 ἀλλ’
807 1931 1090 2007 ὁμώνυμόν
1147 1932 1294 1990 ἐστίν
1327 1931 1493 2008 ὄνομα
1537 1935 1589 1989 αἱ
1626 1931 1868 2002 δυνάμεις
1903 1933 1996 1990 λέ-

345 2039 498 2094 γεται
558 2019 659 2097 γὰρ
716 2018 854 2077 οὕτω
895 2022 982 2078 καὶ
1034 2024 1094 2078 τὸ
1149 2021 1312 2078 ἶδικὸν
1372 2024 1551 2100 τάγμα
1589 2069 1605 2102 ,
1662 2025 1749 2080 καὶ
1808 2030 1998 2088 κοινῶς

346 2107 522 2164 πάντα
566 2109 628 2164 τὰ
658 2109 932 2189 τάγματα,
993 2113 1063 2177 ὡς
1111 2110 1326 2188 δύναμιν
1365 2112 1562 2192 ἔχοντά
1591 2136 1729 2176 τινα,
1779 2113 1998 2182 Ἐπειδὴ

345 2198 520 2254 τοίνυν
565 2198 639 2262 εἷς
690 2200 806 2278 τρία
850 2198 1126 2280 διῄρηνται
1171 2210 1246 2276 τῷ
1288 2203 1408 2258 κατ’
1453 2204 1637 2268 αὐτοὺς
1677 2202 1869 2278 ὑψηλῷ
1899 2202 1996 2259 λό-

351 2288 432 2364 γῲ
467 2285 556 2367 (τὰ
587 2288 686 2368 γὰρ
716 2289 899 2365 ὑψηλὰ
927 2291 1174 2366 ὑψηλῶς,
1223 2295 1307 2348 καὶ
1352 2295 1417 2348 τα
1464 2293 1792 2371 ὑπερκόσμια
1834 2296 1998 2370 ὑπερ-

350 2381 589 2452 κοσμίως
663 2379 926 2459 ὀφείλουσι
1005 2380 1316 2460 λέγεσθαι),
1375 2381 1658 2461 διῄρηνται
1714 2384 1882 2439 τοίνυν
1955 2384 1999 2439 οἱ

348 2471 490 2524 Θεῐοι
551 2469 670 2531 νόες
723 2471 798 2532 εἷς
857 2471 1034 2528 οὐσίαν

1093 2474 1170 2529 εἰσ
1199 2471 1441 2550 δύναμιν,
1474 2475 1558 2528 καὶ
1603 2471 1890 2550 ἐνέργειαν,
1925 2476 1997 2535 ὡς

1043 2519 1164 2551 ἳ⁷⁹⁷
1203 2519 1255 2527 ““’
1273 2519 1441 2550 ”’ῖ”“’⁷ἳ

349 2559 406 2613 ἐν
435 2557 804 2639 ὑποδείγματι,
857 2562 1032 2617 οὐσίαν
1079 2563 1176 2638 μὲν
1224 2563 1365 2618 εἶναι
1423 2563 1520 2628 τὴν
1574 2570 1667 2618 τ’δῦ
1711 2563 1868 2638 πυρὰς
1899 2561 1997 2642 φό-

351 2671 458 2727 σιν,
488 2645 702 2724 δύναμιν
745 2648 798 2705 δὲ
854 2652 1053 2717 ταύτης
1104 2653 1165 2708 τὸ
1215 2655 1534 2731 φωτιστικὸν
1567 2656 1652 2708 καὶ
1685 2655 1744 2707 τὸ
1776 2674 1995 2708 καυστι-

349 2739 472 2812 κὸι,
507 2738 776 2817 ἐνέργειαν
818 2737 871 2795 δὲ
902 2743 962 2796 τὸ
1004 2744 1101 2808 τῆς
1157 2740 1426 2816 δυνάμεως
1479 2742 1838 2816 ἀποτέλεσμα,
1876 2747 1994 2798 οἷον

349 2829 410 2883 τὸ
457 2830 702 2908 φωτίζειν
735 2831 823 2886 καὶ
901 2833 962 2887 τὸ
1017 2833 1208 2893 καίειν,
1273 2829 1491 2900 Ἐπειδὴ
1543 2842 1705 2891 ταῦτα
1761 2834 1849 2888 καὶ
1886 2855 1990 2888 κα-

345 2917 562 2974 λοῦνται
632 2917 893 2984 πολλάκις
943 2923 1032 2977 καὶ
1085 2923 1146 2978 ἐκ
1202 2927 1300 2988 τῆς
1359 2923 1559 2994 οὑσὶας,
1611 2921 1697 2978 ὅτε
1745 2921 1992 3000 λέγονται

349 3007 466 3070 τιόες
496 3007 532 3074 ἣ
566 3009 861 3085 πνεύματα·
917 3010 1200 3068 καλοῦνται
1249 3013 1336 3067 καὶ
1397 3012 1502 3068 ἀπὸ
1559 3014 1657 3078 τῆς
1708 3012 1990 3090 ἐνεργείας,

345 3095 436 3152 ὅτε
468 3096 688 3175 ἄγγελοι
747 3099 1008 3178 λέγονται·
1063 3101 1159 3157 οὑκ
1203 3101 1500 3166 ἀπεικότως
1557 3100 1838 3159 καλοῦνται
1908 3104 2056 3192 καὶὶο

343 3185 454 3240 ἀπὸ
506 3191 606 3253 τῆς
637 3185 906 3264 δυνάμεως
938 3189 1209 3266 δυναμεις.
1246 3182 1382 3248 ⁸¹Οτε
1439 3191 1608 3247 τοίνυν
1665 3190 1903 3253 ἅπαντας
1960 3191 1996 3258 ἢ

342 3275 495 3338 τινάς
547 3275 720 3333 αὑτῶν
780 3276 905 3358 δίχα
949 3281 1089 3345 τινὸς
1148 3281 1598 3361 παρατηρήσεως,
1631 3281 1869 3358 οὑρανίας
1901 3284 1995 3340 οὑ-

350 3364 470 3431 σίας
521 3365 560 3434 ἢ
617 3367 857 3446 οὐρανίας
888 3367 1134 3446 δυνάμεις
1185 3369 1582 3446 ἀποκαλοῦμεν,
1629 3370 1836 3438 οἰητέον
1893 3369 1998 3446 ἐμ-

347 3454 552 3533 φαίνειν
605 3457 693 3512 καὶ
750 3455 1064 3516 ἐκδεικνύειν
1119 3461 1263 3535 ἡμας
1322 3459 1510 3524 αὑτοὺς
1554 3460 1671 3522 τοὺς
1717 3459 1838 3533 πτρὶ
1866 3461 1938 3513 ῶν
1970 3459 1997 3513 ὁ

347 3544 538 3624 λόγος,
599 3546 736 3603 κατὰ
787 3569 905 3605 τινα
949 3561 1207 3630 περισσὴν
1263 3549 1472 3627 φράσιν
1518 3548 1632 3604 ἀντὶ
1661 3549 1760 3627 γὰρ
1790 3556 1882 3606 τοῦ
1914 3549 1994 3602 εἷ-

348 3639 479 3693 πεῑν
530 3635 816 3718 ἀγγέλους,
873 3637 1101 3718 λέγομεν
1159 3639 1398 3718 οὐρανίας
1451 3638 1654 3710 οὗσίας,
1686 3637 1722 3706 ἢ
1755 3637 1993 3716 οὐρανίας

348 3724 622 3806 δυνάμεις,
654 3726 716 3782 ἐκ
764 3734 864 3796 τῆς
920 3735 1105 3797 κοινῆς
1163 3732 1333 3786 αὐτῶν
1392 3728 1590 3806 οὑσίας,
1639 3729 1673 3795 ἢ
1718 3728 1805 3783 καὶ
1849 3724 1996 3783 δυνά-

347 3837 522 3897 μεως,
554 3818 652 3886 τῆς
682 3806 802 3874 καθ’
845 3817 1068 3876 ἕκαστον
1117 3818 1510 3901 ἐμφαινομένης
1554 3821 1745 3880 αὑτῶν,
1782 3821 1854 3876 0-3
1885 3817 1994 3892 μὴν

348 3906 406 3963 δὲ
435 3907 670 3983 οἰητέον,
702 3909 1024 3988 προσάπτειν
1079 3910 1222 3986 ἡμᾶς
1281 3911 1407 3974 ταῖς
1456 3907 1865 3977 ὑποϐεϐηκυίαις
1898 3906 1994 3963 οὑ-

354 4003 494 4064 σιαις
551 3999 653 4066 την
686 3997 925 4067 ἷδιοτητα
981 4005 1088 4059 τῶν
1138 3998 1316 4066 καλῶς
1372 3999 1782 4080 διακεκριμένων
1832 3997 1998 4076 ἁγίων

356 4085 630 4165 δυνάμεων
684 4088 777 4170 (αἵ
834 4088 900 4158 δὴ
969 4088 1124 4169 ἅγιαι
1190 4087 1431 4167 δυνάμεις
1480 4089 1846 4169 ὑπερκείμεναί
1901 4089 1997 4144 εἰσι

352 4180 487 4256 πρὸς
543 4179 608 4236 τὰ
657 4178 961 4260 ὑφειμένα).
1016 4187 1180 4238 Τοῦτο
1230 4180 1331 4259 γὰρ
1388 4179 1506 4256 ἐμοὶ
1548 4179 1732 4258 λόγος,
1769 4177 1861 4235 ’ίνα
1920 4178 1996 4252 μὴ

351 4270 557 4338 οἰηθείη
585 4270 664 4334 τίς
693 4292 744 4327 τι
789 4280 1080 4346 τοιοῦντον,
1135 4271 1216 4327 ὅτι
1273 4272 1651 4350 προσάπτομεν
1692 4282 1814 4332 ταῖς
1843 4269 1997 4347 ὑφει-

351 4359 539 4435 μέναις
593 4361 659 4416 τὰ
713 4362 1085 4438 ὑπερκείμενα,
1117 4359 1222 4423 Καὶ
1249 4360 1442 4438 λύομεν
1490 4361 1722 4418 ἐντεῦθεν
1752 4360 1851 4426 τὴν
1881 4359 1999 4437 περὶ

2083 1945 2246 2008 sunt,
2286 1934 2460 1995 modo
2491 1953 2628 1997 vero
2661 1955 2870 1998 omnes
2901 1937 3142 1999 ordines
3172 1936 3445 2000 caelestes
3475 1958 3489 2000 :
3522 1955 3726 2000 verum

2083 2022 2195 2084 hoc
2229 2041 2445 2086 nomen
2480 2025 2718 2085 virtutis
2745 2026 3401 2106 estaequivocum;nam
3435 2033 3552 2087 tam
3579 2026 3726 2089 ordo

2085 2113 2362 2192 proprius
2387 2133 2560 2195 quam
2595 2115 2652 2175 in
2685 2115 2988 2178 communi
3021 2134 3230 2179 omnes
3260 2117 3594 2179 ordinesita
3619 2135 3728 2178 no-

2085 2203 2406 2277 minantur,
2453 2212 2656 2285 utpote
2708 2206 2902 2286 aliqua
2946 2206 3159 2268 virtute
3185 2205 3728 2286 praediti.Cumita-

2082 2310 2195 2370 que
2215 2311 2321 2372 pro
2351 2291 2590 2354 sublimi
2612 2313 2714 2355 sua
2736 2295 3040 2357 rationein
3066 2297 3176 2357 tria
3204 2293 3730 2368 dividantur,(nam

2082 2380 2363 2450 sublimia
2393 2383 2732 2445 sublimiter
2753 2389 2813 2448 et
2841 2384 3334 2464 supermundiala
3364 2403 3728 2466 supramun-

2081 2470 2317 2532 dialitcr
2348 2471 2627 2552 distingui
2654 2473 2893 2547 debent)
2925 2474 3298 2553 dividuntur,
3331 2475 3597 2555 inquam,
3631 2475 3729 2533 di-

2083 2559 2230 2620 vina;
2259 2569 2494 2622 mentes
2519 2562 2577 2622 in
2613 2563 2960 2639 essentiam,
3008 2563 3069 2624 in
3099 2564 3398 2644 virtutem,
3427 2571 3486 2626 et
3515 2582 3731 2642 opera-

2081 2648 2326 2722 tionem;
2355 2651 2433 2710 ita
2466 2659 2547 2714 ut.
2587 2653 2840 2732 exempli
2863 2653 3070 2732 gratia,
3101 2653 3358 2714 essentia
3379 2653 3621 2734 quidem
3647 2653 3727 2715 sit

2081 2745 2290 2799 natura
2313 2739 2680 2818 ignis.virtns
2703 2759 2842 2802 vero
2869 2743 2956 2804 vis
2989 2742 3370 2803 illuminandi
3401 2751 3460 2804 et
3492 2743 3727 2817 urendi,

2076 2829 2337 2907 operatio
2369 2829 2628 2910 denique
2660 2830 2890 2894 virtutis
2910 2832 3619 2914 complementum,quale
3634 2838 3728 2896 est

2078 2917 2416 2980 illuminare
2431 2932 2486 2981 et
2501 2919 2852 2984 urere.Cum
2873 2922 3072 3002 itaque
3102 2941 3511 3001 saepenumero
3527 2924 3705 2985 etiam

2078 3007 2152 3068 ab
2184 3010 2672 3071 essentianomen
2708 3010 3098 3092 accipiant,ut
3129 3011 3611 3093 quandomentes
3633 3013 3726 3074 vel

2081 3097 2327 3177 spiritus
2353 3109 2617 3176 vocatur;
2652 3101 3010 3182 quandoque
3039 3103 3215 3163 etiam
3272 3101 3346 3163 ab
3379 3101 3727 3182 operatione

2081 3187 2486 3264 nominentur,
2525 3197 2585 3250 ut
2615 3209 2748 3251 cum
2777 3191 2972 3269 angeli
3006 3198 3426 3272 nuncupantur
3456 3209 3573 3252 non
3609 3192 3728 3253 im-

2082 3281 2294 3338 merito
2325 3279 2500 3340 etiam
2514 3279 2775 3342 avirtute
2797 3282 3043 3342 virtutes
3061 3281 3729 3361 appellantur.Quando

2080 3365 2260 3444 igitur
2274 3385 2483 3429 omnes
2502 3368 2589 3430 vel
2607 3368 2832 3448 aliquas
2856 3386 3067 3430 earum
3083 3369 3212 3430 sine
3227 3369 3343 3431 ulla
3355 3368 3730 3432 observatio-

2080 3473 2157 3517 ne
2189 3455 2463 3518 ccelestes
2489 3458 2780 3521 essentias
2803 3457 3178 3520 velcoelestes
3201 3458 3446 3519 virtutes
3467 3458 3728 3539 appella-

2081 3545 2700 3621 mus,existimandum
2733 3555 2845 3624 est,
2871 3565 2980 3609 nos
3013 3547 3147 3609 illos
3177 3547 3484 3610 insinuare
3511 3566 3580 3610 ac
3612 3548 3724 3611 de-

2081 3643 2413 3698 monstrare
2448 3636 2522 3699 de
2555 3637 2776 3719 quibus
2806 3637 2979 3699 nobis
3019 3656 3216 3701 sermo
3250 3646 3359 3714 est,
3393 3639 3724 3702 secundum

2079 3723 2338 3804 phrasim
2373 3726 2630 3804 aliquam
2662 3727 3065 3790 abundantem
3093 3749 3106 3791 :
3133 3747 3239 3809 pro
3269 3746 3341 3790 eo
3373 3727 3533 3791 enim
3567 3727 3727 3810 quod

2077 3812 2416 3876 diceremus
2431 3817 2697 3898 angelos,
2731 3817 2987 3882 dicimus
3013 3817 3288 3881 cmlestes
3312 3818 3727 3899 essentias,vel

2081 3903 2354 3966 caelestes
2379 3906 2723 3987 virtutes,ex
2745 3907 3047 3969 communi
3077 3906 3316 3970 illorum
3341 3907 3719 3984 essentia,vel

2081 3993 2256 4054 etiam
2280 3995 2497 4058 virtute
2527 4015 2660 4074 quae
2682 3997 2740 4058 in
2762 3998 3010 4077 singulis
3051 3996 3304 4062 relucet.
3329 3996 3714 4079 Nequaquam

2081 4091 2281 4146 autem
2307 4085 2764 4148 existimandum
2790 4097 3020 4163 est,nos
3040 4086 3158 4149 rite
3186 4087 3548 4166 digestarum
3572 4105 3715 4150 san-

2083 4181 2306 4235 ctarum
2335 4180 2612 4238 virtutum
2655 4177 3074 4258 praprietatem
3110 4176 3495 4239 inferioribus
3519 4194 3727 4240 essen-

2085 4265 2179 4326 tiis
2199 4267 2522 4329 attribuere
2544 4271 2960 4349 (superpositae
2981 4269 3184 4349 utique
3216 4278 3354 4330 sunt
3383 4270 3730 4348 superiores

2082 4355 2325 4417 virtutes
2355 4357 2921 4433 inferioribusjﬂoc
2940 4361 3098 4421 enim
3124 4360 3282 4434 dico,
3321 4377 3395 4420 ue
3427 4359 3561 4441 quis
3585 4360 3726 4441 quid

345 4459 466 4526 τοῦ,
501 4456 621 4513 πῶς
653 4454 844 4515 κοινῶς
901 4453 966 4509 τὰ
1021 4451 1235 4528 οιόρὰνια
1271 4453 1521 4530 τάγματα
1551 4450 1796 4528 λέγονται
1826 4451 1996 4526 ἀγγε-

2083 4445 2283 4507 simile
2299 4447 2791 4529 existimet,quasi
2806 4448 3187 4511 inferioribus
3207 4449 3549 4529 superiores
3573 4468 3726 4512 coae-

347 4540 459 4616 λοι,
545 4539 906 4603 διδασκαλίαν.
983 4545 1108 4620 Περὶ
1163 4540 1218 4598 δὲ
1293 4548 1398 4598 τῶν
1464 4540 1854 4619 ὑπερκειμένων
1907 4540 1994 4595 καὶ

349 4633 516 4696 αὑτὰς
572 4632 666 4697 τὰς
725 4629 995 4708 δυνάμεις,
1059 4632 1224 4696 οὑδείς
1285 4655 1373 4698 μοι
1420 4631 1604 4710 λόγος,
1638 4633 1682 4687 εἰ
1714 4631 1804 4688 καὶ
1833 4636 1996 4687 ταῦτα

349 4721 602 4798 δυνάμεις
662 4721 973 4783 καλοῦνται*
1033 4722 1162 4780 αὑτᾶ
1232 4724 1332 4801 γὰρ
1389 4724 1460 4786 ὡς
1515 4722 1864 4800 ὑπερκείμενα
1933 4721 1998 4775 τα

347 4812 622 4890 προσόντα
665 4825 780 4876 τοῖς
840 4811 1139 4892 ὑφειμένοις
1189 4811 1381 4876 ὁλικῶς
1439 4811 1647 4892 ἔχουσι,
1674 4813 1737 4867 τα
1764 4809 1818 4866 δὲ
1847 4811 1999 4890 ὑφει-

350 4901 489 4979 μένα
517 4902 585 4958 τὰ
613 4907 721 4983 τῶν
761 4902 1150 4982 ὑπερκειμένων
1182 4906 1287 4983 οὑχ
1337 4901 1530 4968 ὑλικῶς
1585 4902 1826 4981 ἔχουσιν,
1861 4897 2000 4954 ἀλλὰ

353 4997 613 5071 μερικῶς.
669 4980 842 5051 ’Ὄδεν
885 4993 982 5051 οὒκ
1009 4993 1372 5072 ἀνατρέπομεν
1407 4995 1502 5062 τὴν
1531 4991 1797 5070 ἡμετέραν
1826 4990 2000 5047 όπωσ-

353 5089 446 5139 οὑν
505 5077 862 5139 διδασκαλίαν·
899 5084 1036 5140 κατὰ
1093 5083 1192 5162 γὰρ
1233 5085 1326 5140 τὸν
1377 5081 1634 5147 πολλάκις
1685 5083 1822 5156 ἡμῖν
1854 5080 1996 5136 ἁπο-

352 5171 570 5230 δοθέντα
623 5169 786 5252 λόγον
837 5174 955 5253 περὶ
997 5174 1192 5245 αὑτῶν,
1246 5174 1300 5229 αἰ
1331 5173 1428 5249 μὲν
1458 5168 1872 5251 ὑπερϐεϐηκυται
1904 5170 1998 5232 τὰς

348 5262 460 5320 τῶν
487 5261 785 5344 ὑφειμένιυν
829 5265 1046 5344 ἔχουσιν
1087 5261 1382 5344 ἱδιότητας,
1413 5260 1551 5318 ἀλλὰ
1605 5268 1890 5341 περισσῶς,
1925 5261 1999 5326 ὡς

347 5354 440 5412 καὶ
469 5350 634 5412 πλᾶιν
681 5377 732 5412 τι
770 5351 1016 5434 ἔχουσαν
1049 5355 1102 5411 αἱ
1152 5350 1208 5410 δὲ
1236 5351 1538 5410 τελευταῖαι
1568 5353 1661 5416 τὰς
1689 5355 1794 5409 τῶν
1837 5353 2000 5430 ὑπερ-

349 5439 655 5512 ϐεϐηκυιῶν
713 5441 975 5512 δλότητας
1030 5441 1296 5521 οὐδαμῶς,
1358 5447 1586 5522 μερικῶς
1615 5439 1670 5498 δὲ
1703 5444 1777 5507 εἱς
1838 5440 1998 5504 αὑτὰς

350 5535 405 5592 ἀί
432 5545 808 5616 πρωτοφανετς
865 5532 1160 5611 ἑλλάμψεις
1191 5531 1277 5591 διὰ
1305 5536 1411 5592 τῶν
1458 5532 1684 5614 πρώτων
1715 5528 1992 5609 ἀναλόγως

349 5636 470 5689 τοῖς
520 5623 886 5703 ὑποκειμένοις
943 5622 1439 5704 διαπορθμεῦονται.
1491 5631 1651 5682 Δοκει
1679 5619 1735 5680 δέ
1761 5641 1874 5688 πως
1902 5620 1992 5678 ἐν·

345 5713 514 5777 ταῦθα
572 5714 774 5802 λέγειν,
819 5714 903 5774 ὅτι
941 5713 1061 5776 κατ’
1089 5715 1234 5787 ἀξίαν
1287 5715 1340 5775 αὶ
1388 5711 1664 5798 ἀγγελιιιαὶ
1693 5710 1994 5793 διακοσμή-

2079 4555 2353 4616 queinus.
2390 4541 2586 4619 Atque
2629 4540 2772 4601 hinc
2803 4541 3097 4603 solvimus
3141 4539 3301 4602 illam
3337 4540 3726 4620 quaestionem

2079 4627 2204 4690 sive
2234 4627 2587 4704 doctrinam,
2632 4630 2928 4710 quomodo
2977 4631 3250 4694 caelestes
3279 4631 3521 4692 ordines
3553 4632 3724 4710 vulgo

2081 4718 2277 4797 angeli
2305 4719 2702 4800 appellentur.
2741 4721 2823 4783 De
2855 4719 3268 4802 superioribus
3291 4727 3511 4794 autem,
3539 4719 3728 4782 adeo-

2085 4828 2201 4889 que
2233 4810 2306 4871 de
2337 4810 2479 4890 ipsis
2513 4811 3062 4887 virtutibus,nullus
3086 4812 3230 4875 mihi
3259 4830 3455 4874 sermo
3485 4820 3596 4886 est,
3633 4819 3726 4874 ta-

2084 4900 2254 4962 metsi
2302 4900 2393 4961 ha:
2434 4919 2668 4981 quoque
2697 4901 2942 4964 virtutes
2973 4910 3392 4983 nuncupentur
3424 4918 3438 4964 :
3465 4900 3610 4982 ipsa;
3640 4901 3730 4964 si-

2082 4988 2319 5068 quidem
2355 4997 2627 5070 tanquam
2661 4992 3001 5072 superiOres
3032 5010 3101 5054 ea
3132 5008 3262 5073 qua:
3312 4999 3450 5053 sunt
3478 4992 3536 5052 in
3569 4991 3726 5054 infe-

2081 5077 2346 5140 rioribus
2393 5080 2715 5143 universim
2754 5081 2994 5156 habent,
3022 5100 3223 5143 verum
3248 5081 3566 5145 inferiores
3617 5102 3726 5145 ne-

2083 5188 2381 5250 quaquam
2401 5171 2860 5243 unlversim,sed
2887 5180 3108 5234 tantum
3135 5191 3202 5234 ex
3228 5181 3395 5254 parte
3414 5171 3637 5236 habent
3657 5191 3728 5236 ea

2083 5278 2219 5340 quae
2232 5258 2607 5339 superiorum
2633 5260 2968 5324 sunt.Unde
2985 5281 3103 5323 non
3126 5263 3446 5326 evertimus
3468 5263 3738 5325 hancne-

2081 5356 2264 5413 stram
2289 5349 2770 5432 qualemcunque
2795 5352 3150 5433 doctrinam;
3177 5371 3314 5415 nam
3356 5354 3521 5432 juxta
3544 5353 3732 5415 ratio-

2081 5457 2219 5503 nem
2241 5457 2417 5522 quam
2440 5458 2598 5520 szepe
2612 5439 2687 5502 de
2710 5441 2802 5502 bis
2820 5441 3468 5524 dedimus,superiores
3489 5442 3734 5520 quidem

2075 5528 2423 5594 interiorum
2467 5531 2864 5612 proprietates
2888 5531 3345 5614 babent,verum
3366 5531 3728 5611 eminenter,

2077 5620 2337 5682 utetiam
2361 5617 2506 5701 quid
2547 5619 2805 5701 amplius
2846 5619 3126 5698 habeant;
3177 5629 3491 5702 postrema
3529 5627 3732 5685 autem

2077 5711 2452 5798 superiorum
2479 5711 2742 5778 totaliter
2762 5729 3139 5797 nequaquam
3162 5710 3466 5792 obtinent,
3488 5711 3594 5776 sed
3625 5729 3735 5797 per
