4112 6160
387 361 504 432 303

1532 350 1593 423 S.
1648 348 1990 425 DIONYSII
2042 343 2572 423 AREOPAGITE.

3646 351 3764 430 304

373 507 568 564 autem
586 497 813 579 Deique
829 493 1472 577 imitatione,quaalibet
1489 494 1764 576 superior
1785 513 1854 556 ex
1885 511 2012 574 par-

2099 495 2236 566 ίερᾶς
2299 494 2620 569 θεογνωσίᾶς
2665 515 2720 549 τε
2781 495 2870 550 καὶ
2913 493 3263 570 θεομιμησίας
3319 497 3389 561 ὡς
3425 495 3490 554 δι’
3539 499 3759 558 ἐκείνων

375 597 434 652 te
466 587 786 669 cujuslibet
806 585 1208 662 inferioris,ad
1232 603 1406 666 quam
1430 584 1912 664 ejusinterventu
1938 582 2025 644 di-

372 680 508 741 vina
540 677 765 740 lumina
796 673 1568 756 trajiciuntur.‘Supremam
1601 673 1780 752 igitur
1810 673 2022 736 coeles-

377 767 522 829 tium
565 764 1097 845 intelligentiarum
1143 763 1620 845 dispositionem,
1671 771 2024 824 caeterorum

374 855 724 937 angelorum
769 854 1036 916 omnium
1080 853 1380 934 essentias,
1407 853 1547 933 jure
1623 852 1837 914 merito
1896 859 2026 932 post

375 943 1198 1022 Deum,omnissacrosanctae
1219 944 1326 1005 Dei
1352 939 1709 1018 cognitionis
1734 939 2022 1002 imitatio-

377 1036 590 1117 nisque
614 1032 977 1116 principium
1023 1050 1156 1095 esse
1190 1031 1628 1112 censent,quod
1681 1049 1788 1113 per
1809 1031 1941 1092 illas
1964 1032 2023 1094 in

377 1133 589 1188 omnes
617 1124 691 1186 ad
721 1141 832 1185 nos
849 1139 1037 1201 usque
1059 1119 1167 1183 Dei
1202 1119 1554 1200 principalis
1584 1120 1899 1183 illustratio
1921 1121 2023 1182 de-

375 1215 641 1292 rivetur;
674 1220 1036 1295 quaprOpter
1064 1227 1291 1272 sacram
1313 1227 1550 1272 omnem
1570 1209 1799 1290 Deique
1821 1211 2022 1272 imita-

376 1304 586 1366 tricem
600 1308 891 1365 actionem
910 1300 983 1363 ad
1014 1301 1202 1363 Deum
1234 1299 1478 1378 quidem
1513 1307 1576 1362 ut
1606 1310 1906 1362 auctorem
1927 1319 2019 1363 re-

376 1393 596 1468 ferunt,
620 1391 695 1454 ad
718 1395 938 1472 primas
972 1396 1167 1452 autem
1206 1407 1273 1451 ac
1317 1389 1642 1452 deiformes
1671 1398 1923 1471 mentes,
1959 1399 2022 1451 ut

377 1482 693 1565 primarios
725 1480 1040 1545 etfectores
1061 1478 1397 1542 divinorum
1429 1497 1674 1561 operum
1699 1499 1766 1545 ac
1799 1481 2019 1558 magis--

2107 584 2179 648 εἷς
2212 582 2384 646 πάσας
2428 584 2514 639 καὶ
2558 585 2630 647 είς
2669 585 2814 660 ἡμᾶς
2860 580 2886 624 ⁷
2930 588 3028 651 τῆς
3086 587 3381 665 θεαρχικῆς
3434 586 3757 665 ἐλλάμψεως

2107 669 2475 748 διαδιδομένης
2510 687 2524 703 ⁸
2586 670 2664 728 διὸ
2723 674 2810 732 καὶ
2858 677 3033 730 πᾶσαν
3089 674 3232 753 ἱερὰν
3279 677 3365 732 καὶ
3432 679 3760 753 θεομίμητον

2109 761 2377 840 ἐνὲργειαν
2435 762 2520 818 ἐπὶ
2568 764 2695 819 Θεὸν
2757 763 2855 838 μὲν
2913 764 2988 828 ὡς
3041 765 3226 821 α’ίτιον
3284 764 3651 849 ἀναφέρουσιν,
3674 770 3761 826 ἐπὶ

2110 849 2166 906 δὲ
2209 852 2330 914 τοὺς
2415 852 2658 930 πρώτους
2725 850 2977 916 θεοειδεῖς
3065 855 3188 918 νόας
3235 855 3304 919 ὡς
3389 859 3761 936 πρωτουργοὺς

2105 947 2212 997 τῶν
2282 940 2433 997 θείων
2495 942 2583 998 καὶ
2640 939 3007 1006 διδασκὰλους.
3055 943 3254 1001 Οὖκοῦν
3325 945 3357 1012 ἡ
3406 947 3593 1023 πρώτη
3651 953 3761 1004 τῶν

2107 1029 2271 1108 ἆγίων
2316 1029 2561 1109 ἂγγέλων
2611 1028 2962 1105 διακόσμησις
2995 1029 3200 1105 μᾶλλον
3245 1031 3466 1090 ἀπασῶν
3510 1033 3627 1115 ἔχει
3659 1037 3761 1103 τὴν

2107 1119 2368 1200 ἐμπόριον
2438 1117 2701 1201 ἰδιότητα,
2746 1122 2835 1177 καὶ
2855 1121 2954 1188 τὴν
2995 1120 3306 1201 κεχυμένην
3342 1126 3439 1192 τῆς
3466 1126 3762 1205 θεαρχικῆς

2108 1208 2292 1291 σοφίας
2355 1207 2662 1286 μετάδοσιν,
2733 1210 2820 1266 καὶ
2870 1211 2928 1267 τὸ
2969 1213 3265 1291 γνωστικὸν
3320 1214 3419 1280 τῆς
3461 1214 3762 1293 ὑπερτάτης

2103 1306 2212 1358 τῶν
2258 1299 2425 1356 Θείων
2476 1297 2806 1375 ἐλλάμψεῶν
2875 1299 3205 1378 ἐπιστήμης,
3262 1302 3347 1359 καὶ
3399 1302 3497 1370 τὴν
3554 1305 3762 1382 θρονίαν

2102 1385 2350 1458 ῐδιότητα
2380 1389 2479 1458 τὴν
2522 1389 2970 1465 ἀναπεπταμένην
3035 1388 3312 1470 θεοδοχίαν
3357 1391 3707 1472 ἐμφαίνουσιν
3739 1409 3756 1426 ⁸

2112 1482 2164 1538 αἱ
2202 1478 2260 1536 δὲ
2314 1479 2420 1536 τῶν
2456 1478 2751 1558 ὑφειμένων
2794 1479 2981 1536 οὐσιῶν
3028 1477 3409 1556 διακοσμήσει(
3458 1486 3555 1550 τῆς
3586 1483 3758 1558 ἐμπυ-

378 1572 732 1636 tros.Prima
767 1571 966 1651 itaque
997 1576 1342 1632 sanctorum
1370 1570 1714 1650 angelorum
1737 1569 2016 1632 distribu-

2115 1572 2250 1652 ρίου,
2282 1574 2382 1634 τῆς
2416 1574 2612 1648 σοφῆς,
2686 1573 2785 1636 τῆς
2817 1575 3144 1650 γνωστικῆς,
3187 1575 3286 1636 τῆς
3313 1569 3569 1653 θεοδόχου
3597 1571 3757 1630 εὐνά-

375 1662 457 1724 tio
490 1661 682 1741 magis
707 1679 831 1742 pra;
859 1658 1115 1740 reliquis
1145 1659 1379 1737 igneam
1432 1660 1849 1741 proprietatem
1881 1679 2016 1722 con-

2115 1683 2256 1738 μεως
2312 1658 2600 1739 μετέχουσι
2661 1659 2780 1734 μὲν,
2853 1660 3146 1740 ὑφειμένως
3203 1657 3280 1741 δὲ,
3340 1663 3427 1718 καὶ
3485 1664 3616 1742 πρὸς
3660 1664 3754 1724 τὰς

378 1751 872 1831 tinet,fusamque
911 1749 1132 1811 divinae
1165 1748 1474 1830 sapientia)
1518 1749 2016 1822 communionem,

2115 1752 2328 1831 πρώτας
2361 1749 2584 1827 ὁρῶσαι,
2647 1750 2735 1805 καὶ
2800 1746 2867 1804 δι’
2925 1750 3094 1806 αὖτῶν
3163 1753 3236 1815 ὡς
3295 1761 3386 1810 τοῦ
3426 1755 3757 1829 θεομιμήτου

375 1859 442 1904 ac
469 1839 1065 1905 summaedivinarum
1100 1838 1562 1901 illustrationum
1584 1840 2016 1902 scientiaeusurr

2116 1839 2469 1920 πρωτουργῶς
2513 1837 2822 1914 ἠξιωμένων
2881 1840 2969 1896 ἐπὶ
3025 1841 3087 1896 τὸ
3117 1843 3210 1897 τοῦ
3250 1839 3507 1906 θεοιιδοῦς
3546 1843 3758 1923 ἐφικτὸν

373 1938 548 2013 atque
581 1931 878 2013 peritiam,
909 1930 1169 2011 soliique
1201 1928 1651 2012 proprietatem,
1696 1949 1827 2010 qua:
1859 1938 2016 2010 patu-

2115 1929 2462 2008 ἆναγὸμὲναι.
2524 1929 2626 1993 Τὰς
2683 1928 2962 2006 εἰρημένας
3021 1932 3107 1985 οὖν
3139 1931 3289 2008 ἁγίας
3343 1927 3632 2004 ἰδιότητάς,
3681 1931 3757 1988 ὧν

371 2021 488 2083 lam
519 2021 592 2083 ad
613 2021 800 2084 Deum
816 2018 1230 2100 excipiendum
1270 2019 1657 2100 capacitatem
1679 2020 2016 2083 indicatzin-

2115 2025 2168 2078 ἒν
2200 2019 2450 2096 μετουσίᾳ
2478 2018 2563 2079 διὰ
2605 2019 2710 2074 τῶν
2741 2019 2965 2097 πρώτων
3003 2019 3055 2075 αἱ
3097 2021 3230 2095 μετὰ
3278 2021 3435 2085 αὐτὰς
3467 2023 3633 2078 οὖσὶαι
3657 2044 3758 2100 γε-

370 2111 655 2174 feriarum
687 2118 886 2174 autem
934 2108 1332 2173 essentiarum
1389 2109 1824 2190 dispositiones
1854 2110 2016 2189 liuju:

2115 2111 2359 2190 γόνασιν,
2390 2112 2578 2172 αὒταϊς
2612 2109 2833 2174 ἐκείναίς
2879 2109 3012 2185 μετὰ
3044 2111 3173 2166 Θεὸν
3216 2111 3287 2176 ὡς
3329 2111 3603 2191 ἱεράρχαις
3631 2111 3758 2169 ἀθα-

373 2201 582 2282 igneae,
604 2199 914 2283 sapientis,
946 2197 1211 2280 scientis,
1247 2217 1315 2261 ac
1355 2197 1462 2261 Dei
1497 2201 1732 2280 capacis
1783 2198 2032 2260 virtutis
2114 2199 2368 2259 τιθέασιν.

372 2290 693 2372 participes
725 2291 962 2371 quidem
995 2296 1134 2351 sunt
1165 2297 1224 2351 et
1252 2289 1417 2369 ipsze,
1455 2289 1557 2351 sed
1594 2289 1863 2351 inferiori
1898 2289 2110 2369 gradu,
2143 2296 2198 2350 et
2233 2307 2364 2350 cum
2399 2294 2675 2367 respectu
2725 2287 2795 2349 ad
2833 2285 3063 2368 priores
3095 2305 3198 2368 per
3231 2307 3402 2369 quas,
3437 2296 3501 2350 ut
3547 2287 3761 2352 divinae

369 2381 715 2442 imitationis
747 2379 1266 2462 przeformatrices,
1302 2379 1376 2441 ad
1411 2379 1875 2442 deiformitatem
1909 2398 2012 2459 pro
2045 2387 2220 2461 captu
2252 2396 2356 2440 suo
2392 2387 2847 2459 promoventur.
2883 2375 3086 2440 Dictas
3131 2382 3328 2458 itaque
3361 2379 3758 2459 proprietates

368 2480 807 2551 sacrosanctas,
842 2488 1090 2551 quarum
1126 2469 1406 2531 secunda:
1435 2481 1665 2532 naturae
1696 2489 1802 2552 per
1833 2473 2054 2550 primas
2091 2467 2415 2550 participes
2449 2467 2678 2531 elfecta:
2709 2473 2868 2544 sunt,
2903 2465 2977 2528 iis
3029 2465 3173 2547 ipsis
3207 2479 3342 2546 post
3371 2467 3585 2544 Deum,
3621 2477 3758 2532 tan-

369 2579 544 2641 quam
580 2560 912 2643 praapositis
945 2559 1094 2641 suis,
1126 2566 1401 2640 acceptas
1430 2558 1652 2626 ferunt.
1981 2641 2009 2722 ἓ
2053 2637 2130 2705 IV

434 2749 650 2812 Aiebat
662 2747 864 2832 itaque
881 2749 984 2832 qui
997 2749 1124 2812 haec
1136 2746 1760 2829 referebat,visionem
1774 2747 2014 2826 quidem

2185 2739 2417 2827 ’Ἔλεγεν
2453 2749 2539 2805 οὖν
2570 2749 2598 2804 ὁ
2641 2756 2804 2806 ταῦτα
2877 2747 3076 2828 φήσας,
3123 2746 3217 2815 τὴν
3262 2747 3360 2822 μὶν
3392 2747 3573 2826 ὅρασιν
3604 2747 3753 2806 ἐκεί-

368 2840 532 2903 illam
582 2839 905 2902 exhibitam
951 2858 1084 2903 esse
1128 2838 1404 2916 theologo
1437 2836 1746 2920 aquodam
1782 2857 2010 2918 eorum,

2099 2863 2196 2908 νην
2256 2836 2636 2918 ὑποδιιχθῆναι
2681 2843 2757 2913 τῷ
2812 2835 3045 2915 θεολόγῳ
3092 2834 3159 2892 δι’
3219 2837 3336 2902 ἐνὸς
3379 2843 3486 2894 τῶν
3519 2837 3751 2896 ἐπιστα-

370 2929 473 3012 qui
501 2928 673 2991 nobis
704 2938 984 3010 praesunt,
1005 2936 1346 2993 sanctorum
1379 2945 1449 2989 ac
1471 2925 1779 2989 beatorum
1824 2947 2012 3007 ange-

2099 2930 2326 2988 τούντων
2357 2931 2494 3004 ἡμῖν
2535 2927 2697 3006 ἁγίων
2747 2927 2833 2984 καὶ
2893 2928 3163 3005 μακαρίων
3195 2925 3461 3006 ἀγγέλων,
3493 2929 3585 2985 καὶ
3618 2930 3751 3009 πρὸς

367 3019 586 3093 lorum,
619 3019 790 3098 cujus
805 3017 1228 3081 illuminatrice
1259 3016 1727 3079 manuductione
1751 3017 1824 3079 ad
1847 3016 2016 3098 Spiri-

2102 3023 2195 3089 τῆς
2217 3017 2542 3099 φωτιστικῆς
2578 3020 2734 3074 αὗτοῦ
2755 3015 3116 3096 χειραγωγίας
3139 3014 3225 3072 ἐπὶ
3247 3017 3345 3084 τὴν
3369 3017 3551 3094 γοερὰν
3567 3025 3595 3072 8
3623 3017 3755 3074 ὲκεί-

372 3108 553 3170 talem
597 3107 770 3168 istam
819 3107 1388 3187 contemplationem
1421 3105 1608 3169 fuerat
1663 3115 1926 3182 evectus,
1959 3110 2016 3168 in

2105 3130 2200 3176 νην
2257 3107 2473 3181 θεωρίαν
2531 3106 2870 3180 ἀνατεθῆναι,
2935 3103 3052 3162 καθ’
3116 3106 3182 3172 ἣν
3213 3106 3352 3185 ἐώρα
3382 3108 3477 3170 τὰς
3525 3108 3752 3188 ὑπερτά-

376 3217 492 3280 qua
532 3215 847 3276 supremas
890 3197 1020 3259 illas
1051 3197 1339 3258 essentias
1389 3196 1581 3277 (quasi
1623 3197 1683 3258 in
1709 3197 2016 3278 symbolis,

2101 3217 2195 3261 τας
2252 3196 2429 3259 οὐσίας
2489 3197 2580 3272 (ὡς
2649 3194 2703 3251 ἐν
2763 3191 3048 3271 συμϐόλοις
3093 3195 3287 3263 εἰπεῖν)
3328 3196 3430 3253 ὑπὸ
3484 3198 3613 3255 Θεὸν
3660 3198 3752 3254 γαὶ

375 3297 440 3352 ut
465 3287 790 3365 sicloquar)
823 3287 962 3350 vidit
980 3287 1131 3350 infra
1150 3286 1337 3350 Deum
1373 3295 1430 3348 et
1440 3287 1606 3368 juxta
1621 3289 1806 3351 Deum
1822 3296 1880 3350 et
1905 3289 2016 3350 cir-

2103 3285 2239 3362 μετὰ
2269 3291 2401 3342 Θεοῦ
2429 3287 2457 3330 9
2497 3285 2584 3342 καὶ
2627 3283 2746 3365 περὶ
2791 3286 2920 3341 Θεὸν
2975 3282 3274 3364 ἱδρυμένας,
3320 3287 3408 3342 καὶ
3437 3286 3538 3354 τὴν
3580 3286 3752 3343 ἁπάν-

375 3377 642 3441 caDeum
658 3377 1185 3456 collocatas,atque
1203 3384 1472 3440 omnium
1495 3379 1742 3460 insuper
1758 3379 2019 3460 ipsarum

376 3467 948 3549 superinell‘abiliter
1017 3469 1384 3531 eminentem
1447 3469 2020 3550 superprincipalem

371 3557 754 3634 verticem,in
779 3559 974 3620 medio
999 3559 1573 3638 supereminentium
1621 3559 1905 3622 virtutum
1928 3578 2020 3621 su-

373 3646 1199 3729 perpositum.Didicititaque
1214 3666 1285 3710 ex
1313 3648 1478 3711 hisce
1503 3647 1828 3710 visionibus
1845 3649 2019 3711 theo-

373 3735 1309 3816 logus,Divinitatem,secundum
1334 3757 1574 3800 omnem
1603 3745 2020 3818 supernatura-

371 3826 490 3887 lem
512 3824 1089 3899 excellentiam,sine
1109 3828 1550 3908 comparatione
1577 3836 1857 3908 praestare
1883 3846 2017 3889 om-

374 3914 436 3975 ni
467 3913 681 3976 visibili
714 3921 771 3976 et
802 3912 1083 3976 invisibili
1112 3915 1741 3998 virtuti,omnibusque
1772 3916 2020 3997 insuper

375 4012 708 4084 exemptam
743 4021 895 4079 esse,
919 4012 981 4064 ut
1005 4022 1136 4084 qua;
1167 4023 1242 4068 ne
1264 4005 1474 4086 primis
1499 4006 1741 4087 quidem
1764 4005 1896 4069 istis
1927 4025 2016 4068 es-

371 4093 579 4155 sentiis
603 4091 724 4154 ullo
741 4091 915 4154 modo
936 4093 1152 4156 similis
1176 4097 1404 4159 existat:
1430 4096 1500 4157 ad
1517 4097 1860 4176 haec,ipsam
1885 4114 2014 4157 om-

370 4182 537 4244 nium
569 4200 704 4246 esse
715 4183 1075 4265 principium
1094 4192 1151 4246 et
1171 4202 1404 4247 causam
1420 4185 2012 4260 substantilicam,in-

371 4271 858 4354 dissolubilisque
899 4292 1098 4336 rerum
1130 4275 1457 4338 mansionis
1485 4275 1856 4338 immutabile
1907 4277 2012 4337 lir-

371 4371 838 4438 mamentum,ex
851 4382 966 4444 quo
998 4373 1061 4426 ut
1091 4372 1379 4446 essent,et
1397 4365 1549 4430 bene
1571 4375 2009 4446 essent,supre-

2099 4366 2267 4430 κυίαις
2290 4365 2402 4422 ἐστὶ
2457 4363 2744 4443 δυνάμεσιν
2789 4384 2806 4400 ⁸

371 4470 486 4513 ma;
513 4453 691 4514 etiam
730 4456 758 4512 Ι
784 4453 863 4512 14
907 4455 1153 4517 virtutes
1181 4455 1529 4518 habuissent
1560 4477 1580 4518 :
1605 4457 1763 4536 ipsas
1793 4455 2012 4518 deinde

369 4539 696 4603 deiformes
709 4541 1216 4606 sanctissimorum
1243 4546 1543 4626 serapliim
1570 4546 1814 4607 virtutes
1838 4545 2013 4609 doce-

368 4628 562 4705 batur,
597 4647 849 4712 quorum
881 4647 1115 4694 sacrum
1148 4652 1366 4695 nomen
1398 4634 1539 4716 quid
1580 4634 1820 4714 igneum
1856 4634 2012 4697 desi-

367 4729 500 4798 gnat
517 4720 684 4800 (17*)
704 4722 778 4784 de
792 4740 908 4802 quo
924 4739 1031 4783 nos
1062 4723 1234 4802 paulo
1255 4732 1384 4804 post
1407 4725 1877 4806 dicemus,prout
1912 4743 2007 4805 po-

366 4811 611 4874 terimus
639 4811 1043 4892 interpretari,
1074 4812 1242 4874 istius
1264 4814 1452 4890 igneae
1482 4815 1712 4877 virtutis
1747 4815 1819 4877 ad
1849 4815 2003 4877 divi-

363 4918 500 4962 nam
527 4901 979 4964 similitudinem
1002 4901 1511 4984 impulsus.Porro
1551 4924 1688 4967 cum
1723 4923 2002 4968 senarum

363 4990 587 5079 alarum
613 5010 798 5054 sacrae
845 4992 1099 5056 ﬁctionis
1128 4992 1458 5058 absolutam
1495 5013 1909 5079 summamque
1938 4996 2003 5058 in

359 5077 548 5144 Deum
605 5081 667 5144 in
698 5083 906 5164 primis
935 5101 1003 5145 ac
1045 5084 1259 5148 mediis
1288 5084 1744 5168 novissimisque
1777 5077 2001 5151 menti-

2108 3398 2210 3432 των
2267 3377 2353 3432 καὶ
2411 3376 2579 3432 αὖτῶν
2636 3373 3010 3454 ὑπεραῤῥήτως
3056 3373 3391 3455 ἐξῃρημένην
3426 3377 3753 3457 ὑπερᾶρχιον

2104 3465 2374 3545 ἀκρότητα
2429 3464 2484 3521 ἐν
2539 3464 2689 3542 μέσῳ
2740 3470 2846 3522 τῶν
2909 3462 3338 3544 ὑπερϐεϐηλυιῶν
3367 3464 3420 3508 Ῑο
3474 3465 3750 3542 δυνάμεων

2101 3553 2538 3634 ὑπεριδρυμένην.
2600 3553 2922 3631 Ἐμάνθανεν
2978 3554 3066 3611 οὖν
3121 3567 3239 3619 τοῖς
3301 3555 3588 3634 ὁρωμένοις
3634 3554 3683 3601 ίί
3716 3557 3746 3612 ὁ

2101 3644 2376 3724 θεολόγος,
2431 3645 2512 3702 ὅτι
2555 3645 2689 3703 κατὰ
2729 3651 2905 3702 πᾶσαν
2947 3644 3252 3724 ὑπεροόσιον
3281 3645 3554 3727 ὑπεροχὴν
3587 3646 3752 3725 ἀσυγ-

2103 3736 2292 3814 κρίτως
2355 3734 2656 3815 ὒπερίδρυτο
2686 3733 2740 3777 η
2811 3737 2872 3792 τὸ
2923 3742 3103 3812 Θιϊον,
3152 3735 3368 3804 ἁπάσης
3409 3737 3604 3815 ὁρατῆς
3661 3737 3753 3794 καὶ

2101 3825 2327 3904 ἀοράτου
2397 3823 2788 3904 δυνάμεως,ιιαὶ
2843 3826 2950 3901 μὴν
2980 3824 3062 3884 ὅτι
3109 3823 3324 3883 πάντων
3365 3825 3504 3884 ἐστὶν
3549 3825 3754 3906 ἐξηρη-

2101 3914 2258 3990 μὲνον
2289 3916 2362 3980 ὡς
2415 3917 2665 3997 καθόλου,
2737 3914 2875 3993 μηδὲ
2917 3928 3040 3983 ταῖς
3068 3917 3305 3996 πρώταις
3335 3923 3442 3973 τῶν
3472 3915 3637 3974 ὄντων
3669 3918 3758 3974 οὗ.

2099 4005 2234 4065 σίαις
2265 4005 2514 4088 ἐμφερὲς.
2547 4004 2765 4086 προσέτι
2823 4007 2912 4064 καὶ
2967 4007 3028 4064 τὸ
3072 4006 3285 4063 πάντων
3329 4006 3454 4065 αὐτὸ
3485 4005 3663 4088 ἀρχὴν
3690 4005 3749 4057 13

2097 4093 2187 4151 καί
2242 4095 2409 4151 αἰτίαν
2473 4096 2780 4154 οὒσιοποιὸν
2822 4095 2994 4172 εἶναι,
3019 4097 3107 4153 καὶ
3135 4099 3234 4164 τῆς
3259 4098 3360 4152 τῶν
3394 4092 3560 4152 ὄντων
3592 4093 3750 4152 ἀδια-

2096 4182 2251 4241 λύτου
2300 4190 2469 4261 μονῆς
2527 4185 2887 4244 ἀναλλοίωτον
2959 4183 3189 4267 ἵδρυσιν,
3247 4185 3334 4265 ὑφ’
3390 4186 3456 4254 ἧς
3522 4186 3608 4243 καὶ
3684 4186 3748 4243 τὸ

2097 4273 2264 4351 εἶναι,
2327 4277 2505 4333 καὶτὸ
2571 4276 2627 4333 εὖ
2685 4276 2853 4353 εἶναι,
2911 4277 2999 4333 καὶ
3055 4280 3238 4341 αὗταις
3282 4287 3408 4341 ταῖς
3446 4272 3747 4355 ὑπερϐεϐη-

2879 4370 3000 4424 ιῖτα
3056 4366 3152 4431 τάς
3211 4365 3384 4423 αὐτῶν
3425 4370 3533 4422 τῶν
3576 4366 3749 4444 ἁγιω-

2093 4452 2265 4513 τάτων
2315 4457 2544 4536 σεραρὶμ
2599 4455 2818 4533 ἐμυεῖτο
2877 4455 3131 4521 θεοειδεῖς
3173 4453 3446 4537 δυνάμεις,
3504 4460 3603 4523 τῆς
3648 4455 3748 4533 μὶν

2093 4549 2236 4620 ἱερᾶς
2292 4546 2465 4604 αὐτῶν
2521 4545 2822 4623 ἐπωνυμίας
2888 4548 2948 4604 τὸ
3005 4545 3262 4626 ἐμπόριον
3344 4545 3748 4623 σημαινούσης,

2094 4637 2211 4716 περὶ
2269 4638 2328 4694 οὗ
2379 4637 2567 4717 μικρὸν
2649 4635 2865 4718 ὕστερον
2940 4636 3110 4706 ἡμεῖς
3175 4636 3419 4715 ἐροῦμεν,
3479 4639 3553 4702 ὡς
3607 4637 3747 4710 ἡμῖν

2089 4726 2300 4807 ἐφικτὸν
2357 4727 2726 4807 ὑφηγήσασθαι
2782 4729 2875 4794 τὰς
2920 4725 3006 4784 ἐπὶ
3074 4729 3137 4785 τὸ
3166 4725 3393 4792 θεοειδὲς
3437 4731 3532 4794 τῆς
3566 4725 3746 4802 ἐμπυο

2087 4820 2195 4897 ρίου
2251 4814 2521 4892 δυνάμεως
2576 4817 2880 4898 ἀναγωγάς.
2945 4822 3053 4886 Τῆς
3097 4816 3153 4874 δέ
3209 4823 3316 4874 τῶν
3367 4822 3574 4896 πτερῶν
3617 4815 3746 4882 ἐξα-

2085 4906 2226 4974 πλῆς
2277 4905 2647 4982 ἱεροπλαστίας
2675 4908 2775 4976 τὴν
2817 4908 2903 4964 ἐπὶ
2963 4909 3026 4964 τὸ
3065 4915 3223 4965 Θεϊον
3264 4907 3320 4963 ἐν
3364 4908 3634 4988 πιρώταις,
3683 4905 3743 4962 ἐν

2085 4997 2300 5074 μέσαις,
2327 4996 2382 5051 ἐν
2449 4996 2775 5064 τελευταίαις
2829 4998 3078 5066 νοῆσεσιν
3125 4996 3393 5056 ἀπόλυτον
3451 4997 3744 5075 καὶῦπερ-

2087 5087 2252 5155 τὰτην
2299 5086 2608 5166 ἀνάστασιν,
2683 5087 2821 5148 ἀλλὰ
2903 5089 2990 5146 καὶ
3041 5090 3103 5146 τὸ
3172 5087 3496 5170 ἀπειρόπουν
3568 5088 3744 5144 αὒτῶν

1671 5246 1938 5314 VABIAE
1987 5245 2429 5314 LECTIONES.

438 5361 511 5426 ξίς
569 5378 690 5446 non
716 5369 837 5446 _est
892 5361 951 5424 in
1011 5363 1086 5426 D.
1145 5362 1213 5428 P.
1274 5362 1382 5430 Cb.
1464 5365 1498 5416 8
1525 5367 1625 5435 τὴν
1680 5368 1846 5446 ἱεράν,
1879 5366 1987 5446 Ch,
2022 5366 2094 5430 D.
2128 5367 2228 5432 Sc.
2261 5364 2394 5431 Sar.
2426 5366 2776 5444 ἂναταθῆναι,
2811 5367 2891 5429 Μο
2925 5365 2990 5432 8.
3017 5364 3085 5431 Ρ.
3120 5365 3190 5434 Β·
3219 5365 3327 5430 Ch-
3376 5365 3512 5432 58f.

3599 5363 3741 5442 om,

357 5439 985 5530 tantum‘babetuazt
1041 5446 1388 5530 EEtEtAe‘adv,
1441 5439 1936 5530 quoduse'qui'tur
1972 5439 2095 5514 'Sc.
2181 5445 2237 5493 ¹⁰
2257 5446 2682 5526 ὑποϐεϐηκυιῶν,
2739 5439 2810 5514 Ρ.
2851 5447 2925 5516 D.
2971 5447 3103 5516 Sar.
3189 5448 3239 5492 ¹¹
3274 5448 3597 5528 εἰρημένοις,
3661 5439 3737 5512 DL

350 5519 407 5565 η
433 5520 819 5604 ὕπτρίδρουται,
853 5523 962 5588 Ch.
1045 5519 1101 5568 ιθ
1129 5526 1216 5583 καὶ
1244 5519 1546 5606 ἀρχήν,ἶ).
1579 5527 1688 5592 Ch.

436 5636 600 5733 (17".)
633 5642 869 5733 Nomen
901 5639 1453 5733 scilicetllebraice
1483 5661 1860 5726 expressum,
1889 5661 2098 5717 manu?
2129 5645 2288 5731 quod
2323 5646 2645 5732 signiﬁcat,
2680 5647 2987 5733 ardentes,
3037 5650 3336 5732 fulgentes
3366 5662 3384 5725 ;
3450 5663 3486 5708 a
3534 5641 3742 5708 radice

353 5732 510 5786 mw.
557 5721 851 5799 incendit,
883 5723 1214 5788 succendit.
1250 5723 1480 5791 Dmcn.
