4112 6160
322 389 442 458 305

1285 397 1382 461 DE
1425 395 1776 461 CCELESTI
1818 395 2323 475 HIERARCHIA,
2357 399 2522 462 CAP.
2568 397 2736 462 XIII.

3585 397 3703 467 306

321 534 408 589 καὶ
450 529 873 611 πολυπρόσωπον
943 535 1080 611 ὸρῶν
1152 533 1181 590 ό
1250 533 1388 611 ἱερὸς
1454 530 1726 612 θεολόγος,
1771 535 1960 593 καὶτὸ

2052 530 2153 595 bus
2184 533 2620 611 excitationem,
2658 553 2769 598 nec
2813 553 2934 598 non
2987 535 3454 603 innumerabiles
3485 556 3692 603 eorum

321 635 442 688 τοῖς
471 635 690 696 πτεροῖς
753 619 1257 680 ἆποδιαστὲλλεσθαι
1312 621 1411 689 την
1466 623 1568 679 ὑπὸ
1624 623 1747 687 τοὺς
1804 623 1970 688 πόδας

322 713 412 768 καὶ
440 711 539 778 τὴν
565 711 694 790 ὒπὲρ
723 711 788 768 τά
817 712 1080 791 πρόσωπα
1122 711 1366 792 θεωρίαν,
1411 713 1502 768 καὶ
1551 711 1654 779 τὴν
1726 713 1781 769 ἐν
1851 727 1968 780 τοῖς

321 801 507 876 μέσοις
537 815 754 878 πτεροῖς
812 799 1165 881 ἂεικινησίαν,
1244 801 1378 871 πρὸς
1450 800 1549 870 την
1621 804 1821 871 νοητὴν
1862 811 1969 862 τῶν

319 891 602 969 δρωμένων
637 891 866 968 ἀνήγετο
914 897 1132 972 γνῶσιν,
1188 891 1580 972 ἐκφαινομένης
1656 897 1802 968 αὗτῷ
1871 899 1968 962 τῆς

319 988 426 1038 τῶν
486 980 790 1060 ὑπερτάτων
829 986 964 1036 νοῶν
1033 979 1334 1058 πολυπόρου
1407 982 1494 1038 καὶ
1571 981 1965 1057 πολυθεάμονος

313 1069 607 1145 δυνάμεως,
660 1071 744 1127 καὶ
794 1074 890 1138 τῆς
939 1072 1080 1146 ἱερᾶς
1133 1071 1307 1130 αὐτῶν
1338 1068 1640 1145 εὖλαϐείας,
1677 1071 1743 1141 ἣν
1788 1071 1965 1154 ἔχου-

313 1184 392 1218 σιν
422 1159 788 1237 ὑπερκοσμίὼς
819 1161 890 1224 εἰς
922 1158 1020 1228 τιίν
1072 1166 1176 1216 τῶν
1229 1159 1577 1240 ὑψηλοτέρων
1607 1161 1666 1212 14
1721 1165 1815 1220 καὶ
1855 1164 1964 1241 βα-

316 1250 540 1330 θδτέρων
592 1247 788 1317 αὐθάδη
841 1251 931 1307 καὶ
980 1253 1234 1323 θρασεῖαν
1281 1251 1369 1308 καὶ
1417 1250 1696 1330 ἀνέφιγτον
1727 1252 1960 1334 ἔρευναν,

318 1342 406 1398 καὶ
476 1345 575 1407 τῆς
647 1339 701 1396 ἐν
769 1341 1064 1416 συμμετρίᾳ
1122 1341 1227 1398 τῶν
1285 1341 1628 1417 θεομιμὴτων
1687 1343 1966 1423 ἐνεργειῶν

319 1428 692 1499 ἀκαταλήκτου
743 1431 833 1486 καὶ
887 1431 1176 1505 ὑψιπξτοῦς
1235 1429 1591 1498 ἀεικινησίας.
1651 1429 1820 1490 Ἀλλὰ
1879 1435 1966 1491 καὶ

320 1520 417 1589 τὴν
486 1520 781 1600 θεαρχικὴν
845 1519 1051 1588 ἐκείνην
1122 1521 1208 1576 καὶ
1280 1520 1636 1597 πολυτίμητον
1705 1522 1965 1598 ὑμνῳδίαν

319 1609 784 1688 ἐμυσταγωγεττο,
842 1611 937 1668 τοῦ
992 1609 1278 1674 τυποῦντος
1333 1611 1430 1679 τὴν
1484 1613 1666 1690 ’ὺρασιν
1735 1612 1965 1692 ἀγγέλου

325 1700 461 1756 κατᾶ
490 1698 709 1775 δύναμιν
770 1706 846 1772 τῷ
903 1697 1140 1778 θεολόγῳ
1185 1698 1552 1776 μεταδιδόντος
1612 1702 1708 1771 τῆς
1769 1704 1965 1768 οἷοιείας

323 1789 688 1867 ἱερογνωσίας.
722 1787 1022 1847 Ἐδίδασκεν
1076 1792 1161 1846 οὖν
1211 1791 1368 1847 αὐτὸν
1421 1792 1505 1846 καὶ
1540 1793 1716 1872 τοῦτο,
1750 1791 1831 1849 ὅτι
1861 1793 1965 1850 κά-

2054 623 2260 704 pedes,
2297 623 2632 706 multasque
2661 624 2843 687 facies
2869 634 3110 689 sanctus
3139 627 3242 691 ille
3273 629 3580 709 theologus
3612 630 3701 693 vi-

2054 714 2248 788 deret,
2276 721 2459 795 utque
2486 714 2598 775 alis
2621 721 2737 776 tam
2761 714 2977 795 pedum
3012 734 3186 795 quam
3214 717 3494 780 facierum
3525 739 3700 802 aspe-

2054 809 2180 864 ctus
2205 810 2575 878 arcerentur,
2597 803 2823 885 alaeque
2848 803 3060 866 medim
3085 814 3365 887 perpetuo
3394 826 3698 872 moveren-

2055 898 2169 966 tur,
2202 892 2275 954 ad
2311 892 2753 973 intelligibilem
2785 911 2991 956 eorum
3026 913 3158 975 quae
3186 895 3467 959 cernebat
3494 902 3699 962 scien-

2053 981 2191 1043 tiam
2215 981 2646 1065 adducebatur,
2673 983 2960 1064 explicata
2983 983 3070 1046 illi
3089 1003 3503 1067 supremorum
3523 990 3696 1068 spiri-

2052 1079 2215 1134 tuum
2246 1072 2566 1152 multivaga
2591 1073 2968 1155 plurimaque
2990 1075 3275 1138 cernendi
3299 1075 3692 1154 facultate,sa-

2050 1179 2268 1242 eraque
2300 1180 2508 1224 eorum
2539 1163 2897 1241 reverentia,
2927 1182 3102 1245 quam
3133 1166 3696 1247 supermundialiter

2048 1250 2330 1313 exhibent
2357 1251 2418 1314 in
2442 1251 2856 1316 sublimiorum
2890 1253 3457 1336 profundiorumque
3481 1265 3695 1338 myste-

2046 1340 2270 1403 riorum
2283 1341 2560 1404 insolenti
2578 1359 2645 1404 ac
2663 1342 3546 1428 temerariaimpenetrabilique
3561 1365 3692 1426 per-

2048 1430 2428 1507 scrutatione,
2454 1451 2566 1495 nec
2591 1449 2705 1494 non
2731 1433 2953 1513 optime
2983 1431 3211 1512 digesta
3234 1433 3420 1497 Deum
3451 1435 3689 1498 imitan-

2049 1522 2193 1582 tium
2226 1522 2523 1584 actionum
2558 1520 2901 1584 incessabili
2932 1529 2990 1583 et
3033 1521 3370 1586 altivolante
3403 1532 3688 1607 perpetua

2050 1611 2335 1673 motione.
2361 1610 2520 1684 Quin
2552 1619 2610 1672 et
2638 1611 2902 1673 divinum
2928 1611 3072 1674 illud
3096 1613 3686 1694 praestantissimum-

2049 1719 2164 1780 que
2191 1700 2381 1764 laudis
2403 1701 2697 1763 canticum
2730 1700 3018 1776 discebat,
3043 1704 3253 1782 angelo
3275 1704 3376 1785 qui
3399 1705 3683 1769 visionem

2049 1789 2416 1858 efformabat.
2454 1797 2626 1870 prout
2678 1795 2936 1872 poterat,
2986 1791 3101 1872 ipsi
3150 1792 3425 1871 theologo
3455 1812 3685 1857 sacram

321 1879 500 1955 θαρσίς
531 1877 643 1935 ἐστι
676 1891 791 1944 τοῖς
822 1878 1063 1936 ὄπωσοῦν
1119 1883 1374 1959 καθαροῖς
1433 1883 1466 1949 ἡ
1523 1881 1620 1950 τῆς
1669 1885 1963 1963 θεαρχικῆς

2052 1896 2215 1940 suam
2241 1878 2549 1940 scientiam
2577 1881 3079 1944 communicante.
3106 1880 3257 1954 Quin
3279 1890 3339 1944 et
3360 1883 3469 1948 hoc
3492 1885 3685 1965 ipsum

319 1966 584 2046 ὃιαυγείας
644 1968 936 2046 ἁγνότητος
974 1969 1030 2020 l5
1086 1971 1159 2033 ὡς
1219 1970 1432 2050 ἐφικτὸν
1491 1972 1763 2044 μετουσία.
1823 1970 1961 2037 Αὐτὴ

2052 1967 2358 2044 edocebat,
2394 1969 2692 2050 quomodo
2722 1969 2935 2033 divina;
2962 1971 3247 2035 claritatis
3275 1991 3344 2034 ac
3375 1973 3687 2037 munditiei

320 2056 374 2114 δὲ
408 2057 490 2131 16,
552 2059 680 2137 πρὸς
721 2058 883 2126 αὐτῆς
939 2059 1188 2139 θεαρχίας
1243 2058 1591 2139 ἐξῃρημέναις
1647 2058 1837 2123 αἰτίαις
1893 2060 1964 2124 είς

2052 2075 2155 2139 pro
2177 2057 2464 2138 cujusque
2481 2067 2654 2138 captu
2674 2060 3306 2143 participatio,quoquo
3326 2061 3502 2124 modo
3522 2081 3691 2126 mun-

319 2149 524 2210 πάντας
575 2147 698 2210 τοὺς
749 2148 917 2222 ἱεροὺς
973 2155 1095 2212 νόας
1148 2150 1439 2227 ὑπερουσίῳ
1471 2147 1777 2226 κρυφιότητι
1808 2147 1963 2204 τελε-

2052 2146 2141 2208 tiis
2165 2146 2340 2208 etiam
2375 2155 2534 2210 esset
2563 2147 3059 2230 expiationi.Quae
3101 2170 3236 2213 cum
3269 2152 3583 2233 praecipuis
3612 2152 3688 2215 de

316 2240 684 2316 τουργουμένη
717 2236 772 2285 Π
831 2251 954 2302 ταῖς
1011 2239 1129 2317 περὶ
1187 2239 1349 2302 αὒτὴν
1408 2237 1482 2298 ὡς
1525 2237 1838 2313 ὑπερτάταις
1869 2236 1962 2294 δυ-

2052 2236 2243 2299 causis
2266 2256 2299 2298 a
2323 2237 2433 2299 Dei
2461 2237 2796 2319 principatu
2821 2240 2880 2302 in
2923 2241 3159 2302 cunctis
3179 2241 3365 2303 sacris
3389 2241 3689 2304 mentibus

325 2328 569 2407 νάμεσιν,
605 2328 960 2407 ἐκφανεστέρα
1019 2329 1132 2386 πώς
1194 2323 1305 2380 ἐστι
1362 2326 1450 2381 καὶ
1508 2324 1711 2400 μᾶλλον
1773 2328 1961 2396 ἑαυτὴν

2052 2327 2534 2406 superessentiali
2552 2328 2808 2408 quodam
2833 2337 3061 2392 secreto
3082 2331 3689 2412 operatur,supremis

316 2418 552 2497 ἐκφαίνει
584 2418 670 2473 καὶ
702 2415 992 2472 διαδίδωσιν
1027 2429 1040 2444 ⁵
1100 2415 1188 2470 ἐπὶ
1232 2413 1286 2470 δὲ
1343 2414 1449 2471 τῶν
1507 2413 1762 2487 δευτέρων
1793 2416 1827 2485 ἢ
1858 2423 1963 2473 τῶν

2052 2425 2245 2478 tamen
2297 2416 2620 2478 virtutibus
2676 2417 2915 2500 Deoque
2973 2419 3260 2501 proximis
3318 2421 3691 2483 manifestior

316 2506 571 2587 ἐσχάτων
599 2505 753 2574 ἡμῶν
785 2509 980 2581 νοερῶν
1011 2503 1068 2553 ¹3
1123 2502 1417 2579 δυνάμεων,
1479 2506 1551 2568 ὡς
1611 2508 1775 2573 αὐτῆς
1831 2506 1962 2563 ἑκά·-

2052 2504 2494 2584 quodammodo
2527 2505 2747 2583 existit;
2781 2509 2974 2590 iisque
3007 2509 3193 2588 magis
3222 2527 3286 2571 se
3330 2511 3601 2591 explanat
3632 2518 3690 2572 et

316 2619 426 2654 σττ.
461 2594 600 2650 κατὰ
637 2594 696 2648 τὸ
728 2591 952 2658 θεοειδές
1002 2592 1299 2666 διέστηκεν,
1361 2592 1498 2650 οὕτω
1550 2595 1647 2663 τὴν
1703 2597 1875 2674 φανὴν
1909 2595 1967 2646 19

2052 2593 2314 2657 insinuat
2342 2615 2358 2670 ;
2413 2595 2693 2658 sccundis
2719 2615 2856 2659 vero
2891 2598 3296 2661 uovissimisve
3324 2600 3544 2661 nostris
3569 2601 3690 2662 vir-

319 2685 489 2751 αὸτῆς
523 2681 792 2758 ἕλλτιμψιν
837 2683 1051 2761 συνάγει
1118 2684 1247 2761 πρὸς
1316 2685 1378 2740 τὸ
1445 2689 1542 2751 τῆς
1615 2685 1807 2748 οἰκείας
1837 2708 1966 2762 κρυο

2053 2682 2276 2745 tutibus
2303 2684 2468 2745 hisce
2499 2685 2882 2764 spiritalibus,
2919 2695 3091 2768 prout
3123 2707 3370 2768 quaeque
3400 2708 3434 2750 a
3463 2688 3690 2751 deifor-

317 2776 574 2855 φιότητος
609 2772 814 2828 ἐνιαῖον
845 2771 1141 2851 ἄγνωστον.
1206 2771 1506 2848 Ἐλλάμπει
1563 2772 1617 2829 δὲ
1679 2787 1798 2838 τοῖς
1851 2776 1968 2834 καθ’

2056 2773 2256 2834 mitate
2282 2773 2410 2853 ipsa
2440 2773 2639 2855 distat,
2672 2776 2753 2838 ita
2783 2775 3005 2839 claram
3057 2779 3188 2857 ejus
3235 2777 3686 2842 illustrationem

319 2864 549 2921 ἕκαστον
581 2861 838 2938 δευτὶροις
870 2859 955 2918 διὰ
984 2867 1089 2919 τῶν
1119 2862 1372 2940 πρώτων,
1409 2864 1519 2944 καὶ,
1545 2863 1589 2920 εί
1637 2862 1721 2921 δεῖ
1769 2867 1964 2922 συντό-

2052 2865 2121 2926 ad
2178 2865 2392 2925 secreti
2443 2864 2536 2926 sui
2583 2865 2940 2944 singularem
2972 2867 3203 2930 confert
3232 2867 3690 2944 ignorationem.

318 2977 437 3030 μως
492 2954 685 3026 εἰπεῖν,
741 2950 966 3030 πρώτως
1023 2951 1084 3008 ἐκ
1132 2960 1224 3010 τοῦ
1270 2953 1484 3032 κρυφίου
1537 2955 1668 3032 πρὸς
1699 2955 1758 3012 τὸ
1790 2955 1967 3035 ἐμφα-

2052 2951 2356 3016 Secundas
2377 2972 2553 3034 porro
2579 2956 2873 3033 sigillatim
2900 2974 3005 3037 per
3027 2957 3250 3038 primas
3270 2957 3694 3036 illustrat,etut

315 3045 400 3105 νὲς
436 3042 624 3120 ἄγεται
677 3040 761 3097 διὰ
811 3043 917 3098 τῶν
968 3043 1194 3121 πρώτων
1245 3040 1543 3118 δυνάμεων,
1592 3053 1756 3103 Τοῦτο
1786 3052 1910 3124 γοῦν
1940 3047 1968 3104 ὀ

2053 3043 2387 3105 summatim
2412 3043 2630 3119 dicam,
2658 3045 2934 3125 primitus
2963 3064 3033 3108 ex
3077 3046 3308 3110 occulto
3331 3046 3393 3107 in
3416 3054 3693 3126 apertum

316 3131 573 3209 θεολόγος
632 3129 934 3188 ἐδιδάσκετο
993 3135 1121 3208 πρὸς
1155 3139 1247 3189 τοῦ
1302 3140 1756 3213 φωταγωγοῦντος
1815 3135 1970 3194 αὐτὸν

2054 3132 2292 3194 ducitur
2316 3151 2423 3214 per
2444 3133 2694 3195 virtutes
2721 3135 2964 3215 primas.
3019 3137 3142 3198 Hoc
3189 3135 3369 3214 igitur
3389 3136 3701 3214 theologus

319 3222 580 3300 ἀγγέλου,
643 3222 704 3277 τὸ
760 3221 858 3290 τὴν
915 3222 1166 3300 κάθαρσιν
1198 3223 1284 3278 καὶ
1317 3223 1486 3286 πάσας
1538 3224 1633 3286 τὰς
1681 3223 1968 3304 θεαρχικάς

2053 3220 2127 3284 ab
2152 3223 2386 3300 angelo,
2405 3224 2502 3303 qui
2529 3223 2720 3303 ipsum
2745 3224 3701 3306 illustrabat.discebat,quomodo

314 3312 608 3390 ἐνεργείας,
678 3307 760 3366 διὰ
819 3317 925 3366 τῶν
985 3310 1208 3384 πρώτων
1264 3315 1459 3370 οὖσιῶν
1530 3311 1968 3394 ἂναλαμπούσας,

325 3403 398 3463 είς
452 3403 628 3466 πάσας
685 3400 778 3462 τὰς
836 3399 1024 3463 λοιπὰς
1087 3398 1399 3458 διαδίδοσθαι
1429 3402 1564 3458 κατὰ
1595 3401 1692 3469 τὴν
1742 3401 1970 3469 ἑκάστης

314 3492 448 3570 πρᾶς
509 3491 606 3553 τὰς
666 3490 977 3568 θεουργικὰς
1037 3491 1320 3565 μετουσίας
1377 3488 1683 3568 ἀναλογίαν
1749 3489 1828 3547 διὸ
1884 3494 1971 3548 καὶ

315 3582 417 3648 τὴν
453 3579 727 3657 ἐμπορίως
783 3580 1108 3657 καθαρτικὴν
1166 3577 1408 3646 ἰδιότητα
1462 3592 1578 3645 τοῖς
1635 3581 1860 3659 σεραφὶμ
1888 3582 1969 3638 εί-

323 3673 500 3733 κότως
536 3669 673 3744 μετὰ
729 3670 861 3725 Θεὸν
891 3667 1242 3726 ἀνατέθεικεν.
1281 3667 1440 3727 Οὐδὲν
1499 3669 1587 3725 οὗν
1643 3668 1865 3746 ἄτοπον,
1926 3672 1971 3727 εί

310 3761 592 3837 καθαίρειν
624 3758 835 3835 λέγεται
893 3759 981 3815 τὸν
1040 3759 1290 3836 θεολόγον
1350 3759 1377 3814 ὀ
1438 3761 1690 3838 σεραιρὶμ.
1739 3758 1834 3823 Ὠς
1872 3762 1972 3839 γὰρ

317 3851 348 3906 ὁ
384 3851 518 3913 Θεὸς
569 3848 803 3926 καθαίρει
865 3848 1064 3913 πάντας
1119 3854 1197 3923 τῷ
1253 3847 1431 3916 πάσης
1489 3849 1791 3928 καθάρσεως
1823 3850 1973 3907 εἶναι

315 3941 493 4001 αἰτίας
525 3937 609 4016 90,
643 3936 850 4013 μᾶλλον
898 3936 952 3992 δὲ
1004 3935 1396 4015 (παραπλησίῳ
1425 3938 1524 4016 γὰρ
1553 3940 1831 4018 χρήσομαι
1862 3962 1973 3997 πα-

313 4027 687 4106 ράδείγματι),
723 4027 958 4106 καθάπερ
1017 4029 1045 4082 6
1099 4023 1218 4084 καθ’
1275 4028 1418 4103 ἡμᾶς
1469 4029 1728 4108 ἱεράρχης
1759 4027 1841 4085 διὰ
1868 4035 1975 4086 τῶν

316 4121 482 4176 αὖτοῦ
541 4117 864 4196 λειτιυργῶν
948 4117 986 4183 ἣ
1067 4115 1250 4194 ἱερέων
1301 4117 1562 4196 καθαίρων
1618 4119 1654 4186 ἢ
1711 4119 1971 4198 φωτίζων,

317 4209 477 4272 αὐτός
564 4206 776 4285 λέγεται
873 4205 1139 4283 καθαίρειν
1221 4207 1310 4264 καὶ
1392 4208 1634 4286 φωτίζειν
1717 4215 1822 4264 τῶν
1906 4207 1975 4264 δι’

319 4300 483 4356 αὖτιῦ
555 4298 964 4373 καθιερωμένων
1033 4295 1232 4361 τάξεων
1314 4295 1398 4352 ἐπ’
1483 4298 1639 4353 αὐτὸν
1708 4297 1974 4354 ἁνατιθειο

315 4388 428 4445 σῶν
489 4388 586 4450 τὰς
633 4387 828 4450 οἰκείας
884 4386 1026 4464 ἱερὰς
1111 4385 1396 4464 ἐνεργείας·

2054 3330 2190 3374 cum
2223 3311 2477 3390 ipsamet
2503 3312 2779 3392 expiatio,
2804 3322 2923 3375 tum
2950 3321 3180 3376 craterae
3203 3314 3309 3377 Dei
3343 3315 3701 3395 principales

2055 3399 2434 3481 operationes
2465 3419 2696 3476 omncs,
2733 3419 2839 3482 per
2871 3404 3088 3480 primas
3126 3403 3415 3465 essentias
3447 3404 3699 3466 elucen-

2056 3498 2170 3569 tes,
2205 3489 2264 3550 in
2298 3507 2511 3550 omnes
2534 3489 2800 3572 reliquas
2832 3492 3280 3570 distribuantur,
3305 3493 3472 3572 juxta
3501 3493 3701 3573 cujus-

2057 3578 2202 3640 libet
2232 3578 2304 3641 ad
2337 3579 2582 3640 deiﬁcas
2606 3582 3087 3660 participationes
3114 3581 3523 3662 capacitatem:
3553 3600 3695 3662 qua-

2058 3676 2300 3749 propter
2340 3686 2446 3749 per
2491 3669 2682 3747 ignem
2717 3671 3002 3751 expiandi
3034 3670 3456 3753 proprietatem
3490 3669 3700 3733 merito

2056 3757 2202 3840 ipsis
2231 3758 2533 3838 seraphim
2567 3759 2898 3821 secundum
2931 3763 3118 3824 Deum
3172 3759 3398 3823 tribuit.
3458 3757 3698 3841 Nequa-

2058 3866 2236 3926 quam
2269 3847 2451 3926 igitur
2475 3846 2796 3910 absurdum
2817 3849 2971 3930 sit,si
2990 3849 3330 3928 theologum
3353 3850 3592 3928 expiare
3609 3867 3704 3910 se-

2056 3937 2291 4018 raphim
2319 3937 2692 4016 perhibetur.
2716 3937 2790 4000 Ut
2820 3939 2980 4000 enim
3022 3941 3204 4019 Deus,
3238 3938 3353 4000 hoc
3385 3939 3512 4017 ipso
3545 3939 3702 4018 quod

2057 4027 2252 4088 omnis
2274 4025 2630 4107 expiationis
2661 4045 2837 4089 causa
2876 4027 2975 4109 sit,
3002 4046 3211 4089 omnes
3245 4026 3534 4108 purificat,
3565 4030 3594 4087 ι
3615 4027 3701 4088 I5

2059 4115 2149 4177 vel
2170 4114 2364 4196 potius
2389 4118 2467 4192 (ut
2488 4119 2670 4196 magis
2696 4116 2866 4179 obvio
2899 4117 3168 4197 exemplo
3200 4117 3346 4193 utar)
3369 4115 3698 4196 sicutapud

2059 4223 2168 4266 nos
2201 4205 2489 4286 pontifex,
2524 4205 2664 4267 dum
2697 4223 2806 4286 per
2836 4206 3140 4268 ministros
3189 4222 3328 4266 suos
3358 4221 3462 4266 seu
3491 4223 3696 4268 sacer-

2058 4293 2227 4356 dotes
2249 4293 2880 4374 expiat,illuminatve,
2906 4295 3157 4374 ipsemet
3188 4293 3426 4372 expiare
3457 4300 3517 4354 et
3549 4291 3695 4354 illu-

1486 4386 1623 4444 οὕτω
1707 4389 1794 4444 καὶ
1875 4387 1974 4453 τὴν
2059 4381 3696 4463 minaredicitur,quodilliordines,quosconsecrat,sa-

314 4478 519 4534 οἰκείαν
597 4476 918 4553 καθαρτικὴν
1002 4476 1311 4550 ἐπιστήμην
1380 4477 1468 4534 καὶ
1538 4475 1757 4554 δύναμιν
1801 4479 1828 4533 6
1872 4477 1968 4544 τὴν

2057 4479 2394 4535 crosanctas
2417 4489 2552 4534 suas
2575 4472 2635 4532 in
2657 4472 2850 4552 ipsum
2874 4471 3134 4534 referant
3157 4470 3446 4533 actiones:
3472 4469 3560 4531 sic
3580 4487 3692 4532 an-

314 4569 576 4645 κάθαρσιν
607 4574 700 4624 τοῦ
731 4565 983 4645 θεολόγου
1054 4566 1409 4645 τελετουργῶν
1478 4566 1527 4609 εί
1601 4566 1851 4645 ἅγγελος,
1887 4566 1972 4622 ἐπὶ

317 4659 455 4715 Θεὸν
489 4658 588 4729 μὲν
617 4659 689 4718 ὡς
725 4654 924 4730 αἴτιον,
969 4656 1056 4712 ἐπὶ
1100 4655 1154 4712 δέ
1197 4663 1304 4712 τῶν
1337 4658 1563 4736 σεραφὶμ
1594 4659 1665 4722 ὡς
1694 4677 1970 4735 πρωτουρ-

309 4751 413 4826 γὸν
444 4747 731 4826 {spite-Am,
763 4745 1094 4812 ἀνατίθησιν⁸
1152 4747 1224 4810 ὡς
1282 4744 1344 4802 ἅν
1401 4769 1481 4810 τις
1541 4747 1692 4826 φαίη,
1729 4743 1845 4821 μετ’
1879 4745 1969 4800 εὖ·

309 4834 536 4899 λαϐείας
569 4835 865 4913 ἆγγελικῆς
920 4837 1010 4891 τὸν
1059 4834 1151 4892 ὑπ’
1207 4835 1363 4893 αὖτοὺ
1413 4835 1794 4914 καθαιρόμενον
1823 4833 1968 4891 ἐκδι-

308 4925 560 4988 δάσκων
597 4924 732 4983 "Ott
764 4925 861 4992 τῆς
893 4926 964 4986 εἷς
1011 4925 1070 4980 σὲ
1106 4926 1238 5003 πρὸς
1268 4925 1399 5000 ἐμοῦ
1425 4923 1969 5002 τελετουργνουμένης

317 5017 635 5095 καθάρσεως
667 5013 813 5094 ἀρχὴ
887 5015 985 5090 μέν
1057 5012 1198 5070 ἐστιν
1269 5014 1593 5094 ἐξῃρημένη,
1665 5014 1752 5070 καὶ
1797 5012 1968 5092 οὖσία,

314 5107 410 5162 καὶ
439 5105 768 5183 δημιουργὸς
800 5105 888 5162 καὶ
918 5104 1118 5177 αἴτιος,
1181 5105 1209 5160 6
1263 5106 1351 5161 καὶ
1407 5104 1502 5168 τὰς
1551 5102 1763 5179 πρώτας
1794 5102 1969 5163 οὐσίας

2053 4561 2218 4642 gelus
2259 4579 2494 4641 quoque
2523 4561 2626 4642 qui
2668 4560 3012 4639 theologum
3067 4559 3364 4640 expiabat,
3393 4559 3690 4639 propriam

2055 4649 2344 4732 purgandi
2397 4650 2511 4711 vim
2565 4658 2740 4730 atque
2787 4650 3096 4712 scientiam
3149 4652 3274 4713 Deo
3322 4646 3588 4729 quidem,
3630 4657 3694 4711 ut

2053 4739 2304 4813 auctori,
2322 4740 2618 4819 serapbim
2640 4756 2806 4814 vero,
2825 4743 3104 4820 tanquam
3129 4734 3472 4818 primicerio
3494 4753 3693 4798 sacro-

2055 4848 2186 4892 rum
2219 4827 2490 4905 antistiti,
2520 4827 2815 4908 attribuit;
2847 4847 2917 4891 ac
2957 4828 3008 4890 si
3037 4827 3217 4895 dicat,
3260 4843 3393 4888 cum
3424 4824 3693 4901 angelica

2053 4918 2307 4998 quadam
2333 4923 2664 4980 reverentia
2680 4936 2816 4980 eum
2838 4916 2939 4998 qui
2962 4917 3319 4996 purgabatur
3340 4913 3682 4983 instituens:

2014 5002 2020 5006 ’
2053 5008 2196 5087 Ejus
2217 5024 2353 5084 quae
2376 5007 2435 5068 in
2463 5016 2519 5069 te
2546 5025 2677 5069 meo
2707 5007 3035 5069 ministerio
3061 5005 3368 5087 perficitur
3392 5005 3686 5091 expiatio-

2051 5104 2166 5172 nis,
2204 5095 2557 5178 principium
2606 5095 2845 5178 quidem
2895 5097 3283 5179 prmcipuum,
3319 5105 3378 5159 et
3423 5099 3681 5164 essentia

1639 5259 1899 5326 νΑΒιΔῑ
1956 5253 2394 5324 LECTIONES.

407 5397 459 5442 η
487 5402 562 5463 εἷς
593 5397 694 5485 τὴν
717 5402 828 5485 των
855 5395 1221 5485 ὕψηλοτέριέξν,
1245 5397 1328 5485 _D.
1413 5395 1466 5438 “5
1496 5396 1928 5485 xxi-ﬁxvdmtoc,
2063 5389 2292 5485 et
2324 5388 2662 5485 V.ﬂ3tdt{7i1c
2690 5393 3034 5485 &_'{t_vtitn:toc._
3063 5395 3350 5485 ἀγνόητος,
3552 5413 3684 5485 cor-

315 5489 497 5561 rupte
528 5471 910 5561 opinorgejus
934 5471 1211 5561 lectioan
1239 5482 1436 5561 tamen
1457 5471 1968 5561 vestigiumestjn
1990 5471 2376 5561 translatione
2400 5471 2582 5561 Scoti,
2606 5471 3377 5561 vertit‘enjmklncggmitmr
3440 5473 3494 5561 40_
3516 5475 3647 5561 αὕτη

315 5555 428 5624 ΕΗ,
463 5561 534 5620 D.
569 5555 588 5560 ⁷
621 5556 675 5600 Π
701 5555 1107 5634 τελεσιουμένη,
1137 5555 1209 5619 D.

1292 5555 1346 5600 ts
1372 5556 1408 5624 ἦ
1437 5557 1542 5614 τῶν
1574 5551 1746 5630 ἡμῶν,
1782 5553 1858 5617 Μ,
1889 5553 1956 5616 Ρ.
1987 5554 2098 5616 Ch.
2132 5555 2230 5632 Sc.
2260 5552 2393 5632 S_ar.
2429 5553 2465 5620 ἢ
2493 5556 2599 5609 τῶν
2649 5554 2750 5632 πρὸ
2779 5551 3062 5632 magn.
3096 5551 3169 5632 Υ.
3199 5558 3303 5610 τῶν
3359 5555 3455 5632 ἐσχ

3517 5523 3576 5531 ’.⁷
3591 5523 3647 5542 ⁷⁸1

3468 5555 3608 5610 άτων
3635 5523 3674 5621 ἕξ

316 5621 426 5696 τῶν
451 5639 638 5715 μέσων
671 5643 914 5717 νοερῶνη
941 5621 953 5634 ’
975 5635 1029 5682 19
1202 5621 1446 5716 φαεινὴν.
1529 5621 1754 5695 901ml
1809 5637 1968 5709 αἰτία,
2025 5632 2096 5696 Ι).
2162 5631 2226 5695 S.
2287 5630 2352 5695 P-
2385 5632 2527 5690 εἶναι
2558 5621 2702 5691 all-Titi
2752 5635 2840 5690 καὶ
2869 5621 3038 5714 ἀρχὴ,
3073 5631 3181 5697 Ch.
3211 5634 3279 5695 V.
3308 5621 3671 5700 εἷναίἀ’ίτιος.

317 5719 372 5770 ἰ
404 5719 820 5798 τελεσιουργῶν,
854 5715 962 5779 Ch.
