4112 6160
365 347 471 416 3H
1555 345 1615 410 S.
1663 344 2004 408 DIONYSII
2050 343 2560 407 AREOPAGlT/E
3627 339 3742 406 312

361 485 672 550 effluxerat
701 481 998 566 ejusmodi
1031 482 1470 544 visionemznon
1503 480 1661 543 enim
1698 480 1884 542 nudas
1919 499 1983 541 re

2117 481 2305 559 μώρων,
2343 478 2462 534 ἀλλ’
2510 481 2792 557 αἰνίγματα
2835 479 2922 534 καὶ
2966 474 3200 552 σύμϐολα
3252 477 3392 555 παρὰ
3420 484 3527 535 τῶν
3571 477 3741 557 ἀγγέ-

364 587 423 640 et
450 565 745 640 essentias
762 576 1070 656 prophetae
1095 571 1504 644 videbant,sed
1530 570 1841 650 aenigmata
1857 589 1980 651 sym

2117 593 2200 627 ,ων
2231 567 2683 644 διαπλαττόμενα.
2731 565 2791 626 Ὀ
2826 565 3049 646 ἅγγελος
3081 566 3252 624 τοίνυν
3305 581 3510 632 εκεῐνος
3565 569 3593 624 ὁ
3650 570 3741 626 τὸν

363 667 618 747 holaque
671 665 744 728 ab
791 664 1018 742 angelis
1050 663 1392 726 efficta.lste
1423 661 1603 738 igitur
1631 661 1877 739 angelus
1909 681 1985 740 qu

2121 658 2342 736 εολόγον
2409 665 2558 733 μυῶν
2614 657 2780 733 ἆνῆγε
2822 663 3008 714 τοῦτον
3064 657 3150 714 ἐπὶ
3206 658 3357 736 Θεὸν,
3389 659 3479 714 καὶ
3534 657 3618 714 ἐπὶ
3648 661 3745 724 τὴν

363 744 702 836 theologum
737 751 1323 830 erudiebat,adduxit
1354 752 1512 812 hunc
1541 751 1614 811 ad
1641 749 1987 831 Deum,etai

2119 748 2314 828 πρώτην
2375 747 2651 827 ἶεραρχίαν
2702 746 2801 814 τὴν
2859 748 2994 822 μετὰ
3055 747 3208 818 Θεὸν,
3240 744 3485 814 δηλονότι
3543 748 3610 804 τὰ
3651 769 3743 805 σε-

367 833 616 926 primam
645 862 774 927 quae
804 852 935 924 post
981 847 1168 907 Deum
1204 849 1295 904 est
1323 840 1753 914 hierarchiam,
1781 840 1990 902 scilice

2125 838 2282 915 αφίμ⁶
2363 835 2501 894 ὥστε
2553 834 2718 892 πάλιν
2855 833 3044 913 ὁδηγία
3093 837 3238 915 παρὰ
3291 843 3384 894 τοῦ
3440 835 3667 915 ἀγγέλου
3713 837 3749 912 ᾗ

366 922 716 1016 ὲενερὴίπίε
747 922 823 995 ita
853 941 917 994 ut
941 933 1156 993 iterum
1185 929 1462 992 adductio
1495 937 1653 991 esset
1682 929 1876 1009 angeli
1902 929 1990 990 ad-

2129 926 2188 983 οὗ
2249 925 2562 1002 ἀνάγοντος.
2637 925 2737 984 Καὶ
2785 922 2930 1002 λέγει
2987 926 3014 982 ὁ
3088 924 3263 1002 ἅγιος,
3328 926 3551 996 Μήποτέ
3607 928 3752 982 ὶστιν

366 1012 660 1087 ducentis.
689 1023 761 1084 Et
786 1025 868 1084 ait
898 1028 1138 1084 sanctus
1181 1020 1350 1081 istam
1386 1019 1649 1081 fortassis
1683 1020 1990 1081 orationen

2127 1014 2301 1083 ῑληθὴς
2348 1017 2497 1078 οὗτος
2530 1017 2558 1070 ὁ
2588 1012 2775 1092 λόγος.
2833 1020 2952 1079 Πῶς
3026 1012 3081 1070 δὲ
3138 1014 3370 1097 ἀληθὴς,
3415 1014 3751 1072 ἀποδείκνυσι

369 1131 501 1176 esse
531 1111 1073 1185 veram.Quomodo
1106 1118 1303 1171 autem
1338 1127 1474 1170 vera
1510 1108 1612 1181 sit,
1648 1109 1992 1171 demonstra

2123 1113 2254 1163 ῖοῦτο
2303 1103 2407 1161 ἀπὸ
2449 1109 2547 1172 τῆς
2592 1110 2681 1161 τοῦ
2736 1103 2975 1167 εἰπόντος
3037 1103 3366 1184 ἐξηγήσεως.
3402 1103 3617 1183 ’Ἔλεγε
3646 1105 3747 1184 γὰρ

369 1201 720 1282 explicando
756 1219 826 1262 ea
857 1218 988 1280 quae
1021 1199 1188 1260 dixit.
1225 1197 1550 1262 Referebat
1581 1198 1766 1274 enim,
1799 1199 1990 1280 inquit

2121 1209 2330 1275 κεῖνος,
2366 1195 2548 1275 φησὶν,
2608 1197 2680 1258 ὥς
2727 1195 2760 1262 ἡ
2823 1194 2934 1251 θεία
2965 1193 3182 1268 etiam
3213 1193 3299 1252 ἐπὶ
3345 1194 3519 1252 πάντα
3548 1206 3745 1274 χωρεῖ,

367 1289 794 1370 ille,quomodo
817 1289 1017 1350 divina
1040 1287 1129 1348 vis
1151 1287 1224 1350 ad
1247 1288 1448 1351 omnia
1470 1287 1921 1370 pertingeret,et
1939 1309 1991 1350 at

2124 1286 2184 1341 ιαὶ
2228 1282 2312 1340 διὰ
2341 1283 2555 1340 πάντων
2596 1282 2767 1354 διήκει
2813 1281 3063 1364 ἀσχέτως
3119 1287 3207 1341 καὶ
3237 1284 3576 1362 ἁκρατήτως·
3634 1282 3748 1341 οὐδέ

365 1380 564 1440 omnia
597 1379 1119 1459 incomprehense,
1146 1396 1215 1438 ac
1245 1377 1376 1439 sine
1425 1377 1702 1440 mistione
1736 1398 1976 1459 permea

2125 1375 2196 1435 ’ἂρ
2248 1373 2538 1454 κατέχεταί
2587 1395 2712 1453 τινι,
2776 1374 2850 1436 ὡς
2903 1375 2978 1450 μὴ
3028 1373 3252 1451 ἑτέρωσε
3309 1379 3587 1454 φοιτῆσαι.
3650 1375 3749 1433 Καὶ

366 1478 463 1532 ret
494 1485 508 1531 :
545 1487 663 1529 non
715 1468 873 1529 enim
920 1468 1004 1528 ita
1051 1467 1387 1528 continetur
1409 1467 1482 1528 ab
1515 1467 1742 1548 aliquo,
1781 1481 1840 1530 ut
1872 1469 1986 1530 alii)

2123 1463 2279 1536 τάλιν,
2313 1469 2473 1519 πᾶσιν
2522 1463 2664 1519 ἑστιν
2723 1463 2930 1543 ἀφανὴς
2985 1461 3070 1521 διὰ
3127 1462 3214 1521 δύο
3247 1464 3392 1528 τινὰς
3427 1463 3620 1543 αἰτίας,
3666 1463 3747 1520 ὅτι

367 1577 486 1619 non
512 1558 778 1638 prodeat.
822 1559 954 1618 I18
989 1558 1058 1620 Et
1089 1557 1338 1637 iterum,
1374 1556 1654 1620 omnibus
1687 1563 1777 1621 est
1803 1560 1991 1621 occul-

2120 1575 2153 1610 :s
2210 1553 2536 1633 ὑπερουσίως
2596 1553 2848 1632 ὲξῂρηται
2903 1553 3139 1629 πάντων,
3171 1554 3263 1610 καὶ
3295 1553 3546 1629 ἂνόμοιός
3608 1553 3744 1629 ἐστι,

367 1659 464 1709 tus
493 1648 568 1709 ob
599 1647 744 1710 duas
775 1647 882 1710 has
911 1647 1308 1727 causas,quod
1327 1647 1608 1708 nimirum
1636 1647 1708 1708 ab
1733 1650 1991 1710 omnibu:

2123 1644 2176 1700 τὸ
2207 1641 2394 1717 ὅμοιον
2423 1644 2477 1698 δὲ
2507 1649 2584 1718 τῷ
2639 1644 2807 1718 ὁμοίῳ
2865 1644 3225 1721 γινώσκεταιἸ
3273 1645 3362 1701 καὶ
3406 1645 3495 1700 ὅτι.
3520 1643 3747 1723 κρυφίως

366 1737 1281 1819 superessentialiterexemptus
1301 1737 1990 1817 sit,etdissimilis(similt

2123 1731 2384 1804 ἰαπέμπει
2441 1733 2535 1796 τὰς
2587 1733 2830 1808 προνοίας
2874 1735 3061 1804 «stag,
3115 1734 3222 1810 (τίς
3281 1733 3382 1812 γὰρ
3435 1732 3575 1810 ἔγνω
3626 1740 3747 1788 νοῦν

366 1838 565 1889 autem
597 1846 630 1888 a
673 1827 854 1888 simili
895 1825 1326 1908 cognoscitur);
1363 1835 1420 1888 et
1453 1828 1648 1890 oculte
1695 1827 1990 1908 providen-

2122 1821 2336 1900 ἱυρίου;)
2369 1820 2464 1876 ’ίνα
2494 1821 2629 1886 ’ίσως
2659 1823 2888 1879 πάντοτε
2951 1823 3324 1903 γρηγορῶμεν,
3395 1822 3489 1878 οὒκ
3551 1819 3746 1886 εἰδότες

368 1917 480 1978 tias
537 1935 672 1978 suas
723 1915 1101 1978 transfundat
1150 1915 1302 1996 (quis
1359 1916 1519 1978 enim
1579 1919 1740 1979 novit
1768 1937 1992 1982 sensuu

2117 1911 2217 1973 τοὺς
2263 1910 2452 1990 Λόγους
2501 1910 2691 1992 ατῦτῆς,
2723 1912 2810 1967 καὶ
2867 1912 2963 1980 τὴν
3021 1911 3161 1990 ὥραν
3194 1911 3310 1968 καθ’
3343 1910 3409 1979 ἢν
3439 1910 3741 1990 συμφερόν-

365 2006 759 2088 Domini?);ut
795 2007 1003 2068 merito
1038 2024 1280 2087 semper
1311 2005 1640 2085 vigilemus,
1673 2007 1989 2070 nesciente:

2124 2023 2201 2064 nec
2247 1998 2470 2057 ἕκαστον
2527 1998 2946 2072 διοικηθήσεται,
3002 2003 3206 2068 Ταύτην
3262 2003 3351 2057 οὖν
3379 2001 3476 2067 τὴν
3506 1997 3748 2080 φωτοδο-

367 2087 806 2176 I‘ationesejus,
840 2104 898 2158 et
920 2096 1126 2157 horam
1160 2114 1274 2174 qua
1305 2114 1404 2156 res
1455 2097 1742 2176 quaelibet
1789 2098 1991 2161 utilitet

2133 2089 2212 2146 ίαν
2261 2091 2346 2145 καὶ
2409 2101 2534 2152 ταῖς
2593 2103 2804 2168 νοεραϊς
2849 2091 3048 2155 οὖσίαις
3091 2089 3402 2162 διαπέμπει,
3439 2087 3580 2156 πλὴν
3612 2089 3749 2146 ἀνα-

368 2183 921 2265 disponetur.Hanc
949 2184 1620 2263 itaqueillustrationem
1651 2188 1825 2250 etiam
1851 2190 1992 2270 spiri

2129 2179 2276 2256 λόγως
2325 2179 2414 2236 καὶ
2459 2179 2594 2235 κατᾶ
2650 2187 2711 2236 τὸ
2769 2179 2960 2260 μέτρον
3017 2185 3116 2247 τῆς
3174 2187 3280 2236 τῶν
3333 2178 3638 2259 δεχομένων
3669 2177 3753 2235 δυ-

372 2275 596 2337 talibus
640 2275 918 2337 essentiis
961 2274 1323 2355 transmittit,
1354 2292 1560 2336 verum
1596 2295 1700 2356 pro
1733 2269 1996 2359 cujuSqut

2125 2269 2332 2348 νέμεως,
2367 2273 2579 2349 πρῶτον
2619 2285 2744 2337 ταῖς
2798 2272 3142 2350 πρωτίσταις,
3174 2273 3260 2328 καὶ
3287 2269 3356 2326 δι’
3389 2271 3600 2327 ἐκείνων
3627 2283 3749 2334 ταῖς

365 2370 631 2444 captu,et
656 2365 820 2442 juxta
851 2381 1191 2424 mensuram
1218 2362 1459 2424 virtutis
1486 2382 1692 2426 eorum
1725 2366 1827 2446 qui
1859 2366 1989 2429 illan

2136 2359 2526 2428 ποϐεϐηκυίαις·
2599 2363 2626 2418 ὃ
2695 2361 2761 2429 δὴ
2853 2363 2938 2418 καὶ
2996 2359 3060 2418 δι’
3119 2362 3312 2418 οἰκείου
3367 2362 3456 2418 καὶ
3503 2362 3754 2428 αἰσθητοῦ

364 2452 964 2534 recipiunt,primum
999 2470 1216 2532 nempe
1248 2452 1549 2533 primis,et
1574 2473 1679 2532 per
1711 2455 1844 2518 illos
1875 2457 1988 2518 infe

2125 2452 2524 2530 παραδείγματος
2601 2455 2843 2534 σαφηνίει
2879 2503 2896 2534 ,
3008 2453 3322 2517 ἆποδέοντος
3395 2453 3491 2528 μὲν
3574 2451 3749 2520 πάντη

363 2542 625 2604 rioribus
662 2559 676 2604 ε
710 2543 788 2602 uti
845 2541 1021 2602 etiam
1053 2547 1288 2621 proprio
1323 2559 1394 2602 ac
1425 2543 1700 2604 sensibili
1747 2548 1987 2626 exempt

2126 2544 2232 2620 πρὸς
2263 2543 2326 2598 τὰ
2371 2543 2662 2620 λεγόμενα,
2718 2544 2842 2607 τέως
2894 2542 2947 2600 δὲ
3003 2545 3270 2622 γνωρίμου
3315 2545 3476 2620 ἡμῖν’
3526 2541 3750 2599 Ὑπόοω

364 2631 651 2706 declarat,
691 2631 847 2712 quod
873 2630 944 2691 iis
975 2630 1218 2711 quidem
1254 2649 1386 2711 quae
1416 2631 1696 2696 dicuntur
1727 2654 1844 2696 non
1876 2644 1980 2696 sati

2126 2633 2201 2710 νὰρ
2261 2631 2491 2700 ἡλιακὴν
2574 2634 2787 2689 ἀκτῖνα·
2865 2631 2998 2700 αὕτη
3074 2630 3357 2689 διαδιδοται
3410 2634 3480 2698 εἰς
3534 2633 3750 2710 πρώτην

362 2721 660 2801 congruit,
697 2720 869 2782 nobis
903 2731 1102 2782 tamen
1157 2730 1364 2782 notum
1393 2730 1502 2787 est.
1539 2722 1812 2804 Propone
1853 2726 1986 2787 enin

2130 2721 2229 2787 λην
2286 2720 2658 2799 διειδεστέραν,
2744 2721 2894 2778 ὕελον
2963 2724 3153 2802 τυχὸν,
3197 2719 3264 2778 δι’
3337 2724 3538 2786 οὗτινος
3599 2721 3754 2778 ὑέλου

356 2812 589 2875 radium
645 2811 930 2887 solarem;
957 2810 1055 2872 hic
1094 2810 1387 2889 trajicitur
1441 2813 1498 2872 in
1532 2813 1786 2892 primam
1825 2823 1978 2876 mate

2128 2809 2402 2885 ςναλάμπει
2456 2810 2863 2890 ἄμφανέστερον,
2934 2818 3055 2876 Πῶς
3113 2810 3556 2892 ἐμφανέστερον;
3615 2813 3752 2886 ἡμῖν

362 2899 514 2963 riam
549 2899 1467 2980 perlucidiorem,vitrum,verbi
1493 2901 1702 2978 gratia,
1731 2921 1834 2982 per
1857 2923 1986 2982 qum

2129 2899 2372 2979 ηλονοτι,
2420 2905 2479 2959 οὔ
2532 2903 2882 2980 συγκριτικῶς
2927 2904 3055 2980 πρὸς
3085 2901 3184 2968 τὴν
3229 2902 3486 2980 προτέραν
3547 2900 3753 2976 ἕλλαμ-

358 2989 579 3055 clarius
606 2988 870 3068 affulget.
893 2987 1204 3060 Quomodo
1231 2987 1478 3049 clarius?
1500 2988 1686 3051 Nobis
1718 2991 1982 3054 videlicet

2131 3013 2221 3070 iw,
2278 3009 2578 3069 συμμετρου
2638 2988 2840 3060 δηλαδὴ
2888 2991 3181 3071 γενομένης
3227 2997 3324 3068 τῇς
3371 2993 3546 3067 ὂψεως
3589 2993 3662 3054 είς
3693 2993 3755 3048 τὸ

360 3079 611 3142 minime
659 3061 816 3140 facta
871 3077 1317 3155 comparatione
1358 3096 1493 3140 cum
1530 3079 1717 3158 priori
1749 3081 1980 3144 illustra

2136 3081 2162 3135 ὸ
2206 3087 2317 3160 φῶς
2372 3079 2778 3159 παραδέξασθαι⁹
2816 3083 2876 3138 τὸ
2927 3083 3026 3160 γὰρ
3085 3081 3218 3138 πολὺ
3269 3087 3379 3161 ιρῶς
3422 3080 3626 3156 μᾶλλον
3657 3082 3753 3145 τὰς

367 3169 663 3248 tione,sed
681 3185 813 3227 cum
831 3165 1219 3246 proportione
1233 3166 1393 3228 visus
1411 3168 1482 3229 ad
1505 3167 1706 3230 lumen
1720 3170 1843 3233 reci
1853 3171 1988 3250 pien

2127 3169 2255 3244 ἕψεις
2301 3169 2564 3247 ἀμαυροῖ,
2615 3172 2659 3227 εί
2707 3171 2864 3251 τύχοι
2924 3171 3258 3249 ἀσύμμετρον
3317 3171 3378 3226 ὃν
3408 3183 3526 3235 τοῖς
3556 3168 3751 3226 ὑποδε-

371 3257 514 3319 dum
544 3278 556 3320 :
590 3255 881 3338 siquidem
905 3254 1002 3315 lux
1026 3255 1264 3335 copiosa
1288 3256 1475 3318 visum
1504 3258 1697 3337 potius
1715 3258 1991 3320 obtundit

2129 3257 2356 3338 εομένοις
2401 3259 2526 3316 αὒτὸ
2575 3259 2895 3338 ὀφθαλμοῖς,
2939 3259 3235 3318 Διαδιδοται
3267 3263 3356 3318 καὶ
3407 3274 3529 3324 ταῖς
3561 3284 3753 3340 παχυ-

371 3347 423 3408 si
455 3364 572 3408 non
624 3351 696 3408 sit
721 3363 1064 3407 commensa
1096 3346 1284 3407 oculis
1315 3363 1382 3408 se
1413 3347 1995 3428 excipientibusDis

2121 3348 2275 3427 ςέραις
2323 3348 2499 3429 ὕλαις,
2558 3353 2642 3405 καὶ
2690 3348 2778 3406 διὰ
2828 3351 2925 3419 τὴν
2986 3349 3198 3406 ἐκείνων
3241 3348 3745 3423 ἆνεπιτηδειότητα,

373 3435 656 3500 tribuitur
705 3433 885 3496 etiam
920 3434 1181 3496 materiis
1232 3434 1650 3512 crassioribus,
1686 3447 1748 3500 et
1780 3448 1997 3520 proptet

2117 3437 2137 3506 ἢ
2196 3435 2379 3518 ἔχουσι
2433 3441 2564 3518 πρὸς
2622 3439 2719 3508 τὴν
2773 3445 2872 3508 τῆς
2925 3442 3264 3520 φωτοχυσίας
3314 3438 3741 3518 διαττξρθμιευσιν1

367 3524 850 3606 ineptitudinem,
875 3542 1048 3598 quam
1080 3523 1301 3586 habent
1324 3526 1393 3587 ad
1423 3525 1882 3588 illustrationem
1909 3538 1991 3590 tra

2122 3529 2190 3583 ιαὶ
2220 3526 2424 3606 ἀμυδρὰ
2453 3529 2678 3608 γίνεται,
2707 3530 2795 3586 καὶ
2825 3532 2961 3586 κατὰ
2992 3531 3179 3608 μικρὸν
3243 3531 3374 3607 πρὸς
3424 3528 3560 3586 ἄλλα
3595 3528 3746 3585 ἀδιά-

361 3614 716 3695 jiciendam,
753 3623 808 3673 et
833 3613 1088 3674 obscura
1113 3613 1197 3686 tit,
1239 3632 1430 3695 eoque
1457 3615 1678 3678 sensim
1720 3619 1985 3680 contrahi

2129 3624 2250 3682 οτος
2282 3617 2504 3694 γίνεται.
2555 3616 2693 3673 Λάϐε
2753 3641 2843 3694 μοι
2893 3619 2981 3676 καὶ
3037 3618 3218 3697 ἑτέραν
3280 3618 3500 3696 Θεωρίαν
3548 3617 3608 3674 ὲκ
3660 3625 3753 3676 τοῦ

372 3712 489 3776 tur,
523 3711 586 3763 ut
616 3701 892 3762 distribui
923 3701 1056 3762 aliis
1089 3721 1207 3763 non
1244 3703 1448 3783 possit.
1485 3704 1708 3784 Accipe
1744 3715 1800 3767 et
1845 3706 1996 3768 alian

2128 3706 2288 3780 πυρός’
2323 3704 2388 3762 Ἠ
2433 3714 2525 3763 τοῦ
2576 3709 2740 3784 πυρὸς
2782 3709 3044 3786 Θερμότης
3096 3707 3302 3784 μᾶλλον
3353 3705 3634 3764 διαδίδοται
3678 3710 3752 3772 είς

369 3792 445 3854 ab
476 3792 611 3869 igne
659 3791 1250 3871 contemplationem.
1298 3793 1471 3854 Calor
1526 3794 1679 3873 ignis
1726 3797 1909 3873 magis
1953 3816 1993 3858 St

2134 3795 2167 3850 ὰ
2215 3792 2582 3874 δεκτικώτερα,
2637 3798 2724 3853 ναὶ
2786 3796 2912 3876 πρδς
2969 3799 3068 3865 τὴν
3127 3797 3329 3875 θέρμην
3401 3795 3609 3856 εῧεικτα
3667 3801 3754 3856 καὶ

375 3880 653 3943 diffundit
683 3879 743 3940 in
767 3897 837 3939 ea
859 3899 990 3958 quin
1011 3880 1196 3960 ipsius
1220 3889 1355 3940 sunt
1377 3883 1778 3961 capaciora,et
1809 3885 1882 3945 ad
1913 3905 1999 3947 ca-

2129 3883 2367 3962 ὒάγωγα·
2415 3886 2547 3962 πρὸς
2605 3883 2660 3941 δὲ
2701 3887 2796 3950 τὰς
2856 3886 3172 3953 ἀντιτύπους
3233 3888 3434 3962 οὐσίας,
3500 3889 3572 3948 ὡς
3631 3886 3753 3950 τοὺς

373 3970 562 4032 iorem
595 3968 766 4030 facile
790 3969 1034 4046 cedunt,
1063 3978 1120 4028 et
1147 3969 1565 4031 adducuntur:
1592 3988 1795 4032 verum
1830 3973 1889 4033 in
1919 3992 1992 4036 na

2133 3969 2428 4049 δάμαντας,
2461 3972 2496 4042 ἢ
2529 3973 2792 4056 ἐναντίας,
2827 3978 2902 4040 ὡς
2933 3977 2992 4032 τὸ
3022 3975 3179 4052 ὕδωρ,
3213 3976 3248 4045 ἢ
3307 3976 3483 4055 ὀλίγον
3526 3976 3562 4044 ἢ
3609 3975 3757 4033 οῦδὲν

375 4059 526 4121 turis
560 4058 642 4120 illi
675 4056 1134 4134 reluctantibus,
1169 4065 1230 4118 ut
1259 4059 1617 4135 adamantis,
1663 4062 1752 4122 vel
1785 4072 1999 4126 contra-

2131 4082 2262 4140 χνος
2323 4061 2664 4140 ἀναφαίνεται
2751 4067 2848 4133 τῆς
2928 4065 3237 4146 πυρώσεως·
3305 4067 3392 4122 καὶ
3455 4067 3516 4123 τὸ
3571 4066 3755 4122 τούτου

369 4149 574 4221 riis,ut
596 4167 784 4228 aquae,
815 4147 905 4209 vel
938 4148 1166 4209 nullum
1193 4158 1290 4210 aut
1311 4149 1467 4211 exile
1500 4150 1868 4214 efficacitatis
1888 4153 1993 4231 eju;

2131 4149 2285 4225 πλέον,
2321 4151 2401 4208 ὃτι
2445 4166 2562 4218 τοῖς
2596 4153 2673 4226 μὴ
2705 4154 3031 4234 συγγενέσιν,
3091 4155 3256 4234 ἢγουν
3309 4156 3473 4236 τυχὸν
3504 4162 3580 4230 τῷ
3608 4155 3755 4212 ὕδατι

374 4241 563 4319 ignem
585 4238 895 4318 vestigium
920 4247 1164 4318 apparet
1193 4260 1206 4301 :
1236 4239 1515 4319 quodque
1547 4240 1659 4302 hoc
1684 4242 1873 4320 majus
1903 4252 1998 4303 est

2134 4240 2188 4296 τὸ
2245 4241 2345 4319 γὰρ
2399 4239 2535 4321 ὕδωρ
2566 4246 2774 4324 ψυχρὸν
2821 4245 2908 4302 καὶ
2960 4246 3138 4324 ὑγρὸν,
3195 4248 3255 4302 τὸ
3312 4243 3368 4304 δὲ
3419 4252 3521 4323 πῦρ
3566 4247 3758 4325 θερμὸν

371 4308 446 4391 ait
470 4347 536 4391 ea
561 4347 693 4407 quae
716 4308 832 4389 ῐῖοη
859 4308 1290 4406 ειιιίιέοςηοῐίι,
1333 4308 1500 4389 verbi
1550 4308 1995 4412 gratiafaquan

2132 4330 2188 4387 ,αὶ
2247 4308 2448 4410 ξηρόνο)
2507 4308 2595 4388 ⁸’δις
2645 4308 2827 4390 ’ἇίλλων
2908 4308 3137 4400 οἷκέίωςΙ
3187 4334 3426 4415 ἑχόντων
3485 4308 3756 4415 πρὸςὶτὴν

368 4419 534 4497 (nam
565 4435 714 4496 aqua
736 4416 944 4495 frigida
973 4424 1031 4478 et
1065 4417 1314 4478 humida
1337 4417 1611 4497 est,ignis
1635 4436 1771 4478 vero
1792 4419 1992 4482 calido.

2133 4417 2299 4497 ἑρμην
2353 4417 2599 4486 δηλονότι
2629 4421 2878 4501 ἀγγείου,
2939 4421 3265 4502 προσϐάλλει
3323 4423 3556 4502 πρῶτον.
3594 4430 3753 4503 Πρὼο

372 4515 430 4567 et
445 4506 800 4584 siccus),per
813 4505 930 4567 alia
951 4525 1082 4585 qua:
1099 4505 1182 4567 illi
1198 4513 1333 4567 sunt
1349 4507 1787 4584 cognata,verbi
1807 4508 1993 4588 gratia

2124 4509 2190 4564 τὸν
2229 4506 2283 4564 δὲ
2334 4513 2511 4590 εἶπεν,
2552 4512 2655 4590 οὑχ
2699 4513 2779 4568 ὃτι
2813 4513 3052 4594 ἆμὲσως,
3085 4511 3222 4571 ἀλλὰ
3243 4511 3326 4570 διὰ
3353 4519 3458 4570 τῶν
3502 4515 3748 4594 πρώτων,

373 4613 480 4676 per
514 4612 611 4656 vas
648 4594 902 4675 primum
937 4594 1459 4656 accedit.Primum
1488 4603 1685 4658 autem
1709 4597 1873 4671 dixit,
1900 4617 1997 4660 nor

2128 4595 2426 4668 προσϐάλλει
2459 4613 2575 4663 τοῖς
2623 4600 2699 4674 μὴ
2732 4601 3004 4679 συγγενέσι
3060 4607 3295 4684 πρῶτον,
3331 4603 3460 4680 πρὸς
3519 4605 3584 4660 τὰ
3615 4607 3752 4678 μετὰ

373 4683 530 4765 quod
554 4683 1035 4754 immediate,sed
1071 4701 1175 4762 per
1206 4701 1275 4744 ea
1299 4702 1429 4762 qua:
1454 4691 1642 4764 prima
1671 4694 1808 4747 sunt
1837 4705 1997 4751 acce-

2127 4693 2262 4743 αῦτα
2346 4690 2511 4769 τυχὸν
2585 4690 2992 4768 θερμαινόμενα·
3060 4690 3279 4768 πυρώδη
3355 4693 3454 4771 γαρ
3537 4698 3751 4771 πρῶτον

372 4774 473 4837 dat
497 4773 755 4856 primum
808 4771 880 4834 ad
924 4790 999 4861 ea
1053 4790 1186 4861 qua:
1217 4783 1505 4861 nonsunt
1533 4782 1809 4856 cognota,
1841 4776 1913 4839 ad
1948 4797 1996 4841 et

2128 4778 2318 4834 τοιοῦσα
2369 4779 2434 4836 τὰ
2492 4785 2669 4842 ποσῶς
2716 4786 2971 4861 συγγενῆ,
3032 4779 3100 4837 δι’
3151 4781 3362 4839 ἐκείνων
3413 4783 3500 4840 καὶ
3554 4783 3621 4838 τὰ
3672 4783 3752 4859 μὴ

371 4861 772 4944 pcstmodum,
816 4859 1219 4950 verbigratia,
1269 4860 1718 4927 calefacienda:
1757 4865 1995 4946 primun‘

2127 4870 2327 4943 υγγενῆ
2412 4869 2701 4947 Θερμαίνει,
2784 4870 2938 4928 Κατὰ
3004 4871 3093 4928 τὸν
3157 4872 3313 4928 αὐτὸν
3375 4873 3464 4928 οὖν
3525 4874 3751 4950 φυσικὸν

370 4951 530 5014 enim
562 4950 744 5030 ignita
773 4949 1046 5039 faciendo
1079 4949 1179 5010 illa
1231 4968 1361 5030 quae
1416 4970 1653 5031 quoquo
1701 4954 1876 5016 modo
1907 4974 1994 5018 co-

2131 4954 2256 5033 όγον
2288 4956 2394 5012 νόει
2423 4961 2510 5014 καὶ
2559 4958 2626 5014 τὰ
2678 4959 2939 5038 ὑπερφυῆο
3005 4961 3040 5028 ἡ
3100 4961 3278 5026 πάσης
3336 4961 3436 5039 γὰρ
3469 4949 3751 5038 εὐκοσμίας

368 5049 543 5121 gnata
573 5048 848 5128 sunt,per
877 5038 1085 5128 eadem
1110 5039 1285 5099 etiam
1315 5058 1447 5120 quae
1469 5059 1585 5101 non
1609 5050 1746 5104 sunt
1767 5054 1992 5124 cognat:

2130 5043 2402 5126 αξιαρχία,
2464 5049 2491 5102 ὁ
2552 5048 2704 5120 Θεὸς,
2752 5051 2853 5115 τὴν
2905 5053 3004 5117 τῆς
3037 5049 3196 5107 αυτοῦ
3233 5038 3563 5128 φωτοδασίας
3597 5051 3751 5128 λαμ-

371 5127 659 5192 calefacit.
712 5126 1055 5190 Secundum
1090 5129 1245 5190 hanc
1275 5129 1476 5210 itaque
1505 5129 1799 5194 rationem
1833 5143 1995 5197 natu-

2127 5134 2336 5213 ερότητα
2394 5143 2749 5216 πρωτοφανῶς
2793 5150 2917 5203 ταῖς
2971 5126 3412 5218 ὑπερϐεϐηκυίαις
3471 5126 3751 5223 ἀναφαίνει

366 5219 576 5294 ralem,
615 5234 686 5280 ea
728 5235 966 5299 quoque
998 5237 1133 5298 qua;
1178 5237 1361 5299 supra
1394 5227 1662 5282 naturam
1694 5231 1832 5285 sunt
1859 5244 1990 5286 con-

2130 5224 2226 5282 ατὰ
2256 5226 2416 5305 χύσιν
2459 5224 2679 5307 ἄφθονον
2736 5229 2824 5285 καὶ
2862 5230 3292 5304 πανθαύμαστον,
3344 5231 3432 5286 καὶ
3486 5219 3754 5289 διᾶντού-

369 5307 604 5372 sidera:
636 5309 791 5370 Deus
813 5307 971 5368 enim
997 5308 1193 5370 omnis
1213 5318 1392 5371 recite
1422 5310 1818 5375 ordinationis
1841 5315 1993 5376 ordi-

2129 5337 2197 5369 ων
2239 5315 2529 5396 μετέχουσι
2562 5339 2658 5383 της
2693 5315 2904 5383 ἀκτῖνος
2938 5320 3001 5374 τὰ
3035 5315 3278 5397 δεύτερά.
3338 5323 3399 5376 Αἱ
3431 5321 3530 5399 γὰρ
3585 5325 3753 5398 ὅπερ·

369 5399 580 5481 nisque
613 5397 1437 5489 p‘rirncipatus,ilustrationis
1468 5418 1596 5462 sua)
1625 5403 1993 5480 splendorem

2127 5400 2397 5484 εὸηκυϊαι,
2457 5405 2764 5484 ἐπιγνοῦσαι
2823 5407 3045 5477 πρώτως
3078 5411 3167 5465 τὸν
3199 5409 3355 5466 αὐτὸν
3400 5409 3749 5489 δημιουργὸν,

370 5485 1161 5568 primordialitrr,luculenta
1183 5487 1605 5551 etadmiranda
1638 5489 1870 5554 fusione
1901 5511 1994 5554 su-

2123 5494 2176 5548 καὶ
2240 5499 2335 5562 τῆς
2395 5495 2594 5552 ἐκεί-ὀυ
2655 5494 2922 5565 καλλονῆς
2998 5497 3267 5576 ἑριὲμεναι
3305 5545 3321 5576 ,
3405 5485 3747 5579 πρωτουργοὶ

368 5575 741 5667 premisitlis
773 5575 1070 5667 mentibus
1102 5577 1524 5667 manifestat,et
1554 5597 1664 5659 per
1695 5580 1825 5641 illas
1856 5583 1992 5644 reli-

2127 5583 2330 5640 ενέσθαι
2392 5586 2802 5653 κατηξιώθησαν
2854 5588 2950 5656 τῆς
3015 5575 3342 5662 Θεομίμήτου
3389 5575 3751 5667 ἐνεργείας-τε

365 5682 496 5750 qua)
526 5664 813 5750 deinceps
834 5664 1007 5734 istum
1041 5666 1270 5735 radium
1307 5666 1680 5752 participant.
1713 5668 1815 5734 Hae
1845 5673 1989 5738 enitr

2125 5674 2174 5732 αὶ
2204 5671 2494 5753 δυνάμεως
2568 5674 2789 5756 πρώτως
2847 5677 2945 5758 γὰρ
2996 5676 3060 5736 δι’
3111 5681 3281 5738 αὐτῶν
3319 5680 3370 5733 αἱ
3429 5664 3548 5760 μετ’
3585 5681 3749 5741 αὑτὰς
