4112 6160
296 381 418 448 313

711 383 809 447 DE
851 383 1201 449 CMLESTI
1248 384 1760 462 HIERARCHIA,
1806 381 1972 445 CAP.
2023 381 2196 444 XIII.
2238 414 2312 426 —-
2359 382 2744 445 PARAPHR.
2796 378 3287 445 PACHYMERE

3572 370 3688 441 314

297 521 401 588 τὴν
443 518 712 594 ἕλλαμψιν
740 517 1012 598 δέχονται,
1072 521 1245 582 καθὼς
1304 517 1400 576 καὶ
1457 520 1608 575 αὗται
1667 519 1808 596 παρὰ
1864 519 1943 570 τοῐ

2040 510 2340 591 suprema
2368 529 2501 574 cum
2539 513 2793 593 primum
2843 521 3145 577 auctorem
3194 528 3366 574 suum
3397 527 3688 591 agnosce—

300 614 440 665 Θεοῦ
481 609 678 675 ταύτην
712 606 985 688 δέχονται·
1020 607 1345 667 ἀνατείνουσι
1390 608 1488 687 γὰρ
1522 607 1616 668 τὰς
1669 606 1759 663 ὑπ’
1788 605 1948 665 αὐτάς

297 698 624 774 ἀγαθοειᾶὦς
684 697 778 755 καί
834 695 964 776 δίχα
1021 698 1220 762 παντὸς
1267 697 1457 776 φθόνου
1486 697 1695 776 (ἀγαθῴ
1723 696 1822 774 γὰρ
1855 695 1950 752 οὗ·

295 785 414 851 δείς
447 787 708 865 ἐγγίνεται
740 790 928 864 φθόνος
973 788 1109 843 κατὰ
1150 787 1242 843 τὸν
1274 786 1584 866 Πλάτωνα,)
1637 785 1949 863 πληρεστάο

293 899 403 943 τως
435 875 808 953 μεταδιδοὺσαι
839 882 938 943 τῆς
971 875 1196 958 αἴγλης,
1254 875 1353 934 κᾶν
1406 876 1634 947 ἐκεῖναι,
1668 875 1790 933 ὅσον
1823 896 1949 955 χω-

293 975 468 1045 ροῦσι,
499 964 800 1046 δέχωνται.
831 967 1006 1024 Τοῦτο
1037 966 1235 1044 γίνεται
1295 968 1382 1022 καὶ
1438 967 1525 1023 ἐπὶ
1583 978 1704 1029 ταῖς
1736 965 1948 1043 ἑτέραϊς

293 1056 398 1119 ἕως
430 1057 519 1113 καὶ
549 1061 655 1113 τῶν
690 1052 963 1135 ἐσχάτων.
1018 1053 1219 1115 ’Ἔστιν
1277 1056 1365 1114 οὖν
1424 1056 1591 1112 ἅπασι
1623 1067 1741 1119 τοῖς
1773 1076 1945 1132 φωτι-

291 1144 543 1220 ζιιμένοις
576 1145 723 1226 ἀρχῆ
793 1153 887 1203 τοῦ
955 1146 1266 1226 φωτίζεσθαι
1338 1146 1366 1202 ὃ
1438 1147 1589 1220 Θεὸς,
1664 1144 1813 1224 φόσει
1859 1145 1946 1200 καὶ

294 1235 470 1300 ὄντως
499 1235 688 1307 κυρίως
723 1237 798 1299 ὡς
827 1236 1001 1314 φωτὸς
1045 1235 1227 1315 πηγὴ,
1286 1237 1370 1291 καὶ
1430 1233 1695 1315 αὗτόφως,
1730 1255 1818 1291 και
1851 1233 1948 1290 αἴ·-

294 1346 410 1387 τιος
447 1330 578 1381 πᾶσι
635 1325 722 1381 καὶ
779 1332 872 1381 τοὺ
929 1324 1098 1404 εἶναι,
1159 1327 1244 1382 καὶ
1301 1331 1391 1381 τοῦ
1447 1326 1570 1403 ὁρᾷν
1630 1324 1756 1381 αὐτὸ
1791 1321 1856 1390 δὴ
1886 1325 1947 1379 τὸ

292 1417 432 1495 φῶς·
469 1413 608 1472 θέσει
663 1411 718 1470 δὲ
769 1416 855 1471 καὶ
909 1414 1045 1471 κατᾶ
1092 1415 1253 1494 χάριν
1304 1416 1646 1490 θεομιμῆτως
1677 1414 1813 1470 κατὰ
1844 1413 1946 1488 μέ..

291 1526 382 1582 ρος
431 1502 538 1578 μία
571 1510 640 1578 τῇ
674 1503 850 1580 ἑτέρᾳ,
879 1505 912 1572 ἡ
944 1503 1132 1581 πρώτη
1190 1503 1256 1581 τῇ
1317 1504 1433 1577 μετ’
1468 1503 1654 1582 αὒτὴν,
1689 1502 1741 1560 ἐν
1774 1510 1848 1578 τῷ
1879 1501 1945 1559 δι’

289 1595 460 1660 αὒτῆς
494 1595 568 1654 εἷς
603 1593 809 1659 ἐκείνην
841 1594 938 1661 τὴν
979 1591 1244 1669 mg:qu
1302 1593 1627 1674 διέρχεσθαι,
1664 1593 1691 1648 ὃ
1723 1591 1777 1649 δὲ
1811 1592 1944 1650 ἐπο-

292 1683 609 1763 χετεύεσθαι
644 1683 826 1755 εἶπεν,
882 1683 988 1739 ἀπὸ
1045 1690 1345 1764 μεταφορᾶς
1401 1690 1493 1741 τοῦ
1545 1681 1630 1744 διὰ
1689 1681 1946 1753 σωλήνων

2036 608 2192 672 rent,
2257 603 2389 662 H9
2437 601 3017 683 pulcliritudinisque
3074 603 3325 683 ejusque
3383 599 3683 663 desiderio

2035 696 2408 765 tenerentur,
2437 691 2550 753 hoc
2569 693 2746 754 etiam
2775 700 3061 753 assecuta
3091 699 3250 771 sunt,
3283 700 3347 753 ut
3382 689 3589 772 prima
3611 689 3685 751 ad

2035 778 2250 841 divina
2283 782 2590 860 potestatis
2621 790 2797 862 atque
2827 781 3078 842 actionis
3113 780 3500 842 imitationem
3549 798 3686 861 per-

2035 871 2342 933 venirent:
2375 880 2700 948 sequentes
2731 871 2889 933 enim
2925 871 3182 951 primum
3219 888 3327 951 per
3352 869 3509 951 ipsas
3535 869 3682 933 illu-

2035 959 2382 1020 strationem
2418 961 2741 1042 accipiunt,
2779 959 3282 1040 quemadmodum
3325 957 3468 1039 ipsa
3497 976 3530 1017 a
3561 960 3684 1021 Deo

2029 1048 2190 1109 illam
2216 1051 2560 1131 accipiunt;
2594 1051 2876 1132 quoniam
2907 1050 3000 1112 his
3024 1067 3152 1112 eam
3184 1047 3442 1128 benigne
3469 1057 3524 1108 et
3545 1047 3685 1111 abs-

2031 1158 2145 1219 que
2170 1139 2288 1201 ulla
2311 1140 2529 1201 invidia
2555 1140 2893 1219 expandunt
2919 1142 3100 1220 (bono
3132 1139 3291 1201 enim
3333 1139 3498 1200 nullo
3528 1137 3686 1201 inest

2029 1227 2353 1310 invidia,ut
2385 1230 2552 1293 Plato
2577 1230 2709 1310 ait),
2730 1231 3077 1312 plenissime
3105 1229 3482 1311 splendorem
3508 1247 3681 1291 suum

2031 1319 2540 1400 transfundentes,
2578 1320 2844 1401 quamvis
2904 1321 3045 1401 ipsa
3100 1329 3351 1394 tantum,
3400 1327 3684 1398 quantum

2031 1405 2298 1490 capiunt,
2319 1411 2637 1489 accipiunt.
2664 1409 2833 1484 Quod
2872 1411 3046 1472 etiam
3077 1409 3320 1489 reliquis
3351 1408 3422 1469 ad
3448 1416 3685 1490 postre-

2032 1516 2161 1559 mas
2187 1518 2378 1579 usque
2412 1499 2704 1562 usuvenit.
2737 1499 2839 1562 Est
2869 1499 3055 1579 igitur
3082 1498 3348 1561 omnium
3383 1516 3514 1578 qua
3545 1497 3687 1559 illu-

2031 1597 2296 1651 strantur
2352 1588 2728 1652 illuminandi
2783 1589 3144 1671 principium
3216 1588 3396 1664 Deus,
3472 1595 3686 1650 natura

2031 1679 2271 1756 quidem
2306 1687 2363 1740 et
2393 1698 2600 1741 revera
2636 1683 2876 1761 proprie
2909 1687 2973 1742 ut
3002 1680 3131 1742 fons
3187 1679 3360 1753 lucis,
3397 1685 3456 1740 et
3485 1695 3592 1758 per
3619 1695 3684 1739 se

289 1772 642 1854 διερχομένου
689 1772 902 1835 ὕδατος.
962 1774 1032 1832 Τὸ
1089 1771 1142 1828 δὲ
1203 1774 1267 1830 τὰ
1325 1774 1499 1830 οἰκεῖα
1556 1772 1820 1851 ἐνεργεῖν,
1857 1774 1943 1829 καὶ

2031 1768 2126 1829 lux
2167 1776 2224 1830 et
2253 1778 2460 1831 auctor
2493 1771 2768 1831 omnibus
2799 1781 2858 1831 ut
2897 1778 2954 1832 et
2985 1769 3122 1844 sint,
3159 1780 3219 1830 et
3247 1769 3440 1848 ipsum
3482 1767 3682 1828 lumen

291 1862 577 1927 ἀπαύστως
611 1862 957 1924 ἀνατετάσθαι
992 1864 1119 1940 πρὸς
1165 1864 1257 1920 τὸν
1319 1864 1472 1937 Θεὸν,
1531 1862 1626 1918 καῖ
1683 1863 1756 1926 εἷς
1817 1863 1943 1918 ἐαυ-

289 1953 413 2014 τοὺς
449 1949 827 2010 συστέλλεσθαι
868 1951 1054 2032 πάλιν,
1128 1955 1190 2010 τὸ
1260 1951 1360 2028 μὲν
1427 1958 1498 2028 τῇ
1568 1951 1765 2032 έφὲσει,
1797 1952 1860 2009 τὸ
1891 1950 1945 2008 δὲ

2032 1859 2267 1921 videant
2296 1877 2312 1936 ;
2368 1879 2436 1922 ex
2469 1860 2738 1922 instituto
2770 1868 2990 1937 autem,
3026 1868 3082 1922 et
3111 1857 3402 1922 secudum
3431 1857 3676 1937 gratiam

2028 1948 2134 2012 Dei
2159 1949 2489 2012 imitatione
2517 1968 2590 2012 ex
2614 1959 2780 2032 parte
2805 1969 2923 2013 una
2945 1950 3133 2030 alteri,
3162 1948 3352 2030 prima
3380 1945 3680 2026 sequenti,

287 2048 358 2118 τῇ
416 2048 674 2122 προσοχῇ
709 2044 802 2098 καί
837 2042 905 2110 τῆ
937 2040 1200 2118 εὐλαϐείᾳ,
1262 2051 1418 2102 τοῦτο
1448 2040 1510 2099 ἂν
1541 2041 1770 2110 κληθείη
1820 2045 1943 2099 θεο-

2028 2039 2169 2100 dum
2204 2057 2313 2120 per
2342 2040 2529 2120 ipsam
2587 2041 2660 2102 ad
2713 2040 2874 2102 illam
2919 2039 3132 2105 transit
3160 2037 3511 2117 illustratio;
3567 2036 3683 2098 hoc

289 2131 532 2208 μίμητος
564 2131 754 2210 ἀρετή.
807 2130 968 2197 Τάξιν
999 2130 1053 2188 δὲ
1082 2132 1227 2207 ὄμῶς
1277 2133 1375 2200 τὴν
1407 2134 1476 2200 ὡς
1518 2131 1682 2189 ἄλλο.)
1713 2131 1767 2189 ἰν
1797 2131 1943 2206 ἄλλῳ

2028 2128 2233 2210 utique
2262 2129 2567 2193 derivandi
2601 2130 2888 2193 vocabulo
2919 2147 3065 2192 usus
3109 2145 3218 2210 per
3245 2127 3676 2206 metaphoram,

289 2218 655 2300 διαφυλάττει’
717 2222 791 2286 ὡς
850 2223 935 2278 τό⁸
982 2227 1056 2298 Ζῇ
1114 2221 1169 2279 έν
1209 2221 1338 2298 ἱμοῖ
1396 2223 1431 2291 ἡ
1489 2224 1641 2303 ψυχή
1681 2245 1799 2304 σου,
1830 2222 1943 2279 ἀντὶ

2028 2218 2396 2282 acanalibus
2458 2238 2568 2301 per
2625 2239 2775 2303 quos
2831 2239 2984 2302 aqua
3043 2217 3273 2282 transit.
3305 2216 3490 2278 Porro
3523 2214 3680 2296 quod

289 2318 410 2381 τοῦ,
443 2312 480 2379 ἡ
512 2307 824 2368 διδασκαλία
856 2333 973 2386 σου,
1013 2313 1100 2368 καὶ
1149 2313 1182 2381 ἡ
1232 2312 1429 2378 ταύτης
1462 2310 1765 2388 μετάδοσις.
1800 2315 1943 2376 Τὶως

2028 2326 2158 2388 quae
2182 2326 2292 2371 sua
2316 2317 2670 2390 suntagant,
2696 2319 2752 2372 et
2777 2311 3148 2373 incessanter
3171 2308 3231 2370 in
3255 2307 3441 2370 Deum
3469 2305 3680 2368 inten-

289 2399 348 2457 δὲ
378 2399 438 2457 τὸ
469 2401 567 2476 μὲν
593 2401 733 2457 θέσει
767 2400 912 2457 ἐστὶν
943 2404 1087 2481 εκεῖ,
1128 2404 1190 2458 τὸ
1235 2399 1290 2457 δὲ
1348 2400 1684 2476 συμϐεϐηκὸς
1720 2403 1778 2460 οὗ
1806 2403 1941 2458 πάνυ

293 2513 344 2546 τι
429 2489 698 2558 κληθείη·
787 2493 848 2547 τὸ
931 2491 1032 2570 γὰρ
1115 2489 1452 2566 συμϐεϐηκὸς
1497 2492 1551 2548 ἐν
1607 2489 1942 2566 ὑποκειμένῳ

284 2580 453 2637 ἐστίν’
490 2581 746 2638 ἀσύνθετα
819 2579 873 2637 δὲ
945 2579 1045 2638 καὶ
1121 2581 1253 2639 ἄυλα
1323 2582 1526 2661 ἐκεῖνα,
1601 2582 1789 2639 καὶτὰ
1821 2579 1942 2648 εἴδη

290 2671 489 2744 αὐτῶν,
525 2671 655 2741 ζωαῖ
689 2673 793 2750 οὐχ
825 2672 896 2736 ὡς
940 2670 992 2727 ἒν
1025 2670 1126 2748 ὕλῃ
1157 2671 1279 2732 εἶσί.
1338 2673 1447 2738 Τὴν
1491 2670 1617 2750 γοῦν
1644 2671 1942 2751 ὑπερτάτην

285 2756 650 2834 διακόσμησιν
707 2763 762 2816 αἱ
820 2758 1001 2817 λοιπαὶ
1059 2761 1294 2839 οὖράνιαι
1365 2762 1557 2836 οὐσίαι,
1615 2761 1748 2824 τέως
1805 2761 1940 2836 μετᾶ

2025 2398 2187 2472 dant,
2213 2406 2270 2460 et
2299 2399 2359 2461 in
2390 2400 2697 2482 semetipsi
2733 2401 2928 2463 denuo
2978 2400 3358 2479 colligantur,
3382 2395 3532 2458 illud
3557 2394 3686 2478 qui-

2027 2487 2161 2550 dem
2186 2489 2422 2566 aﬂ‘ectu,
2441 2491 2554 2553 hoc
2579 2509 2715 2553 vero
2739 2491 3069 2553 attentione
3099 2508 3167 2550 ac
3187 2486 3546 2561 reverentia,
3578 2503 3673 2547 vo-

2026 2577 2149 2639 cari
2175 2578 2583 2663 possitvirtus,
2611 2598 2743 2662 qua
2763 2581 2952 2644 Deum
2985 2579 3274 2642 imitatur.
3299 2577 3454 2651 Quin
3485 2583 3542 2638 et
3570 2593 3673 2637 or-

2025 2669 2228 2733 dinem
2253 2690 2493 2754 quoque
2512 2682 2574 2735 ut
2595 2673 2749 2736 alius
2772 2679 2832 2736 in
2857 2673 2972 2736 alio
2994 2673 3290 2753 observat,
3309 2671 3477 2752 juxta
3494 2667 3670 2732 illud.

2025 2760 2185 2823 Vivit
2213 2760 2274 2824 in
2308 2781 2404 2825 me
2438 2764 2637 2826 anima
2683 2770 2802 2838 tua,
2837 2763 2896 2825 id
2928 2770 3018 2826 est
3049 2762 3322 2824 doctrina
3348 2768 3472 2834 tua,
3504 2760 3672 2840 ejus-

285 2850 422 2905 Θεὸν
455 2849 638 2928 ἀρχὴν
667 2850 922 2929 ἡγοῦνται
957 2856 1056 2918 τῆς
1101 2852 1422 2931 θεογνωσίας
1467 2854 1554 2909 καὶ
1606 2856 1702 2919 τῆς
1750 2854 1937 2927 θεομι-

2028 2868 2136 2930 que
2165 2853 2646 2917 communicatio.
2683 2855 2904 2916 Verum
2943 2851 3185 2936 quidem
3217 2850 3366 2914 illud
3395 2867 3466 2912 ex
3495 2848 3674 2910 insti-

279 2938 489 3015 μησίας
522 2941 716 3013 αὐτῶν,
776 2942 848 3006 ὡς
900 2938 970 2997 δι’
1025 2943 1240 2998 ἱκείνων
1275 2943 1346 3004 εἷς
1381 2943 1537 3005 αὐτὰς
1571 2940 1937 3016 διαδιδομένης

2028 2947 2146 3002 tuto
2179 2941 2266 3004 sic
2303 2960 2370 3005 se
2401 2941 2603 3018 habet,
2651 2949 2709 3006 at
2733 2962 2852 3006 non
2879 2943 3123 3005 omnino
3157 2959 3262 3023 per
3289 2940 3567 3004 accidens
3595 2937 3677 3000 ita

276 3029 381 3096 τῆς
429 3025 754 3104 ἐλλάμψεως
785 3045 799 3062 ⁸
865 3028 946 3086 διὸ
995 3032 1091 3088 καῖ
1146 3039 1319 3088 πᾶσαν
1359 3029 1625 3110 ἐνέργειαν
1678 3031 1773 3088 ἐπε
1808 3032 1938 3088 Θεὸν

2028 3029 2243 3111 aliquid
2277 3032 2472 3093 vocari
2521 3042 2764 3114 posset;
2819 3053 2958 3096 nam
3004 3033 3282 3095 accidens
3313 3031 3376 3092 in
3405 3028 3676 3110 subjecto

277 3120 383 3180 μὲν
412 3118 788 3199 ἀναφέρουσιν,
847 3121 920 3186 ὡς
981 3123 1054 3187 εἷς
1115 3121 1362 3201 ἀρχηγὸν
1417 3123 1504 3178 καὶ
1559 3120 1760 3196 αἴτιον,
1796 3120 1939 3184 αὖθις

2028 3129 2147 3197 est;
2170 3121 2273 3182 sed
2307 3120 2408 3182 illa
2439 3131 2578 3184 sunt
2609 3123 3003 3205 incomposita
3023 3132 3082 3185 et
3103 3121 3364 3184 materia
3385 3119 3671 3200 expertia,

278 3207 335 3264 δὲ
374 3207 499 3283 μετ’
538 3208 698 3265 αὖτὸν
769 3208 852 3266 ἐπὶ
923 3211 1044 3275 τοὺς
1115 3212 1382 3290 πρώτους,
1444 3213 1518 3276 ὡς
1575 3211 1797 3290 πρώτως
1869 3211 1940 3276 εἰς

282 3298 480 3362 αὐτοὺς
537 3299 604 3355 τὰ
662 3299 756 3367 τῆς
813 3302 1168 3376 θεομιμησίας
1223 3301 1604 3382 ἀναφαίνοντας
1663 3302 1754 3358 καί
1793 3297 1942 3357 διδάς

283 3411 546 3452 σχόντας.
596 3390 797 3447 Λοιπὸν
825 3393 860 3458 ἡ
893 3390 1080 3469 πρώτη
1124 3391 1291 3472 τάξις,
1341 3391 1546 3466 μᾶλλον
1589 3397 1694 3447 τῶν
1740 3387 1937 3465 ἄλλων,

282 3479 356 3534 τὰ
385 3478 660 3556 προσόντα
689 3478 850 3556 ἔας)τῇ
883 3480 1002 3560 ἔχει
1048 3481 1110 3538 τὸ
1154 3480 1432 3560 ἐμπόριον,
1485 3479 1616 3558 ὅπερ
1646 3480 1796 3536 ἐστὶν
1834 3479 1940 3535 τῶν

283 3568 554 3648 σξρανρίμ,
585 3569 684 3637 τὴν
713 3572 814 3634 τῆς
845 3571 1029 3650 σοφίας
1060 3571 1243 3652 χύσιν,
1277 3571 1352 3628 ἔτι
1385 3570 1439 3627 δὲ
1491 3573 1580 3628 καί
1614 3571 1674 3626 τὸ
1705 3591 1938 3648 γνωστι-

276 3660 378 3714 κὸν
408 3664 510 3724 τῆς
542 3658 850 3734 ἐπιστήμης
877 3666 983 3716 τῶν
1014 3662 1164 3718 θείων
1225 3659 1567 3740 ἐλλάμψεων,
1612 3658 1671 3738 (ἡ
1709 3657 1939 3729 ἐπιστή-

279 3771 363 3821 μη
395 3749 497 3826 γὰρ
528 3750 659 3826 πρὸς
690 3751 757 3806 τὰ
787 3749 1052 3816 ἐπιστηταί
1109 3751 1276 3828 ἐστι,)
1332 3753 1421 3808 καὶ
1464 3751 1562 3817 τὴν
1593 3754 1699 3808 τῶν
1728 3748 1940 3827 θρώνων

277 3836 554 3912 ἰδιότητα,
592 3840 654 3895 τὸ
681 3839 1028 3916 ἀνεῳγμένην
1058 3838 1304 3907 δηλονότι
1360 3844 1458 3908 τὴν
1511 3841 1634 3918 περί
1667 3838 1759 3895 τοῦ
1790 3837 1939 3894 Θείου

2024 3209 2376 3290 speciesque
2393 3211 2630 3274 illorum
2655 3213 2811 3292 vita,
2830 3231 2952 3275 non
2977 3212 3204 3274 sicutin
3227 3210 3493 3286 materia,
3509 3217 3670 3272 sunt.

2026 3300 2382 3380 Supremam
2417 3300 2597 3379 igitur
2627 3301 2965 3364 caelestium
2997 3299 3524 3379 intelligentiarum
3555 3297 3676 3362 dis-

2027 3387 2387 3468 positionem
2419 3389 2668 3470 reliqua
2697 3391 2972 3453 calestes
3006 3396 3303 3462 essentia,
3337 3389 3456 3451 huc
3485 3405 3674 3469 usque

2025 3484 2160 3558 post
2182 3479 2372 3539 Deum
2408 3477 2626 3540 divina
2655 3477 3009 3558 cognitionis
3039 3477 3523 3558 imitationesque
3551 3493 3674 3538 sua

2024 3565 2385 3646 principium
2418 3585 2553 3631 esse
2585 3576 2854 3648 censent,
2908 3568 3065 3650 quod
3104 3586 3212 3649 per
3261 3566 3400 3629 illas
3421 3565 3482 3628 in
3514 3565 3673 3646 ipsas

2023 3654 2340 3719 illustratio
2375 3656 2721 3736 derivetur;
2776 3665 3140 3740 quapropter
3194 3658 3369 3721 etiam
3429 3674 3670 3718 omnem

2023 3751 2316 3808 actionem
2345 3765 2543 3828 suam,
2570 3748 2641 3809 ad
2670 3747 2857 3810 Deum
2891 3749 3130 3829 quidem
3159 3756 3221 3810 ut
3252 3746 3581 3827 principem
3612 3754 3673 3808 et

2022 3843 2339 3897 auctorem
2393 3836 2684 3914 referunt,
2743 3837 2964 3900 deinde
2991 3856 3132 3901 vero
3164 3846 3294 3919 post
3341 3837 3536 3917 ipsum
3593 3835 3668 3898 ad

277 3926 469 3994 νόησιν
506 3926 675 4007 ἔχειν,
736 3930 765 3986 ὃ
818 3927 883 3995 δη
937 3929 1182 4010 θεοδοχία
1237 3931 1348 3988 ἐστί
1392 3952 1448 3986 τε
1479 3931 1566 3986 καὶ
1599 3929 1932 4004 ὀνομάζεται.

2028 3924 2246 4010 primas
2269 3925 2400 3986 illas
2426 3936 2682 4005 mentes,
2698 3934 2974 4009 tanquam
2994 3945 3126 4009 qua
3148 3927 3354 4008 prima
3374 3928 3432 3987 in
3454 3933 3671 3989 semet-

285 4014 358 4073 Ἦ
429 4015 484 4072 δὲ
561 4018 680 4092 μετ’
756 4019 921 4087 αὐτὴν
992 4018 1134 4086 τάξις
1168 4020 1388 4101 μετέχει
1425 4019 1523 4096 μὲν
1553 4025 1658 4075 τῶν
1687 4019 1937 4075 τοιούτων

2028 4007 2164 4096 ipsis
2193 4016 2423 4079 divinas
2456 4007 2907 4081 imitationes'et
2938 4007 3263 4082 exhibeant
3295 4027 3352 4080 et
3382 4018 3660 4083 doceant.

279 4104 585 4182 δυνάμεων,
617 4108 912 4188 ὑφειμένως
968 4108 1046 4190 δὲ,
1107 4113 1204 4167 καί
1253 4113 1385 4189 πρὸς
1418 4111 1512 4175 τὰς
1548 4109 1758 4186 πρώτας
1796 4109 1936 4187 ὁρῶς

2028 4105 2314 4169 Caterum
2349 4106 2577 4186 primus
2608 4107 2711 4170 ille
2744 4107 2890 4170 ordo
2923 4111 3023 4185 qui
3055 4108 3354 4190 seraphim
3384 4115 3495 4183 est,
3520 4107 3669 4169 reli-

280 4217 394 4270 σαι,
429 4195 498 4252 δι’
554 4197 726 4254 αὒτῶν
779 4201 852 4262 ὡς
908 4201 1134 4278 πρώτως
1187 4200 1498 4274 ἠξιωμένων
1539 4205 1637 4266 τῆς
1667 4202 1936 4273 θεομιμη-

2028 4201 2154 4275 quis
2185 4195 2367 4273 magis
2418 4195 2478 4256 in
2531 4214 2596 4257 se
2649 4196 2883 4276 igneam
2933 4192 3189 4259 centinet
3225 4215 3334 4260 seu
3362 4198 3671 4278 sapientia

285 4287 405 4348 σίας
469 4286 557 4343 ἐπὶ
613 4289 675 4344 τὸ
730 4287 952 4355 θεοειδές
1013 4291 1085 4353 ὡς
1147 4290 1358 4371 ἐφικτὸν
1401 4291 1707 4369 ἆνάγινταϋ
1746 4285 1935 4344 ἀνατι-

2028 4283 2339 4358 fusionem,
2374 4292 2553 4364 atque
2586 4285 2832 4366 insuper
2862 4285 3128 4349 scientia
3156 4287 3486 4350 divinarum
3525 4287 3668 4349 illu-

279 4377 436 4432 θέασι
469 4385 594 4454 γοῦν
625 4391 749 4443 ταῖς
781 4379 1017 4459 πρώταις
1075 4382 1148 4444 ὡς
1206 4383 1479 4461 ἱεράρχαις
1515 4381 1649 4457 μετὰ
1682 4379 1811 4435 Θεὸν
1841 4378 1934 4439 τὰς

2028 4373 2371 4436 strationum
2404 4373 2675 4454 peritiam
2701 4376 2977 4454 (scientia
3006 4375 3164 4437 enim
3197 4375 3269 4437 ad
3299 4393 3398 4438 res
3425 4375 3667 4439 scibiies

275 4462 554 4532 ἰδιότητας
586 4466 826 4541 ἐκείνων,
860 4471 933 4522 ὧν
967 4471 1117 4526 αὗται
1149 4472 1204 4525 ἓν
1235 4470 1484 4544 μετουσίᾳ
1515 4471 1772 4548 γίνονται.

2028 4461 2300 4543 refertur)
2339 4461 2813 4545 thronorumque
2847 4463 3292 4546 proprietatem,
3327 4483 3460 4547 qua
3491 4464 3668 4527 nimi-

279 4573 427 4615 rum
470 4554 729 4633 patulam
763 4557 836 4618 ad
869 4556 1053 4619 Deum
1088 4559 1540 4638 intelligentiam
1573 4557 1782 4638 habet,
1812 4553 1973 4634 quod
2006 4553 2113 4616 Dei
2151 4552 2452 4631 susceptio
2497 4560 2554 4614 et
2587 4562 2677 4615 est
2708 4563 2765 4615 et
2791 4552 3150 4635 appellatur.
3186 4554 3343 4616 Ordo
3373 4553 3475 4636 qui
3506 4555 3665 4618 hunc

286 4643 571 4720 sequitur
605 4645 936 4709 istiusmodi
968 4647 1210 4730 quidem
1239 4654 1486 4710 virtutes
1516 4647 1845 4730 participat,
1881 4643 1986 4706 sed
2019 4640 2288 4704 inferiori
2321 4639 2530 4720 gradu,
2567 4651 2627 4703 et
2659 4643 2796 4703 120
2826 4662 2959 4704 cum
2986 4653 3262 4722 respectu
3306 4644 3377 4707 ad
3412 4643 3664 4725 priores,

278 4751 397 4813 per
427 4753 603 4814 quos,
641 4744 918 4817 tanquam
951 4727 1165 4800 divina
1195 4727 1540 4800 imitationis
1573 4727 1968 4817 primicerios,
1999 4732 2072 4794 ad
2108 4730 2570 4793 deiformitatem
2632 4749 2738 4813 pro
2796 4741 2968 4813 captu
3023 4751 3130 4794 suo
3188 4742 3655 4814 promoventur;

279 4841 478 4905 quare
507 4825 684 4886 etiam
722 4825 931 4906 primis
963 4826 1098 4905 illis,
1133 4835 1410 4910 tanquam
1443 4826 1776 4910 prapositis
1805 4823 1950 4905 suis,
1986 4829 2118 4904 post
2150 4822 2336 4884 Deum
2369 4829 2646 4903 acceptas
2676 4823 2873 4885 ferunt
2906 4822 3296 4905 proprietates
3339 4823 3482 4886 istas
3515 4840 3658 4904 qua-

282 4931 422 4977 rum
460 4913 782 4996 participes
811 4915 944 4978 facti
976 4925 1137 4980 sunt.

366 5003 396 5083 ᾗ
425 5001 528 5067 IV.
562 5003 778 5084 ’Ἔλεγε
811 5013 935 5084 γοῦν
979 5011 1006 5064 ὸ
1050 5009 1247 5076 ταύτην
1288 5009 1385 5076 τὴν
1416 5008 1560 5066 λύσιν
1588 5008 1930 5084 ποιούμενος,

2101 4999 2246 5080 §1V.
2266 4997 2482 5063 Aiebat
2501 4999 2702 5082 itaque
2723 5001 2823 5084 qui
2845 5000 2997 5065 hanc
3019 5001 3379 5065 solutionem
3402 5000 3665 5064 tradide.

274 5096 471 5170 (οἶμαι
494 5093 617 5174 δέ,ὁ
641 5096 811 5174 μέγας
843 5097 910 5166 ἦν
938 5095 1263 5178 ἰερόθεος,ἣ
1285 5099 1436 5165 εἴτις
1466 5098 1625 5163 ἄλλος
1653 5096 1774 5157 κατ’
1791 5099 1932 5156 έκετο

2028 5097 2104 5152 rat
2126 5093 2286 5178 (puto
2309 5096 2507 5178 autem
2536 5107 2814 5170 magnum
2844 5089 3234 5153 Hierotheum
3263 5089 3472 5167 fuisse,
3491 5090 3582 5154 vel
3607 5093 3662 5155 si

279 5184 424 5265 νον,)
447 5183 528 5242 ὅτι
554 5187 586 5254 ἡ
612 5186 714 5262 μὲν
745 5185 929 5265 ὅρασις
961 5176 1136 5257 ἔγλείνη
1165 5188 1454 5271 ι’)πεδείχθη
1483 5196 1560 5265 τῷ
1589 5190 1840 5270 προφήτη
1865 5187 1932 5246 δι’

2028 5176 2319 5271 quisalius
2339 5176 2426 5239 illi
2449 5179 2754 5271 secundus
2776 5178 3189 5271 sit;_visionem
3217 5179 3459 5271 quidem
3495 5179 3660 5271 illam

279 5259 537 5340 EVIKHIEW
568 5259 839 5357 ἀγγέλων,
885 5277 1192 5336 ἆναταθέντι
1241 5259 1386 5360 παρέ
1427 5259 1543 5348 τῆς-
1573 5259 1931 5360 χέιραγωγίας

2028 5264 2674 5360 exhibitam_propheta
2701 5283 2810 5348 per
2837 5265 3109 5348 aliquem
3124 5259 3431 5360 angelum,
3474 5269 3657 5360 cujus

275 5365 480 5423 ὶκείνου
512 5367 590 5429 εἷς
617 5352 718 5433 τῆν
748 5352 968 5446 θεωρίαν
1001 5352 1358 5450 ἑκείνην,καθ⁹
1382 5369 1449 5438 ἣν
1482 5352 1623 5449 ἑώρα
1659 5352 1758 5432 τὰς·
1779 5352 1934 5449 ὑπερ-

2028 5352 2477 5450 manuduc_tioue
2505 5353 2580 5416 ad
2612 5353 2784 5417 istam
2842 5357 3410 5450 contemplationem
3463 5357 3658 5450 fuerat

276 5475 436 5517 τατας
469 5455 675 5530 οὐσίας,
709 5457 784 5517 ὡς
820 5442 875 5512 ἂν
911 5442 1227 5532 συμϐόλοις,
1252 5442 1632 5539 έξαπτερύγόυς
1659 5461 1762 5517 ὑπὸ
1793 5442 1923 5516 Θεὸν

2028 5452 2272 5539 avectus,
2304 5442 2367 5505 in
2398 5461 2516 5539 qua
2543 5461 2857 5539 supremas
2885 5446 3019 5539 illas
3047 5448 3357 5539 essentias,
3391 5446 3562 5539 quasi
3595 5445 3657 5507 in

278 5542 381 5622 (ὅτι
413 5568 556 5625 μετα
606 5546 678 5614 ἧν
730 5545 795 5602 τό
845 5553 938 5604 τοῦ
988 5548 1289 5622 καθημένου
1336 5535 1790 5628 ὑπεξῃρημένον),
1833 5551 1922 5607 καὶ

2028 5535 2317 5620 symbolis,
2337 5552 2437 5597 sex
2461 5535 2901 5628 alashabentes
2928 5536 3075 5628 vidit
3093 5538 3245 5600 infra
3276 5536 3658 5628 Deumq(quo-

281 5637 407 5707 μετὰ
437 5623 570 5694 Θεοῦ
607 5635 695 5715 (οὗ
723 5635 826 5716 γὰρ
852 5635 988 5704 ἦσαν
1016 5638 1117 5715 πρὸ
1146 5639 1361 5695 ἓκείνων
1390 5623 1562 5718 ἕτεραι
1593 5623 1810 5721 τάξεις),
1834 5640 1920 5696 καὶ

2028 5631 2160 5691 liam
2175 5625 2732 5721 perquameximia
2761 5634 2888 5689 erat
2921 5627 3219 5721 majestate
3249 5623 3567 5721 sedentis);
3597 5642 3656 5721 et

283 5725 396 5810 περί
425 5729 584 5806 Θεὸν,
615 5713 707 5788 -ὄτι
738 5713 922 5806 αόκλῳ
948 5713 1191 5790 ἵσταντο.
1254 5731 1328 5795 Τὸ
1381 5727 1438 5793 δὲ
1479 5713 1918 5817 ίδρυμένωνέτῶν

2028 5734 2164 5789 uxta
2175 5717 2365 5782 Deum
2381 5717 2543 5800 (quia
2558 5733 2675 5779 non
2688 5722 2861 5784 erant
2885 5713 2986 5782 alii
3014 5714 3257 5780 ordines
3276 5713 3508 5802 priores
3533 5714 3652 5799 iis),
