4112 6160
419 357 539 429 319
1587 370 1649 435 S.
1696 364 2032 432 DIONYSII

2158 358 2595 429 tEOPAGlTE.
3665 352 3782 425 320

419 518 560 564 suas
586 500 659 564 ad
692 501 884 586 ipsum
905 502 1165 568 referant
1196 509 1491 587 actiones;
1513 504 1600 569 sic
1631 503 1878 584 angelus
1905 520 2043 583 quo-

2156 498 2500 575 ικπέμποντα,
2562 499 2889 587 ἀνατίθησιν,
2942 497 3002 556 οὗ
3057 496 3497 587 σφετεριζόμενος
3544 492 3645 565 τὴν
3689 516 3780 552 τι-

420 608 541 672 que
570 593 665 673 qui
693 592 1033 672 theologum
1066 585 1533 676 expiabat,suam
1560 592 1836 676 eXpiandi
1859 594 2044 656 scien-

2153 588 2244 656 ιὴν
2289 590 2375 644 καὶ
2407 587 2527 676 οἷον
2557 585 3025 668 φιλοτιμούμενος,
3077 587 3287 676 (πόῤῥω
3311 587 3410 666 γὰρ
3437 586 3503 676 τὰ
3536 588 3657 643 θεῖα
3677 590 3777 654 τῆς

418 679 562 744 tiam
588 681 709 745 Deo
732 683 973 764 quidem
991 693 1056 745 ut
1078 674 1270 747 causae
1290 674 1866 765 ascribit,seraphim
1890 699 2042 756 vero1

2150 677 2386 744 τοιαύτης
2418 675 2765 765 γιλοτιμὶας,
2815 676 2935 734 ἀλλ’
2978 677 3098 735 οἷον
3151 675 3269 752 μετ’
3301 674 3573 741 εὐλαϐείας
3604 678 3774 754 ἀγγε-

417 775 702 864 tanquam
730 772 812 834 illi
838 773 941 854 qui
965 772 1155 864 primo
1183 772 1730 864 locoexpiationem
1755 770 1979 864 excipit
1998 779 2041 832 el

2144 764 2293 864 λικῆς
2351 764 2688 840 ἐκδιδάσκων,
2750 767 2839 824 καὶ
2891 766 3059 846 λέγων
3131 769 3262 846 πρὸς
3291 767 3409 864 ,τὸν
3465 766 3768 864 προσρήτηψ

417 859 653 943 emittit,
689 853 979 925 honorem
1012 863 1185 924 istum
1213 863 1332 924 sibi
1366 853 1614 924 minime
1634 860 1966 940 vindicans,
1999 869 2041 920 e1

2152 853 2274 914 ’Ὁτι
2329 861 2427 922 τῆς
2500 859 2571 921 είς
2622 857 2682 912 σὲ
2745 855 2870 934 παρ’
2931 856 3062 931 ἐμοῦ
3115 855 3404 935 γινομένης
3476 855 3776 931 καθάρσεως

416 950 587 1029 quasi
615 950 929 1014 ambitiose
950 970 1192 1015 sumens
1216 951 1446 1033 (procul
1488 951 1646 1013 enim
1670 969 1705 1013 a
1724 949 1940 1012 divinis
1970 949 2040 1010 isi

2153 945 2284 1027 ὶρχὴ
2337 945 2431 1022 μέν
2474 945 2614 1002 ἐστιν
2659 947 2717 1003 ὃν
2775 949 2898 1020 ὁρᾷς
2950 947 3043 1004 ἐπὶ
3094 953 3187 1004 τοῦ
3236 945 3536 1025 ἐπηρμένου
3591 945 3777 1023 θρόνου

417 1037 699 1102 tiusmodi
719 1040 963 1104 ambitio
994 1041 1133 1120 est),
1155 1041 1259 1104 sed
1287 1060 1421 1104 cum
1455 1040 1725 1120 angelica
1757 1039 2041 1118 quodam-

2149 1036 2294 1101 Θεόν,
2327 1034 2491 1100 Οὗτος
2531 1035 2901 1114 αὖτοκάθαρσίς
2955 1036 3065 1093 ἐστι
3123 1038 3209 1095 καὶ
3270 1037 3417 1097 οὐσία
3447 1034 3773 1112 καθάρσεως,

417 1128 595 1190 modo
622 1131 956 1193 reverentia
978 1131 1200 1196 docens
1230 1149 1298 1194 ac
1336 1130 1546 1193 dicens
1567 1129 1639 1193 ad
1674 1130 2041 1211 prophetam:

2154 1127 2212 1191 bc
2269 1126 2418 1184 οὐσία
2471 1128 2667 1207 φωτός.
2704 1125 2866 1190 Οὒτος
2921 1129 2948 1183 6
3004 1128 3092 1184 καὶ
3140 1128 3231 1194 τὰς
3261 1126 3471 1205 πρώτας
3503 1125 3685 1190 αύσίας
3716 1123 3778 1189 ἅς

324 1268 327 1271 η
412 1214 558 1296 Ejus
587 1237 722 1297 qua;
758 1238 864 1301 per
887 1238 982 1282 me
1012 1220 1071 1281 in
1093 1230 1153 1284 te
1173 1220 1478 1302 perﬁcitur
1503 1218 1859 1300 expiationis
1884 1237 1948 1301 pr

2152 1217 2254 1294 πιερῖ
2311 1216 2468 1274 αὐτὸν
2511 1219 2732 1294 Θεωρεῖς
2790 1218 3141 1295 παραγαγὼν,
3214 1218 3301 1274 καὶ
3357 1223 3393 1293 ᾖ
3443 1217 3561 1287 περὶ
3618 1216 3776 1272 αὖτὸν

412 1306 635 1387 cipium
658 1309 898 1388 quidem
923 1317 1012 1373 est
1034 1309 1399 1391 Deus,qucm
1423 1311 1482 1373 in
1514 1312 1728 1373 throno
1759 1309 2036 1372 elevatun

2161 1305 2324 1382 δρύσει
2380 1304 2644 1385 συνέχων,
2678 1306 2765 1361 καὶ
2821 1303 3083 1384 διατηρῶν
3152 1307 3286 1386 πρὸς
3356 1305 3615 1385 ἀτρσψίαν
3698 1305 3785 1362 καὶ

411 1396 632 1461 cernis.
654 1396 764 1461 Hic
786 1406 875 1461 est
902 1398 1030 1482 ipsa
1056 1418 1161 1481 per
1191 1418 1257 1462 se
1281 1400 1540 1481 expiatio
1572 1408 1626 1463 et
1658 1398 1915 1462 essentia
1945 1416 2035 1461 ex-

2156 1396 2566 1473 ὶμεταπτωσίαν.
2633 1393 2948 1474 Ἀτρέπτους
3005 1395 3060 1452 δὲ
3116 1394 3201 1453 δεῖ
3230 1396 3377 1454 νοεῖν
3420 1394 3609 1459 αὐτοὺς
3658 1394 3780 1451 κατ’

415 1485 715 1567 piationis,
755 1491 890 1551 125
910 1480 1115 1572 utpote
1144 1480 1402 1553 essentia
1420 1489 1685 1552 luminis.
1705 1487 1812 1551 Hic
1834 1496 1923 1551 est
1951 1491 2039 1570 qui

2144 1480 2313 1543 ἱκεῖνο
2342 1482 2457 1542 καθ’
2501 1484 2530 1542 ὅ
2588 1486 2742 1560 εἰσιν,
2802 1486 2921 1543 οἷον
2961 1488 3024 1544 τὸ
3078 1487 3334 1544 ἀθάνατον
3374 1486 3575 1552 είςοτὴν
3604 1486 3768 1558 ζωὴν,

412 1578 638 1660 primas
664 1583 978 1656 essentias,
1004 1601 1153 1663 quas
1171 1583 1330 1644 circa
1361 1599 1499 1644 eum
1533 1581 1716 1661 vides,
1753 1581 2030 1662 produxit

2158 1576 2255 1632 110'
2305 1575 2371 1644 ἢν
2427 1574 2703 1633 οὖσίωνται
2761 1576 2831 1639 εὶς
2878 1577 2938 1632 τὸ
2989 1580 3128 1634 εἶναι
3179 1577 3317 1658 φῶς,
3346 1576 3436 1633 καὶ
3485 1576 3557 1640 εἷς
3613 1577 3675 1631 τὸ
3703 1575 3782 1649 μὴ

412 1674 471 1729 et
492 1667 657 1748 juxta
688 1689 753 1732 se
785 1671 1153 1748 collocando,
1186 1671 1479 1752 continet,
1512 1679 1690 1752 atque
1743 1689 2030 1733 conserva

2159 1663 2414 1740 ςρὲπεσθαι
2465 1666 2537 1728 εἷς
2586 1664 2841 1745 ἐκφύλους
2901 1666 3043 1730 τινὰς
3103 1666 3398 1741 ἐπιθυμίας.
3452 1666 3523 1725 Τὸ
3554 1666 3649 1741 μὲν
3682 1666 3783 1743 γὰρ

412 1745 929 1824 ειιίὶηιπιυιείὶοοε
960 1771 1017 1823 et
1041 1745 1653 1841 lapsu.Immutabiles
1682 1769 1881 1823 autem
1900 1761 2031 1840 cogi

2158 1757 2214 1817 ;ἰς
2250 1755 2379 1811 Θεὸν
2418 1754 2763 1812 ἀνατετάσθαι
2804 1755 2899 1822 τῆς
2957 1758 3127 1813 αὐτῶν
3185 1756 3294 1813 ἑστι
3354 1758 3534 1836 νοερᾶς
3586 1778 3782 1835 προαι-

413 1848 606 1911 tandaa
627 1859 762 1911 sunt
793 1851 1123 1914 secundum
1156 1851 1502 1933 essentiam,
1536 1852 1693 1913 velut
1726 1856 1784 1912 in
1814 1852 2037 1913 immor‘

2156 1844 2357 1905 >ἐσεως¹
2392 1846 2453 1900 τὸ
2483 1842 2536 1900 δὲ
2584 1845 2654 1910 εἰς
2712 1844 2791 1901 ἀεὶ
2849 1847 2966 1925 περὶ
3022 1853 3175 1904 τυῦτο
3228 1845 3463 1926 δίαρκεῖν
3496 1851 3595 1913 τῆς
3627 1846 3780 1903 ἅντι-

414 1936 731 2021 talitate,in
746 1941 1225 2021 vita,secundum
1244 1959 1417 2021 quam
1445 1946 1702 2002 essentia
1717 1959 1821 2001 sua
1841 1940 2031 2002 haben

2160 1934 2358 2011 ιήψεώς
2417 1933 2526 1990 ἐστι
2578 1940 2670 1992 τοῦ
2720 1942 2871 1994 Θεοῦ·
2919 1935 3090 1993 πάντα
3149 1936 3249 2015 γὰρ
3279 1935 3448 1993 δεῖται
3481 1935 3612 1994 Θεοῦ
3640 1937 3784 2014 βοη-

413 2034 478 2088 ut
507 2027 626 2090 sint
647 2029 875 2111 lumen,
910 2040 968 2091 et
998 2031 1068 2093 ad
1103 2039 1415 2093 extraneas
1444 2030 1672 2111 aliquas
1701 2030 2037 2111 cupiditate:

2161 2026 2300 2089 istac.
2340 2025 2505 2088 Αὐτός
2537 2023 2679 2081 ἐστιν
2723 2027 2750 2080 6
2780 2025 2868 2082 καὶ
2913 2026 3032 2091 τοὺς
3086 2025 3280 2089 ἄλλους
3339 2027 3499 2084 κινῶν
3550 2025 3635 2083 ἰπὶ
3688 2027 3785 2091 τὰς

414 2119 679 2180 converti
738 2131 1061 2199 nequeant.
1105 2118 1271 2191 Quod
1332 2119 1491 2182 enim
1523 2118 1584 2180 in
1628 2117 1813 2181 Deum
1848 2130 2038 2182 exten-

2163 2116 2422 2178 ιετουσίας
2479 2115 2573 2178 τὰς
2634 2113 2846 2189 πρώτας
2908 2117 3014 2170 τῶν
3045 2116 3215 2172 αὐτῶν
3246 2121 3612 2194 προνοητικῶν
3643 2119 3787 2195 ἔνερ-

415 2205 652 2281 dantur,
684 2208 742 2270 id
790 2226 859 2272 ex
918 2228 1125 2271 eorum
1165 2209 1418 2290 apiritali
1462 2210 1681 2291 pendet
1729 2208 2005 2272 libertate

2160 2211 2325 2283 (ειῶν,
2390 2202 2451 2269 ἃς
2510 2206 2561 2260 αἱ
2612 2209 2816 2280 πρῶται
2896 2204 3075 2270 τάξεις
3129 2203 3404 2285 δὲχονται,
3475 2207 3565 2263 καὶ
3622 2206 3784 2263 πάλιν

412 2296 572 2374 quod
600 2306 797 2360 autem
840 2297 901 2360 in
932 2301 1046 2363 hoc
1076 2317 1316 2379 semper
1349 2290 1749 2378 perSeverant,
1784 2300 1913 2381 opis
1969 2319 2036 2361 es

2159 2295 2299 2360 ιῦτὰς
2330 2295 2401 2361 εἷς
2442 2294 2503 2349 τὸ
2534 2290 2891 2369 μεταδιδόναι·
2926 2316 2955 2349 τ
2987 2296 3108 2351 οῦτο
3149 2296 3249 2374 γὰρ
3304 2293 3498 2362 δηλοῦν
3552 2296 3638 2351 καὶ
3681 2294 3783 2362 τὴν

409 2384 519 2447 Dei
555 2406 568 2449 :
604 2388 804 2450 omnia
833 2388 991 2450 enim
1027 2389 1136 2451 Dei
1193 2388 1412 2451 auxilio
1460 2406 1612 2469 opus
1643 2380 1885 2451 habent.
1918 2389 2033 2466 Ιμδι

2158 2382 2472 2464 ἱποστολὴν,
2508 2386 2534 2440 6
2581 2384 2679 2451 τὴν
2722 2381 2877 2439 λύσιν
2908 2380 3076 2462 λέγων
3134 2381 3421 2441 ὲδίδασιεν·
3457 2383 3600 2447 Ἀλλ’
3629 2386 3782 2450 οὗτος

411 2482 503 2536 est
523 2477 622 2556 qui
648 2482 820 2539 etiam
853 2478 1000 2540 alios
1035 2487 1223 2540 movet
1251 2479 1322 2539 ad
1357 2478 1577 2559 primas
1606 2496 1707 2542 cas
1742 2480 2035 2560 provident

2156 2484 2233 2531 ιὲν
2275 2474 2416 2531 ἐστιν
2445 2476 2471 2530 6
2503 2477 2601 2539 τῆς
2662 2473 2965 2550 καθάρσεως
3025 2474 3223 2545 αἴτιος,
3257 2476 3286 2531 ὃ
3334 2476 3461 2540 Θεὸς
3507 2473 3780 2550 δηλονότι,

411 2565 509 2628 tias
533 2584 655 2629 sum
682 2570 1058 2649 operationes
1081 2567 1548 2651 participandas,
1585 2587 1728 2650 quas
1754 2570 1923 2650 primi
1958 2589 2035 2632 or‘

2155 2565 2271 2621 ιετὰ
2316 2560 2369 2619 δὲ
2402 2564 2532 2619 Θεὸν
2600 2561 2859 2642 ἶεράρχης
2915 2567 3015 2630 τῆς
3066 2564 3390 2644 καθάρσεως,
3447 2565 3476 2620 6
3527 2566 3779 2644 σεραφὶμ,

410 2657 584 2721 dines
618 2661 973 2740 suacipiunt,
1010 2668 1068 2723 et
1112 2659 1183 2723 ad
1216 2660 1458 2723 easdem
1490 2660 1708 2724 iterum
1739 2661 2034 2725 transfun-

2159 2651 2261 2732 παρ’
2293 2652 2353 2709 οὗ
2393 2651 2545 2730 κάγὼ
2595 2653 2655 2709 τὸ
2708 2651 2974 2726 καθαίρειν
3020 2652 3279 2729 ἑμυήθην,
3331 2652 3496 2717 Οὗτος
3520 2655 3610 2709 οῦν
3640 2653 3783 2711 ἐστιν

409 2748 638 2812 dendas
672 2768 687 2815 :
722 2752 835 2814 hoc
868 2753 1028 2813 enim
1054 2750 1395 2813 missionem
1428 2769 1534 2813 seu
1558 2751 1914 2831 legationem
1947 2753 2033 2815 de

2154 2743 2441 2822 ισεραφῖμ,
2476 2741 2575 2798 δδι⁹
2631 2740 2761 2831 ἐμοῦ
2802 2763 2859 2798 σε
2917 2745 3203 2823 καθαίρων,
3264 2740 3332 2798 δι’
3380 2740 3540 2810 οὗπερ
3593 2745 3621 2800 ὁ
3677 2741 3778 2808 δη-

409 2838 638 2902 clarere
669 2841 836 2921 dixit,
871 2847 969 2923 qui
1018 2841 1170 2903 hanc
1216 2840 1574 2903 solutionem
1628 2830 1895 2903 tradidit.
1931 2841 2033 2904 Sec

2153 2833 2382 2911 ιιουργὸς
2434 2835 2529 2899 τῆς
2588 2830 2888 2910 καθάρσεως
2950 2834 2978 2888 6
3042 2834 3193 2910 Θεὸς,
3238 2831 3336 2897 τὰς
3398 2832 3593 2897 οίκείας
3639 2831 3777 2905 ἐνερ-

409 2927 511 2990 hic
540 2928 781 3009 quidem
816 2920 906 2992 est
934 2930 1287 3012 expiationis
1330 2940 1559 3005 auctor,
1609 2931 1835 2994 scilicet
1867 2931 2033 2993 Deus:

2150 2924 2277 3001 (sic;
2341 2920 2401 2977 ἐκ
2456 2927 2548 2977 τοῦ
2616 2920 2802 2980 ἑαυτοῦ
2875 2922 3087 2999 κρυφίου
3140 2923 3218 3012 εἷς
3253 2923 3420 3012 ,ἡμᾶς
3477 2922 3774 3012 προήγαγε.

411 3024 545 3099 post
562 3008 759 3081 Deum
791 3037 930 3082 vero
981 3008 1033 3082 is
1085 3019 1184 3101 qui
1240 3018 1560 3101 expiationi
1592 3021 1936 3101 praepositus
1965 3041 2029 3083 es

2153 3011 2310 3072 Γαῦτα
2374 3011 2471 3087 μὲν
2521 3008 2727 3101 ἐκεῖνος
2786 3012 2813 3067 6
2841 3011 2980 3101 ἱερὸς
3011 3009 3143 3089 ἀνὴρ
3172 3008 3408 3101 ἐδίδασκὲ
3434 3028 3524 3086 με’
3572 3011 3654 3101 σοί
3696 3009 3777 3085 δὲ,

411 3098 745 3187 aerapbim,
769 3127 802 3171 a
832 3128 950 3192 quo
982 3118 1043 3173 et
1072 3098 1181 3191 ego
1215 3098 1454 3192 expiare
1486 3098 1615 3171 sum
1641 3098 1909 3174 edoctus.
1944 3108 2035 3173 Ηὶι

2155 3101 2183 3157 ὗ
2238 3104 2484 3176 Τιμόθεε,
2547 3099 2655 3179 ἐγὼ
2715 3098 3039 3176 μεταδίδωμι
3074 3148 3091 3180 ,
3146 3102 3284 3158 κατὰ
3336 3100 3432 3165 τὴν
3490 3100 3667 3158 εἰκόνα
3710 3102 3779 3171 ἢν

409 3197 607 3278 itaque
635 3205 726 3261 est
743 3188 1044 3279 seraphim
1069 3188 1168 3282 qui
1199 3188 1307 3275 per
1326 3216 1423 3261 me
1442 3208 1497 3261 te
1527 3200 1721 3279 expiat
1748 3218 1854 3280 per
1869 3219 2033 3278 quen

2154 3192 2330 3272 ἰιρτίως
2388 3189 2642 3269 ἐλέγομεν
2695 3197 2788 3247 τοῦ
2842 3191 3070 3270 σεραφῖμ
3124 3193 3212 3248 καὶ
3267 3195 3356 3246 τοῦ
3387 3188 3778 3282 ἀγγέλουοᾲτῆς

408 3305 547 3349 snas
565 3290 947 3370 operationes
976 3309 1044 3351 ex
1089 3280 1290 3352 abdito
1320 3288 1393 3351 ad
1427 3307 1535 3351 nos
1565 3288 1723 3351 Deus
1751 3290 1877 3371 ipse
1910 3308 2032 3372 pro.

2152 3289 2239 3350 τῆς
2270 3281 2313 3338 δ’
2348 3280 2408 3337 ἂν
2461 3280 2551 3341 εἵη
2614 3281 2892 3353 συνέσεως,
2953 3281 2989 3349 ἢ
3045 3280 3262 3360 θατέραν
3316 3285 3424 3336 τῶν
3483 3280 3776 3360 εἰρημένων

406 3374 596 3452 duxit,
664 3376 765 3458 qui
824 3386 915 3440 est
968 3387 1173 3440 auctor
1223 3376 1600 3460 expiationis.
1634 3378 1770 3442 Haec
1807 3379 2030 3460 quiden

2155 3376 2284 3434 ἴυοῖν
2340 3374 2522 3431 αἰτιῶν
2574 3372 2833 3449 δέξασθαι,
2894 3376 2982 3432 καὶ
3027 3373 3348 3439 ἀπολυθῆναι
3402 3380 3501 3442 τῆς
3559 3375 3779 3455 ἀπορίας

406 3476 649 3531 sanctus
677 3468 780 3529 ille
812 3468 899 3529 vir
929 3487 1025 3531 me
1054 3469 1283 3551 docuit;
1323 3469 1427 3531 tibi
1464 3478 1663 3532 autem
1701 3470 1828 3551 ipse
1854 3470 2024 3532 trario

2152 3468 2226 3524 καὶ
2262 3464 2466 3542 μᾶλλον
2495 3465 2593 3531 τὴν
2623 3463 2840 3542 ὑστέραν
2894 3469 3113 3538 τιμῆσαι
3165 3462 3238 3526 ώς
3268 3463 3328 3520 τὸ
3359 3462 3576 3542 εὔλογον
3608 3462 3776 3546 ἔχου-

406 3573 441 3617 ο
461 3555 1172 3638 Thimothee,secundum
1194 3558 1514 3638 imaginem
1533 3578 1708 3638 quam
1730 3560 1853 3639 jam
1880 3558 2029 3621 tradi

2154 3579 2259 3630 ταν,
2314 3555 2351 3624 ἢ
2397 3552 2522 3630 παρ’
2572 3554 2756 3611 ἑαυτοῦ
2809 3576 2860 3609 τι
2910 3551 3320 3632 συγγενέστερον
3368 3555 3457 3611 καὶ
3504 3552 3778 3633 ἁρμοδιώ-

411 3644 606 3705 dimus
635 3646 935 3729 seraphim
960 3648 1251 3728 etangeli;
1268 3656 1385 3710 tuae
1411 3657 1608 3710 autem
1628 3646 1894 3710 scientiae
1918 3649 2035 3711 erit

2158 3669 2293 3725 τερον
2324 3644 2574 3719 ἐξευρεῖν,
2621 3643 2657 3711 ἢ
2700 3642 2827 3722 παρ’
2873 3642 3049 3720 ἐτέρου
3097 3639 3517 3718 πεπαιδευμένου
3566 3645 3630 3702 τὰ
3658 3648 3782 3702 θεῖα

405 3734 771 3797 autaiteram
799 3735 1092 3798 dictarem
1119 3755 1427 3799 causarum
1455 3736 1859 3812 admittere,et
1884 3756 2029 3799 omn‘

2155 3741 2346 3814 ιαθεῖν,
2382 3739 2512 3790 Θεοῦ
2554 3732 2786 3797 διδόντος
2834 3733 3000 3810 ῥῆμα,
3063 3733 3201 3790 κατὰ
3257 3734 3340 3789 τό⁸
3405 3734 3591 3810 Κύριος
3620 3734 3779 3794 δώσει

403 3823 791 3904 ambiguitate
824 3824 1244 3906 liberari,quin
1282 3826 1475 3906 potius
1508 3826 1896 3908 posteriorem
1930 3828 2027 3891 ho-

2154 3832 2277 3901 ιῆμα
2333 3836 2451 3887 τοῖς
2526 3820 3018 3901 εὒαγγελιζομένοις
3044 3869 3061 3900 ,
3121 3822 3517 3899 προξενούντων
3570 3822 3778 3896 δηλαδὴ

405 3931 621 3977 norare
646 3923 925 3997 tanquam
961 3915 1450 3995 probabilem,vel
1486 3933 1591 3997 per
1614 3922 1670 3978 te
1691 3915 1831 3997 quid
1864 3917 2029 3993 magi:

2153 3919 2221 3974 ιαὶ
2276 3914 2660 3991 μεσιτευόντων
2725 3914 2811 3968 καὶ
2870 3912 2976 3969 τῶν
3054 3913 3205 3969 θείων
3255 3912 3522 3995 ἀγγέλων,
3578 3912 3647 3973 δι’
3701 3920 3777 3975 ὧν

405 4003 587 4067 afﬁne
616 4022 684 4068 ac
707 4005 1080 4068 commodius
1104 4005 1495 4087 reperire,vel
1519 4004 1592 4067 ab
1606 4006 1722 4067 alio
1736 4023 1938 4068 rerum
1963 4006 2029 4068 diu

2153 4012 2278 4063 τᾶσα
2336 4002 2601 4079 ἔλλαμψις
2660 4003 2731 4063 εἰς
2780 4002 2922 4076 ἡμᾶς
2981 3999 3444 4082 διαπορθμεύεται.
3477 4005 3576 4065 Καὶ
3613 4003 3777 4064 πάλιν

411 4093 677 4157 vinarum
727 4096 916 4177 perito
960 4095 1296 4177 addiscere,
1328 4098 1450 4160 Deo
1489 4095 1735 4159 verbum
1764 4096 2035 4177 suppedi-

2154 4095 2234 4163 τῆς
2268 4098 2366 4161 σῆς
2403 4091 2495 4159 εἴη
2528 4090 2857 4164 ἐπιστήμης,
2891 4089 2945 4147 ἐν
2996 4096 3073 4164 τῷ
3118 4090 3154 4160 ἢ
3185 4089 3274 4169 ἀφ’
3308 4091 3493 4151 ἑαυτοῦ
3523 4092 3778 4173 ἐξευρεῖν,

411 4184 765 4266 tante,juxta
797 4184 1262 4249 illud:Dominus
1280 4186 1449 4248 dabit
1468 4187 1716 4248 verbum
1740 4188 2035 4269 evangeli-

2156 4186 2173 4255 ὶ
2234 4184 2360 4262 παρ’
2414 4181 2589 4259 ἐτέρου
2649 4182 2839 4254 μαθεῖν
2872 4226 2889 4259 ,
2951 4178 3284 4257 ἀνακαλύψαι
3338 4183 3426 4239 καὶ
3492 4185 3625 4259 ἡμῖν
3678 4188 3780 4253 τὴν

406 4273 1248 4357 zantibuso“,conciliantibus
1270 4275 1551 4338 nimirum
1581 4285 1637 4339 et
1670 4266 2030 4339 interceden-

2157 4276 2386 4340 τοιαύτην
2440 4269 2666 4357 ἐραστὴν
2705 4270 2958 4357 θεωρίαν,
3016 4271 3090 4333 ὡς
3138 4268 3508 4351 φιλαγγέλοις,
3553 4274 3599 4331 εἶ
3654 4275 3781 4333 οἶόν

408 4364 570 4427 tibus
591 4352 805 4427 divinis
829 4364 1080 4447 angelis,
1102 4383 1208 4446 per
1239 4384 1387 4446 quos
1415 4366 1609 4428 omnis
1637 4365 1955 4429 illustratio
1978 4385 2032 4428 ac

2154 4364 2192 4422 τέ
2241 4364 2406 4421 ἔστιν.
2470 4352 2622 4436 ’Ὅρα
2673 4355 2719 4414 δ’
2773 4356 3006 4414 ἐντεῦθεν
3036 4361 3097 4416 τὸ
3148 4369 3241 4420 τοῦ
3291 4363 3491 4441 πατρὸς
3535 4362 3778 4445 μέτριον,

409 4472 520 4514 nos
550 4454 904 4516 traducitur.
936 4457 1133 4532 Atque
1178 4453 1395 4516 iterum
1448 4462 1559 4516 tute
1602 4455 1717 4517 erit
1765 4456 2026 4518 scientiae

2157 4462 2249 4519 ιὼς
2332 4449 2616 4522 διδάσκων,
2693 4449 2783 4503 καὶ
2833 4447 2893 4503 ἐκ
2949 4447 3141 4525 μέρους
3198 4457 3356 4522 ζητεῖ
3414 4455 3628 4526 μαθεῖν’
3690 4455 3781 4512 καὶ

408 4540 549 4603 dum
592 4542 737 4604 vela
765 4545 1075 4624 temetipso
1118 4543 1369 4618 invenis,
1395 4545 1480 4606 vel
1511 4544 1583 4605 ab
1616 4546 1801 4607 altero
1842 4546 2032 4608 discis

2154 4544 2411 4620 πνεύματα
2475 4540 2576 4619 γὰρ
2645 4536 2934 4617 προφητΒν
3010 4538 3308 4621 προφήταις
3362 4542 3778 4619 ὒποτάσσονται,

410 4631 585 4694 nobis
607 4631 783 4695 etiam
805 4633 1235 4711 angelorum,si
1267 4633 1432 4695 dictu
1461 4634 1548 4695 ias
1575 4633 1671 4715 sit,
1689 4624 2034 4699 amatoribui

2158 4636 2268 4694 ιατᾶι
2320 4634 2420 4701 τὴν
2480 4628 2764 4699 διήκουσαν
2814 4624 2899 4683 ἐπὶ
2955 4633 3117 4685 πᾶσιν
3174 4627 3414 4696 εὔταξιαν
3484 4633 3627 4712 παρὰ
3685 4641 3782 4693 τοῦ

410 4720 778 4801 ejuscemodi
808 4722 1124 4783 amabilem
1157 4722 1720 4804 contemplationem
1756 4725 2034 4789 revelare.

1958 4745 2040 4789 re.
2132 4725 2329 4803 ἀγαθοῦ
2359 4725 2489 4779 Θεοῦ
2519 4717 2605 4773 καὶ
2637 4719 2889 4794 Σωτῆρος
2916 4717 3071 4791 ἡμῶν
3103 4718 3582 4795 νομοθετουμένην.

409 4809 735 4873 Considera
766 4820 963 4873 autem
997 4811 1133 4872 hinc
1177 4811 1355 4888 patris
1379 4813 1552 4892 hujus
1592 4814 1962 4891 modestiam,
1990 4814 2319 4896 quomodo,
2354 4810 2495 4873 dum
2525 4806 2719 4896 docet,
2754 4804 2936 4866 etiam
2970 4822 3042 4866 ex
3098 4816 3265 4886 parte
3294 4806 3527 4873 discere
3551 4810 3782 4892 cupiat.

409 4898 642 4962 Etenim
674 4900 919 4980 spiritus
948 4900 1380 4979 praphetarum
1412 4901 1722 4981 prophetis
1747 4892 2187 4984 subjiciuntur,
2215 4899 2542 4967 secundum
2571 4892 2735 4956 illam
2768 4912 2899 4975 quae
2944 4902 3157 4959 cuncta
3209 4896 3496 4979 pervadit,
3554 4907 3786 4966 rectam

410 5004 445 5050 a
478 4989 600 5052 Deo
630 4989 792 5052 bono
815 5007 885 5052 ac
914 4989 1217 5054 Salvatore
1248 4997 1453 5052 nostro
1484 4998 1760 5054 statutam
1793 4999 2256 5061 ordinationem.

490 5207 556 5256 ο⁴
583 5209 742 5276 Paai.
772 5226 958 5292 mu,
992 5209 1091 5298 12,
