4112 6160
493 314 602 393 331

491 573 795 636 corporeae
838 562 1056 617 nostrae
1103 552 1594 633 multipartitione
1628 573 1748 615 non
1781 558 2136 634 incongruas

489 642 781 722 imagines
804 641 1063 715 haurire,
1089 661 1222 722 quae
1246 642 1520 704 caelestes
1542 644 1785 704 virtutes
1810 663 2140 724 reprazsen-

493 740 644 807 tent,
671 741 735 794 ut
761 733 811 793 si
833 732 1120 813 dicamus,
1155 731 1395 792 videndi
1428 732 1668 812 quidem
1704 733 2010 795 facultates
2041 733 2135 794 de-

494 822 720 884 clarare
747 820 1319 903 perspicacissimam
1352 821 1425 882 ad
1457 821 1652 884 divina
1683 821 1906 884 lumina
1921 841 2136 903 suspe-

495 913 780 987 ctionem,
811 929 923 974 nec
948 931 1065 974 non
1097 911 1432 991 simplicem
1465 929 1533 972 ac
1557 911 1837 992 liquidam
1869 913 2138 974 minime-

494 1019 610 1084 que
643 1001 1063 1080 refragantem,
1095 1000 1202 1062 sed
1223 1000 1463 1080 agilem,
1499 1019 1827 1082 puramque
1853 1002 2137 1082 patulam—-

492 1110 613 1170 que
634 1091 963 1153 divinarum
997 1088 1454 1152 illustrationum
1487 1089 1619 1151 sine
1671 1091 1946 1171 passione
2000 1109 2136 1152 sus—

496 1180 854 1262 ceptionem.

575 1271 911 1334 Olfactuum
934 1288 1070 1332 vero
1102 1270 1488 1332 discernendi
1517 1269 1671 1331 vires
1700 1270 1819 1332 vim
1847 1289 2141 1352 esse,qu:e

494 1367 754 1424 mentem
789 1360 1128 1440 superantis
1161 1359 1915 1439 tragrantiaedill‘usionem,
1949 1379 2143 1441 quan-

497 1460 622 1516 tum
659 1450 795 1511 150
839 1449 929 1511 fas
987 1458 1097 1529 est,
1133 1450 1408 1531 percipit,
1457 1467 1674 1530 resque
1707 1449 1919 1512 fetidas
1951 1451 2143 1531 perite

496 1539 805 1620 discernit,
840 1547 899 1601 et
928 1541 1170 1601 omnino
1197 1539 1436 1618 refugit.

573 1631 648 1692 At
675 1635 908 1691 aurium
941 1629 1206 1704 virtutes,
1233 1629 1291 1692 id
1323 1628 1483 1710 quod
1510 1636 1570 1691 in
1614 1629 1702 1692 eis
1731 1637 1823 1691 est
1852 1631 2147 1711 particeps

501 1717 878 1799 cognitionis,
915 1716 1294 1799 divinamque
1343 1717 1494 1779 scite
1525 1719 1773 1799 suscipit
1801 1718 2146 1798 inspiratio-

498 1827 660 1872 nem.

580 1899 869 1963 Gustandi
919 1909 1120 1961 autem
1185 1900 1478 1980 potentias
1528 1898 1673 1978 ipsis
1705 1916 1838 1961 esse
1873 1899 2141 1960 ciborum

499 1991 847 2070 spiritalium
910 1989 1271 2060 satietatem,
1309 1999 1365 2051 et
1410 1989 1748 2051 divinorum
1780 1997 1958 2070 atque
1987 1988 2141 2051 deli-

498 2080 800 2142 ciosorum
828 2079 1148 2141 rivulorum
1192 2080 1665 2159 susceptionem.

579 2167 838 2232 Tactiles
868 2186 1051 2248 porro
1083 2170 1477 2243 sensationes,
1532 2167 1592 2229 id
1645 2168 1804 2249 quod
1835 2168 1897 2231 in
1930 2168 2016 2231 eis
2048 2187 2145 2231 res

500 2258 799 2337 proﬁcuas
829 2257 1108 2320 noxiasve
1145 2276 1280 2320 cum
1312 2257 1560 2320 scientia
1589 2257 1898 2319 discernit.

580 2346 900 2410 Palbebras
951 2356 1009 2410 et
1037 2347 1379 2429 supercilia,
1413 2347 1472 2410 id
1516 2347 1678 2424 quod
1711 2346 2144 2428 intelligentias

500 2437 896 2520 nationesque
925 2437 1107 2499 divini
1130 2445 1404 2519 aspectus
1444 2443 1772 2499 conservat.

581 2526 1017 2590 Pubescentem
1047 2535 1276 2589 attatem
1309 2546 1376 2589 ac
1417 2527 1816 2608 juventutem,
1848 2527 1964 2588 vim
1997 2527 2142 2589 vita«

501 2620 618 2681 lem
653 2636 784 2698 quae
814 2635 1055 2699 semper
1082 2618 1258 2696 viget.

581 2707 828 2784 Dentes,
859 2708 919 2770 id
952 2707 1108 2788 quod
1140 2706 1405 2769 alimenti
1434 2705 1686 2768 adhibiti
1717 2707 2141 2787 perfectionem

1614 337 1616 340 ν
1675 323 1733 392 s.
1785 319 2122 397 DIONYSII
2182 317 2689 399 AREOPAGIT/E

571 463 850 537 Quinimo
881 464 967 526 fas
997 464 1074 526 sit
1103 463 1284 526 etiam
1320 481 1388 525 ex
1434 462 1722 545 qualibet,
1757 471 1820 526 ut
1850 464 2137 541 arbitror,
2164 475 2204 524 A

2312 459 2478 526 ’Ἔστι
2530 468 2584 525 δὲ
2641 471 2729 526 καὶ
2781 467 2897 526 καθ’
2935 469 3178 544 ἕκαστον,
3247 474 3320 537 ὡς
3379 477 3557 548 οἶμαι,
3605 475 3702 542 τῆς
3755 497 3869 530 σω-

2221 562 2454 633 ματικῆς
2498 560 2653 632 ἡμῶν
2697 557 3020 636 πολυμερίας
3066 561 3269 626 εἰκόνας
3338 562 3673 639 ἐναρμονίους
3720 562 3868 628 ἐξευ-

2222 660 2334 724 ρεῖν
2391 653 2498 703 τῶν
2555 647 2807 725 οὐρανίων
2865 647 3137 722 δυνάμεων
3173 697 3190 726 ,
3247 651 3568 730 φάσκοντας,
3632 655 3725 715 τὰς
3773 654 3872 728 μὲν

2221 737 2449 798 ὀπτικὰς
2510 735 2780 815 ἐμφαίνειν
2837 734 3109 812 δινάμεις,
3164 739 3262 807 τὴν
3320 741 3451 819 πρὸς
3482 743 3547 798 τὰ
3576 744 3697 798 θεῖα
3723 745 3874 822 φῶτα

2221 823 2578 891 διειδεστάτην
2609 825 2905 900 ἆνάνευσιν,
2949 829 3037 883 καὶ
3081 830 3224 890 αὖθις
3256 830 3354 896 τὴν
3385 829 3563 897 ἁπλῆν
3594 832 3682 886 καὶ
3711 832 3874 910 ὑγρὰν

2223 915 2315 972 καί
2361 915 2455 972 οὒκ
2506 914 2808 994 ἀντίτυπον,
2868 905 2990 970 ἀλλ’
3031 915 3359 999 ὀξυκίνητον,
3391 922 3478 976 καὶ
3507 921 3741 998 καθαρὰν
3785 923 3878 978 καὶ

2221 1004 2666 1080 ἀναπεπταμένην
2745 1004 2958 1070 ἀπαθῶς
3025 1005 3300 1087 ὑποδοχὴν
3373 1011 3478 1066 τῶν
3567 1013 3872 1090 θεαρχικῶν

2222 1092 2568 1169 ἐλλάμψεων.

2305 1274 2406 1337 Τὰς
2455 1270 2510 1328 δί
2565 1279 2673 1330 τῶν
2730 1276 3040 1354 ὀσφραντῶν
3096 1273 3152 1318 49
3219 1274 3546 1356 διακριτικᾶς
3600 1275 3872 1359 δυνάμεις,

2225 1364 2285 1418 τὸ
2327 1368 2424 1428 τῆς
2468 1363 2599 1440 ὑπὲρ
2658 1371 2775 1420 νοῦν
2851 1363 3074 1429 εὐώδους
3132 1365 3439 1446 διαδόσεως,
3489 1369 3562 1432 ὡς
3628 1368 3872 1447 ἐφικτὸν,

2226 1451 2614 1519 ἀντιληπτικὸν
2649 1455 2738 1509 καὶ
2781 1461 2887 1510 τῶν
2944 1456 3022 1531 μὴ
3051 1456 3306 1512 τοιούτων
3348 1456 3403 1511 ἐν
3446 1456 3721 1532 ἐπιστήμῃ
3750 1455 3874 1513 δια-

2226 1542 2484 1620 κριτικὸν,
2518 1543 2606 1598 καὶ
2652 1541 2846 1607 ὁλικῶς
2889 1545 3298 1623 ἀποφευκτικόν,

2309 1631 2414 1693 Τὰς
2458 1628 2512 1685 δὲ
2556 1637 2662 1686 τῶν
2704 1631 2855 1688 ὥτων
2897 1631 3166 1713 δυνάμεις,
3196 1636 3257 1690 τὸ
3283 1635 3574 1713 μετοχικὸν
3605 1635 3690 1691 καὶ
3723 1657 3873 1712 γνω-

2234 1726 2433 1784 στικῶς
2465 1718 2808 1778 ὑποδεκτικὸν
2839 1721 2934 1789 τῆς
2964 1723 3256 1803 θεαρχικῆς
3288 1724 3587 1787 ἐπιπνοίας.

2309 1899 2412 1962 Τὰς
2473 1896 2528 1954 δὲ
2587 1900 2893 1980 γευστικὰς,
2955 1901 3056 1968 τὴν
3113 1906 3220 1958 τῶν
3251 1908 3456 1970 νοητῶν
3499 1909 3704 1983 τροφῶν
3737 1903 3882 1962 ἀπο-

2227 1987 2527 2068 πλήρωσιν,
2583 1990 2671 2045 καὶ
2731 1991 2792 2046 τὸ
2849 1991 2956 2046 τῶν
3012 1991 3164 2047 θείων
3219 1991 3305 2047 καὶ
3350 1993 3621 2073 τροφίμων
3669 1995 3883 2072 ὀχετῶν

2227 2076 2595 2138 ὑποδεκτικόν.

2310 2170 2415 2234 Τὰς
2460 2169 2686 2234 ἁπτικᾶς
2731 2167 2807 2243 δὲ,
2842 2171 2903 2226 τὸ
2933 2173 3024 2227 τοῦ
3067 2181 3363 2251 προσφυοῦς
3395 2171 3431 2240 ἢ
3467 2181 3556 2231 τοῦ
3597 2171 3879 2249 βλάπτον-

2227 2282 2316 2323 τος
2347 2259 2400 2314 ἐν
2431 2259 2708 2335 ἐπιστήμῃ
2745 2257 3148 2339 διαγνωστικόν.

2307 2350 2382 2406 Τὰ
2429 2347 2664 2427 βλέφαρα
2712 2348 2766 2406 δὲ
2821 2350 2908 2406 καὶ
2953 2350 3048 2415 τὰς
3106 2351 3320 2431 ὀφρύας,
3354 2353 3416 2408 τὸ
3443 2354 3550 2408 τῶν
3578 2354 3877 2409 θεοπτικῶν

2231 2439 2465 2508 νοήσεων
2511 2461 2670 2516 φρουρ
2680 2438 2888 2506 ητικόν.

2310 2529 2414 2596 Τὴν
2440 2524 2657 2594 ἡϐῶσαν
2705 2527 2759 2584 δὲ
2809 2531 2895 2586 καὶ
2925 2529 3169 2598 νεανικήν
3202 2529 3434 2606 ἡλικίαν,
3479 2532 3540 2587 τὸ
3573 2535 3670 2600 τῆς
3701 2531 3883 2590 ἐπακ-

2228 2619 2496 2693 μαζοόσης
2525 2617 2606 2673 ἀεὶ
2635 2617 2867 2688 ζωτικῆς
2899 2617 3167 2692 δυνάμεως
3202 2615 3282 2678 ‘3.

2307 2707 2440 2770 Τοὺς
2489 2704 2705 2769 ὀδόντας
2763 2704 2841 2782 δὲ,
2890 2709 2950 2763 τὸ
3007 2705 3322 2786 διαιρετικὸν
3381 2707 3479 2775 τῆς
3537 2706 3887 2782 ἐνδιδομένης

501 2797 746 2861 dividit:
778 2797 1063 2877 quaelibet
1091 2797 1246 2858 enim
1285 2795 1542 2857 essentia
1591 2795 1872 2876 spiritalis
1929 2797 2142 2857 unius-

2267 2797 2481 2874 ροφίμου
2531 2794 2890 2863 τελειότητος·
2944 2797 3145 2863 ἑκάστη
3207 2797 3304 2874 γὰρ
3347 2796 3506 2853 οὐσία
3557 2797 3736 2876 νοερὰ,
3783 2797 3888 2865 τήν

503 2887 667 2948 modi
723 2886 1196 2965 intelligentiam,
1261 2903 1433 2966 quam
1470 2903 1504 2945 a
1533 2884 1824 2947 diviniore
1870 2886 2145 2947 traditam

2267 2884 2568 2962 ωρουμένην
2627 2887 2760 2960 αὒτῇ
2816 2886 2946 2963 πρὸς
2992 2885 3085 2952 τῆς
3149 2886 3417 2964 θειοτέρας
3461 2883 3662 2953 ἑνοειδῆ
3694 2888 3895 2953 νόησιν

503 2975 758 3056 accepit,
779 2994 883 3056 pro
918 2975 1216 3038 inferioris
1242 2974 1419 3036 ductu
1444 2981 1737 3055 captuque
1767 2975 2011 3056 provida
2036 2974 2146 3036 vir-

505 3072 632 3128 tute
661 3064 870 3126 dividit
899 3063 1396 3145 multiplicatque.

585 3157 903 3253 Humeros,
936 3154 1106 3216 ulnas
1128 3161 1187 3216 et
1216 3171 1450 3231 manus,
1483 3151 1740 3217 faciendi
1764 3161 1825 3218 et
1849 3154 2060 3235 agendi
2080 3173 2148 3217 ac
2168 3201 2208 3253 ε

507 3243 896 3327 perpetrandi
919 3244 1060 3306 vim.

587 3429 704 3489 Cor
733 3432 936 3489 autem
969 3443 1101 3488 esse
1132 3423 1467 3505 symbolum
1498 3424 1632 3486 vita
1657 3422 1986 3502 deiformis,
2021 3442 2153 3506 quas

2233 2980 2559 3051 προνοητικῇ
2587 2972 2803 3050 δυνάμει
2850 2972 3044 3052 διαιρεῖ
3091 2975 3178 3032 καὶ
3207 2973 3456 3041 πληθεύει
3492 2971 3569 3050 ⁸4,
3620 2976 3753 3054 πρὸς
3785 2977 3898 3043 τὴν

2231 3069 2330 3131 τῆς
2361 3061 2774 3140 καταδεεστέρας
2803 3063 3155 3142 ἂναγωγικὴν
3187 3062 3497 3143 ἀναλογίαν.

2312 3153 2444 3217 Τοὺς
2501 3151 2680 3222 ὤμους
2735 3151 2790 3210 δὲ
2847 3155 2932 3210 καὶ
2983 3154 3078 3218 τὰς
3141 3151 3370 3228 ὠλένας,
3431 3154 3522 3211 καὶ
3575 3152 3720 3218 αὖθις
3793 3156 3901 3222 τὰς

2232 3255 2454 3324 χεῖρας,
2498 3243 2561 3300 τὸ
2615 3243 2900 3311 ποιητικὸν
2957 3245 3048 3301 καὶ
3108 3242 3457 3324 ἐνεργητικὸν
3510 3243 3598 3302 καὶ
3651 3241 3900 3324 δραστή-

2235 3354 2369 3412 ριον.

2314 3422 2423 3490 Τὴν
2471 3421 2516 3479 δ’
2567 3425 2633 3481 αὖ
2681 3422 2919 3503 καρδίαν,
2963 3420 3227 3500 σύμϐολον
3286 3423 3432 3480 εἶναι
3479 3427 3576 3491 τῆς
3620 3421 3904 3488 θεοειδοῦς

505 3516 624 3578 vim
647 3516 882 3578 vitalem
909 3534 1076 3578 suam
1131 3515 1507 3577 deiformiter
1537 3515 1597 3577 in
1628 3532 1698 3576 ea
1735 3514 1951 3592 quibus
2000 3533 2148 3577 con-

2267 3517 2400 3588 ωῆς,
2447 3513 2544 3582 τῆς
2601 3514 2700 3582 τὴν
2744 3513 2937 3573 οἰκείαν
2995 3513 3225 3586 ζωτικὴν
3271 3512 3494 3590 δύναμιν
3554 3511 3910 3592 ἀγαθοειδῶς

507 3605 646 3667 sulit
676 3605 977 3686 dispertit.

587 3697 775 3758 Porro
800 3703 1011 3774 pectus
1039 3694 1304 3756 dicamus
1334 3693 1648 3772 designare
1678 3693 1950 3756 virtutem
1982 3693 2157 3756 indo-

2238 3604 2310 3668 εἷς
2350 3604 2418 3659 τὰ
2447 3604 2814 3682 προνοούμενα
2843 3603 3278 3684 διασπειροόσης.

2317 3694 2392 3751 Τὰ
2437 3693 2623 3770 στέρνα
2668 3691 2724 3750 δὲ
2768 3695 2908 3759 αὖθις
2964 3693 3236 3773 ἐμφαίνειν
3263 3691 3316 3736 ⁸⁵
3347 3693 3406 3750 τὸ
3437 3691 3766 3769 ἀδάμαστον,
3803 3693 3915 3750 καὶ

508 3783 812 3864 mabilem,
839 3791 896 3846 et
927 3803 1058 3864 quae
1099 3783 1391 3844 viviﬁcam
1442 3781 1890 3863 quodammodo
1938 3801 2148 3866 suppo-

2269 3783 2297 3838 ὸ
2355 3784 2729 3862 φρονρησικὸν,
2775 3785 2850 3847 ὡς
2908 3784 2992 3840 ἐπὶ
3025 3785 3121 3850 τῖς
3151 3781 3506 3862 ὑποκειμένης
3540 3780 3756 3864 καρδίας
3791 3787 3914 3849 τῆς

507 3873 607 3935 siti
632 3873 828 3935 cordis
855 3872 1343 3936 distributionem
1376 3879 1636 3934 tueatur.

2267 3877 2499 3928 ωοποιοῦ
2528 3869 2612 3928 δια
2621 3869 2817 3935 δόσεως
2829 3916 2846 3932 .

586 3962 844 4024 Dorsum
905 3969 1125 4038 autem,
1162 3961 1326 4023 illam
1359 3959 1475 4022 vim
1510 3979 1641 4042 quae
1691 3959 1895 4024 vitales
1947 3979 2148 4024 omnes

2319 3960 2394 4017 Τὰ
2436 3961 2492 4016 δὲ
2552 3965 2717 4042 νῶτα,
2748 3963 2810 4019 τὸ
2840 3963 3145 4020 συνεκτικὸν
3195 3964 3301 4019 τῶν
3356 3958 3636 4040 ζωογόνων
3664 3960 3915 4019 ἀπασῶν

505 4052 753 4114 virtutes
785 4050 1073 4114 continet.

2269 4049 2530 4126 δνάμεων.

587 4144 779 4205 Pedes
819 4159 984 4217 vero,
1018 4141 1136 4202 vim
1186 4141 1487 4222 movendi,
1521 4141 1885 4204 celeritatem
1921 4149 1978 4204 et
2009 4160 2148 4204 cur-

2319 4140 2451 4204 Τοὺς
2483 4139 2646 4206 πόδας
2681 4139 2754 4218 δὲ,
2801 4141 2864 4198 τὸ
2909 4142 3203 4218 κινητικὸν,
3251 4141 3340 4198 καὶ
3383 4139 3468 4207 ὀξὺ
3526 4139 3609 4196 καὶ
3637 4140 3926 4220 ὶντρεχές

505 4250 638 4294 sum
672 4231 1023 4312 sempiterni
1049 4237 1392 4313 motus,quo
1425 4232 1496 4293 ad
1530 4231 1727 4294 divina
1749 4233 2148 4313 cientur;pro-

2267 4233 2339 4295 ῖῆς
2385 4228 2470 4286 ἐπὶ
2524 4230 2590 4286 τὰ
2661 4233 2782 4288 θεῖα
2856 4235 3183 4312 πορευτικῆς
3243 4231 3596 4297 ἀεικινησίας’
3655 4225 3735 4283 διὸ
3813 4226 3932 4285 καὶ

507 4329 641 4402 pter
662 4321 819 4403 quod
841 4321 1016 4383 etiam
1042 4328 1335 4402 pennatos
1366 4329 1704 4383 sanctarum
1738 4321 2148 4401 intelligentia-

2267 4319 2565 4397 ιποπτὲρους
2622 4320 2657 4387 ἡ
2709 4319 2955 4400 θεολογία
3014 4321 3139 4384 τοὺς
3183 4319 3291 4385 τῶν
3346 4318 3510 4397 ειγίων
3542 4323 3680 4375 νοῶν
3709 4317 3934 4398 ἐσχη-

503 4429 636 4472 rum
674 4411 855 4491 pedes
876 4410 1177 4490 theologia
1208 4410 1611 4473 ﬁnxit.Penna
1632 4411 1928 4491 siquidem
1952 4411 2148 4474 decla-

2267 4409 2434 4470 ιὰτισε
2491 4407 2682 4474 πόδας.
2715 4411 2786 4468 Τὸ
2832 4412 2934 4488 γὰρ
2975 4410 3168 4488 πτερόν
3221 4409 3461 4488 ἐμφαίνει
3518 4407 3614 4476 τὴν
3675 4406 3940 4486 ἀναγω-

505 4507 599 4559 rat
647 4497 721 4559 ad
774 4498 1053 4560 sublimia
1082 4499 1341 4561 ducendi
1373 4499 1772 4577 velocitatem,
1809 4511 1867 4563 et
1897 4501 2148 4564 cmlestis

2267 4499 2414 4577 μκὴν
2473 4497 2724 4577 ὀξύτητα,
2776 4501 2868 4557 καὶ
2937 4501 2998 4556 τὸ
3053 4501 3316 4579 οὐράνιον,
3375 4500 3462 4555 καὶ
3509 4498 3571 4553 τὸ
3640 4497 3785 4574 πρὸς
3865 4501 3947 4556 τὸ

507 4586 643 4649 vitae
669 4605 940 4668 cursum,
968 4588 1038 4650 ad
1085 4589 1382 4651 anteriora
1415 4608 1655 4670 semper
1675 4596 1860 4668 atque
1899 4591 2148 4654 celsiora

2267 4589 2460 4655 ἱναντες
2511 4588 2911 4670 ὁδοποιητικὸν,
2964 4591 3052 4646 καὶ
3102 4577 3163 4646 τὸ
3206 4577 3405 4652 παντὸς
3434 4583 3801 4666 χαμαιζήλου
3837 4585 3952 4645 διὰ

509 4684 982 4759 promoventem,
1013 4685 1073 4738 et
1114 4697 1330 4759 supera
1352 4680 1634 4759 petendo,
1660 4691 1896 4742 terrena
1922 4681 2148 4761 fugien-

2267 4679 2301 4734 τὸ
2356 4679 2626 4759 ἆνῶφορον
2667 4679 3010 4760 ἐξῃρημένον·
3072 4680 3107 4748 ἡ
3163 4677 3218 4735 δὲ
3260 4684 3366 4735 τῶν
3399 4681 3600 4755 πτερῶν
3647 4673 3951 4756 ἐλαφρία,

513 4776 632 4830 tem
659 4785 673 4832 :
705 4785 1035 4848 pennarum
1057 4767 1216 4828 enim
1244 4769 1444 4830 levitas
1470 4769 1741 4848 designat
1766 4769 1822 4831 id
1846 4772 2003 4852 quod
2030 4771 2148 4832 nul-

2267 4769 2311 4825 :b
2369 4770 2503 4826 κατὰ
2558 4767 2726 4836 μηδὲν
2795 4769 3101 4848 πρόσγειον,
3167 4765 3287 4824 ἀλλ’
3369 4765 3494 4823 ὅλον
3546 4764 3775 4852 ᾇμιγῷς
3843 4773 3961 4826 καὶ

512 4857 569 4919 la
593 4876 659 4919 ex
695 4865 859 4938 parte
885 4865 1192 4920 terrenum
1241 4869 1355 4933 est,
1391 4855 1497 4919 sed
1525 4877 1590 4920 se
1623 4867 1741 4920 toto
1773 4851 1906 4922 sine
1935 4861 2148 4923 admis-

2267 4855 2449 4938 ιϐαρῶς
2507 4857 2592 4916 ἐπὶ
2649 4859 2708 4916 τὸ
2752 4858 2960 4936 ὑψηλὸν
3016 4858 3367 4936 ἀναγόμενον
3428 4857 3490 4912 τὸ
3567 4851 3621 4910 δὲ
3698 4860 3962 4932 γυμνὸν

515 4952 676 5008 tione
698 4965 766 5008 ac
789 4947 1078 5027 gravitate
1106 4965 1343 5010 sursum
1377 4947 1587 5024 fertur;
1613 4949 1851 5012 nuditas
1879 4970 2016 5012 vero
2039 4951 2148 5013 cal-

2267 4948 2327 5003 ;a‘t
2355 4945 2682 5029 ἔνυπόδετον,
2728 4950 2790 5004 τὸ
2821 4948 3036 5030 ἄφετον,
3066 4948 3155 5004 καὶ
3191 4945 3428 5020 εὔλυτον,
3485 4943 3574 5000 καὶ
3626 4939 3743 5021 ἄσγ
3761 4966 3959 5029 ετον,

514 5054 882 5117 ceorumque
916 5038 1186 5117 privatio,
1214 5035 1484 5100 virtutem
1528 5037 1683 5099 illam
1718 5039 2072 5105 abstractam
2097 5053 2148 5102 et

2267 5037 2328 5092 ιαὶ
2357 5040 2638 5118 καθαρεῦον
2668 5044 2765 5106 τῆς
2793 5044 2902 5094 τῶν
2956 5037 3106 5100 ἐκτὸς
3137 5037 3480 5115 προσθήκης,
3527 5032 3618 5090 καὶ
3653 5034 3722 5089 τὸ
3787 5038 3961 5118 πρὸς

515 5124 944 5205 expeditam,et
957 5145 1164 5207 puram
1181 5126 1254 5188 ab
1267 5125 1430 5190 omni
1453 5135 1696 5189 externo
1722 5127 2148 5207 additamenta,

2267 5124 2338 5194 ἢν
2368 5125 2648 5198 ἁπλότητα
2677 5128 2777 5198 τήν
2803 5128 2945 5187 θείαν
2975 5128 3048 5193 ὼς
3093 5126 3307 5208 ἐφικτὸν
3340 5124 3769 5204 ἀφομοιωτικόν

512 5228 647 5364 pqr»
677 5212 891 5276 divinas
916 5215 1301 5295 simplicitati,
1335 5223 1619 5299 quantum
1651 5216 1742 5281 fas
1773 5225 1880 5297 est,
1917 5219 2158 5283 assimi-

536 5321 570 5363 a
597 5321 686 5364 ur.

536 5321 686 5366 atur.

1826 5488 2084 5554 VARLE
2125 5482 2562 5554 LECTIONES.

594 5663 653 5710 η
675 5669 1066 5750 δσφραντικῶν,
1097 5664 1178 5727 Μ.
1211 5662 1309 5730 SC.
1350 5668 1414 5732 P.
1488 5665 1543 5712 ‘3
1599 5665 1801 5732 subdit
1828 5668 1937 5732 Ch.
1972 5670 2088 5728 νέον
2153 5671 2218 5723 44
2245 5667 2522 5742 πληθύνιι,
2549 5663 2620 5729 Ρ.
2653 5665 2726 5736 Ι).
2760 5669 2873 5737 Ch.
2942 5671 3006 5725 45
3031 5672 3294 5756 ἐμφαίνει,
3329 5661 3413 5726 Μ.
