4112 6160
367 281 486 361 333

1336 289 1433 361 DE
1475 288 1825 384 CQELESTI
1889 288 2390 380 HIERARCHIA,
2440 301 2606 366 CAP.
2651 298 2783 368 XV.

3637 300 3752 375 334

1977 458 2007 539 §
2041 459 2144 525 1v.

450 618 601 676 Ἀλλ’
644 618 826 688 ἐπειδὴ
861 620 1003 686 αὖθις
1116 621 1257 689 ἀττλῆ
1303 623 1388 677 καὶ
1431 619 1809 686 πολυποίκιλος
1855 621 2009 700 σοφία

2175 625 2632 704 Caeterum,cum
2649 643 2854 688 rursus
2869 627 3123 708 simplex
3156 629 3256 692 illa
3289 639 3347 694 et
3377 632 3756 696 multiformis

362 713 453 768 καὶ
511 713 629 768 τοὺς
689 711 942 774 dicacem-17.;
973 711 1314 790 ἀμφιέννυσι,
1363 713 1453 769 καὶ
1499 713 1662 779 σκεύη
1696 713 1814 768 τινὰ
1843 710 2020 773 δίδωσι

361 799 661 879 περιφέρειν
709 801 914 878 αὐτοῖς,
971 799 1091 880 ιρέρε
1149 799 1234 856 οιαὶ
1283 800 1348 856 τὰ
1413 803 1517 856 τῶν
1577 803 1827 878 οὐρανίω)
1885 806 2019 856 νοῶν

899 847 914 878 ἳ

360 889 482 966 ἱερά
541 886 916 967 περιϐλήματα
974 890 1063 944 καὶ
1093 888 1314 968 ὄργανα,
1363 891 1500 946 κατά
1529 891 1591 946 τὸ
1612 892 1746 966 ἡμῖν
1776 888 2014 960 δυνατὸν,

369 978 776 1052 ἀναπτύξωμεν.

443 1068 551 1134 Τὴν
582 1068 678 1141 μὲν
739 1069 838 1148 γὰρ
891 1069 1060 1147 φανὴν
1135 1068 1332 1138 ἕσοῆτα
1373 1070 1463 1125 καὶ
1493 1070 1589 1138 τῆν
1646 1069 1860 1138 πυρώδη
1905 1091 2013 1136 ση-

357 1160 564 1232 μαίνειν
624 1157 810 1232 ο’ῗομαι
877 1160 935 1214 τὸ
992 1157 1218 1221 Θεοειδές
1278 1160 1416 1214 κατὰ
1469 1160 1566 1221 τὴν
1615 1161 1776 1236 πῦρὸς
1810 1160 2010 1238 εἰκόνα,

359 1249 450 1303 καὶ
497 1248 556 1302 τὸ
600 1249 918 1326 φωτιστικὸν
947 1245 1030 1303 διὰ
1060 1249 1152 1308 τὰς
1213 1247 1266 1303 ἐν
1311 1251 1514 1327 οὖρανῷ
1557 1247 1758 1329 λήξεις,
1792 1248 1925 1306 ὅπου
1955 1252 2014 1304 τὸ

361 1338 504 1414 φῶς,
565 1337 652 1391 καὶ
711 1337 770 1392 τὸ
827 1335 1050 1393 καθόλου
1083 1343 1286 1404 νοητῶς
1341 1336 1638 1416 ἐλλάμπων,
1697 1339 1783 1394 καὶ
1820 1344 2011 1414 νοερῶς

361 1425 430 1475 46
447 1425 853 1499 ἒλλαμπόμενον
883 1443 898 1458 ·
951 1427 1049 1494 τὴν
1079 1425 1133 1483 δὲ
1165 1427 1460 1506 ἱερατικὴν,
1507 1429 1566 1483 τὸ
1618 1428 1748 1505 πρὸς
1803 1429 1869 1484 τὰ
1895 1432 2014 1485 θεῖα

365 1517 455 1572 καὶ
484 1513 552 1571 ταὶ
583 1515 642 1562 47
672 1517 898 1592 μυστικά
926 1517 1162 1591 θεάματα
1194 1518 1622 1596 προσαγωγικόν,
1697 1519 1784 1574 καὶ
1826 1519 1887 1575 τὸ
1918 1521 2015 1586 τῆς

365 1603 501 1670 ὅλης
534 1604 676 1674 ζωῆς
708 1604 1071 1683 ἀφιερωμένον
1085 1653 1097 1666 .

449 1694 555 1756 Τὰ(
588 1692 641 1749 δὲ
671 1693 861 1768 ζώνας,
918 1697 977 1752 τὸ
1009 1696 1114 1751 τῶν
1157 1697 1391 1774 γονίμων
1462 1697 1632 1754 αὒτῶν
1664 1699 2014 1776 φρουρητικὸν

363 1783 664 1862 δυνάμεων,
704 1785 792 1839 καὶ
849 1789 910 1840 τὸ
953 1785 1052 1852 τὴν
1108 1786 1416 1864 συναγωγον
1460 1788 1630 1843 αὒτῶν
1662 1787 1787 1867 ἕξιν,
1819 1789 1889 1853 εἰς
1920 1789 2018 1844 αὒ-

364 1875 465 1940 τὴν
502 1873 567 1922 η
619 1874 823 1940 ἑνιαίως
867 1877 1274 1954 συσεστράςρθαι,
1343 1878 1432 1933 καὶ
1489 1875 1666 1950 κύκλῳ
1721 1875 1837 1952 μετ’
1861 1879 2017 1935 εὔκο-

2101 713 2389 792 sapientia
2406 714 2599 776 nudos
2625 734 2866 797 quoque
2896 720 3195 800 vestiat,et
3218 721 3485 801 quaedam
3521 723 3594 785 iis
3623 741 3758 786 vasa

2103 801 2292 863 tradat
2320 805 2440 862 151
2479 803 2952 868 circumferenda
2981 828 2996 884 ;
3027 809 3280 884 agedum
3306 811 3438 890 ipsa
3455 813 3630 874 etiam
3664 831 3758 875 sa-

2103 910 2201 953 cra
2229 892 2557 954 caelestium
2584 893 2894 973 spirituum
2927 897 3300 977 operimenta
3318 909 3375 961 et
3393 901 3754 965 instrumen-

2103 990 2177 1057 ta,
2207 991 2382 1062 prout
2414 1001 2751 1063 possumus,
2799 985 3192 1065 explicemus.

2176 1071 2260 1134 Ac
2292 1071 2549 1133 lucidam
2583 1073 2824 1153 quidem
2852 1083 3073 1137 vestem
3109 1076 3490 1156 igneamque,
3526 1080 3755 1159 signiti-

2097 1179 2235 1222 care
2257 1161 2515 1222 arbitror
2547 1162 3010 1226 deiformitatem
3046 1184 3113 1227 ex
3145 1167 3298 1245 ignis
3331 1168 3750 1251 similitudine,

2100 1259 2157 1313 et
2187 1252 2299 1312 vim
2333 1252 2940 1334 illustrandi,propter
2963 1255 3095 1316 caeli
3123 1258 3634 1337 tranquillitatem,
3653 1259 3758 1322 ubi

2095 1343 2198 1424 lux
2233 1349 2407 1415 est,et
2439 1343 2594 1419 quod
2620 1343 2872 1424 omnino
2925 1345 3276 1424 spiritaliter
3318 1347 3755 1411 illustraletil-

2098 1423 2384 1484 lustratur
2420 1444 2435 1492 ;
2473 1423 2826 1502 pontiﬁciam
2873 1423 3092 1498 autem,
3154 1426 3213 1487 id
3262 1427 3417 1507 quod
3451 1428 3524 1490 ad
3558 1429 3758 1490 divina

2104 1513 2469 1595 mysticaque
2509 1513 2849 1593 spectacula
2892 1515 3198 1593 conducit,
3234 1523 3352 1578 tota
3368 1534 3542 1597 mque
3574 1520 3753 1580 vitam

2104 1610 2445 1666 consecrat.

2182 1693 2366 1754 Zonas
2401 1699 2598 1754 autem
2631 1710 2763 1754 esse
2797 1694 3077 1754 virtutum
3105 1693 3431 1757 custodiam
3461 1693 3757 1760 lecunda-

2101 1800 2260 1862 rum,
2297 1799 2622 1861 earumque
2645 1781 2914 1844 habitum
2945 1783 3287 1865 collectum,
3313 1785 3417 1864 qui
3451 1791 3509 1847 in
3540 1795 3757 1848 semet-

2103 1873 2232 1953 ipso
2276 1871 2656 1950 singulariter
2706 1890 3054 1948 conversus,
3089 1873 3432 1956 circuloqua
3465 1877 3758 1938 concinno

364 1965 549 2042 σμίας,
593 1969 662 2040 τῇ
708 1964 1073 2038 ἀμεταπτώτῳ
1103 1964 1384 2032 ταῦτότητι
1412 1969 1528 2045 περὶ
1559 1964 1753 2035 ἑαυτὴν
1775 1965 2016 2024 συνελίσ-

2118 1959 2504 2040 lmlissipabili
2529 1959 2839 2023 identitate
2882 1961 3224 2026 succinctus
3252 1962 3349 2024 sit.

368 2056 569 2114 σεσθαι,

1992 2189 2146 2270 §v.

448 2347 554 2411 Τὰς
585 2345 639 2404 δέ
668 2347 732 2405 αὖ
771 2347 1010 2427 ῥάϐδους,
1038 2349 1097 2405 τὸ
1128 2349 1404 2427 βασιλικὸν
1438 2352 1522 2408 καὶ
1555 2353 1909 2430 ἡγεμονικὸν,
1935 2353 2022 2409 καὶ

365 2437 518 2493 εὐθέα
549 2438 611 2495 τὰ
643 2441 815 2496 πάντα
849 2452 1123 2518 περαῖνον.

456 2527 529 2583 Τὰ
559 2525 613 2583 δὲ
645 2525 822 2608 δόρατι
851 2530 939 2585 καὶ
978 2529 1097 2591 τοὺς
1153 2527 1417 2609 πελέκεις,
1481 2533 1541 2587 τὸ
1602 2538 1706 2588 τῶν
1757 2532 2022 2605 ἀνομοίων

367 2613 708 2698 διαιρετικὸν,
754 2620 840 2675 καὶ
874 2621 933 2674 τὸ
963 2619 1067 2676 τῶν
1098 2617 1432 2698 διακριτικῶν
1499 2619 1781 2696 δυνάμεων
1817 2623 1904 2686 ὀξύ
1936 2624 2021 2678 καὶ

370 2705 606 2785 ἐνεργὲς,
631 2711 715 2764 καὶ
737 2707 1072 2788 δραστήριον,

454 2796 530 2852 Τὰ
565 2794 619 2851 δὲ
678 2799 1009 2875 γεωμετρικὰ
1066 2799 1154 2855 καὶ
1209 2799 1489 2856 τεκτονικά
1521 2799 1710 2873 exciam
1749 2800 1811 2855 τὸ
1855 2803 2020 2875 θεμερ-

369 2885 622 2942 λιωτικὸν
660 2888 746 2942 καὶ
791 2885 1216 2962 οἷκοδομητικὸν,
1290 2891 1376 2945 καὶ
1437 2892 1497 2945 τὸ
1541 2888 1880 2946 τελειωτικὸν
1935 2890 2018 2965 49,

363 2978 454 3032 καὶ
519 2973 621 3031 ὅσα
650 2973 783 3032 ἄλλα
814 2978 906 3045 τῆς
947 2979 1226 3058 ἀναγώγου
1253 2977 1319 3029 50
1363 2983 1451 3036 καὶ
1495 2979 1877 3057 ἑπιστρεπικῆς
1910 2979 2020 3037 ἐστι

367 3067 476 3121 τῶν
509 3062 760 3144 δευτέρων
779 3068 1029 3144 προνοίας
1041 3117 1055 3131 .

449 3152 618 3212 ’Ἔστι
690 3154 744 3211 δε
788 3155 876 3212 ὅτε
931 3159 1019 3215 καὶ
1076 3160 1183 3215 τῶν
1245 3160 1314 3224 εἷς
1371 3162 1515 3235 ἡμᾶς
1561 3164 1874 3240 θεοκρισιῶν
1907 3161 2018 3218 ἐστι

2187 2350 2403 2431 Virgas
2432 2365 2570 2410 vero
2604 2346 2918 2426 designare
2937 2347 3161 2425 regiam
3197 2353 3254 2408 et
3275 2344 3545 2409 ducalem
3568 2347 3759 2428 digni-

2107 2448 2310 2514 tatem,
2336 2446 2678 2518 rectamque
2691 2454 2890 2498 rerum
2916 2435 3250 2498 divinarum
3283 2437 3747 2502 ordinationem.

2184 2530 2392 2592 Hastas
2427 2536 2485 2590 et
2514 2525 2906 2606 secures,vim
2932 2525 3246 2587 dissimilia
3269 2526 3596 2602 dividendi,
3628 2530 3750 2588 vir-

2106 2627 2418 2700 tutumque
2448 2617 2793 2678 discernere
2825 2615 3139 2677 valentium
3165 2633 3418 2677 acumen
3453 2625 3510 2676 et
3537 2615 3750 2679 activi-

2105 2717 2303 2784 tatem,
2332 2717 2507 2788 atque
2536 2703 2970 2768 etlicacitatem.

2184 2798 2564 2860 Geometrica
2593 2793 2947 2874 fabriliaque
2964 2810 3123 2870 vasa,
3159 2793 3444 2856 fundandi
3477 2802 3534 2856 et
3560 2795 3750 2858 rediti-

2105 2888 2278 2949 candi
2299 2884 2763 2966 absolvendique
2785 2883 3217 2963 facultatem,et
3250 2903 3619 2966 quaecunque
3641 2885 3756 2948 alia

2103 2976 2422 3040 inferiores
2453 2974 2785 3038 adducendi
2817 2983 2876 3036 et
2907 2973 3297 3036 convertendi
3318 2973 3752 3052 providentiam

2105 3074 2495 3130 concernunt.

2185 3156 2418 3220 Accidit
2449 3173 2685 3236 quoque
2742 3171 3196 3234 nonnunquam,
3260 3160 3325 3216 ut
3353 3152 3747 3218 instrumenta

363 3242 633 3321 σύμϐολα,
679 3246 744 3302 τὰ
769 3244 1107 3322 πλαττόμενα
1156 3255 1261 3306 τῶν
1308 3250 1470 3327 ἁγίων
1501 3249 1742 3329 ἀγγέλων
1766 3251 1963 3329 ὄργανα
1998 3271 2013 3289 ⁶

2118 3267 2234 3329 lum
2279 3233 2497 3308 sanctis
2540 3233 2763 3322 angelis
2806 3233 3191 3324 efﬁnguntur,
3225 3242 3557 3305 divinorum
3610 3263 3754 3324 erga

360 3341 471 3390 τῶν
535 3335 659 3410 μὲν,
704 3333 1002 3402 δηλούντων
1048 3337 1486 3417 ἀπανορθωτιιιὴν
1547 3338 1813 3413 παιδείαν,
1861 3340 1897 3407 ἢ
1928 3363 2014 3397 τι·

362 3427 546 3503 μωρὸν
574 3423 913 3493 δικαιοσύνην
952 3443 966 3458 ·
1001 3428 1104 3484 τῶν
1149 3426 1203 3482 δὲ
1237 3429 1599 3508 περιστάσεων
1629 3427 1679 3470 51
1700 3428 2012 3508 ἐλευθερίαν,

359 3515 395 3582 ἢ
443 3513 681 3576 παιδείας
725 3513 903 3596 τέλος,
956 3516 991 3585 ἢ
1037 3516 1292 3596 προτέρας
1337 3519 1611 3583 εὐπαθείας
1647 3518 2013 3600 ἑπανάληψιν,

360 3603 398 3672 ἢ
485 3605 797 3684 προσθήκην
871 3604 1064 3683 ἐτέρων
1147 3603 1380 3686 δωρεῶν,
1467 3613 1672 3685 μικρῶν
1759 3608 1793 3676 ἢ
1838 3609 2016 3686 μεγά-

361 3693 500 3774 λων,
553 3696 816 3762 αἰσθητῶν
846 3695 882 3761 ἦ
914 3701 1121 3762 νοητῶν
1156 3711 1169 3726 ⁸
1206 3699 1290 3753 καὶ
1315 3695 1453 3761 ὅλως
1486 3699 1580 3753 οὐκ
1611 3695 1673 3752 ἄν
1705 3697 2017 3778 ἀπορήσειεν

366 3787 394 3840 ὁ
454 3783 761 3863 διορατνκὸς
803 3782 858 3826 ⁵9
887 3784 1028 3858 νοῦς,
1066 3785 1271 3848 οἰκείως
1299 3786 1526 3864 ἁρμόσαι
1555 3799 1674 3852 τοῖς
1704 3788 1921 3866 ἀφανέσι
1952 3790 2018 3846 τά

367 3878 690 3958 φαινόμενα,

2103 3335 2591 3417 nosjudiciorum
2610 3332 2878 3415 symbola
2910 3333 3338 3408 existant,dum
3361 3333 3477 3394 alia
3507 3335 3748 3413 quidem

2101 3426 2525 3489 correctricem
2568 3422 2944 3503 disciplinam
2977 3421 3393 3502 vindicemque
3430 3423 3744 3501 justitiam,

2099 3516 2214 3578 alia
2243 3533 2380 3576 vero
2414 3513 2658 3594 periculi
2691 3512 3130 3590 liberationem,
3181 3511 3274 3572 vel
3308 3510 3641 3591 disciplinae
3675 3512 3749 3573 {i-

2101 3625 2264 3682 nem,
2305 3605 2400 3666 vel
2446 3603 2712 3684 pristinaa
2738 3601 3039 3663 felicitatis
3079 3600 3541 3682 restitutionem,
3595 3601 3748 3664 alio-

2101 3715 2308 3758 rumve
2335 3712 2675 3770 munerum,
2704 3711 2837 3754 cum
2862 3691 3208 3770 exiguorum
3237 3697 3359 3751 tum
3377 3709 3745 3770 magnorum,

2099 3805 2234 3850 cum
2270 3783 2582 3847 sensilium
2631 3792 2754 3844 tum
2806 3780 3292 3862 intellectualium
3351 3780 3749 3859 adjectionem

2100 3876 2482 3939 manifestam
2499 3890 2519 3918 ε
2536 3890 2754 3955 ,neque
2775 3888 2914 3933 vero
2933 3868 3221 3933 dubi-tavit
3240 3868 3362 3931 ullo
3384 3869 3558 3932 modo
3581 3889 3750 3932 mens

2098 3965 2432 4049 perspicax,
2487 3961 2746 4024 visibilia
2791 3959 3029 4042 proprie
3059 3959 3244 4022 rebus
3275 3978 3406 4039 quae
3440 3968 3749 4039 aspectum

2097 4056 2332 4137 fugiunt
2361 4051 2837 4116 accommodare.

1971 4222 1999 4303 §
2041 4219 2143 4286 VI.

440 4379 511 4437 rb
539 4378 595 4435 δὲ
641 4378 730 4436 καὶ
759 4378 984 4457 ἀνέμους
1046 4381 1234 4446 αὖτοὺς
1275 4383 1652 4461 δνομάζεσθαι,
1698 4382 1793 4450 τὴν
1839 4383 2016 4448 ὀξεῖαν

2185 4377 2352 4455 Quod
2377 4382 2576 4439 autem
2607 4370 2767 4435 venti
2810 4369 3196 4433 nominentur
3224 4369 3384 4450 ‘,hoc
3408 4385 3611 4432 eorum
3645 4385 3750 4433 ce-

353 4468 531 4526 αὐτῶν
601 4467 841 4548 ἐμφαίνει
903 4473 991 4528 καὶ
1046 4472 1130 4529 ἐπὶ
1165 4471 1335 4529 πάντά
1367 4471 1562 4551 σχεδὸν
1611 4473 1842 4552 ἀρχόνος
1887 4471 2012 4544 διή-

2125 4490 2286 4534 erem
2304 4464 2661 4531 conﬁciendi
2693 4462 2983 4524 rationem
3002 4461 3317 4536 indicat,ad
3335 4461 3752 4552 omnialerme

351 4578 553 4615 κουσαν
610 4557 824 4625 ποίησιν
877 4558 964 4640 53,
1003 4561 1089 4617 καὶ
1140 4561 1237 4628 τὴν
1271 4559 1466 4617 ἄνωθεν
1495 4563 1582 4618 επὶ
1624 4563 1691 4618 τὰ
1727 4562 1891 4640 κάθω,
1925 4564 2013 4620 καὶ

2118 4562 2324 4643 tbsque
2344 4575 2507 4620 mora
2531 4560 2967 4636 penetrantem,
3002 4568 3251 4643 susque
3271 4551 3466 4643 deque
3499 4550 3655 4612 ultro
3680 4555 3755 4614 ci-

354 4647 508 4712 αὖθις
541 4647 602 4703 ἐκ
653 4652 760 4704 τῶν
805 4649 953 4706 κάτω
1008 4651 1137 4730 πρὸς
1189 4651 1250 4706 τὸ
1281 4647 1496 4716 ἄναντες
1533 4649 2012 4730 διαπορθμευτικὴν

2118 4641 2310 4733 ,τοίιύθ
2339 4661 2813 4729 quaquaversum
2859 4641 3205 4733 permeandi
3227 4641 3590 4716 facultatem,
3618 4659 3754 4733 qua:

352 4736 590 4811 κίνησιν,
653 4736 753 4803 τὴν
814 4736 1183 4798 ἀνατείνουσαν
1242 4739 1341 4814 μὲν
1397 4740 1463 4796 τὰ
1526 4737 1737 4819 δεύτερα
1767 4743 1899 4819 πρὸς
1955 4745 2016 4798 τὸ

2124 4730 2386 4804 nferiora
2419 4735 2654 4819 quidem
2690 4733 2760 4796 ad
2781 4731 3152 4813 superiorem
3186 4737 3528 4812 promoveat
3559 4730 3752 4790 subli-

353 4825 643 4905 ὑπέρτερον
687 4824 845 4903 ὕψος,
899 4829 1143 4885 κινοῦσαν
1198 4827 1252 4884 δὲ
1292 4829 1358 4884 τὰ
1415 4835 1600 4906 πρῶτα
1658 4831 1785 4908 πρὸς
1816 4853 2014 4887 κοινω-

2118 4831 2390 4909 nitatem,
2417 4826 2609 4908 prima
2640 4842 2777 4885 vero
2812 4828 3043 4882 moveat
3067 4839 3134 4882 ac
3165 4819 3472 4900 providum
3503 4828 3561 4880 et
3592 4838 3753 4880 com-

357 4916 519 4984 νικὴν
576 4917 664 4972 καὶ
725 4920 1085 4997 προνοητικὴν
1140 4925 1245 4976 τῶν
1275 4919 1565 4999 ὕφέιμένῶν
1628 4917 1871 5000 πρὸοδον.
1915 4920 2014 4977 Εἴ-

2118 4920 2504 4982 nunicantem
2527 4910 2990 4978 seinferioribus
3021 4910 3324 4990 illapsum.
3364 4909 3750 5000 Possitetiam

356 5029 454 5064 ποι
486 5004 557 5062 δι’
601 5005 664 5063 ἄν
721 5028 801 5071 τις
852 5009 952 5076 τὴν
980 5019 1073 5068 τοῦ
1126 5008 1302 5087 ἀερίου
1364 5010 1658 5086 πνεύματος
1711 5011 2016 5086 ἁνευμιαίαν

2118 5009 2233 5090 [uis
2271 5006 2476 5070 dicere
2523 5012 2829 5066 ventosum
2875 5001 3019 5063 illud
3047 5016 3263 5061 nomen
3294 4997 3546 5080 spiritus
3577 4999 3750 5072 aerii,

440 5189 464 5220 ·
487 5173 668 5240 Num.
700 5191 823 5240 χχιι
851 5196 869 5258 ;
895 5175 945 5241 Il
977 5178 1126 5258 Reg.
1152 5195 1312 5256 mv;
1339 5179 1534 5263 Apoc.
1560 5196 1639 5242 xx
1665 5201 1682 5262 ;
1711 5183 1888 5242 Amos
1923 5196 2066 5262 Vlll;
2104 5179 2274 5242 Zach.
2320 5194 2382 5240 Ill
2411 5195 2427 5253 ;
2459 5177 2580 5240 Jer.
2609 5191 2774 5237 xxiv.
2822 5175 3010 5237 'Dan.
3034 5185 3111 5232 vn
3141 5190 3158 5248 ;
3185 5168 3342 5236 Psal.
3370 5185 3511 5251 xvn;
3545 5185 3668 5233 cm.

1701 5338 1960 5406 VARI/E
2002 5337 2443 5406 LECTIONES.

440 5495 498 5585 μ’
526 5499 570 5585 ἦ,
593 5503 816 5585 νοῖρῶἰτ
848 5501 910 5564 S-
930 5503 1014 5585 Β.
1045 5500 1115 5564 D-
1152 5499 1260 5585 Ch.
1292 5500 1392 5564 Sc.
1413 5499 1492 5585 _"
1519 5503 1583 5558 τὰ
1608 5519 1726 5563 non
1759 5500 1984 5585 habent
2016 5503 2083 5566 P.
2117 5501 2190 5567 D.
2218 5503 2337 5585 Ch:
2375 5499 2528 5585 ἀθ-ςῖς
2556 5498 2774 5585 ἐξωτήν,
2903 5493 2966 5558 Ρ.
3088 5494 3186 5555 Sc~
3231 5487 3291 5585 ‘9.
3314 5492 3399 5548 καὶ
3419 5488 3752 5585 οἰκοδομικὸν

361 5581 452 5664 καὶ
480 5567 738 5664 falsum}.
1035 5582 1352 5664 legentium
1402 5582 1704 5664 ἀναγωγοῤ,
1737 5662 1747 5664 _
1777 5583 1828 5624 51
1850 5605 2246 5664 ⁸πυριστειισεως³
2303 5581 2372 5645 D.
2407 5581 2516 5645 Ch.
2567 5567 2728 5644 Seot.
2759 5567 2769 5572 ’
2803 5574 2855 5619 ⁵9
2883 5598 2968 5658 γρ.
3002 5572 3344 5653 διακριτικός-
3446 5567 3500 5611 ⁵³
3533 5576 3749 5647 πτῆσιν,

359 5659 434 5724 D.
471 5659 579 5725 Ch.
614 5669 677 5725 at
707 5661 1023 5746 explicatio
1059 5659 1150 5725 est
1181 5662 1368 5746 illius,
1404 5680 1475 5725 ex
1505 5659 1751 5726 Maximi
1783 5659 2034 5730 scholio.
