4112 6160
418 340 536 417 335

1581 339 1645 415 S.
1693 339 2034 417 DIONYSII
2083 339 2621 417 AREOPAGITE.

3683 342 3801 419 336

416 483 750 547 caalestium
763 483 1290 562 intelligentiarum
1316 483 2051 563 deiformitatemdesigna-

2154 483 2456 561 ιπωνυμίαν,
2489 484 2579 540 καὶ
2611 484 2673 538 τὸ
2705 480 2938 548 θεοειδὲς
2969 488 3075 540 τῶν
3118 484 3370 562 οὗρανίων
3423 487 3556 543 νόων
3601 485 3800 566 ἐμφαί-

411 589 481 634 re
515 593 529 631 :
567 572 860 654 siquidem
884 581 945 634 et
968 573 1662 638 illidivinaaefﬁcacitatis
1689 573 1882 652 imago
1905 591 2064 650 quac-

419 659 803 727 daminestac
835 663 1023 743 ﬁgura
1065 664 1315 745 (sicutin
1359 663 1695 745 Symbolica
1713 663 2059 743 Theologia,

410 757 574 831 juxta
590 759 888 831 mysticam
914 766 1162 830 quatuor
1173 758 1589 817 elementorum
1607 758 2062 830 explicationem,

416 854 552 915 159
579 847 851 931 pluribus
899 866 934 908 a
954 846 1126 910 nobis
1168 847 1640 912 demonstratum
1665 849 1810 930 est),
1843 865 2060 929 nempe

414 943 489 1007 ob
513 940 802 1004 viviﬁcam
824 936 1212 1000 mobilitatem
1241 937 1630 1016 velocemque
1663 946 1721 1000 et
1751 940 2058 1020 insepara-

412 1032 596 1094 bilem
610 1033 1013 1104 meatum,nec
1026 1027 1904 1108 noninaspectabilelatibulum
1926 1047 2057 1090 mo-

409 1121 670 1184 ventium
703 1116 1129 1200 principiorum
1159 1133 1230 1180 ac
1273 1117 1786 1183 terminationum.
1819 1118 2052 1200 Nescis,

409 1212 570 1276 enim
595 1208 807 1289 inquit,
831 1207 997 1269 unde
1024 1212 1252 1281 veniat,
1287 1210 1580 1287 autquod
1598 1209 1787 1272 vadat
1803 1221 1854 1274 ι.

489 1300 643 1374 Quin
675 1297 852 1359 etiam
873 1295 961 1358 eis
992 1295 1288 1376 theologia
1318 1295 1495 1359 nubis
1524 1298 1787 1378 speciem
1807 1299 2055 1383 afﬁngit,

408 1391 521 1453 hoc
561 1389 692 1468 ipso
721 1404 918 1448 sacras
975 1385 1400 1465 intelligentiae
1460 1386 1780 1449 declarans
1839 1408 2058 1452 arcano

407 1478 663 1561 quodam
679 1475 905 1538 lumine
916 1475 1487 1556 supermundialiter
1501 1469 2060 1558 repletas,primilu-

407 1587 538 1632 cam
554 1567 718 1629 illam
733 1565 1168 1647 apparitionem
1191 1565 1324 1627 sine
1356 1565 1510 1631 fastu
1541 1567 2062 1649 suscipere,atque

404 1658 741 1722 luculenter
768 1654 1042 1718 eamdem
1075 1655 1139 1718 in
1169 1655 1455 1719 inferiora
1487 1673 1596 1737 per
1639 1657 2052 1721 remissiorem

409 1747 864 1810 illustrationem
892 1764 998 1827 pro
1026 1745 1269 1809 illorum
1302 1755 1476 1827 captu
1500 1747 2061 1828 transfundere,nec

2146 587 2257 631 νεῖν
2293 593 2308 608 '
2383 571 2500 653 ἔχει
2580 573 2679 650 γὰρ
2738 574 2892 631 τοῦτο
2935 577 3230 653 θεαρχικῆς
3294 573 3554 654 ἐνεργείας
3623 575 3802 633 εἰκόνα

2147 665 2234 721 καὶ
2261 661 2426 720 τύπον
2476 663 2570 739 (ὡς
2626 661 2680 718 ἐν
2732 659 3029 740 συμϐολικῇ
3080 661 3327 741 θεολογίᾳ
3359 710 3377 740 ,
3423 666 3561 722 κατὰ
3588 666 3686 733 τήν
3713 687 3802 722 τεο

2144 753 2464 832 τράστοιχον
2521 753 2658 824 ἡμῖν
2699 751 3049 830 ἀνακάθαρσιν
3135 750 3222 808 διὰ
3270 751 3533 811 πλειόνων
3598 754 3802 812 ἀποδέ-

2145 841 2365 915 δεικται,
2399 842 2619 899 κατὰτὸ
2662 842 2756 910 τῆς
2799 842 3005 920 φύσεως
3036 843 3312 911 κινητικὸν
3357 845 3446 900 καὶ
3500 845 3798 926 ζωογόνον,

2141 933 2230 988 καὶ
2282 932 2384 999 τὴν
2442 931 2626 997 οξεῖαν
2683 933 2770 988 καὶ
2841 931 3140 1011 ἆκράτῃτον
3197 931 3468 1013 χώρησιν,
3541 936 3628 991 καὶ
3697 935 3802 1004 τάν

2141 1018 2410 1100 ἄγνωστον
2441 1022 2576 1097 ἡμῖν
2607 1021 2694 1078 καὶ
2738 1020 2960 1099 ἀόρατον
3010 1023 3341 1103 κρυφιὸτητα
3366 1026 3474 1080 τῶν
3500 1032 3799 1092 κινητικῶν

2140 1109 2326 1190 ἀρχῶν
2347 1111 2435 1167 καὶ
2460 1111 2947 1189 ἁποπερατώσεων.
2980 1115 3053 1171 Οὔ
3083 1113 3183 1191 γὰρ
3227 1110 3405 1195 οἶδας,
3441 1115 3594 1194 φησὶ,
3633 1117 3797 1173 πόθεν

2143 1200 2386 1282 ἔρχεται,
2417 1202 2503 1258 καὶ
2537 1199 2636 1257 ποῦ
2667 1200 2882 1279 ὑπάγει,

2223 1289 2398 1351 Ἀλλᾶ
2440 1290 2526 1346 καὶ
2593 1288 2817 1371 νεφέλης
2877 1294 3057 1356 αὑτοῖς
3120 1289 3263 1348 ἰδέαν
3291 1293 3324 1361 ἦ
3357 1291 3597 1374 Θεολογία
3639 1315 3800 1374 περι-

2146 1379 2390 1455 πλάττει,
2423 1378 2755 1454 σημαίνουσα
2813 1377 2896 1435 διὰ
2948 1380 3159 1454 τούτου,
3191 1381 3312 1444 τοὺς
3343 1383 3510 1458 ἱεροὺς
3541 1385 3664 1447 νόας
3704 1389 3802 1440 τοῦ

2145 1470 2241 1547 μέν
2271 1470 2487 1551 κρυφίου
2531 1473 2701 1549 φωτὸς
2735 1471 3106 1544 ὑπερκοσμίως
3175 1469 3685 1552 ἀποπληρουμένους
3709 1473 3798 1548 δι,

2142 1562 2242 1627 τὴν
2270 1559 2576 1639 προτοφάνη
2634 1558 2685 1614 δὲ
2750 1559 3162 1639 πρωτογένειαν
3217 1562 3283 1612 55
3338 1562 3798 1640 ἀνεκπομπεύτως

2143 1648 2571 1730 εἰσδεχομὲνους,
2626 1649 2714 1704 καὶ
2768 1649 2967 1716 ταύτην
3025 1650 3264 1729 eseam;
3318 1653 3389 1717 εἷς
3451 1653 3519 1710 τὰ
3580 1651 3800 1734 δευτέρα

2144 1737 2541 1818 δευτεροιρανῶς
2574 1739 2660 1794 καὶ
2691 1737 2969 1816 ἀναλόγως
3000 1736 3482 1816 διαπορθμεύοντας
3505 1757 3520 1772 ’
3567 1744 3654 1800 καὶ
3686 1743 3800 1818 μὴν

409 1857 528 1900 non
561 1837 693 1900 illas
721 1826 972 1917 insuper
1001 1826 1570 1917 fecunditatemque
1617 1826 1933 1899 animaudi
1953 1857 2059 1901 au-

2154 1826 2228 1884 ὅτι
2272 1832 2333 1884 τὸ
2376 1829 2596 1907 γόνιμον
2640 1829 2848 1900 αὗτοῖς,
2910 1829 2999 1884 καὶ
3049 1832 3334 1904 ζωοποιὸν,
3372 1832 3460 1887 καὶ
3489 1829 3796 1907 αὐξητικὸν,

407 1928 706 2010 gendique
734 1947 802 1990 ac
834 1925 1184 2008 perﬁciendi
1214 1926 1432 1990 virtute
1479 1934 1784 2008 praestare,
1823 1938 2066 2008 propter

407 2015 1056 2081 intellectualisimbris
1077 2016 1703 2097 generationem,quae
1725 2017 2064 2098 subjectum

408 2107 526 2170 sibi
570 2106 863 2188 gremium
915 2105 1428 2186 impinguautibus
1487 2106 1703 2188 pluviis
1743 2109 1816 2169 ad
1860 2108 2066 2171 vitales

413 2196 808 2278 partitudines
836 2196 1116 2258 informat
1141 2205 1188 2258 ν.

2148 1919 2238 1976 καὶ
2266 1916 2592 1975 τελεὶωτικὸν
2623 1915 2934 1996 ἐνυπάρχει,
2966 1918 3101 1974 κατὰ
3167 1920 3264 1987 τὴν
3297 1921 3497 1989 νοητὴν
3529 1918 3798 1999 ἀμϐροτοιη

2148 2008 2289 2080 κίαν,
2315 2008 2413 2076 τὴν
2436 2009 2526 2064 τὸν
2568 2005 2845 2088 ἓκδόχειον
2874 2004 3074 2064 κόλπον
3106 2007 3352 2074 πιαλέοις
3371 2011 3548 2074 ὑετοῖς
3571 2013 3658 2069 ἐπὶ
3682 2019 3799 2083 ζω-

2151 2098 2298 2162 τικὰς
2341 2095 2528 2161 ὠδίνας
2565 2095 2990 2174 ἐκκαλουμένην,

2023 2277 2052 2356 §
2095 2279 2230 2342 vn.

487 2445 655 2521 Quod
688 2445 738 2509 si
761 2464 1002 2528 quoque
1025 2444 1159 2510 aeris
1191 2453 1248 2509 et
1280 2445 1492 2510 electri
1513 2444 1897 2528 lapidumque
1914 2448 2068 2509 mul-

408 2536 724 2600 ticolorum
756 2537 1017 2617 speciem
1049 2535 1355 2616 theologia
1396 2535 1741 2599 caelestibus
1788 2537 2064 2598 essentiis

407 2625 817 2690 accommodat
851 2647 865 2689 :
899 2625 1191 2690 electrum
1209 2625 1476 2707 quidem,
1515 2635 1578 2690 ut
1611 2625 1768 2706 quod
1797 2626 1922 2688 auri
1957 2645 2060 2687 ar-

407 2718 692 2798 gentique
721 2715 970 2778 formam
1007 2733 1128 2796 pra:
1157 2734 1222 2778 se
1256 2715 1409 2780 ferat
1441 2733 1457 2791 ;
1492 2715 1554 2776 in
1598 2733 1744 2777 auro
1791 2715 2058 2796 quidem,

405 2805 738 2888 putredinis
771 2812 1073 2887 expertem
1105 2813 1162 2868 et
1202 2805 1691 2884 inconsumptum
1753 2803 2063 2884 minuique

404 2896 671 2958 nescium
719 2903 896 2976 atque
939 2893 1339 2956 inviolabilem
1373 2892 1755 2975 splendorem
1794 2915 1807 2956 :
1849 2893 1909 2953 in
1959 2912 2062 2955 ar-

402 2995 578 3064 gento
609 2992 810 3047 autem
843 2982 1129 3065 lucidam,
1150 2985 1577 3065 caelestemque
1599 2981 1931 3046 claritatem
1957 2984 2064 3046 de-

409 3085 605 3143 notat.

2232 2451 2292 2508 El
2344 2447 2398 2504 δὲ
2451 2449 2537 2504 καὶ
2566 2446 2801 2527 χαλκοῦ,
2834 2449 2921 2506 καὶ
2964 2447 3252 2527 ἠλέκτρου,
3307 2451 3396 2508 καὶ
3438 2450 3593 2509 λίθων
3622 2449 3802 2510 πολυ-

2147 2541 2452 2620 χρωματων
2523 2536 2668 2600 εἷδὸς
2715 2536 2752 2604 ἦ
2803 2537 3048 2618 θεολογία
3108 2553 3229 2604 ταῖς
3294 2541 3552 2619 οὐρανίαις
3596 2541 3800 2607 οὐσίαις

2147 2633 2446 2707 περιτιϐτ,σι
2494 2643 2508 2658 ⁶
2544 2629 2603 2684 τὸ
2637 2628 2732 2704 μὲν
2763 2627 3040 2704 ἤλεκτρον,
3101 2633 3174 2694 ὡς
3207 2629 3515 2710 χρυσοειδὲς
3563 2628 3675 2706 ἅμα
3708 2634 3802 2690 καὶ

2146 2716 2501 2798 ἀργυροειδές,
2565 2718 2804 2796 ἐμφαίνει
2862 2720 2960 2786 τὴν
3019 2717 3284 2792 ἄσηπτον,
3346 2721 3418 2783 ὡς
3464 2719 3518 2776 ἐν
3586 2729 3797 2802 χρυσῷ,

2145 2810 2232 2865 καὶ
2259 2807 2544 2886 ἀδάπανον,
2583 2809 2664 2863 καὶ
2717 2807 3000 2882 ἆμείωτον,
3032 2810 3120 2866 καὶ
3171 2807 3442 2889 ἄχραντον
3500 2807 3797 2890 διαύγειαν,

2144 2901 2234 2955 καὶ
2262 2897 2358 2965 τὴν
2381 2897 2577 2978 φανὴν,
2608 2899 2680 2961 ὡς
2706 2900 2760 2953 ιι
2790 2896 3019 2976 ἀργύρῳ,
3071 2899 3157 2955 καὶ
3200 2897 3490 2979 φωτοειδῆ,
3526 2901 3614 2957 καὶ
3645 2903 3803 2981 οὖρα-

2147 2988 2260 3045 νίαν
2283 2984 2406 3066 αἵγ)
2417 3008 2506 3054 ην.

493 3167 620 3231 [Έτί
641 3183 802 3242 vero,
812 3169 979 3249 juxta
1019 3167 1280 3229 rationes
1301 3167 1754 3248 assignatas,vel
1776 3169 1932 3249 ignis
1961 3166 2058 3230 vel

2222 3164 2318 3243 Τῷ
2343 3165 2397 3224 δὲ
2440 3165 2656 3249 χαλκῷ,
2703 3167 2838 3225 κατὰ
2878 3167 3000 3234 τοὺς
3035 3165 3388 3233 ἀποδοθέντας
3417 3166 3484 3220 56
3511 3166 3705 3249 λόγους
3713 3217 3729 3248 ι
3759 3171 3800 3242 ἦ

413 3259 547 3322 auri
578 3257 812 3338 species
844 3255 1246 3320 attribuenda.

497 3350 677 3409 Porro
695 3345 957 3427 lapidum
985 3346 1389 3410 multicolores
1417 3346 1844 3429 species,velin
1868 3365 2059 3428 quan-

413 3446 540 3502 tum
570 3436 739 3512 albae,
799 3435 940 3517 quid
999 3435 1307 3516 lucidum;
1369 3438 1460 3501 vel
1511 3457 1628 3517 qua
1657 3437 1878 3518 rubrae,
1913 3435 2059 3519 quid

413 3528 688 3607 igneum;
725 3525 815 3587 vel
846 3544 960 3606 qua
991 3526 1174 3602 ﬂavae,
1211 3526 1350 3607 quid
1381 3547 1626 3590 aureum
1662 3549 1678 3608 ;
1713 3528 1802 3590 vel
1834 3545 1951 3607 qua
1974 3527 2061 3588 vi-

414 3616 600 3691 rides,
632 3614 897 3694 juvenile
924 3615 1225 3696 quidpiam
1262 3635 1329 3678 ac
1360 3617 1566 3697 vigens
1592 3617 1926 3697 signiﬁcare
1957 3635 2066 3698 pu-

415 3704 608 3768 tandae
627 3711 780 3765 sunt:
808 3711 982 3784 atque
1003 3703 1082 3765 ita
1117 3705 1445 3768 secundum
1475 3725 1771 3788 quamque
1795 3704 2061 3785 speciem

416 3811 654 3877 quoque
681 3793 982 3874 mysticam
1007 3794 1330 3878 quamdam
1351 3795 1678 3876 typicarum
1714 3795 2060 3876 imaginum,

415 3904 548 3968 quae
568 3885 642 3948 ad
672 3903 929 3966 superna
953 3894 1212 3967 revocet,
1240 3888 1508 3968 reperias
1538 3886 1998 3968 expositionem.

493 3975 612 4039 Sed
642 3974 924 4057 quoniam
949 3975 1024 4038 de
1047 3975 1139 4037 his
1163 3975 1310 4038 satis
1328 3994 1360 4039 a
1392 3976 1563 4038 nobis
1579 3994 1686 4058 pro
1711 3975 1873 4038 virili
1897 3985 2066 4057 parte

414 4066 640 4131 dictum
675 4082 809 4128 esse
838 4065 1117 4142 arbitror,
1142 4066 1215 4128 ad
1241 4085 1472 4128 sacram
1486 4066 1814 4128 caelestium
1847 4065 2066 4130 intelli-

413 4159 744 4237 gentiarum
772 4173 878 4237 per
907 4154 1092 4218 bestia
1105 4175 1234 4218 rum
1269 4157 1492 4222 formas
1518 4173 1934 4239 expressarum
1965 4173 2068 4220 ex-

416 4246 794 4328 plicationem
840 4250 1270 4312 transeundum
1301 4256 1414 4313 est.

2144 3258 2206 3316 τὸ
2235 3255 2494 3337 πυρῶδες,
2545 3256 2576 3327 ἢ
2607 3259 2669 3314 τὸ
2699 3255 3005 3338 χρυσοειδές
3037 3257 3434 3333 ἀπονεμητέον.

2225 3345 2336 3414 Τὰς
2360 3345 2414 3402 δὲ
2470 3351 2577 3403 τῶν
2623 3345 2782 3404 λίθων
2830 3345 3296 3428 πολυχρωμαίτους
3341 3345 3486 3413 ῖδέας
3523 3347 3804 3430 ἐμφαίνειν

2144 3437 2373 3512 οἰητέον,
2425 3435 2460 3505 ἤ
2511 3438 2582 3501 ὡς
2630 3435 2848 3514 λευκὰς,
2880 3440 2942 3495 τὸ
2985 3435 3270 3519 φωτοειδές
3303 3451 3321 3469 ⁸
3354 3437 3389 3506 ἤ
3419 3439 3493 3504 ὡς
3556 3438 3804 3523 ἐρυθρᾶς,

2143 3529 2206 3586 τὸ
2262 3526 2496 3607 πυρῶδες
2532 3547 2544 3561 ’
2605 3526 2639 3596 ἤ
2697 3529 2770 3594 ὡς
2823 3526 3031 3605 ξανθὰς,
3094 3530 3155 3586 τὸ
3215 3527 3532 3610 χρυσοειδές
3564 3545 3579 3562 ⁶
3644 3529 3680 3599 ἤ
3727 3534 3805 3599 ὡς

2145 3617 2399 3699 χλοερὰς,
2425 3620 2486 3675 τὸ
2527 3619 2766 3675 νεανικὸν
2797 3619 2883 3676 καὶ
2926 3619 3162 3694 ἄκματον
3197 3635 3213 3655 ⁸
3259 3620 3346 3676 καὶ
3402 3618 3518 3677 καθ’
3572 3618 3803 3680 ἕκαστον

2147 3705 2291 3774 εἶδος
2345 3710 2586 3786 εὑρήσεις
2637 3708 2984 3789 ἀναγωγικὴν
3020 3715 3126 3766 τῶν
3174 3708 3413 3767 τυπικῶν
3470 3709 3538 3760 57
3581 3710 3806 3768 εἰκόνων

2148 3797 2528 3878 ἀνακάθαρσιν,

2229 3975 2378 4036 Ἀλλ’
2411 3975 2600 4046 ἐπεῐδή
2644 3979 2810 4036 ταῦτα
2870 3977 3007 4035 κατὰ
3036 3975 3256 4055 δύναμιν
3298 3979 3437 4054 ἡμῖν
3499 3979 3804 4058 ἀρκούντως

2147 4067 2380 4146 εἰρῆσθαι
2411 4068 2630 4144 νομίζω,
2675 4067 2916 4145 μετιτέον
2947 4067 3033 4125 ἐπὶ
3074 4069 3176 4135 τὴν
3203 4067 3347 4146 ἱερὰν
3376 4067 3662 4136 ἀνάπτυξιν
3691 4071 3800 4137 τῆς

2144 4159 2254 4217 τῶν
2285 4159 2537 4238 οὐρανίων
2562 4163 2697 4217 νοῶν
2719 4157 2995 4239 ἱεροτύπου
3035 4156 3395 4238 θηρομορφίας
3423 4157 3510 4222 δε,

2002 4407 2031 4488 §
2076 4405 2235 4474 VIII.

494 4575 590 4642 Ab
621 4576 813 4640 leonis
857 4575 1098 4658 quidem
1129 4578 1319 4645 forma
1350 4580 1660 4644 declarare
1690 4577 1947 4662 putanda
1981 4585 2059 4641 esl

2234 4579 2340 4640 Καὶ
2368 4579 2466 4648 τὴν
2513 4577 2611 4656 μέν
2667 4576 2876 4644 λέοντος
2905 4577 3113 4658 μορφὴν
3171 4575 3439 4660 ἐμφαίνειν
3482 4580 3693 4650 οἷητέον
3734 4585 3802 4642 τὸ

414 4668 539 4730 vim
570 4667 732 4731 illam
778 4667 1171 4748 principalem
1220 4688 1289 4732 ac
1319 4669 1624 4732 robustam
1681 4679 1856 4750 atque
1887 4667 2061 4730 indo-

411 4757 693 4821 mabilem
707 4775 820 4838 quo
837 4757 929 4820 isti
944 4757 1346 4821 occultissimo
1361 4759 1683 4822 ineli‘abilis
1698 4758 1885 4820 divini
1903 4756 2062 4838 prin~

410 4851 638 4926 cipatus
665 4864 886 4908 arcano
922 4865 1028 4928 pro
1062 4846 1460 4910 virilisimiles
1490 4847 1742 4910 evadere
1768 4846 2055 4920 nituntur,

414 4935 768 5016 spiritalium
797 4936 1179 5016 vestigiorum
1229 4937 1650 5018 cooperatione
1696 4935 2062 5018 mysticeque

415 5041 736 5105 suppresso
767 5034 1105 5090 commeatu
1135 5025 1265 5100 vite,
1301 5045 1433 5108 quae
1463 5027 1538 5090 ad
1570 5027 1767 5110 ipsum
1827 5043 1936 5108 per
1963 5024 2062 5087 di-

414 5115 611 5177 vinam
641 5113 1097 5181 tllustrationem
1143 5116 1466 5184 inducebat
1493 5139 1542 5182 κ.

496 5307 525 5339 ιι
556 5297 726 5361 Joan.
760 5314 848 5381 ιη,
883 5299 943 5364 8.
1029 5311 1054 5343 ν
1082 5299 1269 5383 Apoc.
1301 5321 1359 5369 α.
1442 5311 1470 5344 ³
1507 5299 1695 5384 Apoc.
1729 5319 1803 5365 tv.

2145 4670 2492 4750 ἡγεμονικὸν,
2559 4669 2650 4726 καὶ
2707 4666 3004 4748 ῥωμαλέον,
3078 4670 3168 4727 καὶ
3215 4667 3539 4749 ἆδάμαστον,
3601 4674 3688 4730 καὶ
3736 4675 3801 4732 ea

2143 4761 2276 4837 πρὸς
2307 4761 2407 4827 τὴν
2448 4757 2776 4838 κρυφιότητα
2819 4761 2918 4826 τῆς
2975 4757 3304 4840 ὰφϐἐγμονος
3355 4763 3635 4842 θεαρχίας,
3691 4762 3800 4836 ὅση

2144 4846 2382 4925 δύναμις,
2425 4847 2912 4930 ἆφομοιωτικὸθτῇ
2953 4854 3060 4905 τῶν
3103 4855 3297 4929 νοερῶν
3348 4851 3520 4974 Ῑῖὂῶν
3561 4873 3802 4932 περικα-

2144 4927 2295 4974 λῦὡει
2375 4931 2463 4974 ντί
2513 4934 2578 4974 τί
2650 4934 2918 4974 minuunt
2973 4928 3361 4974 &u31rmnni'wm
3503 4935 3799 4974 ιιιηΑιΑιι-ΑἏ..

2143 4927 2320 5005 λύψει,
2375 4927 2485 4986 καί
2513 4934 2580 5007 τῇ
2650 4934 2918 5005 μυστικῶς
2973 4927 3445 5006 ἀνεπομπεύτωω
3503 4927 3804 5016 περιρτολῃ

2145 5019 2243 5086 τῆς
2275 5019 2409 5076 κατὰ
2435 5019 2577 5076 Θείαν
2606 5017 2880 5097 ἄλλαμψιν
2940 5018 3027 5077 ἐπ’
3086 5020 3256 5089 αὒτὴν
3312 5021 3640 5092 ἁνατατικῆς
3689 5045 3805 5086 πο-

2144 5110 2312 5192 ρείας,

1741 5460 2009 5527 VARIIE
2061 5452 2475 5522 LECTIONES

491 5637 547 5682 α
574 5641 748 5726 φωτὸς
796 5642 1474 5726 ὑφερπληρουμὲνουςλΜ.
1560 5643 1614 5686 ⁵⁵
1661 5645 2048 5726 φωτοφᾶνειαν,
2098 5640 2173 5702 D.
2342 5630 2934 5726 ἀποδεδομένους,.οἢ.
3018 5627 3073 5674 ⁸⁷
3101 5635 3446 5712 τυπωτικῶν,
3480 5630 3541 5700 S.
3599 5635 3673 5701 Ρ.
3725 5632 3806 5702 D.

411 5718 544 5785 Sar.
588 5711 598 5721 ’
630 5719 686 5768 ⁵⁸
714 5745 801 5802 γρ.
836 5711 1237 5808 δηριομορφίας.
1323 5711 1378 5769 έθ
1407 5711 1834 5804 ἁνίικπορεῦτωςξ
1863 5729 1949 5790 Μ.
1983 5711 2045 5796 εξ
2081 5723 2420 5784 correctum
2452 5720 2654 5780 tamen
2695 5715 2761 5780 in
2788 5711 2905 5782 hoc
2930 5734 3034 5780 τω,
