4112 6160
309 399 428 469 337

1296 406 1396 470 DE
1437 402 1787 469 CCELESTI
1819 402 2325 484 HIERARCHIA,
2355 404 2519 467 CAP.
2554 404 2686 469 XV.

391 544 502 610 Τὴν
531 542 585 599 δὲ
607 551 698 602 τοῦ
725 543 871 622 βοῆς,
905 544 968 600 τὸ
1000 543 1250 622 ἱσγυρὸν,
1279 542 1368 597 καὶ
1398 540 1656 616 ἀκμαῖον,
1698 540 1785 598 καὶ
1842 540 1962 605 τοὺς
1985 544 2023 595 Α

3577 404 3693 473 338

2124 542 2174 612 ι’
2210 537 2391 601 Porro
2412 538 2512 602 illa
2534 538 2702 601 bovis
2722 540 2911 605 forma
2935 559 3138 606 earum
3168 544 3357 608 robur
3404 543 3597 627 signat
3624 564 3695 610 ac

305 634 524 712 νοεροὺς
575 633 630 677 ⁸ο
688 637 920 698 αὔλακας
1008 632 1287 709 ἀνεύρῦνον
1364 631 1436 692 εἰς
1511 626 1790 710 ὑποδοχὴν
1855 636 1962 689 τῶν

2056 626 2340 710 vigorem,
2356 627 2531 711 idque
2550 648 2665 712 quo
2682 629 2975 709 spiritales
3005 632 3204 697 sulcos
3224 626 3503 699 scindunt
3517 654 3587 698 ac
3605 638 3691 700 Δία

305 722 567 802 οὐρανίων
623 727 710 782 καὶ
757 728 1120 802 γονιμοποιῶν
1178 718 1413 801 ὄμϐρων,
1473 721 1561 776 καὶ
1614 720 1681 776 τὰ
1736 720 1955 801 κέρατα,

305 816 370 871 τὸ
407 816 756 895 φρουρητικὸν
788 817 877 871 καὶ
908 813 1231 891 ἀκράτητον.

392 905 502 971 Τὴν
531 902 586 959 δὲ
614 909 709 961 τοῦ
739 902 917 976 ἀετοῦ,
970 903 1033 958 τὸ
1089 899 1387 979 βασιλικὸν,
1427 899 1516 956 καὶ
1570 898 1847 980 ὑψίφορον,
1878 897 1955 973 Μ,

305 994 397 1050 καὶ
429 993 752 1072 ταχυπετές,
806 994 896 1049 καὶ
959 993 1020 1048 τὸ
1080 992 1206 1068 πρὸς
1264 990 1360 1059 τὴν
1417 987 1775 1063 δυναμαποιὸν
1830 1011 1960 1069 τρο-

304 1083 414 1163 φὴν
466 1081 579 1158 ὀξὺ,
640 1085 728 1139 καὶ
785 1088 977 1162 νῆφον,
1036 1081 1125 1137 καὶ
1182 1077 1455 1159 ὲθτρεχὲς,
1502 1079 1592 1135 καὶ
1623 1080 1955 1161 εὐμήχανον,

306 1174 396 1230 καὶ
450 1174 513 1229 τὸ
567 1173 697 1250 πρὸς
754 1172 853 1239 τήν
906 1168 1127 1251 ἄφθονον
1179 1170 1268 1225 καὶ
1293 1166 1605 1248 πολύφωτον
1635 1168 1829 1225 ἀκτῖνα
1858 1172 1956 1238 τῆς

303 1267 601 1343 θεαρχικῆς
659 1259 989 1340 ἡλιοϐολίας,
1049 1260 1104 1315 ἐν
1159 1263 1284 1324 ταῖς
1334 1264 1441 1314 τῶν
1497 1259 1732 1315 ὀπτικῶν
1790 1256 1949 1319 δυνά-

302 1374 449 1429 μεων
509 1351 787 1431 εὐρώστοις
836 1350 1148 1408 ἀνατάσεσιν
1204 1346 1602 1425 ἀνεμποδίστως
1658 1348 1777 1406 καθ’
1818 1348 1951 1425 εὐθύ

299 1445 390 1498 καὶ
421 1440 649 1504 ἀκλινῶς
680 1442 1025 1514 θεωρητικὸν,

385 1531 496 1598 Τὴν
528 1528 582 1585 δὲ
611 1531 714 1587 τῶν
740 1529 947 1606 ἵππων,
1000 1530 1061 1587 τὸ
1123 1528 1381 1603 εὐπειθὲς,
1442 1527 1532 1585 καὶ
1579 1527 1806 1595 εὐήνιον·
1864 1528 1953 1585 καὶ

302 1618 511 1677 λευκῶν
569 1620 667 1697 μὲν
723 1619 914 1699 ὄντων,
975 1621 1036 1677 τὸ
1104 1617 1371 1694 λαμπρὸν,
1449 1619 1537 1674 καὶ
1588 1620 1661 1682 ὡς
1720 1615 1952 1693 μα’λιστα

302 1712 399 1766 τοῦ
426 1709 567 1767 θείου
596 1711 758 1790 φοτὸς
790 1709 1063 1788 συγγενές’
1099 1708 1303 1765 κυανῶν
1347 1706 1401 1765 δὲ
1458 1707 1647 1786 ὅντων,
1709 1708 1770 1764 τὸ
1824 1708 1952 1785 κρύ-

301 1820 448 1879 φιον.
525 1798 742 1878 ἑρυθρῶν
815 1798 894 1873 δὲ,
980 1800 1043 1855 τὸ
1127 1796 1360 1877 πυρῶδες
1446 1798 1533 1854 καὶ
1617 1795 1948 1876 δραστήριον,

304 1889 617 1965 συμμίκτων
686 1888 738 1944 δὲ
814 1890 943 1968 πρὸς
1013 1888 1202 1946 λευκοῦ
1255 1884 1310 1930 ω
1362 1888 1449 1944 καὶ
1528 1886 1755 1961 μέλανος
1790 1935 1806 1967 ,

304 1986 374 2047 τῆ
460 1976 906 2056 διαπορθμευτικῇ
984 1977 1207 2055 δυνάμει
1297 1978 1403 2034 τῶν
1489 1976 1661 2056 ἄκρων
1719 1974 1954 2034 συνδετιο

305 2070 429 2144 xcv,
502 2070 587 2125 καὶ
659 2069 725 2124 τὸ.
794 2070 979 2147 πρῶτα
1048 2081 1165 2131 τοῖς
1239 2065 1496 2147 δευτέροις
1566 2068 1654 2123 καὶ
1723 2066 1789 2122 τὰ
1834 2065 1955 2122 δεύ-

303 2180 434 2238 τερα
467 2171 586 2224 τοῖς
644 2158 900 2237 πρώτοις,
962 2158 1378 2238 ὲπιστρεπτικῶς
1409 2154 1466 2200 6³
1493 2158 1529 2226 ἢ
1588 2156 1955 2236 προνοητικῶς

302 2269 592 2306 συναπτον.

388 2336 544 2394 Ἀλλ’
576 2339 725 2414 εἰμὴ
756 2343 855 2406 τῆς
895 2346 987 2397 τοῦ
1042 2337 1202 2416 λόγού
1254 2336 1758 2417 κατεστοχαζόμετα
1812 2358 1951 2413 συμ-

303 2428 546 2506 μετρίας,
611 2431 696 2485 καὶ
748 2429 843 2491 τὰς
901 2431 1037 2486 κατά
1089 2428 1247 2507 μέρος
1303 2433 1410 2484 τῶν
1469 2425 1764 2503 εἰρημένων
1805 2427 1956 2497 ζώων

299 2517 603 2590 ἰδιότητας,
634 2520 723 2575 καὶ
752 2519 926 2582 πάσας
985 2520 1077 2584 τὰς
1135 2518 1448 2592 σωματικὰς
1508 2521 1678 2575 αὐτῶν
1737 2514 1957 2573 διαπλά-

300 2628 439 2678 σεις,
502 2606 883 2687 ἐφηρμόσαμεν
939 2608 1000 2663 ἂν
1063 2608 1158 2665 οὐκ
1189 2607 1486 2672 ἀπεικότως
1521 2620 1643 2668 ταῖς
1694 2606 1957 2683 οὐρανίαις

302 2694 583 2771 δυνάμεσι,
617 2699 751 2753 κατᾶ
773 2699 865 2764 τὰς
894 2698 1172 2773 ἀνομοίους
1204 2697 1554 2773 ὁμοιότητας.
1588 2698 1659 2754 Τὸ
1709 2697 1808 2771 μὲν
1862 2698 1957 2752 θυ-

304 2784 517 2861 μοειδὲς
593 2787 786 2862 αὐτῶν,
862 2790 935 2854 εἰς
1012 2789 1110 2855 τήν
1183 2789 1365 2866 νοερὰν
1435 2786 1668 2866 ἀνδρίαν,
1722 2790 1789 2863 ᾗς
1819 2784 1960 2842 ἔστιν

303 2876 544 2956 ἔσχατον
608 2880 635 2933 ὁ
690 2879 852 2952 θυμὸς
910 2876 1209 2958 ἀπήχημαο
1272 2877 1370 2943 την
1430 2874 1485 2932 δὲ
1542 2877 1606 2932 αὖ
1659 2874 1957 2954 ἐπιθυμίαν,

304 2969 383 3031 εἷς
444 2968 536 3022 τὸν
584 2970 728 3023 θεῖον
792 2967 982 3047 ἔρωτα.
1043 2969 1131 3023 καὶ
1188 2964 1489 3037 συλλήϐδην
1548 2968 1742 3045 εἰπεῖν²
1784 2965 1959 3029 πάσας

303 3058 404 3119 τὰς
434 3063 543 3113 τῶν
574 3055 785 3134 ἀλόγων
836 3059 988 3129 ζώων
1032 3058 1305 3127 αἰσθήσεις
1350 3079 1407 3113 τε
1468 3058 1555 3113 καὶ
1612 3055 1960 3132 πολυμερείας

304 3148 383 3210 εἰς
442 3147 538 3209 τὰς
597 3144 784 3212 ἀύλονς
836 3151 945 3202 τῶν
1004 3148 1258 3226 οὐρανίων
1315 3146 1507 3204 οὐσιῶν
1571 3147 1802 3225 νοήσεις,
1876 3146 1963 3202 καὶ

306 3233 562 3299 ὲνοειδεῖς
619 3232 862 3310 δυνάμεις
923 3224 1235 3314 ἀνάγοντες.
1307 3224 1492 3314 Ἀρκεῖ
1555 3233 1609 3293 δὲ
1669 3248 1786 3299 τοῖς
1830 3234 2024 3325 ἒχὲσο

306 3324 586 3404 φροσινού
620 3324 784 3381 ταῦτα
815 3326 999 3405 μόνον,
1061 3324 1199 3382 ἀλλά
1257 3326 1345 3381 καὶ
1407 3332 1537 3401 μιᾶς
1595 3324 1964 3405 ἀπεμφαινού-

307 3438 415 3484 σης
453 3412 658 3477 εἰκόνος
710 3415 1085 3495 ἀνακάθαρσις,
1149 3416 1223 3479 εἷς
1269 3415 1367 3484 τὴν
1423 3416 1530 3472 τῶν
1586 3412 1969 3494 παραπλησίων

306 3505 672 3584 ὁμοιότροπον
702 3503 1042 3585 διασάφησιν,
1701 3514 1704 3521 ’

2050 715 2590 807 latantcmlestibus
2605 719 3001 799 iecundisque
3022 722 3325 786 imbribus
3348 725 3690 807 suscipien-

2044 806 2160 881 dis;
2195 825 2417 870 cornua
2454 827 2616 886 vero,
2649 811 3034 874 servatricem
3070 812 3469 895 invictamque
3498 806 3615 878 vim
3634 834 3681 879 δ’.

2127 899 2266 957 155
2296 902 2368 962 At
2396 898 2611 979 aquilae
2640 898 2823 978 figura
2854 900 3076 982 regiam
3110 901 3486 981 dignitatem,
3509 912 3687 986 atque

2041 1004 2256 1069 supera
2271 994 2569 1067 petentem
2588 988 2966 1071 celeremque
2989 991 3301 1066 volatumz,
3319 1000 3377 1055 et
3391 991 3464 1055 ad
3485 993 3683 1056 cibum

2040 1075 2141 1159 qui
2170 1076 2325 1140 vires
2354 1077 2605 1152 reﬁciat,
2634 1079 2991 1159 capiendum
3022 1098 3156 1143 cum
3189 1082 3679 1163 agilitatem,tum

2040 1184 2302 1239 cursum.
2339 1184 2458 1233 tum
2491 1167 2853 1251 facilitatem,
2909 1177 3032 1232 tum
3086 1171 3369 1233 virtutum
3420 1171 3683 1235 robustis

2031 1255 2273 1319 videndi
2296 1255 2635 1320 facultatum
2662 1258 3315 1336 intentionibus,libere
3330 1260 3686 1343 directeque

2032 1355 2210 1428 atque
2230 1348 2502 1409 irretorle
2516 1345 2802 1410 obtuendi
2823 1348 3123 1411 uberrimo
3146 1349 3231 1411 uti
3252 1350 3675 1433 luculentoque

2033 1436 2224 1512 radio,
2258 1453 2435 1517 quem
2466 1436 2553 1498 sol
2585 1436 2820 1499 divinus
2852 1438 3084 1503 evibrat
3106 1467 3149 1501 ι.

2118 1527 2420 1605 Equorum
2438 1534 2634 1588 autem
2655 1528 2888 1608 species
2909 1527 3317 1591 obedientiam
3333 1529 3679 1611 designatet

2035 1614 2403 1688 facilitatem;
2431 1634 2499 1678 ac
2530 1617 2927 1679 candidorum
2951 1618 3677 1702 quidem,ingenuitatem,

2038 1712 2240 1786 utpote
2269 1703 2472 1766 divino
2504 1708 2940 1787 quammaxime
2962 1707 3171 1770 lumini
3196 1719 3537 1788 cognatam;
3564 1728 3673 1773 cte-

2034 1794 2341 1857 ruleorum
2374 1813 2537 1871 vero,
2572 1804 2869 1859 secretum
2900 1796 3047 1860 illud
3081 1796 3347 1861 abditum
3374 1821 3390 1881 ;
3414 1799 3681 1863 ruforum

1891 1888 1953 1943 τὸ
1979 1910 2015 1963 Β
2037 1902 2197 1962 vero,
2224 1884 2465 1961 igneum
2494 1886 2752 1966 vigorem
2788 1894 2846 1948 et
2867 1886 3285 1966 cflicacitatem
3306 1906 3321 1966 ;
3346 1888 3479 1951 albo
3512 1889 3681 1952 deni-

2041 1995 2155 2057 que
2185 1976 2476 2057 nigroque
2508 1977 2627 2058 pilo
2658 1995 3036 2059 aspersorum
3070 1980 3321 2060 species,
3354 1980 3471 2041 vim
3517 1980 3678 2044 illam

2040 2066 2306 2144 denotat,
2371 2085 2489 2147 qua
2547 2066 2793 2129 traduce
2825 2075 3087 2130 extrema
3130 2076 3590 2152 connectuntur,
3624 2077 3684 2133 et

2041 2157 2232 2238 prima
2263 2156 2566 2238 secundis,
2589 2155 2661 2219 ad
2686 2158 2947 2220 secunda
2967 2156 3174 2240 primis
3195 2161 3525 2222 conversim
3549 2178 3684 2243 pro-

2039 2246 2293 2327 videque
2323 2247 2791 2326 conjunguntur.

2119 2334 2340 2398 Verum
2374 2335 2489 2397 nisi
2520 2338 2818 2401 sermonis
2841 2338 3082 2401 modum
3106 2356 3537 2421 quaereremus,
3554 2341 3682 2404 sin-

2040 2426 2204 2506 gulas
2236 2425 2411 2488 etiam
2437 2427 2780 2489 animalium
2808 2434 3235 2492 recensitorum
3266 2430 3680 2511 proprietates,

2042 2534 2373 2596 omnesque
2404 2534 2722 2596 corporeas
2742 2534 2951 2582 eorum
2975 2519 3443 2596 eﬂ‘ormationes,
3462 2539 3580 2582 non
3603 2522 3685 2583 in-

2042 2624 2301 2685 congrue
2320 2604 2667 2668 cmlestibus
2685 2607 2998 2670 virtutibus
3014 2626 3124 2686 per
3144 2608 3686 2673 diasimilessimili-

2042 2694 2283 2757 tudines
2312 2695 2929 2759 accommodaremus.
2977 2697 3286 2779 Siquidem
3318 2698 3433 2760 vim
3478 2718 3684 2762 eorum

2043 2784 2407 2846 irascibilem
2441 2785 2515 2847 ad
2549 2785 2878 2866 spiritalem
2909 2785 3342 2867 fortitudinem,
3379 2788 3551 2868 cujus
3594 2788 3685 2850 ira

2045 2872 2434 2935 novissimum
2483 2875 2795 2955 vestigium
2850 2875 3086 2954 existit;
3140 2877 3685 2957 concupiscentiam

2044 2980 2215 3043 vero,
2236 2962 2308 3023 ad
2331 2982 2598 3026 amorem
2622 2963 2919 3041 divinum;
2942 2985 3009 3029 ac
3041 2966 3379 3028 summatim
3411 2965 3691 3041 dicendo,

2044 3070 2258 3115 sensus
2293 3052 2605 3115 brutorum
2643 3054 3035 3117 animantium
3090 3074 3325 3136 omnes,
3375 3061 3695 3137 partesque

2047 3142 2503 3222 multiplices,ad
2519 3143 2597 3204 im
2608 3144 2944 3207 materiales
2958 3144 3288 3209 caelestium
3304 3146 3694 3208 essentiarum

2048 3228 2474 3308 intelligentias
2487 3239 2667 3309 atque
2683 3232 2939 3293 uniform
2949 3251 3013 3294 es
3034 3233 3284 3295 virtutes
3305 3234 3693 3296 referremus.

2054 3315 2274 3380 Verum
2292 3319 2599 3381 enimvero
2618 3321 3011 3399 prudentibus
3035 3341 3152 3383 non
3178 3322 3289 3384 ista
3320 3329 3567 3398 tantum,
3594 3323 3700 3384 sed

2056 3408 2144 3468 vel
2179 3407 2354 3469 unius
2411 3408 2692 3488 imaginis
2751 3408 3023 3473 obscurae
3079 3414 3323 3491 mystica
3380 3410 3699 3473 declaratio

2051 3495 2195 3558 satis
2227 3504 2338 3579 est,
2401 3497 2475 3559 ad
2533 3516 2739 3561 eorum
2777 3517 2907 3580 quae
2960 3499 3229 3583 ejusdem
3288 3500 3532 3582 generis
3562 3506 3705 3563 sunt

2050 3585 2551 3667 explanationem.

1910 3752 1942 3834 δ
1987 3751 2091 3815 1x.

396 3917 782 3978 Ἐπισκεπτέον
839 3915 896 3974 δὲ
954 3919 1043 3975 καὶ
1096 3918 1156 3975 τό
1215 3918 1489 3993 ποταμοὺς
1559 3918 1820 3993 εἰρῆσθαι,
1879 3914 1970 3971 καὶ

308 4011 574 4089 τροχοὺς,
607 4010 695 4066 καὶ
726 4006 936 4085 ἅρματα
968 4005 1280 4083 συνημμένα
1308 4019 1429 4071 ταῖς
1452 4007 1713 4087 οὐρανίαις
1738 4005 1964 4070 οὐσιαις,

313 4079 374 4160 di
410 4079 510 4175 μὲν
543 4079 643 4176 vim
678 4079 924 4176 ἒμπύριοι
961 4079 1197 4171 ποταμοὶ
1252 4079 1571 4171 σημαίνοοσι
1630 4098 1751 4161 τοὺς
1807 4100 1966 4175 θεαρ-

310 4192 504 4271 χικούς
569 4188 814 4269 ὀχετοὺς,
874 4185 1099 4265 ἄφθονον
1183 4186 1377 4249 αὐταῖς
1451 4188 1538 4242 καὶ
1625 4186 1967 4243 ἀνέκλειπτον

312 4279 583 4358 ἒπίρροιαν
667 4283 1066 4356 χορηγοῦντας,
1152 4276 1241 4333 καὶ
1317 4282 1581 4347 ζωοποιοῦ
1658 4274 1965 4352 θρεπτικούς

315 4369 695 4449 τονιμὸτητος⁶
731 4367 795 4423 τὰ
826 4363 880 4422 δὲ
912 4365 1147 4445 ἅρματα,
1181 4365 1278 4433 τὴν
1327 4367 1633 4437 συζευτικὴν
1665 4371 1768 4423 τῶν
1827 4367 1966 4440 ὁμο-

311 4465 495 4537 ταγῶν
551 4452 610 4498 δι
662 4456 960 4512 κοινωνίαν·
1021 4457 1069 4511 οἱ
1140 4454 1195 4511 δὲ
1264 4456 1475 4535 τροχοὶ,
1551 4457 1811 4531 πτερωτοὶ
1871 4455 1967 4529 μὲν

312 4549 492 4620 ὅντες,
551 4546 636 4601 ἐπὶ
689 4544 743 4600 δὲ
774 4545 841 4601 τὰ
872 4545 1094 4621 πρόσθεν
1124 4542 1180 4587 οὗ
1206 4545 1603 4625 ἀνεπιστρὸφως
1661 4547 1747 4601 καὶ
1805 4543 1965 4601 ἀκλι-

313 4638 422 4700 νῶς
454 4634 824 4713 πορευόμενοι,
878 4634 974 4699 την
1008 4634 1127 4691 κατ’
1187 4637 1392 4692 εὐθεῖαι
1453 4636 1539 4692 καὶ
1595 4632 1766 4713 ὄρθιον
1825 4632 1972 4714 ὁδὸν³

312 4732 414 4792 τῆς
475 4729 787 4802 πορευτικῆς
848 4724 1019 4782 αὐτῶν
1078 4724 1346 4802 ἒνεργείας
1399 4724 1638 4799 δύναμιν,
1728 4724 1813 4780 ἰπὶ
1880 4725 1971 4780 τὸν

313 4815 479 4871 αὐτὸν
508 4812 699 4879 ἀκλινῆ
733 4812 820 4868 καὶ
850 4812 1092 4887 ἰθύτομον
1136 4814 1298 4887 οἶμον
1371 4817 1587 4882 ἀπάσης
1642 4816 1814 4872 αὐτῶν
1871 4818 1970 4881 τῆς

312 4911 501 4981 νοερᾶς
531 4908 753 4983 τροχιᾶς
791 4902 1157 4981 ὑπερκοσμίως
1190 4903 1519 4980 ἱθυνομένης.

396 4992 555 5051 ’Ἔστι
615 4989 670 5047 δὲ
737 4992 826 5047 καὶ
890 4988 1010 5046 κατ’
1068 4990 1238 5060 ἄλλην
1303 4993 1588 5072 ἀναγωγὴν
1646 4994 1973 5067 ἀνακαθᾶραι

309 5084 415 5151 τὴν
470 5088 579 5137 τῶν
635 5085 830 5159 νοερῶν
900 5088 1115 5161 τροχῶν
1193 5084 1266 5138 εἰγ
1283 5084 1624 5162 ονογραφίαν·
1699 5081 1973 5153 ἐπεκλήθη

314 5174 419 5252 γὰρ
478 5171 683 5249 αὐτοῖς,
742 5169 815 5233 ὥς
873 5192 1036 5249 φησιν
1093 5173 1122 5228 ὁ
1175 5175 1454 5252 θεολόγος⁷
1511 5171 1737 5253 Γελγέλο
1775 5172 1973 5253 ἄμφαι-

471 5258 524 5315 δέ
596 5269 751 5315 τοῦτο
821 5260 956 5315 κατὰ
1030 5258 1289 5315 ἑϐοαῒκῇν
1357 5258 1413 5304 θθ
1443 5263 1644 5315 (omV-im-
1716 5264 1830 5315 ἂναὶ

471 5260 523 5315 δι
664 5269 683 5277 ~
931 5260 943 5277 ε
1030 5260 1089 5315 ἐρ
1156 5273 1196 5293 -.
1227 5261 1241 5279 π
1357 5260 1413 5304 ω
1565 5263 1577 5280 ι
1822 5286 1830 5294 .

317 5284 398 5319 νει
503 5294 524 5316 ς
596 5281 751 5318 τουτο
821 5280 956 5315 κατα
1057 5270 1289 5340 οραίκην
1443 5285 1647 5343 φωνην,
1716 5260 1974 5320 ἀνακυλι-

401 5380 467 5424 ι’
516 5377 737 5443 Esech.
773 5396 814 5438 ι.
885 5390 911 5433 1
940 5380 1132 5461 Apoc.
1164 5396 1224 5444 v.

2134 3909 2647 3975 Considerandum
2682 3915 2861 3977 modo
2893 3913 3031 3996 quid
3067 3914 3177 3976 sibi
3208 3914 3397 3978 velint
3430 3915 3698 3996 ﬂumina,

2050 4006 2197 4062 rotze
2226 4019 2294 4062 ac
2325 4019 2558 4077 currus,
2585 4022 2718 4084 qua;
2750 4003 3094 4067 caelestibus
3125 4004 3401 4067 essentiis
3426 4005 3707 4084 adjuncta

2053 4089 2468 4171 perhibentur.
2528 4092 2613 4155 Ac
2671 4095 2923 4157 ﬂumina
2978 4093 3220 4174 quidem
3270 4095 3446 4171 ignea
3476 4093 3707 4156 divinos

2052 4178 2186 4240 illos
2210 4179 2418 4242 latices
2441 4181 2798 4259 signiﬁcant,
2818 4182 3217 4262 largissimum
3246 4182 3363 4244 illis
3394 4201 3460 4243 ac
3495 4200 3708 4262 peren-

2052 4286 2189 4331 nem
2210 4268 2623 4332 inundationis
2642 4273 2875 4353 capiam
2900 4271 3372 4353 suppeditantes,
3396 4271 3706 4353 vitalisque

2049 4357 2427 4421 fecunditatis
2458 4360 2713 4439 altores;
2745 4380 2958 4424 currus
2988 4368 3210 4439 autem,
3240 4360 3701 4423 confmderatam

2050 4448 2361 4530 aequalium
2394 4450 2776 4527 societatem;
2807 4460 2951 4513 rotae
2982 4469 3121 4513 vero
3150 4450 3347 4526 alatze,
3390 4458 3449 4511 et
3479 4450 3552 4512 ad
3590 4468 3701 4511 an-

2052 4538 2271 4601 teriora
2292 4539 2660 4601 irremeabili
2703 4549 2881 4621 atque
2901 4541 3174 4602 irreﬂexo
3191 4549 3350 4602 motu
3369 4539 3702 4622 tendentes,

1999 4644 2034 4692 Ο
2058 4631 2173 4693 vim
2205 4631 2489 4711 angelica:
2508 4631 2826 4695 activitatis
2856 4642 3020 4694 recto
3052 4649 3292 4710 semper
3321 4633 3554 4692 tramite
3578 4648 3707 4712 per-

2056 4728 2319 4802 gentem,
2358 4740 2473 4802 qua
2510 4720 2795 4802 spiritalis
2852 4740 3060 4783 eorum
3124 4728 3350 4783 rotatus
3408 4720 3603 4781 omnis
3632 4720 3702 4781 ad

2055 4811 2207 4872 viam
2260 4810 2425 4872 illam
2470 4819 2692 4873 rectam
2726 4810 3095 4893 arduumque
3126 4808 3704 4889 supermundialiter

2060 4899 2362 4979 dirigitur.

2139 4989 2303 5052 Licet
2336 4989 2515 5052 etiam
2547 4987 2665 5050 alio
2714 5006 2891 5051 sensu
2942 4987 3264 5069 anagogico
3298 4987 3698 5069 spiritualium

2060 5088 2325 5142 rotarum
2354 5078 2821 5156 descriptionem
2848 5077 3252 5159 interpretari:
3282 5088 3372 5142 est
3404 5079 3562 5142 enim
3593 5079 3702 5153 eis,

2056 5178 2119 5231 ut
2150 5168 2439 5248 propheta
2468 5168 2571 5248 ait,
2627 5186 2845 5230 nomen
2904 5168 3160 5232 inditum
3193 5168 3409 5250 ϐειςεὶ
3435 5176 3484 5251 b,
3544 5169 3703 5250 quod

2055 5258 2348 5323 Hebraico
2379 5274 2657 5319 sermone
2688 5258 3091 5323 revolutiones
3121 5260 3256 5321 154
3276 5263 3705 5323 revelationes-

1350 5383 1544 5463 Apoc.
1576 5398 1659 5446 Iv.
1729 5391 1757 5425 ι
1789 5381 2008 5446 Ezech.
2044 5399 2062 5445 ι
2093 5403 2111 5461 ;
2142 5380 2329 5461 Apoc.
2359 5392 2487 5440 vm.
2558 5374 2588 5418 δ
2616 5375 2831 5444 Ezech.
2864 5392 2927 5461 ι,
2959 5378 2996 5443 2
3025 5387 3083 5445 et
3113 5379 3172 5445 6.

1651 5489 1912 5556 VARLE
1952 5483 2393 5553 LECTIONES.

398 5597 465 5649 60
493 5595 565 5662 Ι).
608 5594 671 5658 in
704 5612 928 5676 genere
974 5593 1289 5672 feminino,
1320 5598 1415 5662 τὰς
1446 5598 1651 5677 νοεράς.
1724 5596 1773 5641 ⁶¹
1805 5596 2084 5678 ὕψιφόρον,
2117 5595 2182 5660 S.
2214 5597 2284 5659 Ρ.
2317 5595 2385 5658 Ι).
2434 5596 2544 5662 Ch.
2576 5598 2675 5659 Sc.
2745 5594 2801 5640 ⁸³
2828 5598 2914 5657 καὶ
2945 5599 3076 5729 ἓὲδς
3120 5597 3330 5671 λευγού,
3370 5597 3441 5659 D.
3493 5591 3548 5637 ⁸³
3577 5596 3699 5651 Επι-

398 5677 661 5729 ηπτικόν-
712 5677 781 5729 Ι)-
853 5674 1034 5729 6⁸’τὴν
1087 5679 1330 5729 (suntin:
1360 5678 1431 5729 Π-
1464 5685 1579 5729 Τῶν
1610 5677 1969 5729 Euolat-Atinii-
2021 5679 2072 5729 M
2145 5675 2238 5729 St-
2297 5675 2367 5729 R_
2437 5677 2618 5729 65W)-
2673 5681 2877 5729 πρόσω,
3040 5677 3152 5729 καθ’
3217 5675 3326 5729 ἒϐο-
3374 5673 3441 5729 Ρ.
3489 5674 3553 5729 S-
3582 5674 3690 5729 Ch-

322 5677 663 5761 στρεπτικόν,

324 5752 459 5824 κατὰ
492 5760 593 5833 τῆν
627 5752 870 5839 Ἐϐραΐδι.
917 5754 987 5825 υ.

853 5674 1034 5759 διᾼτὴν
1087 5679 1330 5749 ζωτικὴν
1360 5678 1431 5744 1).
1464 5674 1579 5742 τῶν
1610 5674 1982 5759 ὅμοιοτήτώνί
2021 5679 2097 5746 M.
2145 5675 2239 5740 SC.
2297 5675 2367 5745 Β.

2437 5677 2619 5761 ϐδγρ.
2673 5681 2879 5757 πρόσω,
2945 5673 3152 5737 θθκαθ⁹
3217 5675 3327 5759 ἒϐρ.
3374 5673 3441 5739 Ρ.
3489 5674 3553 5741 S.
3582 5674 3690 5741 Cb.
