4112 6160
406 375 524 444 343
1573 377 1636 440 S.
1685 375 1868 439 ΒΙοΝ
1876 376 2026 438 YSIl
2065 380 2108 437 A
2122 375 2360 438 REOPA
2371 376 2599 438 GITE.
3675 375 3712 440 3
3726 375 3795 440 ’14

405 516 570 599 ipsas
597 534 727 597 qua:
759 523 1018 596 presunt
1045 514 1203 589 aliis,
1229 513 1322 577 his
1351 511 1496 595 ipsis
1524 511 1742 575 iterum
1774 509 1834 571 in
1867 511 2054 572 sacris

2141 514 2216 576 ῢις
2247 509 2372 588 παρ’
2422 510 2596 568 αὐτῶν
2647 508 2850 576 ἐκεινοις
2896 508 3312 599 ἱεραρχουμένας
3370 507 3647 588 ὶλέγομεν,
3700 507 3793 568 ὅν-

409 597 658 670 subesse
705 605 1072 679 diceremus,
1105 622 1243 667 vere
1272 621 1372 665 res
1413 601 1674 664 absurda
1705 611 1764 663 et
1807 601 2054 664 confusa

2141 622 2244 666 τως
2300 599 2494 657 ἀτοπία
2549 600 2610 656 τὸ
2669 603 2888 678 πρᾶγμα
2939 597 3112 656 ἐδόκει
3169 599 3257 656 καὶ
3307 600 3589 679 σύγχυσις.
3635 602 3693 658 Εἰ
3737 599 3793 657 δὲ

408 696 737 759 videretur.
757 695 862 759 Sin
875 704 1068 756 autem
1094 694 1280 756 sacris
1301 693 1431 755 illas
1455 709 1710 772 praeesse
1731 698 1788 753 et
1805 690 2054 753 subesse

2141 693 2232 756 τὰς
2302 691 2462 753 αὐτὰς
2527 692 2804 769 ἱεραρχεϊν
2879 691 2966 745 καὶ
3061 692 3426 769 ἱεραρχετσθαι
3511 689 3740 768 λέγομεν
3770 740 3787 766 ,

409 787 686 862 dicimus,
714 777 843 848 'non
868 793 1062 848 tamen
1088 784 1350 858 easdem,
1367 790 1424 843 et
1454 781 1692 862 iisdem,
1715 779 1817 842 sed
1838 799 2054 861 quam-

409 876 770 940 libetearum
786 873 1282 956 subessequidem
1301 871 1619 954 prioribus,
1641 887 1896 951 praeesse
1917 888 2053 932 vero

411 965 870 1048 posterioribus,
887 965 1043 1028 haud
1067 966 1391 1042 incongrue
1408 967 1542 1042 quis
1564 959 2054 1040 dixerit,easdem

409 1055 946 1130 eﬂ‘ormationes,et
963 1054 1170 1136 primis
1187 1061 1246 1115 et
1260 1051 1472 1114 mediis
1495 1061 1552 1113 et
1565 1049 2055 1132 postremis,pro-

409 1146 540 1228 prie
553 1144 729 1208 simul
744 1163 811 1207 ac
832 1161 975 1206 vere
997 1143 1242 1205 omnino
1261 1139 1706 1205 accommodari
1726 1138 2055 1222 possc.Hoc

409 1243 610 1299 autem
659 1243 901 1297 sanctus
947 1233 1042 1296 hic
1073 1232 1371 1314 proponit,
1401 1230 1540 1312 quia
1571 1240 1749 1292 verba
1793 1229 2054 1292 facturus

411 1335 503 1389 est
533 1325 609 1387 de
637 1325 965 1388 caelestium
995 1323 1273 1384 ordinum
1329 1319 1807 1397 formationibus,
1843 1328 1903 1381 et
1934 1339 2054 1381 non

411 1414 539 1476 vult
568 1413 806 1496 proprio
838 1413 1058 1494 quique
1077 1411 1274 1475 ordini
1307 1411 1482 1473 aliam
1513 1419 1692 1486 atque
1721 1409 1894 1473 aliam
1927 1409 2051 1471 for-

411 1524 568 1567 mam
622 1504 927 1585 aﬂingere,
959 1503 1064 1566 sed
1115 1521 1322 1564 omnes
1352 1501 1703 1582 simpliciter
1751 1499 2052 1573 omnibus,

411 1594 566 1657 sicut
593 1612 726 1656 esse
743 1593 920 1656 habet
939 1592 1086 1656 ratio
1102 1591 1387 1656 veritatis.
1423 1591 1648 1654 Asserit
1665 1591 1866 1668 itaque
1897 1591 2056 1670 quod

410 1683 486 1748 ad
523 1685 653 1745 I57
686 1683 980 1745 anteriora
1015 1682 1431 1762 extendantur,
1464 1697 1664 1742 verum
1688 1679 2056 1743 conversive:

413 1774 704 1856 siquidem
721 1773 792 1835 ad
807 1773 1111 1835 anteriora
1129 1791 1362 1854 quoque
1390 1770 1544 1850 ignis
1570 1770 1929 1844 extenditur,
1951 1771 2058 1834 sed

2137 779 2312 839 οὐκέτι
2382 778 2437 835 δὲ
2510 785 2614 835 τῶν
2687 779 2859 837 αὐτῶν
2929 779 3020 835 καὶ
3079 781 3199 857 περὶ
3246 785 3352 836 τῶν
3382 779 3576 855 αὖτῶν,
3651 780 3792 838 ἀλλὰ

2136 870 2237 937 τὴν
2289 869 2520 936 ἑκάστην
2577 869 2945 949 ἱεραρχεϊσται
3020 870 3122 926 ὑπὸ
3199 869 3306 926 τῶν
3376 869 3624 949 πρώτων,
3699 875 3790 929 καὶ

2138 962 2411 1039 ἰεραρχεϊν
2440 965 2546 1016 τῶν
2580 956 2860 1037 δευτέρων,
2895 959 2989 1016 οῦκ
3024 957 3320 1019 ἀπεικότως
3380 959 3445 1014 ἅν
3488 982 3569 1025 τις
3628 961 3784 1041 φαίη,

2137 1050 2231 1111 τὰς
2264 1049 2425 1111 αῦτὰς
2459 1047 2766 1127 μορφώσεις
2819 1045 3062 1105 δύνασθαι
3117 1049 3466 1126 περιτίθεσθαι
3528 1052 3612 1107 καὶ
3662 1064 3789 1115 ταῖς

2137 1139 2398 1217 πρώταις,
2433 1139 2521 1195 καί
2551 1151 2672 1201 ταῖς
2705 1136 2990 1217 ἐσχάταις,
3049 1139 3254 1202 οἰκείως
3284 1139 3459 1205 πάντη
3515 1141 3600 1196 καὶ
3657 1139 3792 1208 ἄλη-

2137 1229 2312 1292 θινῶς.
2354 1235 2521 1286 Τοῦτο
2562 1225 2617 1284 δὲ
2675 1229 3021 1306 προστίθησιν
3079 1227 3300 1288 ἐνταῦθα
3357 1230 3384 1285 ὁ
3441 1228 3616 1309 ἅγιος,
3678 1229 3793 1287 ἐπεὶ

2139 1317 2323 1394 μέλλει
2393 1317 2566 1398 λέγειν
2627 1318 2744 1396 περὶ
2800 1323 2902 1374 τῶν
2987 1317 3316 1398 μορφώσεων
3375 1323 3479 1375 τῶν
3534 1319 3791 1397 οὐρανίων

2138 1409 2448 1488 ταγμάτων,
2520 1411 2609 1465 καὶ
2680 1406 2926 1485 βούλεται
2979 1408 3055 1482 μὴ
3120 1406 3222 1481 ἰδίᾳ
3294 1409 3500 1482 ἑκάστῳ
3555 1410 3792 1487 τάγματι

2140 1497 2312 1566 ἄλλην
2367 1499 2454 1554 καὶ
2502 1497 2672 1565 ἄλλην
2721 1497 3038 1576 περιτιθέναι
3096 1497 3392 1577 μόρφωσιν,
3439 1497 3576 1556 ἀλλὰ
3615 1500 3792 1564 πασας

2143 1587 2325 1652 ἁπλῶς
2374 1600 2492 1651 τοῖς
2528 1593 2680 1661 πᾶσι,
2742 1589 2918 1650 κατὼς
2975 1587 3094 1667 ἔχει
3151 1590 3240 1644 καὶ
3298 1591 3326 1645 ὁ
3381 1594 3480 1655 τῆς
3541 1587 3792 1656 ἀληθείας

2141 1678 2324 1756 λόγος.
2386 1677 2877 1756 Προκατασκευάζει
2937 1683 3082 1757 γοῦν,
3143 1677 3224 1734 ὅτι
3278 1678 3364 1734 καὶ
3421 1679 3482 1734 τὸ
3539 1679 3670 1750 πρὸς
3733 1679 3794 1734 τὸ

2143 1767 2362 1831 ἄναντες
2438 1767 2820 1846 ἀνατείνεσθαι,
2910 1765 3049 1835 πλὴν
3125 1767 3570 1845 ἐπιστρεπτικῶς·
3654 1767 3792 1824 ἂνα-

413 1853 588 1926 modo
620 1862 968 1944 irrationali,
1001 1881 1068 1924 ac
1099 1862 1370 1935 naturali,
1399 1860 1620 1922 nullam
1652 1859 1880 1922 habens
1911 1879 2054 1922 con-

2143 1857 2367 1912 τεὶνεται
2399 1857 2498 1934 γὰρ
2531 1857 2660 1935 πρὸς
2694 1857 2753 1912 τὸ
2796 1853 3012 1920 ἄναντες
3072 1857 3160 1912 καὶ
3213 1862 3336 1935 πῦρ,
3401 1853 3521 1912 ἀλλ’
3581 1856 3792 1932 ἂλόγως

411 1953 751 2016 versionem
784 1973 851 2015 ac
905 1953 1265 2016 libertatem.
1300 1951 1405 2014 Illa
1436 1951 1609 2027 igitur
1656 1951 1727 2012 ad
1760 1951 2054 2011 anteriora

2141 1949 2230 2003 καὶ
2287 1953 2547 2027 φυσικῶς,
2612 1943 2875 2022 μηδεμίαν
2935 1945 3063 2026 ἕχον
3122 1945 3444 2025 ἐπιστροφὴν
3509 1948 3596 2002 καὶ
3654 1969 3795 2023 προ-

377 2121 392 2128 ῥ
414 2045 704 2124 extensio,
728 2053 784 2105 et
805 2043 1028 2106 circum
1062 2043 1414 2124 semetipsas
1438 2048 1714 2103 constans
1741 2041 2052 2117 volutatio,

410 2133 817 2214 virtutumque
864 2133 1134 2196 custodia
1165 2132 1539 2213 propriarum
1589 2131 1720 2206 (etsi
1755 2131 1911 2192 enim
1945 2149 2054 2210 ap-

413 2231 616 2304 petant
649 2223 977 2302 superiora,
1011 2242 1131 2285 non
1165 2230 1360 2284 tamen
1412 2221 1470 2282 id
1502 2220 1724 2284 faciunt
1751 2239 1818 2281 ac
1850 2221 1900 2281 si
1931 2221 2052 2282 vir-

411 2321 599 2375 tutum
659 2320 1002 2392 contemptu
1057 2315 1432 2393 propriarum
1491 2311 1608 2373 alia
1668 2320 2052 2392 quaererent;

413 2402 559 2484 quin
629 2401 830 2481 potius
890 2403 1001 2464 hoc
1059 2403 1188 2482 ipso
1247 2402 1431 2480 magis
1489 2406 1759 2482 proprias
1815 2401 2059 2464 virtutes

411 2499 760 2569 amant,quo
787 2491 932 2554 alias
947 2490 1253 2572 appetunt)
1284 2511 1301 2571 ;
1337 2490 1506 2552 tertio
1527 2489 1788 2570 denique
1808 2490 2056 2552 inferio-

411 2580 581 2644 ribus
613 2598 678 2644 se
708 2580 1292 2660 communicandi,et
1319 2578 1392 2642 ad
1415 2579 1662 2642 eosdem
1695 2580 2056 2660 procedendi

408 2670 619 2748 virtus,
657 2669 1002 2734 coelestibus
1052 2688 1292 2752 quoque
1320 2668 1598 2732 omnibus
1649 2668 2059 2748 intelligentiis

409 2760 720 2842 competit,
755 2761 898 2822 licet
945 2759 1079 2822 aliis
1129 2759 1369 2841 quidem
1401 2759 1756 2837 universim,
1789 2769 1854 2821 ut
1900 2778 2059 2842 saepe

413 2849 633 2913 dictum
667 2858 776 2925 est,
813 2849 946 2911 aliis
977 2867 1117 2912 vero
1150 2868 1224 2912 ex
1258 2857 1452 2930 parte.

487 2940 517 3019 §
565 2938 638 3002 II.
675 2940 820 3002 Cum
871 2945 1074 3020 itaque
1104 2939 1472 3020 propositum
1520 2937 1693 3000 nobis
1721 2939 1796 3000 sit
1845 2940 2060 3017 ﬁguras

408 3045 762 3110 expurgare,
797 3027 858 3088 id
917 3036 1006 3090 est
1055 3027 1500 3089 eﬂ‘ormationes
1555 3035 1612 3090 et
1663 3027 1956 3107 imagines
1985 3029 2059 3092 ad

403 3116 818 3182 sublimiorem
849 3119 1164 3198 quemdam
1194 3135 1437 3179 sensum
1481 3117 1917 3199 adducere;age
1943 3137 2062 3199 pra:

407 3207 638 3270 caeteris
657 3207 912 3288 primum
933 3207 1135 3287 ﬁgurae
1156 3207 1304 3284 ignis
1326 3206 1722 3288 expiationem
1749 3209 2058 3290 faciamus,

2140 2039 2362 2118 αἰρεσιν.
2445 2039 2516 2096 Τὸ
2586 2047 2710 2117 γοῦν
2783 2040 2913 2117 πρὸς
2984 2041 3046 2094 τὸ
3119 2037 3336 2100 ἄναντες
3408 2039 3793 2118 ἀνατεινεσθαι,

2138 2129 2224 2185 καὶ
2296 2130 2356 2184 τὸ
2424 2129 2542 2206 περὶ
2613 2128 2801 2191 ἑαυτὰς
2886 2127 3124 2206 ἀρῤεπῶς
3210 2127 3607 2208 συστρέφεσθαι,

2139 2224 2387 2297 φροῦρεῐν
2443 2219 2538 2283 τὰς
2617 2217 2812 2278 οἰκείας
2897 2215 3142 2292 δυνάμεις
3218 2218 3286 2297 (εἰ
3343 2218 3443 2296 γὰρ
3519 2219 3608 2274 καὶ
3687 2218 3795 2276 τῶν

2139 2308 2443 2386 ὑπερτάτων
2477 2308 2728 2388 ἐφίενται,
2763 2306 2882 2364 ἀλλ’
2934 2306 3020 2364 οὖν
3071 2307 3175 2388 οὐχ
3230 2310 3304 2374 ὡς
3368 2316 3796 2388 καταφρονοῦσαι

2142 2403 2246 2453 τῶν
2306 2398 2510 2454 οἰκείων
2557 2395 2853 2473 δυνάμεων,
2909 2397 3245 2469 ἐπιζητοῦσιν
3301 2397 3476 2478 ἓτερα,
3543 2396 3614 2454 δι’
3665 2398 3798 2456 αὒτὸ

2144 2491 2240 2563 μὲν
2271 2489 2358 2544 οὖν
2391 2486 2598 2563 μᾶλλον
2627 2495 2783 2544 τοῦτο
2817 2489 2874 2544 τὸ
2904 2487 3252 2565 ἂγαπητικῶς
3303 2487 3452 2568 ’ἐχειν
3511 2489 3642 2566 πρὸς
3700 2488 3797 2555 τὰς

2144 2577 2337 2642 οἰκείας
2395 2575 2664 2653 δυνάμεις,
2724 2578 2810 2632 καὶ
2869 2576 3059 2657 ἐτέρων
3115 2577 3397 2656 ὶφῖενται),
3461 2579 3547 2634 καὶ
3592 2579 3792 2657 τρίτον,

2141 2669 2203 2724 τὸ
2259 2668 2377 2747 περὶ
2433 2669 2499 2724 τὰ
2557 2665 2771 2745 δεύτερα
2822 2670 3130 2726 κοινωνικὸν
3181 2668 3270 2724 καὶ
3326 2665 3600 2748 προδικὸν,
3681 2669 3794 2726 πά-

2143 2779 2256 2823 σαις
2288 2759 2507 2838 ἃρμόσει
2536 2771 2659 2823 ταῖς
2691 2756 2952 2835 οῦρανίαις
2985 2756 3207 2831 οὒσίαις,
3267 2759 3310 2813 εἰ
3368 2759 3455 2814 καὶ
3511 2772 3632 2822 ταῖς
3693 2759 3794 2836 μὲν

2143 2846 2370 2922 ὁλικῶς,
2405 2850 2478 2910 ὡς
2512 2846 2773 2912 πολλάκις
2807 2847 3047 2926 εἴρηται,
3077 2859 3196 2909 ταῖς
3231 2845 3286 2903 δὲ
3313 2854 3568 2926 μερικῶς,

2225 2937 2353 3016 §ll.
2413 2935 2565 2995 Ἐπεὶ
2622 2940 2710 2993 οὖν
2768 2937 3092 3016 προεθέμεθα
3147 2937 3267 3002 τοὺς
3327 2938 3519 3000 τύπους
3585 2937 3796 2995 ἀνακα-

2141 3030 2322 3105 θᾶραι,
2357 3025 2602 3094 δηλονότι
2633 3027 2726 3091 τάς
2760 3025 3059 3106 μορφώσεις
3096 3027 3184 3082 καὶ
3240 3027 3333 3089 τὰς
3389 3027 3593 3090 εἰκόνας
3653 3027 3793 3084 ἀνά-

2145 3115 2224 3182 ξαι
2285 3116 2366 3179 εἴς
2421 3139 2541 3173 τινα
2599 3117 2895 3196 ὑπερτάτην
2951 3117 3039 3172 καὶ
3096 3116 3309 3191 μείζονα
3366 3115 3594 3191 ἔννοιαν,
3667 3117 3794 3195 φέρε

3697 2131 3787 2185 καὶ

2145 3208 2246 3285 πρὸ
2316 3207 2422 3264 τῶν
2488 3205 2663 3263 ἄλλων
2733 3207 2949 3286 πρώτην
3016 3205 3366 3284 ἀνακάθαρσιν
3445 3207 3796 3282 ποιησώμεθα

407 3297 684 3374 quoniam
713 3314 831 3378 prae
851 3295 1102 3376 reliquis
1120 3296 1443 3378 Scripturae
1457 3297 1672 3359 divinae
1689 3297 2054 3360 malerialem

2144 3300 2243 3362 τῆς
2274 3302 2368 3352 τοῦ
2395 3296 2556 3374 πυρὸς
2589 3295 2815 3368 εἰκόνος,
2850 3294 2930 3350 ὅτι
2961 3297 3048 3350 καὶ
3083 3295 3218 3372 παρὰ
3277 3294 3369 3360 τὰς
3430 3293 3592 3358 ἄλλας
3645 3296 3794 3352 εἰκό-

405 3387 564 3467 ignis
595 3387 1068 3450 efformationem
1094 3387 1407 3449 honorant.
1443 3386 1677 3448 Etenim
1709 3406 1826 3449 non
1862 3387 2054 3450 solum

405 3477 788 3557 rotasigneas
806 3476 1094 3558 referunt,
1122 3484 1182 3538 ut
1213 3476 1514 3558 reperitur
1532 3476 1592 3538 in
1616 3477 1929 3540 Ezechiele
1957 3479 2054 3540 di-

405 3575 605 3632 cente:
641 3568 721 3629 Et
737 3567 1136 3647 spiritnserat
1155 3569 1220 3627 in
1235 3571 1438 3647 rotisc;
1476 3584 1676 3629 verum
1712 3567 1886 3629 etiam
1920 3569 2053 3630 ani-

406 3656 588 3719 malia
619 3656 1002 3735 ignitajuxta
1032 3656 1200 3719 illud:
1224 3654 1489 3736 Cumque
1510 3655 1894 3719 ambularent
1920 3660 2054 3721 ani-

404 3746 602 3816 malia,
633 3745 970 3802 ambulabant
985 3746 1198 3817 pariter
1227 3751 1276 3802 et
1303 3752 1438 3802 rota:
1456 3747 1482 3790 (ι
1502 3762 1525 3812 ;
1549 3747 1816 3818 virosque
1835 3748 2055 3819 igneas,

405 3847 578 3908 atque
602 3837 900 3902 carbones,
941 3837 1103 3907 juxta
1135 3835 1277 3892 illud
1303 3851 1316 3892 :
1375 3837 1642 3894 Carbones
1671 3839 1906 3896 succensi
1934 3846 2059 3896 sunt

406 3925 474 3989 in
492 3926 759 4006 idipsum
777 3935 819 4001 ο,
846 3933 902 3988 et
921 3925 1156 4000 ﬂuvios,
1176 3945 1242 3987 ac
1257 3926 1307 3987 si
1327 3926 1458 4006 quis
1473 3926 1674 3989 Graece
1691 3927 1872 3996 dicat,
1901 3953 2060 4000 πυριι-

407 4015 784 4096 φλεγέθοντας,
830 4015 887 4077 id
942 4024 1032 4076 est
1087 4017 1629 4096 ﬂammigerantes,
1657 4019 1824 4098 juxta
1867 4017 2054 4084 illud:

405 4106 487 4169 Et
497 4105 723 4187 ﬂuvius
746 4106 903 4184 ignis
916 4105 1284 4169 scaturiebat
1305 4113 1446 4169 ante
1462 4107 1782 4188 pedesejus
1805 4126 1824 4170 :
1858 4117 1917 4170 et
1941 4115 2056 4172 ite-

406 4213 543 4258 rum
577 4195 823 4256 thronos
857 4195 1084 4274 igneos,
1119 4204 1181 4257 ut
1211 4195 1272 4258 in
1330 4196 1645 4260 Ezechiele
1677 4197 1918 4260 tradidit
1949 4216 1963 4262 :
2002 4209 2059 4263 et

406 4302 626 4347 nomen
660 4284 966 4365 seraphim
1001 4285 1349 4349 incensore:
1371 4295 1428 4349 et
1453 4286 1841 4365 calefactores
1862 4297 2054 4373 sonat,

408 4373 572 4436 calor
596 4374 754 4436 enim
783 4373 937 4454 ignis
971 4375 1304 4456 proprietas
1326 4385 1437 4456 est,
1462 4384 1519 4438 et
1542 4375 1694 4438 actio
1721 4377 1850 4456 ejus
1876 4379 2052 4451 ustio,

406 4471 585 4540 atque
602 4463 854 4546 omnino
877 4481 1116 4524 sursum
1141 4475 1201 4526 et
1220 4464 1513 4546 deorsum
1539 4465 1775 4542 igneam
1809 4467 2053 4546 figuram

409 4542 1190 4624 commendat.Quaproptcr
1208 4545 1457 4606 formam
1487 4550 1718 4623 igneam
1739 4542 2056 4610 fortificare

2144 3407 2235 3448 νας
2297 3385 2394 3453 τὴν
2451 3385 2704 3465 ἐμπόριον
2760 3384 3078 3464 ὑλογραφίαν
3131 3385 3167 3451 ἡ
3216 3385 3328 3440 θεία
3387 3385 3569 3464 Γραφὴ
3638 3392 3793 3460 τιμᾷ.

2139 3471 2243 3534 Καὶ
2304 3475 2404 3552 γὰρ
2462 3476 2538 3550 μὴ
2594 3475 2755 3548 μόνοι
2813 3476 3040 3553 τροχοὺς
3118 3472 3402 3553 πυρώδεις,
3475 3475 3547 3538 ὡς
3603 3475 3656 3532 ὲν
3715 3482 3797 3550 τῷ

2141 3560 2398 3634 Ἰεζεκιὴλ
2429 3563 2665 3643 εὕρηται,
2713 3565 2816 3626 Καὶ
2878 3566 3082 3635 πνεῦμα
3139 3562 3206 3630 ἦν
3263 3565 3320 3618 ἰιιν
3372 3577 3492 3628 τοτς
3548 3569 3794 3645 τροχοῖς,

2139 3651 2376 3731 λέγοντι,
2440 3652 2818 3733 παραδίδωσιν,
2879 3653 3016 3710 ἀλλά
3068 3653 3154 3710 καὶ
3226 3659 3336 3724 ζῶα
3395 3654 3794 3734 πεπυρωμένα,

2141 3743 2278 3799 κατὰ
2347 3745 2431 3818 τὸ,
2496 3742 2585 3800 Ἐν
2638 3745 2714 3819 τῷ
2768 3745 3080 3821 πορεύεσθαι
3152 3744 3216 3799 τὰ
3272 3749 3405 3818 ζῶα,
3477 3745 3795 3822 ἐπορεύοντο

2142 3834 2229 3888 καὶ
2261 3834 2310 3890 οἱ
2366 3834 2578 3912 τροχῡίο
2641 3835 2726 3890 καὶ
2780 3831 2965 3910 ἄνδρας
3022 3831 3301 3912 πυρώδεις,
3363 3837 3449 3890 καὶ
3509 3832 3796 3918 ἄνθρακας,

2142 3922 2278 3979 κατὰ
2327 3921 2412 4003 τὸ,
2475 3923 2784 4003 ”Αντρακες
2837 3922 3146 4002 ἀνήφθησαν
3205 3925 3290 3980 ἐπὶ
3347 3924 3407 3980 τὸ
3480 3923 3631 3980 αῦτόο
3704 3928 3796 3984 καὶ

2142 4013 2438 4086 ποταμοὺς,
2511 4015 2584 4077 ὡς
2660 4012 2720 4068 ἄν
2791 4034 2870 4075 τις
2943 4012 3090 4070 εἴποι
3161 4013 3301 4069 κατὰ
3359 4014 3476 4080 τοὺς
3509 4004 3794 4081 ’Έλληνας

2139 4100 2638 4182 πυριφλεγέθοντας,
2715 4104 2850 4159 κατᾶ
2929 4104 3014 4176 τὸ,
3116 4104 3214 4161 Καὶ
3305 4105 3546 4178 ποταμὸς
3627 4106 3792 4182 πυρὸς

2140 4189 2292 4247 εἷλκε
2379 4194 2480 4272 πρὸ
2569 4197 2677 4249 τῶν
2733 4191 2908 4250 ποδῶν
2967 4191 3145 4250 αὖτοῦ⁵
3212 4193 3300 4249 καὶ
3357 4191 3516 4249 πάλιν
3577 4194 3789 4272 θρόνους

2139 4281 2407 4360 πυρίνους,
2481 4283 2555 4346 ὡς
2622 4281 2676 4338 ἐν
2741 4289 2818 4356 τῷ
2889 4279 3146 4353 Ἰεζεκιὴλ
3205 4279 3551 4361 παραδίδωσι⁹
3610 4284 3699 4340 καὶ
3755 4286 3792 4354 ἡ

2141 4368 2414 4445 ἐπωνυμία
2476 4373 2583 4428 τῶν
2655 4372 2883 4452 σεραφὶμ
2965 4371 3267 4450 ἐμπρησταί
3339 4373 3438 4428 εἰσι
3511 4372 3597 4428 καὶ
3667 4376 3795 4453 θερ-

2141 4460 2444 4535 μαίνοντες,
2501 4467 2665 4517 ταῦτα
2722 4462 2821 4540 γὰρ
2877 4461 2975 4517 εἰσι
3033 4470 3124 4520 τοῦ
3177 4462 3362 4541 πυρὸς,
3425 4462 3487 4518 τὸ
3538 4461 3636 4534 μὲν
3665 4468 3794 4542 θερ-

2141 4549 2242 4623 μὸν
2273 4547 2494 4625 ἰδιότης,
2529 4571 2586 4608 το
2617 4547 2670 4606 δὲ
2699 4551 2982 4608 καυστικὸν
3013 4549 3269 4628 ἐνέργεια·
3333 4551 3421 4606 καὶ
3480 4548 3618 4614 ὅλως
3681 4551 3791 4608 ἅνω

405 4649 628 4695 censeo
657 4633 994 4694 cmlestium
1017 4633 1545 4714 intelligentiarum
1567 4634 2053 4713 deiformitatem;

2141 4638 2226 4692 καὶ
2256 4637 2404 4697 κάτω
2448 4639 2544 4706 τὴν
2603 4638 2854 4717 ἐμπύριον
2903 4636 3303 4696 τυποπλαστὶαν
3362 4643 3512 4714 τιμᾷ.
3568 4641 3638 4696 Τὸ
3698 4641 3799 4714 μὲι

407 4722 688 4803 quoniam
741 4721 899 4784 Deus
933 4730 1140 4784 noster
1179 4724 1339 4801 ignis
1370 4728 1775 4788 consumensf
1816 4725 2054 4790 dicitur.

408 4813 564 4887 Quin
597 4820 655 4874 et
685 4811 746 4873 in
779 4811 916 4892 igne
948 4811 1104 4873 Deus
1140 4811 1303 4875 visus
1335 4821 1446 4894 est,
1473 4821 1536 4877 ut
1574 4815 1832 4877 essentia
1867 4816 2058 4880 forma

407 4921 647 4980 carens,
673 4909 730 4962 et
757 4899 1308 4983 superessentialis,
1328 4903 1607 4983 quoniam
1626 4903 1785 4982 ignis
1817 4905 2052 4975 multas,

407 4993 454 5054 si
488 4991 650 5053 dictu
668 4991 754 5052 fas
785 4990 1110 5072 sit,divinai
1142 4990 1520 5073 proprietatis
1550 4993 1834 5072 imagines
1853 5012 1971 5075 prae
1992 5013 2056 5059 se

407 5081 544 5144 fert.
572 5077 1018 5161 Explicathunc
1051 5082 1256 5161 ignem
1289 5079 1594 5157 sensilem,
1620 5092 1684 5144 ut
1713 5084 1887 5146 estin
1919 5103 2054 5146 om-

410 5169 586 5234 nibus
601 5170 955 5251 quandoque
977 5170 1219 5250 quidem
1239 5171 1490 5253 ipsemet
1504 5170 1679 5252 ignis,
1697 5173 2056 5253 quandoque

407 5277 553 5324 vero
578 5257 732 5339 ignis
765 5264 1114 5340 preprietas,
1143 5277 1361 5342 nempe
1379 5259 1561 5336 calor,
1587 5279 1696 5343 per
1723 5280 1897 5342 quem
1930 5281 2054 5323 om-

406 5353 507 5414 nia
539 5355 854 5412 moventur
889 5369 902 5406 :
947 5347 1114 5410 aiunt
1143 5348 1303 5411 enim
1335 5350 1600 5413 calorem
1645 5369 1779 5414 esse
1809 5369 2047 5415 causam

406 5449 625 5504 motus.
650 5437 780 5501 Non
812 5445 1040 5500 tantum
1073 5456 1213 5518 ergo
1245 5439 1308 5501 in
1351 5439 1507 5515 aliis,
1539 5458 1745 5503 verum
1779 5441 1954 5504 etiam
1988 5443 2047 5503 in

403 5531 702 5594 elemento
727 5529 986 5591 maxime
1008 5528 1566 5605 contrario,scilicet
1585 5547 1760 5613 aqua,
1786 5531 2048 5595 calorem

398 5620 664 5701 reperies
690 5639 704 5682 :
726 5619 1028 5700 quomodo
1058 5618 1218 5681 enim
1244 5627 1590 5684 moveretur
1612 5620 1726 5684 nisi
1771 5620 2047 5702 spiritum

481 5765 504 5800 ε
533 5755 752 5821 Ezecb.
785 5772 827 5836 ι,
860 5755 957 5819 21.
1001 5755 1029 5800 (³
1057 5753 1209 5826 Ibid.
1247 5755 1341 5822 19.
1412 5762 1433 5791 ο
1462 5753 1626 5820 Psal.
1661 5771 1807 5835 xvu,
1840 5755 1900 5823 9.

2139 4725 2228 4782 οὗν
2254 4726 2488 4803 πυρῶδες
2534 4728 2805 4810 ἐμφαίνειν
2849 4727 3035 4804 οἴομαι
3086 4729 3146 4785 τὸ
3196 4725 3420 4791 θεοειδὲς
3474 4735 3577 4786 τῶν
3631 4731 3798 4807 οὖρα-

2140 4818 2261 4874 νίων
2323 4816 2616 4895 δυνάμεων·
2681 4821 2768 4877 καὶ
2825 4820 2924 4898 γὰρ
2984 4822 3010 4876 ὁ
3072 4821 3200 4884 Θεὸς
3263 4821 3416 4895 ἡμῶν
3488 4829 3588 4897 πῦρ
3655 4843 3795 4876 κατ-

2139 4906 2430 4966 αναλισκον
2477 4907 2722 4987 λέγεται.
2787 4910 3090 4990 Ἐθεωρήθῃ
3148 4907 3202 4965 δὲ
3261 4910 3335 4974 εἷς
3395 4915 3495 4984 πῦρ
3547 4911 3575 4966 ὁ
3635 4911 3794 4991 Θεὸς,

2137 4999 2172 5067 ἡ
2205 4997 2517 5077 ἆμύρφωτος
2548 4999 2697 5057 οὐσία
2743 5002 2832 5058 καὶ
2886 5001 3221 5080 ὁπερούσιες,
3282 4998 3365 5055 ὅτι
3430 4999 3515 5055 καὶ
3573 4999 3635 5054 τὸ
3691 4999 3797 5079 πῦρ

2137 5086 2340 5152 πολλὰς
2410 5088 2618 5156 εἰκόνας
2687 5089 2834 5170 ἔχει,
2909 5091 2954 5146 εἰ
3011 5089 3160 5164 θέμις
3217 5087 3351 5152 τέως
3427 5089 3624 5161 εἰπεῖν,
3695 5094 3798 5156 τῆς

2137 5181 2431 5257 θεαρχικῆς
2496 5177 2786 5246 ἰδιότητος.
2860 5179 3142 5260 Ἐκφράζει
3210 5179 3275 5236 τὺ
3345 5179 3593 5244 αἰσθητὸν
3665 5188 3792 5258 πῦρ,

2136 5265 2214 5322 ὄτι
2273 5265 2410 5322 ἔστὶν
2467 5269 2520 5324 ἐν
2581 5275 2734 5345 πᾶσι,
2797 5269 2898 5326 ποῦ
2957 5290 3053 5343 μεν
3112 5269 3197 5324 καὶ
3261 5269 3390 5324 αὒτὸ
3443 5269 3501 5324 τὸ
3533 5275 3658 5346 πῦρ,
3691 5271 3796 5325 ποῦ

2139 5354 2186 5390 λλ
2588 5365 2611 5376 ~
2789 5360 2800 5374 ι
2899 5359 2912 5380 9
2987 5359 2998 5378 v
3220 5359 3233 5376 κ
3339 5379 3352 5388 ,
3447 5357 3460 5376 \
3652 5357 3698 5390 ,ο
3763 5358 3790 5380 η

2134 5373 2189 5412 0:.
2258 5357 2346 5412 καὶ
2419 5359 2453 5425 ἡ
2523 5380 2614 5415 του
2687 5380 2843 5434 tropo;
2902 5355 3124 5436 ιδιοτης,
3185 5379 3246 5412 το
3300 5360 3519 5436 θερμδν,
3580 5379 3676 5413 και
3760 5381 3790 5415 ο

2133 5445 2303 5501 πάντα
2335 5447 2618 5504 κινοῦνται⁶
2683 5448 2858 5504 αἴτιον
2915 5448 3014 5526 γὰρ
3073 5449 3171 5512 τῆς
3231 5448 3492 5515 κινήσεως
3550 5448 3612 5502 τὸ
3668 5449 3793 5524 θερ-

2134 5535 2233 5610 μὸν
2290 5533 2524 5614 λέγουσι,
2585 5537 2664 5602 Νὴ
2722 5537 2884 5613 μόνον
2944 5539 3030 5593 οὖν
3081 5535 3134 5591 ἐν
3205 5547 3324 5598 τοῖς
3385 5533 3593 5606 ἄλλοις,
3650 5535 3793 5593 ἀλλὰ

2134 5625 2222 5680 καὶ
2281 5622 2335 5678 ἐν
2392 5627 2532 5698 αῦτῷ
2587 5633 2664 5702 τῷ
2716 5625 3083 5701 ἐναντιωτάτῳ
3142 5623 3431 5708 στοιχείῳ,
3491 5630 3568 5700 τῷ
3617 5622 3765 5682 ὕδατι

1990 5755 2010 5802 ί
2034 5754 2209 5823 Deut.
2252 5772 2335 5839 Iv,
2367 5755 2467 5823 24.
