4112 6160
385 380 509 448 345

833 385 933 448 DE
961 385 1314 449 COELESTI
1347 386 1854 461 HIERARCHIA,
1887 387 2054 450 CAP.
2089 387 2222 450 XV.
2276 421 2347 431 —-
2384 387 2762 453 PARAPHR.
2804 389 3316 456 PACHYMERE.

3643 390 3762 460 346

387 523 631 602 εὑρήσεις
688 523 750 580 τὸ
807 525 1020 603 θερμόν·
1084 523 1200 590 πῶς
1243 524 1342 602 γὰρ
1402 523 1466 580 ἂν
1514 525 1604 581 καὶ
1659 523 1902 595 ἐκινήθη,
1963 527 2024 598 μῦ

2124 517 2395 593 haberet,
2423 521 2590 601 juxta
2633 521 2818 583 illud:
2885 523 3153 603 Spiritus
3185 525 3424 591 Domini
3450 525 3770 607 ferebatur

388 615 523 694 ἔχον
580 620 826 689 πνεῦμας
907 613 1043 670 κατὰ
1101 615 1186 670 τὸ·
1276 615 1487 688 Πνεῦμα
1566 621 1696 670 Θεοῦ
1760 613 2042 695 ἐπεφέρετο

385 702 573 758 ἒπάνω
629 710 722 761 τοῦ
769 705 981 768 ῦδατις,
1039 706 1110 762 Τὸ
1140 702 1195 761 δὲ
1257 711 1460 780 πνεῦμα
1514 704 1726 768 πάντως
1788 711 1878 762 τοῦ
1922 708 2040 783 θερ-

389 799 495 867 μοῦ
551 791 801 872 μετέχει,
864 792 983 850 καθ’
1057 795 1086 850 ὃ
1146 795 1234 851 ναὶ
1292 794 1562 861 εὖκίνητόν
1621 794 1758 864 ἐστι,
1818 795 1905 851 καὶ
1959 793 2042 850 διὰ

385 882 604 938 πάντων
661 889 838 963 φοιτᾷ,
904 882 1048 952 πλὴν
1106 884 1339 962 ἁμιγῶς·
1399 882 1515 940 οῦδὲ
1573 886 1674 963 γὰρ
1730 886 1856 943 αὐτὸ
1910 885 2038 962 πρὸς

384 971 489 1036 τὴν
547 969 683 1037 ὓλην
741 973 1069 1050 μιγνύμενον
1128 971 1537 1052 μεταϐάλλεται,
1593 972 1730 1029 ἀλλὰ
1777 974 1875 1041 τὴν
1905 972 2040 1040 ὕλην

384 1061 460 1122 εὶς
525 1061 680 1117 ἑαυτὸ
751 1063 1056 1136 μεθίστησι,
1127 1063 1203 1124 Τὸ
1259 1064 1382 1120 αὐτὸ
1449 1065 1535 1120 καὶ
1612 1064 1886 1144 παμφαὲς,
1949 1063 2036 1120 ὅτε

381 1155 484 1216 τῆς
544 1149 676 1217 ὕλης
741 1149 1092 1230 ἑπιδράξεται·
1160 1154 1247 1209 καὶ
1306 1153 1526 1232 κρύφιον
1573 1151 1689 1210 καθ’
1749 1154 1898 1229 αὐτὸ,
1959 1154 2036 1230 μὴ

381 1240 742 1316 προκειμένης
784 1240 941 1308 ῦλης’
1008 1242 1086 1306 τίς
1150 1243 1248 1322 γὰρ
1295 1241 1486 1319 βλέπει
1542 1244 1603 1298 τὸ
1658 1242 1712 1298 ἐν
1761 1249 1827 1320 τῇ
1876 1244 2028 1320 πυρί-

379 1327 484 1384 τιδι
540 1337 663 1410 πῦρ,
697 1332 739 1386 εἰ
805 1333 881 1406 μή
939 1353 999 1409 γε
1062 1332 1354 1411 ἐκκρουσθῇ
1415 1333 1502 1388 καὶ
1549 1332 1679 1401 ὕλης
1735 1333 1875 1397 τινὸς
1909 1331 2032 1389 ἐπι-

378 1416 672 1500 δράξηταις
721 1421 808 1481 Μὴ
859 1421 945 1477 οῦν
996 1420 1115 1500 λέγε
1208 1424 1305 1480 Καὶ
1363 1429 1474 1487 πῶς
1531 1421 1658 1502 δίχα
1701 1423 1842 1484 τινὸς
1900 1421 2031 1488 ὕλης

381 1509 664 1588 σπινθῆρες
721 1509 1086 1588 ἐξάπτονται;
1146 1513 1305 1569 κάκεῖ
1335 1513 1433 1591 γὰρ
1490 1511 1616 1578 ὕλη·
1651 1534 1730 1576 τις
1785 1511 1944 1574 ἐστίν,
2006 1515 2033 1569 ὁ

381 1600 485 1676 γὰρ
531 1597 932 1676 συνθλιϐόμενος
991 1602 1114 1680 ἀὴρ,
1180 1603 1357 1677 μέσων
1412 1602 1513 1658 τῶν
1578 1600 2029 1682 συντλιϐομένων,

380 1689 592 1754 ἐκεῖνός
639 1691 780 1747 ἔστιν
839 1693 909 1753 ὡς
964 1691 1065 1760 ὕλη
1100 1707 1215 1758 τοῖς
1274 1692 1742 1768 ὰποπαλλομένοις
1774 1696 2033 1771 σπινθῆρο

379 1801 490 1859 σιν,
538 1782 609 1844 εἰς
658 1781 714 1836 ὃν
774 1781 1044 1862 ἀναφαίνει
1107 1785 1168 1840 τὸ
1202 1791 1303 1862 πῦρ
1359 1785 1455 1851 τὴν
1516 1784 1710 1839 οἰκείαν
1743 1782 2032 1862 ἐνέργειαν,

2131 610 2263 669 158
2288 627 2702 701 superponas
2725 625 2755 669 ε
2772 611 2804 672 ?
2830 613 3084 693 Spiritus
3106 623 3298 678 autem
3319 617 3562 681 omnino
3583 621 3770 701 parti-

2124 715 2267 779 ceps
2298 708 2387 762 est
2409 699 2655 782 caloris,
2685 721 2791 782 per
2811 722 2990 778 quem
3011 704 3315 767 etmobilis
3339 715 3502 770 estet
3515 699 3768 790 perem-

2123 793 2220 850 nia
2254 796 2436 864 meat,
2473 809 2676 852 verum
2732 792 3141 873 impermiste:
3192 814 3383 877 neque
3424 798 3580 859 enim
3613 797 3766 879 ipse,

2123 878 2264 939 dum
2317 899 2450 941 cum
2491 881 2742 943 materia
2787 883 3229 960 commiscetur,
3263 878 3771 960 immutatumsed

2125 969 2429 1058 materiam
2472 969 2529 1032 in
2555 987 2620 1030 se
2648 973 3190 1037 transmutat.1dem
3223 993 3453 1056 quoque
3483 995 3770 1058 perquam

2124 1057 2518 1128 lucidus,cum
2544 1063 2860 1122 materiam
2885 1081 3048 1143 appr:
3073 1057 3645 1142 hendit;etoccu|tus
3667 1086 3774 1149 per

2121 1166 2208 1222 se,
2245 1167 2374 1208 cum
2432 1167 2549 1208 non
2594 1149 2761 1210 adest
2810 1153 3075 1215 materia.
3115 1154 3261 1225 Quis
3309 1155 3467 1217 enim
3501 1157 3660 1219 videt
3708 1160 3769 1221 in

2118 1237 2540 1318 pyriteignem,
2569 1239 2680 1299 nisi
2709 1241 3058 1323 excutiatur,
3085 1254 3145 1306 et
3170 1245 3476 1317 materiam
3509 1245 3763 1326 aliquam

2119 1327 2450 1417 prehendat
2478 1330 2503 1387 ?
2539 1326 2627 1390 Ne
2679 1329 2855 1408 igitur
2886 1341 3038 1411 pete,
3071 1335 3370 1410 quomodo
3419 1336 3548 1396 sine
3575 1335 3771 1417 aliqua

2124 1416 2375 1478 materia
2393 1417 2668 1480 scintilla:
2688 1421 3113 1485 accendantur:
3149 1442 3281 1484 nam
3303 1431 3362 1485 et
3383 1423 3465 1486 ibi
3497 1416 3766 1506 quaedam

2119 1513 2208 1567 est
2240 1507 2486 1568 materia
2519 1529 2532 1570 :
2568 1508 2808 1570 collisus
2831 1511 2985 1572 enim
3020 1532 3122 1574 aer
3149 1516 3303 1576 inter
3331 1512 3432 1576 illa
3450 1533 3580 1595 qum
3596 1515 3767 1578 colli-

2118 1597 2361 1672 duntur,
2379 1597 2480 1660 ille
2504 1598 2668 1678 quasi
2692 1601 2940 1662 materia
2963 1603 3235 1664 scintillis
3254 1605 3606 1684 excussis,in
3642 1625 3765 1683 quo

2120 1695 2178 1748 et
2199 1686 2350 1764 ignis
2373 1705 2539 1748 suam
2577 1689 2981 1752 etﬁcacitatem
3019 1693 3373 1756 manifestat.
3407 1695 3765 1758 intolerabi-

2118 1778 2192 1838 lis
2223 1786 2332 1850 est,
2363 1780 2548 1852 utqui
2575 1777 2794 1840 nullam
2821 1779 2992 1840 aliam
3019 1780 3420 1844 habitudinem
3456 1784 3668 1847 habeat
3688 1786 3763 1848 ad

379 1866 670 1949 "Aa-Larcio
728 1869 893 1952 ἐστιν,
929 1874 1084 1930 οἱονεὶ
1132 1871 1397 1949 μηδεμίαν
1455 1873 1637 1951 ἑτέραν
1681 1872 1870 1954 σχέσιν
1903 1871 2024 1954 ἕχον

2121 1866 2457 1955 materiam,
2485 1866 2594 1926 nisi
2620 1865 2692 1929 ad
2720 1869 3184 1933 consumendam
3211 1889 3369 1951 eam;
3389 1873 3556 1953 juxta
3584 1893 3760 1955 quam

383 1960 511 2037 πρὸς
574 1960 675 2028 τὴν
751 1959 908 2042 ὕλην,
970 1964 1012 2018 εἰ
1071 1962 1147 2037 μὴ
1217 1965 1353 2020 κατὰ
1424 1964 1486 2021 τὸ
1542 1961 1778 2036 δαπανᾷν
1834 1961 2024 2031 αῦτῆν,

2113 1954 2610 2036 signiﬁcationem
2646 1955 2869 2019 dicitur
2897 1959 3072 2021 etiam
3116 1941 3368 2038 ἀϐίωτος,
3389 1941 3456 2025 id
3487 1970 3576 2025 est
3603 1941 3763 2046 quod

380 2048 498 2106 καθ’
570 2050 599 2106 ὃ
653 2053 1052 2127 σημαινόμενον
1113 2051 1327 2130 λέγεται
1386 2053 1470 2111 καὶ
1525 2051 1770 2126 ἀϐίωτος,
1836 2052 1939 2133 οὐχ
2001 2055 2024 2109 ὁ

2114 2064 2247 2108 cum
2273 2065 2343 2107 ea
2370 2045 2484 2107 vivi
2508 2063 2624 2106 non
2645 2047 2985 2123 possit,non
3011 2051 3534 2133 quiacontemptor
3549 2045 3637 2115 est
3655 2071 3759 2116 re-

379 2141 776 2221 περιφρονητὴς
824 2143 930 2199 τῶν
990 2144 1348 2221 πραγμήτων,
1398 2141 1515 2200 ἀλλ’
1568 2144 1596 2200 ὁ
1644 2149 1719 2216 τῷ
1769 2143 1866 2220 βίῳ
1922 2165 2024 2200 κα-

2114 2154 2272 2210 rum,
2306 2135 2410 2198 sed
2442 2135 2584 2216 quia
2636 2135 2750 2198 vita
2791 2137 3073 2202 abutitur.
3138 2142 3267 2203 Hoc
3324 2149 3520 2204 autem
3579 2161 3762 2206 sensu

374 2232 752 2309 ταχρώμενος,
811 2221 943 2290 υΟτι
1000 2231 1052 2289 δὲ
1112 2239 1266 2289 τοῦτο
1296 2230 1459 2300 δηλοῖ
1516 2234 1578 2290 τὸ
1637 2231 1920 2313 duxero»);
1941 2233 2024 2290 καὶ

2114 2223 2230 2286 dici
2297 2222 2530 2304 ἄσχετον
2597 2240 2704 2285 seu
2775 2225 3241 2304 intolerabilem,
3300 2236 3358 2291 et
3409 2248 3528 2292 non
3589 2231 3758 2311 ἀκραί-

375 2319 498 2400 οὗχὶ
587 2322 646 2377 τὸ
703 2320 1044 2399 ἀκράτητον,
1121 2324 1182 2379 ὲκ
1265 2320 1358 2379 τοῦ
1413 2320 1588 2400 λέγειν
1659 2321 1818 2381 πάλιν
1889 2319 2028 2386 ἰδίως

373 2408 698 2488 ἄκρατητον,
729 2409 913 2479 δῆλον.
976 2409 1328 2490 Ἀθεώρητον,
1385 2412 1474 2468 ὅτε
1527 2411 1653 2492 δίχα
1701 2413 1842 2476 τινος
1895 2409 2028 2479 ὕλης

374 2498 676 2558 ἐπινοεῖται
705 2546 716 2560 ,
793 2503 1251 2582 Αὖτοκρᾱτητιιιὸν
1337 2501 1584 2562 ἀπάντων
1622 2547 1640 2577 ,
1716 2501 1870 2558 οἱονεὶ
1939 2499 2027 2582 aq;

372 2591 564 2646 ἑαυτοῦ
637 2598 883 2671 κρατοῦν,
935 2593 1023 2647 καὶ
1082 2591 1161 2667 μὴ
1245 2590 1371 2671 παρ’
1449 2590 1628 2668 ἑτέρου
1691 2591 2023 2666 κινούμενον·

369 2677 669 2749 ἰδιαιτάτην
725 2682 824 2759 γὰρ
878 2679 1127 2761 διαφορὰν
1184 2683 1246 2737 τὸ
1293 2681 1485 2760 θερμὰν
1545 2678 1692 2761 ἔχει,
1727 2678 1778 2747 ἐξ
1828 2682 1887 2737 οῦ
1939 2682 2026 2738 καὶ

371 2771 428 2825 ἓν
461 2768 656 2848 ἒτέροις
688 2768 723 2838 ἤ
771 2771 981 2838 κίνησις
1044 2771 1267 2849 γίνεται.
1299 2769 1684 2828 Ἀλλοιωτικὸν
1736 2771 1870 2849 πρὸς
1925 2769 2026 2837 τὴν

372 2859 569 2915 οἰκείαν
626 2859 916 2940 ἐνέργειαν,
948 2863 1003 2917 ἓν
1060 2865 1146 2925 οἷς
1177 2861 1239 2917 ἃν
1295 2861 1537 2938 γένηται·
1600 2860 1736 2916 καίει
1793 2860 1894 2939 γὰρ
1937 2861 2026 2916 καὶ

373 2949 402 3005 ὃ
459 2947 670 3028 σίδηρος
735 2950 1078 3028 ἒκπυρωθεξς.
1162 2949 1518 3008 Μεταδοτικὸν
1590 2961 1706 3016 τοῖς
1782 2951 2024 3008 ὁπωσοῦν

373 3036 750 3110 πλησιάζουσν
808 3041 940 3114 πρὸς
1013 3040 1116 3120 γὰρ
1173 3041 1263 3096 τὸν
1318 3039 1353 3109 ἢ
1426 3039 1697 3120 προσεχῆ,
1751 3037 1788 3108 ἢ
1846 3037 2025 3119 πόῤῥο

377 3126 722 3202 πλησιασμὸν
775 3129 1091 3204 ἐκπυροῦται
1144 3132 1204 3187 τὸ
1250 3131 1658 3208 παρακείμενον,
1710 3127 2024 3186 Ἀνανεωτιο

2113 2335 2301 2388 τητον,
2333 2313 2390 2374 id
2453 2322 2540 2374 est
2569 2315 3074 2398 incontinentem,
3107 2336 3177 2381 ex
3229 2337 3299 2380 eo
3353 2319 3760 2404 manifestum,

2114 2402 2269 2482 quod
2305 2402 2520 2465 iterum
2556 2404 2702 2467 dicit
2729 2405 3052 2482 ἀκράτητον,
3086 2425 3193 2470 seu
3227 2408 3417 2471 teneri
3464 2402 3758 2476 nescium.

2111 2491 2435 2554 Invisibilis
2469 2494 2643 2557 etiam
2691 2503 2802 2576 est,
2836 2496 3069 2576 quando
3123 2497 3251 2559 sine
3279 2497 3477 2580 aliqua
3511 2501 3755 2564 materia

2113 2582 2548 2644 consideratur.
2584 2585 2700 2646 Per
2728 2601 2795 2647 se
2823 2586 3021 2646 omnia
3052 2587 3270 2660 domat,
3301 2594 3579 2666 tanquam
3601 2608 3636 2652 a
3663 2609 3754 2653 se-

2113 2672 2370 2762 metipso
2426 2673 2774 2754 praevalens,
2806 2681 2865 2737 et
2915 2694 3033 2737 non
3062 2675 3135 2738 ab
3165 2677 3280 2738 alio
3328 2685 3524 2741 motus
3557 2701 3574 2756 ;
3608 2698 3748 2762 pro-

2112 2759 2412 2841 priissima
2431 2770 2634 2824 autem
2667 2764 2795 2843 ejus
2825 2763 3160 2827 differentia
3189 2773 3278 2828 est
3306 2767 3490 2848 calor,
3522 2759 3752 2849 ex'quo

2110 2851 2287 2913 etiam
2316 2850 2376 2913 in
2395 2850 2526 2914 aliis
2541 2859 2731 2915 motus
2755 2855 3117 2917 ﬁLImmutat
3141 2855 3468 2933 alteratque
3489 2857 3561 2919 ad
3587 2875 3752 2920 suam

2107 2942 2518 3020 Operationem
2553 2941 2654 3005 illa
2683 2943 2896 3023 quibus
2925 2943 3245 3009 incederit:
3279 2964 3413 3008 nam
3446 2954 3504 3008 et
3526 2947 3752 3010 ferrum

2109 3029 2515 3109 ignitumurit.
2534 3030 2961 3114 Quoquomodo
2977 3034 3754 3100 accedentibussecommu—

2107 3118 2272 3179 nicat
2298 3119 2380 3182 :id
2416 3121 2578 3182 enim
2611 3121 2768 3202 quod
2799 3123 3122 3203 apponitur
3154 3143 3259 3205 pro
3287 3125 3516 3189 ratione
3550 3127 3756 3191 vicina

374 3219 496 3297 κὸν,
554 3216 670 3276 καθ’
736 3219 763 3275 ὃ
806 3221 1017 3296 θερμόν
1068 3219 1180 3277 ἐπεὶ
1241 3221 1337 3298 γὰρ
1366 3220 1426 3276 τὸ
1457 3221 1626 3298 γῆρας
1679 3219 1890 3309 ψυχρὸν
1938 3221 2021 3276 καὶ

2109 3208 2196 3269 vel
2245 3211 3004 3309 remotaepropinquitatis
3038 3213 3307 3294 ignescit.
3373 3217 3657 3309 Renovat,
3693 3217 3754 3280 in

370 3305 702 3380 δυσκίνητον,
764 3312 799 3380 ἡ
860 3310 1046 3378 νεότης
1097 3311 1291 3388 θερμή”
1368 3310 1454 3366 καὶ
1505 3311 1827 3388 θερμουργὸς
1875 3308 1903 3363 ὃ
1957 3309 2024 3365 τὰ

368 3407 459 3456 τοῦ
487 3397 608 3453 νέου
637 3397 1015 3476 ἐργαζόμενος.
1055 3401 1198 3457 Κατὰ
1228 3407 1382 3456 τοῦτο
1427 3399 1526 3478 γὰρ
1560 3401 1650 3455 καί
1687 3400 1748 3454 τὸ
1780 3397 2022 3455 ὃπωσοῦν

364 3488 560 3565 θερμὸν
589 3487 645 3543 ἐν
664 3490 800 3562 ἡμῖν
825 3488 1066 3566 ζώπυρον
1098 3487 1338 3568 λέγεται,
1366 3487 1446 3544 ὅτι
1474 3487 1594 3545 καθ’
1629 3489 1754 3544 αὑτὸ
1783 3487 1867 3537 70'
1901 3487 2023 3543 νεά-

362 3585 550 3652 ζομεν.
583 3577 915 3634 Φωτιστικόν
972 3577 1108 3658 ἐστι,
1140 3580 1227 3635 καὶ
1271 3580 1305 3646 ἡ
1340 3577 1608 3654 ἕλλαμψις
1655 3579 1814 3636 αὒτοῦ
1844 3577 2024 3654 ἀπερι-

364 3666 633 3732 κάλυπτος
689 3666 806 3724 καθ’
867 3669 1056 3738 arb-adv.
1121 3669 1208 3736 Μὴ
1263 3669 1365 3747 γάρ
1405 3690 1494 3741 μοι
1539 3666 1663 3744 λέγε
1717 3668 1786 3724 τὰ
1835 3665 2024 3734 ἔξωθεν

366 3755 813 3836 ἐπικαλύμματα,
881 3758 1009 3813 αὐτὸ
1065 3757 1177 3835 ,γὰρ
1247 3755 1407 3813 πάλιν
1472 3756 1792 3836 φωτιστικὸν
1850 3755 2018 3830 μένει,

365 3844 462 3902 κᾶν
524 3845 772 3924 μυριάκις
830 3845 1314 3919 περικαλύπτηται.
1405 3846 1754 3924 Ἀκράτητον·
1819 3846 1864 3902 εἰ
1919 3845 2020 3924 γὰρ

367 3937 454 3991 καὶ
509 3934 565 3991 ἐν
598 3939 663 4011 τῇ
700 3933 803 4012 ῦλῇ
859 3935 1173 4016 κατέχεται,
1231 3933 1355 3992 ἀλλ’
1405 3934 1509 4015 οὔχ
1547 3935 1636 3990 ἵνα
1681 3934 1829 4014 σώσῃ
1889 3933 2019 3990 ταύ-

365 4049 488 4102 την,
521 4027 613 4081 καὶ
670 4025 836 4103 ταύτῃ
881 4032 1038 4107 συνῇ,
1069 4023 1190 4082 ἀλλ’
1250 4025 1346 4082 ἵνα
1394 4023 1702 4091 δαπανῆσαν
1765 4022 2018 4104 οἴχηται,

367 4113 610 4194 Ἀμιγές.
673 4116 774 4172 τίνι
833 4118 932 4196 γὰρ
975 4118 1062 4174 καὶ
1121 4116 1398 4196 μιχθεέη;
1449 4117 1649 4172 ὑπείκει
1700 4121 1800 4194 γᾶρ
1854 4116 2024 4189 τούτῳ

364 4207 540 4264 πάντα.
615 4207 703 4262 καὶ
789 4207 1036 4276 τήκεται.
1143 4206 1498 4284 Διακριτικόν⁶
1589 4203 1840 4282 διακρίνει
1925 4204 2024 4282 γὰρ

2107 3305 2394 3380 quantum
2416 3299 2648 3362 calidus
2661 3308 2772 3364 est:
2811 3301 3105 3383 siquidem
3132 3305 3633 3384 senectusfrigida
3664 3315 3753 3370 est

2105 3397 2165 3450 et
2194 3389 2520 3450 difﬁculter
2551 3399 2836 3462 movetur,
2857 3392 3140 3471 juventus
3163 3411 3300 3454 vero
3327 3394 3517 3456 calida
3547 3403 3667 3469 est;
3693 3403 3754 3458 et

2105 3477 2332 3540 fervide
2368 3479 2488 3556 agit
2535 3479 2805 3562 quisquis
2855 3499 3037 3562 opera
3084 3481 3220 3544 facit
3255 3482 3565 3562 juvenilia.
3600 3485 3750 3547 Nam

2108 3568 2313 3643 etiam,
2339 3568 2667 3630 secundum
2702 3570 2838 3650 hoc,
2873 3569 3158 3652 quidquid
3192 3571 3252 3634 in
3288 3571 3459 3635 nobis
3489 3573 3749 3637 calidum

2108 3666 2218 3733 est,
2242 3657 2493 3738 ignitum
2525 3677 2631 3721 seu
2665 3659 2953 3722 viviﬁcum
2988 3659 3229 3739 dicitur,
3253 3663 3389 3743 quia
3421 3663 3749 3727 secundum

2107 3746 2221 3810 hoc
2244 3749 2715 3828 juvenescimns.
2747 3749 3009 3814 Lucidus
3038 3751 3420 3833 est,etipsius
3443 3752 3749 3817 illumina-

2107 3837 2185 3899 tio
2219 3857 2327 3919 per
2355 3856 2421 3901 se
2450 3839 2736 3902 abscondi
2782 3844 3009 3922 nequit.
3043 3839 3246 3922 Neque
3275 3859 3414 3904 vero
3461 3844 3601 3905 mihi
3633 3845 3746 3906 ob-

2097 3927 2322 4009 jeceris
2349 3931 2681 3992 extrinseca
2709 3929 3166 4012 velamina;ipse
3191 3931 3351 3994 enim
3370 3951 3573 3996 rursus
3593 3933 3655 3996 in
3685 3953 3751 3997 se

2105 4016 2339 4080 lucidus
2364 4027 2584 4094 manet,
2613 4019 2725 4081 etsi
2745 4020 2956 4081 millies
2981 4027 3231 4099 tegatur.
3261 4020 3479 4083 Teneri
3518 4024 3742 4104 nequit:

2107 4124 2240 4168 nam
2277 4106 2418 4169 licet
2462 4110 2520 4169 in
2560 4109 2812 4171 materia
2855 4111 3250 4187 contineatur,
3288 4129 3404 4172 non
3456 4117 3658 4175 tamen
3689 4121 3752 4174 ut

2107 4205 2304 4259 servet
2329 4197 2515 4272 illam,
2547 4197 2754 4279 illique
2786 4198 3042 4275 uniatur,
3074 4199 3178 4261 sed
3212 4211 3277 4261 ut
3306 4218 3375 4261 ea
3405 4211 3754 4282 consumpta

365 4296 456 4361 τὰς
511 4295 669 4376 ὕλας,
731 4299 846 4354 οἷον
909 4295 1014 4353 ἂπὸ
1070 4295 1294 4376 ἀργύρου
1355 4293 1628 4371 μόλιϐδον.
1685 4292 2016 4351 Ἀναλλοίω-

2109 4285 2367 4361 recedat,
2402 4286 2808 4367 impermistus
2844 4308 2857 4351 :
2912 4289 3008 4350 cui
3053 4289 3210 4350 enim
3246 4287 3480 4352 misceri
3539 4291 3746 4369 possit,

361 4407 478 4466 τον,
521 4375 662 4444 καθί
699 4389 727 4445 ὃ
783 4387 842 4443 0'3
887 4385 1104 4444 δυνατὸν
1167 4385 1416 4462 μένοντος
1477 4407 1572 4444 κου
1640 4383 2013 4458 ὑποκειμένου,

2109 4395 2236 4438 cum
2275 4394 2347 4437 eo
2377 4375 2577 4437 omnia
2606 4376 2985 4459 subigantur,
3017 4385 3345 4458 cunctaque
3393 4397 3751 4443 consuman-

359 4465 502 4532 τοῦτ’
558 4475 700 4533 ἔστιν
732 4477 895 4544 αὐτῆς
926 4481 1025 4543 τῆς
1079 4476 1254 4542 οὐσίας
1304 4477 1395 4531 τοῦ
1437 4476 1619 4548 πυρὸς,
1657 4471 2019 4549 μεταϐάλλειν

2109 4472 2242 4528 lur?
2274 4465 2671 4528 Discernendi
2703 4466 2819 4527 vim
2851 4466 3030 4528 habet
3065 4487 3079 4527 :
3146 4468 3437 4550 siquidem
3471 4469 3750 4533 materias

359 4565 488 4621 αὐτὸ
548 4565 604 4622 ἐν
663 4579 782 4630 τοῖς
841 4567 1083 4646 πάθεσιν,
1145 4569 1262 4624 οἷον
1340 4564 1578 4634 γενέσθαι
1650 4564 1775 4622 «ora
1819 4584 2016 4641 στρογ-

2109 4555 2306 4646 utiab
2376 4563 2621 4634 argento
2695 4554 3001 4646 plumbum
3077 4555 3384 4622 discernit.
3461 4559 3748 4620 lmmuta-

552 4619 595 4622 ν
677 4619 781 4630 ,,,,
1152 4619 1254 4624 ,,,,
1355 4619 1394 4634 ,γ
1657 4619 1706 4622 ,_
1886 4619 1974 4641 Γ,

358 4655 540 4732 γύλον,
617 4655 652 4724 ἢ
724 4655 1028 4733 γωνοειδὲς,
1067 4619 1206 4733 ⁷ὅπερ
1279 4654 1334 4710 ὲν
1397 4667 1512 4719 τοῖς
1587 4654 1806 4732 γηῗδοις
1871 4651 2014 4709 ἔστιν

2109 4643 2246 4706 bilis
2316 4653 2402 4705 est
2431 4619 2477 4726 ,ν
2514 4619 2808 4724 quatenus
2866 4644 3238 4725 impossibile
3307 4655 3396 4709 est
3468 4661 3747 4711 manente

359 4747 557 4822 εὑρεῖν⁶
607 4744 644 4812 ἢ
689 4749 880 4803 παθεῖν
949 4747 1016 4804 τὰ
1058 4748 1149 4802 τοῦ
1211 4744 1386 4823 ἀέρος,
1436 4749 1554 4802 οἷον
1599 4747 1859 4824 φθαρῆναι
1929 4739 2014 4797 διαὶ

357 4840 465 4889 τῶν
536 4832 959 4910 ἀναθυμιάσεων·
1026 4834 1061 4902 ἣ
1135 4837 1497 4913 παχυνθῆναι,
1564 4833 1600 4902 ἢ
1667 4831 1754 4887 καὶ
1809 4831 1884 4893 ὡς
1953 4831 2014 4886 τὸ

357 4921 492 5000 ὕδωρ
569 4923 874 4998 μεταϐολάς
933 4921 1194 4990 δέξασθαι,
1264 4922 1589 5002 Ἀνώφοροη
1649 4919 1785 4976 ἀλλὰ
1854 4916 2014 4984 ὀξέως

360 5012 519 5089 ῥέπον
594 5015 668 5076 εἰς
713 5012 868 5090 ὕψος,
916 5014 1006 5070 καὶ
1067 5011 1313 5088 οὒδεμιᾶς
1386 5011 1638 5092 ἀνέχεται
1709 5009 2012 5088 περιπεζίας

356 5100 613 5181 ὑφέσεως.
682 5102 1035 5176 Ἀεικίνητον,
1094 5103 1129 5172 ἢ
1171 5101 1257 5158 διὰ
1311 5102 1411 5169 τὴν
1457 5108 1552 5158 τοῦ
1617 5101 1816 5164 παντὸς
1875 5098 2012 5154 κατὰ

358 5193 652 5271 περιφορὰν
713 5193 948 5271 κίνησιν,
1021 5193 1055 5261 ἢ
1127 5193 1216 5249 καὶ
1280 5189 1413 5248 διότι
1482 5191 1802 5247 ἂεικινεῖται
1869 5185 2011 5243 ἔνθεν

358 5281 609 5339 κάκεῖθεν
680 5283 780 5349 τὴν
850 5281 982 5349 ὕλην
1068 5281 1340 5358 δᾶπανῶν,
1398 5278 1724 5356 δηλουμένοδ
1790 5277 2005 5352 ὡσανεὶ,

357 5367 443 5425 ὅτι
536 5368 868 5451 δυσχεραίνει
955 5372 1054 5440 τὴν
1138 5370 1271 5439 ὕλην
1305 5418 1322 5446 ,
1405 5372 1492 5426 καὶ
1562 5367 1778 5449 ταχέως
1871 5364 2010 5424 θέλει

353 5457 820 5519 ἀποσκευάσασθαι
893 5463 982 5520 τὸν
1038 5460 1255 5539 δεσμόν,
1328 5460 1739 5528 Ταῦτοκίνητον’
1812 5456 2010 5522 ταύτην

429 5600 460 5643 ε
491 5587 644 5654 Gen.
676 5606 720 5668 ι,
753 5590 815 5654 2.

2097 4733 2411 4814 subjecto,
2480 4734 2596 4796 hoc
2655 4741 2747 4796 est
2801 4735 3007 4796 eadem
3077 4736 3231 4816 ignis
3286 4745 3543 4814 natura,
3613 4740 3748 4802 159

2099 4823 2314 4885 mutari
2369 4825 2560 4902 ipsum
2596 4823 2657 4884 in
2710 4823 3204 4904 proprietatibus,
3235 4826 3403 4889 velut
3432 4845 3567 4888 eum
3617 4828 3745 4892 fieri

2096 4912 2414 4977 rotundum
2475 4914 2561 4975 vel
2613 4913 2984 4995 angularem,
3033 4915 3190 4996 quod
3245 4915 3305 4976 in
3366 4916 3746 4980 terrestribus

2095 5002 2372 5065 invenire
2418 5003 2553 5066 licet
2589 5023 2606 5080 ;
2653 5013 2761 5066 aut
2788 5006 2944 5066 aeris
2979 5005 3375 5085 proprietates
3405 5005 3742 5090 admittere,

2095 5094 2246 5153 sicut
2270 5092 2866 5174 perevaporationem
2887 5093 3216 5175 corrumpi;
3246 5094 3338 5156 vel
3361 5095 3742 5174 condensari,

2093 5180 2184 5238 vel
2211 5181 2359 5239 sicut
2387 5195 2592 5253 aquam
2633 5184 2979 5242 mutationes
3011 5185 3323 5256 suscipere.
3356 5183 3594 5243 Sursum
3625 5187 3738 5245 fer-

2093 5277 2211 5342 tur,
2235 5270 2340 5332 sed
2364 5271 2642 5334 celeriter
2664 5270 2724 5333 in
2745 5272 2930 5337 altum
2954 5291 3230 5355 serpens,
3251 5273 3472 5337 nullam
3491 5277 3744 5339 sustinet

2095 5358 2453 5440 dejectionis
2485 5360 3054 5442 vilitatem.Semper
3075 5363 3500 5437 movetur,sive
3517 5381 3741 5426 secun-

2092 5450 2236 5513 dum
2273 5448 2532 5512 universi
2560 5459 2784 5513 motum
2810 5449 3314 5534 circularem,sive
3327 5451 3483 5536 quod
3501 5469 3743 5536 semper

1679 5664 1938 5738 νΑιιιιΕ
1988 5659 2430 5733 LECTIONES.

433 5749 516 5803 που
543 5749 608 5817 L.
642 5751 763 5814 κατ’
789 5753 941 5821 αὐτό.
974 5753 1085 5821 Eo.
1116 5749 1298 5820 Pun.
