4150 6158
378 419 492 486 347
1539 419 1598 481 s.
1653 398 1994 483 DIONYSII
2047 410 2579 478 AREOPAGlT/E.
3635 402 3752 473 348

377 563 601 626 ibidem
629 568 934 625 moveatur
957 559 1263 624 materiam
1288 558 1719 638 consumendo,
1739 558 2014 639 quodam-

2102 548 2201 628 γὰρ
2258 549 2347 606 καὶ
2380 546 2506 625 μίαν
2532 548 2631 616 τὴν
2690 547 2819 629 πρὸς
2851 545 2918 605 τὰ
2962 542 3073 602 ἅνω
3114 544 3326 613 κίνησιν
3376 540 3521 625 ἔχει,
3580 554 3755 612 Κινη-

380 654 558 715 modo
572 653 911 732 signiﬁcans
932 670 996 713 se
1014 650 1317 711 materiam
1334 648 1622 720 aversari,
1653 635 1715 711 et
1731 635 1848 712 cito
1874 649 2014 711 velle

2108 639 2256 694 τικὸν
2313 638 2526 716 ἐτέρων
2564 639 2699 696 κατὰ
2730 639 2792 695 τὸ
2821 638 3011 717 θερμὸν
3060 636 3270 715 ἑαυτοῦ,
3304 636 3473 701 καθὼς
3515 635 3756 709 ἂνωτὲρω

2115 729 2128 744 9
2188 729 2200 744 I
2462 734 2507 744 -ν
2574 726 2607 744 Α
2811 729 2822 744 Ι
2867 743 2870 744 ,
2961 724 3034 744 95‘
3158 726 3173 743 ἱ
3273 724 3285 741 1
3353 727 3367 744 \
3497 730 3524 742 ο
3624 722 3676 744 nx

378 744 506 823 ejus
536 723 834 806 vinculum
865 740 1246 820 abrumpere.
1282 738 1488 819 Seipso
1520 748 1791 800 movetur
1822 756 1836 801 :
1867 739 2014 800 hunc

2110 729 2397 806 ἐκάγομεν,
2462 726 2875 806 Περίληπτικόν·
2926 724 3044 785 οῦδὲ
3116 726 3216 804 γὰρ
3263 724 3408 792 ἐντὸς
3463 730 3561 793 τῆς
3623 723 3757 791 ὕλης

379 812 530 890 enim
556 844 605 889 et
638 847 814 891 unum
837 831 903 890 ad
919 812 1125 901 supera
1146 837 1361 886 motum
1385 812 1576 885 habet.
1597 829 1769 884 Movet
1794 827 1906 883 alia
1927 842 2014 898 pel

2109 824 2321 898 χωροῦν
2364 815 2591 898 δαπανᾷ,
2640 816 2778 874 ἀλλὰ
2820 816 2939 896 περὶ
2983 815 3145 884 αὐτὴν
3189 812 3434 890 εἱλέϊται,
3468 815 3556 871 καὶ
3599 835 3755 893 περι-

376 912 633 976 calorem
653 912 940 986 suum-,uli
962 928 1141 991 supra
1161 909 1439 972 diximus.
1457 907 2014 988 Comprehendendi

2110 905 2406 987 δράττεται.
2467 909 2524 965 Ei
2581 907 2636 963 δὲ
2679 928 2742 983 γε
2787 906 3041 985 ἀποροίης
3098 905 3215 984 περὶ
3276 911 3379 962 τῶν
3435 903 3637 962 ἔνδοθεν
3680 906 3757 979 τῷ

381 1003 429 1064 vi
454 1002 656 1084 pollet:
691 1020 888 1082 neque
915 1003 1073 1063 enim
1106 1001 1410 1061 materiam
1443 997 1833 1060 subintrando
1865 1017 2014 1060 con-

2103 998 2224 1070 πυρὶ
2272 997 2658 1078 σμυχομένων,
2695 995 2828 1069 ἴσοι,
2861 995 2942 1053 ὅτι
2990 994 3215 1052 κάκεῖσε
3249 996 3443 1075 μερική
3474 1016 3554 1060 τις
3597 994 3755 1072 περί-

376 1093 579 1174 sumit,
612 1092 716 1155 sed
775 1093 934 1156 circa
982 1091 1139 1152 illam
1193 1096 1471 1151 versatur
1501 1096 1561 1149 et
1610 1088 2014 1163 amplectitur.

2101 1085 2267 1162 ληψις
2312 1086 2533 1163 γίνεται.
2574 1087 2693 1143 καθ’
2734 1087 2800 1153 ἣν
2844 1086 2904 1142 τὸ
2954 1084 3300 1160 ὑποκείμενον
3356 1084 3753 1163 ὑποσμύχεται.

382 1180 551 1254 Quod
580 1181 631 1244 si
662 1180 928 1261 inquiras
977 1179 1049 1241 de
1078 1178 1148 1239 iis
1178 1196 1310 1257 quae
1360 1177 1729 1242 intrinsecus
1756 1185 1891 1259 igne
1940 1178 2014 1239 li-

2104 1175 2242 1233 οῧτω
2288 1177 2388 1254 γὰρ
2418 1177 2505 1233 καὶ
2534 1175 2894 1254 ἀπερίληπτον
2953 1173 3191 1254 λέγεται,
3226 1175 3284 1231 Εἰ
3340 1174 3440 1251 γὰρ
3470 1175 3559 1230 καὶ
3599 1173 3749 1239 ἐντὸς

387 1279 699 1353 quescunt,
735 1272 905 1344 scito,
938 1268 1113 1332 etiam
1147 1268 1229 1330 ibi
1255 1287 1326 1330 ex
1365 1276 1531 1347 parte
1560 1268 1815 1350 aliquem
1852 1290 2022 1333 com-

390 1362 625 1442 plexum
660 1363 936 1441 existere,
967 1377 1073 1439 per
1091 1377 1262 1440 quem
1296 1376 1393 1420 res
1422 1356 1693 1438 subjecta
1724 1361 2019 1442 collique-

383 1459 536 1526 scat;
564 1451 653 1513 sic
673 1450 837 1515 enim
868 1448 1045 1514 etiam
1083 1447 1618 1529 incomprehensus
1650 1448 2027 1514 dicitur.Etsi

382 1539 541 1602 enim
573 1541 818 1603 interius
841 1540 902 1601 in
933 1538 1286 1616 quihusdam
1316 1538 1499 1601 rebus
1529 1541 1886 1623 reperiatur,
1918 1561 2023 1602 vr-

383 1637 718 1693 rumtamen
741 1629 891 1692 etibi
912 1628 1415 1708 circumplectitur
1433 1629 1810 1708 conjunctam
1833 1630 1946 1693 sibi
1968 1640 2026 1695 et

381 1738 561 1799 quam
591 1719 890 1783 consumit
921 1717 1248 1789 materiam,
1272 1727 1330 1780 et
1358 1715 1431 1779 ab
1452 1736 1521 1779 ea
1553 1719 1800 1782 minime
1827 1723 2021 1784 conti—

382 1820 577 1874 netur.
612 1808 739 1872 Non
770 1817 902 1889 eget
929 1810 1154 1872 altero:
1190 1826 1383 1888 neque
1413 1808 1570 1869 enim
1610 1809 1894 1872 miscetur
1925 1830 2025 1873 ne-

2107 1266 2398 1343 εὑρίσκεται
2453 1266 2508 1322 ἕν
2561 1288 2723 1345 τισιν,
2769 1264 2890 1322 ἀλλ’
2939 1264 3028 1321 οὗν
3087 1265 3307 1320 κάκεῖσε
3359 1263 3593 1342 περιέχει
3656 1263 3756 1330 τὴν

2107 1360 2376 1439 προσεχῆ,
2410 1359 2500 1414 καὶ
2553 1357 2618 1426 ἢν
2676 1356 2883 1430 δαπανᾷ
2909 1356 3065 1437 ὕλην,
3099 1359 3159 1415 οὐ
3208 1355 3336 1435 παρ’
3372 1358 3534 1422 αὒτῆς
3590 1377 3750 1434 περι-

2108 1448 2316 1528 έχεται.
2367 1445 2682 1523 Ἀπροσδεὲς
2743 1446 2946 1527 ἐτέρου·
3008 1445 3125 1503 οὔτε
3172 1447 3273 1525 γὰρ
3332 1447 3575 1523 μίγνυται
3633 1447 3752 1501 οὒτε

2106 1545 2346 1617 κιρνᾶται
2393 1538 2556 1614 ἑτέρῳ
2588 1538 2691 1593 τινὶ
2748 1536 3022 1617 στοιχείῲ,
3071 1538 3144 1599 ὡς
3175 1538 3235 1593 τὸ
3292 1533 3425 1615 ὕδωρ
3456 1536 3544 1592 καὶ
3592 1535 3626 1600 ἡ
3654 1534 3752 1613 γῆ,

2106 1626 2185 1684 διὸ
2229 1629 2318 1685 καὶ
2368 1630 2422 1683 ἒν
2474 1627 2761 1707 στοιχείοις
2821 1627 3128 1694 μονοοῦσιον
3174 1623 3307 1681 αὖτό
3356 1646 3494 1687 τινες
3551 1622 3754 1693 κεκλή-

2106 1740 2257 1795 κασι,
2329 1717 2705 1777 Λανθανόντως
2773 1715 3052 1782 αὐξητικὸν
3121 1715 3346 1771 ἐαυτοῦ’
3446 1714 3583 1771 κατὰ
3654 1715 3755 1793 γὰρ

2106 1805 2549 1864 πολλαπλασίονα
2578 1805 2866 1884 ἀναλογίαν
2917 1803 3213 1870 αὐξάνεται·
3248 1802 3366 1860 οὖδέ
3425 1804 3524 1883 γὰρ
3552 1806 3611 1861 ’ὃν
3654 1803 3760 1861 λόο-

380 1918 495 1980 que
518 1899 906 1963 confunditur
926 1918 1058 1962 cum
1075 1898 1398 1979 aliquoalio
1424 1897 1745 1970 elemento,
1773 1901 2014 1982 uliaqua

2108 1918 2200 1972 γον
2254 1895 2372 1976 ἔχει
2403 1896 2570 1976 τυχὸν
2626 1897 2662 1962 ἡ
2694 1894 3058 1972 προκαιομένη
3106 1892 3207 1960 ῧλῆ
3253 1895 3381 1972 πρὸς
3430 1895 3531 1962 τὴν
3579 1917 3755 1973 προσυ

378 2000 437 2055 et
453 2001 629 2075 terra;
659 1991 1279 2074 quapropteretiamin
1297 1991 1604 2053 elementis
1619 1991 1803 2072 aliqui
1825 1994 2018 2074 ipsum

378 2085 713 2157 μονηούσιον,
740 2100 846 2143 seu
873 2083 939 2143 in
966 2081 1304 2143 substantia
1334 2080 1682 2144 solitarium
1708 2100 2019 2160 nuncupa-

374 2170 533 2223 runt.
571 2162 732 2224 Clam
759 2180 823 2223 se
856 2161 1179 2241 ampliﬁcat.
1211 2180 1224 2221 :
1261 2161 1588 2223 secundum
1617 2162 1775 2223 enim
1815 2163 2020 2224 multi-

372 2252 589 2333 plicem
624 2251 1068 2333 preportionem
1100 2259 1386 2328 augetur;
1423 2269 1620 2328 neque
1653 2251 1811 2314 enim
1840 2252 2018 2315 ratio-

369 2359 533 2423 nem,
569 2360 744 2418 quam
780 2340 956 2403 habet
982 2338 1371 2422 przeainbusta
1405 2345 1649 2402 materia
1681 2342 1752 2402 ad
1787 2360 2016 2405 assum-

370 2438 529 2512 ptam
564 2431 859 2507 eamdem,
886 2431 1059 2493 e:iam
1093 2429 1268 2492 habet
1292 2429 1447 2508 ignis
1478 2431 1651 2511 quiin
1677 2431 1775 2493 illa
1806 2441 1913 2506 est,
1940 2433 2011 2495 ad

371 2523 568 2599 ignem
600 2521 900 2598 quiinhac
929 2533 1041 2596 e51;
1071 2538 1267 2597 neque
1297 2520 1610 2595 rationem,
1636 2540 1811 2602 quam
1839 2523 2015 2585 habet

369 2618 671 2691 assumpta
694 2610 1021 2673 materiaad
1047 2618 1378 2692 utramque,
1403 2608 1632 2674 scilicet
1652 2611 1722 2674 ad
1751 2612 2009 2693 seipsam

372 2708 432 2762 et
459 2699 531 2761 ad
565 2720 692 2763 eam
720 2720 850 2782 quae
871 2710 1044 2764 antea
1064 2701 1505 2781 continebatur,
1525 2702 1798 2764 eamdem
1830 2703 2009 2766 etiam

374 2790 666 2852 rationem
700 2790 877 2853 habet
907 2791 1063 2870 ignis
1092 2792 1190 2871 qui
1223 2799 1425 2871 postea
1473 2809 1759 2853 accensus
1791 2800 1902 2873 est,
1938 2793 2011 2855 ad

373 2896 509 2941 eum
526 2878 631 2957 qui
647 2898 934 2942 accensus
965 2897 1037 2942 ex
1055 2887 1303 2959 utraque
1322 2879 1586 2943 materia.
1619 2880 1849 2944 Idcirco
1866 2882 2016 2944 dixit

372 2966 656 3047 latenter,
690 2969 966 3050 quoniam
999 2968 1049 3030 si
1070 2968 1340 3050 apposita
1370 2968 1615 3032 materia
1634 2969 1709 3031 sit
1731 2970 1929 3053 exilis,
1955 2980 2014 3034 et

368 3056 545 3120 valde
575 3056 824 3120 multum
844 3058 900 3119 id
925 3058 1081 3140 quod
1105 3075 1422 3133 accensum
1448 3062 1628 3127 est.in
1652 3060 1859 3141 capaci
1883 3080 2015 3125 ma-

2104 1983 2540 2061 λαμϐανομένην,
2575 1985 2713 2042 οὕτω
2757 1986 2844 2041 καὶ
2892 1986 2952 2041 τὸ
3003 1984 3057 2040 ἐν
3106 1983 3280 2061 ἐκείνῃ
3339 1991 3459 2063 πῦρ,
3507 1986 3638 2061 πρὸς
3689 1997 3751 2042 τὸ

2105 2076 2160 2131 ἒν
2205 2075 2370 2151 ταύτῄ
2430 2082 2549 2151 πῦρ⁶
2589 2073 2706 2131 οὐδὲ
2763 2076 2819 2130 ὃν
2878 2072 3038 2151 λόγον
3093 2072 3210 2152 ἔχει
3266 2075 3299 2140 ἡ
3332 2071 3750 2149 ’τιῐροσλαμϐαιινοι¹

2106 2164 2241 2239 μένη
2289 2163 2392 2231 ῧλη
2452 2165 2586 2241 πρὸς
2645 2164 2743 2230 τὴν
2805 2163 3081 2241 συνάμφω,
3132 2163 3326 2232 ἑαυτήν
3386 2184 3444 2218 τε
3500 2165 3589 2219 καὶ
3647 2163 3748 2231 τὴν

2104 2253 2608 2333 προκατεχομένην,
2644 2254 2734 2309 τὸν
2780 2253 2935 2311 at?)th
2965 2251 3125 2331 λόγον
3156 2250 3274 2332 ἔχει
3306 2252 3393 2308 καὶ
3422 2254 3483 2308 τὸ
3530 2252 3747 2331 ὕστερον

2099 2344 2325 2423 ἀναφθὲν
2374 2345 2474 2422 πῦρ
2522 2345 2652 2418 πρὸς
2694 2344 2756 2399 τὸ
2810 2342 2872 2397 ἐκ
2920 2347 3018 2408 τῆς
3069 2342 3323 2420 συνάμφω
3371 2340 3504 2409 ὕλης
3551 2340 3744 2408 ἐξανα-

2097 2433 2383 2508 πτόμενον,
2425 2433 2521 2489 Διὰ
2566 2435 2719 2489 τοῦτο
2778 2432 2903 2488 εἶπε
2937 2428 3320 2503 λανθανόντως,
3361 2429 3442 2487 ὅτι
3498 2433 3665 2512 τυχὸν
3707 2433 3745 2500 ἡ

2098 2521 2487 2600 προστιθεμένη
2536 2521 2637 2587 ὕλη
2696 2520 2876 2601 ὀλίγη,
2909 2522 2994 2576 καὶ
3055 2522 3116 2576 τὸ
3169 2520 3534 2596 ἀναπτόμενον
3589 2522 3747 2598 πάμ-

2096 2613 2256 2685 πολυ,
2289 2613 2420 2690 πρὸς
2457 2612 2551 2676 τὰς
2587 2609 2992 2691 δποδεχομένας
3036 2609 3164 2674 ὕλας
3210 2610 3465 2689 ἐκφαῖνον
3511 2611 3609 2679 τὴν
3642 2632 3747 2688 με·

2093 2701 2439 2781 γαλειότητα·
2494 2700 2785 2782 παμφάγον
2843 2701 2942 2779 γὰρ
2990 2699 3127 2780 ἑστι,
3158 2701 3244 2757 καὶ
3303 2698 3511 2763 οὐδενὸς
3568 2700 3747 2782 φείδε-

2093 2814 2180 2849 ται
2224 2797 2316 2847 τοῦ
2347 2790 2632 2869 Εηροτέρου
2688 2789 2905 2871 ταχέως
2955 2787 3431 2864 ἀντιλαμϐάνεται·
3465 2790 3527 2848 τὸ
3577 2789 3745 2868 ὗγλό-

2098 2902 2253 2959 τερον
2297 2879 2419 2937 κατ’
2476 2878 2654 2958 ὀλίγον
2698 2881 2829 2957 πρὸς
2869 2880 2971 2948 τὴν
3014 2881 3208 2938 οἰκείαν
3251 2876 3524 2960 ὑποδοχὴν
3562 2879 3748 2951 ἑπιτή.

2107 2971 2249 3029 δειον
2309 2972 2690 3051 ἀπεργάζεται·
2737 2974 2798 3029 τὸ
2841 2973 3032 3053 θερμὸν
3089 2973 3395 3053 οἰκειοῦται,
3428 2974 3490 3029 τὸ
3537 2974 3748 3053 ψυχρὸν

2099 3061 2344 3143 ἑκπὺροῖ·
2401 3062 2489 3118 καὶ
2540 3060 2727 3126 ἅπλῶς
2785 3060 3044 3120 παντοτόν
3098 3063 3211 3119 ἔστι
3244 3062 3378 3118 κατὰ
3429 3062 3530 3130 τὴν
3583 3061 3747 3119 δύνα-

375 3146 704 3211 teriasuam
729 3146 954 3210 indicat
1012 3147 1411 3229 majesvatem:
1440 3147 1735 3226 siquidem
1755 3151 2014 3212 omnivo-

2100 3174 2214 3228 μιν,
2264 3154 2349 3208 καὶ
2393 3150 2705 3231 δραστήριον
2765 3150 3007 3225 δυνατὸν,
3055 3151 3223 3209 ἅπασι
3286 3151 3535 3231 πάρεστιν
3578 3151 3747 3230 ἀορά-

370 3252 475 3299 rax
522 3245 635 3334 est,
666 3244 726 3334 et
758 3236 901 3334 nulli
933 3235 1118 3334 parcit
1153 3258 1167 3300 :
1224 3236 1472 3334 idquod
1505 3236 1725 3334 siccius
1780 3247 1869 3299 est
1899 3238 2014 3302 cito

2102 3263 2206 3307 τως
2252 3240 2691 3320 κατεσπαρμένον
2734 3241 2789 3298 ἐν
2831 3249 2906 3315 τῷ
2951 3243 3124 3299 παντί·
3177 3242 3265 3298 καὶ
3307 3240 3488 3299 δοκοῦν
3534 3240 3612 3317 μὴ
3656 3241 3748 3299 εἶ-

367 3325 885 3408 apprehendit;id
912 3325 1070 3408 quod
1102 3326 1405 3388 humidius
1420 3336 1533 3407 est,
1567 3326 1790 3388 sensim
1823 3329 1895 3389 ad
1929 3328 2014 3390 sui

2104 3354 2211 3406 ναι,
2259 3331 2568 3411 ἀμελεῖται,
2613 3333 2675 3388 τὸ
2724 3329 2946 3412 φοϐερόν
2989 3354 3047 3390 τε
3111 3332 3196 3389 καὶ
3239 3331 3623 3390 ἀνυπόστατον.
3669 3336 3749 3408 Τῇ

367 3417 811 3497 susceptionem
862 3427 1065 3497 aptum
1127 3416 1356 3479 efﬁcit:
1408 3416 1669 3479 calorem
1716 3418 2016 3494 conciliat,

370 3505 557 3585 frigus
579 3505 969 3583 fervefacit;et
990 3505 1340 3585 simpliciter
1359 3506 1495 3586 quid
1509 3505 1648 3567 libet
1667 3514 1756 3568 est
1775 3508 2013 3585 virtute,

369 3603 460 3659 est
482 3594 716 3677 efﬁcax,
751 3604 982 3675 potens,
1010 3594 1288 3656 omnibus
1311 3595 1687 3658 invisibiliter
1710 3597 2015 3669 adest,as-

369 3702 579 3766 persus
606 3684 767 3747 omni
790 3685 921 3761 rei;
956 3694 1015 3745 et
1042 3685 1180 3746 dum
1214 3683 1449 3746 videtur
1474 3704 1593 3746 non
1625 3704 1781 3761 esse,
1818 3687 2013 3766 negli-

368 3772 841 3852 gitur,terribilis
859 3786 943 3836 est
976 3772 1456 3836 etintolerabilis.
1495 3775 1714 3836 Atlritu
1734 3775 1893 3837 velut
1918 3776 2016 3836 in-

371 3863 583 3944 dagine
606 3863 880 3945 quadam,
907 3861 1100 3925 subito
1118 3871 1177 3923 ut
1193 3862 1461 3942 subjecto
1477 3865 1879 3927 connaturalis
1904 3884 2013 3947 ap-

411 3960 559 4035 aret,
587 3961 903 4035 etrursnm
927 3953 1377 4035 incontinenter
1397 3954 1616 4035 avolat,
1639 3955 1790 4035 sicut
1821 3955 2019 4019 videre

400 4037 508 4096 icet
537 4034 594 4094 in
626 4034 945 4096 scintillise
966 4034 1135 4096 silice
1168 4037 1297 4093 MO
1318 4034 1609 4097 excussis;
1638 4034 1702 4096 In
1736 4035 2017 4099 omnibus

369 4125 459 4185 sui
492 4124 1039 4204 communionibus,
1060 4123 1490 4205 calefacienda,
1517 4124 1768 4201 urendo,
1794 4133 2015 4187 astrin-

370 4213 587 4293 gendo,
606 4214 1024 4284 illuminando.
1052 4215 1402 4295 cmterisque
1430 4214 1676 4276 minime
1701 4216 2012 4278 minuitur.

368 4305 720 4384 Complures
778 4303 923 4366 item
962 4302 1110 4365 alias
1141 4304 1274 4384 quis
1331 4303 1600 4364 invenire
1635 4314 1832 4383 posset
1863 4305 2017 4384 ignis

370 4392 783 4472 proprietates,
832 4394 995 4455 velut
1037 4392 1322 4473 quasdam
1382 4393 1596 4455 divina)
1654 4394 2018 4461 efﬁcacitatis

2101 3422 2270 3502 τρίφει
2301 3420 2355 3477 δὲ
2397 3422 2631 3501 καθάπερ
2690 3424 2790 3478 τινὶ
2819 3422 3047 3493 ζητήσει
3106 3419 3349 3502 ἐξαίφνης
3385 3423 3455 3486 ὼς
3511 3420 3748 3501 συμφυὲς

2100 3518 2176 3586 τῷ
2223 3510 2558 3587 ὕποκειμὲνῳ
2607 3512 2967 3590 ἀναφαίνεται,
3024 3514 3111 3568 καὶ
3161 3512 3305 3575 αὖθις
3356 3509 3748 3581 ἆκαταλήκτως

2100 3601 2414 3680 ἄφίπταται,
2460 3602 2619 3665 καθὸς
2668 3599 2808 3657 ἔστιν
2854 3602 2982 3679 ὁρᾷθ
3038 3600 3094 3657 ἐν
3140 3615 3259 3667 τοῖς
3303 3602 3409 3658 ἀπὸ
3452 3603 3544 3658 τοῦ
3602 3600 3747 3659 λίθου

2098 3694 2431 3766 σπινθῆρσιν.
2498 3690 2588 3747 Ἐν
2631 3691 2828 3755 πάσαις
2886 3703 3010 3756 ταῖς
3078 3690 3239 3750 αὖτοῦ
3283 3689 3628 3771 μεταδόσεσι,
3679 3697 3750 3768 τῇ

2097 3780 2290 3859 θερμῆ,
2343 3784 2411 3855 τῇ
2450 3785 2734 3858 καυστικῇ,
2779 3780 2848 3847 τῇ
2910 3786 3267 3858 στεγνωτικῇ,
3304 3784 3372 3857 τῇ
3420 3786 3744 3861 φωτιστικῇ,

2097 3870 2185 3925 καὶ
2227 3869 2351 3932 ταῖς
2382 3866 2570 3933 ἄλλαις
2624 3868 2905 3944 ἆμείωτον.
2958 3869 3063 3930 Καὶ
3112 3868 3315 3933 πολλάς
3367 3892 3445 3935 τις
3485 3870 3548 3925 ἃν
3604 3869 3746 3949 εὕροι

2101 3960 2198 4025 τὰς
2256 3966 2349 4016 τοῦ
2379 3959 2538 4030 πυρὸς
2585 3958 2882 4035 ἰδιότητας,
2915 3961 3124 4024 εἰκόνας
3178 3960 3324 4024 τινὰς
3357 3965 3455 4027 τῆς
3514 3962 3746 4040 θεαρχι-

2100 4053 2201 4115 κῆς
2249 4048 2554 4127 ἐνεργείας,
2605 4049 2737 4127 πρὸς
2780 4048 2844 4112 ἅς
2907 4049 2997 4106 καὶ
3055 4050 3150 4112 τὰς
3208 4050 3450 4127 οὐρανίας
3506 4047 3746 4124 δυνὶμεις

2098 4139 2145 4193 οἱ
2207 4137 2448 4216 θεόσοαοι
2506 4136 2934 4213 διαπλάττουσιν,
2999 4139 3347 4217 ἐμφαίνοντες
3406 4138 3598 4211 ἀύτῶν,
3656 4141 3749 4194 καὶ

2099 4227 2235 4282 κατὰ
2283 4234 2435 4284 τοῦτο
2490 4234 2550 4282 τὸ
2593 4225 2815 4292 θεοειδές
2870 4228 2958 4283 καὶ
3014 4229 3089 4292 ὡς
3146 4228 3357 4306 ἐφικτὸν
3394 4226 3745 4301 Θεομίμητον,

2098 4314 2179 4372 ὅτι
2208 4328 2329 4378 ταῖς
2374 4315 2565 4389 εἰκόσι,
2598 4314 2717 4372 καθ’
2770 4317 2832 4379 ἃς
2862 4317 2924 4372 τὸ
2978 4318 3127 4373 θετον
3171 4318 3500 4390 εἰκονίζεται,
3534 4315 3751 4381 ταύταις

2099 4408 2338 4484 χρῶνται
2381 4406 2468 4461 καὶ
2499 4404 2583 4461 ἐπὶ
2622 4411 2728 4461 τῶν
2761 4405 3015 4482 οὗρανίων
3043 4404 3340 4482 δυνάμεων,

366 4482 757 4573 imagines,ad
790 4501 939 4562 quas
973 4483 1147 4573 periti
1179 4500 1376 4544 rerum
1411 4482 1740 4573 divinarum
1768 4485 2039 4552 cmlestes
2068 4482 2318 4555 virtutes
2342 4492 2770 4573 efﬁngunt,per
2794 4494 2907 4555 hoc
2927 4493 3162 4557 illarum
3188 4493 3655 4558 deiformitatem
3678 4511 3750 4558 ac

366 4568 649 4665 divinam,
675 4581 960 4665 quantum
989 4572 1103 4665 fas.
1140 4572 1525 4633 imitationem
1571 4572 1968 4665 declarantes,
2004 4580 2145 4643 dum
2178 4582 2389 4644 iisdem
2423 4568 2804 4665 imagini—bus,
2836 4581 3054 4664 quibus
3083 4583 3351 4646 divinum
3382 4582 3614 4646 Numen
3646 4602 3751 4646 ex-

278 4658 288 4668 ’
367 4660 652 4740 primunt,
690 4666 747 4720 in
779 4660 1118 4722 ccelestihus
1145 4680 1381 4740 quoque
1415 4661 1730 4723 virtutibus
1758 4676 2033 4730 utuntur.

443 4750 472 4831 §
498 4749 597 4814 ΙΙΙ.
624 4752 955 4845 curantem
980 4750 1265 4845 humanas
1288 4751 1506 4845 formas
1537 4751 1609 4813 iis
1638 4752 1997 4817 ascribunt?

2157 4762 2187 4842 ᾗ
2220 4760 2320 4826 ΙΙΙ,
2357 4763 2454 4819 Διὰ
2483 4763 2531 4819 τί
2574 4761 2628 4818 δὲ
2658 4763 3138 4843 ἆνθρωπομόρφοὺς
3169 4763 3529 4845 ἀναγράφουσι
3566 4786 3585 4837 ;
3646 4762 3739 4822 διὰ

367 4849 611 4920 propter
629 4840 742 4901 vim
766 4838 1405 4932 iiitelligentli,_i\ngeli
1439 4841 1596 4932 enim
1632 4843 1735 4903 toti
1772 4857 2000 4908 mentes

2098 4838 2389 4932 εὸ-νοερόν,
2425 4855 2484 4911 Οἱ
2515 4852 2610 4927 μὲν
2655 4854 2754 4931 γὰρ
2798 4838 3037 4930 ἄγγελοι,
3071 4854 3132 4909 τὸ
3185 4838 3439 4916 πᾶνννόες
3488 4854 3609 4911 εἶσί·
3649 4856 3742 4912 καὶ

366 4939 531 5008 sunt;
559 4933 966 5007 etquoniama
996 4928 1116 4991 Deo
1141 4929 1532 5010 illustrantur,
1561 4930 1926 5013 intelligendi
1950 4936 2001 4997 vi

369 5016 618 5098 pollent.
651 5017 802 5092 Quin
836 5030 893 5081 et
924 5019 1195 5081 homines
1225 5036 1460 5099 quoque
1492 5026 1750 5083 mentem
1786 5023 2005 5086 habent

366 5105 581 5168 animae
595 5106 833 5188 ducem,
854 5109 911 5169 in
928 5128 1102 5189 quam
1130 5107 1386 5189 primum
1415 5108 1516 5170 Dei
1541 5109 1853 5173 illustratio
1877 5113 2004 5175 ori-

368 5205 486 5270 tur,
521 5202 698 5274 atque
729 5197 809 5257 ita
838 5197 1120 5277 spiritalis
1152 5196 1451 5274 efﬁcitur;
1484 5207 1603 5258 tum
1637 5200 1796 5276 quod
1830 5202 2008 5265 homo

362 5288 597 5377 vivendi
626 5287 787 5352 vires
824 5289 1037 5352 habeat
1070 5295 1142 5354 ad
1188 5292 1489 5354 anteriora
1520 5295 2009 5377 conversas,(qui

366 5376 551 5451 enim,
567 5378 736 5459 juxta
763 5380 1131 5460 prophetam,
1161 5400 1277 5442 non
1305 5384 1581 5461 estgravi
1613 5385 1879 5458 cordes',
1903 5376 2005 5447 slu-

368 5485 507 5548 pera
523 5478 771 5548 spectat,
797 5488 914 5548 prae
945 5470 1174 5531 czeteris
1206 5470 1609 5532 animantibus
1630 5491 1760 5554 quae
1793 5482 2009 5535 terram

363 5565 744 5633 contuentur,
777 5568 835 5620 et
865 5558 1095 5621 vivendi
1123 5560 1274 5620 vires
1298 5560 1459 5620 humi
1483 5561 1702 5623 (letian
1733 5562 2007 5643 habent);

366 5654 488 5708 tum
521 5648 698 5710 etiam
723 5655 965 5730 propter
993 5648 1198 5711 formai
1222 5647 1639 5713 rectitudinem
1659 5660 1720 5714 et
1749 5654 2011 5717 erectio-

445 5793 495 5850 r
513 5791 669 5859 Psal.
700 5808 782 5869 iv,
815 5797 875 5860 3.

2087 4942 2141 4997 ἒν
2196 4949 2272 5014 τῷ
2310 4944 2443 5020 παρὰ
2494 4948 2626 4998 Θεοῦ
2656 4940 3017 5018 ἔλλάμπεσθαι
3060 4942 3238 5019 νοερὸν
3288 4943 3502 5023 έχουσι.
3553 4944 3651 5002 Καὶ
3696 4947 3749 5007 οἱ

2088 5028 2351 5109 ἅνθρωποι
2382 5038 2501 5088 νοῦν
2532 5033 2622 5087 τὸν
2678 5032 2920 5108 ἡγεμόνα
2971 5035 3072 5098 τῆς
3117 5034 3328 5112 ψυχῆς,
3360 5034 3435 5098 εἷς
3479 5033 3540 5089 ὃν
3588 5034 3748 5109 πρώ-

2089 5142 2194 5186 τως
2242 5121 2331 5177 καὶ
2373 5122 2407 5189 ἡ
2461 5121 2572 5177 θεία
2616 5120 2884 5196 ἕλλαμψις
2930 5122 3154 5199 γίνεται,
3212 5124 3300 5179 καὶ
3351 5125 3531 5199 νοερὸς
3590 5124 3748 5187 οὗτος

2091 5210 2529 5267 ἀποκαθίσταται*
2582 5209 2759 5289 ἕτερον
2791 5209 2875 5267 διὰ
2925 5211 2986 5267 τὸ
3037 5213 3169 5290 πρὸς
3225 5213 3286 5268 τὸ
3332 5209 3554 5277 ἄναντες
3598 5211 3754 5294 ἔχειν

2091 5300 2185 5364 τὰς
2245 5300 2469 5362 ὀπτικὲς
2518 5298 2762 5376 δυνάμεις
2821 5302 2910 5357 τὸν
2971 5299 3249 5380 ἄνθρωπον
3327 5300 3591 5379 (ἀνανεῦει
3647 5304 3755 5385 γὰρ

2095 5391 2122 5445 ὁ
2168 5390 2245 5465 μὴ
2300 5389 2435 5445 κατᾶ
2466 5390 2556 5445 τὸν
2617 5390 2904 5468 προφήτην
2949 5389 3317 5469 βαρδκᾶρδιος,
3351 5389 3461 5446 ἄνω
3505 5398 3611 5448 τῶν
3655 5391 3753 5448 ἄλ.

2093 5476 2203 5533 λων
2260 5477 2434 5551 ζώων,
2480 5480 2568 5535 καὶ
2623 5486 2696 5539 εἰς
2728 5480 2832 5557 γῆν
2885 5480 3213 5560 βλεπόντῶν,
3246 5481 3334 5536 γαὶ
3391 5481 3485 5545 τὰς
3521 5481 3756 5547 ὀπτικὰς

2092 5564 2335 5642 δυνάμεις
2384 5568 2514 5643 πρὸς
2572 5569 2635 5624 τὸ
2692 5571 2956 5632 κάταντες
3016 5567 3312 5648 ἦχόντων),
3363 5567 3495 5628 ἄλλο
3552 5568 3642 5626 διὰ
3688 5572 3756 5629 τὸ

2090 5661 2184 5712 τοῦ
2239 5654 2522 5740 σχήματος
2592 5658 2708 5715 εὐθὺ
2761 5657 2849 5714 καὶ
2918 5655 3093 5738 ὄρθιον
3142 5659 3426 5740 (ἰθυτενεῖς
3457 5657 3557 5739 γὰρ
3614 5660 3758 5743 πρὸς
