4150 6158
341 417 463 487 349
748 423 846 488 DE
889 424 1238 489 CCELESTI
1282 422 1782 508 HIERARCHIA,
1831 429 1996 492 CAP.
2044 428 2176 492 XV.
2243 463 2321 476 -—
2365 432 2748 499 PARAPHR.
2803 436 3320 504 PACHYMERXE.

3603 441 3722 514 350

339 564 411 618 τὰ
452 562 566 620 ἅνω
609 563 692 621 καί
737 565 784 622 οἱ
842 564 982 621 θεῖοι
1041 563 1282 642 ἄγγελοι,
1316 563 1450 622 ὅπου
1491 588 1550 644 γε
1593 568 1682 624 καὶ
1723 570 1830 624 τῶν
1887 563 1987 618 ἆνο

2081 564 2429 644 ῐιθιηζειηεθιί
2446 566 2603 656 enim
2620 567 2803 629 divini
2817 570 2886 632 ad
2907 589 3166 653 superna
3178 583 3313 639 sunt
3331 579 3518 641 erecti
3532 582 3722 656 ,unde

339 651 572 728 θρώπων
627 656 673 710 0i
712 653 776 709 τὰ
813 653 925 709 ἅνω
953 661 1233 726 ζητοῦντες
1291 657 1363 721 ὡς
1409 655 1636 737 φοίνικες
1683 657 1860 715 ἀνθεῖν
1903 656 1989 715 λέ-

2081 660 2133 708 et
2157 653 2417 710 homines
2430 655 2528 727 qui
2549 672 2792 727 superna
2818 651 3162 730 spectant,ut
3183 665 3470 732 phoenices
3491 651 3719 743 ﬂorere,

342 765 552 820 γονται,
588 745 674 799 καὶ
731 745 804 808 ὡς
833 741 1006 822 κέδροι
1059 745 1469 826 πληθύνεσται),
1505 747 1595 804 καί
1637 745 1721 804 διὰ
1769 750 1830 804 τὸ
1860 748 1996 806 κατὰ

339 833 504 910 φύσιν
561 832 787 912 ἀρχικὸν
840 834 929 890 καί
969 835 1294 912 ἡγεμονικὸς
1336 843 1444 892 τῶν
1499 836 1810 914 ἀνθρώπων,
1873 837 1994 895 κατ’

339 920 524 979 εἰκόνα
582 922 920 980 πλασθέντων
982 932 1112 984 Θεοῦ
1147 925 1233 982 καὶ
1288 926 1542 999 ὁμοίωσιν
1578 928 1720 1003 (περί
1760 930 1834 983 ὧν
1894 927 1990 985 λέ-

334 1028 513 1090 γεται’
553 1013 647 1070 Καὶ
707 1011 1020 1092 ἀρχέτωσαν
1051 1016 1154 1071 τῶν
1209 1016 1408 1094 ἰχθύων
1450 1017 1538 1073 καί
1586 1024 1692 1073 τῶν
1736 1024 1993 1075 πετεινῶν

331 1113 431 1162 τοῦ
460 1104 728 1180 ούρανοῦ),
772 1105 866 1160 καὶ
906 1101 991 1161 διὰ
1040 1105 1100 1160 τὸ
1131 1105 1436 1172 αἰσθητικὸν
1482 1107 1580 1181 μὲν
1628 1107 1805 1188 ὀλίγον
1841 1108 1990 1190 ἔχειν

332 1195 426 1249 τὸν
487 1193 782 1274 ἄνθρωπον,
852 1196 925 1259 ὡς
1013 1197 1141 1273 πρὸς
1201 1197 1295 1261 τὰς
1370 1195 1562 1265 λοιπὰς
1627 1205 1728 1255 τῶν
1781 1199 1990 1278 ἀλόγων

336 1282 492 1353 ζώων
535 1281 804 1363 δυνάμεις,
863 1286 1218 1356 καρατητικὸν
1259 1285 1314 1342 δὲ
1373 1286 1588 1344 πάντων
1643 1296 1711 1368 τῇ
1760 1300 1851 1349 τοῦ
1900 1297 1990 1347 νοῦ

340 1369 586 1446 δυνάμει,
633 1375 717 1429 καὶ
775 1379 843 1449 τῇ
905 1375 1045 1430 κατὰ
1111 1375 1333 1453 λογικὴν
1396 1375 1703 1453 ἐπιστήμην
1761 1378 1983 1458 ἐπικρα-

342 1463 482 1535 τείᾳ.
518 1469 684 1520 Τοῦτο
727 1463 781 1519 δὲ
827 1464 937 1520 ἐστι
989 1467 1248 1540 τοιοῦτον,
1300 1465 1379 1522 ότι
1412 1469 1459 1523 οἱ
1503 1466 1767 1548 ἄνθρωποι
1813 1469 1990 1547 ὀλίγον

343 1552 406 1609 τὸ
438 1552 556 1610 κατ’
620 1552 869 1621 αἴσθησιν
921 1553 1103 1635 ἔχουσι
1136 1558 1265 1634 πρὸς
1322 1558 1387 1614 τὰ
1432 1557 1568 1614 ἄλλα
1613 1566 1744 1630 ζῶα⁶
1779 1561 1845 1616 τὰ
1893 1561 1991 1636 μὲν

344 1643 449 1722 γὰρ
506 1642 673 1720 ἄλογα
703 1645 764 1700 τὸ
794 1651 899 1701 πᾶν
955 1643 1202 1713 αἴσθησίς
1246 1648 1368 1703 sict“
1405 1646 1472 1704 δι’
1516 1651 1583 1714 ἧς
1615 1651 1701 1706 καί
1731 1648 1996 1707 διοικοῦν-

345 1755 435 1789 ται
463 1733 668 1800 ἀνόητα
713 1734 862 1794 ὄντα.
899 1734 989 1792 Ἐν
1021 1737 1158 1811 ἡμῖν
1188 1734 1241 1792 δὲ
1272 1738 1447 1817 βραχὺ
1477 1740 1537 1794 τὸ
1571 1741 1901 1806 αἰσθητικόν
1937 1744 1997 1799 οὒ

343 1823 445 1900 γὰρ
474 1820 542 1878 δι’
590 1827 750 1883 αὗτου
792 1825 1169 1904 συνιστάμεθα,
1203 1825 1341 1883 ἀλλὰ
1372 1826 1458 1884 διὰ
1490 1836 1582 1886 τοῦ
1624 1837 1833 1906 νοεροῦ.
1865 1829 1993 1888 Ἐπὶ

2079 748 2444 839 ettanquam
2478 746 2642 839 cedri
2675 749 3055 839 multiplicari
3087 755 3501 839 perhibentur)
3539 780 3554 836 ;
3592 769 3714 824 tum

2077 830 2250 928 etiam
2290 837 2864 928 propterJiominum
2899 830 3223 904 naturalem
3262 830 3632 928 princip'andi
3665 861 3725 914 et

2078 919 2411 1000 imperandi
2441 928 2888 1010 prerogativam,
2919 940 2982 992 ut
3005 932 3103 1008 qui
3126 932 3198 993 ad
3223 919 3539 1015 imaginem
3566 948 3626 1002 et
3642 947 3723 1002 si-

2079 1010 2475 1075 militudinem
2509 1016 2611 1078 Dei
2647 1017 2780 1079 facti
2811 1029 2945 1081 sunt
2979 1021 3078 1095 (de
3107 1023 3322 1103 quibus
3348 1010 3573 1090 dicitur
3603 1051 3617 1094 :
3651 1031 3723 1092 Et

2080 1102 2322 1198 praesint
2353 1104 2642 1198 piscibus,
2679 1117 2735 1168 et
2766 1110 3102 1173 volucribus
3135 1115 3365 1198 cmlih);
3400 1126 3522 1180 tum
3561 1121 3720 1197 quod

2075 1190 2274 1266 homo,
2309 1196 2580 1274 quamvis
2610 1215 2788 1258 sensu
2818 1201 3056 1279 quidem
3088 1190 3432 1268 caeterorum
3468 1190 3722 1290 compa-

2073 1281 2306 1344 ratione
2338 1285 2668 1361 brutorum,
2696 1289 2941 1353 minime
2969 1292 3179 1367 valeat,
3209 1297 3487 1358 omnibus
3521 1281 3719 1362 tamen

2076 1375 2326 1450 imperet
2348 1377 2645 1453 praestanti
2665 1377 2716 1437 vi
2744 1379 2978 1460 mentis,
3014 1400 3082 1442 ac
3115 1383 3483 1447 rationalibis
3515 1394 3720 1450 scicn-

2081 1459 2174 1556 tiae
2205 1461 2534 1527 dominatu.
2591 1469 2718 1529 Hoc
2759 1459 3068 1531 autemita
3097 1490 3161 1533 se
3211 1473 3411 1556 habet,
3437 1479 3720 1556 quoniam

2082 1547 2356 1612 homines
2408 1571 2610 1633 parum
2645 1557 2784 1636 quid
2837 1559 2910 1619 de
2941 1579 3120 1622 sensu
3167 1547 3409 1638 habent,
3444 1547 3721 1647 respectu

2080 1638 2329 1700 aliorum
2363 1644 2730 1706 animalium:
2763 1646 2936 1711 bruta
2966 1650 3124 1711 enim
3160 1670 3400 1731 prorsus
3431 1638 3568 1716 sunt
3586 1674 3725 1719 sen-

2079 1744 2203 1800 sus,
2236 1749 2354 1805 quo
2387 1733 2564 1794 etiam
2585 1745 2892 1817 reguntur,
2926 1758 3058 1800 cum
3090 1740 3208 1802 sint
3237 1742 3620 1808 irrationalia.
3653 1747 3720 1809 In

2080 1817 2459 1883 nobisautem
2485 1824 2782 1888 modicum
2797 1829 2935 1908 quid
2953 1832 3311 1895 estsensile:
3342 1853 3536 1915 neque
3557 1836 3721 1898 enim

345 1911 398 1968 δὲ
452 1918 557 1969 τῶν
587 1913 826 1993 ἀγγέλων
885 1912 1002 1971 οὐδὲ
1031 1916 1091 1972 τὸ
1123 1917 1457 1996 βραχύτατόν
1490 1917 1605 1976 ἐστι
1638 1926 1744 1977 τῶν
1800 1922 1985 2003 αἰσθή-

2081 1926 2145 1968 ex
2171 1927 2242 1970 eo
2274 1920 2638 1990 constamus,
2665 1916 2769 1978 sed
2793 1936 2863 1978 ex
2889 1919 3243 1984 intellectili.
3268 1921 3336 1984 In
3359 1911 3584 2003 angelis
3607 1945 3720 1988 au-

345 2025 506 2083 σεων,
537 2002 674 2063 ἀλλὰ
719 2004 881 2069 τύπος
931 2006 1132 2086 βραχὺς
1163 2005 1378 2064 ἐκείνων
1436 2009 1500 2064 τὰ
1529 2008 1647 2066 καθ’
1678 2011 1845 2086 ἡμᾶς’
1899 2002 1989 2074 Ὠς

2081 2003 2194 2058 tem
2218 2016 2412 2080 neque
2430 2004 2741 2066 minimum
2771 2008 2912 2088 quid
2938 2018 3026 2071 est
3047 2002 3575 2094 sensuum,verum
3608 2035 3719 2077 no-

344 2093 446 2172 γὲιρ
474 2096 524 2149 οἱ
555 2092 798 2172 ἄγγελοι,
830 2095 907 2170 μὴ
939 2095 1268 2176 κεχρημένοι
1311 2110 1428 2164 τοῖς
1459 2097 1575 2155 καθ’
1606 2101 1750 2175 ἡμᾶς
1796 2102 1989 2169 αἰσθη-

2081 2092 2276 2179 stratia
2304 2100 2442 2154 sunt
2470 2094 2636 2156 rudis
2663 2095 2900 2159 illorum
2935 2101 3141 2179 ﬁgura.
3197 2092 3718 2176 Quemadmodum

340 2184 567 2261 τηρίοις,
604 2185 738 2242 κατὰ
772 2183 906 2243 πολὺ
962 2185 1283 2265 ὑπερέχουσι
1341 2188 1419 2262 τῷ
1450 2190 1681 2266 περιὸντι
1737 2196 1836 2260 τῆς
1869 2213 1993 2249 νοε-

342 2279 438 2350 ρᾶς
509 2270 804 2349 δυνάμεως·
868 2273 1006 2332 οὕτω
1056 2276 1149 2333 καί
1204 2279 1250 2334 οἱ
1310 2275 1572 2358 ἅνθρωποι
1630 2286 1701 2358 τῇ
1756 2288 1850 2339 τοῦ
1903 2289 1992 2339 νοῦ

339 2365 608 2444 ὑπεροχῇ,
637 2365 726 2422 καὶ
790 2370 855 2441 τῇ
897 2363 1092 2445 λογικῇ
1151 2367 1449 2448 ἐπιστήμης
1495 2374 1594 2436 τῆς
1644 2369 1840 2450 ἀλόγου
1892 2371 1992 2452 φύ-

341 2473 479 2517 σεως
529 2460 802 2531 κρατοῦσι.
840 2455 915 2513 Τὰ
965 2461 1091 2534 γοῦν
1153 2455 1345 2537 ἄλογα,
1374 2458 1452 2533 μὴ
1485 2456 1681 2539 ἔχοντα
1723 2463 1818 2517 τὸν
1848 2469 1991 2537 νοῦν,

340 2543 562 2605 εἰκότως
622 2541 1010 2622 δραστικώτερα
1039 2547 1128 2602 καὶ
1177 2543 1385 2624 ὀξύτερο
1414 2549 1552 2606 κατὰ
1602 2551 1694 2616 τὰς
1729 2552 1995 2628 αἰσθῄσεις

343 2634 499 2708 εἰσὶν,
534 2633 714 2707 ὥσπερ
743 2636 831 2691 καί
886 2635 953 2690 τὰ
996 2635 1151 2711 φυτὰ,
1188 2636 1265 2710 μὴ
1311 2635 1509 2717 ἔχοντα
1553 2638 1828 2717 αἴσθησιν,
1861 2642 1998 2698 κατὰ

347 2723 444 2786 τὰς
508 2723 732 2802 φυσικὰς
787 2725 1079 2804 ἐνεργείας,
1142 2727 1241 2794 τὴν
1296 2728 1627 2805 θρεπτικὴν,
1667 2730 1766 2798 τὴν
1821 2729 1994 2798 αὔξη-

343 2812 528 2893 τικήν,
560 2814 646 2869 καὶ
703 2813 801 2878 τήν
859 2821 952 2870 τοῦ
987 2820 1174 2892 γεννᾷν
1231 2815 1292 2871 τό
1355 2814 1562 2892 ὅμοιον,
1623 2816 1994 2900 ἐνεργεστέρας

348 2901 563 2982 ἔχουσι.
630 2903 728 2958 Διὰ
774 2910 930 2961 τοῦτο
961 2904 1062 2981 γὰρ
1119 2905 1206 2961 καὶ
1240 2905 1376 2977 ζώου
1429 2905 1816 2976 κολοϐωθέντος
1858 2911 1994 2968 κατά

341 3014 417 3063 τι,
451 2994 511 3050 οὗ
564 2989 774 3050 δύναται
835 2992 1097 3062 ἆναθῆλαι
1154 2996 1216 3051 τὸ
1264 2993 1454 3053 λεῖπον
1508 2996 1695 3075 μέρος·
1729 3005 1890 3079 φυτοῦ
1936 2998 1990 3056 δὲ

341 3083 536 3160 μέρους
568 3081 915 3157 ἐκκοπέντος,
947 3085 982 3152 ἡ
1040 3082 1367 3154 ἆναθήλησις
1400 3084 1600 3146 πλείων
1658 3089 1882 3169 γίνεται,
1915 3092 1989 3156 ὡς

342 3170 743 3244 πλεοναζούσης
826 3170 880 3227 ἐν
963 3172 1168 3238 τούτοις
1240 3178 1339 3241 τῆς
1403 3181 1623 3254 φυτικῆς
1690 3175 1985 3254 δυνάμεως,

2073 2176 2253 2256 igitur
2279 2182 2474 2261 angeli
2505 2202 2638 2246 cum
2673 2205 2791 2249 non
2822 2176 3063 2252 utantur
3088 2190 3166 2254 iis
3189 2192 3406 2273 quibus
3437 2213 3548 2256 nos
3577 2214 3718 2257 sen-

2078 2285 2248 2329 suum
2281 2269 2712 2352 instrumentis,
2749 2277 3065 2357 plurimum
3098 2269 3461 2346 antecellunt
3489 2283 3717 2348 intelli-

2077 2360 2291 2437 gentiis
2321 2362 2494 2442 copia
2518 2363 2854 2443 facultatis;
2887 2367 2974 2431 sic
3007 2369 3182 2432 etiam
3211 2372 3483 2435 homines
3506 2374 3721 2437 mentis

2079 2447 2432 2513 excellentia
2465 2454 2882 2518 etratiocinali
2914 2459 3165 2523 scientia
3180 2460 3589 2526 irrationalem
3610 2481 3720 2526 su-

2082 2549 2291 2635 perant
2322 2549 2614 2635 naturam.
2639 2544 2818 2608 Bruta
2847 2549 3069 2631 itaque,
3095 2570 3231 2630 quae
3262 2561 3462 2615 mente
3492 2561 3718 2635 carent,

2080 2627 2293 2690 merito
2312 2630 2648 2695 ellicaciora
2681 2644 2892 2699 suntet
2919 2627 3211 2703 celeriora
3222 2642 3554 2704 secundum
3575 2627 3718 2706 seu;

2077 2735 2178 2777 sus
2215 2737 2231 2794 ;
2278 2721 2784 2796 quemadmodum
2819 2734 2877 2788 et
2909 2727 3145 2806 plantae,
3177 2749 3314 2812 quae
3371 2741 3509 2794 sunt
3537 2751 3723 2796 sensu

2077 2805 2400 2884 destitutae,
2428 2815 2782 2891 vegetativas
2821 2805 2944 2878 I41
2995 2805 3322 2896 facultates,
3360 2831 3422 2884 ut
3448 2822 3719 2886 altricem

2079 2904 2138 2958 et
2162 2901 2489 2962 auctricem
2525 2910 2584 2963 et
2613 2903 2705 2965 sui
2735 2904 2949 2970 similis
3005 2912 3465 2988 generatricem,
3498 2912 3724 2977 habent

2079 2989 2471 3052 efﬁcaciores.
2521 2991 2754 3056 Idcirco
2785 2995 2944 3058 enim
2994 2998 3237 3062 animali
3278 3003 3549 3066 mutilato
3581 3021 3717 3083 pars

2075 3076 2337 3171 abscissa
2383 3097 2772 3160 nequoquam
2804 3083 3020 3149 iterum
3072 3096 3268 3166 potest
3309 3076 3718 3171 repullulare;

2079 3167 2293 3247 plantae
2347 3186 2516 3246 vero,
2554 3171 2606 3232 si
2660 3191 2798 3251 pars
2827 3185 3060 3239 resecta
3107 3178 3205 3259 sit,
3236 3167 3618 3258 repullulatio
3650 3167 3717 3244 ﬁt

347 3263 445 3318 Διᾶ
487 3267 651 3318 ταῦτα
693 3261 864 3318 τοίνυν
915 3261 1088 3318 πάντα
1143 3263 1204 3319 τὸ
1244 3263 1692 3346 ἀνθρωπόμορφον
1749 3266 1986 3349 ἀναγρά-

2081 3255 2343 3352 uberior,
2376 3257 2456 3352 ita
2482 3268 2544 3321 ut
2575 3261 2634 3322 in
2662 3262 2754 3324 his
2783 3267 3104 3344 vegetativa
3131 3255 3218 3330 vis
3245 3255 3527 3333 abundet.
3563 3271 3714 3335 Pro-

339 3373 520 3432 φουσι,
554 3353 641 3408 καὶ
672 3348 756 3408 διὰ
787 3352 848 3408 τὸ
894 3351 1042 3432 φύσει
1069 3352 1170 3420 τῆς
1200 3357 1385 3434 ψυχης
1418 3352 1712 3414 ἀδούλωτον
1743 3359 1832 3415 καὶ
1857 3347 1986 3417 αὖτ-

2081 3353 2204 3425 pter
2225 3347 2351 3408 haec
2381 3347 2579 3429 itaque
2610 3352 2810 3415 omnia
2840 3353 3100 3417 humana
3119 3357 3305 3420 forma
3326 3363 3574 3439 angelos
3603 3363 3711 3423 de-

339 3415 600 3520 έξούσισν,
659 3443 688 3498 ὃ
745 3442 833 3498 xii
888 3443 1016 3500 αὐτὸ
1078 3444 1275 3521 προσὸν
1324 3457 1441 3508 τοῖς
1500 3445 1750 3525 αγγὲλοις
1817 3449 1985 3527 γινώ-

2081 3415 2346 3517 pingunt,
2381 3446 2440 3529 et
2468 3415 2718 3529 propter
2744 3415 3097 3506 naturalem

342 3551 553 3594 σκεται,

424 3699 600 3759 ’Ἔστι
634 3699 688 3757 δὲ
720 3701 808 3758 καὶ
834 3699 953 3759 καθ’
1007 3702 1230 3760 ἕκαστον
1287 3704 1394 3759 τῶν
1444 3704 1784 3784 ἆνθρωπίσων
1814 3708 1990 3788 μερῶν

342 3789 552 3854 εἰκόνας
600 3788 884 3869 ἆρμοδίσυς
916 3790 1145 3869 ἐξευρεῖν
1193 3793 1324 3875 πρὸς
1382 3794 1447 3850 τὰ
1476 3796 1686 3874 οὖράνια
1715 3797 1989 3875 τάγματα,

344 3881 445 3936 Καὶ
466 3885 680 3956 πρῶτον
710 3880 770 3936 ἐκ
797 3880 908 3937 τῶν
943 3882 1260 3951 αἰσθήσεων.
1299 3874 1471 3941 ’Ὅθεν
1503 3886 1590 3942 καὶ
1621 3888 1672 3942 αἱ
1704 3887 1801 3961 μὲν
1832 3888 1988 3944 ὀπτι-

2070 3531 2187 3586 tem
2221 3533 2282 3587 et
2311 3524 2544 3588 arbitrii
2571 3527 2932 3614 libertatem,
2957 3553 3091 3615 qua:
3111 3546 3169 3598 et
3195 3536 3257 3599 in
3280 3524 3507 3620 angelis
3527 3558 3717 3620 agno-

2070 3624 2338 3680 SCIJHlllI'.

2158 3706 2337 3780 Quin,
2370 3707 2512 3770 licet
2541 3710 2720 3772 etiam
2754 3730 2823 3775 ex
2847 3713 3097 3792 singulis
3123 3717 3402 3782 humanis
3433 3720 3719 3784 membris

2074 3803 2242 3875 aptas
2255 3796 2544 3876 imagines
2561 3800 2904 3864 caelestibus
2916 3805 3229 3870 ordinibus
3241 3811 3714 3876 accommodare.

2075 3886 2429 3980 thprimum
2463 3908 2496 3950 e
2528 3891 2826 3953 sensibus.
2866 3891 3040 3957 Unde
3070 3897 3312 3960 videndi
3343 3901 3585 3980 quidem
3620 3900 3715 3962 fa-

340 3969 430 4025 καὶ
490 3967 762 4046 δυνάμεις,
817 3971 935 4026 επεὶ
985 3969 1197 4036 διειδεϊς
1251 3973 1374 4050 εἰσι,
1433 3975 1521 4029 καὶ
1585 3975 1848 4052 ἆπαλλὸν,
1903 3979 1989 4035 καὶ

2081 3978 2342 4047 cultates,
2370 3995 2504 4038 cum
2535 3980 2910 4062 perspicaces
2957 3984 3096 4060 sint,
3132 3996 3190 4048 et
3222 3967 3514 4070 tenerum,
3548 3999 3606 4052 et
3637 3990 3718 4052 li-

340 4059 528 4136 ὑγρὸν,
560 4059 648 4115 καὶ
692 4062 786 4118 οὒκ
837 4059 1117 4116 ἀντίτυπον
1160 4061 1220 4116 τὸ
1264 4063 1607 4139 αἰσθητήριον
1649 4065 1864 4145 ἔχουσι,
1893 4068 1988 4134 τὴν

2081 4066 2342 4146 quidum,
2381 4076 2439 4128 et
2469 4059 2844 4148 nequaquam
2893 4059 3284 4138 reluctantem
3317 4059 3559 4140 sensum
3615 4079 3718 4142 ha-

340 4149 474 4227 πρὸς
529 4151 590 4206 τὸ
620 4151 740 4205 θεῖα
771 4154 877 4205 τῶν
907 4148 1153 4226 ἀγγέλων
1210 4148 1428 4216 δηλοῦσι
1462 4149 1818 4222 διειδεστάτην
1851 4155 1984 4213 ἂνά-

2081 4155 2270 4231 beant,
2304 4155 2610 4218 declarant
2665 4161 3014 4238 angelorum
3069 4167 3578 4244 perspicacissima
3635 4170 3710 4230 ad

343 4259 544 4311 νευσιν,
576 4239 663 4295 καὶ
707 4239 807 4307 τὴν
851 4237 1085 4319 ἁπαλὴν,
1118 4240 1204 4296 καὶ
1235 4240 1418 4318 ὑγρὰν,
1455 4243 1541 4298 καὶ
1568 4247 1662 4302 οὐκ
1706 4245 1984 4304 ἀντίτυπον

2081 4244 2264 4306 iivina
2287 4237 2767 4328 δυερθοιίοιιεω,
2783 4258 2839 4310 et
2863 4237 3154 4328 teneram,
3182 4237 3587 4337 liquidamque
3611 4259 3718 4320 mi-

337 4326 617 4408 ὑποδοχὴν
663 4332 766 4385 τῶν
797 4330 948 4385 θείων
994 4327 1336 4409 ἐλλάμψεων,
1383 4331 1480 4400 τὴν
1534 4331 1861 4410 ὀξυκίνητον,
1895 4338 1984 4392 καὶ

2081 4335 2346 4416 nimeque
2387 4326 2785 4415 refragantem
2818 4326 3152 4404 divinorum
3184 4326 3713 4411 lu'minumususce-

338 4419 599 4499 καθαρὰν,
631 4420 718 4475 καὶ
771 4418 1221 4496 ἀναπεπταμένην
1258 4421 1386 4499 πρὸς
1435 4422 1533 4489 τὴν
1592 4423 1863 4505 ὕποδοχὴν
1893 4433 1985 4483 τοὺ

2081 4425 2359 4505 ptionem,
2395 4445 2524 4507 quae
2574 4429 2742 4490 velox
2777 4429 2854 4491 sit
2910 4440 2968 4494 et
2998 4452 3146 4513 pura
3181 4452 3196 4510 ;
3253 4443 3310 4497 et
3339 4455 3599 4517 expansa
3640 4439 3715 4502 ad

336 4509 474 4563 θείου
519 4508 696 4587 φωτός
707 4557 720 4571 ,

421 4599 481 4652 Αἱ
537 4602 638 4664 τῆς
693 4599 997 4677 ὀσφρήσεως
1059 4597 1306 4676 δυνάμεις
1353 4602 1410 4658 τὸ
1457 4600 1982 4680 ἀντιληπτικὸνξτῆς

343 4685 572 4750 εὗώδους
619 4685 925 4769 διαδόσεως,
962 4690 1047 4746 καὶ
1077 4696 1184 4747 τῶν
1231 4692 1310 4759 μὴ
1343 4693 1599 4749 τοιούτων
1661 4691 1983 4772 διακριτικὸν

333 4774 388 4830 ἐν
451 4777 757 4854 ἒπιστήμῃ·
790 4779 884 4834 οὐκ
941 4776 1170 4847 ἤκουσας
1228 4781 1348 4859 γὰρ,
1386 4780 1466 4838 ὅτι
1526 4783 1613 4839 καὶ
1659 4790 1773 4856 Θεῷ
1829 4783 1984 4862 λογί-

333 4875 480 4939 ζεται
541 4867 812 4949 βδέλυγμα
867 4871 927 4926 τὸ
977 4871 1120 4949 παρὰ
1166 4877 1271 4927 τῶν
1332 4872 1556 4938 ἀναξίων
1615 4880 1985 4954 προσφερόμεο

333 4979 425 5014 νον
484 4961 774 5035 θυμίαμας
829 4967 994 5018 Τοῦτο
1050 4963 1302 5039 ἡγοῦνται
1340 4960 1607 5042 βδέλυγμα
1653 4966 1738 5021 καὶ
1779 4966 1844 5021 τὰ
1891 4971 1988 5026 ού-

332 5048 489 5126 ράνια
519 5047 792 5125 τάγματα,
827 5051 914 5106 καὶ
946 5048 1141 5112 ὁλικῶς
1174 5052 1552 5131 ἀποφεύγουσι,

415 5137 493 5194 Τὰ
543 5135 656 5192 ὦτα
700 5138 763 5194 τὸ
823 5140 1117 5218 μετοχικὸν
1160 5136 1400 5215 δηλοῦσι,
1435 5144 1520 5198 καὶ
1565 5144 1627 5200 τὸ
1682 5149 1989 5223 γνωστικῶς

330 5223 674 5282 ὖποδεκτικὸν
735 5233 834 5294 τῆς
893 5229 1032 5292 θείας
1077 5230 1378 5293 ἰεπιπνοίας’
1441 5233 1476 5300 ἡ
1543 5233 1642 5309 γὰρ
1711 5234 1850 5301 πνοὴ
1909 5232 1988 5291 διὰ

329 5317 436 5370 τῶν
495 5314 648 5372 ὤτων
678 5316 1021 5395 γινώσκεται.
1081 5321 1258 5387 Πνοήν
1308 5317 1362 5376 δὲ
1407 5319 1556 5398 λέγει
1618 5323 1678 5378 τὸ
1709 5326 1856 5380 θεῖον
1900 5325 1987 5382 καὶ

329 5406 693 5476 πνευματικὸν
751 5407 1020 5487 χάρισμα,
1066 5407 1243 5473 καθὼς
1299 5409 1389 5467 καὶ
1429 5408 1484 5465 ἐν
1540 5416 1617 5485 τῷ
1670 5409 1793 5470 Ἰὼϐ
1821 5411 1978 5490 εὕρη-

334 5515 422 5550 ται
503 5493 738 5572 λέγοντι·
825 5497 972 5566 Πνοὴ
1051 5495 1114 5553 δᾶ
1209 5499 1637 5579 Παντοκράτορος
1723 5503 1756 5572 ἡ
1830 5500 1979 5563 διδά-

330 5604 428 5641 σκο
441 5585 531 5641 ›σά
572 5606 661 5661 με,

409 5744 436 5787 δ
463 5742 614 5810 Gen.
648 5762 693 5830 r,
725 5744 825 5809 26.
912 5745 926 5789 ¹
964 5745 1303 5834 Jobxxxu,
1332 5751 1390 5816 8.

2068 4515 2251 4576 divini
2284 4516 2528 4578 luminis
2559 4519 2996 4600 exceptionem.

2149 4603 2412 4668 Olfactus
2465 4608 2620 4670 vires
2675 4609 3016 4686 significant
3063 4612 3393 4694 fragrantes
3422 4615 3713 4680 distribu-

2070 4695 2262 4758 tiones
2292 4697 2627 4776 excipiendi
2659 4699 3000 4764 facultatem
3031 4712 3092 4766 et
3121 4705 3310 4784 perite
3332 4707 3717 4772 discernendi

2071 4802 2139 4847 ea
2192 4803 2322 4863 qum
2352 4805 2469 4847 non
2521 4796 2656 4850 sunt
2687 4790 3033 4869 ejusmodi:
3084 4796 3350 4876 nunquid
3397 4795 3555 4858 enim
3597 4817 3716 4860 non

2070 4874 2502 4957 audiisti,quod
2532 4880 2689 4941 Deus
2713 4879 3142 4946 abominationi
3162 4874 3374 4946 habeat
3401 4885 3712 4950 incensum

2070 4963 2227 5042 quod
2245 4964 2316 5025 ab
2341 4965 2605 5045 indignis
2619 4969 3069 5033 oﬂ‘ertur?ldem
3086 4973 3262 5035 etiam
3285 4973 3718 5039 abominationi

2073 5051 2294 5116 habent
2325 5055 2733 5120 ordinationes
2762 5059 3060 5136 cazlestes,
3098 5073 3157 5123 et
3183 5062 3425 5126 omnino
3459 5065 3714 5143 fugiunt.

2153 5144 2352 5206 Aures
2382 5144 2689 5237 designant
2727 5148 2937 5237 divinae
2963 5148 3370 5232 inspirationis
3398 5157 3716 5237 participa-

2074 5232 2321 5307 tionem,
2342 5243 2400 5294 et
2421 5235 2692 5315 ejusdem
2723 5235 3108 5301 scientiﬁcam
3135 5232 3718 5323 susceptionemzvin-

2069 5320 2312 5404 Spiratio
2344 5323 2502 5384 enim
2536 5324 2784 5388 auribus
2827 5326 3225 5407 dignoscitur.
3259 5320 3712 5412 Inspirationem

2067 5420 2264 5474 autem
2318 5421 2488 5474 vocat
2516 5413 2778 5477 divinam
2838 5435 2906 5478 ac
2938 5418 3268 5498 spiritalem
3321 5421 3595 5501 gratiam,
3629 5422 3712 5484 uti

2066 5501 2244 5564 etiam
2303 5507 2598 5590 reperitur
2651 5503 2714 5565 in
2787 5505 2936 5569 Jobo
3007 5505 3292 5572 dicente:
3377 5511 3712 5590 [aspiratio

2062 5597 2264 5658 autem
2295 5588 2738 5674 Omnipotentis
2769 5593 2936 5658 docet
2968 5613 3064 5661 me
3092 5597 3127 5658 ¹.
