4150 6158
389 343 498 413 351

389 573 654 638 vinarum
701 576 1190 656 explicationum,
1225 579 1615 660 repletionem
1652 597 1718 642 ac
1750 579 2030 643 saturita-

389 674 531 741 tem,
565 673 744 744 atque
800 666 1047 748 insuper
1077 665 1412 730 divinorum
1463 670 1786 733 rivulorum
1821 689 1885 731 ac
1919 690 2032 751 po-

387 753 616 820 iionum
667 759 1086 822 deliciosarum
1139 762 1628 841 susceptionem:
1688 761 1841 824 sicut
1871 762 2030 824 enim

385 847 556 911 cibus
589 849 873 930 spiritalis
910 859 1020 930 est,
1055 850 1140 912 sic
1175 858 1233 912 et
1276 859 1449 932 potus
1497 850 1582 912 illi
1615 851 2034 934 proportione-

386 945 480 1000 tus
517 947 625 1000 est.

469 1027 730 1091 Tactiles
747 1028 1058 1091 facultates
1075 1030 1312 1108 signant
1333 1031 1447 1092 vim
1471 1030 1862 1110 dignoscendi
1894 1031 2032 1112 quid

390 1120 577 1199 prosit
597 1118 687 1180 vel
715 1119 853 1199 quid
885 1119 1057 1182 obsit:
1095 1121 1206 1182 hoc
1235 1129 1430 1182 autem
1465 1129 1558 1183 est
1583 1123 1640 1181 in
1666 1120 1840 1184 nobis
1873 1120 2032 1182 mul-

391 1207 573 1288 tiplex
605 1208 933 1270 secundum
965 1211 1155 1271 varias
1184 1211 1526 1291 qualitates,
1562 1220 1623 1273 ut
1651 1211 1936 1287 calidum,
1973 1221 2036 1272 ut

391 1298 699 1378 frigidum,
735 1307 909 1380 atque
941 1299 1161 1362 iterum
1211 1307 1278 1362 ut
1307 1319 1608 1381 aSperum,
1646 1309 1710 1362 ut
1740 1301 1868 1362 leve
1904 1324 1920 1375 ;
1977 1308 2035 1363 et

391 1405 620 1462 rursus,
656 1396 720 1450 ut.
743 1387 980 1460 durum,
1023 1399 1084 1450 ut
1117 1389 1296 1453 molle
1325 1414 1340 1467 ;
1375 1392 1710 1472 iterumque
1743 1400 1804 1452 ut
1832 1408 2028 1470 grave,

389 1485 454 1539 ut
485 1478 637 1557 leve,
672 1486 727 1538 et
758 1479 1086 1541 secundum
1122 1480 1268 1541 alias
1303 1480 1588 1560 plurimas
1619 1481 1948 1561 qualitates.

473 1566 784 1648 Palpebrae
807 1577 865 1629 et
891 1569 1210 1649 supercilia
1240 1570 1426 1630 visum
1462 1579 1843 1644 conservant,
1877 1569 2035 1631 unde

390 1657 704 1737 designant
735 1658 818 1721 ibi
851 1661 1178 1722 custodiam
1212 1659 1770 1740 intelligentiarum.

1543 355 1604 420 S.
1673 352 2018 418 DIONYSII
2086 353 2594 422 AREOPAGI'I‘IE

469 485 691 548 Gustus
720 483 943 548 indicat
972 485 1327 567 Spiritalium
1355 490 1647 565 ciborum,
1680 490 1913 553 scilicet
1944 487 2028 550 di-
2051 494 2089 542 Α

3634 359 3752 427 352

2193 485 2257 544 Ἠ
2315 494 2566 568 γευστικη
2622 493 2721 561 την
2795 493 2900 552 τῶν
2958 499 3165 563 νοητῶν
3222 498 3454 578 τροφῶν,
3501 495 3755 566 δηλονότι

2115 586 2221 636 τῶν
2251 581 2403 637 θείων
2461 583 2795 660 εἰσηγήσεῶν
2846 584 3232 664 ἀποπλήρωσιν
3277 587 3364 644 καὶ
3411 587 3504 644 τὸν
3545 610 3757 668 χορτα-

2115 671 2272 750 σμὸν,
2310 672 2398 728 καὶ
2430 671 2508 728 ἔτι
2563 679 2669 728 τῶν
2700 675 2909 754 ὀχετῶν
2958 675 3046 731 καὶ
3075 675 3284 733 πόσεων
3315 681 3421 732 τῶν
3470 677 3557 734 καὶ
3588 682 3761 736 αὐτῶν

2115 762 2267 817 θείων
2298 762 2384 818 καὶ
2435 763 2705 842 τροφίμων
2735 764 2924 820 ὄντων’
2988 766 3061 829 ὡς
3107 766 3206 844 γὰρ
3261 767 3296 834 ἦ
3353 769 3522 848 τροφὴ
3562 767 3755 842 νοητὴ,

2118 854 2204 908 καὶ
2241 850 2270 919 ἦ
2302 853 2458 915 πόσις
2491 851 2771 932 ἀνάλογος.

2197 1035 2258 1088 Αἱ
2316 1033 2534 1090 ἁπτικαὶ
2582 1032 2828 1111 δυνάμεις
2866 1033 3084 1103 δηλοῦσι
3142 1037 3203 1093 τὰ
3251 1035 3630 1115 διαγνωστικὸν
3673 1044 3764 1094 τοῦ

2116 1131 2410 1202 προσφυοῦς
2443 1125 2478 1192 ἢ
2529 1128 2617 1182 καὶ
2646 1125 2996 1203 βλάπτοντος⁶
3043 1134 3199 1184 τοῦτο
3232 1125 3284 1183 δέ
3344 1127 3487 1183 ἐστιν
3537 1127 3592 1182 ἐν
3627 1128 3762 1195 ἡμῖν

2117 1211 2416 1294 πολλαχῶς
2464 1236 2520 1271 τε
2551 1217 2641 1272 καὶ
2695 1218 2828 1272 κατὰ
2884 1215 3078 1280 πολλὰς
3137 1219 3457 1284 ποιότητας·
3512 1214 3592 1272 ὅτι
3633 1219 3758 1294 θερ-

2119 1303 2240 1377 μὸν,
2284 1304 2366 1360 ὅτι
2397 1307 2627 1384 ψυχρόν
2662 1307 2750 1362 καὶ
2792 1306 2934 1370 αὖθις
2965 1305 3046 1362 ὅτι
3096 1307 3290 1385 τραχὺ,
3325 1306 3410 1362 ὅτι
3444 1304 3612 1362 λεϊον’
3668 1305 3760 1361 καὶ

2116 1391 2278 1450 πάλιν
2336 1393 2416 1449 ὅτι
2449 1394 2703 1474 σκληρόν,
2740 1396 2818 1451 ὅτι
2851 1395 3115 1470 μαλακόν
3149 1399 3237 1452 καὶ
3295 1397 3439 1458 αὖθις
3468 1394 3548 1452 ὅτι
3601 1394 3756 1472 βαρὺ,

2117 1481 2195 1538 ὅτι
2227 1489 2444 1563 κοῦφον·
2478 1486 2566 1540 καί
2597 1483 2715 1540 κατ’
2747 1484 2914 1550 ἄλλας
2945 1485 3150 1550 πολλὰς
3184 1487 3492 1552 ποιότητος.

2197 1574 2273 1630 Τὰ
2332 1570 2575 1653 βλάφαρα
2619 1577 2702 1630 καὶ
2759 1577 2811 1631 αί
2869 1576 3052 1655 ὀφρύες
3105 1577 3165 1631 τὸ
3209 1577 3452 1655 ὁρατικὸν
3504 1581 3764 1655 φρουροῦ-

2119 1685 2224 1737 σιν,
2259 1663 2376 1719 ὅθεν
2436 1663 2684 1731 δηλοῦσιν
2731 1664 2911 1722 ἐκεῖσε
2945 1667 3006 1721 τὸ
3059 1667 3409 1746 φρουρητικὸν
3463 1671 3569 1722 τῶν
3627 1666 3766 1734 νοή-

2119 1773 2278 1815 σεων,

473 1839 682 1904 Ᾱῑιεῑίε
714 1841 1099 1921 pudescentia
1132 1861 1265 1904 cum
1299 1842 1436 1905 vitae
1478 1849 1598 1902 tum
1638 1843 1769 1902 142
1803 1843 2037 1906 virtutis

2201 1845 2273 1900 Τὸ
2330 1847 2570 1901 νεανικὸν
2599 1850 2698 1912 τῆς
2757 1845 2994 1926 ἡλικίας,
3034 1848 3093 1903 τὸ
3155 1846 3460 1920 ἐπακμάζον
3490 1845 3586 1913 τῆς
3623 1849 3769 1916 ζωῆς

392 1950 598 1993 eorum
626 1931 886 2011 vigorem
912 1933 1171 1994 declarat
1199 1954 1212 2008 ;
1247 1934 1362 1993 vita
1385 1935 1540 1994 enim
1567 1951 1770 1994 eorum
1793 1934 2039 1994 immor-

393 2022 528 2085 talis
558 2031 671 2103 est,
704 2031 762 2084 et
792 2021 975 2083 virtus
1012 2023 1264 2084 stabilis.

473 2113 697 2174 Dentes
725 2112 960 2189 signant
990 2113 1044 2173 id
1062 2113 1215 2192 quod
1243 2112 1532 2174 discernit
1563 2112 1994 2174 illustrationes
2022 2131 2035 2176 :

395 2200 673 2282 quaelibet
706 2203 861 2264 enim
898 2202 1225 2264 caelestium
1260 2202 1650 2264 essentiarum
1700 2202 2039 2263 uniusmodi

397 2289 848 2368 intelligentiam
882 2289 996 2350 sibi
1037 2291 1336 2372 traditam,
1373 2311 1476 2372 pro
1508 2291 1814 2354 inferioris
1859 2291 2040 2353 ductu

397 2389 716 2461 captuque,
757 2380 998 2460 provide
1030 2380 1329 2442 distribuit
1363 2381 1856 2458 multiplicatque.

480 2469 729 2532 Humeri
763 2469 1067 2531 declarant
1099 2470 1156 2531 id
1179 2472 1333 2549 quod
1370 2470 1594 2532 similes
1622 2480 1810 2531 motus
1833 2470 2036 2551 efﬁcit;

401 2559 562 2622 ulna:
617 2579 756 2621 vero
790 2560 912 2622 vim
972 2561 1284 2641 operandi,
1318 2570 1377 2622 et
1421 2580 1632 2623 manus
1685 2561 2044 2642 exsequendi

393 2650 741 2733 potentiam.

475 2741 593 2804 Cor
623 2740 958 2821 symbolum
994 2749 1085 2803 est
1127 2741 1260 2803 vitae
1289 2741 1594 2803 deiformis
1627 2760 1640 2802 :
1679 2740 1832 2803 sicut
1887 2742 2043 2802 enim

401 2849 472 2894 ex
525 2831 706 2893 corde
736 2833 892 2894 vires
946 2832 1179 2911 corpori
1224 2829 1685 2907 distribuuntur,
1719 2832 1805 2892 sic
1853 2849 1924 2894 ex
1954 2831 2046 2892 his

398 2920 592 2983 vitalis
624 2922 711 2983 vis
743 2921 805 2983 in
836 2941 906 2984 ea
936 2940 1068 3003 quat
1119 2922 1488 3004 providentia
1518 2929 1807 3002 reguntur
1838 2921 2045 2983 distri-

393 3009 622 3074 buitur.

481 3103 735 3166 Pectora
767 3105 922 3174 (cum
956 3109 1186 3183 pectus,
1223 3100 1426 3164 Graece
1456 3101 1636 3158 στένον
1681 3101 1741 3156 ἐκ
1771 3108 1863 3158 τοῦ
1893 3102 2048 3178 στςρ-

2122 1933 2317 2006 αὐτῶν,
2353 1936 2441 1990 καὶ
2498 1941 2596 2000 τῆς
2657 1934 2949 2010 δυνάμεως
2983 1938 3017 2005 ἡ
3063 1937 3162 2015 γὰρ
3221 1937 3333 2007 ζωὴ
3391 1934 3769 2009 ἆτελεύτητος,

2122 2027 2208 2080 καὶ
2239 2022 2488 2102 βεϐαίαὴ
2521 2023 2734 2100 δύναμις
2748 2075 2760 2088 .

2205 2119 2264 2173 (ii.
2295 2113 2528 2194 ὀδόντες,
2565 2116 2626 2172 τό
2667 2116 2980 2194 διαιρετικὸν
3027 2117 3124 2182 τῆς
3159 2114 3504 2189 ὲλλάμψεως·
3563 2114 3767 2180 ἑκάστη

2125 2205 2224 2282 γὰρ
2284 2211 2388 2262 τῶν
2447 2205 2702 2284 οὐρανίων
2753 2205 2942 2264 οὒσιῶν
3012 2205 3111 2273 τὴν
3170 2202 3505 2282 δωρουμένην
3562 2201 3769 2268 ἓνοειδῆ

2125 2292 2340 2369 ἕνωσιν,
2373 2295 2737 2374 προνοητικῶς
2797 2298 2868 2360 ὡς
2919 2295 2979 2351 ἂν
3025 2298 3276 2375 χωρηϐᾖ,
3310 2295 3396 2349 καὶ
3445 2299 3514 2368 τῇ
3571 2291 3764 2349 ὑποδε-

2125 2384 2332 2463 εστέρα,
2368 2385 2567 2464 διαιραϊ
2599 2387 2683 2442 καὶ
2716 2389 2787 2448 εἰς
2821 2386 3023 2454 πλῆθος
3049 2385 3487 2450 ἀποκαθῖστησιν.

2207 2478 2264 2531 0i
2315 2476 2453 2551 ὦμοι
2483 2477 2545 2532 τὸ
2607 2477 2886 2542 ποιητικὸν
2939 2482 3042 2532 τῶν
3089 2475 3340 2531 τοιούτων
3372 2471 3654 2541 κινῆσεων·
3715 2475 3769 2529 αἱ

2127 2565 2319 2622 ὠλέναι
2391 2568 2450 2623 τὸ
2509 2567 2874 2646 ἐνεργητικόν
2937 2568 3023 2623 καὶ
3073 2567 3124 2622 αἱ
3181 2578 3366 2646 χεῖρες
3424 2566 3485 2621 τὸ
3544 2562 3773 2642 δραστή-

2127 2680 2260 2738 ριον,

2212 2739 2272 2766 ⁸.-
2431 2747 2472 2766 ευ
2586 2749 2596 2766 ο
2649 2747 2680 2766 ρ
2713 2747 2774 2766 \r
2869 2747 2883 2766 ν
3043 2751 3070 2763 ~
3174 2749 3199 2766 Λ
3320 2743 3342 2766 ξι
3376 2747 3400 2758 ν
3473 2751 3500 2766 υ
3551 2744 3578 2755 ’-
3606 2759 3637 2766 7-
3711 2744 3723 2764 ε

2230 2756 2274 2806 Η
2325 2747 2508 2828 καρδία
2538 2747 2805 2822 σύμϐολόν
2866 2747 2978 2804 ἐστι
3009 2751 3107 2813 τῆς
3173 2747 3430 2806 Θεοειὸοὔς
3473 2747 3637 2816 ζωῆς’
3699 2747 3777 2808 ὡς

2129 2839 2228 2917 γὰρ
2275 2839 2334 2894 ἐκ
2387 2839 2486 2906 τῆς
2558 2836 2769 2910 καρδίας
2845 2835 3235 2913 διασπείρονται
3293 2837 3344 2891 αι
3401 2833 3640 2908 δυνάμεις
3698 2839 3777 2907 τῷ

2129 2931 2359 3004 σώματι,
2391 2929 2557 2994 οὕτως
2619 2928 2679 2985 ἑκ
2721 2928 2921 2985 τούτων
2957 2929 2992 2996 ἡ
3055 2925 3253 2997 ζωτικῆ
3309 2923 3526 3001 δύναμις
3589 2925 3664 2988 είς
3710 2924 3778 2984 τὰ

2128 3019 2490 3097 προνοούμενα
2522 3016 2836 3081 διαδίδοται,

2210 3110 2286 3166 Τὰ
2342 3108 2530 3184 στέρνα
2593 3106 2729 3188 (ἐπεὶ
2760 3107 2970 3186 στέρνον
3017 3105 3078 3162 ἐκ
3104 3113 3198 3164 τοῦ
3245 3103 3460 3182 στεῤῥοῦ
3511 3100 3776 3177 ὶτυμολοο

401 3192 516 3272 ῥοῦ,
540 3191 598 3253 id
631 3199 722 3253 est
743 3209 818 3254 ea:
835 3193 1013 3272 ﬁrmo
1045 3191 1373 3270 derivetur,
1393 3197 1452 3252 et
1473 3190 1542 3252 ad
1567 3188 1820 3269 subjecti
1852 3189 2044 3251 cordis

2148 3212 2333 3278 |ret-tat,
2367 3200 2454 3255 καὶ
2512 3199 2584 3259 εἷς
2618 3196 2858 3278 φυλακὴν
2919 3194 3224 3253 πέπλασται
3254 3201 3358 3258 τῶς
3417 3190 3780 3266 ὑποκειμένης

399 3279 732 3344 custodiam
767 3279 1083 3342 formatum
1119 3279 1217 3341 siti
1251 3280 1562 3359 designant
1593 3279 1704 3339 vim
1738 3278 2048 3359 insupera-

400 3370 583 3434 bilem
621 3385 679 3431 et
712 3372 1212 3432 conservatricem
1247 3369 1380 3431 vitae
1406 3367 1761 3432 istiusmodi.

482 3463 671 3525 Dorsa
725 3479 891 3536 vero,
927 3459 1071 3539 quia
1115 3460 1423 3522 continent
1455 3458 1689 3520 insitam
1741 3463 2044 3534 virtutem,

398 3553 556 3614 sicut
573 3550 750 3614 etiam
780 3569 958 3612 omne
979 3569 1127 3613 onus
1151 3550 1383 3632 corpori
1403 3547 2048 3628 impositum,humeris

398 3641 627 3722 imponi
657 3639 876 3702 dicitur
911 3662 925 3704 :
991 3640 1150 3702 unde
1181 3649 1236 3701 et
1298 3640 1494 3720 poesis
1525 3637 1861 3700 universum
1895 3656 2047 3699 onus

399 3729 671 3793 humeris
696 3730 948 3812 imponit
978 3751 994 3811 ;
1021 3729 1102 3791 ait
1125 3729 1284 3792 enim
1317 3727 1615 3791 Homerus
1653 3748 1666 3790 :

639 3908 722 3971 Et
751 3906 827 3972 ab
863 3909 1136 3971 humeris
1165 3925 1343 3970 arma
1375 3906 1751 3990 deponebant
1788 3926 1805 3982 ;

399 4018 624 4082 idcirco
658 4015 835 4078 dorsa
866 4016 1201 4094 signiﬁcant
1255 4017 1313 4078 id
1359 4015 1515 4098 quod
1549 4017 1700 4078 vires
1755 4014 2043 4091 continet,

401 4113 726 4171 interiores
757 4107 987 4169 scilicet
1018 4126 1085 4168 ac
1117 4107 1344 4170 vitales.

494 4196 683 4259 Pedes
715 4198 826 4257 vim
857 4195 1165 4259 motriccm
1201 4196 1528 4270 insinuant,
1557 4203 1613 4255 et
1645 4213 1881 4256 cursum
1897 4212 2050 4256 sem-

411 4287 628 4371 pitcrni
661 4295 856 4348 motus
887 4305 1003 4368 quo
1030 4285 1099 4346 ad
1135 4285 1330 4348 divina
1363 4285 1632 4346 cientur:
1664 4303 1796 4345 nam
1832 4284 2056 4345 idcirco

409 4379 592 4442 etiam
617 4396 650 4438 a
674 4377 971 4455 theologia
996 4376 1180 4458 pedes
1196 4393 1399 4437 eorum
1430 4374 1563 4435 alati
1589 4374 1916 4452 finguntur.
1955 4372 2058 4433 Ala

409 4467 706 4545 siquidem
771 4485 1003 4528 sursum
1059 4467 1264 4546 elevat,
1302 4474 1360 4525 et
1389 4464 1514 4525 leve
1545 4481 1677 4524 esse
1710 4462 1971 4524 declarat
1999 4461 2056 4521 id

2129 3288 2399 3368 καρδίας)
2463 3286 2549 3344 διὰ
2602 3295 2757 3345 τοῦτο
2810 3285 3028 3352 δηλοῦσι
3086 3286 3147 3341 τὸ
3230 3282 3531 3360 ἀδάμαστον
3585 3281 3776 3338 καὶτὸ

2130 3381 2479 3459 φρουρητικὸν
2505 3379 2604 3446 τῆς
2638 3376 2891 3444 τοιαύτης
2919 3379 3086 3448 ζῶῆς.
3597 3372 3611 3388 ⁸

2211 3471 2287 3528 Τὰ
2343 3471 2510 3539 νῶτα,
2543 3468 2656 3525 ἐπεὶ
2699 3467 2979 3524 συνεκτικά
3035 3467 3133 3522 είσι
3182 3463 3280 3532 τῆς
3325 3461 3555 3544 ὶμφύτου
3611 3458 3776 3518 δυνά-

2133 3580 2298 3636 μεως,
2334 3558 2386 3625 ἐξ
2443 3561 2503 3614 οὗ
2538 3559 2628 3615 καὶ
2687 3563 2792 3613 πᾶν
2821 3556 2979 3632 βάρος
3034 3561 3112 3611 τῶ
3163 3554 3372 3630 σώματι
3416 3551 3774 3626 ἐπικείμενον,

2130 3662 2250 3714 τοῖς
2281 3648 2449 3724 ὤμοις
2483 3647 2781 3704 ἐπικεῖσθαι
2811 3643 3047 3723 λέγεται*
3082 3643 3198 3701 ὅθεν
3231 3645 3318 3699 καὶ
3369 3644 3404 3710 ἡ
3433 3641 3645 3708 ποίησις
3676 3639 3781 3707 τὴν

2131 3745 2236 3796 τῶν
2273 3737 2412 3795 ὅλων
2442 3737 2712 3816 βαρύτητα
2766 3747 2884 3800 τοῖς
2928 3733 3094 3805 ὤμοις
3150 3732 3438 3800 ἐπιτίθησι·
3475 3727 3620 3809 λέγει
3678 3729 3782 3809 γὰρ

2133 3830 2161 3886 δ
2189 3819 2475 3908 "Oeneos.

2328 3959 2344 3976 .
2375 3957 2391 3976 .
2428 3965 2443 3979 .
2462 3907 2486 3976 ί.
2516 3959 2532 3976 .
2569 3962 2582 3977 .
2637 3917 2723 3974 καὶ
2755 3915 2847 3974 ἄπ’
2877 3914 3041 3990 ὤμων
3069 3910 3256 3994 τεύχε’
3291 3911 3474 3970 ἓλοντο
3504 3907 3584 3982 ¹’,

2131 4007 2214 4066 διὰ
2247 4015 2402 4065 τοῦτο
2431 4008 2496 4064 τὰ
2526 4014 2665 4064 νῶτα
2732 4005 2952 4074 δηλοῦσι
3017 4007 3078 4062 τὸ
3136 4004 3438 4061 συνεκτικὸν
3497 4003 3602 4059 τῶν
3630 3997 3786 4061 δυνᾶ-

2130 4120 2301 4175 μεων,
2331 4105 2436 4154 τῶν
2469 4097 2712 4176 ἐμφύτων
2744 4094 2949 4164 δηλαδὴ
2981 4097 3070 4151 καὶ
3114 4095 3415 4172 ζωογόνων.

2219 4191 2280 4246 Οἱ
2327 4186 2483 4253 ποδες
2529 4189 2588 4244 τὸ
2644 4189 2920 4254 κινητικὸν
2965 4187 3051 4241 καὶ
3109 4183 3356 4263 ἐντρεχὲς
3405 4181 3501 4249 τῆς
3547 4181 3662 4258 περὶ
3715 4179 3785 4236 τὰ

2136 4282 2258 4336 θεῖα
2341 4281 2659 4356 πορευτικῆς
2749 4275 3074 4343 ἀεικινησίας
3155 4271 3598 4346 δποσημαίνουσυ
3700 4266 3790 4324 διὰ

2139 4376 2292 4426 τοῦτο
2343 4369 2442 4446 γὰρ
2485 4368 2574 4424 καὶ
2630 4367 2889 4446 πτερωτοὶ
2938 4363 3094 4428 πόδες
3153 4363 3296 4440 παρὰ
3353 4367 3453 4429 τῆς
3514 4357 3792 4436 θεολογίας

2139 4456 2482 4515 πλάττονται·
2535 4459 2606 4515 Τὸ
2650 4458 2749 4535 γὰρ
2783 4457 2970 4534 πτερὸν
3023 4453 3229 4532 ἀνάγει,
3289 4452 3377 4508 καὶ
3435 4452 3630 4530 κοῦφον
3675 4446 3793 4503 δει-

414 4539 573 4638 quod
599 4557 815 4618 alatum
842 4567 961 4619 est.
997 4556 1188 4619 DiVini
1224 4539 1420 4634 itaque
1451 4553 1829 4632 illustresque
1863 4551 2044 4631 angeli

2148 4549 2283 4605 κνύει
2345 4550 2406 4605 τὸ
2435 4549 2880 4626 πτεροσσόμενον.
2940 4543 3258 4622 Ἐξῄρηνται
3304 4539 3394 4596 οὖν
3447 4539 3643 4603 παντὸς
3674 4559 3793 4617 χα-

413 4647 486 4710 ab
517 4646 680 4707 omni
713 4645 983 4708 terrestri
1041 4644 1385 4706 eximuntur
1430 4661 1496 4705 ac
1525 4651 1808 4722 perpetuo
1841 4641 1914 4701 ad
1945 4659 2056 4702 an-

415 4737 636 4802 teriora
669 4745 727 4798 et
753 4735 994 4796 excelsa
1029 4743 1476 4815 promoventur.
1504 4734 1761 4793 Rursum
1796 4749 1933 4792 vero
1961 4731 2060 4792 illa

414 4847 547 4910 qua;
587 4827 646 4889 in
679 4826 943 4888 humeris
979 4831 1072 4886 est
1099 4824 1320 4885 alarum
1358 4821 1589 4910 levitas,
1625 4826 1860 4901 proprie
1890 4821 2056 4882 desi-

415 4909 552 4998 gnat
585 4935 788 4978 eorum
823 4915 1176 4994 agilitatem,
1203 4931 1334 4993 qua:
1364 4911 1492 4972 sine
1521 4909 1877 4972 admistioue
1919 4927 2058 4990 gra-

413 5007 617 5070 vitatis
642 5015 913 5088 prompte
963 5022 1195 5066 sursum
1221 5001 1434 5064 fertur.

495 5095 742 5159 Nuditas
793 5114 930 5156 vero
980 5097 1441 5173 calceorumque
1500 5089 1752 5173 ρήνειιὶο
1784 5091 2062 5154 virtutem

418 5205 627 5251 eorum
658 5184 1010 5247 abstractam
1056 5183 1321 5254 denotat,
1360 5190 1418 5244 et
1447 5200 1480 5243 a
1507 5180 1688 5243 rebus
1719 5181 1938 5242 inlimis
1969 5200 2064 5244 ex-

419 5274 680 5360 peditam
731 5283 787 5336 et
819 5273 1089 5344 liberam,
1116 5274 1284 5352 juxta
1331 5270 1524 5334 illud:
1592 5269 1773 5333 Solve
1823 5271 2064 5336 calcea-

422 5375 625 5432 menla
661 5366 735 5428 de
760 5363 1017 5445 pedibus
1049 5363 1194 5441 tuis,
1229 5361 1388 5424 locus
1440 5364 1622 5437 enim,
1655 5363 1724 5423 in
1769 5380 1887 5442 quo
1917 5368 2066 5438 stas,

427 5462 674 5522 sanctus
705 5460 844 5517 esti.
879 5451 1142 5532 Nudipes
1176 5450 1334 5512 enim
1369 5450 1522 5512 liber
1551 5459 1639 5512 est
1674 5452 1746 5513 ab
1780 5451 1940 5512 omni
1974 5470 2065 5512 ex-

2143 4638 2427 4714 μαιζήλου,
2476 4638 2564 4695 καί
2610 4637 2928 4706 ἆεικινήτως
2979 4632 3163 4715 ’έχουσι
3224 4633 3356 4707 πρὸς
3401 4629 3686 4715 ἀναγωγήν
3743 4627 3794 4682 οἱ

2143 4733 2280 4786 Θετοι
2338 4730 2426 4784 καὶ
2484 4724 2830 4791 πανευκλεεϊς
2889 4714 3133 4802 ἄγγελοι.
3199 4718 3361 4784 ’ἰδίως
3420 4716 3475 4774 δὲ
3535 4714 3695 4774 πάλιν
3755 4716 3793 4784 ἡ

2145 4825 2250 4876 τῶν
2307 4819 2425 4898 περὶ
2467 4817 2586 4878 τοὺς
2619 4815 2796 4892 ὤμους
2827 4820 3031 4892 πτερῶν
3093 4810 3314 4889 ἐλαφρία
3356 4807 3517 4877 δηλοῖ
3548 4808 3608 4863 τὸ
3630 4895 3642 4898 Α
3662 4802 3800 4861 ἀϐα-

2147 4909 2232 4989 ρὲς
2280 4895 2452 4966 αὐτῶν
2498 4908 2582 4963 καὶ
2630 4912 2846 4986 κοῦφον,
2879 4905 2967 4960 καὶ
3023 4902 3154 4980 πρὸς
3185 4902 3246 4957 τὸ
3295 4898 3561 4980 ἀνωφερὲς
3620 4895 3796 4969 ἀνεμ-

2144 4998 2414 5060 πόδιστον.

2231 5089 2300 5146 Τὸ
2356 5085 2409 5143 δὲ
2440 5087 2638 5166 γυμνὸν
2667 5085 2756 5142 καὶ
2810 5081 3125 5141 ἆντπόδετον
3155 5082 3215 5138 τὸ
3242 5080 3431 5162 ἄφετον
3481 5076 3676 5147 αὐτῶν,
3706 5075 3803 5136 καὶ

2148 5181 2278 5259 πρὸς
2314 5183 2380 5236 τὰ
2408 5178 2555 5238 κάτω
2606 5174 2819 5232 εὕλυτόν
2849 5195 2908 5231 τε
2939 5173 3027 5230 καὶ
3083 5170 3337 5251 ἄσχετον,
3366 5167 3502 5226 κατᾶ
3545 5167 3628 5223 τό’
3684 5168 3797 5221 Ai)-

2152 5253 2238 5327 σαι
2296 5269 2358 5325 τὶ
2415 5263 2661 5346 ὖφόδημα
2718 5264 2778 5321 ἐκ
2821 5270 2927 5320 τῶν
2989 5259 3164 5346 ποδῶν
3213 5282 3331 5341 σου,
3375 5261 3405 5316 ὁ
3459 5258 3559 5336 γὰρ
3601 5253 3801 5346 τόπος,

2153 5360 2207 5418 ἰν
2283 5362 2330 5434 ᾧ
2394 5341 2643 5436 ἵστασαι,
2695 5355 2845 5432 ἅγιός
2901 5352 3066 5412 ἔστιν.
3149 5343 3208 5421 ὀ
3273 5351 3374 5430 γὰρ
3451 5341 3803 5428 γυμνοποδῶν

2157 5448 2423 5524 ἐλεύθερός
2482 5450 2595 5504 εστι
2655 5443 2852 5508 πᾶντὸς
2911 5442 3217 5520 ἐξωτερικοῠ
3247 5438 3519 5522 ἐφολκίου.
3585 5440 3803 5524 Γυμνοο

425 5547 684 5610 trinseco
713 5522 1168 5626 impedimento.
1209 5538 1462 5621 Spiritus
1490 5541 1695 5622 itaque
1731 5539 2044 5625 nudipede

2160 5522 2344 5600 ποδεϊν
2391 5536 2488 5615 μὲν
2531 5534 2773 5615 λέγονται
2844 5533 2932 5590 καὶ
2975 5533 3022 5590 οἱ
3081 5531 3220 5613 νόες,
3282 5531 3354 5597 ὡς
3399 5526 3654 5605 ἐλεύθεροι
3700 5522 3805 5591 ﬁ“

503 5734 538 5780 ι·
557 5733 738 5805 Iliad.
763 5749 872 5810 vn,
907 5729 1090 5800 122.5
1126 5727 1314 5795 Exod.
1345 5745 1434 5816 ut,
1463 5729 1527 5798 δ.
