4150 6158
330 427 449 506 353

757 432 858 506 DE
895 428 1245 508 COELESTI
1286 433 1793 524 HIERARCHIA,
1827 434 1990 508 CAP.
2039 433 2176 509 Xv’.
2210 477 2279 491 —
2321 433 2708 509 PARAPHR.
2753 430 3269 508 PACHYMERE.

3585 438 3702 510 354

328 581 436 632 τῶν
466 573 635 648 ἒκτὸς.
663 574 995 653 προσθήκης,
1044 576 1129 632 καὶ
1185 575 1266 632 δίὰ
1323 583 1475 634 τοῦτο
1522 575 1834 648 ἀπρόσθετοι
1889 579 1976 636 καὶ

2087 578 2363 660 licuntur,
2399 588 2680 660 tanquam
2739 576 2915 640 liberi
2971 577 3044 639 ab
3103 577 3438 640 extrinseco
3469 577 3702 640 addita-

331 662 522 739 ἁπλοῖ,
555 663 692 721 κατὰ
721 663 821 732 τὴν
852 665 924 727 ὡς
981 663 1194 745 ἐφικτὸν
1223 666 1354 742 πρὸς
1398 665 1499 735 τήν
1527 667 1668 724 θείαν
1699 666 1980 737 ἁπλότητα

329 753 683 836 ἇφομοίωσιν.

408 930 439 1012 §
468 928 565 993 IV.
599 931 983 991 Πολυποίκιλον
1009 933 1153 1014 )έγει
1185 936 1284 1004 τὴν
1315 937 1500 1016 σοφίαν
1528 944 1622 995 τοῦ
1653 940 1807 1011 Θεοῦ,
1846 938 1980 1016 κατὰ

329 1023 422 1079 τὸν
447 1020 617 1100 μέγαν
647 1021 948 1080 ἂπόττολον
979 1024 1211 1087 Παῦλον.
1278 1027 1443 1084 Δοκεῖ
1500 1024 1554 1084 δὲ
1606 1029 1670 1084 τὰ
1701 1026 1793 1085 δύο
1825 1026 1981 1084 ἐναν-

330 1109 419 1165 τία
449 1120 616 1188 εῖναι,
664 1108 726 1166 τό
776 1131 836 1166 τε
879 1111 1080 1170 ἁπλοῦν
1124 1115 1214 1171 καὶ
1267 1116 1331 1172 τὸ
1390 1114 1792 1175 πολυποίκιλον.
1831 1108 1983 1172 Ἀλλ’

334 1197 477 1255 ἔστιν
529 1199 815 1278 εἶπεῖν,ὅτι
872 1203 934 1256 τὸ
988 1201 1188 1260 ἀπλοῦν
1246 1204 1343 1276 μὲ)
1401 1205 1580 1287 εἶπεν,
1638 1204 1731 1263 ’ίνα
1764 1203 1982 1281 δηλώσῃ

335 1289 400 1344 τὸ
429 1287 707 1346 ἀσύνθετον
734 1295 828 1346 τοῦ
859 1293 1013 1367 Θεοῦ,
1069 1295 1156 1350 καὶ
1188 1293 1247 1350 τό
1281 1294 1547 1370 μηδεμιᾶς
1591 1293 1815 1362 διπλόης
1859 1298 1984 1351 ἑπι-

337 1375 611 1453 δεόμενονο
656 1378 715 1436 οὗ
760 1378 860 1457 γάρ
917 1382 980 1436 ὲκ
1035 1383 1318 1454 μαθήσεως
1376 1386 1536 1464 σοφὸς
1567 1386 1595 1441 ὁ
1658 1388 1810 1466 Θεὸς,
1865 1381 1986 1440 ἀλλ’

338 1468 662 1548 αὒτὺχρημα
701 1470 858 1548 σοφία
901 1472 1033 1532 ἔστί.
1095 1475 1167 1532 Τὸ
1224 1471 1279 1529 δὲ
1309 1473 1714 1547 πολυποίκιλον,
1750 1475 1879 1533 διότι
1914 1477 1990 1540 εἰς

337 1557 514 1616 πολλὰ
580 1558 828 1637 γνώσεως
892 1560 1013 1630 ε’ίδη
1044 1571 1435 1640 μετατυποῦται
1467 1562 1550 1621 διὰ
1579 1555 1680 1635 τὴν
1743 1570 1850 1622 τῶν
1893 1563 1988 1621 ἐλ-

340 1647 702 1724 λαμπομένων
766 1650 1033 1710 ἇσθένειαν
1069 1669 1084 1685 ⁸
1148 1655 1426 1735 ἀρχιερεὺς
1501 1656 1599 1735 γὰρ
1640 1655 1749 1712 ἐστι
1793 1655 1986 1734 μέγας,

338 1739 678 1820 συμπάσχων
739 1740 867 1806 ταῖς
922 1743 1079 1818 ἡμῶν
1136 1744 1446 1808 ἀσθενείαις*
1511 1744 1646 1802 ὥστε
1699 1743 1846 1812 ἁπλῆ
1893 1742 1989 1820 μέν

339 1827 554 1908 λέγεται
597 1831 753 1911 σοφὶὰ
812 1838 941 1888 Θεοῦ
998 1834 1134 1890 κατὰ
1189 1835 1288 1903 τὴν
1332 1837 1511 1914 φύσιν,
1560 1833 1893 1915 πολὺτροπος
1937 1831 1992 1888 δὲ

2064 678 2292 750 mento,
2341 675 2518 750 atque
2549 667 2686 730 ideo
2715 666 2979 748 expediti
3008 666 3449 749 simplicesque,
3485 684 3705 730 secun-

2063 757 2206 821 dum
2239 777 2368 822 eam
2405 777 2541 840 quae
2569 756 2782 820 divina
2811 755 3206 838 simplicitatis
3236 756 3365 819 dari
3395 765 3587 840 potest
3617 757 3705 821 si-

2067 849 2491 912 militudinem.

2147 938 2178 1018 §
2209 937 2307 1003 IV.
2345 938 2765 1002 Multiformem
2799 954 2974 1018 porro
3007 945 3173 999 vocat
3201 937 3310 1000 Dei
3333 937 3708 1020 Hasapien-

2067 1028 2230 1101 tiam.
2241 1031 2410 1110 juxta
2446 1045 2722 1107 magnum
2755 1025 3086 1107 apostolum
3144 1026 3413 1091 Paulum.
3445 1027 3711 1108 Simplex

2066 1125 2265 1180 autem
2296 1126 2356 1180 et
2379 1117 2766 1179 multifarium
2787 1115 3068 1178 videntur
3091 1133 3225 1178 esse
3246 1116 3366 1179 duo
3386 1116 3704 1179 contraria.

2068 1209 2315 1284 Verum,
2333 1207 2538 1270 dicere
2561 1203 3066 1285 licet,simplicem
3099 1204 3343 1286 quidem
3374 1205 3618 1292 dixisse,
3645 1216 3712 1268 ut

2070 1296 2414 1358 ostenderet
2435 1295 2622 1359 Deum
2647 1312 2778 1358 esse
2803 1293 2935 1355 sine
2954 1292 3411 1375 compositione,
3464 1301 3523 1358 et
3553 1295 3714 1358 nulla

2069 1385 2423 1467 duplicitate
2450 1383 2761 1465 indigere:
2814 1401 3008 1462 neque
3045 1383 3204 1444 enim
3235 1383 3524 1446 discendo
3558 1387 3716 1448 Deus

2072 1477 2316 1558 sapiens
2349 1475 2438 1553 iit,
2468 1475 2574 1538 sed
2608 1483 2696 1537 est
2727 1491 2938 1555 reapse
2960 1473 3272 1554 sapientia.
3302 1473 3715 1538 Multiformem

2073 1583 2234 1639 vero,
2265 1564 2405 1646 quia
2446 1563 2506 1626 in
2555 1564 2770 1626 multas
2798 1560 3157 1642 cognitionis
3187 1561 3445 1644 species,
3478 1571 3719 1644 propter

2075 1673 2280 1716 eorum
2307 1653 2406 1735 qui
2439 1654 2806 1716 illustrantur
2835 1650 3333 1728 imbecillitatem,
3357 1652 3717 1714 tranforma—

2079 1753 2172 1806 tur
2199 1766 2212 1808 :
2249 1742 2516 1824 pontifex
2549 1743 2713 1804 enim
2746 1759 2992 1822 magnus
3025 1749 3137 1815 est,
3172 1741 3272 1821 qui
3298 1742 3514 1802 nostris
3543 1741 3717 1805 inﬁr-

2080 1832 2382 1896 mitatibus
2413 1835 2793 1914 compatitur;
2817 1832 2898 1894 ita
2927 1839 2990 1891 ut
3018 1829 3128 1893 Dei
3158 1827 3399 1912 quidem
3431 1831 3722 1912 sapientia

341 1921 477 1978 κατὰ
534 1919 633 1988 τὴν
688 1921 965 2000 πρόνοιαν,
1041 1920 1258 1992 Ἐπειδὴ
1312 1926 1482 1984 τοίνυν
1545 1922 1679 1993 αὕτη
1739 1925 1826 1981 καὶ
1875 1923 1992 1986 τοὺς

2087 1923 2584 2004 dicatursimplex
2599 1922 2931 2014 secundum
2946 1928 3240 2014 naturam,
3257 1920 3606 2014 multimoda
3618 1939 3721 1984 ve-

343 2011 602 2076 ἅσκεπετς
648 2019 882 2092 φυσικῶς
936 2012 1274 2094 ἇμφιέννυσι,
1333 2015 1420 2071 καὶ
1476 2015 1640 2082 σκεύη
1673 2015 1791 2072 τινὰ
1821 2010 2000 2070 διδωσι

344 2099 644 2179 περιφέρειν
703 2101 908 2168 αὒτοϊς·
955 2107 1079 2184 φέρε
1126 2105 1214 2160 καὶ
1271 2104 1337 2160 τὰ
1404 2108 1627 2163 τσιαῦτα
1694 2106 1807 2182 ἱερᾶ
1862 2125 2000 2183 προ-

345 2185 594 2263 magna
638 2213 698 2249 το
753 2193 842 2248 καὶ
873 2191 1095 2272 ὄργανα,
1149 2197 1224 2259 ὡς
1253 2197 1390 2270 ἡμῖν
1447 2197 1566 2253 ἔστι
1611 2193 1851 2274 δυνατὸν,
1878 2193 2002 2249 ἀνα·

350 2279 647 2356 πτόξωμεν.
705 2282 806 2341 Τὸν
845 2283 943 2358 μὲν
1005 2284 1105 2362 γὰρ
1159 2285 1329 2363 φανὴν
1383 2286 1469 2341 καὶ
1515 2283 1730 2364 πυρώδη
1775 2284 1997 2356 ἐσθῆτα,

349 2370 522 2436 καθῶς
578 2371 722 2451 παρὰ
780 2368 1039 2443 ’[εζεκιὴλ
1081 2374 1168 2429 καὶ
1219 2373 1422 2442 Δανιὴλ
1467 2374 1706 2454 εὕρηται,
1754 2371 1992 2448 ὑπολαμ-

348 2455 496 2516 ϐάνω
515 2460 818 2538 σημαίνειν,
852 2462 950 2528 τὴν
1009 2462 1104 2534 μὲν
1149 2461 1364 2542 πυρώδη
1403 2463 1599 2530 ἐσθῆτα
1640 2465 1700 2522 τὸ
1740 2461 1986 2536 θεοειδές,

349 2550 487 2606 κατὰ
545 2550 643 2617 τὴν
694 2557 786 2607 τοῦ
839 2551 1001 2630 πυρὸς
1035 2551 1209 2609 εἰκόνα
1265 2552 1437 2618 καθὼς
1471 2553 1749 2632 ἐλέγομεν,
1795 2555 1895 2618 τὴν
1937 2549 1992 2606 δὲ

347 2639 518 2718 φανὴν
546 2640 634 2696 καὶ
666 2640 929 2720 φωτεινὴν
990 2642 1050 2698 τὸ
1080 2643 1425 2722 φωτιστικδν.
1499 2642 1649 2699 Ἐπεὶ
1702 2641 1758 2698 δὲ
1812 2642 1899 2698 καὶ
1955 2641 1990 2708 ἡ

346 2729 506 2796 hei);
549 2729 732 2804 κτῆμά
762 2730 810 2785 τί
841 2728 976 2805 ἐστι,
1020 2729 1245 2787 καθόλου
1289 2730 1530 2811 περιέχει
1560 2732 1620 2788 τὸ
1661 2738 1842 2810 σῶμα,
1887 2730 2002 2786 ὅθεν

344 2821 436 2876 καί
491 2821 781 2900 ἀμπεχόνη
844 2818 1082 2899 λέγεται,
1147 2821 1232 2877 ἐπὶ
1271 2819 1324 2876 δὲ
1368 2827 1474 2877 τῶν
1500 2821 1794 2895 κτημάτων
1823 2842 1879 2876 τε
1915 2820 2004 2875 καὶ

347 2912 651 2991 χρημάτων
710 2911 759 2966 αἱ
810 2907 899 2988 ἀφ’
956 2909 1133 2988 ἐτέρου
1189 2911 1264 2974 εἰς
1326 2909 1484 2968 ἄλλον
1529 2909 1878 2988 κληρονομίαι
1926 2909 2003 2986 γίο

349 3021 550 3075 νονται,
625 2997 722 3077 ὅρα
767 2999 819 3055 τί
861 2997 1005 3077 λέγει
1065 2999 1282 3056 ἐνταῦθα
1339 3001 1467 3073 πρὸς
1526 3007 1694 3058 ταῦτα
1749 3002 1775 3056 ὁ
1825 2999 2000 3077 ἅγιος.

355 3089 456 3146 Διᾶ
497 3088 547 3143 τί
567 3088 720 3158 ἐσθής
758 3108 773 3169 ;
813 3089 910 3145 Διὰ
961 3089 1057 3150 τὰς
1127 3088 1182 3145 ἒν
1228 3088 1430 3166 οὖρανῷ
1472 3087 1648 3156 λήξεις
1678 3091 1766 3146 καὶ
1798 3087 2002 3168 κληρο-

352 3178 564 3254 νομίας,
599 3179 735 3235 κατὰ
767 3178 849 3237 τό.
916 3185 1071 3237 Δεῦτε
1157 3180 1203 3234 οἱ
1257 3177 1613 3254 εὐλογημένοι
1660 3181 1753 3236 τοῧ
1799 3180 2003 3256 Πατρὸς

355 3291 482 3349 μου,
559 3267 994 3346 κληρονομήσατε
1067 3267 1166 3334 τὴν
1245 3269 1654 3344 ἡτοιμασμένην
1726 3270 1853 3344 όμτν
1897 3269 2003 3344 βα-

355 3359 558 3416 σιλείαν
628 3359 730 3414 ἀπὸ
789 3355 1094 3424 καταϐολῆς
1174 3358 1400 3434 κόσμου.
1477 3360 1565 3424 Τίς
1625 3358 1680 3414 δὲ
1737 3361 1771 3427 ἡ
1845 3360 2004 3435 βασι-

355 3447 521 3519 λείας
570 3448 787 3511 Πάντως
832 3447 1008 3503 ἐκεῖνο
1037 3448 1105 3515 τὴ
1159 3450 1305 3505 θετον
1364 3449 1450 3504 καὶ
1508 3446 1788 3528 ἆδιάδοχον
1847 3448 1958 3524 φῶς
1992 3460 2007 3478 ’

356 3537 509 3606 λῆξιν
565 3537 665 3615 γὰρ
705 3537 806 3603 τὴν
860 3534 1215 3614 κληρονομίαν
1268 3539 1314 3594 οἱ
1358 3537 1574 3594 παλαιοὶ
1619 3535 1801 3614 ἔλεγον
1831 3553 1847 3569 ’
1898 3537 2013 3593 ὅθεν

358 3629 450 3685 καὶ
493 3626 745 3706 ληγάτοι,
791 3628 882 3684 καὶ
940 3625 1253 3706 ληγατάριοι
1285 3629 1371 3683 καὶ
1442 3625 1794 3705 ληξιαρχικὸν
1837 3626 2015 3706 γράμ-

363 3739 464 3794 μα,
524 3718 587 3772 τὸ
644 3714 918 3791 διδόμενον
973 3728 1091 3778 τοῖς
1143 3717 1272 3795 ὑπὲρ
1319 3717 1381 3772 τὰ
1423 3713 1696 3772 δεκαοκτώ
1757 3715 1851 3783 ’ἐτη
1896 3715 2009 3772 οὖσι

362 3813 470 3864 τῶν
500 3805 874 3886 κληρονόμων,
939 3806 1012 3870 εἷς
1068 3808 1130 3862 τὸ
1180 3805 1363 3887 ἅρχείν
1407 3808 1505 3873 τῆς
1565 3806 1760 3869 οἰκείας
1804 3804 2010 3885 κληρο-

363 3897 577 3972 νομίας,
651 3894 736 3954 διὰ
785 3895 845 3952 τό
904 3899 1004 3962 τῆς
1057 3895 1249 3964 ἥλικας
1300 3895 1526 3956 τέλειον.
1573 3893 1678 3956 Καὶ
1707 3895 1870 3952 ταῦτα
1913 3895 2012 3972 μὲν

364 3983 450 4042 διὰ
493 3986 590 4054 τὴν
619 3984 815 4054 ἐσθῆτα
850 4000 864 4014 ⁶
902 3983 1104 4062 μᾶλλον
1135 3984 1189 4042 δὲ
1220 3989 1254 4054 ὴ
1286 3985 1445 4054 ἐσθὴς
1491 3985 1574 4042 διὰ
1639 3995 1800 4045 ταῦτα
1829 4007 2012 4057 παρα-

365 4073 714 4152 λαμϐάνεται.
778 4076 877 4131 Διᾶ
933 4073 1077 4131 δὲτὸ
1132 4076 1296 4156 φανὸν
1357 4077 1443 4133 καὶ
1501 4073 1761 4154 πυρῶδες,
1807 4077 1896 4132 καὶ
1938 4073 2015 4131 ἔτι

365 4187 466 4234 την
494 4164 719 4223 καθόλου
763 4165 1027 4245 περιοχὴν
1056 4169 1154 4233 τῆς
1182 4168 1404 4244 ἒσθῇτος
1447 4165 1588 4245 λέγει
1620 4164 1752 4225 ὅπου
1782 4167 1842 4222 τὸ
1872 4167 2008 4246 φῶς.

366 4259 535 4313 Ποῖον
597 4260 709 4335 φῶς
747 4274 763 4329 ;
825 4256 927 4313 Καὶ
967 4256 1028 4312 τὸ
1061 4253 1286 4313 καθόλου
1316 4255 1617 4337 ἐκλάμπον,
1649 4257 1738 4313 καὶ
1768 4257 1829 4311 τὸ
1853 4253 2018 4311 καθό-

366 4344 464 4404 λου
522 4343 934 4421 ἱκλαμπόμενον
966 4362 982 4378 ·
1048 4343 1168 4402 ἀλλ’
1221 4344 1398 4403 ἰκετνο
1455 4346 1551 4422 μέν
1606 4344 1736 4423 ὅπερ
1781 4343 1924 4401 ’ἐστιν
1982 4344 2017 4412 ἡ

365 4436 479 4493 θεία
508 4436 686 4515 φύσις,
746 4439 954 4502 νοητῶς
1010 4432 1272 4511 ἔλλάμπει
1307 4451 1322 4467 ⁸
1380 4441 1537 4494 τοῦτο
1597 4434 1678 4517 δὲ,
1721 4434 1852 4514 ὅπερ
1880 4431 2020 4490 ἐστὶν

367 4527 404 4594 ἡ
462 4523 751 4604 ἀγγελικη,
811 4528 1003 4602 νοερῶς
1076 4522 1404 4602 ἑλλάμπεται
1439 4541 1454 4556 ⁸
1525 4526 1718 4593 νοητὸν
1780 4525 1878 4601 μὲν
1921 4524 2021 4603 γὰρ

2085 2035 2151 2077 ro
2169 2015 2496 2078 secundum
2517 2011 3268 2094 providentiam.Caeterum
3293 2029 3426 2073 cum
3441 2011 3724 2093 huncquo-

2084 2125 2201 2188 que
2218 2114 2434 2168 natura
2453 2121 2557 2166 sua
2576 2103 2768 2164 nudos
2791 2100 3118 2182 cooperiat,
3136 2108 3194 2162 et
3210 2100 3478 2182 quaedam
3501 2101 3572 2163 iis
3592 2103 3721 2165 ins-

2086 2204 2386 2258 trumenta
2407 2191 2881 2256 circumferenda
2900 2191 3113 2266 tradat;
3134 2191 3388 2268 agedum
3412 2189 3588 2252 etiam
3615 2192 3726 2254 ista

2083 2304 2250 2348 sacra
2270 2284 2646 2366 operimenta
2667 2291 2724 2345 et
2742 2283 3166 2360 instrumenta,
3181 2290 3359 2360 prout
3383 2299 3725 2363 possumus,

2086 2373 2568 2456 explicemusAc
2583 2371 2838 2434 lucidam
2854 2371 3095 2452 quidem
3119 2370 3724 2452 igneamquevestem,

2085 2473 2148 2525 ut
2164 2462 2318 2543 apud
2342 2462 2712 2525 Ezechielem
2737 2471 2794 2524 et
2814 2461 3124 2525 Danielem
3143 2460 3460 2541 reperitur,
3476 2461 3731 2522 arbitror

2085 2553 2445 2633 signiﬁcare,
2462 2558 2753 2632 quatenus
2777 2550 3061 2612 nimirum
3086 2557 3176 2611 est
3197 2549 3391 2630 ignea,
3414 2549 3728 2612 deiformi-

2088 2651 2289 2717 tatem,
2309 2642 2481 2722 juxta
2503 2642 2671 2702 istam
2698 2640 2852 2718 ignis
2876 2639 3201 2718 imaginem
3224 2638 3299 2700 de
3321 2657 3436 2717 qua
3464 2639 3726 2720 egimus;

2084 2740 2378 2812 quatenus
2411 2748 2546 2792 vero
2579 2740 2670 2792 est
2696 2729 3036 2810 splendida,
3065 2737 3119 2790 et
3152 2727 3410 2790 lucidam
3445 2729 3559 2790 vim
3587 2729 3729 2791 illu-

2086 2821 2379 2885 minandi.
2412 2823 2556 2885 Cum
2589 2827 2786 2883 autem
2821 2819 3001 2881 etiam
3039 2817 3214 2881 vestis
3263 2819 3586 2900 possessio,
3622 2837 3731 2882 seu

2085 2929 2152 2976 Su
2164 2911 2356 2993 pellex
2373 2912 2644 2990 quaedam
2664 2910 2884 2989 sitquae
2909 2916 3094 2970 totum
3119 2925 3332 2988 corpus
3353 2907 3734 2988 ambit,unde

2087 3012 2146 3064 et
2166 3005 2417 3064 amictus
2435 3019 2541 3063 seu
2570 3001 2983 3061 indumentum
3019 2997 3260 3078 dicitur;
3288 2999 3732 3078 possessionum

2085 3100 2281 3154 autem
2309 3098 2367 3154 et
2388 3089 2843 3170 supellectilium
2871 3089 2946 3149 ab
2971 3088 3084 3148 alio
3108 3088 3180 3150 ad
3204 3085 3383 3149 alium
3411 3088 3735 3151 haeredita-

2089 3193 2176 3244 tes
2225 3181 2594 3256 deriventnr,
2617 3178 2871 3242 observa
2921 3176 3061 3258 quid
3107 3185 3350 3238 sanctus
3378 3176 3474 3238 hic
3503 3176 3576 3238 ad
3609 3178 3735 3239 haec

2089 3273 2266 3334 dicat.
2287 3271 2366 3332 Ad
2392 3270 2537 3347 quid
2561 3271 2774 3329 vestis?
2796 3269 3047 3346 Propter
3067 3275 3258 3328 sortes
3282 3274 3338 3326 et
3358 3265 3737 3328 haereditates

2097 3359 2600 3441 coeli,juxtaillud:
2635 3356 2856 3434 Venite,
2880 3356 3170 3419 benedicti
3206 3358 3417 3417 Patris
3438 3357 3576 3435 mei,
3591 3375 3735 3437 pos-

2092 3452 2289 3513 sidete
2314 3457 2604 3530 paratum
2633 3447 2801 3510 vobis
2816 3463 3072 3526 regnum
3093 3443 3166 3506 ab
3185 3444 3426 3522 origine
3456 3446 3674 3507 mundi
3684 3463 3736 3506 ε.

2099 3537 2406 3611 Quodnam
2426 3553 2601 3616 porro
2614 3539 2893 3615 regnum?
2913 3532 3061 3594 Illud
3079 3533 3281 3612 utique
3300 3531 3562 3595 divinum
3583 3552 3737 3596 sem-

2101 3625 2520 3708 piternumque
2550 3625 2794 3686 lumen:
2853 3620 3082 3702 antiqui
3136 3622 3295 3683 enim
3345 3621 3520 3695 λῆξιν,
3555 3622 3612 3684 id
3645 3632 3740 3686 est

2091 3715 2725 3796 sortem,appellabant
2738 3710 3522 3790 haareditatemwndeetiam
3539 3713 3738 3795 legati,

2096 3814 2153 3868 et
2179 3806 2468 3885 legatarii,
2482 3805 2891 3886 scriptumque
2911 3802 3287 3883 legatarium,
3307 3803 3465 3883 quod
3486 3803 3743 3866 haeredi-

2096 3895 2211 3957 bus
2228 3895 2402 3956 datur
2421 3895 2520 3975 qui
2538 3895 2662 3974 jam
2688 3893 2989 3955 decimum
3011 3899 3280 3954 octavum
3302 3908 3522 3954 annum
3545 3909 3743 3955 exces-

2098 3983 2775 4060 serunt,uthaareditatis
2794 4000 2916 4044 sua:
2934 3980 3512 4043 administrationem
3538 3999 3605 4044 ac
3627 3999 3741 4060 gu-

2100 4074 2511 4137 bernationem
2545 4084 2792 4154 propter
2822 4071 3006 4134 aetatis
3042 4069 3471 4152 perfectionem
3502 4071 3740 4137 adeant.

2099 4164 2292 4246 Atque
2340 4164 2468 4225 haec
2501 4163 2744 4242 quidem
2778 4169 3023 4243 propter
3050 4167 3274 4222 vestem
3305 4179 3322 4237 ;
3373 4159 3518 4237 quin
3549 4159 3747 4240 potius

2102 4254 2281 4317 vestis
2302 4261 2546 4336 propter
2569 4253 2697 4314 hinc
2721 4250 3064 4314 assumitur.
3091 4252 3342 4331 Propter
3359 4249 3743 4330 splendorem

2101 4353 2299 4408 autem
2317 4352 2496 4422 atque
2521 4343 2755 4422 igneam
2780 4340 3146 4421 qualitatem,
3165 4339 3344 4400 totius
3366 4339 3544 4402 etiam
3566 4339 3747 4402 vestis

2102 4432 2556 4516 amplitudinem
2586 4437 2752 4512 quasi
2784 4431 2979 4493 lucem
3015 4446 3149 4491 esse
3203 4429 3308 4490 ait.
3366 4427 3612 4501 Qualem
3643 4429 3744 4494 lu-

2104 4522 2284 4587 cem?
2313 4522 2456 4596 Quae
2477 4522 2760 4584 nimirum
2787 4536 2895 4601 per
2914 4524 3100 4580 totum
3141 4516 3414 4596 illustrat,
3440 4527 3499 4581 et
3521 4535 3628 4600 per
3651 4525 3747 4581 to-

369 4614 538 4694 Ξστιν,
586 4613 676 4671 ἅτε
705 4615 885 4672 ἐκεῖνο
913 4615 1183 4695 τυγχάνον
1239 4617 1302 4672 τὸ
1361 4615 1645 4692 νοούμενον
1675 4633 1695 4655 ~'
1730 4618 1911 4693 νοερόν
1939 4609 1995 4668 δὲ

2106 4619 2236 4676 tum
2267 4611 2625 4674 illustratur:
2651 4618 2826 4690 atque
2855 4609 2957 4670 illa
2983 4607 3224 4689 quidem
3257 4623 3393 4688 quae
3422 4608 3620 4671 divina
3639 4627 3748 4671 na-

369 4705 432 4761 τδ
489 4703 897 4780 ἐλλαμπόμενον
969 4694 1056 4762 καὶ
1099 4712 1272 4764 νοοῦν.
1309 4705 1454 4770 Τέως
1485 4704 1564 4785 δὲ,
1601 4703 1824 4762 κάκεῖνο
1853 4701 1999 4760 meo.

2087 4709 2090 4732 '
2111 4712 2245 4764 tura
2270 4711 2359 4764 est
2380 4699 2838 4782 intelligibiliter
2864 4697 3148 4779 illustrat;
3173 4697 3299 4759 haec
3321 4715 3458 4759 vero
3481 4715 3612 4778 qua;
3635 4714 3748 4760 an-

371 4793 467 4852 λου
511 4793 810 4871 ἐλλάμπον,
870 4796 954 4854 καὶ
1013 4793 1140 4877 δίχα
1201 4797 1347 4858 τινὸς
1377 4793 1658 4875 φειδωλίας
1687 4813 1746 4849 τε
1781 4792 1869 4849 καὶ
1899 4789 1999 4871 γλι·

2109 4791 2297 4874 gelica
2323 4800 2415 4855 est
2433 4789 2824 4871 intelligendo
2848 4787 3178 4877 illustratur
3202 4805 3218 4848 :
3245 4786 3629 4877 intelligibile
3659 4786 3749 4848 si-

373 4883 706 4964 σχρότητος,
765 4885 854 4942 καὶ
911 4875 1334 4944 τοῦτοίήκαθόλοῦ
1391 4882 1743 4960 ἐλλάμπεται,
1775 4883 1820 4938 τί
1850 4882 1937 4938 καὶ
1966 4900 1996 4938 τ

2111 4881 2356 4960 quidem
2379 4880 2526 4943 illud
2548 4888 2637 4942 est
2656 4878 2817 4957 quod
2841 4876 3213 4956 intelligitur,
3239 4875 3588 4956 intelligens
3616 4893 3750 4939 vero

375 4972 592 5052 ὶφικτὸν
622 4970 946 5054 ὑποδέχεται
995 4971 1134 5054 (οὐδὲ
1166 4975 1268 5054 γὰρ
1310 4975 1372 5032 τό
1403 4974 1616 5054 μέτριον
1681 4968 1999 5051 ὑποδέχεται

2113 4969 2174 5033 id
2215 4969 2376 5052 quod
2421 4970 2746 5032 illustratur
2766 4975 2825 5030 et
2852 4965 3144 5044 intelligit.
3191 4964 3399 5045 Itaque
3425 4984 3536 5047 per
3565 4973 3751 5030 totum

376 5059 514 5120 διότι
547 5063 772 5142 μετρίως
832 5062 1188 5140 ιλλάμπεται,
1219 5062 1342 5121 ἀλλ’
1403 5062 1543 5121 οὕτω
1572 5061 1792 5140 λέγεται
1829 5061 1890 5118 τὸ
1925 5059 1994 5137 μέ

2110 5059 2258 5122 illud
2273 5059 2530 5122 illustrat
2541 5059 2674 5121 sine
2689 5057 2813 5123 ulla
2825 5055 3190 5140 parcimonia
3207 5054 3297 5118 vel
3317 5056 3750 5135 contractione,

377 5173 524 5232 τριον
555 5150 932 5234 ὑποδέχεσθαι,
989 5151 1071 5211 ὅτι
1138 5153 1367 5213 καθόλου
1427 5151 1779 5230 ἆλλάμπεται,
1830 5149 1918 5206 καὶ
1969 5170 1999 5207 τ

2118 5149 2256 5212 M4
2280 5156 2340 5212 et
2366 5149 2483 5211 hoc
2521 5166 2629 5231 per
2676 5156 2862 5210 totum
2904 5146 3258 5224 illustratur,
3292 5145 3432 5224 etsi,
3467 5155 3756 5229 quantum

381 5241 666 5323 ἰγχωροῦν
697 5241 1121 5325 προσλαμϐάνει)
1158 5261 1172 5279 ⁶
1210 5244 1388 5303 ἐκεῖνο
1416 5243 1516 5325 γὰρ
1571 5241 1637 5311 ἦν
1695 5239 1759 5298 ἄν
1809 5243 1910 5308 τῆς
1940 5261 1999 5297 το

2114 5237 2205 5303 fas
2235 5245 2346 5316 est,
2382 5238 2661 5317 suscipiat
2689 5236 2912 5318 (neque
2958 5234 3124 5325 enim
3155 5234 3318 5315 quod
3348 5244 3756 5325 mensuratum

377 5330 776 5408 ὶλλᾶμποντος,
849 5334 924 5397 ὡς
980 5333 1043 5391 ἄν
1097 5324 1179 5400 τις
1232 5332 1405 5416 εἴποι,
1434 5324 1438 5325 ν
1469 5330 1754 5415 φειδωλίας
1811 5330 1901 5387 καὶ
1941 5350 1999 5388 το

2117 5337 2208 5392 est
2231 5325 2502 5409 suscipit,
2518 5327 2659 5409 quia
2679 5324 3388 5416 mensurateillustratur,
3413 5327 3516 5389 sed
3540 5326 3628 5389 sic
3657 5324 3758 5388 di-

381 5421 598 5502 φθόνου,
659 5419 792 5500 ἅπερ
847 5420 1028 5503 πόρῤω
1082 5425 1181 5484 εἶσὶ
1248 5426 1346 5494 τῆς
1388 5413 1554 5489 -θείας
1624 5421 1713 5479 καὶ
1771 5419 1999 5498 μακαρία

2116 5420 2267 5484 citur
2291 5417 2661 5480 moderatum
2689 5414 2829 5498 quid
2857 5413 3188 5497 suscipere,
3209 5424 3505 5498 quatenus
3534 5433 3643 5498 per
3673 5422 3759 5478 to-

383 5512 591 5592 φύσεως
626 5528 643 5546 ⁸
673 5519 828 5570 τοῦτο
871 5511 928 5571 δὲ
975 5515 1183 5581 πάντως
1215 5515 1325 5574 εστὶ
1353 5515 1453 5584 τῆς
1483 5518 1592 5570 τῶν
1618 5507 1999 5590 ὑποδεχομένω

2117 5518 2240 5572 tum
2260 5508 2680 5589 illustratur,et
2701 5515 2989 5588 quantum
3011 5523 3229 5586 capere
3249 5511 3467 5588 potest,
3482 5505 3752 5588 accipit):

384 5599 685 5678 δυνάμεως.
728 5603 796 5661 Ἦ
826 5600 882 5660 δὲ
911 5605 1152 5684 ἱερατικὴ
1205 5604 1374 5674 στολὴ
1429 5598 1903 5681 παραλαμϐάνεται
1946 5597 1999 5656 δικ

2116 5617 2251 5662 nam
2278 5598 2426 5662 illud
2446 5597 2795 5662 illustrantis
2821 5603 2999 5673 esset,
3025 5613 3097 5658 ac
3119 5596 3166 5657 si
3187 5597 3319 5679 quis
3342 5594 3587 5671 diceret,
3618 5611 3757 5676 par-

384 5691 447 5749 τὸ
517 5691 806 5771 πρόσάγειν
863 5683 987 5760 τοὺς
1047 5697 1158 5755 τῶν
1201 5694 1488 5776 ἄνθρώπων
1545 5690 1720 5761 ἀξίους
1789 5691 1921 5768 πρὸς
1964 5712 1999 5746 τι

2113 5691 2385 5756 οἰωοηὶω
2409 5689 2502 5754 vel
2533 5687 2794 5768 invidia,
2847 5703 2982 5768 quae
3010 5686 3218 5767 procul
3247 5684 3464 5749 absunt
3493 5702 3530 5748 a
3562 5683 3763 5749 divina

471 5861 502 5905 ι
527 5860 743 5930 Matth.
771 5877 908 5928 xxv.
942 5862 1046 5934 34.
