4150 6158
459 302 578 382 355
1628 301 1689 377 s.
1735 301 2081 377 DIONYSII
2128 295 2662 374 AREOPAGITE.
3711 289 3830 372 356

459 451 750 532 beataque
773 447 980 514 natura
1005 473 1020 526 ;
1055 441 1167 512 hoc
1192 447 1388 510 autem
1419 448 1659 510 omnino
1685 447 1978 510 facultatis
2001 457 2091 512 est

2204 462 2292 506 εἴα
2323 447 2563 521 θεάματα
2593 448 2681 504 καὶ
2738 442 3027 524 μυστήρια,
3087 447 3260 512 καθὼς
3319 449 3410 503 καὶ
3467 447 3554 504 ἐπὶ
3597 452 3702 503 τῶν
3731 450 3827 504 ἒν-

460 541 935 622 suscipientium.
963 542 1147 602 Porro
1169 539 1316 599 stola
1339 536 1724 599 sacerdotalis
1754 539 2096 613 assumitur,

2203 541 2343 594 ταυθα
2372 537 2552 616 ἱερέων
2596 536 2728 616 ἐστὶ,
2761 534 2829 592 δι’
2885 537 2960 592 ὦν
3014 537 3075 594 τὸ
3107 536 3404 616 βάπτισμα³
3437 533 3502 592 δι’
3547 538 3622 592 ὧν
3653 539 3686 604 ἡ
3719 537 3825 592 κά-

462 649 534 692 eo
556 629 715 706 quod
739 628 1034 692 adducant
1056 628 1327 690 homines
1352 627 1452 706 qui
1477 635 1786 688 merentur
1807 627 1881 689 ad
1905 627 2104 689 divina

2203 635 2384 706 Ιαρσις,
2433 629 2460 683 ὁ
2492 628 2788 705 φωτισμὸς,
2829 627 2859 694 ί,
2907 625 3237 705 χειροτονία,
3269 627 3303 692 ἡ
3337 624 3570 705 εὖλογία³
3608 628 3695 682 καὶ
3727 625 3830 682 ἅλ-

459 719 797 800 spectacula
828 719 1260 800 mystcriaque;
1299 717 1452 778 sicut
1481 716 1663 776 etiam
1695 716 1792 777 hic
1826 717 2103 777 usuvenit

2203 733 2293 781 tuo;
2322 715 2406 773 διὰ
2449 718 2509 772 τὸ
2565 715 2924 796 ἆιριερωμένον
2969 716 3055 773 καὶ
3112 714 3440 793 ἡγιασμένον
3485 719 3582 782 τῆς
3615 716 3828 782 ἀπάσης

458 809 890 889 sacerdotibus,
924 827 1030 890 per
1059 825 1206 889 quos
1259 806 1607 886 baptismus,
1645 805 1927 885 expiatio,
1964 806 2102 866 illu-

2186 806 2328 874 ζωῆς
2365 807 2559 868 αὒτῶν,

457 899 684 979 stratio,
720 915 930 960 manus
962 896 1284 977 impositio,
1312 894 1772 975 henedictioque
1801 894 2522 977 confertur,praeterqnam
2554 893 2730 956 etiam
2763 891 2926 973 quod
2957 901 3074 957 tota
3105 911 3310 956 eorum
3343 893 3460 956 vita
3482 904 3831 957 consecrata

457 988 536 1050 sit
579 1007 648 1049 ac
675 987 1060 1050 sanctificata.

535 1079 707 1140 Zonte
718 1085 938 1158 autem,
956 1076 1454 1157 quemadmodum
1471 1074 1566 1137 hic
1587 1073 1852 1137 membra
1872 1075 2098 1155 genita-

453 1168 534 1230 lia
555 1185 851 1247 renesque
876 1168 1250 1246 succiugunt,
1274 1167 1360 1228 sic
1385 1175 1444 1226 et
1471 1164 1553 1226 ibi
1580 1165 1865 1226 fecundas
1889 1183 2096 1226 eorum

451 1257 699 1318 virtutes
723 1256 1088 1318 Custodiunt:
1124 1257 1354 1318 divinos
1385 1255 1544 1316 enim
1580 1254 1934 1334 splendores
1959 1272 2097 1315 suos

457 1346 623 1428 quasi
652 1345 804 1407 fetus
834 1345 1145 1424 quosdam,
1197 1362 1331 1406 cum
1385 1362 1540 1404 unus
1589 1342 1734 1403 ordo
1780 1341 1934 1418 aliis,
1970 1350 2094 1403 tum

457 1453 669 1497 omnes
693 1433 867 1496 nobis
900 1434 1301 1508 manifestam;
1325 1433 1466 1513 quin
1497 1439 1556 1493 et
1584 1432 1896 1494 collectum
1922 1450 2092 1493 suum

460 1525 726 1588 habitum
749 1525 819 1585 ad
845 1543 1025 1586 unum
1049 1532 1427 1597 convertunt,
1444 1523 1530 1584 sic
1553 1530 1613 1582 ut
1635 1521 1962 1584 intellectio
1989 1540 2094 1583 e0—

454 1635 586 1678 rum
601 1613 1409 1691 maneatindivulsa,tametsi
1434 1612 1568 1673 aliis
1590 1611 2092 1674 communicetur:

457 1707 589 1768 sine
636 1705 801 1786 lapsu
846 1703 1004 1765 enim
1051 1713 1109 1766 et
1155 1723 1289 1766 cum
1335 1703 1554 1764 decore
1594 1701 2094 1782 circumvolvitur,

2261 1079 2331 1133 Αἷ
2362 1073 2416 1131 δὲ
2461 1081 2644 1155 ζῶναι,
2693 1075 2766 1140 ὡς
2797 1074 3014 1133 ἐνταῦθα
3056 1074 3122 1130 τὰ
3151 1073 3346 1150 γόνιμα
3389 1074 3526 1154 μέρη
3581 1076 3705 1139 τοὺς
3736 1095 3827 1129 νε-

2180 1166 2340 1243 φροὺς
2397 1165 2825 1245 περισφίγγουσιν
2865 1215 2878 1237 ,
2935 1163 3101 1226 οὕτως
3152 1166 3330 1220 ἐκεῖσε
3418 1171 3826 1244 περιφρουροῦσι

2179 1256 2272 1318 τὰς
2303 1255 2554 1331 γονίμους
2599 1252 2843 1331 δυνάμεις
2910 1255 3080 1311 αὒτῶν
3129 1269 3144 1286 ⁸
3193 1253 3494 1332 ἐκφαίνουσι
3527 1255 3626 1332 γὰρ
3659 1257 3833 1312 αὖτῶν

2178 1346 2251 1407 ὡς
2297 1344 2389 1400 οἷά
2452 1366 2597 1408 τινας
2649 1346 2808 1424 γονὰς
2877 1344 2942 1402 τὰ
2998 1347 3117 1400 θεῖα
3176 1344 3553 1422 ἀμαρύγματα,
3613 1344 3701 1399 καὶ
3754 1343 3833 1398 ἔτι

2178 1433 2355 1512 ἕτερον
2415 1440 2519 1493 τῶν
2551 1435 2859 1512 τάγμάτων,
2904 1438 2991 1490 καὶ
3047 1434 3220 1490 πάντα
3248 1434 3374 1512 πρὸς
3433 1435 3599 1508 ἡμᾶς’
3636 1433 3722 1488 καὶ
3755 1433 3834 1488 ’ἐτι

2179 1523 2548 1604 συστρέφουσιν
2584 1527 2657 1590 εἷς
2705 1527 2765 1580 1‘0
2818 1522 2896 1603 ἓν,
2956 1525 3054 1590 τὴν
3123 1523 3428 1600 συναγωγὸν
3475 1521 3646 1578 αδτῶν
3689 1519 3834 1602 ἕξιν,

2179 1613 2253 1674 ὡς
2285 1611 2345 1667 ἅν
2375 1616 2408 1680 ἡ
2452 1613 2637 1680 νόησις
2693 1613 2848 1690 μείνῃ
2894 1610 3215 1677 ἆσκέδαστος
3260 1613 3350 1667 καὶ
3380 1609 3595 1690 τα·)τὴ’,
3629 1613 3673 1666 εἰ
3744 1611 3836 1666 καὶ

2187 1715 2306 1765 τοῖς
2349 1701 2547 1780 ἑτέροις
2592 1703 3025 1781 παραπέμπεται.
3075 1699 3496 1775 Ἀμετὰπτωτος
3543 1701 3837 1779 γὰρ’συνε-

458 1795 614 1874 quod
649 1768 827 1856 etiam
859 1812 1021 1854 zonae
1051 1793 1286 1869 accidit,
1335 1792 1575 1854 tametsi
1603 1768 2101 1854 communicetur'.

2203 1791 2449 1864 lico-51m,
2482 1793 2568 1848 καὶ
2614 1791 2732 1868 μετ’
2787 1791 3095 1870 εὔκοσμίας,
3143 1790 3272 1868 ὅπερ
3318 1792 3403 1847 καὶ
3437 1789 3564 1846 αὗτὸ
3596 1795 3695 1856 τῆς
3723 1793 3836 1860 ζὼ-

457 1883 975 1959 Quemadmodum
1003 1884 1160 1946 enim
1187 1884 1384 1945 unitas
1406 1881 1842 1943 communicata
1867 1898 2104 1942 rursum

458 1983 665 2036 manet
694 1975 934 2055 eadem,
968 1981 1026 2036 et
1056 1993 1172 2034 non
1204 1972 1445 2047 excudit,
1477 1979 1534 2032 et
1565 1971 1790 2032 circum
1823 1971 2105 2048 semetip-

460 2083 589 2126 sam
621 2065 969 2144 revolvitur,
1005 2064 1239 2144 quando
1288 2062 1451 2124 verbi
1481 2061 1668 2141 gratia
1697 2060 1917 2121 dicitur
1944 2079 2104 2122 unus

464 2153 768 2223 denarius,
785 2163 842 2214 et
863 2171 1016 2215 unus
1036 2152 1439 2225 centenarias,
1459 2158 1518 2212 et
1535 2169 1688 2211 unus
1715 2149 2107 2226 millenarius;

465 2244 553 2306 sic
582 2252 638 2304 et
668 2242 769 2304 illa
798 2243 998 2304 divina
1028 2242 1190 2304 notio
1219 2242 1362 2303 dum
1393 2240 1804 2320 participatur,
1854 2239 2112 2320 simplex

462 2333 526 2394 in
557 2351 622 2394 se
650 2341 870 2413 manet,
907 2341 964 2394 et
995 2351 1111 2394 non
1145 2331 1384 2395 excidit.

548 2421 681 2501 §V.
729 2422 923 2501 Virgze
978 2421 1310 2502 symbolum
1371 2428 1506 2481 sunt
1555 2419 1747 2497 regni,
1809 2429 1868 2480 et
1925 2427 2108 2492 recte,

460 2512 624 2592 juxta
661 2511 807 2573 illud
836 2532 848 2574 :
891 2510 1075 2591 Virga
1107 2511 1482 2580 direction-is,
1509 2510 1697 2588 virga
1730 2510 1907 2588 regni
1936 2509 2109 2573 tuik’.

465 2600 813 2678 Signiﬁcant
844 2601 1042 2681 itaque
1071 2600 1294 2679 regiam
1320 2599 1697 2680 dignitatem,
1724 2607 1783 2660 et
1813 2617 1847 2659 a
1880 2607 2116 2660 terrena

463 2691 748 2753 servitute
770 2690 1132 2753 libertatem.
1159 2689 1304 2752 Cum
1339 2697 1534 2750 autem
1569 2697 1796 2751 rectum
1825 2686 1922 2762 sit,
1947 2686 2105 2767 quod

463 2798 538 2844 ex
567 2798 737 2857 aequo
777 2779 963 2858 signis
993 2779 1116 2840 suis
1148 2777 1492 2859 respondet,
1522 2786 1580 2838 et
1610 2796 1678 2838 ex
1710 2796 1878 2858 aequo
1905 2777 2110 2839 termi-

467 2878 592 2942 nat,
628 2877 922 2948 virgarum
956 2868 1248 2930 rectitude
1279 2867 1542 2929 declarat
1574 2886 1677 2929 eos
1711 2876 1872 2928 recte
1902 2875 2111 2930 cuncta

465 2959 913 3038 determinare;
972 2958 1124 3020 nihil
1184 2958 1343 3019 enim
1401 2976 1536 3018 cum
1594 2957 1878 3019 curvitate
1916 2956 2114 3038 aliqua

467 3048 802 3129 perficiunt.

546 3137 744 3199 Hastae
795 3141 858 3201 et
916 3154 1162 3202 secures
1191 3135 1476 3198 denotant
1505 3135 1621 3197 vim
1662 3135 1980 3218 inaequalia
2009 3155 2115 3198 seu

469 3227 795 3290 materialia
816 3227 1119 3290 dividendi
1138 3226 1431 3291 :dividunt
1451 3227 1608 3288 enim
1632 3245 1665 3288 a
1688 3226 1843 3289 malo
1865 3226 2112 3292 bonum.

466 3315 616 3380 Nam
649 3318 775 3380 haec
810 3325 900 3381 est
927 3316 1314 3379 discernendi
1343 3316 1456 3390 vis,
1492 3334 1625 3395 quae
1654 3333 1906 3378 acumen
1940 3315 2118 3378 habet

467 3417 532 3470 ut
563 3408 753 3488 hasta,
789 3415 846 3470 et
875 3407 1237 3470 activitatem
1283 3406 1722 3488 eﬂicaciamque
1755 3413 1816 3468 ut
1843 3424 2112 3470 secures.

548 3586 927 3650 Geometrica
954 3603 1091 3648 vero
1123 3583 1474 3665 fabriliaque
1523 3583 1922 3647 instrumenta
1952 3583 2119 3647 desi-

2188 1903 2285 1946 νης
2318 1881 2449 1956 ἐστὶ,
2484 1880 2583 1938 κὲν
2613 1882 2698 1938 καὶ
2731 1878 3089 1956 μεταδίδοται.
3151 1879 3244 1944 Ὠς
3274 1879 3374 1959 γὰρ
3406 1880 3436 1947 ἡ
3471 1880 3630 1954 μονὸς
3663 1900 3838 1955 μετα-

2188 1968 2434 2046 διδομένη
2465 1970 2622 2027 πάλιν
2669 1972 2813 2032 μένει
2844 1972 3008 2040 ταυτή
3042 1991 3098 2026 τε
3157 1971 3245 2026 καί
3302 1969 3705 2044 ἀμετάπτωτος,
3749 1968 3841 2025 καί

2193 2070 2309 2138 περὶ
2363 2061 2555 2129 ἑαυτήν
2614 2060 2994 2134 συνελίσσεται,
3057 2057 3147 2116 ὅτε
3188 2056 3392 2126 δηλαδὴ
3424 2059 3517 2134 μία
3559 2055 3712 2122 δέκὰς
3743 2056 3840 2113 λέ-

2194 2171 2344 2226 γεται
2404 2153 2490 2207 καὶ
2551 2152 2644 2226 μία
2702 2151 3008 2224 ἐκατοντὰς,
3070 2150 3158 2207 καὶ
3215 2150 3310 2225 μία
3337 2147 3610 2228 χιλιοστῦς
3644 2164 3658 2178 ’
3693 2149 3841 2204 οὕτω

2194 2238 2413 2307 κάκείνη
2444 2241 2478 2308 ἡ
2503 2242 2615 2296 θεία
2644 2240 2851 2315 νόησις,
2886 2239 3253 2319 μετεχομὲνη,
3279 2236 3426 2306 ἁπλῆ
3455 2259 3535 2301 τις
3583 2237 3727 2313 μένει
3753 2237 3840 2292 καὶ

2197 2331 2606 2409 ἀμετάπτωτος,

2275 2421 2326 2500 §.
2362 2417 2434 2483 V.
2469 2421 2530 2476 Αἱ
2575 2417 2775 2498 ῥάϐδοι,
2809 2417 3069 2494 σύμϐολον
3112 2417 3380 2496 βασιλείας
3437 2419 3556 2491 εἰσὶ,
3603 2419 3690 2473 καὶ
3749 2420 3844 2476 εὐ-

2196 2515 2333 2587 θεῖς,
2366 2511 2503 2566 κατὰ
2531 2511 2614 2584 τὸ,
2652 2500 2862 2574 Ῥάϐδος
2907 2511 3213 2581 εὒθύτητος,
3247 2509 3280 2577 ἡ
3323 2505 3507 2585 ῥάϐδος
3551 2511 3648 2574 τῆς
3687 2507 3846 2584 βασι-

2197 2600 2341 2663 λείας
2402 2622 2517 2661 σου,
2587 2597 2823 2665 Δηλοῡσι
2874 2604 3156 2677 τοιγαροῦν
3222 2599 3284 2654 τὸ
3353 2595 3629 2674 βασιλικὸν
3687 2643 3701 2670 ,
3753 2600 3844 2654 καὶ

2199 2692 2327 2754 πρὸς
2370 2689 2434 2745 τὰ
2475 2688 2621 2744 κάτω
2651 2685 2968 2746 ἀδούλωτον.
3003 2687 3152 2744 Ἐπεὶ
3209 2685 3262 2742 δὲ
3307 2687 3424 2744 εὕῦύ
3484 2689 3618 2747 ἔστι,
3677 2688 3740 2742 τὸ
3789 2685 3844 2750 ἐξ

2189 2779 2309 2836 ἴσου
2365 2790 2480 2842 τοϊς
2528 2767 2612 2855 ἐφ’
2672 2784 2856 2834 εαυτοῦ
2914 2798 3160 2852 σημειοις
3214 2777 3478 2850 κείμενον,
3542 2777 3628 2831 καὶ
3672 2778 3736 2832 τὸ
3787 2775 3840 2841 ἐξ

2193 2867 2310 2925 ῗσόυ
2331 2879 2605 2945 περαῖνον,
2636 2867 2697 2922 τὸ
2729 2871 2834 2922 τῶν
2865 2865 3064 2945 ρᾶἰδων
3096 2867 3238 2940 εὗθὺ,
3271 2865 3432 2933 δηλοῖ
3478 2867 3537 2922 τὸ
3575 2867 3844 2944 περαίνειν

2193 2957 2424 3020 ἐκείνους
2454 2956 2626 3013 πάντα
2669 2955 2856 3022 εὐθέως
2887 2974 2901 2989 ⁸
2940 2953 3056 3015 οὐδὲ
3114 2954 3214 3034 γὰρ
3270 2953 3477 3013 τελοῦσι
3522 2955 3659 3032 μετά
3689 2977 3841 3020 τινος

2136 3056 2178 3108 C
2203 3047 2574 3114 σκολιότητος,

2278 3138 2354 3196 Τὰ
2383 3134 2574 3216 δόρατα
2632 3136 2718 3192 καὶ
2753 3137 2800 3193 οἱ
2852 3133 3076 3199 πέλδκες
3121 3133 3340 3204 δηλοῦσι
3396 3137 3459 3193 τὸ
3531 3134 3848 3216 διαιρετίκὸν

2197 3232 2304 3283 τῶν
2347 3226 2634 3306 ἀνομοίων,
2688 3225 2852 3305 ἤγουν
2909 3231 3014 3282 τῶν
3072 3224 3266 3283 ὕλικῶν
3311 3242 3324 3257 ⁸
3359 3224 3613 3305 διαιροῦσι
3657 3227 3758 3305 γὰρ
3784 3229 3846 3283 τὸ

2200 3328 2442 3391 κρεῖττον
2471 3315 2577 3373 ἀπὸ
2606 3321 2697 3372 τοῦ
2727 3317 2992 3396 χείρονος.
3019 3313 3190 3375 Τοῦτο
3220 3316 3320 3394 γὰρ
3345 3315 3488 3373 ἐστιν
3518 3318 3552 3385 ἡ
3577 3314 3846 3395 διακριτι-

2198 3407 2270 3474 κὴ
2298 3404 2591 3485 δύναμις,ἡ
2621 3405 2768 3472 ὀξεῖα
2800 3404 2935 3462 κατὰ
2964 3407 3023 3462 1‘0
3069 3403 3212 3486 δόρυ,
3246 3406 3281 3474 ἡ
3311 3405 3528 3486 ἐνεργὴς
3561 3407 3646 3462 καὶ
3679 3402 3845 3486 δρασ-

2199 3499 2356 3572 τηρία
2386 3498 2523 3555 κατὰ
2565 3499 2686 3562 τούς
2740 3497 2998 3560 πέΛοκας,

2283 3589 2358 3647 Τὰ
2423 3587 2477 3644 δὲ
2521 3607 2854 3669 γεωμετρικά
2899 3590 2985 3646 καὶ
3043 3589 3322 3648 τεκτονικὰ
3379 3589 3599 3668 ὄργανα,
3658 3589 3840 3655 καθώς

467 3675 774 3757 gnant,uti
799 3675 1079 3755 diximus,
1097 3674 1591 3756 perpendiculum
1613 3673 1856 3754 quidem
1881 3693 2105 3753 geome-

2203 3677 2484 3758 ἐλέγομεν,
2550 3679 2789 3759 σχοινίον
2829 3679 3213 3758 γεωμετρικὸν²
3286 3680 3346 3737 τὸ
3416 3676 3852 3761 θεμελειωτικὸν,

465 3767 681 3828 tricum
713 3764 999 3856 fundandi
1032 3773 1091 3856 et
1120 3763 1480 3856 aediﬁcandi,
1511 3764 1679 3842 juxta
1714 3762 1898 3856 illud:
1951 3764 2105 3856 (Inita

2203 3773 2283 3829 καὶ
2313 3769 2745 3852 οἷκοδομητικὸν,
2789 3773 2925 3829 κατὰ
2954 3773 3015 3828 τὸ
3051 3789 3064 3804 ⁸
3104 3773 3189 3836 Εἰς
3217 3773 3309 3830 τὸν
3354 3769 3446 3828 ἕνα
3489 3769 3848 3856 οἰκοδομεῖτε,

468 3856 733 3918 alterum
762 3855 1114 3935 wdiﬁcate',
1164 3861 1339 3942 atque
1368 3853 1615 3934 insuper
1644 3851 1992 3942 perﬁciendi
2023 3853 2105 3914 fa-

2203 3864 2295 3918 xa‘t
2328 3859 2402 3918 ἔτι
2445 3861 2506 3917 τὸ
2556 3851 2892 3918 τελειωτικόν
2927 3877 2941 3893 ⁶
2987 3859 3103 3920 οὐδὲ
3159 3863 3252 3942 γὰρ
3296 3860 3508 3940 λέγεται
3554 3851 3846 3937 οἰκοδόμος

474 3945 756 4008 cultatem
784 3963 798 4006 :
853 3961 972 4004 non
1025 3942 1184 4004 enim
1217 3941 1434 4004 dicitur
1463 3942 1807 4015 aediﬁcator,
1843 3941 1946 4023 qui
1978 3943 2105 4005 fun-

2203 3952 2228 4007 δ
2257 3948 2523 4026 θεμελιῶν
2554 3952 2642 4008 καὶ
2687 3952 2877 4022 κτίζων
2907 3951 3094 4028 μόνονι
3152 3941 3270 4008 ἀλλ’
3306 3954 3330 4007 5
3369 3950 3588 4007 τελειῶν
3615 3951 3712 4018 τὴν
3763 3952 3849 4008 οἱ·

468 4035 816 4096 damentum
865 4031 1056 4094 solum
1095 4029 1228 4092 Mli
1261 4031 1449 4113 ponit,
1506 4049 1740 4093 murum
1776 4031 1978 4114 erigit,
2012 4033 2105 4096 sed

2203 4041 2317 4098 κίαν
2353 4055 2367 4071 ⁶
2394 4041 2429 4109 ἡ
2461 4040 2596 4098 οἰκία
2627 4042 2726 4121 γὰρ
2787 4040 2938 4106 τέλος
2999 4039 3167 4116 ἐστὶν,
3229 4041 3412 4098 bestia
3457 4038 3510 4095 δὲ
3568 4039 3716 4120 ἀρχὴ
3758 4042 3850 4098 καὶ

475 4124 579 4205 qui
606 4124 850 4186 domum
866 4123 1351 4203 perficit;domus
1376 4121 1534 4184 enim
1559 4121 1696 4185 ﬁnis
1725 4129 1834 4199 est,
1863 4121 1964 4184 illa
1986 4141 2105 4185 verc

2203 4132 2332 4211 πρὸς
2377 4132 2438 4188 τὸ
2469 4129 2617 4197 τέλος
2647 4150 2661 4166 ’
2697 4129 2911 4208 οὐδεμία
2941 4129 2996 4187 δὲ
3038 4130 3188 4211 ἀρχὴ
3233 4131 3496 4209 συγγενὴς
3525 4143 3643 4194 τοῖς
3689 4129 3852 4186 τέλε-

470 4214 831 4295 principium
870 4213 1153 4276 duntaxat
1181 4219 1342 4285 sunt,
1377 4219 1437 4274 et
1489 4211 1562 4273 ad
1612 4213 1790 4274 finem
1826 4211 2105 4290 tendunt;

2203 4242 2310 4300 civ,
2355 4221 2428 4288 ὡς
2470 4218 2586 4280 οὗδὲ
2617 4221 2802 4300 τρόπις
2845 4221 2914 4299 τῇ
2957 4223 3051 4289 νηί
3087 4240 3105 4261 ο
3153 4219 3238 4276 διᾶ
3266 4227 3422 4277 τοῦτο
3465 4225 3589 4298 γοῦν
3617 4220 3854 4298 προστέ-

468 4305 698 4366 nullum
731 4312 927 4367 autem
963 4303 1321 4384 principium
1350 4311 1440 4364 est
1471 4301 1694 4364 finibus
1726 4320 2019 4386 coaevum,
2051 4313 2105 4366 ul

2203 4312 2367 4367 θειται
2401 4311 2510 4384 καὶ,
2541 4311 2613 4369 Τὸ
2642 4309 3002 4387 τελειωτικὸν,
3036 4312 3124 4368 καὶ
3151 4309 3248 4366 ὅσα
3280 4307 3416 4366 ἃλλα
3444 4317 3541 4376 της
3573 4308 3856 4388 ἆναγωγοῦ

469 4413 671 4473 neque
703 4395 904 4456 carina
931 4391 1063 4456 navi
1086 4416 1112 4467 ;
1171 4391 1390 4455 idcirco
1451 4392 1629 4454 etiam
1662 4391 1900 4454 additur
1928 4394 2105 4474 perﬁ-

2205 4401 2448 4478 προνοίας
2480 4402 2586 4457 τῶν
2615 4401 2866 4482 πρώτων²
2897 4402 2984 4458 καὶ
3012 4397 3427 4479 ἒπιστρεπτικῆς
3458 4405 3564 4456 τῶν
3594 4398 3856 4479 δευτέρων

469 4485 672 4547 ciendz‘
691 4485 1067 4564 facultatem,
1101 4490 1160 4545 et
1207 4500 1577 4564 quaecunque
1627 4481 1758 4559 alia,
1801 4480 2105 4545 inferiore:

2203 4488 2315 4548 ἰστί
2343 4512 2400 4548 τε
2443 4492 2532 4548 καὶ
2561 4489 2794 4570 λέγεται.

469 4572 808 4636 adducendi
865 4581 921 4636 et
978 4571 1368 4634 convertendi
1402 4571 1831 4652 providentiam
1868 4590 2120 4636 concer-

471 4662 696 4738 nentia,
733 4661 943 4743 primis
970 4661 1087 4724 illis
1117 4661 1322 4722 insunt
1350 4672 1410 4724 et
1441 4660 1859 4722 attribuuntur.

552 4752 790 4816 Accidit
819 4769 1061 4832 quoque
1091 4757 1628 4830 nonnunquam,ut
1659 4749 1993 4813 istiusmodi
2023 4751 2105 4814 in-

2287 4748 2452 4818 ’Ἐστι
2483 4756 2538 4815 δὲ
2582 4757 2665 4818 ὅτε
2724 4767 2888 4819 ταῦτα
2948 4760 3012 4817 τὰ
3043 4755 3238 4839 ὄργανα
3283 4758 3570 4839 δηλωτικὰ
3611 4761 3713 4817 εἶσι
3743 4763 3865 4816 τῶν

474 4851 804 4906 stramenta
824 4841 1159 4903 divinorum
1179 4858 1318 4919 erga
1343 4857 1450 4900 nos
1465 4839 1829 4920 judiciorum
1855 4840 2105 4921 symbole

2205 4842 2278 4905 εἷς
2334 4839 2478 4916 ἡμᾶς
2531 4841 2750 4919 κρίσεων
2817 4841 2904 4898 τοῦ
2961 4838 3126 4904 Θεοῦς
3173 4839 3278 4902 Καὶ
3327 4843 3400 4905 εἷς
3459 4838 3697 4899 παιδείαν
3750 4841 3864 4915 μὲν

472 4932 748 4995 existant.
773 4932 859 4994 Ac
887 4932 1049 5009 Virga
1075 4929 1315 5010 quidem
1342 4945 1446 5007 pro
1471 4928 1830 4991 correctrice
1859 4929 2105 5012 discipli-

2203 4931 2630 5010 ἐπανορθωτικὴν
2659 4931 2695 5000 ἡ
2755 4927 2944 5013 ῥάϐδος
3005 4929 3496 5010 παραλαμϐάνεται,
3559 4929 3632 4994 ὥς
3689 4938 3870 5010 φησιν

469 5041 546 5084 na
570 5023 849 5094 sumitur,
871 5020 959 5082 uti
981 5039 1115 5082 cum
1139 5018 1374 5080 divinus
1395 5017 1712 5098 Apostolus
1734 5023 1832 5081 ait:
1854 5020 1925 5081 In
1948 5023 2105 5101 virga

2203 5023 2232 5078 ὁ
2285 5022 2431 5083 θεῖος
2481 5018 2810 5086 Ἀπόστολος
2846 5039 2860 5054 ⁸
2917 5020 3004 5079 Ἐν
3054 5018 3229 5099 ῥάϐδῳ
3272 5021 3409 5079 ἔλθω
3467 5021 3600 5101 πρὸς
3627 5018 3796 5098 ὔμᾶς,
3826 5020 3872 5089 ἦ

469 5111 713 5174 veniam
733 5111 810 5172 ad
830 5127 954 5190 vos,
971 5127 1050 5171 an
1076 5110 1139 5172 tn
1162 5109 1533 5173 charitatem?
1559 5111 1672 5171 Pro
1693 5107 1956 5171 vindicta
1979 5128 2105 5172 verc

2203 5110 2257 5166 ἐν
2303 5109 2484 5188 ὰγάπῃ
2517 5127 2534 5190 ;
2571 5110 2657 5174 Εἰς
2709 5107 2766 5165 δὲ
2810 5109 2946 5185 μετὰ
2999 5106 3336 5177 δικαιοσύνης
3393 5109 3652 5188 τιμωρίαν
3684 5111 3744 5164 τὸ
3775 5107 3871 5174 ξι-

465 5199 715 5280 ]υειὶῑίεο
738 5197 990 5275 gladius,
1011 5199 1129 5260 falx
1162 5207 1222 5260 et
1261 5198 1513 5280 securis,
1535 5198 1690 5260 sicut
1731 5198 1908 5260 etiam
1933 5200 1992 5261 in
2018 5219 2105 5262 sa-

2203 5220 2317 5282 φος,
2367 5201 2428 5256 τὸ
2467 5197 2744 5278 δρέπανον,
2799 5201 2884 5256 καὶ
2915 5201 2942 5256 ὁ
2973 5197 3218 5275 πέλέκυς,
3274 5200 3451 5265 καθὼς
3500 5201 3588 5256 καὶ
3646 5197 3702 5254 ἐν
3729 5213 3871 5264 τοῖς

471 5291 591 5354 cris
618 5287 958 5365 Evangeliis
988 5289 1060 5349 de
1095 5289 1208 5350 ficu
1252 5287 1536 5351 inutiliter
1567 5288 1764 5351 locum
1788 5299 2105 5370 occupante

2203 5291 2362 5365 ἱεροῖς
2413 5288 2751 5369 Εὖαγγελίοις
2785 5293 2900 5369 περὶ
2953 5291 3052 5356 τῆς
3106 5291 3268 5358 συκῆς
3323 5295 3418 5357 τῆς
3479 5288 3871 5367 κατειργούσης

469 5381 747 5443 refertur.
767 5380 878 5440 Pro
901 5377 1175 5441 libertate
1193 5396 1330 5440 vero
1352 5377 1424 5440 ab
1445 5379 1678 5441 insidiis
1703 5379 2105 5444 haereditariu:

2203 5381 2290 5438 τὸν
2338 5379 2502 5437 τόπον
2558 5379 2799 5458 φέρεται.
2857 5381 2943 5446 Εἰς
2995 5377 3049 5436 δὲ
3134 5379 3430 5460 ὶλςυθερίαν
3488 5378 3872 5454 περιστάσεως

471 5469 794 5544 funiculus,
801 5468 971 5548 juxta
996 5467 1164 5530 illud:
1194 5468 1530 5532 Iv‘uniculus
1551 5469 2105 5536 haereditatis“.Pro

2203 5473 2260 5529 τὸ
2290 5467 2641 5550 κληροδότοῦν
2694 5472 2956 5550 σχοινίον,
3018 5471 3153 5530 κατὰ
3202 5472 3289 5550 τὸ,
3342 5467 3644 5550 Σχοίνισμα
3703 5465 3876 5540 κλη-

552 5631 628 5712 ιιο,
665 5629 798 5695 p531
829 5645 993 5708 xuv,
1030 5631 1087 5692 7.
1165 5631 1178 5674 I
1211 5627 1471 5696 IThess.
1507 5646 1564 5712 vd
1603 5634 1704 5695 11.
1779 5640 1818 5668 ³³
1849 5633 1871 5697 l
1903 5633 2042 5698 Cor.
2074 5649 2105 5698 ι’

2203 5636 2290 5697 2|.
2348 5643 2377 5678 υ
2407 5631 2585 5696 Deut.
2608 5645 2794 5708 χχχιι,
2823 5629 2889 5698 9-
