4150 6158
419 325 532 409 357

859 326 960 403 DE
1001 324 1355 405 C(ELESTI
1398 324 1903 421 HiEaAReHI'A,
1950 325 2263 402 caexv.
2298 371 2376 382 —
2404 324 2797 402 PARAPHR.
2842 319 3350 403 Maurusii/ii.

3679 321 3795 403 358

419 475 697 556 ρονομίας.
734 472 822 537 Εἰς
875 469 931 528 δὲ
984 471 1138 537 τέλος
1184 472 1419 541 παιδείας
1476 474 1635 533 πάλιν
1694 477 1721 532 ὁ
1768 474 1975 550 τέμνων
2005 475 2059 532 τὸ

2155 472 2273 535 ﬁne
2304 489 2445 535 vero
2476 472 2809 555 disciplinas
2834 473 3045 535 iterum
3078 473 3310 536 securis
3333 488 3467 555 quae
3497 474 3650 537 mala
3687 487 3789 538 re-

418 564 639 646 χαλεπὰ
695 560 880 628 πέλυξο
917 563 988 626 εἷς
1035 561 1090 618 δὲ
1144 562 1484 641 ἐπανάληψιν
1541 571 1640 631 τῆς
1689 565 1945 645 προτέρας
1979 567 2071 622 εὓ-

417 656 637 720 παθείας
694 654 731 720 ἦ
787 649 975 730 ῥάϐδος
1034 650 1193 709 πᾶλιν
1227 699 1244 728 ,
1306 654 1379 717 ὡς
1436 655 1497 710 τό
1532 699 1548 717 .
1613 656 1672 710 Ἦ
1722 652 1909 732 ῥαίόδος
1954 678 2068 731 σου,

417 747 508 803 καὶ
557 746 593 808 ἡ
650 742 911 822 βακτηρία
969 763 1107 817 σου,
1178 750 1329 800 αὗται
1387 760 1453 819 με
1516 742 1906 818 παρεκάλεσαν.
1983 747 2072 811 Εἷς

418 832 474 891 δὲ
525 833 837 912 προσθήκην
895 829 1103 910 δωρεῶν
1160 833 1426 900 αἰσθητῶν
1470 832 1572 909 μὲν
1601 835 1688 892 καὶ
1716 841 1919 913 μικρῶν
1951 834 2072 892 ὅσον

418 923 557 981 κατᾶ
585 920 874 999 ἀναλογίαν
915 927 1009 978 τοῦ
1038 917 1294 995 διδόντος,
1358 923 1441 979 τὸ’
1475 922 1761 1000 ἀμυντικὸν
1793 925 1880 980 καὶ
1912 947 2069 1002 στρα-

416 1014 671 1070 τιωτικὸν
726 1010 968 1091 φόρημα,
1015 1012 1188 1077 καθὼς
1239 1012 1418 1090 ὡράθη
1450 1014 1525 1086 τῷ
1574 1019 1667 1070 τοῦ
1725 1018 1874 1079 Ναυῆ
1905 1013 2066 1072 Ἰσοῦ·

412 1107 641 1181 393131
663 1099 714 1157 δὲ
757 1100 847 1156 καὶ
903 1096 1179 1178 μεγάλων,
1229 1098 1362 1180 ἅπερ
1422 1099 1595 1159 πολλὰ
1621 1113 1738 1166 τοῖς
1782 1101 1954 1181 ἁγίοις
1985 1106 2072 1162 καὶ

422 1189 646 1272 διάφορα
703 1187 1052 1270 ἐξεφάνησαν.
1114 1190 1214 1248 Καὶ
1282 1187 1421 1255 ὅλοις
1476 1192 1570 1248 οὒκ
1626 1189 1688 1247 ἂν
1749 1190 2068 1272 ἀπορήσειεν

415 1282 444 1338 ὃ
505 1277 812 1343 διαϐατικὸς
857 1287 978 1342 νοῦς
1037 1280 1242 1344 οἰκείως
1296 1280 1527 1357 ἁρμόσαι
1584 1292 1704 1346 τοῖς
1754 1278 1973 1361 ἀφανέσι
2005 1281 2069 1339 τὰ

416 1367 735 1451 φαινόμενα.

495 1457 525 1540 §
555 1456 656 1525 VI.
687 1460 759 1518 Τὸ
785 1456 960 1516 δὲκαὶ
1003 1455 1229 1536 ἀνέμους
1288 1460 1478 1525 αὖτοὺς
1528 1460 1899 1537 ὀνομάζεσθαι,
1959 1482 2063 1518 κα·-

411 1549 477 1606 τᾶ
533 1549 595 1606 τὸ
629 1595 647 1626 ,
696 1547 757 1606 Ὀ
804 1551 1111 1626 περιπατῶν
1168 1548 1262 1605 ἐπὶ
1317 1549 1592 1629 πτερύγων
1651 1546 1860 1626 ἀνέμωθ
1889 1596 1907 1629 ,
1964 1548 2061 1618 τήν

414 1636 593 1704 ὀξεῖαν
639 1638 811 1695 αὐτῶν
848 1641 1046 1705 πτῆσιν
1101 1633 1283 1712 δηλοῖ,
1320 1639 1405 1695 καὶ
1455 1635 1649 1719 σχεδὸν
1684 1636 1931 1718 ἂχρόνως
1976 1637 2061 1696 ἐπὶ

415 1728 589 1785 πάντα
635 1722 942 1797 διήκουσαν.
997 1722 1187 1792 Καλῶς
1218 1724 1272 1783 δὲ
1303 1727 1528 1785 τέθειται
1571 1728 1633 1784 τὸ
1663 1725 1875 1809 σχεδόν·
1906 1735 2061 1787 τοῦτο

412 1818 514 1897 γὰρ
557 1815 696 1876 ἴδιον
748 1815 844 1874 καί
903 1815 1066 1892 μόνον
1119 1822 1273 1881 Θεοῦ.
1321 1814 1596 1897 Ἀχρόνως
1664 1816 1718 1872 δὲ
1769 1818 1948 1894 εἶπεν,
1979 1817 2060 1874 ὅτι

2155 572 2340 645 secat,
2380 571 2439 626 et
2468 562 2629 644 virga
2650 564 2861 625 iterum
2895 582 3003 645 pro
3032 564 3300 646 pristina;
3328 563 3628 627 felicitatis
3660 585 3793 629 res-

2157 652 2620 734 titutionejuxta
2656 650 3025 732 illuszirga
3048 659 3235 727 tua,et
3258 652 3509 717 baculus
3534 657 3793 736 tuus,ip-

2154 760 2226 805 sa
2248 760 2344 805 me
2373 741 2685 807 eonsolata
2714 747 2906 805 sum".
2940 745 3049 803 Pro
3082 741 3398 805 collatione
3419 762 3554 806 vero
3579 763 3797 808 mune-

2155 850 2287 894 rum
2321 832 2629 895 sensilium
2672 832 2912 914 quidem
2947 838 3005 894 et
3035 830 3095 892 in
3128 832 3338 895 ordine
3368 833 3441 895 ad
3473 833 3666 896 dantis
3696 835 3795 896 di-

2152 923 2433 1000 gnitatem
2460 922 2830 1001 exiguarum,
2867 928 2933 982 ut
2961 927 3262 983 armatura
3293 939 3398 984 seu
3421 922 3597 984 vestis
3631 924 3794 986 mili-

2156 1010 2326 1086 taris,
2363 1029 2500 1092 quae
2532 1011 2655 1073 visa
2685 1018 2775 1072 est
2804 1028 2839 1072 a
2866 1009 3009 1073 Jesu
3055 1011 3242 1086 Nave;
3256 1012 3634 1101 spiritalium,
3656 1032 3795 1076 vero

2152 1118 2218 1162 ac
2245 1117 2620 1180 magnorum,
2654 1116 2785 1181 quae
2816 1098 3070 1179 plurima
3098 1098 3375 1181 variaque
3402 1104 3621 1163 sanctis
3665 1122 3792 1164 ma-

2154 1189 2432 1252 nifestata
2479 1199 2642 1253 sunt.
2688 1191 2898 1267 Neque
2951 1206 3090 1251 vero
3145 1188 3440 1252 dubitabit
3467 1190 3587 1253 ullo
3620 1192 3795 1254 modo

2153 1298 2323 1343 mens
2355 1280 2691 1362 perspicax,
2724 1276 2979 1341 visibilis
3031 1279 3272 1360 proprie
3321 1279 3503 1342 rebus
3531 1299 3663 1363 quae
3691 1300 3794 1344 as-

2150 1378 2390 1451 pectum
2425 1369 2654 1451 fugiunt
2681 1368 3157 1432 accommodare.
3586 1372 3591 1373 “

2231 1457 2564 1537 ἔνιρυοά
2595 1470 2794 1520 autem
2827 1465 2887 1520 et
2918 1458 3075 1520 venti
3092 1458 3502 1540 nominentur,
3521 1460 3686 1541 juxta
3716 1461 3792 1523 il-

2145 1546 2397 1624 ludzoui
2414 1547 2683 1613 ambulat
2704 1566 2889 1629 super
2905 1565 3138 1629 pennas
3158 1549 3787 1621 vanorumr,celerem

2146 1654 2356 1701 eorum
2382 1659 2401 1695 ι
2417 1638 2636 1701 oletum
2660 1638 3132 1718 signiﬁcat,etad
3148 1639 3349 1700 omnia
3363 1638 3550 1702 ferme
3564 1638 3790 1722 absque

2148 1737 2416 1810 tempore
2441 1730 3077 1811 penetrantem.Becte
3099 1727 3243 1790 dixit
3263 1729 3492 1807 ferme:
3518 1748 3653 1792 nam
3679 1731 3791 1793 hoc

2146 1818 2451 1899 proprium
2474 1828 2567 1881 est
2587 1835 2656 1881 ac
2678 1818 2860 1880 solius
2893 1817 3023 1880 Dei.
3049 1818 3292 1898 Absque
3310 1825 3574 1901 tempore
3589 1830 3787 1884 autem

417 1906 505 1963 ἐπὶ
533 1906 634 1982 μὲν
664 1913 771 1995 τῶν
802 1907 1088 1995 αἰσθητῶν,
1123 1904 1388 1987 ἔγχροννα
1416 1908 1501 1964 καὶ
1526 1904 1809 1995 βραδύτερα
1832 1908 1898 1964 τὰ
1924 1908 2040 1988 γινό

2154 1906 2464 1995 dixit,nam
2495 1909 2557 1971 in
2578 1907 2900 1971 sensilibus
2918 1925 3016 1969 res
3036 1907 3185 1970 ﬁunt
3208 1907 3441 1971 tardius
3471 1923 3530 1972 et
3559 1910 3618 1995 in
3648 1920 3791 1973 tem.

415 2011 571 2071 μενα·
629 1995 712 2053 ἐπὶ
743 1994 798 2051 δὲ
841 1980 1291 2073 τῶνιζὰσωμάτων
1319 1997 1408 2053 καὶ
1439 1994 1951 2073 νοητῶν)συντόμως
1978 1999 2064 2055 καὶ

416 2084 646 2162 ἀμελητὶ
674 2084 1122 2165 τελεσιουργεῖται
1164 2087 1226 2144 τὸ
1278 2086 1663 2165 πραττόμενον.
1701 2085 1899 2146 ’Ἔστιν
1943 2085 2061 2144 ἕτε-

413 2197 503 2255 ρον
558 2174 752 2233 ἰδὶωαα
804 2175 912 2232 τῶν
967 2174 1206 2255 ἆνέμωι,
1265 2175 1347 2232 ὅτι
1405 2177 1661 2234 παντοίαν
1713 2175 1813 2245 τήν
1853 2179 2061 2245 κίνησιν

416 2264 624 2346 ἔχουσι,
658 2265 744 2323 καὶ
789 2265 875 2323 ἐπὶ
932 2268 1109 2324 παντί.
1153 2264 1338 2330 Καλῶς
1391 2267 1490 2345 γὰρ
1517 2265 1632 2348 ἔχει
1664 2267 1750 2324 καὶ
1784 2269 1812 2324 ὁ
1842 2276 1936 2327 10-3
1962 2266 2060 2323 ἀέ-

415 2375 506 2433 ρος
553 2355 773 2431 ὁρισμὸς
819 2354 956 2411 κατὰ
999 2352 1282 2429 Πλάτωνα,
1329 2353 1410 2412 ὅτι
1470 2356 1746 2435 στοιχεῖόν
1790 2355 1958 2435 ἐστιν,
2001 2356 2062 2413 οὗ

407 2448 575 2500 πᾶσαι
633 2447 686 2500 αἱ
742 2443 881 2500 κατὰ
936 2443 1106 2501 τόπον
1158 2445 1396 2515 κινήσεις
1428 2446 1562 2501 κατὰ
1608 2444 1762 2526 φύσιν
1818 2445 1937 2505 εἰσί.
1988 2447 2059 2503 Τὸ

405 2533 509 2611 γὰρ
541 2539 639 2612 πῦρ
670 2529 780 2589 ἅνω
811 2531 928 2614 ἔχει
960 2532 1064 2601 τὴν
1096 2533 1231 2590 κατὰ
1260 2534 1411 2612 φύσιν
1433 2534 1668 2614 κίνησιν,
1699 2530 1847 2589 κάτω
1880 2530 2056 2602 δὲτὴν

409 2622 552 2701 παρὰ
598 2623 771 2703 φύσιν·
827 2622 864 2691 ἡ
906 2620 962 2679 δὲ
992 2622 1063 2702 γῆ
1102 2623 1186 2679 καὶ
1216 2624 1279 2679 τὸ
1307 2621 1443 2702 ὕδωρ
1493 2620 1776 2679 ἆνᾶπαλινο
1813 2625 1840 2680 ὁ
1871 2622 1925 2679 δὲ
1958 2624 2060 2703 ἀὴρ

410 2712 549 2769 κατὰ
603 2714 754 2793 φύσιν
806 2725 1037 2769 κινετται
1093 2717 1394 2793 πανταχοὺ,
1454 2719 1617 2770 Τοῦτο
1673 2713 1781 2768 νόει
1839 2714 1925 2769 καὶ
1974 2712 2060 2770 ἐπὶ

408 2807 515 2858 τῶν
573 2803 726 2859 θείων
758 2799 1055 2881 δυνάμεων,
1115 2799 1197 2858 ὅτι
1258 2798 1453 2858 ἄνωθεν
1512 2801 1608 2878 μὲν
1657 2803 1790 2876 πρὸς
1820 2802 1887 2858 τὰ
1913 2803 2060 2859 κοίτω

409 2890 512 2958 τὴν
553 2890 693 2948 θείαν
750 2888 1186 2970 διαπορθμεόουσι
1226 2889 1508 2971 βούλησιν,
1566 2891 1800 2949 κάτωθεν
1842 2889 1897 2947 δὲ
1928 2893 2058 2970 πρὸς

408 2981 475 3036 τὰ
506 2977 616 3037 ἅνω
643 2981 893 3058 ἀνάγουσι
942 2982 1007 3037 τὰ
1057 2979 1293 3062 δεύτερα,
1353 2982 1440 3038 καὶ
1497 2981 1823 3042 ἀνατείνουσι
1867 2989 2054 3056 ταὺτα,

406 3069 498 3125 καὶ
552 3068 712 3125 πᾶλιν
768 3076 1033 3127 κινοῦνται
1090 3071 1221 3147 πρὸς
1278 3072 1375 3137 την
1414 3070 1521 3126 τῶν
1580 3070 1875 3150 ὑφειμένως)
1919 3071 2056 3152 πρό·-

653 3160 667 3180 ,
800 3157 844 3179 κν
889 3158 903 3179 \
1100 3159 1126 3178 η
1410 3160 1423 3182 Ι
1462 3185 1471 3192 _
1570 3160 1597 3172 θ
1672 3160 1684 3179 ν
1733 3161 1753 3195 ,ξ

408 3180 575 3218 νοιαν.
615 3168 764 3217 Ειποι
796 3169 823 3215 ὸ
871 3161 933 3215 ἂν
957 3181 1063 3230 τις,
1098 3182 1179 3217 οτι
1209 3160 1242 3228 ἡ
1272 3182 1498 3227 τοιαυτη
1527 3182 1634 3217 των
1664 3183 1875 3238 ανιμων
1916 3161 2058 3218 ἐπω-

2146 1982 2321 2080 ρονθξ
2343 1982 2805 2080 ἰητξὶιιεοτρονοίε
2830 2006 3027 2060 autem
3052 2004 3111 2059 et
3138 1982 3790 2082 intelligibllibu§,pun-

2147 2096 2239 2150 cto
2259 2080 2544 2168 temporis
2567 2087 2767 2151 etsine
2790 2105 2956 2149 mora
2978 2087 3284 2168 perﬁcitur
3307 2087 3364 2149 id
3390 2090 3545 2171 quod
3569 2080 3792 2153 facien-

2146 2177 2285 2238 dum
2319 2187 2427 2242 est.
2463 2176 2566 2241 Est
2595 2185 2655 2240 et
2696 2177 2812 2240 alia
2860 2177 3189 2259 proprietas
3245 2185 3578 2251 ventorum,
3632 2181 3789 2261 quod

2144 2267 2478 2345 quemlibet
2522 2276 2745 2330 motum
2779 2266 3056 2349 habeant,
3092 2274 3150 2327 et
3198 2267 3269 2328 ad
3318 2267 3629 2349 quidlibet.
3670 2272 3790 2333 Aer

2143 2358 2302 2418 enim
2326 2366 2487 2420 recte
2508 2376 2542 2419 a
2561 2357 2806 2419 Platone
2828 2356 3274 2437 deﬁnitur,esse
3306 2357 3667 2421 elementum
3691 2360 3786 2424 cui

2142 2447 2438 2508 naturales
2469 2446 2589 2508 sint
2619 2464 2827 2509 omnes
2858 2445 3187 2508 secundum
3222 2445 3420 2508 locum
3466 2447 3786 2512 motiones.

2140 2533 2302 2613 Ignis
2333 2535 2630 2616 siquidem
2665 2545 2872 2598 natura
2894 2553 2999 2597 sua
3027 2551 3261 2597 sursum
3299 2544 3589 2620 movetur,
3613 2538 3788 2601 deor-

2143 2642 2274 2685 sum
2306 2642 2445 2686 vero
2476 2634 2678 2688 contra
2719 2631 3015 2702 naturam;
3046 2632 3203 2687 terra
3226 2643 3362 2687 vero
3386 2638 3444 2687 et
3462 2645 3617 2709 aqua
3643 2646 3675 2688 e
3698 2628 3785 2689 di-

2145 2730 2314 2775 verso
2342 2732 2355 2777 :
2388 2714 2491 2777 sed
2515 2733 2619 2777 aer
2633 2724 2841 2777 natura
2862 2731 2969 2776 sua
2987 2730 3459 2796 quaquaversum
3493 2728 3784 2783 movetur.

2143 2802 2310 2864 Idem
2344 2803 2523 2866 etiam
2548 2805 2794 2867 observa
2818 2803 2878 2865 in
2911 2802 3257 2865 caelestibus
3284 2804 3785 2888 virtutibus,quo-

2144 2891 2299 2953 niam
2317 2893 2578 2974 desuper
2590 2894 2828 2975 quidem
2855 2893 3133 2955 deorsum
3159 2891 3426 2955 divinum
3445 2897 3783 2959 mandatum

2144 2981 2527 3065 transferant,
2563 2983 2793 3046 inferne
2844 3001 2980 3044 vero
3035 3001 3270 3045 sursum
3302 2983 3599 3048 adducant
3629 2987 3785 3050 infe-

2140 3075 2322 3148 riora;
2356 3072 2687 3154 eademque
2716 3071 3204 3144 corroborent,ac
3227 3090 3466 3136 rursum
3500 3093 3785 3139 movean-

2142 3168 2235 3224 tur
2267 3161 2339 3223 ad
2373 3161 2447 3225 iis
2468 3162 2921 3244 providendum.
2963 3161 3168 3224 Posset
3193 3164 3371 3225 etiam
3398 3165 3532 3245 quis
3555 3166 3782 3244 dicere,

410 3269 575 3323 νυμια
631 3249 819 3305 καὶτὸ
873 3246 1098 3312 θεοειδές
1154 3249 1408 3330 ἐκφαίνει·
1469 3249 1588 3331 ἔχει
1646 3251 1754 3331 γὰιρ
1784 3252 1870 3308 καὶ
1902 3260 2057 3311 τοῦτο

2147 3253 2175 3311 Ι
2191 3249 2280 3311 46
2298 3251 2351 3331 ej
2361 3252 2670 3314 uscemudi
2684 3261 2991 3313 ventorum
3011 3270 3229 3314 nomen
3251 3252 3557 3316 declarare
3576 3274 3783 3318 eorum

413 3338 622 3402 εἰκόνας
649 3339 790 3401 θείας
848 3337 1134 3418 ἐνεργείας,
1195 3340 1370 3405 καθὼς
1415 3337 1467 3396 ἓν
1521 3338 1683 3420 ἑτέρῳ
1726 3341 2052 3418 συντάγματι

2137 3339 2943 3421 deiformi'atem,siquidem
2976 3339 3143 3401 etilli
3175 3340 3391 3402 divinae
3423 3342 3787 3407 efﬁcacitatis

410 3424 804 3515 παραδέδωκεν,
838 3428 866 3486 ὃ
915 3426 981 3497 δὴ
1029 3430 1090 3486 οὗ
1150 3427 1361 3509 φέρεται
1416 3430 1672 3509 στίμερον.
1708 3430 1803 3489 Καὶ
1834 3428 2053 3488 ἐνταῦθα

2146 3430 2426 3510 imagines
2457 3428 2734 3511 quaedam
2766 3430 3148 3508 insunt,sicut
3176 3429 3240 3491 in
3268 3431 3384 3493 alio
3413 3435 3784 3515 opere,quod

411 3514 583 3595 λέγει,
615 3514 695 3573 ὅτι
725 3519 787 3574 τὸ
807 3523 1046 3598 3519M
1082 3530 1250 3594 κινεῖ,
1301 3519 1389 3577 καὶ
1418 3526 1701 3597 ζωογονεϊ·
1736 3518 1872 3577 κατὰ
1899 3526 2054 3577 10-310

408 3607 513 3686 γὰρ
567 3607 654 3664 καὶ
703 3608 795 3664 τὸν
851 3607 978 3687 ἀέρα
1037 3608 1365 3684 ἀναπνέομεν
1412 3609 1484 3671 εἰς
1542 3608 1643 3677 τὴν
1702 3613 1799 3676 τῆς
1843 3607 2053 3686 καρδίας

408 3693 759 3774 ἆναῤῥίπισιδ·
823 3698 910 3754 καὶ
966 3696 1126 3763 ὀξέως
1184 3699 1272 3755 καὶ
1309 3697 1619 3777 ἆκρατήτως
1653 3711 1851 3779 χωρεῖ,
1886 3697 2052 3777 ἀορά-

405 3806 515 3850 τως
566 3788 652 3843 καὶ
710 3787 961 3867 κρυφίως,
1001 3787 1088 3844 καὶ
1140 3785 1403 3865 ἅγνωστοί
1457 3789 1555 3843 εἰσι
1595 3789 1778 3845 τούτου
1811 3790 1860 3844 αἱ
1890 3787 2057 3868 ἀρχαὶ

410 3876 497 3931 καὶ
570 3876 622 3931 αὶ
672 3876 1107 3956 ἂποπερατώσεις
1165 3878 1341 3940 καθὼς
1390 3875 1659 3935 λέλεκται³
1722 3879 1793 3937 Τὸ
1848 3880 2055 3957 πχερμα

408 3962 543 4021 ὅπου
590 3963 730 4022 θέλει
788 3978 935 4040 πνεῖ,
989 3971 1049 4026 0-3
1095 3967 1196 4046 γὰρ
1253 3963 1406 4031 οἶδας
1465 3969 1622 4024 πόθεν
1680 3965 1920 4048 ἔρχεται,
1967 3968 2056 4024 καὶ

408 4062 513 4112 ποῦ
567 4054 784 4133 ὑπάγει,
841 4055 1018 4115 Ταῦτά
1074 4057 1204 4115 εἰσιν
1257 4056 1457 4135 εἷκόνες
1509 4064 1661 4114 Θεοῦ·
1723 4070 1867 4115 κινεῖ
1923 4058 2056 4135 πρὸς

409 4145 699 4222 σωτηρίαν,
730 4150 990 4225 ζωογονετ
1020 4144 1154 4203 κατά
1180 4130 1442 4229 τείσῶμα
1496 4146 1585 4203 καὶ
1624 4142 1875 4231 πνεῦμα)
1894 4144 2055 4213 ὀξέως

408 4234 500 4291 καὶ
541 4233 852 4313 ἆκραττίτως
909 4249 1086 4316 χωρεῖ
1109 4251 1123 4268 ⁸
1187 4234 1242 4292 ἓν
1272 4227 1960 4316 νᾶποδιοπομπῖἶ-ὧῦτον,
2020 4237 2055 4305 ἡ

407 4336 622 4405 παχεῖα
674 4323 991 4393 συνείδησις’
1054 4324 1270 4407 κρόιμὸς
1334 4324 1446 4383 ἐστι
1498 4325 1635 4383 κατὰ
1693 4327 1776 4383 τό·
1845 4322 2054 4383 ’Ἒθετο

410 4412 602 4476 σκότος
661 4412 972 4494 ἆποκρυιρὴν
1022 4415 1201 4475 αὐτοῦ’
1256 4413 1504 4497 ἀόρατός,
1537 4416 1625 4472 καὶ
1671 4413 2057 4484 ἀκατάληπτος

412 4502 499 4558 καὶ
528 4500 722 4569 ἀίδιος.

492 4590 843 4672 Περιπλάττει
871 4595 961 4653 καὶ
992 4594 1218 4678 νεφέλης
1274 4593 1412 4653 ἰδέαν
1441 4595 1476 4664 ἡ
1533 4594 1645 4675 ἱερὰ
1701 4594 1886 4675 Γραφὴ
1942 4607 2062 4659 τοῖς

410 4683 685 4764 ἀγγέλοις,
760 4688 897 4746 κατὰ
961 4690 1045 4746 τὸ·
1131 4690 1228 4749 Καὶ
1302 4686 1497 4769 νεφέλη
1576 4685 1834 4745 ὑπέλαϐεν
1904 4690 2063 4748 αυτὸν

410 4774 520 4832 ἀπὸ
574 4782 681 4833 τῶν
735 4775 1021 4858 ὀφθαλμῶν
1075 4783 1273 4844 αὐτῶν.
1329 4778 1589 4856 Σημαίνει
1646 4775 1723 4849 δὲ,
1786 4774 1867 4833 ὅτι
1929 4800 2062 4858 κρυο

410 4862 531 4943 φίου
559 4866 646 4923 καὶ
674 4865 813 4926 θείου
856 4868 1030 4947 φωτὸς
1086 4867 1543 4949 ἀποπληροῦνται,
1605 4868 1693 4924 καὶ
1751 4865 1849 4934 τὴν
1908 4889 2057 4945 πρω-

409 4960 615 5034 τοφανῆ
643 4961 735 5013 τοῦ
768 4963 899 5014 Θεοῦ
951 4959 1317 5039 φωτοφάνειαν
1371 4955 1648 5037 δέχονται⁶
1708 4955 1802 5012 οὒκ
1859 4954 2060 5031 ἐκπέμ-

410 5064 568 5101 πουσι
600 5043 654 5101 δὲ
688 5046 888 5113 ταύτην
916 5045 1314 5120 (ἀναπόϐλητον
1346 5047 1446 5127 γὰρ
1471 5045 1526 5103 ἐν
1555 5042 1749 5125 νεφέλῃ
1778 5045 1839 5101 τὸ
1891 5043 2056 5125 φῶς),

409 5132 551 5191 ἀλλὰ
578 5131 1014 5216 διαπορθμεύουσι
1045 5141 1174 5218 πρὸς
1206 5139 1274 5197 τὰ
1330 5136 1566 5218 δεύτερα,
1624 5138 1696 5202 ὡς
1750 5135 1837 5192 καὶ
1891 5134 2060 5192 ταῦτα

411 5223 562 5305 ἔχειν
590 5227 691 5293 τὴν
721 5227 1149 5310 πρωτογένειαν,
1181 5230 1269 5286 καὶ
1298 5226 1429 5287 ἄλλο
1442 5250 1488 5292 ις
1520 5226 1899 5307 ἐπιχορηγεῖν.
1957 5225 2057 5284 Καὶ

412 5314 525 5391 μὴν
553 5315 639 5373 καὶ
669 5313 846 5379 ἄλλως
878 5315 1090 5397 νεφέλαι
1121 5318 1388 5399 λέγονται,
1449 5315 1534 5378 διὰ
1574 5318 1636 5373 τὸ
1664 5315 1907 5396 γόνιμον,
1965 5316 2054 5373 καὶ

413 5405 701 5486 ζωοποιὸν,
734 5404 823 5463 καὶ
855 5404 1162 5490 αὐξητικὸν,
1214 5410 1304 5467 καὶ
1360 5405 1701 5465 τελειωτικὸν
1757 5404 1864 5462 τῶν
1920 5426 2055 5485 καρ-

410 5500 554 5568 πῶν,
585 5491 668 5551 διὰ
696 5499 801 5552 τῶν
828 5494 1171 5576 ἐκχεομένων
1229 5497 1336 5556 ἀπὸ
1390 5502 1497 5555 τῶν
1553 5493 1785 5577 νεφελῶν
1827 5492 2051 5569 ὑδάτων,

411 5589 520 5643 τῶν
543 5579 951 5661 ὲκκαλουμένων
995 5587 1082 5646 ἐπι
1124 5587 1352 5662 ζωτικᾶς
1407 5584 1604 5651 ὠδῖνας
1659 5585 1752 5643 τὸν
1809 5580 2057 5665 ἑκδόχιον

2139 3518 2317 3582 hodie
2368 3539 2489 3583 non
2525 3526 2737 3601 exstat,
2770 3519 2990 3600 scripto
3046 3519 3313 3584 tradidit.
3346 3528 3547 3604 Atque
3580 3523 3676 3586 hic
3707 3525 3787 3587 ait

2126 3608 2419 3700 spiritu/ni
2441 3627 2682 3672 movere
2707 3609 3094 3700 etviviﬁcare:
3118 3609 3414 3692 siquidem
3443 3614 3555 3676 hoc
3583 3630 3783 3677 aerem

2138 3694 2430 3779 spiramus
2461 3699 2535 3762 ad
2558 3719 2663 3762 cor
2692 3698 3148 3762 refocillandum
3177 3717 3192 3763 :
3228 3712 3289 3763 et
3311 3699 3593 3764 celeriter
3612 3704 3784 3766 etin-

2139 3788 2516 3853 continenter
2540 3799 2599 3853 et
2628 3788 3002 3852 invisibiliter
3023 3797 3080 3851 et
3109 3791 3343 3854 occulte
3373 3794 3782 3876 transit,ejus-

2137 3896 2259 3956 que
2290 3880 2585 3962 principia
2605 3898 2676 3943 ac
2707 3878 2945 3942 termini
2979 3879 3228 3942 minime
3259 3888 3608 3963 noscuntur,
3629 3889 3785 3946 sicut

2140 3969 2368 4032 dictum
2393 3968 2801 4057 est1§p§§itig§
2813 3968 2920 4032 ubi
2939 3968 3067 4032 vult
3085 3972 3307 4048 spirat,
3329 3975 3388 4034 et
3411 3977 3605 4035 nescis
3628 3975 3786 4036 unde

2143 4062 2479 4141 veniat,aut
2504 4078 2622 4141 quo
2648 4057 2999 4123 vadathae
3021 4067 3158 4120 sunt
3177 4059 3467 4145 imagines
3492 4060 3621 4145 Dei;
3658 4081 3784 4124 mo-

2138 4156 2235 4211 vet
2265 4152 2340 4235 ad
2372 4149 2909 4225 salutem,viviﬁcat
2937 4142 3510 4232 secundum’corpus
3534 4158 3591 4213 et
3607 4142 3789 4235 spiri-

2131 4232 2443 4322 tum,,cito
2474 4249 2532 4303 et
2558 4239 3003 4302 incontinenter
3051 4247 3354 4320 penetral;
3402 4258 3589 4302 unum
3610 4232 3783 4322 quod

2141 4345 2276 4390 eum
2310 4347 2429 4391 non
2457 4328 2843 4403 admittit,est
2865 4346 3063 4390 crassa
3095 4326 3483 4405 conscientia;
3516 4331 3783 4393 occultus

2139 4425 2249 4493 est,
2276 4415 2445 4498 juxta
2482 4417 2876 4481 illudzPoauit
2900 4416 3179 4479 tenebras
3203 4415 3528 4481 latibulum
3558 4436 3780 4503 suumr;

2141 4506 2462 4572 invisibilis
2491 4515 2600 4584 est,
2638 4517 2696 4570 et
2724 4506 3353 4588 incomprehensibilis
3384 4515 3442 4569 et
3497 4516 3777 4575 aeternus.

2222 4598 2408 4660 Sacra
2435 4616 2670 4680 quoque
2699 4597 3004 4679 Scriptura
3034 4596 3211 4660 nubis
3245 4598 3666 4680 proprietatem
3680 4618 3782 4663 an-

2141 4686 2291 4766 gelis
2310 4686 2510 4767 adigit,
2532 4686 2706 4768 juxta
2732 4684 2878 4749 illud
2904 4704 2920 4748 :
2951 4685 3037 4750 Et
3056 4686 3246 4750 nubes
3264 4689 3522 4770 suscepit
3541 4706 3677 4752 eum
3707 4691 3783 4752 ab

2142 4774 2335 4839 oculis
2363 4775 2936 4856 eorumtSigniﬁcat
2954 4785 3292 4852 autem,eos
3322 4776 3556 4840 occulto
3583 4794 3657 4839 ac
3684 4776 3783 4841 di-

2139 4865 2276 4927 vino
2294 4865 2523 4929 lumine
2552 4866 2974 4949 repleri,atque
2999 4865 3374 4949 primilucam
3395 4864 3502 4929 Dei
3528 4864 3786 4931 illustra-

2141 4953 2364 5018 tionem
2389 4956 2907 5038 accipere;verum
2934 4956 3088 5018 hanc
3117 4955 3365 5018 minime
3380 4955 3784 5037 produnttlux

2143 5044 2303 5107 enim
2336 5045 2397 5108 in
2411 5046 2570 5110 nube
2591 5066 2706 5111 non
2731 5044 3186 5128 amittitur),sed
3211 5045 3780 5110 transfundunteam

2140 5133 2215 5198 ad
2240 5134 2548 5214 inferiora,
2573 5146 2637 5200 ut
2663 5145 2723 5201 et
2753 5137 2881 5199 hac
2912 5135 3162 5217 primam
3193 5134 3657 5201 illustrationem
3687 5138 3784 5201 ha-

2139 5222 2526 5308 beant,atque
2555 5226 2686 5290 aliis
2706 5226 2783 5288 im
2793 5225 3241 5309 pertiant.Quin
3264 5234 3325 5288 et
3341 5225 3513 5290 aliter
3539 5246 3781 5310 quoque

2138 5312 2330 5377 nubes
2360 5313 2657 5393 dicuntur,
2694 5325 2937 5398 propter
2966 5315 3081 5377 vim
3111 5316 3561 5394 fecundandi,et
3587 5316 3783 5379 viviﬁ-

2138 5403 2338 5480 caudi,
2375 5413 2430 5466 et
2463 5405 2742 5486 augendi,
2762 5423 2830 5468 ac
2855 5403 3208 5488 perﬁciendi
3229 5404 3454 5469 fructus
3475 5423 3584 5486 per
3597 5423 3780 5487 aquas

2138 5511 2273 5575 quae
2293 5510 2328 5556 e
2350 5493 2611 5558 nubibus
2631 5493 3211 5576 funduntur,quibus
3229 5493 3509 5557 nimirum
3531 5495 3780 5575 subjec-

2139 5589 2265 5645 tum
2280 5591 2455 5648 terree
2470 5584 2761 5666 gremium
2778 5584 3002 5667 pluvias
3018 5583 3321 5667 excipiam
3339 5584 3414 5647 ad
3432 5583 3633 5646 vitales
3645 5601 3786 5667 pro-

493 5751 519 5785 °
543 5741 706 5813 Pal.
735 5760 876 5827 ωι,
909 5747 973 5813 4.
1045 5759 1074 5804 ι)
1100 5746 1264 5820 Psal.
1294 5763 1419 5831 cui,
1442 5747 1501 5813 3.
1574 5756 1602 5803 «ι
1629 5746 1799 5810 toan.
1830 5760 1921 5833 in,
1952 5748 2013 5809 8.

2146 5740 2291 5811 Psal.
2324 5763 2464 5838 xvn,
2501 5748 2601 5817 12.
2666 5757 2688 5788 ⁸
2714 5745 2847 5815 Act.
2879 5741 3015 5813 1.9:
