  <div class='ocr_page' id='page_1' title='image "/cluster/home/n/w/nwhite01/storage/ocr_20150623/3/mdp.39015008855614/188.png"; bbox 0 0 4150 6158; ppageno 0'>
   <div class='ocr_carea' id='block_1_1' title="bbox 265 421 3635 510">
    <p class='ocr_par' dir='ltr' id='par_1_1' title="bbox 265 421 3635 510">
     <span class='ocr_line' id='line_1_1' title="bbox 265 421 3635 510; baseline 0.002 -14"><span class='ocrx_word' id='word_1_1' title='bbox 265 424 360 496; x_wconf 86' lang='grc'><strong>361</strong></span> <span class='ocrx_word' id='word_1_2' title='bbox 694 425 793 492; x_wconf 88' lang='lat' dir='ltr'><strong>DE</strong></span> <span class='ocrx_word' id='word_1_3' title='bbox 836 421 1188 493; x_wconf 87' lang='lat' dir='ltr'><strong>COELESTI</strong></span> <span class='ocrx_word' id='word_1_4' title='bbox 1230 425 1733 510; x_wconf 82' lang='lat' dir='ltr'><strong>HIERARCHIA,</strong></span> <span class='ocrx_word' id='word_1_5' title='bbox 1763 430 1928 494; x_wconf 85' lang='lat' dir='ltr'><strong>CAP.</strong></span> <span class='ocrx_word' id='word_1_6' title='bbox 1974 430 2108 496; x_wconf 86' lang='lat' dir='ltr'><strong>XV.</strong></span> <span class='ocrx_word' id='word_1_7' title='bbox 2159 463 2232 476; x_wconf 89' lang='lat'>—</span> <span class='ocrx_word' id='word_1_8' title='bbox 2262 431 2650 495; x_wconf 83' lang='lat' dir='ltr'><strong>PARAPHR.</strong></span> <span class='ocrx_word' id='word_1_9' title='bbox 2696 432 3190 498; x_wconf 64' lang='lat' dir='ltr'><strong>PACHYMERE</strong></span> <span class='ocrx_word' id='word_1_10' title='bbox 3518 436 3635 503; x_wconf 81' lang='lat'><strong>362</strong></span> 
     </span>
    </p>
   </div>
   <div class='ocr_carea' id='block_1_2' title="bbox 261 562 1921 657">
    <p class='ocr_par' dir='ltr' id='par_1_2' title="bbox 261 562 1921 644">
     <span class='ocr_line' id='line_1_2' title="bbox 261 562 1921 644; baseline 0 -22"><span class='ocrx_word' id='word_1_11' title='bbox 261 567 574 634; x_wconf 77' lang='grc' dir='ltr'>ἀνατατικῆς</span> <span class='ocrx_word' id='word_1_12' title='bbox 633 565 846 644; x_wconf 75' lang='grc' dir='ltr'><strong>πορείας</strong></span> <span class='ocrx_word' id='word_1_13' title='bbox 917 565 963 621; x_wconf 78' lang='grc' dir='ltr'>οἱ</span> <span class='ocrx_word' id='word_1_14' title='bbox 1032 569 1167 622; x_wconf 78' lang='grc' dir='ltr'>θεῖοι</span> <span class='ocrx_word' id='word_1_15' title='bbox 1225 565 1342 630; x_wconf 88' lang='grc' dir='ltr'>νόες</span> <span class='ocrx_word' id='word_1_16' title='bbox 1401 562 1921 640; x_wconf 58' lang='grc' dir='ltr'>καταλαμϐάνουσιμ</span> 
     </span>
    </p>
   </div>
   <div class='ocr_carea' id='block_1_3' title="bbox 2009 562 3632 657">
    <p class='ocr_par' dir='ltr' id='par_1_3' title="bbox 2009 562 3632 657">
     <span class='ocr_line' id='line_1_3' title="bbox 2009 562 3632 657; baseline 0.007 -34"><span class='ocrx_word' id='word_1_17' title='bbox 2009 562 2220 642; x_wconf 65' lang='lat' dir='ltr'><strong>mystice</strong></span> <span class='ocrx_word' id='word_1_18' title='bbox 2242 564 2630 646; x_wconf 89' lang='lat' dir='ltr'><strong>occultent,et</strong></span> <span class='ocrx_word' id='word_1_19' title='bbox 2651 565 2781 628; x_wconf 83' lang='lat' dir='ltr'><strong>sine</strong></span> <span class='ocrx_word' id='word_1_20' title='bbox 2818 567 3222 657; x_wconf 76' lang='lat' dir='ltr'><strong>ostentatione</strong></span> <span class='ocrx_word' id='word_1_21' title='bbox 3251 579 3632 651; x_wconf 82' lang='lat' dir='ltr'><strong>conservent,</strong></span> 
     </span>
    </p>
   </div>
   <div class='ocr_carea' id='block_1_4' title="bbox 262 653 1921 744">
    <p class='ocr_par' dir='ltr' id='par_1_4' title="bbox 262 653 1898 732">
     <span class='ocr_line' id='line_1_4' title="bbox 262 653 1898 732; baseline -0.001 -20"><span class='ocrx_word' id='word_1_22' title='bbox 262 665 407 716; x_wconf 80' lang='grc' dir='ltr'>τοῦτο</span> <span class='ocrx_word' id='word_1_23' title='bbox 452 655 609 712; x_wconf 82' lang='grc' dir='ltr'>πάλιν</span> <span class='ocrx_word' id='word_1_24' title='bbox 654 653 1098 732; x_wconf 86' lang='grc' dir='ltr'>περικαλύπτουσι</span> <span class='ocrx_word' id='word_1_25' title='bbox 1157 655 1424 730; x_wconf 77' lang='grc' dir='ltr'><strong>μυστικῶς</strong></span> <span class='ocrx_word' id='word_1_26' title='bbox 1481 657 1574 712; x_wconf 81' lang='grc' dir='ltr'><strong>καί</strong></span> <span class='ocrx_word' id='word_1_27' title='bbox 1621 655 1898 730; x_wconf 83' lang='grc' dir='ltr'>ἀνεκπόμ-</span> 
     </span>
    </p>
   </div>
   <div class='ocr_carea' id='block_1_5' title="bbox 2009 653 3636 744">
    <p class='ocr_par' dir='ltr' id='par_1_5' title="bbox 2009 653 3636 744">
     <span class='ocr_line' id='line_1_5' title="bbox 2009 653 3636 744; baseline 0.008 -30"><span class='ocrx_word' id='word_1_28' title='bbox 2009 653 2267 730; x_wconf 79' lang='lat' dir='ltr'><strong>[uidnam</strong></span> <span class='ocrx_word' id='word_1_29' title='bbox 2301 653 2373 744; x_wconf 86' lang='lat' dir='ltr'><strong>iis</strong></span> <span class='ocrx_word' id='word_1_30' title='bbox 2406 672 2538 716; x_wconf 86' lang='lat' dir='ltr'><strong>esse</strong></span> <span class='ocrx_word' id='word_1_31' title='bbox 2596 655 2790 736; x_wconf 85' lang='lat' dir='ltr'><strong>possit</strong></span> <span class='ocrx_word' id='word_1_32' title='bbox 2819 653 3454 744; x_wconf 81' lang='lat' dir='ltr'><strong>incomprehensibile,</strong></span> <span class='ocrx_word' id='word_1_33' title='bbox 3487 671 3547 727; x_wconf 89' lang='lat' dir='ltr'><strong>et</strong></span> <span class='ocrx_word' id='word_1_34' title='bbox 3570 663 3636 727; x_wconf 91' lang='lat' dir='ltr'><strong>in</strong></span> 
     </span>
    </p>
   </div>
   <div class='ocr_carea' id='block_1_6' title="bbox 264 745 1900 828">
    <p class='ocr_par' dir='ltr' id='par_1_6' title="bbox 264 745 1900 828">
     <span class='ocr_line' id='line_1_6' title="bbox 264 745 1900 828; baseline -0.001 -22"><span class='ocrx_word' id='word_1_35' title='bbox 264 771 420 806; x_wconf 84' lang='grc' dir='ltr'>πευτα</span> <span class='ocrx_word' id='word_1_36' title='bbox 463 745 787 827; x_wconf 69' lang='grc' dir='ltr'><strong>διατηροῦσι,</strong></span> <span class='ocrx_word' id='word_1_37' title='bbox 821 746 871 803; x_wconf 88' lang='grc' dir='ltr'><strong>τί</strong></span> <span class='ocrx_word' id='word_1_38' title='bbox 913 745 974 803; x_wconf 75' lang='grc' dir='ltr'>ἄν</span> <span class='ocrx_word' id='word_1_39' title='bbox 1009 747 1100 815; x_wconf 82' lang='grc' dir='ltr'><strong>εἴη</strong></span> <span class='ocrx_word' id='word_1_40' title='bbox 1131 747 1344 812; x_wconf 78' lang='grc' dir='ltr'><strong>τούτοις</strong></span> <span class='ocrx_word' id='word_1_41' title='bbox 1388 749 1450 804; x_wconf 80' lang='grc' dir='ltr'>τὸ</span> <span class='ocrx_word' id='word_1_42' title='bbox 1495 746 1900 828; x_wconf 70' lang='grc' dir='ltr'>ἀκατάληπτον,</span> 
     </span>
    </p>
   </div>
   <div class='ocr_carea' id='block_1_7' title="bbox 265 835 1398 919">
    <p class='ocr_par' dir='ltr' id='par_1_7' title="bbox 265 835 1398 919">
     <span class='ocr_line' id='line_1_7' title="bbox 265 835 1398 919; baseline 0.001 -25"><span class='ocrx_word' id='word_1_43' title='bbox 265 840 343 894; x_wconf 84' lang='grc' dir='ltr'><strong>καὶ</strong></span> <span class='ocrx_word' id='word_1_44' title='bbox 371 840 431 894; x_wconf 80' lang='grc' dir='ltr'>τὸ</span> <span class='ocrx_word' id='word_1_45' title='bbox 459 845 565 894; x_wconf 88' lang='grc' dir='ltr'><strong>τῶν</strong></span> <span class='ocrx_word' id='word_1_46' title='bbox 595 839 747 894; x_wconf 89' lang='grc' dir='ltr'>θείων</span> <span class='ocrx_word' id='word_1_47' title='bbox 779 835 912 894; x_wconf 84' lang='grc' dir='ltr'>ὁδῶν</span> <span class='ocrx_word' id='word_1_48' title='bbox 940 836 1344 919; x_wconf 70' lang='grc' dir='ltr'>ἀνεξιχνίαστον</span> <span class='ocrx_word' id='word_1_49' title='bbox 1382 857 1398 913; x_wconf 87' lang='grc'>;</span> 
     </span>
    </p>
   </div>
   <div class='ocr_carea' id='block_1_8' title="bbox 340 926 1903 1008">
    <p class='ocr_par' dir='ltr' id='par_1_8' title="bbox 340 926 1903 1008">
     <span class='ocr_line' id='line_1_8' title="bbox 340 926 1903 1008; baseline -0.001 -24"><span class='ocrx_word' id='word_1_50' title='bbox 340 926 404 984; x_wconf 77' lang='grc' dir='ltr'><strong><em>Ἠ</em></strong></span> <span class='ocrx_word' id='word_1_51' title='bbox 433 927 486 984; x_wconf 80' lang='grc' dir='ltr'><strong>δέ</strong></span> <span class='ocrx_word' id='word_1_52' title='bbox 515 935 607 984; x_wconf 76' lang='grc' dir='ltr'><strong>τοῦ</strong></span> <span class='ocrx_word' id='word_1_53' title='bbox 638 928 761 1004; x_wconf 84' lang='grc' dir='ltr'>βοὸς</span> <span class='ocrx_word' id='word_1_54' title='bbox 809 926 1012 983; x_wconf 76' lang='grc' dir='ltr'>εἰκασία</span> <span class='ocrx_word' id='word_1_55' title='bbox 1042 933 1148 982; x_wconf 85' lang='grc' dir='ltr'><strong>τῶν</strong></span> <span class='ocrx_word' id='word_1_56' title='bbox 1180 926 1421 1005; x_wconf 83' lang='grc' dir='ltr'>ἀγγέλων</span> <span class='ocrx_word' id='word_1_57' title='bbox 1467 927 1526 983; x_wconf 78' lang='grc' dir='ltr'>τὸ</span> <span class='ocrx_word' id='word_1_58' title='bbox 1567 928 1788 1008; x_wconf 68' lang='grc' dir='ltr'>ὶσχυρον</span> <span class='ocrx_word' id='word_1_59' title='bbox 1817 926 1903 983; x_wconf 85' lang='grc' dir='ltr'><strong>καὶ</strong></span> 
     </span>
    </p>
   </div>
   <div class='ocr_carea' id='block_1_9' title="bbox 265 1014 1902 1096">
    <p class='ocr_par' dir='ltr' id='par_1_9' title="bbox 265 1014 1902 1096">
     <span class='ocr_line' id='line_1_9' title="bbox 265 1014 1902 1096; baseline -0.001 -23"><span class='ocrx_word' id='word_1_60' title='bbox 265 1017 491 1092; x_wconf 70' lang='grc' dir='ltr'>ἀκμαῖον</span> <span class='ocrx_word' id='word_1_61' title='bbox 547 1014 728 1091; x_wconf 77' lang='grc' dir='ltr'>δηλοῖ,</span> <span class='ocrx_word' id='word_1_62' title='bbox 789 1015 908 1073; x_wconf 76' lang='grc' dir='ltr'>καθ’</span> <span class='ocrx_word' id='word_1_63' title='bbox 976 1017 1003 1072; x_wconf 86' lang='grc' dir='ltr'>ὃ</span> <span class='ocrx_word' id='word_1_64' title='bbox 1061 1018 1149 1074; x_wconf 85' lang='grc' dir='ltr'><strong>καὶ</strong></span> <span class='ocrx_word' id='word_1_65' title='bbox 1219 1017 1339 1081; x_wconf 83' lang='grc' dir='ltr'>τοὺς</span> <span class='ocrx_word' id='word_1_66' title='bbox 1401 1019 1609 1096; x_wconf 88' lang='grc' dir='ltr'>νοεροὺς</span> <span class='ocrx_word' id='word_1_67' title='bbox 1675 1015 1902 1081; x_wconf 78' lang='grc' dir='ltr'>αῧλακας</span> 
     </span>
    </p>
   </div>
   <div class='ocr_carea' id='block_1_10' title="bbox 262 1104 1899 1186">
    <p class='ocr_par' dir='ltr' id='par_1_10' title="bbox 262 1104 1899 1186">
     <span class='ocr_line' id='line_1_10' title="bbox 262 1104 1899 1186; baseline 0 -25"><span class='ocrx_word' id='word_1_68' title='bbox 262 1106 563 1186; x_wconf 67' lang='grc' dir='ltr'><strong>ἀρσενικῑιξις³</strong></span> <span class='ocrx_word' id='word_1_69' title='bbox 631 1109 704 1169; x_wconf 83' lang='grc' dir='ltr'>ὡς</span> <span class='ocrx_word' id='word_1_70' title='bbox 741 1107 935 1179; x_wconf 69' lang='grc' dir='ltr'>εἰπεῖν,</span> <span class='ocrx_word' id='word_1_71' title='bbox 1016 1105 1377 1184; x_wconf 80' lang='grc' dir='ltr'>ἀνευρύνουσι,</span> <span class='ocrx_word' id='word_1_72' title='bbox 1423 1107 1519 1168; x_wconf 75' lang='grc' dir='ltr'><strong>τὰς</strong></span> <span class='ocrx_word' id='word_1_73' title='bbox 1570 1106 1764 1171; x_wconf 77' lang='grc' dir='ltr'>οἰκείας</span> <span class='ocrx_word' id='word_1_74' title='bbox 1797 1104 1899 1173; x_wconf 76' lang='grc' dir='ltr'><strong>δη-</strong></span> 
     </span>
    </p>
   </div>
   <div class='ocr_carea' id='block_1_11' title="bbox 263 1193 1903 1276">
    <p class='ocr_par' dir='ltr' id='par_1_11' title="bbox 263 1193 1903 1276">
     <span class='ocr_line' id='line_1_11' title="bbox 263 1193 1903 1276; baseline -0.001 -24"><span class='ocrx_word' id='word_1_75' title='bbox 263 1194 390 1264; x_wconf 78' lang='grc' dir='ltr'>λαδὴ</span> <span class='ocrx_word' id='word_1_76' title='bbox 439 1195 695 1276; x_wconf 67' lang='grc' dir='ltr'>διανοίας,</span> <span class='ocrx_word' id='word_1_77' title='bbox 743 1197 815 1259; x_wconf 82' lang='grc' dir='ltr'>εἰς</span> <span class='ocrx_word' id='word_1_78' title='bbox 873 1193 1144 1276; x_wconf 77' lang='grc' dir='ltr'>ὑποδοχὴν</span> <span class='ocrx_word' id='word_1_79' title='bbox 1214 1203 1320 1253; x_wconf 87' lang='grc' dir='ltr'><strong>τῶν</strong></span> <span class='ocrx_word' id='word_1_80' title='bbox 1392 1197 1757 1274; x_wconf 81' lang='grc' dir='ltr'>γονιμοποιῶν</span> <span class='ocrx_word' id='word_1_81' title='bbox 1817 1196 1903 1253; x_wconf 86' lang='grc' dir='ltr'><strong>καὶ</strong></span> 
     </span>
    </p>
   </div>
   <div class='ocr_carea' id='block_1_12' title="bbox 261 1283 1905 1366">
    <p class='ocr_par' dir='ltr' id='par_1_12' title="bbox 261 1283 1905 1366">
     <span class='ocr_line' id='line_1_12' title="bbox 261 1283 1905 1366; baseline -0.002 -23"><span class='ocrx_word' id='word_1_82' title='bbox 261 1287 403 1343; x_wconf 80' lang='grc' dir='ltr'>θείων</span> <span class='ocrx_word' id='word_1_83' title='bbox 447 1285 658 1364; x_wconf 71' lang='grc' dir='ltr'>ὄμϐρων</span> <span class='ocrx_word' id='word_1_84' title='bbox 694 1333 708 1348; x_wconf 88' lang='grc'><strong>.</strong></span> <span class='ocrx_word' id='word_1_85' title='bbox 755 1287 822 1343; x_wconf 80' lang='grc' dir='ltr'><strong>τά</strong></span> <span class='ocrx_word' id='word_1_86' title='bbox 864 1283 917 1341; x_wconf 72' lang='grc' dir='ltr'><strong>δὲ</strong></span> <span class='ocrx_word' id='word_1_87' title='bbox 949 1285 1144 1364; x_wconf 73' lang='grc' dir='ltr'>κέρατα</span> <span class='ocrx_word' id='word_1_88' title='bbox 1176 1284 1395 1352; x_wconf 76' lang='grc' dir='ltr'>’δηλοῦσι</span> <span class='ocrx_word' id='word_1_89' title='bbox 1443 1287 1506 1342; x_wconf 86' lang='grc' dir='ltr'><strong>τὸ</strong></span> <span class='ocrx_word' id='word_1_90' title='bbox 1551 1287 1905 1366; x_wconf 73' lang='grc' dir='ltr'>φρουρητικὸν</span> 
     </span>
    </p>
   </div>
   <div class='ocr_carea' id='block_1_13' title="bbox 268 1374 1899 1455">
    <p class='ocr_par' dir='ltr' id='par_1_13' title="bbox 268 1374 1899 1455">
     <span class='ocr_line' id='line_1_13' title="bbox 268 1374 1899 1455; baseline -0.002 -23"><span class='ocrx_word' id='word_1_91' title='bbox 268 1377 346 1432; x_wconf 72' lang='grc' dir='ltr'><strong>καί</strong></span> <span class='ocrx_word' id='word_1_92' title='bbox 372 1376 674 1454; x_wconf 81' lang='grc' dir='ltr'>ἀκράτητον</span> <span class='ocrx_word' id='word_1_93' title='bbox 711 1395 721 1409; x_wconf 77' lang='grc'><strong><em>⁸</em></strong></span> <span class='ocrx_word' id='word_1_94' title='bbox 752 1382 1093 1455; x_wconf 75' lang='grc' dir='ltr'>φρουροῦνται</span> <span class='ocrx_word' id='word_1_95' title='bbox 1124 1377 1222 1455; x_wconf 73' lang='grc' dir='ltr'><strong>γὰρ</strong></span> <span class='ocrx_word' id='word_1_96' title='bbox 1281 1377 1327 1431; x_wconf 78' lang='grc' dir='ltr'>οἱ</span> <span class='ocrx_word' id='word_1_97' title='bbox 1387 1376 1507 1452; x_wconf 82' lang='grc' dir='ltr'>βόες</span> <span class='ocrx_word' id='word_1_98' title='bbox 1552 1374 1636 1432; x_wconf 76' lang='grc' dir='ltr'>διὰ</span> <span class='ocrx_word' id='word_1_99' title='bbox 1678 1378 1899 1452; x_wconf 71' lang='grc' dir='ltr'>τούτων,</span> 
     </span>
    </p>
   </div>
   <div class='ocr_carea' id='block_1_14' title="bbox 266 1464 1527 1545">
    <p class='ocr_par' dir='ltr' id='par_1_14' title="bbox 266 1464 1527 1545">
     <span class='ocr_line' id='line_1_14' title="bbox 266 1464 1527 1545; baseline 0.001 -24"><span class='ocrx_word' id='word_1_100' title='bbox 266 1467 346 1522; x_wconf 84' lang='grc' dir='ltr'><strong>καὶ</strong></span> <span class='ocrx_word' id='word_1_101' title='bbox 375 1468 435 1522; x_wconf 77' lang='grc' dir='ltr'>τὸ</span> <span class='ocrx_word' id='word_1_102' title='bbox 466 1468 608 1545; x_wconf 79' lang='grc' dir='ltr'>παρὰ</span> <span class='ocrx_word' id='word_1_103' title='bbox 651 1473 757 1522; x_wconf 90' lang='grc' dir='ltr'><strong>τῶν</strong></span> <span class='ocrx_word' id='word_1_104' title='bbox 789 1465 964 1524; x_wconf 69' lang='grc' dir='ltr'>ἄλλων</span> <span class='ocrx_word' id='word_1_105' title='bbox 997 1465 1295 1544; x_wconf 79' lang='grc' dir='ltr'>ἀκράτητον</span> <span class='ocrx_word' id='word_1_106' title='bbox 1327 1464 1527 1528; x_wconf 75' lang='grc' dir='ltr'>ἕκουσι.</span> 
     </span>
    </p>
   </div>
   <div class='ocr_carea' id='block_1_15' title="bbox 339 1553 1906 1634">
    <p class='ocr_par' dir='ltr' id='par_1_15' title="bbox 339 1553 1906 1634">
     <span class='ocr_line' id='line_1_15' title="bbox 339 1553 1906 1634; baseline 0.001 -24"><span class='ocrx_word' id='word_1_107' title='bbox 339 1554 500 1634; x_wconf 70' lang='grc' dir='ltr'>Φέρε,</span> <span class='ocrx_word' id='word_1_108' title='bbox 563 1557 650 1613; x_wconf 82' lang='grc' dir='ltr'><strong>καὶ</strong></span> <span class='ocrx_word' id='word_1_109' title='bbox 705 1555 800 1622; x_wconf 70' lang='grc' dir='ltr'>τὴν</span> <span class='ocrx_word' id='word_1_110' title='bbox 863 1563 956 1611; x_wconf 78' lang='grc' dir='ltr'>τοῦ</span> <span class='ocrx_word' id='word_1_111' title='bbox 1011 1555 1168 1611; x_wconf 81' lang='grc' dir='ltr'>ἀετοῦ</span> <span class='ocrx_word' id='word_1_112' title='bbox 1225 1555 1402 1612; x_wconf 77' lang='grc' dir='ltr'>εἰκόνα</span> <span class='ocrx_word' id='word_1_113' title='bbox 1457 1553 1773 1630; x_wconf 73' lang='grc' dir='ltr'>κατίδωμεν,</span> <span class='ocrx_word' id='word_1_114' title='bbox 1836 1555 1906 1613; x_wconf 81' lang='grc' dir='ltr'>Τὸ</span> 
     </span>
    </p>
   </div>
   <div class='ocr_carea' id='block_1_16' title="bbox 269 1642 1907 1725">
    <p class='ocr_par' dir='ltr' id='par_1_16' title="bbox 269 1642 1907 1725">
     <span class='ocr_line' id='line_1_16' title="bbox 269 1642 1907 1725; baseline 0 -25"><span class='ocrx_word' id='word_1_115' title='bbox 269 1643 540 1720; x_wconf 84' lang='grc' dir='ltr'>βασιλικὸν</span> <span class='ocrx_word' id='word_1_116' title='bbox 595 1646 696 1723; x_wconf 73' lang='grc' dir='ltr'>γὰρ</span> <span class='ocrx_word' id='word_1_117' title='bbox 755 1645 842 1702; x_wconf 85' lang='grc' dir='ltr'><strong>καὶ</strong></span> <span class='ocrx_word' id='word_1_118' title='bbox 889 1645 1144 1723; x_wconf 75' lang='grc' dir='ltr'>ύψιφόρον</span> <span class='ocrx_word' id='word_1_119' title='bbox 1207 1642 1393 1725; x_wconf 74' lang='grc' dir='ltr'>ἔχουσι</span> <span class='ocrx_word' id='word_1_120' title='bbox 1452 1646 1537 1701; x_wconf 84' lang='grc' dir='ltr'><strong>καὶ</strong></span> <span class='ocrx_word' id='word_1_121' title='bbox 1583 1646 1629 1702; x_wconf 81' lang='grc' dir='ltr'>οἱ</span> <span class='ocrx_word' id='word_1_122' title='bbox 1662 1643 1907 1724; x_wconf 78' lang='grc' dir='ltr'>ἄγγελοι,</span> 
     </span>
    </p>
   </div>
   <div class='ocr_carea' id='block_1_17' title="bbox 265 1732 1908 1815">
    <p class='ocr_par' dir='ltr' id='par_1_17' title="bbox 265 1732 1908 1815">
     <span class='ocr_line' id='line_1_17' title="bbox 265 1732 1908 1815; baseline -0.001 -23"><span class='ocrx_word' id='word_1_123' title='bbox 265 1736 346 1792; x_wconf 73' lang='grc' dir='ltr'>καὶ</span> <span class='ocrx_word' id='word_1_124' title='bbox 375 1736 437 1790; x_wconf 76' lang='grc' dir='ltr'>τὸ</span> <span class='ocrx_word' id='word_1_125' title='bbox 495 1737 792 1815; x_wconf 77' lang='grc' dir='ltr'>ταχυπετὲς</span> <span class='ocrx_word' id='word_1_126' title='bbox 850 1737 1070 1809; x_wconf 76' lang='grc' dir='ltr'>ὁμοίως,</span> <span class='ocrx_word' id='word_1_127' title='bbox 1123 1735 1216 1793; x_wconf 72' lang='grc' dir='ltr'>Καὶ</span> <span class='ocrx_word' id='word_1_128' title='bbox 1259 1732 1438 1814; x_wconf 75' lang='grc' dir='ltr'>ὥσπερ</span> <span class='ocrx_word' id='word_1_129' title='bbox 1482 1735 1706 1805; x_wconf 75' lang='grc' dir='ltr'>ἐκεῖνοι,</span> <span class='ocrx_word' id='word_1_130' title='bbox 1753 1733 1908 1810; x_wconf 76' lang='grc' dir='ltr'>ὑψόθι</span> 
     </span>
    </p>
   </div>
   <div class='ocr_carea' id='block_1_18' title="bbox 270 1822 1909 1906">
    <p class='ocr_par' dir='ltr' id='par_1_18' title="bbox 270 1822 1909 1906">
     <span class='ocr_line' id='line_1_18' title="bbox 270 1822 1909 1906; baseline -0.001 -26"><span class='ocrx_word' id='word_1_131' title='bbox 270 1826 359 1892; x_wconf 79' lang='grc' dir='ltr'>τὴν</span> <span class='ocrx_word' id='word_1_132' title='bbox 402 1830 600 1891; x_wconf 76' lang='grc' dir='ltr'>πτῆσιν</span> <span class='ocrx_word' id='word_1_133' title='bbox 671 1825 1006 1903; x_wconf 71' lang='grc' dir='ltr'>ποιούμενοι,</span> <span class='ocrx_word' id='word_1_134' title='bbox 1067 1822 1207 1889; x_wconf 76' lang='grc' dir='ltr'>ὀξεῖς</span> <span class='ocrx_word' id='word_1_135' title='bbox 1247 1825 1345 1880; x_wconf 80' lang='grc' dir='ltr'>εἶσι</span> <span class='ocrx_word' id='word_1_136' title='bbox 1396 1824 1487 1881; x_wconf 65' lang='grc' dir='ltr'><strong>καί</strong></span> <span class='ocrx_word' id='word_1_137' title='bbox 1533 1823 1792 1906; x_wconf 79' lang='grc' dir='ltr'>νηφαλέοι</span> <span class='ocrx_word' id='word_1_138' title='bbox 1823 1825 1909 1880; x_wconf 88' lang='grc' dir='ltr'><strong>καὶ</strong></span> 
     </span>
    </p>
   </div>
   <div class='ocr_carea' id='block_1_19' title="bbox 1985 740 2838 823">
    <p class='ocr_par' dir='ltr' id='par_1_19' title="bbox 1985 740 2838 823">
     <span class='ocr_line' id='line_1_19' title="bbox 1985 740 2838 823; baseline 0.007 -21"><span class='ocrx_word' id='word_1_139' title='bbox 1985 740 2200 805; x_wconf 84' lang='lat' dir='ltr'><strong>divinis</strong></span> <span class='ocrx_word' id='word_1_140' title='bbox 2231 744 2336 804; x_wconf 89' lang='lat' dir='ltr'><strong>viis</strong></span> <span class='ocrx_word' id='word_1_141' title='bbox 2360 743 2838 823; x_wconf 77' lang='lat' dir='ltr'><strong>investigabile?</strong></span> 
     </span>
    </p>
   </div>
   <div class='ocr_carea' id='block_1_20' title="bbox 2067 833 3636 920">
    <p class='ocr_par' dir='ltr' id='par_1_20' title="bbox 2067 833 3636 920">
     <span class='ocr_line' id='line_1_20' title="bbox 2067 833 3636 920; baseline 0.006 -24"><span class='ocrx_word' id='word_1_142' title='bbox 2067 834 2252 896; x_wconf 88' lang='lat' dir='ltr'><strong>Porro</strong></span> <span class='ocrx_word' id='word_1_143' title='bbox 2276 833 2442 896; x_wconf 88' lang='lat' dir='ltr'><strong>bovis</strong></span> <span class='ocrx_word' id='word_1_144' title='bbox 2474 834 3047 916; x_wconf 85' lang='lat' dir='ltr'><strong>forma,angelorum</strong></span> <span class='ocrx_word' id='word_1_145' title='bbox 3077 837 3263 901; x_wconf 91' lang='lat' dir='ltr'><strong>robur</strong></span> <span class='ocrx_word' id='word_1_146' title='bbox 3281 857 3351 902; x_wconf 87' lang='lat' dir='ltr'><strong>ac</strong></span> <span class='ocrx_word' id='word_1_147' title='bbox 3372 839 3636 920; x_wconf 83' lang='lat' dir='ltr'><strong>vigorem</strong></span> 
     </span>
    </p>
   </div>
   <div class='ocr_carea' id='block_1_21' title="bbox 1986 921 3634 1013">
    <p class='ocr_par' dir='ltr' id='par_1_21' title="bbox 1986 921 3634 1013">
     <span class='ocr_line' id='line_1_21' title="bbox 1986 921 3634 1013; baseline 0.007 -30"><span class='ocrx_word' id='word_1_148' title='bbox 1986 921 2326 1003; x_wconf 84' lang='lat' dir='ltr'><strong>signat,quo</strong></span> <span class='ocrx_word' id='word_1_149' title='bbox 2357 923 2655 1004; x_wconf 77' lang='lat' dir='ltr'><strong>spiritales</strong></span> <span class='ocrx_word' id='word_1_150' title='bbox 2685 926 2885 989; x_wconf 89' lang='lat' dir='ltr'><strong>sulcos</strong></span> <span class='ocrx_word' id='word_1_151' title='bbox 2912 926 3193 1009; x_wconf 83' lang='lat' dir='ltr'><strong>viriliter,</strong></span> <span class='ocrx_word' id='word_1_152' title='bbox 3217 936 3278 992; x_wconf 93' lang='lat' dir='ltr'><strong>ut</strong></span> <span class='ocrx_word' id='word_1_153' title='bbox 3297 927 3384 991; x_wconf 91' lang='lat' dir='ltr'><strong>sic</strong></span> <span class='ocrx_word' id='word_1_154' title='bbox 3414 930 3634 1013; x_wconf 87' lang='lat' dir='ltr'><strong>dicam,</strong></span> 
     </span>
    </p>
   </div>
   <div class='ocr_carea' id='block_1_22' title="bbox 1985 1010 3639 1094">
    <p class='ocr_par' dir='ltr' id='par_1_22' title="bbox 1985 1010 3639 1094">
     <span class='ocr_line' id='line_1_22' title="bbox 1985 1010 3639 1094; baseline 0.005 -21"><span class='ocrx_word' id='word_1_155' title='bbox 1985 1010 2255 1093; x_wconf 75' lang='lat' dir='ltr'><strong>dilatant,</strong></span> <span class='ocrx_word' id='word_1_156' title='bbox 2305 1021 2597 1094; x_wconf 87' lang='lat' dir='ltr'><strong>proprias,</strong></span> <span class='ocrx_word' id='word_1_157' title='bbox 2630 1015 2900 1092; x_wconf 88' lang='lat' dir='ltr'><strong>inquam,</strong></span> <span class='ocrx_word' id='word_1_158' title='bbox 2938 1025 3193 1091; x_wconf 84' lang='lat' dir='ltr'><strong>mentes,</strong></span> <span class='ocrx_word' id='word_1_159' title='bbox 3242 1017 3318 1080; x_wconf 90' lang='lat' dir='ltr'><strong>ad</strong></span> <span class='ocrx_word' id='word_1_160' title='bbox 3349 1010 3639 1083; x_wconf 80' lang='lat' dir='ltr'><strong>fecundos</strong></span> 
     </span>
    </p>
   </div>
   <div class='ocr_carea' id='block_1_23' title="bbox 1985 1100 3642 1186">
    <p class='ocr_par' dir='ltr' id='par_1_23' title="bbox 1985 1100 3642 1186">
     <span class='ocr_line' id='line_1_23' title="bbox 1985 1100 3642 1186; baseline 0.007 -24"><span class='ocrx_word' id='word_1_161' title='bbox 1985 1100 2334 1184; x_wconf 87' lang='lat' dir='ltr'><strong>divinosque</strong></span> <span class='ocrx_word' id='word_1_162' title='bbox 2367 1104 2589 1167; x_wconf 88' lang='lat' dir='ltr'><strong>imbres</strong></span> <span class='ocrx_word' id='word_1_163' title='bbox 2610 1105 3027 1186; x_wconf 90' lang='lat' dir='ltr'><strong>suscipiendos</strong></span> <span class='ocrx_word' id='word_1_164' title='bbox 3053 1126 3316 1186; x_wconf 90' lang='lat' dir='ltr'><strong>;cornua</strong></span> <span class='ocrx_word' id='word_1_165' title='bbox 3346 1127 3486 1172; x_wconf 88' lang='lat' dir='ltr'><strong>vero</strong></span> <span class='ocrx_word' id='word_1_166' title='bbox 3516 1128 3642 1174; x_wconf 84' lang='lat' dir='ltr'><strong>ser-</strong></span> 
     </span>
    </p>
   </div>
   <div class='ocr_carea' id='block_1_24' title="bbox 1986 1192 3644 1276">
    <p class='ocr_par' dir='ltr' id='par_1_24' title="bbox 1986 1192 3644 1276">
     <span class='ocr_line' id='line_1_24' title="bbox 1986 1192 3644 1276; baseline 0.005 -23"><span class='ocrx_word' id='word_1_167' title='bbox 1986 1192 2265 1254; x_wconf 85' lang='lat' dir='ltr'><strong>vatricem</strong></span> <span class='ocrx_word' id='word_1_168' title='bbox 2292 1193 2694 1276; x_wconf 72' lang='lat' dir='ltr'><strong>invictamque</strong></span> <span class='ocrx_word' id='word_1_169' title='bbox 2725 1196 2840 1257; x_wconf 87' lang='lat' dir='ltr'><strong>vim</strong></span> <span class='ocrx_word' id='word_1_170' title='bbox 2866 1197 3193 1272; x_wconf 83' lang='lat' dir='ltr'><strong>declarant,</strong></span> <span class='ocrx_word' id='word_1_171' title='bbox 3223 1199 3524 1276; x_wconf 87' lang='lat' dir='ltr'><strong>siquidem</strong></span> <span class='ocrx_word' id='word_1_172' title='bbox 3547 1200 3644 1267; x_wconf 75' lang='lat' dir='ltr'><strong>his</strong></span> 
     </span>
    </p>
   </div>
   <div class='ocr_carea' id='block_1_25' title="bbox 1988 1281 3643 1372">
    <p class='ocr_par' dir='ltr' id='par_1_25' title="bbox 1988 1281 3643 1372">
     <span class='ocr_line' id='line_1_25' title="bbox 1988 1281 3643 1372; baseline 0.005 -28"><span class='ocrx_word' id='word_1_173' title='bbox 1988 1281 2168 1345; x_wconf 89' lang='lat' dir='ltr'><strong>boves</strong></span> <span class='ocrx_word' id='word_1_174' title='bbox 2197 1301 2262 1345; x_wconf 90' lang='lat' dir='ltr'><strong>se</strong></span> <span class='ocrx_word' id='word_1_175' title='bbox 2292 1283 2722 1360; x_wconf 82' lang='lat' dir='ltr'><strong>defendunt,ac</strong></span> <span class='ocrx_word' id='word_1_176' title='bbox 2754 1286 2982 1351; x_wconf 89' lang='lat' dir='ltr'><strong>habent</strong></span> <span class='ocrx_word' id='word_1_177' title='bbox 3007 1299 3072 1351; x_wconf 92' lang='lat' dir='ltr'><strong>ut</strong></span> <span class='ocrx_word' id='word_1_178' title='bbox 3099 1289 3174 1351; x_wconf 88' lang='lat' dir='ltr'><strong>ab</strong></span> <span class='ocrx_word' id='word_1_179' title='bbox 3198 1288 3338 1351; x_wconf 80' lang='lat' dir='ltr'><strong>aliia</strong></span> <span class='ocrx_word' id='word_1_180' title='bbox 3365 1291 3643 1372; x_wconf 88' lang='lat' dir='ltr'><strong>superari</strong></span> 
     </span>
    </p>
   </div>
   <div class='ocr_carea' id='block_1_26' title="bbox 1987 1372 2402 1450">
    <p class='ocr_par' dir='ltr' id='par_1_26' title="bbox 1987 1372 2402 1450">
     <span class='ocr_line' id='line_1_26' title="bbox 1987 1372 2402 1450; baseline 0 -16"><span class='ocrx_word' id='word_1_181' title='bbox 1987 1391 2110 1435; x_wconf 92' lang='lat' dir='ltr'><strong>non</strong></span> <span class='ocrx_word' id='word_1_182' title='bbox 2148 1372 2402 1450; x_wconf 88' lang='lat' dir='ltr'><strong>possint.</strong></span> 
     </span>
    </p>
   </div>
   <div class='ocr_carea' id='block_1_27' title="bbox 2076 1463 3636 1546">
    <p class='ocr_par' dir='ltr' id='par_1_27' title="bbox 2076 1463 3636 1546">
     <span class='ocr_line' id='line_1_27' title="bbox 2076 1463 3636 1546; baseline 0.008 -25"><span class='ocrx_word' id='word_1_183' title='bbox 2076 1463 2208 1522; x_wconf 73' lang='lat' dir='ltr'><strong>I48</strong></span> <span class='ocrx_word' id='word_1_184' title='bbox 2233 1463 2376 1541; x_wconf 83' lang='lat' dir='ltr'><strong>Age,</strong></span> <span class='ocrx_word' id='word_1_185' title='bbox 2409 1463 2585 1526; x_wconf 88' lang='lat' dir='ltr'><strong>etiam</strong></span> <span class='ocrx_word' id='word_1_186' title='bbox 2617 1464 2831 1545; x_wconf 79' lang='lat' dir='ltr'><strong>aquin</strong></span> <span class='ocrx_word' id='word_1_187' title='bbox 2875 1465 3196 1546; x_wconf 81' lang='lat' dir='ltr'><strong>imaginem</strong></span> <span class='ocrx_word' id='word_1_188' title='bbox 3218 1473 3636 1534; x_wconf 89' lang='lat' dir='ltr'><strong>contueamur.</strong></span> 
     </span>
    </p>
   </div>
   <div class='ocr_carea' id='block_1_28' title="bbox 1989 1551 3638 1632">
    <p class='ocr_par' dir='ltr' id='par_1_28' title="bbox 1989 1551 3638 1632">
     <span class='ocr_line' id='line_1_28' title="bbox 1989 1551 3638 1632; baseline 0.005 -18"><span class='ocrx_word' id='word_1_189' title='bbox 1989 1551 2235 1631; x_wconf 67' lang='lat' dir='ltr'><strong>Regiam</strong></span> <span class='ocrx_word' id='word_1_190' title='bbox 2251 1553 2409 1615; x_wconf 92' lang='lat' dir='ltr'><strong>enim</strong></span> <span class='ocrx_word' id='word_1_191' title='bbox 2426 1553 2768 1632; x_wconf 80' lang='lat' dir='ltr'><strong>dignitatem</strong></span> <span class='ocrx_word' id='word_1_192' title='bbox 2785 1558 3173 1620; x_wconf 89' lang='lat' dir='ltr'><strong>etsublimem</strong></span> <span class='ocrx_word' id='word_1_193' title='bbox 3187 1559 3442 1622; x_wconf 89' lang='lat' dir='ltr'><strong>volatum</strong></span> <span class='ocrx_word' id='word_1_194' title='bbox 3459 1561 3638 1622; x_wconf 88' lang='lat' dir='ltr'><strong>etiam</strong></span> 
     </span>
    </p>
   </div>
   <div class='ocr_carea' id='block_1_29' title="bbox 1992 1640 3637 1732">
    <p class='ocr_par' dir='ltr' id='par_1_29' title="bbox 1992 1640 3637 1732">
     <span class='ocr_line' id='line_1_29' title="bbox 1992 1640 3637 1732; baseline 0.007 -32"><span class='ocrx_word' id='word_1_195' title='bbox 1992 1640 2446 1732; x_wconf 82' lang='lat' dir='ltr'><strong>habentangeli.</strong></span> <span class='ocrx_word' id='word_1_196' title='bbox 2487 1643 2570 1704; x_wconf 90' lang='lat' dir='ltr'><strong>uti</strong></span> <span class='ocrx_word' id='word_1_197' title='bbox 2614 1652 2672 1704; x_wconf 90' lang='lat' dir='ltr'><strong>et</strong></span> <span class='ocrx_word' id='word_1_198' title='bbox 2703 1645 3098 1715; x_wconf 83' lang='lat' dir='ltr'><strong>velocitate&#39;n.</strong></span> <span class='ocrx_word' id='word_1_199' title='bbox 3127 1648 3195 1710; x_wconf 90' lang='lat' dir='ltr'><strong>Et</strong></span> <span class='ocrx_word' id='word_1_200' title='bbox 3221 1649 3374 1711; x_wconf 88' lang='lat' dir='ltr'><strong>sicut</strong></span> <span class='ocrx_word' id='word_1_201' title='bbox 3403 1651 3637 1732; x_wconf 81' lang='lat' dir='ltr'><strong>aquilae,</strong></span> 
     </span>
    </p>
   </div>
   <div class='ocr_carea' id='block_1_30' title="bbox 1993 1729 3646 1819">
    <p class='ocr_par' dir='ltr' id='par_1_30' title="bbox 1993 1729 3646 1819">
     <span class='ocr_line' id='line_1_30' title="bbox 1993 1729 3646 1819; baseline 0.007 -30"><span class='ocrx_word' id='word_1_202' title='bbox 1993 1729 2134 1790; x_wconf 90' lang='lat' dir='ltr'><strong>dum</strong></span> <span class='ocrx_word' id='word_1_203' title='bbox 2155 1730 2217 1791; x_wconf 92' lang='lat' dir='ltr'><strong>in</strong></span> <span class='ocrx_word' id='word_1_204' title='bbox 2240 1731 2482 1794; x_wconf 89' lang='lat' dir='ltr'><strong>sublimi</strong></span> <span class='ocrx_word' id='word_1_205' title='bbox 2504 1733 2722 1809; x_wconf 87' lang='lat' dir='ltr'><strong>volant,</strong></span> <span class='ocrx_word' id='word_1_206' title='bbox 2754 1753 2922 1798; x_wconf 87' lang='lat' dir='ltr'><strong>acres</strong></span> <span class='ocrx_word' id='word_1_207' title='bbox 2955 1747 3116 1819; x_wconf 87' lang='lat' dir='ltr'><strong>sunt,</strong></span> <span class='ocrx_word' id='word_1_208' title='bbox 3149 1746 3205 1800; x_wconf 91' lang='lat' dir='ltr'><strong>et</strong></span> <span class='ocrx_word' id='word_1_209' title='bbox 3225 1729 3555 1818; x_wconf 40' lang='lat' dir='ltr'><strong>vigilant—es,</strong></span> <span class='ocrx_word' id='word_1_210' title='bbox 3584 1748 3646 1801; x_wconf 90' lang='lat' dir='ltr'><strong>et</strong></span> 
     </span>
    </p>
   </div>
   <div class='ocr_carea' id='block_1_31' title="bbox 1992 1819 3644 1910">
    <p class='ocr_par' dir='ltr' id='par_1_31' title="bbox 1992 1819 3644 1910">
     <span class='ocr_line' id='line_1_31' title="bbox 1992 1819 3644 1910; baseline 0.008 -31"><span class='ocrx_word' id='word_1_211' title='bbox 1992 1819 2232 1910; x_wconf 82' lang='lat' dir='ltr'><strong>intentae</strong></span> <span class='ocrx_word' id='word_1_212' title='bbox 2262 1869 2278 1901; x_wconf 82' lang='lat'><strong>,</strong></span> <span class='ocrx_word' id='word_1_213' title='bbox 2320 1820 2525 1883; x_wconf 82' lang='lat' dir='ltr'><strong>faciles</strong></span> <span class='ocrx_word' id='word_1_214' title='bbox 2567 1823 2641 1884; x_wconf 92' lang='lat' dir='ltr'><strong>ad</strong></span> <span class='ocrx_word' id='word_1_215' title='bbox 2693 1825 2953 1905; x_wconf 72' lang='lat' dir='ltr'><strong>praedam</strong></span> <span class='ocrx_word' id='word_1_216' title='bbox 3011 1829 3397 1907; x_wconf 79' lang='lat' dir='ltr'><strong>quaerendam</strong></span> <span class='ocrx_word' id='word_1_217' title='bbox 3456 1829 3644 1910; x_wconf 88' lang='lat' dir='ltr'><strong>(unde</strong></span> 
     </span>
    </p>
   </div>
   <div class='ocr_carea' id='block_1_32' title="bbox 271 1907 1921 1998">
    <p class='ocr_par' dir='ltr' id='par_1_32' title="bbox 271 1913 1908 1994">
     <span class='ocr_line' id='line_1_32' title="bbox 271 1913 1908 1994; baseline -0.001 -24"><span class='ocrx_word' id='word_1_218' title='bbox 271 1914 561 1994; x_wconf 73' lang='grc' dir='ltr'>ἐντρεχεῖς,</span> <span class='ocrx_word' id='word_1_219' title='bbox 597 1915 684 1971; x_wconf 85' lang='grc' dir='ltr'><strong>καὶ</strong></span> <span class='ocrx_word' id='word_1_220' title='bbox 740 1915 1038 1994; x_wconf 77' lang='grc' dir='ltr'>εὒμήχανοι</span> <span class='ocrx_word' id='word_1_221' title='bbox 1088 1915 1160 1976; x_wconf 84' lang='grc' dir='ltr'>εἰς</span> <span class='ocrx_word' id='word_1_222' title='bbox 1191 1915 1252 1970; x_wconf 77' lang='grc' dir='ltr'>τὸ</span> <span class='ocrx_word' id='word_1_223' title='bbox 1309 1917 1535 1991; x_wconf 84' lang='grc' dir='ltr'>θηρᾶσαι</span> <span class='ocrx_word' id='word_1_224' title='bbox 1579 1915 1677 1981; x_wconf 85' lang='grc' dir='ltr'>τὴν</span> <span class='ocrx_word' id='word_1_225' title='bbox 1708 1913 1908 1993; x_wconf 78' lang='grc' dir='ltr'>τροφὴν</span> 
     </span>
    </p>
   </div>
   <div class='ocr_carea' id='block_1_33' title="bbox 2009 1907 3645 1998">
    <p class='ocr_par' dir='ltr' id='par_1_33' title="bbox 2018 1907 3645 1998">
     <span class='ocr_line' id='line_1_33' title="bbox 2018 1907 3645 1998; baseline 0.006 -28"><span class='ocrx_word' id='word_1_226' title='bbox 2018 1928 2152 1989; x_wconf 86' lang='lat' dir='ltr'><strong>psas</strong></span> <span class='ocrx_word' id='word_1_227' title='bbox 2179 1912 2237 1972; x_wconf 91' lang='lat' dir='ltr'><strong>in</strong></span> <span class='ocrx_word' id='word_1_228' title='bbox 2270 1910 2841 1977; x_wconf 86' lang='lat' dir='ltr'><strong>sublimivolitantes</strong></span> <span class='ocrx_word' id='word_1_229' title='bbox 2865 1935 3058 1998; x_wconf 89' lang='lat' dir='ltr'><strong>neque</strong></span> <span class='ocrx_word' id='word_1_230' title='bbox 3079 1925 3189 1980; x_wconf 88' lang='lat' dir='ltr'><strong>sub</strong></span> <span class='ocrx_word' id='word_1_231' title='bbox 3214 1907 3479 1981; x_wconf 21' lang='lat' dir='ltr'><strong>arbustis.</strong></span> <span class='ocrx_word' id='word_1_232' title='bbox 3501 1919 3645 1981; x_wconf 88' lang='lat' dir='ltr'><strong>lati-</strong></span> 
     </span>
    </p>
   </div>
   <div class='ocr_carea' id='block_1_34' title="bbox 275 1973 1921 2090">
    <p class='ocr_par' dir='ltr' id='par_1_34' title="bbox 275 1973 1907 2082">
     <span class='ocr_line' id='line_1_34' title="bbox 523 1973 1877 1994; baseline 0 -17"><span class='ocrx_word' id='word_1_233' title='bbox 523 1973 561 1992; x_wconf 85' lang='lat'><strong>-,</strong></span> <span class='ocrx_word' id='word_1_234' title='bbox 800 1973 811 1990; x_wconf 77' lang='grc'><em>,</em></span> <span class='ocrx_word' id='word_1_235' title='bbox 865 1973 922 1994; x_wconf 44' lang='grc' dir='ltr'><strong>,Α</strong></span> <span class='ocrx_word' id='word_1_236' title='bbox 1147 1973 1157 1976; x_wconf 85' lang='grc'><strong>-</strong></span> <span class='ocrx_word' id='word_1_237' title='bbox 1364 1973 1392 1991; x_wconf 68' lang='grc'><strong>,,</strong></span> <span class='ocrx_word' id='word_1_238' title='bbox 1636 1973 1647 1981; x_wconf 91' lang='grc'>,</span> <span class='ocrx_word' id='word_1_239' title='bbox 1741 1973 1751 1993; x_wconf 76' lang='grc'><em>,</em></span> <span class='ocrx_word' id='word_1_240' title='bbox 1818 1973 1877 1993; x_wconf 72' lang='lat'><strong>,.</strong></span> 
     </span>
     <span class='ocr_line' id='line_1_35' title="bbox 275 1973 1907 2082; baseline 0 -23"><span class='ocrx_word' id='word_1_241' title='bbox 275 1973 578 2082; x_wconf 47' lang='lat' dir='ltr'><strong>(aeévhoasa</strong></span> <span class='ocrx_word' id='word_1_242' title='bbox 626 2001 817 2071; x_wconf 81' lang='grc' dir='ltr'>λέληθε</span> <span class='ocrx_word' id='word_1_243' title='bbox 871 2004 1089 2066; x_wconf 80' lang='grc' dir='ltr'>τούτους</span> <span class='ocrx_word' id='word_1_244' title='bbox 1145 2003 1239 2079; x_wconf 74' lang='grc' dir='ltr'>ὕψι</span> <span class='ocrx_word' id='word_1_245' title='bbox 1298 2003 1620 2079; x_wconf 77' lang='grc' dir='ltr'>πετομένους</span> <span class='ocrx_word' id='word_1_246' title='bbox 1667 2005 1762 2060; x_wconf 84' lang='grc' dir='ltr'><strong>καί</strong></span> <span class='ocrx_word' id='word_1_247' title='bbox 1807 2005 1907 2059; x_wconf 76' lang='grc' dir='ltr'>ὑπὸ</span> 
     </span>
    </p>
   </div>
   <div class='ocr_carea' id='block_1_35' title="bbox 2009 1973 3647 2090">
    <p class='ocr_par' dir='ltr' id='par_1_35' title="bbox 2009 1973 3647 2090">
     <span class='ocr_line' id='line_1_36' title="bbox 2009 1973 3647 2090; baseline 0.008 -32"><span class='ocrx_word' id='word_1_248' title='bbox 2009 1973 2126 2090; x_wconf 64' lang='grc' dir='ltr'>ιξιιιε</span> <span class='ocrx_word' id='word_1_249' title='bbox 2159 1999 2583 2090; x_wconf 85' lang='lat' dir='ltr'><strong>animalculum</strong></span> <span class='ocrx_word' id='word_1_250' title='bbox 2611 1973 3186 2088; x_wconf 29' lang='lat' dir='ltr'><strong>fugi—tlﬁsic&#39;etﬁipsi—</strong></span> <span class='ocrx_word' id='word_1_251' title='bbox 3509 2018 3647 2072; x_wconf 89' lang='lat' dir='ltr'><strong>sunt</strong></span> 
     </span>
    </p>
   </div>
   <div class='ocr_carea' id='block_1_36' title="bbox 269 2087 1921 2180">
    <p class='ocr_par' dir='ltr' id='par_1_36' title="bbox 269 2091 1910 2172">
     <span class='ocr_line' id='line_1_37' title="bbox 269 2091 1910 2172; baseline 0 -24"><span class='ocrx_word' id='word_1_252' title='bbox 269 2093 473 2167; x_wconf 83' lang='grc' dir='ltr'>θάμνων</span> <span class='ocrx_word' id='word_1_253' title='bbox 531 2091 893 2172; x_wconf 74' lang='grc' dir='ltr'>κρυπτόμενον</span> <span class='ocrx_word' id='word_1_254' title='bbox 948 2091 1132 2169; x_wconf 83' lang='grc' dir='ltr'>ζῶον)·</span> <span class='ocrx_word' id='word_1_255' title='bbox 1194 2091 1360 2156; x_wconf 76' lang='grc' dir='ltr'>οὕτως</span> <span class='ocrx_word' id='word_1_256' title='bbox 1406 2093 1650 2150; x_wconf 81' lang='grc' dir='ltr'>κάκεῖνοι</span> <span class='ocrx_word' id='word_1_257' title='bbox 1681 2094 1910 2150; x_wconf 82' lang='grc' dir='ltr'>τοιοῦτοί</span> 
     </span>
    </p>
   </div>
   <div class='ocr_carea' id='block_1_37' title="bbox 2009 2087 3647 2180">
    <p class='ocr_par' dir='ltr' id='par_1_37' title="bbox 2009 2087 3647 2180">
     <span class='ocr_line' id='line_1_38' title="bbox 2009 2087 3647 2180; baseline 0.009 -32"><span class='ocrx_word' id='word_1_258' title='bbox 2009 2087 2066 2149; x_wconf 74' lang='grc' dir='ltr'><strong>ιθ</strong></span> <span class='ocrx_word' id='word_1_259' title='bbox 2097 2088 2549 2151; x_wconf 91' lang='lat' dir='ltr'><strong>convenientem</strong></span> <span class='ocrx_word' id='word_1_260' title='bbox 2603 2092 2717 2153; x_wconf 90' lang='lat' dir='ltr'><strong>sibi</strong></span> <span class='ocrx_word' id='word_1_261' title='bbox 2747 2111 2816 2154; x_wconf 90' lang='lat' dir='ltr'><strong>ac</strong></span> <span class='ocrx_word' id='word_1_262' title='bbox 2860 2087 3124 2157; x_wconf 88' lang='lat' dir='ltr'><strong>divinum</strong></span> <span class='ocrx_word' id='word_1_263' title='bbox 3178 2087 3375 2159; x_wconf 83' lang='lat' dir='ltr'><strong>cibum</strong></span> <span class='ocrx_word' id='word_1_264' title='bbox 3398 2099 3647 2180; x_wconf 81' lang='lat' dir='ltr'><strong>capien-</strong></span> 
     </span>
    </p>
   </div>
   <div class='ocr_carea' id='block_1_38' title="bbox 269 2177 1921 2266">
    <p class='ocr_par' dir='ltr' id='par_1_38' title="bbox 269 2181 1906 2262">
     <span class='ocr_line' id='line_1_39' title="bbox 269 2181 1906 2262; baseline 0.002 -24"><span class='ocrx_word' id='word_1_265' title='bbox 269 2185 360 2240; x_wconf 82' lang='grc' dir='ltr'>είσι</span> <span class='ocrx_word' id='word_1_266' title='bbox 391 2183 518 2260; x_wconf 83' lang='grc' dir='ltr'>πρὸς</span> <span class='ocrx_word' id='word_1_267' title='bbox 577 2182 676 2249; x_wconf 78' lang='grc' dir='ltr'>τὴν</span> <span class='ocrx_word' id='word_1_268' title='bbox 727 2181 934 2249; x_wconf 77' lang='grc' dir='ltr'>ἑαυτοῖς</span> <span class='ocrx_word' id='word_1_269' title='bbox 979 2182 1350 2255; x_wconf 77' lang='grc' dir='ltr'>προσήκουσαν</span> <span class='ocrx_word' id='word_1_270' title='bbox 1381 2184 1468 2239; x_wconf 87' lang='grc' dir='ltr'><strong>καὶ</strong></span> <span class='ocrx_word' id='word_1_271' title='bbox 1507 2183 1648 2239; x_wconf 82' lang='grc' dir='ltr'>θείαν</span> <span class='ocrx_word' id='word_1_272' title='bbox 1677 2183 1906 2262; x_wconf 76' lang='grc' dir='ltr'>τροφὴν.</span> 
     </span>
    </p>
   </div>
   <div class='ocr_carea' id='block_1_39' title="bbox 2009 2177 3643 2266">
    <p class='ocr_par' dir='ltr' id='par_1_39' title="bbox 2009 2177 3643 2266">
     <span class='ocr_line' id='line_1_40' title="bbox 2009 2177 3643 2266; baseline 0.008 -28"><span class='ocrx_word' id='word_1_273' title='bbox 2009 2177 2160 2238; x_wconf 83' lang='lat' dir='ltr'><strong>ium.</strong></span> <span class='ocrx_word' id='word_1_274' title='bbox 2198 2179 2416 2241; x_wconf 90' lang='lat' dir='ltr'><strong>Verum</strong></span> <span class='ocrx_word' id='word_1_275' title='bbox 2458 2181 2671 2261; x_wconf 64' lang='lat' dir='ltr'><strong>aquilas</strong></span> <span class='ocrx_word' id='word_1_276' title='bbox 2709 2181 2992 2246; x_wconf 88' lang='lat' dir='ltr'><strong>deorsum</strong></span> <span class='ocrx_word' id='word_1_277' title='bbox 3033 2186 3350 2266; x_wconf 82' lang='lat' dir='ltr'><strong>exquirunt</strong></span> <span class='ocrx_word' id='word_1_278' title='bbox 3384 2177 3643 2250; x_wconf 81' lang='lat' dir='ltr'><strong>alimen-</strong></span> 
     </span>
    </p>
   </div>
   <div class='ocr_carea' id='block_1_40' title="bbox 273 2268 1921 2355">
    <p class='ocr_par' dir='ltr' id='par_1_40' title="bbox 273 2272 1907 2352">
     <span class='ocr_line' id='line_1_41' title="bbox 273 2272 1907 2352; baseline 0 -24"><span class='ocrx_word' id='word_1_279' title='bbox 273 2272 415 2339; x_wconf 76' lang='grc' dir='ltr'>Πλὴν</span> <span class='ocrx_word' id='word_1_280' title='bbox 472 2280 613 2328; x_wconf 72' lang='grc' dir='ltr'>οὗτοι</span> <span class='ocrx_word' id='word_1_281' title='bbox 674 2273 771 2346; x_wconf 79' lang='grc' dir='ltr'>μὲν</span> <span class='ocrx_word' id='word_1_282' title='bbox 841 2273 1076 2329; x_wconf 79' lang='grc' dir='ltr'>κάτωθεν</span> <span class='ocrx_word' id='word_1_283' title='bbox 1145 2273 1242 2339; x_wconf 74' lang='grc' dir='ltr'>τὴν</span> <span class='ocrx_word' id='word_1_284' title='bbox 1298 2273 1495 2352; x_wconf 76' lang='grc' dir='ltr'>τροφὴν</span> <span class='ocrx_word' id='word_1_285' title='bbox 1554 2272 1907 2351; x_wconf 76' lang='grc' dir='ltr'>ἐκπρίζονται,</span> 
     </span>
    </p>
   </div>
   <div class='ocr_carea' id='block_1_41' title="bbox 2009 2268 3648 2355">
    <p class='ocr_par' dir='ltr' id='par_1_41' title="bbox 2009 2268 3648 2355">
     <span class='ocr_line' id='line_1_42' title="bbox 2009 2268 3648 2355; baseline 0.007 -29"><span class='ocrx_word' id='word_1_286' title='bbox 2009 2274 2214 2346; x_wconf 82' lang='lat' dir='ltr'><strong>tum,at</strong></span> <span class='ocrx_word' id='word_1_287' title='bbox 2237 2268 2462 2347; x_wconf 82' lang='lat' dir='ltr'><strong>angelis</strong></span> <span class='ocrx_word' id='word_1_288' title='bbox 2489 2288 2727 2332; x_wconf 87' lang='lat' dir='ltr'><strong>sursum</strong></span> <span class='ocrx_word' id='word_1_289' title='bbox 2745 2283 2832 2333; x_wconf 90' lang='lat' dir='ltr'><strong>est</strong></span> <span class='ocrx_word' id='word_1_290' title='bbox 2855 2273 3026 2335; x_wconf 91' lang='lat' dir='ltr'><strong>cibus</strong></span> <span class='ocrx_word' id='word_1_291' title='bbox 3048 2276 3648 2355; x_wconf 82' lang='lat' dir='ltr'><strong>potentiﬁcuszomnis</strong></span> 
     </span>
    </p>
   </div>
   <div class='ocr_carea' id='block_1_42' title="bbox 267 2356 1921 2443">
    <p class='ocr_par' dir='ltr' id='par_1_42' title="bbox 267 2359 1911 2441">
     <span class='ocr_line' id='line_1_43' title="bbox 267 2359 1911 2441; baseline 0 -23"><span class='ocrx_word' id='word_1_292' title='bbox 267 2375 386 2424; x_wconf 73' lang='grc' dir='ltr'>τοῖς</span> <span class='ocrx_word' id='word_1_293' title='bbox 416 2361 470 2418; x_wconf 80' lang='grc' dir='ltr'><strong>δὲ</strong></span> <span class='ocrx_word' id='word_1_294' title='bbox 499 2359 746 2440; x_wconf 76' lang='grc' dir='ltr'>ἀγγέλοις</span> <span class='ocrx_word' id='word_1_295' title='bbox 801 2361 996 2420; x_wconf 77' lang='grc' dir='ltr'>ἄνωθέν</span> <span class='ocrx_word' id='word_1_296' title='bbox 1056 2361 1196 2419; x_wconf 79' lang='grc' dir='ltr'>ἐστιν</span> <span class='ocrx_word' id='word_1_297' title='bbox 1225 2364 1260 2431; x_wconf 81' lang='grc' dir='ltr'>ἡ</span> <span class='ocrx_word' id='word_1_298' title='bbox 1305 2360 1657 2439; x_wconf 77' lang='grc' dir='ltr'>δυναμοποιὸς</span> <span class='ocrx_word' id='word_1_299' title='bbox 1687 2361 1858 2441; x_wconf 64' lang='grc' dir='ltr'>τροφή</span> <span class='ocrx_word' id='word_1_300' title='bbox 1896 2379 1911 2395; x_wconf 84' lang='grc'><strong><em>⁸</em></strong></span> 
     </span>
    </p>
   </div>
   <div class='ocr_carea' id='block_1_43' title="bbox 2009 2356 3644 2443">
    <p class='ocr_par' dir='ltr' id='par_1_43' title="bbox 2009 2356 3644 2443">
     <span class='ocr_line' id='line_1_44' title="bbox 2009 2356 3644 2443; baseline 0.007 -25"><span class='ocrx_word' id='word_1_301' title='bbox 2009 2356 2159 2418; x_wconf 76' lang='lat' dir='ltr'><strong>enim</strong></span> <span class='ocrx_word' id='word_1_302' title='bbox 2191 2358 2451 2431; x_wconf 82' lang='lat' dir='ltr'><strong>cibus,et</strong></span> <span class='ocrx_word' id='word_1_303' title='bbox 2485 2378 2606 2421; x_wconf 89' lang='lat' dir='ltr'><strong>non</strong></span> <span class='ocrx_word' id='word_1_304' title='bbox 2631 2361 2794 2423; x_wconf 89' lang='lat' dir='ltr'><strong>solus</strong></span> <span class='ocrx_word' id='word_1_305' title='bbox 2825 2365 3018 2443; x_wconf 88' lang='lat' dir='ltr'><strong>panis,</strong></span> <span class='ocrx_word' id='word_1_306' title='bbox 3048 2383 3151 2426; x_wconf 91' lang='lat' dir='ltr'><strong>cor</strong></span> <span class='ocrx_word' id='word_1_307' title='bbox 3177 2366 3454 2429; x_wconf 88' lang='lat' dir='ltr'><strong>animalis</strong></span> <span class='ocrx_word' id='word_1_308' title='bbox 3497 2385 3644 2429; x_wconf 88' lang='lat' dir='ltr'><strong>con-</strong></span> 
     </span>
    </p>
   </div>
   <div class='ocr_carea' id='block_1_44' title="bbox 270 2447 1921 2533">
    <p class='ocr_par' dir='ltr' id='par_1_44' title="bbox 270 2452 1916 2533">
     <span class='ocr_line' id='line_1_45' title="bbox 270 2452 1916 2533; baseline 0.002 -25"><span class='ocrx_word' id='word_1_309' title='bbox 270 2458 414 2508; x_wconf 82' lang='grc' dir='ltr'>πᾶσα</span> <span class='ocrx_word' id='word_1_310' title='bbox 472 2455 572 2531; x_wconf 79' lang='grc' dir='ltr'><strong>γὰρ</strong></span> <span class='ocrx_word' id='word_1_311' title='bbox 627 2452 818 2531; x_wconf 74' lang='grc' dir='ltr'>τροφὴ,</span> <span class='ocrx_word' id='word_1_312' title='bbox 881 2454 959 2528; x_wconf 77' lang='grc' dir='ltr'>μὴ</span> <span class='ocrx_word' id='word_1_313' title='bbox 1018 2454 1182 2528; x_wconf 75' lang='grc' dir='ltr'>μονον</span> <span class='ocrx_word' id='word_1_314' title='bbox 1237 2452 1414 2533; x_wconf 78' lang='grc' dir='ltr'>ἄρτος,</span> <span class='ocrx_word' id='word_1_315' title='bbox 1487 2469 1586 2519; x_wconf 84' lang='grc' dir='ltr'><strong>την</strong></span> <span class='ocrx_word' id='word_1_316' title='bbox 1644 2459 1737 2509; x_wconf 75' lang='grc' dir='ltr'><strong>τοῦ</strong></span> <span class='ocrx_word' id='word_1_317' title='bbox 1779 2453 1916 2522; x_wconf 88' lang='grc' dir='ltr'>ζώου</span> 
     </span>
    </p>
   </div>
   <div class='ocr_carea' id='block_1_45' title="bbox 2009 2447 3647 2533">
    <p class='ocr_par' dir='ltr' id='par_1_45' title="bbox 2009 2447 3647 2530">
     <span class='ocr_line' id='line_1_46' title="bbox 2009 2447 3647 2530; baseline 0.006 -22"><span class='ocrx_word' id='word_1_318' title='bbox 2009 2447 2453 2510; x_wconf 80' lang='lat' dir='ltr'><strong>ﬁrmat.llabent</strong></span> <span class='ocrx_word' id='word_1_319' title='bbox 2483 2467 2719 2530; x_wconf 90' lang='lat' dir='ltr'><strong>quoque</strong></span> <span class='ocrx_word' id='word_1_320' title='bbox 2752 2452 2890 2524; x_wconf 91' lang='lat' dir='ltr'><strong>vim,</strong></span> <span class='ocrx_word' id='word_1_321' title='bbox 2915 2454 3178 2517; x_wconf 87' lang='lat' dir='ltr'><strong>robustis</strong></span> <span class='ocrx_word' id='word_1_322' title='bbox 3206 2461 3513 2518; x_wconf 91' lang='lat' dir='ltr'><strong>oculorum</strong></span> <span class='ocrx_word' id='word_1_323' title='bbox 3546 2457 3647 2518; x_wconf 91' lang='lat' dir='ltr'><strong>in-</strong></span> 
     </span>
    </p>
   </div>
   <div class='ocr_carea' id='block_1_46' title="bbox 273 2538 1912 2621">
    <p class='ocr_par' dir='ltr' id='par_1_46' title="bbox 273 2538 1912 2621">
     <span class='ocr_line' id='line_1_47' title="bbox 273 2538 1912 2621; baseline -0.001 -24"><span class='ocrx_word' id='word_1_324' title='bbox 273 2538 481 2619; x_wconf 83' lang='grc' dir='ltr'>καρδίαν</span> <span class='ocrx_word' id='word_1_325' title='bbox 526 2543 781 2619; x_wconf 79' lang='grc' dir='ltr'>στηρίξει.</span> <span class='ocrx_word' id='word_1_326' title='bbox 844 2538 1084 2621; x_wconf 82' lang='grc' dir='ltr'>’Ἔχουσι</span> <span class='ocrx_word' id='word_1_327' title='bbox 1114 2544 1202 2600; x_wconf 86' lang='grc' dir='ltr'><strong>καὶ</strong></span> <span class='ocrx_word' id='word_1_328' title='bbox 1230 2545 1291 2598; x_wconf 84' lang='grc' dir='ltr'>τὸ</span> <span class='ocrx_word' id='word_1_329' title='bbox 1330 2543 1653 2609; x_wconf 72' lang='grc' dir='ltr'>θεωρητικὸν</span> <span class='ocrx_word' id='word_1_330' title='bbox 1683 2540 1912 2606; x_wconf 82' lang='grc' dir='ltr'>ἀκλινῶς</span> 
     </span>
    </p>
   </div>
   <div class='ocr_carea' id='block_1_47' title="bbox 269 2630 1909 2711">
    <p class='ocr_par' dir='ltr' id='par_1_47' title="bbox 269 2630 1909 2711">
     <span class='ocr_line' id='line_1_48' title="bbox 269 2630 1909 2711; baseline -0.002 -23"><span class='ocrx_word' id='word_1_331' title='bbox 269 2633 402 2708; x_wconf 83' lang='grc' dir='ltr'>πρὸς</span> <span class='ocrx_word' id='word_1_332' title='bbox 430 2633 529 2698; x_wconf 79' lang='grc' dir='ltr'>τὴν</span> <span class='ocrx_word' id='word_1_333' title='bbox 574 2630 796 2711; x_wconf 74' lang='grc' dir='ltr'>ἄφθονον</span> <span class='ocrx_word' id='word_1_334' title='bbox 865 2634 952 2689; x_wconf 78' lang='grc' dir='ltr'><strong>καὶ</strong></span> <span class='ocrx_word' id='word_1_335' title='bbox 1011 2631 1313 2711; x_wconf 80' lang='grc' dir='ltr'>πολύχυτον</span> <span class='ocrx_word' id='word_1_336' title='bbox 1370 2631 1563 2688; x_wconf 81' lang='grc' dir='ltr'>ἀκτῖνα</span> <span class='ocrx_word' id='word_1_337' title='bbox 1594 2636 1692 2698; x_wconf 79' lang='grc' dir='ltr'>τῆς</span> <span class='ocrx_word' id='word_1_338' title='bbox 1723 2633 1909 2698; x_wconf 78' lang='grc' dir='ltr'>θεϊκῆς</span> 
     </span>
    </p>
   </div>
   <div class='ocr_carea' id='block_1_48' title="bbox 272 2717 1910 2800">
    <p class='ocr_par' dir='ltr' id='par_1_48' title="bbox 272 2717 1910 2800">
     <span class='ocr_line' id='line_1_49' title="bbox 272 2717 1910 2800; baseline -0.001 -24"><span class='ocrx_word' id='word_1_339' title='bbox 272 2717 576 2788; x_wconf 80' lang='grc' dir='ltr'>ἡλιοϐολίας</span> <span class='ocrx_word' id='word_1_340' title='bbox 633 2723 689 2777; x_wconf 72' lang='grc' dir='ltr'>ὲν</span> <span class='ocrx_word' id='word_1_341' title='bbox 745 2721 872 2786; x_wconf 80' lang='grc' dir='ltr'>ταῖς</span> <span class='ocrx_word' id='word_1_342' title='bbox 897 2724 1198 2800; x_wconf 77' lang='grc' dir='ltr'>εὖρωστίαις</span> <span class='ocrx_word' id='word_1_343' title='bbox 1256 2728 1362 2778; x_wconf 88' lang='grc' dir='ltr'><strong>τῶν</strong></span> <span class='ocrx_word' id='word_1_344' title='bbox 1443 2722 1676 2778; x_wconf 85' lang='grc' dir='ltr'>ὀπτικῶν</span> <span class='ocrx_word' id='word_1_345' title='bbox 1740 2721 1910 2776; x_wconf 77' lang='grc' dir='ltr'>αὐτῶν</span> 
     </span>
    </p>
   </div>
   <div class='ocr_carea' id='block_1_49' title="bbox 273 2807 1912 2889">
    <p class='ocr_par' dir='ltr' id='par_1_49' title="bbox 273 2807 1912 2889">
     <span class='ocr_line' id='line_1_50' title="bbox 273 2807 1912 2889; baseline -0.002 -23"><span class='ocrx_word' id='word_1_346' title='bbox 273 2807 546 2885; x_wconf 73' lang='grc' dir='ltr'>δυνάμεων</span> <span class='ocrx_word' id='word_1_347' title='bbox 579 2827 594 2843; x_wconf 83' lang='grc'>⁶</span> <span class='ocrx_word' id='word_1_348' title='bbox 653 2808 812 2888; x_wconf 84' lang='grc' dir='ltr'>λόγος</span> <span class='ocrx_word' id='word_1_349' title='bbox 876 2811 992 2889; x_wconf 77' lang='grc' dir='ltr'>γὰρ,</span> <span class='ocrx_word' id='word_1_350' title='bbox 1056 2811 1174 2872; x_wconf 85' lang='grc' dir='ltr'>τοὺς</span> <span class='ocrx_word' id='word_1_351' title='bbox 1214 2810 1396 2874; x_wconf 82' lang='grc' dir='ltr'>ἀετοὺς</span> <span class='ocrx_word' id='word_1_352' title='bbox 1441 2813 1546 2866; x_wconf 89' lang='grc' dir='ltr'><strong>τῶν</strong></span> <span class='ocrx_word' id='word_1_353' title='bbox 1590 2809 1912 2884; x_wconf 83' lang='grc' dir='ltr'>τικτομένων</span> 
     </span>
    </p>
   </div>
   <div class='ocr_carea' id='block_1_50' title="bbox 271 2898 1910 2978">
    <p class='ocr_par' dir='ltr' id='par_1_50' title="bbox 271 2898 1910 2978">
     <span class='ocr_line' id='line_1_51' title="bbox 271 2898 1910 2978; baseline -0.001 -22"><span class='ocrx_word' id='word_1_354' title='bbox 271 2900 337 2956; x_wconf 80' lang='grc' dir='ltr'><strong>τά</strong></span> <span class='ocrx_word' id='word_1_355' title='bbox 369 2901 565 2976; x_wconf 73' lang='grc' dir='ltr'>γνήσια</span> <span class='ocrx_word' id='word_1_356' title='bbox 622 2899 682 2954; x_wconf 81' lang='grc' dir='ltr'>ἐκ</span> <span class='ocrx_word' id='word_1_357' title='bbox 736 2906 841 2956; x_wconf 90' lang='grc' dir='ltr'><strong>τῶν</strong></span> <span class='ocrx_word' id='word_1_358' title='bbox 896 2901 1057 2956; x_wconf 83' lang='grc' dir='ltr'>νόθων</span> <span class='ocrx_word' id='word_1_359' title='bbox 1119 2899 1252 2958; x_wconf 78' lang='grc' dir='ltr'>οῧθω</span> <span class='ocrx_word' id='word_1_360' title='bbox 1294 2898 1593 2978; x_wconf 82' lang='grc' dir='ltr'>διακρίνειν.</span> <span class='ocrx_word' id='word_1_361' title='bbox 1625 2899 1752 2956; x_wconf 80' lang='grc' dir='ltr'>Ἐὰν</span> <span class='ocrx_word' id='word_1_362' title='bbox 1784 2901 1910 2955; x_wconf 83' lang='grc' dir='ltr'>ἀτε-</span> 
     </span>
    </p>
   </div>
   <div class='ocr_carea' id='block_1_51' title="bbox 270 2987 1905 3069">
    <p class='ocr_par' dir='ltr' id='par_1_51' title="bbox 270 2987 1905 3069">
     <span class='ocr_line' id='line_1_52' title="bbox 270 2987 1905 3069; baseline -0.001 -23"><span class='ocrx_word' id='word_1_363' title='bbox 270 2990 484 3046; x_wconf 77' lang='grc' dir='ltr'>νίσωσιν</span> <span class='ocrx_word' id='word_1_364' title='bbox 539 2987 928 3068; x_wconf 85' lang='grc' dir='ltr'>ἀσκαρδαμυκτὶ</span> <span class='ocrx_word' id='word_1_365' title='bbox 990 2992 1120 3069; x_wconf 78' lang='grc' dir='ltr'>πρὸς</span> <span class='ocrx_word' id='word_1_366' title='bbox 1179 2992 1268 3046; x_wconf 86' lang='grc' dir='ltr'>τὸν</span> <span class='ocrx_word' id='word_1_367' title='bbox 1321 2989 1498 3063; x_wconf 74' lang='grc' dir='ltr'>ἣλιον,</span> <span class='ocrx_word' id='word_1_368' title='bbox 1531 2991 1725 3067; x_wconf 77' lang='grc' dir='ltr'>γνήσιά</span> <span class='ocrx_word' id='word_1_369' title='bbox 1755 2990 1905 3045; x_wconf 81' lang='grc' dir='ltr'>εἰσιν·</span> 
     </span>
    </p>
   </div>
   <div class='ocr_carea' id='block_1_52' title="bbox 272 3076 1912 3158">
    <p class='ocr_par' dir='ltr' id='par_1_52' title="bbox 272 3076 1912 3158">
     <span class='ocr_line' id='line_1_53' title="bbox 272 3076 1912 3158; baseline 0.001 -25"><span class='ocrx_word' id='word_1_370' title='bbox 272 3080 316 3134; x_wconf 82' lang='grc' dir='ltr'>εἶ</span> <span class='ocrx_word' id='word_1_371' title='bbox 390 3076 446 3133; x_wconf 74' lang='grc' dir='ltr'><strong>δὲ</strong></span> <span class='ocrx_word' id='word_1_372' title='bbox 499 3080 598 3152; x_wconf 80' lang='grc' dir='ltr'><strong>μὴ,</strong></span> <span class='ocrx_word' id='word_1_373' title='bbox 659 3081 733 3144; x_wconf 82' lang='grc' dir='ltr'>ὡς</span> <span class='ocrx_word' id='word_1_374' title='bbox 786 3081 909 3136; x_wconf 84' lang='grc' dir='ltr'>νόθα</span> <span class='ocrx_word' id='word_1_375' title='bbox 952 3082 1040 3137; x_wconf 83' lang='grc' dir='ltr'><strong>καὶ</strong></span> <span class='ocrx_word' id='word_1_376' title='bbox 1098 3079 1247 3147; x_wconf 76' lang='grc' dir='ltr'>ξένης</span> <span class='ocrx_word' id='word_1_377' title='bbox 1301 3082 1487 3158; x_wconf 68' lang='grc' dir='ltr'>γονῆς,</span> <span class='ocrx_word' id='word_1_378' title='bbox 1521 3076 1912 3136; x_wconf 64' lang='grc' dir='ltr'>ἀποϐέλλονται</span> 
     </span>
    </p>
   </div>
   <div class='ocr_carea' id='block_1_53' title="bbox 271 3166 1913 3245">
    <p class='ocr_par' dir='ltr' id='par_1_53' title="bbox 271 3166 1913 3245">
     <span class='ocr_line' id='line_1_54' title="bbox 271 3166 1913 3245; baseline 0 -21"><span class='ocrx_word' id='word_1_379' title='bbox 271 3167 369 3236; x_wconf 83' lang='grc' dir='ltr'>τῆς</span> <span class='ocrx_word' id='word_1_380' title='bbox 399 3168 608 3232; x_wconf 82' lang='grc' dir='ltr'>καλίας’</span> <span class='ocrx_word' id='word_1_381' title='bbox 646 3166 822 3233; x_wconf 68' lang='grc' dir='ltr'>Οῧτως</span> <span class='ocrx_word' id='word_1_382' title='bbox 876 3168 966 3226; x_wconf 81' lang='grc' dir='ltr'><strong>οὖν</strong></span> <span class='ocrx_word' id='word_1_383' title='bbox 1013 3174 1101 3226; x_wconf 74' lang='grc' dir='ltr'><strong>καὶ</strong></span> <span class='ocrx_word' id='word_1_384' title='bbox 1132 3171 1160 3226; x_wconf 86' lang='grc' dir='ltr'><strong>ὁ</strong></span> <span class='ocrx_word' id='word_1_385' title='bbox 1194 3169 1272 3244; x_wconf 74' lang='grc' dir='ltr'>μὴ</span> <span class='ocrx_word' id='word_1_386' title='bbox 1318 3167 1608 3245; x_wconf 70' lang='grc' dir='ltr'>δυνάμενος</span> <span class='ocrx_word' id='word_1_387' title='bbox 1638 3175 1715 3243; x_wconf 84' lang='grc' dir='ltr'>τῷ</span> <span class='ocrx_word' id='word_1_388' title='bbox 1746 3167 1913 3242; x_wconf 82' lang='grc' dir='ltr'>Ἡλίῳ</span> 
     </span>
    </p>
   </div>
   <div class='ocr_carea' id='block_1_54' title="bbox 1360 3264 1385 3274">
    <p class='ocr_par' dir='ltr' id='par_1_54' title="bbox 1360 3264 1385 3274">
     <span class='ocr_line' id='line_1_55' title="bbox 1360 3264 1385 3274; baseline 0 0"><span class='ocrx_word' id='word_1_389' title='bbox 1360 3264 1385 3274; x_wconf 55' lang='grc' dir='ltr'><strong><em>ν</em></strong></span> 
     </span>
    </p>
   </div>
   <div class='ocr_carea' id='block_1_55' title="bbox 1997 2535 3644 2622">
    <p class='ocr_par' dir='ltr' id='par_1_55' title="bbox 1997 2535 3644 2622">
     <span class='ocr_line' id='line_1_56' title="bbox 1997 2535 3644 2622; baseline 0.007 -25"><span class='ocrx_word' id='word_1_390' title='bbox 1997 2535 2667 2610; x_wconf 83' lang='lat' dir='ltr'><strong>tentionibus,irreﬂexe</strong></span> <span class='ocrx_word' id='word_1_391' title='bbox 2689 2543 3130 2622; x_wconf 88' lang='lat' dir='ltr'><strong>contemplandi</strong></span> <span class='ocrx_word' id='word_1_392' title='bbox 3153 2545 3518 2607; x_wconf 91' lang='lat' dir='ltr'><strong>uberrimum</strong></span> <span class='ocrx_word' id='word_1_393' title='bbox 3550 2547 3644 2608; x_wconf 86' lang='lat' dir='ltr'><strong>la-</strong></span> 
     </span>
    </p>
   </div>
   <div class='ocr_carea' id='block_1_56' title="bbox 1999 2625 3646 2710">
    <p class='ocr_par' dir='ltr' id='par_1_56' title="bbox 1999 2625 3646 2710">
     <span class='ocr_line' id='line_1_57' title="bbox 1999 2625 3646 2710; baseline 0.007 -24"><span class='ocrx_word' id='word_1_394' title='bbox 1999 2633 2172 2706; x_wconf 87' lang='lat' dir='ltr'><strong>teque</strong></span> <span class='ocrx_word' id='word_1_395' title='bbox 2203 2625 2480 2687; x_wconf 71' lang='lat' dir='ltr'><strong>diffusum</strong></span> <span class='ocrx_word' id='word_1_396' title='bbox 2504 2629 2946 2710; x_wconf 89' lang='lat' dir='ltr'><strong>radium,quem</strong></span> <span class='ocrx_word' id='word_1_397' title='bbox 2976 2650 3044 2695; x_wconf 85' lang='lat' dir='ltr'><strong>ex</strong></span> <span class='ocrx_word' id='word_1_398' title='bbox 3069 2653 3133 2695; x_wconf 88' lang='lat' dir='ltr'><strong>se</strong></span> <span class='ocrx_word' id='word_1_399' title='bbox 3155 2635 3391 2697; x_wconf 90' lang='lat' dir='ltr'><strong>divinus</strong></span> <span class='ocrx_word' id='word_1_400' title='bbox 3421 2636 3523 2697; x_wconf 92' lang='lat' dir='ltr'><strong>ille</strong></span> <span class='ocrx_word' id='word_1_401' title='bbox 3556 2635 3646 2697; x_wconf 92' lang='lat' dir='ltr'><strong>sol</strong></span> 
     </span>
    </p>
   </div>
   <div class='ocr_carea' id='block_1_57' title="bbox 1993 2715 3643 2804">
    <p class='ocr_par' dir='ltr' id='par_1_57' title="bbox 1993 2715 3643 2804">
     <span class='ocr_line' id='line_1_58' title="bbox 1993 2715 3643 2804; baseline 0.006 -27"><span class='ocrx_word' id='word_1_402' title='bbox 1993 2715 2220 2777; x_wconf 84' lang='lat' dir='ltr'><strong>evibrat</strong></span> <span class='ocrx_word' id='word_1_403' title='bbox 2251 2733 2265 2779; x_wconf 90' lang='lat'>:</span> <span class='ocrx_word' id='word_1_404' title='bbox 2294 2716 2487 2778; x_wconf 87' lang='lat' dir='ltr'><strong>ferunt</strong></span> <span class='ocrx_word' id='word_1_405' title='bbox 2513 2717 2931 2799; x_wconf 87' lang='lat' dir='ltr'><strong>enim,aquilas</strong></span> <span class='ocrx_word' id='word_1_406' title='bbox 2953 2723 3145 2802; x_wconf 93' lang='lat' dir='ltr'><strong>pullos</strong></span> <span class='ocrx_word' id='word_1_407' title='bbox 3173 2742 3314 2788; x_wconf 89' lang='lat' dir='ltr'><strong>suos</strong></span> <span class='ocrx_word' id='word_1_408' title='bbox 3345 2727 3643 2804; x_wconf 82' lang='lat' dir='ltr'><strong>genuinos</strong></span> 
     </span>
    </p>
   </div>
   <div class='ocr_carea' id='block_1_58' title="bbox 1993 2806 3648 2878">
    <p class='ocr_par' dir='ltr' id='par_1_58' title="bbox 1993 2806 3648 2878">
     <span class='ocr_line' id='line_1_59' title="bbox 1993 2806 3648 2878; baseline 0.007 -11"><span class='ocrx_word' id='word_1_409' title='bbox 1993 2806 2243 2867; x_wconf 88' lang='lat' dir='ltr'><strong>anothis</strong></span> <span class='ocrx_word' id='word_1_410' title='bbox 2267 2806 2347 2868; x_wconf 88' lang='lat' dir='ltr'><strong>ita</strong></span> <span class='ocrx_word' id='word_1_411' title='bbox 2371 2807 2739 2872; x_wconf 85' lang='lat' dir='ltr'><strong>discernere.</strong></span> <span class='ocrx_word' id='word_1_412' title='bbox 2774 2809 2834 2872; x_wconf 89' lang='lat' dir='ltr'><strong>Si</strong></span> <span class='ocrx_word' id='word_1_413' title='bbox 2867 2811 3176 2875; x_wconf 89' lang='lat' dir='ltr'><strong>irretortos</strong></span> <span class='ocrx_word' id='word_1_414' title='bbox 3207 2815 3417 2876; x_wconf 94' lang='lat' dir='ltr'><strong>oculos</strong></span> <span class='ocrx_word' id='word_1_415' title='bbox 3465 2818 3522 2877; x_wconf 91' lang='lat' dir='ltr'><strong>in</strong></span> <span class='ocrx_word' id='word_1_416' title='bbox 3554 2834 3648 2878; x_wconf 90' lang='lat' dir='ltr'><strong>so-</strong></span> 
     </span>
    </p>
   </div>
   <div class='ocr_carea' id='block_1_59' title="bbox 1996 2895 3648 2987">
    <p class='ocr_par' dir='ltr' id='par_1_59' title="bbox 1996 2895 3648 2987">
     <span class='ocr_line' id='line_1_60' title="bbox 1996 2895 3648 2987; baseline 0.007 -32"><span class='ocrx_word' id='word_1_417' title='bbox 1996 2895 2113 2956; x_wconf 91' lang='lat' dir='ltr'><strong>lem</strong></span> <span class='ocrx_word' id='word_1_418' title='bbox 2176 2895 2508 2966; x_wconf 84' lang='lat' dir='ltr'><strong>intendunt,</strong></span> <span class='ocrx_word' id='word_1_419' title='bbox 2547 2900 2795 2976; x_wconf 84' lang='lat' dir='ltr'><strong>genuini</strong></span> <span class='ocrx_word' id='word_1_420' title='bbox 2853 2901 3189 2986; x_wconf 86' lang='lat' dir='ltr'><strong>habentur;</strong></span> <span class='ocrx_word' id='word_1_421' title='bbox 3219 2905 3311 2966; x_wconf 93' lang='lat' dir='ltr'><strong>sin</strong></span> <span class='ocrx_word' id='word_1_422' title='bbox 3341 2923 3538 2987; x_wconf 89' lang='lat' dir='ltr'><strong>secus,</strong></span> <span class='ocrx_word' id='word_1_423' title='bbox 3584 2913 3648 2967; x_wconf 92' lang='lat' dir='ltr'><strong>ut</strong></span> 
     </span>
    </p>
   </div>
   <div class='ocr_carea' id='block_1_60' title="bbox 1997 2983 3647 3057">
    <p class='ocr_par' dir='ltr' id='par_1_60' title="bbox 1997 2983 3647 3057">
     <span class='ocr_line' id='line_1_61' title="bbox 1997 2983 3647 3057; baseline 0.008 -12"><span class='ocrx_word' id='word_1_424' title='bbox 1997 2983 2166 3046; x_wconf 88' lang='lat' dir='ltr'><strong>nothi</strong></span> <span class='ocrx_word' id='word_1_425' title='bbox 2193 2993 2250 3045; x_wconf 93' lang='lat' dir='ltr'><strong>et</strong></span> <span class='ocrx_word' id='word_1_426' title='bbox 2268 2985 2593 3047; x_wconf 86' lang='lat' dir='ltr'><strong>adulterini</strong></span> <span class='ocrx_word' id='word_1_427' title='bbox 2615 3005 2649 3048; x_wconf 92' lang='lat' dir='ltr'><strong>e</strong></span> <span class='ocrx_word' id='word_1_428' title='bbox 2679 2987 2818 3049; x_wconf 89' lang='lat' dir='ltr'><strong>nido</strong></span> <span class='ocrx_word' id='word_1_429' title='bbox 2851 2983 3493 3057; x_wconf 73' lang='lat' dir='ltr'><strong>deturbanturEadem</strong></span> <span class='ocrx_word' id='word_1_430' title='bbox 3525 2983 3647 3057; x_wconf 86' lang='lat' dir='ltr'><strong>ita-</strong></span> 
     </span>
    </p>
   </div>
   <div class='ocr_carea' id='block_1_61' title="bbox 1993 3074 3648 3159">
    <p class='ocr_par' dir='ltr' id='par_1_61' title="bbox 1993 3074 3648 3159">
     <span class='ocr_line' id='line_1_62' title="bbox 1993 3074 3648 3159; baseline 0.009 -26"><span class='ocrx_word' id='word_1_431' title='bbox 1993 3091 2109 3154; x_wconf 90' lang='lat' dir='ltr'><strong>que</strong></span> <span class='ocrx_word' id='word_1_432' title='bbox 2139 3074 2392 3154; x_wconf 85' lang='lat' dir='ltr'><strong>ratione,</strong></span> <span class='ocrx_word' id='word_1_433' title='bbox 2426 3076 2526 3155; x_wconf 87' lang='lat' dir='ltr'><strong>qui</strong></span> <span class='ocrx_word' id='word_1_434' title='bbox 2552 3075 2801 3154; x_wconf 71' lang='lat' dir='ltr'><strong>justitiaa</strong></span> <span class='ocrx_word' id='word_1_435' title='bbox 2845 3075 2966 3141; x_wconf 91' lang='lat' dir='ltr'><strong>Soli</strong></span> <span class='ocrx_word' id='word_1_436' title='bbox 2993 3098 3112 3142; x_wconf 91' lang='lat' dir='ltr'><strong>non</strong></span> <span class='ocrx_word' id='word_1_437' title='bbox 3143 3082 3295 3145; x_wconf 90' lang='lat' dir='ltr'><strong>valet</strong></span> <span class='ocrx_word' id='word_1_438' title='bbox 3325 3082 3586 3159; x_wconf 84' lang='lat' dir='ltr'><strong>obtueri,</strong></span> <span class='ocrx_word' id='word_1_439' title='bbox 3612 3104 3648 3148; x_wconf 91' lang='lat' dir='ltr'><strong>a</strong></span> 
     </span>
    </p>
   </div>
   <div class='ocr_carea' id='block_1_62' title="bbox 1993 3162 3648 3251">
    <p class='ocr_par' dir='ltr' id='par_1_62' title="bbox 1993 3162 3648 3251">
     <span class='ocr_line' id='line_1_63' title="bbox 1993 3162 3648 3251; baseline 0.008 -28"><span class='ocrx_word' id='word_1_440' title='bbox 1993 3162 2347 3240; x_wconf 85' lang='lat' dir='ltr'><strong>cogitatione</strong></span> <span class='ocrx_word' id='word_1_441' title='bbox 2361 3164 2413 3242; x_wconf 86' lang='lat' dir='ltr'><strong>ej</strong></span> <span class='ocrx_word' id='word_1_442' title='bbox 2425 3182 2490 3224; x_wconf 87' lang='lat' dir='ltr'><strong>us</strong></span> <span class='ocrx_word' id='word_1_443' title='bbox 2502 3165 2735 3227; x_wconf 90' lang='lat' dir='ltr'><strong>alienus</strong></span> <span class='ocrx_word' id='word_1_444' title='bbox 2755 3185 2824 3228; x_wconf 92' lang='lat' dir='ltr'><strong>ac</strong></span> <span class='ocrx_word' id='word_1_445' title='bbox 2855 3170 3073 3231; x_wconf 89' lang='lat' dir='ltr'><strong>nothus</strong></span> <span class='ocrx_word' id='word_1_446' title='bbox 3087 3174 3416 3251; x_wconf 87' lang='lat' dir='ltr'><strong>reperitur;</strong></span> <span class='ocrx_word' id='word_1_447' title='bbox 3438 3193 3648 3236; x_wconf 88' lang='lat' dir='ltr'><strong>verum</strong></span> 
     </span>
    </p>
   </div>
   <div class='ocr_carea' id='block_1_63' title="bbox 271 3251 1921 3343">
    <p class='ocr_par' dir='ltr' id='par_1_63' title="bbox 271 3255 1910 3336">
     <span class='ocr_line' id='line_1_64' title="bbox 271 3255 1910 3336; baseline 0.001 -24"><span class='ocrx_word' id='word_1_448' title='bbox 271 3261 374 3324; x_wconf 78' lang='grc' dir='ltr'>τῆς</span> <span class='ocrx_word' id='word_1_449' title='bbox 419 3255 757 3326; x_wconf 67' lang='grc' dir='ltr'>δικαιοσύνης</span> <span class='ocrx_word' id='word_1_450' title='bbox 801 3258 1054 3336; x_wconf 75' lang='grc' dir='ltr'>ἀτενίσαι,</span> <span class='ocrx_word' id='word_1_451' title='bbox 1118 3259 1266 3322; x_wconf 87' lang='grc' dir='ltr'>νόθος</span> <span class='ocrx_word' id='word_1_452' title='bbox 1325 3264 1422 3326; x_wconf 79' lang='grc' dir='ltr'>τῆς</span> <span class='ocrx_word' id='word_1_453' title='bbox 1477 3261 1634 3315; x_wconf 71' lang='grc' dir='ltr'>αυτοῦ</span> <span class='ocrx_word' id='word_1_454' title='bbox 1664 3258 1910 3336; x_wconf 84' lang='grc' dir='ltr'>γνώσεως</span> 
     </span>
    </p>
   </div>
   <div class='ocr_carea' id='block_1_64' title="bbox 2009 3251 3647 3343">
    <p class='ocr_par' dir='ltr' id='par_1_64' title="bbox 2009 3251 3647 3343">
     <span class='ocr_line' id='line_1_65' title="bbox 2009 3251 3647 3343; baseline 0.009 -30"><span class='ocrx_word' id='word_1_455' title='bbox 2009 3251 2117 3343; x_wconf 79' lang='lat' dir='ltr'><strong>illae</strong></span> <span class='ocrx_word' id='word_1_456' title='bbox 2146 3253 2360 3343; x_wconf 63' lang='lat' dir='ltr'><strong>divina)</strong></span> <span class='ocrx_word' id='word_1_457' title='bbox 2392 3265 2645 3332; x_wconf 86' lang='lat' dir='ltr'><strong>mentes,</strong></span> <span class='ocrx_word' id='word_1_458' title='bbox 2675 3274 2807 3337; x_wconf 83' lang='lat' dir='ltr'><strong>quae</strong></span> <span class='ocrx_word' id='word_1_459' title='bbox 2850 3258 3017 3320; x_wconf 92' lang='lat' dir='ltr'><strong>illum</strong></span> <span class='ocrx_word' id='word_1_460' title='bbox 3059 3266 3332 3324; x_wconf 81' lang='lat' dir='ltr'><strong>irretorta</strong></span> <span class='ocrx_word' id='word_1_461' title='bbox 3362 3275 3647 3343; x_wconf 86' lang='lat' dir='ltr'><strong>quantum</strong></span> 
     </span>
    </p>
   </div>
   <div class='ocr_carea' id='block_1_65' title="bbox 275 3338 1921 3428">
    <p class='ocr_par' dir='ltr' id='par_1_65' title="bbox 275 3345 1918 3428">
     <span class='ocr_line' id='line_1_66' title="bbox 275 3345 1918 3428; baseline -0.002 -26"><span class='ocrx_word' id='word_1_462' title='bbox 275 3347 571 3426; x_wconf 66' lang='grc' dir='ltr'>εὑρίσκεται</span> <span class='ocrx_word' id='word_1_463' title='bbox 608 3365 622 3381; x_wconf 84' lang='grc'><strong><em>⁸</em></strong></span> <span class='ocrx_word' id='word_1_464' title='bbox 654 3350 700 3404; x_wconf 78' lang='lat' dir='ltr'><strong>oi</strong></span> <span class='ocrx_word' id='word_1_465' title='bbox 743 3345 798 3404; x_wconf 76' lang='grc' dir='ltr'><strong>δέ</strong></span> <span class='ocrx_word' id='word_1_466' title='bbox 821 3351 956 3405; x_wconf 85' lang='grc' dir='ltr'>θειοι</span> <span class='ocrx_word' id='word_1_467' title='bbox 987 3349 1128 3428; x_wconf 80' lang='grc' dir='ltr'><strong>νόες³</strong></span> <span class='ocrx_word' id='word_1_468' title='bbox 1174 3346 1568 3428; x_wconf 85' lang='grc' dir='ltr'>ἀσκαρδαμυκτὶ</span> <span class='ocrx_word' id='word_1_469' title='bbox 1601 3349 1672 3412; x_wconf 82' lang='grc' dir='ltr'>ὡς</span> <span class='ocrx_word' id='word_1_470' title='bbox 1705 3347 1918 3427; x_wconf 75' lang='grc' dir='ltr'>ἐφικτὸν</span> 
     </span>
    </p>
   </div>
   <div class='ocr_carea' id='block_1_66' title="bbox 2009 3338 3385 3428">
    <p class='ocr_par' dir='ltr' id='par_1_66' title="bbox 2009 3338 3385 3425">
     <span class='ocr_line' id='line_1_67' title="bbox 2009 3338 3385 3425; baseline 0.007 -24"><span class='ocrx_word' id='word_1_471' title='bbox 2009 3340 2089 3402; x_wconf 81' lang='lat' dir='ltr'><strong>fas</strong></span> <span class='ocrx_word' id='word_1_472' title='bbox 2116 3350 2205 3402; x_wconf 83' lang='lat' dir='ltr'><strong>est</strong></span> <span class='ocrx_word' id='word_1_473' title='bbox 2231 3341 2360 3403; x_wconf 83' lang='lat' dir='ltr'><strong>acie</strong></span> <span class='ocrx_word' id='word_1_474' title='bbox 2383 3347 2886 3424; x_wconf 89' lang='lat' dir='ltr'><strong>centemplautur,</strong></span> <span class='ocrx_word' id='word_1_475' title='bbox 2917 3347 3196 3425; x_wconf 67' lang='lat' dir='ltr'><strong>genuina:</strong></span> <span class='ocrx_word' id='word_1_476' title='bbox 3227 3338 3385 3412; x_wconf 37' lang='lat' dir='ltr'><strong>sunt;</strong></span> 
     </span>
    </p>
   </div>
   <div class='ocr_carea' id='block_1_67' title="bbox 276 3437 1048 3518">
    <p class='ocr_par' dir='ltr' id='par_1_67' title="bbox 276 3437 1048 3518">
     <span class='ocr_line' id='line_1_68' title="bbox 276 3437 1048 3518; baseline 0.003 -26"><span class='ocrx_word' id='word_1_477' title='bbox 276 3437 635 3518; x_wconf 67' lang='grc' dir='ltr'>ἀτανίζοντες,</span> <span class='ocrx_word' id='word_1_478' title='bbox 681 3437 866 3516; x_wconf 69' lang='grc' dir='ltr'>γῆσνοί</span> <span class='ocrx_word' id='word_1_479' title='bbox 895 3440 1048 3501; x_wconf 85' lang='grc' dir='ltr'>εἰσιν.</span> 
     </span>
    </p>
   </div>
   <div class='ocr_carea' id='block_1_68' title="bbox 361 3517 1923 3604">
    <p class='ocr_par' dir='ltr' id='par_1_68' title="bbox 361 3517 1923 3604">
     <span class='ocr_line' id='line_1_69' title="bbox 361 3517 1923 3604; baseline -0.001 -18"><span class='ocrx_word' id='word_1_480' title='bbox 361 3517 428 3586; x_wconf 68' lang='grc' dir='ltr'><strong>Ἠ</strong></span> <span class='ocrx_word' id='word_1_481' title='bbox 459 3525 513 3582; x_wconf 73' lang='grc' dir='ltr'><strong>δὲ</strong></span> <span class='ocrx_word' id='word_1_482' title='bbox 546 3517 648 3582; x_wconf 79' lang='grc' dir='ltr'><strong>τῶν</strong></span> <span class='ocrx_word' id='word_1_483' title='bbox 706 3526 891 3585; x_wconf 76' lang='grc' dir='ltr'>ἵππων</span> <span class='ocrx_word' id='word_1_484' title='bbox 937 3529 1091 3585; x_wconf 84' lang='grc' dir='ltr'>εἰκών</span> <span class='ocrx_word' id='word_1_485' title='bbox 1133 3530 1196 3585; x_wconf 77' lang='grc' dir='ltr'>τὸ</span> <span class='ocrx_word' id='word_1_486' title='bbox 1249 3527 1488 3594; x_wconf 75' lang='grc' dir='ltr'>εὐπειθὲς</span> <span class='ocrx_word' id='word_1_487' title='bbox 1544 3528 1791 3604; x_wconf 86' lang='grc' dir='ltr'>σημαίνει</span> <span class='ocrx_word' id='word_1_488' title='bbox 1834 3528 1923 3584; x_wconf 77' lang='grc' dir='ltr'>καὶ</span> 
     </span>
    </p>
   </div>
   <div class='ocr_carea' id='block_1_69' title="bbox 275 3615 1920 3696">
    <p class='ocr_par' dir='ltr' id='par_1_69' title="bbox 275 3615 1920 3696">
     <span class='ocr_line' id='line_1_70' title="bbox 275 3615 1920 3696; baseline 0 -22"><span class='ocrx_word' id='word_1_489' title='bbox 275 3615 492 3684; x_wconf 60' lang='grc' dir='ltr'>εὐήνιον</span> <span class='ocrx_word' id='word_1_490' title='bbox 523 3620 628 3674; x_wconf 84' lang='grc' dir='ltr'><strong>τῶν</strong></span> <span class='ocrx_word' id='word_1_491' title='bbox 689 3616 954 3696; x_wconf 75' lang='grc' dir='ltr'>ἀγγέλων,</span> <span class='ocrx_word' id='word_1_492' title='bbox 989 3619 1104 3675; x_wconf 81' lang='grc' dir='ltr'>καθ’</span> <span class='ocrx_word' id='word_1_493' title='bbox 1137 3620 1165 3675; x_wconf 88' lang='grc' dir='ltr'>ὃ</span> <span class='ocrx_word' id='word_1_494' title='bbox 1197 3617 1422 3692; x_wconf 64' lang='grc' dir='ltr'>εἴρηται</span> <span class='ocrx_word' id='word_1_495' title='bbox 1452 3636 1470 3656; x_wconf 76' lang='grc' dir='ltr'><strong>ο</strong></span> <span class='ocrx_word' id='word_1_496' title='bbox 1503 3616 1518 3642; x_wconf 86' lang='grc'><strong><em>⁷</em></strong></span> <span class='ocrx_word' id='word_1_497' title='bbox 1525 3627 1564 3674; x_wconf 93' lang='grc' dir='ltr'><strong>Ο</strong></span> <span class='ocrx_word' id='word_1_498' title='bbox 1593 3622 1800 3694; x_wconf 88' lang='grc' dir='ltr'>κρατῶν</span> <span class='ocrx_word' id='word_1_499' title='bbox 1828 3619 1920 3682; x_wconf 79' lang='grc' dir='ltr'><strong>τὰς</strong></span> 
     </span>
    </p>
   </div>
   <div class='ocr_carea' id='block_1_70' title="bbox 276 3704 1921 3788">
    <p class='ocr_par' dir='ltr' id='par_1_70' title="bbox 276 3704 1921 3788">
     <span class='ocr_line' id='line_1_71' title="bbox 276 3704 1921 3788; baseline -0.001 -24"><span class='ocrx_word' id='word_1_500' title='bbox 276 3707 430 3774; x_wconf 71' lang='grc' dir='ltr'>ἡνίας</span> <span class='ocrx_word' id='word_1_501' title='bbox 485 3713 591 3763; x_wconf 87' lang='grc' dir='ltr'><strong>τῶν</strong></span> <span class='ocrx_word' id='word_1_502' title='bbox 622 3709 903 3788; x_wconf 76' lang='grc' dir='ltr'>ἀρχάντων</span> <span class='ocrx_word' id='word_1_503' title='bbox 957 3706 1250 3784; x_wconf 75' lang='grc' dir='ltr'>δυνάμεων.</span> <span class='ocrx_word' id='word_1_504' title='bbox 1310 3704 1416 3769; x_wconf 87' lang='grc' dir='ltr'>Καὶ</span> <span class='ocrx_word' id='word_1_505' title='bbox 1471 3706 1673 3764; x_wconf 83' lang='grc' dir='ltr'>λευκῶν</span> <span class='ocrx_word' id='word_1_506' title='bbox 1730 3707 1921 3787; x_wconf 68' lang='grc' dir='ltr'>ὅντων,</span> 
     </span>
    </p>
   </div>
   <div class='ocr_carea' id='block_1_71' title="bbox 274 3796 1929 3877">
    <p class='ocr_par' dir='ltr' id='par_1_71' title="bbox 274 3796 1929 3877">
     <span class='ocr_line' id='line_1_72' title="bbox 274 3796 1929 3877; baseline 0 -23"><span class='ocrx_word' id='word_1_507' title='bbox 274 3800 340 3854; x_wconf 85' lang='grc' dir='ltr'>τὸ</span> <span class='ocrx_word' id='word_1_508' title='bbox 370 3796 619 3876; x_wconf 83' lang='grc' dir='ltr'>λαμπρὸν</span> <span class='ocrx_word' id='word_1_509' title='bbox 675 3796 982 3877; x_wconf 72' lang='grc' dir='ltr'>παραδηλοῖ</span> <span class='ocrx_word' id='word_1_510' title='bbox 1030 3798 1124 3853; x_wconf 78' lang='grc' dir='ltr'>καῖ</span> <span class='ocrx_word' id='word_1_511' title='bbox 1152 3800 1224 3864; x_wconf 83' lang='grc' dir='ltr'>ὡς</span> <span class='ocrx_word' id='word_1_512' title='bbox 1271 3798 1502 3874; x_wconf 67' lang='grc' dir='ltr'>μάλιστα</span> <span class='ocrx_word' id='word_1_513' title='bbox 1545 3797 1795 3877; x_wconf 80' lang='grc' dir='ltr'>συγγενὲς</span> <span class='ocrx_word' id='word_1_514' title='bbox 1838 3798 1929 3854; x_wconf 82' lang='grc' dir='ltr'>τοῦ</span> 
     </span>
    </p>
   </div>
   <div class='ocr_carea' id='block_1_72' title="bbox 274 3886 1925 3968">
    <p class='ocr_par' dir='ltr' id='par_1_72' title="bbox 274 3886 1925 3968">
     <span class='ocr_line' id='line_1_73' title="bbox 274 3886 1925 3968; baseline -0.001 -24"><span class='ocrx_word' id='word_1_515' title='bbox 274 3887 420 3947; x_wconf 84' lang='grc' dir='ltr'>θείου</span> <span class='ocrx_word' id='word_1_516' title='bbox 451 3889 626 3966; x_wconf 79' lang='grc' dir='ltr'>φωτός</span> <span class='ocrx_word' id='word_1_517' title='bbox 661 3903 676 3918; x_wconf 90' lang='grc'>⁶</span> <span class='ocrx_word' id='word_1_518' title='bbox 725 3890 930 3945; x_wconf 77' lang='grc' dir='ltr'>κυανῶν</span> <span class='ocrx_word' id='word_1_519' title='bbox 959 3886 1012 3944; x_wconf 80' lang='grc' dir='ltr'><em>δὲ</em></span> <span class='ocrx_word' id='word_1_520' title='bbox 1053 3936 1069 3968; x_wconf 70' lang='lat'><strong>,</strong></span> <span class='ocrx_word' id='word_1_521' title='bbox 1114 3890 1268 3946; x_wconf 80' lang='grc' dir='ltr'>οἱονεὶ</span> <span class='ocrx_word' id='word_1_522' title='bbox 1299 3886 1565 3967; x_wconf 67' lang='grc' dir='ltr'>μελάνων,</span> <span class='ocrx_word' id='word_1_523' title='bbox 1597 3891 1658 3944; x_wconf 82' lang='grc' dir='ltr'>τὸ</span> <span class='ocrx_word' id='word_1_524' title='bbox 1688 3889 1925 3967; x_wconf 67' lang='grc' dir='ltr'>κρύφιονθ</span> 
     </span>
    </p>
   </div>
   <div class='ocr_carea' id='block_1_73' title="bbox 276 3977 1926 4057">
    <p class='ocr_par' dir='ltr' id='par_1_73' title="bbox 276 3977 1926 4057">
     <span class='ocr_line' id='line_1_74' title="bbox 276 3977 1926 4057; baseline -0.002 -22"><span class='ocrx_word' id='word_1_525' title='bbox 276 3981 342 4036; x_wconf 77' lang='grc' dir='ltr'>τὸ</span> <span class='ocrx_word' id='word_1_526' title='bbox 453 3979 555 4054; x_wconf 81' lang='grc' dir='ltr'><strong>γάρ</strong></span> <span class='ocrx_word' id='word_1_527' title='bbox 662 3977 829 4054; x_wconf 82' lang='grc' dir='ltr'>μέλαν</span> <span class='ocrx_word' id='word_1_528' title='bbox 932 3979 1021 4034; x_wconf 81' lang='grc' dir='ltr'><strong>καὶ</strong></span> <span class='ocrx_word' id='word_1_529' title='bbox 1100 3981 1394 4036; x_wconf 76' lang='grc' dir='ltr'>σκοτεινὸν</span> <span class='ocrx_word' id='word_1_530' title='bbox 1501 3980 1584 4034; x_wconf 76' lang='grc' dir='ltr'><strong>καὶ</strong></span> <span class='ocrx_word' id='word_1_531' title='bbox 1690 3988 1926 4057; x_wconf 73' lang='grc' dir='ltr'>κρύφιον,</span> 
     </span>
    </p>
   </div>
   <div class='ocr_carea' id='block_1_74' title="bbox 280 4065 1924 4147">
    <p class='ocr_par' dir='ltr' id='par_1_74' title="bbox 280 4065 1924 4147">
     <span class='ocr_line' id='line_1_75' title="bbox 280 4065 1924 4147; baseline -0.002 -21"><span class='ocrx_word' id='word_1_532' title='bbox 280 4068 545 4145; x_wconf 81' lang='grc' dir='ltr'>Ἐρυθρῶν</span> <span class='ocrx_word' id='word_1_533' title='bbox 576 4066 654 4142; x_wconf 76' lang='grc' dir='ltr'><strong>δὲ,</strong></span> <span class='ocrx_word' id='word_1_534' title='bbox 687 4067 802 4125; x_wconf 75' lang='grc' dir='ltr'>ἐπεὶ</span> <span class='ocrx_word' id='word_1_535' title='bbox 830 4069 916 4124; x_wconf 83' lang='grc' dir='ltr'><strong>καὶ</strong></span> <span class='ocrx_word' id='word_1_536' title='bbox 974 4070 1035 4125; x_wconf 82' lang='grc' dir='ltr'>τὸ</span> <span class='ocrx_word' id='word_1_537' title='bbox 1090 4078 1189 4146; x_wconf 80' lang='grc' dir='ltr'><strong>πῦρ</strong></span> <span class='ocrx_word' id='word_1_538' title='bbox 1260 4068 1512 4147; x_wconf 75' lang='grc' dir='ltr'>ἐρυθρὸν,-</span> <span class='ocrx_word' id='word_1_539' title='bbox 1550 4069 1611 4123; x_wconf 82' lang='grc' dir='ltr'><strong>τὸ</strong></span> <span class='ocrx_word' id='word_1_540' title='bbox 1669 4065 1924 4145; x_wconf 79' lang='grc' dir='ltr'>πυρῶδες,</span> 
     </span>
    </p>
   </div>
   <div class='ocr_carea' id='block_1_75' title="bbox 279 4155 1928 4237">
    <p class='ocr_par' dir='ltr' id='par_1_75' title="bbox 279 4155 1928 4237">
     <span class='ocr_line' id='line_1_76' title="bbox 279 4155 1928 4237; baseline 0 -23"><span class='ocrx_word' id='word_1_541' title='bbox 279 4161 370 4214; x_wconf 84' lang='grc' dir='ltr'><strong>καὶ</strong></span> <span class='ocrx_word' id='word_1_542' title='bbox 416 4155 502 4213; x_wconf 71' lang='grc' dir='ltr'>διὰ</span> <span class='ocrx_word' id='word_1_543' title='bbox 531 4160 685 4215; x_wconf 71' lang='lat'><strong>10510</strong></span> <span class='ocrx_word' id='word_1_544' title='bbox 728 4155 1044 4237; x_wconf 74' lang='grc' dir='ltr'>δραστήριον</span> <span class='ocrx_word' id='word_1_545' title='bbox 1075 4173 1090 4188; x_wconf 86' lang='lat'><strong><em>°</em></strong></span> <span class='ocrx_word' id='word_1_546' title='bbox 1139 4158 1449 4233; x_wconf 86' lang='grc' dir='ltr'>συμμίκτων</span> <span class='ocrx_word' id='word_1_547' title='bbox 1507 4155 1561 4212; x_wconf 75' lang='grc' dir='ltr'>δὲ</span> <span class='ocrx_word' id='word_1_548' title='bbox 1591 4156 1697 4213; x_wconf 81' lang='grc' dir='ltr'>ἀπὸ</span> <span class='ocrx_word' id='word_1_549' title='bbox 1741 4156 1928 4214; x_wconf 86' lang='grc' dir='ltr'>λευκοῦ</span> 
     </span>
    </p>
   </div>
   <div class='ocr_carea' id='block_1_76' title="bbox 280 4243 1927 4328">
    <p class='ocr_par' dir='ltr' id='par_1_76' title="bbox 280 4243 1927 4328">
     <span class='ocr_line' id='line_1_77' title="bbox 280 4243 1927 4328; baseline -0.001 -23"><span class='ocrx_word' id='word_1_550' title='bbox 280 4270 340 4305; x_wconf 86' lang='grc' dir='ltr'><strong>τε</strong></span> <span class='ocrx_word' id='word_1_551' title='bbox 393 4249 485 4305; x_wconf 82' lang='grc' dir='ltr'><strong>καὶ</strong></span> <span class='ocrx_word' id='word_1_552' title='bbox 534 4246 782 4324; x_wconf 83' lang='grc' dir='ltr'>μέλανος,</span> <span class='ocrx_word' id='word_1_553' title='bbox 844 4247 1090 4315; x_wconf 84' lang='grc' dir='ltr'>δηλονότι</span> <span class='ocrx_word' id='word_1_554' title='bbox 1121 4255 1313 4328; x_wconf 69' lang='grc' dir='ltr'>φαιῶν,</span> <span class='ocrx_word' id='word_1_555' title='bbox 1345 4249 1450 4304; x_wconf 82' lang='grc' dir='ltr'><strong>τῶν</strong></span> <span class='ocrx_word' id='word_1_556' title='bbox 1481 4243 1792 4303; x_wconf 82' lang='grc' dir='ltr'>συνδετικῶν</span> <span class='ocrx_word' id='word_1_557' title='bbox 1823 4253 1927 4304; x_wconf 88' lang='grc' dir='ltr'><strong>τῶν</strong></span> 
     </span>
    </p>
   </div>
   <div class='ocr_carea' id='block_1_77' title="bbox 283 4334 1932 4418">
    <p class='ocr_par' dir='ltr' id='par_1_77' title="bbox 283 4334 1932 4418">
     <span class='ocr_line' id='line_1_78' title="bbox 283 4334 1932 4418; baseline 0.002 -26"><span class='ocrx_word' id='word_1_558' title='bbox 283 4335 464 4418; x_wconf 71' lang='grc' dir='ltr'>ἀκρῶν</span> <span class='ocrx_word' id='word_1_559' title='bbox 498 4336 552 4394; x_wconf 78' lang='grc' dir='ltr'>ἒν</span> <span class='ocrx_word' id='word_1_560' title='bbox 583 4336 652 4412; x_wconf 77' lang='grc' dir='ltr'>τῇ</span> <span class='ocrx_word' id='word_1_561' title='bbox 682 4335 1128 4417; x_wconf 74' lang='grc' dir='ltr'>διαπορθμευτικῇ</span> <span class='ocrx_word' id='word_1_562' title='bbox 1158 4336 1395 4414; x_wconf 71' lang='grc' dir='ltr'>δυνάμει,</span> <span class='ocrx_word' id='word_1_563' title='bbox 1417 4334 1533 4394; x_wconf 78' lang='grc' dir='ltr'>καθ’</span> <span class='ocrx_word' id='word_1_564' title='bbox 1559 4336 1624 4402; x_wconf 69' lang='grc' dir='ltr'><strong>ἣν</strong></span> <span class='ocrx_word' id='word_1_565' title='bbox 1655 4339 1722 4393; x_wconf 76' lang='grc' dir='ltr'>τὰ</span> <span class='ocrx_word' id='word_1_566' title='bbox 1750 4341 1932 4413; x_wconf 88' lang='grc' dir='ltr'>πρῶτα</span> 
     </span>
    </p>
   </div>
   <div class='ocr_carea' id='block_1_78' title="bbox 278 4425 1933 4508">
    <p class='ocr_par' dir='ltr' id='par_1_78' title="bbox 278 4425 1933 4508">
     <span class='ocr_line' id='line_1_79' title="bbox 278 4425 1933 4508; baseline 0 -22"><span class='ocrx_word' id='word_1_567' title='bbox 278 4444 403 4493; x_wconf 79' lang='grc' dir='ltr'>τοῖς</span> <span class='ocrx_word' id='word_1_568' title='bbox 438 4425 703 4506; x_wconf 77' lang='grc' dir='ltr'>δευτέροις</span> <span class='ocrx_word' id='word_1_569' title='bbox 746 4428 1138 4507; x_wconf 77' lang='grc' dir='ltr'>προνοητικῶς,</span> <span class='ocrx_word' id='word_1_570' title='bbox 1173 4431 1260 4487; x_wconf 74' lang='grc' dir='ltr'><strong>καὶ</strong></span> <span class='ocrx_word' id='word_1_571' title='bbox 1288 4430 1354 4485; x_wconf 81' lang='grc' dir='ltr'><strong>τὰ</strong></span> <span class='ocrx_word' id='word_1_572' title='bbox 1387 4426 1596 4506; x_wconf 78' lang='grc' dir='ltr'>δεύτερα</span> <span class='ocrx_word' id='word_1_573' title='bbox 1627 4427 1747 4494; x_wconf 75' lang='grc' dir='ltr'>τοῖς</span> <span class='ocrx_word' id='word_1_574' title='bbox 1780 4428 1933 4508; x_wconf 81' lang='grc' dir='ltr'>πρώ-</span> 
     </span>
    </p>
   </div>
   <div class='ocr_carea' id='block_1_79' title="bbox 278 4517 1270 4598">
    <p class='ocr_par' dir='ltr' id='par_1_79' title="bbox 278 4517 1270 4598">
     <span class='ocr_line' id='line_1_80' title="bbox 278 4517 1270 4598; baseline 0 -20"><span class='ocrx_word' id='word_1_575' title='bbox 278 4541 399 4583; x_wconf 85' lang='grc' dir='ltr'>τοις</span> <span class='ocrx_word' id='word_1_576' title='bbox 434 4517 855 4598; x_wconf 75' lang='grc' dir='ltr'>ἒπιστρεπτικῶς</span> <span class='ocrx_word' id='word_1_577' title='bbox 899 4519 1270 4578; x_wconf 80' lang='grc' dir='ltr'>συνάπτονται.</span> 
     </span>
    </p>
   </div>
   <div class='ocr_carea' id='block_1_80' title="bbox 367 4661 2004 4770">
    <p class='ocr_par' dir='ltr' id='par_1_80' title="bbox 367 4661 2004 4770">
     <span class='ocr_line' id='line_1_81' title="bbox 367 4661 2004 4770; baseline 0.001 -22"><span class='ocrx_word' id='word_1_578' title='bbox 367 4685 524 4748; x_wconf 83' lang='grc' dir='ltr'>Ἀλλ’</span> <span class='ocrx_word' id='word_1_579' title='bbox 554 4689 599 4746; x_wconf 81' lang='grc' dir='ltr'>εἰ</span> <span class='ocrx_word' id='word_1_580' title='bbox 628 4690 707 4765; x_wconf 74' lang='grc' dir='ltr'>μὴ</span> <span class='ocrx_word' id='word_1_581' title='bbox 761 4689 1262 4770; x_wconf 76' lang='grc' dir='ltr'>κατεστοχαζόμεθα</span> <span class='ocrx_word' id='word_1_582' title='bbox 1317 4691 1414 4757; x_wconf 77' lang='grc' dir='ltr'>τῆς</span> <span class='ocrx_word' id='word_1_583' title='bbox 1472 4688 1794 4770; x_wconf 86' lang='grc' dir='ltr'>συμμετρίας</span> <span class='ocrx_word' id='word_1_584' title='bbox 1842 4661 2004 4749; x_wconf 59' lang='grc' dir='ltr'>τοῦθ</span> 
     </span>
    </p>
   </div>
   <div class='ocr_carea' id='block_1_81' title="bbox 279 4777 1932 4860">
    <p class='ocr_par' dir='ltr' id='par_1_81' title="bbox 279 4777 1932 4860">
     <span class='ocr_line' id='line_1_82' title="bbox 279 4777 1932 4860; baseline -0.001 -22"><span class='ocrx_word' id='word_1_585' title='bbox 279 4781 452 4860; x_wconf 79' lang='grc' dir='ltr'>λόγου</span> <span class='ocrx_word' id='word_1_586' title='bbox 513 4779 686 4858; x_wconf 83' lang='grc' dir='ltr'>(κόρος</span> <span class='ocrx_word' id='word_1_587' title='bbox 743 4780 844 4860; x_wconf 75' lang='grc' dir='ltr'>γὰρ</span> <span class='ocrx_word' id='word_1_588' title='bbox 897 4778 1058 4859; x_wconf 88' lang='grc' dir='ltr'>λόγου</span> <span class='ocrx_word' id='word_1_589' title='bbox 1109 4777 1367 4854; x_wconf 76' lang='grc' dir='ltr'>πολέμιος</span> <span class='ocrx_word' id='word_1_590' title='bbox 1410 4778 1658 4856; x_wconf 79' lang='grc' dir='ltr'>ἀκοαῖς),</span> <span class='ocrx_word' id='word_1_591' title='bbox 1705 4781 1791 4836; x_wconf 84' lang='grc' dir='ltr'><strong>καὶ</strong></span> <span class='ocrx_word' id='word_1_592' title='bbox 1837 4779 1932 4841; x_wconf 81' lang='grc' dir='ltr'><strong>τὰς</strong></span> 
     </span>
    </p>
   </div>
   <div class='ocr_carea' id='block_1_82' title="bbox 280 4868 1930 4950">
    <p class='ocr_par' dir='ltr' id='par_1_82' title="bbox 280 4868 1930 4950">
     <span class='ocr_line' id='line_1_83' title="bbox 280 4868 1930 4950; baseline -0.002 -21"><span class='ocrx_word' id='word_1_593' title='bbox 280 4871 427 4929; x_wconf 80' lang='grc' dir='ltr'><strong>κατά</strong></span> <span class='ocrx_word' id='word_1_594' title='bbox 450 4868 610 4947; x_wconf 75' lang='grc' dir='ltr'>μέρος</span> <span class='ocrx_word' id='word_1_595' title='bbox 640 4868 905 4938; x_wconf 82' lang='grc' dir='ltr'>ἰδιότητας</span> <span class='ocrx_word' id='word_1_596' title='bbox 961 4875 1067 4926; x_wconf 85' lang='grc' dir='ltr'><strong>τῶν</strong></span> <span class='ocrx_word' id='word_1_597' title='bbox 1135 4869 1308 4950; x_wconf 64' lang='grc' dir='ltr'>ζώων,</span> <span class='ocrx_word' id='word_1_598' title='bbox 1344 4870 1435 4928; x_wconf 80' lang='grc' dir='ltr'><strong>καὶ</strong></span> <span class='ocrx_word' id='word_1_599' title='bbox 1476 4869 1649 4934; x_wconf 79' lang='grc' dir='ltr'>πάσας</span> <span class='ocrx_word' id='word_1_600' title='bbox 1693 4870 1786 4935; x_wconf 79' lang='grc' dir='ltr'><strong>τὰς</strong></span> <span class='ocrx_word' id='word_1_601' title='bbox 1817 4891 1930 4926; x_wconf 85' lang='grc' dir='ltr'>σω-</span> 
     </span>
    </p>
   </div>
   <div class='ocr_carea' id='block_1_83' title="bbox 281 4957 1930 5042">
    <p class='ocr_par' dir='ltr' id='par_1_83' title="bbox 281 4957 1930 5042">
     <span class='ocr_line' id='line_1_84' title="bbox 281 4957 1930 5042; baseline -0.001 -22"><span class='ocrx_word' id='word_1_602' title='bbox 281 4962 522 5039; x_wconf 77' lang='grc' dir='ltr'>ματικὰς</span> <span class='ocrx_word' id='word_1_603' title='bbox 589 4961 760 5017; x_wconf 75' lang='grc' dir='ltr'>αὖτῶν</span> <span class='ocrx_word' id='word_1_604' title='bbox 814 4957 1142 5042; x_wconf 74' lang='grc' dir='ltr'><strong>διαπλάσεις³</strong></span> <span class='ocrx_word' id='word_1_605' title='bbox 1200 4959 1579 5040; x_wconf 66' lang='grc' dir='ltr'>ἔφηρμόσαμεν</span> <span class='ocrx_word' id='word_1_606' title='bbox 1661 4958 1724 5017; x_wconf 73' lang='grc' dir='ltr'><strong>ἄν</strong></span> <span class='ocrx_word' id='word_1_607' title='bbox 1806 4973 1930 5020; x_wconf 76' lang='grc' dir='ltr'>ταῖς</span> 
     </span>
    </p>
   </div>
   <div class='ocr_carea' id='block_1_84' title="bbox 281 5048 1932 5132">
    <p class='ocr_par' dir='ltr' id='par_1_84' title="bbox 281 5048 1932 5132">
     <span class='ocr_line' id='line_1_85' title="bbox 281 5048 1932 5132; baseline -0.001 -23"><span class='ocrx_word' id='word_1_608' title='bbox 281 5051 559 5132; x_wconf 67' lang='grc' dir='ltr'>οὐρανίαις</span> <span class='ocrx_word' id='word_1_609' title='bbox 627 5048 907 5126; x_wconf 84' lang='grc' dir='ltr'>δυνάμεσιν</span> <span class='ocrx_word' id='word_1_610' title='bbox 978 5049 1278 5131; x_wconf 69' lang='grc' dir='ltr'><strong>ἀναλόγως³</strong></span> <span class='ocrx_word' id='word_1_611' title='bbox 1337 5051 1473 5107; x_wconf 87' lang='grc' dir='ltr'><strong>κατά</strong></span> <span class='ocrx_word' id='word_1_612' title='bbox 1549 5051 1642 5116; x_wconf 78' lang='grc' dir='ltr'><strong>τάς</strong></span> <span class='ocrx_word' id='word_1_613' title='bbox 1689 5049 1932 5129; x_wconf 72' lang='grc' dir='ltr'>ῥηθείσας</span> 
     </span>
    </p>
   </div>
   <div class='ocr_carea' id='block_1_85' title="bbox 282 5139 1932 5222">
    <p class='ocr_par' dir='ltr' id='par_1_85' title="bbox 282 5139 1932 5222">
     <span class='ocr_line' id='line_1_86' title="bbox 282 5139 1932 5222; baseline -0.001 -23"><span class='ocrx_word' id='word_1_614' title='bbox 282 5141 572 5219; x_wconf 80' lang='grc' dir='ltr'>ἀνομοίους</span> <span class='ocrx_word' id='word_1_615' title='bbox 610 5141 931 5217; x_wconf 74' lang='grc' dir='ltr'>ὁμοιότητας</span> <span class='ocrx_word' id='word_1_616' title='bbox 985 5141 1285 5222; x_wconf 70' lang='grc' dir='ltr'>(ἀνομοίους</span> <span class='ocrx_word' id='word_1_617' title='bbox 1349 5141 1472 5221; x_wconf 69' lang='grc' dir='ltr'>μὲν,</span> <span class='ocrx_word' id='word_1_618' title='bbox 1531 5139 1612 5196; x_wconf 82' lang='grc' dir='ltr'><strong>ὅτι</strong></span> <span class='ocrx_word' id='word_1_619' title='bbox 1652 5142 1705 5198; x_wconf 80' lang='grc' dir='ltr'>αἱ</span> <span class='ocrx_word' id='word_1_620' title='bbox 1736 5141 1932 5205; x_wconf 85' lang='grc' dir='ltr'>εἰκόνες</span> 
     </span>
    </p>
   </div>
   <div class='ocr_carea' id='block_1_86' title="bbox 280 5229 1930 5312">
    <p class='ocr_par' dir='ltr' id='par_1_86' title="bbox 280 5229 1930 5312">
     <span class='ocr_line' id='line_1_87' title="bbox 280 5229 1930 5312; baseline -0.001 -24"><span class='ocrx_word' id='word_1_621' title='bbox 280 5231 476 5290; x_wconf 60' lang='lat' dir='ltr'><strong>{altle</strong></span> <span class='ocrx_word' id='word_1_622' title='bbox 572 5233 662 5288; x_wconf 85' lang='grc' dir='ltr'><strong>καὶ</strong></span> <span class='ocrx_word' id='word_1_623' title='bbox 715 5231 851 5289; x_wconf 86' lang='grc' dir='ltr'>πολὺ</span> <span class='ocrx_word' id='word_1_624' title='bbox 924 5232 1343 5312; x_wconf 79' lang='grc' dir='ltr'>ἀπεμφαίνουσαι</span> <span class='ocrx_word' id='word_1_625' title='bbox 1381 5249 1398 5266; x_wconf 89' lang='grc'><strong>·</strong></span> <span class='ocrx_word' id='word_1_626' title='bbox 1457 5230 1781 5305; x_wconf 76' lang='grc' dir='ltr'>ὁμοιότητας</span> <span class='ocrx_word' id='word_1_627' title='bbox 1853 5229 1930 5306; x_wconf 68' lang='grc' dir='ltr'><strong>δὲ,</strong></span> 
     </span>
    </p>
   </div>
   <div class='ocr_carea' id='block_1_87' title="bbox 285 5320 1935 5400">
    <p class='ocr_par' dir='ltr' id='par_1_87' title="bbox 285 5320 1935 5400">
     <span class='ocr_line' id='line_1_88' title="bbox 285 5320 1935 5400; baseline -0.002 -20"><span class='ocrx_word' id='word_1_628' title='bbox 285 5323 431 5380; x_wconf 71' lang='grc' dir='ltr'><strong>κατά</strong></span> <span class='ocrx_word' id='word_1_629' title='bbox 460 5322 562 5389; x_wconf 77' lang='grc' dir='ltr'>τὴν</span> <span class='ocrx_word' id='word_1_630' title='bbox 612 5322 904 5399; x_wconf 77' lang='grc' dir='ltr'>νοουμένην</span> <span class='ocrx_word' id='word_1_631' title='bbox 945 5321 1268 5400; x_wconf 81' lang='grc' dir='ltr'>ἀλληγορίαν</span> <span class='ocrx_word' id='word_1_632' title='bbox 1306 5323 1395 5378; x_wconf 85' lang='grc' dir='ltr'><strong>καὶ</strong></span> <span class='ocrx_word' id='word_1_633' title='bbox 1435 5320 1534 5388; x_wconf 73' lang='grc' dir='ltr'><strong>τὴν</strong></span> <span class='ocrx_word' id='word_1_634' title='bbox 1566 5321 1935 5398; x_wconf 81' lang='grc' dir='ltr'>προσήκουσαν</span> 
     </span>
    </p>
   </div>
   <div class='ocr_carea' id='block_1_88' title="bbox 285 5409 1937 5492">
    <p class='ocr_par' dir='ltr' id='par_1_88' title="bbox 285 5409 1937 5492">
     <span class='ocr_line' id='line_1_89' title="bbox 285 5409 1937 5492; baseline 0 -24"><span class='ocrx_word' id='word_1_635' title='bbox 285 5424 417 5476; x_wconf 77' lang='grc' dir='ltr'>τοῖς</span> <span class='ocrx_word' id='word_1_636' title='bbox 475 5413 847 5489; x_wconf 70' lang='grc' dir='ltr'>ὑποκειμένοις</span> <span class='ocrx_word' id='word_1_637' title='bbox 911 5413 1216 5492; x_wconf 87' lang='grc' dir='ltr'>πράγμασιν</span> <span class='ocrx_word' id='word_1_638' title='bbox 1259 5411 1595 5489; x_wconf 75' lang='grc' dir='ltr'>ἀναγωγὴν),</span> <span class='ocrx_word' id='word_1_639' title='bbox 1643 5412 1728 5468; x_wconf 83' lang='grc' dir='ltr'><strong>καὶ</strong></span> <span class='ocrx_word' id='word_1_640' title='bbox 1771 5409 1937 5490; x_wconf 77' lang='grc' dir='ltr'>εἴχο-</span> 
     </span>
    </p>
   </div>
   <div class='ocr_carea' id='block_1_89' title="bbox 287 5498 1939 5582">
    <p class='ocr_par' dir='ltr' id='par_1_89' title="bbox 287 5498 1939 5582">
     <span class='ocr_line' id='line_1_90' title="bbox 287 5498 1939 5582; baseline 0.001 -24"><span class='ocrx_word' id='word_1_641' title='bbox 287 5525 391 5577; x_wconf 85' lang='grc' dir='ltr'><strong>μεν</strong></span> <span class='ocrx_word' id='word_1_642' title='bbox 450 5500 628 5579; x_wconf 80' lang='grc' dir='ltr'>λέγειν</span> <span class='ocrx_word' id='word_1_643' title='bbox 686 5504 804 5582; x_wconf 83' lang='grc' dir='ltr'>περὶ</span> <span class='ocrx_word' id='word_1_644' title='bbox 859 5511 952 5562; x_wconf 77' lang='grc' dir='ltr'><strong>τοῦ</strong></span> <span class='ocrx_word' id='word_1_645' title='bbox 993 5500 1295 5578; x_wconf 77' lang='grc' dir='ltr'>θυμοειδοῦς</span> <span class='ocrx_word' id='word_1_646' title='bbox 1327 5499 1508 5574; x_wconf 75' lang='grc' dir='ltr'><strong>α·ἶ›τοί’›,</strong></span> <span class='ocrx_word' id='word_1_647' title='bbox 1543 5498 1625 5557; x_wconf 79' lang='grc' dir='ltr'>ὅτι</span> <span class='ocrx_word' id='word_1_648' title='bbox 1656 5500 1810 5578; x_wconf 77' lang='grc' dir='ltr'>νοερά</span> <span class='ocrx_word' id='word_1_649' title='bbox 1863 5521 1939 5567; x_wconf 86' lang='grc' dir='ltr'><strong>τις</strong></span> 
     </span>
    </p>
   </div>
   <div class='ocr_carea' id='block_1_90' title="bbox 288 5590 1941 5676">
    <p class='ocr_par' dir='ltr' id='par_1_90' title="bbox 288 5590 1941 5676">
     <span class='ocr_line' id='line_1_91' title="bbox 288 5590 1941 5676; baseline 0 -27"><span class='ocrx_word' id='word_1_650' title='bbox 288 5590 474 5673; x_wconf 78' lang='grc' dir='ltr'>ἀνδρία</span> <span class='ocrx_word' id='word_1_651' title='bbox 533 5591 669 5672; x_wconf 56' lang='lat' dir='ltr'><strong>icti,</strong></span> <span class='ocrx_word' id='word_1_652' title='bbox 702 5596 788 5651; x_wconf 86' lang='grc' dir='ltr'><strong>καὶ</strong></span> <span class='ocrx_word' id='word_1_653' title='bbox 836 5593 941 5676; x_wconf 74' lang='grc' dir='ltr'><strong>οὐχ</strong></span> <span class='ocrx_word' id='word_1_654' title='bbox 997 5592 1180 5657; x_wconf 82' lang='grc' dir='ltr'>ἁπλῶς</span> <span class='ocrx_word' id='word_1_655' title='bbox 1253 5592 1439 5672; x_wconf 78' lang='grc' dir='ltr'>ψυχῆς</span> <span class='ocrx_word' id='word_1_656' title='bbox 1494 5591 1678 5671; x_wconf 69' lang='grc' dir='ltr'>ἀρετὴ,</span> <span class='ocrx_word' id='word_1_657' title='bbox 1715 5593 1844 5670; x_wconf 81' lang='grc' dir='ltr'>πρὸς</span> <span class='ocrx_word' id='word_1_658' title='bbox 1873 5593 1941 5650; x_wconf 78' lang='grc' dir='ltr'><strong>τὰ</strong></span> 
     </span>
    </p>
   </div>
   <div class='ocr_carea' id='block_1_91' title="bbox 290 5681 1939 5763">
    <p class='ocr_par' dir='ltr' id='par_1_91' title="bbox 290 5681 1939 5763">
     <span class='ocr_line' id='line_1_92' title="bbox 290 5681 1939 5763; baseline -0.001 -24"><span class='ocrx_word' id='word_1_659' title='bbox 290 5683 700 5763; x_wconf 72' lang='grc' dir='ltr'>παρεπίπτοντα</span> <span class='ocrx_word' id='word_1_660' title='bbox 752 5681 882 5753; x_wconf 73' lang='grc' dir='ltr'><strong>ἡδέα</strong></span> <span class='ocrx_word' id='word_1_661' title='bbox 937 5686 1026 5742; x_wconf 83' lang='grc' dir='ltr'><strong>καὶ</strong></span> <span class='ocrx_word' id='word_1_662' title='bbox 1094 5683 1304 5762; x_wconf 83' lang='grc' dir='ltr'>λυπηρά</span> <span class='ocrx_word' id='word_1_663' title='bbox 1368 5681 1449 5737; x_wconf 82' lang='grc' dir='ltr'>ἀεὶ</span> <span class='ocrx_word' id='word_1_664' title='bbox 1504 5683 1766 5757; x_wconf 71' lang='grc' dir='ltr'>μενούσης</span> <span class='ocrx_word' id='word_1_665' title='bbox 1854 5682 1939 5739; x_wconf 70' lang='grc' dir='ltr'>ἐπὶ</span> 
     </span>
    </p>
   </div>
   <div class='ocr_carea' id='block_1_92' title="bbox 583 5856 1136 5926">
    <p class='ocr_par' dir='ltr' id='par_1_92' title="bbox 583 5856 1136 5926">
     <span class='ocr_line' id='line_1_93' title="bbox 583 5856 1136 5926; baseline 0.004 -6"><span class='ocrx_word' id='word_1_666' title='bbox 583 5857 850 5922; x_wconf 72' lang='grc' dir='ltr'>ΡΑΤιιοι.</span> <span class='ocrx_word' id='word_1_667' title='bbox 891 5861 1006 5926; x_wconf 81' lang='lat' dir='ltr'><strong>Gn.</strong></span> <span class='ocrx_word' id='word_1_668' title='bbox 1037 5856 1136 5922; x_wconf 88' lang='lat' dir='ltr'><strong>Ill.</strong></span> 
     </span>
    </p>
   </div>
   <div class='ocr_carea' id='block_1_93' title="bbox 2085 3429 3646 3513">
    <p class='ocr_par' dir='ltr' id='par_1_93' title="bbox 2085 3429 3646 3513">
     <span class='ocr_line' id='line_1_94' title="bbox 2085 3429 3646 3513; baseline 0.009 -23"><span class='ocrx_word' id='word_1_669' title='bbox 2085 3429 2384 3510; x_wconf 88' lang='lat' dir='ltr'><strong>Equorum</strong></span> <span class='ocrx_word' id='word_1_670' title='bbox 2413 3440 2609 3492; x_wconf 89' lang='lat' dir='ltr'><strong>autem</strong></span> <span class='ocrx_word' id='word_1_671' title='bbox 2668 3433 2858 3513; x_wconf 83' lang='lat' dir='ltr'><strong>ﬁgura</strong></span> <span class='ocrx_word' id='word_1_672' title='bbox 2888 3435 3185 3512; x_wconf 84' lang='lat' dir='ltr'><strong>signiﬁcat</strong></span> <span class='ocrx_word' id='word_1_673' title='bbox 3239 3439 3646 3504; x_wconf 87' lang='lat' dir='ltr'><strong>obedientiam</strong></span> 
     </span>
    </p>
   </div>
   <div class='ocr_carea' id='block_1_94' title="bbox 2007 3520 3653 3608">
    <p class='ocr_par' dir='ltr' id='par_1_94' title="bbox 2007 3520 3653 3608">
     <span class='ocr_line' id='line_1_95' title="bbox 2007 3520 3653 3608; baseline 0.008 -28"><span class='ocrx_word' id='word_1_674' title='bbox 2007 3527 2064 3581; x_wconf 92' lang='lat' dir='ltr'><strong>et</strong></span> <span class='ocrx_word' id='word_1_675' title='bbox 2088 3520 2524 3581; x_wconf 86' lang='lat' dir='ltr'><strong>observantiam</strong></span> <span class='ocrx_word' id='word_1_676' title='bbox 2547 3521 2922 3604; x_wconf 81' lang='lat' dir='ltr'><strong>angelorum,</strong></span> <span class='ocrx_word' id='word_1_677' title='bbox 2923 3526 3090 3602; x_wconf 82' lang='lat' dir='ltr'><strong>juxta</strong></span> <span class='ocrx_word' id='word_1_678' title='bbox 3107 3527 3265 3608; x_wconf 89' lang='lat' dir='ltr'><strong>quod</strong></span> <span class='ocrx_word' id='word_1_679' title='bbox 3289 3529 3514 3592; x_wconf 90' lang='lat' dir='ltr'><strong>dictum</strong></span> <span class='ocrx_word' id='word_1_680' title='bbox 3537 3539 3653 3593; x_wconf 86' lang='lat' dir='ltr'><strong>est:</strong></span> 
     </span>
    </p>
   </div>
   <div class='ocr_carea' id='block_1_95' title="bbox 2006 3608 3656 3687">
    <p class='ocr_par' dir='ltr' id='par_1_95' title="bbox 2006 3608 3656 3687">
     <span class='ocr_line' id='line_1_96' title="bbox 2006 3608 3656 3687; baseline 0.01 -17"><span class='ocrx_word' id='word_1_681' title='bbox 2006 3608 2117 3682; x_wconf 85' lang='lat' dir='ltr'><strong>Qui</strong></span> <span class='ocrx_word' id='word_1_682' title='bbox 2163 3610 2429 3672; x_wconf 86' lang='lat' dir='ltr'><strong>continet</strong></span> <span class='ocrx_word' id='word_1_683' title='bbox 2470 3611 2641 3672; x_wconf 80' lang='lat' dir='ltr'><strong>frena</strong></span> <span class='ocrx_word' id='word_1_684' title='bbox 2695 3612 3181 3679; x_wconf 87' lang='lat' dir='ltr'><strong>intemeratarum</strong></span> <span class='ocrx_word' id='word_1_685' title='bbox 3234 3619 3534 3687; x_wconf 90' lang='lat' dir='ltr'><strong>virtutum.</strong></span> <span class='ocrx_word' id='word_1_686' title='bbox 3580 3624 3656 3686; x_wconf 92' lang='lat' dir='ltr'><strong>Et</strong></span> 
     </span>
    </p>
   </div>
   <div class='ocr_carea' id='block_1_96' title="bbox 2007 3699 3654 3790">
    <p class='ocr_par' dir='ltr' id='par_1_96' title="bbox 2007 3699 3654 3790">
     <span class='ocr_line' id='line_1_97' title="bbox 2007 3699 3654 3790; baseline 0.01 -31"><span class='ocrx_word' id='word_1_687' title='bbox 2007 3699 2276 3790; x_wconf 85' lang='lat' dir='ltr'><strong>alborum</strong></span> <span class='ocrx_word' id='word_1_688' title='bbox 2308 3699 2546 3780; x_wconf 90' lang='lat' dir='ltr'><strong>quidem</strong></span> <span class='ocrx_word' id='word_1_689' title='bbox 2578 3701 2904 3764; x_wconf 91' lang='lat' dir='ltr'><strong>candorem</strong></span> <span class='ocrx_word' id='word_1_690' title='bbox 2937 3705 3202 3783; x_wconf 88' lang='lat' dir='ltr'><strong>denotat,</strong></span> <span class='ocrx_word' id='word_1_691' title='bbox 3220 3717 3425 3790; x_wconf 91' lang='lat' dir='ltr'><strong>utpote</strong></span> <span class='ocrx_word' id='word_1_692' title='bbox 3454 3711 3654 3777; x_wconf 91' lang='lat' dir='ltr'><strong>divino</strong></span> 
     </span>
    </p>
   </div>
   <div class='ocr_carea' id='block_1_97' title="bbox 2008 3789 3656 3884">
    <p class='ocr_par' dir='ltr' id='par_1_97' title="bbox 2008 3789 3656 3884">
     <span class='ocr_line' id='line_1_98' title="bbox 2008 3789 3656 3884; baseline 0.009 -34"><span class='ocrx_word' id='word_1_693' title='bbox 2008 3789 2218 3851; x_wconf 91' lang='lat' dir='ltr'><strong>lumini</strong></span> <span class='ocrx_word' id='word_1_694' title='bbox 2245 3790 2500 3852; x_wconf 82' lang='lat' dir='ltr'><strong>maxime</strong></span> <span class='ocrx_word' id='word_1_695' title='bbox 2523 3789 2761 3853; x_wconf 81' lang='lat' dir='ltr'><strong>afﬁnem</strong></span> <span class='ocrx_word' id='word_1_696' title='bbox 2785 3799 3204 3867; x_wconf 78' lang='lat' dir='ltr'><strong>,caeruleorum</strong></span> <span class='ocrx_word' id='word_1_697' title='bbox 3230 3789 3394 3881; x_wconf 86' lang='lat' dir='ltr'><strong>vero,</strong></span> <span class='ocrx_word' id='word_1_698' title='bbox 3419 3810 3477 3862; x_wconf 87' lang='lat' dir='ltr'><strong>et</strong></span> <span class='ocrx_word' id='word_1_699' title='bbox 3501 3822 3656 3884; x_wconf 84' lang='lat' dir='ltr'><strong>quo-</strong></span> 
     </span>
    </p>
   </div>
   <div class='ocr_carea' id='block_1_98' title="bbox 2004 3878 3653 3966">
    <p class='ocr_par' dir='ltr' id='par_1_98' title="bbox 2004 3878 3653 3966">
     <span class='ocr_line' id='line_1_99' title="bbox 2004 3878 3653 3966; baseline 0.009 -27"><span class='ocrx_word' id='word_1_700' title='bbox 2004 3878 2330 3956; x_wconf 83' lang='lat' dir='ltr'><strong>dammodo</strong></span> <span class='ocrx_word' id='word_1_701' title='bbox 2362 3881 2688 3959; x_wconf 83' lang='lat' dir='ltr'><strong>nigrorum,</strong></span> <span class='ocrx_word' id='word_1_702' title='bbox 2715 3881 2978 3945; x_wconf 90' lang='lat' dir='ltr'><strong>divinum</strong></span> <span class='ocrx_word' id='word_1_703' title='bbox 3015 3886 3163 3949; x_wconf 92' lang='lat' dir='ltr'><strong>illud</strong></span> <span class='ocrx_word' id='word_1_704' title='bbox 3196 3878 3477 3951; x_wconf 85' lang='lat' dir='ltr'><strong>arcanum</strong></span> <span class='ocrx_word' id='word_1_705' title='bbox 3565 3893 3653 3954; x_wconf 90' lang='lat' dir='ltr'><strong>si-</strong></span> 
     </span>
    </p>
   </div>
   <div class='ocr_carea' id='block_1_99' title="bbox 2012 3968 3659 4052">
    <p class='ocr_par' dir='ltr' id='par_1_99' title="bbox 2012 3968 3659 4052">
     <span class='ocr_line' id='line_1_100' title="bbox 2012 3968 3659 4052; baseline 0.01 -23"><span class='ocrx_word' id='word_1_706' title='bbox 2012 3968 2251 4050; x_wconf 90' lang='lat' dir='ltr'><strong>quidem</strong></span> <span class='ocrx_word' id='word_1_707' title='bbox 2291 3970 2350 4030; x_wconf 92' lang='lat' dir='ltr'><strong>id</strong></span> <span class='ocrx_word' id='word_1_708' title='bbox 2385 3969 2540 4049; x_wconf 91' lang='lat' dir='ltr'><strong>quod</strong></span> <span class='ocrx_word' id='word_1_709' title='bbox 2574 3972 2835 4052; x_wconf 85' lang='lat' dir='ltr'><strong>nigrum,</strong></span> <span class='ocrx_word' id='word_1_710' title='bbox 2860 3982 2918 4035; x_wconf 90' lang='lat' dir='ltr'><strong>et</strong></span> <span class='ocrx_word' id='word_1_711' title='bbox 2965 3975 3288 4040; x_wconf 90' lang='lat' dir='ltr'><strong>obscurum</strong></span> <span class='ocrx_word' id='word_1_712' title='bbox 3321 3989 3410 4042; x_wconf 91' lang='lat' dir='ltr'><strong>est</strong></span> <span class='ocrx_word' id='word_1_713' title='bbox 3462 3990 3522 4042; x_wconf 89' lang='lat' dir='ltr'><strong>et</strong></span> <span class='ocrx_word' id='word_1_714' title='bbox 3551 4001 3659 4044; x_wconf 62' lang='lat' dir='ltr'><strong>oc»</strong></span> 
     </span>
    </p>
   </div>
   <div class='ocr_carea' id='block_1_100' title="bbox 2011 4059 3658 4148">
    <p class='ocr_par' dir='ltr' id='par_1_100' title="bbox 2011 4059 3658 4148">
     <span class='ocr_line' id='line_1_101' title="bbox 2011 4059 3658 4148; baseline 0.009 -28"><span class='ocrx_word' id='word_1_715' title='bbox 2011 4059 2232 4120; x_wconf 88' lang='lat' dir='ltr'><strong>cultum</strong></span> <span class='ocrx_word' id='word_1_716' title='bbox 2262 4077 2275 4119; x_wconf 89' lang='lat'><strong>:</strong></span> <span class='ocrx_word' id='word_1_717' title='bbox 2311 4059 2626 4121; x_wconf 90' lang='lat' dir='ltr'><strong>rubrorum</strong></span> <span class='ocrx_word' id='word_1_718' title='bbox 2655 4069 2878 4138; x_wconf 88' lang='lat' dir='ltr'><strong>autem,</strong></span> <span class='ocrx_word' id='word_1_719' title='bbox 2926 4083 3058 4126; x_wconf 91' lang='lat' dir='ltr'><strong>cum</strong></span> <span class='ocrx_word' id='word_1_720' title='bbox 3091 4068 3264 4129; x_wconf 89' lang='lat' dir='ltr'><strong>etiam</strong></span> <span class='ocrx_word' id='word_1_721' title='bbox 3299 4070 3448 4148; x_wconf 86' lang='lat' dir='ltr'><strong>ignis</strong></span> <span class='ocrx_word' id='word_1_722' title='bbox 3474 4072 3658 4134; x_wconf 90' lang='lat' dir='ltr'><strong>ruber</strong></span> 
     </span>
    </p>
   </div>
   <div class='ocr_carea' id='block_1_101' title="bbox 2011 4147 3660 4242">
    <p class='ocr_par' dir='ltr' id='par_1_101' title="bbox 2011 4147 3660 4242">
     <span class='ocr_line' id='line_1_102' title="bbox 2011 4147 3660 4242; baseline 0.009 -33"><span class='ocrx_word' id='word_1_723' title='bbox 2011 4147 2114 4242; x_wconf 77' lang='lat' dir='ltr'><strong>sit,</strong></span> <span class='ocrx_word' id='word_1_724' title='bbox 2146 4148 2288 4230; x_wconf 86' lang='lat' dir='ltr'><strong>quid</strong></span> <span class='ocrx_word' id='word_1_725' title='bbox 2324 4148 2564 4242; x_wconf 83' lang='lat' dir='ltr'><strong>igneum</strong></span> <span class='ocrx_word' id='word_1_726' title='bbox 2595 4153 2774 4242; x_wconf 83' lang='lat' dir='ltr'><strong>atque</strong></span> <span class='ocrx_word' id='word_1_727' title='bbox 2805 4151 2952 4213; x_wconf 90' lang='lat' dir='ltr'><strong>adeo</strong></span> <span class='ocrx_word' id='word_1_728' title='bbox 2985 4155 3216 4220; x_wconf 79' lang='lat' dir='ltr'><strong>efﬁcax:</strong></span> <span class='ocrx_word' id='word_1_729' title='bbox 3242 4147 3375 4220; x_wconf 87' lang='lat' dir='ltr'><strong>albo</strong></span> <span class='ocrx_word' id='word_1_730' title='bbox 3399 4161 3660 4242; x_wconf 87' lang='lat' dir='ltr'><strong>denique</strong></span> 
     </span>
    </p>
   </div>
   <div class='ocr_carea' id='block_1_102' title="bbox 2009 4235 3653 4320">
    <p class='ocr_par' dir='ltr' id='par_1_102' title="bbox 2009 4235 3653 4320">
     <span class='ocr_line' id='line_1_103' title="bbox 2009 4235 3653 4320; baseline 0.01 -23"><span class='ocrx_word' id='word_1_731' title='bbox 2009 4235 2297 4318; x_wconf 79' lang='lat' dir='ltr'><strong>nigroque</strong></span> <span class='ocrx_word' id='word_1_732' title='bbox 2327 4236 2527 4298; x_wconf 82' lang='lat' dir='ltr'><strong>colore</strong></span> <span class='ocrx_word' id='word_1_733' title='bbox 2559 4240 3032 4320; x_wconf 88' lang='lat' dir='ltr'><strong>commistorum,</strong></span> <span class='ocrx_word' id='word_1_734' title='bbox 3083 4263 3190 4308; x_wconf 89' lang='lat' dir='ltr'><strong>seu</strong></span> <span class='ocrx_word' id='word_1_735' title='bbox 3245 4235 3653 4312; x_wconf 44' lang='lat' dir='ltr'><strong>fuscorum&#39;ﬁ-</strong></span> 
     </span>
    </p>
   </div>
   <div class='ocr_carea' id='block_1_103' title="bbox 2016 4327 3653 4419">
    <p class='ocr_par' dir='ltr' id='par_1_103' title="bbox 2016 4327 3653 4419">
     <span class='ocr_line' id='line_1_104' title="bbox 2016 4327 3653 4419; baseline 0.01 -32"><span class='ocrx_word' id='word_1_736' title='bbox 2016 4345 2182 4419; x_wconf 77' lang='lat' dir='ltr'><strong>gura,</strong></span> <span class='ocrx_word' id='word_1_737' title='bbox 2227 4327 2519 4419; x_wconf 83' lang='lat' dir='ltr'><strong>signiﬁcat</strong></span> <span class='ocrx_word' id='word_1_738' title='bbox 2563 4327 2623 4389; x_wconf 89' lang='lat' dir='ltr'><strong>id</strong></span> <span class='ocrx_word' id='word_1_739' title='bbox 2669 4329 2826 4408; x_wconf 89' lang='lat' dir='ltr'><strong>quod</strong></span> <span class='ocrx_word' id='word_1_740' title='bbox 2868 4341 3130 4395; x_wconf 80' lang='lat' dir='ltr'><strong>extrema</strong></span> <span class='ocrx_word' id='word_1_741' title='bbox 3163 4337 3214 4396; x_wconf 90' lang='lat' dir='ltr'><strong>vi</strong></span> <span class='ocrx_word' id='word_1_742' title='bbox 3249 4339 3500 4419; x_wconf 88' lang='lat' dir='ltr'><strong>quadam</strong></span> <span class='ocrx_word' id='word_1_743' title='bbox 3533 4349 3653 4403; x_wconf 85' lang='lat' dir='ltr'><strong>tra-</strong></span> 
     </span>
    </p>
   </div>
   <div class='ocr_carea' id='block_1_104' title="bbox 2017 4417 3657 4509">
    <p class='ocr_par' dir='ltr' id='par_1_104' title="bbox 2017 4417 3657 4509">
     <span class='ocr_line' id='line_1_105' title="bbox 2017 4417 3657 4509; baseline 0.01 -32"><span class='ocrx_word' id='word_1_744' title='bbox 2017 4417 2170 4480; x_wconf 91' lang='lat' dir='ltr'><strong>duce</strong></span> <span class='ocrx_word' id='word_1_745' title='bbox 2200 4417 2521 4498; x_wconf 85' lang='lat' dir='ltr'><strong>connectit,</strong></span> <span class='ocrx_word' id='word_1_746' title='bbox 2554 4419 2884 4482; x_wconf 90' lang='lat' dir='ltr'><strong>secundum</strong></span> <span class='ocrx_word' id='word_1_747' title='bbox 2931 4442 3045 4503; x_wconf 87' lang='lat' dir='ltr'><strong>qua</strong></span> <span class='ocrx_word' id='word_1_748' title='bbox 3079 4417 3280 4504; x_wconf 77' lang='lat' dir='ltr'><strong>prima</strong></span> <span class='ocrx_word' id='word_1_749' title='bbox 3303 4431 3657 4509; x_wconf 83' lang='lat' dir='ltr'><strong>posteriori-</strong></span> 
     </span>
    </p>
   </div>
   <div class='ocr_carea' id='block_1_105' title="bbox 2017 4503 3655 4592">
    <p class='ocr_par' dir='ltr' id='par_1_105' title="bbox 2017 4503 3655 4592">
     <span class='ocr_line' id='line_1_106' title="bbox 2017 4503 3655 4592; baseline 0.01 -23"><span class='ocrx_word' id='word_1_750' title='bbox 2017 4503 2132 4569; x_wconf 87' lang='lat' dir='ltr'><strong>bus</strong></span> <span class='ocrx_word' id='word_1_751' title='bbox 2163 4506 2546 4588; x_wconf 87' lang='lat' dir='ltr'><strong>providendo,</strong></span> <span class='ocrx_word' id='word_1_752' title='bbox 2575 4514 2635 4570; x_wconf 90' lang='lat' dir='ltr'><strong>et</strong></span> <span class='ocrx_word' id='word_1_753' title='bbox 2661 4512 2990 4588; x_wconf 84' lang='lat' dir='ltr'><strong>posteriora</strong></span> <span class='ocrx_word' id='word_1_754' title='bbox 3013 4503 3224 4592; x_wconf 77' lang='lat' dir='ltr'><strong>primis</strong></span> <span class='ocrx_word' id='word_1_755' title='bbox 3253 4503 3655 4586; x_wconf 80' lang='lat' dir='ltr'><strong>convertenda</strong></span> 
     </span>
    </p>
   </div>
   <div class='ocr_carea' id='block_1_106' title="bbox 2018 4603 2480 4661">
    <p class='ocr_par' dir='ltr' id='par_1_106' title="bbox 2018 4603 2480 4661">
     <span class='ocr_line' id='line_1_107' title="bbox 2018 4603 2480 4661; baseline 0.006 -3"><span class='ocrx_word' id='word_1_756' title='bbox 2018 4603 2480 4661; x_wconf 89' lang='lat' dir='ltr'><strong>connectuntur.</strong></span> 
     </span>
    </p>
   </div>
   <div class='ocr_carea' id='block_1_107' title="bbox 2103 4685 3656 4776">
    <p class='ocr_par' dir='ltr' id='par_1_107' title="bbox 2103 4685 3656 4776">
     <span class='ocr_line' id='line_1_108' title="bbox 2103 4685 3656 4776; baseline 0.011 -28"><span class='ocrx_word' id='word_1_757' title='bbox 2103 4685 2317 4748; x_wconf 85' lang='lat' dir='ltr'><strong>Verum</strong></span> <span class='ocrx_word' id='word_1_758' title='bbox 2364 4687 2483 4750; x_wconf 89' lang='lat' dir='ltr'><strong>nisi</strong></span> <span class='ocrx_word' id='word_1_759' title='bbox 2513 4689 2807 4752; x_wconf 87' lang='lat' dir='ltr'><strong>sermonis</strong></span> <span class='ocrx_word' id='word_1_760' title='bbox 2843 4691 3083 4757; x_wconf 90' lang='lat' dir='ltr'><strong>modum</strong></span> <span class='ocrx_word' id='word_1_761' title='bbox 3115 4715 3517 4776; x_wconf 65' lang='lat' dir='ltr'><strong>quaereremus</strong></span> <span class='ocrx_word' id='word_1_762' title='bbox 3546 4709 3656 4775; x_wconf 83' lang='lat' dir='ltr'><strong>(sa-</strong></span> 
     </span>
    </p>
   </div>
   <div class='ocr_carea' id='block_1_108' title="bbox 2016 4777 3653 4867">
    <p class='ocr_par' dir='ltr' id='par_1_108' title="bbox 2016 4777 3653 4867">
     <span class='ocr_line' id='line_1_109' title="bbox 2016 4777 3653 4867; baseline 0.01 -29"><span class='ocrx_word' id='word_1_763' title='bbox 2016 4777 2186 4839; x_wconf 91' lang='lat' dir='ltr'><strong>tietas</strong></span> <span class='ocrx_word' id='word_1_764' title='bbox 2203 4777 2360 4839; x_wconf 90' lang='lat' dir='ltr'><strong>enim</strong></span> <span class='ocrx_word' id='word_1_765' title='bbox 2393 4777 2666 4846; x_wconf 88' lang='lat' dir='ltr'><strong>dictionis</strong></span> <span class='ocrx_word' id='word_1_766' title='bbox 2688 4780 2930 4844; x_wconf 89' lang='lat' dir='ltr'><strong>inimica</strong></span> <span class='ocrx_word' id='word_1_767' title='bbox 2962 4793 3051 4847; x_wconf 88' lang='lat' dir='ltr'><strong>est</strong></span> <span class='ocrx_word' id='word_1_768' title='bbox 3074 4787 3484 4867; x_wconf 67' lang='lat' dir='ltr'><strong>auditoribnsl,</strong></span> <span class='ocrx_word' id='word_1_769' title='bbox 3520 4794 3653 4855; x_wconf 87' lang='lat' dir='ltr'><strong>sin-</strong></span> 
     </span>
    </p>
   </div>
   <div class='ocr_carea' id='block_1_109' title="bbox 2015 4867 3655 4959">
    <p class='ocr_par' dir='ltr' id='par_1_109' title="bbox 2015 4867 3655 4959">
     <span class='ocr_line' id='line_1_110' title="bbox 2015 4867 3655 4959; baseline 0.011 -31"><span class='ocrx_word' id='word_1_770' title='bbox 2015 4867 2180 4947; x_wconf 83' lang='lat' dir='ltr'><strong>gulas</strong></span> <span class='ocrx_word' id='word_1_771' title='bbox 2209 4868 2382 4929; x_wconf 76' lang='lat' dir='ltr'><strong>etiam</strong></span> <span class='ocrx_word' id='word_1_772' title='bbox 2405 4867 2748 4931; x_wconf 88' lang='lat' dir='ltr'><strong>animalium</strong></span> <span class='ocrx_word' id='word_1_773' title='bbox 2767 4875 3655 4959; x_wconf 84' lang='lat' dir='ltr'><strong>proprietates,omnesquecor-</strong></span> 
     </span>
    </p>
   </div>
   <div class='ocr_carea' id='block_1_110' title="bbox 2018 4958 3658 5050">
    <p class='ocr_par' dir='ltr' id='par_1_110' title="bbox 2018 4958 3658 5050">
     <span class='ocr_line' id='line_1_111' title="bbox 2018 4958 3658 5050; baseline 0.012 -34"><span class='ocrx_word' id='word_1_774' title='bbox 2018 4974 2228 5050; x_wconf 81' lang='lat' dir='ltr'><strong>porcas</strong></span> <span class='ocrx_word' id='word_1_775' title='bbox 2258 4975 2463 5050; x_wconf 85' lang='lat' dir='ltr'><strong>eorum</strong></span> <span class='ocrx_word' id='word_1_776' title='bbox 2494 4958 2745 5042; x_wconf 77' lang='lat' dir='ltr'><strong>efﬁgies,</strong></span> <span class='ocrx_word' id='word_1_777' title='bbox 2778 4963 3116 5026; x_wconf 66' lang='lat' dir='ltr'><strong>caelestibus</strong></span> <span class='ocrx_word' id='word_1_778' title='bbox 3161 4958 3475 5032; x_wconf 86' lang='lat' dir='ltr'><strong>virtutibus</strong></span> <span class='ocrx_word' id='word_1_779' title='bbox 3519 4989 3658 5050; x_wconf 87' lang='lat' dir='ltr'><strong>pro-</strong></span> 
     </span>
    </p>
   </div>
   <div class='ocr_carea' id='block_1_111' title="bbox 2019 5046 3659 5128">
    <p class='ocr_par' dir='ltr' id='par_1_111' title="bbox 2019 5046 3659 5128">
     <span class='ocr_line' id='line_1_112' title="bbox 2019 5046 3659 5128; baseline 0.013 -21"><span class='ocrx_word' id='word_1_780' title='bbox 2019 5046 2559 5127; x_wconf 86' lang='lat' dir='ltr'><strong>portionequadam</strong></span> <span class='ocrx_word' id='word_1_781' title='bbox 2575 5050 3150 5117; x_wconf 87' lang='lat' dir='ltr'><strong>dictisdissimilibus</strong></span> <span class='ocrx_word' id='word_1_782' title='bbox 3164 5046 3659 5128; x_wconf 80' lang='lat' dir='ltr'><strong>similitudinibus</strong></span> 
     </span>
    </p>
   </div>
   <div class='ocr_carea' id='block_1_112' title="bbox 2017 5135 3660 5232">
    <p class='ocr_par' dir='ltr' id='par_1_112' title="bbox 2017 5135 3660 5232">
     <span class='ocr_line' id='line_1_113' title="bbox 2017 5135 3660 5232; baseline 0.011 -34"><span class='ocrx_word' id='word_1_783' title='bbox 2017 5135 2606 5199; x_wconf 77' lang='lat' dir='ltr'><strong>accommodaremus</strong></span> <span class='ocrx_word' id='word_1_784' title='bbox 2633 5139 3054 5218; x_wconf 86' lang='lat' dir='ltr'><strong>(dissimilibus</strong></span> <span class='ocrx_word' id='word_1_785' title='bbox 3083 5147 3348 5227; x_wconf 87' lang='lat' dir='ltr'><strong>quidem,</strong></span> <span class='ocrx_word' id='word_1_786' title='bbox 3382 5152 3660 5232; x_wconf 88' lang='lat' dir='ltr'><strong>quoniam</strong></span> 
     </span>
    </p>
   </div>
   <div class='ocr_carea' id='block_1_113' title="bbox 2017 5226 3656 5320">
    <p class='ocr_par' dir='ltr' id='par_1_113' title="bbox 2017 5226 3656 5320">
     <span class='ocr_line' id='line_1_114' title="bbox 2017 5226 3656 5320; baseline 0.011 -34"><span class='ocrx_word' id='word_1_787' title='bbox 2017 5226 2329 5320; x_wconf 72' lang='lat' dir='ltr'><strong>imagines</strong></span> <span class='ocrx_word' id='word_1_788' title='bbox 2367 5228 2704 5290; x_wconf 80' lang='lat' dir='ltr'><strong>materiales</strong></span> <span class='ocrx_word' id='word_1_789' title='bbox 2737 5230 2986 5294; x_wconf 91' lang='lat' dir='ltr'><strong>multum</strong></span> <span class='ocrx_word' id='word_1_790' title='bbox 3035 5235 3111 5297; x_wconf 88' lang='lat' dir='ltr'><strong>ab</strong></span> <span class='ocrx_word' id='word_1_791' title='bbox 3161 5238 3233 5299; x_wconf 91' lang='lat' dir='ltr'><strong>iis</strong></span> <span class='ocrx_word' id='word_1_792' title='bbox 3263 5226 3606 5320; x_wconf 69' lang='lat' dir='ltr'><strong>discrepant</strong></span> <span class='ocrx_word' id='word_1_793' title='bbox 3639 5262 3656 5319; x_wconf 89' lang='lat'><strong>;</strong></span> 
     </span>
    </p>
   </div>
   <div class='ocr_carea' id='block_1_114' title="bbox 2018 5313 3659 5410">
    <p class='ocr_par' dir='ltr' id='par_1_114' title="bbox 2018 5313 3659 5410">
     <span class='ocr_line' id='line_1_115' title="bbox 2018 5313 3659 5410; baseline 0.01 -33"><span class='ocrx_word' id='word_1_794' title='bbox 2018 5313 2514 5410; x_wconf 77' lang='lat' dir='ltr'><strong>similitudinibus</strong></span> <span class='ocrx_word' id='word_1_795' title='bbox 2542 5325 2763 5410; x_wconf 84' lang='lat' dir='ltr'><strong>tamen,</strong></span> <span class='ocrx_word' id='word_1_796' title='bbox 2785 5321 2956 5399; x_wconf 82' lang='lat' dir='ltr'><strong>juxta</strong></span> <span class='ocrx_word' id='word_1_797' title='bbox 2985 5335 3278 5404; x_wconf 82' lang='lat' dir='ltr'><strong>cognitam</strong></span> <span class='ocrx_word' id='word_1_798' title='bbox 3311 5313 3659 5410; x_wconf 80' lang='lat' dir='ltr'><strong>allegoriam</strong></span> 
     </span>
    </p>
   </div>
   <div class='ocr_carea' id='block_1_115' title="bbox 2024 5403 3661 5500">
    <p class='ocr_par' dir='ltr' id='par_1_115' title="bbox 2024 5403 3661 5500">
     <span class='ocr_line' id='line_1_116' title="bbox 2024 5403 3661 5500; baseline 0.009 -33"><span class='ocrx_word' id='word_1_799' title='bbox 2024 5403 2548 5500; x_wconf 73' lang='lat' dir='ltr'><strong>etconvenientem</strong></span> <span class='ocrx_word' id='word_1_800' title='bbox 2575 5407 2768 5500; x_wconf 78' lang='lat' dir='ltr'><strong>rebus</strong></span> <span class='ocrx_word' id='word_1_801' title='bbox 2786 5403 3106 5493; x_wconf 87' lang='lat' dir='ltr'><strong>propositis</strong></span> <span class='ocrx_word' id='word_1_802' title='bbox 3134 5403 3463 5500; x_wconf 60' lang='lat' dir='ltr'><strong>anagogen}</strong></span> <span class='ocrx_word' id='word_1_803' title='bbox 3497 5439 3661 5500; x_wconf 89' lang='lat' dir='ltr'><strong>:pos-</strong></span> 
     </span>
    </p>
   </div>
   <div class='ocr_carea' id='block_1_116' title="bbox 2024 5494 3664 5588">
    <p class='ocr_par' dir='ltr' id='par_1_116' title="bbox 2024 5494 3664 5588">
     <span class='ocr_line' id='line_1_117' title="bbox 2024 5494 3664 5588; baseline 0.01 -31"><span class='ocrx_word' id='word_1_804' title='bbox 2024 5513 2348 5588; x_wconf 77' lang='lat' dir='ltr'><strong>semusque</strong></span> <span class='ocrx_word' id='word_1_805' title='bbox 2396 5494 2598 5559; x_wconf 90' lang='lat' dir='ltr'><strong>dicere</strong></span> <span class='ocrx_word' id='word_1_806' title='bbox 2629 5496 2703 5588; x_wconf 89' lang='lat' dir='ltr'><strong>de</strong></span> <span class='ocrx_word' id='word_1_807' title='bbox 2731 5497 2970 5564; x_wconf 92' lang='lat' dir='ltr'><strong>illorum</strong></span> <span class='ocrx_word' id='word_1_808' title='bbox 3005 5494 3346 5588; x_wconf 67' lang='lat' dir='ltr'><strong>iracundia,</strong></span> <span class='ocrx_word' id='word_1_809' title='bbox 3368 5494 3537 5570; x_wconf 75' lang='lat' dir='ltr'><strong>illam</strong></span> <span class='ocrx_word' id='word_1_810' title='bbox 3566 5528 3664 5572; x_wconf 83' lang='lat' dir='ltr'><strong>es-</strong></span> 
     </span>
    </p>
   </div>
   <div class='ocr_carea' id='block_1_117' title="bbox 2025 5583 3668 5676">
    <p class='ocr_par' dir='ltr' id='par_1_117' title="bbox 2025 5583 3668 5676">
     <span class='ocr_line' id='line_1_118' title="bbox 2025 5583 3668 5676; baseline 0.009 -30"><span class='ocrx_word' id='word_1_811' title='bbox 2025 5602 2089 5646; x_wconf 91' lang='lat' dir='ltr'><strong>se</strong></span> <span class='ocrx_word' id='word_1_812' title='bbox 2113 5583 2436 5676; x_wconf 83' lang='lat' dir='ltr'><strong>spiritalem</strong></span> <span class='ocrx_word' id='word_1_813' title='bbox 2469 5587 2767 5666; x_wconf 86' lang='lat' dir='ltr'><strong>quamdan</strong></span> <span class='ocrx_word' id='word_1_814' title='bbox 2799 5590 3242 5676; x_wconf 86' lang='lat' dir='ltr'><strong>fortitudinem,</strong></span> <span class='ocrx_word' id='word_1_815' title='bbox 3282 5583 3415 5659; x_wconf 40' lang='lat'><strong>[&#39;49</strong></span> <span class='ocrx_word' id='word_1_816' title='bbox 3437 5617 3570 5659; x_wconf 91' lang='lat' dir='ltr'><strong>cum</strong></span> <span class='ocrx_word' id='word_1_817' title='bbox 3595 5615 3668 5660; x_wconf 88' lang='lat' dir='ltr'><strong>ea</strong></span> 
     </span>
    </p>
   </div>
   <div class='ocr_carea' id='block_1_118' title="bbox 2024 5673 3673 5768">
    <p class='ocr_par' dir='ltr' id='par_1_118' title="bbox 2024 5673 3673 5768">
     <span class='ocr_line' id='line_1_119' title="bbox 2024 5673 3673 5768; baseline 0.007 -30"><span class='ocrx_word' id='word_1_818' title='bbox 2024 5693 2143 5738; x_wconf 94' lang='lat' dir='ltr'><strong>non</strong></span> <span class='ocrx_word' id='word_1_819' title='bbox 2173 5673 2427 5757; x_wconf 84' lang='lat' dir='ltr'><strong>simplex</strong></span> <span class='ocrx_word' id='word_1_820' title='bbox 2465 5676 2541 5738; x_wconf 87' lang='lat' dir='ltr'><strong>sit</strong></span> <span class='ocrx_word' id='word_1_821' title='bbox 2567 5677 2756 5741; x_wconf 86' lang='lat' dir='ltr'><strong>virtus</strong></span> <span class='ocrx_word' id='word_1_822' title='bbox 2800 5682 3035 5765; x_wconf 67' lang='lat' dir='ltr'><strong>animas,</strong></span> <span class='ocrx_word' id='word_1_823' title='bbox 3067 5684 3132 5746; x_wconf 90' lang='lat' dir='ltr'><strong>in</strong></span> <span class='ocrx_word' id='word_1_824' title='bbox 3175 5673 3384 5750; x_wconf 84' lang='lat' dir='ltr'><strong>eodem</strong></span> <span class='ocrx_word' id='word_1_825' title='bbox 3430 5705 3673 5768; x_wconf 88' lang='lat' dir='ltr'><strong>semper</strong></span> 
     </span>
    </p>
   </div>
   <div class='ocr_carea' id='block_1_119' title="bbox 3285 5863 3356 5923">
    <p class='ocr_par' dir='ltr' id='par_1_119' title="bbox 3285 5863 3356 5923">
     <span class='ocr_line' id='line_1_120' title="bbox 3285 5863 3356 5923; baseline -0.014 0"><span class='ocrx_word' id='word_1_826' title='bbox 3285 5863 3356 5923; x_wconf 69' lang='grc'><strong>12</strong></span> 
     </span>
    </p>
   </div>
  </div>
