4150 6158
465 371 584 442 363

1645 369 1705 434 S.
1751 365 2095 438 DIONYSII
2137 355 2648 434 AREOPAGITIE

3728 355 3844 434 364

455 517 610 574 statu
667 507 1074 592 permanentis
1129 508 1249 570 sive
1296 506 1563 587 jucunda
1590 505 1714 568 sive
1741 505 1928 567 tristia
1949 504 2108 567 inci-

2193 515 2252 570 16
2296 509 2468 594 αὖτὸ,
2505 515 2644 588 μήτε
2698 527 2816 578 τοῖς
2863 512 3008 582 ἡδέσι
3069 515 3466 594 χαυνουμένης,
3531 515 3670 590 μήτε
3724 521 3840 582 τοὶς

459 599 623 680 dant,
647 605 712 662 ut
743 618 937 680 neque
957 597 1241 678 jucundis
1292 595 1472 659 rebus
1508 595 1883 669 dissolvatur,
1917 612 2112 674 neque

455 689 728 752 tristibus
775 688 1110 769 dejiciatur,
1153 686 1325 766 cujus
1381 685 1747 748 fortitudinis
1800 683 2111 745 iracundia

457 779 752 860 quoddam
782 787 1112 840 extremum
1147 789 1237 838 est
1262 776 1598 854 vestigium.
1631 777 1818 838 Porro
1843 774 2109 835 dicamus

458 868 739 949 primum,
801 865 1100 948 quomodo
1150 865 1464 927 iracundia
1509 883 1615 943 pro
1650 863 2016 937 fortitudine,
2051 869 2110 923 et

456 975 578 1018 non
609 975 714 1039 pro
745 957 861 1020 alia
886 956 1108 1018 virtute
1140 954 1340 1036 aliqua
1380 953 1732 1034 accipiatur.
1780 952 2106 1017 Sciendum

457 1055 579 1108 tres
625 1065 758 1108 esse
782 1047 999 1108 animae
1056 1046 1385 1123 portiones,
1415 1043 1770 1105 rationalem
1804 1041 2110 1119 videlicet,

455 1135 822 1198 irascibilem
867 1145 924 1196 et
967 1133 1503 1214 concupiscibilem
1541 1155 1556 1211 ;
1593 1143 1655 1194 et
1683 1140 1942 1213 quatuor
1971 1148 2109 1192 esse

453 1223 702 1287 virtutes
723 1225 1065 1302 originales,
1099 1223 1330 1285 scilicet
1358 1223 1761 1303 prudentiam.
1803 1219 2105 1282 fortitudi-

456 1332 619 1387 nem,
645 1314 1099 1393 temperantiam
1129 1322 1187 1374 et
1230 1313 1544 1392 justitiam.
1580 1309 1961 1390 Unaquaeque
1991 1310 2104 1370 ita-

455 1420 576 1480 que
625 1403 812 1466 virtus
852 1402 1177 1483 quamlibet
1221 1401 1434 1463 anima;
1480 1401 1812 1481 portionem
1848 1409 2018 1460 ornat
2051 1407 2108 1459 et

453 1491 673 1571 dirigit,
686 1492 999 1573 prudentia
1019 1490 1682 1566 rationalem,fortitudo
1713 1488 2099 1568 irascibilem,

453 1582 848 1662 temperantia
870 1581 1654 1662 concupiscibilem;justitia
1675 1595 1815 1651 vero
1836 1597 2100 1639 commu-

2194 602 2455 682 λυπηροῖς
2513 603 2949 671 καταπιπτοόσης
3010 620 3024 634 ⁸
3084 606 3297 680 ᾗστινος
3382 609 3480 671 τῆς
3539 602 3748 683 ἀνδρίας
3810 607 3839 661 6

2191 695 2352 766 θυμὸς
2382 691 2614 772 ἔσχατόν
2647 691 2786 748 ἐστιν
2817 693 3117 773 ἀπήχημα.
3169 692 3336 750 Ἀλλά
3385 699 3594 772 πρῶτον
3661 692 3839 750 εἴπω-

2193 803 2316 860 μεν,
2343 788 2456 846 πῶς
2501 783 2563 838 τὸ
2605 779 2875 855 θυμοειδὲς
2934 802 3007 846 εις
3078 779 3286 860 ἀνδρίαν
3343 780 3840 863 παραλαμϐάνεται,

2193 873 2279 926 καὶ
2333 873 2427 927 οὐκ
2483 871 2555 936 εἷς
2634 868 2803 938 ἄλλήν
2891 872 3008 928 τινὰ
3072 872 3289 949 ἀρετὴν.
3369 870 3670 952 Ἰσθέον,ὃτι
3728 872 3844 950 τρία

2194 960 2330 1037 μέρη
2376 961 2473 1016 εἶσὶ
2526 963 2624 1028 τῆς
2679 964 2890 1038 ψυχῆς,
2936 961 3172 1038 Αογιαόν,
3222 962 3465 1040 θυμικὸν,
3525 962 3615 1018 καὶ
3655 963 3843 1018 ἓπιθυ-

2195 1051 2423 1123 μητικὸν
2457 1067 2474 1084 ⁶
2536 1050 2626 1105 καὶ
2682 1047 2926 1127 τέσσαρες
3000 1051 3204 1128 γενικαὶ
3287 1051 3500 1131 ἀρεταὶ,
3561 1053 3840 1130 φρόνησις,

2192 1137 2393 1218 ἀνδρία,
2455 1140 2770 1218 σωφροσύνη
2830 1141 2918 1196 καὶ
2976 1137 3305 1207 δικαιοσύνη.
3358 1141 3460 1198 Μία
3489 1142 3657 1197 τοίνυν
3708 1140 3839 1196 ἐκά-

2191 1250 2290 1295 στη
2323 1234 2425 1286 τῶν
2457 1229 2658 1304 ἀρετῶν
2691 1228 2914 1286 ἕκαστον
2974 1228 3133 1307 μέρος
3190 1235 3288 1297 τῆς
3333 1230 3522 1310 ψυχῆς
3553 1229 3753 1286 κοσμεῖ
3783 1251 3841 1285 τε

2192 1319 2277 1372 καὶ
2308 1319 2530 1395 εὐθετεῖ,
2579 1319 2612 1384 ἡ
2656 1318 2906 1396 φρόνησις
2953 1319 3014 1373 16
3044 1318 3279 1395 Λογικὸν,
3342 1321 3376 1386 ἡ
3429 1315 3603 1396 ἀνδρία
3635 1317 3715 1396 ~16
3743 1319 3841 1373 θυ-

2192 1399 2374 1472 μικὸν,
2407 1399 2441 1466 ἡ
2478 1394 2791 1476 σωφροσύνη
2850 1399 2911 1453 16
2971 1396 3352 1472 ὲπιθομητικὸν
3386 1414 3400 1428 ⁸
3465 1400 3500 1466 ἡ
3526 1394 3598 1452 ἠδὲ
3628 1394 3841 1454 δικαιο-

2194 1487 2325 1554 σύνη
2361 1489 2515 1554 κοινὴ
2546 1492 2706 1543 πᾶσιν
2770 1488 2938 1544 ἔστιν.
2970 1485 3122 1544 ”Οτε
3155 1487 3254 1564 γὰρ
3297 1489 3330 1555 ὴ
3363 1487 3458 1560 μὲν
3491 1486 3743 1567 φρόνησις
3780 1487 3842 1543 16

2187 1574 2401 1654 λογικόν
2436 1589 2654 1650 κοσμεῖ.
2685 1577 2720 1644 ἦ
2752 1574 2806 1630 δὲ
2832 1573 3007 1652 ἀνδρία
3049 1578 3109 1632 16
3165 1578 3406 1650 θ.›μικὸν,
3444 1578 3474 1644 ἡ
3539 1575 3592 1632 δὲ
3624 1597 3840 1656 σωφρο-

455 1670 552 1732 nis
581 1679 670 1732 est
699 1669 1253 1743 omnibus.Quando
1279 1670 1438 1731 enim
1471 1668 1784 1752 prudentia
1811 1667 2102 1729 rationem

2193 1671 2316 1734 συνη
2368 1669 2430 1723 16
2491 1666 2898 1746 ἱπιθυμητικὸν,
2973 1664 3186 1730 δικαίως
3219 1667 3337 1723 τότε
3382 1669 3410 1724 6
3443 1667 3710 1746 ἄνθρωπος
3743 1689 3840 1723 πο-

456 1769 650 1833 ornat,
700 1759 980 1822 fortitudo
1024 1768 1222 1822 autem
1267 1759 1662 1838 iracundiam,
1712 1759 2104 1838 temperenlia

2193 1754 2470 1836 λιτεύεται,
2531 1757 2619 1812 καὶ
2675 1753 2875 1817 δίκαιος
2933 1754 2995 1814 ἅν
3053 1754 3285 1832 λέγοιτο,
3349 1756 3579 1819 Εἰκότως
3638 1758 3728 1814 οὖν
3780 1756 3844 1812 τὸ

455 1867 594 1912 vero
626 1850 1197 1931 concupiscentiam,
1219 1857 1358 1911 tunc
1392 1849 1568 1912 homo
1591 1867 1660 1910 ex
1685 1846 1917 1927 justitia
1943 1845 2102 1924 regi-

2193 1847 2410 1918 θυμικὸν
2452 1847 2524 1911 εἰς
2565 1845 2663 1912 τὴν
2705 1851 3009 1918 κοσμοῦσαν
3058 1848 3185 1903 αὐτὸ
3234 1843 3441 1924 ἀνδρίαν
3485 1842 3841 1922 μεταλαμϐα-

455 1947 641 2014 tur,et
670 1948 862 2018 Justus
892 1939 1013 2002 dici
1046 1939 1250 2019 possit.
1277 1939 1688 2017 Meritojgitur
1736 1936 2104 1998 iracundiam

2193 1957 2354 1996 νοιτο.
2383 1935 2693 2014 Ἀπήχημα
2723 1932 2779 1990 δέ
2807 1933 2950 1990 ἐστιν
2975 1933 3204 2014 ἔσχατον
3229 1936 3256 1990 6
3278 1938 3442 2010 θτμὸς
3475 1934 3571 2003 τῆς
3603 1933 3841 2014 ἀνδρίας,

452 2029 925 2108 accipereliceat
956 2046 1058 2108 pro
1111 2028 1454 2090 fortitudine
1504 2046 1636 2110 qua
1681 2027 1872 2107 ipsam
1905 2036 2101 2088 ornat.

456 2118 555 2181 Sic
597 2135 735 2179 vero
766 2117 855 2179 ira
883 2117 1158 2179 ultimum
1219 2117 1531 2196 vestigium
1584 2125 1673 2178 est
1716 2113 2102 2194 fortitudinis,

457 2205 596 2287 quia
619 2207 706 2268 ira
727 2215 816 2268 est
843 2207 1113 2287 quaedam
1147 2205 1420 2268 ebullitio
1451 2206 1756 2284 sanguinis
1775 2205 1934 2269 circa
1958 2223 2099 2283 prae.

455 2296 684 2370 cordia,
709 2315 778 2359 ex
809 2297 1070 2376 appetitu
1105 2295 1401 2360 vindictae.
1439 2295 1736 2377 Corporea
1767 2295 1970 2374 itaque
2004 2294 2106 2355 irae

458 2391 826 2461 materia,est
846 2386 1084 2464 sanguis
1116 2386 1216 2466 qui
1239 2386 1397 2447 circa
1433 2385 1762 2466 praecordia
1793 2383 2105 2459 est;forma

453 2492 596 2537 vero
619 2473 902 2554 spiritalis
918 2483 975 2536 et
998 2475 1472 2554 incorporea,est
1492 2474 1792 2555 appetitus
1804 2473 2103 2542 vindictae;

455 2563 770 2628 irascibilis
800 2573 998 2625 antem
1035 2563 1222 2644 portio
1251 2564 1487 2639 animm,
1523 2582 1660 2645 pars
1703 2571 1793 2626 est
1821 2563 2032 2624 anima:
2050 2570 2107 2623 et

453 2653 834 2735 incorporea.
868 2652 1177 2716 Fortitudo
1232 2653 1411 2732 igitur
1440 2701 1454 2726 ,
1493 2673 1626 2715 cum
1663 2653 1901 2716 habitus
1943 2652 2019 2712 sit
2049 2659 2107 2712 et

454 2743 663 2818 virtus,
704 2742 1194 2823 irascibilemque
1242 2752 1468 2804 motum
1521 2742 1760 2804 ordinet
1803 2749 1863 2804 et
1905 2751 2100 2820 ornet,

455 2832 705 2895 minime
735 2831 1018 2893 transfert
1045 2833 1207 2893 illum
1241 2832 1313 2893 ad
1344 2833 1605 2913 aliquem
1642 2831 1977 2905 mollitiem,
2003 2841 2107 2891 aut

456 2922 625 3003 quasi
653 2941 688 2983 a
705 2931 914 2983 natura
937 2921 1178 2983 abducit
1203 2939 1217 2985 :
1246 2921 1403 2982 unde
1417 2922 1595 2983 etiam
1627 2921 1769 2982 sinit
1788 2921 1956 2981 illum
1978 2938 2108 3000 pro-

458 3009 709 3093 prietate
723 3028 831 3071 sua
849 3011 1372 3079 uti,verumtamen
1390 3011 1761 3084 decenter,et
1775 3015 2105 3088 nteportet.

456 3099 690 3179 Accipit
715 3095 1111 3173 materiam,id
1136 3107 1227 3159 est
1251 3100 1600 3178 sanguinem
1628 3097 2104 3180 praecordialem,

454 3188 1018 3286 vultqueeﬂo_rmare
1030 3189 1352 3286 appetitum
1367 3189 1685 3286 quemdam
1707 3189 1909 3286 utilem
1925 3206 1991 3286 ac
2007 3187 2106 3286 de-
2123 3234 2167 3286 ο

457 3277 828 3355 centem,qui
845 3278 1185 3340 fortitudine
1209 3277 1552 3359 regatur,ad
1574 3295 1670 3339 res
1691 3278 1891 3340 tristes
1911 3277 2106 3356 despi-

455 3368 700 3430 ciendas
712 3377 768 3428 et
771 3367 1072 3447 jucundas
1093 3367 1652 3446 contemnendas,in
1665 3367 1872 3428 arduis
1891 3367 2110 3448 perdu-

457 3456 1060 3536 rando,passionibus
1091 3456 1586 3536 moderando,res
1609 3457 1888 3518 honestas
1919 3474 2107 3517 aemu-

458 3546 657 3626 lando,
682 3564 779 3607 res
808 3562 1014 3625 pravas
1037 3545 1352 3622 abolendo,
1373 3563 1576 3607 verum
1602 3547 1835 3607 hostem
1864 3544 2111 3626 propul-

458 3636 667 3708 sando,
692 3652 822 3714 quae
864 3633 1065 3713 utique
1122 3634 1345 3714 omnia,
1380 3634 1493 3695 nisi
1526 3633 1750 3697 circum
1783 3635 2110 3716 praecordia

459 3724 700 3802 sanguis
720 3723 1546 3801 elfervesceretmequaquam
1575 3725 1841 3803 profecto
1864 3741 2109 3785 succes-

459 3831 590 3875 sum
604 3820 833 3874 rectum
852 3813 1222 3874 sortirentur.
1238 3812 1359 3874 Hoc
1391 3813 1549 3874 enim
1566 3824 1625 3876 et
1641 3814 1817 3876 David
1833 3815 1914 3874 ait
1943 3834 1956 3876 :
1985 3813 2111 3874 Ac-

459 3911 642 3970 cendit
668 3927 754 3968 me
779 3912 932 3968 Zelus
950 3918 1105 3967 tutu"
1132 3909 1374 3968 eI:Zetus
1393 3911 1589 3967 domus
1609 3917 1716 3968 tuae
1736 3913 1959 3970 comedit
1978 3931 2061 3971 me
2091 3922 2115 3953 ι

459 3993 616 4056 Ecce
637 3992 1166 4074 itaque,proposita
1185 3995 1430 4054 materia
1447 3993 1775 4056 secundum
1800 3997 1926 4057 haec
1941 3998 2113 4061 eil‘or-

463 4091 642 4157 mata,
673 4081 936 4163 quaedam
967 4081 1084 4144 alia
1126 4082 1360 4162 species
1385 4081 1702 4159 subintrat,
1753 4103 1968 4164 nempe
1998 4107 2110 4169 ap-

465 4172 686 4254 petitus
701 4171 1063 4234 vindictaezet
1085 4172 1239 4252 quod
1259 4171 1331 4232 ad
1363 4171 1772 4235 fortitudinem
1797 4174 2104 4260 dirigitur,

463 4263 530 4324 ﬁt
575 4261 899 4324 iracundia.
948 4262 1263 4340 Sanguinis
1295 4263 1451 4324 enim
1497 4261 1789 4324 fervorem
1835 4265 2117 4331 informat

464 4353 781 4432 appetitus,
810 4351 914 4412 sed
946 4350 1005 4412 in
1037 4351 1154 4413 alio
1208 4353 1463 4432 quodam
1497 4351 1773 4413 dissimili
1807 4375 1824 4426 ;
1875 4365 2117 4436 propter

466 4439 623 4519 quod
655 4439 745 4501 ira
773 4439 991 4502 dicitur
1021 4440 1747 4521 extremumLfortitudinis
1772 4443 2113 4527 vestigium,

2192 2024 2329 2080 οὕτω
2364 2045 2376 2056 ’
2438 2026 2600 2098 θυμός
2667 2023 2777 2080 ἐστι
2847 2023 2987 2095 ζέσις
3051 2025 3143 2080 τοῦ
3199 2022 3534 2103 περικαρδίου
3580 2023 3840 2104 αἵματος,

2192 2115 2319 2190 πρὸς
2377 2111 2542 2189 ὄρεξιν
2601 2111 3028 2183 ἀντιλυπήσεως.
3104 2110 3309 2170 ’Ἔστιν
3379 2116 3466 2169 οὖν
3525 2115 3617 2170 τοῦ
3675 2113 3842 2189 θυμοῦ

2190 2202 2289 2267 ὕλη
2343 2203 2441 2277 μὲν
2523 2210 2804 2278 σωματικη
2863 2204 2923 2259 τὸ
2971 2200 3304 2281 περικαρδιον
3367 2203 3531 2278 αἷμα⁶
3594 2201 3741 2265 εἶδος
3785 2202 3840 2258 δὲ

2193 2295 2424 2372 ψυχικὸν
2471 2294 2558 2349 καὶ
2619 2293 2905 2364 ἀσώματον
2947 2293 2983 2360 ἦ
3024 2290 3189 2369 ὄρεξις
3241 2297 3338 2359 τῆς
3385 2291 3782 2363 ἀντιλυπήσεως
3822 2311 3834 2325 ·

2188 2385 2248 2439 τὸ
2278 2382 2330 2437 δὲ
2358 2383 2584 2458 Θυμικὸν
2613 2387 2710 2449 τῆς
2741 2381 2937 2458 ψυχῆς,
2990 2381 3148 2460 μέρος
3179 2381 3361 2461 ψυχῆς
3412 2382 3523 2439 ἐστι
3555 2384 3644 2439 καὶ
3687 2383 3840 2440 ἀσώ-

2189 2495 2379 2546 ματον.
2428 2469 2493 2528 Ἠ
2544 2471 2632 2528 οὖν
2672 2470 2870 2551 ἀνδρία.
2920 2469 3023 2536 ἕξις
3085 2471 3169 2526 καὶ
3231 2471 3394 2548 ἀρετὴ
3451 2471 3604 2550 οὖσα,
3657 2474 3746 2528 καὶ
3777 2473 3840 2528 16

2187 2563 2413 2636 θυμικὸν
2458 2561 2720 2618 τάττουσα
2748 2561 2839 2616 καὶ
2893 2567 3187 2634 κοσμοῦσα,
3221 2560 3279 2617 οὗ
3311 2558 3634 2635 μεταϐάλλει
3677 2569 3840 2618 τοῦτο

2191 2654 2317 2728 πρὸς
2350 2649 2726 2726 μάλοακὸτητά
2769 2672 2908 2730 τινα,
2967 2651 3055 2706 καὶ
3087 2654 3205 2706 οἷον
3236 2657 3341 2714 τῶς
3374 2653 3577 2730 φυσεῶς
3633 2649 3836 2724 ὶξιστᾷ’

2187 2741 2302 2797 ὀΌεν
2335 2742 2420 2796 καὶ
2463 2740 2647 2818 ἀφίησι
2748 2739 2892 2795 τοῦτο
2948 2745 3016 2815 τῇ
3073 2739 3237 2810 οἰκείᾳ
3296 2738 3517 2808 ἰδιότητὶ
3575 2745 3836 2819 χρῆσθαι,

2195 2829 2332 2896 πλὴν
2364 2831 2739 2906 προσηκόντως
2801 2829 2886 2884 καὶ
2945 2830 3020 2892 ὡς
3078 2826 3186 2888 δεῖ.
3237 2826 3506 2904 Λαμῦάνει
3539 2831 3636 2897 τὴν
3679 2829 3835 2904 ὕλῆν,

2191 2923 2252 2978 16
2296 2919 2634 3000 περικάρδιον
2705 2917 2910 2988 δηλαδὴ
2969 2924 3131 2994 αἷμα,
3192 2920 3334 2977 Θέλει
3392 2919 3722 2991 εἷῖοποιῆσαι
3767 2929 3836 2998 τῇ

2191 3010 2370 3089 ἀνδρίᾳ
2445 3007 2803 3086 διοικούμενον
2881 3009 3045 3089 ὅρεξίν
3129 3032 3246 3066 τινα
3326 3010 3699 3087 προσήκουσαν
3753 3013 3843 3068 καὶ

2191 3098 2466 3179 ἐπωρελῆ,
2525 3101 2922 3179 καταφρονῆσαι
2981 3099 3260 3176 λυπηρῶν,
3312 3099 3575 3178 ἀλογῆσαι
3641 3099 3836 3184 ἡδέων,

2190 3194 2508 3268 καρτερῆσαι
2554 3189 2758 3265 δεινῶν,
2821 3188 3248 3270 ἐμφιλοσοφῆοαι
3302 3203 3422 3254 τοϊς
3480 3191 3690 3265 πάθεσι,
3735 3198 3839 3264 ζη-

2192 3279 2359 3337 λῶσαι
2429 3281 2560 3357 πρὸς
2621 3279 2685 3335 τά
2749 3277 2908 3359 καλὰ,
2967 3284 3351 3358 παραζηλῶσαι
3409 3281 3541 3360 πρὸς
3580 3281 3646 3337 τὰ
3673 3284 3850 3366 κακὰ,

2191 3371 2477 3446 ἀμύνασθαι
2528 3370 2618 3426 τὸν
2663 3367 2826 3432 ὅντως
2858 3367 3119 3446 πολέμιον
3153 3389 3169 3406 ο
3201 3368 3234 3424 ἀ
3293 3368 3357 3439 δὴ
3412 3370 3609 3444 πάντα,
3671 3373 3714 3428 εἰ
3763 3376 3852 3449 μὴ

2193 3458 2332 3516 ἔστιν
2390 3461 2425 3526 ἡ
2483 3460 2603 3537 περὶ
2657 3457 2759 3525 τὴν
2832 3456 3046 3536 καρδίαν
3103 3462 3324 3535 αἳματος
3387 3460 3550 3540 ζέσις,
3627 3463 3723 3520 οὒκ
3785 3463 3853 3520 ἄν

2195 3547 2505 3608 εὖοδιυθεῖεν
2546 3553 2749 3612 ποσῶς.
2784 3555 2952 3606 Τοῦτο
2981 3549 3081 3628 γὰρ
3138 3548 3166 3604 8
3226 3550 3317 3606 καὶ
3367 3551 3395 3606 6
3443 3547 3602 3607 Δαϐὶδ
3643 3549 3791 3631 λέγει
3833 3570 3849 3586 ⁸

2195 3638 2482 3702 Ἐξάκαυσέ
2540 3658 2605 3714 με
2677 3639 2704 3693 6
2790 3636 2951 3708 ζῆλὸς
3033 3659 3126 3694 σου
3199 3655 3215 3670 ·
3274 3639 3360 3695 καὶ
3419 3641 3446 3695 ὁ
3529 3638 3693 3710 ζῆλος
3749 3650 3853 3700 τοῦ

2195 3726 2348 3786 οἴκου
2415 3733 2509 3784 σοῦ
2578 3726 2843 3806 κατέφαγέ
2913 3747 3005 3801 με,
3087 3725 3220 3785 Ἰδοὺ
3278 3729 3689 3807 γοῦν,κειμένης
3739 3733 3847 3800 τῆς

2195 3817 2325 3884 ὕλης
2381 3815 2923 3891 εἶδοποιηθησομένης
2997 3817 3133 3874 κατὰ
3181 3825 3370 3899 ταῦτα,
3450 3819 3739 3899 ὑπέρχεταί
3795 3846 3848 3881 τι

2197 3905 2372 3980 ἕτερον
2430 3903 2596 3980 εἶδος,
2646 3908 2681 3974 ἡ
2715 3907 2812 3972 τῆς
2843 3904 3244 3977 ἀντιλυπήσεως
3276 3907 3441 3988 ὄρεξις
3477 3927 3494 3945 ⁶
3541 3911 3630 3966 καὶ
3673 3911 3735 3967 16
3773 3915 3854 3978 εἷς

2197 3994 2403 4075 ἀνδρίαν
2461 3995 2900 4072 οἶκονομούμενον
2953 3997 3117 4072 θυμὸς
3153 3997 3376 4076 γίνεται,
3431 3996 3694 4056 Εἱδοποιεϊ
3741 4002 3852 4080 γὰρ

2195 4087 2293 4154 τὴν
2347 4085 2488 4157 ζέσιν
2539 4093 2632 4144 τοῦ
2687 4085 2919 4160 αἵματος
2973 4087 3008 4154 ἡ
3065 4084 3250 4164 ὀρεξὶς,
3312 4084 3434 4144 ἀλλ’
3467 4090 3520 4144 ὲν
3550 4087 3697 4164 ἄλλῳ
3740 4097 3863 4153 τινὶ

2195 4175 2574 4256 ἀπεμςραίνοντι
2610 4193 2623 4209 ·
2683 4172 2766 4231 διὰ
2823 4177 2976 4232 τοῦτο
3046 4174 3312 4255 λέγεταιὸ
3341 4178 3504 4253 θυμὸς
3557 4178 3853 4259 ἀπήχημα

2199 4267 2299 4333 τῆς
2329 4263 2563 4344 ἀνδρίας,
2606 4267 2678 4329 ὡς
2732 4263 2792 4322 ἄν
2841 4287 2921 4332 τις
2953 4265 3100 4323 εἴποι
3159 4266 3337 4346 φωνῆς
3366 4267 3643 4348 ἀπήχημα
3674 4270 3858 4352 ἦχον,

2199 4355 2277 4431 μὴ
2309 4353 2438 4434 ἕχον
2466 4355 2528 4410 τὸ
2549 4352 2701 4419 τέλος
2731 4353 2828 4421 τῆς
2864 4360 3068 4434 φωνῆς’
3116 4356 3273 4420 τέλος
3303 4357 3402 4436 γὰρ
3434 4359 3612 4436 φῶνῆς
3645 4360 3706 4414 τὸ
3738 4381 3860 4428 ση-

2199 4451 2360 4519 μᾶναι
2420 4466 2494 4506 τι.
2553 4443 2703 4501 Οὕτω
2763 4445 2850 4501 καὶ
2931 4446 3152 4502 ἐνταῦθα
3206 4447 3347 4517 ζέσις
3449 4445 3708 4528 αἵματος,
3765 4449 3857 4524 μὴ

469 4529 609 4591 150
639 4546 709 4589 ac
752 4527 802 4588 si
850 4533 986 4605 quis
1060 4538 1392 4591 extremum
1452 4529 1613 4592 vocis
1665 4531 1976 4611 vestigium
2009 4553 2109 4596 vo-

2203 4533 2401 4615 ἔχουσα
2430 4533 2519 4589 '16
2569 4533 2789 4589 οἰκεῖον
2857 4531 3007 4592 τέλος
3052 4532 3129 4610 δὲ,
3181 4540 3285 4591 πᾶν
3360 4534 3581 4613 ἀγαθὸν,
3667 4527 3858 4602 καθὼς

468 4625 564 4681 cet
659 4603 924 4698 sonum,
986 4635 1119 4679 cum
1175 4619 1332 4681 vocis
1416 4620 1593 4681 finem
1659 4638 1776 4681 non
1815 4603 2042 4685 habeat
2099 4645 2109 4691 :

2201 4603 2389 4697 καὶτῷ
2444 4613 2800 4701 Ἀριστοτέλει
2857 4620 3029 4686 δοκεῖ,
3092 4603 3234 4704 lisz
3265 4622 3320 4681 δὲ
3377 4603 3439 4681 16
3499 4603 3676 4701 τέλος,
3711 4627 3755 4683 εἰ
3785 4629 3862 4684 16

464 4726 602 4770 nam
633 4706 794 4769 vocis
823 4705 958 4768 finis
1003 4716 1093 4769 est
1123 4708 1423 4788 quidpiam
1478 4708 1840 4788 signiﬁcare.
1896 4710 2109 4774 Eodem

2198 4713 2334 4770 κατὰ
2356 4713 2454 4780 τὴν
2485 4711 2691 4790 ἀνδρίαν
2745 4710 2892 4777 εἶδος
2937 4710 3302 4788 ἀπελάμϐανε,
3359 4716 3447 4771 καὶ
3483 4714 3662 4782 καλῶς
3724 4715 3865 4774 ἐκι-

465 4797 642 4860 modo
669 4798 765 4860 hic
791 4796 991 4858 fervor
1023 4798 1346 4877 sanguinis,
1378 4815 1512 4862 cum
1542 4819 1659 4860 non
1692 4799 1908 4862 habeat
1933 4803 2109 4864 linem

2201 4816 2346 4860 νεττο
2393 4801 2574 4881 πρὸςὸ
2632 4801 2824 4881 ἐχρῆν,
2886 4804 2973 4859 καὶ
3002 4805 3075 4868 ὡς
3138 4801 3265 4867 ἔδει,
3341 4803 3504 4863 Πάλιν
3533 4805 3632 4873 τὴν
3665 4805 3871 4868 ἐπιθυο

465 4888 773 4969 proprium
811 4906 827 4964 ;
860 4886 995 4948 linis
1023 4895 1226 4950 autem
1260 4888 1410 4969 ejus,
1441 4896 1531 4949 est
1556 4907 1735 4950 omne
1770 4889 2014 4966 bonum,
2050 4896 2109 4954 ui

2202 4893 2324 4968 μίαν
2383 4891 2612 4972 εἴχομεν
2669 4889 2850 4956 ἀνάξαι
2911 4893 2983 4957 εἷς
3039 4895 3182 4951 θεῖον
3214 4892 3404 4974 ἔρωτα,
3443 4895 3543 4951 Διά
3584 4896 3634 4951 τί
3664 4894 3720 4952 δὲ
3753 4899 3871 4957 οὒκ

463 4977 774 5040 Aristoteli
793 4975 1235 5057 placet.Habuit
1257 4978 1456 5054 itaque
1481 4978 1746 5053 linem,si
1767 4997 1799 5040 a
1819 4979 2109 5043 fortitudi-

2201 4984 2274 5046 εἰς
2307 4979 2671 5061 σωφροσύνην,
2718 4982 2790 5044 ὡς
2838 4982 2926 5038 καὶ
2969 4983 3030 5038 16
3085 4985 3306 5059 Θυμικὸν
3335 4984 3408 5047 εὶς
3458 4983 3558 5052 τῆν
3589 4983 3864 5064 ἀνδρίανς

463 5084 542 5158 ne
561 5065 809 5127 formam
837 5067 1228 5158 acceperit,et
1254 5067 1504 5132 honeste
1521 5067 1594 5129 ad
1627 5068 1686 5130 id
1702 5068 1858 5149 quod
1884 5079 2109 5152 oporte-

2199 5072 2280 5127 ὃτι
2338 5072 2398 5127 16
2457 5071 2555 5145 μὲν
2610 5071 2830 5146 θυμικὸν
2879 5072 2940 5128 οὗ
2992 5071 3123 5148 πρός
3179 5093 3231 5129 τι
3285 5069 3518 5151 λέγεταιο
3587 5071 3873 5158 οὐδὲγὰρ

465 5155 587 5233 bat,
609 5163 670 5218 et
689 5173 762 5217 ea
777 5174 908 5236 quae
925 5157 1174 5219 decebat
1194 5158 1424 5220 ratione
1450 5166 1607 5220 mota
1629 5158 1829 5220 fuerit.
1857 5160 2112 5224 Rursum

2198 5159 2409 5239 λέγεταί
2457 5181 2599 5224 τινος
2684 5162 2994 5238 πράγματος
3053 5160 3270 5237 θυμικόν
3317 5181 3332 5197 ο
3389 5161 3506 5219 ὃθεν
3565 5166 3654 5220 καὶ
3727 5169 3874 5224 καθ’

463 5243 850 5333 cupiditatem
883 5245 954 5306 ad
983 5245 1245 5308 divinum
1279 5266 1544 5311 amorem
1603 5248 1893 5310 reducere
1922 5249 2109 5312 debe-

2199 5252 2324 5308 αὐτὸ
2350 5251 2409 5308 ’ὃν
2467 5252 2539 5314 εἷς
2599 5250 2697 5322 τήν
2750 5248 2956 5328 ἀνδρίαν
3016 5248 3390 5328 μετεϐιϐάζετο
3416 5253 3717 5333 ,ἀρκούσης
3744 5260 3872 5327 τῆς

2199 5342 2389 5422 ἀρετῆς
2423 5343 2496 5406 εὶς
2527 5341 2625 5412 τήν
2668 5340 2860 5398 τούτου
2919 5341 3229 5420 ἀναγωγήνο
3290 5339 3433 5398 τὸδὲ
3463 5346 3874 5422 ἐπιθυμητικὸν

2199 5431 2326 5510 πρὸς
2383 5452 2434 5488 τι
2500 5427 2712 5508 λέγεται
2788 5428 3033 5512 ἐραστὸν,
3090 5432 3120 5486 ‘6
3177 5432 3265 5489 καὶ
3322 5430 3702 5508 ἐπιθυμητικὸν
3767 5434 3877 5493 λέ.

2196 5542 2370 5600 γεται,
2422 5519 2484 5577 Ὀ
2540 5521 2665 5600 γοῦν
2718 5521 3015 5602 χρησίμου,
3075 5521 3404 5599 ὶπιθυμητοῦ
3449 5524 3537 5581 καὶ
3626 5522 3882 5604 ἐραστοῦ

464 5330 850 5414 mus.thuid
865 5342 1058 5396 autem
1087 5354 1204 5397 non
1223 5337 1295 5398 ad
1323 5337 1956 5419 temperantiam,sicut
1989 5339 2112 5401 ira-

463 5423 734 5483 cundiam
752 5422 823 5480 ad
859 5424 1254 5482 fortitudinem
1283 5423 1311 5478 ?
1338 5427 1469 5498 quia
1508 5429 1782 5484 nimirum
1818 5429 2116 5488 iracundia

463 5533 583 5580 non
614 5513 829 5583 dicitur
857 5513 930 5576 ad
951 5514 1406 5598 aliquid,neque
1429 5517 1589 5579 enim
1621 5517 1843 5581 dicitur
1861 5519 2114 5601 alicujus

549 5713 573 5754 ν
599 5704 752 5769 Psal.
781 5721 1025 5771 Lxxvui.
1059 5707 1098 5770 ὅ
1181 5717 1205 5747 κ
1239 5703 1395 5772 Psal.
1428 5721 1632 5786 vam,
1667 5705 1764 5768 10.
