4150 6158
459 25 894 38 i_______._

260 469 362 544 365

641 473 740 542 DE
781 471 1133 543 CCELESTI
1176 470 1678 556 HIERARCHIA,
1726 467 1890 538 CAP.
1939 466 2074 540 XV.
2129 507 2206 521 --
2269 463 2648 537 PARAPHR.
2695 467 3212 540 PACHYMERE.

3514 475 3630 542 366

259 616 514 690 ἐπιθυμῶν
569 614 791 693 σώφρων
818 612 880 669 ἂν
931 613 1166 692 λέγοιτο,
1202 614 1288 670 καὶ
1329 613 1451 670 ὅσον
1481 613 1589 670 ἐστὶ
1648 614 1708 669 τὸ
1761 612 1883 668 ἐπι-

1989 613 2057 672 ’θί
2083 609 2396 673 iracundia
2415 613 2442 669 ?
2467 609 2625 674 unde
2652 627 2786 671 cum
2815 612 3141 674 secundum
3175 631 3241 674 se
3271 612 3368 688 sit,
3399 613 3472 674 ad
3500 610 3625 674 for-

259 706 481 780 θυμητὸν
524 703 756 779 ὑψηλὸν,
789 705 1034 760 τοσοῦτον
1069 703 1274 778 μᾶλλον
1319 703 1544 782 σώφρων
1573 702 1803 765 ἐκεῖνος.
1837 700 1896 758 Ti

262 792 307 849 δὲ
333 803 426 852 τοῦ
463 794 600 850 οείου
629 792 824 872 ἔρωτος
877 792 1213 871 ὑψηλότερον
1249 812 1266 869 ς
1299 792 1462 857 οὕτως
1521 793 1750 872 εἴχομεν
1794 789 1894 847 λὲο

262 905 363 960 γειν
395 887 482 939 καὶ
512 883 629 961 περὶ
659 882 868 943 τούτου.
919 883 1016 940 Καὶ
1072 881 1256 947 ἁπλῶς
1307 884 1503 952 εἶπεῖν,
1549 881 1758 944 ἅπάσᾶς
1802 881 1895 943 τὰς

263 974 513 1043 αἰσθήσεις
554 992 614 1028 τε
671 973 758 1028 καὶ
800 970 1156 1050 πολυμερείας
1209 978 1315 1028 τῶν
1360 970 1572 1050 ἀλόγων
1616 971 1767 1042 ζώων
1823 972 1896 1034 εἷς

260 1063 343 1124 τὰς
397 1061 582 1126 ἀύλους
636 1058 882 1136 δυνάμεις
958 1058 1353 1136 μεταϐιϐάζειν,
1416 1063 1501 1116 καὶ
1556 1061 1768 1138 ἀνάγειν
1824 1060 1897 1123 εἷς

259 1154 312 1207 τὸ
351 1148 571 1214 ἑνοειδές
619 1153 708 1207 καὶ
766 1149 964 1207 ἁπλοῦν
1009 1151 1076 1206 τὰ
1120 1151 1361 1208 σύνθετα·
1397 1149 1516 1206 ἀλλ’
1559 1151 1727 1230 ἀρχετ
1777 1152 1896 1211 τοῖς

260 1241 530 1320 ἐχέφροσιν
583 1239 642 1297 οὐ
691 1249 856 1298 ταῦτα
902 1240 1065 1314 μόνον
1099 1239 1286 1319 (ταῦτα
1344 1241 1442 1318 γὰρ
1492 1240 1624 1303 ἴσως
1677 1237 1893 1317 πολλὰ),

261 1328 385 1384 ἀλλὰ
429 1330 516 1386 καὶ
579 1335 706 1402 μιᾶς
753 1330 953 1392 εἰκόνος
1013 1329 1292 1408 ἀναγωγὴ,
1354 1329 1418 1396 ἥν
1484 1351 1642 1409 φησιν
1697 1328 1895 1386 ἀνακάο

260 1423 445 1498 θαρσιν,
493 1421 567 1482 ὡς
598 1421 728 1498 πρὸς
787 1420 848 1475 τὸ
894 1417 1123 1482 ἑνοειδὲς
1175 1419 1534 1497 ἀναγομένην,
1569 1419 1657 1475 καὶ
1706 1419 1898 1484 νοητὸν

266 1510 312 1564 ἐν
363 1516 437 1584 τῷ
498 1509 593 1577 τῆς
650 1508 835 1573 ὑλικῆς
908 1508 1189 1588 ἐμφερεὶας
1256 1508 1690 1586 ἀποκαθαίρεταιο
1745 1508 1900 1587 ἀρκεῖ

265 1608 375 1674 γοῦν
432 1600 518 1654 καὶ
563 1604 688 1673 μιᾶς
719 1597 919 1660 εἰκόνος
965 1600 1317 1677 ἀνακάθαρσις
1376 1600 1462 1655 καὶ
1506 1599 1579 1662 εἰς
1638 1598 1738 1666 τὴν
1795 1602 1900 1652 τῶν

267 1691 456 1746 λοιπῶν
499 1685 845 1767 διασάφησιν,

1981 699 2293 764 titudinem
2345 699 2657 781 translata,
2695 708 2806 780 est,
2840 701 2997 782 quod
3050 701 3301 764 sufﬁciat
3333 700 3533 763 virtuti
3563 710 3624 763 ut

1978 789 2052 851 ad
2073 789 2231 851 hanc
2252 790 2598 864 reducatur;
2622 790 3114 868 concupiscentia
3138 798 3334 852 autem
3365 791 3627 853 refertur

1979 879 2052 941 ad
2076 878 2302 956 aliquid
2327 878 2607 954 amabile,
2639 879 2792 960 quod
2819 888 2876 941 et
2897 881 3218 961 appetibile
3240 882 3478 945 dicitur.
3512 879 3624 953 Qui

1982 969 2178 1049 itaque
2200 985 2326 1029 rem
2353 967 2584 1049 utilem,
2607 967 2994 1049 appetibilem
3029 977 3088 1031 et
3118 969 3434 1031 amabilem
3476 989 3626 1032 con-

1983 1058 2251 1137 cupiscit,
2287 1068 2630 1137 temperans
2656 1058 2776 1118 dici
2803 1058 3011 1137 possit;
3037 1068 3094 1120 et
3121 1068 3338 1138 quanto
3364 1077 3462 1122 res
3493 1078 3626 1136 quae

1981 1148 2283 1227 appetitur
2301 1145 2616 1207 sublimior
2638 1147 2856 1215 existit,
2883 1155 3043 1208 tanto
3068 1166 3302 1228 quoque
3323 1150 3452 1228 ipse
3479 1159 3630 1210 tum-

1982 1236 2306 1317 perantior.
2343 1235 2494 1308 Quid
2527 1244 2721 1298 autem
2773 1235 2980 1297 divino
3028 1255 3232 1298 amore
3262 1238 3628 1300 sublimius?

1981 1325 2106 1388 haec
2127 1325 2325 1406 itaque
2349 1325 2425 1386 de
2454 1324 2548 1387 his
2571 1324 2841 1386 diximus.
2870 1327 2962 1406 Et,
2991 1327 3343 1406 simpliciter
3365 1328 3619 1408 loquen-

1982 1415 2081 1489 do,
2108 1432 2419 1495 possemus
2440 1413 2711 1477 omnium
2733 1414 3122 1476 animantium
3149 1417 3393 1478 rationis
3415 1435 3623 1498 exper-

1983 1505 2134 1565 tium
2166 1513 2226 1565 et
2252 1522 2464 1565 sensus
2486 1512 2545 1566 et
2569 1505 2752 1565 multa
2797 1504 3066 1567 membra
3096 1507 3165 1566 ad
3201 1506 3625 1570 immateriales

1984 1593 2118 1656 illas
2140 1595 2383 1655 virtutes
2417 1593 2763 1668 transferre,
2799 1602 2857 1656 et
2881 1612 2949 1656 ea
2980 1613 3110 1675 quae
3132 1595 3462 1675 composita
3491 1604 3627 1657 sunt

1985 1683 2058 1744 ad
2090 1684 2550 1746 uniformitatem
2574 1683 3137 1765 simplicitatemque
3165 1685 3501 1761 traducere;
3525 1687 3629 1748 sed

271 1775 654 1856 prudentibus
683 1795 801 1838 non
834 1777 961 1838 haec
989 1776 1183 1839 solum
1219 1777 1346 1858 (qur
1366 1777 1521 1839 niam
1575 1777 1699 1838 haec
1733 1775 1886 1837 forte
1918 1775 2124 1854 multa)
2173 1779 2312 1834 satis
2343 1782 2503 1846 sunt,
2554 1790 2753 1834 verum
2788 1773 2968 1835 etiam
3000 1775 3090 1836 vel
3122 1775 3297 1835 unius
3358 1775 3632 1855 imaginis

265 1883 538 1945 anagoge,
571 1883 746 1946 quam
779 1867 1152 1946 ἀνακάθχρσιν,
1190 1885 1298 1929 seu
1328 1868 1842 1947 empurgationem
1887 1872 2119 1938 vocant,
2173 1873 2233 1924 ut
2262 1881 2396 1944 quae
2423 1863 2497 1924 ad
2531 1863 2994 1925 uniformitatem
3027 1864 3305 1939 adducat,
3344 1873 3403 1925 et
3446 1865 3629 1926 intel-

267 1953 482 2032 ligendi
511 1955 852 2016 facultatem
897 1955 960 2016 in
991 1956 1284 2019 materiali
1316 1953 1714 2018 similitudine
1746 1953 2020 2034 puriﬁcat
2055 1969 2065 2028 ;
2101 1953 2192 2016 vel
2225 1953 2408 2015 unius
2435 1951 2636 2034 itaque
2686 1952 2962 2031 imaginis
2993 1952 3324 2015 enucleatio
3346 1953 3419 2016 ad
3451 1962 3630 2016 caete-

263 2061 451 2106 rarum
487 2063 726 2124 quoque
770 2043 1222 2125 explicationem
1255 2047 1396 2109 satis
1426 2054 1542 2109 est.

549 2135 564 2156 ί
860 2136 870 2154 7
971 2134 994 2152 λ
1145 2139 1159 2160 \
1255 2137 1279 2156 ν
1507 2139 1520 2155 \
1827 2137 1841 2155 κ

338 2133 484 2212 §IX.
572 2142 935 2193 Επισκεπτεον
967 2137 1021 2191 οὲ
1074 2159 1163 2193 και
1216 2137 1409 2218 ταλλα,
1443 2160 1564 2200 τους
1614 2158 1902 2212 σιτοταμουςΙ

2071 2132 2100 2213 §
2131 2131 2229 2198 IX.
2266 2131 2554 2196 Caeterum
2589 2131 3024 2194 consideranda
3048 2151 3286 2215 quoque
3317 2143 3454 2196 sunt
3482 2135 3627 2198 reli-

261 2226 499 2288 καὶτοὺς
557 2226 816 2304 τροχοὺς,
854 2226 938 2282 καὶ
994 2226 1060 2282 τὰ
1111 2227 1420 2303 συνημμένα
1461 2239 1585 2291 ταῖς
1644 2225 1903 2303 οὐρανίαις

260 2315 448 2379 οὗσξαις
509 2314 746 2391 ἅρματα,
812 2318 872 2373 Oi
928 2316 1026 2391 μὲν
1091 2317 1178 2372 οὖν
1242 2317 1483 2395 ἐμπόριοι
1527 2318 1757 2392 ποταμοὶ
1809 2316 1902 2378 τὰς

253 2405 535 2483 θεαρχικὰς
595 2404 923 2480 πλημμύρας
996 2407 1476 2482 ὑποσημαίνουσιν,
1527 2406 1750 2486 ἄφθονον
1815 2406 1902 2461 καὶ

257 2493 625 2559 ἂνεξάλειπτον
709 2493 956 2572 ἐπιῤῥοὴν
1001 2494 1358 2571 βραϐευούσας
1442 2511 1566 2559 ταῖς
1640 2495 1899 2575 οὐρανίαις

253 2580 555 2662 δυνάμεσιν.
620 2583 770 2641 Ἐπεί
811 2582 865 2638 δὲ
908 2589 1169 2656 ζωοποιὸν
1213 2589 1274 2642 τὸ
1315 2593 1418 2666 πῦρ
1478 2587 1646 2656 ἐστιν,
1680 2589 1738 2644 οὒ
1785 2583 1899 2640 καθ’

255 2672 281 2726 ὃ
348 2679 478 2748 πῦρ,
549 2671 689 2729 ἀλλὰ
749 2671 868 2730 καθ’
927 2675 955 2730 ὃ
1025 2677 1217 2752 θερμὸν
1285 2677 1374 2732 καὶ
1429 2675 1666 2753 θρετικόν
1737 2673 1902 2754 ἐστιν,

253 2761 380 2817 εἰσὶν
441 2764 769 2818 αἱτοιαῦται
825 2765 967 2819 θεῖαι
1011 2762 1325 2842 πλημμύραι
1383 2766 1470 2820 καὶ
1525 2764 1772 2836 ζωοποιοὶ
1820 2764 1908 2820 καὶ

251 2853 528 2928 θρεπτικαὶ
568 2856 668 2918 τῆς
700 2857 806 2908 τῶν
858 2851 1104 2932 ἀγγέλων
1158 2854 1536 2932 γονιμότητος.
1570 2855 1645 2911 Τὰ
1700 2853 1909 2932 ἅρματα

251 2941 348 3010 τὴν
419 2942 675 3019 συζυγίαν
743 2941 834 2998 καὶ
889 2944 948 2998 τὸ
1010 2945 1348 3004 κοινωνικόν.
1411 2944 1510 3001 Καὶ
1579 2944 1628 2998 τί
1699 2945 1798 3022 γὰρ
1847 2942 1909 2998 ἃν

250 3028 394 3107 λέγοι
445 3053 532 3093 τις
567 3035 725 3085 τοῦτο
782 3028 868 3086 ἐπ’
904 3029 1123 3096 ἐκείνοις
1167 3030 1300 3089 ὅπου
1344 3034 1429 3090 καὶ
1487 3030 1538 3086 ἐν
1598 3033 1732 3106 ἡμῖν
1783 3033 1909 3096 φαί-

250 3141 392 3176 νεται
432 3139 450 3195 ;
500 3117 845 3192 Συμϐολικὸν
903 3120 1062 3196 οἶμαι
1120 3123 1207 3178 καὶ
1260 3128 1415 3179 τοῦτο
1461 3127 1562 3188 τῆς
1609 3125 1908 3186 κοινωνίας.

250 3207 336 3265 δύο
392 3223 607 3290 χεῖρας
639 3207 848 3288 ἔχουσι,
882 3212 972 3266 καὶ
1002 3208 1090 3267 δύο
1132 3211 1399 3291 ῥώθωνας,
1432 3213 1519 3268 καὶ
1562 3209 1650 3268 δύο
1707 3210 1904 3290 ὀφθαλ-

246 3299 401 3378 μοὺς,
437 3301 534 3356 καὶ
591 3295 680 3354 δύο
729 3300 866 3375 ὦτα,
914 3301 1001 3358 καὶ
1059 3298 1147 3358 δύο
1204 3298 1390 3375 πόδας,
1445 3302 1530 3357 καὶ
1574 3299 1754 3369 διττὴν
1808 3308 1912 3358 τῶν

1989 2241 2126 2302 qua,
2148 2223 2290 2301 quid
2317 2222 2430 2283 sibi
2457 2222 2639 2284 velint
2663 2222 2930 2303 ﬂumina,
2957 2230 3122 2303 rotae,
3157 2231 3217 2284 et
3241 2242 3474 2299 currus,
3501 2243 3632 2305 qua;

1988 2312 2328 2374 caelestibus
2357 2311 2636 2374 essentiis
2669 2312 2985 2393 conjuncta
3009 2313 3417 2393 perhibentur.
3457 2316 3633 2393 Ignea

1989 2401 2239 2482 proinde
2265 2401 2508 2462 ﬂumina
2537 2400 2768 2462 divinos
2799 2404 2956 2463 rivos
2985 2403 3311 2480 declarant,
3346 2422 3478 2484 qua;
3513 2404 3633 2465 lar-

1985 2509 2121 2568 gum
2170 2508 2616 2571 perennemque
2662 2491 2885 2551 ﬂuxum
2933 2492 3276 2553 coelestibus
3325 2494 3635 2555 virtutibus

1987 2581 2389 2662 suppeditant.
2430 2581 2578 2642 Cum
2637 2589 2836 2642 autem
2893 2580 3049 2657 ignis
3081 2583 3157 2643 sit
3187 2581 3474 2664 viviﬂcus,
3512 2602 3629 2644 non

1988 2671 2229 2751 quidem
2253 2671 2313 2730 in
2336 2679 2618 2750 quantum
2647 2669 2798 2747 ignis
2828 2677 2937 2744 est,
2984 2670 3088 2730 sed
3121 2670 3180 2730 in
3209 2682 3492 2750 quantum
3525 2689 3630 2732 ca—

1990 2759 2146 2821 lidus
2175 2768 2232 2822 et
2262 2760 2578 2820 nutritivus
2639 2758 2858 2834 existit,
2921 2758 3105 2820 divini
3161 2779 3399 2841 quoque
3453 2769 3628 2823 aestus

1993 2849 2332 2913 istiusmodi
2374 2858 2548 2930 atque
2578 2847 2998 2909 inundationes
3034 2849 3325 2911 viviiicant
3354 2850 3532 2911 simul
3564 2869 3632 2913 ac

1996 2939 2266 3001 nutriunt
2296 2938 2714 2999 fecunditatem
2745 2937 3115 3014 angelorum.
3145 2942 3370 3001 Currus
3401 2939 3631 3018 signiﬁ-

1995 3035 2131 3091 cant
2153 3028 2499 3090 eorumdem
2523 3027 3004 3107 conjunctionem
3027 3046 3096 3089 ac
3125 3030 3632 3091 communionem.

1995 3117 2419 3181 Verumtamen
2451 3117 2662 3198 quidni
2706 3117 2781 3178 de
2829 3116 2948 3178 illis
2976 3117 3268 3198 quispiam
3303 3118 3363 3178 id
3395 3119 3632 3192 dixerit,

1994 3226 2132 3269 cum
2163 3215 2221 3268 et
2250 3207 2308 3267 in
2353 3206 2524 3267 nobis
2549 3207 2661 3267 hoc
2685 3213 2998 3286 appareat?
3025 3205 3177 3278 Quin
3210 3218 3268 3269 et
3298 3207 3444 3268 illud
3478 3228 3633 3288 quo-

1996 3316 2111 3378 que
2137 3295 2468 3377 symbolum
2502 3296 2944 3357 communionis
2969 3295 3266 3370 existimo,
3297 3297 3454 3378 quod
3488 3300 3633 3358 duas

241 3385 472 3444 όδόντων
539 3389 634 3445 καὶ
662 3388 771 3444 τῶν
830 3387 1060 3468 χειλέων
1091 3388 1316 3471 πλάσιδ,
1350 3392 1438 3446 καὶ
1481 3390 1675 3470 τᾶλλα,
1711 3390 1803 3446 ἵνα
1835 3392 1902 3467 μὶ

1999 3405 2208 3447 manus
2239 3386 2518 3460 habeant,
2552 3396 2612 3447 et
2644 3385 2789 3444 duas
2824 3402 3020 3457 nares,
3057 3395 3112 3445 et
3145 3387 3292 3446 duos
3321 3391 3546 3465 oculos,
3575 3399 3634 3450 et

241 3469 355 3534 καθ’
411 3478 654 3535 ἕκαστον
699 3475 1073 3557 διατρίϐωμεν,
1149 3483 1209 3537 0i
1267 3469 1322 3536 δὲ
1386 3483 1596 3560 τροχοὶ,
1649 3469 1764 3537 ἐπεὶ
1821 3483 1902 3537 καῖ

1999 3477 2143 3537 duas
2173 3493 2369 3550 aures,
2407 3483 2467 3536 et
2495 3473 2643 3534 duos
2677 3474 2881 3553 pedes,
2922 3472 3048 3533 151
3088 3481 3147 3535 et
3187 3475 3485 3554 duplicem
3513 3484 3632 3535 tam

237 3570 528 3648 πτερωτοὶ,
590 3569 681 3624 καί
739 3569 825 3624 ἐπὶ
875 3568 940 3624 τὰ
969 3569 1264 3649 ἔμπροσθεν
1318 3568 1546 3632 ἀκλινῶς
1607 3571 1908 3649 πορευόμε-

237 3680 337 3738 νοι,
369 3659 473 3727 τὴν
516 3657 752 3733 δύναμιν
801 3655 1043 3724 δηλοῦσι·
1099 3661 1160 3715 τὸ
1189 3659 1290 3737 γὰρ
1334 3660 1431 3726 τὴν
1485 3661 1615 3738 πρὸς
1645 3659 1707 3716 τό
1751 3659 1909 3716 δύνα-

236 3771 320 3822 μιν
366 3745 703 3809 ἀποδοτέον,
736 3748 804 3803 τὰ
848 3744 893 3802 δ’
950 3746 1086 3804 ἄλλα
1129 3747 1213 3804 διὰ
1272 3747 1456 3824 μέσου,
1504 3751 1612 3816 Τὴν
1655 3747 1909 3825 δύναμιν·

235 3838 406 3894 τοὶνυν
469 3835 713 3904 δηλοῠσι
757 3838 856 3903 τῆς
889 3836 1007 3894 κατ’
1043 3840 1249 3894 εὐθεῖαν
1297 3836 1435 3913 ὁδοῦ,
1468 3840 1557 3895 καὶ
1599 3839 1769 3917 ὄρθιον
1813 3847 1910 3908 τῆς

235 3927 567 4007 πορευτικῆς
638 3925 812 3982 αὐτῶν
873 3926 1162 4005 ἐνεργείας.
1226 3931 1347 3992 Πῶς
1404 3926 1459 3983 δὲ
1529 3935 1616 3985 και
1686 3928 1912 4000 κυκλική

1991 3566 2258 3627 dentium
2293 3582 2468 3643 quam
2506 3561 2798 3623 labiorum
2831 3561 3127 3638 ordinem,
3163 3571 3222 3626 et
3267 3575 3501 3640 caetera,
3557 3582 3633 3624 ne

1991 3654 2242 3735 singulis
2271 3655 2686 3715 immoremur.
2739 3651 2901 3714 Rotae
2942 3663 3309 3734 autem,cum
3361 3665 3635 3734 pennata;

1992 3745 2112 3808 sint
2135 3753 2193 3806 et
2225 3744 2301 3805 ud
2325 3744 2622 3805 anteriora
2653 3743 2783 3804 sine
2811 3743 3132 3804 inﬂexione
3162 3747 3483 3825 procedunt
3513 3749 3634 3808 vir-

1998 3844 2178 3897 tutem
2213 3835 2495 3898 denotant
2521 3855 2533 3897 :
2561 3851 2696 3894 nam
2721 3833 3004 3894 articulus
3034 3834 3129 3902 τήν
3152 3835 3226 3894 ad
3243 3844 3519 3898 Virtutem
3540 3855 3634 3899 re—

1997 3924 2282 3988 ferendus
2315 3933 2423 3999 est,
2457 3932 2668 3986 caetera
2690 3942 2827 3984 vero
2867 3923 3222 3984 intermedia
3248 3927 3633 3989 sunt.Virtu-

239 4019 324 4074 καὶ
379 4015 506 4073 κατ’
543 4019 764 4076 εὖθεϊαν
821 4017 857 4085 ἡ
891 4014 1007 4081 ὁδός
1041 4036 1056 4091 ;
1114 4015 1378 4090 Κυκλικὴ,
1414 4017 1500 4075 ὅτι
1540 4020 1676 4076 κατὰ
1723 4019 1914 4078 γύκλον

244 4106 634 4186 ἐπορεύοντονσ
683 4103 804 4162 κατ’
849 4109 1058 4164 εὐθεῖαν
1112 4105 1188 4181 δὲ,
1243 4107 1323 4163 ὅτι
1375 4107 1770 4190 ἆνεπιστρόφως
1827 4113 1915 4167 καὶ

249 4195 322 4252 ini
379 4197 471 4253 ἐπὶ
555 4198 626 4252 τὸ
686 4194 980 4274 ἔμπροσθεν
1039 4197 1128 4253 καὶ
1184 4197 1244 4252 οὒ
1308 4197 1438 4252 ποτὲ
1487 4197 1584 4273 μὲν
1628 4198 1916 4279 ἔμπροσθεν

245 4287 371 4344 ποτὲ
400 4284 460 4343 δὲ
527 4284 784 4360 ὄπισθεν,
818 4285 854 4352 ἢ
886 4284 968 4341 ἐπὶ
1021 4283 1160 4351 δεξιὰ
1189 4285 1225 4353 ἣ
1256 4283 1340 4341 ἐπὶ
1391 4288 1600 4366 θάτερα,
1637 4287 1721 4344 διὰ
1763 4297 1916 4348 τοῦτο

230 4377 314 4431 καὶ
343 4375 431 4432 ἐπὶ
476 4377 583 4432 τὸν
616 4374 783 4432 αὐτὸν
813 4375 901 4430 καὶ
951 4373 1195 4450 ἰθύτομον
1252 4374 1415 4450 οἶμον
1445 4377 1479 4443 ἡ
1539 4377 1706 4445 νοητὴ
1740 4379 1911 4435 αὐτῶν

229 4466 419 4547 τροχιὰ
450 4463 850 4544 ὑπερκοσμίως
881 4463 1131 4526 ἰθύνεται.

1992 4465 2227 4546 quando
2241 4463 2484 4544 quidem
2499 4461 3218 4541 antrorsum,quandoque
3249 4480 3388 4523 vero
3411 4473 3638 4525 retror-

226 4560 378 4626 sum,
419 4553 526 4614 vel
560 4553 966 4614 dextrorsum
996 4552 1087 4613 vel
1119 4553 1528 4616 sinistrorsum
1578 4575 1591 4617 :
1655 4554 1879 4618 idcirco
1921 4558 2103 4620 etiam
2134 4552 2495 4616 intellectilis
2525 4569 2732 4614 eorum
2763 4549 3049 4614 volutatio
3082 4552 3145 4613 in
3185 4554 3458 4616 eamdem
3484 4559 3636 4615 viam

222 4647 456 4704 rectam
490 4641 890 4722 arduamque
924 4644 1496 4722 supermundialiter
1521 4643 1829 4724 dirigitur.

302 4729 478 4791 ’Ἔστι
513 4732 576 4789 δὲ
612 4733 714 4788 καὶ
772 4731 892 4788 κατ’
924 4731 1096 4800 ἀλλην
1129 4734 1449 4814 ἀνακαθᾶραι
1498 4733 1785 4814 ἀναγωγὴν
1813 4737 1902 4805 τὴν.

2076 4738 2239 4799 Licet
2269 4734 2444 4797 etiam
2467 4733 2583 4794 alio
2615 4751 2793 4795 sensu
2823 4731 3142 4812 anagogico
3174 4731 3509 4796 istiusmodi
3535 4751 3600 4795 ro
3630 4772 3642 4784 -

225 4822 485 4890 τοιαύτην
545 4827 670 4878 τῶν
734 4827 950 4901 τροχῶ)
1018 4824 1219 4888 ε’κόνα,
1289 4822 1596 4894 Ἐπεκλήθη
1656 4826 1755 4904 γὰρ
1813 4829 1902 4886 αὖ.

1996 4833 2191 4888 tarum
2248 4823 2715 4904 descriptionem
2769 4822 3171 4903 interpretari.
3205 4825 3438 4887 Nomen
3479 4825 3638 4886 enim

224 4923 364 4996 ¹τοῖς,
398 4916 479 4978 ὡς
543 4915 575 4969 ὁ
629 4911 924 4989 προφήτης
983 4914 1135 4992 φησὶ,
1191 4911 1411 4991 Γελγὲλ⁰
1471 4920 1626 4970 τοῦτο
1683 4913 1738 4970 δὲ
1795 4914 1902 4972 aranti1

1997 4917 2177 4992 eis,ut
2200 4918 2281 4978 ait
2306 4914 2829 4996 propheta,Gelgel
2852 4915 3194 4994 impositum
3223 4915 3497 4994 est,quod
3517 4915 3639 4977 He-

227 4987 492 5077 Ἕϐραῖδα
577 4987 1008 5076 ἀνακυλισμούξ
1055 5003 1145 5059 καὶ
1216 4987 1569 5080 ἀνακυλύψεις
1638 5005 1902 5074 σημαίνει⁴

1996 4987 2200 5069 braico
2231 4987 2513 5067 sermone
2557 4987 2966 5067 revolutiones
2996 4987 3386 5067 revelationes
3409 5025 3526 5085 que
3557 5006 3640 5067 si-

229 5090 641 5170 ἀνακυλισμους
677 5093 781 5172 γὰρ
810 5092 999 5174 ἔχουσι
1032 5095 1098 5151 τὰ
1142 5095 1356 5172 οὒρᾶνια
1387 5101 1454 5172 τῇ
1511 5097 1630 5172 περὶ
1661 5099 1720 5152 τὸ
1777 5101 1902 5157 ταῦ-

2001 5097 2245 5176 gniﬁcat
2273 5117 2288 5156 :
2322 5094 2588 5157 coelestia
2620 5095 2781 5154 enim
2814 5093 3214 5155 revolutiones
3258 5113 3394 5156 suas
3426 5097 3646 5158 habent

231 5184 316 5240 τίιν
361 5185 572 5254 ἀγαθὸν
621 5184 926 5257 ἆεικινήτῳ
977 5187 1271 5264 συστροφῇ,
1321 5184 1680 5261 ἀδακαλύψεις
1739 5185 1793 5243 δὲ
1851 5193 1902 5264 τῇ

2005 5205 2074 5248 eo
2106 5194 2288 5266 motu,
2324 5203 2438 5265 quo
2457 5185 2683 5245 circum
2717 5184 2940 5245 bonum
2972 5185 3163 5263 ipsum
3189 5196 3471 5266 perpetua
3493 5206 3644 5248 con-

232 5279 336 5330 τῶν
393 5277 652 5357 κρυφίων
720 5272 1053 5353 ἐκφαντορίᾳ.
1119 5274 1207 5332 Ἐν
1236 5278 1282 5349 ᾧ
1336 5276 1435 5354 γὰρ
1479 5279 1523 5332 οἱ
1567 5278 1759 5357 τροχοὶ
1818 5300 1902 5335 κυ-

2003 5275 2282 5338 versione
2295 5272 3033 5348 versantur;revelationes
3063 5291 3224 5349 vero,
3253 5276 3644 5337 obscurarum

235 5363 462 5442 Αἰονται,
525 5367 602 5423 τὰ
668 5364 928 5420 ὑποκάτω
1001 5363 1484 5445 ἀνακαλύπτονται,
1535 5368 1613 5422 (αὶ
1681 5368 1746 5424 τὰ
1813 5365 1902 5424 ἄνα

2004 5385 2204 5429 rerum
2236 5362 2810 5427 manifestationeJn
2834 5374 3120 5445 quantum
3156 5365 3315 5426 enim
3347 5375 3494 5428 rotas
3516 5367 3645 5426 vol-

235 5452 378 5512 κάτω
419 5455 711 5534 γίνονται.
772 5453 1094 5533 Ἀνάγονται
1150 5454 1322 5514 τοίνυν
1377 5455 1444 5513 τὰ
1495 5455 1774 5534 περιπέζια
1821 5459 1902 5515 καῖ

1992 5468 2232 5531 vuutur,
2255 5454 2539 5516 inferiora
2567 5453 2931 5536 revelantur,
2960 5463 3020 5516 et
3042 5457 3350 5536 superiora
3376 5458 3523 5517 ﬁunt
3558 5455 3645 5516 in-

240 5543 300 5598 τὰ
357 5542 583 5624 δεύτερα
615 5542 772 5602 κατὰ
827 5544 924 5611 τὴν
958 5545 1030 5606 εἷς
1059 5546 1120 5600 τὸ
1182 5540 1339 5601 Θεϊον
1367 5544 1482 5602 καθ’
1532 5544 1754 5603 ἕκαστον
1783 5547 1902 5604 τού-

1994 5546 2236 5609 feriora.
2260 5542 2591 5606 Humiliora
2631 5543 2832 5620 itaque
2863 5552 2922 5605 et
2967 5544 3277 5616 inferiora,
3310 5544 3644 5607 secundum

243 5652 342 5692 των
401 5634 750 5715 ἀναγωγήν,
807 5634 893 5690 καὶ
949 5636 1000 5689 αἱ
1069 5632 1272 5708 ὑψηλαὶ
1327 5633 1621 5713 ἐλλάμψεις
1686 5639 1756 5704 εἰς
1815 5639 1902 5706 “riu

1996 5633 2321 5715 cujuslibet
2375 5633 2588 5695 horum
2620 5633 2696 5695 ad
2729 5634 2994 5694 divinum
3047 5632 3281 5695 Numen
3325 5633 3646 5694 adductio-

245 5722 526 5807 iqstuim-a
575 5725 653 5801 τῇ
687 5723 912 5799 προνοίᾳ
952 5719 1415 5797 καταϐιϐέζονται,

1996 5743 2162 5805 nem,
2212 5723 2540 5805 eriguntur,
2604 5731 2662 5785 et
2716 5723 3005 5785 sublimes
3056 5721 3482 5785 illustrationes
3544 5739 3652 5805 per

2003 5815 2439 5900 providentiam
2468 5813 2798 5878 remissiori
2831 5813 3018 5894 gradu
3052 5811 3466 5878 demittuntur.

1999 4024 2116 4078 tem
2149 4015 2348 4095 itaque
2377 4013 2713 4092 signiﬁcant
2743 4014 2856 4074 viae
2883 4030 3085 4087 reme,
3121 4021 3178 4074 et
3209 4015 3633 4078 rectitudinem

1999 4105 2349 4168 eorumdem
2373 4101 3078 4184 operationisQuomodo
3093 4114 3290 4164 autem
3316 4123 3522 4166 eorum
3549 4108 3637 4167 via

2000 4195 2308 4257 circularis
2339 4202 2521 4267 est,et
2568 4198 2761 4254 recta?
2783 4193 3103 4254 Circularis
3136 4196 3539 4274 est,quoniam
3572 4195 3636 4256 in

1998 4285 2248 4348 circuitu
2279 4282 2681 4358 ambulabant;
2723 4294 2886 4344 recta
2914 4299 3075 4362 vero,
3111 4282 3250 4358 quia
3282 4283 3411 4344 sine
3439 4284 3635 4345 reditu

1996 4387 2057 4438 et
2085 4392 2327 4455 semper
2355 4373 2428 4435 ad
2459 4378 2755 4433 anteriora
2788 4373 3133 4452 pergebant,
3165 4391 3283 4432 non
3303 4383 3502 4435 autem
3522 4375 3636 4434 ali—
