4150 6158
480 409 594 479 367
1001 449 1008 455 -
1651 408 1715 474 s.
1761 402 2100 474 DIONYSII
2144 400 2689 495 AREOPAGITE.
3746 400 3864 472 368

556 547 764 609 Restat
793 543 967 607 nobis
998 538 1400 606 dicendumde
1432 541 1842 624 gaudio,juxta
1875 543 2031 623 quod
2064 545 2123 605 in

2291 545 2484 608 Λοιπὸς
2534 545 2670 618 ἡμῖν
2716 545 2742 598 ὁ
2803 544 2920 621 περὶ
2967 545 3064 609 τῆς
3119 549 3295 622 χαρᾶς
3344 541 3526 621 λόγος,
3574 543 3748 606 καθὼς
3808 542 3861 598 ἐν

475 634 814 715 Evangeliis
837 635 917 695 ait
938 633 1246 696 Dominus:
1281 632 1782 710 Gaudentangeli
1803 651 1988 712 super
2009 651 2130 695 uno

2227 632 2554 711 Εὔαγγελίοις
2618 632 2778 711 φησὶν
2835 635 2862 688 ὁ
2938 633 3147 710 Κύριος·
3212 635 3489 711 Χαίρουσιν
3538 635 3584 688 οἱ
3642 629 3863 710 ἄγγελοι

473 732 781 804 peccatore
821 724 1244 805 paenitentiam
1272 730 1486 802 agente
1506 766 1550 807 ,.
1587 721 1893 795 Quodnam
1931 721 2130 802 itaque

2227 724 2299 780 ἐπὶ
2355 723 2429 779 ένὶ
2482 720 2783 800 ἁμαρτωλῷ
2845 724 3218 796 μετανοοῦντι.
3293 722 3379 782 Τίς
3435 727 3558 799 γοῦν
3626 723 3661 789 ἡ
3719 721 3864 801 χαρᾶ

475 821 567 875 est
587 813 871 893 gaudium
903 812 1280 890 angelorum?
1307 830 1500 891 neque
1524 811 1681 872 enim
1728 811 1859 891 quis
1889 811 2128 886 dixerit,

477 903 538 964 in
555 902 782 982 angelis
808 903 1129 964 humanam
1155 919 1289 964 esse
1315 900 1658 981 passibilem
1683 901 1941 980 aliquam
1961 901 2131 962 volu-

478 990 912 1072 ptatem,veluti
927 991 1245 1052 allectione
1265 991 1424 1052 circa
1440 1009 1658 1071 corpus
1674 989 1847 1052 facile
1864 990 2129 1052 mutabili

478 1079 990 1155 constantem,sed
1003 1078 1126 1143 Deo
1144 1079 1434 1142 dicuntur
1447 1079 1822 1158 congaudere
1835 1079 1910 1141 ob
1925 1098 2132 1142 eorum

478 1170 581 1250 qui
611 1169 912 1251 perierant
961 1168 1397 1243 inventionem,
1430 1170 1634 1232 divina
1661 1169 1894 1232 scilicet
1929 1169 2134 1232 delec-

478 1259 725 1340 tatione,
759 1258 1264 1340 quemadmodum
1297 1259 1360 1321 in
1391 1258 1731 1339 Evangeliis
1764 1261 2130 1341 accepimus.

477 1348 1012 1430 Proportionaliter
1041 1347 1243 1426 itaque
1267 1348 1346 1410 de
1369 1350 1598 1428 angelis
1626 1369 1842 1412 nomen
1873 1351 1982 1411 hoc
2011 1350 2135 1429 ρᾳσο

477 1441 654 1507 τώνης
685 1456 792 1500 seu
833 1437 1255 1501 oblectationis
1302 1439 1720 1519 accipiendum
1770 1440 2132 1518 θειερᾳστώιη

481 1531 639 1595 enim
654 1539 745 1593 est
768 1531 1049 1611 spiritalis
1062 1532 1335 1612 quaedam
1353 1532 1603 1595 facilitas
1623 1534 2135 1614 tranquillitasque

479 1623 540 1685 in
563 1621 762 1704 quiete
787 1621 1172 1702 passionibus
1190 1625 1706 1685 vaeante.Ponitur
1728 1631 1921 1684 autem
1955 1624 2131 1684 etiam

478 1729 584 1792 pro
615 1710 688 1771 iis
721 1711 823 1792 qui
850 1709 1122 1773 laborare
1143 1713 1486 1792 nolunt,sed
1511 1711 1922 1776 indifferenter
1943 1713 2136 1773 vivere

2215 816 2320 868 τῶν
2362 809 2650 889 ἀγγέλων;
2710 810 2768 867 οὗ
2799 811 2901 889 γὰρ
2953 810 3015 866 ἂν
3073 810 3221 867 εἴποι
3266 832 3345 874 τις
3397 811 3570 890 χαρὰν
3613 809 3699 866 ἐπὶ
3757 816 3862 866 τῶν

2215 899 2457 980 ἀγγέλων
2514 900 2658 956 εἶιναι
2716 899 2812 967 τὴν
2855 899 3069 974 ἐμπαθῆ
3128 897 3344 978 ἡδονὴν,
3392 900 3490 966 τὴν
3533 898 3865 978 ἀνθρωπίνην

2215 991 2436 1064 ταύτην,
2481 990 2555 1053 ὡς
2588 994 2653 1064 τῇ
2703 989 2820 1068 περὶ
2865 990 3021 1064 σῶμα
3067 987 3409 1063 εὖαλλοιώτῳ
3465 990 3710 1061 εὐπαθείᾳ
3736 1010 3864 1044 συν-

2219 1079 2531 1153 ισταμένην⁶
2580 1077 2718 1134 ἀλλὰ
2747 1078 3057 1158 συγχαίρειν
3103 1076 3347 1155 λέγονται
3383 1086 3459 1154 τῷ
3503 1084 3620 1153 Θεῷ
3647 1080 3715 1155 τῇ
3758 1084 3866 1135 τῶν

2219 1166 2580 1226 ἀπολωλότων
2641 1167 2864 1245 εὑρέσει,
2921 1169 3095 1232 καθὼς
3149 1168 3203 1224 ἐν
3263 1168 3601 1247 Εὖαγγελίοις
3657 1168 3868 1242 μανθά-

2220 1280 2400 1334 νομεν,
2461 1258 2599 1314 κατὰ
2658 1257 2760 1324 τὴν
2815 1255 3021 1325 θεοειδῆ
3099 1258 3394 1335 ῥᾳστώνην.
3454 1255 3756 1335 Ἀναλόγως
3809 1254 3866 1312 δὲ

2217 1347 2302 1405 ἐπὶ
2360 1346 2604 1427 ἀγγέλων
2661 1347 2881 1413 νοητέον
2933 1356 2992 1403 τὸ
3050 1354 3146 1416 τῆς
3193 1347 3469 1424 ῥᾳστῶντ,ς
3516 1345 3706 1422 ὅνομα“
3769 1345 3867 1424 ρᾳ-

2217 1438 2394 1504 στώνη
2427 1438 2524 1515 γὰρ
2559 1436 2699 1492 ἐστιν
2741 1437 2774 1504 ἡ
2840 1436 3050 1516 ψυχικὴ
3097 1436 3306 1494 εὐκολία
3363 1439 3452 1494 καὶ
3506 1436 3756 1514 εὒμάρεια
3812 1434 3868 1492 ἐν

2218 1526 2506 1583 ἀναπαύσει
2538 1525 2672 1600 μετὰ
2716 1525 2993 1588 ἀπαθείας.
3043 1528 3246 1584 Τίθεται
3292 1525 3345 1581 δὲ
3405 1525 3488 1582 ἐπὶ
3531 1525 3636 1582 τῶν
3680 1537 3868 1582 πονεῖν

2219 1617 2297 1692 μὴ
2345 1615 2704 1692 βουλομένων,
2769 1614 2888 1671 ἀλλ’
2950 1613 3244 1694 ἀῗιαφόρως
3303 1620 3397 1692 ζῇν
3458 1613 3748 1690 ἑλομένων,
3782 1616 3871 1671 καὶ

2220 1707 2466 1779 σημαίνει
2525 1707 2560 1772 ἡ
2605 1703 2742 1770 λέξις
2799 1705 2860 1760 τὸ
2921 1706 3138 1784 εὒχερὲς
3184 1706 3270 1761 καὶ
3327 1706 3422 1762 οὒκ
3462 1704 3733 1761 ἒπίπονον·
3783 1702 3871 1759 ἐπὶ

481 1800 1144 1880 eligunt,signiﬁcatque
1167 1800 1293 1862 haec
1326 1801 1509 1863 dictio
1543 1801 1602 1862 id
1634 1801 1794 1882 quod
1843 1801 2015 1862 facile
2049 1808 2138 1862 est

2227 1794 2272 1852 δὲ
2307 1801 2410 1851 τῶν
2455 1792 2695 1872 ἀγγέλων
2745 1795 2806 1850 τὸ
2850 1795 3108 1874 μακάριον
3155 1797 3240 1852 καὶ
3287 1795 3486 1860 ἀπαθὲς
3529 1795 3618 1851 καὶ
3659 1792 3876 1872 ἀόχλη-

480 1898 539 1952 et
569 1889 815 1952 minime
843 1890 1232 1953 laboriosum:
1268 1891 1331 1952 in
1360 1890 1588 1970 angelis
1636 1880 1837 1954 autem
1873 1891 2138 1952 insinuat

2227 1908 2308 1942 τον
2359 1885 2652 1965 ὑποφαίνει,
2710 1891 2783 1939 Συ
2800 1887 3073 1964 ίχαίρουσι
3147 1894 3271 1962 γοῦν
3328 1883 3465 1941 κατᾶ
3510 1883 3609 1951 τὴν
3667 1880 3872 1949 θεοειδῆ

480 1979 719 2042 beatum
736 1988 792 2042 et
809 1986 1088 2060 passione
1113 1979 1568 2060 turbationeque
1591 1981 2138 2060 vacununLCongau-

2227 1975 2500 2054 ῥᾳστώνην
2555 1975 2655 2042 τὴν
2701 1987 2816 2038 τοῖς
2849 1973 3097 2051 ἀγγέλοις
3157 1975 3554 2051 προσήκουσαν,
3602 1970 3687 2028 ’διά
3715 1980 3873 2030 τοῦτο

483 2068 620 2126 deut
637 2071 830 2140 itaque
843 2069 1365 2141 deiformiquadam
1384 2070 1770 2127 oblectatione
1785 2071 2001 2140 angelis
2015 2083 2142 2128 con-

2227 2067 2313 2122 καὶ
2360 2062 2565 2133 θεοειδῆ
2622 2065 2770 2121 εἶπε⁶
2824 2064 2988 2139 μέσον
3044 2065 3144 2144 γὰρ
3189 2072 3321 2120 Θεοῦ
3364 2063 3458 2121 καῖ
3504 2063 3792 2143 ἀνθρώπων
3823 2064 3872 2118 οἱ

483 2160 791 2234 veniente,
817 2158 1044 2220 idcirco
1072 2159 1247 2220 etiam
1271 2159 1416 2220 dixit
1446 2159 1748 2223 deiformi:
1770 2161 1963 2240 angeli
1987 2161 2142 2221 enim

2228 2160 2363 2212 θεῖοι
2416 2153 2636 2233 ἅγγολοι
2667 2151 2836 2228 ὄντες,
2885 2167 3002 2216 τοῖς
3041 2154 3189 2210 κάτω
3221 2154 3320 2229 μὲν
3350 2155 3718 2228 εἰκονίζονται,
3750 2164 3871 2216 τοῖς

484 2266 620 2310 cum
637 2248 757 2310 sint
782 2250 938 2310 inter
956 2247 1141 2309 Deum
1159 2249 1559 2328 hominesque
1585 2234 1981 2321 medii,rebus
2005 2252 2141 2328 qui-

2232 2245 2337 2300 ἂνω
2394 2242 2449 2300 δέ
2508 2244 2950 2324 ὖπεμφαίνονται,
2991 2234 3082 2307 Ὠς
3133 2251 3258 2322 γοῦν
3283 2247 3371 2300 καὶ
3413 2242 3586 2300 τᾶλλα
3656 2243 3873 2320 γηΐνως

488 2337 625 2400 dem
649 2337 1028 2400 inferioribus
1051 2337 1411 2416 et'tigiantur,
1436 2338 1846 2419 superioribus
1875 2339 2006 2398 I52
2032 2358 2142 2401 au—

2231 2336 2324 2408 μὲν
2397 2333 2664 2411 λέγονται,
2738 2331 2981 2398 θεοειδῶς
3065 2329 3119 2388 δὲ
3192 2331 3638 2412 ἐπλαμϐάνονται,
3704 2332 3874 2397 οὕτως

485 2435 606 2490 tem
635 2426 1035 2491 insinuantur.
1070 2427 1584 2500 Quemadmodum
1617 2427 1796 2506 igitur
1826 2429 2000 2490 etiam
2034 2429 2142 2490 alia

2231 2423 2364 2480 ἔστω
2415 2424 2503 2480 καὶ
2550 2422 2641 2480 ἐπὶ
2680 2422 2777 2490 τῆς
2833 2421 3128 2498 ῥᾳστώνηςο
3189 2421 3300 2478 ἕστὶ
3357 2423 3455 2501 γὰρ
3505 2421 3725 2500 ἄφθονος
3779 2424 3874 2478 εὖ·-

483 2524 725 2579 terreno
778 2516 1016 2597 quidem
1051 2535 1215 2579 more
1264 2517 1566 2591 dicuntur,
1601 2517 1704 2579 sed
1764 2517 2141 2580 deiformiter

2229 2515 2456 2593 φροσύνη
2515 2513 2744 2593 τούτοις,
2791 2514 2877 2568 καὶ
2932 2519 3009 2586 τῷ
3063 2511 3242 2589 ἄγαθῷ
3287 2519 3402 2586 Θεῷ
3457 2513 3759 2590 πρέπουσα,
3789 2512 3876 2568 επὶ

485 2605 885 2686 accipiuntur,
920 2607 1000 2668 ita
1030 2606 1108 2669 sit
1133 2608 1310 2668 etiam
1343 2607 1405 2668 in
1438 2608 1553 2668 hoc
1587 2607 1830 2669 nomine
1862 2607 2138 2686 ῥᾳστώνης

488 2715 594 2759 seu
605 2697 1040 2759 oblectationis:
1068 2704 1158 2758 est
1180 2695 1342 2758 enim
1366 2695 1485 2758 illis
1497 2697 1785 2776 gaudium
1805 2696 2138 2777 copiosum,

492 2794 551 2849 et
585 2786 743 2848 bono
793 2783 916 2848 Deo
951 2785 1340 2860 conveniens,
1375 2788 1450 2847 de
1505 2788 1698 2848 salute
1728 2787 2035 2848 hominum
2071 2787 2143 2848 ad

491 2874 684 2938 Deum
715 2891 1165 2946 conversorum,
1196 2880 1343 2936 etad
1372 2874 1748 2938 hocadivina
1777 2875 2143 2937 Providentia

2230 2611 2295 2680 τῇ
2350 2604 2584 2682 σωτηρίᾳ
2614 2609 2719 2659 τῶν
2774 2601 2861 2659 ἐπὶ
2920 2603 3050 2658 Θεὸν
3102 2601 3697 2682 ἐπιστρεφομένων,καὶ
3742 2599 3875 2668 65n-

2228 2693 2499 2771 γουμένων
2556 2694 2629 2754 εἷς
2673 2698 2829 2750 τοῦτο
2885 2692 3027 2769 παρὰ
3057 2697 3155 2758 τῆς
3205 2693 3349 2756 θείας
3406 2693 3677 2769 προνοίας·
3711 2688 3872 2748 Ἐπι-

2230 2783 2494 2864 στραφητε
2543 2784 2673 2858 πρὸς
2730 2781 2822 2861 μὲ,
2882 2784 3040 2861 φησὶν
3113 2784 3140 2837 ὁ
3193 2783 3378 2859 Κύριος
3450 2795 3566 2846 τοϊς
3623 2780 3700 2838 ἔτι
3752 2793 3876 2846 ταῖς

2231 2875 2510 2952 ἁμαρτίαις
2573 2869 3009 2945 δεδουλωμένοις,
3073 2873 3159 2928 καὶ
3223 2870 3684 2950 ἐπιστραφήσομαι
3742 2872 3875 2948 πρὸς

493 2965 916 3027 deductorum.
944 2965 1401 3026 Convertimz'ni
1421 2965 1502 3026 ad
1524 2964 1841 3045 me,inquit
1865 2965 2142 3028 Dominus

2231 2966 2386 3036 ὑμᾶς.
2454 2962 2549 3018 Καὶ
2601 2959 2756 3017 τοῦτό
2815 2962 2924 3017 ἔστι
2972 2962 3032 3016 τὸ
3090 2958 3226 3039 παρᾶ
3282 2967 3359 3035 τῷ
3416 2958 3637 3038 μεγάλῳ
3683 2959 3876 3034 Παύλῳ

500 3054 578 3115 iis
591 3053 695 3134 qui
718 3053 913 3114 adhuc
943 3050 1052 3114 sub
1075 3062 1450 3132 peccatorum
1483 3053 1764 3116 servitute
1781 3053 2144 3128 detinentur,

2233 3049 2580 3130 δηλούμενον,
2621 3048 2701 3106 ὅτι
2743 3051 2966 3128 Χριστὸς
3025 3050 3153 3128 ὅπερ
3211 3051 3364 3125 ἡμῶν
3408 3048 3741 3128 ἁμαρτωλῶν
3798 3048 3876 3105 ἔτι

502 3147 553 3201 et
580 3149 864 3200 convertar
893 3141 968 3198 ad
987 3156 1074 3198 vos
1119 3153 1157 3200 ι.
1180 3141 1241 3198 Et
1262 3142 1370 3200 hoc
1403 3150 1488 3199 est
1509 3142 1660 3214 quod
1681 3159 1711 3201 a
1735 3158 1942 3216 magno
1973 3144 2142 3202 Paulo

2234 3145 2397 3199 ἰντων
2428 3140 2676 3198 ἀπέθανε.
2732 3141 2828 3198 Καὶ
2875 3139 3035 3219 χάρις
3082 3145 3150 3216 τῇ
3211 3139 3365 3197 αὒτοῠ
3418 3138 3618 3215 ἀπείρῳ
3667 3161 3875 3218 μακρο-

501 3234 889 3315 signiﬁcatur,
917 3231 1216 3294 Christum
1243 3251 1348 3314 pro
1369 3233 1564 3306 nobis,
1582 3253 1714 3295 cum
1729 3234 1921 3296 adhuc
1935 3252 2147 3315 pecca-

503 3333 665 3386 tores
689 3340 981 3398 essemus,
1015 3331 1313 3384 mortuum
1341 3324 1839 3404 esse.Gratiaeque
1867 3325 1986 3387 sint
2007 3325 2146 3386 inli-

503 3412 1234 3495 nitasejuslonganimitati
1267 3417 1328 3476 et
1345 3413 1617 3489 bonitati,
1643 3415 1798 3495 quod
1815 3434 1931 3476 non
1955 3416 2145 3479 solum

499 3513 802 3585 acceptam
834 3503 1048 3564 habeat
1079 3503 1514 3584 pmnitentiam,
1552 3521 1758 3566 verum
1792 3508 1966 3566 etiam
2005 3524 2147 3588 pro-

501 3601 1062 3656 vocetetconvertat
1091 3593 1162 3653 ad
1179 3593 1613 3673 paenitentiam.
1649 3592 1770 3655 Etsi
1792 3595 1986 3677 itaque
2009 3614 2147 3675 pas-

507 3683 595 3744 sio
621 3701 737 3744 nou
755 3681 1168 3760 sitinangelis,
1208 3689 1297 3743 est
1319 3690 1516 3744 tamen
1539 3683 1600 3744 in
1626 3683 1697 3745 iis
1712 3682 1864 3746 bona
1885 3685 2139 3747 affectio.

506 3771 863 3853 thuamvis
881 3771 994 3834 hoc
1008 3789 1226 3832 nomen
1248 3791 1281 3833 a
1306 3771 1478 3834 nobis
1497 3773 1874 3853 desumptum
1893 3774 1988 3855 sit,
2014 3793 2145 3837 ma-

507 3861 596 3942 gis
640 3868 841 3922 tamen
874 3868 967 3922 est
1021 3861 1327 3942 preprium
1365 3882 1379 3924 :
1443 3863 1700 3937 ἒμπάθεια
1743 3863 1901 3924 enim
1958 3872 2150 3926 motus

506 3949 749 4029 quidam
789 3957 877 4010 est
906 3968 1038 4010 cum
1081 3950 1354 4029 passione
1383 3950 1869 4030 conjunctus,sed
1901 3954 2150 4012 εὒπάθεια

504 4037 747 4102 habitus
769 4045 858 4100 est
889 4037 1226 4100 affectionis
1257 4039 1446 4103 bonae.
1481 4041 1644 4102 Bene
1675 4042 1878 4123 itaque
1905 4044 2149 4108 allectos

506 4128 915 4207 esseangelos,
948 4127 1356 4206 signiﬁcateos
1380 4129 1532 4192 bene
1557 4131 1856 4194 sehabere
1872 4151 1977 4213 per
2012 4153 2147 4196 om--

505 4219 628 4293 nia,
645 4229 702 4280 et
728 4217 1088 4279 incolumem
1109 4237 1311 4279 eorum
1339 4227 1550 4281 statum
1566 4221 2145 4286 existere.Gaudium

505 4307 688 4389 igitur
720 4307 989 4386 designat
1021 4306 1385 4370 ineffabilem
1412 4309 1576 4370 illum
1595 4310 1868 4372 allectum
1898 4312 2146 4393 bonum,

507 4397 670 4469 cuius
697 4397 866 4454 etiam
884 4411 1277 4468 saepenumero
1307 4399 1618 4470 participes
1639 4401 1797 4459 tuere
1820 4403 2024 4473 sancti,
2049 4419 2151 4477 per

505 4487 753 4567 illapsus
782 4486 1019 4548 divinos
1042 4487 1376 4550 divinarum
1404 4487 1876 4572 tleilicarumque
1897 4492 2152 4556 illustra-

2233 3233 2390 3306 θυμία
2441 3232 2524 3288 καὶ
2582 3231 2899 3308 ἁγαθότητι,
2960 3229 3040 3286 ὅτι
3098 3230 3176 3304 μὴ
3239 3231 3401 3305 μόνον
3443 3231 3716 3308 προσίεται
3774 3230 3878 3297 τὴν

2233 3325 2540 3397 μετάνοιαν,
2601 3318 2738 3376 ἄλλα
2807 3321 2892 3375 καὶ
2952 3318 3361 3399 προσκαλεῖται,
3416 3320 3504 3376 καὶ
3566 3318 3878 3400 ἂπιστρέφει

2232 3415 2363 3494 πρὸς
2432 3413 2528 3482 τὴν
2589 3411 2894 3487 μετάνοιαν.
2956 3413 3015 3468 Εἰ
3065 3412 3188 3489 γοῦν
3238 3410 3328 3467 καὶ
3381 3411 3444 3467 τὸ
3503 3409 3733 3485 ἐμπαθὲς
3782 3412 3880 3468 οὐκ

2234 3503 2373 3560 ἔστιν
2430 3505 2514 3559 επὶ
2577 3508 2683 3558 τῶν
2745 3498 3009 3579 ἀγγέλων,
3052 3501 3112 3556 τὸ
3169 3499 3389 3564 εὖπαθές
3445 3498 3612 3572 ἐστιν,
3663 3501 3720 3556 Εἰ
3779 3498 3880 3556 καί

2232 3602 2386 3652 τοῦτο
2429 3593 2490 3650 ἐκ.
2518 3599 2624 3650 τῶν
2655 3587 2770 3648 καθ’
2805 3593 2972 3669 ἡμᾶς,
3007 3588 3127 3646 ἀλλ’
3186 3588 3274 3647 οὖν
3318 3590 3657 3668 οἰκειότερον·
3694 3589 3877 3664 ἐμπά-

2229 3689 2350 3741 θεια
2399 3683 2499 3762 γάρ
2571 3681 2681 3738 ἔστι
2756 3680 2960 3747 κίνησις
3036 3679 3173 3752 μετὰ
3249 3678 3471 3758 πάθους,
3531 3679 3778 3737 εὐπάθεια
3822 3676 3881 3735 δὲ

2230 3773 2332 3839 ἕξις
2381 3772 2438 3829 εὗ
2495 3771 2718 3851 ἔχουσα,
2753 3771 2824 3828 Τὸ
2854 3769 2911 3826 εὖ
2939 3772 3129 3827 παθεῖν
3159 3776 3287 3848 γοῦν
3327 3770 3446 3834 τοὺς
3476 3768 3733 3847 ἀγγέλους
3773 3765 3878 3836 δη-

2232 3862 2323 3921 λοῖ
2364 3863 2424 3919 τὸ
2457 3862 2514 3918 εὖ
2543 3862 2691 3941 ἔχειν
2730 3858 2814 3916 ’διά
2845 3861 3063 3934 παντὸς,
3097 3861 3186 3917 καὶ
3241 3859 3341 3927 τὴν
3383 3861 3641 3934 ἀπήμονα
3669 3859 3883 3926 ἐκείνην

2234 3952 2576 4010 κατάστασιν.
2615 3948 2788 4017 Δηλοϊ
2818 3957 2942 4027 γοῦν
2996 3949 3031 4016 ἢ
3063 3949 3209 4029 χαρὰ
3260 3949 3357 4016 τὴν
3388 3947 3612 4026 ἅῤῥητον
3670 3947 3883 4015 ἐκείνην

2233 4042 2532 4114 εὖπάθειαν,
2579 4041 2616 4106 ἦ
2687 4041 2742 4094 ἓν
2801 4037 3000 4114 μεθέξει
3059 4037 3320 4104 πολλάκις
3369 4039 3620 4118 γεγόνασι
3680 4039 3770 4095 καὶ
3832 4041 3884 4095 οἱ

2230 4133 2373 4210 ἅγιοί
2431 4131 2564 4188 κατὰ
2621 4129 2716 4192 τὰς
2775 4129 2914 4193 θείας
2974 4128 3339 4208 ἐπιφοιτήσεις
3421 4133 3529 4184 τῶν
3586 4128 3739 4184 θείων
3791 4131 3885 4185 καὶ

2229 4223 2378 4285 θεοὺς
2434 4219 2801 4300 ἐργαζομένων
2858 4217 3202 4294 ἐλλάμψεων·
3262 4214 3380 4274 καθ’
3438 4216 3504 4286 ἣν
3526 4218 3739 4280 πάντως
3786 4216 3880 4273 εὗ-

2233 4313 2391 4390 λογόν
2449 4311 2589 4367 ἐστιν
2622 4305 2972 4384 ἐκλαμϐάνειν
3004 4311 3091 4364 καὶ
3121 4310 3183 4364 τὸ
3213 4307 3350 4385 ἱερὸν
3409 4314 3498 4364 τοῦ
3558 4307 3889 4386 Εὐαγγελίου

2235 4401 2417 4481 ῥητόν·
2509 4399 2818 4480 Ἐχάρησαν
2893 4397 2981 4454 οὖν
3064 4399 3112 4454 οἶ
3191 4397 3448 4474 μαθηταὶ,
3518 4394 3715 4458 ἰδόντες
3786 4398 3885 4454 τὸν

2238 4493 2449 4571 Κύριον·
2511 4493 2569 4549 οὗ
2593 4491 2692 4568 γὰρ
2723 4487 2868 4546 εἶδον
2911 4486 3122 4562 ἁπλῶς,
3153 4490 3226 4552 ὡς
3284 4489 3371 4544 καὶ
3401 4485 3590 4546 ἄλλοτε
3627 4484 3880 4561 ἔϐλεπον,

505 4576 733 4638 tionum
771 4597 783 4640 :
822 4595 938 4658 quo
957 4595 1136 4638 sensu
1161 4578 1338 4640 etiam
1366 4588 1526 4641 recte
1558 4580 1682 4660 capi
1708 4582 1891 4660 possit
1919 4602 2142 4645 sacrum

2237 4582 2372 4640 ἀλλὰ
2430 4583 2567 4658 μετὰ
2595 4581 2817 4639 θάνατον
2874 4586 3069 4659 ζῶντα,
3103 4580 3193 4636 καὶ
3231 4581 3295 4635 hx
3325 4584 3525 4658 νεκρῶν
3583 4578 3717 4654 μετᾶ
3777 4578 3886 4646 τὴν

504 4665 651 4728 illud
675 4651 896 4728 dictum
920 4667 1242 4746 Evangelii:
1281 4667 1496 4732 Guvisi
1519 4651 1664 4731 δτι-ιιι
1681 4651 1989 4750 discipuli,
2024 4675 2142 4736 vise

2235 4673 2435 4753 ταφὴν,
2468 4670 2563 4727 καὶ
2619 4671 2755 4746 μετα
2809 4671 2877 4726 τὰ
2934 4669 3359 4749 ἀνθρωποπρεπῆ
3422 4667 3603 4726 ἐκεῖνα
3633 4668 3698 4724 τὰ
3755 4670 3884 4725 θεῖα

507 4756 764 4818 Domino
793 4767 840 4820 ε.
874 4753 1003 4817 Non
1033 4757 1192 4818 enim
1228 4756 1488 4836 simplici
1510 4761 1737 4820 ratione
1771 4761 2155 4842 videbantip-

506 4860 633 4903 sum
665 4845 747 4902 uti
765 4845 928 4910 alias,
951 4846 1048 4902 sed
1073 4854 1200 4917 post
1230 4859 1476 4904 mortem
1501 4849 1711 4914 vivum,
1734 4857 1791 4906 et
1821 4865 1892 4908 ex
1913 4855 2152 4911 mortuis

507 4943 640 5017 post
685 4936 1078 5017 sepulturam,
1115 4948 1175 4998 et
1207 4956 1338 4999 cum
1374 4937 1633 5000 humano
1664 4940 1884 5003 decore
1935 4942 2153 5006 divinis

507 5043 746 5104 quoque
777 5026 1014 5086 dotibus
1034 5026 1358 5089 illustrem.
1401 5025 1656 5089 Pulchre
1681 5029 1912 5106 hoc,uti
1944 5039 2003 5093 et
2031 5032 2147 5095 alia

505 5113 813 5194 complura
838 5122 1088 5177 asancto
1125 5117 1236 5178 hoc
1265 5116 1387 5177 viro
1419 5135 1589 5179 sacro
1604 5137 1672 5181 ac
1703 5119 1943 5182 sublimi
1969 5123 2144 5184 modo

505 5201 799 5283 disputata
827 5213 1004 5282 sunt;
1040 5204 1200 5266 unde
1229 5205 1408 5268 etiam
1442 5208 1810 5271 concludens
1833 5229 2145 5276 sermones

504 5311 644 5356 suos
669 5296 750 5355 ait
782 5314 795 5356 ε
830 5293 966 5357 Haec
999 5295 1235 5376 quidem
1268 5297 1343 5358 de
1385 5297 1500 5374 his,
1535 5318 1667 5379 qum
1698 5301 1837 5363 licet
1866 5300 1938 5363 ab
1970 5321 2142 5364 accu-

504 5391 628 5446 rata
643 5383 1218 5472 tractationeabsint,
1248 5393 1443 5448 tamen
1464 5387 1521 5448 id
1543 5389 1823 5464 efﬁcient,
1851 5391 2144 5472 utispero,

504 5490 581 5534 ne
607 5471 800 5552 ajecte
830 5473 980 5554 typis
1012 5473 1526 5558 immemoremur,
1553 5479 1790 5559 quando
1822 5483 1894 5544 de
1925 5471 2150 5561 angelis

501 5563 802 5644 quidpiam
826 5563 886 5625 in
909 5564 1228 5646 Scripturis
1252 5566 1582 5631 audiemus.
1618 5569 1785 5643 Quod
1808 5569 2144 5654 siobjicias,

579 5763 601 5806 δ’
635 5753 774 5817 Luc.
807 5770 907 5838 xv,
942 5755 1036 5819 to.
1125 5765 1147 5798 ι
1181 5755 1353 5818 Zacb.
1387 5773 1428 5832 ι,
1465 5757 1518 5819 3.
1581 5777 1604 5807 ε
1647 5758 1818 5824 Joan.
1850 5777 1952 5840 xx,
1985 5762 2086 5826 ‘20.

2234 4765 2320 4820 καὶ
2376 4762 2506 4840 ὑπὲρ
2561 4759 2832 4838 ἄνθρωπον
2889 4757 3108 4840 ἔχοντα.
3173 4759 3362 4822 Καλῶς
3416 4760 3470 4815 τὸ
3527 4759 3635 4832 καὶ,
3670 4755 3752 4814 ὅτι
3789 4759 3885 4816 καὶ

2234 4851 2371 4908 ἄλλα
2429 4849 2606 4908 πολλὰ
2631 4852 2783 4926 ἱερῶς
2834 4850 2921 4906 οιαὶ
2949 4851 3019 4924 ὑψ
3031 4847 3170 4916 ηλῶς
3209 4853 3283 4924 τῷ
3312 4849 3447 4926 ἁγίῳ
3475 4846 3885 4928 πεφιλοσόφηνο

2233 4962 2344 5000 ται·
2409 4939 2525 4997 ὅθεν
2569 4940 2657 4996 καὶ
2704 4938 3026 5016 ἀποθέμενος
3079 4945 3198 5002 τοὺς
3257 4936 3446 5017 λόγους
3503 4936 3672 5016 λέγει·
3735 4947 3884 4996 Tac-

2229 5041 2360 5091 αῦτα
2414 5031 2500 5088 οιαὶ
2532 5030 2649 5107 περὶ
2704 5029 2928 5105 τούτων,
2961 5033 3061 5096 τῆς
3091 5027 3191 5104 μὲν
3249 5024 3516 5106 ἀκριϐείας
3574 5025 3886 5085 ἀπολειπό-

2228 5144 2386 5200 μενα,
2421 5119 2767 5177 συντελοῦντα
2821 5115 2898 5192 δὲ,
2934 5119 3007 5183 ὡς
3067 5114 3454 5193 ὑπολαμϐάνω,
3488 5117 3619 5196 πρὸς
3677 5117 3740 5173 τὸ
3799 5117 3885 5191 μὴ

2229 5217 2486 5274 ταπεινῶς
2545 5211 2688 5284 ἡμᾶς
2745 5206 3088 5283 ἐναπομένειν
3149 5220 3268 5271 τοῖς
3338 5207 3546 5278 τύποις,
3607 5203 3696 5263 ὅτε
3757 5208 3886 5286 περὶ

2232 5309 2336 5361 τῶν
2367 5298 2607 5380 ἀγγέλων
2659 5299 2716 5354 ὲν
2747 5310 2872 5363 ταῖς
2901 5297 3073 5377 ἱεραῖς
3125 5302 3362 5377 Γραφαϊς
3393 5295 3678 5371 ἀκούομεν.
3736 5296 3794 5354 El
3825 5294 3887 5354 δί

2233 5393 2431 5472 λέγεις,
2491 5389 2810 5466 ὦᾶγαπητὲ
2869 5385 3114 5467 Τιμόθεε,
3175 5389 3247 5452 ὡς
3306 5391 3366 5447 οὗ
3421 5393 3526 5443 τῶν
3573 5384 3812 5461 πάντων,
3852 5385 3887 5442 ἃ

2229 5481 2293 5551 δὴ
2353 5483 2407 5538 ἐν
2439 5493 2560 5543 ταῖς
2626 5479 2794 5555 ἱεραῖς
2849 5487 3084 5557 Τραιραῖς
3137 5478 3255 5553 περὶ
3312 5475 3554 5555 ἀγγέλων
3605 5473 3886 5552 λεγόμενα

2231 5572 2576 5650 εὓρίσκονταὶ,
2635 5569 2817 5644 μνείαν
2899 5567 3282 5644 ἐποιησάμεθα’
3357 5565 3535 5624 ἐκεῖνό
3592 5586 3676 5623 σοι
3740 5563 3886 5624 ἄπο·-
