  <div class='ocr_page' id='page_1' title='image "/cluster/home/n/w/nwhite01/storage/ocr_20150623/3/mdp.39015008855614/195.png"; bbox 0 0 4150 6158; ppageno 0'>
   <div class='ocr_carea' id='block_1_1' title="bbox 443 367 562 433">
    <p class='ocr_par' dir='ltr' id='par_1_1' title="bbox 443 367 562 433">
     <span class='ocr_line' id='line_1_1' title="bbox 443 367 562 433; baseline -0.008 0"><span class='ocrx_word' id='word_1_1' title='bbox 443 367 562 433; x_wconf 83' lang='grc'><strong>375</strong></span> 
     </span>
    </p>
   </div>
   <div class='ocr_carea' id='block_1_2' title="bbox 1617 368 2630 435">
    <p class='ocr_par' dir='ltr' id='par_1_2' title="bbox 1617 368 2630 435">
     <span class='ocr_line' id='line_1_2' title="bbox 1617 368 2630 435; baseline -0.003 -2"><span class='ocrx_word' id='word_1_2' title='bbox 1617 368 1678 433; x_wconf 88' lang='lat' dir='ltr'><strong>S.</strong></span> <span class='ocrx_word' id='word_1_3' title='bbox 1725 369 2062 435; x_wconf 87' lang='lat' dir='ltr'><strong>DIONYSlI</strong></span> <span class='ocrx_word' id='word_1_4' title='bbox 2105 368 2630 435; x_wconf 67' lang='lat' dir='ltr'><strong>AREOPAGITE.</strong></span> 
     </span>
    </p>
   </div>
   <div class='ocr_carea' id='block_1_3' title="bbox 3701 370 3817 438">
    <p class='ocr_par' dir='ltr' id='par_1_3' title="bbox 3701 370 3817 438">
     <span class='ocr_line' id='line_1_3' title="bbox 3701 370 3817 438; baseline 0.017 -2"><span class='ocrx_word' id='word_1_5' title='bbox 3701 370 3817 438; x_wconf 89' lang='lat'><strong>376</strong></span> 
     </span>
    </p>
   </div>
   <div class='ocr_carea' id='block_1_4' title="bbox 435 495 2094 586">
    <p class='ocr_par' dir='ltr' id='par_1_4' title="bbox 435 498 2076 583">
     <span class='ocr_line' id='line_1_4' title="bbox 435 498 2076 583; baseline -0.002 -16"><span class='ocrx_word' id='word_1_6' title='bbox 435 505 496 567; x_wconf 90' lang='lat' dir='ltr'><strong>in</strong></span> <span class='ocrx_word' id='word_1_7' title='bbox 522 499 923 583; x_wconf 87' lang='lat' dir='ltr'><strong>votisquidem</strong></span> <span class='ocrx_word' id='word_1_8' title='bbox 958 506 1049 564; x_wconf 84' lang='lat' dir='ltr'><strong>est</strong></span> <span class='ocrx_word' id='word_1_9' title='bbox 1077 498 1384 564; x_wconf 76' lang='lat' dir='ltr'><strong>rationalis</strong></span> <span class='ocrx_word' id='word_1_10' title='bbox 1413 499 1742 582; x_wconf 69' lang='lat' dir='ltr'><strong>(creatum)</strong></span> <span class='ocrx_word' id='word_1_11' title='bbox 1770 503 2076 576; x_wconf 87' lang='lat' dir='ltr'><strong>salus,tam</strong></span> 
     </span>
    </p>
   </div>
   <div class='ocr_carea' id='block_1_5' title="bbox 2180 495 3820 586">
    <p class='ocr_par' dir='ltr' id='par_1_5' title="bbox 2180 495 3820 586">
     <span class='ocr_line' id='line_1_5' title="bbox 2180 495 3820 586; baseline 0.003 -26"><span class='ocrx_word' id='word_1_12' title='bbox 2180 503 2461 579; x_wconf 72' lang='lat' dir='ltr'><strong>leouptévuw</strong></span> <span class='ocrx_word' id='word_1_13' title='bbox 2535 510 2642 561; x_wconf 82' lang='grc' dir='ltr'><strong>τῶν</strong></span> <span class='ocrx_word' id='word_1_14' title='bbox 2718 503 3060 586; x_wconf 81' lang='grc' dir='ltr'>σωζομένων,</span> <span class='ocrx_word' id='word_1_15' title='bbox 3117 495 3184 563; x_wconf 71' lang='grc' dir='ltr'><em>Ἠ</em></span> <span class='ocrx_word' id='word_1_16' title='bbox 3236 504 3292 562; x_wconf 78' lang='grc' dir='ltr'><strong>δὲ</strong></span> <span class='ocrx_word' id='word_1_17' title='bbox 3339 507 3524 571; x_wconf 85' lang='grc' dir='ltr'>θεωσίς</span> <span class='ocrx_word' id='word_1_18' title='bbox 3584 507 3727 564; x_wconf 73' lang='grc' dir='ltr'>ἔστιν</span> <span class='ocrx_word' id='word_1_19' title='bbox 3785 511 3820 580; x_wconf 80' lang='grc' dir='ltr'>ὴ</span> 
     </span>
    </p>
   </div>
   <div class='ocr_carea' id='block_1_6' title="bbox 439 593 2090 672">
    <p class='ocr_par' dir='ltr' id='par_1_6' title="bbox 439 593 2090 672">
     <span class='ocr_line' id='line_1_6' title="bbox 439 593 2090 672; baseline -0.001 -15"><span class='ocrx_word' id='word_1_20' title='bbox 439 600 647 657; x_wconf 89' lang='lat' dir='ltr'><strong>nostra</strong></span> <span class='ocrx_word' id='word_1_21' title='bbox 669 611 844 669; x_wconf 87' lang='lat' dir='ltr'><strong>quam</strong></span> <span class='ocrx_word' id='word_1_22' title='bbox 880 593 1170 654; x_wconf 92' lang='lat' dir='ltr'><strong>mentium</strong></span> <span class='ocrx_word' id='word_1_23' title='bbox 1201 609 1596 672; x_wconf 89' lang='lat' dir='ltr'><strong>supernarum</strong></span> <span class='ocrx_word' id='word_1_24' title='bbox 1636 613 1652 668; x_wconf 85' lang='lat'><strong>;</strong></span> <span class='ocrx_word' id='word_1_25' title='bbox 1681 599 2090 655; x_wconf 84' lang='lat' dir='ltr'><strong>verumtamen</strong></span> 
     </span>
    </p>
   </div>
   <div class='ocr_carea' id='block_1_7' title="bbox 440 682 2091 762">
    <p class='ocr_par' dir='ltr' id='par_1_7' title="bbox 440 682 2091 762">
     <span class='ocr_line' id='line_1_7' title="bbox 440 682 2091 762; baseline -0.003 -14"><span class='ocrx_word' id='word_1_26' title='bbox 440 687 566 748; x_wconf 67' lang='lat' dir='ltr'><strong>haec</strong></span> <span class='ocrx_word' id='word_1_27' title='bbox 596 683 753 745; x_wconf 84' lang='lat' dir='ltr'><strong>salus</strong></span> <span class='ocrx_word' id='word_1_28' title='bbox 796 682 870 744; x_wconf 90' lang='lat' dir='ltr'><strong>iis</strong></span> <span class='ocrx_word' id='word_1_29' title='bbox 915 683 1015 762; x_wconf 87' lang='lat' dir='ltr'><strong>qui</strong></span> <span class='ocrx_word' id='word_1_30' title='bbox 1045 682 1346 744; x_wconf 88' lang='lat' dir='ltr'><strong>salvantur</strong></span> <span class='ocrx_word' id='word_1_31' title='bbox 1376 682 1615 743; x_wconf 85' lang='lat' dir='ltr'><strong>nonnisi</strong></span> <span class='ocrx_word' id='word_1_32' title='bbox 1640 683 1762 762; x_wconf 89' lang='lat' dir='ltr'><strong>jam</strong></span> <span class='ocrx_word' id='word_1_33' title='bbox 1799 683 2091 745; x_wconf 84' lang='lat' dir='ltr'><strong>deiﬁcatis</strong></span> 
     </span>
    </p>
   </div>
   <div class='ocr_carea' id='block_1_8' title="bbox 437 771 2091 856">
    <p class='ocr_par' dir='ltr' id='par_1_8' title="bbox 437 771 2091 856">
     <span class='ocr_line' id='line_1_8' title="bbox 437 771 2091 856; baseline -0.001 -20"><span class='ocrx_word' id='word_1_34' title='bbox 437 782 629 856; x_wconf 85' lang='lat' dir='ltr'><strong>potest</strong></span> <span class='ocrx_word' id='word_1_35' title='bbox 675 771 1009 852; x_wconf 77' lang='lat' dir='ltr'><strong>obtingere.</strong></span> <span class='ocrx_word' id='word_1_36' title='bbox 1050 771 1150 834; x_wconf 88' lang='lat' dir='ltr'><strong>Est</strong></span> <span class='ocrx_word' id='word_1_37' title='bbox 1205 779 1402 833; x_wconf 88' lang='lat' dir='ltr'><strong>autem</strong></span> <span class='ocrx_word' id='word_1_38' title='bbox 1455 773 1580 833; x_wconf 57' lang='lat' dir='ltr'><strong>hac</strong></span> <span class='ocrx_word' id='word_1_39' title='bbox 1612 771 1934 854; x_wconf 84' lang='lat' dir='ltr'><strong>deiﬁcatio,</strong></span> <span class='ocrx_word' id='word_1_40' title='bbox 1982 771 2091 835; x_wconf 87' lang='lat' dir='ltr'><strong>Dei</strong></span> 
     </span>
    </p>
   </div>
   <div class='ocr_carea' id='block_1_9' title="bbox 437 859 2078 944">
    <p class='ocr_par' dir='ltr' id='par_1_9' title="bbox 437 859 2078 944">
     <span class='ocr_line' id='line_1_9' title="bbox 437 859 2078 944; baseline 0.001 -19"><span class='ocrx_word' id='word_1_41' title='bbox 437 863 732 944; x_wconf 63' lang='lat' dir='ltr'><strong>quaedam,</strong></span> <span class='ocrx_word' id='word_1_42' title='bbox 763 861 955 942; x_wconf 87' lang='lat' dir='ltr'><strong>quoad</strong></span> <span class='ocrx_word' id='word_1_43' title='bbox 982 862 1109 923; x_wconf 85' lang='lat' dir='ltr'><strong>ﬁeri</strong></span> <span class='ocrx_word' id='word_1_44' title='bbox 1164 867 1384 940; x_wconf 86' lang='lat' dir='ltr'><strong>potest,</strong></span> <span class='ocrx_word' id='word_1_45' title='bbox 1420 859 1770 923; x_wconf 91' lang='lat' dir='ltr'><strong>assimilatio</strong></span> <span class='ocrx_word' id='word_1_46' title='bbox 1799 862 2078 942; x_wconf 89' lang='lat' dir='ltr'><strong>unioque.</strong></span> 
     </span>
    </p>
   </div>
   <div class='ocr_carea' id='block_1_10' title="bbox 434 949 2091 1033">
    <p class='ocr_par' dir='ltr' id='par_1_10' title="bbox 434 949 2091 1033">
     <span class='ocr_line' id='line_1_10' title="bbox 434 949 2091 1033; baseline -0.002 -16"><span class='ocrx_word' id='word_1_47' title='bbox 434 951 610 1017; x_wconf 91' lang='lat' dir='ltr'><strong>Omni</strong></span> <span class='ocrx_word' id='word_1_48' title='bbox 631 969 807 1033; x_wconf 88' lang='lat' dir='ltr'><strong>porro</strong></span> <span class='ocrx_word' id='word_1_49' title='bbox 831 951 1026 1012; x_wconf 87' lang='lat' dir='ltr'><strong>ordini</strong></span> <span class='ocrx_word' id='word_1_50' title='bbox 1049 969 1216 1013; x_wconf 89' lang='lat' dir='ltr'><strong>sacro</strong></span> <span class='ocrx_word' id='word_1_51' title='bbox 1241 949 1578 1010; x_wconf 90' lang='lat' dir='ltr'><strong>communis</strong></span> <span class='ocrx_word' id='word_1_52' title='bbox 1601 969 1818 1031; x_wconf 90' lang='lat' dir='ltr'><strong>scopus</strong></span> <span class='ocrx_word' id='word_1_53' title='bbox 1833 959 2091 1030; x_wconf 76' lang='lat' dir='ltr'><strong>est,erga</strong></span> 
     </span>
    </p>
   </div>
   <div class='ocr_carea' id='block_1_11' title="bbox 436 1039 2091 1122">
    <p class='ocr_par' dir='ltr' id='par_1_11' title="bbox 436 1039 2091 1122">
     <span class='ocr_line' id='line_1_11' title="bbox 436 1039 2091 1122; baseline 0 -17"><span class='ocrx_word' id='word_1_54' title='bbox 436 1041 626 1106; x_wconf 89' lang='lat' dir='ltr'><strong>Deum</strong></span> <span class='ocrx_word' id='word_1_55' title='bbox 649 1049 710 1103; x_wconf 91' lang='lat' dir='ltr'><strong>et</strong></span> <span class='ocrx_word' id='word_1_56' title='bbox 725 1059 822 1103; x_wconf 88' lang='lat' dir='ltr'><strong>res</strong></span> <span class='ocrx_word' id='word_1_57' title='bbox 837 1042 1062 1102; x_wconf 81' lang='lat' dir='ltr'><strong>divinas</strong></span> <span class='ocrx_word' id='word_1_58' title='bbox 1088 1039 1368 1101; x_wconf 89' lang='lat' dir='ltr'><strong>continua</strong></span> <span class='ocrx_word' id='word_1_59' title='bbox 1386 1039 1790 1122; x_wconf 74' lang='lat' dir='ltr'><strong>dilectio,quae</strong></span> <span class='ocrx_word' id='word_1_60' title='bbox 1810 1040 2091 1105; x_wconf 85' lang='lat' dir='ltr'><strong>divinitus</strong></span> 
     </span>
    </p>
   </div>
   <div class='ocr_carea' id='block_1_12' title="bbox 440 1130 2089 1213">
    <p class='ocr_par' dir='ltr' id='par_1_12' title="bbox 440 1130 2089 1213">
     <span class='ocr_line' id='line_1_12' title="bbox 440 1130 2089 1213; baseline -0.001 -20"><span class='ocrx_word' id='word_1_61' title='bbox 440 1133 937 1212; x_wconf 83' lang='lat' dir='ltr'><strong>asseritur,etper</strong></span> <span class='ocrx_word' id='word_1_62' title='bbox 965 1131 1096 1210; x_wconf 84' lang='lat' dir='ltr'><strong>ejus</strong></span> <span class='ocrx_word' id='word_1_63' title='bbox 1129 1130 1411 1190; x_wconf 87' lang='lat' dir='ltr'><strong>unionem</strong></span> <span class='ocrx_word' id='word_1_64' title='bbox 1433 1139 1903 1212; x_wconf 84' lang='lat' dir='ltr'><strong>consummatur,</strong></span> <span class='ocrx_word' id='word_1_65' title='bbox 1923 1150 2089 1213; x_wconf 67' lang='lat' dir='ltr'><strong>quaa-</strong></span> 
     </span>
    </p>
   </div>
   <div class='ocr_carea' id='block_1_13' title="bbox 2172 595 3818 676">
    <p class='ocr_par' dir='ltr' id='par_1_13' title="bbox 2172 595 3818 676">
     <span class='ocr_line' id='line_1_13' title="bbox 2172 595 3818 676; baseline 0.002 -26"><span class='ocrx_word' id='word_1_66' title='bbox 2172 596 2302 676; x_wconf 80' lang='grc' dir='ltr'>πρὸς</span> <span class='ocrx_word' id='word_1_67' title='bbox 2358 596 2510 669; x_wconf 80' lang='grc' dir='ltr'>Θεὸν,</span> <span class='ocrx_word' id='word_1_68' title='bbox 2570 597 2644 658; x_wconf 82' lang='grc' dir='ltr'>ὡς</span> <span class='ocrx_word' id='word_1_69' title='bbox 2705 596 2943 676; x_wconf 66' lang='grc' dir='ltr'>Βφικτὸν,</span> <span class='ocrx_word' id='word_1_70' title='bbox 3003 595 3328 676; x_wconf 76' lang='grc' dir='ltr'>ἀφομοίωσίς</span> <span class='ocrx_word' id='word_1_71' title='bbox 3377 617 3436 652; x_wconf 89' lang='grc' dir='ltr'><strong>τε</strong></span> <span class='ocrx_word' id='word_1_72' title='bbox 3489 597 3579 654; x_wconf 77' lang='grc' dir='ltr'>καὶ</span> <span class='ocrx_word' id='word_1_73' title='bbox 3607 596 3818 666; x_wconf 76' lang='grc' dir='ltr'>ἕνωσις,</span> 
     </span>
    </p>
   </div>
   <div class='ocr_carea' id='block_1_14' title="bbox 2176 675 3820 769">
    <p class='ocr_par' dir='ltr' id='par_1_14' title="bbox 2176 675 3820 769">
     <span class='ocr_line' id='line_1_14' title="bbox 2176 675 3820 769; baseline 0.003 -29"><span class='ocrx_word' id='word_1_74' title='bbox 2176 675 2416 751; x_wconf 78' lang='grc' dir='ltr'>Ἀπάσης</span> <span class='ocrx_word' id='word_1_75' title='bbox 2468 683 2524 741; x_wconf 79' lang='grc' dir='ltr'>δὲ</span> <span class='ocrx_word' id='word_1_76' title='bbox 2577 675 2755 745; x_wconf 16' lang='grc' dir='ltr'>τοῦτοί</span> <span class='ocrx_word' id='word_1_77' title='bbox 2788 687 2967 742; x_wconf 81' lang='grc' dir='ltr'>κοινὸν</span> <span class='ocrx_word' id='word_1_78' title='bbox 3028 675 3300 766; x_wconf 80' lang='grc' dir='ltr'>ἱεραρχίας</span> <span class='ocrx_word' id='word_1_79' title='bbox 3352 685 3420 737; x_wconf 77' lang='lat'><strong>85</strong></span> <span class='ocrx_word' id='word_1_80' title='bbox 3472 687 3533 742; x_wconf 75' lang='grc' dir='ltr'>τὸ</span> <span class='ocrx_word' id='word_1_81' title='bbox 3563 686 3753 769; x_wconf 82' lang='grc' dir='ltr'>πέρας,</span> <span class='ocrx_word' id='word_1_82' title='bbox 3784 691 3820 758; x_wconf 76' lang='grc' dir='ltr'>ἡ</span> 
     </span>
    </p>
   </div>
   <div class='ocr_carea' id='block_1_15' title="bbox 2170 774 3820 858">
    <p class='ocr_par' dir='ltr' id='par_1_15' title="bbox 2170 774 3820 858">
     <span class='ocr_line' id='line_1_15' title="bbox 2170 774 3820 858; baseline 0.003 -29"><span class='ocrx_word' id='word_1_83' title='bbox 2170 774 2301 852; x_wconf 74' lang='grc' dir='ltr'>πρὶς</span> <span class='ocrx_word' id='word_1_84' title='bbox 2331 776 2460 830; x_wconf 86' lang='grc' dir='ltr'>Θεὸν</span> <span class='ocrx_word' id='word_1_85' title='bbox 2489 795 2546 830; x_wconf 89' lang='grc' dir='ltr'><strong>τε</strong></span> <span class='ocrx_word' id='word_1_86' title='bbox 2579 776 2667 830; x_wconf 83' lang='grc' dir='ltr'>καὶ</span> <span class='ocrx_word' id='word_1_87' title='bbox 2696 775 2762 832; x_wconf 86' lang='grc' dir='ltr'><strong>τά</strong></span> <span class='ocrx_word' id='word_1_88' title='bbox 2789 777 2910 832; x_wconf 77' lang='grc' dir='ltr'>θεῖα</span> <span class='ocrx_word' id='word_1_89' title='bbox 2941 776 3220 855; x_wconf 82' lang='grc' dir='ltr'>προσεχὴς</span> <span class='ocrx_word' id='word_1_90' title='bbox 3279 774 3577 858; x_wconf 84' lang='grc' dir='ltr'>ἀγάπησις,</span> <span class='ocrx_word' id='word_1_91' title='bbox 3630 777 3820 844; x_wconf 76' lang='grc' dir='ltr'>ἐνθέως</span> 
     </span>
    </p>
   </div>
   <div class='ocr_carea' id='block_1_16' title="bbox 2173 864 3822 945">
    <p class='ocr_par' dir='ltr' id='par_1_16' title="bbox 2173 864 3822 945">
     <span class='ocr_line' id='line_1_16' title="bbox 2173 864 3822 945; baseline 0.003 -25"><span class='ocrx_word' id='word_1_92' title='bbox 2173 885 2228 920; x_wconf 90' lang='grc' dir='ltr'><strong>τε</strong></span> <span class='ocrx_word' id='word_1_93' title='bbox 2254 865 2341 920; x_wconf 84' lang='grc' dir='ltr'><strong>καὶ</strong></span> <span class='ocrx_word' id='word_1_94' title='bbox 2369 864 2576 930; x_wconf 80' lang='grc' dir='ltr'>ὲνιαίως</span> <span class='ocrx_word' id='word_1_95' title='bbox 2609 865 3041 944; x_wconf 75' lang='grc' dir='ltr'>ἱερουργουμένη,</span> <span class='ocrx_word' id='word_1_96' title='bbox 3090 867 3178 922; x_wconf 87' lang='grc' dir='ltr'><strong>καὶ</strong></span> <span class='ocrx_word' id='word_1_97' title='bbox 3234 865 3336 942; x_wconf 86' lang='grc' dir='ltr'><strong>πρό</strong></span> <span class='ocrx_word' id='word_1_98' title='bbox 3393 886 3454 945; x_wconf 84' lang='grc' dir='ltr'><strong>γε</strong></span> <span class='ocrx_word' id='word_1_99' title='bbox 3483 867 3668 924; x_wconf 81' lang='grc' dir='ltr'>τούτου</span> <span class='ocrx_word' id='word_1_100' title='bbox 3713 872 3822 926; x_wconf 84' lang='grc' dir='ltr'><strong>τῶν</strong></span> 
     </span>
    </p>
   </div>
   <div class='ocr_carea' id='block_1_17' title="bbox 2173 952 3821 1036">
    <p class='ocr_par' dir='ltr' id='par_1_17' title="bbox 2173 952 3821 1036">
     <span class='ocr_line' id='line_1_17' title="bbox 2173 952 3821 1036; baseline 0.002 -26"><span class='ocrx_word' id='word_1_101' title='bbox 2173 953 2423 1010; x_wconf 81' lang='grc' dir='ltr'>ἐναντίων</span> <span class='ocrx_word' id='word_1_102' title='bbox 2477 955 2510 1021; x_wconf 76' lang='grc' dir='ltr'>ἡ</span> <span class='ocrx_word' id='word_1_103' title='bbox 2561 952 2832 1020; x_wconf 66' lang='grc' dir='ltr'>παντελὴς</span> <span class='ocrx_word' id='word_1_104' title='bbox 2892 957 2976 1011; x_wconf 81' lang='grc' dir='ltr'>καὶ</span> <span class='ocrx_word' id='word_1_105' title='bbox 3034 955 3412 1036; x_wconf 78' lang='grc' dir='ltr'>ἀνεπίστροφος</span> <span class='ocrx_word' id='word_1_106' title='bbox 3445 955 3821 1036; x_wconf 77' lang='grc' dir='ltr'>ἀποφοίτησις,</span> 
     </span>
    </p>
   </div>
   <div class='ocr_carea' id='block_1_18' title="bbox 2171 1042 3824 1122">
    <p class='ocr_par' dir='ltr' id='par_1_18' title="bbox 2171 1042 3824 1122">
     <span class='ocr_line' id='line_1_18' title="bbox 2171 1042 3824 1122; baseline 0.002 -22"><span class='ocrx_word' id='word_1_107' title='bbox 2171 1045 2207 1110; x_wconf 60' lang='lat' dir='ltr'><strong>in</strong></span> <span class='ocrx_word' id='word_1_108' title='bbox 2241 1049 2434 1121; x_wconf 83' lang='grc' dir='ltr'>γνῶσις</span> <span class='ocrx_word' id='word_1_109' title='bbox 2467 1048 2573 1100; x_wconf 83' lang='grc' dir='ltr'><strong>τῶν</strong></span> <span class='ocrx_word' id='word_1_110' title='bbox 2602 1042 2766 1101; x_wconf 75' lang='grc' dir='ltr'>ὄντων</span> <span class='ocrx_word' id='word_1_111' title='bbox 2799 1047 2834 1122; x_wconf 74' lang='grc' dir='ltr'>ᾗ</span> <span class='ocrx_word' id='word_1_112' title='bbox 2864 1043 2990 1102; x_wconf 74' lang='grc' dir='ltr'>ὄντα</span> <span class='ocrx_word' id='word_1_113' title='bbox 3044 1045 3208 1119; x_wconf 76' lang='grc' dir='ltr'>ἐστὶν,</span> <span class='ocrx_word' id='word_1_114' title='bbox 3240 1047 3275 1114; x_wconf 85' lang='grc' dir='ltr'>ἡ</span> <span class='ocrx_word' id='word_1_115' title='bbox 3335 1052 3435 1114; x_wconf 79' lang='grc' dir='ltr'>τῆς</span> <span class='ocrx_word' id='word_1_116' title='bbox 3489 1049 3627 1122; x_wconf 74' lang='grc' dir='ltr'>ἱερᾶς</span> <span class='ocrx_word' id='word_1_117' title='bbox 3681 1046 3824 1115; x_wconf 83' lang='grc' dir='ltr'>ἀλη-</span> 
     </span>
    </p>
   </div>
   <div class='ocr_carea' id='block_1_19' title="bbox 2173 1131 3821 1215">
    <p class='ocr_par' dir='ltr' id='par_1_19' title="bbox 2173 1131 3821 1215">
     <span class='ocr_line' id='line_1_19' title="bbox 2173 1131 3821 1215; baseline 0.002 -25"><span class='ocrx_word' id='word_1_118' title='bbox 2173 1135 2313 1198; x_wconf 81' lang='grc' dir='ltr'>θείας</span> <span class='ocrx_word' id='word_1_119' title='bbox 2370 1131 2548 1212; x_wconf 76' lang='grc' dir='ltr'>ὅρασίς</span> <span class='ocrx_word' id='word_1_120' title='bbox 2603 1155 2661 1190; x_wconf 86' lang='grc' dir='ltr'><strong>τε</strong></span> <span class='ocrx_word' id='word_1_121' title='bbox 2716 1134 2804 1190; x_wconf 89' lang='grc' dir='ltr'><strong>καὶ</strong></span> <span class='ocrx_word' id='word_1_122' title='bbox 2861 1135 3161 1215; x_wconf 70' lang='grc' dir='ltr'>ἐπιστήμη,</span> <span class='ocrx_word' id='word_1_123' title='bbox 3220 1136 3254 1204; x_wconf 80' lang='grc' dir='ltr'>ἡ</span> <span class='ocrx_word' id='word_1_124' title='bbox 3302 1136 3404 1202; x_wconf 76' lang='grc' dir='ltr'><strong>τῆς</strong></span> <span class='ocrx_word' id='word_1_125' title='bbox 3437 1134 3694 1201; x_wconf 77' lang='grc' dir='ltr'>ἑνοειδοῦς</span> <span class='ocrx_word' id='word_1_126' title='bbox 3725 1157 3821 1194; x_wconf 84' lang='grc' dir='ltr'>τε-</span> 
     </span>
    </p>
   </div>
   <div class='ocr_carea' id='block_1_20' title="bbox 443 1219 2094 1307">
    <p class='ocr_par' dir='ltr' id='par_1_20' title="bbox 443 1219 2087 1303">
     <span class='ocr_line' id='line_1_20' title="bbox 443 1219 2087 1303; baseline -0.001 -19"><span class='ocrx_word' id='word_1_127' title='bbox 443 1241 560 1303; x_wconf 91' lang='lat' dir='ltr'><strong>que</strong></span> <span class='ocrx_word' id='word_1_128' title='bbox 588 1222 698 1283; x_wconf 89' lang='lat' dir='ltr'><strong>hac</strong></span> <span class='ocrx_word' id='word_1_129' title='bbox 717 1221 880 1301; x_wconf 84' lang='lat' dir='ltr'><strong>prior</strong></span> <span class='ocrx_word' id='word_1_130' title='bbox 924 1227 1037 1294; x_wconf 88' lang='lat' dir='ltr'><strong>est,</strong></span> <span class='ocrx_word' id='word_1_131' title='bbox 1072 1219 1158 1280; x_wconf 84' lang='lat' dir='ltr'><strong>illi</strong></span> <span class='ocrx_word' id='word_1_132' title='bbox 1188 1219 1629 1281; x_wconf 88' lang='lat' dir='ltr'><strong>adversantium</strong></span> <span class='ocrx_word' id='word_1_133' title='bbox 1661 1220 2005 1283; x_wconf 90' lang='lat' dir='ltr'><strong>omnimoda</strong></span> <span class='ocrx_word' id='word_1_134' title='bbox 2028 1229 2087 1284; x_wconf 87' lang='lat' dir='ltr'><strong>et</strong></span> 
     </span>
    </p>
   </div>
   <div class='ocr_carea' id='block_1_21' title="bbox 2180 1219 3814 1307">
    <p class='ocr_par' dir='ltr' id='par_1_21' title="bbox 2180 1221 3814 1307">
     <span class='ocr_line' id='line_1_21' title="bbox 2180 1221 3814 1307; baseline 0.001 -26"><span class='ocrx_word' id='word_1_135' title='bbox 2180 1224 2434 1288; x_wconf 55' lang='lat' dir='ltr'><strong>turbasti);</strong></span> <span class='ocrx_word' id='word_1_136' title='bbox 2466 1222 2637 1287; x_wconf 73' lang='grc' dir='ltr'>ἔνθεος</span> <span class='ocrx_word' id='word_1_137' title='bbox 2671 1221 2900 1305; x_wconf 81' lang='grc' dir='ltr'>μέθεξις,</span> <span class='ocrx_word' id='word_1_138' title='bbox 2936 1224 3094 1282; x_wconf 76' lang='grc' dir='ltr'><strong>αὖτοῦ</strong></span> <span class='ocrx_word' id='word_1_139' title='bbox 3142 1226 3234 1280; x_wconf 77' lang='grc' dir='ltr'>τοῦ</span> <span class='ocrx_word' id='word_1_140' title='bbox 3263 1223 3379 1285; x_wconf 78' lang='grc' dir='ltr'>ἑνὸς</span> <span class='ocrx_word' id='word_1_141' title='bbox 3447 1227 3520 1290; x_wconf 84' lang='grc' dir='ltr'>ὡς</span> <span class='ocrx_word' id='word_1_142' title='bbox 3577 1225 3814 1307; x_wconf 59' lang='grc' dir='ltr'>ἐφικτὸν</span> 
     </span>
    </p>
   </div>
   <div class='ocr_carea' id='block_1_22' title="bbox 439 1308 2094 1395">
    <p class='ocr_par' dir='ltr' id='par_1_22' title="bbox 439 1308 2082 1394">
     <span class='ocr_line' id='line_1_22' title="bbox 439 1308 2082 1394; baseline 0.001 -21"><span class='ocrx_word' id='word_1_143' title='bbox 439 1309 852 1374; x_wconf 87' lang='lat' dir='ltr'><strong>irrevertibilis</strong></span> <span class='ocrx_word' id='word_1_144' title='bbox 907 1308 1327 1388; x_wconf 75' lang='lat' dir='ltr'><strong>fuga,cognitio</strong></span> <span class='ocrx_word' id='word_1_145' title='bbox 1383 1327 1584 1372; x_wconf 86' lang='lat' dir='ltr'><strong>rerum</strong></span> <span class='ocrx_word' id='word_1_146' title='bbox 1626 1329 1742 1392; x_wconf 88' lang='lat' dir='ltr'><strong>qua</strong></span> <span class='ocrx_word' id='word_1_147' title='bbox 1787 1329 1885 1372; x_wconf 92' lang='lat' dir='ltr'><strong>res</strong></span> <span class='ocrx_word' id='word_1_148' title='bbox 1921 1321 2082 1394; x_wconf 80' lang='lat' dir='ltr'><strong>sunt,</strong></span> 
     </span>
    </p>
   </div>
   <div class='ocr_carea' id='block_1_23' title="bbox 2180 1308 3824 1395">
    <p class='ocr_par' dir='ltr' id='par_1_23' title="bbox 2180 1313 3824 1395">
     <span class='ocr_line' id='line_1_23' title="bbox 2180 1313 3824 1395; baseline 0.002 -25"><span class='ocrx_word' id='word_1_149' title='bbox 2180 1314 2326 1383; x_wconf 68' lang='grc' dir='ltr'><strong>ἣτῆς</strong></span> <span class='ocrx_word' id='word_1_150' title='bbox 2353 1313 2580 1388; x_wconf 80' lang='grc' dir='ltr'>ἰποψίας</span> <span class='ocrx_word' id='word_1_151' title='bbox 2633 1314 2888 1388; x_wconf 74' lang='grc' dir='ltr'><strong>ἑστίασις,</strong></span> <span class='ocrx_word' id='word_1_152' title='bbox 2936 1314 3195 1395; x_wconf 75' lang='grc' dir='ltr'><strong>τρέφουσα</strong></span> <span class='ocrx_word' id='word_1_153' title='bbox 3225 1320 3432 1382; x_wconf 85' lang='grc' dir='ltr'>νοητῶς</span> <span class='ocrx_word' id='word_1_154' title='bbox 3490 1316 3578 1373; x_wconf 81' lang='grc' dir='ltr'><strong>καὶ</strong></span> <span class='ocrx_word' id='word_1_155' title='bbox 3635 1319 3824 1374; x_wconf 75' lang='grc' dir='ltr'>θεοῦσα</span> 
     </span>
    </p>
   </div>
   <div class='ocr_carea' id='block_1_24' title="bbox 441 1398 2086 1480">
    <p class='ocr_par' dir='ltr' id='par_1_24' title="bbox 441 1398 2086 1480">
     <span class='ocr_line' id='line_1_24' title="bbox 441 1398 2086 1480; baseline 0.001 -17"><span class='ocrx_word' id='word_1_156' title='bbox 441 1419 625 1463; x_wconf 69' lang='lat' dir='ltr'><strong>sacrae</strong></span> <span class='ocrx_word' id='word_1_157' title='bbox 656 1399 918 1462; x_wconf 86' lang='lat' dir='ltr'><strong>veritatis</strong></span> <span class='ocrx_word' id='word_1_158' title='bbox 970 1398 1116 1460; x_wconf 85' lang='lat' dir='ltr'><strong>visio</strong></span> <span class='ocrx_word' id='word_1_159' title='bbox 1160 1399 1548 1479; x_wconf 88' lang='lat' dir='ltr'><strong>scientiaque,</strong></span> <span class='ocrx_word' id='word_1_160' title='bbox 1577 1401 1866 1480; x_wconf 87' lang='lat' dir='ltr'><strong>simplicis</strong></span> <span class='ocrx_word' id='word_1_161' title='bbox 1887 1402 2086 1480; x_wconf 82' lang='lat' dir='ltr'><strong>perfe-</strong></span> 
     </span>
    </p>
   </div>
   <div class='ocr_carea' id='block_1_25' title="bbox 2168 1404 3216 1478">
    <p class='ocr_par' dir='ltr' id='par_1_25' title="bbox 2168 1404 3216 1478">
     <span class='ocr_line' id='line_1_25' title="bbox 2168 1404 3216 1478; baseline -0.002 -17"><span class='ocrx_word' id='word_1_162' title='bbox 2168 1404 2342 1461; x_wconf 80' lang='grc' dir='ltr'>πάντα</span> <span class='ocrx_word' id='word_1_163' title='bbox 2369 1405 2461 1460; x_wconf 79' lang='grc' dir='ltr'><strong>τὸν</strong></span> <span class='ocrx_word' id='word_1_164' title='bbox 2489 1405 2562 1466; x_wconf 74' lang='grc' dir='ltr'><strong>εἰς</strong></span> <span class='ocrx_word' id='word_1_165' title='bbox 2595 1404 2756 1471; x_wconf 71' lang='grc' dir='ltr'>αὐτὴν</span> <span class='ocrx_word' id='word_1_166' title='bbox 2787 1404 3216 1478; x_wconf 84' lang='grc' dir='ltr'>ἀνατεινόμενον,</span> 
     </span>
    </p>
   </div>
   <div class='ocr_carea' id='block_1_26' title="bbox 441 1488 3823 1576">
    <p class='ocr_par' dir='ltr' id='par_1_26' title="bbox 441 1488 3823 1576">
     <span class='ocr_line' id='line_1_26' title="bbox 441 1488 3823 1576; baseline 0.001 -21"><span class='ocrx_word' id='word_1_167' title='bbox 441 1491 657 1555; x_wconf 91' lang='lat' dir='ltr'><strong>ctionis</strong></span> <span class='ocrx_word' id='word_1_168' title='bbox 689 1491 820 1572; x_wconf 89' lang='lat' dir='ltr'><strong>ejus</strong></span> <span class='ocrx_word' id='word_1_169' title='bbox 851 1489 950 1571; x_wconf 89' lang='lat' dir='ltr'><strong>qui</strong></span> <span class='ocrx_word' id='word_1_170' title='bbox 981 1507 1218 1551; x_wconf 89' lang='lat' dir='ltr'><strong>summe</strong></span> <span class='ocrx_word' id='word_1_171' title='bbox 1247 1488 1499 1570; x_wconf 80' lang='lat' dir='ltr'><strong>simplex</strong></span> <span class='ocrx_word' id='word_1_172' title='bbox 1521 1499 1635 1570; x_wconf 91' lang='lat' dir='ltr'><strong>est,</strong></span> <span class='ocrx_word' id='word_1_173' title='bbox 1669 1491 1861 1552; x_wconf 86' lang='lat' dir='ltr'><strong>divina</strong></span> <span class='ocrx_word' id='word_1_174' title='bbox 1893 1493 2262 1576; x_wconf 83' lang='lat' dir='ltr'><strong>participatio</strong></span> <span class='ocrx_word' id='word_1_175' title='bbox 2300 1511 2316 1570; x_wconf 87' lang='lat'><strong>;</strong></span> <span class='ocrx_word' id='word_1_176' title='bbox 2365 1491 2569 1557; x_wconf 81' lang='lat' dir='ltr'><strong>fruitio</strong></span> <span class='ocrx_word' id='word_1_177' title='bbox 2597 1493 2962 1574; x_wconf 86' lang='lat' dir='ltr'><strong>intuitionis,</strong></span> <span class='ocrx_word' id='word_1_178' title='bbox 2997 1510 3132 1576; x_wconf 59' lang='lat' dir='ltr'><strong>quis</strong></span> <span class='ocrx_word' id='word_1_179' title='bbox 3158 1511 3404 1560; x_wconf 88' lang='lat' dir='ltr'><strong>omnem</strong></span> <span class='ocrx_word' id='word_1_180' title='bbox 3431 1494 3530 1558; x_wconf 88' lang='lat' dir='ltr'><strong>sui</strong></span> <span class='ocrx_word' id='word_1_181' title='bbox 3561 1502 3823 1561; x_wconf 87' lang='lat' dir='ltr'><strong>conten-</strong></span> 
     </span>
    </p>
   </div>
   <div class='ocr_carea' id='block_1_27' title="bbox 444 1578 1869 1664">
    <p class='ocr_par' dir='ltr' id='par_1_27' title="bbox 444 1578 1869 1664">
     <span class='ocr_line' id='line_1_27' title="bbox 444 1578 1869 1664; baseline 0.001 -22"><span class='ocrx_word' id='word_1_182' title='bbox 444 1580 736 1663; x_wconf 89' lang='lat' dir='ltr'><strong>platorem</strong></span> <span class='ocrx_word' id='word_1_183' title='bbox 765 1578 1020 1661; x_wconf 87' lang='lat' dir='ltr'><strong>spiritali</strong></span> <span class='ocrx_word' id='word_1_184' title='bbox 1054 1579 1232 1642; x_wconf 87' lang='lat' dir='ltr'><strong>modo</strong></span> <span class='ocrx_word' id='word_1_185' title='bbox 1263 1579 1456 1642; x_wconf 81' lang='lat' dir='ltr'><strong>reﬁcit</strong></span> <span class='ocrx_word' id='word_1_186' title='bbox 1484 1579 1869 1664; x_wconf 80' lang='lat' dir='ltr'><strong>deiﬁcatque.</strong></span> 
     </span>
    </p>
   </div>
   <div class='ocr_carea' id='block_1_28' title="bbox 2049 1743 2223 1826">
    <p class='ocr_par' dir='ltr' id='par_1_28' title="bbox 2049 1743 2223 1826">
     <span class='ocr_line' id='line_1_28' title="bbox 2049 1743 2223 1826; baseline 0.017 -19"><span class='ocrx_word' id='word_1_187' title='bbox 2049 1745 2079 1826; x_wconf 83' lang='lat'>§</span> <span class='ocrx_word' id='word_1_188' title='bbox 2121 1743 2223 1810; x_wconf 88' lang='lat' dir='ltr'><strong>1v.</strong></span> 
     </span>
    </p>
   </div>
   <div class='ocr_carea' id='block_1_29' title="bbox 519 1869 2094 1955">
    <p class='ocr_par' dir='ltr' id='par_1_29' title="bbox 519 1871 2094 1955">
     <span class='ocr_line' id='line_1_29' title="bbox 519 1871 2094 1955; baseline -0.003 -17"><span class='ocrx_word' id='word_1_189' title='bbox 519 1873 786 1938; x_wconf 87' lang='lat' dir='ltr'><strong>Dicimus</strong></span> <span class='ocrx_word' id='word_1_190' title='bbox 815 1873 1038 1954; x_wconf 85' lang='lat' dir='ltr'><strong>itaque,</strong></span> <span class='ocrx_word' id='word_1_191' title='bbox 1072 1873 1182 1937; x_wconf 89' lang='lat' dir='ltr'><strong>Dei</strong></span> <span class='ocrx_word' id='word_1_192' title='bbox 1209 1873 1601 1955; x_wconf 88' lang='lat' dir='ltr'><strong>principalem</strong></span> <span class='ocrx_word' id='word_1_193' title='bbox 1636 1871 2094 1948; x_wconf 89' lang='lat' dir='ltr'><strong>beatitudinem,</strong></span> 
     </span>
    </p>
   </div>
   <div class='ocr_carea' id='block_1_30' title="bbox 2180 1869 3826 1955">
    <p class='ocr_par' dir='ltr' id='par_1_30' title="bbox 2261 1869 3826 1952">
     <span class='ocr_line' id='line_1_30' title="bbox 2261 1869 3826 1952; baseline -0.003 -22"><span class='ocrx_word' id='word_1_194' title='bbox 2261 1872 2515 1952; x_wconf 88' lang='grc' dir='ltr'>Λέγωμεν</span> <span class='ocrx_word' id='word_1_195' title='bbox 2539 1870 2603 1923; x_wconf 78' lang='grc'><strong>86</strong></span> <span class='ocrx_word' id='word_1_196' title='bbox 2631 1872 2826 1951; x_wconf 88' lang='grc' dir='ltr'>τοίνυν,</span> <span class='ocrx_word' id='word_1_197' title='bbox 2860 1872 2894 1939; x_wconf 80' lang='grc' dir='ltr'>ἡ</span> <span class='ocrx_word' id='word_1_198' title='bbox 2927 1870 3193 1950; x_wconf 76' lang='grc' dir='ltr'>θεαρχικὴ</span> <span class='ocrx_word' id='word_1_199' title='bbox 3231 1870 3595 1950; x_wconf 81' lang='grc' dir='ltr'>μακαριότης,</span> <span class='ocrx_word' id='word_1_200' title='bbox 3655 1871 3690 1939; x_wconf 78' lang='grc' dir='ltr'><strong>ἡ</strong></span> <span class='ocrx_word' id='word_1_201' title='bbox 3756 1869 3826 1951; x_wconf 73' lang='grc' dir='ltr'>φύ</span> 
     </span>
    </p>
   </div>
   <div class='ocr_carea' id='block_1_31' title="bbox 438 1963 2089 2050">
    <p class='ocr_par' dir='ltr' id='par_1_31' title="bbox 438 1963 2089 2050">
     <span class='ocr_line' id='line_1_31' title="bbox 438 1963 2089 2050; baseline -0.002 -22"><span class='ocrx_word' id='word_1_202' title='bbox 438 1985 571 2050; x_wconf 67' lang='lat' dir='ltr'><strong>quae</strong></span> <span class='ocrx_word' id='word_1_203' title='bbox 596 1974 805 2027; x_wconf 87' lang='lat' dir='ltr'><strong>natura</strong></span> <span class='ocrx_word' id='word_1_204' title='bbox 831 1965 1020 2025; x_wconf 89' lang='lat' dir='ltr'><strong>deitas</strong></span> <span class='ocrx_word' id='word_1_205' title='bbox 1053 1972 1142 2026; x_wconf 92' lang='lat' dir='ltr'><strong>est</strong></span> <span class='ocrx_word' id='word_1_206' title='bbox 1185 1963 1544 2044; x_wconf 88' lang='lat' dir='ltr'><strong>principium</strong></span> <span class='ocrx_word' id='word_1_207' title='bbox 1568 1963 1984 2041; x_wconf 82' lang='lat' dir='ltr'><strong>deiﬁcationis,</strong></span> <span class='ocrx_word' id='word_1_208' title='bbox 2016 1981 2089 2025; x_wconf 82' lang='lat' dir='ltr'><strong>ex</strong></span> 
     </span>
    </p>
   </div>
   <div class='ocr_carea' id='block_1_32' title="bbox 439 2053 2090 2140">
    <p class='ocr_par' dir='ltr' id='par_1_32' title="bbox 439 2053 2090 2140">
     <span class='ocr_line' id='line_1_32' title="bbox 439 2053 2090 2140; baseline -0.002 -22"><span class='ocrx_word' id='word_1_209' title='bbox 439 2055 614 2140; x_wconf 89' lang='lat' dir='ltr'><strong>quoii</strong></span> <span class='ocrx_word' id='word_1_210' title='bbox 635 2055 738 2133; x_wconf 91' lang='lat' dir='ltr'><strong>qui</strong></span> <span class='ocrx_word' id='word_1_211' title='bbox 769 2054 1082 2116; x_wconf 85' lang='lat' dir='ltr'><strong>deiﬁcandi</strong></span> <span class='ocrx_word' id='word_1_212' title='bbox 1115 2061 1250 2114; x_wconf 90' lang='lat' dir='ltr'><strong>sunt</strong></span> <span class='ocrx_word' id='word_1_213' title='bbox 1292 2053 1668 2125; x_wconf 85' lang='lat' dir='ltr'><strong>deiﬁcantur,</strong></span> <span class='ocrx_word' id='word_1_214' title='bbox 1700 2053 1894 2115; x_wconf 82' lang='lat' dir='ltr'><strong>divina</strong></span> <span class='ocrx_word' id='word_1_215' title='bbox 1926 2053 2090 2115; x_wconf 89' lang='lat' dir='ltr'><strong>boni-</strong></span> 
     </span>
    </p>
   </div>
   <div class='ocr_carea' id='block_1_33' title="bbox 440 2143 2087 2214">
    <p class='ocr_par' dir='ltr' id='par_1_33' title="bbox 440 2143 2087 2214">
     <span class='ocr_line' id='line_1_33' title="bbox 440 2143 2087 2214; baseline -0.001 -8"><span class='ocrx_word' id='word_1_216' title='bbox 440 2153 558 2207; x_wconf 90' lang='lat' dir='ltr'><strong>tate</strong></span> <span class='ocrx_word' id='word_1_217' title='bbox 580 2163 813 2206; x_wconf 84' lang='lat' dir='ltr'><strong>sacrum</strong></span> <span class='ocrx_word' id='word_1_218' title='bbox 838 2144 1136 2214; x_wconf 90' lang='lat' dir='ltr'><strong>ordinem,</strong></span> <span class='ocrx_word' id='word_1_219' title='bbox 1171 2144 1232 2204; x_wconf 89' lang='lat' dir='ltr'><strong>in</strong></span> <span class='ocrx_word' id='word_1_220' title='bbox 1256 2143 1510 2204; x_wconf 88' lang='lat' dir='ltr'><strong>salutem</strong></span> <span class='ocrx_word' id='word_1_221' title='bbox 1560 2155 1617 2204; x_wconf 91' lang='lat' dir='ltr'><strong>et</strong></span> <span class='ocrx_word' id='word_1_222' title='bbox 1647 2143 2087 2206; x_wconf 88' lang='lat' dir='ltr'><strong>deiﬁcationem</strong></span> 
     </span>
    </p>
   </div>
   <div class='ocr_carea' id='block_1_34' title="bbox 439 2231 2092 2314">
    <p class='ocr_par' dir='ltr' id='par_1_34' title="bbox 439 2231 2092 2314">
     <span class='ocr_line' id='line_1_34' title="bbox 439 2231 2092 2314; baseline -0.001 -18"><span class='ocrx_word' id='word_1_223' title='bbox 439 2237 876 2314; x_wconf 87' lang='lat' dir='ltr'><strong>omnium,cum</strong></span> <span class='ocrx_word' id='word_1_224' title='bbox 896 2233 1276 2296; x_wconf 89' lang='lat' dir='ltr'><strong>rationalium</strong></span> <span class='ocrx_word' id='word_1_225' title='bbox 1298 2241 1418 2294; x_wconf 92' lang='lat' dir='ltr'><strong>tum</strong></span> <span class='ocrx_word' id='word_1_226' title='bbox 1443 2231 1792 2312; x_wconf 85' lang='lat' dir='ltr'><strong>spiritalium</strong></span> <span class='ocrx_word' id='word_1_227' title='bbox 1811 2234 2092 2294; x_wconf 85' lang='lat' dir='ltr'><strong>essentia-</strong></span> 
     </span>
    </p>
   </div>
   <div class='ocr_carea' id='block_1_35' title="bbox 440 2322 2088 2403">
    <p class='ocr_par' dir='ltr' id='par_1_35' title="bbox 440 2322 2088 2403">
     <span class='ocr_line' id='line_1_35' title="bbox 440 2322 2088 2403; baseline -0.002 -16"><span class='ocrx_word' id='word_1_228' title='bbox 440 2324 1086 2396; x_wconf 86' lang='lat' dir='ltr'><strong>rum,concessisse.Ac</strong></span> <span class='ocrx_word' id='word_1_229' title='bbox 1117 2323 1350 2403; x_wconf 88' lang='lat' dir='ltr'><strong>superis</strong></span> <span class='ocrx_word' id='word_1_230' title='bbox 1383 2322 1622 2402; x_wconf 90' lang='lat' dir='ltr'><strong>quidem</strong></span> <span class='ocrx_word' id='word_1_231' title='bbox 1651 2322 1938 2403; x_wconf 90' lang='lat' dir='ltr'><strong>beatoque</strong></span> <span class='ocrx_word' id='word_1_232' title='bbox 1971 2323 2088 2384; x_wconf 92' lang='lat' dir='ltr'><strong>otio</strong></span> 
     </span>
    </p>
   </div>
   <div class='ocr_carea' id='block_1_36' title="bbox 439 2413 2085 2495">
    <p class='ocr_par' dir='ltr' id='par_1_36' title="bbox 439 2413 2085 2495">
     <span class='ocr_line' id='line_1_36' title="bbox 439 2413 2085 2495; baseline -0.002 -17"><span class='ocrx_word' id='word_1_233' title='bbox 439 2413 984 2495; x_wconf 80' lang='lat' dir='ltr'><strong>fruentibus,modo</strong></span> <span class='ocrx_word' id='word_1_234' title='bbox 1014 2414 1201 2492; x_wconf 80' lang='lat' dir='ltr'><strong>magis</strong></span> <span class='ocrx_word' id='word_1_235' title='bbox 1230 2413 1627 2474; x_wconf 84' lang='lat' dir='ltr'><strong>immateriato</strong></span> <span class='ocrx_word' id='word_1_236' title='bbox 1647 2431 1714 2473; x_wconf 92' lang='lat' dir='ltr'><strong>ac</strong></span> <span class='ocrx_word' id='word_1_237' title='bbox 1741 2413 2085 2492; x_wconf 86' lang='lat' dir='ltr'><strong>spiritaliori</strong></span> 
     </span>
    </p>
   </div>
   <div class='ocr_carea' id='block_1_37' title="bbox 446 2501 2082 2586">
    <p class='ocr_par' dir='ltr' id='par_1_37' title="bbox 446 2501 2082 2586">
     <span class='ocr_line' id='line_1_37' title="bbox 446 2501 2082 2586; baseline -0.002 -21"><span class='ocrx_word' id='word_1_238' title='bbox 446 2503 590 2586; x_wconf 88' lang='lat' dir='ltr'><strong>(non</strong></span> <span class='ocrx_word' id='word_1_239' title='bbox 614 2504 773 2566; x_wconf 89' lang='lat' dir='ltr'><strong>enim</strong></span> <span class='ocrx_word' id='word_1_240' title='bbox 807 2503 1181 2566; x_wconf 86' lang='lat' dir='ltr'><strong>extrinsecus</strong></span> <span class='ocrx_word' id='word_1_241' title='bbox 1211 2520 1312 2564; x_wconf 90' lang='lat' dir='ltr'><strong>eos</strong></span> <span class='ocrx_word' id='word_1_242' title='bbox 1344 2501 1502 2563; x_wconf 91' lang='lat' dir='ltr'><strong>Deus</strong></span> <span class='ocrx_word' id='word_1_243' title='bbox 1521 2501 1593 2563; x_wconf 90' lang='lat' dir='ltr'><strong>ad</strong></span> <span class='ocrx_word' id='word_1_244' title='bbox 1626 2501 1828 2564; x_wconf 88' lang='lat' dir='ltr'><strong>divina</strong></span> <span class='ocrx_word' id='word_1_245' title='bbox 1859 2514 2082 2583; x_wconf 82' lang='lat' dir='ltr'><strong>movet,</strong></span> 
     </span>
    </p>
   </div>
   <div class='ocr_carea' id='block_1_38' title="bbox 442 2591 2093 2672">
    <p class='ocr_par' dir='ltr' id='par_1_38' title="bbox 442 2591 2093 2672">
     <span class='ocr_line' id='line_1_38' title="bbox 442 2591 2093 2672; baseline -0.002 -15"><span class='ocrx_word' id='word_1_246' title='bbox 442 2593 548 2658; x_wconf 85' lang='lat' dir='ltr'><strong>sed</strong></span> <span class='ocrx_word' id='word_1_247' title='bbox 582 2593 942 2672; x_wconf 82' lang='lat' dir='ltr'><strong>intelligibili</strong></span> <span class='ocrx_word' id='word_1_248' title='bbox 973 2597 1227 2665; x_wconf 84' lang='lat' dir='ltr'><strong>ratione,</strong></span> <span class='ocrx_word' id='word_1_249' title='bbox 1255 2601 1434 2672; x_wconf 84' lang='lat' dir='ltr'><strong>atque</strong></span> <span class='ocrx_word' id='word_1_250' title='bbox 1465 2591 1830 2653; x_wconf 89' lang='lat' dir='ltr'><strong>intrinsecus</strong></span> <span class='ocrx_word' id='word_1_251' title='bbox 1852 2609 2000 2672; x_wconf 89' lang='lat' dir='ltr'><strong>pura</strong></span> <span class='ocrx_word' id='word_1_252' title='bbox 2022 2592 2093 2653; x_wconf 85' lang='lat' dir='ltr'><strong>li-</strong></span> 
     </span>
    </p>
   </div>
   <div class='ocr_carea' id='block_1_39' title="bbox 442 2679 2090 2764">
    <p class='ocr_par' dir='ltr' id='par_1_39' title="bbox 442 2679 2090 2764">
     <span class='ocr_line' id='line_1_39' title="bbox 442 2679 2090 2764; baseline -0.001 -19"><span class='ocrx_word' id='word_1_253' title='bbox 442 2683 743 2764; x_wconf 84' lang='lat' dir='ltr'><strong>quidaque</strong></span> <span class='ocrx_word' id='word_1_254' title='bbox 765 2681 1161 2744; x_wconf 88' lang='lat' dir='ltr'><strong>illustratione</strong></span> <span class='ocrx_word' id='word_1_255' title='bbox 1180 2679 1610 2743; x_wconf 89' lang='lat' dir='ltr'><strong>divinissimam</strong></span> <span class='ocrx_word' id='word_1_256' title='bbox 1631 2680 1703 2740; x_wconf 91' lang='lat' dir='ltr'><strong>iis</strong></span> <span class='ocrx_word' id='word_1_257' title='bbox 1724 2681 2090 2744; x_wconf 88' lang='lat' dir='ltr'><strong>voluntatem</strong></span> 
     </span>
    </p>
   </div>
   <div class='ocr_carea' id='block_1_40' title="bbox 439 2769 2079 2853">
    <p class='ocr_par' dir='ltr' id='par_1_40' title="bbox 439 2769 2079 2853">
     <span class='ocr_line' id='line_1_40' title="bbox 439 2769 2079 2853; baseline -0.003 -15"><span class='ocrx_word' id='word_1_258' title='bbox 439 2773 810 2851; x_wconf 66' lang='lat' dir='ltr'><strong>irracliando)</strong></span> <span class='ocrx_word' id='word_1_259' title='bbox 837 2771 1009 2834; x_wconf 90' lang='lat' dir='ltr'><strong>nobis</strong></span> <span class='ocrx_word' id='word_1_260' title='bbox 1033 2780 1259 2853; x_wconf 87' lang='lat' dir='ltr'><strong>autem,</strong></span> <span class='ocrx_word' id='word_1_261' title='bbox 1282 2770 1440 2852; x_wconf 88' lang='lat' dir='ltr'><strong>quod</strong></span> <span class='ocrx_word' id='word_1_262' title='bbox 1465 2769 1793 2850; x_wconf 81' lang='lat' dir='ltr'><strong>simplicius</strong></span> <span class='ocrx_word' id='word_1_263' title='bbox 1816 2770 1934 2832; x_wconf 91' lang='lat' dir='ltr'><strong>illis</strong></span> <span class='ocrx_word' id='word_1_264' title='bbox 1958 2770 2079 2833; x_wconf 86' lang='lat' dir='ltr'><strong>col-</strong></span> 
     </span>
    </p>
   </div>
   <div class='ocr_carea' id='block_1_41' title="bbox 441 2859 2088 2943">
    <p class='ocr_par' dir='ltr' id='par_1_41' title="bbox 441 2859 2088 2943">
     <span class='ocr_line' id='line_1_41' title="bbox 441 2859 2088 2943; baseline -0.003 -17"><span class='ocrx_word' id='word_1_265' title='bbox 441 2863 766 2943; x_wconf 83' lang='lat' dir='ltr'><strong>iectimque</strong></span> <span class='ocrx_word' id='word_1_266' title='bbox 790 2861 1222 2942; x_wconf 66' lang='lat' dir='ltr'><strong>praestitum,ex</strong></span> <span class='ocrx_word' id='word_1_267' title='bbox 1246 2859 1527 2920; x_wconf 85' lang='lat' dir='ltr'><strong>divinitus</strong></span> <span class='ocrx_word' id='word_1_268' title='bbox 1555 2860 1788 2920; x_wconf 87' lang='lat' dir='ltr'><strong>traditis</strong></span> <span class='ocrx_word' id='word_1_269' title='bbox 1811 2859 2088 2941; x_wconf 90' lang='lat' dir='ltr'><strong>eloquiis,</strong></span> 
     </span>
    </p>
   </div>
   <div class='ocr_carea' id='block_1_42' title="bbox 444 2949 2091 3036">
    <p class='ocr_par' dir='ltr' id='par_1_42' title="bbox 444 2949 2091 3036">
     <span class='ocr_line' id='line_1_42' title="bbox 444 2949 2091 3036; baseline -0.002 -21"><span class='ocrx_word' id='word_1_270' title='bbox 444 2973 552 3036; x_wconf 87' lang='lat' dir='ltr'><strong>pro</strong></span> <span class='ocrx_word' id='word_1_271' title='bbox 597 2960 770 3033; x_wconf 88' lang='lat' dir='ltr'><strong>captu</strong></span> <span class='ocrx_word' id='word_1_272' title='bbox 803 2959 1032 3024; x_wconf 91' lang='lat' dir='ltr'><strong>nostro,</strong></span> <span class='ocrx_word' id='word_1_273' title='bbox 1072 2949 1457 3011; x_wconf 88' lang='lat' dir='ltr'><strong>divisibilium</strong></span> <span class='ocrx_word' id='word_1_274' title='bbox 1506 2951 1787 3012; x_wconf 86' lang='lat' dir='ltr'><strong>varietate</strong></span> <span class='ocrx_word' id='word_1_275' title='bbox 1820 2951 2091 3011; x_wconf 87' lang='lat' dir='ltr'><strong>multitu-</strong></span> 
     </span>
    </p>
   </div>
   <div class='ocr_carea' id='block_1_43' title="bbox 446 3038 2092 3124">
    <p class='ocr_par' dir='ltr' id='par_1_43' title="bbox 446 3038 2092 3124">
     <span class='ocr_line' id='line_1_43' title="bbox 446 3038 2092 3124; baseline -0.002 -19"><span class='ocrx_word' id='word_1_276' title='bbox 446 3043 706 3124; x_wconf 90' lang='lat' dir='ltr'><strong>dineque</strong></span> <span class='ocrx_word' id='word_1_277' title='bbox 735 3045 1036 3120; x_wconf 84' lang='lat' dir='ltr'><strong>signorum</strong></span> <span class='ocrx_word' id='word_1_278' title='bbox 1072 3039 1356 3100; x_wconf 90' lang='lat' dir='ltr'><strong>donatum</strong></span> <span class='ocrx_word' id='word_1_279' title='bbox 1395 3047 1506 3100; x_wconf 82' lang='lat' dir='ltr'><strong>est.</strong></span> <span class='ocrx_word' id='word_1_280' title='bbox 1563 3038 1900 3102; x_wconf 90' lang='lat' dir='ltr'><strong>Substantia</strong></span> <span class='ocrx_word' id='word_1_281' title='bbox 1931 3041 2092 3101; x_wconf 88' lang='lat' dir='ltr'><strong>enim</strong></span> 
     </span>
    </p>
   </div>
   <div class='ocr_carea' id='block_1_44' title="bbox 445 3128 2086 3195">
    <p class='ocr_par' dir='ltr' id='par_1_44' title="bbox 445 3128 2086 3195">
     <span class='ocr_line' id='line_1_44' title="bbox 445 3128 2086 3195; baseline -0.002 0"><span class='ocrx_word' id='word_1_282' title='bbox 445 3131 803 3195; x_wconf 77' lang='lat' dir='ltr'><strong>hierarcbize</strong></span> <span class='ocrx_word' id='word_1_283' title='bbox 836 3139 1052 3190; x_wconf 71' lang='lat' dir='ltr'><strong>nostrae</strong></span> <span class='ocrx_word' id='word_1_284' title='bbox 1097 3136 1235 3190; x_wconf 91' lang='lat' dir='ltr'><strong>sunt</strong></span> <span class='ocrx_word' id='word_1_285' title='bbox 1265 3128 1548 3190; x_wconf 85' lang='lat' dir='ltr'><strong>divinitus</strong></span> <span class='ocrx_word' id='word_1_286' title='bbox 1581 3129 1794 3191; x_wconf 87' lang='lat' dir='ltr'><strong>tradita</strong></span> <span class='ocrx_word' id='word_1_287' title='bbox 1828 3129 2086 3191; x_wconf 85' lang='lat' dir='ltr'><strong>oracula.</strong></span> 
     </span>
    </p>
   </div>
   <div class='ocr_carea' id='block_1_45' title="bbox 447 3217 2151 3307">
    <p class='ocr_par' dir='ltr' id='par_1_45' title="bbox 447 3217 2151 3307">
     <span class='ocr_line' id='line_1_45' title="bbox 447 3217 2151 3307; baseline -0.002 -25"><span class='ocrx_word' id='word_1_288' title='bbox 447 3223 700 3283; x_wconf 78' lang='lat' dir='ltr'><strong>Maxime</strong></span> <span class='ocrx_word' id='word_1_289' title='bbox 733 3237 866 3280; x_wconf 79' lang='lat' dir='ltr'><strong>vero</strong></span> <span class='ocrx_word' id='word_1_290' title='bbox 883 3219 998 3280; x_wconf 90' lang='lat' dir='ltr'><strong>ista</strong></span> <span class='ocrx_word' id='word_1_291' title='bbox 1018 3217 1257 3280; x_wconf 89' lang='lat' dir='ltr'><strong>oracula</strong></span> <span class='ocrx_word' id='word_1_292' title='bbox 1277 3217 1531 3307; x_wconf 77' lang='lat' dir='ltr'><strong>dicimus</strong></span> <span class='ocrx_word' id='word_1_293' title='bbox 1547 3217 2094 3307; x_wconf 71' lang='lat' dir='ltr'><strong>veneranda,qua3a</strong></span> <span class='ocrx_word' id='word_1_294' title='bbox 2109 3255 2151 3307; x_wconf 70' lang='grc' dir='ltr'>α</span> 
     </span>
    </p>
   </div>
   <div class='ocr_carea' id='block_1_46' title="bbox 445 3305 2090 3387">
    <p class='ocr_par' dir='ltr' id='par_1_46' title="bbox 445 3305 2090 3387">
     <span class='ocr_line' id='line_1_46' title="bbox 445 3305 2090 3387; baseline -0.002 -15"><span class='ocrx_word' id='word_1_295' title='bbox 445 3308 634 3372; x_wconf 89' lang='lat' dir='ltr'><strong>sacris</strong></span> <span class='ocrx_word' id='word_1_296' title='bbox 655 3309 876 3370; x_wconf 81' lang='lat' dir='ltr'><strong>nostris</strong></span> <span class='ocrx_word' id='word_1_297' title='bbox 908 3305 1520 3369; x_wconf 84' lang='lat' dir='ltr'><strong>initiatoribusdivino</strong></span> <span class='ocrx_word' id='word_1_298' title='bbox 1537 3305 1758 3387; x_wconf 89' lang='lat' dir='ltr'><strong>Spiritu</strong></span> <span class='ocrx_word' id='word_1_299' title='bbox 1781 3307 2090 3382; x_wconf 79' lang='lat' dir='ltr'><strong>afﬂatis,in</strong></span> 
     </span>
    </p>
   </div>
   <div class='ocr_carea' id='block_1_47' title="bbox 443 3396 2094 3479">
    <p class='ocr_par' dir='ltr' id='par_1_47' title="bbox 443 3396 2094 3479">
     <span class='ocr_line' id='line_1_47' title="bbox 443 3396 2094 3479; baseline -0.003 -15"><span class='ocrx_word' id='word_1_300' title='bbox 443 3398 767 3479; x_wconf 86' lang='lat' dir='ltr'><strong>Scripturis</strong></span> <span class='ocrx_word' id='word_1_301' title='bbox 783 3397 1272 3478; x_wconf 86' lang='lat' dir='ltr'><strong>sacrislibrisque</strong></span> <span class='ocrx_word' id='word_1_302' title='bbox 1293 3396 1644 3475; x_wconf 83' lang='lat' dir='ltr'><strong>theologicis</strong></span> <span class='ocrx_word' id='word_1_303' title='bbox 1675 3396 1891 3458; x_wconf 87' lang='lat' dir='ltr'><strong>tradita</strong></span> <span class='ocrx_word' id='word_1_304' title='bbox 1922 3397 2094 3460; x_wconf 89' lang='lat' dir='ltr'><strong>nobis</strong></span> 
     </span>
    </p>
   </div>
   <div class='ocr_carea' id='block_1_48' title="bbox 443 3485 2095 3571">
    <p class='ocr_par' dir='ltr' id='par_1_48' title="bbox 443 3485 2095 3571">
     <span class='ocr_line' id='line_1_48' title="bbox 443 3485 2095 3571; baseline -0.002 -19"><span class='ocrx_word' id='word_1_305' title='bbox 443 3491 698 3571; x_wconf 76' lang='lat' dir='ltr'><strong>aunt;uti</strong></span> <span class='ocrx_word' id='word_1_306' title='bbox 730 3488 908 3550; x_wconf 88' lang='lat' dir='ltr'><strong>etilla</strong></span> <span class='ocrx_word' id='word_1_307' title='bbox 937 3505 1068 3568; x_wconf 64' lang='lat' dir='ltr'><strong>quae</strong></span> <span class='ocrx_word' id='word_1_308' title='bbox 1091 3487 1163 3548; x_wconf 91' lang='lat' dir='ltr'><strong>ab</strong></span> <span class='ocrx_word' id='word_1_309' title='bbox 1181 3485 1396 3548; x_wconf 90' lang='lat' dir='ltr'><strong>iisdem</strong></span> <span class='ocrx_word' id='word_1_310' title='bbox 1424 3485 1565 3547; x_wconf 89' lang='lat' dir='ltr'><strong>viris</strong></span> <span class='ocrx_word' id='word_1_311' title='bbox 1585 3487 1808 3548; x_wconf 87' lang='lat' dir='ltr'><strong>sanctis</strong></span> <span class='ocrx_word' id='word_1_312' title='bbox 1831 3487 2095 3550; x_wconf 91' lang='lat' dir='ltr'><strong>subtilio-</strong></span> 
     </span>
    </p>
   </div>
   <div class='ocr_carea' id='block_1_49' title="bbox 439 3575 2094 3654">
    <p class='ocr_par' dir='ltr' id='par_1_49' title="bbox 439 3575 2094 3654">
     <span class='ocr_line' id='line_1_49' title="bbox 439 3575 2094 3654; baseline -0.002 -11"><span class='ocrx_word' id='word_1_313' title='bbox 439 3580 645 3654; x_wconf 86' lang='lat' dir='ltr'><strong>ri,non</strong></span> <span class='ocrx_word' id='word_1_314' title='bbox 674 3578 917 3640; x_wconf 90' lang='lat' dir='ltr'><strong>omnino</strong></span> <span class='ocrx_word' id='word_1_315' title='bbox 931 3575 1136 3638; x_wconf 86' lang='lat' dir='ltr'><strong>dissita</strong></span> <span class='ocrx_word' id='word_1_316' title='bbox 1151 3575 1223 3637; x_wconf 91' lang='lat' dir='ltr'><strong>ab</strong></span> <span class='ocrx_word' id='word_1_317' title='bbox 1243 3577 1452 3638; x_wconf 86' lang='lat' dir='ltr'><strong>ordine</strong></span> <span class='ocrx_word' id='word_1_318' title='bbox 1487 3575 1713 3638; x_wconf 75' lang='lat' dir='ltr'><strong>caelesti</strong></span> <span class='ocrx_word' id='word_1_319' title='bbox 1737 3576 2094 3640; x_wconf 88' lang='lat' dir='ltr'><strong>insinuatio-</strong></span> 
     </span>
    </p>
   </div>
   <div class='ocr_carea' id='block_1_50' title="bbox 445 3663 2095 3748">
    <p class='ocr_par' dir='ltr' id='par_1_50' title="bbox 445 3663 2095 3748">
     <span class='ocr_line' id='line_1_50' title="bbox 445 3663 2095 3748; baseline -0.003 -16"><span class='ocrx_word' id='word_1_320' title='bbox 445 3687 545 3744; x_wconf 90' lang='lat' dir='ltr'><strong>ne,</strong></span> <span class='ocrx_word' id='word_1_321' title='bbox 573 3668 649 3730; x_wconf 90' lang='lat' dir='ltr'><strong>de</strong></span> <span class='ocrx_word' id='word_1_322' title='bbox 671 3677 872 3729; x_wconf 87' lang='lat' dir='ltr'><strong>monte</strong></span> <span class='ocrx_word' id='word_1_323' title='bbox 898 3666 959 3726; x_wconf 90' lang='lat' dir='ltr'><strong>in</strong></span> <span class='ocrx_word' id='word_1_324' title='bbox 996 3673 1282 3745; x_wconf 84' lang='lat' dir='ltr'><strong>mentem,</strong></span> <span class='ocrx_word' id='word_1_325' title='bbox 1319 3663 1619 3727; x_wconf 87' lang='lat' dir='ltr'><strong>mediante</strong></span> <span class='ocrx_word' id='word_1_326' title='bbox 1651 3665 1855 3740; x_wconf 90' lang='lat' dir='ltr'><strong>verbo,</strong></span> <span class='ocrx_word' id='word_1_327' title='bbox 1875 3685 2095 3748; x_wconf 84' lang='lat' dir='ltr'><strong>corpo-</strong></span> 
     </span>
    </p>
   </div>
   <div class='ocr_carea' id='block_1_51' title="bbox 446 3754 2098 3834">
    <p class='ocr_par' dir='ltr' id='par_1_51' title="bbox 446 3754 2098 3834">
     <span class='ocr_line' id='line_1_51' title="bbox 446 3754 2098 3834; baseline -0.002 -13"><span class='ocrx_word' id='word_1_328' title='bbox 446 3775 551 3821; x_wconf 87' lang='lat' dir='ltr'><strong>reo</strong></span> <span class='ocrx_word' id='word_1_329' title='bbox 595 3756 836 3834; x_wconf 89' lang='lat' dir='ltr'><strong>quidem</strong></span> <span class='ocrx_word' id='word_1_330' title='bbox 878 3755 1002 3824; x_wconf 82' lang='lat' dir='ltr'><strong>illo.</strong></span> <span class='ocrx_word' id='word_1_331' title='bbox 1041 3754 1218 3814; x_wconf 89' lang='lat' dir='ltr'><strong>simul</strong></span> <span class='ocrx_word' id='word_1_332' title='bbox 1257 3762 1454 3815; x_wconf 89' lang='lat' dir='ltr'><strong>tamen</strong></span> <span class='ocrx_word' id='word_1_333' title='bbox 1498 3755 1917 3830; x_wconf 90' lang='lat' dir='ltr'><strong>immateriato,</strong></span> <span class='ocrx_word' id='word_1_334' title='bbox 1969 3757 2098 3818; x_wconf 91' lang='lat' dir='ltr'><strong>sine</strong></span> 
     </span>
    </p>
   </div>
   <div class='ocr_carea' id='block_1_52' title="bbox 447 3844 2098 3926">
    <p class='ocr_par' dir='ltr' id='par_1_52' title="bbox 447 3844 2098 3926">
     <span class='ocr_line' id='line_1_52' title="bbox 447 3844 2098 3926; baseline -0.002 -16"><span class='ocrx_word' id='word_1_335' title='bbox 447 3845 1170 3926; x_wconf 85' lang='lat' dir='ltr'><strong>scriptione,institutores</strong></span> <span class='ocrx_word' id='word_1_336' title='bbox 1198 3844 1384 3904; x_wconf 90' lang='lat' dir='ltr'><strong>nostri</strong></span> <span class='ocrx_word' id='word_1_337' title='bbox 1423 3861 1592 3906; x_wconf 89' lang='lat' dir='ltr'><strong>sacra</strong></span> <span class='ocrx_word' id='word_1_338' title='bbox 1606 3844 1858 3923; x_wconf 77' lang='lat' dir='ltr'><strong>quadam</strong></span> <span class='ocrx_word' id='word_1_339' title='bbox 1888 3844 2098 3906; x_wconf 90' lang='lat' dir='ltr'><strong>tradu-</strong></span> 
     </span>
    </p>
   </div>
   <div class='ocr_carea' id='block_1_53' title="bbox 449 3931 2100 4015">
    <p class='ocr_par' dir='ltr' id='par_1_53' title="bbox 449 3931 2100 4015">
     <span class='ocr_line' id='line_1_53' title="bbox 449 3931 2100 4015; baseline 0 -18"><span class='ocrx_word' id='word_1_340' title='bbox 449 3937 647 3998; x_wconf 90' lang='lat' dir='ltr'><strong>ctione</strong></span> <span class='ocrx_word' id='word_1_341' title='bbox 669 3943 806 3997; x_wconf 90' lang='lat' dir='ltr'><strong>sunt</strong></span> <span class='ocrx_word' id='word_1_342' title='bbox 839 3933 1054 3995; x_wconf 89' lang='lat' dir='ltr'><strong>edocti.</strong></span> <span class='ocrx_word' id='word_1_343' title='bbox 1092 3931 1295 4013; x_wconf 88' lang='lat' dir='ltr'><strong>Neque</strong></span> <span class='ocrx_word' id='word_1_344' title='bbox 1327 3951 1466 3994; x_wconf 90' lang='lat' dir='ltr'><strong>vero</strong></span> <span class='ocrx_word' id='word_1_345' title='bbox 1492 3931 1605 3994; x_wconf 85' lang='lat' dir='ltr'><strong>ista</strong></span> <span class='ocrx_word' id='word_1_346' title='bbox 1649 3932 1848 3994; x_wconf 87' lang='lat' dir='ltr'><strong>divino</strong></span> <span class='ocrx_word' id='word_1_347' title='bbox 1877 3932 2100 4015; x_wconf 90' lang='lat' dir='ltr'><strong>Spiritu</strong></span> 
     </span>
    </p>
   </div>
   <div class='ocr_carea' id='block_1_54' title="bbox 2172 1959 3830 2045">
    <p class='ocr_par' dir='ltr' id='par_1_54' title="bbox 2172 1959 3830 2045">
     <span class='ocr_line' id='line_1_54' title="bbox 2172 1959 3830 2045; baseline -0.002 -26"><span class='ocrx_word' id='word_1_348' title='bbox 2172 1985 2253 2020; x_wconf 86' lang='grc' dir='ltr'><strong>σει</strong></span> <span class='ocrx_word' id='word_1_349' title='bbox 2289 1966 2515 2045; x_wconf 90' lang='grc' dir='ltr'>Θεότης,</span> <span class='ocrx_word' id='word_1_350' title='bbox 2549 1966 2582 2032; x_wconf 80' lang='grc' dir='ltr'>ἡ</span> <span class='ocrx_word' id='word_1_351' title='bbox 2606 1962 2753 2043; x_wconf 79' lang='grc' dir='ltr'>ἀρχὴ</span> <span class='ocrx_word' id='word_1_352' title='bbox 2779 1966 2876 2029; x_wconf 75' lang='grc' dir='ltr'>τῆς</span> <span class='ocrx_word' id='word_1_353' title='bbox 2905 1961 3167 2040; x_wconf 85' lang='grc' dir='ltr'>θεώσεως,</span> <span class='ocrx_word' id='word_1_354' title='bbox 3192 1959 3243 2026; x_wconf 77' lang='grc' dir='ltr'><strong>ἒξ</strong></span> <span class='ocrx_word' id='word_1_355' title='bbox 3274 1963 3340 2028; x_wconf 73' lang='grc' dir='ltr'>ἧς</span> <span class='ocrx_word' id='word_1_356' title='bbox 3364 1963 3424 2017; x_wconf 81' lang='grc' dir='ltr'>τὸ</span> <span class='ocrx_word' id='word_1_357' title='bbox 3447 1963 3684 2018; x_wconf 81' lang='grc' dir='ltr'>θεοῦσθαι</span> <span class='ocrx_word' id='word_1_358' title='bbox 3708 1973 3830 2026; x_wconf 78' lang='grc' dir='ltr'>τοῖς</span> 
     </span>
    </p>
   </div>
   <div class='ocr_carea' id='block_1_55' title="bbox 2171 2050 3824 2132">
    <p class='ocr_par' dir='ltr' id='par_1_55' title="bbox 2171 2050 3824 2132">
     <span class='ocr_line' id='line_1_55' title="bbox 2171 2050 3824 2132; baseline -0.005 -19"><span class='ocrx_word' id='word_1_359' title='bbox 2171 2055 2473 2130; x_wconf 87' lang='grc' dir='ltr'>θεουμένοις</span> <span class='ocrx_word' id='word_1_360' title='bbox 2503 2054 2791 2132; x_wconf 70' lang='grc' dir='ltr'>ἀγαθότητι</span> <span class='ocrx_word' id='word_1_361' title='bbox 2821 2051 2931 2124; x_wconf 76' lang='grc' dir='ltr'>θεία</span> <span class='ocrx_word' id='word_1_362' title='bbox 2959 2050 3022 2100; x_wconf 79' lang='grc'><strong>87</strong></span> <span class='ocrx_word' id='word_1_363' title='bbox 3051 2053 3148 2118; x_wconf 81' lang='grc' dir='ltr'>τὴν</span> <span class='ocrx_word' id='word_1_364' title='bbox 3204 2050 3501 2130; x_wconf 77' lang='grc' dir='ltr'>ἶεραρχίαν,</span> <span class='ocrx_word' id='word_1_365' title='bbox 3563 2050 3648 2107; x_wconf 79' lang='grc' dir='ltr'><strong>ἐπὶ</strong></span> <span class='ocrx_word' id='word_1_366' title='bbox 3706 2072 3824 2106; x_wconf 88' lang='grc' dir='ltr'>σω-</span> 
     </span>
    </p>
   </div>
   <div class='ocr_carea' id='block_1_56' title="bbox 2173 2141 3823 2223">
    <p class='ocr_par' dir='ltr' id='par_1_56' title="bbox 2173 2141 3823 2223">
     <span class='ocr_line' id='line_1_56' title="bbox 2173 2141 3823 2223; baseline -0.004 -21"><span class='ocrx_word' id='word_1_367' title='bbox 2173 2145 2325 2223; x_wconf 81' lang='grc' dir='ltr'>τηρίᾳ</span> <span class='ocrx_word' id='word_1_368' title='bbox 2355 2145 2441 2200; x_wconf 78' lang='grc' dir='ltr'><strong>καὶ</strong></span> <span class='ocrx_word' id='word_1_369' title='bbox 2470 2144 2656 2201; x_wconf 84' lang='grc' dir='ltr'>θεώσει</span> <span class='ocrx_word' id='word_1_370' title='bbox 2683 2143 2896 2200; x_wconf 74' lang='grc' dir='ltr'>πάντων</span> <span class='ocrx_word' id='word_1_371' title='bbox 2929 2143 3033 2198; x_wconf 83' lang='grc' dir='ltr'><strong>τῶν</strong></span> <span class='ocrx_word' id='word_1_372' title='bbox 3079 2146 3309 2219; x_wconf 77' lang='grc' dir='ltr'>λογικῶν</span> <span class='ocrx_word' id='word_1_373' title='bbox 3365 2162 3422 2196; x_wconf 91' lang='grc' dir='ltr'><strong>τε</strong></span> <span class='ocrx_word' id='word_1_374' title='bbox 3481 2141 3571 2198; x_wconf 81' lang='grc' dir='ltr'>καὶ</span> <span class='ocrx_word' id='word_1_375' title='bbox 3626 2145 3823 2218; x_wconf 84' lang='grc' dir='ltr'>νοερῶν</span> 
     </span>
    </p>
   </div>
   <div class='ocr_carea' id='block_1_57' title="bbox 2173 2229 3826 2310">
    <p class='ocr_par' dir='ltr' id='par_1_57' title="bbox 2173 2229 3826 2310">
     <span class='ocr_line' id='line_1_57' title="bbox 2173 2229 3826 2310; baseline -0.003 -18"><span class='ocrx_word' id='word_1_376' title='bbox 2173 2234 2386 2306; x_wconf 73' lang='grc' dir='ltr'>οὐσιῶν,</span> <span class='ocrx_word' id='word_1_377' title='bbox 2447 2231 2776 2310; x_wconf 77' lang='grc' dir='ltr'>ἐδωρήσατο.</span> <span class='ocrx_word' id='word_1_378' title='bbox 2839 2233 2937 2290; x_wconf 81' lang='grc' dir='ltr'><strong>Καὶ</strong></span> <span class='ocrx_word' id='word_1_379' title='bbox 2972 2243 3096 2294; x_wconf 76' lang='grc' dir='ltr'>ταῖς</span> <span class='ocrx_word' id='word_1_380' title='bbox 3153 2229 3250 2305; x_wconf 74' lang='grc' dir='ltr'>μὲν</span> <span class='ocrx_word' id='word_1_381' title='bbox 3305 2229 3679 2307; x_wconf 78' lang='grc' dir='ltr'>ὑπερκοσμίοις</span> <span class='ocrx_word' id='word_1_382' title='bbox 3733 2231 3826 2287; x_wconf 90' lang='grc' dir='ltr'>καὶ</span> 
     </span>
    </p>
   </div>
   <div class='ocr_carea' id='block_1_58' title="bbox 2175 2321 3827 2402">
    <p class='ocr_par' dir='ltr' id='par_1_58' title="bbox 2175 2321 3827 2402">
     <span class='ocr_line' id='line_1_58' title="bbox 2175 2321 3827 2402; baseline -0.003 -21"><span class='ocrx_word' id='word_1_383' title='bbox 2175 2322 2457 2402; x_wconf 82' lang='grc' dir='ltr'>μακαρίαις</span> <span class='ocrx_word' id='word_1_384' title='bbox 2527 2321 2754 2396; x_wconf 78' lang='grc' dir='ltr'>λέξεσιν,</span> <span class='ocrx_word' id='word_1_385' title='bbox 2828 2321 3112 2399; x_wconf 78' lang='grc' dir='ltr'>ἀϋλοτερὸν</span> <span class='ocrx_word' id='word_1_386' title='bbox 3180 2341 3238 2376; x_wconf 92' lang='grc' dir='ltr'><strong>τε</strong></span> <span class='ocrx_word' id='word_1_387' title='bbox 3325 2321 3411 2377; x_wconf 83' lang='grc' dir='ltr'><strong>καὶ</strong></span> <span class='ocrx_word' id='word_1_388' title='bbox 3483 2321 3827 2400; x_wconf 84' lang='grc' dir='ltr'>νοερώτερον,</span> 
     </span>
    </p>
   </div>
   <div class='ocr_carea' id='block_1_59' title="bbox 2179 2409 3829 2494">
    <p class='ocr_par' dir='ltr' id='par_1_59' title="bbox 2179 2409 3829 2494">
     <span class='ocr_line' id='line_1_59' title="bbox 2179 2409 3829 2494; baseline -0.004 -23"><span class='ocrx_word' id='word_1_389' title='bbox 2179 2414 2261 2494; x_wconf 71' lang='grc' dir='ltr'><strong>(οὔ</strong></span> <span class='ocrx_word' id='word_1_390' title='bbox 2289 2414 2358 2463; x_wconf 82' lang='grc'>88</span> <span class='ocrx_word' id='word_1_391' title='bbox 2380 2415 2480 2492; x_wconf 76' lang='grc' dir='ltr'>γὰρ</span> <span class='ocrx_word' id='word_1_392' title='bbox 2508 2411 2694 2478; x_wconf 75' lang='grc' dir='ltr'>ἔξωθεν</span> <span class='ocrx_word' id='word_1_393' title='bbox 2728 2411 2886 2477; x_wconf 80' lang='grc' dir='ltr'>αὒτάς</span> <span class='ocrx_word' id='word_1_394' title='bbox 2917 2409 2944 2465; x_wconf 82' lang='grc' dir='ltr'><strong>ό</strong></span> <span class='ocrx_word' id='word_1_395' title='bbox 2979 2413 3105 2476; x_wconf 79' lang='grc' dir='ltr'>Θεὸς</span> <span class='ocrx_word' id='word_1_396' title='bbox 3136 2410 3222 2468; x_wconf 84' lang='grc' dir='ltr'><strong>ἐπὶ</strong></span> <span class='ocrx_word' id='word_1_397' title='bbox 3252 2412 3315 2467; x_wconf 87' lang='grc' dir='ltr'><strong>τά</strong></span> <span class='ocrx_word' id='word_1_398' title='bbox 3344 2413 3464 2466; x_wconf 76' lang='grc' dir='ltr'>θεῖα</span> <span class='ocrx_word' id='word_1_399' title='bbox 3497 2422 3660 2482; x_wconf 77' lang='grc' dir='ltr'>κινεῖ,</span> <span class='ocrx_word' id='word_1_400' title='bbox 3701 2433 3829 2478; x_wconf 79' lang='grc' dir='ltr'>νοη-</span> 
     </span>
    </p>
   </div>
   <div class='ocr_carea' id='block_1_60' title="bbox 2173 2499 3826 2584">
    <p class='ocr_par' dir='ltr' id='par_1_60' title="bbox 2173 2499 3826 2584">
     <span class='ocr_line' id='line_1_60' title="bbox 2173 2499 3826 2584; baseline -0.002 -24"><span class='ocrx_word' id='word_1_401' title='bbox 2173 2509 2282 2569; x_wconf 83' lang='grc' dir='ltr'>τῶς</span> <span class='ocrx_word' id='word_1_402' title='bbox 2314 2502 2394 2584; x_wconf 77' lang='grc' dir='ltr'><strong>δὲ,</strong></span> <span class='ocrx_word' id='word_1_403' title='bbox 2425 2503 2512 2560; x_wconf 87' lang='grc' dir='ltr'><strong>καὶ</strong></span> <span class='ocrx_word' id='word_1_404' title='bbox 2541 2500 2742 2560; x_wconf 72' lang='grc' dir='ltr'>ἔνδοθεν</span> <span class='ocrx_word' id='word_1_405' title='bbox 2774 2500 2944 2575; x_wconf 77' lang='grc' dir='ltr'>ἐλλαμ</span> <span class='ocrx_word' id='word_1_406' title='bbox 2956 2500 3192 2577; x_wconf 84' lang='grc' dir='ltr'>πομένων</span> <span class='ocrx_word' id='word_1_407' title='bbox 3253 2504 3425 2559; x_wconf 75' lang='grc' dir='ltr'>αὐτῶν</span> <span class='ocrx_word' id='word_1_408' title='bbox 3458 2500 3520 2556; x_wconf 89' lang='grc' dir='ltr'><strong>ἀν</strong></span> <span class='ocrx_word' id='word_1_409' title='bbox 3554 2499 3687 2578; x_wconf 73' lang='grc' dir='ltr'><strong>αὖγῇ</strong></span> <span class='ocrx_word' id='word_1_410' title='bbox 3718 2522 3826 2557; x_wconf 87' lang='grc' dir='ltr'>κα-</span> 
     </span>
    </p>
   </div>
   <div class='ocr_carea' id='block_1_61' title="bbox 2172 2588 3828 2671">
    <p class='ocr_par' dir='ltr' id='par_1_61' title="bbox 2172 2588 3828 2671">
     <span class='ocr_line' id='line_1_61' title="bbox 2172 2588 3828 2671; baseline -0.002 -21"><span class='ocrx_word' id='word_1_411' title='bbox 2172 2596 2304 2671; x_wconf 84' lang='grc' dir='ltr'>θαρᾷ</span> <span class='ocrx_word' id='word_1_412' title='bbox 2336 2593 2421 2650; x_wconf 77' lang='grc' dir='ltr'><strong>καὶ</strong></span> <span class='ocrx_word' id='word_1_413' title='bbox 2451 2591 2593 2665; x_wconf 76' lang='grc' dir='ltr'>ἀΰλῳ</span> <span class='ocrx_word' id='word_1_414' title='bbox 2620 2592 2718 2659; x_wconf 79' lang='grc' dir='ltr'>τὴν</span> <span class='ocrx_word' id='word_1_415' title='bbox 2747 2591 3025 2658; x_wconf 83' lang='grc' dir='ltr'>θειοτάτην</span> <span class='ocrx_word' id='word_1_416' title='bbox 3080 2589 3357 2668; x_wconf 82' lang='grc' dir='ltr'>βούλησιν,</span> <span class='ocrx_word' id='word_1_417' title='bbox 3391 2588 3412 2668; x_wconf 90' lang='grc'>)</span> <span class='ocrx_word' id='word_1_418' title='bbox 3462 2592 3599 2666; x_wconf 76' lang='grc' dir='ltr'>ἡμῖν</span> <span class='ocrx_word' id='word_1_419' title='bbox 3650 2588 3706 2646; x_wconf 66' lang='grc' dir='ltr'><strong>δὲ</strong></span> <span class='ocrx_word' id='word_1_420' title='bbox 3761 2591 3828 2647; x_wconf 78' lang='grc' dir='ltr'>τὸ</span> 
     </span>
    </p>
   </div>
   <div class='ocr_carea' id='block_1_62' title="bbox 2176 2677 3831 2758">
    <p class='ocr_par' dir='ltr' id='par_1_62' title="bbox 2176 2677 3831 2758">
     <span class='ocr_line' id='line_1_62' title="bbox 2176 2677 3831 2758; baseline -0.001 -18"><span class='ocrx_word' id='word_1_421' title='bbox 2176 2683 2398 2746; x_wconf 77' lang='grc' dir='ltr'><strong>ἐκείναις</strong></span> <span class='ocrx_word' id='word_1_422' title='bbox 2461 2681 2667 2746; x_wconf 79' lang='grc' dir='ltr'>ἑνιαίως</span> <span class='ocrx_word' id='word_1_423' title='bbox 2727 2702 2784 2737; x_wconf 90' lang='grc' dir='ltr'><strong>τε</strong></span> <span class='ocrx_word' id='word_1_424' title='bbox 2844 2681 2931 2737; x_wconf 79' lang='grc' dir='ltr'><strong>καὶ</strong></span> <span class='ocrx_word' id='word_1_425' title='bbox 2990 2679 3429 2758; x_wconf 89' lang='grc' dir='ltr'>συνεπτυγμένως</span> <span class='ocrx_word' id='word_1_426' title='bbox 3479 2677 3721 2757; x_wconf 75' lang='grc' dir='ltr'>δωρηθην</span> <span class='ocrx_word' id='word_1_427' title='bbox 3766 2679 3831 2738; x_wconf 80' lang='grc' dir='ltr'>ἐκ</span> 
     </span>
    </p>
   </div>
   <div class='ocr_carea' id='block_1_63' title="bbox 2177 2767 3830 2851">
    <p class='ocr_par' dir='ltr' id='par_1_63' title="bbox 2177 2767 3830 2851">
     <span class='ocr_line' id='line_1_63' title="bbox 2177 2767 3830 2851; baseline -0.002 -22"><span class='ocrx_word' id='word_1_428' title='bbox 2177 2773 2283 2830; x_wconf 76' lang='grc' dir='ltr'><strong>τῶν</strong></span> <span class='ocrx_word' id='word_1_429' title='bbox 2311 2769 2714 2851; x_wconf 78' lang='grc' dir='ltr'>θεοπαραδότων</span> <span class='ocrx_word' id='word_1_430' title='bbox 2747 2768 2963 2850; x_wconf 82' lang='grc' dir='ltr'>λογίων,</span> <span class='ocrx_word' id='word_1_431' title='bbox 2997 2772 3068 2835; x_wconf 84' lang='grc' dir='ltr'>ὡς</span> <span class='ocrx_word' id='word_1_432' title='bbox 3097 2771 3234 2844; x_wconf 75' lang='grc' dir='ltr'>ἡμῖν</span> <span class='ocrx_word' id='word_1_433' title='bbox 3267 2769 3508 2850; x_wconf 72' lang='grc' dir='ltr'>ἐφικτὸν,</span> <span class='ocrx_word' id='word_1_434' title='bbox 3542 2767 3595 2825; x_wconf 74' lang='grc' dir='ltr'>ἐν</span> <span class='ocrx_word' id='word_1_435' title='bbox 3643 2791 3830 2826; x_wconf 79' lang='grc' dir='ltr'>ποικι-</span> 
     </span>
    </p>
   </div>
   <div class='ocr_carea' id='block_1_64' title="bbox 2176 2857 3829 2938">
    <p class='ocr_par' dir='ltr' id='par_1_64' title="bbox 2176 2857 3829 2938">
     <span class='ocr_line' id='line_1_64' title="bbox 2176 2857 3829 2938; baseline -0.001 -20"><span class='ocrx_word' id='word_1_436' title='bbox 2176 2859 2263 2934; x_wconf 82' lang='grc' dir='ltr'><strong>λίᾳ</strong></span> <span class='ocrx_word' id='word_1_437' title='bbox 2320 2863 2406 2918; x_wconf 88' lang='grc' dir='ltr'><strong>καὶ</strong></span> <span class='ocrx_word' id='word_1_438' title='bbox 2462 2861 2652 2930; x_wconf 63' lang='grc' dir='ltr'>πλήθει</span> <span class='ocrx_word' id='word_1_439' title='bbox 2710 2859 2982 2938; x_wconf 83' lang='grc' dir='ltr'>διαιρετῶν</span> <span class='ocrx_word' id='word_1_440' title='bbox 3041 2857 3325 2932; x_wconf 78' lang='grc' dir='ltr'>συμϐόλων</span> <span class='ocrx_word' id='word_1_441' title='bbox 3377 2857 3829 2938; x_wconf 81' lang='grc' dir='ltr'>δεδώρηται.οὒ-</span> 
     </span>
    </p>
   </div>
   <div class='ocr_carea' id='block_1_65' title="bbox 2176 2948 3830 3030">
    <p class='ocr_par' dir='ltr' id='par_1_65' title="bbox 2176 2948 3830 3030">
     <span class='ocr_line' id='line_1_65' title="bbox 2176 2948 3830 3030; baseline -0.001 -22"><span class='ocrx_word' id='word_1_442' title='bbox 2176 2953 2262 3008; x_wconf 85' lang='grc' dir='ltr'><strong>σία</strong></span> <span class='ocrx_word' id='word_1_443' title='bbox 2319 2953 2418 3030; x_wconf 72' lang='grc' dir='ltr'><strong>γὰρ</strong></span> <span class='ocrx_word' id='word_1_444' title='bbox 2475 2956 2573 3018; x_wconf 80' lang='grc' dir='ltr'>τῆς</span> <span class='ocrx_word' id='word_1_445' title='bbox 2606 2949 2720 3007; x_wconf 89' lang='grc' dir='ltr'>καθ’</span> <span class='ocrx_word' id='word_1_446' title='bbox 2755 2953 2896 3025; x_wconf 77' lang='grc' dir='ltr'>ἡμᾶς</span> <span class='ocrx_word' id='word_1_447' title='bbox 2921 2951 3192 3030; x_wconf 81' lang='grc' dir='ltr'>ἱεραρχίας</span> <span class='ocrx_word' id='word_1_448' title='bbox 3224 2949 3334 3006; x_wconf 75' lang='grc' dir='ltr'>ἐστὶ</span> <span class='ocrx_word' id='word_1_449' title='bbox 3369 2950 3437 3006; x_wconf 85' lang='grc' dir='ltr'><strong>τά</strong></span> <span class='ocrx_word' id='word_1_450' title='bbox 3467 2948 3830 3028; x_wconf 80' lang='grc' dir='ltr'>θεοπαράδοτα</span> 
     </span>
    </p>
   </div>
   <div class='ocr_carea' id='block_1_66' title="bbox 2174 3037 3829 3120">
    <p class='ocr_par' dir='ltr' id='par_1_66' title="bbox 2174 3037 3829 3120">
     <span class='ocr_line' id='line_1_66' title="bbox 2174 3037 3829 3120; baseline -0.002 -22"><span class='ocrx_word' id='word_1_451' title='bbox 2174 3039 2356 3118; x_wconf 85' lang='grc' dir='ltr'>λόγια.</span> <span class='ocrx_word' id='word_1_452' title='bbox 2418 3040 2728 3097; x_wconf 88' lang='grc' dir='ltr'>Σεπτότατα</span> <span class='ocrx_word' id='word_1_453' title='bbox 2784 3037 2839 3095; x_wconf 76' lang='grc' dir='ltr'><strong>δὲ</strong></span> <span class='ocrx_word' id='word_1_454' title='bbox 2897 3038 3053 3117; x_wconf 74' lang='grc' dir='ltr'>λόγια</span> <span class='ocrx_word' id='word_1_455' title='bbox 3110 3039 3278 3099; x_wconf 76' lang='grc' dir='ltr'>ταύτά</span> <span class='ocrx_word' id='word_1_456' title='bbox 3309 3061 3503 3120; x_wconf 73' lang='grc' dir='ltr'>φαμεν,</span> <span class='ocrx_word' id='word_1_457' title='bbox 3539 3039 3636 3096; x_wconf 81' lang='grc' dir='ltr'><strong>ὅσα</strong></span> <span class='ocrx_word' id='word_1_458' title='bbox 3694 3041 3829 3118; x_wconf 82' lang='grc' dir='ltr'>πρὸς</span> 
     </span>
    </p>
   </div>
   <div class='ocr_carea' id='block_1_67' title="bbox 2174 3128 3830 3209">
    <p class='ocr_par' dir='ltr' id='par_1_67' title="bbox 2174 3128 3830 3209">
     <span class='ocr_line' id='line_1_67' title="bbox 2174 3128 3830 3209; baseline -0.001 -21"><span class='ocrx_word' id='word_1_459' title='bbox 2174 3137 2280 3188; x_wconf 83' lang='grc' dir='ltr'><strong>τῶν</strong></span> <span class='ocrx_word' id='word_1_460' title='bbox 2309 3130 2498 3188; x_wconf 78' lang='grc' dir='ltr'>ἐνθέων</span> <span class='ocrx_word' id='word_1_461' title='bbox 2525 3131 2681 3204; x_wconf 67' lang='grc' dir='ltr'>ἡμῶν</span> <span class='ocrx_word' id='word_1_462' title='bbox 2738 3128 3113 3206; x_wconf 86' lang='grc' dir='ltr'>ἱεροτελεστῶν</span> <span class='ocrx_word' id='word_1_463' title='bbox 3177 3129 3229 3186; x_wconf 80' lang='grc' dir='ltr'>ἐν</span> <span class='ocrx_word' id='word_1_464' title='bbox 3288 3130 3634 3209; x_wconf 76' lang='grc' dir='ltr'>ἀγιογράφοις</span> <span class='ocrx_word' id='word_1_465' title='bbox 3691 3131 3830 3204; x_wconf 76' lang='grc' dir='ltr'>ἡμῖν</span> 
     </span>
    </p>
   </div>
   <div class='ocr_carea' id='block_1_68' title="bbox 2176 3217 3830 3298">
    <p class='ocr_par' dir='ltr' id='par_1_68' title="bbox 2176 3217 3830 3298">
     <span class='ocr_line' id='line_1_68' title="bbox 2176 3217 3830 3298; baseline -0.002 -20"><span class='ocrx_word' id='word_1_466' title='bbox 2176 3221 2262 3278; x_wconf 87' lang='grc' dir='ltr'>καὶ</span> <span class='ocrx_word' id='word_1_467' title='bbox 2292 3224 2626 3298; x_wconf 79' lang='grc' dir='ltr'>θεολογικατς</span> <span class='ocrx_word' id='word_1_468' title='bbox 2658 3217 2947 3296; x_wconf 74' lang='grc' dir='ltr'>δεδώρηται</span> <span class='ocrx_word' id='word_1_469' title='bbox 2980 3217 3206 3284; x_wconf 84' lang='grc' dir='ltr'>δέλτοις·</span> <span class='ocrx_word' id='word_1_470' title='bbox 3241 3221 3328 3276; x_wconf 82' lang='grc' dir='ltr'><strong>καὶ</strong></span> <span class='ocrx_word' id='word_1_471' title='bbox 3371 3220 3480 3293; x_wconf 73' lang='grc' dir='ltr'>μὴν</span> <span class='ocrx_word' id='word_1_472' title='bbox 3538 3218 3636 3276; x_wconf 78' lang='grc' dir='ltr'>ὅσα</span> <span class='ocrx_word' id='word_1_473' title='bbox 3695 3220 3830 3298; x_wconf 77' lang='grc' dir='ltr'>πρὸς</span> 
     </span>
    </p>
   </div>
   <div class='ocr_carea' id='block_1_69' title="bbox 2175 3307 3827 3389">
    <p class='ocr_par' dir='ltr' id='par_1_69' title="bbox 2175 3307 3827 3389">
     <span class='ocr_line' id='line_1_69' title="bbox 2175 3307 3827 3389; baseline -0.002 -22"><span class='ocrx_word' id='word_1_474' title='bbox 2175 3313 2282 3367; x_wconf 86' lang='grc' dir='ltr'><strong>τῶν</strong></span> <span class='ocrx_word' id='word_1_475' title='bbox 2313 3311 2484 3367; x_wconf 71' lang='grc' dir='ltr'>αὐτῶν</span> <span class='ocrx_word' id='word_1_476' title='bbox 2513 3309 2668 3389; x_wconf 78' lang='grc' dir='ltr'>ἱερῶν</span> <span class='ocrx_word' id='word_1_477' title='bbox 2717 3308 2914 3378; x_wconf 80' lang='grc' dir='ltr'>ἀνδρῶν</span> <span class='ocrx_word' id='word_1_478' title='bbox 2971 3307 3227 3387; x_wconf 80' lang='grc' dir='ltr'>ἀὺλοτὲρᾳ</span> <span class='ocrx_word' id='word_1_479' title='bbox 3286 3311 3504 3389; x_wconf 82' lang='grc' dir='ltr'>μυήσει,</span> <span class='ocrx_word' id='word_1_480' title='bbox 3564 3310 3651 3366; x_wconf 81' lang='grc' dir='ltr'>καὶ</span> <span class='ocrx_word' id='word_1_481' title='bbox 3709 3309 3827 3387; x_wconf 85' lang='grc' dir='ltr'>γεί-</span> 
     </span>
    </p>
   </div>
   <div class='ocr_carea' id='block_1_70' title="bbox 2176 3397 3832 3478">
    <p class='ocr_par' dir='ltr' id='par_1_70' title="bbox 2176 3397 3832 3478">
     <span class='ocr_line' id='line_1_70' title="bbox 2176 3397 3832 3478; baseline -0.002 -20"><span class='ocrx_word' id='word_1_482' title='bbox 2176 3401 2288 3458; x_wconf 87' lang='grc' dir='ltr'>τονί</span> <span class='ocrx_word' id='word_1_483' title='bbox 2345 3423 2460 3465; x_wconf 90' lang='grc' dir='ltr'><strong>πως</strong></span> <span class='ocrx_word' id='word_1_484' title='bbox 2513 3397 2617 3467; x_wconf 75' lang='grc' dir='ltr'><strong>ἤδη</strong></span> <span class='ocrx_word' id='word_1_485' title='bbox 2675 3401 2774 3465; x_wconf 78' lang='grc' dir='ltr'><strong>τῆς</strong></span> <span class='ocrx_word' id='word_1_486' title='bbox 2831 3399 3072 3477; x_wconf 71' lang='grc' dir='ltr'>οὐρανίας</span> <span class='ocrx_word' id='word_1_487' title='bbox 3130 3399 3437 3478; x_wconf 80' lang='grc' dir='ltr'>ἱεραρχίας,</span> <span class='ocrx_word' id='word_1_488' title='bbox 3495 3398 3556 3455; x_wconf 77' lang='grc' dir='ltr'>ἐκ</span> <span class='ocrx_word' id='word_1_489' title='bbox 3604 3399 3724 3462; x_wconf 73' lang='grc' dir='ltr'>νοὸς</span> <span class='ocrx_word' id='word_1_490' title='bbox 3755 3399 3832 3462; x_wconf 79' lang='grc' dir='ltr'><strong>εἰς</strong></span> 
     </span>
    </p>
   </div>
   <div class='ocr_carea' id='block_1_71' title="bbox 2179 3485 3830 3572">
    <p class='ocr_par' dir='ltr' id='par_1_71' title="bbox 2179 3485 3830 3572">
     <span class='ocr_line' id='line_1_71' title="bbox 2179 3485 3830 3572; baseline -0.002 -27"><span class='ocrx_word' id='word_1_491' title='bbox 2179 3497 2322 3572; x_wconf 78' lang='grc' dir='ltr'>νοῦν,</span> <span class='ocrx_word' id='word_1_492' title='bbox 2377 3487 2462 3545; x_wconf 84' lang='grc' dir='ltr'><strong>διὰ</strong></span> <span class='ocrx_word' id='word_1_493' title='bbox 2519 3488 2680 3565; x_wconf 85' lang='grc' dir='ltr'>μέσου</span> <span class='ocrx_word' id='word_1_494' title='bbox 2729 3487 2912 3564; x_wconf 85' lang='grc' dir='ltr'>λόγου,</span> <span class='ocrx_word' id='word_1_495' title='bbox 2943 3495 3257 3564; x_wconf 80' lang='grc' dir='ltr'>σωματικοῦ</span> <span class='ocrx_word' id='word_1_496' title='bbox 3292 3493 3412 3569; x_wconf 83' lang='grc' dir='ltr'>μὲν,</span> <span class='ocrx_word' id='word_1_497' title='bbox 3446 3487 3726 3566; x_wconf 78' lang='grc' dir='ltr'>ἀῠλότέρου</span> <span class='ocrx_word' id='word_1_498' title='bbox 3770 3485 3830 3542; x_wconf 75' lang='grc' dir='ltr'><strong>δὲ</strong></span> 
     </span>
    </p>
   </div>
   <div class='ocr_carea' id='block_1_72' title="bbox 2180 3578 3832 3658">
    <p class='ocr_par' dir='ltr' id='par_1_72' title="bbox 2180 3578 3832 3658">
     <span class='ocr_line' id='line_1_72' title="bbox 2180 3578 3832 3658; baseline -0.001 -22"><span class='ocrx_word' id='word_1_499' title='bbox 2180 3579 2352 3656; x_wconf 75' lang='grc' dir='ltr'>ὅμως,</span> <span class='ocrx_word' id='word_1_500' title='bbox 2387 3581 2595 3657; x_wconf 82' lang='grc' dir='ltr'>γραγῆς</span> <span class='ocrx_word' id='word_1_501' title='bbox 2625 3581 2804 3658; x_wconf 72' lang='grc' dir='ltr'>ἒκτὸς,</span> <span class='ocrx_word' id='word_1_502' title='bbox 2853 3583 2900 3636; x_wconf 80' lang='grc' dir='ltr'>οἱ</span> <span class='ocrx_word' id='word_1_503' title='bbox 2951 3580 3311 3656; x_wconf 76' lang='grc' dir='ltr'>καθηγεμόνες</span> <span class='ocrx_word' id='word_1_504' title='bbox 3369 3581 3526 3654; x_wconf 78' lang='grc' dir='ltr'>ἡμῶν</span> <span class='ocrx_word' id='word_1_505' title='bbox 3584 3578 3832 3654; x_wconf 74' lang='grc' dir='ltr'>ἐμυήθη-</span> 
     </span>
    </p>
   </div>
   <div class='ocr_carea' id='block_1_73' title="bbox 2181 3667 3834 3748">
    <p class='ocr_par' dir='ltr' id='par_1_73' title="bbox 2181 3667 3834 3748">
     <span class='ocr_line' id='line_1_73' title="bbox 2181 3667 3834 3748; baseline -0.004 -20"><span class='ocrx_word' id='word_1_506' title='bbox 2181 3692 2302 3732; x_wconf 79' lang='grc' dir='ltr'>σαν.</span> <span class='ocrx_word' id='word_1_507' title='bbox 2336 3668 2462 3726; x_wconf 71' lang='grc' dir='ltr'><strong>0-5δέ</strong></span> <span class='ocrx_word' id='word_1_508' title='bbox 2495 3676 2658 3726; x_wconf 81' lang='grc' dir='ltr'>ταῦτα</span> <span class='ocrx_word' id='word_1_509' title='bbox 2688 3671 2793 3725; x_wconf 83' lang='grc' dir='ltr'>τῶν</span> <span class='ocrx_word' id='word_1_510' title='bbox 2843 3667 3030 3725; x_wconf 75' lang='grc' dir='ltr'>ἐνθέων</span> <span class='ocrx_word' id='word_1_511' title='bbox 3079 3669 3346 3748; x_wconf 76' lang='grc' dir='ltr'>ἱεραρχῶν</span> <span class='ocrx_word' id='word_1_512' title='bbox 3375 3671 3446 3734; x_wconf 88' lang='grc' dir='ltr'><strong>εἰς</strong></span> <span class='ocrx_word' id='word_1_513' title='bbox 3505 3669 3566 3725; x_wconf 85' lang='grc' dir='ltr'>τὸ</span> <span class='ocrx_word' id='word_1_514' title='bbox 3615 3673 3714 3734; x_wconf 79' lang='grc' dir='ltr'>τῆς</span> <span class='ocrx_word' id='word_1_515' title='bbox 3746 3669 3834 3722; x_wconf 79' lang='grc' dir='ltr'><strong>ἱε-</strong></span> 
     </span>
    </p>
   </div>
   <div class='ocr_carea' id='block_1_74' title="bbox 2182 3755 3836 3839">
    <p class='ocr_par' dir='ltr' id='par_1_74' title="bbox 2182 3755 3836 3839">
     <span class='ocr_line' id='line_1_74' title="bbox 2182 3755 3836 3839; baseline -0.002 -23"><span class='ocrx_word' id='word_1_516' title='bbox 2182 3760 2423 3839; x_wconf 86' lang='grc' dir='ltr'>ρουργίας</span> <span class='ocrx_word' id='word_1_517' title='bbox 2465 3762 2642 3816; x_wconf 80' lang='grc' dir='ltr'>κοινὸν</span> <span class='ocrx_word' id='word_1_518' title='bbox 2699 3757 3168 3836; x_wconf 70' lang='grc' dir='ltr'>ἀπαρακαλύπτως</span> <span class='ocrx_word' id='word_1_519' title='bbox 3207 3757 3271 3808; x_wconf 80' lang='grc'><strong>89</strong></span> <span class='ocrx_word' id='word_1_520' title='bbox 3323 3759 3594 3833; x_wconf 76' lang='grc' dir='ltr'>νοήσεσιν,</span> <span class='ocrx_word' id='word_1_521' title='bbox 3625 3755 3746 3814; x_wconf 88' lang='grc' dir='ltr'>ἀλλ’</span> <span class='ocrx_word' id='word_1_522' title='bbox 3778 3755 3836 3813; x_wconf 77' lang='grc' dir='ltr'>ἐν</span> 
     </span>
    </p>
   </div>
   <div class='ocr_carea' id='block_1_75' title="bbox 2182 3845 3834 3927">
    <p class='ocr_par' dir='ltr' id='par_1_75' title="bbox 2182 3845 3834 3927">
     <span class='ocr_line' id='line_1_75' title="bbox 2182 3845 3834 3927; baseline -0.001 -22"><span class='ocrx_word' id='word_1_523' title='bbox 2182 3847 2470 3922; x_wconf 81' lang='grc' dir='ltr'>συμϐόλοις</span> <span class='ocrx_word' id='word_1_524' title='bbox 2527 3851 2692 3925; x_wconf 68' lang='grc' dir='ltr'>ἱεροῖς</span> <span class='ocrx_word' id='word_1_525' title='bbox 2751 3845 3227 3927; x_wconf 55' lang='grc' dir='ltr'>παραδεδωκότων</span> <span class='ocrx_word' id='word_1_526' title='bbox 3289 3846 3400 3904; x_wconf 82' lang='grc' dir='ltr'>ἔστι</span> <span class='ocrx_word' id='word_1_527' title='bbox 3455 3848 3556 3926; x_wconf 76' lang='grc' dir='ltr'><strong>γὰρ</strong></span> <span class='ocrx_word' id='word_1_528' title='bbox 3609 3846 3668 3904; x_wconf 74' lang='grc' dir='ltr'>οὔ</span> <span class='ocrx_word' id='word_1_529' title='bbox 3723 3852 3834 3911; x_wconf 84' lang='grc' dir='ltr'>πᾶς</span> 
     </span>
    </p>
   </div>
   <div class='ocr_carea' id='block_1_76' title="bbox 2182 3937 3679 4019">
    <p class='ocr_par' dir='ltr' id='par_1_76' title="bbox 2182 3937 3679 4019">
     <span class='ocr_line' id='line_1_76' title="bbox 2182 3937 3679 4019; baseline -0.001 -26"><span class='ocrx_word' id='word_1_530' title='bbox 2182 3939 2345 4019; x_wconf 77' lang='grc' dir='ltr'>ἱερὸς,</span> <span class='ocrx_word' id='word_1_531' title='bbox 2378 3937 2495 3995; x_wconf 72' lang='grc' dir='ltr'>οὐδὲ</span> <span class='ocrx_word' id='word_1_532' title='bbox 2524 3937 2765 4017; x_wconf 78' lang='grc' dir='ltr'>πάντων,</span> <span class='ocrx_word' id='word_1_533' title='bbox 2797 3939 2869 4000; x_wconf 85' lang='grc' dir='ltr'>ὡς</span> <span class='ocrx_word' id='word_1_534' title='bbox 2897 3938 2963 3994; x_wconf 84' lang='grc' dir='ltr'><strong>τά</strong></span> <span class='ocrx_word' id='word_1_535' title='bbox 2992 3937 3150 4014; x_wconf 80' lang='grc' dir='ltr'>λόγιά</span> <span class='ocrx_word' id='word_1_536' title='bbox 3174 3959 3359 4016; x_wconf 81' lang='grc' dir='ltr'>φησιν,</span> <span class='ocrx_word' id='word_1_537' title='bbox 3395 3939 3428 4005; x_wconf 82' lang='grc' dir='ltr'>ἡ</span> <span class='ocrx_word' id='word_1_538' title='bbox 3461 3939 3679 4015; x_wconf 83' lang='grc' dir='ltr'>γνῶσις,</span> 
     </span>
    </p>
   </div>
   <div class='ocr_carea' id='block_1_77' title="bbox 450 4021 3829 4106">
    <p class='ocr_par' dir='ltr' id='par_1_77' title="bbox 450 4021 3829 4106">
     <span class='ocr_line' id='line_1_77' title="bbox 450 4021 3829 4106; baseline -0.001 -17"><span class='ocrx_word' id='word_1_539' title='bbox 450 4026 780 4090; x_wconf 76' lang='lat' dir='ltr'><strong>amatorum</strong></span> <span class='ocrx_word' id='word_1_540' title='bbox 812 4039 1116 4085; x_wconf 89' lang='lat' dir='ltr'><strong>sacrorum</strong></span> <span class='ocrx_word' id='word_1_541' title='bbox 1153 4021 1473 4101; x_wconf 72' lang='lat' dir='ltr'><strong>praesulum</strong></span> <span class='ocrx_word' id='word_1_542' title='bbox 1506 4033 1913 4097; x_wconf 91' lang='lat' dir='ltr'><strong>monumenta,</strong></span> <span class='ocrx_word' id='word_1_543' title='bbox 1949 4025 2009 4085; x_wconf 91' lang='lat' dir='ltr'><strong>in</strong></span> <span class='ocrx_word' id='word_1_544' title='bbox 2067 4025 2257 4087; x_wconf 86' lang='lat' dir='ltr'><strong>sacris</strong></span> <span class='ocrx_word' id='word_1_545' title='bbox 2313 4025 2545 4088; x_wconf 90' lang='lat' dir='ltr'><strong>ordinis</strong></span> <span class='ocrx_word' id='word_1_546' title='bbox 2575 4043 2896 4088; x_wconf 87' lang='lat' dir='ltr'><strong>commune</strong></span> <span class='ocrx_word' id='word_1_547' title='bbox 2937 4025 3183 4100; x_wconf 93' lang='lat' dir='ltr'><strong>bonum,</strong></span> <span class='ocrx_word' id='word_1_548' title='bbox 3219 4026 3549 4106; x_wconf 87' lang='lat' dir='ltr'><strong>propatulis</strong></span> <span class='ocrx_word' id='word_1_549' title='bbox 3597 4023 3829 4087; x_wconf 87' lang='lat' dir='ltr'><strong>intelli-</strong></span> 
     </span>
    </p>
   </div>
   <div class='ocr_carea' id='block_1_78' title="bbox 448 4110 3828 4199">
    <p class='ocr_par' dir='ltr' id='par_1_78' title="bbox 448 4110 3828 4199">
     <span class='ocr_line' id='line_1_78' title="bbox 448 4110 3828 4199; baseline -0 -22"><span class='ocrx_word' id='word_1_550' title='bbox 448 4116 686 4196; x_wconf 74' lang='lat' dir='ltr'><strong>gentiis,</strong></span> <span class='ocrx_word' id='word_1_551' title='bbox 717 4112 826 4177; x_wconf 90' lang='lat' dir='ltr'><strong>sed</strong></span> <span class='ocrx_word' id='word_1_552' title='bbox 855 4110 1139 4193; x_wconf 74' lang='lat' dir='ltr'><strong>symbolis</strong></span> <span class='ocrx_word' id='word_1_553' title='bbox 1173 4111 1522 4191; x_wconf 90' lang='lat' dir='ltr'><strong>quibusdam</strong></span> <span class='ocrx_word' id='word_1_554' title='bbox 1555 4118 1739 4175; x_wconf 89' lang='lat' dir='ltr'><strong>sacris</strong></span> <span class='ocrx_word' id='word_1_555' title='bbox 1775 4112 2051 4177; x_wconf 89' lang='lat' dir='ltr'><strong>traducta</strong></span> <span class='ocrx_word' id='word_1_556' title='bbox 2083 4124 2222 4179; x_wconf 91' lang='lat' dir='ltr'><strong>sunt</strong></span> <span class='ocrx_word' id='word_1_557' title='bbox 2255 4137 2271 4198; x_wconf 87' lang='lat'><strong>;</strong></span> <span class='ocrx_word' id='word_1_558' title='bbox 2307 4135 2427 4179; x_wconf 92' lang='lat' dir='ltr'><strong>non</strong></span> <span class='ocrx_word' id='word_1_559' title='bbox 2457 4115 2616 4180; x_wconf 88' lang='lat' dir='ltr'><strong>enim</strong></span> <span class='ocrx_word' id='word_1_560' title='bbox 2651 4115 2910 4199; x_wconf 90' lang='lat' dir='ltr'><strong>quilibet</strong></span> <span class='ocrx_word' id='word_1_561' title='bbox 2940 4115 3240 4198; x_wconf 87' lang='lat' dir='ltr'><strong>sacerdos,</strong></span> <span class='ocrx_word' id='word_1_562' title='bbox 3299 4115 3432 4177; x_wconf 64' lang='lat'><strong>{57</strong></span> <span class='ocrx_word' id='word_1_563' title='bbox 3467 4132 3661 4198; x_wconf 89' lang='lat' dir='ltr'><strong>neque</strong></span> <span class='ocrx_word' id='word_1_564' title='bbox 3688 4130 3828 4180; x_wconf 89' lang='lat' dir='ltr'><strong>om-</strong></span> 
     </span>
    </p>
   </div>
   <div class='ocr_carea' id='block_1_79' title="bbox 2075 4286 2223 4367">
    <p class='ocr_par' dir='ltr' id='par_1_79' title="bbox 2075 4286 2223 4367">
     <span class='ocr_line' id='line_1_79' title="bbox 2075 4286 2223 4367; baseline 0.007 -14"><span class='ocrx_word' id='word_1_565' title='bbox 2075 4286 2223 4367; x_wconf 86' lang='lat' dir='ltr'><strong>§V.</strong></span> 
     </span>
    </p>
   </div>
   <div class='ocr_carea' id='block_1_80' title="bbox 452 4199 1714 4284">
    <p class='ocr_par' dir='ltr' id='par_1_80' title="bbox 452 4199 1714 4284">
     <span class='ocr_line' id='line_1_80' title="bbox 452 4199 1714 4284; baseline -0.002 -14"><span class='ocrx_word' id='word_1_566' title='bbox 452 4206 646 4283; x_wconf 89' lang='lat' dir='ltr'><strong>nium,</strong></span> <span class='ocrx_word' id='word_1_567' title='bbox 676 4212 740 4266; x_wconf 91' lang='lat' dir='ltr'><strong>ut</strong></span> <span class='ocrx_word' id='word_1_568' title='bbox 773 4200 1009 4284; x_wconf 90' lang='lat' dir='ltr'><strong>eloquia</strong></span> <span class='ocrx_word' id='word_1_569' title='bbox 1038 4199 1298 4280; x_wconf 87' lang='lat' dir='ltr'><strong>tradunt,</strong></span> <span class='ocrx_word' id='word_1_570' title='bbox 1323 4201 1575 4264; x_wconf 87' lang='lat' dir='ltr'><strong>scientia</strong></span> <span class='ocrx_word' id='word_1_571' title='bbox 1600 4209 1714 4268; x_wconf 91' lang='lat' dir='ltr'><strong>est.</strong></span> 
     </span>
    </p>
   </div>
   <div class='ocr_carea' id='block_1_81' title="bbox 537 4440 2104 4525">
    <p class='ocr_par' dir='ltr' id='par_1_81' title="bbox 537 4440 2104 4525">
     <span class='ocr_line' id='line_1_81' title="bbox 537 4440 2104 4525; baseline -0.003 -14"><span class='ocrx_word' id='word_1_572' title='bbox 537 4443 886 4511; x_wconf 87' lang='lat' dir='ltr'><strong>Necessario</strong></span> <span class='ocrx_word' id='word_1_573' title='bbox 919 4443 1098 4524; x_wconf 78' lang='lat' dir='ltr'><strong>igitur</strong></span> <span class='ocrx_word' id='word_1_574' title='bbox 1129 4440 1310 4525; x_wconf 91' lang='lat' dir='ltr'><strong>primi</strong></span> <span class='ocrx_word' id='word_1_575' title='bbox 1335 4442 1488 4506; x_wconf 88' lang='lat' dir='ltr'><strong>sacri</strong></span> <span class='ocrx_word' id='word_1_576' title='bbox 1514 4442 1742 4506; x_wconf 89' lang='lat' dir='ltr'><strong>ordinis</strong></span> <span class='ocrx_word' id='word_1_577' title='bbox 1761 4444 1947 4507; x_wconf 90' lang='lat' dir='ltr'><strong>nostri</strong></span> <span class='ocrx_word' id='word_1_578' title='bbox 1972 4465 2104 4508; x_wconf 63' lang='lat' dir='ltr'><strong>mo-</strong></span> 
     </span>
    </p>
   </div>
   <div class='ocr_carea' id='block_1_82' title="bbox 2268 4447 3831 4530">
    <p class='ocr_par' dir='ltr' id='par_1_82' title="bbox 2268 4447 3831 4530">
     <span class='ocr_line' id='line_1_82' title="bbox 2268 4447 3831 4530; baseline -0.004 -21"><span class='ocrx_word' id='word_1_579' title='bbox 2268 4449 2597 4530; x_wconf 83' lang='grc' dir='ltr'>’Λναγκαίως</span> <span class='ocrx_word' id='word_1_580' title='bbox 2655 4449 2744 4508; x_wconf 84' lang='grc' dir='ltr'>οὖν</span> <span class='ocrx_word' id='word_1_581' title='bbox 2797 4450 2846 4506; x_wconf 76' lang='grc' dir='ltr'>οἱ</span> <span class='ocrx_word' id='word_1_582' title='bbox 2901 4447 3100 4527; x_wconf 65' lang='grc' dir='ltr'>πρῶτοι</span> <span class='ocrx_word' id='word_1_583' title='bbox 3156 4453 3256 4516; x_wconf 77' lang='grc' dir='ltr'><strong>τῆς</strong></span> <span class='ocrx_word' id='word_1_584' title='bbox 3312 4449 3428 4505; x_wconf 87' lang='grc' dir='ltr'>καθ’</span> <span class='ocrx_word' id='word_1_585' title='bbox 3463 4450 3604 4524; x_wconf 71' lang='grc' dir='ltr'>ἡμᾶς</span> <span class='ocrx_word' id='word_1_586' title='bbox 3648 4451 3831 4526; x_wconf 72' lang='grc' dir='ltr'>ἱεραρ-</span> 
     </span>
    </p>
   </div>
   <div class='ocr_carea' id='block_1_83' title="bbox 455 4531 2094 4623">
    <p class='ocr_par' dir='ltr' id='par_1_83' title="bbox 455 4531 2094 4623">
     <span class='ocr_line' id='line_1_83' title="bbox 455 4531 2094 4623; baseline -0.002 -20"><span class='ocrx_word' id='word_1_587' title='bbox 455 4531 1385 4623; x_wconf 84' lang='lat' dir='ltr'><strong>deratorea,supersubstantialis</strong></span> <span class='ocrx_word' id='word_1_588' title='bbox 1409 4533 1516 4596; x_wconf 90' lang='lat' dir='ltr'><strong>Dei</strong></span> <span class='ocrx_word' id='word_1_589' title='bbox 1549 4533 1912 4615; x_wconf 89' lang='lat' dir='ltr'><strong>principatus</strong></span> <span class='ocrx_word' id='word_1_590' title='bbox 1936 4554 2094 4599; x_wconf 82' lang='lat' dir='ltr'><strong>sacro</strong></span> 
     </span>
    </p>
   </div>
   <div class='ocr_carea' id='block_1_84' title="bbox 2180 4531 3838 4623">
    <p class='ocr_par' dir='ltr' id='par_1_84' title="bbox 2189 4536 3838 4623">
     <span class='ocr_line' id='line_1_84' title="bbox 2189 4536 3838 4623; baseline -0.002 -25"><span class='ocrx_word' id='word_1_591' title='bbox 2189 4542 2314 4623; x_wconf 84' lang='grc' dir='ltr'>χίας</span> <span class='ocrx_word' id='word_1_592' title='bbox 2339 4539 2729 4621; x_wconf 78' lang='grc' dir='ltr'>καθηγεμόνες,</span> <span class='ocrx_word' id='word_1_593' title='bbox 2762 4539 2822 4596; x_wconf 79' lang='grc' dir='ltr'>ἐκ</span> <span class='ocrx_word' id='word_1_594' title='bbox 2851 4539 2947 4607; x_wconf 75' lang='grc' dir='ltr'><strong>τῆς</strong></span> <span class='ocrx_word' id='word_1_595' title='bbox 2987 4539 3292 4618; x_wconf 80' lang='grc' dir='ltr'>ὑπερουσίου</span> <span class='ocrx_word' id='word_1_596' title='bbox 3349 4539 3626 4618; x_wconf 73' lang='grc' dir='ltr'>θεαρχίας,</span> <span class='ocrx_word' id='word_1_597' title='bbox 3685 4536 3838 4594; x_wconf 75' lang='grc' dir='ltr'>αὖτοί</span> 
     </span>
    </p>
   </div>
   <div class='ocr_carea' id='block_1_85' title="bbox 449 4622 2108 4711">
    <p class='ocr_par' dir='ltr' id='par_1_85' title="bbox 449 4622 2108 4711">
     <span class='ocr_line' id='line_1_85' title="bbox 449 4622 2108 4711; baseline -0.002 -20"><span class='ocrx_word' id='word_1_598' title='bbox 449 4628 567 4711; x_wconf 87' lang='lat' dir='ltr'><strong>ipsi</strong></span> <span class='ocrx_word' id='word_1_599' title='bbox 599 4641 847 4688; x_wconf 88' lang='lat' dir='ltr'><strong>munere</strong></span> <span class='ocrx_word' id='word_1_600' title='bbox 880 4622 1061 4704; x_wconf 91' lang='lat' dir='ltr'><strong>pleni,</strong></span> <span class='ocrx_word' id='word_1_601' title='bbox 1084 4633 1141 4684; x_wconf 93' lang='lat' dir='ltr'><strong>et</strong></span> <span class='ocrx_word' id='word_1_602' title='bbox 1161 4622 1221 4684; x_wconf 91' lang='lat' dir='ltr'><strong>in</strong></span> <span class='ocrx_word' id='word_1_603' title='bbox 1247 4632 1510 4702; x_wconf 91' lang='lat' dir='ltr'><strong>posteros</strong></span> <span class='ocrx_word' id='word_1_604' title='bbox 1543 4623 1688 4684; x_wconf 91' lang='lat' dir='ltr'><strong>illud</strong></span> <span class='ocrx_word' id='word_1_605' title='bbox 1719 4623 1914 4705; x_wconf 89' lang='lat' dir='ltr'><strong>ipsum</strong></span> <span class='ocrx_word' id='word_1_606' title='bbox 1951 4625 2108 4688; x_wconf 91' lang='lat' dir='ltr'><strong>deri-</strong></span> 
     </span>
    </p>
   </div>
   <div class='ocr_carea' id='block_1_86' title="bbox 453 4711 2108 4797">
    <p class='ocr_par' dir='ltr' id='par_1_86' title="bbox 453 4711 2108 4797">
     <span class='ocr_line' id='line_1_86' title="bbox 453 4711 2108 4797; baseline -0.001 -17"><span class='ocrx_word' id='word_1_607' title='bbox 453 4725 654 4780; x_wconf 91' lang='lat' dir='ltr'><strong>vatum</strong></span> <span class='ocrx_word' id='word_1_608' title='bbox 697 4733 732 4776; x_wconf 86' lang='lat' dir='ltr'><strong>a</strong></span> <span class='ocrx_word' id='word_1_609' title='bbox 763 4713 959 4775; x_wconf 88' lang='lat' dir='ltr'><strong>divina</strong></span> <span class='ocrx_word' id='word_1_610' title='bbox 993 4711 1257 4774; x_wconf 90' lang='lat' dir='ltr'><strong>bonitate</strong></span> <span class='ocrx_word' id='word_1_611' title='bbox 1283 4711 1470 4789; x_wconf 90' lang='lat' dir='ltr'><strong>missi,</strong></span> <span class='ocrx_word' id='word_1_612' title='bbox 1507 4731 1638 4775; x_wconf 92' lang='lat' dir='ltr'><strong>cum</strong></span> <span class='ocrx_word' id='word_1_613' title='bbox 1674 4720 1732 4774; x_wconf 92' lang='lat' dir='ltr'><strong>et</strong></span> <span class='ocrx_word' id='word_1_614' title='bbox 1761 4714 2108 4797; x_wconf 78' lang='lat' dir='ltr'><strong>ipsi,utpote</strong></span> 
     </span>
    </p>
   </div>
   <div class='ocr_carea' id='block_1_87' title="bbox 457 4801 2103 4886">
    <p class='ocr_par' dir='ltr' id='par_1_87' title="bbox 457 4801 2103 4886">
     <span class='ocr_line' id='line_1_87' title="bbox 457 4801 2103 4886; baseline -0.002 -16"><span class='ocrx_word' id='word_1_615' title='bbox 457 4801 1112 4886; x_wconf 86' lang='lat' dir='ltr'><strong>divini,promotionem</strong></span> <span class='ocrx_word' id='word_1_616' title='bbox 1145 4801 1706 4884; x_wconf 81' lang='lat' dir='ltr'><strong>deiﬁcationemque</strong></span> <span class='ocrx_word' id='word_1_617' title='bbox 1733 4811 2103 4883; x_wconf 90' lang='lat' dir='ltr'><strong>posterorum</strong></span> 
     </span>
    </p>
   </div>
   <div class='ocr_carea' id='block_1_88' title="bbox 456 4891 2103 4975">
    <p class='ocr_par' dir='ltr' id='par_1_88' title="bbox 456 4891 2103 4975">
     <span class='ocr_line' id='line_1_88' title="bbox 456 4891 2103 4975; baseline -0.004 -11"><span class='ocrx_word' id='word_1_618' title='bbox 456 4896 676 4963; x_wconf 80' lang='lat' dir='ltr'><strong>aﬂ’atim</strong></span> <span class='ocrx_word' id='word_1_619' title='bbox 709 4891 1539 4972; x_wconf 86' lang='lat' dir='ltr'><strong>desiderarent,sensibilibus</strong></span> <span class='ocrx_word' id='word_1_620' title='bbox 1571 4893 1778 4973; x_wconf 79' lang='lat' dir='ltr'><strong>ﬁguris</strong></span> <span class='ocrx_word' id='word_1_621' title='bbox 1795 4911 2103 4975; x_wconf 72' lang='lat' dir='ltr'><strong>superem-</strong></span> 
     </span>
    </p>
   </div>
   <div class='ocr_carea' id='block_1_89' title="bbox 455 4980 2108 5062">
    <p class='ocr_par' dir='ltr' id='par_1_89' title="bbox 455 4980 2108 5062">
     <span class='ocr_line' id='line_1_89' title="bbox 455 4980 2108 5062; baseline -0.004 -10"><span class='ocrx_word' id='word_1_622' title='bbox 455 4989 727 5062; x_wconf 83' lang='lat' dir='ltr'><strong>lestia,et</strong></span> <span class='ocrx_word' id='word_1_623' title='bbox 757 4983 917 5062; x_wconf 90' lang='lat' dir='ltr'><strong>quod</strong></span> <span class='ocrx_word' id='word_1_624' title='bbox 941 4982 1170 5046; x_wconf 88' lang='lat' dir='ltr'><strong>unitate</strong></span> <span class='ocrx_word' id='word_1_625' title='bbox 1202 4981 1519 5044; x_wconf 91' lang='lat' dir='ltr'><strong>collectum</strong></span> <span class='ocrx_word' id='word_1_626' title='bbox 1556 4990 1647 5044; x_wconf 90' lang='lat' dir='ltr'><strong>est</strong></span> <span class='ocrx_word' id='word_1_627' title='bbox 1669 4980 1827 5044; x_wconf 90' lang='lat' dir='ltr'><strong>varia</strong></span> <span class='ocrx_word' id='word_1_628' title='bbox 1853 5002 1987 5046; x_wconf 85' lang='lat' dir='ltr'><strong>cum</strong></span> <span class='ocrx_word' id='word_1_629' title='bbox 2020 4985 2108 5046; x_wconf 88' lang='lat' dir='ltr'><strong>di-</strong></span> 
     </span>
    </p>
   </div>
   <div class='ocr_carea' id='block_1_90' title="bbox 458 5071 2109 5146">
    <p class='ocr_par' dir='ltr' id='par_1_90' title="bbox 458 5071 2109 5146">
     <span class='ocr_line' id='line_1_90' title="bbox 458 5071 2109 5146; baseline -0.004 -2"><span class='ocrx_word' id='word_1_630' title='bbox 458 5077 778 5144; x_wconf 88' lang='lat' dir='ltr'><strong>stinctione</strong></span> <span class='ocrx_word' id='word_1_631' title='bbox 799 5083 922 5136; x_wconf 92' lang='lat' dir='ltr'><strong>tum</strong></span> <span class='ocrx_word' id='word_1_632' title='bbox 954 5071 1478 5146; x_wconf 89' lang='lat' dir='ltr'><strong>multitudine,nec</strong></span> <span class='ocrx_word' id='word_1_633' title='bbox 1505 5091 1624 5134; x_wconf 89' lang='lat' dir='ltr'><strong>non</strong></span> <span class='ocrx_word' id='word_1_634' title='bbox 1651 5076 1709 5134; x_wconf 88' lang='lat' dir='ltr'><strong>in</strong></span> <span class='ocrx_word' id='word_1_635' title='bbox 1732 5073 2007 5136; x_wconf 88' lang='lat' dir='ltr'><strong>humanis</strong></span> <span class='ocrx_word' id='word_1_636' title='bbox 2021 5074 2109 5137; x_wconf 88' lang='lat' dir='ltr'><strong>di-</strong></span> 
     </span>
    </p>
   </div>
   <div class='ocr_carea' id='block_1_91' title="bbox 459 5162 2107 5249">
    <p class='ocr_par' dir='ltr' id='par_1_91' title="bbox 459 5162 2107 5249">
     <span class='ocr_line' id='line_1_91' title="bbox 459 5162 2107 5249; baseline -0.002 -20"><span class='ocrx_word' id='word_1_637' title='bbox 459 5164 766 5249; x_wconf 88' lang='lat' dir='ltr'><strong>vina,etin</strong></span> <span class='ocrx_word' id='word_1_638' title='bbox 782 5162 1051 5226; x_wconf 80' lang='lat' dir='ltr'><strong>materiis</strong></span> <span class='ocrx_word' id='word_1_639' title='bbox 1079 5162 1496 5237; x_wconf 88' lang='lat' dir='ltr'><strong>immateriata,</strong></span> <span class='ocrx_word' id='word_1_640' title='bbox 1523 5171 1700 5242; x_wconf 89' lang='lat' dir='ltr'><strong>atque</strong></span> <span class='ocrx_word' id='word_1_641' title='bbox 1730 5162 1790 5224; x_wconf 94' lang='lat' dir='ltr'><strong>in</strong></span> <span class='ocrx_word' id='word_1_642' title='bbox 1822 5165 2107 5227; x_wconf 85' lang='lat' dir='ltr'><strong>nostrati-</strong></span> 
     </span>
    </p>
   </div>
   <div class='ocr_carea' id='block_1_92' title="bbox 2188 4625 3836 4708">
    <p class='ocr_par' dir='ltr' id='par_1_92' title="bbox 2188 4625 3836 4708">
     <span class='ocr_line' id='line_1_92' title="bbox 2188 4625 3836 4708; baseline -0.004 -20"><span class='ocrx_word' id='word_1_643' title='bbox 2188 4654 2246 4688; x_wconf 88' lang='grc' dir='ltr'><strong>τε</strong></span> <span class='ocrx_word' id='word_1_644' title='bbox 2304 4630 2731 4699; x_wconf 81' lang='grc' dir='ltr'>ἀναπλησθέντες</span> <span class='ocrx_word' id='word_1_645' title='bbox 2791 4637 2886 4686; x_wconf 81' lang='grc' dir='ltr'>τοῦ</span> <span class='ocrx_word' id='word_1_646' title='bbox 2932 4630 3073 4708; x_wconf 67' lang='grc' dir='ltr'>ἱεροῦ</span> <span class='ocrx_word' id='word_1_647' title='bbox 3128 4627 3317 4708; x_wconf 82' lang='grc' dir='ltr'>δώρου,</span> <span class='ocrx_word' id='word_1_648' title='bbox 3378 4630 3469 4685; x_wconf 80' lang='grc' dir='ltr'><strong>καὶ</strong></span> <span class='ocrx_word' id='word_1_649' title='bbox 3521 4629 3590 4690; x_wconf 85' lang='grc' dir='ltr'>εἷς</span> <span class='ocrx_word' id='word_1_650' title='bbox 3625 4627 3683 4682; x_wconf 84' lang='grc' dir='ltr'>τὸ</span> <span class='ocrx_word' id='word_1_651' title='bbox 3716 4625 3836 4694; x_wconf 69' lang='grc' dir='ltr'><strong>ἑξῆς</strong></span> 
     </span>
    </p>
   </div>
   <div class='ocr_carea' id='block_1_93' title="bbox 2189 4716 3840 4800">
    <p class='ocr_par' dir='ltr' id='par_1_93' title="bbox 2189 4716 3840 4800">
     <span class='ocr_line' id='line_1_93' title="bbox 2189 4716 3840 4800; baseline -0.004 -21"><span class='ocrx_word' id='word_1_652' title='bbox 2189 4721 2316 4779; x_wconf 74' lang='grc' dir='ltr'>αὒτὸ</span> <span class='ocrx_word' id='word_1_653' title='bbox 2353 4732 2679 4800; x_wconf 75' lang='grc' dir='ltr'>προαγαγεῖν</span> <span class='ocrx_word' id='word_1_654' title='bbox 2710 4720 2811 4776; x_wconf 76' lang='grc' dir='ltr'><strong>ὑπὸ</strong></span> <span class='ocrx_word' id='word_1_655' title='bbox 2840 4724 2939 4785; x_wconf 78' lang='grc' dir='ltr'><strong>τῆς</strong></span> <span class='ocrx_word' id='word_1_656' title='bbox 2968 4723 3263 4798; x_wconf 79' lang='grc' dir='ltr'>θεαρχικῆς</span> <span class='ocrx_word' id='word_1_657' title='bbox 3305 4717 3636 4795; x_wconf 82' lang='grc' dir='ltr'>ἀγαθότητος</span> <span class='ocrx_word' id='word_1_658' title='bbox 3695 4716 3840 4773; x_wconf 87' lang='grc' dir='ltr'>ἀπε-</span> 
     </span>
    </p>
   </div>
   <div class='ocr_carea' id='block_1_94' title="bbox 2188 4806 3842 4889">
    <p class='ocr_par' dir='ltr' id='par_1_94' title="bbox 2188 4806 3842 4889">
     <span class='ocr_line' id='line_1_94' title="bbox 2188 4806 3842 4889; baseline -0.004 -21"><span class='ocrx_word' id='word_1_659' title='bbox 2188 4810 2495 4885; x_wconf 78' lang='grc' dir='ltr'>σταλμένοι,</span> <span class='ocrx_word' id='word_1_660' title='bbox 2528 4812 2617 4866; x_wconf 85' lang='grc' dir='ltr'>καὶ</span> <span class='ocrx_word' id='word_1_661' title='bbox 2646 4809 2791 4866; x_wconf 76' lang='grc' dir='ltr'>αὒτοὶ</span> <span class='ocrx_word' id='word_1_662' title='bbox 2822 4807 2876 4865; x_wconf 76' lang='grc' dir='ltr'><strong>δὲ</strong></span> <span class='ocrx_word' id='word_1_663' title='bbox 2933 4809 3169 4889; x_wconf 68' lang='grc' dir='ltr'>ἀφθόνως</span> <span class='ocrx_word' id='word_1_664' title='bbox 3235 4806 3480 4880; x_wconf 78' lang='grc' dir='ltr'>ἐρῶντες,</span> <span class='ocrx_word' id='word_1_665' title='bbox 3543 4809 3616 4870; x_wconf 78' lang='grc' dir='ltr'><strong>ὡς</strong></span> <span class='ocrx_word' id='word_1_666' title='bbox 3674 4809 3842 4886; x_wconf 76' lang='grc' dir='ltr'>θεῖοι,</span> 
     </span>
    </p>
   </div>
   <div class='ocr_carea' id='block_1_95' title="bbox 2187 4897 3847 4977">
    <p class='ocr_par' dir='ltr' id='par_1_95' title="bbox 2187 4897 3847 4977">
     <span class='ocr_line' id='line_1_95' title="bbox 2187 4897 3847 4977; baseline -0.003 -18"><span class='ocrx_word' id='word_1_667' title='bbox 2187 4907 2284 4970; x_wconf 78' lang='grc' dir='ltr'>τῆς</span> <span class='ocrx_word' id='word_1_668' title='bbox 2313 4907 2420 4958; x_wconf 86' lang='grc' dir='ltr'>τῶν</span> <span class='ocrx_word' id='word_1_669' title='bbox 2451 4900 2570 4975; x_wconf 90' lang='grc' dir='ltr'>μετ’</span> <span class='ocrx_word' id='word_1_670' title='bbox 2602 4899 2786 4963; x_wconf 78' lang='grc' dir='ltr'>αὑτοὺς</span> <span class='ocrx_word' id='word_1_671' title='bbox 2842 4899 3128 4977; x_wconf 84' lang='grc' dir='ltr'>ἀναγωγῆς</span> <span class='ocrx_word' id='word_1_672' title='bbox 3186 4898 3274 4954; x_wconf 86' lang='grc' dir='ltr'><strong>καὶ</strong></span> <span class='ocrx_word' id='word_1_673' title='bbox 3332 4898 3595 4970; x_wconf 84' lang='grc' dir='ltr'>θεώσεως,</span> <span class='ocrx_word' id='word_1_674' title='bbox 3660 4897 3847 4964; x_wconf 83' lang='grc' dir='ltr'>αἰσθη-</span> 
     </span>
    </p>
   </div>
   <div class='ocr_carea' id='block_1_96' title="bbox 2191 4984 3844 5068">
    <p class='ocr_par' dir='ltr' id='par_1_96' title="bbox 2191 4984 3844 5068">
     <span class='ocr_line' id='line_1_96' title="bbox 2191 4984 3844 5068; baseline -0.004 -20"><span class='ocrx_word' id='word_1_675' title='bbox 2191 5004 2311 5055; x_wconf 78' lang='grc' dir='ltr'>ταῖς</span> <span class='ocrx_word' id='word_1_676' title='bbox 2345 4989 2508 5047; x_wconf 78' lang='grc' dir='ltr'>εἰκόσι</span> <span class='ocrx_word' id='word_1_677' title='bbox 2541 4990 2607 5045; x_wconf 84' lang='grc' dir='ltr'><strong>τά</strong></span> <span class='ocrx_word' id='word_1_678' title='bbox 2655 4987 3028 5068; x_wconf 68' lang='grc' dir='ltr'>ὺπερουρένια,</span> <span class='ocrx_word' id='word_1_679' title='bbox 3095 4987 3184 5044; x_wconf 85' lang='grc' dir='ltr'><strong>καὶ</strong></span> <span class='ocrx_word' id='word_1_680' title='bbox 3241 4985 3482 5059; x_wconf 73' lang='grc' dir='ltr'>ποικιλίᾳ</span> <span class='ocrx_word' id='word_1_681' title='bbox 3543 4986 3631 5042; x_wconf 73' lang='grc' dir='ltr'><strong>καὶ</strong></span> <span class='ocrx_word' id='word_1_682' title='bbox 3689 4984 3844 5056; x_wconf 78' lang='grc' dir='ltr'>πλή-</span> 
     </span>
    </p>
   </div>
   <div class='ocr_carea' id='block_1_97' title="bbox 2189 5075 3846 5156">
    <p class='ocr_par' dir='ltr' id='par_1_97' title="bbox 2189 5075 3846 5156">
     <span class='ocr_line' id='line_1_97' title="bbox 2189 5075 3846 5156; baseline -0.004 -17"><span class='ocrx_word' id='word_1_683' title='bbox 2189 5085 2266 5139; x_wconf 90' lang='grc' dir='ltr'><strong>θει</strong></span> <span class='ocrx_word' id='word_1_684' title='bbox 2321 5081 2383 5137; x_wconf 82' lang='grc' dir='ltr'>τὸ</span> <span class='ocrx_word' id='word_1_685' title='bbox 2453 5078 2896 5156; x_wconf 82' lang='grc' dir='ltr'>συνεπτυγμένον,</span> <span class='ocrx_word' id='word_1_686' title='bbox 2962 5078 3052 5134; x_wconf 80' lang='grc' dir='ltr'><strong>καὶ</strong></span> <span class='ocrx_word' id='word_1_687' title='bbox 3109 5075 3164 5132; x_wconf 78' lang='grc' dir='ltr'>ἐν</span> <span class='ocrx_word' id='word_1_688' title='bbox 3233 5076 3576 5155; x_wconf 87' lang='grc' dir='ltr'>ἀνθρωπίνοις</span> <span class='ocrx_word' id='word_1_689' title='bbox 3650 5096 3708 5131; x_wconf 78' lang='grc' dir='ltr'><strong>τε</strong></span> <span class='ocrx_word' id='word_1_690' title='bbox 3777 5077 3846 5134; x_wconf 89' lang='grc' dir='ltr'><strong>τά</strong></span> 
     </span>
    </p>
   </div>
   <div class='ocr_carea' id='block_1_98' title="bbox 2189 5162 3844 5242">
    <p class='ocr_par' dir='ltr' id='par_1_98' title="bbox 2189 5162 3844 5242">
     <span class='ocr_line' id='line_1_98' title="bbox 2189 5162 3844 5242; baseline -0.004 -13"><span class='ocrx_word' id='word_1_691' title='bbox 2189 5168 2328 5229; x_wconf 77' lang='grc' dir='ltr'>θετα’</span> <span class='ocrx_word' id='word_1_692' title='bbox 2386 5171 2474 5229; x_wconf 88' lang='grc' dir='ltr'><strong>καὶ</strong></span> <span class='ocrx_word' id='word_1_693' title='bbox 2532 5167 2733 5233; x_wconf 79' lang='grc' dir='ltr'>ἐνύλοις</span> <span class='ocrx_word' id='word_1_694' title='bbox 2788 5169 2854 5224; x_wconf 86' lang='grc' dir='ltr'><strong>τά</strong></span> <span class='ocrx_word' id='word_1_695' title='bbox 2912 5165 3068 5242; x_wconf 73' lang='grc' dir='ltr'>ἀϋλα,</span> <span class='ocrx_word' id='word_1_696' title='bbox 3126 5167 3215 5222; x_wconf 82' lang='grc' dir='ltr'><strong>καὶ</strong></span> <span class='ocrx_word' id='word_1_697' title='bbox 3272 5178 3392 5230; x_wconf 80' lang='grc' dir='ltr'>τοῖς</span> <span class='ocrx_word' id='word_1_698' title='bbox 3425 5162 3542 5222; x_wconf 88' lang='grc' dir='ltr'>καθ’</span> <span class='ocrx_word' id='word_1_699' title='bbox 3573 5165 3720 5240; x_wconf 75' lang='grc' dir='ltr'>ἡμᾶς</span> <span class='ocrx_word' id='word_1_700' title='bbox 3777 5167 3844 5223; x_wconf 84' lang='grc' dir='ltr'><strong>τά</strong></span> 
     </span>
    </p>
   </div>
   <div class='ocr_carea' id='block_1_99' title="bbox 461 5250 2094 5336">
    <p class='ocr_par' dir='ltr' id='par_1_99' title="bbox 461 5250 2094 5335">
     <span class='ocr_line' id='line_1_99' title="bbox 461 5250 2094 5335; baseline -0.006 -10"><span class='ocrx_word' id='word_1_701' title='bbox 461 5259 576 5325; x_wconf 75' lang='lat' dir='ltr'><strong>bus</strong></span> <span class='ocrx_word' id='word_1_702' title='bbox 597 5256 780 5319; x_wconf 91' lang='lat' dir='ltr'><strong>rebus</strong></span> <span class='ocrx_word' id='word_1_703' title='bbox 807 5250 1550 5334; x_wconf 85' lang='lat' dir='ltr'><strong>supersubstantialia,qua</strong></span> <span class='ocrx_word' id='word_1_704' title='bbox 1572 5253 1805 5334; x_wconf 89' lang='lat' dir='ltr'><strong>scriptis</strong></span> <span class='ocrx_word' id='word_1_705' title='bbox 1836 5273 1950 5335; x_wconf 89' lang='lat' dir='ltr'><strong>qua</strong></span> <span class='ocrx_word' id='word_1_706' title='bbox 1990 5274 2094 5316; x_wconf 80' lang='lat' dir='ltr'><strong>nor</strong></span> 
     </span>
    </p>
   </div>
   <div class='ocr_carea' id='block_1_100' title="bbox 2180 5250 3846 5336">
    <p class='ocr_par' dir='ltr' id='par_1_100' title="bbox 2194 5252 3846 5336">
     <span class='ocr_line' id='line_1_100' title="bbox 2194 5252 3846 5336; baseline -0.005 -18"><span class='ocrx_word' id='word_1_707' title='bbox 2194 5261 2493 5336; x_wconf 71' lang='grc' dir='ltr'>ὃπερούσια,</span> <span class='ocrx_word' id='word_1_708' title='bbox 2559 5271 2682 5321; x_wconf 71' lang='grc' dir='ltr'>ταῖς</span> <span class='ocrx_word' id='word_1_709' title='bbox 2745 5257 3027 5336; x_wconf 64' lang='grc' dir='ltr'>ἐγγράφοις</span> <span class='ocrx_word' id='word_1_710' title='bbox 3083 5276 3141 5311; x_wconf 90' lang='grc' dir='ltr'><strong>τε</strong></span> <span class='ocrx_word' id='word_1_711' title='bbox 3198 5258 3369 5313; x_wconf 74' lang='grc' dir='ltr'>αὒτῶν</span> <span class='ocrx_word' id='word_1_712' title='bbox 3437 5254 3522 5308; x_wconf 86' lang='grc' dir='ltr'>καὶ</span> <span class='ocrx_word' id='word_1_713' title='bbox 3586 5252 3846 5332; x_wconf 70' lang='grc' dir='ltr'>ἀγράφοις</span> 
     </span>
    </p>
   </div>
   <div class='ocr_carea' id='block_1_101' title="bbox 460 5339 2094 5429">
    <p class='ocr_par' dir='ltr' id='par_1_101' title="bbox 460 5339 2094 5429">
     <span class='ocr_line' id='line_1_101' title="bbox 460 5339 2094 5429; baseline -0.005 -14"><span class='ocrx_word' id='word_1_714' title='bbox 460 5346 698 5429; x_wconf 76' lang='lat' dir='ltr'><strong>scriptis</strong></span> <span class='ocrx_word' id='word_1_715' title='bbox 713 5339 1285 5423; x_wconf 77' lang='lat' dir='ltr'><strong>institutionibus,in</strong></span> <span class='ocrx_word' id='word_1_716' title='bbox 1301 5343 1716 5406; x_wconf 79' lang='lat' dir='ltr'><strong>sacratissimis</strong></span> <span class='ocrx_word' id='word_1_717' title='bbox 1738 5344 1994 5408; x_wconf 88' lang='lat' dir='ltr'><strong>oraculis</strong></span> <span class='ocrx_word' id='word_1_718' title='bbox 2009 5364 2094 5407; x_wconf 24' lang='lat' dir='ltr'><strong>no!</strong></span> 
     </span>
    </p>
   </div>
   <div class='ocr_carea' id='block_1_102' title="bbox 2180 5339 3846 5429">
    <p class='ocr_par' dir='ltr' id='par_1_102' title="bbox 2193 5340 3846 5428">
     <span class='ocr_line' id='line_1_102' title="bbox 2193 5340 3846 5428; baseline -0.005 -20"><span class='ocrx_word' id='word_1_719' title='bbox 2193 5352 2444 5428; x_wconf 75' lang='grc' dir='ltr'>μυήσεσι,</span> <span class='ocrx_word' id='word_1_720' title='bbox 2522 5349 2655 5406; x_wconf 86' lang='grc' dir='ltr'><strong>κατά</strong></span> <span class='ocrx_word' id='word_1_721' title='bbox 2711 5349 2828 5410; x_wconf 81' lang='grc' dir='ltr'>τοὺς</span> <span class='ocrx_word' id='word_1_722' title='bbox 2887 5347 3052 5424; x_wconf 81' lang='grc' dir='ltr'>ἱεροὺς</span> <span class='ocrx_word' id='word_1_723' title='bbox 3106 5347 3238 5421; x_wconf 72' lang='grc' dir='ltr'>ἡμῖν</span> <span class='ocrx_word' id='word_1_724' title='bbox 3292 5340 3566 5401; x_wconf 79' lang='grc' dir='ltr'>ἔδοσανθο</span> <span class='ocrx_word' id='word_1_725' title='bbox 3617 5345 3846 5420; x_wconf 71' lang='grc' dir='ltr'>θεσμοῖις</span> 
     </span>
    </p>
   </div>
   <div class='ocr_carea' id='block_1_103' title="bbox 1749 5523 2524 5594">
    <p class='ocr_par' dir='ltr' id='par_1_103' title="bbox 1749 5523 2524 5594">
     <span class='ocr_line' id='line_1_103' title="bbox 1749 5523 2524 5594; baseline 0.008 -10"><span class='ocrx_word' id='word_1_726' title='bbox 1749 5523 2017 5588; x_wconf 79' lang='lat' dir='ltr'><strong>VARle</strong></span> <span class='ocrx_word' id='word_1_727' title='bbox 2074 5525 2524 5594; x_wconf 83' lang='lat' dir='ltr'><strong>LECTIONES.</strong></span> 
     </span>
    </p>
   </div>
   <div class='ocr_carea' id='block_1_104' title="bbox 541 5642 3850 5729">
    <p class='ocr_par' dir='ltr' id='par_1_104' title="bbox 541 5642 3850 5729">
     <span class='ocr_line' id='line_1_104' title="bbox 541 5642 3850 5729; baseline -0.002 -17"><span class='ocrx_word' id='word_1_728' title='bbox 541 5652 606 5704; x_wconf 69' lang='lat'><strong>33</strong></span> <span class='ocrx_word' id='word_1_729' title='bbox 629 5650 690 5712; x_wconf 88' lang='lat' dir='ltr'><strong>in</strong></span> <span class='ocrx_word' id='word_1_730' title='bbox 721 5646 905 5712; x_wconf 90' lang='lat' dir='ltr'><strong>dandi</strong></span> <span class='ocrx_word' id='word_1_731' title='bbox 937 5665 1082 5710; x_wconf 76' lang='lat' dir='ltr'><strong>Casu</strong></span> <span class='ocrx_word' id='word_1_732' title='bbox 1111 5647 1296 5724; x_wconf 66' lang='grc' dir='ltr'>ἁπάσῃ</span> <span class='ocrx_word' id='word_1_733' title='bbox 1338 5648 1605 5729; x_wconf 76' lang='grc' dir='ltr'>ἱεραρχίᾳ,</span> <span class='ocrx_word' id='word_1_734' title='bbox 1639 5644 1710 5711; x_wconf 75' lang='lat' dir='ltr'><strong>V.</strong></span> <span class='ocrx_word' id='word_1_735' title='bbox 1735 5647 1964 5729; x_wconf 82' lang='lat' dir='ltr'><strong>minor,</strong></span> <span class='ocrx_word' id='word_1_736' title='bbox 1999 5650 2106 5716; x_wconf 87' lang='lat' dir='ltr'><strong>Ch.</strong></span> <span class='ocrx_word' id='word_1_737' title='bbox 2139 5653 2213 5712; x_wconf 89' lang='lat' dir='ltr'><strong>D.</strong></span> <span class='ocrx_word' id='word_1_738' title='bbox 2242 5649 2306 5715; x_wconf 82' lang='lat' dir='ltr'><strong>S.</strong></span> <span class='ocrx_word' id='word_1_739' title='bbox 2369 5649 2436 5701; x_wconf 78' lang='grc'><strong>86</strong></span> <span class='ocrx_word' id='word_1_740' title='bbox 2465 5648 2716 5729; x_wconf 79' lang='grc' dir='ltr'>λέγομεν,</span> <span class='ocrx_word' id='word_1_741' title='bbox 2778 5645 2843 5709; x_wconf 81' lang='grc' dir='ltr'><strong>Ρ.</strong></span> <span class='ocrx_word' id='word_1_742' title='bbox 2906 5644 2976 5711; x_wconf 83' lang='lat' dir='ltr'><strong>D.</strong></span> <span class='ocrx_word' id='word_1_743' title='bbox 3035 5643 3142 5708; x_wconf 78' lang='lat' dir='ltr'><strong>Ch.</strong></span> <span class='ocrx_word' id='word_1_744' title='bbox 3225 5643 3288 5693; x_wconf 78' lang='grc'><strong>87</strong></span> <span class='ocrx_word' id='word_1_745' title='bbox 3330 5665 3415 5724; x_wconf 85' lang='grc' dir='ltr'>γρ.</span> <span class='ocrx_word' id='word_1_746' title='bbox 3449 5646 3613 5707; x_wconf 83' lang='grc' dir='ltr'>θείαν.</span> <span class='ocrx_word' id='word_1_747' title='bbox 3665 5642 3730 5693; x_wconf 76' lang='grc'><strong>88</strong></span> <span class='ocrx_word' id='word_1_748' title='bbox 3757 5667 3850 5726; x_wconf 78' lang='grc' dir='ltr'>γρ.</span> 
     </span>
    </p>
   </div>
   <div class='ocr_carea' id='block_1_105' title="bbox 463 5726 2028 5808">
    <p class='ocr_par' dir='ltr' id='par_1_105' title="bbox 463 5726 2028 5808">
     <span class='ocr_line' id='line_1_105' title="bbox 463 5726 2028 5808; baseline -0.004 -16"><span class='ocrx_word' id='word_1_749' title='bbox 463 5733 580 5796; x_wconf 71' lang='grc' dir='ltr'>οἶδέ</span> <span class='ocrx_word' id='word_1_750' title='bbox 628 5733 693 5786; x_wconf 84' lang='grc'><strong>89</strong></span> <span class='ocrx_word' id='word_1_751' title='bbox 721 5729 1206 5808; x_wconf 77' lang='grc' dir='ltr'>ἀπιρικαλύπτοις,</span> <span class='ocrx_word' id='word_1_752' title='bbox 1237 5731 1308 5794; x_wconf 88' lang='lat' dir='ltr'><strong>D,</strong></span> <span class='ocrx_word' id='word_1_753' title='bbox 1340 5726 1462 5793; x_wconf 69' lang='lat' dir='ltr'><strong>Ch,</strong></span> <span class='ocrx_word' id='word_1_754' title='bbox 1490 5726 1909 5808; x_wconf 60' lang='grc' dir='ltr'>Ὀοπαρέδοσαν,</span> <span class='ocrx_word' id='word_1_755' title='bbox 1950 5726 2028 5796; x_wconf 75' lang='grc' dir='ltr'><strong>Β,</strong></span> 
     </span>
    </p>
   </div>
  </div>
