4150 6158
435 346 543 419 381

954 354 1051 419 DE
1097 352 1400 435 ECGLES.
1436 352 1891 431 HIERARCE,
1939 356 2105 420 CAP.
2149 352 2198 419 Ι.
2237 391 2298 403 --
2334 356 2715 423 PARAPHR.
2755 356 3275 425 PACHYMERE.

3688 345 3804 425 382

1473 489 1575 552 PA
1590 486 2017 553 RAPHRASIS
2056 486 2557 555 PACHYMER/E
2609 492 2760 574 (22).

502 650 648 707 Μετὰ
716 650 817 717 τὴν
884 651 1127 728 οὗρανίᾰν
1201 652 1475 732 ίεραρχίαν
1532 636 1895 726 διαλαμϐάνει
1977 654 2066 710 καὶ

2214 655 2355 716 Post
2369 653 2672 716 cmlestem
2689 653 3081 717 hierarchiam
3102 656 3495 719 tractatetiam
3510 655 3584 719 de
3602 664 3806 721 nostra

423 741 536 818 περῖ
595 745 695 807 τῆς
728 741 845 797 καθ’
909 743 1048 812 ἡμᾶς
1079 742 1377 821 ἱεραρχίας,
1408 741 1476 808 ἣν
1532 740 1628 797 οὔκ
1670 740 1796 798 ε’ίπε
1850 744 2076 820 γηΐνην·

420 831 465 886 εἴ
509 831 609 909 γὰρ
655 831 743 887 καὶ
778 830 834 886 ἐν
892 836 964 908 γῇ
1007 829 1367 911 πολιτεύεται,
1413 828 1536 886 ἀλλ’
1593 832 1620 886 ὁ
1664 832 1865 894 σκοπὶσς
1893 833 1982 887 καὶ
2017 833 2079 888 τὸ

414 919 569 983 τέλος
624 922 794 986 αὐτῆς
859 918 1099 998 ούράνιός
1162 919 1325 999 ἐστιν,
1384 921 1457 985 εἰς
1518 922 1745 995 μίμησιν
1801 928 1891 977 τοῦ
1950 923 2081 978 Θεοῦ

414 1008 619 1087 ἄγουσα
675 1010 766 1065 τὸν
812 1009 1109 1089 ἄνθρωπον,
1171 1012 1348 1075 καθὼς
1379 1032 1387 1085 τ
1415 1010 1588 1077 ἐκείνη
1656 1011 1747 1076 τὰς
1789 1012 1929 1076 θείας
1992 1004 2079 1068 καὶ

416 1100 684 1169 οὒρανίους
744 1096 1013 1175 δυνάμεις·
1094 1099 1509 1177 προηγουμένως
1583 1100 1682 1177 γὰρ
1747 1101 1839 1157 καὶ
1889 1102 2077 1176 κυρίως

416 1190 480 1246 τὸ
510 1188 802 1268 καθαίρειν,
848 1190 909 1245 τὸ
939 1190 1206 1268 φωτίζειν,
1257 1190 1319 1246 τὸ
1347 1189 1609 1269 τελειοῦν,
1642 1198 1732 1248 τοῦ
1783 1197 1913 1246 Θεοῦ
1943 1189 2076 1245 ἐστι’

421 1277 679 1350 δευτέρως
725 1277 780 1335 δὲ
828 1280 914 1335 καὶ
956 1285 1066 1334 τῶν
1124 1278 1392 1357 ἀγγέλων,
1429 1279 1565 1336 κατὰ
1606 1279 1779 1357 τρίτον
1823 1278 1877 1335 δὲ
1925 1277 2081 1357 λόγον

428 1369 513 1423 καὶ
569 1371 739 1426 αὐτῶν
768 1373 875 1424 τῶν
917 1368 1226 1447 ἀνθρώπων
1274 1378 1437 1428 ταῦτα
1480 1369 1580 1447 γάρ
1630 1370 1729 1424 εἶσι
1770 1369 1837 1425 τὰ
1878 1368 1994 1445 τρία
2047 1370 2082 1436 ἡ

426 1463 527 1523 τῆς
570 1459 842 1538 ἱεραρχίας
895 1458 1153 1537 ἐνέργεια,
1214 1465 1389 1517 Ταῦτα
1447 1459 1590 1536 παρὰ
1642 1459 1740 1533 μὲν
1795 1470 1918 1522 ταῖς
1974 1456 2084 1513 ἅνω

428 1548 629 1611 οῦσίαις
660 1548 976 1623 τελούμενα,
1047 1550 1090 1604 εί
1147 1551 1233 1605 καὶ
1290 1547 1557 1625 μυστήριᾶ
1602 1549 1755 1621 εἰσιν,
1816 1549 1889 1611 ὡς
1953 1554 2084 1604 Θεοῦ

428 1636 556 1714 ἔργα
611 1638 903 1718 ὑπέρτατα,
938 1636 1059 1694 ἀλλ’
1118 1638 1206 1695 οῦν
1249 1638 1308 1693 οὗ
1354 1639 1617 1716 μυστήριά
1660 1639 1759 1694 εἰσι
1804 1639 1934 1716 πρὸς
1978 1636 2082 1693 ἆλ-

2164 742 2707 823 bierarchia,quam
2740 763 2857 805 non
2888 743 3034 805 dixit
3060 746 3713 827 terrenam;quia,licet
3742 747 3805 809 in

2164 840 2323 894 terra
2350 833 2823 907 administretur,
2846 850 3063 914 ecopus
3087 842 3279 895 tamen
3299 836 3498 898 etfinis
3520 837 3650 915 ejus
3672 855 3805 898 cce-

2163 923 2325 984 lestis
2354 930 2466 995 est,
2497 941 2630 983 cum
2653 923 2725 983 ad
2750 922 3109 985 imitandum
3132 922 3317 985 Deum
3342 924 3584 986 inducat
3605 926 3806 987 homi-

2164 1030 2451 1083 nem,non
2468 1030 2640 1073 secus
2663 1030 2731 1073 ac
2760 1012 2856 1073 illa
2870 1012 3098 1073 divinas
3121 1016 3512 1095 caelestesque
3534 1015 3806 1095 virtutes,

2162 1101 2454 1181 siquidem
2482 1101 2886 1181 principaliter
2915 1121 2983 1163 ac
3006 1103 3268 1183 proprie,
3300 1102 3563 1183 expiare,
3583 1103 3807 1165 illumi-

2165 1210 2330 1264 nare,
2366 1192 2681 1271 perﬁcere,
2718 1190 2826 1254 Dei
2852 1200 2975 1268 est;
3010 1192 3367 1255 secundario
3399 1205 3598 1255 autem
3632 1199 3806 1256 etiam

2166 1281 2873 1360 sngelorum,secundum
2898 1300 3034 1344 vero
3060 1284 3293 1344 tertiam
3312 1284 3602 1344 rationem
3629 1284 3808 1345 etiam

2167 1364 2428 1449 ipsorum
2464 1371 2797 1433 hominum.
2821 1378 3101 1452 quoniam
3134 1374 3260 1434 haec
3294 1374 3401 1435 tria
3429 1381 3565 1434 sunt
3597 1392 3813 1435 munus

2167 1460 2543 1524 hierarchiee.
2567 1459 2705 1522 Hinc
2731 1460 2864 1521 dum
2891 1460 2949 1522 in
2974 1463 3247 1542 supernis
3269 1462 3510 1543 quidem
3536 1463 3811 1525 essentiis

2171 1550 2953 1629 perﬁciuntur,tametsisint
2978 1552 3275 1632 mysteria,
3301 1553 3523 1631 quippe
3548 1554 3651 1616 Dei
3675 1571 3815 1633 ope-

2167 1657 2231 1700 ra
2292 1640 2745 1721 sublimissima,
2795 1650 3203 1703 verumtamen
3262 1642 3457 1723 quoad
3519 1641 3655 1703 illas
3694 1660 3814 1703 non

430 1726 626 1796 λήλας.
665 1737 828 1787 πῦσια
872 1730 972 1807 γὰρ
1016 1728 1159 1807 ἅγιαι
1188 1728 1286 1785 καί
1340 1731 1680 1804 μεμυημέναι
1715 1729 1812 1784 εἶσὶ
1871 1733 1937 1803 τῇ
1968 1726 2079 1806 χά-

2175 1738 2304 1790 sunt
2327 1730 2646 1810 mysteria;
2677 1731 2952 1810 quoniam
2979 1751 3188 1792 omnes
3206 1740 3422 1793 sanctas
3441 1738 3578 1793 sunt
3599 1740 3656 1793 et
3675 1750 3813 1811 gra-

429 1838 533 1895 ριτι
561 1826 653 1875 τοῦ
684 1825 838 1898 Θεοῦ,
867 1820 910 1874 εἰ
954 1819 1040 1874 καὶ
1082 1817 1220 1884 ἄλλη
1253 1816 1423 1884 ἄλλης
1454 1817 1677 1896 προέχει
1720 1818 1857 1873 κατά
1886 1819 1946 1873 τὸ
1980 1816 2084 1892 μέ-

2175 1820 2249 1880 tia
2274 1820 2379 1881 Dei
2402 1829 2785 1896 consecratae,
2808 1822 3075 1901 quamvis
3094 1821 3280 1883 altera
3310 1820 3386 1881 sit
3409 1821 3596 1884 altera
3626 1839 3813 1901 press-

427 1926 552 1983 τρον
611 1906 709 1974 τῆς
755 1906 875 1964 ἐκεῖ
916 1906 1028 1964 εἴτε
1076 1905 1292 1983 τάξεως,
1340 1905 1453 1963 εἴτε
1498 1908 1605 1982 μὴν
1652 1908 1741 1964 καὶ
1790 1904 2083 1981 δυνάμεως·

2175 1908 2414 1989 tantior,
2446 1908 2775 1970 secundum
2804 1908 3091 1971 rationem
3117 1929 3248 1992 quas
3271 1910 3393 1975 illic
3416 1923 3530 1989 εει,
3563 1911 3686 1973 sive
3706 1930 3812 1973 or-

427 1992 554 2073 παρ’
611 1998 749 2070 ἡμῖν
800 1995 857 2053 δὲ
907 1995 1220 2072 τελούμενα,
1255 1997 1518 2075 μυστὴρια
1575 1995 1841 2082 λέγονται,
1875 2000 1934 2055 οῦ
1981 1996 2081 2074 γὰρ

2175 1997 2320 2059 diuis
2345 1998 2467 2059 sive
2487 1999 2886 2080 virtutis;qnae
2906 2018 3042 2061 vero
3072 1999 3225 2081 apud
3254 2019 3363 2062 nos
3397 2000 3811 2082 perﬁciuntur,

426 2084 618 2152 πάντες
677 2088 917 2166 καθαροὶ,
976 2088 1093 2144 οὔτε
1164 2086 1274 2163 μὴν
1340 2086 1698 2163 μεμυημένοι,
1776 2078 1950 2144 ’¹Οθεν
1992 2088 2081 2142 καὶ

2175 2089 2442 2169 mysteria
2473 2106 2577 2151 seu
2608 2078 2981 2153 sacramenta
3012 2078 3313 2165 dicuntur,
3340 2078 3460 2153 non
3500 2092 3661 2153 enim
3693 2078 3817 2153 om;

426 2175 555 2253 παρ’
614 2176 839 2240 ἐκείναις
904 2177 1003 2252 μὲν
1054 2177 1285 2242 ἀπάσαις
1339 2177 1503 2233 ταῦτά
1548 2178 1703 2252 εἰσιν,
1749 2178 1793 2234 εἰ
1837 2177 1924 2233 καὶ
1979 2175 2078 2231 ἀνὰ

2175 2191 2265 2234 nes
2288 2177 2412 2248 puri
2437 2188 2784 2251 sunt,ueque
2805 2179 2975 2237 etiam
3001 2180 3391 2238 initiati.Unde
3410 2181 3468 2237 in
3492 2180 3606 2237 illis
3626 2181 3816 2239 omni-

427 2264 587 2343 μέρος
630 2267 715 2323 mi
746 2266 1103 2341 καθαίρονται,
1140 2268 1225 2323 καὶ
1275 2268 1613 2346 φωτίζονται,
1661 2267 1749 2323 καὶ
1805 2264 2075 2323 τελειοῦν-

2175 2268 2335 2329 iibus
2366 2269 2475 2330 ista
2495 2277 2654 2344 sunt,
2685 2270 2798 2331 etsi
2825 2288 2933 2351 per
2962 2278 3160 2350 partes
3188 2269 3365 2333 etiam
3385 2271 3718 2352 expientur,
3752 2280 3816 2334 et

426 2373 544 2411 ταιο
588 2353 713 2436 παρ’
762 2358 900 2432 ἡμῖν
947 2355 1002 2413 δὲ
1053 2357 1113 2412 οῦ
1150 2362 1335 2436 πᾶσιν,
1384 2355 1522 2412 ἀλλά
1550 2378 1679 2431 τισι,
1715 2357 1889 2418 καθὼς
1916 2355 2005 2412 καὶ
2051 2355 2079 2410 ὁ

2175 2356 2576 2419 ιιιυωὶηοηιυτ
2604 2366 2785 2435 atque
2818 2360 3244 2439 perficiantur;
3276 2360 3433 2441 apud
3469 2380 3577 2423 nos
3614 2370 3812 2424 autem

427 2445 557 2506 Θεὸς
617 2444 701 2502 διὰ
755 2467 848 2503 του
904 2447 1178 2525 προφήτου
1249 2445 1417 2523 λέγει·
1482 2447 1550 2503 Τὸ
1619 2444 1917 2523 μυστήριόν
1978 2465 2080 2520 μου

2175 2466 2286 2509 non
2316 2447 2375 2509 in
2397 2447 2817 2523 omnibus,sed
2838 2451 2894 2511 in
2916 2450 3816 2531 quibusdam,quemadmodum

428 2534 548 2608 ἐμοὶ
600 2537 687 2593 καὶ
741 2549 859 2601 τοῖς
904 2536 1082 2611 ἐμοῖς·
1132 2534 1290 2611 ἐμοὺς
1321 2534 1495 2613 λέγων
1524 2535 1737 2598 πάντως
1768 2535 1892 2599 τοὺς
1923 2536 2083 2610 ἷερεϊς

2175 2537 2345 2599 etiam
2360 2537 2520 2600 Deus
2534 2556 2638 2619 per
2651 2540 3003 2619 prophetam
3025 2540 3619 2620 ait,mysterium,seu
3630 2558 3821 2604 secre-

430 2627 470 2695 ἢ
541 2626 663 2689 τοὺς
734 2625 1131 2701 μεμυημένους.
1202 2626 1311 2693 Τὴν
1375 2631 1500 2702 γοῦν
1556 2627 1663 2681 τῶν
1722 2623 2085 2703 προκειμένων

2175 2633 2293 2690 tum
2322 2645 2521 2689 meum
2549 2627 2705 2690 mihi
2731 2629 2757 2671 ιι
2787 2636 2848 2691 et
2867 2631 3041 2711 meis;
3074 2647 3238 2692 meos
3267 2629 3708 2711 dicens,utique
3731 2648 3823 2692 sa-

431 2715 737 2798 κεφαλαίων
793 2712 1130 2771 διδασκαλίαν
1162 2715 1297 2771 κατὰ
1340 2711 1512 2770 διττὸν
1567 2726 1808 2771 ποιεῖται
1867 2713 2085 2791 τρόπον.

2175 2716 2445 2778 cerdotes
2479 2716 2571 2779 vel
2605 2716 2891 2779 initiatos.
2928 2717 3379 2798 Propositorum
3413 2718 3609 2801 itaque
3642 2718 3816 2799 capi-

434 2809 653 2886 Πρῶτον
710 2805 809 2883 γὰρ
840 2804 1097 2861 ἐκτιθεται
1155 2806 1240 2883 τὸ,
1271 2809 1385 2867 πῶς
1416 2802 1652 2860 τελεῖταί
1680 2806 1740 2860 τὸ
1799 2804 2086 2882 μυστήριον

2175 2806 2428 2869 tulorum
2454 2806 2785 2869 doctrinam
2820 2807 3043 2888 duplici
3089 2807 3264 2869 modo
3316 2809 3513 2872 tradit.
3553 2808 3819 2870 Primum

430 2904 529 2955 τοῦ
582 2893 893 2975 κειραλαίουο
927 2897 1015 2951 καὶ
1074 2892 1361 2964 μετέπειτα
1391 2895 1579 2973 θεωρίᾳ
1636 2895 1736 2951 τινὶ
1779 2899 1933 2950 τοῦτο
1982 2914 2086 2949 πα-

2175 2895 2334 2958 enim
2386 2896 2726 2977 exponitur,
2762 2897 3062 2978 quomodo
3102 2898 3448 2978 mysterium
3480 2916 3588 2961 seu
3611 2916 3818 2961 sacra-

433 2984 741 3061 ραδίδωσιν.
838 2987 969 3042 Οἷον
1003 3033 1020 3059 ,
1096 2984 1386 3061 μυστηρίου
1459 2985 1795 3063 φωτίσματος
1886 2984 2086 3047 ’έκθεσις

2175 2993 2442 3049 mentum
2488 2987 2603 3049 ista
2646 2991 2841 3068 capite
2873 2987 3241 3068 propositum
3274 2997 3823 3063 consummetur,ac

430 3082 668 3153 πρῶτον,
725 3073 853 3131 εἶτα
913 3072 1127 3150 δευτέρα
1184 3075 1218 3140 ἡ
1285 3074 1476 3146 θεωρία
1520 3074 1698 3133 αὐτοῦ*
1747 3072 1934 3153 πάλιν,
1980 3095 2086 3148 μυ-

2175 3075 2393 3138 deinde
2414 3094 2519 3150 per
2536 3078 3099 3158 contemplationem
3127 3077 3443 3158 quamdam
3466 3078 3610 3140 illud
3641 3078 3825 3158 expli-

432 3165 651 3243 στηρίου
720 3162 979 3229 συνάξεως
1050 3162 1278 3241 ἕκθετις,
1342 3164 1466 3220 εἶτα
1538 3164 1573 3233 ἡ
1643 3163 1832 3242 Θεωρία
1905 3161 2086 3223 αὐτοῦ.

2175 3174 2285 3263 cat.
2298 3164 2802 3263 Verbi_grat_ia,est
2815 3166 3108 3263 expositio
3125 3163 3539 3263 illustrationis
3553 3165 3821 3263 seubap-

439 3255 592 3314 Ἐπεὶ
633 3253 734 3333 γὰρ
777 3251 963 3310 διπλοῖ
1015 3254 1179 3329 ἔσμεν
1222 3254 1310 3310 καὶ
1368 3255 1554 3329 ἡμεῖς,
1620 3254 1798 3329 ὁρατοὶ
1851 3253 1991 3310 κατᾶ
2030 3253 2086 3309 τὸ

2178 3254 2679 3331 tismatis;deinde
2708 3254 3103 3337 subsequitur
3133 3256 3263 3335 ejus
3285 3256 3825 3336 contemplatio;si-

433 3350 614 3419 σῶμα,
676 3343 953 3417 νοούμενοι
1009 3343 1146 3399 κατὰ
1217 3347 1443 3423 ψυχην,
1503 3340 1667 3409 διπλῆ
1724 3343 1811 3399 καὶ
1882 3344 1917 3411 ἡ
1975 3340 2086 3398 γαθ¹

2177 3343 2400 3406 militer
2423 3344 2710 3425 expositio
2733 3344 3089 3406 sacramenti
3110 3362 3395 3426 synaxeos
3417 3363 3524 3407 seu
3557 3364 3825 3408 commu-

434 3436 582 3507 ἡμᾶς
645 3432 910 3511 ἱεραρχία,
947 3432 1198 3506 αἰσθητὴ,
1232 3430 1317 3488 διὰ
1368 3431 1476 3489 τῶν
1504 3430 1891 3510 ἐνεργουμένων
1949 3452 2086 3505 συμ-

2175 3432 2394 3511 nionis,
2428 3433 2647 3496 deinde
2697 3434 3115 3514 contemplatio
3157 3433 3452 3514 ejusdem.
3501 3435 3649 3498 Cum
3689 3434 3813 3495 ιϐι

437 3521 636 3602 δόλων,
701 3522 896 3594 νοητὴ,
962 3518 1045 3576 διὰ
1102 3525 1201 3588 τῆς
1256 3522 1501 3599 θεωρίας,
1564 3521 1767 3597 Θεωρία
1835 3518 1889 3576 δέ
1947 3519 2086 3576 ἐστιν

2175 3527 2328 3585 enim
2351 3534 2407 3585 et
2435 3541 2544 3583 nos
2575 3527 2791 3597 dupiici
2820 3536 2977 3597 parte
3009 3535 3360 3595 constemus,
3394 3526 3827 3585 visibilisecun-

439 3609 668 3679 ἐπιϐολὴ
719 3612 839 3675 νοὸς
873 3608 1069 3684 ἅμεσος
1099 3611 1186 3666 καὶ
1230 3609 1364 3686 ψιλὴ
1393 3617 1498 3666 τῶν
1541 3611 1834 3680 αἰσθήσεων
1865 3611 1996 3687 πρὸς
2027 3609 2086 3664 τὰ

2175 3612 2313 3669 dum
2343 3621 2628 3682 corpus,et
2652 3610 2966 3669 intellectili
2990 3610 3309 3669 secundum
3338 3610 3827 3680 animamduplex

437 3702 783 3775 ὑποκείμενα,
846 3699 950 3766 Τῆς
1025 3705 1149 3776 γοῦν
1221 3697 1473 3765 τοιαύτης
1541 3700 1811 3779 ἱεραρχὶας
1867 3700 1956 3755 καὶ
2030 3698 2086 3753 τὸ

2175 3705 2265 3759 est
2312 3696 2491 3760 etiam
2526 3697 2682 3777 apud
2704 3716 2811 3758 nos
2841 3696 3199 3771 bierarchia,
3246 3696 3485 3758 sensilis
3513 3695 3821 3759 nimirum.

441 3789 683 3865 σύμϐολα
729 3787 992 3867 μυστήριᾶ
1024 3789 1122 3845 εἱσι
1166 3790 1296 3867 πρὸς
1334 3790 1452 3851 τοὺς
1486 3787 1659 3854 Ιξένους
1709 3793 1808 3855 τῆς
1852 3786 2086 3855 Ἐκκλη-

2177 3795 2422 3868 propter
2443 3786 2715 3867 symbola
2743 3806 2874 3868 quae
2906 3786 3267 3849 exhibentur
3297 3804 3320 3863 ,°
3346 3794 3402 3847 et
3433 3784 3822 3865 intellectilis,

444 3883 561 3944 σίας
604 3883 691 3937 καὶ
721 3878 1014 3954 ἂμυήτους’
1064 3877 1203 3936 ἀλλὰ
1232 3879 1318 3935 καὶ
1359 3881 1395 3947 ἡ
1455 3878 1665 3955 θεωρία,
1699 3879 1771 3942 ὡς
1825 3877 2086 3955 ὑπερτάτη

2177 3876 3015 3957 proptercontemplationem.
3052 3875 3484 3957 Contemplatio
3509 3883 3708 3937 autem
3736 3883 3828 3936 est

442 3974 660 4047 γνῶσις,
699 3970 785 4025 καὶ
836 3967 1063 4043 δεομένη
1123 3968 1373 4041 πίστεως,
1410 3970 1697 4045 μυστήριον
1748 3964 1952 4045 λέγοιτ’
2007 3964 2086 4045 ἂν,

2177 3966 2525 4029 immediata
2555 3967 2773 4028 mentis
2801 3976 2858 4030 et
2884 3968 3053 4029 exilis
3082 3985 3364 4029 sensuum
3398 3964 3718 4046 applicatio
3753 3964 3825 4025 ad

440 4062 614 4125 καθὼς
682 4059 774 4114 καὶ
844 4060 872 4114 ὁ
941 4054 1270 4119 Ἀπόστολος
1339 4056 1505 4135 λέγει’
1586 4058 1890 4132 Μυστήριον
1958 4054 2086 4133 λέγιι

2180 4075 2249 4119 ea
2280 4074 2409 4137 quae
2437 4063 2872 4137 proponuntur.
2909 4056 3247 4119 Istiusmodi
3270 4056 3445 4132 igitur
3471 4053 3830 4116 hierarchiee

442 4150 595 4224 ὑμτνο
672 4147 867 4209 πάντες
941 4147 1039 4221 μὲν
1113 4147 1173 4203 οῦ
1243 4147 1705 4221 κοιμηθησόμεθα,
1784 4146 1967 4207 πάντες
2044 4144 2086 4200 δὲ

2182 4146 2745 4226 symbola,prol’anis
2766 4155 2823 4207 et
2854 4146 2926 4207 ab
2940 4145 3206 4208 Ecclesia
3232 4144 3535 4206 extraneis
3560 4143 3835 4223 mysteria

443 4236 879 4314 ἀλλαγησόμεθα.
929 4232 1080 4292 Ἀλλ’
1131 4233 1277 4311 ὅμως
1334 4236 1398 4291 τὰ
1441 4232 1679 4310 σύμϐολα
1737 4234 1899 4309 μόνον
1953 4234 2086 4313 λέγει

2184 4253 2419 4316 quoque
2450 4244 2587 4296 sunt
2612 4253 2627 4296 :
2656 4245 3067 4298 verumtamen
3094 4233 3832 4313 contemplatio,tanquam

444 4327 709 4402 μυστήρια
764 4327 896 4401 πρὸς
954 4328 1075 4389 τοὺς
1131 4326 1426 4400 ἀμυήτους,
1472 4327 1544 4386 ὡς
1605 4322 1840 4402 εἴρηται·
1890 4324 1982 4386 τὰς
2044 4322 2086 4379 δὲ

2182 4342 2462 4404 suprema
2484 4325 3024 4405 cognitio,qua3que
3043 4323 3159 4387 [ide
3192 4341 3343 4400 opus
3363 4321 3833 4402 habeat,myste-

446 4415 725 4492 ἅναγωγὰς
788 4417 959 4472 αὒτῶν
1002 4414 1218 4491 θεωρίας
1260 4417 1444 4494 φησὶν,
1497 4414 1569 4477 ὡς
1612 4414 1705 4470 τὸν
1749 4419 1866 4469 νοῦν
1926 4416 2086 4472 αιῦτῶι

2183 4415 2338 4475 rium
2369 4414 2893 4493 appellatur,juxta
2925 4415 3083 4494 quod
3108 4422 3166 4475 et
3197 4411 3516 4492 Apostolus
3537 4417 3618 4472 ait
3645 4409 3835 4490 :Mys-

447 4503 742 4581 ἀναγούσας
800 4503 866 4559 τὰ
896 4504 1071 4559 οἰκεῖα
1126 4506 1348 4582 θεωρεῖν
1391 4503 1567 4567 καθὼς
1630 4502 1876 4582 ἓχουσιν,
1909 4502 1952 4558 εἰ
2011 4503 2100 4557 καὶ

2184 4505 2405 4567 teriam
2434 4502 2601 4565 vobis
2633 4504 2922 4567 dicomon
2954 4520 3155 4565 omnes
3211 4500 3450 4582 quidem
3480 4501 3832 4563 abdormic-

450 4592 627 4657 ἄλλως
687 4591 771 4649 διὰ
830 4590 1109 4667 συμϐόλων
1167 4580 1531 4672 ἐμφαίνονται.
1602 4580 1822 4668 Ὀγήγὰρ
1864 4580 2086 4666 μυηθεὶς

2182 4611 2337 4668 mus,
2389 4594 2497 4655 sed
2524 4610 2728 4655 omnes
2780 4580 3314 4660 immutabimuri.
3343 4595 3625 4654 Attamen
3670 4608 3832 4670 sym-

449 4684 539 4739 καὶ
583 4681 731 4745 ὶντὸς
781 4682 1066 4760 γενόμενος
1110 4687 1205 4757 τῇς
1250 4681 1402 4760 ἁγίας
1448 4686 1677 4755 σκηνῆς,
1723 4680 2099 4755 ἀνακεκαλυμ-

450 4775 596 4847 μὶνῳ
625 4771 897 4849 προσώπῳ
945 4770 1171 4852 ὀφεοίλει
1202 4774 1424 4851 θεωρεῖν
1451 4772 1516 4827 τὰ
1542 4775 1644 4839 τῆς
1701 4769 1929 4833 πίστεως
1964 4771 2099 4845 μετὰ

452 4862 705 4927 πίστεως.

2180 4681 2317 4743 bola
2345 4690 2571 4743 tantum
2609 4689 2781 4744 vocat
2813 4680 3320 4763 mysteria,quoad
3345 4699 3449 4741 eos
3475 4679 3709 4741 scilicet
3734 4679 3834 4759 qui

2180 4770 2435 4832 necdum
2462 4769 2675 4831 initiati
2702 4771 2954 4846 sunt,uti
2983 4770 3207 4831 dictum
3233 4777 3362 4832 est:
3397 4786 3604 4830 eorum
3634 4775 3832 4829 autem

2177 4878 2492 4939 anagogas,
2527 4859 2787 4940 appellat
2833 4857 3391 4938 contemplationes,
3443 4856 3665 4937 quippe
3703 4875 3835 4939 quas

475 4958 738 5011 mentem
770 4948 1000 5029 erigant
1031 4949 1102 5012 ad
1134 4967 1337 5012 rerum
1366 4948 1654 5031 ipsarum,
1682 4955 1747 5011 ut
1777 4948 1838 5010 in
1886 4965 1951 5010 se
2000 4956 2165 5023 sunt,
2213 4949 2808 5028 contemplationem,
2844 4949 2981 5011 licet
3005 4948 3177 5011 aliter
3206 4947 3381 5009 etiam
3418 4963 3527 5025 per
3569 4946 3836 5029 symbola

462 5038 868 5102 insinuentur.
904 5037 1013 5111 Qui
1045 5039 1203 5102 enim
1244 5039 1515 5101 initiatus
1547 5046 1638 5100 est
1667 5047 1725 5101 et
1752 5039 1909 5101 intra
1936 5056 2171 5101 sacrum
2212 5040 2398 5101 velum
2432 5040 2764 5120 ingressus,
2785 5039 3042 5101 revelata
3070 5036 3220 5100 facie
3246 5054 3381 5098 cum
3412 5034 3531 5099 ﬁde
3571 5044 3836 5101 contem-

454 5129 602 5209 plari
637 5126 819 5209 debet
850 5146 922 5190 ea
952 5146 1085 5207 quae
1111 5136 1252 5191 sunt
1293 5127 1461 5191 ﬁdei.

534 5216 567 5301 ᾗ
598 5228 642 5281 1.
668 5208 809 5277 ’Ὅτι
840 5218 940 5295 μὲν
968 5221 1003 5288 ἡ
1025 5217 1141 5275 καθ’
1166 5223 1311 5295 ἡμᾶς
1335 5219 1601 5299 ἱεραρχία,
1627 5220 1671 5275 εί
1699 5219 1786 5276 καὶ
1815 5216 1932 5276 καθ’
1955 5220 2099 5293 ἡμᾶς

455 5307 692 5389 λέγεται,
724 5306 846 5365 ἀλλ’
904 5308 995 5365 οῦν
1022 5310 1111 5366 καὶ
1169 5310 1301 5377 αὐτὴ
1332 5310 1418 5366 καὶ
1446 5311 1559 5365 θεία
1601 5307 1708 5366 ἐστἱ
1738 5309 1856 5367 καθ’
1910 5309 2099 5389 αὐτὴν,

2263 5218 2292 5299 §
2323 5217 2369 5283 Ι.
2394 5217 2806 5281 Hierarchiam
2853 5226 3142 5295 nostram,
3179 5215 3317 5279 licet
3341 5223 3541 5278 nostra
3576 5215 3832 5292 dicatur,

2185 5312 2451 5373 attamen
2471 5316 2530 5373 et
2555 5308 2747 5390 ipsam
2772 5326 2878 5390 per
2899 5326 2964 5371 se
2977 5308 3237 5371 divinam
3262 5323 3548 5383 esse,non
3560 5323 3737 5368 secus
3762 5324 3832 5368 ac

535 5542 563 5584 ¹ι
592 5543 709 5608 Isa.
742 5558 904 5620 xxiv,
938 5543 1042 5620 46,
1075 5558 1200 5607 sec.
1231 5541 1514 5625 Septuag.
1548 5543 1610 5607 in
1641 5541 1881 5625 aliquod
1912 5540 2089 5604 codd.
2143 5541 2157 5585 ί
2200 5541 2226 5605 Ι
2256 5541 2389 5607 Cor.
2424 5560 2524 5625 xv,
2561 5542 2660 5608 51.

536 5702 664 5787 (22)
689 5702 846 5769 Vide
875 5703 1122 5775 Scholia
1147 5705 1212 5768 S.
1247 5704 1486 5776 Maximi
1515 5712 1665 5775 tom.
1692 5704 1765 5790 ll,
1790 5721 1898 5789 cap
1930 5705 1959 5767 1
1995 5703 2220 5769 Ecclos.
2256 5704 2430 5774 Hier.
