4150 6158
419 421 534 489 387

1565 404 1627 486 s.
1675 403 2017 488 DIONYSII
2069 402 2614 488 assumtum.

3681 418 3798 492 388

423 576 560 622 men
582 559 656 620 de
679 555 973 619 universis
991 567 1052 617 et
1067 554 1346 618 omnibus
1369 554 1559 617 sacris
1589 554 2066 618 ordinationibus

2153 553 2459 628 διακόσμοις
2504 556 2740 638 λέγεται,
2787 559 2955 620 οὕτως
2999 560 3028 614 ὁ
3058 559 3220 615 εἰπὼν
3264 558 3523 639 ἱεράρχην
3557 560 3642 614 τὸν
3673 558 3797 615 ἐπι-

420 647 748 722 dicitur,ita
766 646 1250 727 quihierarcham
1273 645 1767 713 nominat,verum
1792 645 1954 707 omni
1984 663 2072 706 sa-

421 754 522 798 cra
543 735 888 814 cognitione
910 735 1221 815 praeditum
1269 733 1584 814 signiﬁcat,
1617 735 1675 796 in
1719 753 1835 816 quo
1875 735 2069 796 omnis

420 843 552 906 qua
583 825 666 886 illi
698 825 854 886 inest
887 823 1223 886 ltierarchia
1253 823 1478 904 liquido
1499 825 1901 902 cognoscitur.
1937 823 2064 886 Nisi

418 928 572 985 enim
593 927 715 998 ipse
741 926 966 996 penitus
988 937 1040 982 et
1063 927 1122 982 in
1136 926 1405 982 omnibus
1427 926 1639 996 peritus
1658 927 1946 990 existeret,
1969 941 2064 982 ne-

417 1026 534 1089 que
548 1007 794 1069 scientia
821 1007 995 1068 etiam
1012 1006 1359 1068 hierarchim
1374 1005 1940 1086 operaretur.Nemo
1962 1007 2067 1086 igi-

418 1105 513 1158 tur
539 1094 941 1176 (licatzEcquis
958 1104 1070 1155 tam
1093 1095 1386 1174 perfectus
1399 1095 1571 1157 est?N
1576 1114 1650 1156 on
1665 1094 1824 1156 enim
1844 1113 2066 1176 propo-

414 1185 536 1246 suit
566 1185 664 1247 hic
696 1186 872 1247 Pater
903 1184 976 1244 de
1000 1184 1111 1244 hoc
1143 1183 1231 1244 vel
1267 1183 1368 1243 illo
1391 1183 1703 1246 hierarcha
1724 1183 2067 1259 dicere,sed

416 1283 754 1354 simpliciter
775 1282 844 1338 de
867 1281 1166 1337 hierarcha
1181 1280 1384 1352 .qualis
1406 1297 1530 1338 esse
1551 1282 1718 1340 debet
1735 1283 1859 1340 sine
1881 1283 2066 1340 defec-

415 1381 570 1430 tuzac
581 1375 627 1429 si
648 1374 778 1444 quis
801 1369 1138 1439 simpliciter
1152 1370 1219 1426 de
1244 1373 1614 1442 grammatica
1639 1374 1971 1445 loquens,ea
1986 1389 2073 1430 re-

413 1471 643 1521 censeat
662 1477 784 1534 quae
802 1461 870 1518 ad
885 1459 1655 1532 absolutumgrammaticum
1671 1463 2063 1535 requiruntur.

416 1552 676 1625 alioquin
703 1551 1048 1609 claudicaret
1080 1555 1480 1622 grammatica,
1529 1554 1637 1609 nisi
1671 1554 2069 1611 demonstrare

413 1643 722 1714 tur.qualis
745 1642 862 1712 ipsa
878 1639 1106 1699 tandem
1119 1640 1404 1712 sit.Hujus
1434 1642 1765 1700 hierarchia
1789 1643 2070 1715 principi-

2157 648 2400 720 στήμονα
2437 647 2616 713 πάσης
2658 649 2798 726 ἱερᾶς
2857 647 3108 725 γνώσεως
3149 647 3318 726 λέγει,
3364 649 3420 703 ἐν
3477 650 3523 721 ᾧ
3555 651 3795 726 καθαρῶς

2151 737 2465 813 γινώσκεται
2496 737 2529 804 ἦ
2554 734 2669 792 καθ’
2701 739 2859 793 αὑτὸν
2901 736 3006 813 [ῖῗσ.
3037 736 3160 793 κατ’
3191 733 3371 820 αὑτὸν]
3400 739 3666 817 ἱεραρχία.
3709 739 3795 804 Μὴ

2149 826 2248 903 γὰρ
2277 823 2426 887 ὅντός
2472 824 2628 882 αὒτοῦ
2672 823 2894 882 καθόλου
2950 827 3040 882 καὶ
3096 825 3182 882 ἐπὶ
3225 833 3385 882 πᾶσιν
3414 827 3793 902 ἓπιστήμονος,

2149 914 2264 973 οὒδὲ
2295 918 2330 986 ἡ
2391 916 2666 989 ἐπιστήμη
2724 917 2856 981 αὐτὴ
2885 915 2982 982 τῆς
3041 916 3317 995 ίεραρχίας
3363 915 3795 993 ἑνεργηθήσεται.

2151 1005 2239 1072 Μὴ
2271 1013 2393 1082 γοῦν
2436 1004 2579 1061 εἴποι
2609 1026 2692 1068 τις
2723 1024 2738 1038 ⁶
2772 1005 2877 1068 Καὶ
2908 1004 3069 1068 ποῖος
3102 1005 3240 1062 οὕτω
3269 1004 3471 1068 τέλειος
3504 1022 3522 1078 ;
3557 1004 3629 1062 Οὔ
3672 1027 3802 1078 προ-

2151 1095 2294 1152 έθετο
2323 1096 2420 1172 γὰρ
2451 1097 2478 1151 ὁ
2541 1095 2724 1172 Πατὴρ
2772 1095 2891 1170 περὶ
2933 1093 3081 1153 τοῦδέ
3139 1093 3173 1162 vi
3230 1094 3379 1152 τοῦδε
3413 1095 3665 1174 ίεράρχου
3718 1097 3800 1150 εἱ·-

2151 1185 2302 1256 πεῖν,
2329 1183 2464 1240 ἀλλά
2495 1186 2611 1262 περὶ
2640 1193 2733 1242 τοῦ
2761 1183 2945 1247 ἁπλῶς
2981 1184 3262 1264 ἱεράρχου,
3303 1185 3358 1250 ὃς
3417 1183 3616 1264 ὀφείλει
3647 1181 3801 1263 ἔχειν

2154 1274 2447 1336 ἀνελλιπῶς
2483 1275 2548 1330 τὰ
2581 1273 2738 1333 αὒτοῦ
2771 1289 2785 1304 ⁹
2817 1275 2996 1352 ὥσπερ
3040 1277 3128 1330 καὶ
3172 1276 3216 1330 εἰ
3246 1276 3363 1352 περὶ
3407 1273 3588 1336 ἁπλῶς
3619 1295 3803 1352 γραμ-

2153 1371 2378 1438 ματικοᾶ
2449 1361 2650 1439 ἔλεγεν,
2698 1361 2889 1436 ἔμελλε
2941 1361 3118 1440 λέγειν
3175 1361 3360 1420 ἐκεῖνα
3429 1360 3547 1419 καθ’
3610 1362 3642 1418 ἄ
3707 1364 3801 1419 τὸν

2151 1450 2354 1508 τέλειον
2385 1451 2578 1522 ἀπήτει
2610 1453 2980 1530 γραμματικὸν
3021 1467 3034 1482 ‘
3069 1453 3113 1508 εἰ
3143 1451 3191 1507 δ’
3237 1455 3317 1526 οὗ,
3366 1449 3486 1509 ἀλλ’
3530 1451 3799 1532 simini”

2153 1544 2186 1610 ἡ
2217 1542 2564 1620 γραμματικὴ
2591 1541 2669 1617 μή
2701 1540 2903 1620 ἔχουσα
2959 1539 3241 1622 δειχθῆναι
3284 1544 3441 1598 ὁποία
3486 1542 3608 1599 ποτ’
3633 1543 3799 1604 εστίν,

2153 1635 2360 1698 Ταύτης
2405 1636 2504 1698 τῆς
2529 1630 2803 1710 ἱεραρχίας
2833 1631 2980 1711 ἀρχὴ
3008 1634 3041 1698 ἡ
3075 1631 3199 1710 ἀγία
3227 1633 3316 1688 καὶ
3351 1632 3586 1710 μακαρία
3617 1633 3801 1709 Τρίας,

415 1741 518 1787 um
547 1731 636 1786 est
666 1731 870 1784 sancta
886 1740 953 1782 ac
977 1722 1148 1783 beata
1167 1722 1593 1803 Trinitas,quae
1615 1742 1756 1786 vere
1789 1725 2068 1798 est,sola—

2153 1723 2185 1789 ἡ
2257 1723 2421 1785 ὃντως
2473 1724 2624 1800 οὖσα,
2679 1720 2773 1776 καί
2821 1722 2955 1786 αὕτη
3000 1721 3139 1795 μόνη
3200 1721 3395 1788 ἑαυτὴν
3445 1720 3804 1795 επισταμὲνη,

418 1830 538 1893 que
560 1812 942 1892 semetipsam
965 1813 1293 1892 cognoscit,
1321 1819 1598 1892 tanquam
1626 1811 1852 1875 habens
1867 1815 2069 1875 notio-

2153 1814 2224 1874 ὡς
2277 1810 2431 1891 ἔχειν
2473 1811 2760 1877 ἐπιστητὸν
2789 1811 2851 1865 τὸ
2894 1815 2994 1877 τῆς
3035 1809 3226 1875 οἰκείας
3281 1809 3576 1888 ὑπάρξεως.
3641 1811 3706 1867 Ἢ
3740 1807 3796 1866 δὲ

416 1914 550 1960 nem
565 1904 806 1974 propriae
819 1900 1301 1957 existentimﬂaac
1329 1910 1518 1958 autem
1539 1901 1656 1959 vult
1673 1905 1893 1959 ratione
1928 1917 2069 1974 prae-

2153 1899 2360 1974 θὲλημα
2416 1900 2512 1974 μὲν
2554 1900 2720 1978 ἔστιν,
2750 1900 2786 1965 ἦ
2835 1904 2940 1954 τῶν
2992 1899 3240 1976 λογικῶν
3297 1897 3541 1977 ἀγγελῶν
3607 1920 3666 1955 τε
3716 1901 3809 1955 καὶ

417 1991 667 2051 ditorum
680 1991 1015 2063 angelorum
1033 1999 1087 2047 et
1107 1991 1406 2048 hominum
1425 1991 1895 2064 salutem,estque
1909 1993 2072 2050 deiﬁ-

417 2073 568 2136 catio
596 2069 1564 2142 salvandorum.Quemadmodum
1599 2073 1760 2133 enim
1783 2074 1896 2134 alia
1919 2074 2072 2135 dici-

419 2180 551 2224 mus
570 2179 604 2222 a
626 2170 786 2223 metu
806 2159 1119 2240 sorvari,id
1142 2169 1234 2223 est
1263 2161 1655 2223 securitatem
1686 2161 2074 2242 adipisci;eta

418 2250 580 2314 caede
592 2253 813 2312 servari
824 2249 902 2325 ,id
918 2258 1007 2310 est
1023 2249 1196 2311 vitam
1214 2251 1537 2330 assequi;et
1549 2269 1582 2311 a
1598 2251 1803 2312 morbo
1817 2253 2067 2327 servari,

425 2341 487 2404 id
545 2353 636 2402 est.
696 2340 936 2401 sanari:
997 2340 1085 2401 sic
1143 2340 1320 2401 etiam
1381 2341 1440 2400 in
1480 2341 1800 2421 propositis
1847 2343 2068 2403 servari

422 2430 497 2493 ab
526 2431 880 2493 alienatione
913 2428 1137 2510 Dei,est
1167 2429 1408 2509 adjungi
1441 2430 1866 2511 Deo,adeoque
1896 2431 2070 2492 deifi-

420 2518 958 2584 catio.0mnimoda
969 2528 1162 2580 autem
1182 2519 1529 2582 assimilatio
1543 2528 1600 2581 et
1615 2519 1752 2580 unio
1765 2521 1836 2581 ad
1856 2523 2067 2600 Deum,

423 2613 630 2694 utique
648 2616 937 2674 terminus
967 2626 1038 2672 ac
1071 2609 1205 2671 ﬁnis
1228 2616 1319 2671 est
1337 2610 1536 2671 omnis
1561 2610 2069 2692 hierarchize,quae

422 2705 493 2767 ad
521 2707 704 2768 Deum
736 2711 825 2764 est
861 2701 1102 2764 dilectio
1131 2723 1144 2766 :
1179 2721 1312 2783 quae
1341 2711 1398 2764 et
1431 2702 1655 2764 unitive
1677 2721 2061 2765 consumma-

421 2804 538 2870 tur,
569 2795 897 2857 secundum
927 2792 1188 2855 divinam
1221 2802 1282 2853 et
1310 2792 1544 2855 unicam
1588 2793 2060 2876 simplicitatem,

417 2884 745 2947 secundum
779 2901 954 2963 quam
1005 2880 1162 2943 Deus
1193 2887 1285 2943 est
1315 2882 1658 2944 omnimoda
1704 2882 1946 2945 dilectio
1979 2883 2064 2963 (et

419 2991 539 3034 non
562 2972 699 3032 huic
731 2971 997 3051 quidem,
1042 2971 1145 3031 illo
1184 2989 1325 3033 vero
1359 2989 1501 3044 non,
1548 2973 1652 3032 sed
1687 2972 1828 3050 quid
1878 2990 2062 3033 unum

419 3061 820 3124 desiderabile
841 3060 1120 3134 existens,
1169 3061 1347 3120 simul
1383 3078 1524 3138 erga
1573 3078 1640 3121 se
1687 3060 1868 3124 habet
1896 3061 2062 3144 desit

421 3151 608 3227 deria;
642 3168 747 3232 pro
772 3149 983 3210 merito
1004 3148 1324 3230 studioque
1344 3149 1841 3224 desiderantium,
1874 3150 2062 3211 diver-

421 3242 534 3320 sa),
552 3241 774 3322 quique
804 3240 916 3302 hac
945 3241 1106 3320 prior
1137 3249 1254 3320 est,
1288 3237 1670 3300 omnimodus
1695 3258 1729 3301 a
1750 3241 2063 3302 contrariis

2153 1989 2441 2067 ἀνθρώπων
2485 1990 2722 2067 σωτηρία
2757 2004 2770 2019 ⁸
2815 1991 2852 2058 ἡ
2896 1985 2972 2056 δὲ,
3005 1987 3200 2052 θέωσις
3247 1985 3361 2044 ἐστι
3406 1993 3512 2044 τῶν
3556 1988 3804 2063 σῶζομέ-

2154 2101 2282 2138 νων.
2329 2076 2557 2151 ’¹Ωσπερ
2627 2079 2729 2157 γὰρ
2787 2077 2876 2134 ἐπὶ
2927 2084 3032 2134 ’ῶν
3105 2075 3283 2134 ἄλλων
3331 2077 3505 2156 φαμὲν
3554 2082 3810 2148 σώζεσθαι

2155 2169 2260 2225 ἀπὸ
2289 2165 2473 2248 φόϐου,
2520 2167 2686 2245 ἢγοῦν
2738 2166 2805 2243 τῇ
2858 2165 3049 2248 ἆιροϐίᾳ
3079 2166 3488 2246 προσπελάζειν,
3549 2167 3808 2238 σώζεσθαι

2149 2258 2260 2316 ἀπὸ
2295 2259 2477 2338 φόνου,
2542 2256 2706 2336 ἤγουν
2779 2257 2847 2333 τῇ
2889 2265 3004 2334 ζωῇ
3053 2255 3437 2336 προσπελάζειν
3472 2297 3490 2316 .
3555 2258 3810 2328 σώζεσθαι

2153 2347 2259 2404 ἀπὸ
2303 2348 2483 2422 νόσου,
2555 2346 2718 2426 ἤγουν
2786 2347 2933 2411 ἐντὸς
2973 2347 3072 2415 τῆς
3139 2348 3316 2426 ὑγείας
3351 2348 3584 2424 γίνεσθαι
3621 2365 3635 2380 ·
3669 2345 3812 2403 οὕτω

2151 2441 2239 2493 καὶ
2272 2437 2357 2494 ἐπὶ
2413 2442 2518 2493 τῶν
2551 2436 2914 2515 προκειμένων
2970 2438 3032 2495 τὸ
3066 2437 3318 2507 σώζεσθαι
3362 2438 3468 2493 ἀπὸ
3501 2434 3810 2513 ἀλλοτριώ-

2153 2548 2286 2590 σεως
2332 2527 2463 2584 Θεοῦ
2505 2526 2893 2605 προσπελάζειν
2960 2532 3037 2600 τῷ
3093 2527 3231 2602 Θεῷ,
3281 2530 3376 2584 καί
3420 2527 3606 2590 θέωσίς
3637 2526 3807 2588 ἐστιν,

2153 2615 2220 2673 Ἦ
2279 2615 2335 2673 δὲ
2372 2617 2584 2680 πάντως
2629 2617 2962 2697 ἀτρομοίωσις
2995 2618 3083 2672 καὶ
3127 2616 3314 2682 ἕνωσις
3350 2617 3476 2695 πρὸς
3509 2618 3662 2690 Θεὸν,
3718 2616 3812 2673 καί

2151 2705 2216 2774 δὴ
2248 2705 2411 2780 πέρας
2465 2708 2554 2762 καὶ
2601 2708 2752 2770 τέλος
2785 2707 2926 2762 ἐστὶν
3001 2706 3218 2773 ἀπάσης
3277 2706 3574 2785 ἱεραρχίας,
3607 2707 3641 2774 ἡ
3673 2708 3810 2782 πρὸς

2148 2798 2277 2853 Θεὸν
2315 2796 2583 2874 ἀγάπησις
2622 2815 2636 2830 ο
2667 2795 2702 2863 ἢ
2727 2794 2793 2863 δὴ
2839 2797 2924 2852 καὶ
2993 2795 3199 2859 ἐνιαίως
3272 2799 3615 2873 ἱερουργειται
3665 2797 3809 2852 κατὰ

2146 2883 2245 2951 τὴν
2301 2883 2441 2940 θείαν
2485 2886 2572 2940 καὶ
2619 2883 2815 2939 ἑνιαίαν
2865 2883 3170 2957 ἁπλότητα,
3217 2882 3333 2940 καθ’
3410 2885 3477 2950 ἣν
3534 2881 3810 2950 παντελὴς

2147 2973 2329 3051 ἀγάπη
2363 2973 2500 3030 ἐστὶν
2534 2975 2562 3030 ὸ
2595 2976 2723 3036 Θεὸς
2753 2975 2867 3051 (καὶ
2899 2976 2958 3031 οὔ
2989 2981 3065 3048 τῷ
3121 2973 3244 3050 μὲν,
3305 2996 3381 3047 τῳ
3439 2973 3483 3028 δ’
3543 2973 3622 3052 οὔ,
3681 2971 3811 3030 ἀλλ’

2147 3064 2348 3120 ἑνιαῖον
2373 3062 2561 3143 ἐφετὸν
2593 3063 2689 3138 ὥν,
2727 3064 2875 3138 ὅμως
2910 3066 3006 3128 τὰς
3045 3066 3176 3143 πρὸς
3234 3066 3393 3123 αὐτὸν
3420 3063 3631 3144 ἒφέσεις
3689 3060 3814 3120 δια·-

2145 3154 2335 3233 φόρους
2392 3151 2509 3233 ἔχει
2575 3155 2708 3234 πρὸς
2753 3156 2852 3221 τὴν
2909 3153 3055 3220 ἀξίαν
3111 3156 3200 3211 καὶ
3261 3153 3360 3220 τὴν
3413 3150 3643 3220 σπουδὴν
3701 3157 3814 3208 τῶν

2145 3241 2482 3322 ἐφιεμενων),
2573 3245 2660 3300 καὶ
2735 3245 2837 3322 πρὸ
2915 3245 3103 3300 τούτου
3177 3243 3214 3310 ἡ
3289 3243 3639 3322 ἀποφοίτῃσις
3703 3243 3814 3299 τῶν

419 3348 716 3394 recessus.
750 3329 880 3394 Nisi
939 3327 1100 3390 enim
1147 3325 1222 3389 ab
1276 3327 1441 3390 omni
1474 3328 2069 3392 materialietsordi-

2156 3331 2407 3389 ἐναντὶων
2464 3333 2500 3400 ἡ
2546 3331 2832 3401 παντελής.
2890 3334 2947 3390 Εἰ
3009 3335 3088 3409 μὴ
3149 3333 3250 3411 γὰρ
3307 3334 3646 3411 καθαρθῶμεν
3705 3330 3816 3388 ἀπὸ

421 3421 496 3484 da
535 3422 835 3501 voluptate
870 3419 1106 3499 penitus
1146 3417 1364 3499 expiati
1405 3417 1721 3496 fuerimus,
1761 3420 1879 3482 veri
1930 3419 2072 3492 boni

421 3509 661 3572 dilectio
681 3527 799 3570 non
828 3511 941 3570 erit
962 3508 1024 3569 in
1059 3505 1256 3570 nobis.
1279 3505 1527 3579 Quando
1558 3517 1757 3570 autem
1777 3527 1811 3570 a
1841 3517 2071 3571 contra-

419 3599 527 3661 riis
555 3599 1032 3673 discesserimus,
1059 3606 1183 3658 tum
1217 3613 1314 3657 res
1345 3598 1598 3677 ipsas,ut
1623 3599 1684 3660 in
1715 3617 1780 3660 se
1802 3607 2071 3680 sunt,na-

421 3698 551 3750 tura
579 3705 686 3750 sua
705 3705 1158 3765 cognoscemus;
1177 3703 1395 3764 nempe
1425 3689 1739 3765 praesentia
1765 3689 1891 3750 htec
1918 3699 2071 3752 tem-

422 3795 683 3860 poranea
709 3795 864 3852 esse,
890 3794 1020 3856 quae
1040 3794 1179 3838 vero
1200 3775 1280 3836 ibi
1297 3786 1463 3857 sunt,
1490 3787 1736 3854 aeterna,
1765 3797 1876 3840 nec
1899 3779 2071 3842 deci-

423 3868 662 3949 piemur
693 3865 850 3928 circa
894 3865 1037 3928 boni
1106 3865 1513 3946 apparentiam
1550 3885 1568 3942 ;
1626 3867 1923 3948 siquidem
1969 3869 2074 3932 illa

423 3975 544 4018 non
566 3965 656 4019 est
678 3956 891 4018 notitia
931 3973 1131 4017 rerum
1164 3973 1277 4036 qua
1300 3973 1398 4017 res
1419 3964 1594 4029 sunt;
1639 3963 1779 4018 tunc
1809 3957 1967 4019 enim
1997 3959 2074 4021 ad

423 4045 747 4127 ipsammet
777 4046 1081 4109 veritatem
1115 4044 1481 4120 accedimus,
1507 4055 1688 4129 atque
1715 4047 2067 4110 uniformem

424 4136 859 4218 perfectionem
905 4133 1348 4216 participamus.
1391 4133 1545 4208 Quid
1605 4154 1780 4215 porro
1802 4143 1895 4201 est
1925 4137 2066 4199 uni-

2153 3422 2332 3489 πάσης
2377 3420 2558 3479 ἐνύλου
2596 3423 2684 3480 καὶ
2742 3422 2974 3500 ρυπαρᾶς
3028 3421 3305 3488 παντελῶς
3361 3419 3583 3500 ἡδονῆς,
3639 3423 3700 3478 οὗ
3734 3422 3814 3498 μὴ

2153 3513 2436 3591 γενήσεται
2484 3513 2519 3581 ἡ
2581 3512 2854 3590 ἀγάπησις
2919 3514 3010 3569 τοῦ
3079 3510 3242 3578 ὅντως
3297 3511 3517 3589 ἀγαθοῦ.
3571 3511 3710 3566 Πότε
3759 3508 3816 3568 δὲ

2154 3602 2534 3682 ἀποφοιτῶμεν
2591 3605 2699 3658 τῶν
2753 3601 3050 3682 ἐναντίωνς
3086 3603 3173 3658 ὃτε
3215 3601 3530 3679 γνωσόμεθα
3585 3600 3650 3657 τὰ
3683 3601 3816 3657 ὂντα

2154 3693 2328 3756 καθὼς
2361 3691 2553 3771 ἔχουσι
2584 3692 2816 3770 φύσεως,
2875 3693 2964 3748 ὃτε
3024 3693 3091 3751 τὰ
3120 3706 3358 3770 παρόντα
3385 3688 3706 3770 πρόσκαιρα,
3737 3691 3810 3747 τὰ

2157 3777 2201 3835 δ’
2231 3780 2405 3838 ἑκεισε
2438 3781 2646 3854 αἰώνια,
2682 3781 2761 3856 μὴ
2792 3780 3135 3858 ἀπατώμενοι
3177 3781 3294 3857 περὶ
3325 3780 3422 3847 τὴν
3464 3777 3682 3847 δόκησιν
3719 3787 3813 3838 τοῦ

2155 3868 2320 3926 κὰλοῦ
2353 3887 2369 3908 ο
2400 3876 2557 3927 τοῦτο
2585 3871 2685 3948 γὰρ
2717 3871 2813 3932 οὒκ
2853 3869 2962 3927 ἔστι
3015 3876 3211 3949 γνῶσις
3254 3874 3360 3926 τῶν
3389 3869 3556 3926 ’ὄντων
3587 3867 3622 3945 ᾖ
3654 3869 3813 3945 ὂντα,

2156 3958 2276 4016 τότε
2307 3959 2407 4038 γὰρ
2437 3959 2525 4016 καὶ
2556 3964 2624 4035 τῇ
2653 3958 2874 4033 ἀληθείᾳ
2924 3957 3336 4040 προσϐαίνομεν,
3369 3961 3460 4015 καὶ
3505 3960 3817 4039 μετέχομεν

2155 4061 2242 4114 τϊς
2295 4046 2552 4111 ἑνοειδοῦς
2596 4048 2949 4112 τελειώσεως.
2997 4050 3056 4108 Τί
3118 4047 3170 4106 δὲ
3233 4049 3344 4108 ἐστι
3389 4051 3450 4106 τό
3511 4047 3744 4115 ἑνοειδὲς
3795 4067 3812 4084 ³

2153 4135 2486 4217 ’Λναγόμεθα
2529 4136 2775 4206 δηλονότι
2835 4141 2940 4196 ἀπὸ
2985 4142 3092 4197 τῶν
3147 4141 3411 4206 αἰσθητῶν
3458 4138 3662 4195 τούτων
3706 4140 3807 4196 καί

423 4226 725 4289 formitas?
746 4225 996 4300 Quando
1019 4223 1303 4285 nimirum
1329 4241 1360 4287 a
1375 4224 1553 4286 rebus
1577 4225 1743 4288 hisce
1759 4227 2065 4289 sensibili-

2153 4229 2441 4308 μοχθηρῶν
2470 4229 2542 4293 εἷς
2600 4229 2741 4286 θείαν
2798 4229 3099 4309 ἁπλότητα,
3129 4227 3164 4285 6'
3186 4228 3250 4297 δὴ
3300 4229 3529 4293 ὶστίασίς
3563 4227 3673 4285 ἐστι
3710 4232 3813 4294 τῆς

425 4317 539 4377 bus
569 4325 627 4378 et
655 4313 1007 4378 aerumnosis
1032 4313 1105 4374 ad
1137 4313 1397 4376 divinam
1437 4323 1593 4376 mu
1622 4315 2065 4397 simplicitatem

2153 4318 2377 4394 ἐποψίας
2411 4334 2428 4352 ⁸
2459 4317 2703 4400 τρέφεται
2735 4321 2836 4399 γὰρ
2869 4327 2946 4395 τῷ
2978 4324 3156 4396 νοητῷ
3187 4321 3274 4376 τὸν
3321 4321 3460 4393 νοῦν,
3507 4321 3689 4382 καθῶς
3723 4318 3813 4373 καὶ

423 4404 803 4484 adducimur,
837 4405 941 4484 qui
969 4412 1060 4466 est
1091 4402 1257 4466 cibus
1313 4402 1504 4466 beatae
1533 4404 1799 4486 visionis,
1833 4415 1894 4468 ut
1937 4425 2069 4487 quae

2153 4407 2342 4466 ἄλλοτε
2370 4407 2644 4489 ελέγομεν.
2682 4406 2784 4470 Καὶ
2813 4416 2967 4466 τοῦτο
2997 4409 3137 4466 ἔστιν
3159 4410 3193 4479 ἡ
3212 4411 3430 4488 παρτοὶς
3464 4406 3813 4488 Εὖαγγελίοις

425 4502 689 4557 mentem
738 4513 804 4556 re
851 4494 1156 4558 intellecta
1186 4495 1389 4570 nutrit,
1426 4497 1580 4556 sicut
1609 4493 1754 4556 alibi
1785 4497 2065 4562 diximus.

2149 4499 2262 4554 θεία
2294 4519 2385 4554 και
2405 4497 2766 4579 ὑπερκόσμιος
2787 4499 3046 4578 τράπεζα.

425 4585 501 4648 Et
555 4584 683 4646 haec
713 4593 805 4647 est
854 4583 918 4645 in
949 4581 1282 4664 Evangeliis
1313 4583 1413 4646 illa
1441 4584 1640 4646 divina
1661 4601 1731 4646 ac
1760 4587 2266 4667 supermundialis
2297 4605 2530 4650 mensa.

505 4675 537 4754 ᾗ
568 4672 934 4739 lV.Dicimus
954 4672 1374 4756 itaque,Deum
1405 4673 1646 4736 dedisse
1672 4674 2064 4740 hierarchiam

2236 4677 2386 4752 Ξιν.
2443 4678 2684 4758 Δὲγομεν
2737 4680 2934 4757 τοίνυν,
2977 4680 3050 4744 ὡς
3109 4681 3137 4736 ὁ
3202 4681 3329 4746 Θεὸς
3377 4680 3476 4747 τὴν
3534 4675 3811 4756 ἱεραρχίαν

427 4764 492 4828 in
510 4769 758 4828 salutem
773 4764 1278 4827 etdeiﬁcationem
1293 4781 1501 4826 eorum
1523 4766 1768 4845 quiejus
1789 4776 1926 4828 sunt
1946 4785 2076 4849 par-

427 4855 670 4938 ticipes,
700 4863 880 4937 atque
896 4855 1123 4936 angelis
1153 4854 1396 4936 quidem
1442 4854 1784 4936 spiritaliori
1813 4865 1987 4919 modo
2019 4865 2078 4920 et

429 4946 616 5026 magis
641 4965 676 5008 a
707 4947 954 5010 materia
975 4943 1410 5018 remoto.nobis
1427 4952 1623 5007 autern
1645 4963 1752 5027 per
1783 4945 2073 5028 symbola;

428 5037 724 5117 siquidem
772 5036 1050 5099 homines
1095 5034 1468 5097 extrinsecus
1516 5053 1550 5097 a
1608 5044 1893 5100 creaturae
1924 5055 2074 5099 con-

428 5125 1042 5208 templatione,verbis
1066 5123 1520 5203 doctrinalibus,
1553 5125 1805 5208 aliisque
1827 5126 2074 5208 symbo-

428 5216 499 5276 lis
521 5233 628 5277 seu
649 5214 860 5294 signis,
885 5231 1082 5276 veram
1112 5213 1514 5293 cognitionem
1540 5214 1850 5296 hauriunt;
1883 5233 2075 5294 ange-

428 5305 468 5369 li
501 5321 644 5367 vero
676 5306 836 5366 intus
887 5304 1218 5366 secundum
1251 5303 1574 5383 spiritalem
1608 5304 1884 5368 virtutem
1907 5324 2072 5368 suam

426 5397 820 5477 illustrantur,
852 5415 919 5458 ac
948 5393 1146 5456 divina
1193 5397 1498 5458 voluntate
1548 5395 1975 5475 insigniuntur,
2009 5395 2070 5458 id

427 5486 600 5550 estad
617 5486 875 5549 divinam
892 5486 1783 5567 imitationem,rerumque,qua
1795 5503 1892 5549 res
1911 5495 2072 5567 sunt,

428 5579 731 5642 notionem
766 5579 1177 5642 eiformantur.
1216 5579 1360 5644 Cum
1392 5580 1551 5642 enim
1577 5579 1914 5660 intelligens
1936 5579 2074 5660 qui-

427 5672 562 5734 dem
595 5671 672 5732 sit
721 5671 778 5732 id
829 5672 987 5752 quod
1041 5669 1318 5751 intelligit
1363 5720 1380 5754 ,
1437 5669 1772 5750 itelligibile
1835 5688 1971 5731 vero
2015 5667 2074 5730 id

428 5769 586 5860 quod
611 5765 985 5851 intelligitur,
1017 5763 1186 5830 cibus
1207 5778 1409 5831 autem
1443 5772 1503 5828 et
1530 5762 1698 5851 quasi
1724 5759 2074 5826 sustentatio

2157 4769 2246 4827 Eni
2277 4770 2512 4848 σωτηρίᾳ
2565 4770 2656 4825 καὶ
2708 4769 2896 4826 θεώσει
2953 4771 3062 4827 τῶν
3113 4770 3498 4850 μετεχομένων
3529 4765 3812 4845 ἐδωρήσα-

2159 4881 2242 4940 το,
2307 4862 2394 4916 καὶ
2449 4871 2568 4922 τοϊς
2628 4858 2725 4933 μέν
2776 4857 3023 4938 ἀγγέλοις
3082 4859 3398 4938 νοερῶτερον
3445 4859 3532 4916 καὶ
3574 4855 3814 4913 αὓλώτε-

2159 4971 2274 5030 ρον,
2334 4951 2473 5026 ἡμῖν
2523 4946 2579 5004 δί
2605 4946 2690 5004 διὸ.
2731 4947 3036 5024 συμϐόλων,
3094 4947 3361 5027 ἄνθρωποι
3395 4948 3494 5024 μὲν
3551 4947 3652 5025 γὰρ
3685 4943 3818 5010 ἔξω·

2158 5042 2244 5097 θεν
2274 5037 2381 5096 ἀπὸ
2410 5038 2504 5106 τῆς
2564 5038 2699 5095 κατά
2731 5038 2828 5108 τὴν
2886 5038 3057 5096 κτίσιν
3114 5039 3360 5119 θεωρίας,
3420 5038 3506 5094 καὶ
3555 5037 3660 5092 ἀπὸ
3711 5032 3814 5091 λόο

2157 5152 2268 5208 γων
2309 5126 2720 5200 διδασκαλικῶν,
2766 5129 2854 5186 καὶ
2909 5127 3102 5208 ἑτέρων
3152 5125 3434 5204 συμϐόλων
3487 5129 3587 5193 τὴν
3629 5123 3814 5192 ἀληθῆ

2156 5225 2352 5298 γνῶσιν
2382 5215 2743 5293 λαμϐάνουσιν
2779 5237 2793 5255 ·
2855 5217 3074 5298 ἄγγελοι
3116 5216 3172 5274 δὲ
3222 5218 3385 5288 αὐτὴν
3455 5213 3659 5273 ἔνδοθεν
3715 5214 3816 5282 τὴν

2158 5307 2340 5388 νοερείν
2401 5309 2573 5367 αὐτῶν
2631 5305 2994 5384 ἑλλάμπονται
3040 5305 3283 5383 δύναμιν,
3363 5308 3448 5363 καὶ
3513 5305 3610 5374 τὴν
3665 5303 3818 5360 θείαν

2153 5397 2559 5473 ὶνσημαίνονται
2615 5397 2873 5475 βούλησιν
2903 5445 2919 5471 ,
2979 5395 3143 5475 ἤγουν
3213 5404 3498 5454 τυποῦνται
3563 5395 3693 5472 πρὸς
3761 5394 3816 5449 τὸ

2157 5489 2480 5564 θεομίμητὸν
2508 5509 2588 5562 τε,
2639 5490 2726 5544 καὶ
2756 5489 2818 5544 τὸ
2855 5494 2960 5543 τῶν
2999 5485 3166 5544 ὄντῶν
3218 5487 3254 5554 ἦ
3281 5485 3410 5543 ὄντα
3461 5484 3594 5556 ἐστὶ,
3637 5505 3813 5561 γνωσ-

2159 5581 2325 5640 τικόν,
2364 5569 2580 5645 Ἐπειδῦ⁸
2627 5579 2727 5656 γαρ
2756 5580 2935 5655 νοερὸν
2967 5576 3062 5652 μέν
3094 5577 3204 5632 ἐστι
3233 5579 3292 5632 τὸ
3329 5587 3502 5654 νοοῦν,
3535 5577 3732 5639 νοητὸν
3759 5569 3809 5625 δὲ

2157 5669 2219 5725 τὸ
2248 5667 2556 5742 νοούμενον,
2603 5668 2772 5747 τροφὴ
2817 5666 2872 5723 δὲ
2918 5668 3004 5724 καὶ
3037 5668 3194 5724 οἱονεὶ
3225 5666 3478 5728 σύστασις
3503 5666 3598 5722 τοῦ
3630 5669 3814 5720 vociv-

2156 5759 2248 5826 τὸς
2270 5758 2382 5816 ὶστι
2411 5758 2474 5815 τὸ
2505 5756 2787 5836 νοούμενον
2829 5756 3048 5824 εἰκότως
3079 5758 3107 5815 ὁ
3151 5757 3306 5833 Θεὸς,
3372 5755 3464 5814 ἅτε
3529 5758 3663 5812 νόων
3719 5751 3818 5816 6w,-
