4150 6158
337 400 452 478 389

900 404 998 479 DE
1041 397 1339 479 ECCLES.
1390 406 1780 498 HIEHAHG.,
1814 407 1984 479 CAP.

2123 449 2201 462 -‹-
2232 398 2625 480 ΡΑΗΑΡΗΗ.
2660 414 3153 481 ΡΑοΗΥΜΕιιίΕ

3595 409 3714 478 390

334 569 435 604 των
508 554 616 604 τῶν
685 546 1012 622 ἀσωμάτων,
1072 549 1230 612 αὐτὸς
1287 547 1568 623 νοούμενος
1642 549 1730 605 καὶ
1784 551 1975 618 νοητὸς

2072 550 2458 629 intelligentis
2488 549 2566 610 sit
2596 548 2656 611 id
2689 551 2845 629 quod
2883 550 3258 631 intelligitur,
3287 549 3497 611 merito
3531 541 3710 631 Deus,

335 640 538 716 αὐτοῖς,
585 637 761 722 καθὼς
815 636 1141 716 ὲφικοῦνται,
1190 639 1493 714 γινόμενος,
1549 637 1740 694 ἔσωθεν
1792 641 1980 703 αὐτοὺς

334 724 613 801 ἐλλάμπει,
653 727 711 783 Ὀ
760 733 886 802 γοῦν
917 725 1135 806 ἔχουσιν
1179 725 1376 783 ἐκεῖνοι
1419 727 1623 789 ἐνιαίως
1666 730 1750 784 καὶ
1781 751 1979 805 συνεμ-

334 816 603 893 τυγμένως
658 816 733 878 ὡς
784 814 954 891 ἅῦλοι,
992 823 1146 873 τοῦτο
1198 817 1362 891 ἡμεῖς
1408 815 1491 872 διὰ
1517 815 1796 893 συμϐόλων
1839 817 1978 875 διαι-

335 912 494 984 ρετῶν
546 907 636 962 καὶ
679 903 870 975 πλήθει
919 904 1283 981 λαμϐάνομεν,
1344 904 1593 978 Σδμϐολα
1637 906 1690 962 δὲ
1747 906 1980 983 διαιρετά

334 997 419 1060 τὰς
474 997 575 1061 τῆς
648 999 858 1075 Γραφῆς
919 993 1220 1059 πολυειδεῖς
1281 993 1616 1060 διδασκαλίας
1675 999 1856 1077 φησίν.
1925 992 1979 1056 Εἰ

331 1091 452 1160 γοῦν
483 1085 572 1141 καὶ
630 1085 819 1161 πρώην
861 1083 1139 1164 ἐλέγομεν,
1174 1085 1255 1141 ὅτι
1304 1085 1482 1152 πάσης
1514 1089 1786 1166 ἱεραρχίας
1831 1089 1978 1145 οὐσία

334 1177 470 1234 ἐστὶν
498 1179 525 1233 ὸ
561 1179 717 1256 Θεὸς,
761 1176 898 1234 ἀλλά
924 1184 1023 1246 τῆς
1057 1180 1174 1236 καθ’
1223 1181 1366 1254 ἡμᾶς
1397 1177 1538 1243 ἰδίως
1581 1184 1669 1237 καὶ
1699 1183 1974 1262 προσεχὴς

335 1267 502 1346 οὗσία,
534 1268 598 1324 τὰ
653 1266 1014 1344 θεοπαράδοτα
1067 1267 1249 1348 λόγια,
1281 1272 1370 1325 καὶ
1428 1269 1630 1348 μᾶλλον
1673 1272 1874 1328 τούτων
1916 1273 1982 1328 τά

335 1355 630 1414 σεπτότατα
675 1362 778 1414 τῶν
813 1357 1128 1414 ἀποστόλων
1157 1357 1475 1436 διδάγματα.
1509 1345 1571 1418 "0
1619 1360 1745 1440 γὲιιρἸ
1776 1350 1843 1438 τῇ
1880 1362 1982 1418 τῶν

338 1447 589 1524 οὐρανίων
643 1447 886 1526 ίεραρχίᾳ
929 1446 1086 1512 αὐτὸς
1128 1449 1156 1504 ὁ
1212 1450 1366 1526 Θεὸς,
1405 1446 1602 1522 ἀΰλως,
1637 1452 1710 1513 ὼς
1770 1449 1983 1530 ἐφικτὸν

338 1536 545 1617 αὐτοῖς,
601 1537 907 1616 ἑνούμενος,
941 1538 1030 1593 καὶ
1085 1536 1284 1605 ταύτην
1342 1537 1638 1613 ἀποτελῶν,
1701 1547 1859 1596 τοῦτο
1915 1543 1983 1616 τῇ

336 1627 451 1683 καθ’
493 1627 638 1701 ἡμᾶς
671 1629 722 1682 αἱ
783 1627 1006 1706 Γραφαί,
1038 1624 1105 1682 δι’
1161 1630 1234 1683 ῶν
1290 1626 1492 1706 ἔχομεν
1536 1626 1820 1708 ἀνάγεσθαι
1855 1631 1986 1708 πρὸς

335 1717 429 1771 τὶν
479 1719 623 1773 θείαν
653 1714 955 1783 ἁπλότητα·
1012 1718 1098 1773 καὶ
1146 1717 1252 1790 μὴν
1310 1719 1394 1772 καὶ
1444 1718 1509 1773 τά
1565 1716 1663 1774 ὅσα
1695 1717 1760 1774 δι’
1819 1720 1985 1799 ἁϋγο-

336 1805 484 1881 τέρας
546 1807 818 1880 μυήσεως,
874 1812 970 1874 τῆς
1016 1805 1077 1862 ἐκ
1105 1808 1196 1863 τοῦ
1247 1806 1550 1882 Πνεῦματος
1580 1805 1784 1877 δηλαδὴ
1834 1809 1987 1887 ἐγγι-

2063 657 2197 702 cum
2233 650 2464 702 mentes
2496 638 2613 700 sint
2645 639 3038 720 incorporeas,
3067 642 3318 720 ipsemet
3345 640 3716 721 intelligens,

2065 729 2571 808 etillis,quantum
2588 747 2804 809 capere
2819 728 3712 810 possunt,factusintelligibilis,

2064 819 2397 898 intusipsas
2420 816 2876 890 illustrat.0uod
2904 818 3101 898 itaque
3130 817 3270 898 ipsi,
3301 827 3574 899 tanquam
3601 819 3718 879 im-

2066 907 2598 983 materiales,unite
2630 907 2852 970 habent
2880 925 2946 968 ac
2981 915 3312 986 compacto,
3339 914 3450 969 hoc
3484 907 3715 971 nossub

2063 995 2382 1057 divisorum
2435 996 2839 1077 symbolarum
2903 995 3292 1058 multitudine
3358 996 3713 1076 accipimus.

2061 1085 2339 1166 Symbola
2371 1103 2548 1168 porro
2594 1085 2804 1166 divisa,
2838 1095 3008 1148 vocat
3035 1085 3344 1148 doctrinas
3392 1083 3720 1167 Scriptura;

2065 1174 2557 1239 multiformes.Si
2595 1175 2816 1256 itaque,
2851 1183 2916 1236 ut
2947 1175 3121 1236 etiam
3159 1183 3296 1236 ante
3327 1175 3718 1258 diximus,e8-

2066 1265 2257 1327 sentia
2289 1265 2484 1327 omnis
2535 1266 2888 1328 hierarchiae
2919 1263 3080 1327 Deus
3110 1273 3224 1340 est,
3262 1277 3488 1327 nostrae
3518 1273 3721 1328 tamen

2069 1355 2504 1436 proprie,quasi
2530 1356 2794 1436 proxima
2830 1355 3249 1436 materia,sunt
3270 1355 3514 1416 oracula
3545 1355 3720 1418 aDeo

2069 1445 2303 1524 tradita,
2343 1445 2670 1526 praesertim
2714 1443 3120 1525 apostolorum
3148 1442 3435 1505 doctrina;
3461 1444 3721 1507 maxime

2069 1536 2442 1596 venerandae.
2471 1534 2639 1606 Quod
2674 1535 2834 1595 enim
2869 1533 3094 1596 ctelesti
3117 1533 3476 1596 hierarchiaa
3507 1541 3596 1596 est
3617 1533 3715 1616 ip-

2070 1643 2134 1685 se
2160 1623 3047 1704 Deus,immaterialiter,quoad
3068 1622 3194 1684 ﬁeri
3215 1623 3550 1704 potest,ipsi
3582 1623 3718 1685 uni-

2071 1722 2164 1774 tus
2196 1732 2446 1794 eamque
2481 1713 2944 1795 perﬁciens,hoc
2977 1712 3554 1774 nostraabierarchiae
3576 1723 3716 1775 sunt

2072 1801 2533 1885 Scripturae,per
2554 1823 2701 1883 quas
2728 1803 2801 1865 ad
2837 1802 3095 1864 divinam
3126 1801 3567 1882 simplicitatem
3607 1804 3718 1866 ad-

339 1894 562 1970 νομὲνης
617 1908 736 1958 τοῖς
785 1894 1103 1959 ἀποστόλοις
1165 1895 1413 1974 γνώσεως
1468 1903 1574 1952 τῶν
1617 1897 1714 1966 τῆς
1773 1904 1986 1980 Γραφῆς

2072 1893 2374 1966 ducimur;
2402 1893 2486 1954 uti
2518 1903 2576 1954 et
2609 1892 2956 1955 traditiones
2982 1891 3123 1973 illae,
3147 1889 3714 1980 quibusiustitulio-

337 1985 644 2059 νοημάτων,
692 1987 840 2044 αὐτοὶ
899 1998 1017 2049 τοῖς
1078 1984 1261 2049 ἄλλοις
1307 1984 1389 2042 διὰ
1439 1984 1624 2068 λόγου,
1679 1997 1987 2062 σωματικοῦ

338 2076 450 2154 μὲν,
507 2072 590 2130 ὅτι
648 2072 714 2131 δι’
761 2076 996 2153 ὁργάνων
1051 2081 1377 2150 σωματικῶν
1441 2074 1708 2155 ἐλέγοντο,
1760 2076 1983 2134 ἀῦλοτέ-

335 2183 417 2231 pou
469 2161 527 2219 δὲ
559 2163 734 2244 ὅμως,
766 2164 846 2221 ότι
897 2162 1044 2243 λόγῳ
1073 2166 1244 2239 μόνῳ,
1276 2167 1366 2221 καὶ
1397 2163 1480 2221 ’διά
1509 2166 1712 2245 γραφῆς
1740 2167 1770 2200 θ
1811 2167 1982 2236 παρέ-

333 2248 481 2306 δοσαν
545 2254 835 2326 μυστικῶς.
897 2252 1199 2331 Παρέδοσαν
1230 2253 1282 2309 δὲ
1335 2261 1499 2310 ταῦτα
1550 2255 1643 2311 οὐκ
1698 2256 1982 2333 ἀπαρακα-

333 2337 547 2407 λόπτοις
605 2343 876 2417 νοήσεσιν,
912 2342 1032 2400 ἀλλ’
1083 2343 1137 2398 ἐν
1169 2342 1457 2418 συμϐόλοις
1500 2347 1636 2401 τισὶν
1667 2347 1850 2422 ἱεροῖς,
1885 2345 1983 2402 ὅσα

331 2426 534 2498 δηλαδὴ
587 2432 642 2486 ὲν
670 2433 738 2507 τῇ
771 2433 894 2510 ἁγίᾳ
929 2431 1222 2506 Ἐκκλησία
1263 2432 1561 2509 τελοῦνται,
1597 2433 1755 2512 λκγον
1787 2434 1985 2514 ἔχοντα

330 2525 418 2574 τοῦ
475 2521 804 2599 φαινομένου
851 2520 1180 2599 ὑψηλότερον
1223 2525 1309 2578 καὶ
1366 2523 1645 2600 θειότερον.
1710 2531 1875 2581 Τοῦτο
1931 2523 1985 2579 δὲ.

331 2611 684 2682 πεποιήκασι,
744 2613 830 2668 καί
887 2615 982 2668 οὒκ
1012 2611 1360 2687 ἀπεκάλυψαν
1416 2611 1580 2668 ἅπασι
1629 2614 1694 2669 τὰ
1749 2613 1984 2693 ἀπόκρυ-

331 2719 419 2774 φα,
455 2697 542 2755 ὅτι
588 2699 647 2756 οὗ
679 2706 782 2764 πᾶς
840 2702 1002 2780 ἱερὸς,
1047 2699 1162 2758 οὐδὲ
1209 2703 1424 2759 πάντων
1469 2704 1502 2770 ἡ
1553 2709 1772 2780 γνῶσις⁹
1831 2695 1990 2778 ’Υμῖν

330 2788 429 2864 γὰρ
496 2786 728 2864 δέδοται,
790 2793 950 2868 φησὶν
1009 2793 1036 2846 ὁ
1110 2791 1297 2868 Κύριος
1347 2803 1464 2854 τοῖς
1523 2790 1844 2856 ἀποστόλοις
1903 2787 1992 2848 καὶ

328 2890 447 2940 τοῖς
510 2876 635 2951 μετ’
696 2878 881 2943 αὐτοὺς
939 2880 1139 2958 ἁγίοις,
1189 2886 1386 2957 γνῶναι
1447 2881 1513 2937 τὰ
1573 2879 1835 2960 μυστήρια
1894 2885 1989 2948 τῆς

327 2967 610 3041 βασιλείας
653 2979 744 3028 τοῦ
774 2975 927 3027 Θεοῦ.

2071 2000 2146 2043 ne
2180 1983 2364 2061 magis
2393 2000 2427 2043 a
2451 1983 2696 2044 materia
2717 1987 2968 2057 semota,
2999 1999 3069 2043 ex
3089 1980 3279 2042 sancti
3301 1979 3560 2061 Spiritus
3586 1983 3715 2044 ins-

2069 2073 2276 2147 tinctu,
2309 2071 2559 2152 apostoli
2591 2090 2877 2134 sensuum
2930 2069 3257 2151 Scriptura;
3284 2069 3714 2148 cognitionem,

2066 2160 2164 2222 alii
2187 2162 2343 2242 aliis,
2366 2179 2645 2223 sermone
2676 2161 2920 2242 quidem
2948 2159 3412 2241 corporeo,quia
3444 2177 3554 2240 per
3581 2161 3716 2222 ins-

2069 2261 2365 2314 trumenta
2383 2269 2668 2332 corporea
2686 2251 2867 2313 locuti
2899 2249 3261 2329 sunt,magis
3284 2259 3480 2312 tamen
3512 2250 3721 2313 imma-

2070 2340 2434 2421 teriali.quia
2459 2359 2738 2402 sermone
2782 2340 2909 2401 solo
2938 2348 2996 2401 et
3039 2359 3157 2400 non
3184 2339 3431 2418 scripto,
3467 2340 3718 2421 mystice

2069 2429 2458 2492 tradiderunt.
2495 2433 2889 2510 Nequaquam
2913 2437 3110 2489 autem
3140 2429 3264 2489 haec
3289 2427 3502 2508 patulis
3543 2429 3715 2491 intel-

2069 2519 2307 2598 ligentis
2328 2517 2833 2591 tradiderunt,sed
2867 2519 2927 2578 in
2958 2517 3240 2597 symbolis
3255 2516 3607 2596 quibusdam
3625 2537 3717 2580 sa-

2069 2609 2348 2689 cris,quae
2377 2608 2658 2670 nimirum
2687 2607 2748 2669 in
2782 2605 3048 2679 Ecclesia
3067 2619 3273 2668 sancta
3303 2606 3710 2682 celebrantur,

2071 2715 2207 2759 cum
2243 2699 2531 2759 rationem
2567 2697 2824 2758 babeant
2853 2715 2924 2758 eo
2955 2695 3112 2777 quod
3135 2704 3378 2776 apparet
3405 2695 3716 2758 sublimio-

2070 2804 2198 2848 rem
2252 2796 2429 2866 atque
2479 2787 2860 2849 diviniorem.
2914 2785 3038 2847 Hoc
3089 2797 3289 2846 autem
3320 2785 3622 2860 fecerunt,
3658 2796 3721 2848 et

2072 2877 2523 2957 haudquaquam
2545 2876 2822 2938 omnibus
2835 2893 3046 2937 arcana
3067 2874 3572 2956 revelarunt,quia
3597 2894 3717 2938 non

2007 2975 2048 3025 C
2073 2966 2267 3027 omnis
2288 2976 2752 3047 sanctus,neque
2782 2966 3054 3026 omnium
3084 2965 3330 3026 scientia
3359 2975 3450 3026 est
3482 2982 3496 3027 :
3538 2964 3728 3048 νοω,

331 3056 467 3117 166
496 3057 692 3138 enim,
725 3057 912 3138 inquit
945 3056 1235 3120 Dominus
1263 3059 1547 3140 apostolis
1573 3067 1630 3121 et
1661 3056 2109 3122 successoribus
2129 3056 2377 3130 sanctis,
2403 3056 2620 3119 datum
2655 3064 2742 3119 est
2784 3072 2958 3118 nosse
2985 3056 3277 3133 mysteria
3318 3059 3493 3135 regni
3523 3054 3634 3119 Dei
3662 3059 3720 3126 ιι,

404 3146 436 3226 §
493 3144 574 3207 V.
623 3146 956 3226 ’Λναγκαίως
1006 3149 1176 3205 τοίνυν
1221 3152 1268 3207 οἱ
1324 3152 1449 3226 ἱεροὶ
1496 3150 1806 3226 ἀπόστολοι,
1846 3150 1988 3208 αὒτοὶ

325 3235 768 3303 ἀναπλησθάντες
867 3238 959 3295 τοῦ
1028 3239 1164 3294 θείου
1247 3240 1577 3318 χαρίσματος
1666 3240 1986 3318 (ἐθεώθησαν

323 3326 424 3404 γάρ
466 3332 543 3402 τῇ
605 3328 734 3403 πρὸς
779 3328 948 3383 αὐτῶν
1019 3327 1340 3406 ἀγαπήσει),
1372 3331 1459 3385 καὶ
1505 3331 1577 3392 εἰς
1625 3331 1745 3392 τοὺς
1794 3329 1986 3392 ἄλλους

324 3413 733 3488 ἀπεσταλμένοι
795 3417 935 3493 παρὰ
990 3423 1088 3484 τῆς
1173 3417 1528 3494 ἀγαθότητος,
1586 3419 1677 3475 καὶ
1733 3420 1877 3475 αὐτοὶ
1933 3416 1988 3473 δὲ

326 3503 429 3573 ἤδη
480 3506 600 3563 θεοὶ
631 3507 965 3586 γεγονόντες,
1000 3511 1077 3582 μὴ
1124 3510 1430 3586 φθονοῦντες
1483 3520 1600 3571 τοῖς
1652 3507 1772 3583 μετ’
1801 3509 1990 3572 αὖτοὺς

327 3595 428 3660 τῆς
481 3596 746 3662 τοιαύτης
776 3596 1017 3661 θεώσεως
1050 3595 1356 3676 (ἀλλότριον
1385 3598 1484 3676 γὰρ
1533 3603 1592 3653 τὸ
1623 3600 1871 3676 φθονερὸν
1901 3607 1992 3657 τοῦ

331 3687 512 3760 Θεοῦ),
549 3687 829 3752 αἰσθητοῖς
857 3688 922 3742 τὰ
954 3687 1250 3760 νοητὰ,καὶ
1278 3685 1486 3751 ὑλικοῖς
1518 3688 1583 3742 τὰ
1606 3687 1760 3761 ἅῠλα,
1786 3689 1870 3744 καὶ
1901 3687 1992 3743 ἀν-

329 3774 566 3851 θρώποις
609 3774 677 3831 τὰ
726 3777 870 3854 θεῖα,
900 3775 994 3831 καὶ
1027 3775 1303 3854 ἱγγρά·ρως
1351 3777 1438 3832 καὶ
1482 3775 1730 3856 ἀγράφως
1762 3775 1990 3855 παρέδο-

332 3886 452 3937 σαν,
487 3868 550 3923 οὒ
582 3861 751 3938 μόνον
785 3862 941 3944 χάριν
970 3870 1077 3922 τῶν
1109 3865 1329 3944 ἀνιέρων
1351 3864 1423 3943 (τί
1451 3866 1550 3943 γὰρ
1581 3867 1715 3940 ἡμῖν
1730 3865 1992 3930 κάκείνοις

331 3957 536 4024 κοινὸν,
575 3955 638 4010 οἳ
667 3951 780 4009 οὐδὲ
810 3959 918 4010 τῶν
948 3952 1228 4029 συμϐόλων
1259 3952 1431 4029 ψιλῶν
1478 3953 1777 4034 ἀξιοῦνται,
1806 3955 1824 4033 )
1859 3955 1996 4014 ἀλλὰ

333 4045 420 4100 καὶ
469 4043 603 4100 κατ’
654 4039 816 4100 ἄλλον
865 4044 1060 4121 τρόπον
1103 4045 1182 4100 ὃτι
1233 4042 1507 4120 ἀναλόγως
1535 4043 1672 4120 ἡμῖν
1722 4047 1994 4112 αἰσθητοῖς

336 4133 477 4213 οὖσι,
537 4135 635 4190 καὶ
695 4135 930 4202 αἰσθήσει
990 4135 1144 4214 ζῶσι,
1196 4135 1283 4190 καὶ
1341 4135 1375 4202 ἡ
1432 4135 1673 4212 ἱεραρχία
1739 4133 1995 4195 τελεῖται.

335 4223 406 4281 Οὔ
450 4225 558 4303 γὰρ
609 4223 732 4278 οἷόν
784 4245 840 4280 τε
870 4236 1094 4302 γυμνοῖς
1152 4224 1335 4287 αὐτοῖς
1380 4237 1496 4286 τοῖς
1538 4227 1693 4290 θείοις
1741 4225 2023 4302 πράγμασ,

2151 3146 2180 3226 §
2205 3147 2273 3209 V.
2300 3145 2852 3224 Necessarioigitur
2871 3143 3062 3206 sancti
3091 3143 3343 3223 apostoli
3373 3145 3610 3224 ipsimet
3631 3145 3722 3208 di-

2070 3235 2205 3296 vino
2239 3253 2488 3297 munere
2513 3235 2672 3315 pleni
2705 3236 2840 3314 (per
2869 3235 3252 3296 dilectionem
3274 3233 3435 3295 enim
3454 3234 3721 3298 deificati

2071 3331 2256 3402 erant)
2277 3334 2335 3386 et
2358 3325 2428 3386 ad
2452 3325 2600 3386 alios
2625 3324 2698 3386 ab
2731 3327 2858 3403 ipsa
2882 3325 3141 3386 bonitate
3161 3323 3503 3404 missi,quin
3535 3327 3722 3406 etipsi

2065 3414 2190 3495 jam
2224 3415 2304 3475 dii
2337 3414 2500 3491 facti,
2534 3413 2988 3476 successoribus
3019 3412 3358 3473 istiusmodi
3389 3413 3722 3477 deificatio-

2073 3522 2208 3565 nem
2244 3504 2490 3567 minime
2521 3503 2852 3565 invidentes
2883 3502 3104 3577 (aliena
3134 3501 3275 3563 enin
3322 3501 3543 3565 invidia
3573 3515 3719 3567 esta

2071 3592 2243 3674 Deo),
2267 3591 2649 3654 sensibilibus
2670 3590 3130 3668 intellectilia,et
3156 3592 3478 3654 materialis
3503 3593 3722 3658 imma-

2071 3683 2396 3758 terialia,et
2420 3681 3116 3748 bominibusdivina.tam
3131 3682 3356 3762 scripto
3382 3701 3566 3760 quam
3599 3703 3719 3748 non

2076 3771 2294 3852 scripto
2327 3771 2723 3846 tradiderunt,
2759 3790 2878 3833 non
2925 3779 3171 3852 propter
3192 3771 3470 3853 profanos
3492 3781 3720 3837 tantum

2077 3862 2244 3944 (quid
2263 3861 2424 3923 enim
2449 3860 2621 3923 nobis
2653 3869 2710 3924 et
2731 3861 2852 3923 illis
2871 3879 3220 3936 commune,
3247 3862 3347 3942 qui
3382 3880 3456 3925 ne
3487 3863 3723 3944 symbo-

2079 3957 2151 4019 lis
2181 3954 2421 4036 quidem
2455 3954 2632 4016 nudis
2655 3954 2818 4032 digni
2864 3963 3002 4015 sunt
3037 3953 3223 4015 habiti
3253 3953 3510 4033 ?)verum
3546 3956 3722 4018 etiam

2083 4047 2158 4107 ob
2188 4047 2362 4108 aliam
2415 4043 2730 4118 rationem,
2764 4043 2922 4125 quod
2983 4042 3266 4105 nimirum
3320 4055 3724 4122 congruenter

2082 4135 2255 4198 nobis
2274 4152 2454 4197 sensu
2477 4133 2805 4195 viventibus
2820 4143 2877 4195 et
2900 4134 3202 4197 sensitivis
3231 4133 3564 4196 liierarchia
3585 4137 3726 4198 sub-

2081 4222 2608 4288 ministretur.Non
2632 4224 2794 4285 enim
2839 4241 2943 4303 par
2971 4231 3082 4298 est,
3118 4232 3181 4284 ut
3207 4224 3264 4285 hi
3298 4226 3402 4300 qui
3435 4243 3616 4287 sensu
3643 4229 3724 4288 vi-

334 4335 416 4369 σιν
477 4308 862 4392 ἐντυγχάνειν,
922 4314 1012 4369 καὶ
1081 4319 1285 4380 νοητῶς
1356 4313 1726 4389 συνάπτεσθαι,
1776 4315 1987 4384 ασθήσει

2078 4305 2242 4395 vunt,
2275 4312 2465 4376 nudas
2489 4314 2648 4394 ipsas
2669 4331 2767 4375 res
2789 4311 3018 4374 divinas
3039 4313 3515 4393 frequentent,et
3536 4314 3723 4378 intel-

333 4402 566 4472 ζῶντας·
630 4399 717 4457 διὰ
771 4410 928 4459 τοῦτο
976 4399 1061 4458 διὰ
1108 4399 1388 4478 συμϐόλων
1431 4401 1698 4459 τελεῖσθαι
1749 4402 1987 4484 ἐτάχθη-

2077 4403 3198 4483 lectualiteriisconjungantur;idcirco
3212 4403 3727 4485 persymbolajus-

331 4514 452 4565 μεν.
515 4493 672 4556 Τέως
703 4492 758 4548 δὲ
802 4491 948 4557 ὅμως
995 4495 1042 4549 οἱ
1071 4499 1178 4549 τῶν
1220 4489 1498 4567 συμϐόλων
1551 4492 1702 4570 Λόγοι
1731 4492 1791 4550 οὒ
1835 4494 1987 4550 πᾶσίν

2075 4497 2342 4559 sisumus
2359 4493 2580 4556 initiari
2595 4495 3042 4556 .Verumtamen
3058 4511 3133 4554 ne
3154 4493 3295 4573 ipsa:
3309 4494 3550 4574 quidem
3569 4512 3725 4577 sym-

332 4582 460 4636 εἰσιν
492 4579 1023 4660 ἀνακεκαλυμμένοι,
1060 4583 1144 4638 καὶ
1190 4581 1472 4660 γνώριμοι,
1505 4579 1643 4636 ἀλλὰ
1683 4595 1800 4646 τοῖς
1828 4583 1987 4648 ἱεροῖς

2075 4585 2346 4649 bolorum
2371 4585 2632 4646 rationes
2667 4584 2947 4646 omnibus
2977 4591 3116 4643 sunt
3145 4582 3427 4645 revelata?
3448 4601 3518 4646 ac
3542 4594 3722 4669 notae,

328 4668 607 4748 ἀνδράσιν,
670 4672 756 4734 οὓς
818 4674 878 4729 οὗ
925 4671 1140 4746 θεμιτόν
1197 4672 1339 4726 ἐστιν
1416 4669 1622 4748 ἐξάγειν
1679 4672 1865 4736 αὐτοὺς
1918 4673 1987 4736 εἰς

2074 4677 2180 4738 sed
2211 4675 2353 4737 viris
2383 4673 2851 4755 sanctis,quibus
2884 4691 3002 4735 non
3028 4673 3167 4735 licet
3197 4691 3302 4735 eas
3335 4691 3638 4753 exponere
3654 4668 3727 4738 iis

329 4761 451 4824 τοὺς
512 4760 592 4816 ἔτι
657 4761 1124 4840 κατηχουμένους,
1185 4757 1414 4835 εἰδότας,
1471 4759 1552 4816 ὅτι
1610 4764 1987 4839 προσηκόντως

2075 4766 2176 4847 qui
2206 4766 2402 4829 adhuc
2424 4763 2836 4827 catechumeni
2872 4762 3209 4844 ;cumscire
3237 4762 3726 4827 debeantconve-

331 4850 545 4923 ἑκάστῳ
605 4851 749 4908 κατὰ
799 4852 898 4917 τὴν
954 4851 1195 4930 οὐρανίαν
1261 4849 1403 4917 τάξιν
1459 4851 1557 4919 τὴν
1630 4854 1856 4918 εὒσταθη
1905 4853 1994 4908 καὶ

331 4937 678 5021 ἀσύμφυρτον
753 4939 1030 5019 ἀναλόγως
1100 4941 1200 5008 τὴν
1270 4940 1388 4997 καθ’
1459 4942 1602 5014 ἡμᾶς
1671 4939 1991 5007 διετάξαντο.

338 5029 432 5084 Διὸ
461 5031 706 5092 πεισθείς
749 5042 873 5093 ταῖς
905 5031 1218 5108 ὁμολογίαις
1260 5041 1382 5094 ταῖς
1428 5042 1576 5105 σαῖς,
1611 5029 1683 5095 ὡς
1733 5031 1837 5109 οὐχ
1876 5029 1996 5088 ἑτέ-

335 5137 408 5188 ρῳ
454 5116 816 5198 μεταδώσεις,
849 5121 893 5176 εἰ
949 5119 1026 5195 μή
1079 5131 1197 5183 τοῖς
1241 5119 1378 5175 κατὰ
1406 5117 1464 5174 σὲ
1519 5119 1710 5196 ἱεροῖςο
1770 5120 1857 5176 καὶ
1915 5117 1998 5176 ὅσι

337 5206 616 5272 κάκείνους
678 5207 945 5289 ἀσφαλίσῃ
1014 5211 1278 5273 τοιούτονς
1348 5207 1490 5265 εἶναι
1547 5210 1666 5287 περὶ
1719 5210 1786 5266 τὰ
1853 5213 1997 5289 θεῖα,

339 5299 453 5359 οἷος
514 5298 581 5354 σὺ
617 5298 776 5362 αὐτὸς
829 5299 967 5357 εἶνοι
1011 5298 1138 5374 περί
1167 5306 1330 5356 ταῦτα
1371 5298 1635 5378 ὑπισχνῇ,
1668 5302 1755 5357 καὶ
1813 5300 1999 5358 τούτου

337 5385 672 5464 μιταδίδωμί
698 5410 780 5446 σοι
811 5395 902 5447 τοῦ
931 5387 1120 5470 δώρου.

414 5573 449 5620 ι
477 5575 681 5652 Marc,
712 5593 788 5658 iv,
826 5577 922 5641 lt.

2079 4855 2312 4918 nienter
2343 4853 2694 4935 unicuique,
2729 4852 3060 4915 secundum
3089 4852 3362 4914 ordinem
3420 4854 3726 4918 cwlestem

2079 4944 2350 5006 stabilem
2371 4953 2430 5006 et
2455 4941 2936 5024 inconfusum,ad
2957 4955 3192 5021 captum
3214 4951 3483 5005 nostrum
3499 4944 3730 5007 hierar.

2080 5033 2276 5096 chiam
2290 5034 2477 5114 ipsam
2492 5033 2826 5095 ordinatam
2862 5031 3398 5113 esse.Quapropter
3415 5032 3592 5096 etiam
3613 5036 3729 5097 tuis

2080 5120 2212 5203 ipse
2242 5121 2710 5204 professionibus
2725 5138 3043 5201 persuasus
3063 5120 3406 5201 es,neillam
3428 5123 3598 5185 alteri
3613 5133 3730 5185 tra-

2081 5210 2211 5291 das,
2258 5221 2656 5293 praaterquam
2694 5212 2778 5270 tui
2828 5209 3127 5271 similibus
3157 5212 3417 5289 sanctis;
3450 5221 3508 5275 et
3536 5213 3611 5274 ab
3642 5214 3728 5275 eis

2082 5310 2249 5383 petes
2269 5299 2800 5381 cautionem,ipsos
2833 5300 2992 5360 circa
3017 5298 3217 5362 divina
3241 5300 3389 5362 tales
3414 5301 3727 5384 fore,qua-

2081 5392 2198 5452 lem
2229 5391 2356 5472 ipse
2380 5399 2435 5452 te
2458 5390 2618 5453 circa
2639 5389 2851 5453 eadem
2881 5387 3010 5452 fore
3039 5389 3349 5474 recepisti,
3372 5390 3556 5472 idque
3586 5410 3726 5455 mu-

2082 5486 2242 5544 neris
2265 5481 2370 5544 tibi
2404 5481 2595 5547 trado.
3284 5476 3287 5479 ’

414 5680 624 5774 ’Lege
655 5686 831 5774 καὶθῦ
859 5685 944 5743 διὰ
971 5691 1204 5771 γραφῆς.
1265 5689 1335 5754 Iu
1366 5695 1527 5753 textu
1559 5692 1721 5751 enim
1751 5685 1819 5753 S.
1843 5685 1987 5751 Dion

2072 5686 2113 5751 ii
2142 5689 2361 5772 legitur
2389 5691 2543 5760 ἐκτὸς
2573 5695 2802 5774 γραφῆς.
2857 5684 3247 5768 Negationem
3278 5706 3336 5743 ου
3373 5683 3516 5770 legit
3547 5684 3726 5755 inter-

341 5777 500 5850 pres.
534 5763 716 5834 Eon.
745 5763 993 5833 Pam;
