4150 6158
1294 308 1392 386 DE
1435 321 1732 387 ECCLES.
1779 319 2240 402 HIERARCH.,
2286 319 2456 386 CAP.
2509 310 2590 385 II.
3539 310 3654 385 398

1836 458 1864 537 §
1913 455 2074 521 VIII.

259 311 368 394 397

335 630 506 681 Ταῦτα
543 619 597 679 δὲ
628 620 847 685 τελέσας
877 619 982 676 ἀπὸ
1014 622 1110 686 τῆς
1163 617 1251 674 ἐπὶ
1302 618 1368 674 τὰ
1398 615 1607 695 δεύτερα
1644 617 1893 700 προόδου,

2067 619 2200 678 170
2233 619 2338 681 His
2368 617 2480 680 rite
2519 623 2810 698 peractis,
2846 635 2880 680 a
2912 636 3018 682 suo
3069 619 3143 681 ad
3189 619 3456 683 secunda
3505 638 3647 702 pro-

263 713 416 772 πάλιν
448 713 532 769 ἐπὶ
564 713 663 780 τὴν
695 718 800 768 τῶν
857 709 1084 788 πρώτων
1143 708 1468 766 ἀνατείνεται
1524 709 1765 786 θεωρίαν,
1829 711 1902 775 ὡς

2010 709 2296 789 gressu,ad
2320 726 2520 769 rerum
2545 707 2762 768 iterum
2777 708 3214 788 pmcipuarum
3237 708 3646 789 exigiturcon-

261 805 391 860 κατᾶ
423 801 624 878 μηδένα
655 804 836 879 καιρὸν
867 800 902 868 ἢ
932 799 1151 878 τρόπον,
1210 797 1295 854 ἐπ’
1357 797 1619 875 ἀλλοτρίῳ
1661 801 1763 855 τινὶ
1793 821 1904 856 πα·-

2010 798 2465 878 emplationem,
2485 814 2558 857 ne
2581 797 2702 858 ullo
2727 805 2997 878 tempore
3024 798 3112 860 vel
3144 799 3319 860 modo
3341 799 3644 881 quidpiam

265 895 324 972 ρὰ
352 894 417 949 τὰ
451 894 625 949 οἰκεῖα
654 891 1002 969 τρεπόμεθος,
1037 889 1161 946 ἀλλ’
1179 889 1286 945 ἀπὸ
1307 889 1460 945 θείων
1494 889 1565 949 εἷς
1589 891 1710 945 θεῖα
1732 912 1907 967 προσ-

2010 886 2482 948 Isuisinstitutis
2509 895 2721 948 tractet
2741 887 3030 964 alienum,
3082 887 3190 950 sed
3220 889 3458 950 assidue
3516 907 3646 969 per-

262 989 400 1064 εχῶς
461 983 547 1039 καὶ
606 982 688 1039 ἀεὶ
742 988 819 1055 τῷ
890 984 1162 1059 θεαρχικῷ
1235 979 1500 1053 Πνεύματι
1580 985 1910 1052 μεταταττό-

2010 986 2304 1056 petnoque
2327 975 2510 1038 divini
2532 975 2788 1055 Spiritus
2825 976 3008 1038 ductu
3032 994 3067 1038 a
3089 976 3303 1039 divinis
3342 977 3418 1039 ad
3450 977 3650 1040 divina

263 1094 413 1149 μενος
425 1119 440 1134 .

889 1186 981 1237 ιιι.
1031 1177 1255 1256 Θεωρία.

2012 1067 2487 1128 transformetur.

2531 1172 2621 1235 llI.
2658 1172 3119 1254 Contemplatio.

1900 1310 2010 1387 §[.

344 1475 490 1542 Αὕτη
527 1477 636 1552 μὴν
668 1473 754 1531 οὗν
779 1472 852 1549 ‘3,
913 1477 987 1538 ὡς
1046 1475 1100 1531 ἐν
1157 1473 1466 1555 συμϐόλοις,
1525 1477 1561 1544 ἡ
1609 1478 1707 1540 τῆς
1771 1475 1912 1549 ἱερᾶς

267 1565 448 1634 τελετὴ
481 1565 812 1642 θεογενεσίας
843 1561 919 1639 ¹⁹,
954 1563 1101 1620 οὖδέν
1133 1563 1364 1642 ἀπρεπὲς
1413 1565 1449 1630 ἦ
1505 1563 1732 1639 ἀνίερον,
1798 1558 1913 1618 οὒδέ

269 1663 362 1712 τῶν
390 1653 654 1720 αίσθητῶν
684 1649 741 1694 9ο
775 1652 972 1732 ἔχουσα
1029 1654 1270 1726 εἰκόνιον,
1332 1651 1450 1708 ἀλλ’
1508 1649 1742 1716 ἀξιοθὲου
1774 1651 1912 1704 θεω-

269 1746 372 1820 ρίας
421 1743 707 1820 αἷνίςματα
762 1756 1008 1822 φυσικοῖς
1063 1743 1154 1798 καὶ
1213 1739 1714 1820 ἀνθρωποπρεπὲσιν
1785 1736 1908 1794 ἒσόο

271 1854 442 1912 πτρο·.ς
504 1833 884 1907 εἶκονιζόμενα.
948 1835 1008 1889 Τί
1069 1833 1168 1910 γὰρ
1198 1830 1258 1887 ἂν
1314 1831 1500 1911 φανείη
1527 1827 1577 1870 εί
1612 1827 1909 1907 διαμαρτά-

270 1945 437 1997 νουσα,
501 1923 586 1978 καὶ
644 1923 735 1977 τοῦ
790 1920 1052 1999 θειοτέρου
1109 1920 1270 2000 λόγου
1315 1921 1420 1978 τῶν
1452 1917 1782 1990 τελουμένων
1815 1937 1908 1972 σε-

272 2011 578 2090 σιγημένου,
614 2014 798 2067 πειθοῖ
827 2013 914 2066 καὶ
930 2009 1336 2088 ,θεοῤῥημοσόνῃ
1366 2011 1465 2076 τὴν
1491 2015 1583 2066 τοῦ
1603 2008 1910 2086 προσιόντος

273 2102 488 2172 εὖζωίαν
524 2103 676 2179 ἱερῶς
731 2098 1327 2178 διαπραγματευομὲνη,
1390 2099 1478 2154 καὶ
1535 2097 1636 2164 τὴν
1698 2096 1910 2161 ἀπάσης

272 2191 395 2264 ί»μοῦ
422 2188 615 2251 κακίας
645 2186 713 2243 δι’
746 2187 987 2265 ἐναρέτου
1015 2192 1102 2245 καὶ
1132 2191 1270 2252 θείας
1321 2193 1466 2260 ζωῆς
1525 2186 1908 2260 ἀποκάθαρσιν,

273 2285 334 2354 τῇ
363 2277 432 2334 δι’
466 2275 662 2342 ὕδατος
694 2283 890 2357 φυσικῇ
939 2279 1213 2358 καθάρσει,
1274 2275 1720 2354 σωματικώτερον
1777 2274 1917 2347 αὐτῷ

270 2367 654 2447 διαγγέλλουσα
685 2387 703 2438 ;

345 2457 492 2524 Λυτὴ
524 2453 578 2498 29
607 2455 651 2512 δ’
702 2456 811 2532 οὖν,
866 2459 910 2513 εί
960 2460 1049 2514 καὶ
1099 2456 1264 2534 μηδὲν
1316 2480 1365 2513 τι
1398 2460 1659 2531 θειότερον
1691 2453 1848 2532 εἶχεν
1881 2455 1914 2520 ἡ

266 2553 367 2605 τῶν
445 2545 788 2620 τελουμένων
845 2545 1146 2622 συμϐολικὴ
1201 2545 1510 2626 παράδοσις,
1563 2545 1656 2602 οὐκ
1713 2542 1912 2622 ἀνίερος

265 2638 349 2718 ἧν,
409 2639 482 2701 ὡς
547 2637 734 2710 οἶμαι,
797 2634 1136 2693 διδασκαλίαν
1194 2637 1292 2712 μὲν
1351 2635 1558 2692 εὒθέτου
1593 2635 1736 2704 ζωῆς
1767 2633 1916 2697 sian-

265 2727 525 2807 γοωμένη,
561 2727 662 2794 τὴν
693 2725 932 2793 παντελῆ
967 2725 1021 2782 δὲ
1046 2727 1142 2794 τῆς
1176 2726 1229 2782 ἐν
1258 2726 1417 2798 κακίᾳ
1467 2722 1744 2784 πολιτείας
1775 2721 1916 2777 ἀπο-

264 2818 535 2897 κάθαρσιν,
604 2815 796 2880 ὁλικῶς
856 2817 932 2890 τῷ
986 2817 1193 2892 σώματι
1253 2813 1622 2894 καθαιρομὲνῳ
1685 2811 1917 2890 φυσικῶς

263 2904 326 2962 δι’
354 2906 543 2971 ὕδατος
574 2906 916 2982 αἰνισσομένη
928 2951 940 2961 .

2079 1469 2214 1533 Haec
2244 1470 2302 1532 in
2334 1469 2521 1533 sacris
2549 1469 2831 1552 symbolis
2863 1469 3076 1532 divinae
3100 1471 3498 1552 generationis
3524 1469 3644 1532 ini-

1999 1561 2162 1622 tiatio
2202 1559 2354 1622 nihil
2391 1559 2661 1622 indecori
2688 1559 2778 1622 vel
2813 1558 3041 1640 profani
3073 1560 3216 1641 quin
3250 1579 3359 1623 nec
3392 1560 3648 1623 sensiles

1999 1650 2216 1729 ﬁguras
2247 1649 2540 1729 continet,
2574 1648 2677 1711 sed
2710 1649 2831 1711 Deo
2881 1649 3074 1730 dignae
3125 1649 3647 1732 contemplationis

1997 1743 2308 1815 aenigmata
2335 1737 2393 1798 in
2428 1737 2797 1798 naturalibus
2818 1737 2891 1799 ad
2914 1742 3151 1818 captum
3187 1738 3492 1800 hominum
3516 1756 3648 1820 spe-

1996 1827 2146 1887 culis
2174 1826 2456 1904 efﬁgiata.
2495 1825 2643 1898 Quid
2673 1832 2832 1888 enim
2859 1826 2912 1888 ei
2943 1827 3204 1890 defuisse
3231 1827 3523 1905 videatur,
3554 1827 3647 1891 di-

1998 1914 2208 1977 viniori
2232 1916 2408 1976 etiam
2436 1921 2850 1995 mysteriorum
2869 1915 3112 1978 silentio
3130 1934 3453 1996 suppressa
3472 1917 3650 1980 ratio-

1997 2023 2094 2079 ne,
2129 2023 2260 2066 cum
2287 2004 2876 2068 divinainstitutione
2890 2011 3035 2068 satis
3053 2005 3641 2086 probetaccedentis,

1995 2113 2170 2174 quam
2203 2102 2407 2154 sancte
2437 2102 2739 2174 operatur,
2781 2093 2915 2155 vitm
2963 2094 3390 2176 integritatem,
3445 2105 3503 2158 et
3544 2115 3650 2176 per

2002 2185 2174 2246 vitam
2213 2183 2457 2263 probam
2483 2202 2549 2244 ac
2572 2183 2860 2258 divinam,
2886 2185 3178 2246 universas
3201 2183 3379 2246 simul
3411 2185 3650 2247 malitia:

2002 2273 2550 2354 perpurgationem,
2581 2272 2836 2335 naturali
2869 2273 3292 2336 emundatione
3321 2293 3487 2356 aqua
3508 2293 3648 2338 cor-

2001 2363 2262 2442 poralius
2297 2361 2407 2443 ipsi
2444 2361 2817 2424 denuntiet?

2081 2449 2155 2513 Ut
2186 2450 2386 2531 itaque
2417 2451 2738 2530 symbolica
2770 2451 3164 2514 initiationum
3211 2451 3449 2514 traditio
3500 2453 3647 2518 nihil

1999 2541 2112 2602 hoc
2142 2540 2399 2601 divinius
2431 2539 2696 2617 haberet,
2731 2559 3137 2622 nequaquam,
3178 2550 3240 2602 ut
3267 2559 3405 2604 reor
3434 2561 3647 2624 expers

2002 2639 2161 2692 esset
2191 2630 2685 2703 sanctitatis,cum
2718 2639 2776 2692 et
2801 2639 2969 2694 recte
3000 2631 3238 2693 vivendi
3271 2632 3648 2713 disciplinam

2001 2719 2366 2792 introducat,
2421 2728 2481 2782 et
2539 2719 2944 2784 omnimodam
3004 2721 3064 2784 in
3125 2720 3282 2782 vitiis
3337 2729 3650 2784 transacta;

2002 2811 2132 2871 vitae
2163 2809 2668 2890 emundationem,
2713 2817 2832 2871 toto
2893 2828 3148 2891 corpore
3201 2829 3352 2892 aqua
3410 2815 3649 2892 penitus

2005 2906 2386 2980 perpurgato,
2419 2899 2771 2962 naturaliter
2800 2899 3083 2963 insinuet.

1898 3063 1926 3140 δ
1959 3061 2033 3126 II.

341 3227 495 3289 Ἀλλ’
526 3231 672 3288 ἔστω
700 3229 798 3305 μὲν
828 3226 962 3298 αὕτη
994 3240 1113 3294 τοῖς
1154 3227 1391 3285 ἀτελέσιν
1450 3224 1779 3306 είσαγωγικὴ
1811 3228 1914 3300 ψυ-

2076 3221 2294 3286 Verum
2311 3225 2387 3289 sit
2400 3225 2526 3287 haec
2541 3223 2782 3306 quidem
2799 3221 3144 3288 rudioribus
3158 3224 3524 3292 introductio
3537 3228 3652 3309 spio

262 3343 373 3398 χαγ
393 3321 541 3398 ογία,
580 3320 648 3380 τά
682 3341 734 3376 τε
767 3320 1048 3399 ἱεραρχικά
1096 3321 1182 3376 καὶ
1243 3316 1448 3384 ἑνοειδῆ
1505 3324 1602 3385 τῆς
1664 3314 1918 3389 πληθύος,

262 3411 331 3472 ὡς
388 3410 578 3489 θέμις,
642 3407 1157 3483 ἀποδιαστὲλλουσα,
1235 3410 1322 3465 καὶ
1377 3408 1746 3486 σνομμετροῦσοί
1803 3416 1925 3467 ταῖς

260 3500 394 3559 κατά
451 3500 625 3577 μέρος
683 3497 896 3564 τάξεσιν
957 3499 1049 3565 τὴν
1105 3498 1418 3577 ἐναρμόνιον
1474 3495 1765 3574 ἀναγωγὴν
1811 3491 1873 3542 25
1909 3507 1922 3521 ’

260 3588 422 3661 ἡμεῖς
453 3589 534 3662 δὲ,
573 3585 894 3644 ἀναϐάσεσιν
923 3590 1092 3666 ἱεραῖς
1143 3589 1228 3644 ἒπὶ
1282 3588 1376 3650 τὰς
1437 3592 1542 3642 τῶν
1598 3582 1928 3656 τελουμένων

263 3676 433 3758 ἀρχὰς
493 3675 925 3752 ἀναϐλέψαντες,
980 3678 1065 3734 καὶ
1125 3679 1321 3741 ταύτας
1391 3678 1546 3749 ἱερῶς
1616 3673 1924 3750 μυηθέντες,

2008 3314 2222 3387 ritalis,
2247 3333 2376 3394 qum
2407 3323 2464 3376 et
2508 3322 2878 3376 sacramenta
2907 3323 3110 3377 sancta
3168 3324 3348 3394 atque
3407 3316 3647 3398 unitiva,

2009 3402 2096 3464 uti
2118 3402 2204 3463 fas
2225 3412 2378 3483 est,a
2395 3403 2749 3483 promiscuis
2770 3402 3191 3479 distinguat,et
3216 3404 3465 3482 singulis
3489 3405 3657 3467 ordi-

2010 3491 2189 3554 nibus
2222 3492 2727 3553 accommodatam
2761 3491 3081 3553 concinnet
3133 3493 3652 3556 sublimationem:

2014 3599 2121 3642 nos
2153 3589 2370 3656 autem,
2403 3600 2533 3642 cum
2569 3584 2753 3642 sacris
2785 3579 3236 3642 ascensionibus
3259 3592 3662 3646 sacramento-

2011 3689 2144 3732 rum
2185 3671 2476 3752 principia
2498 3671 2993 3751 contemplantes,
3029 3689 3201 3732 sacro
3225 3671 3431 3733 eadem
3459 3673 3659 3736 afﬂatu

264 3764 679 3844 ἔπιγνωσόμεθα
708 3768 861 3823 τίνων
895 3769 996 3823 εἰσί
1059 3767 1417 3846 χαρακτήρων
1478 3765 1543 3820 τὰ
1603 3763 1914 3836 ἐκτυπώμα-

2012 3761 2482 3841 perceperimus,
2507 3778 2936 3839 cognoscemus
2964 3779 3217 3838 quorum
3245 3763 3656 3825 characterum

261 3877 347 3935 τα,
373 3858 462 3914 καὶ
491 3857 664 3914 τίνων
690 3855 906 3936 ἀφανῶν
938 3858 987 3913 αἱ
1041 3859 1261 3920 εἰκόνες.
1331 3854 1503 3912 ’Ἐστι
1564 3855 1686 3932 γὰρ,
1748 3853 1819 3916 ὡς
1873 3849 1914 3905 ἐκ

2010 3850 2130 3913 sint
2153 3850 2727 3929 eﬂigies,etquarum
2757 3867 2955 3911 rerum
2977 3850 3344 3912 occultarum
3369 3851 3661 3930 imagines

263 3946 328 4020 τῇ
386 3948 511 4025 Περὶ
575 3945 790 4013 νοητῶν
850 3968 906 4002 τε
959 3949 1045 4003 καὶ
1107 3947 1371 4013 αἰσθητῶν
1427 3943 1760 4022 πραγματείᾳ
1819 3959 1914 3997 σα-

2010 3940 2280 4002 existant.
2313 3937 2390 4002 Ut
2417 3939 2578 4001 enim
2612 3939 2670 4000 in
2706 3939 2903 4018 Opere
2938 3940 3019 4000 De
3049 3939 3557 4018 intelligibilibus
3587 3958 3660 4004 ac

267 4040 370 4111 «θῶς
401 4034 779 4116 διηγόρευται,
809 4036 876 4093 τὰ
906 4037 1003 4111 μὲν
1073 4038 1335 4102 αἰσθητῶς
1387 4036 1502 4113 ἱερὰ
1553 4033 1658 4090 τῶν
1718 4037 1914 4098 νοητῶν

2010 4031 2324 4092 sensilibus
2370 4029 2686 4108 perspicue
2743 4029 3111 4091 declaratum
3174 4038 3288 4103 est,
3349 4029 3657 4091 sensibilia

267 4123 717 4201 ἀπεικονίσματα,
776 4127 862 4182 καὶ
920 4124 1004 4182 ἐπ’
1064 4125 1194 4182 αὒιά
1246 4125 1576 4204 χειραγωγία
1641 4121 1730 4178 καὶ
1778 4119 1914 4184 ὁδὸς·

2010 4127 2404 4193 sacramenta,
2426 4119 2749 4180 simulacra
2769 4126 2908 4179 sunt
2933 4117 3504 4196 intelligibilium,ad
3526 4138 3658 4199 quas

266 4213 328 4268 τὰ
351 4213 403 4270 δὲ
429 4217 632 4293 νοητὰ,
667 4215 774 4272 τῶν
805 4214 925 4272 κατ’
956 4214 1208 4284 αἴσθησιν
1253 4217 1574 4295 ἱεραρχικῶν
1634 4211 1781 4290 ἀρχὴ
1838 4210 1914 4267 καῖ

2011 4208 2413 4270 manuducunt
2443 4225 2510 4268 ac
2549 4207 2699 4268 viam
2735 4214 3011 4295 sternunt
3041 4228 3057 4284 ;
3089 4205 3492 4285 intelligibilia
3517 4226 3657 4269 vero

267 4300 567 4382 ἐπιστήμη,
1373 4294 1376 4295 ί
2006 4304 2516 4360 sacramentorum
2605 4294 2986 4358 sensibilium
3076 4295 3436 4376 principium
3521 4305 3659 4359 sunt

2004 4396 2181 4468 atque
2213 4385 2487 4449 scientia.

1887 4545 1915 4627 ς
1957 4544 2054 4609 III.

346 4716 608 4797 Λέγωμεν
642 4719 816 4777 τοίνυν
844 4718 923 4800 94,
975 4721 1049 4784 ὡς
1108 4718 1249 4776 ἔστιν
1302 4719 1338 4786 ἡ
1394 4717 1496 4784 τῆς
1549 4715 1689 4780 θείας
1742 4733 1914 4792 μακα-

2089 4709 2355 4776 Dicimus
2385 4712 2608 4792 itaque,
2639 4707 2850 4772 divinae
2878 4707 3270 4776 beatitudinis
3293 4711 3651 4791 bonitatem,

272 4806 511 4884 ριότητος
542 4810 820 4888 ἀγαθότης
852 4811 932 4867 ἀεὶ
965 4810 1101 4868 κατά
1129 4808 1290 4866 ταῦτά
1320 4809 1409 4865 καὶ
1451 4807 1702 4871 ὡσαύτως
1764 4804 1914 4884 ἔχου·

2010 4802 2278 4864 eamdem
2303 4819 2543 4882 semper
2558 4807 2618 4863 et
2635 4800 2846 4862 eodem
2871 4801 3046 4864 modo
3064 4819 3130 4863 se
3153 4802 3498 4879 habentem,
3538 4802 3647 4866 be-

273 4916 335 4952 σα
387 4899 481 4962 τὰς
542 4905 643 4956 τοῦ
706 4900 899 4958 οἰκείου
953 4901 1126 4980 φωτὸς
1184 4895 1621 4976 ἀγαθοεργέτιδας
1675 4895 1914 4969 ἀκτῖνας,

2011 4892 2233 4954 ncficos
2264 4892 2414 4954 lucis
2445 4908 2567 4953 suae
2595 4889 2796 4980 radios
2825 4893 3058 4952 cunctis
3077 4893 3268 4955 oculis
3292 4892 3659 4956 mentalibus

274 4981 354 5041 ἐπὶ
422 4988 600 5053 πάσας
699 4989 934 5070 ἀφθόνως
969 4979 977 4980 7
1008 4987 1252 5046 ἁπλοῦσα
1322 4989 1416 5052 τὰς
1486 4986 1672 5064 νοερᾶς
1746 4983 1914 5060 δ’ψειςη

2012 4980 2386 5043 abundanter
2433 4979 2850 5070 expandisse;_
2893 4979 3161 5070 adeoque
3225 4982 3662 5070 sispontanca

277 5073 387 5132 Εἶτ’
417 5077 506 5135 οὖν
537 5077 603 5131 95
626 5067 904 5148 ἀποσταίη
940 5088 1034 5139 τοῦ
1061 5083 1255 5146 νοητοῦ
1283 5078 1456 5159 φωτὸς
1485 5078 1521 5146 ἦ
1578 5081 1684 5133 τῶν
1739 5079 1914 5154 νοεριῖν

2016 5080 2216 5134 mente
2237 5070 2616 5152 praaditornm
2642 5067 3138 5135 arbitriilibertas
3164 5068 3428 5155 spiritale
3454 5073 3659 5136 lumen

1609 5267 1884 5338 VARUE.
1923 5259 2354 5332 LECTIONES.

358 5433 410 5479 ¹⁸
439 5439 529 5496 οὖν
591 5453 719 5498 non
776 5434 999 5498 habent
1048 5437 1115 5500 P.
1165 5435 1273 5499 Ch.
1335 5435 1404 5500 Β.
1461 5438 1523 5500 S.
1583 5435 1682 5496 Sc.
1717 5431 1846 5496 Sar.
1883 5438 1939 5492 et
1970 5428 2005 5493 3
2037 5426 2207 5492 Vien.
2297 5424 2352 5469 ‘9
2381 5423 2600 5495 τελετῆς
2644 5427 2968 5503 θεογενεσία,
3025 5431 3099 5488 Μ.
3135 5431 3292 5491 Scot.
3381 5426 3526 5486 εοέκ
3554 5433 3660 5486 τῶν

287 5517 562 5599 αίώητῷν,
599 5520 698 5599 ML
722 5513 813 5580 Sc.
898 5516 951 5560 91
973 5516 1354 5599 εἷκονιζομᾷνη·
1399 5519 1534 5576 κατὰ
1562 5517 1612 5572 τί
1641 5515 1748 5599 γὰρ⁸
1773 5512 1858 5587 ἄν,
1885 5511 1957 5599 Μ.
1990 5507 2089 5599 Sc.
2116 5531 2130 5587 ;
2169 5507 2614 5599 ἔνεικονιέόμενα,
2647 5508 2712 5569 S.
2745 5509 2829 5599 Ρ..
2896 5507 2956 5558 93
2982 5511 3170 5599 ταύτη,
3224 5511 3304 5599 ill.
3338 5511 3450 5572 Ch.
3471 5507 3658 5599 νηί).

286 5591 342 5660 S.
373 5605 430 5660 et
469 5587 590 5661 dub
623 5596 807 5661 Vien.
891 5599 958 5651 33
984 5610 1109 5676 ταῖς
1136 5587 1369 5676 ἀνίἐρος
1401 5599 1577 5664 τάξεσι
1603 5587 2041 5674 τῆηα’ἐναρμόνιον
2069 5591 2310 5670 ἀγωγὴν.
2396 5588 2454 5638 94
2485 5587 2713 5667 λέγομεν
2748 5591 2948 5669 τοίνυν,
2983 5591 3087 5652 Ch.
3130 5594 3197 5653 D.
3231 5588 3361 5654 Sar.
3426 5597 3483 5654 et
3544 5587 3661 5651 duo

286 5675 450 5746 Vien.
536 5679 604 5733 25
633 5678 689 5737 εἴ
720 5699 798 5745 τις
834 5678 946 5760 οὗν,
979 5678 1058 5742 Μ.
1091 5675 1160 5742 Ρ.
1194 5675 1296 5741 SC.
