4150 6158
532 315 650 403 399

1713 329 1773 400 s.
1820 317 2168 404 DIONYSII
2217 325 2730 404 AREOPAGITIE

3785 315 3892 402 400

531 472 800 549 deserat,
826 490 860 536 ιι
883 481 1096 536 natura
1111 468 1227 536 sibi
1257 469 1466 538 insitas
1487 471 1605 534 luci
1625 470 1995 552 excipiendae
2023 473 2173 539 vires

2258 477 2554 555 αὒθαίρετος
2615 473 3041 549 αὖτεξουσιότης,
3114 474 3306 538 κακίας
3377 473 3532 554 ἔρωτι
3595 477 3897 551 συμμύσασα

532 585 740 630 amore
763 567 928 649 pravi
960 567 1362 649 praecludens,
1399 566 1671 648 praisenti
1704 565 1941 645 quidem
1970 569 2085 630 luci
2110 588 2175 630 se

532 655 972 734 subducit,haac
991 665 1192 721 tamen
1223 675 1352 719 eam
1384 655 1630 718 minime
1660 654 2060 729 destituit,sed
2085 658 2172 719 vel

533 748 952 811 conniventem
1001 745 1321 825 illuminat,
1357 754 1536 826 atque
1565 744 1859 807 aversanti
1911 745 2171 826 benigne

531 853 780 917 prorsus
810 835 1091 898 occurrit.
1137 837 1257 896 [7|
1292 833 1461 908 Quod
1493 834 1544 896 si
1575 831 1857 894 mediocri
1882 832 2171 898 instructa

534 924 773 988 videndi
793 923 1374 987 facultaleterminos
1401 923 2173 1004 transilierit,radiisquevi-

531 1037 661 1081 sum
690 1016 1113 1100 superantibus
1144 1025 1368 1080 temere
1401 1035 1544 1078 ausa
1571 1015 1752 1079 fuerit
1781 1016 2038 1098 obtueri,
2078 1021 2170 1080 lux

530 1107 776 1186 quidem
809 1106 957 1170 nihil
998 1125 1032 1169 a
1059 1124 1124 1168 se
1147 1107 1406 1169 alienum
1429 1106 1626 1182 faciet,
1655 1123 1862 1167 verum
1893 1107 2019 1187 ipsa
2042 1126 2171 1189 per-

531 1198 706 1261 fectis
733 1196 1084 1280 imperfecte
1101 1195 1696 1277 seingerens,aliena
1719 1195 2057 1277 neutiquam
2083 1215 2173 1259 as-

534 1285 1136 1368 sequetur,mediocri
1149 1293 1264 1349 tate
1289 1304 1462 1367 porro
1483 1303 1591 1347 sua
1622 1285 1952 1348 insolenter
1969 1305 2175 1368 super-

534 1377 732 1460 biens,
767 1396 873 1440 sua
901 1377 1076 1459 culpa
1106 1375 1508 1445 frustrabitur.
1557 1376 1822 1455 Benigne
1856 1385 2077 1451 tamen,
2113 1385 2178 1439 ut

529 1466 675 1549 dixi,
710 1467 909 1529 divina
940 1467 1040 1529 lux
1075 1465 1437 1529 mentalibus
1476 1483 1718 1546 semper
1746 1466 1934 1528 oculis
1990 1477 2174 1548 patet,

531 1559 921 1640 ejusdemque
939 1559 1418 1641 praesentis,etad
1439 1558 1556 1620 Deo
1573 1558 1808 1638 dignam
1827 1558 1913 1619 sui
1939 1577 2178 1640 semper

531 1649 1137 1712 communicationem
1156 1649 1570 1731 paratissimze,
1604 1648 1834 1729 copiam
1861 1647 2086 1711 habere
2105 1650 2176 1710 li-

530 1747 647 1804 cet.
679 1739 770 1802 Ad
803 1738 978 1820 hujus
1000 1739 1390 1801 imitationem
1414 1737 1650 1802 divinus
1679 1737 1924 1800 antistes
1948 1738 2174 1819 effingi-

2259 571 2353 632 τάίς
2385 573 2620 646 φυσικῶς
2652 564 3045 642 ἐνεσπαρμένας
3105 564 3240 640 αὐτῇ
3295 565 3425 643 πρὸς
3485 565 3545 620 τὸ
3606 566 3899 644 φωτίζεσθαι

2257 653 2526 731 δυνάμεις,
2589 655 2896 734 ἀπήρτηται
2956 660 3047 710 τοῦ
3101 654 3364 732 παρόντος
3423 652 3559 730 αὖτῇ
3617 655 3784 732 φωτὸς
3813 655 3900 713 οὒκ

2253 743 2611 824 ἀποστάντος,
2673 743 2792 800 ἀλλ’
2870 743 3266 817 ἐπιλάμποντος
3328 745 3461 818 αὕτῇ
3524 744 3897 821 μυωπαζούση,

2253 835 2341 890 καὶ
2396 833 2835 913 ἀποστρεφομένη
2895 832 3318 912 προστρέχοντος
3379 830 3724 910 ἀγαθοειδῶςο
3786 833 3896 894 εἴτε

2254 923 2347 981 τοῦ
2375 926 2602 1002 μετρίως
2646 925 2778 999 αὒτῇ
2810 921 3046 988 δοθέντος
3105 925 3294 1001 ὁρατοῦ
3352 923 3475 987 τοὺς
3536 922 3686 1001 ὅρους
3749 923 3901 1002 ὑπερ-

2257 1012 2512 1090 πηδῄσοι,
2545 1015 2633 1072 καὶ
2665 1014 2796 1092 πρὸς
2827 1014 2925 1078 τάς
2959 1014 3090 1091 ὑπὲρ
3122 1015 3223 1079 τὴν
3248 1013 3363 1071 κατ’
3422 1013 3585 1080 αὐτὴν
3643 1011 3763 1088 ὄψιν
3817 1017 3904 1073 αὒ-

2255 1105 2350 1181 γάς
2384 1105 2696 1171 αὖτωπῆσαι
2726 1101 2787 1152 96
2816 1103 3108 1180 τολμηρῶς
3141 1101 3502 1183 ἐπιχειρήσω,
3535 1103 3596 1158 τὸ
3646 1103 3741 1178 μὲν
3795 1111 3898 1182 φῶς

2255 1192 2528 1274 ἐνεργῇσει
2589 1193 2732 1274 παρά
2767 1194 2832 1250 τά
2886 1194 3062 1273 φωτὸς
3119 1190 3291 1255 οὐδὲν,
3353 1191 3487 1260 αὒτῆ
3541 1189 3621 1272 δέ,
3651 1205 3766 1256 τοῖς
3814 1212 3901 1249 τε·

2257 1286 2414 1353 λείοις
2470 1285 2670 1350 ἀτελῶς
2717 1284 3099 1358 ὶπιϐάλλουσᾰ,
3161 1291 3267 1342 τῶν
3320 1285 3419 1362 μὲν
3481 1285 3755 1342 ἀνοικείων
3813 1286 3902 1342 οὒκ

2258 1375 2319 1432 ἄν
2376 1376 2631 1456 ἐφίκοιτο,
2691 1384 2783 1433 τοῦ
2837 1375 3049 1452 μετρίου
3111 1373 3166 1431 δὲ
3226 1377 3480 1451 ἀκόσμως
3508 1376 3900 1455 ὑπερφρονοῠσα

2258 1464 2325 1523 δι’
2380 1464 2574 1534 ἑαυτήν
2623 1465 2984 1532 ἀποτεύξεται,
3038 1464 3208 1540 Πλῆν,
3263 1465 3393 1543 ὅπερ
3447 1464 3603 1545 ἔφην,
3659 1464 3904 1544 ἀγαθουρ-

2257 1557 2424 1634 γικιῖις
2481 1554 2558 1612 ἀεὶ
2603 1569 2725 1619 ταῖς
2777 1568 2988 1632 νοερατς
3021 1554 3175 1631 ὄψεσι
3205 1556 3266 1611 τὸ
3299 1563 3455 1612 Θεϊον
3486 1553 3734 1622 ἧπλωται
3768 1561 3900 1635 (per

2257 1646 2426 1701 ἔνεστί
2454 1665 2510 1701 τε
2541 1646 2729 1708 αὒταϊς
2759 1644 3128 1702 ἀντιλαϐέσται
3167 1643 3225 1694 97
3259 1646 3516 1722 παρόντος
3581 1647 3764 1721 αὐτοῦ,
3822 1645 3906 1702 καὶ

2256 1734 2330 1792 ἀεὶ
2363 1736 2493 1815 πρὸς
2523 1738 2790 1814 θεοπρεπῆ
2819 1741 2923 1792 τῶν
2989 1737 3195 1792 οἰκείων
3226 1733 3508 1811 μετάδοσιν
3562 1733 3714 1798 ὄντος
3773 1735 3902 1791 ἑτοι-

529 1837 649 1905 tur,
675 1827 905 1891 lucidos
927 1827 1140 1891 divinae
1163 1827 1518 1891 eruditionis
1538 1827 1742 1889 radios
1761 1845 1944 1908 super
1963 1845 2173 1892 omnes

2258 1825 2512 1900 μοτάτου.
2546 1825 2679 1904 Πρὸς
2711 1825 2909 1892 ταύτην
2959 1828 2986 1882 ὁ
3036 1829 3180 1891 θεῖος
3233 1825 3488 1905 ἱεράρχης
3543 1823 3902 1881 ἀποωποῦται

530 1919 870 1982 luculenter
890 1919 1216 2000 explicans,
1250 1925 1308 1982 et
1329 1937 1393 1980 se
1409 1917 1838 1982 accendentem
1863 1919 1967 1979 Dei
1987 1917 2176 1980 imita-

529 2007 695 2072 tione
709 2006 1084 2070 illuminandi
1101 2026 1264 2088 prom
1275 2006 1771 2089 ptissimus,nulla
1783 2014 1960 2070 utens
1973 2006 2176 2088 objur-

529 2098 788 2178 gatione,
815 2096 904 2158 vel
938 2096 1066 2158 dira
1101 2105 1346 2178 propter
1376 2096 1635 2176 priorem
1663 2095 2058 2158 defectionem
2081 2097 2172 2159 vel

527 2187 1047 2268 intemperantiam
1074 2187 1152 2248 im
1164 2184 1641 2267 precatione;sed
1662 2186 1939 2264 exemplo
1960 2186 2171 2267 Dei,ad

530 2295 597 2340 se
619 2275 1043 2339 accedentibus
1065 2275 1190 2338 suis
1210 2294 1452 2357 semper
1469 2274 2010 2339 illuminationibus
2034 2296 2176 2357 pon-

527 2365 828 2430 tificaliter
855 2365 1142 2446 atl‘ulgens
1154 2384 1286 2428 cum
1303 2365 1521 2428 decore
1542 2377 1720 2446 atque
1735 2365 2040 2442 ordine,et
2067 2383 2172 2447 pro

531 2457 814 2538 cujusque
843 2454 916 2518 ad
960 2473 1128 2521 sacra
1157 2454 1500 2537 capacitatis
1527 2453 1778 2518 ratione.

2257 1916 2356 1982 τὴν
2415 1916 2666 1991 μίμησιν,
2731 1915 2824 1978 τὰς
2873 1913 3182 1995 φωτοειδετς
3215 1915 3375 1972 αὖτοῦ
3421 1915 3518 1983 τῆς
3550 1913 3728 1972 ἐνθέου
3758 1911 3902 1971 διδα-

2257 2002 2474 2069 σκαλίας
2529 2005 2690 2083 αὑγάς
2743 2002 2981 2084 ἀφθόνως
3039 2005 3123 2062 ἐπὶ
3179 2005 3378 2070 πάντας
3434 2001 3644 2080 ἁπλῶν,
3696 2003 3898 2060 καὶτὸν

2255 2094 2541 2173 προσιόντα
2598 2095 2821 2174 φωτίσαι
2877 2095 3220 2171 θεομιμήτως
3280 2095 3626 2170 ἑτοιμότατος
3685 2092 3783 2168 ὢν,
3840 2090 3897 2149 οὒ

2256 2185 2450 2265 φθόνῳ,
2512 2181 2629 2242 οὐδὲ
2680 2183 2869 2263 ἀνιέρῳ
2924 2185 3020 2253 τῆς
3075 2184 3329 2262 προτέρας
3376 2183 3440 2234 εδ
3486 2182 3809 2247 ἀποστασίας
3864 2179 3899 2248 ἢ

2255 2274 2504 2352 ἀμετρίας
2536 2271 2716 2348 μήνιδι
2750 2273 3053 2354 χρώμενος,
3088 2271 3206 2330 ἀλλ’
3239 2274 3425 2336 ἐνθέως
3457 2274 3537 2330 ἀεὶ
3577 2287 3693 2335 τοῖς
3725 2293 3895 2350 προτ-

2257 2371 2388 2442 ιοῦτι
2445 2375 2569 2426 ταῖς
2625 2363 2783 2422 αὐτοῦ
2839 2357 3213 2443 φωταγωγίαις
3290 2365 3611 2444 ἱεραρχικῶς
3692 2361 3899 2436 ἐλλάμ-

2254 2476 2370 2511 πων
2424 2451 2478 2507 ἐν
2535 2456 2788 2529 εὐκοσμίᾳ
2843 2455 2930 2510 καὶ
2985 2451 3149 2527 τάξει,
3206 2454 3292 2510 καὶ
3345 2453 3601 2532 ἀναλογίᾳ
3638 2457 3740 2520 τῆς
3772 2451 3899 2508 ἑκά-

2255 2566 2381 2602 στου
2409 2544 2541 2621 πρὸς
2571 2543 2636 2600 τὰ
2664 2545 2775 2621 ἱερά
2806 2544 3150 2622 συμμετρίας,

2145 2720 2174 2796 §
2216 2716 2316 2782 IV.

609 2888 730 2956 Sed
761 2887 1043 2970 quoniam
1073 2884 1346 2950 divinum
1370 2883 1605 2950 Numen
1627 2904 1813 2949 sacrae
1842 2885 2177 2966 disciplinae

530 2979 893 3064 principium
918 2977 1294 3058 exsistit,qua
1307 2983 1528 3040 sancta:
1552 2977 1854 3040 mentesin
1877 2976 1969 3039 sui
1988 2977 2175 3039 devc-

532 3067 1118 3149 niuntcognitionem
1150 3085 1165 3144 ;
1188 3065 1456 3147 quisquis
1479 3066 1550 3126 ad
1566 3066 1809 3129 insitum
1828 3077 2056 3128 natura;
2078 3066 2178 3128 ln-

2342 2886 2490 2945 Ἀλλ’
2523 2886 2736 2966 ἐπείπερ
2764 2883 2824 2935 99
2852 2885 3085 2952 εὖταξίας
3115 2885 3251 2945 ἐστὶν
3283 2886 3430 2968 ἀρχὴ
3481 2889 3542 2944 τὸ
3607 2895 3771 2945 Θετον
3827 2887 3911 2943 ia-

2259 2983 2376 3056 ρᾶς,
2430 2977 2547 3035 καθ’
2605 2977 2673 3044 ἣν
2729 2977 2929 3036 ἑαυτῶν
2981 2976 3343 3056 ἐπιγνώμονες
3400 2979 3448 3034 οἷ
3506 2979 3638 3055 ἱεροὶ
3699 2979 3846 3056 νόες,
3883 2975 3910 3030 δ

2258 3067 2389 3145 πρὸς
2447 3067 2508 3122 τὸ
2568 3066 2766 3122 οἰκεῖον
2821 3069 2918 3132 τῆς
2951 3065 3154 3145 φύσεως
3215 3067 3403 3144 ὁρατὸν
3463 3066 3816 3146 ἀνατρέχων,
3859 3063 3911 3120 ἐν

539 3178 670 3224 men
691 3155 1340 3237 recurrerit,principio
1366 3156 1611 3232 quidem
1630 3156 2017 3234 quistandem
2045 3155 2173 3235 ipse

2258 3155 2404 3236 ἀρχῇ
2433 3157 2531 3231 μὲν
2563 3155 2707 3219 ὅστις
2739 3153 2870 3212 ποτέ
2897 3153 3062 3229 ἐστιν,
3120 3157 3274 3219 αὐτὸς
3325 3155 3539 3236 ὅψεται,
3603 3159 3697 3214 καὶ
3757 3162 3914 3214 τοῦτο

530 3250 609 3314 sit
628 3247 875 3316 videbit.
905 3247 1136 3327 hocque
1159 3245 1311 3307 lucis
1328 3246 1670 3310 accessione
1701 3265 1918 3308 munus
1936 3262 2170 3307 sacrum

530 3339 754 3403 referet
773 3354 790 3414 ;
806 3354 982 3419 porro
996 3336 1094 3417 qui
1115 3335 1354 3417 propria
1368 3354 1473 3398 sua
1489 3335 1964 3399 recteirreﬂexis
1980 3335 2175 3397 oculis

532 3425 1185 3507 considerarit,abditas
1197 3426 1436 3505 quidem
1454 3426 1882 3507 ignorantionis
1896 3426 1988 3487 sui
2011 3435 2172 3489 tene-

532 3519 669 3581 bras
690 3515 1489 3596 eliminabitperfectissima
1517 3524 1713 3578 tamen
1735 3515 2092 3578 Daiunionis
2116 3523 2175 3577 et

533 3606 1008 3689 participationis
1038 3605 1233 3667 adhuc
1265 3624 1491 3682 exsors,
1545 3606 1813 3684 ejusdem
1870 3605 2173 3668 desiderio

530 3703 743 3778 sponte
773 3714 890 3756 non
915 3694 1244 3771 allicietur;
1276 3693 1380 3755 sed
1413 3693 1637 3756 sensim
1673 3695 1932 3773 primum
1957 3712 1990 3756 a
2025 3713 2167 3773 pro-

533 3785 678 3868 priis
707 3784 781 3847 ad
813 3785 1061 3865 potiora,
1098 3791 1156 3845 et
1199 3802 1269 3844 ex
1295 3783 1365 3844 iis
1394 3784 1469 3844 ad
1503 3783 1834 3864 potissima,
1891 3802 2001 3844 nec
2053 3802 2173 3845 non

534 3874 832 3956 perfectus
847 3874 973 3954 jam
998 3872 1059 3934 in
1089 3871 1321 3947 ordine,
1350 3873 1420 3935 ad
1449 3871 1834 3952 principalem
1863 3871 1969 3934 Dei
1991 3872 2174 3933 celsi-

535 3963 806 4026 tudinem
822 3979 989 4025 sacro
1003 3961 1258 4043 quodam
1283 3961 1459 4024 modo
1474 3961 1784 4024 evehetur.
1802 3959 2065 4040 Hujusce
2083 3981 2176 4024 ve-

532 4053 694 4116 nusti
716 4051 989 4134 sacrique
1011 4050 1240 4113 ordinis
1267 4060 1683 4131 argumentum
1710 4050 2175 4124 est,accedentis

532 4142 1254 4224 verecundia,rerumque
1281 4142 1354 4204 ad
1378 4159 1442 4203 se
1465 4140 1862 4222 spectantium
1888 4140 2170 4222 cognitio,

528 4232 603 4296 ad
636 4250 935 4295 summum
967 4235 1342 4296 sacerdotem
1376 4231 1484 4292 viae
1515 4230 1728 4293 ducem
1762 4243 1936 4292 nacta
1961 4247 2174 4292 susce-

2256 3244 2489 3322 λήψεται
2521 3250 2728 3325 πρῶτον
2755 3245 2815 3302 ἐκ
2842 3241 2937 3312 τῆς
2971 3246 3103 3325 πρὸς
3165 3247 3222 3302 τὴ
3276 3251 3386 3326 φῶς
3441 3246 3782 3310 ἀνανεύσεως
3843 3246 3914 3302 is-

2256 3335 2347 3414 ρόν
2402 3333 2588 3414 δῶρον’
2666 3334 2693 3389 δ
2768 3334 2822 3390 δὲ
2883 3335 2949 3391 τὰ
3023 3338 3195 3393 οἰκεῖα
3267 3334 3446 3401 καλῶς
3508 3334 3914 3416 ἀπροσπαθέσιν

2256 3423 2548 3503 ὀφθαλμοῖς
2607 3423 2994 3498 ἐπισκοπήσας,
3045 3431 3151 3481 τῶν
3209 3424 3474 3500 ἀλαμπῶν
3526 3426 3633 3500 μὲν
3686 3426 3916 3506 ἀποφοι-

2257 3514 2406 3584 τήσει
2431 3519 2529 3580 τῆς
2552 3513 2816 3592 ἀγνωσίας
2842 3520 3057 3594 μυχῶν·
3091 3519 3189 3582 τῆς
3229 3522 3362 3573 Θεοῦ
3390 3512 3445 3571 δὲ
3469 3513 3845 3583 τελειωτάτης
3867 3511 3919 3556 ³ο

2258 3602 2494 3668 ἐνώσεως
2527 3606 2612 3660 καὶ
2642 3602 2898 3680 μεθέξεως
2943 3602 3139 3671 ἀτελὴς
3173 3603 3270 3684 ὢν,
3328 3605 3485 3669 αὐτὸς
3538 3604 3641 3661 οὒκ
3695 3604 3918 3662 αὐτόθεν

2257 3692 2594 3769 ἐπιθυμήσει,
2657 3695 2793 3750 κατὰ
2845 3694 3020 3774 βραχὺ
3069 3691 3124 3750 δὲ
3154 3691 3236 3750 διὰ
3264 3700 3370 3750 τῶν
3405 3693 3562 3752 αὐτοῦ
3593 3691 3646 3737 ⁸1
3686 3696 3919 3769 πρώτων

2255 3782 2342 3839 ἐπὶ
2371 3783 2437 3839 τά
2467 3781 2544 3839 ἔτι
2573 3783 2824 3864 πρότερα,
2863 3792 2948 3840 καί
2993 3781 3060 3840 δι’
3091 3783 3304 3840 ἐκείνων
3364 3783 3450 3840 ἐπὶ
3497 3784 3566 3840 τά
3602 3786 3915 3863 πρώτιστα,

2257 3873 2344 3928 καὶ
2401 3871 2690 3938 τελειωθεὶς
2746 3873 2830 3930 ἐπὶ
2881 3876 2980 3942 τὴν
3036 3875 3306 3954 ἀκρότητα
3363 3873 3458 3942 τὴν
3524 3874 3842 3955 θεαρχικῆν
3869 3872 3923 3930 ἐν

2257 3960 2403 4043 τάξει
2430 3957 2484 4002 33
2507 3963 2594 4019 καὶ
2622 3964 2776 4043 ἱερῶς
2827 3963 3214 4044 ἀναχθήσεται.
3251 3965 3455 4032 Ταύτης
3513 3961 3632 4020 ἐστὶ
3693 3965 3798 4032 τῆς
3832 3963 3924 4020 εὖ·

2257 4051 2457 4128 κόσμου
2487 4048 2541 4093 ³³
2574 4053 2661 4110 καὶ
2717 4056 2856 4132 ἱερᾶς
2913 4053 3109 4120 τάξεως
3164 4055 3319 4111 εἰκὼν
3371 4054 3406 4123 ἡ
3464 4061 3558 4112 τοῦ
3591 4054 3924 4135 προσιόντος

2292 4140 2366 4198 ἰιη
2568 4142 2583 4164 ς
2679 4148 2708 4158 -
2901 4140 2916 4163 .
3539 4145 3551 4163 ,
3735 4148 3763 4159 ..

2257 4159 2436 4216 αοως,
2499 4164 2585 4199 και
2641 4164 2746 4198 των
2799 4146 2897 4200 καθ
2972 4143 3156 4202 ἑαυτὸν
3213 4142 3658 4224 ἐπιγνωμοσυνη,
3697 4165 3802 4211 της
3841 4140 3926 4198 ἐπὶ

2257 4233 2350 4289 τὶν
2379 4231 2634 4313 ίεράρχην
2667 4231 2787 4290 ὁδοῦ
2842 4233 2932 4290 τὸν
2977 4231 3244 4314 ἀνάδοχον
3296 4232 3499 4314 ἔχουσα
3531 4231 3925 4313 κατηγεμόνα.

533 4330 788 4403 plorem.
811 4320 874 4386 Si
898 4320 1495 4402 cadductum,divina
1520 4318 1830 4383 beatitudo
1851 4319 1922 4382 ad
1946 4321 2037 4381 sui
2060 4319 2173 4381 ad-

2259 4324 2361 4381 Τὸν
2391 4320 2436 4377 δ’
2463 4318 2518 4363 3‘
2545 4320 2711 4387 οὕτως
2768 4323 3096 4400 ἀναγόμενον
3125 4324 3160 4391 ἡ
3193 4323 3303 4381 θεία
3364 4325 3674 4404 μακριότης
3721 4324 3799 4386 εἰς
3825 4319 3928 4388 τὴν

533 4411 710 4475 mittit
734 4413 1340 4475 communicationem
1378 4409 1750 4491 propriaeque
1775 4409 1948 4484 lucis,
1987 4408 2173 4472 instar

2260 4413 2453 4481 ἑαυτῆς
2514 4412 2793 4484 μετουσίαν
2851 4410 3172 4492 εἰσδέχεται,
3232 4414 3320 4470 καὶ
3350 4420 3442 4471 τοῖ’.»
3471 4414 3683 4470 οἰκείου
3715 4412 3928 4494 φωτὸς,

532 4499 684 4580 signi
699 4501 1234 4582 cujusdam,ipsum
1260 4483 1726 4580 participat.Deo
1747 4499 2019 4560 intimum
2041 4499 2173 4560 red-

2258 4501 2435 4581 ὥσπερ
2491 4503 2633 4565 τινὸς
2693 4503 2834 4577 αὗτῷ
2875 4503 3096 4575 σημείου
3126 4500 3491 4578 μεταδίδωσιν,
3553 4501 3748 4560 ἔνθεον
3780 4501 3926 4558 ἀπο·

534 4588 785 4667 dens,ac
807 4599 1147 4653 consortem
1173 4607 1488 4653 munerum
1513 4588 1848 4650 divinorum
1864 4595 2057 4668 atque
2079 4607 2170 4650 or-

2258 4590 2480 4650 τελοῦσα
2510 4592 2596 4649 καὶ
2624 4592 2877 4649 κοινωνὸν
2905 4593 3004 4658 τῆς
3057 4595 3160 4648 τῶν
3215 4589 3401 4648 ἐνθέων
3456 4589 3927 4672 ἀποκληρώσεως

531 4678 690 4741 dinis
721 4678 876 4741 sacri
903 4701 918 4757 ;
955 4697 1205 4760 quorum
1235 4696 1403 4740 sacra
1426 4685 1516 4741 est
1547 4687 1798 4757 tessera,
1831 4677 2050 4739 summi
2081 4696 2169 4740 sa-

2258 4683 2343 4740 καὶ
2369 4683 2511 4761 ἱερᾶς
2541 4681 2896 4746 καιταιττίξεως⁸
2931 4683 3004 4737 ὧν
3055 4679 3165 4738 ἐστι
3197 4678 3461 4756 σύμϐολον
3513 4683 3668 4760 ἱερὸν
3731 4683 3770 4748 ἡ
3836 4687 3930 4738 τοῦ

525 4768 794 4833 cerdotis
842 4769 1150 4834 accedenti
1193 4770 1395 4832 datum
1442 4767 1836 4848 signaculum,
1892 4785 2005 4829 nec
2050 4786 2167 4831 non

2258 4772 2507 4852 ἱεράρχου
2557 4774 2632 4846 τῷ
2688 4771 2958 4850 προσιόντι
3017 4768 3324 4851 δωρουμένη
3385 4772 3652 4851 σφραγὶς,
3689 4771 3788 4828 καὶ
3819 4774 3930 4826 τῶν

525 4859 802 4922 salutaris
852 4859 1174 4940 descriptio
1235 4857 1637 4934 sacerdotum,
1689 4856 1990 4920 salvandis
2029 4875 2166 4921 eum

2258 4861 2433 4940 ἱερέων
2465 4863 2499 4930 ἡ
2530 4859 2874 4940 σωτηριώδης
2906 4861 3213 4942 ἀπογραφὴ,
3251 4874 3369 4925 τοῖς
3428 4861 3783 4933 σωζομένοις
3839 4860 3934 4917 αὖε

522 4966 872 5030 aggregans,
903 4958 1080 5032 atque
1101 4948 1286 5014 sacris
1317 4949 1590 5011 inserens
1622 4947 2026 5010 monumentis
2056 4967 2170 5011 una

2258 4952 2344 5008 τὸν
2373 4950 2828 5030 ἐγκαταλέγουσα,
2861 4951 2947 5008 καὶ
2975 4951 3338 5027 μνημοσόνοις
3367 4953 3531 5029 ἱεροῖς
3594 4949 3931 5007 ἀνατιθεῖσα

521 5055 656 5100 cum
678 5046 1398 5123 susceptorem,tanquam
1421 5038 1743 5102 salutiferae
1757 5038 1830 5101 ad
1857 5039 2167 5102 veritatem

2258 5041 2383 5120 πρὸς
2417 5045 2558 5117 αὐτῷ
2585 5041 2792 5098 καὶτὸν
2825 5038 3110 5120 ἀνάδοχον,
3166 5043 3240 5106 ὡς
3295 5041 3394 5111 τῆς
3445 5046 3736 5112 ζωοποιοῦ
3798 5039 3935 5120 πρὸς

1849 5215 2104 5282 νΑιιιω
2133 5216 2567 5293 LECTIONFS.

597 5353 657 5404 96
688 5379 771 5437 γρ.
802 5357 1136 5427 ἀντωπῆσαι,
1223 5354 1279 5399 9⁷
1310 5382 1393 5436 γρ,
1428 5354 1922 5432 ἀντιλαμϐάνεσθαι,
2009 5353 2064 5397 33
2095 5355 2173 5417 hu

2285 5355 2485 5418 locum
2518 5356 2597 5419 ita
2626 5356 2809 5422 habet
2853 5361 2938 5421 Μ.
2978 5367 3035 5421 et
3063 5359 3236 5421 vertit
3284 5359 3384 5422 Sc.
3415 5355 3643 5438 εμοῦδὲ
3700 5359 3936 5438 ἀνιέρως

518 5443 614 5505 τῆς
646 5439 897 5516 προτέρας
937 5441 1283 5518 ἀποττασίας,
1318 5437 1351 5506 ἤ
1383 5441 1630 5516 ἀμετρίας
1666 5435 1942 5519 μηδὲν-ἀεὶ
2005 5438 2308 5516 χρώμενον,
2360 5439 2479 5494 ἀλλ’
2537 5439 2726 5503 ἐνϐἐως
2788 5443 2866 5497 ἀεὶ
2927 5455 3043 5504 τοῖς
3097 5446 3363 5519 πρσίοῦπι.
3445 5433 3502 5482 99
3539 5438 3677 5496 ἀλλ’
3741 5433 3932 5517 εῖτ-ξερ,

517 5517 578 5600 5.
617 5515 802 5582 Βίδο,
836 5520 969 5583 Sar,
1014 5521 1078 5570 50
1109 5519 1240 5598 lege
1270 5515 1626 5585 τελειοτάτης.
1792 5515 2155 5600 τελειοτάτης.

2279 5518 2346 5600 ξΰ
2377 5520 2572 5600 αὐτῶν,
2605 5517 2680 5600 Μ.
2704 5519 2803 5582 Sc.
2837 5528 2896 5583 et
2928 5539 3058 5582 mox
3093 5515 3197 5600 pro
3229 5517 3701 5600 gnifi,:é1t$lt1.
3764 5519 3824 5563 33
3847 5515 3937 5576 ἐπὶ

513 5599 946 5681 την-ἀκροτάτην,
970 5595 1297 5681 θεαρχικὴν,
1319 5600 1396 5661 Μ.
1430 5601 1526 5660 SC.
1668 5599 1780 5681 [11:0
1807 5595 1860 5681 ἒ]
1891 5596 2057 5672 τάξει,
2089 5599 2153 5658 S.
2190 5605 2247 5658 et
2277 5595 2339 5658 Ρ.
2374 5596 2517 5664 τάξιν
2549 5595 2791 5664 habent.
2879 5600 2931 5644 ³³
2961 5595 3248 5680 evasti-1900,
3308 5598 3383 5662 Μ.
3444 5595 3555 5660 SC.
3597 5600 3936 5679 εὖκυαμίου,

514 5673 580 5742 Ρ.
617 5673 750 5742 Ser.
834 5680 894 5729 δι
929 5679 983 5739 δέ
1015 5673 1138 5743 [ιοῆ
1164 5679 1343 5740 estin
1377 5681 1440 5742 S.
1480 5681 1544 5740 P.
1573 5677 1642 5740 D.
1676 5675 1784 5737 Ch.
1820 5676 1951 5738 Sar.
