4150 6158
483 382 601 452 403
1677 382 1740 447 S.
1785 380 2128 447 DIONYSIJ

2215 375 2690 447 .REOPAGITIE
3750 376 3859 447 404

485 524 715 589 bertate
741 530 921 605 atque
948 521 1213 599 victoria,
1253 520 1465 585 mortis
1496 537 1566 585 ac
1600 518 2128 600 corruptionisim

2237 539 2337 586 κης
2385 519 2517 597 πρὸς
2545 517 2609 575 τὸ
2654 515 2748 575 τοῦ
2774 512 2999 575 θανάτου
3048 515 3137 573 καὶ
3166 514 3263 585 τῆς
3315 516 3512 596 φθορᾶς
3541 513 3862 598 ἀγωνιζόμε.

488 617 718 697 perium
742 613 1124 689 debellando,
1154 612 1214 674 in
1234 612 1575 674 certamina
1593 609 1836 691 quidem
1857 608 2126 689 gaudens

2231 629 2320 671 νος
2375 609 2592 687 κράτος,
2625 621 2743 672 τοῖς
2801 607 2897 683 μὲν
2928 606 3128 684 ἀγῶσιν
3159 606 3232 671 ὥς
3284 606 3446 671 θείοις
3476 606 3543 658 48
3573 610 3601 665 ὁ
3630 607 3867 689 τελούμε-

487 694 689 786 utpote
726 706 858 765 175
902 703 1124 778 divina,
1152 701 1431 765 initiatus
1456 700 1761 774 ascendet,
1791 697 2021 777 legibus
2049 715 2126 759 au

2231 719 2316 761 νος
2345 695 2654 767 ἐπιϐήσεται
2703 699 2934 778 χαίρω),
2966 695 3184 786 ἐμμένει
3226 694 3282 753 δὲ
3325 695 3389 747 49
3429 709 3552 759 ταῖς
3582 705 3673 755 τοῦ
3702 724 3862 781 σοφο-

487 784 605 857 tem
677 792 962 874 sapientis
1020 790 1281 862 insistet,
1330 790 1638 870 juxtaque
1694 787 1828 849 illas
1874 786 2128 849 inviolatt

2230 787 2584 866 νομοθεσίαις,
2617 787 2705 845 καὶ
2752 786 2872 844 κατ’
2903 787 3065 849 αδτὰς
3101 785 3167 838 50
3223 784 3583 866 ἀπαραϐἆτως
3616 787 3866 867 ἀγωνιεῖ-

485 882 757 959 certabit,
790 881 1107 943 illustrium
1155 879 1537 960 praemiorum
1580 885 1737 940 certa
1772 894 1878 956 spe
1922 874 2120 938 fultus

2230 893 2337 951 ται,
2370 877 2505 953 πρὸς
2560 878 2658 946 τὴν
2716 882 2822 933 τῶν
2877 875 3056 935 καλῶν
3106 875 3348 935 ἐπάθλων
3410 875 3597 934 ἐλπίδα
3652 878 3866 955 βεϐαίως

486 973 598 1035 sub
628 971 787 1035 bono
818 970 1212 1032 certaminum
1245 966 1579 1031 exhibitore
1627 966 1880 1030 Domino
1917 984 1987 1028 ac
2020 965 2128 1027 du-

2227 964 2393 1046 ἔχων,
2427 965 2514 1023 ὑπ’
2570 965 2750 1044 ἀγαθῶ
2786 969 2885 1035 τῆς
2936 965 3236 1032 ἀθλοθεσίας
3296 966 3468 1046 Κυρίῳ
3500 968 3591 1024 καὶ
3647 970 3867 1046 ἡγεμόνι

483 1071 650 1125 ctore
679 1061 1074 1124 constitutus:
1123 1058 1463 1139 divinisque
1490 1055 1829 1119 insistendo
1873 1054 2128 1133 vestigii:

2230 1055 2582 1131 ταττόμενος⁹
2618 1052 2803 1120 ἐπιϐὰς
2849 1052 2906 1111 δὲ
2934 1068 3053 1117 τοῖς
3103 1055 3260 1122 θείοις
3291 1055 3474 1136 ἴχνεσι
3511 1063 3604 1114 τοῑ
3636 1056 3869 1125 ἀθλητῶν

479 1150 671 1233 ipsius
701 1150 985 1232 pugillum
1039 1147 1305 1230 primatis
1338 1165 1445 1230 per
1480 1146 1873 1227 probitatem,
1900 1145 1970 1207 ad
2003 1144 2128 1207 imi-

2226 1145 2437 1222 πρώτου
2466 1142 2532 1201 δι’
2563 1145 2891 1224 ἂγαθότητα,
2923 1158 3046 1210 ταῖς
3094 1147 3444 1223 θεομιμήτοις
3479 1144 3731 1217 ἀθλήσεσι
3774 1149 3864 1214 τὰς

483 1244 763 1303 tationem
816 1241 921 1302 Dei
970 1236 1401 1300 certaminibus
1444 1235 1819 1299 deiﬁcationi
1870 1253 1991 1297 sua!
2047 1233 2128 1296 ad.

2227 1236 2361 1313 πρὸς
2418 1234 2605 1292 θέωσιν
2659 1234 2895 1301 ἐναντίας
2939 1239 3079 1309 αὐτῷ
3137 1235 3550 1300 καταπαλαίσας
3612 1236 3869 1318 ἐνεργείας

476 1339 789 1392 versantes
843 1327 1090 1408 spiritus
1136 1335 1316 1407 atque
1376 1329 1802 1406 suggestiones
1859 1323 2128 1404 supplan-

2228 1346 2284 1380 τε
2334 1326 2422 1381 καὶ
2488 1326 2750 1406 ὑπάρξεις³
2810 1327 3227 1395 στναποθνήσκει
3297 1333 3529 1406 Χριστῷ,
3601 1335 3867 1403 μυστικῶς

478 1420 679 1499 tando,
714 1419 1142 1481 commorietur
1190 1414 1423 1479 Christo
1480 1414 1562 1495 tid
1595 1418 1709 1495 est)
1753 1413 2000 1496 mystice
2043 1412 2128 1475 lo-

2232 1416 2407 1472 εἶπετν
2434 1420 2504 1493 τῇ
2544 1417 2775 1494 ἁμαρτίᾳ
2804 1415 2940 1476 κατὰ
2968 1416 3030 1473 τὸ
3063 1416 3360 1494 βάπτισμα.

478 1508 741 1593 quendo,
767 1514 1033 1590 peccato,
1064 1523 1168 1588 per
1200 1504 1595 1587 baptismum.

2066 1666 2095 1746 §
2126 1663 2260 1728 v11.

559 1835 807 1898 Attenlo
835 1831 934 1895 bic
976 1832 1179 1895 animo
1221 1828 1553 1910 perpende,
1578 1834 1949 1891 sacramenta
1980 1843 2128 1909 quan

2215 1840 2221 1880 ι
2328 1833 2426 1889 Καί
2472 1853 2564 1907 μοι
2597 1835 2823 1893 συνετῶς
2872 1829 3059 1904 ἰννοει⁹
3093 1830 3158 1886 τὰ
3185 1831 3299 1909 ἱερὰ
3341 1823 3461 1908 μεθ’
3488 1833 3624 1901 ὅσῆς
3681 1834 3874 1892 οἰκειό-

479 1924 745 2007 propriis
773 1922 1032 1985 involuta
1059 1921 1177 1982 sint
1212 1920 1425 1997 signis.
1460 1917 1694 1981 Etenim
1719 1937 1851 1980 cum
1885 1916 1945 1978 in
1971 1915 2128 1980 nobit

2224 1941 2386 1987 τητος
2418 1920 2538 2001 ἔχει
2580 1920 2648 1977 τὰ
2679 1915 2940 1996 σύμϐολα.
2979 1919 3084 1978 Καὶ
3112 1919 3211 1998 γὰρ
3246 1918 3428 1991 ἐπειδὴ
3481 1924 3705 1990 θάνατός
3733 1927 3872 1983 εστιν

479 2005 643 2076 mors
690 2032 808 2075 non
853 2014 954 2088 sit,
1002 2018 1076 2072 ut
1122 2008 1483 2090 quibusdam
1540 2009 1753 2089 placet,
1792 2005 2128 2071 substantiae.

2220 2012 2304 2089 ἔφ’
2345 2011 2499 2085 ἡμῶν
2548 2012 2607 2068 οὒ
2636 2014 2734 2077 τῆς
2779 2009 2956 2073 οὖσίας
3002 2009 3290 2086 ἆνυπαρξια
3322 2013 3376 2063 51
3421 2014 3559 2071 κατὰ
3619 2016 3678 2071 τὸ
3723 2012 3873 2081 δόξαν

476 2102 752 2184 abolitio,
785 2101 888 2164 sed
923 2100 1377 2180 conjunctarum
1420 2097 1672 2178 partium
1706 2096 2027 2176 separatio,
2061 2095 2128 2158 ad

2219 2099 2440 2179 ἑτέροις,
2475 2098 2595 2157 ἀλλ’
2666 2102 2696 2168 ἦ
2739 2103 2844 2156 τῶν
2880 2101 3168 2174 ἡνωμένωεσ
3226 2099 3286 2153 59
3332 2100 3619 2182 διάκρισις.
3682 2107 3755 2169 εἷς
3810 2107 3872 2161 τὸ

474 2193 535 2254 id
553 2192 710 2274 quod
747 2190 1010 2253 noslatet
1039 2186 1635 2267 abducens,animam
1659 2187 1928 2267 quidem,
1954 2185 2131 2266 quasi

474 2300 729 2363 corpore
771 2287 1061 2362 perpetuo
1117 2277 1479 2359 privandam,
1514 2294 1732 2355 corpus
1774 2293 1941 2346 vero,
1975 2275 2133 2337 velut

476 2371 658 2434 humo
683 2368 974 2449 abditum,
1006 2367 1122 2429 alia
1145 2366 1423 2448 quapiam
1436 2365 1791 2430 alteratione
1813 2383 2130 2446 corporea,

475 2479 547 2524 ex
567 2461 826 2522 humana
848 2457 1050 2539 specie
1073 2455 1593 2519 exterminandum
1622 2474 1636 2532 ;
1666 2472 1784 2519 non
1808 2455 2132 2535 impmprie

480 2550 677 2613 totalis
706 2548 822 2611 ista
862 2566 1030 2628 aquae
1059 2547 1364 2629 c00pertio
1397 2547 1455 2607 in
1496 2545 1701 2607 mortis
1736 2552 1915 2623 atque
1946 2543 2135 2606 infor-

477 2638 592 2702 mis
614 2638 940 2721 sepulturae
959 2637 1205 2717 ﬁguram
1228 2636 1580 2715 accipiatur.
1614 2634 2138 2696 Sacramentaliter

477 2730 682 2806 itaque
733 2726 1091 2808 baptizatum
1141 2723 1467 2806 symbolica
1515 2723 1831 2803 disciplina
1889 2724 2135 2805 mystice

477 2819 651 2880 docet
675 2817 868 2880 tribus
890 2815 1009 2878 illis
1033 2814 1093 2876 in
1117 2832 1331 2895 aquam
1359 2811 1843 2876 immersionibus
1864 2820 1922 2875 et
1944 2831 2133 2875 emer-

476 2904 754 2968 sionibus
785 2904 1050 2966 divinam
1071 2903 1251 2964 trium
1288 2902 1517 2964 dierum
1552 2920 1622 2964 ac
1654 2902 1914 2966 noctium
1940 2902 2136 2984 sepul-

471 3005 627 3057 turae
658 2996 802 3058 Jesu
838 2991 967 3054 vita:
992 2992 1254 3053 auctoris
1285 2999 1538 3052 mortem
1569 2990 1814 3067 imitari,
1839 3002 2134 3071 quatenus

471 3082 823 3146 hominibus
855 3078 1206 3145 conceditur
1243 3081 1371 3160 ejus
1401 3078 1674 3159 imitatio,
1706 3080 1768 3144 in
1804 3100 1941 3162 quo,
1966 3083 2134 3163 juxta

2215 2192 2352 2265 ἡμῖν
2410 2189 2613 2268 ἀφανὲς
2644 2188 2844 2265 ἆγουσα
2889 2189 2989 2256 τὴν
3032 2190 3215 2269 ψυχὴν
3264 2191 3386 2271 μὲν,
3417 2195 3492 2255 ὡς
3526 2193 3582 2249 ἐν
3632 2195 3873 2271 στερήσει

2216 2280 2467 2355 σώματος
2498 2278 2653 2345 ἀειδῆ
2691 2277 3038 2359 γιγνομένην,
3071 2279 3131 2334 τὸ
3161 2279 3317 2354 σῶμα
3367 2279 3444 2356 δὲ,
3482 2283 3558 2348 ὡς
3589 2282 3644 2340 ἐν
3673 2288 3745 2362 γῇ
3774 2304 3875 2340 κα-

2214 2367 2572 2448 λυπτόμενον,
2619 2365 2737 2425 καθ’
2771 2366 2955 2447 ἑτέραν
3013 2368 3129 2425 τινὰ
3178 2369 3281 2425 τῶν
3337 2369 3720 2447 σωματοειδῶν
3773 2370 3875 2428 ἀλ-

2215 2457 2486 2515 λοιώσεων
2532 2458 2617 2533 55,
2655 2458 2716 2515 ἐκ,
2744 2459 2842 2525 τῆς
2873 2453 2992 2514 κατ’
3051 2456 3325 2536 ἄνθρωπον
3357 2457 3497 2524 ἰδέας
3546 2461 3873 2542 ἀφανιζόμε-

2219 2563 2331 2606 νον·
2396 2547 2601 2615 οἰκείως
2650 2547 2686 2615 ἡ
2733 2545 2799 2603 δι’
2845 2545 3031 2610 ὕδατος
3063 2546 3218 2616 ὁλικῆ
3269 2548 3501 2625 κάλυψις
3536 2554 3610 2613 εὶς
3642 2552 3744 2619 τὴν
3785 2552 3876 2608 τοῦ

2217 2637 2444 2695 θανάτου
2494 2638 2583 2694 καὶ
2614 2644 2707 2695 τοῦ
2763 2637 2858 2705 τῆς
2889 2637 2953 2688 54
3004 2637 3176 2716 ταφῆς
3207 2636 3409 2702 ἀειδοῦς
3472 2640 3658 2698 εἰκόνα
3688 2643 3877 2719 παρεί-

2218 2725 2442 2795 ληπται.
2480 2728 2581 2786 Τὸν
2632 2727 2721 2784 οὖν
2753 2729 2903 2807 ἱερῶς
2933 2726 3321 2803 βαπτιζόμενον
3373 2728 3403 2796 ἦ
3434 2728 3753 2807 συμϐολικὴ
3809 2730 3882 2787 δι·

2218 2815 2475 2873 δασκαλία
2538 2828 2886 2895 μυσταγωγεῖ
2942 2828 3065 2880 ταῖς
3126 2815 3181 2872 ἐν
3213 2823 3292 2891 τῷ
3336 2817 3485 2876 ὕδατι
3515 2824 3658 2899 τρισὶ
3701 2843 3876 2879 κατα-

2217 2904 2392 2963 δύσεσι
2447 2907 2512 2957 53>
2557 2909 2648 2963 τὸν
2694 2906 2978 2986 θεαρχικὸν
3035 2910 3137 2973 τῆς
3192 2910 3653 2988 τριημερονύκτου
3700 2916 3878 2991 ταφῆς

2218 2995 2394 3063 Ἰησοῦ
2434 3003 2529 3055 τοῦ
2588 2994 2845 3068 ζωοδότου
2889 2998 3168 3071 μιμεῖσθαι
3226 2996 3472 3075 θάνατον,
3527 3003 3605 3066 ὡς
3661 3002 3877 3082 ἔφικτὸν

2216 3084 2430 3165 ἀνδράσι
2491 3087 2550 3143 τὸ
2593 3087 2941 3161 θεομίμᾳον,
2973 3083 3028 3140 ἐν
3055 3087 3124 3165 ὦ,
3156 3086 3293 3142 κατὰ
3346 3089 3444 3156 τὴν
3476 3090 3575 3148 τοῦ
3605 3089 3791 3169 λογίού
3817 3089 3881 3142 86

479 3173 785 3253 mysticam
803 3179 857 3235 et
880 3186 1156 3261 arcanam
1183 3170 1505 3261 Scriptura:
1527 3169 1930 3261 traditionem,
1959 3177 2128 3254 prin-

2215 3172 2571 3255 μυστηριώδη
2615 3177 2704 3233 καὶ
2734 3176 2953 3256 κρυφίαν
2992 3172 3309 3259 παράδοσιν,
3342 3176 3493 3236 οὐδὲν
3544 3178 3773 3261 εὕρηκεν
3818 3180 3881 3233 157

478 3281 623 3347 ceps
651 3261 831 3347 hujus
853 3259 1060 3326 mundi
1081 3278 1201 3322 non
1224 3258 1456 3323 invenit
1473 3259 1813 3341 quidquam.

2215 3267 2240 3323 ὁ
2272 3271 2365 3323 τοῦ
2396 3267 2597 3344 κόσμου
2628 3265 2838 3349 ἅρχων.

2044 3446 2073 3526 §
2125 3447 2276 3512 VIII.

558 3615 844 3682 Candidis
876 3613 1093 3677 deinde
1112 3613 1484 3677 vestimtntis
1505 3613 1760 3677 induunt
1788 3613 2080 3678 initiatum
2109 3633 2123 3678 :

471 3706 626 3771 virili
648 3705 808 3768 enim
842 3722 911 3766 ac
935 3703 1208 3766 deiformi
1240 3721 1551 3784 pravorum
1567 3705 1886 3766 affectuum
1921 3703 2126 3766 vacui-

475 3805 614 3877 tate,
645 3812 760 3857 nec
816 3812 933 3855 non
965 3792 1193 3855 intenta
1227 3794 1288 3855 in
1335 3812 1518 3854 unum
1562 3793 1744 3855 animi
1783 3794 2120 3869 atl‘ectione,

474 3904 609 3950 cum
641 3885 700 3947 id
725 3883 882 3966 quod
915 3890 1126 3945 ornatu
1159 3880 1401 3944 carebat
1428 3890 1695 3964 ornatur,
1719 3891 1841 3944 tum
1876 3882 1931 3944 id
1965 3883 2121 3966 quod

475 3976 746 4041 deforme
777 3981 902 4036 erat
929 3973 1244 4055 pulchrum
1278 3973 1554 4055 dﬁcitur,
1586 3972 1964 4037 dumillustri
1988 3992 2121 4035 om-

474 4067 617 4129 nino
648 4065 766 4127 vita
793 4063 1178 4145 splendescit.
1228 4063 1498 4145 Denique
1527 4064 1813 4143 unguenti
1845 4063 1943 4126 illa
1974 4082 2122 4125 con-

470 4172 781 4220 summans
812 4154 1012 4216 unctio
1028 4171 1166 4214 eum
1200 4155 1299 4234 qui
1326 4152 1596 4215 initiatur
1617 4153 1820 4216 odoris
1840 4152 2125 4215 suavitate

474 4243 822 4328 perfundit;
856 4260 1022 4304 sacra
1046 4242 1205 4304 enim
1241 4241 1458 4304 divinae
1485 4241 1890 4322 generationis
1919 4242 2123 4303 initia-

476 4342 581 4412 tio,
608 4353 677 4396 ea
708 4351 840 4411 quae
866 4332 1096 4395 initiata
1118 4341 1257 4395 sunt
1281 4331 1480 4393 divino
1511 4331 1755 4414 Spiritui
1787 4331 2121 4412 conjungit.

471 4427 659 4488 Porro
682 4423 955 4505 illapsum
992 4423 1183 4497 illum,
1221 4423 1323 4500 qui
1354 4421 1684 4503 spiritalem
1715 4421 1889 4484 istam
1921 4420 2124 4483 odoris

2294 3615 2453 3686 Ἐξῆς
2487 3614 2543 3673 δὲ
2575 3613 2884 3694 φωτοειδεϊς
2915 3614 3140 3684 ἐσθῆτας
3172 3613 3520 3676 ἐπιϐάλλουσι
3573 3629 3657 3697 τῷ
3687 3621 3881 3680 τελου-

2211 3705 2377 3780 μένῳ·
2413 3712 2481 3782 τῇ
2513 3706 2613 3785 γὰρ
2643 3703 2861 3782 ἀνδρικῇ
2903 3707 2991 3762 καὶ
3022 3701 3247 3764 θεοειδετ
3274 3705 3382 3763 τῶν
3436 3706 3704 3768 ἐναντίων
3735 3712 3884 3768 ἀπα-

2205 3799 2338 3873 θεία,
2364 3797 2451 3851 καὶ
2468 3801 2535 3869 τῇ
2564 3795 2695 3871 πρὸς
2720 3795 2776 3850 τὸ
2805 3794 2860 3850 ἓν
2888 3794 2942 3850 ἐν
2964 3794 3205 3866 συντονίᾳ
3235 3797 3530 3874 συννεύσει,
3558 3800 3625 3857 τὰ
3644 3800 3885 3876 ἄκοσμον

2206 3897 2516 3964 κοσμεῖται,
2549 3884 2717 3940 καὶτὸ
2762 3883 3013 3941 ἂνειίδεον
3062 3881 3434 3962 είδοποιεϊται,
3475 3894 3545 3966 τῇ
3592 3888 3883 3971 φωτοειδετ

2207 3972 2430 4030 καθόλου
2473 3978 2586 4050 ζωῇ
2616 3971 3077 4054 λαμπρυνόμενον.
3114 3965 3180 4030 Ἦ
3219 3976 3272 4033 δὲ
3301 3986 3395 4037 τοῦ
3437 3965 3618 4060 μύρου
3648 3981 3880 4037 τελειω-

2207 4062 2330 4131 τικη
2367 4064 2542 4143 χρίσις
2573 4063 2744 4131 εὐώδη
2799 4077 2948 4122 ποιεῖ
2974 4068 3064 4123 τὸν
3094 4067 3503 4145 τετελεσμένον
3539 4071 3577 4138 ἡ
3612 4072 3719 4150 γὰρ
3768 4070 3882 4149 ἱερᾶ

2204 4158 2305 4221 τῆς
2374 4154 2704 4233 θεογενεσίας
2763 4152 3033 4222 τελείωσις
3083 4157 3199 4216 ἑνοῖ
3270 4159 3336 4216 τὰ
3403 4157 3732 4217 τελεσθέντα
3802 4164 3880 4234 τῷ

2203 4245 2475 4322 θεορχικῷ
2531 4243 2821 4317 Πνεύματι.
2887 4244 2996 4312 Τὴν
3055 4244 3110 4303 δὲ
3141 4248 3348 4316 νοητῶς
3407 4249 3737 4307 εὖοδοποιὸν
3794 4249 3885 4306 καὶ

2203 4331 2571 4411 τελεσιουργὸν
2624 4331 2982 4412 ἐπιφοίτησιν,
3043 4334 3409 4415 ἆῤῥητοτείτην
3489 4336 3688 4414 etiam,
3751 4338 3878 4394 ἐπι-

2204 4421 2402 4500 γθῶναι
2454 4422 2648 4500 νοερῶς
2685 4424 2908 4500 πορίημι
2962 4438 3077 4490 τοῖς
3111 4426 3429 4503 ἠξιωμένοις
3476 4431 3581 4496 τῆς
3613 4428 3755 4485 κατᾶ
3788 4428 3881 4485 τὸν

471 4513 825 4577 suavitatem
862 4513 1054 4588 affert,
1089 4531 1221 4574 cum
1255 4511 1333 4573 sit
1357 4530 1603 4593 prorsus
1632 4510 1970 4586 ineﬂ‘abilis,
2004 4510 2122 4592 spi-

2215 4514 2323 4568 νοῦν
2372 4518 2464 4570 τοῦ
2492 4512 2629 4570 θείου
2660 4512 2964 4587 Πνεύματος
3020 4515 3164 4593 ἱερᾶς
3204 4518 3290 4573 καὶ
3345 4519 3611 4595 θεουργοῦ
3674 4538 3880 4574 κοινω-

471 4603 729 4666 ritaliter
756 4600 1036 4682 relinquo
1059 4601 1539 4679 cognoscendum
1565 4601 1638 4664 iis
1666 4600 1767 4682 qui
1792 4600 2121 4663 secundum

2215 4604 2341 4667 νίας.
2400 4601 2491 4659 Ἐν
2519 4599 2658 4657 τέλει
2716 4599 2770 4657 δὲ
2800 4603 3012 4659 πάντων
3071 4606 3100 4661 δ
3127 4607 3385 4686 ἱεράρχης
3438 4606 3534 4663 ἐπὶ
3565 4609 3673 4675 τὴν
3718 4609 3885 4687 ἱερω-

480 4700 740 4755 mentem
775 4702 981 4752 sancta
1010 4697 1070 4753 et
1098 4689 1310 4751 deiﬁca
1358 4690 1538 4753 divini
1571 4689 1826 4772 Spiritus
1855 4708 2128 4752 commu-

2215 4692 2377 4757 τάτην
2452 4691 2809 4771 Εὐχαριστίαν
2876 4696 3034 4750 καλεῖ
3117 4696 3208 4752 τὸν
3287 4694 3724 4773 τεταλεσμένον,
3795 4697 3885 4752 καὶ

472 4782 653 4845 nione
685 4779 851 4861 digni
872 4775 1236 4841 suntbabiti.
1272 4780 1523 4842 Demum
1547 4778 1826 4842 omnibus
1842 4779 2117 4862 peractis,

2215 4782 2302 4847 τῆς
2380 4781 2485 4837 τῶν
2543 4779 2861 4839 τελεστικῶν
2930 4785 3235 4861 μυστηρίων
3314 4787 3458 4860 αὐτῷ
3538 4783 3881 4863 μεταδιδωσι

471 4889 609 4933 eum
644 4869 749 4948 qui
792 4867 1064 4930 initiatus
1094 4876 1186 4930 est
1213 4866 1287 4929 ad
1318 4868 1751 4932 sanctissimam
1798 4869 2122 4932 Eucharis-
2204 4870 2507 4936 κοινωνίας.

472 4960 612 5023 tiam
640 4966 810 5023 vocat
839 4966 900 5019 et
929 4965 1107 5038 mysi:
1120 4957 1347 5020 riorum
1382 4959 1732 5039 perﬁciendi
1764 4959 1878 5022 vim
1906 4958 2126 5023 baben-

473 5049 621 5112 tium
653 5049 1143 5112 communionem
1182 5046 1272 5109 illi
1305 5049 1503 5115 tradit.

1794 5229 2055 5297 VARUE
2099 5227 2538 5294 LECTIONES.

552 5412 615 5461 48
642 5409 788 5491 θεὸς,
938 5407 1043 5491 St}:
1124 5409 1185 5460 ‘9
1214 5408 1277 5472 In
1306 5412 1502 5473 futuro
1532 5412 1783 5487 δμμενεϊ,
1820 5412 1882 5473 S.
1911 5411 2118 5491 P.7Ch.
2153 5409 2224 5473 D.
2258 5408 2326 5471 Β.
2362 5410 2494 5491 Sai‘.
2519 5487 2549 5491 _
2579 5407 2642 5491 ἕρ
2671 5410 3002 5491 μετ’έιῦτὰς,
3036 5409 3099 5472 Ρ.
3187 5410 3237 5454 εί
3272 5411 3331 5467 οὔ
3353 5416 3454 5477 τῆς
3479 5415 3675 5482 οὐσίας
3714 5416 3887 5483 αὖτῆς

467 5486 784 5573 ὰίιυπαρξίπ,’
812 5488 875 5551 Ρ.
904 5499 963 5551 et
994 5487 1064 5551 V.
1150 5492 1204 5535 59
1236 5493 1522 5568 ἡνωμένων
1552 5492 1631 5573 δὲ,
1660 5493 1740 5556 Μ.
1774 5491 1872 5573 S_c.
1957 5490 2011 5573 5":
2040 5488 2478 5573 praeponunti’i,
2513 5486 2667 5573 S_._P.
2704 5489 2774 5553 D.
2801 5489 3005 5573 B_._Sc.
3031 5491 3188 5573 δεῖ..
3218 5491 3511 5573 ἀλλοίωσιν
3546 5491 3744 5557 babet
3769 5496 3882 5558 Ch.

471 5571 525 5616 54
553 5569 653 5659 γρ.
673 5569 770 5631 καὶ.
791 5576 887 5641 τῇς
918 5574 1117 5653 ταφῆς.
1199 5573 1269 5626 55
1292 5573 1521 5639 addunt
1548 5569 1660 5641 Cit.
1694 5575 1764 5636 Β.
1794 5570 1849 5636 8.
1890 5576 1957 5637 Ρ.
1988 5569 2148 5637 Séot.
2170 5569 2306 5635 Sar.
2330 5571 2419 5629 καὶ
2441 5569 2741 5630 ἀναδύσεσι.
2826 5569 2891 5623 56
2918 5571 3103 5659 λόγου³
3139 5571 3248 5641 Ch.
3282 5570 3416 5641 Sat.
3509 5574 3581 5626 57
3610 5579 3792 5664 εὗρεν⁹
3819 5575 3886 5647 Ρ,
