4150 6158
385 356 499 446 tu

1544 388 1606 459 Β.
1652 392 1830 458 ΒΙοΝ
1840 389 1989 456 YSII
2031 390 2563 467 AREOPAGITE.

3627 388 3747 465 412

395 529 624 613 quoque
645 519 703 581 In
723 516 909 583 divina
929 524 1367 599 regenerationis
1394 542 1503 588 usu
1533 529 1726 589 venit:
1758 528 2023 603 quocirca

2118 528 2195 587 ut
2236 528 2289 587 ἐν
2345 536 2410 608 τῇ
2435 531 2547 607 θείᾳ
2602 528 2945 613 ἂναγεννήσει
2976 528 3144 611 ἐστι.)
3197 528 3282 591 διὰ
3313 538 3470 592 τσῠτο
3518 532 3747 612 πρώτως

390 606 653 710 primum
683 621 891 679 tractat
917 616 994 682 de
1036 618 1233 710 divino
1263 617 1638 701 baptismate.
1671 619 1907 710 Dictum
1936 626 2027 682 est

386 705 611 778 itaque,
645 721 894 786 scopum
927 716 1143 770 nostra;
1174 709 1525 772 hierarchiaa
1568 728 1700 772 esse
1730 709 1804 770 ad
1836 708 2023 770 Deum

387 790 876 863 assimilationem;
910 796 1060 855 hanc
1080 806 1265 857 autem
1291 813 1409 857 nou
1441 798 1605 857 aliter
1630 798 1763 856 licet
1786 797 2025 869 adipisci

387 895 561 970 quam
595 903 701 964 per
729 884 834 948 Dei
856 887 1261 970 dilectionem,
1286 890 1369 952 uti
1400 890 1600 954 divina
1620 897 1676 951 et
1693 887 2027 968 evangelica

390 969 626 1053 eloquia
673 975 935 1039 tradunt.
970 980 1112 1041 Cum
1158 969 1335 1059 igitur
1366 981 1476 1041 ista
1512 978 1756 1041 dilectio
1799 986 2028 1040 constet

390 1060 809 1150 observatione
837 1067 1173 1131 divinorum
1209 1067 1646 1148 mandatorum,
1683 1066 2027 1150 quaeritsibi

386 1149 598 1214 ducem
633 1162 751 1217 tam
784 1159 973 1221 sancti
1002 1158 1227 1240 operis,
1256 1157 1489 1220 scilicet
1515 1158 1592 1220 ad
1624 1149 1885 1220 sanctam
1927 1156 2023 1219 di-

384 1240 663 1305 vinorum
688 1246 1097 1310 mandatorum
1127 1247 1782 1328 exsecutionem,atque
1802 1245 2027 1325 reperit

2105 617 2454 696 διαλαμϐἀνει
2516 623 2631 700 περὶ
2698 623 2790 680 106
2843 625 2982 681 θείου
3049 624 3439 702 βαπτίσματος.
3516 623 3745 703 Εἴρηται

2106 710 2276 766 τοίνυν
2332 708 2413 766 ὅτι
2470 712 2671 777 σκοπὸς
2723 712 2821 782 τῆς
2899 712 3015 770 καθ’
3073 714 3219 789 ἡμᾶς
3276 714 3548 793 ἱεραρχίας
3606 712 3748 772 ἐστὶν

2106 800 2143 867 ἦ
2174 800 2306 867 πρὸς
2338 800 2468 856 Θεὸν
2513 800 2863 880 ἀφομοίωσις“
2913 802 3113 869 ταύτης
3145 799 3202 858 δὲ
3245 801 3341 859 οὐκ
3372 799 3548 866 ἄλλως
3606 801 3748 861 ἔστιν

2107 887 2388 967 ἐπιτυχεῖν
2433 889 2581 964 εἰμή
2639 888 2723 945 διὰ
2763 895 2863 957 τῆς
2915 892 3046 969 πρὸς
3078 892 3210 947 Θεὸν
3267 890 3612 970 ἀγαπήσεως,
3644 913 3752 950 κα-

2107 977 2211 1041 θὼς
2269 978 2355 1033 καὶ
2410 978 2475 1033 τὰ
2523 981 2643 1035 θεῖα
2699 980 2787 1035 καὶ
2829 978 3152 1059 εὖαγγελικὰ
3217 985 3512 1060 παριστῶσι
3569 979 3750 1061 λόγια.

2110 1066 2261 1123 Ἐπεὶ
2317 1066 2485 1125 τοίνυν
2516 1068 2551 1135 ἡ
2603 1068 2828 1136 τοιαύτη
2884 1069 3159 1148 ἀγάπησις
3190 1067 3249 1126 ἐκ
3305 1077 3398 1127 τοῦ
3424 1083 3611 1148 τηρεῖν
3657 1071 3756 1135 τὰς

2106 1156 2244 1218 θείας
2302 1154 2519 1219 ἱντολᾶς
2550 1158 2874 1232 συνίσταται,
2910 1167 3067 1230 ζητεῖ
3110 1161 3211 1226 τὴν
3262 1159 3510 1240 ἀρχηγὸν
3557 1162 3759 1239 ἱερουρ-

2107 1244 2250 1323 γίαν,
2307 1242 2553 1311 δηλονότι
2621 1246 2763 1325 ἱερὰν
2811 1245 3059 1324 ἐργασίαν
3129 1249 3236 1305 τῶν
3290 1251 3443 1306 θείων
3499 1248 3751 1327 ἐντολῶν,

385 1349 505 1392 non
556 1350 687 1396 esse
714 1334 923 1409 alium,
957 1344 1173 1417 praeter
1216 1335 1376 1398 illam
1410 1355 1478 1398 ex
1530 1354 1682 1417 aqua
1712 1342 1772 1398 et
1801 1334 2024 1416 Spiritu

2118 1336 2195 1390 καὶ
2226 1334 2447 1411 εὑρίσκει
2497 1333 2740 1411 οὐδεμίαν
2772 1334 2938 1404 ἄλλην
2972 1338 3015 1393 εἰ
3047 1338 3123 1412 μὴ
3150 1338 3249 1406 τὴν
3295 1336 3363 1394 δι’
3394 1336 3605 1404 ὕδατος.
3666 1342 3757 1397 καὶ

383 1423 919 1499 regenerationem.
950 1425 1254 1506 Siquidem
1279 1426 1513 1488 divinus
1539 1426 1642 1488 ille
1672 1424 2019 1503 baptismus,

2118 1424 2405 1500 πνεύματος
2464 1424 2829 1504 ἆναγέννησιν.
2896 1424 3075 1506 Ἀρχὴ
3147 1428 3245 1506 γὰρ
3297 1429 3385 1485 καὶ
3443 1426 3757 1498 ὁδοποίησις

382 1509 454 1570 ad
508 1512 608 1573 Dei
641 1512 1098 1577 familiaritatem
1150 1516 1576 1597 caelestemque
1619 1515 2024 1578 hereditatem

2118 1511 2204 1581 τῆς
2260 1516 2391 1593 πρὸς
2437 1516 2569 1572 Θεὸν
2619 1516 2940 1582 οἰκειώσεῶς
2970 1519 3057 1573 καὶ
3102 1522 3203 1584 τῆς
3247 1516 3555 1596 ἐπουρανίου
3611 1518 3757 1587 κλη-

383 1597 722 1682 principum
764 1612 856 1665 est
902 1612 959 1666 et
989 1604 1372 1680 introductio,
1406 1604 1543 1668 Nisi
1587 1610 1772 1678 enim,
1809 1603 2023 1683 inquit,

2118 1603 2359 1681 ρονομίας
2413 1606 2475 1660 τὸ
2503 1608 2649 1662 θεῖον
2699 1606 2932 1686 ὑπάρχει
2962 1607 3263 1683 βάπτισμα.
3315 1610 3415 1665 Καὶ
3464 1608 3583 1686 γὰρ,
3628 1607 3760 1668 Ἐὰν

385 1692 524 1769 quis
553 1700 799 1755 renatus
824 1694 1015 1771 fuerit
1037 1712 1115 1757 ea:
1134 1712 1299 1775 aqua
1324 1701 1379 1758 et
1396 1694 1783 1774 Spiritu,non
1805 1692 2029 1757 videbit

2118 1694 2187 1766 μή
2242 1715 2348 1768 τις,
2409 1697 2559 1774 φησὶ,
2621 1698 2838 1773 γεννεθῇ
2893 1693 2967 1751 δι’
3015 1694 3202 1760 ὕδατος
3258 1697 3347 1778 καί
3429 1695 3757 1778 πνεύματος,

383 1796 637 1868 regnum
671 1782 781 1845 Dei
803 1770 840 1846 ιζ
873 1783 1042 1848 Unde
1071 1770 1251 1846 homo
1298 1770 1597 1847 exterior“
1623 1770 1914 1846 formatur
1952 1782 2026 1844 ad

2118 1781 2169 1836 εὖ
2214 1784 2291 1856 μὴ
2340 1770 2447 1839 ἴδοι
2499 1784 2595 1851 τὴν
2636 1770 2917 1860 βασιλείαν
2981 1792 3072 1842 106
3117 1791 3273 1845 Θεοῦ.
3318 1770 3469 1844 ”οθεν
3530 1770 3761 1868 μορφοῦί

387 1867 698 1935 meliorem
726 1890 794 1934 ac
825 1874 1141 1936 salutarem
1174 1872 1679 1941 habitudinem.et
1708 1872 1781 1935 ad
1808 1870 2025 1934 verbo-

2118 1893 2199 1926 ται
2247 1874 2274 1927 ὁ
2308 1870 2404 1937 ἔξω
2434 1871 2704 1949 ἅνθρωπος
2734 1875 2865 1953 πρὸς
2897 1873 3168 1952 κρείττονα
3217 1874 3320 1941 ἕξιν
3352 1878 3440 1932 καὶ
3469 1876 3760 1957 σωτήριον,

382 1963 1811 2043 rnmoperumqueDeiinstitutionem.Quomodo
1826 1976 2022 2023 autem

2118 1966 2193 2020 ut
2226 1970 2330 2020 τῶν
2359 1966 2493 2025 κατὰ
2526 1967 2655 2021 Θεὸν
2707 1964 2883 2043 λόγων
2912 1987 2971 2023 τε
3023 1969 3111 2024 καὶ
3143 1969 3472 2046 πραγμάτων
3517 1970 3615 2035 τὴν
3644 1968 3764 2026 ἐπι-

385 2046 626 2112 divinus
657 2051 988 2131 haptismus
1018 2053 1320 2115 naturales
1371 2060 1607 2114 nostros
1638 2051 1871 2114 habitus
1917 2068 2023 2112 seu

2118 2052 2373 2123 τήδευσιν,
2409 2056 2527 2117 Πιῦς
2562 2055 2616 2111 δὲ
2676 2059 2876 2136 εξορφοῖ
2911 2057 3006 2121 τὰς
3053 2058 3275 2136 φυσικὰς
3308 2059 3463 2133 ἡμῶν
3513 2057 3644 2124 ἕξεις
3700 2060 3766 2115 τὸ

387 2138 632 2201 affectus
664 2127 967 2203 efformat?
1003 2142 1218 2219 Utique
1248 2141 1361 2202 vim
1394 2142 1706 2221 quamdam
1735 2140 2025 2204 formatri-

2118 2146 2250 2202 )s'tov
2301 2144 2579 2221 βάπτισμα
2612 2190 2628 2220 ,
2680 2127 3014 2208 *ἒξ-πάντως
3061 2127 3283 2222 δύναμιν
3328 2127 3497 2214 ἐνίησι
3548 2145 3763 2227 λορφωσ

388 2247 517 2290 cem
542 2230 752 2291 inserit
774 2230 1054 2309 ﬁgmento
1082 2232 1548 2306 nostro,scilicet
1569 2229 2022 2312 appetendi,sed

2118 2235 2265 2300 τικὴν
2321 2231 2694 2307 ἀναπλάσεως,
2745 2243 2838 2292 τοῦ
2895 2234 3193 2315 ὀρέγεσθαι,
3258 2234 3394 2292 ἀλλὰ
3449 2236 3556 2293 τῶν
3613 2238 3768 2316 0691-

388 2318 655 2381 cmlestia
676 2321 853 2401 bona;
882 2320 1294 2400 movendi,sed
1318 2321 1391 2383 ad
1416 2339 1593 2382 omne
1615 2339 1765 2401 opus
1783 2320 2028 2397 bonum;

2118 2321 2235 2378 νίων
2293 2322 2527 2399 ἀγαθῶνο
2597 2325 2693 2379 106
2747 2327 3032 2400 κινεῖσθαι,
3095 2322 3215 2379 ἀλλ’
3293 2326 3365 2389 εἷς
3424 2332 3534 2382 πᾶν
3607 2324 3768 2404 ἔργον

389 2409 787 2471 ratiocinandi
839 2428 947 2473 seu
979 2410 1302 2489 cogitandi,
1338 2409 1442 2472 sed
1491 2428 1623 2487 quae
1654 2409 1863 2471 oculus
1911 2428 2030 2470 non

2118 2411 2330 2487 ἀγαθόν·
2370 2422 2461 2470 τοῦ
2491 2412 2810 2489 λογίζεσθαι,
2844 2411 2983 2468 ἀλλᾶ
3026 2413 3090 2470 τὰ
3121 2413 3154 2469 ἃ
3200 2413 3469 2493 ὀφθαλμὸς
3499 2416 3592 2471 οὒκ
3622 2413 3763 2493 εἶδε,

387 2497 555 2580 vidit,
580 2517 779 2576 neque
795 2500 956 2562 auris
985 2500 1227 2579 audivit;
1257 2498 1743 2581 concupiscendi,
1769 2499 1870 2561 sed
1899 2518 2030 2561 me-

2118 2503 2201 2556 καὶ
2264 2508 2348 2564 οὓς
2381 2505 2473 2560 οὐκ
2516 2499 2736 2568 ἤκουσε’
2770 2511 2863 2561 τοῦ
2914 2502 3211 2583 ἐπιθυμεῖν,
3246 2502 3383 2559 ἀλλὰ
3413 2510 3518 2560 τῶν
3576 2526 3767 2583 κρειτ-

386 2587 532 2651 liora
570 2607 586 2665 ;
647 2589 968 2663 irascendi,
1004 2590 1110 2651 sed
1172 2588 1413 2652 inimico
1447 2589 1653 2651 salutis
1704 2598 1941 2663 nostrae,
1978 2596 2037 2650 et

2125 2591 2308 2647 τόνων
2370 2597 2463 2647 τοῦ
2523 2590 2829 2669 θυμοῦσθαι,
2891 2590 3027 2648 ἀλλὰ
3084 2592 3221 2648 κατὰ
3276 2599 3370 2649 τοῦ
3427 2591 3619 2673 ἐχθροῦ
3665 2598 3766 2660 τῆς

388 2690 627 2742 caetera.
662 2678 952 2741 Praeclare
999 2678 1158 2741 enim
1192 2678 1343 2742 dixit
1372 2678 1622 2758 inclytus
1652 2676 2031 2760 Hierotlieus,

388 2772 646 2847 primum
680 2778 739 2830 et
771 2769 1053 2830 eximium
1078 2769 1294 2829 mentis
1326 2777 1549 2829 motum
1573 2785 1707 2829 esse
1738 2768 1842 2829 Dei
1877 2768 2033 2829 dile-

388 2858 674 2921 ctionem.
708 2856 900 2938 Hujus
931 2867 1130 2919 autem
1165 2856 1508 2921 dilectionis
1537 2857 1705 2937 quasi
1738 2856 2033 2937 quoddam

391 2946 749 3027 principium
785 2956 876 3009 est
896 2947 1098 3009 divina
1127 2955 1330 3008 nostra
1353 2945 1826 3026 fabricatio,qua2
1846 2945 2029 3008 nimi-

383 3054 517 3098 rum
551 3035 616 3098 (lt
645 3055 753 3117 per
774 3035 1161 3117 baptismum,
1196 3034 1524 3097 secundum
1558 3053 1735 3112 quam
1768 3035 2027 3097 divinum

386 3135 599 3189 statum
629 3127 999 3190 inchoamus:
1033 3126 1325 3207 siquidem
1355 3144 1425 3189 ea
1442 3145 1574 3208 quae
1598 3146 1665 3187 ex
1687 3128 1918 3188 semine
1942 3136 2033 3188 est

389 3215 577 3280 nostri
606 3215 936 3291 fabricatio,
965 3216 1078 3278 etsi
1108 3217 1181 3279 sit
1214 3234 1282 3278 ex
1315 3219 1625 3278 conditore
1657 3214 1801 3295 Deo,
1835 3223 2032 3278 tamen

385 3304 673 3368 naturalis
704 3313 815 3378 est,
852 3324 921 3367 ea
955 3324 1098 3367 vero
1130 3324 1259 3385 quae
1291 3323 1361 3368 ex
1392 3304 1744 3386 baptismate
1776 3306 2027 3378 exsistit,

390 3392 824 3468 divina.Neque
840 3395 999 3457 enim
1017 3412 1093 3458 ea:
1103 3396 1727 3475 sanguinibus,neque
1739 3413 1816 3457 ex
1832 3395 2038 3457 volun-

388 3491 508 3549 tate
526 3486 787 3561 viri,nec
802 3502 879 3547 ea:
899 3485 1431 3548 voluntatecamis
1467 3484 1784 3557 '.Quemad
1795 3484 2034 3546 modum

384 3573 570 3651 igitur
598 3574 658 3634 in
690 3574 951 3635 naturali
985 3573 1285 3637 nativitate
1316 3582 1549 3654 oportet
1584 3572 1841 3653 primum
1875 3575 2035 3635 exsi—

384 3672 541 3725 stere
566 3662 625 3725 in
665 3664 798 3725 179
827 3682 1028 3725 rerum
1054 3672 1280 3742 natura,
1315 3682 1383 3724 ac
1412 3662 1633 3725 deinde
1668 3662 1951 3743 vicissim,
1976 3672 2034 3724 et

386 3771 563 3832 agere
585 3762 642 3814 et
666 3753 807 3832 pati,
842 3753 1111 3814 homines
1140 3752 1380 3833 quidem
1414 3771 1544 3832 quae
1572 3750 1689 3811 sibi
1715 3759 1857 3812 sunt
1887 3770 2032 3830 pro-

388 3842 540 3923 pria,
570 3841 745 3903 bruta
767 3858 906 3902 vero
938 3858 1069 3921 quae
1092 3850 1231 3902 sunt
1258 3840 1659 3902 conducibilia
1686 3858 1699 3903 :
1736 3841 1820 3902 sic
1854 3841 2032 3903 etiam

388 3936 445 3993 in
478 3930 677 3993 divina
710 3930 984 4011 baptismi
1016 3931 1473 4009 regeneratione
1514 3939 1745 4010 oportet
1776 3931 2035 4010 primum

385 4021 511 4085 Deo
543 4020 821 4095 existere,
857 4038 923 4081 ac
949 4020 1168 4081 deinde
1202 4019 1581 4081 dilectionem
1618 4019 1748 4098 ejus
1776 4018 2035 4098 operari,

2117 2682 2378 2757 σωτηρίας
2432 2681 2611 2754 ἡμῶν,
2646 2682 2735 2736 καὶ
2767 2677 2954 2760 ἐφεξῆς
3006 2681 3070 2737 τὰ
3099 2680 3258 2739 ἀλλὰ.
3296 2679 3485 2746 Καλῶς
3542 2683 3641 2761 γὰρ
3670 2682 3767 2739 εἷ-

2118 2792 2214 2826 πεν
2248 2772 2273 2825 ὁ
2331 2770 2540 2832 κλεινὸς
2576 2762 2845 2846 Ἱιψόθεος,
2882 2768 2962 2826 ὅτι
3006 2772 3041 2838 ἡ
3092 2772 3459 2850 προτιμοτάτη
3490 2775 3575 2827 καὶ
3632 2771 3770 2837 ἐξαί-

2119 2881 2265 2937 ρετος
2323 2861 2531 2926 κίνησις
2590 2866 2681 2915 106
2738 2866 2827 2916 νοῦ
2879 2861 2914 2929 ἡ
2975 2862 3106 2938 πρὸς
3168 2861 3298 2918 Θεὸν
3354 2862 3538 2937 ἆγαπη
3596 2860 3762 2924 ἐστίν,

2114 2950 2320 3016 Ταύτης
2366 2948 2421 3005 δὲ
2464 2953 2559 3015 τῆς
2621 2949 2838 3026 ἀγάπης
2892 2950 3040 3030 ἀρχή
3101 2973 3182 3015 τις
3238 2954 3355 3009 οἷόν
3404 2950 3544 3010 ἐστιν
3588 2953 3623 3021 ἡ
3652 2952 3768 3009 Θεία

2113 3036 2427 3117 δῆμιουργία
2491 3039 2667 3113 ἡμῶν,
2721 3038 2750 3107 ἡ
2801 3037 2887 3096 διὰ
2928 3049 3021 3100 τοῦ
3077 3041 3442 3117 βαπτίσματος
3492 3040 3764 3121 δηλονότι,
3792 3049 3833 3081 ⁸

2114 3128 2230 3185 καθ’
2283 3129 2349 3193 ἣν
2378 3129 2528 3191 θείως
2570 3129 2713 3185 εἶναι
2759 3129 3059 3210 ἀρχόμεθα*
3112 3131 3141 3198 ἦ
3196 3130 3294 3205 μὲν
3354 3132 3454 3209 γάρ
3505 3130 3566 3188 ἐν.
3611 3131 3769 3207 σπέρ-

2117 3240 2283 3292 ματος
2360 3219 2518 3293 ἡμῶν
2576 3215 2919 3298 δημιουργία,
2974 3221 3018 3275 εἰ
3070 3220 3158 3276 καὶ
3217 3220 3274 3275 ἐγ
3333 3226 3465 3277 Θεοῦ
3519 3218 3770 3299 δημιουρο

2118 3307 2337 3384 γοῦντός
2384 3310 2551 3380 ἔστιν,
2608 3305 2727 3363 ἀλλ’
2773 3308 2861 3365 οὖν
2916 3306 3116 3378 ὰυσική
3160 3311 3325 3365 ἐστιν*
3380 3311 3414 3377 ἡ
3453 3306 3509 3364 δὲ
3559 3308 3619 3366 ἐκ
3677 3316 3773 3368 106

2116 3400 2480 3476 βαπτίσματος
2556 3400 2690 3460 θεία.
2760 3402 2833 3458 Οὔ
2915 3399 3015 3478 γὰρ
3086 3397 3138 3463 ἐξ
3200 3398 3461 3475 αἱμάτων,
3523 3397 3638 3456 οὐδὲ
3711 3400 3775 3457 ἐκ

2116 3489 2414 3563 θελήματος
2499 3485 2724 3567 ἀνδρὸς,
2814 3486 2930 3545 οὐδὲ
3011 3487 3072 3544 ἐκ
3156 3486 3458 3563 θελήματος
3542 3488 3767 3569 σαρκός.

2121 3570 2348 3656 ιὨσπερ
2405 3579 2575 3634 τοίνυν
2638 3577 2691 3633 ἐν
2749 3583 2817 3653 τῇ
2882 3582 3077 3657 φυσικῇ
3124 3579 3367 3654 γεννήσει
3424 3575 3509 3634 δεῖ
3559 3582 3770 3655 πρῶτον

2118 3665 2335 3745 Incipiat
2391 3669 2464 3732 εἰς
2498 3669 2560 3723 τὸ
2614 3667 2782 3746 εἶναι,
2814 3668 2902 3723 καὶ
2949 3667 3071 3723 τότε
3120 3665 3401 3745 ἐνεργῆσαι
3432 3668 3499 3724 τὰ
3555 3666 3768 3725 κατάλ-

2118 3756 2282 3829 ληλα,
2339 3758 2429 3813 καὶ
2486 3759 2698 3829 παθεῖν,
2742 3760 2861 3813 οἷον
2925 3755 3231 3834 ἀνθρώπους
3289 3755 3386 3831 μὲν
3446 3757 3513 3813 τὰ
3561 3758 3767 3833 οἰκεῖα,

2120 3845 2285 3923 ἄλογα
2344 3843 2397 3901 δὲ
2455 3845 2615 3901 πάλιν
2668 3846 2733 3900 τὰ
2790 3845 3087 3925 πρόσφορα·
3129 3844 3268 3901 οὕτω
3308 3847 3397 3901 καὶ
3455 3846 3508 3902 ἐν
3537 3852 3605 3923 τῇ
3656 3848 3772 3920 θείᾳ

2120 3941 2210 3989 τοῦ
2252 3933 2619 4010 βαπτίσματος
2664 3932 3014 4010 ἀναγεννῃσει
3046 3930 3129 3989 δεῖ
3176 3938 3388 4013 πρῶτον
3423 3939 3539 4008 Θεῷ
3598 3935 3778 4013 ὑπάρ-

2122 4024 2226 4101 ξαι,
2287 4024 2374 4079 καὶ
2426 4023 2545 4078 τότε
2599 4026 2881 4100 ἐνεργῆσαι
2941 4023 3042 4090 τὴν
3089 4021 3305 4100 ἀγάπην
3367 4023 3550 4099 α’ὒτοῦ,
3579 4025 3667 4083 καὶ
3707 4026 3777 4081 τὰ

385 4112 473 4173 uti
504 4120 714 4173 caetera
740 4128 873 4193 quae
900 4110 971 4171 ad
1004 4118 1167 4171 recte
1200 4108 1514 4170 vivendum
1561 4116 1851 4187 εμεειειηι.
1890 4106 2038 4187 Ejus

2124 4112 2287 4170 λοιπὰ
2337 4114 2467 4189 πρὸς
2521 4113 2769 4182 εὐζωίαν⁶
2831 4115 2926 4168 106
2977 4112 3077 4190 γὰρ
3134 4111 3386 4187 μηδαμοῦ
3451 4111 3600 4177 ὄντος
3655 4110 3776 4172 οὐδὲ

401 4202 557 4263 enim
583 4203 736 4282 quod
763 4218 1137 4281 nequaquam
1167 4210 1280 4278 est,
1308 4216 1500 4279 neque
1525 4206 1715 4259 motus
1740 4205 1849 4277 cst;
1884 4197 2038 4279 quod

2125 4203 2329 4271 κίνησίς
2387 4201 2519 4258 ἐστι’
2555 4203 2615 4257 τὸ
2650 4200 2703 4256 δὲ
2746 4222 2861 4265 πως
2906 4203 2986 4274 ὃν,
3020 4200 3185 4279 ἤγουν
3214 4202 3277 4258 τὸ
3307 4202 3484 4275 μόνως
3513 4203 3772 4283 ὑποστὰν³

400 4299 597 4353 autem
618 4308 854 4370 quoquo
884 4297 1050 4369 pacto
1072 4296 1180 4363 est,
1208 4287 1333 4349 sive
1347 4287 1501 4368 quod
1527 4288 1715 4347 solum
1745 4285 2038 4365 subsistit,

2125 4293 2398 4369 ἐνεργήσει
2442 4290 2654 4352 πάντως
2698 4290 2764 4346 τὰ
2824 4292 3097 4369 πρόσφορα
3140 4291 3213 4353 εἷς
3274 4292 3335 4346 τὸ
3387 4289 3627 4368 γενέσθαι
3687 4293 3780 4348 καὶ

402 4379 747 4461 operabitur
779 4378 1023 4439 omnino
1054 4394 1186 4458 qua:
1218 4376 1334 4439 sibi
1376 4385 1518 4437 sunt
1543 4375 1948 4447 accommoda,
1984 4384 2038 4436 ut

2127 4379 2347 4436 τοιῶσδε
2396 4380 2455 4436 ὃν
2485 4380 2521 4447 ἢ
2568 4376 2788 4451 τοιόνδε,
2823 4383 2943 4437 οἷον
3004 4377 3188 4445 ἁπλῶς
3232 4381 3305 4442 εἰς
3337 4376 3554 4457 ὕπαρξιν
3610 4378 3779 4437 ἐλθὼν

404 4470 600 4532 taliter
622 4476 720 4529 aut
751 4467 867 4529 tale
896 4466 1036 4547 quid
1070 4467 1336 4545 exsistat,
1363 4485 1419 4529 ν.
1454 4486 1511 4544 g.
1537 4466 1741 4537 homo,
1775 4468 1873 4544 qui
1905 4464 2038 4525 sim«

2129 4468 2427 4537 ἄνθρωπος.
2476 4475 2595 4531 Hm;
2652 4468 2745 4523 οὖν
2800 4467 2899 4539 ἔτι,
2950 4470 3027 4543 μὴ
3079 4470 3368 4547 ἐνεργήσας
3431 4489 3505 4542 τι,
3566 4465 3781 4527 δύναται

403 4558 640 4638 pliciter
670 4557 730 4617 in
773 4574 973 4618 rerum
1008 4565 1274 4617 naturam
1309 4555 1545 4636 prodiit.
1595 4553 1901 4626 Quomodo
1928 4554 2038 4633 igi-

2132 4559 2308 4616 ἐλθετν
2359 4560 2431 4621 εἷς
2462 4558 2522 4614 τὸ
2575 4556 2779 4614 τοιόσδε
2817 4557 2981 4629 εἶναι,
3029 4556 3191 4634 ἤγουν
3230 4555 3451 4630 δίκαιος,
3487 4556 3782 4637 ἐνεργήσας

401 4622 497 4709 tur
517 4646 885 4727 quinecdum
908 4653 1187 4727 operatur
1214 4622 1564 4727 quidquam,
1592 4622 1785 4723 potest
1801 4660 1870 4704 eo
1903 4622 2045 4722 per-
2066 4622 2115 4676 Β

402 4740 607 4801 venire
648 4745 710 4797 ut
757 4734 890 4796 talis
930 4735 1029 4815 sit,
1065 4734 1228 4796 verbi
1262 4740 1467 4812 gratia,
1509 4734 1726 4813 justus,
1774 4732 2045 4795 faciendo

397 4827 721 4908 justitiam;
744 4825 838 4887 vel
872 4824 1026 4905 talis,
1056 4825 1211 4886 aliud
1241 4824 1383 4904 quid
1409 4823 2043 4903 operando?Coeterum

404 4936 539 4979 cum
555 4916 735 4978 divini
770 4914 1137 4995 baptismatis
1155 4913 1416 4994 symbola
1430 4912 1810 4991 conspecturi
1834 4912 2041 4995 simus,

404 5024 581 5067 nemo
632 5004 912 5086 profanus
968 5004 1038 5065 ad
1076 5021 1273 5065 rerum
1321 5003 1608 5064 dictarum
1641 5003 2043 5082 spectaculum

404 5095 696 5175 accedat;
732 5111 927 5172 neque
956 5093 1116 5154 enim
1176 5092 1406 5154 debiles
1436 5092 1641 5154 oculos
1684 5090 2047 5156 habentibus

406 5193 595 5246 tutum
648 5192 737 5246 est
766 5180 1001 5243 obtueri
1055 5181 1237 5243 radiis
1268 5199 1420 5262 quos
1463 5181 1554 5244 sol
1584 5180 1915 5262 ejaculatur
1961 5184 2046 5263 (id

408 5273 569 5336 enim
604 5280 714 5346 est,
741 5290 774 5333 a
796 5271 922 5332 sole
948 5270 1409 5352 fabricatis)cum
1434 5272 1611 5333 etiam
1636 5270 1698 5331 in
1729 5271 1878 5350 legis
1907 5292 2045 5334 um-

406 5362 533 5425 bris
558 5362 734 5442 (quas
748 5360 924 5422 etiam
957 5359 1355 5421 hierarchiam
1379 5359 1657 5441 appellat)
1692 5358 2045 5442 Oziaslepra

407 5460 721 5533 correptus
733 5448 805 5511 sit
823 5466 1026 5512 coram
1056 5451 1178 5514 Deo
1193 5450 1439 5512 adi-lens
1455 5456 1787 5526 insensum;
1809 5456 1865 5511 et
1893 5449 2044 5515 Core

490 5724 711 5796 ‘Joan.
743 5743 834 5806 lli,
866 5727 927 5790 5.
1012 5739 1040 5771 ιι
1072 5727 1261 5811 [Musa
1297 5724 1593 5813 interici-.1
1674 5736 1700 5768 ν
1728 5727 1895 5791 Joan.
1929 5745 1969 5817 ι,
2005 5728 2104 5797 13.

2128 4649 2227 4717 τὴν
2259 4647 2613 4714 δικαιοσύνην·
2651 4646 2687 4714 ἢ
2732 4645 2961 4722 τοιόσδε,
2996 4645 3129 4704 ἄλλο
3178 4669 3229 4703 τι
3260 4644 3550 4725 ἐνεργήσας
3579 4668 3594 4725 ;
3628 4645 3785 4706 Ἐπεὶ

2128 4737 2182 4795 δὲ
2240 4738 2511 4813 μέλλομεν
2567 4736 2881 4793 ἐποπτεύειν
2939 4736 3005 4791 τὰ
3063 4744 3157 4793 τοῦ
3217 4736 3354 4793 θείου
3411 4736 3783 4813 βαπτίσματος

2128 4826 2396 4904 σύμϐολα,
2463 4825 2647 4903 μηδεὶς
2696 4823 2981 4891 ἀτέλεστος
3032 4825 3157 4881 ίὲτω
3205 4824 3292 4882 ἐπὶ
3347 4826 3446 4893 τὴν
3502 4827 3624 4883 θέαν
3672 4834 3784 4885 τῶν

2128 4917 2456 4995 λεγομένων*
2514 4917 2601 4972 καὶ
2670 4915 2770 4993 γὰρ
2822 4912 2937 4973 οὐδὲ
3000 4926 3117 4975 τοῖς
3177 4914 3413 4972 ἀσθενέσι
3473 4917 3611 4973 κατὰ
3658 4917 3784 4982 τοὺς

2129 5006 2430 5086 ὀφθαλμοὺς
2483 5001 2749 5061 ἀκίνδυνον
2795 5004 2856 5060 τὸ
2906 5000 3245 5060 ἀντιϐλέπειν
3302 5007 3434 5083 πρὸς
3478 5006 3571 5069 τὰς
3616 5005 3784 5083 αὖγὰς

2128 5098 2189 5163 ἂς
2228 5100 2255 5153 ὁ
2283 5099 2438 5167 ἥλιος
2487 5095 2694 5175 τεύχει,
2726 5099 2905 5171 (τοῦτο
2947 5094 3048 5171 γάρ
3105 5092 3216 5150 ἐστι
3268 5095 3330 5151 τὸ
3359 5094 3782 5176 ἡλιοτεύκτοις,)

2129 5187 2325 5264 δπουγε
2359 5186 2449 5242 καὶ
2505 5183 2559 5241 ἐν
2588 5195 2707 5247 τοῖς
2760 5190 2854 5240 106
2883 5183 3048 5258 νόμου
3102 5181 3372 5265 “ididem,
3409 5185 3650 5255 (κάκεῖνα
3682 5186 3788 5264 γὰρ

2133 5277 2405 5355 ίεραρχίαν
2491 5271 2701 5352 καλεῖ,)
2762 5274 2850 5329 καὶ
2927 5268 3102 5342 Ὀζίας
3176 5271 3477 5354 ἐλεπρώθη,
3549 5272 3783 5331 ἐνώπιον

2128 5365 2258 5423 Θεοῦ
2312 5363 2593 5439 θαμιάσας·
2626 5368 2714 5420 καὶ
2761 5359 2900 5439 Κορὲ
2955 5364 3249 5437 κατεποθη,
3286 5368 3394 5419 τῶν
3438 5362 3518 5439 μὴ
3579 5384 3791 5442 προσ-η-

2125 5456 2326 5514 πιόντων
2430 5455 2584 5535 ἱερῶν
2689 5452 3145 5529 ἀντιποιούμενος·
3239 5453 3327 5511 καὶ
3420 5448 3599 5513 Ναδὰϐ
3694 5457 3791 5514 καὶ
