4150 6158
375 383 495 464 415

1542 394 1604 461 S.
1654 392 2003 460 DIONYSII
2053 393 2587 460 AREOPAGITE.

3631 384 3752 460 416

379 528 629 595 culatus:
663 537 803 594 tunc
831 528 992 594 enim
1023 529 1176 594 forte
1197 547 1316 594 non
1344 531 1540 594 totalis
1565 537 1722 594 esset
1751 529 2015 606 dilectio,

2115 531 2222 590 τότε
2252 531 2351 611 γὰρ
2379 533 2547 612 τυχὸν
2579 533 2682 615 οὔχ
2712 530 2869 599 ὁλική
2899 527 3100 609 ἐγίνετο
3133 524 3194 586 ἂν
3221 526 3256 597 ἡ
3303 525 3600 610 ἀγάπησις,
3657 529 3750 588 εἴ·-

373 619 563 684 sicubi
622 621 951 684 secundum
1002 621 1140 703 quid
1191 623 1262 697 is,
1316 621 1391 684 ad
1423 640 1599 703 quem
1631 620 1898 684 accessio
1931 620 2015 701 fit,

373 709 677 793 perfectus
702 720 860 774 esset
892 719 948 773 et
980 712 1413 785 immaculatus,
1440 711 1596 792 quod
1634 729 1752 772 non
1785 719 2021 772 vacaret

371 801 869 883 reprehensione.
906 800 994 864 Ad
1019 802 1145 864 haec
1177 819 1337 878 vero,
1365 808 1678 882 postquam
1701 799 1896 881 ipsum
1921 799 2019 859 in-

373 891 583 953 struxit
613 891 916 968 quomodo
946 890 1120 953 vitam
1146 909 1325 970 agere
1354 909 1421 952 ac
1447 889 1759 952 instituere
1781 887 2019 962 debeat,

373 986 431 1044 et
481 979 890 1061 interrogavit,
959 989 1092 1062 post
1146 979 1623 1060 astipulationern
1682 979 1813 1058 ejus
1845 976 2024 1058 capiti

375 1087 620 1133 manum
645 1069 902 1150 imponit
924 1070 1296 1150 subditisque
1317 1069 1434 1132 sibi
1457 1067 1870 1131 sacerdotibus
1897 1067 2022 1130 dia-

377 1159 664 1240 conisque
693 1161 952 1234 mandat,
989 1169 1050 1222 ut
1070 1160 1129 1222 in
1161 1177 1362 1220 sacras
1387 1159 1614 1222 tabulas
1639 1159 1883 1221 nomina
1917 1177 2018 1220 re-

375 1248 570 1312 ferant
601 1257 714 1312 tam
769 1249 1108 1313 accedentis
1158 1267 1334 1330 quam
1391 1249 1784 1330 susceptoris.
1845 1247 2018 1312 Hunc

371 1347 569 1402 autem
600 1340 870 1402 existimo
903 1358 1036 1402 esse
1068 1339 1286 1401 librum
1319 1341 1664 1402 viventium.

455 1427 604 1506 ενι.
641 1428 948 1512 Completa
978 1429 1197 1491 deinde
1227 1447 1408 1508 super
1434 1429 1562 1512 ipso
1589 1448 1706 1490 una
1727 1448 1860 1491 cum
1889 1431 2022 1494 aliis

377 1518 667 1595 oratione,
723 1520 914 1598 ipsum
973 1519 1155 1600 exuit,
1217 1519 1392 1581 unica
1441 1519 1748 1595 nimirum,
1801 1528 1860 1582 et
1901 1541 2020 1584 non

375 1611 540 1671 omni
568 1617 755 1684 veste;
790 1608 1005 1671 exinde
1034 1617 1298 1671 statuens
1343 1626 1481 1672 eum
1515 1609 1588 1670 ad
1623 1611 2018 1688 occidentem,

375 1709 466 1761 ter
487 1697 658 1778 jubet
707 1699 1017 1761 insufflare
1067 1701 1321 1772 Satanae,
1357 1707 1414 1760 et
1438 1699 2019 1764 abrenuntiationem

377 1789 667 1870 proﬁteri,
701 1797 790 1850 ter
810 1798 868 1850 et
895 1789 1023 1869 ipse
1054 1790 1174 1848 181
1208 1796 1593 1864 contestatus;
1615 1791 1892 1869 quoniam
1915 1792 2024 1854 hoc

2103 644 2202 678 που
2257 622 2393 678 κατὰ
2438 645 2488 680 τι
2523 625 2550 679 ὁ
2585 627 2716 702 πρὸς
2749 623 2807 679 ὃν
2837 623 2872 690 ἡ
2905 617 3254 699 προσέλευσις
3285 617 3597 682 παντέλειὸς
3634 619 3748 676 ἐστι

2103 712 2190 767 καὶ
2220 710 2466 788 ἄμωμος,
2501 714 2562 768 τὸ
2587 713 2892 792 ἐπίμομφον
2950 709 3138 789 εἶχεν.
3200 706 3342 766 ’Ἔτι
3397 705 3453 764 δὲ
3487 708 3575 766 καὶ
3603 706 3752 774 ὅπως

2105 798 2302 877 διάγειν
2347 802 2434 857 καὶ
2488 800 2853 860 πολιτεύεσθαι
2910 799 3351 880 ὑφηγησάμενος,
3407 799 3494 855 καὶ
3551 819 3754 878 προσε-

2105 890 2371 968 ρωτήσας,
2407 891 2543 965 μετὰ
2573 891 2670 958 τὴν
2700 889 2987 968 ὁμολογίαν
3022 887 3247 968 ἐκείνου,
3278 890 3399 944 τότε
3429 887 3529 956 τὴν
3588 901 3759 969 χεῖρα

2103 985 2172 1056 τῇ
2229 977 2436 1060 κεφαλῇ
2495 980 2781 1059 ἐπιτίθησι,
2859 980 2946 1036 καὶ
3005 976 3209 1035 κελεύει
3266 989 3386 1042 τοῖς
3442 973 3534 1034 ὑπ’
3595 978 3758 1035 αὐτὸν

2101 1069 2473 1148 πρεσκυτέροις
2528 1072 2616 1127 καὶ
2677 1069 2942 1135 διακόνοις
2994 1071 3052 1126 ἒν
3111 1066 3316 1131 δέλτοις
3373 1069 3544 1146 ἱεραῖς
3603 1067 3754 1125 ἀποο

2103 1160 2430 1238 γράψασθαι’
2466 1160 2530 1216 τὰ
2599 1160 2859 1234 ὀνόματα,
2919 1165 3012 1216 τοῦ
3080 1179 3138 1214 τε
3209 1154 3594 1236 προσελθόντος
3665 1157 3756 1215 καὶ

2103 1257 2196 1306 τοῦ
2223 1247 2510 1330 ἁναδόχου.
2545 1255 2717 1308 Ταῦτα
2771 1247 2850 1328 δὲ,
2907 1249 3089 1329 οἶμαι,
3149 1245 3245 1303 εἶσὶ
3285 1246 3351 1305 τὰ
3383 1251 3485 1303 τῶν
3540 1247 3756 1320 ζώντων

2107 1338 2361 1417 δίπτυχα.

2187 1429 2216 1508 §
2251 1430 2345 1488 νι.
2379 1432 2533 1503 Εἶτα,
2568 1427 2965 1507 συμπληρώσεις
2995 1440 3113 1493 τοῖς
3147 1426 3329 1491 ἅλλοις
3361 1425 3447 1484 ἐπ’
3479 1425 3621 1502 αῦτῷ
3647 1427 3750 1494 τὴν

2107 1519 2298 1599 εὒχὴν,
2371 1517 2814 1598 ἀπαμφιέννυσιν,
2875 1517 2930 1573 ἓν
2985 1514 3195 1592 ἱμὸίτιον
3251 1515 3523 1597 δηλονότι,
3577 1516 3666 1572 καὶ
3695 1517 3757 1574 οὗ

2106 1614 2278 1664 πᾶσαν
2337 1608 2436 1675 τηδ
2497 1607 2710 1675 ἐσθῆτα·
2775 1611 2896 1663 εἶτα
2955 1605 3273 1685 ἐπιστρέψας
3333 1608 3464 1685 πρὸς
3525 1603 3756 1686 δυσμὰς,

2105 1697 2212 1774 τρὶς
2272 1696 2569 1776 ἐμφυσῆσαι
2629 1703 2706 1769 τῷ
2763 1701 2975 1768 Σατανᾷ
3004 1692 3386 1768 διακελεύεται,
3431 1695 3519 1750 καὶ
3550 1692 3756 1770 ὁμολο-

2105 1792 2269 1862 γῆσαι
2301 1790 2365 1844 τὰ
2393 1792 2492 1853 τῆς
2523 1787 2822 1864 ἆποταγῆς,
2857 1786 2969 1865 τρὶς
3029 1786 3116 1842 καὶ
3148 1787 3300 1850 αὗτὸς
3329 1784 3756 1863 ματρυρόμενος,

372 1878 541 1941 facis.
575 1878 806 1942 Deinde
831 1878 1110 1941 transfert
1135 1879 1206 1940 ad
1242 1878 1561 1952 orientem,
1597 1880 1836 1958 Deoque
1850 1878 2023 1959 jubet

2115 1876 2186 1932 ὅτι
2244 1889 2420 1940 ποιεῖς
2478 1879 2655 1937 τοῦτο.
2693 1877 2830 1934 Εἶτα
2861 1875 3082 1951 μετάγει
3128 1875 3258 1953 πρὸς
3288 1874 3383 1946 ἕω,
3414 1875 3503 1930 καὶ
3531 1879 3608 1947 τῷ
3642 1880 3760 1949 Θεῷ

377 1968 743 2050 consentire,
772 1977 1131 2050 protestatus
1169 1977 1226 2030 et
1256 1967 1354 2030 hic
1385 1967 1607 2049 triplici
1650 1969 2021 2050 professione

377 2057 581 2120 ﬁdem.

455 2146 754 2227 §VILHac
776 2147 973 2229 itaque
988 2166 1165 2228 prece
1179 2147 1614 2228 facta,ministri
1632 2147 1802 2230 plane
1825 2148 2016 2228 ipsum

373 2246 618 2312 exuunt,
644 2246 706 2299 ut
723 2255 890 2301 sacro
909 2238 1039 2299 oleo
1066 2241 1399 2317 inungatur.
1423 2238 1573 2300 Dum
1596 2248 1727 2300 ante
1739 2258 1792 2299 m
1818 2257 2018 2301 sacer-

377 2327 546 2390 dotes
580 2346 715 2390 eum
749 2328 1068 2405 inungunt,
1105 2327 1370 2390 Pontifex
1403 2329 1474 2390 ad
1519 2329 1854 2409 adoptionis
1891 2348 2014 2389 ma-

375 2426 529 2480 trem
563 2417 686 2480 sive
734 2418 1146 2499 baptisterium
1189 2419 1444 2493 accedit,
1491 2419 1835 2498 ibidemque
1883 2438 2016 2481 cum

374 2525 586 2588 aquam
619 2506 948 2589 benedixit,
972 2517 1151 2588 atque
1173 2508 1445 2570 recitavit
1470 2526 1705 2570 sacrum
1737 2509 2018 2589 hymnum

376 2597 567 2661 sancti
592 2595 846 2680 Spiritus
874 2598 1003 2679 (qui
1025 2607 1268 2660 sanctus
1294 2598 1548 2678 Spiritus
1572 2607 1660 2661 est
1682 2599 2018 2661 divinorum

379 2688 800 2770 prophetarum
825 2687 1163 2770 inspiratio)
1186 2688 1373 2748 virum
1402 2687 1639 2768 accipit.
1666 2687 1796 2750 Non
1823 2699 2022 2752 autem

378 2777 527 2840 dixit
555 2795 790 2839 sacrum
836 2778 1117 2857 hymnum
1175 2777 1509 2838 divinorum
1571 2777 2018 2858 prophetarum,

378 2885 582 2945 neque
613 2867 773 2928 enim
808 2867 1114 2947 prophetis
1145 2884 1354 2928 omnes
1399 2885 1580 2927 unum
1637 2875 1817 2942 atque
1865 2866 2023 2927 idem

381 2955 678 3018 canticum
710 2957 1056 3017 recitarunt.
1085 2957 1185 3018 Est
1204 2965 1401 3018 autem
1424 2955 2028 3035 psalmusvicesimus

383 3054 657 3108 octavus:
705 3045 828 3108 Vox
861 3039 1316 3126 Dominisuper
1365 3063 1577 3123 aquas,
1639 3054 1699 3106 et
1728 3045 2022 3107 Alleluia.

2106 1964 2308 2023 κελεύει
2367 1964 2732 2036 συντάξασθαι,
2801 1966 3194 2045 μαρτυρόμενος
3255 1965 3519 2024 κάνταῦτα
3571 1963 3658 2021 ἐπὶ
3687 1970 3759 2041 τῇ

2102 2061 2290 2134 τρισσῇ
2318 2055 2578 2132 ὁμολογία
2609 2055 2705 2123 τῆς
2751 2056 3002 2118 πίστεως,

2183 2149 2210 2221 §
2257 2145 2380 2207 νη.
2443 2145 2572 2202 Τότε
2634 2144 2756 2222 γοῦν
2820 2143 3126 2219 εὐξαμένου,
3190 2141 3386 2208 τελέως
3438 2141 3757 2201 ἆπεκδύουσι

2100 2241 2285 2291 τοῦτον
2315 2237 2362 2291 οἶ
2392 2233 2705 2312 λειτουργοὶ,
2741 2232 2821 2312 ἐφ’
2854 2237 2900 2308 ᾧ
2929 2237 3217 2312 χρισθῆναι
3249 2233 3309 2289 τὸ
3359 2233 3511 2311 ἅγιον
3543 2231 3753 2294 ἕλαιοθ.

2105 2326 2218 2382 Τῶν
2247 2331 2369 2401 γοῦν
2399 2323 2579 2402 ἱερέων
2613 2324 2899 2402 χριξντων,
2935 2324 3088 2387 αὐτὸς
3120 2321 3204 2378 ἐπὶ
3235 2323 3334 2390 τὴν
3390 2321 3599 2401 μητέρα
3649 2327 3750 2390 τῆς

2101 2415 2355 2478 υἱοθεσίας
2411 2415 2510 2479 τὴν
2566 2409 2938 2490 κολυμϐήθραν
2997 2411 3239 2492 ἔρχεται,
3307 2413 3392 2468 καὶ
3455 2413 3516 2467 τὸ
3575 2410 3754 2469 ἐκεῖσε

2104 2502 2328 2581 ἁγιάσας
2381 2501 2538 2578 ὕδωρ,
2603 2503 2691 2559 καὶ
2763 2503 2924 2558 εἰπὼν
2983 2503 3044 2557 τὸ
3103 2502 3237 2580 ἱερὸν
3298 2498 3595 2577 μελῴδημα
3664 2508 3759 2560 τοῦ

2106 2595 2253 2672 ἁγίου
2310 2593 2637 2668 Πνεύματος,
2701 2590 2857 2668 (ὅπερ
2907 2590 3061 2670 ἅγιον
3123 2597 3335 2666 Πνεῦμα
3403 2591 3436 2658 ἡ
3510 2590 3765 2650 ἐπίπνοιά

2108 2685 2217 2741 ἐστι
2275 2684 2378 2740 τῶν
2439 2683 2590 2738 θείων
2644 2679 2984 2762 προφητῶν)
3047 2679 3263 2760 δέχεται
3319 2682 3408 2737 τὸν
3469 2678 3650 2758 ἄνδρα.
3689 2681 3764 2738 Οῦ

2107 2775 2207 2852 γὰρ
2265 2775 2325 2830 16
2372 2773 2510 2850 ἱερὸν
2571 2769 2866 2847 μελῴδημα
2927 2776 3032 2827 τῶν
3063 2772 3212 2827 θείων
3243 2776 3528 2851 προφητῶν
3571 2792 3757 2850 φησιν,

2109 2868 2168 2923 0-3
2224 2864 2323 2940 γὰρ
2382 2862 2575 2923 πάντες
2634 2863 2682 2918 οἱ
2733 2865 3002 2939 προφῆται
3063 2860 3221 2918 εἶπον
3253 2861 3380 2916 αὐτὸ
3408 2861 3470 2916 τὸ
3501 2859 3556 2916 ἓν
3587 2859 3755 2934 ᾆσμα·

2112 2951 2221 3010 ἔστι
2278 2950 2330 3007 δὲ
2395 2953 2422 3006 6
2482 2949 2572 3016 κη’
2637 2949 2878 3026 ψαλμὸς·
2943 2950 3105 3016 Φωνὴ
3165 2950 3350 3028 Κυρίου
3380 2950 3465 3007 ἐπὶ
3495 2955 3599 3006 τῶν
3629 2947 3761 3006 ὑδά-

2109 3063 2238 3117 των,
2271 3041 2451 3098 καὶτὸ
2480 3038 2832 3106 Ἀλληλούϊα.
2898 3041 2995 3098 Καὶ
3051 3039 3222 3099 πάννα
3278 3039 3368 3096 ἔπ’
3428 3041 3571 3112 αὐτῷ
3605 3039 3762 3120 ἱερῶς

379 3134 608 3208 Quibus
638 3135 918 3197 omnibus
946 3153 1128 3216 super
1157 3138 1288 3216 ipso
1346 3135 1458 3196 rite
1517 3135 1795 3216 peractis,
1858 3154 2023 3197 sacro

2115 3130 2553 3210 διαπραξάμενος,
2605 3137 2681 3203 τῷ
2748 3130 2884 3210 ἀφίῳ
2951 3128 3206 3210 ἐγηρίσας
3279 3130 3447 3209 μύρῳ,
3526 3128 3764 3210 μέτοχον

379 3225 510 3287 oleo
542 3226 881 3297 inunctum,
922 3227 1268 3307 participem
1311 3225 1479 3287 illum
1529 3225 1670 3286 facit
1717 3226 2028 3288 immorta-

383 3316 530 3378 lium
565 3317 1006 3396 mysteriorum.
1041 3315 1168 3378 Non
1218 3324 1446 3397 oportet
1480 3323 1676 3379 autem
1712 3317 1934 3391 mirari,
1968 3317 2033 3394 lsi

384 3413 626 3468 sanctus
650 3406 746 3469 hic
774 3411 949 3470 Pater
972 3406 1242 3488 quaedam
1278 3405 1351 3468 ab
1384 3405 1593 3467 ordine
1609 3405 1734 3486 jam
1759 3410 1811 3468 in
1831 3408 2030 3471 eccle-

381 3495 487 3558 siis
506 3507 750 3578 recepto
775 3498 1008 3560 diversa
1039 3506 1493 3559 commemoret:
1528 3495 1848 3559 verisimile
1869 3499 2030 3560 enim

394 3593 506 3661 est,
539 3586 664 3649 haec
695 3605 799 3668 pro
825 3588 936 3648 isto
967 3588 1257 3668 temporis
1286 3593 1438 3647 statu
1471 3587 1842 3666 congruisse,
1874 3607 2033 3652 nunc

389 3684 585 3738 autem
619 3677 952 3738 accuratius
981 3677 1139 3740 fieri.

467 3765 774 3843 §Vlll.His
793 3767 1098 3839 absolutis,
1137 3767 1452 3830 hierarcha
1472 3767 1670 3830 denuo
1686 3767 1756 3828 ad
1785 3769 2033 3847 primam

384 3857 949 3928 contemplationem,
972 3859 1090 3914 sive
1113 3857 1410 3929 mysticam
1426 3856 1896 3927 precationem,id
1917 3867 2020 3924 est,

381 3936 578 4000 missae
601 3937 960 3999 sacrificium
983 3939 1345 4000 convertitur
1370 3956 1383 4001 :
1421 3957 1614 4018 neque
1634 3938 1794 3999 enim
1824 3938 2021 4020 decet,

379 4035 445 4088 ut
465 4028 792 4105 quidquam
822 4046 858 4088 a
883 4030 1008 4089 suis
1036 4027 1319 4090 institutis
1351 4036 1563 4091 tractet
1593 4028 1880 4090 alienum.
1912 4031 2023 4092 De-

2115 3225 2272 3282 αὐτὸν
2342 3222 2430 3278 καὶ
2498 3227 2602 3276 τῶν
2676 3220 2948 3278 ἀθανάτων
3005 3220 3306 3298 μυστηρίων
3373 3217 3761 3284 ἀποδείκνυσιν,

2117 3316 2188 3371 0-3
2217 3311 2330 3392 χρὴ
2363 3308 2416 3365 δὲ
2446 3313 2753 3384 θαυμάζειν,
2817 3311 2860 3364 εἰ
2919 3310 3063 3388 παρὰ
3118 3309 3216 3376 τὴν
3267 3310 3353 3365 νῦν
3383 3315 3676 3386 κρατοῦσαν
3708 3309 3762 3366 ἐν

2115 3414 2236 3466 ταῖς
2291 3398 2596 3465 ἐκκλησίαις
2654 3399 2824 3478 τάξιν,
2884 3396 3308 3478 παρηλλαγμένα
3367 3397 3512 3478 λέγει
3568 3399 3687 3456 τινὰ
3736 3401 3764 3457 6

2116 3493 2321 3570 Πατήρο
2385 3491 2523 3552 εἰκὸς
2571 3489 2670 3567 γὰρ
2725 3496 2890 3545 ταῦτα
2949 3488 3128 3565 ἐκείνῃ
3185 3489 3283 3565 μὲν
3313 3495 3380 3566 τῇ
3416 3495 3522 3545 τῶν
3553 3489 3765 3569 χρόνων

2115 3584 2434 3643 καταστάσει
2505 3581 2751 3659 ἁρμόζειν
2781 3629 2795 3658 ,
2871 3589 2958 3639 νῦν
3042 3579 3096 3637 δὲ
3179 3580 3547 3663 ἀκριϐέστερον
3629 3583 3770 3661 γίνε-

2117 3698 2258 3734 σται.

2193 3769 2220 3840 §
2249 3761 2408 3826 VIII.
2441 3768 2613 3821 Ταῦτα
2641 3760 2860 3826 τελέσας
2892 3765 2919 3818 6
2949 3762 3231 3842 ἱεράρχης,
3261 3762 3347 3819 ἐπὶ
3396 3763 3496 3830 τὴν
3539 3762 3760 3842 πρώτην

2115 3853 2209 3910 καί
2267 3852 2427 3911 πάλιν
2476 3851 2798 3908 ἀνατείνεται
2862 3852 3106 3931 θεωρίαν,
3139 3851 3175 3922 ἢ
3208 3852 3376 3932 εὐχὴν
3404 3853 3691 3929 μυστικὴν,
3723 3852 3759 3922 ἢ

2105 3944 2202 4011 τὴν
2255 3942 2396 4020 ἱερᾶν
2455 3940 2806 4020 λειτουργίαν”
2873 3943 2932 3998 οῦ
2987 3943 3086 4020 γὰρ
3134 3940 3213 3998 δεῖ
3243 3940 3330 3997 ἐπ’
3363 3940 3627 4021 ἀλλοτρίῳ
3655 3950 3762 4006 τινὶ

2104 4034 2245 4111 παρὰ
2299 4033 2366 4088 τὰ
2421 4032 2602 4088 οἰκεῖα
2660 4031 2964 4110 τρέπεσθαι.
3031 4030 3204 4098 Δηλοτ
3253 4029 3310 4087 δὲ
3341 4031 3581 4111 ὁλόγος,
3618 4032 3760 4088 ὃτιὸ

383 4114 566 4179 clarat
594 4125 790 4181 autem
826 4117 923 4179 hic
953 4135 1175 4187 sermo,
1218 4117 1374 4199 quod
1407 4117 1747 4198 episcopus,
1783 4116 1882 4197 qui
1918 4119 2020 4181 Dei

2115 4123 2419 4201 ἓπισκοπος,
2481 4122 2656 4178 εἰκόνα
2715 4121 2929 4202 ἐπέχων
2959 4128 3052 4179 τοῦ
3111 4122 3326 4178 πάντων
3385 4127 3540 4202 Θεοῦ,
3579 4120 3761 4200 ὥσπερ

382 4207 648 4268 omnium
687 4225 997 4289 personam
1031 4207 1302 4282 sustinet,
1337 4205 1838 4286 quemadmodum
1869 4205 2023 4269 Deus

2115 4215 2137 4268 6
2177 4214 2307 4275 Θεὸς
2365 4212 2450 4267 ἐπὶ
2507 4216 2604 4278 τῆς
2656 4211 2850 4274 οἰκείας
2905 4209 3158 4278 ἑνότητος
3208 4211 3296 4267 καὶ
3325 4210 3650 4278 ταύτότητος
3679 4210 3763 4267 ἀεὶ

381 4301 442 4356 in
469 4314 577 4358 suo
603 4295 707 4357 illo
737 4315 856 4358 uno
880 4295 1212 4377 eodemque
1237 4304 1389 4357 statu
1423 4313 1664 4376 semper
1692 4305 2023 4371 manens,et

2115 4301 2306 4377 μένων,
2366 4303 2452 4358 καὶ
2511 4301 2910 4380 ἀνεκφοιτήτως
2975 4302 3050 4365 εἰς
3110 4301 3294 4357 ἑαυτὸν
3325 4297 3621 4380 ἱδρυμένος,

383 4386 443 4446 in
472 4386 603 4466 ipso
626 4386 776 4448 ﬁxus
800 4405 1105 4463 nunquam
1131 4385 1739 4458 sedeserens,salutis
1763 4385 2023 4447 omnium

2115 4392 2292 4468 τηρίας
2353 4391 2507 4448 ἕνεκα
2560 4392 2772 4447 πάντων
2836 4403 2960 4455 ταῖς
3031 4403 3417 4470 προνεητιιιαϊς
3486 4387 3761 4470 προόδοις,

382 4493 576 4545 causa,
617 4475 1004 4554 providentiae
1035 4495 1158 4537 sua:
1189 4474 1707 4554 progressionibus
1723 4474 1795 4536 ad
1828 4475 2023 4536 omnia

2115 4481 2195 4537 ἐπὶ
2252 4481 2422 4537 πάντα
2479 4481 2573 4544 τὰς
2631 4479 2726 4548 τῆς
2785 4479 3117 4558 ἆγαθότητος
3169 4479 3473 4556 ἀλλᾶμψεις
3519 4479 3762 4552 ἐκτείνει,

3656 4322 3767 4356 σωο

381 4561 662 4625 bonitatis
687 4563 1112 4626 illustrationes
1138 4563 1426 4642 extendit,
1455 4563 1848 4644 omnibusque
1871 4584 2028 4646 prae-

384 4671 522 4716 sens
552 4662 664 4728 est,
697 4672 731 4714 a
762 4653 1085 4716 stabilitate
1137 4673 1240 4714 sua
1291 4652 1540 4714 minime
1570 4651 1913 4734 discedens,
1945 4655 2032 4716 sic

379 4744 557 4806 etiam
577 4745 915 4824 episcopus,
951 4744 1026 4805 ad
1063 4743 1453 4806 imitationem
1485 4742 1591 4805 Dei
1619 4741 2033 4822 symbolice,et

385 4843 560 4914 prout
611 4839 825 4914 potest,
859 4834 920 4896 in
971 4852 1077 4894 sua
1119 4836 1394 4900 statione,
1442 4831 1500 4892 id
1525 4832 1714 4906 est,in
1743 4833 2031 4896 ecclesia-

383 4923 534 4984 stico
560 4924 898 5004 principatu
925 4941 1306 5005 permanens,
1339 4921 1412 4983 ad
1439 4922 1721 4984 inferiora
1751 4922 2029 4985 humani-

385 5011 518 5073 tatis
541 5012 906 5092 providentia
930 5013 1196 5093 procedit
1223 5032 1238 5074 :
1271 5021 1328 5073 et
1352 5011 1700 5073 inferiorum
1723 5011 2026 5088 guberna-

384 5105 547 5164 tione
591 5101 832 5183 impleta
880 5120 1118 5164 rursum
1173 5102 1244 5164 ad
1274 5101 1459 5164 altare
1486 5099 1666 5172 redit,
1700 5100 2026 5183 symbolice

385 5193 718 5266 declarans,
732 5210 798 5254 se
819 5192 1166 5254 inferiorum
1197 5191 1565 5272 providentia
1584 5201 1832 5274 motum,
1848 5192 2026 5256 rebus

385 5283 598 5346 divinis
629 5282 853 5344 ibidem
887 5283 1166 5363 pereatis,
1197 5300 1230 5343 a
1261 5281 1475 5344 divinis
1505 5283 1895 5344 sacramentis
1925 5301 2021 5345 re-

381 5393 525 5437 cens
548 5372 843 5454 baptizato
875 5371 1128 5445 collatis,
1161 5373 1236 5435 ad
1259 5371 1525 5434 divinum
1567 5371 1902 5434 institutum
1936 5391 2028 5435 re-

379 5463 622 5546 verti,ut
644 5470 946 5545 appareat,
972 5461 1168 5544 ipsum
1213 5479 1248 5522 a
1277 5469 1481 5524 sancto
1538 5460 1764 5540 Spiritu
1803 5461 1941 5526 duci
1971 5471 2028 5527 et

383 5554 618 5619 reduci.

807 5643 939 5704 182
981 5641 1081 5706 Ill.
1133 5639 1602 5721 Contemplatio.

471 5733 687 5818 §I.lloc
703 5734 902 5820 itaque
921 5739 1457 5800 estsacramcntum
1479 5739 1691 5796 nostrae
1706 5748 2029 5817 regenera-

2114 4572 2200 4627 καὶ
2257 4577 2385 4627 πᾶσι
2445 4571 2692 4649 πάρεστι,
2754 4569 2852 4646 τῇς
2914 4568 3157 4648 ἱδρύσεως
3193 4571 3288 4626 οὐκ
3338 4569 3597 4643 ἀποστάς,
3627 4568 3768 4626 οὕτω

2115 4663 2200 4719 καὶ
2229 4662 2256 4716 6
2313 4659 2600 4723 ἐπίσκοπος
2654 4661 2790 4716 κατὰ
2842 4661 3068 4736 μίμησιν
3115 4659 3207 4717 τοῦ
3239 4665 3370 4716 Θεοῦ
3399 4656 3764 4734 συμϐολικῶς,

2115 4751 2201 4806 καὶ
2236 4751 2308 4812 ὡς
2365 4751 2507 4824 αὒτῷ
2557 4747 2798 4824 δυνατὸν,
2861 4749 2944 4807 ἐπὶ
3003 4758 3100 4822 τῆς
3152 4749 3345 4811 οὶκείας
3391 4749 3627 4811 στάσεως
3658 4747 3767 4822 μέ-

2115 4861 2240 4917 νων,
2301 4838 2541 4897 τουτέστι
2619 4844 2716 4906 τῆς
2787 4838 3236 4907 ἐκκλησιαστικῆς
3291 4839 3494 4921 ἀρχῆς,
3554 4837 3766 4916 πρόεισι

2113 4932 2333 5008 προνοίᾳ
2391 4928 2781 5009 φιλανθρωπίας
2841 4929 2936 4986 ἐπὶ
2995 4930 3061 4986 τὰ
3117 4930 3350 5008 δευτέρω
3412 4929 3500 4985 καὶ
3531 4925 3766 5001 πληρώ-

2112 5040 2206 5085 σας
2262 5019 2362 5086 τὴν
2417 5025 2524 5075 τῶν
2581 5018 2831 5098 δευτέρων
2889 5019 3218 5094 οἰκονομίαν,
3279 5015 3438 5076 πάλιν
3491 5017 3766 5075 ἐπάνεισιν

2112 5107 2196 5164 ἐπὶ
2262 5110 2324 5164 τὸ
2389 5109 2783 5184 θυσιαστήριον·
2872 5108 3140 5188 παριστῶν
3227 5105 3588 5183 συμϐολικῶς,
3679 5105 3767 5164 ὅτι

2109 5203 2474 5276 προνοητικῶς
2536 5200 2621 5255 ἐπὶ
2678 5199 2744 5255 τὰ
2799 5197 3013 5277 δεύτερα
3069 5198 3325 5272 κινηθεὶς,
3387 5197 3475 5254 καὶ
3531 5196 3600 5252 τὰ
3639 5199 3767 5254 θεῖα

2108 5290 2285 5344 εκεϊσε
2319 5285 2758 5365 διαπραξάμενος,
2792 5288 2898 5345 ἀπὸ
2929 5294 3034 5345 τῶν
3084 5289 3236 5345 θείων
3285 5287 3371 5344 ἐπὶ
3425 5291 3503 5360 τῷ
3561 5305 3766 5366 νιοφω·

2109 5378 2269 5450 τίστῳ
2324 5375 2675 5435 τελεσθέντων
2731 5380 2864 5455 πρὸς
2917 5379 3064 5434 θεῖον
3119 5373 3451 5452 ἕπιτήδευμα
3505 5375 3764 5450 ἔπιστρέ-

2111 5488 2217 5548 φει,
2252 5467 2381 5544 πρὸς
2412 5469 2474 5524 τὸ
2504 5475 2581 5543 τῷ
2639 5468 2774 5547 ἁγίορ
2829 5467 3094 5545 Πνεῦματι
3155 5463 3336 5526 δοκοῦν
3368 5465 3628 5547 ἀγόμενος
3671 5471 3766 5528 καὶ

2113 5556 2484 5636 μεταγόμενος
2499 5601 2512 5619 .

2743 5656 2836 5707 Ill.
2885 5647 3108 5726 Θεωρία.

2192 5739 2287 5816 §I.
2324 5734 2466 5807 Αὕτη
2498 5735 2595 5816 μὲν
2628 5735 2718 5798 οὖν
2748 5735 2890 5796 ἐστιν
2921 5739 2955 5810 ἡ
2985 5735 3175 5812 τελετῆ
3203 5737 3301 5806 τῆς
3335 5733 3598 5817 ἡμετέρας
3630 5735 3764 5797 ἀνα-
