4150 6158
399 314 519 391 419

1561 310 1622 387 S.
1672 308 2016 388 DIONYSII
2062 305 2597 389 AREOPAGITIE.

3646 298 3770 383 4‘20

400 472 538 529 sunt
565 480 579 527 :
604 462 827 525 dixerat
852 448 1035 543 enim,
1061 454 1178 523 duo
1210 479 1343 525 esse
1376 460 1526 523 mala
1548 459 1851 522 intellectu
1885 476 2034 539 prae-

2133 462 2425 528 >υσιότητα.
2462 460 2555 518 ’¹Η
2616 460 2716 540 γὰρ
2747 457 3028 540 ἀφίσταται
3082 478 3163 520 τις
3222 463 3315 515 τοῦ
3370 457 3507 513 θείου
3560 457 3765 535 φωτὸς,

400 555 658 619 ditorum
708 559 949 633 propter
980 553 1280 635 propriam
1321 550 1684 613 libertatem.
1715 549 1825 611 Vel
1877 549 2039 611 enim

398 643 624 707 deserit
645 641 778 720 quis
801 640 1058 703 divinam
1092 641 1409 715 lucem,vel
1432 640 1590 720 sapit
1617 658 1802 720 supra
1826 638 2038 701 modu-

397 733 521 795 lum
552 738 819 795 suum.et
846 730 1006 811 quod
1028 748 1147 791 non
1177 731 1456 791 convenit
1483 730 1714 806 quaerit.

483 821 623 902 §IV.
649 820 896 901 Rursus,
917 839 1051 881 cum
1075 819 1340 882 divinum
1356 817 1838 896 numeusitorigo
1861 825 2041 880 rectae

401 909 794 975 ordinationis
839 927 1023 970 sacra;
1051 910 1379 971 secundum
1412 927 1590 987 quam
1645 907 1818 970 etiam
1848 906 2043 986 angeli

399 1011 591 1065 semet
620 1000 782 1079 ipsos
823 1007 1066 1079 norunt,
1103 1017 1215 1061 nec
1253 998 1591 1060 inordinate
1623 996 1938 1079 prosiliunt
1968 996 2045 1059 ad

401 1109 473 1154 ea
502 1108 635 1170 quae
667 1106 784 1150 non
808 1087 1043 1161 decent,
1078 1087 1335 1168 primum
1368 1106 1583 1149 munus
1616 1106 1684 1148 ex
1710 1086 1907 1149 divina
1931 1085 2045 1148 do-

399 1182 593 1245 ctrina
620 1177 754 1259 quis
784 1178 1190 1256 consequitur,
1215 1176 1376 1254 quod
1421 1176 1684 1257 seipsum
1719 1184 1947 1252 noscat,
1983 1183 2045 1237 ut

397 1269 548 1333 illud
562 1267 718 1349 quod
742 1268 797 1327 in
820 1267 948 1345 lege
979 1266 1265 1343 scriptum
1289 1272 1379 1327 est
1404 1275 1627 1347 servet,
1658 1266 1901 1329 attende
1934 1265 2045 1329 tibi

398 1360 519 1439 ipsi
538 1369 563 1401 ³
584 1407 601 1439 ,
627 1355 1125 1437 quemadmodum
1149 1355 1326 1417 etiam
1361 1357 1607 1435 Magnus
1638 1354 1891 1418 Basilius
1918 1356 1996 1417 ait
2025 1372 2039 1415 :

398 1449 676 1514 Eatenus
687 1450 848 1509 enim
863 1445 944 1508 ad
951 1446 1272 1526 proprium
1286 1452 1534 1508 natura:
1545 1444 1605 1507 lu
1616 1447 1902 1525 men,sive
1912 1462 2045 1508 con-

397 1537 783 1612 templationem
852 1535 1183 1592 scientianam
1238 1549 1535 1601 recurrens,
1593 1534 1808 1606 angelos
1864 1535 2044 1591 imita-

400 1637 525 1704 tur,
551 1630 654 1709 qui
675 1628 904 1707 seipsos
926 1633 1203 1689 noscunt.
1234 1627 1421 1688 Porro
1446 1625 1547 1706 qui
1575 1624 1837 1704 seipsum
1855 1625 2045 1688 oculis

400 1718 716 1782 affectione
738 1716 937 1778 vacuis
966 1714 1386 1791 considerarit,
1418 1714 1887 1795 profundissima
1905 1715 2041 1796 qui-

2122 549 2156 617 ἧ
2211 552 2532 632 ὑπερφρονεῖ
2593 556 2681 608 τοῦ
2730 549 2963 629 μετρίου,
3032 548 3121 605 καὶ
3179 548 3237 603 τὸ
3308 545 3570 604 ἀνοίκειον
3640 545 3767 603 ἑπι-

2121 645 2300 709 ζητεῖ.

2207 823 2234 895 §
2264 820 2366 882 IV.
2402 816 2593 897 Πθιν,
2616 817 2730 875 ἐπεὶ
2762 815 2998 883 εὐταξίας
3027 817 3169 896 ἱερᾶς
3195 815 3343 894 ἀρχὴ
3375 816 3436 871 τὸ
3456 815 3611 872 Θεῖόν
3635 800 3773 895 a327,

2127 908 2244 967 καθ’
2304 910 2369 976 ἣν
2427 910 2515 965 καὶ
2567 909 2614 965 οἱ
2667 906 2885 985 ἄγγελοι
2941 905 3380 984 ἐπιγινώσκουσιν
3411 905 3654 981 ἑαυτοὺς,
3687 906 3777 961 καὶ

2129 1004 2234 1080 οὐχ
2287 996 2659 1078 ὑπερπηδῶσιν
2723 997 2969 1062 ἀτάκτως
3024 996 3155 1073 πρὸς
3211 994 3277 1051 τὰ
3324 994 3583 1074 ἀνοίκειοι,
3621 1000 3777 1073 πρῶ-

2130 1112 2222 1147 τον
2277 1087 2443 1166 δῶρον
2501 1091 2563 1144 ὲκ
2620 1088 2720 1155 τῆς
2774 1085 2914 1147 θείας
2978 1083 3341 1160 διδασκαλίας,
3393 1084 3583 1162 κρᾶταί
3610 1104 3688 1149 τις
3718 1084 3782 1139 τὸ

2127 1180 2413 1260 ἐπιγνῶναι
2444 1178 2656 1255 ἑαυτὸν,
2686 1176 2779 1233 ’ίνα
2807 1177 2866 1233 τὸ
2901 1174 2955 1230 ἐν
2986 1179 3062 1247 τῷ
3116 1172 3263 1249 νόμῳ
3321 1171 3549 1254 φυλάξῃ,
3610 1172 3781 1252 Πρόσ-

2128 1292 2228 1351 εχε
2286 1276 2511 1344 σεαυτῷ,
2582 1269 2655 1330 ὡς
2722 1267 2806 1323 καὶ
2859 1267 2888 1321 ὁ
2932 1264 3109 1343 Μέγας
3142 1263 3243 1344 ἔφη
3279 1262 3577 1327 Βασίλειος¹
3622 1261 3781 1339 Ούτῳ

2129 1363 2229 1439 γάρ
2296 1359 2429 1423 τέως
2495 1359 2626 1436 πρὸς
2696 1358 2757 1414 τὸ
2824 1357 3024 1412 οἰκεῖον
3093 1359 3192 1421 τῆς
3264 1354 3468 1434 φύσεως
3555 1355 3776 1432 ὁρατὸν,

2130 1449 2293 1528 ἤγουν
2363 1449 2631 1528 θεωρητὸν
2690 1446 2728 1516 ἢ
2797 1444 3105 1523 ἔπιστῆτδν,
3168 1443 3501 1523 ἀνατρέχων,
3578 1457 3776 1528 P‘P‘EI‘

2129 1522 2215 1599 ται
2284 1522 2540 1617 ἀγγέλους
2612 1537 2735 1599 τοὺς
2824 1522 3182 1614 γινώσκοντας
3266 1522 3504 1596 ἑαυτούς.
3583 1522 3641 1591 Ὀ
3722 1532 3780 1589 δὲ

2129 1631 2313 1687 ἑαυτὸν
2385 1625 2777 1703 ἀπροσπαθὲσιν
2850 1623 2975 1682 ἰδὼν
3047 1621 3368 1701 ὀφθαλμοῖς,
3424 1622 3780 1701 ἀποφοιτήσει

2127 1720 2225 1795 μὲν
2280 1723 2386 1775 τῶν
2429 1715 2723 1794 βεθυτάτων
2764 1714 2941 1771 τόπων
2990 1717 3089 1779 τῆς
3145 1712 3428 1792 ἀγνωσίας,
3463 1716 3557 1771 οὒκ
3615 1711 3782 1771 αὐτό-

401 1809 540 1871 dem
567 1805 954 1887 ignorationis
983 1805 1113 1867 loca
1144 1804 1408 1884 effugiet,
1430 1822 1547 1865 non
1582 1812 1781 1866 tamen
1817 1822 1922 1886 per
1951 1823 2040 1885 se,

2133 1813 2211 1866 θεν
2267 1806 2345 1878 δὲ,
2406 1806 2542 1862 ἀλλὰ
2593 1803 2659 1860 δι’
2717 1802 2913 1882 ὁδηγοῦ
2967 1815 3065 1859 καῖ
3112 1799 3404 1881 ἀναδόχου,
3462 1800 3783 1876 ἐπιθυμήσει

401 1899 506 1961 sed
524 1914 630 1978 per
650 1898 863 1959 ducem
884 1912 952 1957 ac
969 1903 1375 1975 susceptorem
1402 1893 1768 1955 desiderabit
1783 1894 2040 1956 divinam

402 1984 938 2070 participationem.
972 1983 1043 2046 Et
1073 1986 1187 2064 per
1208 1983 1538 2046 doctrinam
1575 1982 1814 2064 quidem
1844 1982 1919 2045 ad
1948 1984 2043 2045 sui

399 2077 694 2150 notitiam,
728 2072 969 2136 devenit
1001 2091 1105 2154 per
1139 2073 1525 2153 semetipsum
1575 2072 1647 2135 ad
1678 2075 1767 2134 sui
1815 2078 2042 2153 princi-

399 2166 563 2247 pium
590 2188 606 2238 ;
642 2182 750 2245 per
780 2164 892 2225 hoc
912 2172 1134 2237 autem,
1157 2161 1228 2224 ad
1263 2162 1319 2223 id
1346 2162 1505 2243 quod
1531 2160 1631 2224 illo
1656 2162 1819 2243 prius
1836 2170 1948 2238 est,
1983 2171 2044 2224 et

399 2273 508 2337 per
529 2254 671 2316 illud
695 2252 768 2315 ad
789 2257 1046 2332 primum
1078 2250 1424 2313 adducetur.
1464 2250 1600 2313 Haec
1620 2251 1912 2329 signiﬁcat
1940 2270 2043 2314 ac-

399 2342 666 2406 cedentis
682 2341 970 2404 modestia
982 2340 1606 2422 reverentiaque,etad
1633 2350 2043 2422 susceptorem

398 2434 684 2509 accessio,
719 2431 814 2494 cui
867 2431 1070 2512 utique
1119 2431 1427 2492 character
1472 2430 1859 2512 imprimitur,
1906 2438 2041 2493 tan-

400 2541 579 2601 quam
609 2522 843 2602 signum
869 2522 1052 2601 partis
1081 2519 1448 2582 haereditatis
1478 2520 1537 2580 in
1560 2518 1819 2595 Christo,
1854 2531 1912 2583 et
1943 2521 2039 2581 in-

400 2610 648 2692 scriptio
681 2613 746 2672 ﬁt
773 2609 844 2671 ad
880 2609 1094 2670 bonam
1127 2609 1472 2671 memoriam
1523 2610 1712 2691 ipsius
1744 2629 1814 2672 ac
1841 2628 2041 2673 susce-

401 2700 638 2783 ptoris;
700 2698 887 2781 ipsius
936 2697 1204 2779 quidem,
1238 2706 1518 2775 tanquam
1567 2700 1692 2760 veri
1749 2699 2044 2761 bonorum

403 2789 685 2853 amatoris
718 2809 734 2866 ;
779 2787 1142 2868 susceptoris
1171 2804 1308 2852 vero
1338 2795 1613 2868 tanquam
1651 2788 1918 2854 ductoris
1940 2790 2045 2850 mi-

397 2880 563 2943 nime
584 2876 862 2941 errantis.

479 2970 510 3048 §
538 2971 613 3035 V.
650 2966 879 3030 Deinde
902 2965 1043 3028 dicit
1073 2964 1148 3046 de
1178 2965 1427 3028 vestium
1460 2965 1863 3048 depositione.
1897 2971 2044 3033 Cum

2125 1900 2223 1967 τῆς
2283 1898 2421 1961 θείας
2481 1893 2759 1971 μεθέξεως.
2819 1895 2915 1951 Καὶ
2973 1891 3056 1948 διὰ
3114 1891 3213 1965 μὲν
3268 1896 3367 1957 τῆς
3433 1888 3780 1953 διδασκαλίας

2125 1987 2212 2044 ἰπὶ
2264 1991 2323 2042 τὸ
2380 1989 2583 2063 γνῶναι
2628 1983 2813 2040 ἐαυτὸν
2867 1980 3129 2059 βαδιεῖται
3179 1977 3249 2035 δι’
3308 1981 3495 2036 ἑαυτου
3551 1979 3637 2036 ἐπὶ
3686 1980 3785 2037 τὸν

2126 2077 2282 2135 αὑτοῦ
2339 2078 2568 2154 πρῶτον·
2600 2072 2684 2129 διὰ
2736 2071 2790 2129 δέ
2845 2072 3033 2129 τούτου
3091 2071 3176 2127 ἐπὶ
3225 2071 3314 2125 τὸν
3356 2067 3430 2126 ἔτι
3491 2068 3780 2149 πρότερον·

2126 2169 2212 2224 καὶ
2288 2164 2354 2222 δι’
2423 2164 2621 2221 ἐκείνου
2690 2162 2775 2219 ἐπὶ
2848 2163 2938 2219 τὸν
3015 2161 3305 2241 πρώτιστον
3380 2159 3775 2238 ἀναχθήσεται.

2129 2263 2301 2315 Ταῦτα
2352 2253 2513 2323 δηλοῖ
2541 2256 2576 2322 ἡ
2619 2259 2712 2311 τοῦ
2765 2250 3076 2330 προσιόντος
3106 2250 3515 2327 ἐπιγνιομοσύνη
3559 2248 3648 2306 καί
3680 2251 3775 2306 εύ-

2127 2344 2340 2422 λάϐεια,
2373 2346 2461 2402 καὶ
2514 2347 2550 2414 ἡ
2582 2344 2712 2422 πρὸς
2748 2343 2838 2398 τὸν
2896 2339 3161 2420 ἀνάδοχον
3216 2336 3499 2418 πρόσοδος,
3531 2340 3576 2413 ᾧ
3628 2336 3695 2406 δὴ
3745 2340 3782 2407 ἡ

2127 2437 2347 2516 σφραγὶς
2389 2432 2607 2507 δίδοται,
2643 2434 2715 2497 ὡς
2771 2435 3001 2506 σῆμεῖον
3031 2435 3124 2485 τοῦ
3179 2425 3378 2504 κλήρου
3406 2429 3505 2494 τῆς
3538 2426 3592 2481 ἐν
3645 2432 3786 2505 Χριο

2126 2528 2237 2599 στῴ
2291 2523 2520 2603 μερίδος,
2566 2523 2656 2579 καὶ
2700 2523 2736 2589 ἡ
2791 2520 3075 2598 ἀπογραφαί
3118 2519 3480 2592 οἰκονομεῖται
3524 2517 3597 2579 εἰς
3631 2537 3783 2590 μνη-

2129 2615 2355 2689 μόσυνον
2410 2612 2623 2690 ἀγαθῶν
2687 2611 2849 2666 αὒτοῦ
2894 2628 2951 2664 τε
3005 2608 3093 2663 καὶ
3143 2613 3235 2662 τοῦ
3278 2604 3567 2685 ἀναδόχου⁶
3623 2603 3756 2659 αύτο

2129 2703 2247 2780 μὲν,
2292 2705 2365 2766 ὡς
2397 2702 2649 2769 ἀληθινοῦ
2690 2700 2795 2756 τῶν
2824 2696 3001 2755 καλῶν
3050 2695 3296 2774 ἐραστοὺ·
3331 2700 3425 2751 τοῦ
3467 2693 3522 2749 δὲ
3582 2691 3782 2749 ἀναδὸ-

2129 2813 2257 2870 χου,
2288 2792 2361 2852 ὡς
2393 2789 2658 2854 ἀπλανοῦς
2689 2786 2908 2865 ὁδηγοῦ.

2209 2966 2329 3048 §V.
2363 2968 2631 3026 Ἐντεῦθεν
2663 2964 2809 3045 λέγει
2842 2965 3076 3042 περὶτῆς
3108 2960 3473 3025 ἀπεκδύσεως.
3511 2958 3659 3019 Ἐπεὶ
3683 2958 3787 3038 γὰρ

398 3059 557 3121 enim
591 3071 707 3118 non
732 3056 908 3118 liceat
937 3055 1110 3115 alicui
1131 3072 1364 3117 summe
1394 3063 1830 3119 contrariorum
1870 3058 2042 3138 parti-

2133 3063 2226 3119 οὒκ
2269 3058 2381 3115 ἔστι
2412 3069 2712 3137 μετασχεῖν
2755 3077 2872 3112 τινα
2902 3060 3010 3111 τῶν
3065 3050 3239 3128 ἄκρως
3295 3051 3571 3131 ἐκαντίων,
3603 3051 3784 3129 ὑγείας

399 3149 592 3229 cipem
618 3145 930 3219 exsistere,
949 3143 1217 3205 sanitatis
1242 3163 1296 3207 v.
1329 3163 1385 3223 g.
1414 3153 1475 3206 et
1494 3145 1708 3217 morbi.
1737 3154 1797 3207 et
1821 3120 2042 3227 peccati

2133 3147 2380 3217 δηλονότι
2412 3120 2524 3205 ⁸καί
2580 3120 2755 3225 νδσου,
2814 3146 2902 3202 καὶ
2947 3120 3205 3222 ἁμαρτίας
3268 3141 3356 3198 καὶ
3412 3120 3661 3219 aperim-
3695 3142 3785 3196 καὶ

398 3255 470 3299 ac
501 3234 728 3297 virtutis
752 3240 813 3296 et
844 3230 1191 3314 ignorantia;
1219 3234 1697 3317 cognitionisque
1726 3234 1856 3311 Dei,
1893 3236 2042 3299 divi-

2133 3238 2345 3319 ἀγνοίας
2400 3238 2485 3294 καὶ
2515 3236 2861 3315 θεογνωσίας,
2895 3233 3155 3310 ἐπείτοιγε
3211 3231 3298 3287 xvi
3343 3230 3598 3319 μεριστὴν
3640 3249 3781 3303 συμ-

396 3344 522 3390 sam
544 3324 723 3388 etiam
746 3341 994 3386 necesse
1017 3323 1149 3383 l84
1182 3322 1258 3384 sit
1283 3322 1507 3386 habere
1536 3326 1712 3387 vitam
1746 3327 1851 3406 qui
1875 3335 2041 3389 utra-

397 3433 513 3497 que
542 3413 945 3494 amplectitur,
964 3420 1395 3493 proptereaque
1416 3411 1671 3477 liberum
1696 3433 1831 3478 esse
1855 3432 2040 3498 Opor-

395 3512 516 3568 teat
546 3503 646 3585 qui
676 3503 747 3564 ad
781 3502 1024 3565 alteram
1054 3501 1234 3564 vitam
1284 3503 1657 3585 transfertur,
1692 3505 1920 3567 nullum
1950 3506 2040 3567 af-

392 3593 611 3658 fectum
634 3591 949 3654 retinendo
970 3591 1189 3673 prioris
1213 3591 1340 3653 vita;
1368 3612 1383 3673 ;
1416 3592 1640 3656 idcirco
1658 3593 1762 3674 qui
1787 3594 2039 3658 adduci-

392 3682 715 3764 tur,uudus
760 3680 1010 3744 sistitur.
1046 3680 1137 3743 Ad
1171 3680 1298 3743 haec
1329 3696 1496 3756 vero,
1529 3682 1809 3762 quoniam
1835 3683 1908 3745 ab
1933 3702 2040 3745 ex-

392 3771 601 3835 tremis
632 3769 1313 3850 minorihusqueprioris
1343 3771 1475 3832 vitae
1500 3771 1912 3835 affectionibus
1931 3772 2044 3835 ab-

395 3863 549 3928 solvi
572 3863 778 3943 debet,
796 3862 864 3923 ad
895 3872 1197 3924 extremos
1218 3879 1405 3943 usque
1428 3863 1611 3943 pedes
1634 3864 1812 3926 totius
1829 3882 2044 3944 corpo-

393 3956 481 4017 ris
511 3951 879 4017 iudumentis
900 3952 1393 4032 exuitur;spectat
1422 3961 1621 4015 autem
1646 3953 1720 4015 ad
1754 3955 2047 4016 occiden-

396 4042 876 4119 tem,obscurum
900 4041 1064 4102 illum
1091 4040 1381 4115 Iocum,et
1403 4042 1840 4105 tenebricosam
1871 4043 2048 4106 mali-

394 4133 540 4195 tiam
556 4131 819 4211 expellit,
848 4130 1209 4210 insitumque
1240 4130 1355 4192 sibi
1378 4131 1758 4211 malignitatis
1779 4131 2045 4195 habitum

397 4222 578 4303 eﬂlat,
599 4239 856 4301 eumque
875 4239 911 4283 a
940 4219 1118 4283 corde
1140 4238 1247 4281 suo
1273 4220 1462 4300 ejicit.
1495 4224 1691 4302 Atque
1723 4224 1836 4285 hoc
1867 4226 2046 4285 modo

394 4310 715 4375 universali
738 4309 1254 4372 abrenuntiatioue
1268 4309 1419 4372 facta
1440 4311 1511 4372 ad
1530 4312 1821 4373 orientem
1844 4312 2044 4374 tradu-

2127 3318 2349 3398 ϐήσεται
2410 3325 2558 3405 ἔχειν
2591 3324 2688 3393 τήν
2744 3324 2887 3394 ζωὴν
2929 3323 3021 3378 τὸν
3051 3323 3138 3378 καὶ
3189 3319 3500 3399 ἀμφοτέρων
3543 3318 3781 3398 ἀντεχό-

2128 3438 2311 3497 μενον,
2356 3417 2444 3472 κάὶ
2472 3414 2557 3472 διά
2596 3420 2756 3472 τοῦτα
2789 3415 3023 3492 ἀσχετον
3073 3410 3216 3467 εἶναι
3247 3407 3333 3466 δεῖ
3377 3412 3469 3465 τὸν
3497 3410 3628 3488 πρὸς
3655 3405 3783 3469 δευ-

2125 3496 2301 3581 τέραν
2337 3506 2481 3578 ζωὴν
2538 3502 2967 3582 μετατιθέμενον,
3014 3498 3278 3577 μηδεμίαν
3332 3498 3526 3579 σχέσιν
3583 3496 3782 3577 ἔχοντα

2126 3598 2255 3675 πρὸς
2313 3596 2413 3662 τὴν
2447 3594 2726 3675 ,προτέραν
2782 3592 2949 3669 ζωὴν,
3000 3592 3199 3669 γυμνὸς
3274 3590 3303 3645 ὁ
3373 3588 3781 3666 προσαγόμενος

2126 3674 2367 3748 ἵσταται.
2416 3674 2548 3742 ’Ἔτι
2606 3681 2684 3752 δὲ,
2719 3682 2832 3739 ἐπεὶ
2864 3683 2954 3738 καὶ
2986 3680 3149 3759 μέχρι
3206 3684 3312 3735 τῶν
3346 3678 3475 3756 πρὸς
3511 3677 3613 3743 τὴν
3639 3698 3781 3755 προ·-

2128 3775 2284 3854 τέραν
2326 3773 2468 3844 ζωὴν
2512 3773 2760 3853 ἐσχάτων
2821 3774 2908 3828 καὶ
2965 3768 3275 3846 μικροτέρον
3327 3766 3570 3847 σχέσεων
3624 3767 3783 3846 ὀφεί-

2129 3862 2210 3920 λει
2267 3860 2613 3940 ἀπολύεσθαι,
2659 3863 2746 3917 καὶ
2790 3861 2855 3917 τὰ
2884 3862 2957 3925 εἷς
3005 3859 3125 3923 τοὺς
3154 3855 3315 3917 πόδας
3364 3856 3487 3920 τοὺς
3514 3856 3784 3936 εσχάτους

2131 3951 2257 4008 ὅλόυ
2285 3959 2378 4008 τοῦ
2420 3949 2667 4026 σώματος
2712 3950 2995 4029 φορήματα
3044 3946 3351 4004 ὕπολύεταιο
3388 3944 3556 4024 ἀφορᾷ
3586 3943 3641 4000 δὲ
3695 3946 3787 4001 καὶ

2131 4042 2259 4117 πρὸς
2303 4039 2557 4120 δυσμαῖς,
2591 4046 2667 4115 τῷ
2697 4037 2942 4114 ἀλαμπεῖ
2984 4038 3159 4115 τόπῳ,
3190 4037 3279 4093 καὶ
3329 4034 3624 4091 ἀπωθεῖται
3680 4034 3784 4101 τὴν

2133 4129 2357 4207 ἀλαμπῆ
2438 4130 2650 4209 κακίαν,
2721 4130 2810 4185 καὶ
2866 4126 2926 4184 ἐκ
2975 4133 3069 4185 τοῦ
3124 4125 3365 4204 ἐμφυσᾷν
3439 4124 3535 4193 τῆς
3593 4123 3786 4189 κακίας

2130 4220 2229 4289 τὴν
2286 4218 2389 4285 ἕξιν
2419 4218 2650 4295 ἐκπνέει,
2680 4219 2769 4275 καὶ
2811 4218 2918 4274 ἀπὸ
2949 4219 3047 4283 τῆς
3102 4216 3289 4271 ἑαυτοῦ
3320 4211 3531 4293 καρδίας
3581 4210 3785 4269 ἐκϐαλ-

2131 4306 2235 4371 λει.
2295 4310 2392 4366 Καὶ
2448 4306 2614 4371 οὕτως
2664 4306 2860 4371 ὁλικῶς
2909 4308 3007 4373 τὴν
3060 4304 3336 4381 ἀποταγὴν
3394 4304 3781 4377 ποιήσαμενος,

398 4402 576 4482 citur,
604 4402 677 4492 ad
710 4398 868 4463 Solis
882 4399 1129 4492 justitise
1161 4408 1382 4480 ortum,
1410 4410 1470 4463 et
1497 4401 1732 4462 totalem
1755 4401 1827 4463 ad
1860 4419 2042 4463 unum

2133 4400 2263 4478 πρὸς
2319 4395 2392 4454 ἕω
2446 4397 2757 4476 μὲτάγεντι,
2809 4398 2909 4463 τὴν
2966 4392 3232 4461 ἀνατολὴν
3284 4398 3378 4448 τοῦ
3419 4395 3519 4458 τῆς
3576 4389 3783 4448 δικαιο-

398 4478 853 4554 conversionem
888 4478 1199 4569 profitetur
1232 4507 1247 4550 :
1282 4478 1416 4551 cum
1467 4500 1759 4571 praeterea
1790 4491 2042 4553 manife-

2133 4488 2290 4554 σύνης
2342 4478 2548 4567 Ἠλὶου,
2579 4487 2665 4543 καὶ
2709 4486 2810 4553 τὴν
2870 4486 2999 4563 πρὸς
3058 4485 3119 4540 τὸ
3170 4482 3226 4539 ἓν
3277 4480 3467 4549 δλικὴν
3511 4480 3781 4539 σύννευσιν

396 4588 557 4643 stum
582 4578 679 4649 sit,
705 4578 999 4639 initiatum
1031 4578 1091 4640 in
1114 4579 1499 4640 contentione
1522 4587 1581 4640 et
1601 4597 1794 4659 agone
1820 4580 2046 4644 versari

393 4669 713 4750 debere,ut
730 4666 1268 4730 immutabilitatem
1285 4666 1572 4749 obtineat,
1586 4667 1837 4731 Declina
1854 4669 2039 4743 enim,

391 4758 603 4840 inqvit,
630 4775 667 4820 a
692 4755 873 4820 maio.
908 4764 965 4819 et
985 4757 1088 4835 fac
1117 4754 1337 4819 bonum
1358 4757 1443 4816 ι’.
1479 4754 1551 4819 Εῑ
1573 4756 1786 4819 iterum
1818 4776 1832 4822 :
1868 4758 2044 4823 Beati

390 4849 777 4911 immaculati
828 4849 895 4909 in
922 4848 1025 4907 via
1054 4847 1161 4925 qui
1183 4843 1577 4908 ambulanti.
1613 4847 1844 4909 Bonum
1879 4848 2043 4912 enim

392 4946 555 5000 stare
603 4934 818 5014 nescit,
852 4953 1044 5016 neque
1102 4934 1274 4997 facile
1324 4941 1414 4997 est
1454 4934 1718 4998 divinum
1773 4956 2042 5001 amorem

391 5024 705 5090 cohibere.

473 5112 623 5195 ενι.
661 5114 807 5177 Vide
830 5113 1130 5191 quomodo
1160 5113 1276 5176 olei
1300 5113 1646 5176 inunctione
1668 5113 1931 5180 initiatus
1962 5116 2034 5180 ad

2129 4575 2410 4655 ὁμολογεῖ’
2463 4576 2624 4637 πάλιν
2666 4575 2781 4632 ἐπεὶ
2809 4573 2972 4641 δῆλόν
3018 4572 3186 4645 ἔστιν,
3218 4574 3291 4635 ὡς
3322 4570 3378 4627 ἐν
3417 4569 3660 4643 συντονίᾳ
3689 4570 3779 4627 καὶ

2127 4666 2294 4744 ἀγώνι
2339 4664 2425 4723 δεῖ
2452 4666 2596 4723 εἶναι
2644 4666 2736 4721 τὸν
2778 4662 3120 4742 τελούμενον,
3152 4660 3245 4718 ’ίνα
3300 4662 3363 4717 τὸ
3414 4657 3780 4716 ἀναλλοίωτον

2129 4755 2256 4837 ἔχῃ.
2312 4754 2606 4814 ⁹¹Εκκλινον
2654 4755 2755 4835 γὰρ
2805 4754 2911 4811 ἀπὸ
2970 4758 3158 4828 κακοῦ,
3221 4751 3374 4829 φησὶ,
3404 4751 3492 4807 καὶ
3543 4750 3778 4815 ποίησον

2129 4835 2345 4924 ἀγαθόν·
2426 4846 2511 4902 καὶ
2568 4845 2750 4902 πάλιν·
2826 4842 3086 4915 Μακάριοι
3145 4841 3192 4897 οἱ
3264 4838 3481 4914 ἄμωμοι
3532 4838 3586 4895 ἐν
3643 4835 3775 4920 ὃδῷ,

2128 4937 2176 4992 οἱ
2234 4936 2602 5014 πορευόμενον
2659 4931 2774 4991 οὐδὲ
2831 4933 2932 5012 γὰρ
2983 4931 3168 4988 στάσιν
3227 4926 3343 4987 οἶδε
3413 4930 3475 4985 τὸ
3550 4927 3775 5009 ἀγαθὸν,

2129 5016 2240 5084 οὒδ⁸
2284 5024 2465 5103 εὒαγές
2495 5045 2625 5080 ποτε
2668 5020 2824 5091 λῆξαι
2853 5024 2945 5079 τὸν
2974 5025 3118 5078 θεῖον
3148 5018 3338 5098 ἔρωτα.

2199 5111 2361 5194 §VL
2418 5105 2563 5192 ΙὈρα
2594 5119 2709 5180 πῶς
2753 5110 2839 5169 διὰ
2866 5116 2966 5180 τῆς
3028 5112 3121 5168 τοῦ
3148 5108 3325 5166 ἐλαίου
3367 5108 3599 5189 χρίσεως
3643 5107 3779 5185 πρὸς

391 5201 721 5271 certamina
739 5202 1091 5284 adducatur,
1117 5203 1228 5266 sub
1256 5203 1490 5268 Christo
1522 5207 1863 5268 munerario
1895 5226 2036 5270 cou-

2133 5206 2331 5285 ἰγῶνας
2392 5203 2577 5282 ἀγεται
2637 5205 2665 5260 ὁ
2711 5201 3053 5279 τελούμενος,
3087 5198 3204 5257 καθ’
3256 5199 3342 5260 οὒς
3372 5196 3461 5255 ὑπ’
3515 5195 3777 5285 ἀθλὸΘέτῃ

390 5294 654 5372 stitutus,
685 5295 1054 5359 Constructio
1077 5283 1210 5355 bac
1239 5302 1329 5356 est
1349 5311 1457 5375 per
1479 5293 1871 5376 hyperbaton,
1906 5315 2038 5360 cer.

2133 5283 2332 5376 Κριστῷ
2377 5294 2687 5374 γενόμενος,
2733 5291 2920 5357 Σύνθες
2970 5292 3031 5347 τὸ
3074 5290 3236 5368 ῥητὸν
3274 5286 3407 5376 καθ’
3453 5283 3771 5365 δπερϐατόν·

388 5385 636 5467 tamine,
662 5383 927 5465 quidem,
970 5390 1172 5464 utpote
1194 5372 1412 5458 divina,
1440 5372 1608 5445 laetus
1630 5372 2011 5465 aggredietur

2133 5372 2236 5450 τοῖς
2271 5384 2369 5461 μὲν
2395 5372 2402 5374 ⁷
2426 5384 2649 5463 ἀγῶσιν,
2682 5384 2755 5447 ὡς
2798 5382 2981 5457 θείοις,
3016 5379 3223 5461 χαίρων
3266 5372 3604 5446 ἐπιϐήσεται.
3673 5376 3775 5434 Διά

385 5475 749 5542 lutermedie
793 5481 1018 5555 autem,
1051 5492 1187 5536 cum
1220 5473 1625 5537 munerarium
1654 5476 2039 5558 appellaverit

2133 5476 2286 5537 εέσου
2340 5473 2420 5554 δὲ,
2454 5474 2567 5533 ἐπεὶ
2625 5471 2916 5542 ἀθλοθέτην
2974 5471 3193 5528 inﬂue
3251 5468 3341 5526 τὸν
3380 5466 3566 5547 Κύριον
3616 5466 3778 5545 ἡμῶν

466 5685 493 5724 ι
521 5669 547 5739 Ι
576 5671 735 5739 Tim.
767 5689 849 5742 tv.
883 5672 981 5738 16.
1064 5671 1110 5715 λ’
1140 5672 1163 5738 Ι
1193 5674 1358 5738 Petr.
1392 5687 1477 5751 ιιι,
1515 5674 1608 5739 11.
1698 5686 1724 5731 ι
1756 5675 1911 5739 Psal.
1951 5693 2161 5758 cxvm,
2197 5677 2246 5743 Ι.
