4150 6158
350 320 459 407 42‘1

820 338 920 404 DE
965 328 1267 404 seems.
1315 314 1765 418 HIERARCE,
1813 334 1979 401 CAP.
2027 318 2107 399 II.
2173 366 2252 382 —
2294 331 2680 403 PARAPHR.
2736 326 3251 404 PACHYMERE.

3600 326 3720 406 422

350 476 555 545 Ἰησοῦν
586 475 811 555 Χριστὸν
852 476 941 532 καὶ
984 475 1141 555 Θεὸν,
1168 471 1350 547 δηλοῖ,
1385 478 1499 538 πῶς
1532 472 1629 549 μὲν
1677 470 1983 547 ἀθλοθέτης,

2088 470 2392 535 Dominum
2428 481 2691 534 nostrum
2726 471 2924 538 Jesum
2951 476 3250 539 Christum
3275 495 3345 538 ac
3374 475 3587 558 Deum,
3624 478 3723 541 de-

350 572 465 630 πῶς
520 562 577 621 δὲ
608 562 928 644 νομοθέτης,
961 569 1078 627 πῶς
1125 560 1447 643 στεφοδότης
1481 560 1659 620 καλῶν
1715 563 1801 619 καὶ
1828 562 1993 634 ἀθάρ-

351 677 457 712 των
501 654 794 734 στεφάνων,
827 659 942 717 πῶς
974 649 1030 708 δὲ
1075 656 1162 709 καὶ
1209 652 1625 730 σδναγωνιστὴς,
1661 653 1818 709 οἱονεὶ
1845 650 1995 707 ἀλεί-

353 766 494 812 πτης
523 742 687 807 ἐστίν,
745 742 806 801 Ὀ
845 742 1019 800 τοίνυν
1068 741 1276 810 Ἰησους
1334 743 1582 821 Χριστὸς,
1621 743 1694 805 ὡς
1739 741 1835 816 μὲν
1865 742 1995 805 Θεὸς

356 834 462 913 (καὶ
515 832 815 909 σημείωσαι
873 834 935 889 τὸ
1001 832 1161 910 ῥητὸν
1224 832 1361 889 κατὰ
1429 832 1825 910 νεστοριανῶν,)
1893 828 1994 896 δη-

355 935 603 1002 μιουργεῖ
647 922 747 990 τὴν
799 920 1125 1000 ἀθλοθεσίαν,
1176 923 1200 978 5
1269 921 1369 999 γὰρ
1418 920 1699 1000 ὑπερέχων
1757 920 1842 976 καὶ
1900 917 1993 975 δυ-

354 1012 601 1088 νάμενος,
663 1010 958 1068 ἆθλοθετεῖ·
1019 1011 1093 1075 ὡς
1164 1009 1220 1067 δὲ
1276 1012 1439 1091 σοφὸς
1482 1013 1781 1085 νομοθετεῖ,
1832 1015 1996 1088 σοφοῦ

347 1102 449 1182 γὰρ
508 1102 539 1170 Ξ,
598 1102 901 1181 νομοθεσία,
958 1099 1088 1181 ὅπερ
1145 1101 1284 1158 ἐστὶν
1344 1102 1389 1158 εί
1447 1100 1585 1157 οὕτω
1626 1102 1794 1181 τυχὸν
1839 1121 1995 1177 περι-

349 1191 631 1271 γενήσεται
683 1192 713 1246 ὁ
768 1190 1182 1268 ἀγωνιζόμενος,
1247 1189 1386 1248 οὕτω
1443 1189 1677 1255 τεύξεται
1719 1197 1812 1247 τοῦ
1867 1209 1994 1246 στε-

348 1279 537 1359 φάνου,
570 1281 616 1337 εἰ
669 1280 747 1356 μὴ
776 1278 932 1353 οὕτω,
968 1281 1029 1336 τὸ
1080 1277 1335 1356 βραϐεῖον
1394 1278 1454 1336 οὔ
1483 1277 1738 1353 λήψεται·
1773 1280 1847 1343 ὡς
1890 1300 1995 1334 κα-

351 1358 445 1435 λὸς
488 1367 738 1426 καλλύνει
791 1369 858 1426 τὰ
900 1367 1127 1426 ἔπαθλον
1177 1358 1259 1424 Ἀ
1314 1368 1414 1447 γὰρ
1457 1369 1747 1443 ἡτοίμασεν
1792 1369 1820 1423 ὁ
1865 1367 1996 1429 Θεὸς

351 1471 470 1525 τοῖς
526 1459 806 1537 ἀγαπῶσιν
882 1461 1064 1534 αὐτὸν,
1138 1456 1255 1515 οὔτε
1323 1455 1594 1537 ὀφθαλμὸς
1647 1455 1815 1536 εἶδεν,
1877 1454 1997 1512 οὔτε

353 1549 442 1613 οὖς
513 1546 761 1628 ἤκουσεν,
837 1545 954 1604 οὔτε
1026 1547 1112 1604 ἐπὶ
1179 1545 1392 1623 καρδίαν
1462 1547 1736 1620 ἀνθρώπου
1808 1542 1994 1613 ἀνέϐη·

354 1640 427 1705 ὡς
488 1636 544 1694 δὲ
585 1638 779 1716 ἀγαθὸς
836 1638 1027 1715 βοηθεῖ
1076 1638 1164 1695 καὶ
1218 1638 1645 1716 συναγωνίζεται,
1693 1636 1849 1699 αὐτὸς
1902 1635 2001 1714 γάρ

353 1727 498 1785 ἐστιν
557 1729 585 1783 ὁ
640 1725 834 1804 λέγων’
912 1735 1195 1805 Θαρσεῖτε,
1251 1726 1360 1803 ἑγὼ
1433 1726 1678 1793 νενίκηκα
1754 1727 1845 1781 τὸν
1902 1724 1999 1781 κό-

2079 562 2262 623 clarat
2287 563 2582 645 quomodo
2601 565 3305 645 numerarius,quomodo
3321 566 3553 648 legifer,
3577 586 3723 648 quo-

2081 651 2257 712 modo
2292 651 2677 731 pulchrarum
2709 660 2769 715 et
2800 653 3228 716 immortalium
3262 672 3623 720 coronarum
3645 658 3723 720 sit

2079 739 2382 820 elargitor,
2416 742 2713 821 quomodo
2745 742 2923 803 etiam
2955 744 3279 806 commilito
3332 745 3409 807 sit
3438 756 3498 808 et
3541 746 3721 809 veluti

2077 829 2560 893 inunctorJesus
2575 829 2775 910 itaque
2795 831 3084 912 Christus,
3106 842 3384 913 tanquam
3407 833 3561 897 Deus
3582 842 3721 917 qui-

2078 919 2213 980 dem
2263 918 2447 998 (quod
2497 919 2748 982 observa
2795 920 3018 982 dictum
3051 931 3257 984 contra
3309 924 3717 1007 Nestorianos)

2079 1009 2457 1089 praemiorum
2490 1008 2959 1090 pr0positionem
2994 1012 3268 1073 instituit:
3297 1012 3401 1089 qui
3431 1014 3588 1076 enim
3617 1033 3723 1076 su-

2078 1097 2411 1179 pereminet
2441 1107 2499 1160 et
2521 1111 2732 1178 potens
2755 1108 2869 1180 est,
2893 1101 2944 1160 is
2977 1100 3221 1179 praemia
3239 1103 3516 1182 proponit
3542 1123 3557 1166 :
3589 1111 3725 1165 tan-

2079 1205 2253 1268 quam
2285 1187 2526 1270 sapiens
2556 1205 2696 1250 vero
2726 1188 2895 1268 leges
2925 1189 3038 1252 fert
3071 1209 3088 1265 ;
3121 1190 3410 1269 sapientis
3441 1191 3603 1254 enim
3636 1202 3726 1254 est

2079 1276 2242 1354 leges
2267 1276 2521 1353 ferre,ut
2545 1284 2594 1340 si
2624 1297 2678 1341 v.
2705 1297 2767 1357 g:
2806 1279 2918 1340 hoc
2942 1278 3119 1340 modo
3151 1279 3392 1342 vincere
3413 1280 3729 1361 contigerit

2081 1374 2433 1448 certantem,
2459 1368 2541 1428 ita
2571 1385 2813 1446 quoque
2855 1385 3142 1430 coronam
3175 1378 3598 1451 consequatur,
3633 1372 3728 1433 sin

2082 1473 2276 1536 secus,
2313 1454 2582 1518 bravium
2605 1475 2841 1538 quoque
2870 1476 2989 1519 non
3013 1457 3413 1537 adipiscatur:
3442 1467 3726 1541 tanquam

2085 1544 2333 1625 pulcher
2381 1554 2580 1608 autem
2613 1546 2857 1626 pulchra
2908 1548 3148 1627 praemia
3178 1549 3460 1627 proponit
3488 1567 3503 1613 :
3536 1566 3728 1631 neque

2084 1636 2243 1697 cm'm
2274 1634 2482 1698 oculus
2501 1636 2680 1713 vidit,
2704 1653 2899 1716 neque
2919 1639 3086 1698 auria
3108 1638 3371 1713 audivit,
3394 1656 3501 1700 nec
3530 1644 3597 1701 in
3623 1656 3731 1702 cor

2085 1722 2315 1781 hominis
2370 1725 2606 1781 ascendit
2652 1741 2772 1796 quo:
2802 1726 3139 1797 praeparavit
3171 1727 3336 1794 Deus,
3377 1726 3730 1802 diligentibus

352 1838 513 1894 σμον,
566 1815 812 1873 ’Ἃνωθεν
876 1817 996 1894 γοῦν
1048 1815 1257 1895 ῥητέον,
1294 1816 1409 1872 καθ’
1463 1818 1574 1889 οὒς,
1607 1814 1695 1872 ὑπ’
1748 1813 2001 1891 ἂθλοθὲτῃ

2088 1825 2226 1877 sei:
2272 1822 2548 1895 tanquam
2583 1813 2772 1876 bonus
2802 1833 2944 1876 vero
2974 1816 3087 1878 fert
3110 1817 3391 1878 auxilium
3423 1825 3481 1879 et
3509 1838 3729 1900 suppe-

358 1912 572 1983 Χριστῳ
621 1904 958 1983 γιγνόμενος,
1003 1902 1320 1963 ἀποδύσεται
1366 1906 1496 1983 πρὸς
1538 1905 1703 1968 θείους
1765 1904 1999 1981 ἀγῶνας,

2088 1904 2217 1976 tias,
2251 1902 2381 1983 ipse
2431 1903 2590 1964 enim
2622 1913 2713 1965 est
2761 1905 2859 1984 qui
2890 1904 3070 1968 dicit:
3130 1906 3428 1985 Con/Edita
3455 1925 3564 1989 ego
3610 1912 3731 1972 vici

352 1997 456 2053 ὑπὸ
514 1994 773 2072 νομοθέτῃ
826 1994 1053 2071 ἐμμενεῖ
1110 2009 1234 2061 ταῖς
1288 2001 1379 2051 τοῦ
1423 1994 1586 2073 σοφοῦ
1643 1993 1999 2072 νομοθεσίαις,

2088 1993 2327 2049 mundum
2355 2002 2404 2046 ι.
2442 1992 2637 2050 Denuo
2660 1994 2834 2064 igitur
2864 1992 3195 2061 dicendum,
3227 2011 3356 2053 eum
3388 1999 3489 2068 qui
3518 2012 3729 2056 secun-

354 2087 458 2142 ὓπὸ
501 2083 652 2159 καλῷ
708 2084 933 2162 βεβαίως
985 2083 1088 2150 ἕξει
1144 2083 1228 2143 διὰ
1270 2087 1335 2144 τὰ
1380 2083 1519 2141 καλὰ
1550 2082 1774 2162 ἔπαθλα,
1803 2084 1904 2139 ὑπὸ
1948 2081 2001 2137 δὲ

2088 2083 2225 2145 dum
2251 2076 2485 2145 hos‘sub
2509 2084 2744 2147 Christo
2765 2085 3104 2147 munerario
3136 2086 3493 2149 constitutus
3521 2087 3595 2149 ad
3631 2090 3727 2151 di-

352 2177 535 2253 αγαθῷ
602 2174 960 2251 βοηθούμενος
1020 2178 1124 2253 οὐχ
1178 2176 1558 2244 ἡττηθήσεται,
1624 2170 1843 2237 Ἐπιϐὰς
1904 2174 2001 2250 γὰρ

2093 2173 2221 2235 vina
2249 2172 2576 2235 certamina
2605 2182 2819 2235 exutus
2862 2173 3064 2248 fuerit,
3089 2173 3190 2255 qui
3227 2175 3582 2255 legislatoris
3629 2197 3733 2240 sa-

352 2276 474 2327 τοῖς
516 2262 697 2343 ἴχνεσι
741 2269 836 2320 τοῦ
864 2263 1074 2342 πρώτου
1102 2270 1209 2319 τῶν
1251 2263 1496 2330 ἀθλητῶν
1542 2259 1717 2329 Ἰησοῦ
1775 2266 2001 2341 Χριστοῦ

2090 2263 2302 2343 pientis
2331 2262 2740 2324 sanctionibus
2773 2263 3115 2338 adhzeserit,
3148 2283 3184 2325 a
3214 2266 3464 2346 pulchro
3495 2285 3733 2350 quoque

350 2359 448 2410 τοῦ
494 2350 687 2431 Κυρίου
718 2354 899 2433 ἡμῶν,
938 2352 995 2416 ὃς
1025 2350 1109 2409 διὰ
1155 2351 1325 2429 μόνην
1355 2353 1659 2430 ἀγαθότητα
1686 2349 1817 2407 ἰδίαν
1869 2353 2003 2430 πρὸς

350 2443 411 2498 τὸ
484 2448 577 2498 τοῦ
648 2441 875 2499 θανάτου
944 2441 1248 2519 ἠγωνίσατο
1324 2440 1539 2521 κράτος,
1600 2441 1692 2506 τὰς
1768 2440 2004 2503 ἐναντίας

354 2531 504 2605 αὐτῷ
559 2532 688 2610 πρὸς
718 2531 818 2600 τὴν
867 2530 1055 2589 θέωσιν
1099 2531 1462 2596 ἆποστατικᾶς
1515 2532 1778 2610 ἐνεργείας
1820 2550 1878 2585 τε
1920 2539 2008 2585 καί

350 2619 601 2700 ὒπάρξεις
675 2619 1102 2696 καταπαλαίσας,
1161 2622 1552 2691 συναπονήσκει
1636 2626 1846 2698 Χριστῷ
1926 2618 2011 2675 διὰ

351 2714 456 2778 τῆς
518 2714 732 2789 τριττῆς
762 2708 1115 2788 καταδύσεως,
1150 2712 1314 2769 τύπον
1359 2711 1590 2791 ἐχούσης
1634 2709 1730 2777 τῆς
1778 2706 2008 2787 τριημέ-

351 2821 447 2879 ρου
524 2800 697 2880 ταφῆς
766 2806 859 2859 του
930 2802 1148 2881 Κυρίου.
1194 2801 1494 2879 Ἐνεργείας
1570 2797 1624 2855 δὲ
1694 2798 1843 2877 λέγει
1915 2796 2007 2864 τοὶς

350 2888 622 2969 ἁμαρτίας
678 2890 768 2947 καί
809 2890 903 2955 τὰς
963 2890 1221 2966 ἐμπαθεῖς
1281 2889 1581 2966 ἐπιθυμίας,
1626 2888 1869 2957 ὑπάρξεις
1927 2885 2003 2962 δὲ,

349 2979 451 3043 τὰς
518 2978 719 3037 τούτων
793 2979 1136 3059 ἐνεργητικὸς
1198 2985 1302 3036 τῶν
1373 2977 1636 3055 δαιμόνων
1695 2979 1896 3058 φύσεις⁸
1957 2979 2010 3034 αί

353 3070 459 3148 γὰρ
537 3070 769 3149 πονηραὶ
838 3068 1053 3149 πράξεις
1130 3068 1225 3127 οὒκ
1292 3069 1345 3127 ἐν
1421 3067 1523 3143 ἰδίᾳ
1589 3067 1801 3149 ὑπάρξει
1877 3071 2009 3125 θεω-

345 3180 592 3238 ρο·›νται.

428 3423 631 3508 §VIL
697 3428 795 3488 Καί
825 3449 914 3503 μοι
974 3427 1078 3485 νόει
1130 3427 1312 3485 ἐκεῖνα
1368 3430 1433 3485 τᾶ
1460 3428 1574 3505 ἱερὰ
1628 3425 1760 3494 ὅσην
1804 3423 2002 3483 οἰκειό-

341 3539 487 3585 τητα
546 3518 681 3593 πρὸς
707 3520 870 3576 ταῦτα
926 3517 992 3574 τὰ
1046 3516 1285 3594 σύμϐολα
1343 3518 1587 3598 ἔχουσιν.
1651 3513 1870 3583 Ἐπειδὴ
1904 3514 2003 3594 γὰρ

342 3607 374 3663 ὁ
420 3606 557 3688 παρ’
592 3608 731 3682 ἡμῖν
784 3606 1009 3670 θάνατος
1068 3608 1162 3666 οὒκ
1206 3606 1347 3665 ἔστιν
1398 3604 1683 3685 ἀνυπαρξία
1739 3602 2004 3671 παντελὴς

338 3697 489 3756 κατὰ
553 3698 620 3753 τὸ
649 3695 801 3762 δόξαν
852 3695 1072 3777 ἑτέροις,
1113 3696 1309 3762 οἵτινες
1353 3699 1441 3754 καὶ
1498 3696 1595 3763 τὴν
1627 3695 1806 3776 ψυχὴν
1861 3694 2003 3752 εἶναι

335 3785 550 3855 θνητῆν
586 3783 795 3866 ἔλεγον,
832 3787 919 3842 καὶ
973 3787 1044 3852 εὶς
1072 3788 1133 3844 τὸ
1191 3784 1415 3863 μηδαμῇ
1445 3783 1708 3862 μηδαμῶς
1740 3785 1883 3841 εἶναι
1912 3785 2004 3841 τὸν

335 3872 631 3956 ἄνθρωπον
705 3876 1028 3956 φθείρεσθαι.
1116 3874 1239 3934 ἀλλ’
1308 3875 1420 3933 ἔστι
1493 3875 1748 3954 διάκρισις
1818 3879 2003 3954 ψυχῆς

338 3964 450 4021 ἀπὸ
518 3965 800 4040 σώματος,
845 3964 944 4032 τὴν
975 3966 1085 4040 μὴν
1143 3966 1326 4045 ψυχὴν
1360 3967 1432 4028 εἷς
1463 3967 1523 4022 τὸ
1554 3965 1748 4044 ἀφανὲς
1780 3962 2002 4044 ἄγουσα,

2090 2352 2336 2433 pulchra
2362 2351 2782 2433 praemiacerto
2815 2367 3299 2429 consecuturum,
3327 2365 3434 2417 eta
3454 2357 3608 2418 bono
3635 2360 3736 2419 ad-

2081 2442 2303 2522 jutum,
2355 2441 2597 2502 minime
2646 2442 2946 2503 devictum
3009 2442 3144 2504 £85
3182 2444 3279 2506 iri.
3330 2443 3514 2507 Primi
3569 2446 3755 2510 enim-

2090 2532 2446 2593 athletarum
2477 2532 2613 2594 Jesu
2628 2530 2846 2593 Christi
2870 2532 3109 2594 Domini
3131 2531 3319 2593 nostri
3342 2533 3599 2613 vestigiis
3628 2535 3731 2597 in-

2092 2623 2333 2697 sistens,
2360 2621 2461 2702 qui
2482 2621 2605 2683 sola
2629 2620 2891 2684 bonitate
2911 2639 3019 2712 sua
3069 2640 3202 2684 cum
3252 2624 3459 2685 mortis
3478 2624 3731 2704 imperio

2093 2714 2412 2791 dimicavit,
2438 2714 2704 2777 actiones
2732 2713 3179 2795 subtantiasque
3209 2713 3569 2777 deificationi
3609 2733 3733 2778 suae

2093 2803 2476 2865 adversantes
2501 2810 2910 2883 prosternens,
2937 2802 3170 2865 Christo
3203 2804 3595 2865 commoritur
3621 2820 3731 2884 per

2093 2892 2384 2973 triplicem
2418 2891 2887 2969 immersionem,
2921 2910 3053 2974 quae
3097 2892 3384 2955 triduana;
3411 2893 3730 2975 sepultura;

2093 2979 2336 3044 Domini
2357 2982 2603 3060 figuram
2629 2981 2830 3043 refert.
2863 2981 3154 3044 Actiones
3171 2990 3368 3044 autem
3395 2991 3565 3044 vocat
3593 3001 3732 3062 pec~

2093 3079 2224 3133 cata
2243 3071 2718 3151 cupiditatesque
2741 3069 3111 3134 turbulentas
3134 3091 3151 3154 ;
3180 3070 3541 3134 substantias
3562 3088 3724 3149 vero,

2023 3160 2063 3211 C
2089 3159 2422 3222 daemonum
2443 3168 2705 3241 naturas,
2732 3179 2863 3242 quae
2884 3159 3218 3223 istiusmodi
3249 3161 3464 3239 agendi
3489 3161 3606 3224 vim
3626 3162 3731 3226 ha-

2088 3249 2265 3312 bent:
2302 3250 2589 3330 improbm
2614 3250 2773 3312 enim
2801 3250 3065 3312 actiones
3097 3268 3465 3332 nequaquam
3499 3252 3559 3313 in
3582 3271 3728 3333 pro-

2087 3339 2214 3420 pria
2244 3359 2350 3401 sua
2378 3339 2709 3403 substantia
2736 3340 3036 3402 videntur.

2169 3429 2199 3509 §
2224 3428 2354 3492 VII.
2386 3428 3087 3510 Considera,quaeso,ista
3119 3438 3510 3508 sacramenta,
3540 3449 3731 3511 quan-

2089 3526 2202 3581 tam
2226 3537 2365 3583 cum
2381 3518 2800 3600 symbolissuis
2819 3520 3247 3601 proprietatem
3274 3520 3554 3585 habeant.
3581 3522 3729 3585 Cum

2087 3607 2246 3671 enim
2279 3609 2340 3671 in
2358 3607 2530 3671 nobis
2562 3626 2726 3670 mors
2754 3627 2873 3670 non
2904 3609 2982 3670 sit
3003 3609 3354 3672 omnimoda
3384 3609 3732 3673 substantias

2087 3698 2350 3773 abolitio,
2373 3698 2460 3760 uti
2485 3696 2839 3779 quibusdam
2875 3698 3092 3780 placet,
3127 3699 3233 3776 qui
3255 3699 3433 3761 etiam
3463 3701 3730 3763 animam

2089 3786 2400 3850 mortalem
2433 3805 2589 3864 esse,
2622 3787 3049 3869 hominemque
3080 3789 3318 3870 penitus
3348 3785 3423 3851 ad
3475 3789 3730 3852 nihilum

2091 3877 2273 3949 redigi
2313 3887 2367 3935 et
2395 3878 2688 3949 corrumpi
2712 3877 3038 3936 asserebant
3063 3894 3083 3948 ;
3109 3878 3207 3935 sed
3224 3881 3508 3949 separatio
3528 3884 3730 3937 animas

2091 3978 2125 4022 ε
2141 3974 2413 4040 corpore,
2428 3959 2682 4021 animam
2701 3957 2942 4040 quidem
2965 3957 3038 4021 ad
3061 3958 3121 4021 id
3136 3957 3293 4040 quod
3314 3959 3485 4022 nobis
3507 3959 3729 4023 obscu-

340 4054 519 4133 (κατᾶ
552 4053 714 4112 τοῦτο
747 4055 846 4134 γὰρ
876 4055 961 4111 καὶ
1002 4053 1134 4127 ᾅδης
1165 4054 1403 4136 λέγεται,
1437 4053 1581 4113 τοῦτ’
1613 4053 1782 4134 ἔστιν,
1814 4056 1841 4111 ὁ
1862 4053 2001 4134 ἀρρα-

2090 4066 2223 4111 rum
2257 4055 2346 4110 est
2375 4048 2603 4111 ducens
2644 4048 2831 4128 (juxta
2861 4048 3021 4129 quod
3069 4048 3251 4111 etiam
3284 4048 3386 4111 ille
3433 4049 3649 4112 anima)
3697 4067 3732 4113 a

338 4144 441 4212 νῆς
487 4145 781 4227 χωρισμὸς
811 4147 996 4224 ψυχῆς
1027 4144 1132 4201 ἀπὸ
1164 4143 1465 4221 σώματος,)
1494 4146 1554 4202 τὸ
1583 4149 1740 4219 σῶμα
1769 4141 1823 4199 δὲ
1870 4143 1906 4211 ἢ
1936 4143 2001 4208 εἰς

2093 4155 2345 4219 corpore
2366 4136 2661 4200 discessus
2681 4138 2812 4212 ᾅδης
2829 4155 2935 4227 seu
2948 4136 3319 4216 infernus,id
3336 4146 3426 4200 est
3445 4137 3732 4203 obscurus

341 4239 450 4311 γῆν
514 4232 980 4314 παραμέμπουσα,
1014 4236 1050 4302 ἦ
1102 4235 1189 4290 καὶ
1217 4233 1334 4291 καθ’
1367 4234 1550 4311 ἑτέραν
1580 4234 1697 4289 τινὰ
1740 4238 1847 4289 τῶν
1896 4254 2001 4288 σω-

2094 4227 2339 4309 dicitur)
2395 4245 2608 4309 corpus
2633 4245 2771 4289 vero
2803 4226 2893 4289 vel
2934 4234 3107 4289 terra;
3137 4228 3451 4303 mandans,
3491 4229 3584 4289 vel
3617 4230 3733 4291 alia

339 4331 606 4399 ματικῶν
646 4321 986 4380 ἂλλοιώσεων
1023 4325 1363 4403 ἀφανίζουσα.
1415 4320 1764 4385 Ἀλλοιώσεις
1819 4320 1873 4378 δὲ
1905 4321 2001 4378 νόει

2096 4317 2372 4400 quapiam
2399 4316 2693 4397 corporali
2712 4315 3122 4378 immutatione
3148 4315 3417 4380 abolens.
3442 4315 3732 4380 Immuta-

331 4398 433 4478 τας
481 4415 563 4479 εἷς
598 4410 885 4480 σκώληκας
937 4415 1025 4470 καὶ
1056 4398 1131 4479 εἷς
1183 4411 1319 4471 ἄλλα
1351 4414 1535 4494 ζωύφια
1580 4410 2001 4492 μεταστοιχειώ-

2094 4398 2290 4469 tiones
2318 4415 2514 4469 autem
2546 4414 2715 4471 vocat
2743 4406 2872 4468 illas
2900 4424 3032 4488 quae
3058 4407 3120 4467 in
3175 4424 3407 4469 vermes
3436 4406 3606 4483 fiunt,
3640 4406 3730 4471 vel

331 4503 447 4569 σείς
479 4509 586 4560 τοῦ
643 4501 910 4568 σώπατος⁶
947 4499 1032 4560 διὰ
1083 4509 1238 4561 τοῦτο
1267 4504 1302 4572 ἡ
1347 4502 1503 4571 ὸλικὴ
1554 4509 1647 4560 τοῦ
1686 4500 1874 4567 ὕδατος
1903 4501 2001 4561 νά-

2091 4497 2320 4560 similes
2351 4499 2411 4561 in
2444 4497 2560 4559 alia
2588 4496 2948 4559 animalcula
2967 4496 3233 4578 corporis
3268 4496 3734 4561 transformatio-

331 4588 500 4667 λυψις
535 4592 646 4659 τήν
677 4592 933 4659 τοιαύτην
965 4590 1139 4649 ἆϊδίαν
1169 4592 1266 4660 τῆς
1314 4614 1372 4650 τε
1402 4593 1587 4669 ψυχῆς
1637 4593 1724 4648 καὶ
1752 4598 1844 4649 τοῦ
1894 4590 2001 4648 σώ-

2092 4605 2242 4661 ιιοε;
2295 4586 2577 4670 quocirca
2605 4586 2781 4648 etiam
2836 4584 3030 4649 totalis
3073 4584 3183 4649 ista
3212 4604 3379 4668 aquae
3428 4585 3733 4668 coopertio

329 4703 543 4762 ματος,
582 4678 836 4748 δηλονότι
867 4683 958 4739 τὸν
996 4682 1218 4739 θάνατον
1267 4681 1598 4762 παραδηλοῖ.
1633 4682 1730 4739 Καὶ
1786 4680 1896 4737 ἐπεὶ
1952 4679 2001 4736 ἐν

2090 4677 2421 4740 istiusmodi
2453 4684 2799 4758 perpetuam
2827 4676 3040 4739 animas
3068 4676 3458 4758 corporisque
3481 4684 3731 4740 mortem

328 4774 509 4847 τρισὶν
570 4770 826 4851 ἡμέραις,
856 4772 943 4827 καὶ
1000 4771 1054 4828 ἐν
1107 4773 1241 4851 τρισὶ
1291 4771 1424 4838 νυξὶν
1475 4771 1526 4829 ἐν
1581 4777 1647 4848 τῇ
1679 4769 1849 4844 κοιλίᾳ
1906 4775 2001 4838 τῆς

2089 4767 2406 4847 significat.
2439 4765 2512 4828 Et
2539 4767 2819 4848 quoniam
2851 4765 3039 4829 tribus
3071 4764 3284 4829 diebus
3311 4784 3380 4829 ac
3412 4765 3601 4829 tribus
3630 4785 3735 4830 no-

329 4860 440 4938 γῆς
490 4862 523 4917 ὁ
558 4860 875 4939 ζωαρχικὸς
935 4857 1139 4926 Ἰησοῦς
1187 4858 1384 4942 ἔμεινε,
1419 4860 1504 4918 διὰ
1559 4860 1657 4938 μὲν
1687 4865 1792 4916 τῶν
1849 4865 2001 4938 τριῶν

2091 4857 2285 4920 ctibus
2311 4853 2486 4919 Jesus
2512 4856 2613 4937 qui
2645 4855 2775 4918 vitae
2816 4856 3097 4938 princeps
3130 4864 3209 4934 et,
3235 4855 3296 4918 in
3329 4863 3534 4918 ventre
3560 4864 3738 4919 terra;

331 4947 699 5006 καταδύσεων
759 4949 809 5005 αἱ
863 4961 1010 5027 τρεῖς
1068 4950 1247 5016 νύκτες
1299 4948 1738 5030 παραδηλοῦνται·
1798 4945 1883 5005 διὰ
1953 4945 2001 5004 δὲ

2094 4945 2440 5028 permansit,
2476 4962 2583 5027 per
2603 4953 2722 5009 tres
2740 4945 2981 5027 quidem
3005 4946 3084 5008 im
3096 4947 3448 5026 mersiones,
3478 4953 3599 5009 tres
3621 4965 3733 5010 no-

329 5045 446 5099 τῶν
476 5042 657 5119 τριῶν
688 5036 985 5097 ἆναδύσεων
1011 5040 1064 5099 αἱ
1091 5052 1240 5119 τρεῖς
1271 5041 1492 5121 ἡμέραι.

2093 5043 2239 5109 cies,
2274 5053 2380 5117 per
2408 5042 2529 5098 tres
2582 5043 2780 5098 autem
2815 5035 3206 5115 emersiones,
3256 5043 3379 5099 tres
3412 5034 3539 5099 dies
3583 5036 3738 5101 desi-

2092 5126 2370 5207 gnantu'r.

2146 5214 2630 5297 §VlII.Candidis
2646 5213 2869 5278 deinde
2879 5213 3249 5279 vestimentis
3262 5214 3527 5280 initiatus
3542 5214 3738 5280 indui-

2095 5313 2461 5389 tur,propter
2486 5306 2828 5387 passionum
2871 5323 2940 5368 ac
2971 5303 3237 5368 sordium
3269 5305 3645 5387 vacuitatem,
3678 5315 3739 5369 et

2092 5414 2225 5460 cum
2250 5415 2367 5457 uno
2397 5395 2621 5459 lumine
2650 5394 3138 5476 consensionem,
3165 5413 3273 5477 per
3299 5413 3475 5478 quam
3492 5394 3737 5459 sordida

2091 5495 2150 5551 et
2171 5485 2477 5550 immunda
2499 5484 2892 5568 informisque
2914 5486 3027 5549 vita
3050 5486 3220 5567 quasi
3250 5483 3568 5567 diSparuit.
3602 5485 3737 5551 Non

416 5218 450 5301 δ
503 5216 682 5282 VI".
748 5208 904 5294 Ἐξῂς
951 5216 1006 5276 δὲ
1059 5217 1323 5299 φώτοειδῆ
1378 5218 1565 5296 ἱμάτια
1612 5220 1640 5279 ὀ
1695 5217 2009 5299 τελούμενος

335 5309 711 5390 ἀμφιέννυται
754 5304 837 5365 διὰ
875 5309 937 5365 τὸ
991 5309 1188 5376 ἀπαθὲς
1244 5311 1331 5367 καὶ
1387 5308 1711 5392 ἂῤῥύπωτον,
1769 5313 1856 5369 καὶ
1909 5311 2010 5381 τὴν

336 5402 476 5481 πρὸς
539 5399 613 5457 τὸ
678 5396 732 5455 ἓν
788 5399 898 5478 φῶς
946 5399 1215 5458 σύννευσιν
1260 5399 1374 5458 καθ’
1431 5399 1505 5458 ὢν
1547 5403 1575 5457 ὃ
1625 5401 1854 5480 ῥυπαρὸς
1896 5402 2009 5480 βίος

328 5492 423 5551 καὶ
464 5489 725 5565 ἄκοσμος
784 5489 870 5545 καὶ
926 5487 1156 5556 ἆνείδεος
1202 5490 1356 5548 οἱονεὶ
1417 5486 1681 5567 δυσειδής,
1714 5489 1857 5573 (οὗδὲ
1907 5493 2007 5573 γὰρ

411 5691 435 5727 ι
474 5677 503 5746 Ι
537 5677 697 5746 Cor.
728 5695 791 5764 ιι,
825 5680 888 5745 9.
974 5690 997 5720 ι
1024 5677 1243 5745 Joann.
1277 5695 1401 5758 xvr,
1434 5679 1527 5743 33.
