4150 6158
249 388 377 456 425
1307 392 1406 454 DE
1448 392 1745 456 ECCLES.
1794 392 2244 468 HIERARCH.,
2291 392 2456 457 CAP.
2503 393 2616 456 III.
3518 389 3638 459 426

251 530 729 609 τελεσιουργούσης
788 528 946 587 αὐτοῦ
990 528 1089 596 τὴν
1132 528 1265 605 πρὸς
1315 529 1445 584 Θεὸν
1502 528 1801 593 κοινωνίαν,
1842 529 1898 587 Ei

1996 527 2268 591 .nantium
2307 530 2729 610 mysteriorum
2762 528 2921 592 dono
2952 530 3204 594 divinam
3228 532 3343 613 ipsi
3373 529 3639 596 conferat

246 621 422 677 τοίνυν
480 619 677 686 ἑκάστη
731 624 837 675 τῶν
885 622 1204 698 ἱεραρχικῶν
1254 617 1507 691 τελετῶν,
1557 617 1750 687 ἀτελὴς
1796 619 1895 695 μὲν

1996 617 2707 691 :ommunionem.Quare,
2723 618 2785 681 ἐἰ
2806 620 3089 696 quaelibet
3117 621 3629 685 hierarchicarum

247 710 381 766 οὖσα
403 708 491 784 60,
522 710 621 776 τὴν
648 710 776 787 πρὸς
806 711 866 766 τὸ
897 711 950 766 ἓν
980 711 1137 783 ἡμῶν
1179 708 1457 764 κοινωνίαν
1486 709 1573 764 καὶ
1606 707 1810 774 σύναξιαο
1838 710 1899 766 οὗ

1996 707 2497 770 :onsecrationum
2520 708 2871 789 imperfecta
2884 719 3108 791 manet,
3137 710 3276 772 dum
3298 708 3638 774 nostricum

247 799 702 877 τελεσιουργήσσι,
729 800 905 854 καὶτὸ
936 798 1079 854 εἶναι
1111 797 1305 863 τελετὴ
1337 794 1422 852 διὰ
1451 798 1511 853 τὸ
1542 796 1826 855 ἀτέλεστον
1840 796 1895 846 61

2006 796 2082 853 llo
2105 810 2219 854 uno
2242 797 2706 855 communionem
2721 799 3113 871 unionemquo
3134 813 3249 858 non
3274 800 3497 871 perﬁcit
3521 800 3632 858 hoc

246 889 600 969 ἀφῃρημένη.
643 889 704 942 τὸ
734 885 791 942 δὲ
837 885 990 949 τέλος
1020 887 1233 953 ἀπάσης
1279 884 1340 934 69
1366 886 1460 942 καὶ
1502 888 1562 942 τὸ
1614 886 1901 966 κεφάλαιον

246 980 284 1046 ἡ
341 978 449 1035 τῶν
504 980 808 1056 θεαρχικῶν
868 976 1168 1052 μυστηρίων
1223 980 1301 1049 τῷ
1356 974 1659 1050 τελιυμένῳ
1730 978 1902 1052 μετά-

249 1072 420 1140 δοσις,
456 1067 673 1130 εἰκότως
730 1067 765 1132 ἠ
807 1066 1092 1145 ἱεραρχικὴ
1137 1065 1342 1126 σύνεσις
1402 1064 1707 1139 επωνυμίαν
1768 1065 1903 1143 αὒτῇ

255 1157 436 1233 κυρίαν
507 1155 568 1211 ἐκ
623 1160 721 1222 τῆς
777 1161 883 1210 τῶν
940 1155 1266 1232 πραγμάτῶν
1343 1153 1588 1220 ἀληθείας
1664 1154 1896 1234 ἐφεῦρεν·

250 1245 394 1302 οῧτω
450 1244 516 1314 δὴ
578 1245 667 1302 καὶ
734 1244 832 1313 τὴν
896 1246 1037 1323 ἱερὰν
1107 1249 1207 1310 τῆς
1264 1246 1593 1322 θεογενεσίας
1655 1244 1897 1320 τελετῆν,

251 1333 440 1403 ἔπειδή
497 1334 710 1413 πρώτου
754 1337 927 1414 φωτὸς
987 1331 1324 1413 μεταδίδωσι,
1386 1336 1473 1390 καὶ
1518 1341 1701 1390 πασῶν
1759 1336 1900 1391 ἐστιν

250 1424 402 1505 ἁρχὴ
476 1428 579 1480 τῶν
651 1426 804 1480 θείων
874 1428 1264 1503 φωταγωγιῶν,
1326 1423 1388 1479 ἐκ
1428 1425 1523 1480 τοῦ
1583 1422 1902 1499 τελουμένου

252 1516 351 1581 τὴν
411 1513 586 1582 ἀληθῆ
629 1521 721 1570 τοῦ
764 1513 1100 1591 φωτίσματος
1157 1512 1457 1587 ἐπωνυμίαν
1504 1514 1787 1589 ὕμνοῡμεν,
1844 1515 1902 1571 Εἰ

252 1606 355 1684 γὰρ
430 1610 561 1660 πᾶσι
645 1603 819 1661 κοινὸν
893 1615 1011 1669 τοῖς
1084 1604 1416 1682 ἱεραρχικοτς
1489 1600 1544 1645 ⁸³
1611 1607 1672 1661 τὸ
1729 1604 1905 1684 φωτὸς

251 1697 394 1773 ἱεροῦ
460 1691 797 1769 μεταδιδόναι
857 1706 970 1756 τοῖς
1042 1692 1410 1767 τελουμένοις,
1481 1692 1599 1749 ἀλλ’
1658 1695 1791 1761 αὕτη
1848 1696 1909 1750 τὸ

256 1783 484 1862 πρώτως
527 1781 594 1833 64
616 1780 750 1839 ἰδεῖν
789 1781 1092 1858 ἐδωρήσατό
1137 1804 1255 1860 μοι,
1302 1784 1392 1839 καὶ
1435 1781 1519 1842 διὰ
1580 1791 1670 1840 τοῦ
1712 1785 1910 1852 ταύτης

1985 884 2114 967 ipso
2139 886 2296 967 quod
2324 903 2447 949 non
2473 886 3163 969 perﬁcitur,perﬁciendi
3184 889 3299 951 vim
3331 893 3635 971 amittens;

1985 973 2121 1032 ﬁnis
2139 982 2325 1033 autem
2340 979 2598 1033 omnium
2618 986 2704 1034 est
2723 986 2775 1033 et
2797 987 3056 1049 caput,ut
3081 992 3213 1036 eum
3234 981 3332 1050 qut
3357 979 3634 1046 initiatur,

1985 1065 2420 1146 praecipuorum
2448 1064 2554 1127 Dei
2582 1066 3004 1146 mysteriorum
3024 1067 3378 1149 participem
3394 1069 3636 1139 alliciat.

1976 1154 2115 1234 jure
2171 1154 2384 1218 merito
2417 1154 2784 1234 pontiﬁcalis
2841 1153 3095 1217 scientia
3127 1156 3433 1237 proprium
3467 1157 3554 1220 illi
3605 1176 3641 1220 a

1983 1261 2181 1304 rerum
2196 1242 2440 1304 veritate
2454 1261 2672 1305 nomen
2695 1243 3019 1306 adinvenit:
3048 1244 3130 1307 ita
3142 1262 3382 1326 quoque
3402 1262 3636 1309 sacram

1983 1332 2199 1395 divinae
2230 1334 2705 1414 regenerationis
2735 1335 3160 1414 initiationem,
3194 1337 3353 1418 quod
3388 1337 3639 1419 primam

1985 1422 2177 1485 lucem
2201 1423 2895 1502 conferat,omniumqne
2921 1424 3255 1487 divinarum
3289 1425 3641 1490 illustratio-

1985 1527 2124 1570 num
2148 1514 2494 1585 principium
2516 1513 2818 1580 existat,ex
2850 1512 3059 1573 effectu
3078 1529 3210 1573 vero
3243 1514 3642 1576 illustrationis

1987 1594 2235 1656 nomine
2281 1593 2681 1657 celebramus.
2734 1594 3014 1668 Quamvis
3058 1601 3215 1658 enim
3273 1597 3453 1658 etiam
3511 1597 3643 1661 aliis

1990 1682 2383 1747 hierarcbicis
2431 1683 2839 1747 (unctionibus
2870 1703 3188 1747 commune
3250 1685 3348 1760 sit,
3383 1702 3488 1749 eos
3537 1686 3644 1766 qui

1992 1772 2306 1834 initiantur
2332 1791 2517 1836 sacra;
2547 1773 2695 1835 lucis
2752 1784 3062 1837 consortes
3092 1774 3296 1838 facere
3330 1795 3347 1852 ;
3379 1783 3642 1840 attamen

254 1874 629 1953 ἆρχικωτάτου
669 1873 844 1950 φωτὸς
888 1870 973 1928 ἐπὶ
1004 1876 1101 1937 τὴν
1144 1876 1251 1926 τῶν
1278 1869 1344 1922 65
1385 1870 1565 1930 ἄλλων
1594 1874 1746 1946 ἱερῶν
1780 1874 1909 1931 ἐπο-

2002 1862 2127 1924 baec
2160 1862 2260 1924 illa
2291 1873 2382 1925 est
2412 1882 2543 1944 qua:
2596 1865 2852 1953 primum
2886 1865 3032 1926 mihi
3068 1864 3259 1927 visum
3291 1865 3638 1953 impertivit,

254 1963 381 2037 ψίαν
443 1963 876 2041 φιυταγωγοῦμαι
906 1960 991 2024 θθ.
1040 1968 1215 2020 Ταῦτα
1257 1959 1313 2018 δὲ
1373 1963 1632 2035 εἰπόντες,
1674 1963 1909 2021 ἀνασκε-

255 2050 483 2123 ψῶμεθα
529 2052 618 2107 καὶ
648 2048 945 2125 κατίδωμεν
994 2053 1315 2130 ἱεραρχικῶς
1355 2052 1453 2118 τὴν
1513 2051 1629 2108 καθ’
1685 2054 1910 2111 ἕκαστον

254 2136 450 2218 ἀκριϐῆ
494 2139 592 2207 τῆς
650 2138 954 2216 ἀγιωνάτης
996 2138 1219 2207 τελετῆς
1283 2141 1572 2219 ἱερουργίαν
1624 2144 1713 2199 καὶ
1768 2145 1909 2199 θεω-

256 2229 395 2308 ρίαν,

426 2432 488 2482 lI.
547 2426 846 2504 Μυστήριον
892 2424 1176 2491 συνάξεως.
1223 2425 1404 2483 εἴτουν
1448 2428 1747 2491 κοινωνίας,

341 2539 402 2605 ’0
453 2545 550 2622 μὶν
597 2546 883 2626 ἱεράρχης,
918 2547 1084 2626 εὐχὴν
1113 2548 1256 2625 ἱερὰν
1299 2548 1384 2604 ἐπὶ
1426 2557 1518 2607 τοῦ
1545 2548 1683 2606 θείου
1725 2551 1907 2604 θυσια-

255 2637 477 2717 στηρίου
558 2635 803 2709 τελέσας,
862 2635 914 2700 ἐξ
974 2638 1129 2693 αὒτοῦ
1200 2643 1291 2694 τοῦ
1348 2641 1536 2711 θυμιᾷν
1594 2636 1905 2713 ἀρξάμενος,

254 2728 345 2785 ἐπὶ
389 2733 565 2783 πᾶσαν
613 2725 830 2806 ἔρχεται
862 2725 958 2793 τὴν
1002 2732 1093 2782 τοῦ
1126 2729 1266 2803 ιεροῦ
1315 2734 1496 2806 χωροῡ
1523 2726 1586 2776 ³⁷
1615 2727 1906 2806 «69‘0de-

253 2814 524 2879 ἀναλύσας
569 2815 625 2870 δὲ
668 2812 827 2871 πάλιν
880 2816 967 2871 ἰπὶ
1023 2816 1086 2871 τὸ
1114 2817 1260 2871 θεῖον
1301 2819 1697 2897 ὼσιαστῆριον,
1731 2817 1909 2895 ἀπάρ-

257 2926 424 2985 χεται
480 2909 576 2971 τῆς
635 2906 777 2982 ἱερᾶς
808 2907 912 2960 τῶν
972 2902 1203 2980 ψαλμῶν
1261 2903 1545 2979 μελῳδίας,
1586 2903 1908 2979 συνᾳδούσης

2004 1968 2227 2032 perque
2284 1951 2444 2014 illius
2503 1952 2698 2014 lucem
2752 1952 3233 2033 principaliorem
3306 1952 3377 2015 ad
3430 1961 3645 2018 caetera

1994 2058 2233 2120 quoque
2292 2058 2461 2104 sacra
2491 2042 2830 2103 contuenda
2882 2041 3082 2104 lumen
3113 2041 3366 2123 accipio.
3413 2040 3518 2106 His
3561 2042 3645 2106 ita

1993 2130 2356 2205 constitutis,
2420 2130 2883 2193 consideremus
2945 2138 3005 2194 et
3063 2130 3426 2214 intueamur,
3475 2150 3646 2196 more

1993 2219 2399 2295 hierarcbico,
2427 2220 2761 2301 quemlibet
2779 2229 3049 2283 exactum
3075 2221 3437 2284 sanctissimi
3467 2222 3645 2304 hujus

1991 2309 2349 2371 sacramenti
2378 2308 2561 2372 ritum
2595 2318 2654 2371 et
2682 2309 3201 2389 significationem.

2166 2418 2215 2476 ΙΙ
2269 2418 2587 2492 Mysterium
2611 2436 2904 2493 synaxeos.
2940 2437 3032 2479 seu
3056 2421 3465 2500 communionis.

2073 2541 2344 2605 Pontifex
2377 2561 2614 2623 precem
2649 2561 2874 2606 sacram
2900 2543 2974 2606 ad
2997 2545 3181 2607 altare
3210 2544 3315 2608 Dei
3366 2544 3645 2608 celebra.

1994 2639 2178 2706 tarus,
2209 2631 2284 2694 ab
2318 2632 2590 2711 ejusdem
2623 2633 2924 2696 suﬁitione
2952 2632 3194 2697 initium
3224 2632 3476 2710 faciens,
3498 2633 3639 2697 uni-

1992 2740 2226 2784 versum
2260 2721 2472 2784 circuit
2499 2723 2669 2785 chori
2707 2722 2994 2785 ambitum
3023 2745 3038 2800 ;
3072 2724 3264 2785 donec
3296 2741 3533 2786 rursum
3563 2723 3639 2787 ad

1992 2810 2183 2873 altare
2212 2810 2475 2874 divinum
2524 2810 2794 2889 rediens,
2828 2830 3062 2874 sacrum
3090 2812 3227 2874 inﬁt
3272 2813 3640 2893 psalmorum

1995 2901 2210 2982 melos,
2234 2900 2396 2962 omni
2429 2900 2642 2963 ordine
2664 2901 3070 2963 ecclesiastico
3092 2919 3322 2964 sacram
3352 2902 3469 2983 ipsi
3488 2902 3643 2983 psal.

253 2997 407 3068 αὗτῷ
434 2994 534 3061 τὴν
580 2993 942 3069 ψαλμικὴνθῧ
983 2994 1279 3071 ἱερολογίαν
1323 2995 1536 3060 ἀπάσης
1580 2997 1676 3060 τῆς
1708 2994 1909 3062 ἐκκλη-

1997 2989 2257 3050 modiam
2285 2990 2651 3052 succinente.
2687 2989 2799 3053 Per
2827 2987 3134 3051 ministros
3175 2989 3392 3053 exinde
3421 3009 3640 3055 conse-

253 3085 542 3147 σιαστικῖς
599 3082 1025 3158 διακοσμήσεως.
1064 3081 1217 3152 Ἐξής
1249 3082 1302 3138 δὲ
1350 3083 1433 3140 διὰ
1462 3090 1568 3140 τῶν
1598 3084 1909 3163 λειτουργῶν

1998 3088 2251 3157 quenter
2282 3095 2581 3140 sacrarum
2633 3079 3070 3156 Scripturarum
3103 3079 3279 3142 lectio
3307 3078 3596 3143 recitatur
3624 3100 3643 3158 ;

253 3175 293 3240 ἡ
342 3174 449 3229 τῶν
492 3172 830 3252 ἇγιογράφων
861 3170 1058 3229 δέλτων
1108 3173 1406 3251 ἀνάγνωσις
1438 3172 1738 3237 ἀκολούθως
1769 3177 1909 3252 γίνε-

2001 3185 2116 3248 qua
2146 3167 2328 3243 ﬁnita,
2355 3186 2525 3229 sacro
2560 3167 2786 3229 ambitu
2817 3174 3102 3232 arcentur
3122 3169 3561 3246 catechumeni,
3585 3178 3648 3232 et

252 3277 370 3319 ται⁹
419 3263 510 3317 καὶ
536 3263 672 3337 μετὰ
698 3262 887 3325 ταύτας
919 3261 1018 3327 ’ἐξω
1050 3262 1317 3338 γίγνονται
1341 3267 1439 3328 τῆς
1469 3264 1612 3342 ἱερας
1642 3268 1909 3343 περιοχῆς

2001 3274 2135 3318 cum
2167 3255 2242 3316 iis
2273 3256 2662 3335 energumeni
2689 3275 2759 3318 ac
2792 3258 3168 3337 pmnitentes,
3202 3258 3328 3321 illis
3366 3259 3468 3335 qui
3500 3258 3646 3320 divi-

257 3353 312 3408 οἱ
372 3352 802 3431 κατηχούμενοι,
861 3352 949 3407 καὶ
1014 3353 1147 3428 πρὸς
1206 3352 1388 3416 αὐτοῖς
1447 3354 1494 3409 οἱ
1551 3351 1915 3431 ἐνεργούμενοι

255 3439 360 3497 sui
418 3442 464 3497 οἱ
506 3441 559 3496 ἑν
605 3440 856 3515 μετανοίᾳ
917 3442 1085 3519 ὀντες,
1151 3440 1367 3516 μένουσι
1411 3438 1464 3496 δὲ
1509 3443 1555 3497 οἱ
1614 3444 1709 3508 τῆς
1765 3442 1916 3499 θείων

257 3529 495 3604 ἰποψίας
554 3530 640 3584 καὶ
687 3528 955 3591 κοινωνίας
1016 3526 1171 3593 ἄξιοι.
1234 3535 1350 3586 Τῶν
1394 3527 1710 3607 λειτουργῶν
1757 3526 1812 3584 δὲ
1872 3528 1917 3586 οἱ

258 3619 362 3696 μὲν
415 3618 598 3675 ἑστᾶσι
641 3619 784 3697 παρὰ
828 3618 919 3682 τὰς
961 3626 1054 3675 τοῦ
1102 3620 1240 3695 ἱεροῦ
1282 3617 1450 3681 πύλας
1494 3616 1916 3696 συγκεκλεισμέ-

258 3730 384 3781 νας,
419 3708 467 3763 οἱ
496 3704 550 3763 δὲ
593 3705 725 3764 ἄλλο
768 3730 816 3764 τι
848 3709 951 3763 τῶν
979 3711 1078 3773 τῆς
1124 3707 1321 3770 οἰκείας
1355 3706 1550 3772 τάξεως
1595 3708 1913 3787 ἐνεργοῦσιν.

259 3801 325 3858 Oi
384 3796 441 3853 δὲ
488 3796 587 3865 τῆς
646 3797 1012 3877 λειτουργικῆς
1078 3795 1483 3870 διακοσμήσεως
1540 3796 1768 3877 ἔκκριτοι
1826 3799 1918 3855 σὺν

257 3902 386 3951 τοῖς
443 3890 667 3966 ἱερεῦσιν
698 3887 789 3943 ἐπὶ
850 3888 943 3944 τοῦ
999 3889 1138 3946 θείου
1194 3887 1564 3967 θυσιαστηρίου
1613 3887 1916 3967 προτιθέασι

259 3980 357 4035 τὸν
387 3979 531 4055 ἱερὸν
587 3975 744 4049 ἄρτον
788 3979 873 4034 καὶ
914 3979 976 4035 τὸ
1019 3983 1119 4045 τῆς
1163 3975 1399 4053 εὐλογίας
1442 3977 1718 4057 ποτήριον,
1751 3998 1918 4055 προο-

262 4065 662 4145 μολογηθείσης
717 4067 821 4123 ὑπὸ
876 4068 1075 4132 παντὸς
1127 4073 1221 4124 τοῦ
1278 4071 1377 4133 τῆς
1430 4065 1742 4147 ἐκκλησίας,
1775 4066 1919 4134 πλη-

263 4157 518 4232 ρώματος
562 4158 662 4224 τῆς
690 4154 978 4224 καθολικῆς
1022 4155 1365 4233 ὓμνολογίας.
1417 4157 1551 4235 Πρὸς
1581 4159 1664 4220 οἷς
1697 4159 1724 4213 ὁ
1772 4159 1918 4221 θεῖος

263 4247 529 4325 ἱεράρχης
580 4245 750 4325 εὐχὴν
813 4247 954 4325 ἱερὰν
1012 4244 1183 4322 τελεῖ,
1218 4245 1315 4302 καί
1357 4245 1455 4314 τὴν
1499 4246 1652 4324 ἁγίαν
1704 4245 1916 4324 εἰρήνην

261 4336 436 4392 ἅπασι
486 4333 815 4412 διαγγέλλειο
847 4335 958 4409 καὶ,
993 4334 1385 4408 ἇσπασαμὶνων
1442 4333 1709 4404 ἀλλήλους
1741 4334 1917 4393 ἀπάν-

264 4448 402 4505 των,
450 4423 481 4491 ῆ
527 4426 759 4500 μυστιειθ⁵
814 4430 919 4481 τῶν
963 4425 1114 4498 ἱερῶν
1145 4431 1368 4505 πτυχῶν
1399 4423 1684 4503 ἀνάῤῥησις
1739 4423 1915 4480 ἁπάνο

262 4512 532 4575 τελεῖται.
570 4514 692 4592 Καὶ,
728 4513 1035 4589 νιψαμὲνων
1064 4514 1157 4579 τὰς
1214 4525 1411 4592 χεῖρας
1441 4510 1587 4569 ὕδατι
1618 4518 1710 4569 τοῦ
1739 4510 1916 4593 ἱεραίρο

2001 3363 2214 3407 norum
2247 3354 2499 3425 aspectu
2534 3355 2590 3407 et
2645 3347 3064 3408 communione
3094 3346 3256 3427 digni
3285 3355 3423 3408 sunt
3449 3365 3648 3408 rema-

1999 3433 2302 3496 nentibus.
2341 3437 2527 3495 Porro
2557 3434 2969 3497 ministrorum
3003 3435 3242 3515 quidem
3297 3435 3396 3498 alii
3426 3436 3646 3498 clausis

2001 3522 2208 3602 templi
2242 3521 2468 3584 foribus
2499 3523 2810 3598 assistunt,
2839 3523 2940 3584 alii
2985 3541 3120 3586 vero
3145 3522 3308 3586 aliud
3338 3523 3643 3605 quidpiam

2000 3612 2156 3693 quod
2190 3612 2267 3673 sit
2294 3611 2518 3673 ordinis
2543 3617 2632 3673 sui
2652 3622 2851 3692 agunt.
2880 3612 2993 3685 Qui
3021 3619 3219 3675 autem
3251 3615 3309 3674 in
3338 3611 3645 3676 ministro-

1997 3719 2130 3763 rum
2163 3701 2375 3764 ordine
2403 3702 2626 3782 primas
2659 3709 2882 3784 tenent,
2918 3720 3037 3765 una
3069 3720 3204 3764 cum
3227 3701 3644 3765 sacerdotibus

2002 3790 2201 3853 divino
2245 3791 2418 3854 altari
2449 3810 2662 3873 panem
2694 3810 2928 3854 sacrum
2986 3792 3354 3873 calicemque
3384 3790 3648 3855 benedi-

1999 3880 2212 3944 ctionis
2238 3880 2576 3963 imponunt,
2612 3881 2688 3944 ab
2735 3882 3011 3945 universa
3043 3882 3413 3962 plenitudine
3442 3882 3649 3945 Eccle-

2002 3971 2107 4032 sim
2143 3970 2272 4031 188
2302 3972 2603 4033 communi
2636 3972 3008 4053 bymnologia
3039 3974 3364 4052 praemissa.
3398 3971 3488 4033 Ad
3520 3972 3647 4032 hinc

2003 4060 2236 4122 divinus
2258 4060 2525 4142 pontifex
2551 4079 2777 4123 sacram
2813 4060 3041 4141 peragit
3060 4062 3487 4141 precationem,
3504 4078 3645 4121 san-

2001 4158 2278 4230 ctamque
2295 4152 2523 4212 cunctis
2564 4168 2768 4230 pacem
2793 4157 3170 4231 apprecatur;
3189 4160 3251 4211 et
3272 4149 3413 4211 dum
3438 4164 3650 4212 omnes

2000 4238 2687 4310 invicsmamplexantur,
2712 4240 2949 4311 mystica
2974 4251 3268 4295 sacrorum
3291 4236 3647 4295 voluminum

1999 4328 2271 4392 recitatio
2294 4328 2519 4393 ﬁnitur.
2550 4327 2703 4390 Tum
2728 4328 2868 4391 lotis
2888 4345 3041 4409 aqua
3055 4326 3328 4389 manibus
3355 4326 3649 4407 pontiﬁcis

2000 4436 2071 4481 ac
2097 4417 2505 4492 sacerdotum,
2532 4418 2793 4499 pontifex
2825 4418 3007 4479 divini
3038 4417 3236 4479 altaris
3266 4416 3462 4478 medio
3492 4414 3649 4477 assi-

2000 4507 2125 4582 stit,
2154 4506 2644 4570 circumtantibus
2677 4508 2845 4570 illum
2897 4506 3041 4569 solis
3073 4505 3482 4568 ministrorum
3522 4505 3649 4583 pri-

261 4626 372 4683 χου
429 4603 522 4658 καὶ
575 4607 681 4658 τῶν
737 4602 942 4681 ἱερέων,
989 4603 1017 4659 ὀ
1074 4602 1174 4678 μὲν
1233 4602 1491 4682 ἱεράρχης
1524 4604 1580 4657 iv
1632 4601 1780 4677 μέσῳ
1832 4609 1909 4659 τοῦ

2004 4596 2270 4659 moribus
2298 4613 2417 4659 una
2440 4615 2573 4659 cum
2592 4594 3026 4660 sacerdotibus.
3059 4598 3239 4658 Porro
3261 4593 3362 4657 ubi
3383 4595 3651 4676 pontifex

262 4693 410 4750 θείου
465 4693 837 4771 θυσιαστηρίου
903 4694 1234 4766 καθίσταται,
1294 4697 1597 4768 περιεστᾶσι
1651 4690 1705 4747 δὲ
1764 4691 1909 4767 μόνοι

2003 4693 2382 4749 sacrosancta
2428 4684 2538 4747 Dei
2569 4704 2819 4748 munera
2870 4685 3248 4760 collaudavit,
3281 4683 3650 4746 divinissima

262 4781 407 4857 μετᾶ
466 4788 574 4837 τῶν
632 4781 810 4859 ἱερέων
867 4784 913 4838 οἱ
968 4787 1075 4838 τῶν
1140 4778 1454 4859 λειτουργῶν
1510 4778 1764 4859 ἔκκριτοι.
1814 4780 1909 4838 Καὶ

2003 4785 2314 4838 consecrat
2336 4774 2636 4858 mysteria;
2664 4793 2800 4857 qua:
2819 4776 2997 4838 etiam
3031 4772 3334 4838 celebrata
3363 4771 3473 4835 sub
3496 4791 3650 4853 sym-

253 4871 356 4934 τᾶς
389 4868 535 4949 ἱεράς
602 4870 873 4950 θεουργίας
920 4873 949 4927 ὁ
1004 4869 1261 4950 ἱερείρχης
1311 4868 1552 4945 ὑμνήσας
1598 4867 1684 4950 69,
1716 4872 1909 4948 ἱερουρ-

2005 4862 2161 4928 bolis
2216 4875 2597 4928 sacrosancte
2628 4864 2948 4947 propositis
2997 4864 3059 4925 in
3089 4869 3393 4950 aspectum
3433 4859 3646 4938 ducit;

252 4972 352 5039 γεϊ
398 4960 468 5016 τὰ
496 4949 768 5039 θειότατα,
799 4962 887 5017 καὶ
945 4959 1033 5016 ὁπ’
1073 4959 1194 5035 ὄψιν
1238 4957 1356 5036 ἂγει
1406 4959 1467 5015 τὰ
1507 4959 1787 5036 ὑμνημένα
1835 4956 1909 5015 διᾶ

2006 4953 2403 5037 exhibitisque
2445 4954 2778 5017 divinorum
2809 4972 3055 5036 operum
3085 4949 3431 5014 muneribus
3449 4951 3523 5014 ad
3547 4969 3650 5015 sa-

250 5055 369 5107 τῶν
429 5048 586 5129 ἱερῶς
657 5048 1026 5129 προκειμένων
1070 5045 1372 5122 συμϐόλων·
1433 5048 1521 5105 καὶ
1581 5050 1674 5114 τὰς
1719 5047 1909 5128 δωρεὰς

2000 5049 2373 5107 crosanctam
2446 5042 2799 5106 eorumdem
2858 5041 3463 5108 communicationem
3514 5060 3651 5105 cum

248 5144 367 5196 τῶν
425 5142 715 5217 θεουργιῶν
755 5137 1051 5212 ὑποδείξας,
1098 5139 1171 5202 εἰς
1228 5139 1506 5194 κειδωνίαν
1562 5140 1732 5196 αὐτῶν
1775 5140 1909 5219 ἱερὰν

1998 5132 2252 5214 ipsemet
2278 5133 2530 5208 accedit,
2566 5141 2689 5196 tum
2734 5142 2982 5197 caeteros
3012 5131 3511 5213 invitat.Accepta
3540 5130 3652 5194 de-

253 5230 424 5293 αὖτός
466 5249 527 5286 τε
557 5226 801 5307 ἕργεται,
834 5228 921 5286 καὶ
978 5228 1098 5293 τοὺς
1138 5225 1330 5290 ἄλλους
1374 5228 1748 5310 προτρέπεται,
1801 5236 1909 5286 Με-

1997 5234 2172 5309 nlque
2195 5235 2436 5311 dataque
2457 5235 2646 5295 divina
2667 5236 3080 5296 communione
3098 5234 3160 5294 in
3188 5248 3414 5295 sacram
3444 5233 3656 5293 desinit

1584 5389 1846 5454 VARl/E
1897 5388 2345 5456 LECTIONES.

345 5493 411 5547 ω
436 5497 693 5572 μένοντα,
730 5494 794 5559 S.
820 5495 891 5560 D.
925 5496 1035 5560 Ch.
1062 5504 1121 5558 et
1148 5496 1303 5559 Bud.
1338 5497 1419 5558 ita
1448 5497 1704 5559 correxit
1769 5496 1822 5548 δι
1856 5498 2227 5574 ἂτελέστατον,
2263 5498 2330 5558 D.
2366 5498 2465 5560 Sc.
2537 5495 2602 5545 ϐξ
2633 5497 2838 5574 ἁπῖσῃ,
2874 5500 2939 5560 Ρ.
2975 5496 3044 5558 D-
3081 5494 3190 5558 Ch.
3256 5492 3323 5545 63
3350 5494 3395 5551 εἷ
3436 5494 3535 5571 γὰρ
3565 5493 3653 5550 καὶ

262 5590 389 5640 τοῖς
433 5577 625 5640 ἄλλοις
667 5578 868 5653 κοινόν,
891 5577 1001 5639 Ch.
1038 5585 1097 5638 et
1125 5577 1226 5659 V.;
1257 5583 1385 5634 πᾶσι
1429 5591 1545 5641 τοῖς
1576 5577 1758 5641 ἄλλοις
1789 5581 1966 5636 κοινίιν
1994 5583 2090 5658 ἱερ.
2127 5578 2197 5643 D.
2234 5578 2297 5639 Ρ.
2357 5579 2422 5627 64
2451 5586 2681 5658 πρῶτον,
2714 5578 2794 5641 Μ.
2827 5579 2926 5640 Sc.
2955 5580 3083 5641 Sar.
3126 5574 3192 5628 65
3216 5575 3350 5705 *ἔεὸς
3381 5574 3477 5640 τὴν
3519 5576 3650 5646 τῶν,

267 5656 347 5705 η,
378 5658 491 5705 Ras.
558 5655 1094 5705 θϐνεωανωναυιιαι
1154 5656 1213 5705 ς.
1251 5656 1320 5705 R-
1384 5657 1447 5705 ϐῚ
1477 5657 1833 5705 inim-mmini:
1881 5656 1954 5705 Rt!
2011 5668 2068 5705 nl
2124 5656 2236 5705 ἕζευ·
2319 5665 2501 5705 vniam"),
2577 5656 3033 5705 θΒὼαλιιΔΞινήψ
3081 5654 3149 5705 Ρ-
3311 5653 3648 5705 ὑπομνήσας-

264 5656 350 5800 IS).
369 5658 511 5801 gat.
558 5655 628 5707 ⁸6
656 5678 1121 5739 χειραγωγουμαι,
1154 5653 1222 5720 εξ
1251 5656 1321 5721 Β.
1384 5657 1447 5709 ϐῚ
1477 5657 1833 5739 interpretes
1880 5656 1978 5723 Sc.
2011 5653 2071 5736 et
2124 5656 2282 5741 Satn,
2319 5653 2504 5740 χοροῦζ
2577 5656 2642 5709 68
2671 5656 3036 5735 ψαλμοδιγήν,
3081 5654 3150 5719 Ρ.
3218 5653 3285 5705 09
3311 5653 3648 5729 ὑπομνήσας,

558 5827 826 5892 Panos.
865 5824 979 5891 Gn.
1008 5823 1108 5893 III.
1678 5849 1681 5853 -
3214 5868 3225 5879 .
3263 5821 3335 5883 14
