4150 6158
515 377 633 448 427

1682 371 1745 439 S.
1802 371 2138 438 DIONYSlI
2181 369 2384 435 ΑΗΕο
2394 365 2716 436 PAGITE.

3805 361 3924 447 423

515 513 834 594 gratiarum
891 511 1236 592 actionem;
1299 511 1639 591 pepuloque
1679 509 1879 571 divina
1935 517 2161 571 tantum

2264 507 2468 588 ςασχὼν
2501 503 2555 560 δὲ
2600 504 2686 559 καὶ
2716 502 2974 578 μεταδοὺς
3004 506 3102 568 τῆς
3145 499 3448 580 θεαρχικῆς
3482 499 3784 572 κοινωνίας,
3833 500 3908 554 εἷς

517 600 787 682 symbola
833 609 1178 674 contuente,
1214 599 1345 678 ipse
1396 617 1639 678 semper
1669 596 1891 678 Spiritu
1944 598 2171 672 divino,

521 708 632 772 per
659 689 858 751 beatas
909 708 974 752 ac
1006 687 1306 770 spiritales
1350 688 1911 769 contemplationes,
1947 689 2174 749 hierar-

522 780 694 842 cbice
749 777 827 839 ad
857 786 1242 841 sacrosancta
1301 780 1724 858 mysteriorum
1756 777 2086 858 primordia
2115 776 2178 839 in

527 869 711 932 divini
743 873 932 930 status
963 868 1219 950 puritate
1248 865 1509 930 ducitur.

1048 1153 1146 1218 III.
1214 1133 1682 1236 Conteniplatz‘o.

2257 587 2599 676 εὐχαριστίαν
2660 595 2803 670 ἱερὰν
2860 590 3176 669 καταλήγει,
3241 596 3345 645 τῶν
3407 587 3619 645 πολλῶν
3692 589 3790 662 μὲν
3850 589 3924 651 εἷς

2259 687 2398 760 μόνα
2455 685 2521 738 τὰ
2567 686 2687 738 θεῖα
2746 680 2985 758 σύμϐολα
3029 680 3478 758 παρακυψάντων,
3519 678 3677 733 αὒτοῦ
3720 677 3775 732 δὲ
3840 677 3930 731 ἀεὶ

2257 781 2336 850 τῷ
2395 778 2669 852 θεαρχικῷ
2722 773 2985 844 Πνεύματι
3042 771 3171 848 πρὸς
3202 767 3294 834 τάς
3346 768 3498 846 ἆγίας
3560 773 3665 823 τῶν
3723 765 3919 823 τελου-

2261 864 2437 940 μένων
2498 862 2670 942 ἀρχὰς
2714 861 2768 917 ἐν
2811 861 3088 935 μακαρίοις
3151 859 3237 914 καὶ
3295 870 3513 923 νοητοῖς
3542 855 3605 907 70
3659 856 3925 932 θεάμασιν

2258 956 2581 1033 ἱεραρχικῶς
2640 950 2694 1006 ἐν
2746 949 3067 1028 καθαρότητι
3113 953 3210 1015 τῆς
3270 944 3527 1012 θεοειδοῠς
3574 944 3732 1012 ἕξεως
3779 945 3920 1002 ἁνα-

2261 1064 2516 1121 γομενου.

2905 1165 2996 1215 III.
3044 1163 3188 1235 Θεωρ
3201 1155 3274 1212 ία.

2171 1316 2278 1396 ςι.

611 1479 884 1561 Agedum
945 1494 1108 1557 ergo,
1146 1475 1334 1558 probe
1389 1476 1495 1552 ﬁli,
1534 1483 1663 1558 post
1695 1477 1917 1556 ﬁguras
1975 1476 2181 1538 ordine

2354 1480 2516 1558 Δεῦρο
2547 1479 2612 1547 δὴ
2656 1479 2768 1558 οὖν,
2801 1479 2846 1535 ὦ
2877 1478 2982 1536 παῖ
3018 1476 3170 1556 καλὲ,
3205 1475 3342 1553 μετά
3373 1476 3466 1542 τοίς
3513 1479 3717 1544 εἰκόνας
3749 1481 3804 1534 ἓν
3840 1478 3933 1534 τά.

529 1578 860 1651 sancteque
889 1567 1532 1647 digestas,deiformem
1562 1565 2054 1647 primigeniorum
2079 1584 2181 1628 ve-

2269 1569 2342 1635 ξει
2399 1572 2488 1627 καὶ
2545 1571 2696 1646 ἱερῶς
2732 1568 2816 1625 ἐπὶ
2858 1569 2958 1635 τὴν
3001 1565 3209 1634 θεοειδῆ
3257 1573 3359 1623 τῶν
3406 1567 3724 1646 ἀρχετὺπων
3785 1568 3930 1637 ἀλή-

528 1661 764 1721 ritatem
816 1658 892 1720 iis
941 1657 1038 1738 qui
1095 1656 1292 1718 adhuc
1361 1656 1674 1718 initiantur
1724 1657 2066 1733 declarabo,
2111 1656 2181 1717 ad

2265 1664 2432 1740 θειαν,
2466 1658 2644 1716 ἐκεῖνο
2699 1671 2816 1720 τοῖς
2849 1657 2925 1714 ἔτι
2977 1655 3364 1731 τελειουμένοις
3395 1653 3445 1697 ⁷¹
3486 1658 3558 1717 εἷς
3616 1657 3932 1735 ἐναρμόνιον

529 1765 737 1811 eorum
757 1751 988 1810 animos
1015 1763 1276 1826 congrue
1308 1747 1650 1808 excitandos
1677 1767 1693 1826 ;
1730 1764 1806 1808 ne
1824 1747 2058 1808 diversa
2084 1746 2181 1808 illa

2268 1751 2438 1807 αὐτῶν
2500 1751 2854 1827 ψυχαγωγίαν
2893 1747 3056 1802 εἰπὼν
3088 1744 3172 1817 79,
3211 1748 3284 1809 ὡς
3344 1743 3460 1800 οὔδε
3491 1745 3596 1801 τῶν
3652 1745 3935 1822 συμϐόλων

528 1835 934 1918 symbolorum
965 1853 1134 1898 sacra
1164 1834 1518 1915 compositio
1553 1835 1700 1915 ipsis
1731 1835 1990 1916 insipida
2022 1837 2181 1916 (inu-

2269 1841 2302 1907 ἡ
2335 1839 2554 1905 ποικίλη
2600 1839 2687 1894 καὶ
2735 1838 2847 1914 ἱερὰ
2905 1837 3133 1900 σύνθεσις
3183 1835 3408 1901 ἀνοητος
3437 1835 3499 1883 75
3533 1835 3712 1899 αὒεοῖς
3757 1838 3933 1914 ὑπάρ-

531 1926 677 2007 tilis)
708 1927 937 1996 existat,
969 1924 1018 1985 si
1042 1924 1400 1986 exteriorem
1436 1933 1659 1986 tantum
1691 1933 2039 2006 apparatum
2068 1942 2181 2007 prae

2271 1949 2384 2007 χει,
2420 1927 2583 2007 μέχρι
2618 1932 2720 1982 τῶν
2754 1923 2808 1967 ἠ
2844 1926 2996 1990 ἐκτὸς
3026 1923 3327 2001 φαινομένη
3375 1925 3556 1984 μόνον.
3605 1929 3666 1980 Αἱ
3697 1927 3792 2001 μὲν
3830 1928 3932 2003 γὰρ

526 2033 593 2078 se
621 2015 794 2078 ferat.
829 2016 917 2077 Ac
941 2013 1340 2076 sacratissima
1363 2013 1603 2093 quidem
1634 2014 2009 2095 eloquiorum
2040 2033 2181 2077 can-

2269 2018 2549 2092 ἱερώταται
2578 2023 2684 2072 τῶν
2717 2018 2912 2092 λογίων
2943 2013 3072 2087 ᾠδαὶ
3101 2015 3186 2069 καὶ
3221 2013 3544 2092 ἀναγνώσεις
3579 2012 3931 2072 διδασκαλίαν

527 2103 646 2166 tica
669 2113 729 2165 et
750 2102 1037 2165 lectiones
1068 2100 1270 2182 probae
1295 2101 1442 2182 ipsis
1474 2102 1730 2164 innuunt
1750 2104 1882 2166 vitae
1909 2103 2181 2185 discipli-

2271 2106 2457 2171 αὐτοῖς
2515 2105 2759 2183 ἐναρέτου
2787 2109 2928 2174 ζωῆς
2975 2105 3324 2182 ὑφηγοῦνται,
3360 2103 3447 2158 καὶ
3507 2104 3607 2181 πρό
3650 2126 3710 2181 γε
3741 2105 3932 2162 τούτου

527 2211 692 2273 nam,
719 2199 776 2254 et
797 2210 929 2272 quae
949 2191 1105 2253 hanc
1129 2191 1435 2271 praecedit,
1461 2193 1862 2255 omnimodam
1889 2203 2187 2273 corrupta)

530 2280 836 2362 pravitatis
889 2279 1333 2360 expiationem:
1388 2280 1760 2344 divinissima
1815 2300 1957 2344 vero
2007 2283 2187 2344 unius

533 2371 930 2451 ejusdemque
960 2387 1094 2431 cum
1130 2369 1298 2449 panis
1320 2377 1442 2431 tum
1476 2371 1679 2433 calicis
1727 2374 2065 2434 communis
2109 2392 2180 2434 ac

531 2459 779 2541 paciﬁca
825 2459 1217 2540 participatio,
1254 2459 1514 2521 divinam
1548 2461 1622 2521 iis
1671 2478 1904 2522 morum
1937 2462 2183 2523 confor-

532 2549 821 2623 mitatem,
858 2557 1136 2629 tanquam
1185 2550 1592 2624 connutritiis,
1632 2549 1966 2631 praescribit
2002 2574 2016 2628 ;
2079 2570 2186 2613 nec

531 2656 652 2700 non
669 2656 857 2701 coenae
879 2637 1264 2700 divinissimae
1278 2647 1460 2719 atque
1483 2640 1940 2720 archisymbolae
1969 2653 2188 2722 myste-

534 2727 761 2790 riorum
794 2727 1004 2788 horum
1057 2735 1493 2790 sacrosanctam
1547 2729 1875 2791 introducit
1925 2749 2184 2791 comme-

537 2817 966 2892 morationem;
1011 2817 1181 2895 cujus
1241 2817 1420 2878 etiam
1474 2817 1728 2896 ipsemet
1777 2817 2183 2896 symbolarum

531 2913 739 2966 auctor
781 2905 920 2985 jure
949 2904 1332 2967 meritissimo
1388 2914 1654 2969 exortem
1688 2907 1827 2968 facit
1877 2926 2039 2981 eum,
2083 2909 2187 2984 qui

539 3011 737 3072 neque
757 3000 957 3055 sancte
973 3012 1167 3076 neque
1195 2996 1394 3056 animo
1415 2996 1699 3058 concordi
1723 3015 1953 3059 sacram
1978 3008 2188 3060 secum’

537 3100 770 3145 caenam
792 3082 1197 3162 frequentarat
1223 3104 1239 3164 ;
1264 3084 1490 3147 docens
1515 3085 1692 3146 simul
1720 3095 1922 3148 sancte
1943 3085 2187 3168 Deoque

2270 2197 2366 2262 τὴν
2427 2194 2664 2262 παντελῆ
2695 2193 2757 2243 75
2817 2196 2915 2260 τῆς
2947 2195 3262 2271 φθοροποιοῦ
3313 2192 3498 2256 κακίας
3543 2193 3926 2271 ἀποκάθαρσιν·

2268 2287 2302 2351 ἡ
2359 2282 2414 2339 δὲ
2442 2285 2692 2350 θειοτάτη
2731 2282 2823 2339 τοῦ
2857 2283 2974 2344 ἑνὸς
3033 2279 3129 2336 καῖ
3160 2283 3352 2337 ταδτοῦ
3382 2283 3470 2336 καὶ
3514 2281 3671 2359 ἄρτου
3700 2284 3789 2338 καὶ
3823 2306 3928 2339 πο-

2269 2376 2451 2451 τηρίου
2509 2374 2662 2438 κοινὴ
2714 2374 2801 2428 καὶ
2859 2373 3095 2448 εἰρηναία
3153 2368 3431 2444 μετάδοσις
3465 2372 3787 2448 ὁμοτροπίαν
3828 2378 3930 2431 αὖ-

2272 2477 2388 2528 τοῒς
2433 2462 2606 2518 ἔνθεον
2640 2465 2712 2524 ὡς
2747 2462 3068 2540 ἑμοτρὸφοις
3100 2457 3164 2507 76
3207 2463 3510 2533 νομοθετεῖ,
3543 2463 3632 2516 καὶ
3663 2469 3756 2518 τοῦ
3782 2465 3931 2518 θειο-

2269 2555 2427 2610 τάτου
2485 2550 2698 2608 δείπνου
2741 2553 2827 2607 καὶ
2890 2547 3290 2628 ἆρχισυμϐόλου
3333 2556 3439 2606 τῶν
3472 2549 3801 2624 τελουμένων
3854 2554 3930 2614 εἷς

2269 2644 2489 2717 μνήμην
2519 2642 2665 2718 ἱερὰν
2723 2640 2840 2718 ἄγει
2871 2640 2987 2696 καθ’
3037 2642 3064 2695 ὃ
3099 2641 3184 2695 καὶ
3245 2640 3402 2703 αὐτὸς
3434 2639 3460 2694 ὂ
3489 2645 3596 2694 τῶν
3645 2637 3931 2713 συμϐόλων

2269 2731 2588 2809 δημιοδργὸς
2622 2730 2926 2808 ἀποκληροῖ
2956 2727 3272 2784 δικαιότατα
3305 2731 3396 2784 τὸν
3443 2731 3542 2807 οὔχ
3578 2731 3732 2792 ὁσίως
3787 2732 3932 2803 αὖτῷ

2267 2824 2355 2878 καὶ
2426 2822 2740 2898 ὁμοτρόπως
2811 2821 2876 2876 τὰ
2932 2820 3042 2897 ἱερὰ
3113 2817 3588 2889 συνδειπνήσαντα,
3665 2816 3931 2876 διδάσκων

2269 2910 2472 2987 εὒαγῶς
2531 2929 2588 2965 τε
2619 2907 2729 2982 ἅμα
2782 2909 2865 2964 καὶ
2907 2909 3237 2986 θεοπρεπῶτ,
3272 2908 3343 2971 ὡς
3388 2909 3421 2973 ἡ
3471 2905 3588 2963 καθ’
3619 2906 3719 2972 ἕξιν
3779 2907 3927 2974 ἀλη-

2267 2999 2362 3065 θὴς
2397 2999 2480 3054 ἐπὶ
2534 2999 2598 3053 τὰ
2627 2997 2751 3054 θεῖα
2782 2996 2970 3075 προσέλ
2985 3018 3124 3057 ενσις
3175 2999 3273 3062 τὴν
3304 3002 3434 3074 πρὸς
3489 2998 3548 3052 τὸ
3581 2996 3766 3072 ὅμοιον
3819 2996 3927 3054 αὒ-

2269 3095 2374 3145 τῶν
2403 3087 2680 3144 κοινωνίαν
2709 3100 2826 3151 τοῖς
2871 3085 3145 3163 προσιοῦσι
3178 3087 3474 3165 χαρίζεται.

538 3179 939 3236 consentanee
969 3170 1190 3234 sinceri
1215 3173 1289 3234 ad
1321 3173 1520 3236 divina
1545 3175 1742 3236 anima
1789 3175 2220 3259 accessionem,
2250 3174 2668 3239 similitudinis
2695 3192 2933 3258 quoque
2960 3173 3181 3236 divinae
3221 3173 3541 3255 participes
3571 3173 3807 3239 eﬂicere
3838 3177 3930 3239 sic

2141 3347 2170 3426 §
2216 3345 2292 3412 Il.

617 3503 910 3566 Caeterum
932 3503 1048 3585 bis,
1068 3521 1198 3584 quae
1220 3503 1514 3566 aditorum
1534 3505 1845 3569 vestibulis
1879 3506 2180 3588 eleganter

2342 3517 2514 3570 Ταῦτα
2569 3508 2665 3584 μὲν
2703 3507 2792 3565 οὖν
2822 3511 2896 3573 ὡς
2940 3506 3096 3589 ἔφην,
3131 3510 3216 3566 ἓπὶ
3277 3509 3343 3566 τὰ
3388 3509 3494 3567 τὼν
3528 3507 3726 3566 ἆδύτων
3781 3533 3928 3586 προ-

539 3261 924 3325 accedentes.

535 3592 770 3672 adpicla
795 3594 1100 3656 radiorum
1135 3593 1268 3655 189
1298 3596 1787 3675 contemplationi
1817 3597 1959 3659 satis
2007 3605 2172 3676 sunt,

535 3681 860 3762 relictis,ab
881 3681 1105 3744 effectis
1125 3684 1196 3744 ad
1221 3701 1426 3745 causas
1451 3685 1929 3763 progrediemur,
1958 3687 2176 3750 deinde

536 3786 764 3832 sacram
785 3781 1044 3832 nostram
1077 3772 1345 3851 synaxin,
1380 3780 1559 3852 atque
1589 3783 2052 3838 consentaneam
2084 3795 2180 3840 re-

535 3873 668 3918 rum
684 3859 1048 3931 spiritalium,
1071 3862 1205 3919 .lesu
1234 3862 1603 3933 praelucente,
1636 3865 2176 3936 contemplationem

539 3948 1039 4031 conSpicabimur,
1065 3949 1294 4012 beatem
1319 3950 1750 4030 primitivorum
1787 3953 2179 4033 pulchritudi-

536 4056 676 4101 nem
701 4039 983 4118 prreclare
1009 4057 1247 4119 prorsus
1269 4039 1658 4102 evibrantem.
1691 4042 1806 4104 Sed
1841 4053 1923 4118 tu,
1960 4063 1994 4104 o
2027 4044 2181 4106 divi-

534 4125 852 4188 nissimum
875 4145 944 4190 ac
964 4133 1412 4192 sacrosanctum
1434 4134 2180 4209 sacramentum,{circum-

535 4219 723 4296 posita
745 4216 848 4278 tibi
871 4216 1200 4296 symbolice
1222 4219 1596 4296 aenigmatum
1623 4221 1996 4300 operimenta
2017 4241 2182 4288 reve-

2258 3599 2452 3657 πύλαια
2510 3598 2686 3662 καλῶς
2716 3596 3152 3678 διαγεγραμμὲνα
3208 3611 3330 3663 τοῖς
3360 3598 3605 3655 ἀτελέσιν
3639 3598 3720 3656 ἔτι
3782 3602 3924 3678 πρὸς

2258 3689 2474 3767 θεωρίαν
2559 3688 2795 3764 αὐτάρκη
2887 3688 3338 3767 καταλείποντες,
3413 3685 3730 3762 εἰσέλθωμεν
3819 3687 3932 3743 ἀπὸ

2258 3784 2364 3834 τῶν
2395 3779 2642 3834 αἰτιατῶν
2673 3778 2746 3842 εἷς
2797 3774 2863 3832 τά
2889 3776 3078 3856 αἴτια,
3123 3777 3259 3833 κατὰ
3314 3776 3412 3843 τὴν
3441 3776 3582 3852 ἱερὰν
3612 3777 3766 3851 ἡμῶν
3799 3777 3929 3832 σύν-

2261 3866 2397 3941 αξιν,
2447 3869 2534 3924 καὶ
2575 3866 2674 3934 τὴν
2735 3865 2971 3942 εὐπρεπῆ
3030 3865 3136 3922 τῶν
3190 3871 3397 3932 νοητῶν
3451 3865 3535 3940 77,
3571 3865 3750 3932 Ἰησοῦ
3797 3888 3926 3945 φω-

2269 3957 2634 4034 ταγωγοῦντος
2688 3954 2775 4034 78,
2807 3954 3050 4030 ὁψόμετα
3093 3955 3336 4032 θεωρίαν,
3370 3956 3430 4010 τὸ
3483 3955 3747 4033 μακάριον
3777 3953 3926 4011 ἀποο

2266 4043 2576 4102 στιλϐουσαν
2621 4044 2869 4126 ἔμφανῶς
2929 4046 3034 4100 τῶν
3091 4043 3409 4124 ἀρχετύπων
3452 4043 3670 4108 κάλλος.
3725 4040 3922 4116 Ἀλλὰ,

2265 4135 2310 4193 ὦ
2351 4135 2596 4201 θειοτάτη
2631 4137 2718 4191 καὶ
2776 4135 2889 4208 ἱερὰ
2917 4132 3132 4210 τελετὴ,
3165 4131 3232 4189 τά
3267 4134 3608 4211 περικείμενά
3656 4154 3738 4188 σοι
3767 4153 3921 4207 συμ-

2263 4222 2489 4288 ϐολικῶς
2543 4223 2880 4303 ἀμφιέσματα
2969 4228 3074 4280 τῶν
3147 4223 3475 4301 αἰνιγμάτων
3547 4219 3919 4296 ἀποκαλυψα-

534 4304 686 4381 lans,
749 4305 975 4383 liquido
1045 4307 1220 4368 nobis
1283 4307 1709 4385 manifesteris,
1769 4313 2179 4395 mentalesque

2264 4313 2420 4390 μένη,
2483 4313 2761 4392 τηλαυγῶς
2815 4315 2949 4388 ἡμῖν
3009 4309 3376 4392 ἀναδείχθητι,
3433 4313 3522 4369 καὶ
3572 4313 3668 4376 τὰς
3720 4312 3913 4388 νοερᾶς

533 4401 770 4546 ηρεῑτοε
813 4395 1052 4458 obtutus
1084 4395 1372 4475 singulari
1425 4405 1484 4460 et
1529 4407 1738 4478 aperta
1789 4400 1926 4464 luce
1980 4402 2176 4466 adim-

537 4501 570 4562 p
598 4489 715 4545 eto.

2264 4405 2413 4478 ἡμῶν
2470 4401 2619 4478 ὄψεις
2674 4403 2868 4461 ἕνιαίου
2923 4403 3010 4459 καὶ
3068 4401 3498 4480 ἆπερικαλύπτου
3533 4402 3707 4480 φωτὸς
3752 4400 3905 4458 ἀπο-

2264 4492 2570 4563 πλήρωσον.

537 4500 715 4562 ριθιο.
2258 4500 2570 4573 πλήρωσον.

2125 4657 2154 4738 §
2187 4654 2289 4722 IlI.

608 4809 825 4900 §ancta
846 4805 1049 4900 itaque
1080 4807 1253 4900 nobis
1278 4812 1647 4891 penetranda
1677 4833 1922 4900 censeo,
1953 4821 2042 4897 ut,
2076 4818 2174 4883 in-

2341 4826 2439 4875 Δεῖ
2493 4811 2559 4883 δὴ
2589 4811 2677 4872 οὗν
2723 4814 2864 4891 ἡμᾶς
2897 4812 3045 4879 ἐντὸς
3089 4813 3343 4896 παρεῖναι
3373 4811 3437 4864 79
3463 4817 3570 4872 τῶν
3623 4815 3918 4898 πανιέρων,

527 4897 851 4987 telligentia
903 4899 1081 4981 primi
1136 4899 1442 4963 simulacri
1502 4902 1850 4985 spiritaliter
1907 4897 2170 4987 detecta,

2264 4907 2470 4985 οἴομαι,
2527 4906 2590 4963 τὸ
2644 4905 2830 4972 νοητὸν
2892 4903 2955 4954 80
3004 4912 3096 4962 τοῦ
3153 4905 3362 4985 πρώτω
3419 4911 3526 4962 τῶν
3585 4897 3918 4983 ἀγαλμάτων

525 4985 858 5047 deiformem
889 4989 1013 5061 ejus
1049 4988 1538 5062 pulchritudinem
1564 4995 1907 5064 intueamur,
1937 5012 2038 5056 nec
2057 4985 2174 5059 non

2264 4994 2763 5076 Ξιποίυμνώσαντας,
2801 4996 2874 5060 είς
2932 4995 2992 5054 τὸ
3053 4993 3279 5060 θεοειδές
3336 4999 3496 5055 αὐτοῦ
3541 4996 3739 5062 κάλλος
3781 4995 3916 5053 ἔνα-

522 5077 846 5166 antistitem
876 5079 1078 5145 divino
1111 5099 1353 5162 prorsus
1387 5083 1561 5147 modo
1595 5083 1898 5149 videamus
1919 5107 1952 5151 a
1974 5089 2170 5155 divino

2264 5089 2478 5166 τενίσαι,
2511 5086 2599 5143 καὶ
2631 5086 2722 5141 τὸν
2765 5084 3022 5166 ἱεράρχην
3067 5085 3256 5150 ἐνθέως
3299 5083 3432 5144 ἰδεῖν
3463 5086 3567 5143 ἀπὸ
3621 5091 3708 5144 τοῦ
3768 5086 3915 5145 θείου

522 5163 684 5224 altari
713 5165 787 5224 ad
807 5171 1191 5228 extremitates
1215 5185 1402 5244 usque
1439 5174 1625 5247 templi
1654 5187 1787 5234 cum
1817 5176 2011 5237 odoris
2040 5195 2175 5241 sua-

2264 5163 2624 5257 5υσιαστηρίου
2667 5175 2828 5256 μέχρι
2860 5163 2964 5234 τῶν
3017 5175 3266 5257 ἐσχάτων
3295 5184 3387 5234 τοῦ
3434 5175 3576 5256 ἱεροῦ
3605 5173 3723 5255 μετ’
3780 5175 3911 5236 εὖο-

1830 5327 2087 5398 νᾹΒῐιΕ
2145 5336 2592 5404 LECTIONES.

802 5455 907 5549 _Sc.
940 5469 1168 5549 νοεροῖς.
1219 5459 1287 5549 Ξί
1311 5459 1678 5549 τελουμένοιῄ
1709 5460 1802 5549 Ρζ
1843 5463 1904 5515 72
1931 5466 2095 5549 εἴπω,
2130 5467 2194 5534 S.
2247 5473 2316 5536 Ρ.
2355 5475 2418 5534 Β.
2451 5475 2548 5535 SC.
2616 5469 2681 5523 73
2707 5470 2992 5547 &vdm1:0¢;
3028 5471 3134 5535 Ch.
3167 5469 3238 5534 D.
3269 5472 3334 5533 S.
3368 5473 3437 5535 P.
3467 5472 3598 5534 Sar.
3636 5479 3694 5533 et
3726 5470 3906 5540 Vien.

515 5532 576 5633 Ξ·
622 5535 704 5633 '3‘
736 5537 820 5633 κηαξ
849 5532 1186 5633 μέχξιτῶν,
1311 5538 1380 5632 ΡΣ
1413 5532 1488 5604 Βξ
1517 5540 1584 5601 Β.
1765 5543 1892 5611 Sar.
1938 5547 2020 5633 _75
2034 5532 2134 5633 καὶ
2340 5532 2638 5632 γε-τούτοις
2685 5532 2894 5633 ἒντελῖί,
3041 5532 3143 5633 Sc.
3168 5532 3656 5633 —_736p.—0'rpdrt0tc,

621 5613 690 5721 ἒ.
753 5613 1266 5721 ἸἹῌγρξΞντοὲνίῖδ
1290 5621 1385 5721 τοιΞ
1414 5631 1888 5721 φωταγωγοπξγῗτςς,
1934 5625 1997 5690 S.
2171 5613 2234 5682 79'
2275 5613 2424 5698 ἐντὸς
2471 5636 2568 5714 γὰρ
2600 5613 2775 5716 εἶναι,
3043 5613 3152 5696 Ch.
3186 5631 3316 5701 Ser.
3343 5613 3353 5628 ι
3380 5613 3460 5684 δυ’
3474 5635 3583 5690 τῶν
3611 5613 3909 5721 «harpag

515 5699 604 5754 καὶ
631 5699 693 5756 τὸ
726 5695 935 5776 νοητόν,
966 5698 1046 5763 M.
1078 5695 1178 5766 Sc.
1211 5703 1284 5768 ὡς
1328 5695 1538 5779 οἴομαι,
1580 5695 1673 5759 καί
1700 5695 2163 5791 Βαάίοοιτὶῄι.
