4150 6158
245 355 361 421 437

1289 357 1387 421 DE
1433 355 1731 422 ECCLES.
1798 357 2226 423 HIERARCH.
2278 359 2445 424 CAP.
2492 362 2607 425 III.

3525 364 3651 434 438

249 500 435 592 stram
472 490 765 571 ignaviam
797 508 1118 554 numerum
1156 490 1415 592 orbitate
1445 489 1806 592 divinorum,
1840 492 2170 574 propositis
2204 495 2558 592 muneribus
2590 496 2663 592 in
2684 497 2999 592 pristinum
3028 506 3242 592 statum
3269 519 3644 592 revocemur,

247 581 637 673 perfectaque
677 597 879 642 rerum
915 582 1290 673 nostratium
1313 583 1742 673 assumptione,
1775 600 2019 646 suarum
2053 602 2161 646 nos
2215 585 2543 668 participes
2573 586 2810 665 efﬁciat,
2845 606 3035 673 eaque
3060 591 3291 655 ratione
3317 592 3426 657 Dei
3469 581 3644 658 nobis'

245 672 709 754 divinarumque
750 687 953 734 rerum
987 671 1478 736 communionem
1512 672 1812 753 largiatur.

1822 838 1852 912 ἕ
1906 831 2060 898 VIlI.

326 988 478 1055 Οὕτω
505 993 561 1052 δὲ
594 995 690 1063 τῆς
720 998 1012 1076 θεαρχικῆς
1046 995 1442 1076 φιλανθρωπίας
1506 1000 1659 1078 ἱερῶς
1712 998 1888 1074 ὕμνη-

2052 995 2118 1057 In
2153 996 2522 1088 huncautem
2549 1000 2796 1063 modum
2823 999 3242 1085 deiprincipali
3259 1003 3630 1088 benignitate

243 1088 448 1159 θείσης,
482 1083 948 1163 ἒγκεκαλ›μμὲνος
981 1087 1081 1160 μὲν
1110 1088 1137 1143 ὁ
1188 1089 1335 1150 θεῖος
1382 1086 1538 1166 ἄρτος
1595 1087 1894 1167 προτίθεται

244 1173 419 1231 2οκαὶ
486 1176 547 1231 τὸ
618 1175 716 1240 τῆς
789 1172 1031 1253 εὐλογίας
1103 1176 1378 1255 ποτήριον
1453 1178 1481 1232 ὁ
1535 1174 1590 1232 δὲ
1621 1178 1892 1239 θειότατος

248 1264 536 1337 ἀσπασμὸς
567 1266 940 1344 ἱερουργετται,
972 1266 1060 1321 καὶ
1120 1266 1224 1321 τῶν
1271 1266 1611 1345 ἁγιογράφων
1670 1269 1893 1346 πτνδχῶν

245 1352 284 1419 ἡ
318 1352 551 1427 μυστικὴ
582 1354 667 1409 καὶ
700 1353 1052 1430 ὑπερκόσμιος
1084 1353 1392 1432 ἆνάῤῥησις,
1444 1357 1516 1413 Οὐ
1570 1356 1669 1435 γὰρ
1724 1354 1892 1413 ἔνεστι

245 1445 379 1521 πρὸς
440 1456 500 1499 τὸ
560 1443 615 1500 ἓν
673 1443 982 1518 συνάγεσθαι
1040 1443 1127 1499 καὶ
1180 1448 1279 1510 τῆς
1337 1451 1429 1502 τοῦ
1472 1444 1587 1507 ἑνὸς
1640 1444 1891 1525 μετέχειν

247 1532 515 1607 εἰρηναίας
573 1531 812 1597 ἑνώσεως
876 1532 996 1596 τοὺς
1055 1533 1185 1613 πρὸς
1244 1535 1459 1596 ἑαυτοὺς
1512 1532 1887 1610 διῃρημένους.

252 1623 308 1678 Εἰ
367 1623 467 1699 γὰρ
526 1622 626 1677 ὑπὸ
681 1621 776 1688 τῆς
832 1628 925 1679 τοῦ
978 1623 1096 1686 ἑνὸς
1156 1623 1371 1702 θεωρίας
1406 1625 1495 1680 καὶ
1524 1624 1770 1700 γνώσεως
1807 1623 1887 1681 ελ.

248 1709 615 1787 λαμπόμενοι,
669 1712 801 1786 πρὸς
863 1712 961 1779 τὴν
1019 1709 1225 1772 ἑνοειδῆ
1274 1713 1361 1768 ναὶ
1409 1715 1551 1769 θείαν
1581 1714 1891 1792 συναγωγὴν

246 1802 651 1875 ἑνοπαιηθῶμεν
679 1796 756 1871 ει,
786 1803 881 1859 οὒκ
910 1798 970 1857 ἂν
1003 1799 1087 1857 ἐπὶ
1119 1803 1212 1864 τὰς
1243 1802 1490 1880 μεριστὰς
1531 1802 1894 1884 ἀνασχοίμεθα

247 1890 600 1948 καταπίπτειν
654 1890 956 1966 ἐπιθυμίας,
1020 1888 1072 1956 ἐξ
1127 1892 1201 1946 ὢν
1256 1892 1309 1947 αἱ
1342 1891 1595 1965 πρόσυλοι
1634 1889 1895 1970 δημιουρ-

250 1990 463 2059 γοῦνται
512 1981 601 2036 καὶ
646 1980 908 2056 ἐμπαθεῖς
939 1992 1072 2058 πρὸς
1105 1981 1166 2037 τὸ
1199 1981 1334 2037 κατὰ
1365 1981 1517 2060 φύσιν
1547 1980 1814 2052 ὁμοειδεῖς
1842 1979 1897 2024 33

248 2069 556 2148 ἀπέχθειαί.
617 2071 823 2137 Ταύτην
885 2070 997 2150 οὖν,
1055 2072 1128 2134 ὡς
1206 2073 1385 2150 οἶμαι,
1448 2071 1546 2138 τὴν
1578 2070 1782 2141 ἒνοειδῆ
1809 2073 1894 2129 γαὶ

1979 1094 2187 1148 sancte
2216 1086 2571 1169 collaudata,
2607 1097 2924 1171 coopertus
2953 1092 3198 1173 quidem
3246 1086 3486 1160 divinus
3527 1099 3630 1164 ille

1980 1176 2149 1255 panis
2179 1175 2449 1257 calixque
2475 1177 2917 1244 benedictionis
2940 1185 3309 1265 proponitur:
3336 1186 3631 1254 divinissi-

1981 1283 2076 1358 ma
2097 1282 2241 1330 vero
2263 1266 2539 1358 salutatio
2562 1267 2689 1332 sive
2707 1271 3431 1358 osculum,sacrarumque
3447 1279 3624 1342 tabu-

1975 1354 2164 1416 larum
2192 1357 2431 1436 mystica
2445 1365 2508 1420 et
2526 1360 3037 1439 supermundialis
3058 1354 3624 1433 recitatio—celebra-

1976 1451 2093 1541 tur.
2138 1440 2266 1506 Non
2306 1446 2476 1541 enim
2522 1459 2771 1541 possunt
2813 1451 2887 1541 ad
2936 1470 3124 1541 unum
3178 1454 3399 1536 colligi,
3441 1467 3621 1541 atque

1975 1533 2172 1627 unius
2190 1534 2454 1627 paciﬁca?
2476 1537 2722 1627 ‘unionis
2744 1540 3063 1622 participas
3085 1533 3361 1627 existere,
3388 1547 3495 1625 qui
3522 1533 3624 1612 se-

1975 1641 2110 1685 cum
2159 1623 2271 1705 ipsi
2303 1623 2624 1716 dissident.
2660 1625 2805 1690 Nam
2838 1629 2889 1692 si
2911 1630 3088 1693 unius
3122 1623 3622 1716 contemplatione

1982 1720 2159 1806 atque
2179 1712 2527 1806 cognitione
2540 1715 2919 1799 illustrati,ad
2937 1720 3292 1786 uniformem
3310 1712 3623 1806 quamdam

1978 1820 2045 1865 ac
2076 1802 2335 1866 divinam
2368 1806 2499 1867 l94
2521 1807 3000 1887 conjunctionem
3033 1802 3474 1892 redigerentur,
3509 1834 3621 1881 ne-

1977 1908 2270 1974 quaquam
2290 1893 2352 1955 in
2392 1894 2611 1958 divisas
2639 1897 2996 1978 cupiditates
3026 1898 3209 1964 dilabi
3239 1920 3348 1966 nos
3382 1913 3618 1984 patere-

1981 2001 2137 2057 mur,
2175 2001 2243 2076 ex
2277 1985 2497 2064 quibus
2531 1988 2654 2049 istae
2686 1988 3022 2052 materiales
3053 1989 3360 2073 plenaque
3383 1996 3618 2076 passio-

1977 2090 2120 2133 num
2156 2072 2445 2135 advcrsus
2492 2076 2752 2157 aequales
2781 2077 3042 2141 existunt
3069 2072 3424 2145 inimicitiae.
3456 2084 3622 2151 Hanc

248 2157 563 2239 ἀδιαίρετον,
594 2161 747 2249 ζωὴν
799 2161 832 2228 ἡ
894 2164 989 2227 τῆς
1050 2161 1262 2249 εἰρήνης
1321 2161 1584 2239 ἱερουργία
1616 2165 1891 2238 νομοθετεῖ

1981 2162 2291 2242 itaque,uti
2315 2165 2843 2237 reor,uniformem
2861 2168 3358 2249 atqueindivisam
3371 2173 3504 2237 vita;
3533 2193 3624 2237 ra-

253 2256 325 2322 τῷ
380 2248 548 2323 ὁμοίῳ
602 2250 663 2305 τὸ
721 2247 906 2325 ὅμοιον
965 2246 1293 2328 ἑνιδρύουσα,
1352 2249 1438 2307 καὶ
1465 2255 1572 2306 τῶν
1632 2258 1891 2332 μεριστῶν

1981 2254 2193 2315 tionem
2222 2271 2390 2316 sacra
2412 2256 2521 2317 ista
2552 2257 2712 2336 pacis
2742 2246 3081 2321 conciliatio
3111 2262 3324 2338 sancit,
3357 2262 3501 2326 dum
3532 2266 3621 2329 si-

240 2335 812 2396 ἇποόιαστέλλουσατὰ
833 2341 952 2397 θεῖα
982 2341 1070 2398 καὶ
1101 2340 1277 2397 ἑνιαϊα
1306 2338 1567 2416 θεάματα.

1981 2342 2196 2439 milein
2224 2343 2403 2439 simili
2417 2318 2758 2439 collocat,e_l
2778 2318 3629 2439 άῑνὶὶὲάέίἱιέιῖἰέιὲιέςῖιὲζρὲὶ·

1972 2431 2171 2494 tacula
2193 2451 2227 2496 a
2256 2432 2473 2498 divinis
2505 2436 2791 2499 secernit.

1837 2559 1867 2639 §
1913 2561 2017 2623 IX.

321 2729 440 2783 Τῶν
497 2723 555 2781 δὲ
606 2726 762 2803 ἱερῶν
821 2728 1047 2803 πτυχῶν
1101 2724 1137 2791 ἡ
1168 2722 1304 2798 μετὰ
1351 2723 1450 2790 τὴν
1482 2723 1697 2803 εἰρήνην
1727 2719 1890 2800 ἀνάρο

2054 2722 2369 2786 Sacrarum
2402 2739 2580 2803 porro
2612 2719 2946 2784 tabularum
2977 2738 3110 2803 qum
3138 2728 3272 2803 post
3293 2739 3499 2803 pacem
3526 2724 3627 2786 ad-

233 2816 395 2892 ρησις
456 2814 808 2890 ἀνακηρύττει
843 2813 960 2876 τοὺς
994 2813 1154 2878 ὁσίως
1210 2810 1558 2892 βεϐιωκότας,
1617 2812 1704 2868 καὶ
1757 2813 1889 2887 πρὸς

1981 2809 2214 2873 hibetur
2233 2812 2542 2890 recitatio,
2574 2810 2942 2893 deprmdicat
2962 2829 3069 2874 eos
3098 2818 3197 2894 qut
3228 2820 3436 2876 sancte
3462 2813 3631 2878 vite»

236 2904 489 2983 ἐνιρέτου
547 2908 692 2975 ζωῆς
745 2901 1018 2960 τελείωσιν
1078 2901 1457 2976 ἆμεναστάτως
1512 2900 1890 2982 ἀφικομένους·

1981 2910 2327 2983 runt,atque
2346 2902 2417 2963 ad
2454 2900 2657 2982 proba;
2677 2901 2810 2963 vitae
2833 2900 3262 2983 perfectionem
3288 2911 3633 2966 constanter

232 2996 391 3067 ἠμῆς
451 2998 548 3069 μὲν
604 2994 691 3050 επὶ
740 2992 836 3060 τὴν
898 2989 966 3047 δι’
1002 2991 1324 3066 ὁμοιότητος
1354 2990 1528 3049 αὖτῶν
1559 2990 1891 3070 μακαριστὴν

1981 3000 2403 3070 pervenerunt;
2439 3010 2549 3054 nos
2605 2990 3106 3073 quidem,eorum
3152 2990 3512 3069 imitatione,
3557 2992 3635 3056 ad
3720 2986 3725 2991 ’

234 3083 346 3150 ἕξιν
374 3080 432 3124 9³
456 3082 546 3138 καὶ
572 3081 777 3149 θεοειδῆ
836 3079 981 3150 λῆξιν
1040 3079 1409 3159 πριτρέπουσα
1478 3082 1566 3138 καὶ
1615 3102 1891 3161 χειραγω-

1981 3078 2385 3143 beatissimum
2424 3081 2596 3144 illum
2630 3087 2843 3142 statum
2867 3080 3252 3162 quietemque
3281 3081 3636 3145 deiformem

236 3180 437 3250 γοῦσα,
500 3172 623 3236 τοὺς
680 3169 735 3227 δὲ
798 3173 871 3235 ὡς
923 3175 1127 3242 ζῶντας
1159 3170 1613 3249 ἆνακηρύττουσα,
1644 3173 1731 3228 καὶ
1758 3171 1891 3236 ὡςὴ

1981 3169 2354 3232 abhortando
2384 3189 2456 3234 ac
2500 3168 2980 3251 manuducendo,
3029 3169 3165 3233 illos
3213 3188 3354 3233 vero
3404 3189 3514 3235 ceu
3544 3172 3636 3233 vi-

235 3261 495 3341 θεολογία
553 3263 735 3341 φησὶν,
797 3260 854 3316 οὗ
887 3258 1271 3339 νεκρωθέντας,
1305 3258 1446 3316 ἀλλὰ
1486 3261 1561 3323 εἷς
1617 3260 1891 3326 θειοτάτην

1983 3267 2186 3322 ventes
2216 3258 2611 3340 celebrando,
2642 3259 2863 3340 quippe
2889 3266 2953 3320 ut
2980 3258 3281 3339 theologia
3297 3260 3495 3335 docet,
3525 3278 3636 3323 ne-

234 3353 389 3425 ζωῆν
453 3350 513 3407 ἐκ
568 3352 795 3408 θανάτου
853 3349 1382 3430 μεταφοιτήσαντας.
1440 3347 1638 3406 Σκόπει
1696 3347 1775 3423 δὲ,
1816 3348 1891 3405 ὅτι

1983 3368 2276 3430 quaquam
2304 3357 2586 3423 mortuos,
2617 3348 2723 3410 sed
2755 3365 2828 3410 ex
2852 3355 3044 3412 morte
3069 3348 3141 3411 ad
3170 3348 3345 3410 vitam
3377 3348 3635 3412 divinis-

234 3449 330 3504 καὶ
363 3445 728 3521 μνημοσόνοις
758 3446 928 3523 ἱεροῖς
950 3442 1277 3498 ἀνατίθενται
1300 3439 1382 3516 9‘,
1415 3447 1513 3509 τῆς
1568 3442 1708 3505 θείας
1753 3443 1891 3517 μνή-

1984 3439 2196 3499 simam
2225 3438 2563 3501 translatos.
2599 3436 2862 3499 Adverte
2892 3445 3183 3517 autem,ut
3212 3444 3270 3499 et
3295 3437 3481 3501 sacris
3515 3457 3641 3501 me-

238 3558 357 3613 μης
418 3534 514 3591 οὒκ
568 3534 913 3612 ἀνθρωπικῶς
963 3531 1017 3589 ἐν
1068 3536 1137 3607 τῇ
1168 3538 1258 3588 τοῦ
1282 3538 1615 3607 μνημονικοῦ
1645 3533 1891 3611 φαντασίᾳ

1989 3527 2341 3589 morialibus
2374 3530 2737 3600 inserantur,
2783 3543 2902 3587 non
2951 3525 3120 3607 quasi
3168 3526 3430 3589 humano
3467 3543 3637 3592 more

237 3623 605 3702 δηλουμὲνὴς,
663 3621 783 3679 ἀλλ’
841 3624 914 3685 ὡς
963 3619 1025 3677 ἅι
1083 3643 1164 3686 τις
1226 3622 1355 3702 φαίη
1398 3624 1727 3699 θεοπρεπῶς,
1762 3621 1891 3680 κατᾶ

1987 3618 2331 3679 memoriam
2356 3616 2638 3689 divinam,
2663 3615 2724 3677 in
2753 3633 2825 3676 ea
2849 3623 3016 3697 parte
3046 3614 3356 3678 memorias
3384 3635 3520 3698 qum
3551 3618 3633 3680 vi-

236 3721 345 3782 τὴν
402 3713 459 3770 ἐν
515 3720 631 3787 Θεῷ
657 3710 713 3754 2⁵
744 3718 852 3769 τῶν
905 3709 1296 3786 τετελεσμένων
1324 3708 1567 3767 θεοειδῶν
1600 3709 1779 3786 τιμίαν
1808 3712 1891 3767 καὶ

1981 3725 2043 3768 sa
2092 3706 2330 3787 recipit,
2367 3707 2567 3768 inesse
2588 3704 2869 3780 declaret,
2891 3703 2999 3766 sed
3022 3709 3088 3768 ut
3111 3706 3242 3786 quis
3273 3704 3490 3768 dixerit
3527 3724 3635 3789 pro

236 3799 698 3880 ἆμετᾶστατονῖθ
729 3808 949 3880 γνῶσιν,
1010 3798 1204 3878 ’Ἔγνω
1259 3801 1360 3879 γὰρ
1418 3799 1550 3880 (ἔφη
1604 3800 1669 3855 τὰ
1713 3798 1891 3878 λόγια)

1985 3797 2094 3861 Dei
2120 3795 2776 3875 dignitate,secundum
2796 3812 2925 3857 eam
2946 3812 3075 3873 qua;
3097 3795 3156 3856 in
3180 3793 3300 3858 Deo
3322 3803 3415 3858 est
3436 3814 3638 3859 rerum

236 3896 369 3958 τοὺς
445 3892 603 3957 ὄντας
675 3892 853 3948 αὺτοῦ·
927 3890 1040 3970 καὶ,
1131 3889 1314 3964 Τίμιος
1400 3888 1633 3946 ἐναντίον
1710 3889 1891 3968 Κυρίου

1981 3887 2378 3966 perfectarum
2406 3904 2476 3948 ac
2492 3884 2879 3947 deil‘ormium
2913 3883 3232 3964 pretiosam
3257 3892 3317 3947 et
3346 3884 3638 3948 immuta-

238 3989 268 4043 ὁ
328 3985 554 4043 θᾶνατος
611 3987 718 4038 τῶν
780 3981 936 4036 ὁσίων
1002 3981 1183 4051 αὐτοῦ,
1235 3987 1327 4038 τοῦ
1351 3978 1575 4036 θανάτου
1601 3984 1706 4034 τῶν
1739 3978 1897 4034 ὁσίων

242 4074 365 4130 ἀντὶ
391 4078 492 4138 τῆς
528 4071 582 4128 ἐν
613 4071 856 4134 ὁσιότητι
881 4067 1216 4132 τελειώσεως
1247 4067 1554 4148 εἰρημένου,
1595 4069 1692 4125 Καὶ
1745 4073 1899 4125 τοῦτο

243 4164 300 4221 δὲ
359 4166 513 4231 ίερῶς
564 4160 838 4239 ἐννόησον,
899 4160 998 4231 ὡς,
1057 4157 1405 4215 ἑπιτεθέντων
1434 4164 1512 4231 τῷ
1545 4158 1669 4232 θείῳ
1717 4160 1903 4213 θυσια-

243 4253 448 4330 στηρίῳ
473 4256 577 4307 τῶν
608 4247 908 4323 σεϐασμίων
939 4244 998 4289 97
1031 4244 1336 4322 συμϐόλων,
1366 4245 1433 4302 δι’
1464 4249 1537 4303 ὧν
1597 4248 1625 4303 ὁ
1681 4247 1902 4323 Χριστὸς

242 4342 566 4409 σημαίνεται
625 4340 712 4395 καὶ
765 4335 1082 4417 μετέχεται,
1156 4337 1405 4414 πάρεστιν
1482 4333 1814 4400 ἀδιαστάτως
1869 4337 1904 4403 ἡ

245 4433 355 4490 τῶν
380 4431 544 4510 ἁγίων
574 4429 889 4509 ἀπογραφὴ,
942 4428 1001 4482 τὸ
1052 4425 1463 4505 συνεζευγμένον
1494 4425 1667 4481 αὐτῶν
1727 4423 1902 4482 ἀδιαι-

242 4524 410 4600 ρὲτως
469 4518 793 4599 ἐμφαίνουσα
850 4525 951 4585 τῆς
1006 4517 1141 4595 πρὸς
1195 4517 1351 4574 αὐτὸν
1408 4516 1766 4594 ὑπερκοσμίου
1817 4515 1904 4571 καὶ

240 4617 388 4693 ἱερᾶς
410 4609 677 4673 ἒνώσεως,

1981 3976 2164 4038 bilem
2195 3975 2618 4054 cognitionem.
2639 3971 2822 4036 Novit
2853 3972 3137 4051 enim,(ut
3161 3972 3396 4054 eloquia
3425 3980 3640 4037 testan-

1983 4072 2123 4146 tur),
2155 4065 2259 4144 qui
2299 4072 2444 4126 sunt
2489 4067 2624 4140 eius
2652 4073 2696 4139 ος
2727 4071 2785 4124 et
2834 4062 3159 4124 :Pretiosa
3200 4064 3270 4124 in
3312 4070 3641 4143 conspectu

1984 4154 2228 4219 Domini
2258 4169 2424 4215 mors
2466 4159 2823 4214 sanctorum
2853 4150 2979 4230 ejus
3012 4150 3261 4229 d,morte
3291 4158 3634 4213 sanctorum

1989 4262 2095 4325 pro
2136 4250 2337 4304 sancta
2391 4240 2903 4303 consummatione
2945 4247 3205 4319 accepta.
3254 4238 3369 4302 Sed
3402 4247 3461 4301 et
3490 4239 3635 4303 illud

1987 4351 2222 4416 quoque
2255 4339 2458 4393 sancte
2508 4329 2783 4398 observa,
2821 4334 2885 4388 ut
2915 4327 3205 4416 impositis
3235 4327 3433 4389 divino
3463 4326 3638 4390 altari

1988 4415 2173 4485 sacris
2194 4421 2476 4502 symbolis
2497 4418 2714 4500 quibus
2735 4416 3006 4478 Christus
3030 4415 3399 4493 significatur
3430 4435 3497 4479 ac
3525 4434 3634 4479 su-

1988 4513 2191 4590 mitur,
2227 4516 2494 4591 protinus
2525 4507 2685 4570 adsit
2729 4514 3069 4567 sanctorum
3103 4504 3204 4566 illa
3251 4505 3574 4587 descriptio
3615 4527 3631 4588 ;

1987 4619 2118 4683 quae
2148 4598 2511 4662 individuam
2538 4612 2753 4660 ecrum
2803 4593 3288 4674 conjunctionem
3313 4594 3633 4657 unionem-

1984 4709 2102 4770 que
2123 4709 2258 4753 cum
2282 4689 2384 4751 illo
2401 4684 2944 4770 supermundialem
2971 4700 3321 4766 sacramque
3339 4684 3629 4750 insinuat.

1877 4824 2011 4905 εχ.

332 4964 544 5022 Τούτων
602 4962 659 5021 δὲ
715 4964 838 5023 καθ’
893 4965 951 5021 ὃν
977 4962 1192 5042 εἴρηται
1218 4964 1412 5038 θεσμὸν
1435 4958 1891 5041 ἱερουργηθέν·ιτι.ε›ν1

2071 4960 2172 5022 His
2202 4966 2400 5022 autem
2433 4975 2502 5019 eo
2537 4975 2655 5038 quo
2680 4957 2911 5021 dictum
2935 4964 3025 5020 est
3051 4956 3170 5020 ritu
3191 4951 3636 5031 celebratis,ad-

245 5053 421 5116 ἑστὼς
475 5054 801 5134 ἔπιπροσθεν
847 5059 956 5110 τῶν
1009 5052 1321 5133 ἁγιωτάτων
1349 5049 1406 5095 9⁸
1435 5048 1716 5128 συμϐόλων
1766 5047 1890 5106 ὕδατ

1995 5056 2158 5111 stans
2187 5066 2385 5111 coram
2420 5045 2707 5128 symbolis
2754 5045 3147 5109 sanctissimis
3189 5044 3453 5128 pontifex
3483 5050 3639 5126 aqul

244 5142 345 5205 τὰς
378 5155 575 5224 χεῖρας
604 5145 633 5201 ὁ
659 5143 927 5223 ἱεράρχης
957 5144 1195 5200 νίπτεται
1245 5141 1381 5217 μετᾶ
1424 5146 1520 5198 τοῦ
1560 5147 1754 5198 σεμνοῦ
1807 5143 1891 5194 τῶε

1999 5155 2210 5203 manus
2236 5135 2425 5202 abluit
2452 5155 2572 5199 una
2598 5154 2734 5198 cum
2779 5134 3159 5200 sacerdotum
3191 5134 3408 5198 ordine
3434 5150 3626 5198 vene-

332 5338 360 5367 c
390 5318 445 5384 Il
471 5320 628 5386 Tim.
660 5336 726 5386 ιι.
812 5324 841 5368 τι
875 5318 1034 5385 Psal.
1067 5335 1203 5392 ειν,
1236 5318 1334 5383 15.

1571 5430 1827 5498 νΑΒΙιΕ
1880 5429 2313 5498 LECTIONES.

328 5553 763 5632 υπροστίθεται,
814 5556 893 5618 Μ,
939 5553 1039 5618 Sc,
1086 5555 1214 5618 Sar,
1286 5552 1339 5596 21
1369 5551 1832 5632 ενοποιηθείημεν,
2009 5547 2070 5611 S.
2140 5549 2195 5592 2‘3
2222 5546 2486 5632 ὁμοειδὲς,
2697 5548 2815 5632 SC._
2869 5542 2925 5589 ³³
2952 5546 3284 5632 μακαρίστῃν
3325 5543 3437 5632 ἕξὲ
3472 5541 3627 5632 lege.

253 5625 498 5712 ειὶεροῒς
546 5625 923 5709 ἀνατέθεινται,
959 5638 1029 5699 Ι).
1080 5635 1188 5697 Cll.
1240 5634 1305 5695 Β.
1375 5631 1687 5712 πηὲνθεως,
1718 5625 1802 5691 Ῥ.
1851 5630 1950 5697 τὴν
1995 5633 2050 5686 ἒν
2103 5638 2180 5705 τῳ
2229 5636 2367 5705 Θεῷ,
2409 5625 2481 5691 D.

258 5711 601 5791 σμιωτάτων,
638 5716 745 5779 Ch.
795 5714 851 5758 2⁸
877 5717 1042 5795 ἁγίων
1084 5712 1387 5790 συμϐόλων,
1420 5711 1529 5775 Ch.

3382 5619 3437 5667 τι
3463 5619 3629 5681 σεϐασ-

3145 5672 3158 5688 .
3204 5622 3312 5687 Cb.

2552 5626 2609 5672 ³⁸
2648 5628 2939 5707 ἂμετέπτω
2947 5649 3054 5702 εον,
