  <div class='ocr_page' id='page_1' title='image "/cluster/home/n/w/nwhite01/storage/ocr_20150623/3/mdp.39015008855614/228.png"; bbox 0 0 4150 6158; ppageno 0'>
   <div class='ocr_carea' id='block_1_1' title="bbox 410 344 515 406">
    <p class='ocr_par' dir='ltr' id='par_1_1' title="bbox 410 344 515 406">
     <span class='ocr_line' id='line_1_1' title="bbox 410 344 515 406; baseline -0.019 0"><span class='ocrx_word' id='word_1_1' title='bbox 410 344 515 406; x_wconf 66' lang='lat' dir='ltr'><strong>Ml</strong></span> 
     </span>
    </p>
   </div>
   <div class='ocr_carea' id='block_1_2' title="bbox 1415 343 2772 424">
    <p class='ocr_par' dir='ltr' id='par_1_2' title="bbox 1415 343 2772 424">
     <span class='ocr_line' id='line_1_2' title="bbox 1415 343 2772 424; baseline -0.001 -19"><span class='ocrx_word' id='word_1_2' title='bbox 1415 346 1510 406; x_wconf 85' lang='lat' dir='ltr'><strong>DE</strong></span> <span class='ocrx_word' id='word_1_3' title='bbox 1578 343 1872 406; x_wconf 83' lang='lat' dir='ltr'><strong>ECCLES.</strong></span> <span class='ocrx_word' id='word_1_4' title='bbox 1950 343 2397 424; x_wconf 79' lang='lat' dir='ltr'><strong>HIERARCH.,</strong></span> <span class='ocrx_word' id='word_1_5' title='bbox 2445 346 2607 406; x_wconf 74' lang='lat' dir='ltr'><strong>CAP.</strong></span> <span class='ocrx_word' id='word_1_6' title='bbox 2670 343 2772 407; x_wconf 80' lang='grc' dir='ltr'><strong>ΠΙ.</strong></span> 
     </span>
    </p>
   </div>
   <div class='ocr_carea' id='block_1_3' title="bbox 3666 348 3781 411">
    <p class='ocr_par' dir='ltr' id='par_1_3' title="bbox 3666 348 3781 411">
     <span class='ocr_line' id='line_1_3' title="bbox 3666 348 3781 411; baseline 0.009 -1"><span class='ocrx_word' id='word_1_7' title='bbox 3666 348 3781 411; x_wconf 59' lang='lat' dir='ltr'><strong>liii?</strong></span> 
     </span>
    </p>
   </div>
   <div class='ocr_carea' id='block_1_4' title="bbox 407 473 2072 560">
    <p class='ocr_par' dir='ltr' id='par_1_4' title="bbox 407 477 2053 559">
     <span class='ocr_line' id='line_1_4' title="bbox 407 477 2053 559; baseline -0.001 -24"><span class='ocrx_word' id='word_1_8' title='bbox 407 477 679 558; x_wconf 72' lang='grc' dir='ltr'>ισχηκυϊα</span> <span class='ocrx_word' id='word_1_9' title='bbox 712 477 980 556; x_wconf 79' lang='grc' dir='ltr'><strong>γενέσεσιν</strong></span> <span class='ocrx_word' id='word_1_10' title='bbox 1001 477 1084 536; x_wconf 81' lang='grc' dir='ltr'>ἐπὶ</span> <span class='ocrx_word' id='word_1_11' title='bbox 1106 479 1166 536; x_wconf 82' lang='grc' dir='ltr'>τὸ</span> <span class='ocrx_word' id='word_1_12' title='bbox 1195 482 1296 544; x_wconf 76' lang='grc' dir='ltr'>τῆς</span> <span class='ocrx_word' id='word_1_13' title='bbox 1328 479 1503 559; x_wconf 77' lang='grc' dir='ltr'>ἀρχῆς</span> <span class='ocrx_word' id='word_1_14' title='bbox 1538 477 1874 546; x_wconf 73' lang='grc' dir='ltr'>κατάλληλον</span> <span class='ocrx_word' id='word_1_15' title='bbox 1906 477 2053 534; x_wconf 83' lang='grc' dir='ltr'>εἰκό-</span> 
     </span>
    </p>
   </div>
   <div class='ocr_carea' id='block_1_5' title="bbox 2160 473 3786 560">
    <p class='ocr_par' dir='ltr' id='par_1_5' title="bbox 2165 475 3786 560">
     <span class='ocr_line' id='line_1_5' title="bbox 2165 475 3786 560; baseline 0.005 -24"><span class='ocrx_word' id='word_1_16' title='bbox 2165 476 2444 538; x_wconf 91' lang='lat' dir='ltr'><strong>nteritum</strong></span> <span class='ocrx_word' id='word_1_17' title='bbox 2478 475 2696 554; x_wconf 82' lang='lat' dir='ltr'><strong>origini</strong></span> <span class='ocrx_word' id='word_1_18' title='bbox 2727 495 2849 540; x_wconf 87' lang='lat' dir='ltr'><strong>suae</strong></span> <span class='ocrx_word' id='word_1_19' title='bbox 2907 488 3372 544; x_wconf 87' lang='lat' dir='ltr'><strong>consentaneum</strong></span> <span class='ocrx_word' id='word_1_20' title='bbox 3403 478 3542 560; x_wconf 85' lang='lat' dir='ltr'><strong>jure</strong></span> <span class='ocrx_word' id='word_1_21' title='bbox 3575 480 3786 544; x_wconf 88' lang='lat' dir='ltr'><strong>merito</strong></span> 
     </span>
    </p>
   </div>
   <div class='ocr_carea' id='block_1_6' title="bbox 407 566 2058 647">
    <p class='ocr_par' dir='ltr' id='par_1_6' title="bbox 407 566 2058 647">
     <span class='ocr_line' id='line_1_6' title="bbox 407 566 2058 647; baseline -0.002 -22"><span class='ocrx_word' id='word_1_22' title='bbox 407 589 512 634; x_wconf 86' lang='grc' dir='ltr'><strong>τως</strong></span> <span class='ocrx_word' id='word_1_23' title='bbox 569 569 670 646; x_wconf 78' lang='grc' dir='ltr'><strong>ἦγε</strong></span> <span class='ocrx_word' id='word_1_24' title='bbox 701 569 762 624; x_wconf 83' lang='grc' dir='ltr'>τὸ</span> <span class='ocrx_word' id='word_1_25' title='bbox 815 567 1006 647; x_wconf 81' lang='grc' dir='ltr'>πέρας.</span> <span class='ocrx_word' id='word_1_26' title='bbox 1037 567 1175 625; x_wconf 71' lang='grc' dir='ltr'>ἄλλα</span> <span class='ocrx_word' id='word_1_27' title='bbox 1204 570 1293 626; x_wconf 81' lang='grc' dir='ltr'><strong>καὶ</strong></span> <span class='ocrx_word' id='word_1_28' title='bbox 1349 569 1444 636; x_wconf 73' lang='grc' dir='ltr'>τῆς</span> <span class='ocrx_word' id='word_1_29' title='bbox 1476 569 1616 644; x_wconf 84' lang='grc' dir='ltr'>θείας</span> <span class='ocrx_word' id='word_1_30' title='bbox 1648 570 1735 624; x_wconf 79' lang='grc' dir='ltr'><strong>καὶ</strong></span> <span class='ocrx_word' id='word_1_31' title='bbox 1778 566 2058 645; x_wconf 79' lang='grc' dir='ltr'>ἀναγώγου</span> 
     </span>
    </p>
   </div>
   <div class='ocr_carea' id='block_1_7' title="bbox 407 655 2057 737">
    <p class='ocr_par' dir='ltr' id='par_1_7' title="bbox 407 655 2057 737">
     <span class='ocr_line' id='line_1_7' title="bbox 407 655 2057 737; baseline -0.002 -21"><span class='ocrx_word' id='word_1_32' title='bbox 407 662 551 730; x_wconf 81' lang='grc' dir='ltr'>ζωῆς</span> <span class='ocrx_word' id='word_1_33' title='bbox 626 655 933 722; x_wconf 76' lang='grc' dir='ltr'><strong>ἐθελουσίως</strong></span> <span class='ocrx_word' id='word_1_34' title='bbox 1009 657 1370 734; x_wconf 63' lang='grc' dir='ltr'>ἀποπεσοῦσαι,</span> <span class='ocrx_word' id='word_1_35' title='bbox 1447 660 1577 737; x_wconf 83' lang='grc' dir='ltr'>πρὸς</span> <span class='ocrx_word' id='word_1_36' title='bbox 1648 659 1746 725; x_wconf 77' lang='grc' dir='ltr'>τὴν</span> <span class='ocrx_word' id='word_1_37' title='bbox 1823 657 2057 714; x_wconf 84' lang='grc' dir='ltr'>ἐναντίαν</span> 
     </span>
    </p>
   </div>
   <div class='ocr_carea' id='block_1_8' title="bbox 408 746 2055 827">
    <p class='ocr_par' dir='ltr' id='par_1_8' title="bbox 408 746 2055 827">
     <span class='ocr_line' id='line_1_8' title="bbox 408 746 2055 827; baseline -0.003 -23"><span class='ocrx_word' id='word_1_38' title='bbox 408 747 669 827; x_wconf 68' lang='grc' dir='ltr'>ἐσχατιὰν</span> <span class='ocrx_word' id='word_1_39' title='bbox 762 747 995 827; x_wconf 77' lang='grc' dir='ltr'>ἠνέχθη,</span> <span class='ocrx_word' id='word_1_40' title='bbox 1056 747 1153 816; x_wconf 78' lang='grc' dir='ltr'><strong>τὴν</strong></span> <span class='ocrx_word' id='word_1_41' title='bbox 1223 747 1695 814; x_wconf 80' lang='grc' dir='ltr'>πολυπαθεστάτην</span> <span class='ocrx_word' id='word_1_42' title='bbox 1748 746 2055 808; x_wconf 83' lang='grc' dir='ltr'>ἀλλοίωσιν,</span> 
     </span>
    </p>
   </div>
   <div class='ocr_carea' id='block_1_9' title="bbox 412 835 2059 911">
    <p class='ocr_par' dir='ltr' id='par_1_9' title="bbox 412 835 2059 911">
     <span class='ocr_line' id='line_1_9' title="bbox 412 835 2059 911; baseline -0.001 -17"><span class='ocrx_word' id='word_1_43' title='bbox 412 835 743 911; x_wconf 78' lang='grc' dir='ltr'>Πλανωμένη</span> <span class='ocrx_word' id='word_1_44' title='bbox 775 835 830 892; x_wconf 72' lang='grc' dir='ltr'><strong>δὲ</strong></span> <span class='ocrx_word' id='word_1_45' title='bbox 860 838 948 894; x_wconf 82' lang='grc' dir='ltr'><strong>καὶ</strong></span> <span class='ocrx_word' id='word_1_46' title='bbox 996 836 1089 904; x_wconf 73' lang='grc' dir='ltr'>τῆς</span> <span class='ocrx_word' id='word_1_47' title='bbox 1123 837 1319 901; x_wconf 72' lang='grc' dir='ltr'>εὖθείας</span> <span class='ocrx_word' id='word_1_48' title='bbox 1351 835 1471 894; x_wconf 70' lang='grc' dir='ltr'><strong>ὁδοῦ</strong></span> <span class='ocrx_word' id='word_1_49' title='bbox 1512 837 1607 903; x_wconf 72' lang='grc' dir='ltr'><strong>τῆς</strong></span> <span class='ocrx_word' id='word_1_50' title='bbox 1641 837 1725 894; x_wconf 82' lang='grc' dir='ltr'><strong>ἐπὶ</strong></span> <span class='ocrx_word' id='word_1_51' title='bbox 1754 838 1845 892; x_wconf 86' lang='grc' dir='ltr'>τὸν</span> <span class='ocrx_word' id='word_1_52' title='bbox 1894 837 2059 900; x_wconf 72' lang='grc' dir='ltr'>ὅντως</span> 
     </span>
    </p>
   </div>
   <div class='ocr_carea' id='block_1_10' title="bbox 411 924 2060 1005">
    <p class='ocr_par' dir='ltr' id='par_1_10' title="bbox 411 924 2060 1005">
     <span class='ocr_line' id='line_1_10' title="bbox 411 924 2060 1005; baseline -0.001 -23"><span class='ocrx_word' id='word_1_53' title='bbox 411 925 535 982; x_wconf 71' lang='grc' dir='ltr'>ὄντα</span> <span class='ocrx_word' id='word_1_54' title='bbox 581 927 712 982; x_wconf 77' lang='grc' dir='ltr'>Θεὸν</span> <span class='ocrx_word' id='word_1_55' title='bbox 742 926 1178 1005; x_wconf 82' lang='grc' dir='ltr'>ἑκτετρᾱμμένη,</span> <span class='ocrx_word' id='word_1_56' title='bbox 1222 928 1306 982; x_wconf 78' lang='grc' dir='ltr'><strong>καὶ</strong></span> <span class='ocrx_word' id='word_1_57' title='bbox 1359 939 1476 988; x_wconf 83' lang='grc' dir='ltr'>ταῖς</span> <span class='ocrx_word' id='word_1_58' title='bbox 1520 924 1778 1002; x_wconf 77' lang='grc' dir='ltr'>δ’λεθρίαις</span> <span class='ocrx_word' id='word_1_59' title='bbox 1825 949 1912 983; x_wconf 83' lang='grc' dir='ltr'><strong>και</strong></span> <span class='ocrx_word' id='word_1_60' title='bbox 1956 948 2060 982; x_wconf 81' lang='grc' dir='ltr'>κα-</span> 
     </span>
    </p>
   </div>
   <div class='ocr_carea' id='block_1_11' title="bbox 411 1013 1578 1095">
    <p class='ocr_par' dir='ltr' id='par_1_11' title="bbox 411 1013 1578 1095">
     <span class='ocr_line' id='line_1_11' title="bbox 411 1013 1578 1095; baseline -0.002 -23"><span class='ocrx_word' id='word_1_61' title='bbox 411 1015 708 1095; x_wconf 84' lang='grc' dir='ltr'>κεργέτισιν</span> <span class='ocrx_word' id='word_1_62' title='bbox 781 1015 1186 1089; x_wconf 78' lang='grc' dir='ltr'>ὑποταττομένη</span> <span class='ocrx_word' id='word_1_63' title='bbox 1272 1013 1578 1095; x_wconf 81' lang='grc' dir='ltr'>πληθύσιν,</span> 
     </span>
    </p>
   </div>
   <div class='ocr_carea' id='block_1_12' title="bbox 410 1104 2064 1185">
    <p class='ocr_par' dir='ltr' id='par_1_12' title="bbox 410 1104 2064 1185">
     <span class='ocr_line' id='line_1_12' title="bbox 410 1104 2064 1185; baseline -0.002 -22"><span class='ocrx_word' id='word_1_64' title='bbox 410 1105 558 1171; x_wconf 84' lang='grc' dir='ltr'>θεοὺς</span> <span class='ocrx_word' id='word_1_65' title='bbox 618 1104 735 1164; x_wconf 74' lang='grc' dir='ltr'>οὒδὲ</span> <span class='ocrx_word' id='word_1_66' title='bbox 787 1104 994 1185; x_wconf 78' lang='grc' dir='ltr'>φίλους,</span> <span class='ocrx_word' id='word_1_67' title='bbox 1029 1105 1167 1162; x_wconf 83' lang='grc' dir='ltr'>ἀλλὰ</span> <span class='ocrx_word' id='word_1_68' title='bbox 1199 1104 1476 1180; x_wconf 70' lang='grc' dir='ltr'>δυσμενεῖς</span> <span class='ocrx_word' id='word_1_69' title='bbox 1525 1106 1898 1184; x_wconf 72' lang='grc' dir='ltr'>θεραπεύουσα·</span> <span class='ocrx_word' id='word_1_70' title='bbox 1957 1111 2064 1161; x_wconf 89' lang='grc' dir='ltr'><strong>τῶν</strong></span> 
     </span>
    </p>
   </div>
   <div class='ocr_carea' id='block_1_13' title="bbox 413 1193 2066 1274">
    <p class='ocr_par' dir='ltr' id='par_1_13' title="bbox 413 1193 2066 1274">
     <span class='ocr_line' id='line_1_13' title="bbox 413 1193 2066 1274; baseline -0.007 -22"><span class='ocrx_word' id='word_1_71' title='bbox 413 1195 470 1252; x_wconf 82' lang='grc' dir='ltr'><em>δέ</em></span> <span class='ocrx_word' id='word_1_72' title='bbox 527 1193 752 1274; x_wconf 74' lang='grc' dir='ltr'>ἀφειδῶς</span> <span class='ocrx_word' id='word_1_73' title='bbox 786 1196 918 1272; x_wconf 69' lang='grc' dir='ltr'>αὐτῇ</span> <span class='ocrx_word' id='word_1_74' title='bbox 964 1196 1100 1252; x_wconf 78' lang='grc' dir='ltr'>κατὰ</span> <span class='ocrx_word' id='word_1_75' title='bbox 1131 1197 1190 1252; x_wconf 85' lang='grc' dir='ltr'>τὸ</span> <span class='ocrx_word' id='word_1_76' title='bbox 1239 1197 1437 1252; x_wconf 78' lang='grc' dir='ltr'>οἰκεῖον</span> <span class='ocrx_word' id='word_1_77' title='bbox 1481 1195 1705 1262; x_wconf 55' lang='lat' dir='ltr'><strong>emtas;</strong></span> <span class='ocrx_word' id='word_1_78' title='bbox 1755 1196 2066 1274; x_wconf 72' lang='grc' dir='ltr'>ἀποκεχρη-</span> 
     </span>
    </p>
   </div>
   <div class='ocr_carea' id='block_1_14' title="bbox 416 1284 2060 1363">
    <p class='ocr_par' dir='ltr' id='par_1_14' title="bbox 416 1284 2060 1363">
     <span class='ocr_line' id='line_1_14' title="bbox 416 1284 2060 1363; baseline -0.001 -21"><span class='ocrx_word' id='word_1_79' title='bbox 416 1285 613 1361; x_wconf 84' lang='grc' dir='ltr'>μένων,</span> <span class='ocrx_word' id='word_1_80' title='bbox 671 1287 744 1350; x_wconf 90' lang='grc' dir='ltr'><strong>εἰς</strong></span> <span class='ocrx_word' id='word_1_81' title='bbox 796 1284 1113 1363; x_wconf 74' lang='grc' dir='ltr'>ἆνυπκρξίας</span> <span class='ocrx_word' id='word_1_82' title='bbox 1170 1287 1392 1363; x_wconf 77' lang='grc' dir='ltr'><strong>οἰκτρῶς</strong></span> <span class='ocrx_word' id='word_1_83' title='bbox 1463 1285 1802 1360; x_wconf 69' lang='grc' dir='ltr'><strong>ἐμπεπτώκει</strong></span> <span class='ocrx_word' id='word_1_84' title='bbox 1865 1285 1918 1334; x_wconf 69' lang='grc'><strong>41</strong></span> <span class='ocrx_word' id='word_1_85' title='bbox 1974 1285 2060 1341; x_wconf 82' lang='grc' dir='ltr'><strong>καὶ</strong></span> 
     </span>
    </p>
   </div>
   <div class='ocr_carea' id='block_1_15' title="bbox 414 1373 2066 1455">
    <p class='ocr_par' dir='ltr' id='par_1_15' title="bbox 414 1373 2066 1455">
     <span class='ocr_line' id='line_1_15' title="bbox 414 1373 2066 1455; baseline -0.001 -23"><span class='ocrx_word' id='word_1_86' title='bbox 414 1374 685 1439; x_wconf 81' lang='grc' dir='ltr'>ἀπωλειας</span> <span class='ocrx_word' id='word_1_87' title='bbox 729 1373 986 1434; x_wconf 84' lang='grc' dir='ltr'>κίνδυνον.</span> <span class='ocrx_word' id='word_1_88' title='bbox 1043 1375 1105 1432; x_wconf 88' lang='grc' dir='ltr'><strong>Ἠ</strong></span> <span class='ocrx_word' id='word_1_89' title='bbox 1137 1373 1193 1432; x_wconf 76' lang='grc' dir='ltr'><strong>δὲ</strong></span> <span class='ocrx_word' id='word_1_90' title='bbox 1250 1379 1345 1452; x_wconf 75' lang='grc' dir='ltr'>τῇς</span> <span class='ocrx_word' id='word_1_91' title='bbox 1398 1376 1687 1455; x_wconf 75' lang='grc' dir='ltr'>θεαρχικῆς</span> <span class='ocrx_word' id='word_1_92' title='bbox 1736 1376 2066 1453; x_wconf 78' lang='grc' dir='ltr'>ἀγαθότητος</span> 
     </span>
    </p>
   </div>
   <div class='ocr_carea' id='block_1_16' title="bbox 412 1462 2066 1543">
    <p class='ocr_par' dir='ltr' id='par_1_16' title="bbox 412 1462 2066 1543">
     <span class='ocr_line' id='line_1_16' title="bbox 412 1462 2066 1543; baseline -0.001 -23"><span class='ocrx_word' id='word_1_93' title='bbox 412 1464 739 1543; x_wconf 74' lang='grc' dir='ltr'>ἆπειροτᾶτη</span> <span class='ocrx_word' id='word_1_94' title='bbox 800 1462 1163 1542; x_wconf 70' lang='grc' dir='ltr'>φιλανθρωπία</span> <span class='ocrx_word' id='word_1_95' title='bbox 1221 1468 1312 1521; x_wconf 84' lang='grc' dir='ltr'><strong>καὶ</strong></span> <span class='ocrx_word' id='word_1_96' title='bbox 1379 1465 1477 1530; x_wconf 78' lang='grc' dir='ltr'>τὴν</span> <span class='ocrx_word' id='word_1_97' title='bbox 1549 1464 1835 1543; x_wconf 72' lang='grc' dir='ltr'>αὖτουργὸν</span> <span class='ocrx_word' id='word_1_98' title='bbox 1911 1467 2066 1538; x_wconf 74' lang='grc' dir='ltr'>ἡμῶν</span> 
     </span>
    </p>
   </div>
   <div class='ocr_carea' id='block_1_17' title="bbox 413 1553 2069 1632">
    <p class='ocr_par' dir='ltr' id='par_1_17' title="bbox 413 1553 2069 1632">
     <span class='ocr_line' id='line_1_17' title="bbox 413 1553 2069 1632; baseline -0.001 -22"><span class='ocrx_word' id='word_1_99' title='bbox 413 1554 797 1632; x_wconf 74' lang='grc' dir='ltr'>ἀγαθοπρεπῶς</span> <span class='ocrx_word' id='word_1_100' title='bbox 851 1558 946 1612; x_wconf 76' lang='grc' dir='ltr'>οὒκ</span> <span class='ocrx_word' id='word_1_101' title='bbox 974 1553 1289 1623; x_wconf 70' lang='grc' dir='ltr'><strong>ἀπηνήνατο</strong></span> <span class='ocrx_word' id='word_1_102' title='bbox 1348 1554 1625 1630; x_wconf 84' lang='grc' dir='ltr'>πρόνοιαν,</span> <span class='ocrx_word' id='word_1_103' title='bbox 1672 1553 1810 1610; x_wconf 82' lang='grc' dir='ltr'>ἀλλὰ</span> <span class='ocrx_word' id='word_1_104' title='bbox 1844 1554 1896 1610; x_wconf 83' lang='grc' dir='ltr'><strong>ἐν</strong></span> <span class='ocrx_word' id='word_1_105' title='bbox 1929 1554 2069 1622; x_wconf 80' lang='grc' dir='ltr'>ἆληο</span> 
     </span>
    </p>
   </div>
   <div class='ocr_carea' id='block_1_18' title="bbox 413 1642 2068 1720">
    <p class='ocr_par' dir='ltr' id='par_1_18' title="bbox 413 1642 2068 1720">
     <span class='ocr_line' id='line_1_18' title="bbox 413 1642 2068 1720; baseline 0.001 -20"><span class='ocrx_word' id='word_1_106' title='bbox 413 1647 500 1700; x_wconf 75' lang='grc' dir='ltr'><strong>θεῖ</strong></span> <span class='ocrx_word' id='word_1_107' title='bbox 561 1643 761 1718; x_wconf 75' lang='grc' dir='ltr'><strong>μεθέξει</strong></span> <span class='ocrx_word' id='word_1_108' title='bbox 796 1649 903 1700; x_wconf 86' lang='grc' dir='ltr'><strong>τῶν</strong></span> <span class='ocrx_word' id='word_1_109' title='bbox 975 1642 1093 1700; x_wconf 77' lang='grc' dir='ltr'>καθ’</span> <span class='ocrx_word' id='word_1_110' title='bbox 1152 1645 1298 1719; x_wconf 79' lang='grc' dir='ltr'>ἡμᾶς</span> <span class='ocrx_word' id='word_1_111' title='bbox 1357 1645 1621 1720; x_wconf 81' lang='grc' dir='ltr'><strong>γενομένη</strong></span> <span class='ocrx_word' id='word_1_112' title='bbox 1676 1646 1888 1701; x_wconf 72' lang='grc' dir='ltr'>πάντων</span> <span class='ocrx_word' id='word_1_113' title='bbox 1932 1645 2068 1701; x_wconf 80' lang='grc' dir='ltr'>ἀνα-</span> 
     </span>
    </p>
   </div>
   <div class='ocr_carea' id='block_1_19' title="bbox 417 1734 2067 1814">
    <p class='ocr_par' dir='ltr' id='par_1_19' title="bbox 417 1734 2067 1814">
     <span class='ocr_line' id='line_1_19' title="bbox 417 1734 2067 1814; baseline 0.002 -26"><span class='ocrx_word' id='word_1_114' title='bbox 417 1735 728 1812; x_wconf 80' lang='grc' dir='ltr'>μαρτήτως,</span> <span class='ocrx_word' id='word_1_115' title='bbox 760 1735 849 1789; x_wconf 83' lang='grc' dir='ltr'><strong>καὶ</strong></span> <span class='ocrx_word' id='word_1_116' title='bbox 894 1734 1025 1812; x_wconf 83' lang='grc' dir='ltr'>πρὸς</span> <span class='ocrx_word' id='word_1_117' title='bbox 1069 1734 1132 1790; x_wconf 81' lang='grc' dir='ltr'>τὸ</span> <span class='ocrx_word' id='word_1_118' title='bbox 1175 1735 1422 1790; x_wconf 82' lang='grc' dir='ltr'>ταπεινὸν</span> <span class='ocrx_word' id='word_1_119' title='bbox 1467 1736 1622 1809; x_wconf 77' lang='grc' dir='ltr'>ἡμῶν</span> <span class='ocrx_word' id='word_1_120' title='bbox 1666 1736 2067 1814; x_wconf 80' lang='grc' dir='ltr'>ἑνοποιηθεϊσα,</span> 
     </span>
    </p>
   </div>
   <div class='ocr_carea' id='block_1_20' title="bbox 1655 1015 2063 1072">
    <p class='ocr_par' dir='ltr' id='par_1_20' title="bbox 1655 1015 2063 1072">
     <span class='ocr_line' id='line_1_20' title="bbox 1655 1015 2063 1072; baseline -0.002 -2"><span class='ocrx_word' id='word_1_121' title='bbox 1655 1016 1936 1072; x_wconf 62' lang='grc' dir='ltr'>ἑλάνθανεν</span> <span class='ocrx_word' id='word_1_122' title='bbox 2004 1015 2063 1071; x_wconf 69' lang='grc' dir='ltr'><strong>οὔ</strong></span> 
     </span>
    </p>
   </div>
   <div class='ocr_carea' id='block_1_21' title="bbox 2145 565 3788 649">
    <p class='ocr_par' dir='ltr' id='par_1_21' title="bbox 2145 565 3788 649">
     <span class='ocr_line' id='line_1_21' title="bbox 2145 565 3788 649; baseline 0.004 -24"><span class='ocrx_word' id='word_1_123' title='bbox 2145 565 2506 646; x_wconf 79' lang='lat' dir='ltr'><strong>properavit,</strong></span> <span class='ocrx_word' id='word_1_124' title='bbox 2543 584 2653 626; x_wconf 85' lang='lat' dir='ltr'><strong>nec</strong></span> <span class='ocrx_word' id='word_1_125' title='bbox 2688 585 2804 627; x_wconf 91' lang='lat' dir='ltr'><strong>non</strong></span> <span class='ocrx_word' id='word_1_126' title='bbox 2859 585 2893 628; x_wconf 89' lang='lat' dir='ltr'><strong>a</strong></span> <span class='ocrx_word' id='word_1_127' title='bbox 2925 567 3038 628; x_wconf 89' lang='lat' dir='ltr'><strong>vita</strong></span> <span class='ocrx_word' id='word_1_128' title='bbox 3081 568 3300 648; x_wconf 88' lang='lat' dir='ltr'><strong>divina,</strong></span> <span class='ocrx_word' id='word_1_129' title='bbox 3334 587 3465 649; x_wconf 74' lang='lat' dir='ltr'><strong>quze</strong></span> <span class='ocrx_word' id='word_1_130' title='bbox 3493 568 3683 648; x_wconf 89' lang='lat' dir='ltr'><strong>ipsam</strong></span> <span class='ocrx_word' id='word_1_131' title='bbox 3713 570 3788 631; x_wconf 89' lang='lat' dir='ltr'><strong>ad</strong></span> 
     </span>
    </p>
   </div>
   <div class='ocr_carea' id='block_1_22' title="bbox 2143 655 3782 737">
    <p class='ocr_par' dir='ltr' id='par_1_22' title="bbox 2143 655 3782 737">
     <span class='ocr_line' id='line_1_22' title="bbox 2143 655 3782 737; baseline 0.002 -21"><span class='ocrx_word' id='word_1_132' title='bbox 2143 673 2360 735; x_wconf 88' lang='lat' dir='ltr'><strong>supera</strong></span> <span class='ocrx_word' id='word_1_133' title='bbox 2405 655 2772 737; x_wconf 85' lang='lat' dir='ltr'><strong>subrigebat,</strong></span> <span class='ocrx_word' id='word_1_134' title='bbox 2809 656 3098 737; x_wconf 79' lang='lat' dir='ltr'><strong>dilapsus,</strong></span> <span class='ocrx_word' id='word_1_135' title='bbox 3132 667 3189 718; x_wconf 89' lang='lat' dir='ltr'><strong>et</strong></span> <span class='ocrx_word' id='word_1_136' title='bbox 3238 658 3310 719; x_wconf 87' lang='lat' dir='ltr'><strong>ad</strong></span> <span class='ocrx_word' id='word_1_137' title='bbox 3345 667 3608 720; x_wconf 79' lang='lat' dir='ltr'><strong>extrema</strong></span> <span class='ocrx_word' id='word_1_138' title='bbox 3638 677 3782 720; x_wconf 90' lang='lat' dir='ltr'><strong>con-</strong></span> 
     </span>
    </p>
   </div>
   <div class='ocr_carea' id='block_1_23' title="bbox 2143 745 3790 828">
    <p class='ocr_par' dir='ltr' id='par_1_23' title="bbox 2143 745 3790 828">
     <span class='ocr_line' id='line_1_23' title="bbox 2143 745 3790 828; baseline 0.003 -23"><span class='ocrx_word' id='word_1_139' title='bbox 2143 745 2332 806; x_wconf 86' lang='lat' dir='ltr'><strong>traria</strong></span> <span class='ocrx_word' id='word_1_140' title='bbox 2359 746 2483 825; x_wconf 91' lang='lat' dir='ltr'><strong>jam</strong></span> <span class='ocrx_word' id='word_1_141' title='bbox 2515 765 2782 828; x_wconf 67' lang='lat' dir='ltr'><strong>praeceps</strong></span> <span class='ocrx_word' id='word_1_142' title='bbox 2804 745 2997 826; x_wconf 88' lang='lat' dir='ltr'><strong>datus,</strong></span> <span class='ocrx_word' id='word_1_143' title='bbox 3028 746 3206 807; x_wconf 88' lang='lat' dir='ltr'><strong>variis</strong></span> <span class='ocrx_word' id='word_1_144' title='bbox 3239 746 3790 827; x_wconf 78' lang='lat' dir='ltr'><strong>perturbationibus</strong></span> 
     </span>
    </p>
   </div>
   <div class='ocr_carea' id='block_1_24' title="bbox 2143 833 3789 901">
    <p class='ocr_par' dir='ltr' id='par_1_24' title="bbox 2143 833 3789 901">
     <span class='ocr_line' id='line_1_24' title="bbox 2143 833 3789 901; baseline 0.004 -6"><span class='ocrx_word' id='word_1_145' title='bbox 2143 833 2464 896; x_wconf 77' lang='lat' dir='ltr'><strong>obnoxiam</strong></span> <span class='ocrx_word' id='word_1_146' title='bbox 2524 842 2738 899; x_wconf 86' lang='lat' dir='ltr'><strong>nactus</strong></span> <span class='ocrx_word' id='word_1_147' title='bbox 2769 845 2856 897; x_wconf 89' lang='lat' dir='ltr'><strong>est</strong></span> <span class='ocrx_word' id='word_1_148' title='bbox 2910 835 3409 899; x_wconf 74' lang='lat' dir='ltr'><strong>immutationem.</strong></span> <span class='ocrx_word' id='word_1_149' title='bbox 3441 840 3589 899; x_wconf 90' lang='lat' dir='ltr'><strong>Cum</strong></span> <span class='ocrx_word' id='word_1_150' title='bbox 3651 857 3789 901; x_wconf 92' lang='lat' dir='ltr'><strong>vero</strong></span> 
     </span>
    </p>
   </div>
   <div class='ocr_carea' id='block_1_25' title="bbox 2147 924 3790 989">
    <p class='ocr_par' dir='ltr' id='par_1_25' title="bbox 2147 924 3790 989">
     <span class='ocr_line' id='line_1_25' title="bbox 2147 924 3790 989; baseline 0.003 -5"><span class='ocrx_word' id='word_1_151' title='bbox 2147 924 2323 985; x_wconf 86' lang='lat' dir='ltr'><strong>etiam</strong></span> <span class='ocrx_word' id='word_1_152' title='bbox 2346 943 2378 985; x_wconf 89' lang='lat' dir='ltr'><strong>a</strong></span> <span class='ocrx_word' id='word_1_153' title='bbox 2398 933 2562 987; x_wconf 91' lang='lat' dir='ltr'><strong>recto</strong></span> <span class='ocrx_word' id='word_1_154' title='bbox 2589 925 2907 987; x_wconf 85' lang='lat' dir='ltr'><strong>tramitead</strong></span> <span class='ocrx_word' id='word_1_155' title='bbox 2937 927 3122 989; x_wconf 91' lang='lat' dir='ltr'><strong>Deum</strong></span> <span class='ocrx_word' id='word_1_156' title='bbox 3147 944 3348 986; x_wconf 85' lang='lat' dir='ltr'><strong>verum</strong></span> <span class='ocrx_word' id='word_1_157' title='bbox 3379 926 3666 989; x_wconf 86' lang='lat' dir='ltr'><strong>tendente</strong></span> <span class='ocrx_word' id='word_1_158' title='bbox 3679 927 3790 989; x_wconf 90' lang='lat' dir='ltr'><strong>de-</strong></span> 
     </span>
    </p>
   </div>
   <div class='ocr_carea' id='block_1_26' title="bbox 2147 1013 3792 1093">
    <p class='ocr_par' dir='ltr' id='par_1_26' title="bbox 2147 1013 3792 1093">
     <span class='ocr_line' id='line_1_26' title="bbox 2147 1013 3792 1093; baseline 0.002 -19"><span class='ocrx_word' id='word_1_159' title='bbox 2147 1013 2434 1087; x_wconf 84' lang='lat' dir='ltr'><strong>ﬂecteret,</strong></span> <span class='ocrx_word' id='word_1_160' title='bbox 2471 1023 2648 1093; x_wconf 86' lang='lat' dir='ltr'><strong>atque</strong></span> <span class='ocrx_word' id='word_1_161' title='bbox 2680 1013 2948 1075; x_wconf 83' lang='lat' dir='ltr'><strong>exitiosis</strong></span> <span class='ocrx_word' id='word_1_162' title='bbox 2975 1014 3381 1092; x_wconf 84' lang='lat' dir='ltr'><strong>maleficisque</strong></span> <span class='ocrx_word' id='word_1_163' title='bbox 3414 1018 3627 1077; x_wconf 82' lang='lat' dir='ltr'><strong>turmis</strong></span> <span class='ocrx_word' id='word_1_164' title='bbox 3655 1016 3792 1078; x_wconf 83' lang='lat' dir='ltr'><strong>sub-</strong></span> 
     </span>
    </p>
   </div>
   <div class='ocr_carea' id='block_1_27' title="bbox 2147 1104 3796 1185">
    <p class='ocr_par' dir='ltr' id='par_1_27' title="bbox 2147 1104 3796 1185">
     <span class='ocr_line' id='line_1_27' title="bbox 2147 1104 3796 1185; baseline 0.002 -21"><span class='ocrx_word' id='word_1_165' title='bbox 2147 1105 2304 1165; x_wconf 87' lang='lat' dir='ltr'><strong>ditus</strong></span> <span class='ocrx_word' id='word_1_166' title='bbox 2357 1113 2680 1185; x_wconf 74' lang='lat' dir='ltr'><strong>teneretur,</strong></span> <span class='ocrx_word' id='word_1_167' title='bbox 2717 1105 2963 1165; x_wconf 91' lang='lat' dir='ltr'><strong>minime</strong></span> <span class='ocrx_word' id='word_1_168' title='bbox 2995 1104 3249 1168; x_wconf 84' lang='lat' dir='ltr'><strong>advertit</strong></span> <span class='ocrx_word' id='word_1_169' title='bbox 3293 1123 3357 1166; x_wconf 89' lang='lat' dir='ltr'><strong>se</strong></span> <span class='ocrx_word' id='word_1_170' title='bbox 3407 1125 3524 1166; x_wconf 91' lang='lat' dir='ltr'><strong>non</strong></span> <span class='ocrx_word' id='word_1_171' title='bbox 3570 1104 3685 1167; x_wconf 89' lang='lat' dir='ltr'><strong>diis</strong></span> <span class='ocrx_word' id='word_1_172' title='bbox 3733 1118 3796 1168; x_wconf 85' lang='lat' dir='ltr'><strong>et</strong></span> 
     </span>
    </p>
   </div>
   <div class='ocr_carea' id='block_1_28' title="bbox 2152 1193 3790 1273">
    <p class='ocr_par' dir='ltr' id='par_1_28' title="bbox 2152 1193 3790 1273">
     <span class='ocr_line' id='line_1_28' title="bbox 2152 1193 3790 1273; baseline 0.001 -18"><span class='ocrx_word' id='word_1_173' title='bbox 2152 1193 2383 1267; x_wconf 82' lang='lat' dir='ltr'><strong>amicis,</strong></span> <span class='ocrx_word' id='word_1_174' title='bbox 2419 1193 2525 1256; x_wconf 89' lang='lat' dir='ltr'><strong>sed</strong></span> <span class='ocrx_word' id='word_1_175' title='bbox 2557 1194 2785 1256; x_wconf 83' lang='lat' dir='ltr'><strong>infestis</strong></span> <span class='ocrx_word' id='word_1_176' title='bbox 2841 1194 3111 1256; x_wconf 63' lang='lat' dir='ltr'><strong>hosﬁbus</strong></span> <span class='ocrx_word' id='word_1_177' title='bbox 3142 1193 3330 1254; x_wconf 90' lang='lat' dir='ltr'><strong>fuisse</strong></span> <span class='ocrx_word' id='word_1_178' title='bbox 3387 1193 3738 1256; x_wconf 76' lang='lat' dir='ltr'><strong>obsecutum</strong></span> <span class='ocrx_word' id='word_1_179' title='bbox 3773 1216 3790 1273; x_wconf 87' lang='lat'><strong>;</strong></span> 
     </span>
    </p>
   </div>
   <div class='ocr_carea' id='block_1_29' title="bbox 2151 1282 3794 1363">
    <p class='ocr_par' dir='ltr' id='par_1_29' title="bbox 2151 1282 3794 1363">
     <span class='ocr_line' id='line_1_29' title="bbox 2151 1282 3794 1363; baseline 0.002 -20"><span class='ocrx_word' id='word_1_180' title='bbox 2151 1282 2364 1363; x_wconf 89' lang='lat' dir='ltr'><strong>quibus</strong></span> <span class='ocrx_word' id='word_1_181' title='bbox 2391 1301 2462 1346; x_wconf 91' lang='lat' dir='ltr'><strong>eo</strong></span> <span class='ocrx_word' id='word_1_182' title='bbox 2495 1284 2817 1345; x_wconf 85' lang='lat' dir='ltr'><strong>crudeliter</strong></span> <span class='ocrx_word' id='word_1_183' title='bbox 2841 1303 2947 1363; x_wconf 90' lang='lat' dir='ltr'><strong>pro</strong></span> <span class='ocrx_word' id='word_1_184' title='bbox 2974 1283 3342 1344; x_wconf 88' lang='lat' dir='ltr'><strong>immanitate</strong></span> <span class='ocrx_word' id='word_1_185' title='bbox 3358 1303 3465 1345; x_wconf 88' lang='lat' dir='ltr'><strong>sua</strong></span> <span class='ocrx_word' id='word_1_186' title='bbox 3486 1284 3794 1346; x_wconf 72' lang='lat' dir='ltr'><strong>abutenti~</strong></span> 
     </span>
    </p>
   </div>
   <div class='ocr_carea' id='block_1_30' title="bbox 2150 1372 3791 1453">
    <p class='ocr_par' dir='ltr' id='par_1_30' title="bbox 2150 1372 3791 1453">
     <span class='ocr_line' id='line_1_30' title="bbox 2150 1372 3791 1453; baseline 0.002 -20"><span class='ocrx_word' id='word_1_187' title='bbox 2150 1372 2282 1444; x_wconf 88' lang='lat' dir='ltr'><strong>bus,</strong></span> <span class='ocrx_word' id='word_1_188' title='bbox 2311 1373 2370 1434; x_wconf 91' lang='lat' dir='ltr'><strong>in</strong></span> <span class='ocrx_word' id='word_1_189' title='bbox 2395 1382 2578 1435; x_wconf 90' lang='lat' dir='ltr'><strong>status</strong></span> <span class='ocrx_word' id='word_1_190' title='bbox 2601 1373 3148 1453; x_wconf 74' lang='lat' dir='ltr'><strong>internecionisque</strong></span> <span class='ocrx_word' id='word_1_191' title='bbox 3181 1373 3503 1436; x_wconf 89' lang='lat' dir='ltr'><strong>discrinem</strong></span> <span class='ocrx_word' id='word_1_192' title='bbox 3530 1383 3791 1436; x_wconf 83' lang='lat' dir='ltr'><strong>venerat.</strong></span> 
     </span>
    </p>
   </div>
   <div class='ocr_carea' id='block_1_31' title="bbox 2156 1463 3798 1544">
    <p class='ocr_par' dir='ltr' id='par_1_31' title="bbox 2156 1463 3798 1544">
     <span class='ocr_line' id='line_1_31' title="bbox 2156 1463 3798 1544; baseline 0.002 -21"><span class='ocrx_word' id='word_1_193' title='bbox 2156 1464 2378 1524; x_wconf 90' lang='lat' dir='ltr'><strong>Verum</strong></span> <span class='ocrx_word' id='word_1_194' title='bbox 2405 1463 2509 1525; x_wconf 86' lang='lat' dir='ltr'><strong>Dei</strong></span> <span class='ocrx_word' id='word_1_195' title='bbox 2533 1463 2876 1544; x_wconf 81' lang='lat' dir='ltr'><strong>principalis</strong></span> <span class='ocrx_word' id='word_1_196' title='bbox 2903 1464 3178 1525; x_wconf 84' lang='lat' dir='ltr'><strong>bonitatis</strong></span> <span class='ocrx_word' id='word_1_197' title='bbox 3200 1464 3430 1525; x_wconf 84' lang='lat' dir='ltr'><strong>infinita</strong></span> <span class='ocrx_word' id='word_1_198' title='bbox 3463 1463 3798 1544; x_wconf 82' lang='lat' dir='ltr'><strong>benignitas</strong></span> 
     </span>
    </p>
   </div>
   <div class='ocr_carea' id='block_1_32' title="bbox 2155 1551 3792 1634">
    <p class='ocr_par' dir='ltr' id='par_1_32' title="bbox 2155 1551 3792 1634">
     <span class='ocr_line' id='line_1_32' title="bbox 2155 1551 3792 1634; baseline 0.001 -21"><span class='ocrx_word' id='word_1_199' title='bbox 2155 1551 2445 1614; x_wconf 91' lang='lat' dir='ltr'><strong>benevole</strong></span> <span class='ocrx_word' id='word_1_200' title='bbox 2470 1571 2574 1634; x_wconf 92' lang='lat' dir='ltr'><strong>per</strong></span> <span class='ocrx_word' id='word_1_201' title='bbox 2603 1573 2666 1615; x_wconf 90' lang='lat' dir='ltr'><strong>se</strong></span> <span class='ocrx_word' id='word_1_202' title='bbox 2699 1553 2885 1614; x_wconf 90' lang='lat' dir='ltr'><strong>nostri</strong></span> <span class='ocrx_word' id='word_1_203' title='bbox 2917 1572 3121 1614; x_wconf 88' lang='lat' dir='ltr'><strong>curam</strong></span> <span class='ocrx_word' id='word_1_204' title='bbox 3153 1572 3362 1633; x_wconf 84' lang='lat' dir='ltr'><strong>gerere</strong></span> <span class='ocrx_word' id='word_1_205' title='bbox 3397 1573 3515 1615; x_wconf 84' lang='lat' dir='ltr'><strong>non</strong></span> <span class='ocrx_word' id='word_1_206' title='bbox 3546 1553 3792 1627; x_wconf 86' lang='lat' dir='ltr'><strong>destitit,</strong></span> 
     </span>
    </p>
   </div>
   <div class='ocr_carea' id='block_1_33' title="bbox 2153 1644 3798 1724">
    <p class='ocr_par' dir='ltr' id='par_1_33' title="bbox 2153 1644 3798 1724">
     <span class='ocr_line' id='line_1_33' title="bbox 2153 1644 3798 1724; baseline -0.001 -19"><span class='ocrx_word' id='word_1_207' title='bbox 2153 1644 2255 1706; x_wconf 87' lang='lat' dir='ltr'><strong>sed</strong></span> <span class='ocrx_word' id='word_1_208' title='bbox 2293 1652 2629 1705; x_wconf 90' lang='lat' dir='ltr'><strong>nostrorum</strong></span> <span class='ocrx_word' id='word_1_209' title='bbox 2665 1645 2930 1705; x_wconf 87' lang='lat' dir='ltr'><strong>omnium</strong></span> <span class='ocrx_word' id='word_1_210' title='bbox 2955 1661 3099 1705; x_wconf 86' lang='lat' dir='ltr'><strong>vere</strong></span> <span class='ocrx_word' id='word_1_211' title='bbox 3132 1645 3282 1706; x_wconf 86' lang='lat' dir='ltr'><strong>facta</strong></span> <span class='ocrx_word' id='word_1_212' title='bbox 3311 1645 3632 1724; x_wconf 82' lang='lat' dir='ltr'><strong>particeps,</strong></span> <span class='ocrx_word' id='word_1_213' title='bbox 3664 1644 3798 1705; x_wconf 86' lang='lat' dir='ltr'><strong>abs-</strong></span> 
     </span>
    </p>
   </div>
   <div class='ocr_carea' id='block_1_34' title="bbox 2154 1733 3801 1815">
    <p class='ocr_par' dir='ltr' id='par_1_34' title="bbox 2154 1733 3801 1815">
     <span class='ocr_line' id='line_1_34' title="bbox 2154 1733 3801 1815; baseline -0.001 -21"><span class='ocrx_word' id='word_1_214' title='bbox 2154 1752 2270 1815; x_wconf 89' lang='lat' dir='ltr'><strong>que</strong></span> <span class='ocrx_word' id='word_1_215' title='bbox 2329 1743 2570 1814; x_wconf 90' lang='lat' dir='ltr'><strong>peccato</strong></span> <span class='ocrx_word' id='word_1_216' title='bbox 2601 1735 2638 1809; x_wconf 70' lang='grc' dir='ltr'><strong>ί,</strong></span> <span class='ocrx_word' id='word_1_217' title='bbox 2687 1733 3121 1815; x_wconf 86' lang='lat' dir='ltr'><strong>humilitatique</strong></span> <span class='ocrx_word' id='word_1_218' title='bbox 3169 1743 3385 1795; x_wconf 62' lang='lat' dir='ltr'><strong>nostrae</strong></span> <span class='ocrx_word' id='word_1_219' title='bbox 3429 1734 3615 1814; x_wconf 85' lang='lat' dir='ltr'><strong>unita,</strong></span> <span class='ocrx_word' id='word_1_220' title='bbox 3667 1733 3801 1796; x_wconf 82' lang='grc'><strong>196</strong></span> 
     </span>
    </p>
   </div>
   <div class='ocr_carea' id='block_1_35' title="bbox 418 1821 2072 1904">
    <p class='ocr_par' dir='ltr' id='par_1_35' title="bbox 418 1821 2068 1902">
     <span class='ocr_line' id='line_1_35' title="bbox 418 1821 2068 1902; baseline -0.001 -24"><span class='ocrx_word' id='word_1_221' title='bbox 418 1823 554 1897; x_wconf 81' lang='grc' dir='ltr'>μετὰ</span> <span class='ocrx_word' id='word_1_222' title='bbox 583 1823 680 1888; x_wconf 77' lang='grc' dir='ltr'>τῆς</span> <span class='ocrx_word' id='word_1_223' title='bbox 731 1828 842 1878; x_wconf 85' lang='grc' dir='ltr'><strong>τῶν</strong></span> <span class='ocrx_word' id='word_1_224' title='bbox 873 1824 1080 1879; x_wconf 80' lang='grc' dir='ltr'>οἰκείων</span> <span class='ocrx_word' id='word_1_225' title='bbox 1127 1823 1429 1902; x_wconf 80' lang='grc' dir='ltr'>ἀσυγχύτου</span> <span class='ocrx_word' id='word_1_226' title='bbox 1489 1825 1575 1880; x_wconf 85' lang='grc' dir='ltr'><strong>καὶ</strong></span> <span class='ocrx_word' id='word_1_227' title='bbox 1605 1821 1882 1894; x_wconf 79' lang='grc' dir='ltr'>ἆλωϐήτου</span> <span class='ocrx_word' id='word_1_228' title='bbox 1928 1846 2068 1880; x_wconf 75' lang='grc' dir='ltr'>παν-</span> 
     </span>
    </p>
   </div>
   <div class='ocr_carea' id='block_1_36' title="bbox 2160 1821 3802 1904">
    <p class='ocr_par' dir='ltr' id='par_1_36' title="bbox 2160 1825 3802 1904">
     <span class='ocr_line' id='line_1_36' title="bbox 2160 1825 3802 1904; baseline 0 -18"><span class='ocrx_word' id='word_1_229' title='bbox 2160 1825 2311 1886; x_wconf 87' lang='lat' dir='ltr'><strong>salvo</strong></span> <span class='ocrx_word' id='word_1_230' title='bbox 2345 1825 2774 1903; x_wconf 88' lang='lat' dir='ltr'><strong>proprietatum</strong></span> <span class='ocrx_word' id='word_1_231' title='bbox 2834 1841 3073 1884; x_wconf 88' lang='lat' dir='ltr'><strong>suarum</strong></span> <span class='ocrx_word' id='word_1_232' title='bbox 3106 1831 3281 1897; x_wconf 83' lang='lat' dir='ltr'><strong>statu,</strong></span> <span class='ocrx_word' id='word_1_233' title='bbox 3317 1842 3510 1904; x_wconf 84' lang='lat' dir='ltr'><strong>eoque</strong></span> <span class='ocrx_word' id='word_1_234' title='bbox 3559 1841 3802 1904; x_wconf 76' lang='lat' dir='ltr'><strong>prorsus</strong></span> 
     </span>
    </p>
   </div>
   <div class='ocr_carea' id='block_1_37' title="bbox 414 1909 2068 1990">
    <p class='ocr_par' dir='ltr' id='par_1_37' title="bbox 414 1909 2068 1990">
     <span class='ocr_line' id='line_1_37' title="bbox 414 1909 2068 1990; baseline 0 -22"><span class='ocrx_word' id='word_1_235' title='bbox 414 1909 583 1975; x_wconf 86' lang='grc' dir='ltr'>τελῶς</span> <span class='ocrx_word' id='word_1_236' title='bbox 641 1911 824 1983; x_wconf 78' lang='grc' dir='ltr'>ἕξεως,</span> <span class='ocrx_word' id='word_1_237' title='bbox 883 1912 982 1977; x_wconf 66' lang='grc' dir='ltr'><strong>τὴν</strong></span> <span class='ocrx_word' id='word_1_238' title='bbox 1044 1913 1175 1990; x_wconf 80' lang='grc' dir='ltr'>πρὸς</span> <span class='ocrx_word' id='word_1_239' title='bbox 1236 1914 1401 1978; x_wconf 74' lang='grc' dir='ltr'>αὐτὴν</span> <span class='ocrx_word' id='word_1_240' title='bbox 1464 1914 1600 1988; x_wconf 73' lang='grc' dir='ltr'>ἡμῖν</span> <span class='ocrx_word' id='word_1_241' title='bbox 1656 1914 1935 1969; x_wconf 79' lang='grc' dir='ltr'>κοινωνίαν</span> <span class='ocrx_word' id='word_1_242' title='bbox 1996 1915 2068 1978; x_wconf 85' lang='grc' dir='ltr'>ὡς</span> 
     </span>
    </p>
   </div>
   <div class='ocr_carea' id='block_1_38' title="bbox 418 1999 2069 2081">
    <p class='ocr_par' dir='ltr' id='par_1_38' title="bbox 418 1999 2069 2081">
     <span class='ocr_line' id='line_1_38' title="bbox 418 1999 2069 2081; baseline 0 -23"><span class='ocrx_word' id='word_1_243' title='bbox 418 2001 698 2080; x_wconf 79' lang='grc' dir='ltr'>δμογενὲσι</span> <span class='ocrx_word' id='word_1_244' title='bbox 749 1999 939 2058; x_wconf 70' lang='grc' dir='ltr'>λοιπὸν</span> <span class='ocrx_word' id='word_1_245' title='bbox 997 1999 1324 2081; x_wconf 64' lang='grc' dir='ltr'>ἐδωρήσατο,</span> <span class='ocrx_word' id='word_1_246' title='bbox 1387 2004 1476 2058; x_wconf 83' lang='grc' dir='ltr'><strong>καὶ</strong></span> <span class='ocrx_word' id='word_1_247' title='bbox 1533 2004 1638 2058; x_wconf 72' lang='grc' dir='ltr'><strong>τῶν</strong></span> <span class='ocrx_word' id='word_1_248' title='bbox 1694 2004 1900 2059; x_wconf 80' lang='grc' dir='ltr'>οἰκείων</span> <span class='ocrx_word' id='word_1_249' title='bbox 1943 2002 2069 2058; x_wconf 80' lang='grc' dir='ltr'><strong>ἀνέ-</strong></span> 
     </span>
    </p>
   </div>
   <div class='ocr_carea' id='block_1_39' title="bbox 417 2089 2069 2172">
    <p class='ocr_par' dir='ltr' id='par_1_39' title="bbox 417 2089 2069 2172">
     <span class='ocr_line' id='line_1_39' title="bbox 417 2089 2069 2172; baseline 0.001 -24"><span class='ocrx_word' id='word_1_250' title='bbox 417 2089 546 2156; x_wconf 80' lang='grc' dir='ltr'>δειξε</span> <span class='ocrx_word' id='word_1_251' title='bbox 585 2097 854 2171; x_wconf 75' lang='grc' dir='ltr'>μετόχους</span> <span class='ocrx_word' id='word_1_252' title='bbox 897 2089 1100 2148; x_wconf 58' lang='grc' dir='ltr'>καλῶν</span> <span class='ocrx_word' id='word_1_253' title='bbox 1135 2091 1232 2158; x_wconf 78' lang='grc' dir='ltr'>τῆς</span> <span class='ocrx_word' id='word_1_254' title='bbox 1264 2092 1362 2166; x_wconf 80' lang='grc' dir='ltr'>μὲν</span> <span class='ocrx_word' id='word_1_255' title='bbox 1395 2092 1764 2160; x_wconf 83' lang='grc' dir='ltr'>ἆποστατικῆς</span> <span class='ocrx_word' id='word_1_256' title='bbox 1810 2091 2069 2172; x_wconf 76' lang='grc' dir='ltr'><strong>πληθύος,</strong></span> 
     </span>
    </p>
   </div>
   <div class='ocr_carea' id='block_1_40' title="bbox 423 2177 2070 2260">
    <p class='ocr_par' dir='ltr' id='par_1_40' title="bbox 423 2177 2070 2260">
     <span class='ocr_line' id='line_1_40' title="bbox 423 2177 2070 2260; baseline 0.001 -23"><span class='ocrx_word' id='word_1_257' title='bbox 423 2182 495 2245; x_wconf 81' lang='grc' dir='ltr'><strong>ὡς</strong></span> <span class='ocrx_word' id='word_1_258' title='bbox 542 2178 580 2245; x_wconf 76' lang='grc' dir='ltr'><strong>ἡ</strong></span> <span class='ocrx_word' id='word_1_259' title='bbox 611 2179 799 2259; x_wconf 76' lang='grc' dir='ltr'>κρυφία</span> <span class='ocrx_word' id='word_1_260' title='bbox 855 2177 1145 2257; x_wconf 78' lang='grc' dir='ltr'>παράδοσις</span> <span class='ocrx_word' id='word_1_261' title='bbox 1197 2179 1338 2260; x_wconf 73' lang='grc' dir='ltr'>ἔχει,</span> <span class='ocrx_word' id='word_1_262' title='bbox 1374 2183 1436 2238; x_wconf 80' lang='grc' dir='ltr'>τὸ</span> <span class='ocrx_word' id='word_1_263' title='bbox 1484 2181 1602 2238; x_wconf 81' lang='grc' dir='ltr'>καθ’</span> <span class='ocrx_word' id='word_1_264' title='bbox 1634 2183 1788 2256; x_wconf 74' lang='grc' dir='ltr'>ἡμῶν</span> <span class='ocrx_word' id='word_1_265' title='bbox 1838 2181 2070 2239; x_wconf 77' lang='grc' dir='ltr'>καταλύ-</span> 
     </span>
    </p>
   </div>
   <div class='ocr_carea' id='block_1_41' title="bbox 416 2269 2071 2352">
    <p class='ocr_par' dir='ltr' id='par_1_41' title="bbox 416 2269 2071 2352">
     <span class='ocr_line' id='line_1_41' title="bbox 416 2269 2071 2352; baseline 0.001 -26"><span class='ocrx_word' id='word_1_266' title='bbox 416 2292 557 2327; x_wconf 87' lang='grc' dir='ltr'>σασα</span> <span class='ocrx_word' id='word_1_267' title='bbox 613 2269 808 2346; x_wconf 83' lang='grc' dir='ltr'>κράτος</span> <span class='ocrx_word' id='word_1_268' title='bbox 878 2271 939 2325; x_wconf 73' lang='grc' dir='ltr'><strong>οὗ</strong></span> <span class='ocrx_word' id='word_1_269' title='bbox 1012 2271 1147 2326; x_wconf 70' lang='grc' dir='ltr'>κατὰ</span> <span class='ocrx_word' id='word_1_270' title='bbox 1219 2269 1460 2346; x_wconf 78' lang='grc' dir='ltr'>δύναμιν,</span> <span class='ocrx_word' id='word_1_271' title='bbox 1522 2272 1595 2333; x_wconf 83' lang='grc' dir='ltr'>ὡς</span> <span class='ocrx_word' id='word_1_272' title='bbox 1654 2273 2071 2352; x_wconf 76' lang='grc' dir='ltr'>ὑπερισχύουσα,</span> 
     </span>
    </p>
   </div>
   <div class='ocr_carea' id='block_1_42' title="bbox 421 2356 2069 2439">
    <p class='ocr_par' dir='ltr' id='par_1_42' title="bbox 421 2356 2069 2439">
     <span class='ocr_line' id='line_1_42' title="bbox 421 2356 2069 2439; baseline -0.001 -22"><span class='ocrx_word' id='word_1_273' title='bbox 421 2359 558 2417; x_wconf 79' lang='grc' dir='ltr'>κατὰ</span> <span class='ocrx_word' id='word_1_274' title='bbox 609 2356 755 2415; x_wconf 78' lang='grc' dir='ltr'>δὲτὸ</span> <span class='ocrx_word' id='word_1_275' title='bbox 805 2365 1076 2433; x_wconf 80' lang='grc' dir='ltr'><strong>μυστικῶς</strong></span> <span class='ocrx_word' id='word_1_276' title='bbox 1105 2361 1242 2434; x_wconf 77' lang='grc' dir='ltr'>ἡμῖν</span> <span class='ocrx_word' id='word_1_277' title='bbox 1287 2359 1576 2438; x_wconf 72' lang='grc' dir='ltr'>παραδοθὲν</span> <span class='ocrx_word' id='word_1_278' title='bbox 1621 2359 1824 2438; x_wconf 82' lang='grc' dir='ltr'>λόγιον,</span> <span class='ocrx_word' id='word_1_279' title='bbox 1860 2362 1914 2417; x_wconf 75' lang='grc' dir='ltr'><strong>ἓν</strong></span> <span class='ocrx_word' id='word_1_280' title='bbox 1957 2362 2069 2439; x_wconf 82' lang='grc' dir='ltr'>κρί-</span> 
     </span>
    </p>
   </div>
   <div class='ocr_carea' id='block_1_43' title="bbox 2154 1912 3802 1992">
    <p class='ocr_par' dir='ltr' id='par_1_43' title="bbox 2154 1912 3802 1992">
     <span class='ocr_line' id='line_1_43' title="bbox 2154 1912 3802 1992; baseline 0 -17"><span class='ocrx_word' id='word_1_281' title='bbox 2154 1913 2468 1976; x_wconf 75' lang='lat' dir='ltr'><strong>inconfuso</strong></span> <span class='ocrx_word' id='word_1_282' title='bbox 2501 1920 2558 1973; x_wconf 89' lang='lat' dir='ltr'><strong>et</strong></span> <span class='ocrx_word' id='word_1_283' title='bbox 2593 1912 2900 1992; x_wconf 86' lang='lat' dir='ltr'><strong>inviolato,</strong></span> <span class='ocrx_word' id='word_1_284' title='bbox 2930 1913 3100 1990; x_wconf 88' lang='lat' dir='ltr'><strong>cujus</strong></span> <span class='ocrx_word' id='word_1_285' title='bbox 3145 1912 3320 1973; x_wconf 90' lang='lat' dir='ltr'><strong>etiam</strong></span> <span class='ocrx_word' id='word_1_286' title='bbox 3355 1913 3547 1988; x_wconf 89' lang='lat' dir='ltr'><strong>nobis,</strong></span> <span class='ocrx_word' id='word_1_287' title='bbox 3596 1920 3802 1992; x_wconf 88' lang='lat' dir='ltr'><strong>utpote</strong></span> 
     </span>
    </p>
   </div>
   <div class='ocr_carea' id='block_1_44' title="bbox 2155 2001 3800 2082">
    <p class='ocr_par' dir='ltr' id='par_1_44' title="bbox 2155 2001 3800 2082">
     <span class='ocr_line' id='line_1_44' title="bbox 2155 2001 3800 2082; baseline -0.001 -17"><span class='ocrx_word' id='word_1_288' title='bbox 2155 2002 2867 2082; x_wconf 83' lang='lat' dir='ltr'><strong>congeneis,consortium</strong></span> <span class='ocrx_word' id='word_1_289' title='bbox 2891 2003 3314 2082; x_wconf 88' lang='lat' dir='ltr'><strong>dedit,nosque</strong></span> <span class='ocrx_word' id='word_1_290' title='bbox 3337 2001 3631 2063; x_wconf 86' lang='lat' dir='ltr'><strong>bonorum</strong></span> <span class='ocrx_word' id='word_1_291' title='bbox 3653 2021 3800 2064; x_wconf 89' lang='lat' dir='ltr'><strong>suo-</strong></span> 
     </span>
    </p>
   </div>
   <div class='ocr_carea' id='block_1_45' title="bbox 2156 2092 3803 2173">
    <p class='ocr_par' dir='ltr' id='par_1_45' title="bbox 2156 2092 3803 2173">
     <span class='ocr_line' id='line_1_45' title="bbox 2156 2092 3803 2173; baseline -0.001 -18"><span class='ocrx_word' id='word_1_292' title='bbox 2156 2112 2288 2156; x_wconf 88' lang='lat' dir='ltr'><strong>rum</strong></span> <span class='ocrx_word' id='word_1_293' title='bbox 2367 2092 2690 2173; x_wconf 83' lang='lat' dir='ltr'><strong>participes</strong></span> <span class='ocrx_word' id='word_1_294' title='bbox 2749 2092 3090 2164; x_wconf 88' lang='lat' dir='ltr'><strong>declaravit,</strong></span> <span class='ocrx_word' id='word_1_295' title='bbox 3160 2092 3442 2172; x_wconf 68' lang='lat' dir='ltr'><strong>aposticai</strong></span> <span class='ocrx_word' id='word_1_296' title='bbox 3518 2093 3803 2154; x_wconf 87' lang='lat' dir='ltr'><strong>nimirum</strong></span> 
     </span>
    </p>
   </div>
   <div class='ocr_carea' id='block_1_46' title="bbox 2157 2181 3806 2264">
    <p class='ocr_par' dir='ltr' id='par_1_46' title="bbox 2157 2181 3806 2264">
     <span class='ocr_line' id='line_1_46' title="bbox 2157 2181 3806 2264; baseline -0.001 -19"><span class='ocrx_word' id='word_1_297' title='bbox 2157 2182 2347 2246; x_wconf 79' lang='lat' dir='ltr'><strong>turbae</strong></span> <span class='ocrx_word' id='word_1_298' title='bbox 2365 2183 2642 2264; x_wconf 84' lang='lat' dir='ltr'><strong>imperio,</strong></span> <span class='ocrx_word' id='word_1_299' title='bbox 2667 2183 2825 2258; x_wconf 90' lang='lat' dir='ltr'><strong>quod</strong></span> <span class='ocrx_word' id='word_1_300' title='bbox 2849 2182 3165 2244; x_wconf 87' lang='lat' dir='ltr'><strong>adversum</strong></span> <span class='ocrx_word' id='word_1_301' title='bbox 3199 2200 3307 2243; x_wconf 89' lang='lat' dir='ltr'><strong>nos</strong></span> <span class='ocrx_word' id='word_1_302' title='bbox 3338 2181 3613 2255; x_wconf 86' lang='lat' dir='ltr'><strong>habebat,</strong></span> <span class='ocrx_word' id='word_1_303' title='bbox 3638 2183 3806 2260; x_wconf 78' lang='lat' dir='ltr'><strong>juxta</strong></span> 
     </span>
    </p>
   </div>
   <div class='ocr_carea' id='block_1_47' title="bbox 2155 2271 3807 2352">
    <p class='ocr_par' dir='ltr' id='par_1_47' title="bbox 2155 2271 3807 2352">
     <span class='ocr_line' id='line_1_47' title="bbox 2155 2271 3807 2352; baseline -0.001 -17"><span class='ocrx_word' id='word_1_304' title='bbox 2155 2273 2532 2335; x_wconf 87' lang='lat' dir='ltr'><strong>traditionem</strong></span> <span class='ocrx_word' id='word_1_305' title='bbox 2584 2290 2884 2352; x_wconf 87' lang='lat' dir='ltr'><strong>arcanam,</strong></span> <span class='ocrx_word' id='word_1_306' title='bbox 2921 2273 3251 2352; x_wconf 81' lang='lat' dir='ltr'><strong>proﬂigato,</strong></span> <span class='ocrx_word' id='word_1_307' title='bbox 3285 2287 3406 2333; x_wconf 86' lang='lat' dir='ltr'><strong>non</strong></span> <span class='ocrx_word' id='word_1_308' title='bbox 3437 2271 3665 2333; x_wconf 88' lang='lat' dir='ltr'><strong>viribus</strong></span> <span class='ocrx_word' id='word_1_309' title='bbox 3695 2289 3807 2334; x_wconf 88' lang='lat' dir='ltr'><strong>ceu</strong></span> 
     </span>
    </p>
   </div>
   <div class='ocr_carea' id='block_1_48' title="bbox 2160 2361 3807 2444">
    <p class='ocr_par' dir='ltr' id='par_1_48' title="bbox 2160 2361 3807 2444">
     <span class='ocr_line' id='line_1_48' title="bbox 2160 2361 3807 2444; baseline -0.002 -19"><span class='ocrx_word' id='word_1_310' title='bbox 2160 2363 2508 2444; x_wconf 65' lang='lat' dir='ltr'><strong>praevalens,</strong></span> <span class='ocrx_word' id='word_1_311' title='bbox 2531 2362 2657 2438; x_wconf 91' lang='lat' dir='ltr'><strong>sed,</strong></span> <span class='ocrx_word' id='word_1_312' title='bbox 2685 2361 3018 2424; x_wconf 89' lang='lat' dir='ltr'><strong>secundum</strong></span> <span class='ocrx_word' id='word_1_313' title='bbox 3054 2363 3372 2442; x_wconf 84' lang='lat' dir='ltr'><strong>mysticum</strong></span> <span class='ocrx_word' id='word_1_314' title='bbox 3396 2361 3722 2443; x_wconf 90' lang='lat' dir='ltr'><strong>eloquium,</strong></span> <span class='ocrx_word' id='word_1_315' title='bbox 3745 2361 3807 2422; x_wconf 88' lang='lat' dir='ltr'><strong>in</strong></span> 
     </span>
    </p>
   </div>
   <div class='ocr_carea' id='block_1_49' title="bbox 421 2445 2072 2533">
    <p class='ocr_par' dir='ltr' id='par_1_49' title="bbox 421 2445 2072 2528">
     <span class='ocr_line' id='line_1_49' title="bbox 421 2445 2072 2528; baseline 0.001 -24"><span class='ocrx_word' id='word_1_316' title='bbox 421 2471 500 2506; x_wconf 81' lang='grc' dir='ltr'><strong>σει</strong></span> <span class='ocrx_word' id='word_1_317' title='bbox 547 2448 634 2504; x_wconf 81' lang='grc' dir='ltr'><strong>καὶ</strong></span> <span class='ocrx_word' id='word_1_318' title='bbox 665 2445 997 2524; x_wconf 72' lang='grc' dir='ltr'>δικαιοσύνῃ,</span> <span class='ocrx_word' id='word_1_319' title='bbox 1045 2449 1122 2506; x_wconf 79' lang='grc' dir='ltr'><strong>Τὰ</strong></span> <span class='ocrx_word' id='word_1_320' title='bbox 1180 2449 1295 2506; x_wconf 83' lang='grc' dir='ltr'>καθ’</span> <span class='ocrx_word' id='word_1_321' title='bbox 1327 2451 1472 2522; x_wconf 74' lang='grc' dir='ltr'>ἡμᾶς</span> <span class='ocrx_word' id='word_1_322' title='bbox 1517 2448 1570 2504; x_wconf 77' lang='grc' dir='ltr'><strong>δὲ</strong></span> <span class='ocrx_word' id='word_1_323' title='bbox 1615 2452 1745 2528; x_wconf 85' lang='grc' dir='ltr'>πρὸς</span> <span class='ocrx_word' id='word_1_324' title='bbox 1777 2452 2072 2509; x_wconf 69' lang='grc' dir='ltr'>τούναντίον</span> 
     </span>
    </p>
   </div>
   <div class='ocr_carea' id='block_1_50' title="bbox 2160 2445 3806 2533">
    <p class='ocr_par' dir='ltr' id='par_1_50' title="bbox 2160 2451 3806 2533">
     <span class='ocr_line' id='line_1_50' title="bbox 2160 2451 3806 2533; baseline -0.001 -19"><span class='ocrx_word' id='word_1_325' title='bbox 2160 2453 2379 2533; x_wconf 85' lang='lat' dir='ltr'><strong>judicio</strong></span> <span class='ocrx_word' id='word_1_326' title='bbox 2413 2462 2469 2513; x_wconf 88' lang='lat' dir='ltr'><strong>et</strong></span> <span class='ocrx_word' id='word_1_327' title='bbox 2498 2452 2750 2532; x_wconf 86' lang='lat' dir='ltr'><strong>justitia.</strong></span> <span class='ocrx_word' id='word_1_328' title='bbox 2793 2451 3071 2512; x_wconf 81' lang='lat' dir='ltr'><strong>Nostrum</strong></span> <span class='ocrx_word' id='word_1_329' title='bbox 3099 2469 3237 2512; x_wconf 84' lang='lat' dir='ltr'><strong>vero</strong></span> <span class='ocrx_word' id='word_1_330' title='bbox 3269 2460 3485 2513; x_wconf 88' lang='lat' dir='ltr'><strong>statum</strong></span> <span class='ocrx_word' id='word_1_331' title='bbox 3508 2471 3540 2513; x_wconf 91' lang='lat' dir='ltr'><strong>e</strong></span> <span class='ocrx_word' id='word_1_332' title='bbox 3571 2451 3806 2512; x_wconf 89' lang='lat' dir='ltr'><strong>diverso</strong></span> 
     </span>
    </p>
   </div>
   <div class='ocr_carea' id='block_1_51' title="bbox 421 2536 2072 2622">
    <p class='ocr_par' dir='ltr' id='par_1_51' title="bbox 421 2536 2072 2620">
     <span class='ocr_line' id='line_1_51' title="bbox 421 2536 2072 2620; baseline 0.001 -25"><span class='ocrx_word' id='word_1_333' title='bbox 421 2538 565 2595; x_wconf 77' lang='grc' dir='ltr'>ἅπαν</span> <span class='ocrx_word' id='word_1_334' title='bbox 655 2537 997 2616; x_wconf 75' lang='grc' dir='ltr'>ἆγαθουργῶς</span> <span class='ocrx_word' id='word_1_335' title='bbox 1069 2539 1494 2613; x_wconf 77' lang='grc' dir='ltr'>μετεσκευάσατο</span> <span class='ocrx_word' id='word_1_336' title='bbox 1549 2536 1624 2602; x_wconf 70' lang='grc'><strong>49,</strong></span> <span class='ocrx_word' id='word_1_337' title='bbox 1707 2541 1768 2595; x_wconf 77' lang='grc' dir='ltr'>τὸ</span> <span class='ocrx_word' id='word_1_338' title='bbox 1825 2541 1923 2613; x_wconf 76' lang='grc' dir='ltr'><strong>μὲν</strong></span> <span class='ocrx_word' id='word_1_339' title='bbox 1970 2541 2072 2620; x_wconf 80' lang='grc' dir='ltr'><strong>’γὰρ</strong></span> 
     </span>
    </p>
   </div>
   <div class='ocr_carea' id='block_1_52' title="bbox 2160 2536 3810 2622">
    <p class='ocr_par' dir='ltr' id='par_1_52' title="bbox 2161 2540 3810 2622">
     <span class='ocr_line' id='line_1_52' title="bbox 2161 2540 3810 2622; baseline -0.001 -18"><span class='ocrx_word' id='word_1_340' title='bbox 2161 2544 2492 2604; x_wconf 88' lang='lat' dir='ltr'><strong>clementer</strong></span> <span class='ocrx_word' id='word_1_341' title='bbox 2523 2540 2857 2602; x_wconf 86' lang='lat' dir='ltr'><strong>immutavit</strong></span> <span class='ocrx_word' id='word_1_342' title='bbox 2884 2565 2897 2609; x_wconf 86' lang='lat'>;</span> <span class='ocrx_word' id='word_1_343' title='bbox 2927 2558 3062 2601; x_wconf 90' lang='lat' dir='ltr'><strong>nam</strong></span> <span class='ocrx_word' id='word_1_344' title='bbox 3096 2541 3312 2602; x_wconf 88' lang='lat' dir='ltr'><strong>mentis</strong></span> <span class='ocrx_word' id='word_1_345' title='bbox 3327 2541 3566 2622; x_wconf 91' lang='lat' dir='ltr'><strong>quidem</strong></span> <span class='ocrx_word' id='word_1_346' title='bbox 3593 2552 3810 2603; x_wconf 58' lang='lat' dir='ltr'><strong>nostra;</strong></span> 
     </span>
    </p>
   </div>
   <div class='ocr_carea' id='block_1_53' title="bbox 421 2625 2072 2709">
    <p class='ocr_par' dir='ltr' id='par_1_53' title="bbox 421 2625 2072 2703">
     <span class='ocr_line' id='line_1_53' title="bbox 421 2625 2072 2703; baseline 0.002 -19"><span class='ocrx_word' id='word_1_347' title='bbox 421 2628 558 2684; x_wconf 82' lang='grc' dir='ltr'>κατὰ</span> <span class='ocrx_word' id='word_1_348' title='bbox 605 2634 724 2684; x_wconf 76' lang='grc' dir='ltr'>νοῦν</span> <span class='ocrx_word' id='word_1_349' title='bbox 753 2627 909 2703; x_wconf 80' lang='grc' dir='ltr'>ἡμῶν</span> <span class='ocrx_word' id='word_1_350' title='bbox 953 2625 1197 2702; x_wconf 81' lang='grc' dir='ltr'>ἀλαμπὲς</span> <span class='ocrx_word' id='word_1_351' title='bbox 1251 2626 1537 2695; x_wconf 75' lang='grc' dir='ltr'>ἐνέπλησεν</span> <span class='ocrx_word' id='word_1_352' title='bbox 1590 2625 1765 2685; x_wconf 81' lang='grc' dir='ltr'>ὀλϐίου</span> <span class='ocrx_word' id='word_1_353' title='bbox 1799 2631 1883 2685; x_wconf 74' lang='grc' dir='ltr'><strong>καὶ</strong></span> <span class='ocrx_word' id='word_1_354' title='bbox 1935 2634 2072 2688; x_wconf 88' lang='grc' dir='ltr'>θειο-</span> 
     </span>
    </p>
   </div>
   <div class='ocr_carea' id='block_1_54' title="bbox 2160 2625 3808 2709">
    <p class='ocr_par' dir='ltr' id='par_1_54' title="bbox 2162 2629 3808 2709">
     <span class='ocr_line' id='line_1_54' title="bbox 2162 2629 3808 2709; baseline -0.001 -17"><span class='ocrx_word' id='word_1_355' title='bbox 2162 2630 2585 2692; x_wconf 83' lang='lat' dir='ltr'><strong>obscuritatem</strong></span> <span class='ocrx_word' id='word_1_356' title='bbox 2613 2630 2784 2690; x_wconf 90' lang='lat' dir='ltr'><strong>beato</strong></span> <span class='ocrx_word' id='word_1_357' title='bbox 2807 2629 3130 2708; x_wconf 79' lang='lat' dir='ltr'><strong>divinaque</strong></span> <span class='ocrx_word' id='word_1_358' title='bbox 3163 2629 3384 2690; x_wconf 91' lang='lat' dir='ltr'><strong>lumine</strong></span> <span class='ocrx_word' id='word_1_359' title='bbox 3399 2629 3668 2709; x_wconf 88' lang='lat' dir='ltr'><strong>replevit,</strong></span> <span class='ocrx_word' id='word_1_360' title='bbox 3693 2629 3808 2691; x_wconf 87' lang='lat' dir='ltr'><strong>de-</strong></span> 
     </span>
    </p>
   </div>
   <div class='ocr_carea' id='block_1_55' title="bbox 423 2715 2072 2800">
    <p class='ocr_par' dir='ltr' id='par_1_55' title="bbox 423 2715 2072 2796">
     <span class='ocr_line' id='line_1_55' title="bbox 423 2715 2072 2796; baseline 0.002 -23"><span class='ocrx_word' id='word_1_361' title='bbox 423 2718 585 2776; x_wconf 80' lang='grc' dir='ltr'>τάτου</span> <span class='ocrx_word' id='word_1_362' title='bbox 613 2716 813 2796; x_wconf 77' lang='grc' dir='ltr'>φωτὸς,</span> <span class='ocrx_word' id='word_1_363' title='bbox 847 2718 932 2772; x_wconf 80' lang='grc' dir='ltr'><strong>καὶ</strong></span> <span class='ocrx_word' id='word_1_364' title='bbox 976 2729 1093 2781; x_wconf 77' lang='grc' dir='ltr'>τοῖς</span> <span class='ocrx_word' id='word_1_365' title='bbox 1124 2715 1401 2774; x_wconf 78' lang='grc' dir='ltr'>θεοειὸἐσιν</span> <span class='ocrx_word' id='word_1_366' title='bbox 1447 2718 1714 2792; x_wconf 74' lang='grc' dir='ltr'><strong>ἐκόσμησε</strong></span> <span class='ocrx_word' id='word_1_367' title='bbox 1745 2720 1806 2775; x_wconf 81' lang='grc' dir='ltr'>τὸ</span> <span class='ocrx_word' id='word_1_368' title='bbox 1849 2719 2072 2776; x_wconf 79' lang='grc' dir='ltr'>ἀνείδεον</span> 
     </span>
    </p>
   </div>
   <div class='ocr_carea' id='block_1_56' title="bbox 2160 2715 3811 2800">
    <p class='ocr_par' dir='ltr' id='par_1_56' title="bbox 2162 2718 3811 2800">
     <span class='ocr_line' id='line_1_56' title="bbox 2162 2718 3811 2800; baseline -0.002 -17"><span class='ocrx_word' id='word_1_369' title='bbox 2162 2721 2643 2800; x_wconf 89' lang='lat' dir='ltr'><strong>formitatemque</strong></span> <span class='ocrx_word' id='word_1_370' title='bbox 2694 2726 2957 2781; x_wconf 87' lang='lat' dir='ltr'><strong>nostram</strong></span> <span class='ocrx_word' id='word_1_371' title='bbox 3005 2718 3396 2780; x_wconf 82' lang='lat' dir='ltr'><strong>deiformibus</strong></span> <span class='ocrx_word' id='word_1_372' title='bbox 3441 2718 3811 2780; x_wconf 88' lang='lat' dir='ltr'><strong>ornamentis</strong></span> 
     </span>
    </p>
   </div>
   <div class='ocr_carea' id='block_1_57' title="bbox 420 2804 2072 2888">
    <p class='ocr_par' dir='ltr' id='par_1_57' title="bbox 420 2804 2072 2886">
     <span class='ocr_line' id='line_1_57' title="bbox 420 2804 2072 2886; baseline 0.002 -23"><span class='ocrx_word' id='word_1_373' title='bbox 420 2805 671 2864; x_wconf 80' lang='grc' dir='ltr'>κᾶλλεσι’</span> <span class='ocrx_word' id='word_1_374' title='bbox 733 2806 793 2861; x_wconf 84' lang='grc' dir='ltr'>τό</span> <span class='ocrx_word' id='word_1_375' title='bbox 850 2804 904 2861; x_wconf 75' lang='grc' dir='ltr'><strong>δὲ</strong></span> <span class='ocrx_word' id='word_1_376' title='bbox 959 2812 1058 2873; x_wconf 78' lang='grc' dir='ltr'>τῆς</span> <span class='ocrx_word' id='word_1_377' title='bbox 1115 2806 1297 2886; x_wconf 71' lang='grc' dir='ltr'>ψυχῆς</span> <span class='ocrx_word' id='word_1_378' title='bbox 1355 2809 1660 2885; x_wconf 78' lang='grc' dir='ltr'>οἰκητήριον</span> <span class='ocrx_word' id='word_1_379' title='bbox 1717 2811 1771 2863; x_wconf 68' lang='grc' dir='ltr'><strong>ι.</strong></span> <span class='ocrx_word' id='word_1_380' title='bbox 1827 2808 2072 2866; x_wconf 81' lang='grc' dir='ltr'>παντελεῖ</span> 
     </span>
    </p>
   </div>
   <div class='ocr_carea' id='block_1_58' title="bbox 2160 2804 3810 2888">
    <p class='ocr_par' dir='ltr' id='par_1_58' title="bbox 2164 2807 3810 2888">
     <span class='ocr_line' id='line_1_58' title="bbox 2164 2807 3810 2888; baseline -0.001 -16"><span class='ocrx_word' id='word_1_381' title='bbox 2164 2809 2523 2886; x_wconf 87' lang='lat' dir='ltr'><strong>illustravit;</strong></span> <span class='ocrx_word' id='word_1_382' title='bbox 2560 2808 2742 2870; x_wconf 88' lang='lat' dir='ltr'><strong>animi</strong></span> <span class='ocrx_word' id='word_1_383' title='bbox 2775 2818 2968 2868; x_wconf 87' lang='lat' dir='ltr'><strong>autem</strong></span> <span class='ocrx_word' id='word_1_384' title='bbox 2995 2807 3366 2869; x_wconf 88' lang='lat' dir='ltr'><strong>domicilium</strong></span> <span class='ocrx_word' id='word_1_385' title='bbox 3393 2827 3527 2870; x_wconf 91' lang='lat' dir='ltr'><strong>cum</strong></span> <span class='ocrx_word' id='word_1_386' title='bbox 3547 2808 3810 2888; x_wconf 85' lang='lat' dir='ltr'><strong>perfecta</strong></span> 
     </span>
    </p>
   </div>
   <div class='ocr_carea' id='block_1_59' title="bbox 425 2894 2072 2979">
    <p class='ocr_par' dir='ltr' id='par_1_59' title="bbox 425 2894 2072 2973">
     <span class='ocr_line' id='line_1_59' title="bbox 425 2894 2072 2973; baseline 0.001 -19"><span class='ocrx_word' id='word_1_387' title='bbox 425 2897 664 2973; x_wconf 80' lang='grc' dir='ltr'>σωτηρὶᾳ</span> <span class='ocrx_word' id='word_1_388' title='bbox 704 2897 801 2962; x_wconf 68' lang='grc' dir='ltr'>τῆς</span> <span class='ocrx_word' id='word_1_389' title='bbox 855 2894 979 2952; x_wconf 79' lang='grc' dir='ltr'>ὅσον</span> <span class='ocrx_word' id='word_1_390' title='bbox 1038 2897 1185 2952; x_wconf 71' lang='grc' dir='ltr'>οὔπω</span> <span class='ocrx_word' id='word_1_391' title='bbox 1242 2899 1649 2965; x_wconf 72' lang='grc' dir='ltr'>καταπεσούσης</span> <span class='ocrx_word' id='word_1_392' title='bbox 1707 2900 1860 2973; x_wconf 75' lang='grc' dir='ltr'>ἡμῶν</span> <span class='ocrx_word' id='word_1_393' title='bbox 1905 2901 2072 2965; x_wconf 76' lang='grc' dir='ltr'>οὖσίας</span> 
     </span>
    </p>
   </div>
   <div class='ocr_carea' id='block_1_60' title="bbox 2160 2894 3807 2979">
    <p class='ocr_par' dir='ltr' id='par_1_60' title="bbox 2167 2897 3807 2979">
     <span class='ocr_line' id='line_1_60' title="bbox 2167 2897 3807 2979; baseline -0.002 -17"><span class='ocrx_word' id='word_1_394' title='bbox 2167 2901 2356 2962; x_wconf 88' lang='lat' dir='ltr'><strong>salute</strong></span> <span class='ocrx_word' id='word_1_395' title='bbox 2379 2897 2652 2961; x_wconf 73' lang='lat' dir='ltr'><strong>essentia:</strong></span> <span class='ocrx_word' id='word_1_396' title='bbox 2676 2907 3019 2978; x_wconf 62' lang='lat' dir='ltr'><strong>naturaeque</strong></span> <span class='ocrx_word' id='word_1_397' title='bbox 3047 2906 3286 2977; x_wconf 66' lang='lat' dir='ltr'><strong>nostrae,</strong></span> <span class='ocrx_word' id='word_1_398' title='bbox 3314 2917 3442 2979; x_wconf 61' lang='lat' dir='ltr'><strong>qua;</strong></span> <span class='ocrx_word' id='word_1_399' title='bbox 3464 2897 3651 2959; x_wconf 85' lang='lat' dir='ltr'><strong>ferme</strong></span> <span class='ocrx_word' id='word_1_400' title='bbox 3681 2897 3807 2959; x_wconf 85' lang='lat' dir='ltr'><strong>col-</strong></span> 
     </span>
    </p>
   </div>
   <div class='ocr_carea' id='block_1_61' title="bbox 425 2984 2072 3071">
    <p class='ocr_par' dir='ltr' id='par_1_61' title="bbox 425 2984 2072 3065">
     <span class='ocr_line' id='line_1_61' title="bbox 425 2984 2072 3065; baseline 0.003 -24"><span class='ocrx_word' id='word_1_401' title='bbox 425 2984 793 3062; x_wconf 73' lang='grc' dir='ltr'>ἒναγεστάτων</span> <span class='ocrx_word' id='word_1_402' title='bbox 837 2988 1018 3040; x_wconf 85' lang='grc' dir='ltr'>παθῶν</span> <span class='ocrx_word' id='word_1_403' title='bbox 1073 2987 1161 3041; x_wconf 73' lang='grc' dir='ltr'>ναὶ</span> <span class='ocrx_word' id='word_1_404' title='bbox 1191 2989 1522 3065; x_wconf 76' lang='grc' dir='ltr'>φθοροποιῶν</span> <span class='ocrx_word' id='word_1_405' title='bbox 1579 2986 1870 3063; x_wconf 80' lang='grc' dir='ltr'>μολυσμῶν</span> <span class='ocrx_word' id='word_1_406' title='bbox 1913 2989 2072 3057; x_wconf 75' lang='grc' dir='ltr'>ἠλευ-</span> 
     </span>
    </p>
   </div>
   <div class='ocr_carea' id='block_1_62' title="bbox 2160 2984 3814 3071">
    <p class='ocr_par' dir='ltr' id='par_1_62' title="bbox 2165 2987 3814 3071">
     <span class='ocr_line' id='line_1_62' title="bbox 2165 2987 3814 3071; baseline -0.002 -19"><span class='ocrx_word' id='word_1_407' title='bbox 2165 2993 2327 3071; x_wconf 91' lang='lat' dir='ltr'><strong>lapsa</strong></span> <span class='ocrx_word' id='word_1_408' title='bbox 2358 2997 2484 3051; x_wconf 89' lang='lat' dir='ltr'><strong>erat</strong></span> <span class='ocrx_word' id='word_1_409' title='bbox 2506 2999 2562 3049; x_wconf 89' lang='lat' dir='ltr'><strong>et</strong></span> <span class='ocrx_word' id='word_1_410' title='bbox 2591 2987 3305 3068; x_wconf 80' lang='lat' dir='ltr'><strong>conciderat,foedissimis</strong></span> <span class='ocrx_word' id='word_1_411' title='bbox 3337 2987 3674 3069; x_wconf 88' lang='lat' dir='ltr'><strong>quibusque</strong></span> <span class='ocrx_word' id='word_1_412' title='bbox 3687 3007 3814 3068; x_wconf 67' lang='lat' dir='ltr'><strong>pas-</strong></span> 
     </span>
    </p>
   </div>
   <div class='ocr_carea' id='block_1_63' title="bbox 422 3075 2072 3158">
    <p class='ocr_par' dir='ltr' id='par_1_63' title="bbox 422 3075 2072 3153">
     <span class='ocr_line' id='line_1_63' title="bbox 422 3075 2072 3153; baseline 0.003 -23"><span class='ocrx_word' id='word_1_413' title='bbox 422 3075 672 3153; x_wconf 83' lang='grc' dir='ltr'>θέρωσεν,</span> <span class='ocrx_word' id='word_1_414' title='bbox 746 3075 1034 3151; x_wconf 71' lang='grc' dir='ltr'>ἀναγωγὴν</span> <span class='ocrx_word' id='word_1_415' title='bbox 1102 3077 1238 3149; x_wconf 54' lang='grc' dir='ltr'>ἡμῖν</span> <span class='ocrx_word' id='word_1_416' title='bbox 1311 3078 1669 3153; x_wconf 80' lang='grc' dir='ltr'>ὑπερκὸσμιον</span> <span class='ocrx_word' id='word_1_417' title='bbox 1745 3076 1951 3143; x_wconf 80' lang='grc' dir='ltr'>δείξασα</span> <span class='ocrx_word' id='word_1_418' title='bbox 2027 3077 2072 3122; x_wconf 63' lang='lat'><strong>‘3</strong></span> 
     </span>
    </p>
   </div>
   <div class='ocr_carea' id='block_1_64' title="bbox 2160 3075 3809 3158">
    <p class='ocr_par' dir='ltr' id='par_1_64' title="bbox 2165 3076 3809 3158">
     <span class='ocr_line' id='line_1_64' title="bbox 2165 3076 3809 3158; baseline -0.003 -16"><span class='ocrx_word' id='word_1_419' title='bbox 2165 3079 2434 3142; x_wconf 87' lang='lat' dir='ltr'><strong>sionibus</strong></span> <span class='ocrx_word' id='word_1_420' title='bbox 2490 3087 2664 3157; x_wconf 88' lang='lat' dir='ltr'><strong>atque</strong></span> <span class='ocrx_word' id='word_1_421' title='bbox 2746 3077 3217 3153; x_wconf 84' lang='lat' dir='ltr'><strong>inquinamentis</strong></span> <span class='ocrx_word' id='word_1_422' title='bbox 3273 3076 3461 3138; x_wconf 80' lang='lat' dir='ltr'><strong>noxiis</strong></span> <span class='ocrx_word' id='word_1_423' title='bbox 3519 3076 3809 3158; x_wconf 87' lang='lat' dir='ltr'><strong>liberavit,</strong></span> 
     </span>
    </p>
   </div>
   <div class='ocr_carea' id='block_1_65' title="bbox 426 3164 2072 3253">
    <p class='ocr_par' dir='ltr' id='par_1_65' title="bbox 426 3164 2072 3249">
     <span class='ocr_line' id='line_1_65' title="bbox 426 3164 2072 3249; baseline 0.004 -28"><span class='ocrx_word' id='word_1_424' title='bbox 426 3167 515 3221; x_wconf 83' lang='grc' dir='ltr'><strong>καὶ</strong></span> <span class='ocrx_word' id='word_1_425' title='bbox 566 3164 834 3221; x_wconf 68' lang='grc' dir='ltr'>πολιτείαν</span> <span class='ocrx_word' id='word_1_426' title='bbox 866 3164 1036 3221; x_wconf 75' lang='grc' dir='ltr'>ἔνθεον</span> <span class='ocrx_word' id='word_1_427' title='bbox 1093 3165 1148 3222; x_wconf 82' lang='grc' dir='ltr'>ἐν</span> <span class='ocrx_word' id='word_1_428' title='bbox 1176 3179 1297 3229; x_wconf 80' lang='grc' dir='ltr'>ταῖς</span> <span class='ocrx_word' id='word_1_429' title='bbox 1354 3170 1484 3242; x_wconf 82' lang='grc' dir='ltr'>πρὸς</span> <span class='ocrx_word' id='word_1_430' title='bbox 1516 3169 1681 3237; x_wconf 73' lang='grc' dir='ltr'>αὐτὴν</span> <span class='ocrx_word' id='word_1_431' title='bbox 1724 3171 1879 3241; x_wconf 79' lang='grc' dir='ltr'>ἡμῶν</span> <span class='ocrx_word' id='word_1_432' title='bbox 1909 3173 2072 3249; x_wconf 76' lang='grc' dir='ltr'>ἱεραῖς</span> 
     </span>
    </p>
   </div>
   <div class='ocr_carea' id='block_1_66' title="bbox 2160 3164 3814 3253">
    <p class='ocr_par' dir='ltr' id='par_1_66' title="bbox 2163 3166 3814 3247">
     <span class='ocr_line' id='line_1_66' title="bbox 2163 3166 3814 3247; baseline -0.002 -16"><span class='ocrx_word' id='word_1_433' title='bbox 2163 3176 2626 3231; x_wconf 89' lang='lat' dir='ltr'><strong>commonstrata</strong></span> <span class='ocrx_word' id='word_1_434' title='bbox 2686 3166 2860 3228; x_wconf 90' lang='lat' dir='ltr'><strong>nobis</strong></span> <span class='ocrx_word' id='word_1_435' title='bbox 2893 3166 3370 3247; x_wconf 84' lang='lat' dir='ltr'><strong>supermundiali</strong></span> <span class='ocrx_word' id='word_1_436' title='bbox 3427 3185 3712 3246; x_wconf 83' lang='lat' dir='ltr'><strong>anagoge,</strong></span> <span class='ocrx_word' id='word_1_437' title='bbox 3746 3185 3814 3227; x_wconf 90' lang='lat' dir='ltr'><strong>ac</strong></span> 
     </span>
    </p>
   </div>
   <div class='ocr_carea' id='block_1_67' title="bbox 427 3251 1317 3335">
    <p class='ocr_par' dir='ltr' id='par_1_67' title="bbox 427 3251 1317 3335">
     <span class='ocr_line' id='line_1_67' title="bbox 427 3251 1317 3335; baseline -0.003 -22"><span class='ocrx_word' id='word_1_438' title='bbox 427 3255 565 3313; x_wconf 80' lang='grc' dir='ltr'>κατὰ</span> <span class='ocrx_word' id='word_1_439' title='bbox 593 3255 654 3311; x_wconf 82' lang='grc' dir='ltr'>τὸ</span> <span class='ocrx_word' id='word_1_440' title='bbox 685 3251 901 3311; x_wconf 80' lang='grc' dir='ltr'>δυνατὸν</span> <span class='ocrx_word' id='word_1_441' title='bbox 933 3254 1317 3335; x_wconf 80' lang='grc' dir='ltr'>ἆφομοιώσεσι,</span> 
     </span>
    </p>
   </div>
   <div class='ocr_carea' id='block_1_68' title="bbox 2163 3255 3814 3336">
    <p class='ocr_par' dir='ltr' id='par_1_68' title="bbox 2163 3255 3814 3336">
     <span class='ocr_line' id='line_1_68' title="bbox 2163 3255 3814 3336; baseline -0.002 -16"><span class='ocrx_word' id='word_1_442' title='bbox 2163 3259 2377 3320; x_wconf 85' lang='lat' dir='ltr'><strong>divinae</strong></span> <span class='ocrx_word' id='word_1_443' title='bbox 2405 3257 2544 3318; x_wconf 86' lang='lat' dir='ltr'><strong>vitae</strong></span> <span class='ocrx_word' id='word_1_444' title='bbox 2575 3274 2804 3329; x_wconf 90' lang='lat' dir='ltr'><strong>norma,</strong></span> <span class='ocrx_word' id='word_1_445' title='bbox 2829 3274 2937 3334; x_wconf 90' lang='lat' dir='ltr'><strong>per</strong></span> <span class='ocrx_word' id='word_1_446' title='bbox 2964 3275 3137 3336; x_wconf 89' lang='lat' dir='ltr'><strong>quam</strong></span> <span class='ocrx_word' id='word_1_447' title='bbox 3170 3256 3238 3316; x_wconf 87' lang='lat' dir='ltr'><strong>ad</strong></span> <span class='ocrx_word' id='word_1_448' title='bbox 3263 3273 3466 3318; x_wconf 89' lang='lat' dir='ltr'><strong>sacras</strong></span> <span class='ocrx_word' id='word_1_449' title='bbox 3496 3257 3628 3334; x_wconf 82' lang='lat' dir='ltr'><strong>ejus</strong></span> <span class='ocrx_word' id='word_1_450' title='bbox 3648 3255 3814 3316; x_wconf 57' lang='lat' dir='ltr'><strong>simio</strong></span> 
     </span>
    </p>
   </div>
   <div class='ocr_carea' id='block_1_69' title="bbox 2161 3345 3688 3427">
    <p class='ocr_par' dir='ltr' id='par_1_69' title="bbox 2161 3345 3688 3427">
     <span class='ocr_line' id='line_1_69' title="bbox 2161 3345 3688 3427; baseline -0.002 -17"><span class='ocrx_word' id='word_1_451' title='bbox 2161 3347 2469 3425; x_wconf 89' lang='lat' dir='ltr'><strong>litudines,</strong></span> <span class='ocrx_word' id='word_1_452' title='bbox 2504 3347 2564 3408; x_wconf 92' lang='lat' dir='ltr'><strong>in</strong></span> <span class='ocrx_word' id='word_1_453' title='bbox 2596 3354 2884 3427; x_wconf 88' lang='lat' dir='ltr'><strong>quantum</strong></span> <span class='ocrx_word' id='word_1_454' title='bbox 2923 3345 3049 3406; x_wconf 83' lang='lat' dir='ltr'><strong>fieri</strong></span> <span class='ocrx_word' id='word_1_455' title='bbox 3097 3355 3312 3427; x_wconf 86' lang='lat' dir='ltr'><strong>potest,</strong></span> <span class='ocrx_word' id='word_1_456' title='bbox 3346 3347 3688 3407; x_wconf 88' lang='lat' dir='ltr'><strong>evehamur.</strong></span> 
     </span>
    </p>
   </div>
   <div class='ocr_carea' id='block_1_70' title="bbox 2033 3511 2236 3592">
    <p class='ocr_par' dir='ltr' id='par_1_70' title="bbox 2033 3511 2236 3592">
     <span class='ocr_line' id='line_1_70' title="bbox 2033 3511 2236 3592; baseline 0 -18"><span class='ocrx_word' id='word_1_457' title='bbox 2033 3513 2062 3592; x_wconf 81' lang='lat'>§</span> <span class='ocrx_word' id='word_1_458' title='bbox 2102 3511 2236 3575; x_wconf 77' lang='grc' dir='ltr'><strong>ΧΠ.</strong></span> 
     </span>
    </p>
   </div>
   <div class='ocr_carea' id='block_1_71' title="bbox 514 3667 2082 3750">
    <p class='ocr_par' dir='ltr' id='par_1_71' title="bbox 514 3667 2082 3750">
     <span class='ocr_line' id='line_1_71' title="bbox 514 3667 2082 3750; baseline 0.005 -28"><span class='ocrx_word' id='word_1_459' title='bbox 514 3667 586 3726; x_wconf 83' lang='grc' dir='ltr'><strong>Τὸ</strong></span> <span class='ocrx_word' id='word_1_460' title='bbox 643 3667 970 3744; x_wconf 79' lang='grc' dir='ltr'>θεομίμητον</span> <span class='ocrx_word' id='word_1_461' title='bbox 1017 3667 1071 3725; x_wconf 75' lang='grc' dir='ltr'><strong>δὲ</strong></span> <span class='ocrx_word' id='word_1_462' title='bbox 1129 3674 1242 3732; x_wconf 90' lang='grc' dir='ltr'><strong>πῶς</strong></span> <span class='ocrx_word' id='word_1_463' title='bbox 1289 3668 1352 3723; x_wconf 74' lang='grc' dir='ltr'><strong>ἄν</strong></span> <span class='ocrx_word' id='word_1_464' title='bbox 1378 3669 1515 3743; x_wconf 70' lang='grc' dir='ltr'>ἡμῒν</span> <span class='ocrx_word' id='word_1_465' title='bbox 1567 3668 1759 3746; x_wconf 79' lang='grc' dir='ltr'>ἑτέρως</span> <span class='ocrx_word' id='word_1_466' title='bbox 1791 3671 2082 3750; x_wconf 52' lang='grc' dir='ltr'>ἐγχὲνοιτο,</span> 
     </span>
    </p>
   </div>
   <div class='ocr_carea' id='block_1_72' title="bbox 434 3758 2085 3837">
    <p class='ocr_par' dir='ltr' id='par_1_72' title="bbox 434 3758 2085 3837">
     <span class='ocr_line' id='line_1_72' title="bbox 434 3758 2085 3837; baseline 0.005 -26"><span class='ocrx_word' id='word_1_467' title='bbox 434 3759 510 3829; x_wconf 75' lang='grc' dir='ltr'>μή</span> <span class='ocrx_word' id='word_1_468' title='bbox 559 3760 657 3822; x_wconf 78' lang='grc' dir='ltr'>τῆς</span> <span class='ocrx_word' id='word_1_469' title='bbox 687 3763 794 3813; x_wconf 86' lang='grc' dir='ltr'><strong>τῶν</strong></span> <span class='ocrx_word' id='word_1_470' title='bbox 849 3758 1148 3835; x_wconf 81' lang='grc' dir='ltr'>ἱερωτάτων</span> <span class='ocrx_word' id='word_1_471' title='bbox 1210 3762 1496 3837; x_wconf 83' lang='grc' dir='ltr'>θεουργιῶν</span> <span class='ocrx_word' id='word_1_472' title='bbox 1547 3761 1767 3834; x_wconf 71' lang='grc' dir='ltr'>μνήμης</span> <span class='ocrx_word' id='word_1_473' title='bbox 1831 3764 2085 3819; x_wconf 76' lang='grc' dir='ltr'>ἁνανεου-</span> 
     </span>
    </p>
   </div>
   <div class='ocr_carea' id='block_1_73' title="bbox 435 3846 2086 3926">
    <p class='ocr_par' dir='ltr' id='par_1_73' title="bbox 435 3846 2086 3926">
     <span class='ocr_line' id='line_1_73' title="bbox 435 3846 2086 3926; baseline 0.005 -24"><span class='ocrx_word' id='word_1_474' title='bbox 435 3847 602 3920; x_wconf 84' lang='grc' dir='ltr'>μὲνης</span> <span class='ocrx_word' id='word_1_475' title='bbox 657 3846 743 3902; x_wconf 74' lang='grc' dir='ltr'><strong>ἀεὶ</strong></span> <span class='ocrx_word' id='word_1_476' title='bbox 813 3851 938 3911; x_wconf 82' lang='grc' dir='ltr'>ταῖς</span> <span class='ocrx_word' id='word_1_477' title='bbox 990 3849 1330 3926; x_wconf 73' lang='grc' dir='ltr'>ἱεραρχικαϊς</span> <span class='ocrx_word' id='word_1_478' title='bbox 1391 3847 1708 3926; x_wconf 84' lang='grc' dir='ltr'>ἰερολογίαις</span> <span class='ocrx_word' id='word_1_479' title='bbox 1757 3848 1812 3892; x_wconf 65' lang='grc' dir='ltr'>Η</span> <span class='ocrx_word' id='word_1_480' title='bbox 1876 3873 1933 3908; x_wconf 86' lang='grc' dir='ltr'><strong>τε</strong></span> <span class='ocrx_word' id='word_1_481' title='bbox 2000 3856 2086 3910; x_wconf 79' lang='grc' dir='ltr'>καὶ</span> 
     </span>
    </p>
   </div>
   <div class='ocr_carea' id='block_1_74' title="bbox 433 3935 2083 4022">
    <p class='ocr_par' dir='ltr' id='par_1_74' title="bbox 433 3935 2083 4022">
     <span class='ocr_line' id='line_1_74' title="bbox 433 3935 2083 4022; baseline 0.004 -32"><span class='ocrx_word' id='word_1_482' title='bbox 433 3935 748 4013; x_wconf 81' lang='grc' dir='ltr'>ἱερουργίαις</span> <span class='ocrx_word' id='word_1_483' title='bbox 785 3955 801 4010; x_wconf 86' lang='grc'><strong>;</strong></span> <span class='ocrx_word' id='word_1_484' title='bbox 860 3946 1026 3995; x_wconf 76' lang='grc' dir='ltr'>Τοῦτο</span> <span class='ocrx_word' id='word_1_485' title='bbox 1059 3936 1146 3992; x_wconf 74' lang='grc' dir='ltr'><strong>οὖν</strong></span> <span class='ocrx_word' id='word_1_486' title='bbox 1178 3935 1232 3977; x_wconf 75' lang='grc'><strong>4⁵</strong></span> <span class='ocrx_word' id='word_1_487' title='bbox 1275 3945 1552 4016; x_wconf 73' lang='grc' dir='ltr'>ποιοῦμεν,</span> <span class='ocrx_word' id='word_1_488' title='bbox 1586 3941 1658 4002; x_wconf 86' lang='grc' dir='ltr'>ὡς</span> <span class='ocrx_word' id='word_1_489' title='bbox 1691 3941 1754 3994; x_wconf 77' lang='grc' dir='ltr'><strong>τὰ</strong></span> <span class='ocrx_word' id='word_1_490' title='bbox 1786 3938 1942 4016; x_wconf 71' lang='grc' dir='ltr'>λόγια</span> <span class='ocrx_word' id='word_1_491' title='bbox 1972 3966 2083 4022; x_wconf 71' lang='grc' dir='ltr'><strong>φη-</strong></span> 
     </span>
    </p>
   </div>
   <div class='ocr_carea' id='block_1_75' title="bbox 435 4025 2084 4112">
    <p class='ocr_par' dir='ltr' id='par_1_75' title="bbox 435 4025 2084 4112">
     <span class='ocr_line' id='line_1_75' title="bbox 435 4025 2084 4112; baseline 0.019 -49"><span class='ocrx_word' id='word_1_492' title='bbox 435 4045 540 4099; x_wconf 62' lang='grc' dir='ltr'>σιν,</span> <span class='ocrx_word' id='word_1_493' title='bbox 575 4025 648 4086; x_wconf 69' lang='grc' dir='ltr'><strong>εἷς</strong></span> <span class='ocrx_word' id='word_1_494' title='bbox 678 4027 778 4092; x_wconf 66' lang='grc' dir='ltr'><strong>τὴν</strong></span> <span class='ocrx_word' id='word_1_495' title='bbox 809 4029 972 4092; x_wconf 50' lang='lat' dir='ltr'><strong>agt-7p;</strong></span> <span class='ocrx_word' id='word_1_496' title='bbox 994 4025 1312 4101; x_wconf 71' lang='grc' dir='ltr'>ἀνάμνησιν,</span> <span class='ocrx_word' id='word_1_497' title='bbox 1346 4026 1548 4083; x_wconf 71' lang='grc' dir='ltr'>’Ἔνθεν</span> <span class='ocrx_word' id='word_1_498' title='bbox 1580 4030 1606 4084; x_wconf 77' lang='grc' dir='ltr'><strong>ὁ</strong></span> <span class='ocrx_word' id='word_1_499' title='bbox 1637 4033 1781 4093; x_wconf 79' lang='grc' dir='ltr'>θεῖος</span> <span class='ocrx_word' id='word_1_500' title='bbox 1801 4032 2084 4112; x_wconf 73' lang='grc' dir='ltr'>ἱεράρχης,</span> 
     </span>
    </p>
   </div>
   <div class='ocr_carea' id='block_1_76' title="bbox 437 4115 2086 4196">
    <p class='ocr_par' dir='ltr' id='par_1_76' title="bbox 437 4115 2086 4196">
     <span class='ocr_line' id='line_1_76' title="bbox 437 4115 2086 4196; baseline 0.003 -25"><span class='ocrx_word' id='word_1_501' title='bbox 437 4115 524 4171; x_wconf 67' lang='grc' dir='ltr'>ἐπὶ</span> <span class='ocrx_word' id='word_1_502' title='bbox 587 4119 681 4170; x_wconf 82' lang='grc' dir='ltr'>τοῦ</span> <span class='ocrx_word' id='word_1_503' title='bbox 746 4116 883 4170; x_wconf 79' lang='grc' dir='ltr'><strong>θειοῦ</strong></span> <span class='ocrx_word' id='word_1_504' title='bbox 953 4117 1331 4193; x_wconf 82' lang='grc' dir='ltr'>θυσιαστηρίου</span> <span class='ocrx_word' id='word_1_505' title='bbox 1403 4117 1693 4196; x_wconf 71' lang='grc' dir='ltr'>καταστὰς,</span> <span class='ocrx_word' id='word_1_506' title='bbox 1764 4121 1923 4193; x_wconf 78' lang='grc' dir='ltr'>ὑμνεῖ</span> <span class='ocrx_word' id='word_1_507' title='bbox 1991 4122 2086 4186; x_wconf 69' lang='grc' dir='ltr'>τὰς</span> 
     </span>
    </p>
   </div>
   <div class='ocr_carea' id='block_1_77' title="bbox 437 4203 2087 4283">
    <p class='ocr_par' dir='ltr' id='par_1_77' title="bbox 437 4203 2087 4283">
     <span class='ocr_line' id='line_1_77' title="bbox 437 4203 2087 4283; baseline 0.002 -24"><span class='ocrx_word' id='word_1_508' title='bbox 437 4203 718 4283; x_wconf 78' lang='grc' dir='ltr'>εἰρημένας</span> <span class='ocrx_word' id='word_1_509' title='bbox 763 4203 902 4280; x_wconf 80' lang='grc' dir='ltr'>ἱερὰς</span> <span class='ocrx_word' id='word_1_510' title='bbox 935 4204 1206 4281; x_wconf 85' lang='grc' dir='ltr'>θεουργίας</span> <span class='ocrx_word' id='word_1_511' title='bbox 1271 4203 1452 4270; x_wconf 76' lang='grc' dir='ltr'>Ἰησσῦ</span> <span class='ocrx_word' id='word_1_512' title='bbox 1496 4211 1592 4272; x_wconf 70' lang='grc' dir='ltr'>τῆς</span> <span class='ocrx_word' id='word_1_513' title='bbox 1623 4209 1899 4274; x_wconf 68' lang='grc' dir='ltr'>θειοτάτης</span> <span class='ocrx_word' id='word_1_514' title='bbox 1934 4212 2087 4282; x_wconf 73' lang='grc' dir='ltr'>ἡμῶν</span> 
     </span>
    </p>
   </div>
   <div class='ocr_carea' id='block_1_78' title="bbox 437 4292 2088 4373">
    <p class='ocr_par' dir='ltr' id='par_1_78' title="bbox 437 4292 2088 4373">
     <span class='ocr_line' id='line_1_78' title="bbox 437 4292 2088 4373; baseline 0.004 -23"><span class='ocrx_word' id='word_1_515' title='bbox 437 4293 708 4370; x_wconf 81' lang='grc' dir='ltr'>προνοίας,</span> <span class='ocrx_word' id='word_1_516' title='bbox 757 4293 816 4356; x_wconf 85' lang='grc' dir='ltr'>ἃς</span> <span class='ocrx_word' id='word_1_517' title='bbox 849 4292 933 4348; x_wconf 83' lang='grc' dir='ltr'><strong>ἐπὶ</strong></span> <span class='ocrx_word' id='word_1_518' title='bbox 991 4295 1231 4371; x_wconf 82' lang='grc' dir='ltr'>σωτηρίᾳ</span> <span class='ocrx_word' id='word_1_519' title='bbox 1280 4302 1374 4351; x_wconf 82' lang='grc' dir='ltr'>τοῦ</span> <span class='ocrx_word' id='word_1_520' title='bbox 1430 4296 1610 4372; x_wconf 80' lang='grc' dir='ltr'>γένους</span> <span class='ocrx_word' id='word_1_521' title='bbox 1671 4299 1826 4370; x_wconf 80' lang='grc' dir='ltr'>ἡμῶν</span> <span class='ocrx_word' id='word_1_522' title='bbox 1884 4298 2088 4373; x_wconf 66' lang='grc' dir='ltr'>εὐδοκία</span> 
     </span>
    </p>
   </div>
   <div class='ocr_carea' id='block_1_79' title="bbox 437 4382 2089 4468">
    <p class='ocr_par' dir='ltr' id='par_1_79' title="bbox 437 4382 2089 4468">
     <span class='ocr_line' id='line_1_79' title="bbox 437 4382 2089 4468; baseline 0.003 -28"><span class='ocrx_word' id='word_1_523' title='bbox 437 4391 528 4441; x_wconf 80' lang='grc' dir='ltr'><strong>τοῦ</strong></span> <span class='ocrx_word' id='word_1_524' title='bbox 587 4382 988 4460; x_wconf 78' lang='grc' dir='ltr'>παναγεστσίτου</span> <span class='ocrx_word' id='word_1_525' title='bbox 1035 4383 1238 4460; x_wconf 77' lang='grc' dir='ltr'>Πατρὸς</span> <span class='ocrx_word' id='word_1_526' title='bbox 1297 4383 1351 4440; x_wconf 82' lang='grc' dir='ltr'>ἐν</span> <span class='ocrx_word' id='word_1_527' title='bbox 1427 4385 1693 4459; x_wconf 77' lang='grc' dir='ltr'>Πνεύματι</span> <span class='ocrx_word' id='word_1_528' title='bbox 1737 4387 1892 4468; x_wconf 81' lang='grc' dir='ltr'>ἁγίῳ,</span> <span class='ocrx_word' id='word_1_529' title='bbox 1954 4392 2089 4446; x_wconf 82' lang='grc' dir='ltr'>κατὰ</span> 
     </span>
    </p>
   </div>
   <div class='ocr_carea' id='block_1_80' title="bbox 439 4465 2088 4551">
    <p class='ocr_par' dir='ltr' id='par_1_80' title="bbox 439 4465 2088 4551">
     <span class='ocr_line' id='line_1_80' title="bbox 439 4465 2088 4551; baseline 0.004 -23"><span class='ocrx_word' id='word_1_530' title='bbox 439 4475 500 4529; x_wconf 85' lang='grc' dir='ltr'>τὸ</span> <span class='ocrx_word' id='word_1_531' title='bbox 550 4472 756 4551; x_wconf 80' lang='grc' dir='ltr'>λόγιον,</span> <span class='ocrx_word' id='word_1_532' title='bbox 803 4471 1136 4535; x_wconf 75' lang='grc' dir='ltr'>ἔτελειωσεν,</span> <span class='ocrx_word' id='word_1_533' title='bbox 1205 4465 1514 4543; x_wconf 69' lang='grc' dir='ltr'>’Υμηνήσας</span> <span class='ocrx_word' id='word_1_534' title='bbox 1567 4473 1620 4530; x_wconf 79' lang='grc' dir='ltr'><em>δὲ</em></span> <span class='ocrx_word' id='word_1_535' title='bbox 1671 4479 1756 4532; x_wconf 88' lang='grc' dir='ltr'><strong>καὶ</strong></span> <span class='ocrx_word' id='word_1_536' title='bbox 1798 4465 1894 4545; x_wconf 71' lang='grc' dir='ltr'>τὴν</span> <span class='ocrx_word' id='word_1_537' title='bbox 1927 4477 2088 4535; x_wconf 77' lang='grc' dir='ltr'>σεϐα-</span> 
     </span>
    </p>
   </div>
   <div class='ocr_carea' id='block_1_81' title="bbox 439 4563 2088 4647">
    <p class='ocr_par' dir='ltr' id='par_1_81' title="bbox 439 4563 2088 4647">
     <span class='ocr_line' id='line_1_81' title="bbox 439 4563 2088 4647; baseline -0.002 -29"><span class='ocrx_word' id='word_1_538' title='bbox 439 4567 599 4636; x_wconf 78' lang='grc' dir='ltr'>σμίαν</span> <span class='ocrx_word' id='word_1_539' title='bbox 652 4563 823 4618; x_wconf 70' lang='grc' dir='ltr'>αὒτῶν</span> <span class='ocrx_word' id='word_1_540' title='bbox 852 4563 940 4618; x_wconf 85' lang='grc' dir='ltr'><strong>καὶ</strong></span> <span class='ocrx_word' id='word_1_541' title='bbox 972 4565 1169 4629; x_wconf 77' lang='grc' dir='ltr'>νοητὴν</span> <span class='ocrx_word' id='word_1_542' title='bbox 1198 4565 1414 4642; x_wconf 85' lang='grc' dir='ltr'>θεωρίαν</span> <span class='ocrx_word' id='word_1_543' title='bbox 1460 4564 1514 4619; x_wconf 84' lang='grc' dir='ltr'><strong>ἐν</strong></span> <span class='ocrx_word' id='word_1_544' title='bbox 1555 4579 1759 4644; x_wconf 75' lang='grc' dir='ltr'>νοεροῖς</span> <span class='ocrx_word' id='word_1_545' title='bbox 1792 4564 1846 4610; x_wconf 64' lang='grc' dir='ltr'><strong>ιδ</strong></span> <span class='ocrx_word' id='word_1_546' title='bbox 1887 4567 2088 4647; x_wconf 64' lang='grc' dir='ltr'>ὄφθχλ-</span> 
     </span>
    </p>
   </div>
   <div class='ocr_carea' id='block_1_82' title="bbox 2250 3665 3814 3748">
    <p class='ocr_par' dir='ltr' id='par_1_82' title="bbox 2250 3665 3814 3748">
     <span class='ocr_line' id='line_1_82' title="bbox 2250 3665 3814 3748; baseline -0.004 -14"><span class='ocrx_word' id='word_1_547' title='bbox 2250 3670 2561 3734; x_wconf 88' lang='lat' dir='ltr'><strong>Enimvero</strong></span> <span class='ocrx_word' id='word_1_548' title='bbox 2594 3666 2890 3748; x_wconf 86' lang='lat' dir='ltr'><strong>quomodo</strong></span> <span class='ocrx_word' id='word_1_549' title='bbox 2945 3667 3123 3728; x_wconf 89' lang='lat' dir='ltr'><strong>nobis</strong></span> <span class='ocrx_word' id='word_1_550' title='bbox 3170 3666 3369 3728; x_wconf 85' lang='lat' dir='ltr'><strong>divina</strong></span> <span class='ocrx_word' id='word_1_551' title='bbox 3399 3665 3514 3729; x_wconf 87' lang='lat' dir='ltr'><strong>ista</strong></span> <span class='ocrx_word' id='word_1_552' title='bbox 3564 3666 3814 3728; x_wconf 87' lang='lat' dir='ltr'><strong>imitatio</strong></span> 
     </span>
    </p>
   </div>
   <div class='ocr_carea' id='block_1_83' title="bbox 2167 3755 3816 3838">
    <p class='ocr_par' dir='ltr' id='par_1_83' title="bbox 2167 3755 3816 3838">
     <span class='ocr_line' id='line_1_83' title="bbox 2167 3755 3816 3838; baseline -0.004 -14"><span class='ocrx_word' id='word_1_553' title='bbox 2167 3762 2342 3824; x_wconf 84' lang='lat' dir='ltr'><strong>aliter</strong></span> <span class='ocrx_word' id='word_1_554' title='bbox 2365 3756 2789 3831; x_wconf 83' lang='lat' dir='ltr'><strong>obveniat,nisi</strong></span> <span class='ocrx_word' id='word_1_555' title='bbox 2821 3766 2934 3817; x_wconf 89' lang='lat' dir='ltr'><strong>tam</strong></span> <span class='ocrx_word' id='word_1_556' title='bbox 2965 3762 3368 3838; x_wconf 63' lang='lat' dir='ltr'><strong>praestantium</strong></span> <span class='ocrx_word' id='word_1_557' title='bbox 3397 3757 3680 3818; x_wconf 90' lang='lat' dir='ltr'><strong>memoria</strong></span> <span class='ocrx_word' id='word_1_558' title='bbox 3705 3755 3816 3818; x_wconf 86' lang='lat' dir='ltr'><strong>be-</strong></span> 
     </span>
    </p>
   </div>
   <div class='ocr_carea' id='block_1_84' title="bbox 2169 3846 3819 3918">
    <p class='ocr_par' dir='ltr' id='par_1_84' title="bbox 2169 3846 3819 3918">
     <span class='ocr_line' id='line_1_84' title="bbox 2169 3846 3819 3918; baseline -0.003 -9"><span class='ocrx_word' id='word_1_559' title='bbox 2169 3852 2507 3909; x_wconf 74' lang='lat' dir='ltr'><strong>neﬁciorum</strong></span> <span class='ocrx_word' id='word_1_560' title='bbox 2532 3849 2632 3904; x_wconf 87' lang='lat' dir='ltr'><strong>Dei</strong></span> <span class='ocrx_word' id='word_1_561' title='bbox 2664 3848 3112 3903; x_wconf 78' lang='lat' dir='ltr'><strong>sacerdotalibus</strong></span> <span class='ocrx_word' id='word_1_562' title='bbox 3139 3846 3630 3915; x_wconf 53' lang='lat' dir='ltr'><strong>pradicationibus</strong></span> <span class='ocrx_word' id='word_1_563' title='bbox 3653 3858 3819 3918; x_wconf 80' lang='lat' dir='ltr'><strong>atque</strong></span> 
     </span>
    </p>
   </div>
   <div class='ocr_carea' id='block_1_85' title="bbox 2171 3936 3916 4023">
    <p class='ocr_par' dir='ltr' id='par_1_85' title="bbox 2171 3936 3916 4023">
     <span class='ocr_line' id='line_1_85' title="bbox 2171 3936 3916 4023; baseline -0.005 -20"><span class='ocrx_word' id='word_1_564' title='bbox 2171 3941 2471 4023; x_wconf 80' lang='lat' dir='ltr'><strong>mysteriis</strong></span> <span class='ocrx_word' id='word_1_565' title='bbox 2496 3939 2719 4019; x_wconf 79' lang='lat' dir='ltr'><strong>jugitor</strong></span> <span class='ocrx_word' id='word_1_566' title='bbox 2754 3939 3072 3998; x_wconf 86' lang='lat' dir='ltr'><strong>innovetur</strong></span> <span class='ocrx_word' id='word_1_567' title='bbox 3100 3937 3130 3996; x_wconf 85' lang='lat'><strong>?</strong></span> <span class='ocrx_word' id='word_1_568' title='bbox 3160 3936 3285 3998; x_wconf 82' lang='lat' dir='ltr'><strong>Hoc</strong></span> <span class='ocrx_word' id='word_1_569' title='bbox 3315 3939 3512 4017; x_wconf 88' lang='lat' dir='ltr'><strong>itaque</strong></span> <span class='ocrx_word' id='word_1_570' title='bbox 3542 3936 3817 4010; x_wconf 81' lang='lat' dir='ltr'><strong>facimus,</strong></span> <span class='ocrx_word' id='word_1_571' title='bbox 3905 3951 3916 3962; x_wconf 55' lang='grc' dir='ltr'>δ</span> 
     </span>
    </p>
   </div>
   <div class='ocr_carea' id='block_1_86' title="bbox 2171 4027 3816 4110">
    <p class='ocr_par' dir='ltr' id='par_1_86' title="bbox 2171 4027 3816 4110">
     <span class='ocr_line' id='line_1_86' title="bbox 2171 4027 3816 4110; baseline 0 -20"><span class='ocrx_word' id='word_1_572' title='bbox 2171 4038 2235 4090; x_wconf 93' lang='lat' dir='ltr'><strong>ut</strong></span> <span class='ocrx_word' id='word_1_573' title='bbox 2286 4028 2783 4110; x_wconf 86' lang='lat' dir='ltr'><strong>eloquiajubent,</strong></span> <span class='ocrx_word' id='word_1_574' title='bbox 2814 4027 2874 4088; x_wconf 89' lang='lat' dir='ltr'><strong>in</strong></span> <span class='ocrx_word' id='word_1_575' title='bbox 2922 4027 3054 4106; x_wconf 92' lang='lat' dir='ltr'><strong>ejus</strong></span> <span class='ocrx_word' id='word_1_576' title='bbox 3107 4027 3736 4087; x_wconf 77' lang='lat' dir='ltr'><strong>commemorationem</strong></span> <span class='ocrx_word' id='word_1_577' title='bbox 3765 4040 3816 4090; x_wconf 71' lang='grc' dir='ltr'>ε.</span> 
     </span>
    </p>
   </div>
   <div class='ocr_carea' id='block_1_87' title="bbox 2172 4115 3824 4198">
    <p class='ocr_par' dir='ltr' id='par_1_87' title="bbox 2172 4115 3824 4198">
     <span class='ocr_line' id='line_1_87' title="bbox 2172 4115 3824 4198; baseline -0.001 -18"><span class='ocrx_word' id='word_1_578' title='bbox 2172 4119 2544 4198; x_wconf 81' lang='lat' dir='ltr'><strong>Quapropter</strong></span> <span class='ocrx_word' id='word_1_579' title='bbox 2561 4117 2798 4178; x_wconf 88' lang='lat' dir='ltr'><strong>divinus</strong></span> <span class='ocrx_word' id='word_1_580' title='bbox 2829 4136 3070 4192; x_wconf 90' lang='lat' dir='ltr'><strong>quoque</strong></span> <span class='ocrx_word' id='word_1_581' title='bbox 3097 4116 3510 4195; x_wconf 60' lang='lat' dir='ltr'><strong>praisulsacris</strong></span> <span class='ocrx_word' id='word_1_582' title='bbox 3539 4115 3824 4178; x_wconf 88' lang='lat' dir='ltr'><strong>altaribus</strong></span> 
     </span>
    </p>
   </div>
   <div class='ocr_carea' id='block_1_88' title="bbox 2171 4202 3827 4284">
    <p class='ocr_par' dir='ltr' id='par_1_88' title="bbox 2171 4202 3827 4284">
     <span class='ocr_line' id='line_1_88' title="bbox 2171 4202 3827 4284; baseline -0.004 -14"><span class='ocrx_word' id='word_1_583' title='bbox 2171 4211 2455 4270; x_wconf 89' lang='lat' dir='ltr'><strong>assistens</strong></span> <span class='ocrx_word' id='word_1_584' title='bbox 2487 4216 2692 4268; x_wconf 87' lang='lat' dir='ltr'><strong>sancta</strong></span> <span class='ocrx_word' id='word_1_585' title='bbox 2735 4205 3051 4284; x_wconf 88' lang='lat' dir='ltr'><strong>divinaque</strong></span> <span class='ocrx_word' id='word_1_586' title='bbox 3099 4202 3242 4267; x_wconf 82' lang='lat' dir='ltr'><strong>Jesn</strong></span> <span class='ocrx_word' id='word_1_587' title='bbox 3287 4223 3468 4284; x_wconf 86' lang='lat' dir='ltr'><strong>opera</strong></span> <span class='ocrx_word' id='word_1_588' title='bbox 3509 4205 3827 4278; x_wconf 88' lang='lat' dir='ltr'><strong>collaudat,</strong></span> 
     </span>
    </p>
   </div>
   <div class='ocr_carea' id='block_1_89' title="bbox 2171 4294 3829 4379">
    <p class='ocr_par' dir='ltr' id='par_1_89' title="bbox 2171 4294 3829 4379">
     <span class='ocr_line' id='line_1_89' title="bbox 2171 4294 3829 4379; baseline -0.002 -22"><span class='ocrx_word' id='word_1_589' title='bbox 2171 4316 2300 4379; x_wconf 68' lang='lat' dir='ltr'><strong>quae</strong></span> <span class='ocrx_word' id='word_1_590' title='bbox 2349 4316 2417 4358; x_wconf 82' lang='lat' dir='ltr'><strong>ex</strong></span> <span class='ocrx_word' id='word_1_591' title='bbox 2451 4294 2830 4356; x_wconf 85' lang='lat' dir='ltr'><strong>divinissima</strong></span> <span class='ocrx_word' id='word_1_592' title='bbox 2863 4296 3047 4355; x_wconf 83' lang='lat' dir='ltr'><strong>nostri</strong></span> <span class='ocrx_word' id='word_1_593' title='bbox 3081 4295 3449 4372; x_wconf 84' lang='lat' dir='ltr'><strong>providentia</strong></span> <span class='ocrx_word' id='word_1_594' title='bbox 3484 4294 3541 4354; x_wconf 93' lang='lat' dir='ltr'><strong>in</strong></span> <span class='ocrx_word' id='word_1_595' title='bbox 3577 4298 3829 4354; x_wconf 86' lang='lat' dir='ltr'><strong>salutem</strong></span> 
     </span>
    </p>
   </div>
   <div class='ocr_carea' id='block_1_90' title="bbox 2171 4382 3829 4464">
    <p class='ocr_par' dir='ltr' id='par_1_90' title="bbox 2171 4382 3829 4464">
     <span class='ocr_line' id='line_1_90' title="bbox 2171 4382 3829 4464; baseline -0.002 -17"><span class='ocrx_word' id='word_1_596' title='bbox 2171 4387 2411 4464; x_wconf 82' lang='lat' dir='ltr'><strong>generis</strong></span> <span class='ocrx_word' id='word_1_597' title='bbox 2445 4384 2709 4463; x_wconf 86' lang='lat' dir='ltr'><strong>humani,</strong></span> <span class='ocrx_word' id='word_1_598' title='bbox 2741 4384 3102 4444; x_wconf 81' lang='lat' dir='ltr'><strong>sanctissimi</strong></span> <span class='ocrx_word' id='word_1_599' title='bbox 3125 4382 3314 4444; x_wconf 87' lang='lat' dir='ltr'><strong>Patris</strong></span> <span class='ocrx_word' id='word_1_600' title='bbox 3338 4382 3735 4464; x_wconf 83' lang='lat' dir='ltr'><strong>beneplacito,</strong></span> <span class='ocrx_word' id='word_1_601' title='bbox 3768 4384 3829 4444; x_wconf 87' lang='lat' dir='ltr'><strong>in</strong></span> 
     </span>
    </p>
   </div>
   <div class='ocr_carea' id='block_1_91' title="bbox 2173 4472 3822 4556">
    <p class='ocr_par' dir='ltr' id='par_1_91' title="bbox 2173 4472 3822 4556">
     <span class='ocr_line' id='line_1_91' title="bbox 2173 4472 3822 4556; baseline -0.002 -19"><span class='ocrx_word' id='word_1_602' title='bbox 2173 4474 2393 4556; x_wconf 85' lang='lat' dir='ltr'><strong>Spiritu</strong></span> <span class='ocrx_word' id='word_1_603' title='bbox 2426 4485 2659 4554; x_wconf 88' lang='lat' dir='ltr'><strong>sancto,</strong></span> <span class='ocrx_word' id='word_1_604' title='bbox 2684 4483 2746 4534; x_wconf 90' lang='lat' dir='ltr'><strong>ut</strong></span> <span class='ocrx_word' id='word_1_605' title='bbox 2779 4474 3012 4553; x_wconf 85' lang='lat' dir='ltr'><strong>eloquia</strong></span> <span class='ocrx_word' id='word_1_606' title='bbox 3039 4481 3346 4551; x_wconf 85' lang='lat' dir='ltr'><strong>testantur,</strong></span> <span class='ocrx_word' id='word_1_607' title='bbox 3371 4472 3822 4534; x_wconf 81' lang='lat' dir='ltr'><strong>consummavit.</strong></span> 
     </span>
    </p>
   </div>
   <div class='ocr_carea' id='block_1_92' title="bbox 2170 4561 3830 4644">
    <p class='ocr_par' dir='ltr' id='par_1_92' title="bbox 2170 4561 3830 4644">
     <span class='ocr_line' id='line_1_92' title="bbox 2170 4561 3830 4644; baseline -0.001 -18"><span class='ocrx_word' id='word_1_608' title='bbox 2170 4565 2352 4627; x_wconf 86' lang='lat' dir='ltr'><strong>Porro</strong></span> <span class='ocrx_word' id='word_1_609' title='bbox 2375 4564 2713 4626; x_wconf 83' lang='lat' dir='ltr'><strong>veneranda</strong></span> <span class='ocrx_word' id='word_1_610' title='bbox 2728 4561 3102 4644; x_wconf 87' lang='lat' dir='ltr'><strong>spiritalique</strong></span> <span class='ocrx_word' id='word_1_611' title='bbox 3132 4563 3540 4641; x_wconf 77' lang='lat' dir='ltr'><strong>mysteriorum</strong></span> <span class='ocrx_word' id='word_1_612' title='bbox 3566 4571 3830 4624; x_wconf 86' lang='lat' dir='ltr'><strong>contem-</strong></span> 
     </span>
    </p>
   </div>
   <div class='ocr_carea' id='block_1_93' title="bbox 443 4650 2072 4736">
    <p class='ocr_par' dir='ltr' id='par_1_93' title="bbox 443 4650 2072 4736">
     <span class='ocr_line' id='line_1_93' title="bbox 443 4650 2072 4736; baseline 0 -27"><span class='ocrx_word' id='word_1_613' title='bbox 443 4665 571 4727; x_wconf 80' lang='grc' dir='ltr'>μοῖς</span> <span class='ocrx_word' id='word_1_614' title='bbox 615 4650 974 4728; x_wconf 72' lang='grc' dir='ltr'>ἱποπτεύσεις,</span> <span class='ocrx_word' id='word_1_615' title='bbox 1008 4650 1094 4707; x_wconf 77' lang='grc' dir='ltr'><strong>ἐπὶ</strong></span> <span class='ocrx_word' id='word_1_616' title='bbox 1151 4653 1248 4718; x_wconf 81' lang='grc' dir='ltr'>τὴν</span> <span class='ocrx_word' id='word_1_617' title='bbox 1305 4651 1632 4727; x_wconf 72' lang='grc' dir='ltr'>συμϐολικὴν</span> <span class='ocrx_word' id='word_1_618' title='bbox 1663 4656 1832 4711; x_wconf 68' lang='grc' dir='ltr'>αὐτῶν</span> <span class='ocrx_word' id='word_1_619' title='bbox 1889 4659 2072 4736; x_wconf 75' lang='grc' dir='ltr'>ἱερουρ.</span> 
     </span>
    </p>
   </div>
   <div class='ocr_carea' id='block_1_94' title="bbox 2160 4650 3824 4736">
    <p class='ocr_par' dir='ltr' id='par_1_94' title="bbox 2160 4651 3824 4735">
     <span class='ocr_line' id='line_1_94' title="bbox 2160 4651 3824 4735; baseline -0.001 -21"><span class='ocrx_word' id='word_1_620' title='bbox 2160 4655 2644 4735; x_wconf 66' lang='lat' dir='ltr'><strong>‘platione,quam</strong></span> <span class='ocrx_word' id='word_1_621' title='bbox 2667 4653 3034 4732; x_wconf 79' lang='lat' dir='ltr'><strong>spiritalibus</strong></span> <span class='ocrx_word' id='word_1_622' title='bbox 3055 4653 3243 4713; x_wconf 79' lang='lat' dir='ltr'><strong>oculis</strong></span> <span class='ocrx_word' id='word_1_623' title='bbox 3261 4651 3824 4731; x_wconf 80' lang='lat' dir='ltr'><strong>conspexit,collau-</strong></span> 
     </span>
    </p>
   </div>
   <div class='ocr_carea' id='block_1_95' title="bbox 440 4739 2072 4820">
    <p class='ocr_par' dir='ltr' id='par_1_95' title="bbox 440 4739 2072 4820">
     <span class='ocr_line' id='line_1_95' title="bbox 440 4739 2072 4820; baseline 0.005 -25"><span class='ocrx_word' id='word_1_624' title='bbox 440 4741 559 4819; x_wconf 81' lang='grc' dir='ltr'>γίαν</span> <span class='ocrx_word' id='word_1_625' title='bbox 614 4739 854 4819; x_wconf 74' lang='grc' dir='ltr'>ἔρχεται,</span> <span class='ocrx_word' id='word_1_626' title='bbox 886 4743 972 4795; x_wconf 82' lang='grc' dir='ltr'><strong>καὶ</strong></span> <span class='ocrx_word' id='word_1_627' title='bbox 1025 4747 1181 4798; x_wconf 78' lang='grc' dir='ltr'>τοῦτο</span> <span class='ocrx_word' id='word_1_628' title='bbox 1239 4740 1659 4820; x_wconf 77' lang='grc' dir='ltr'>θεοπαραδότως·</span> <span class='ocrx_word' id='word_1_629' title='bbox 1695 4745 1811 4800; x_wconf 85' lang='grc' dir='ltr'>ὅθεν</span> <span class='ocrx_word' id='word_1_630' title='bbox 1861 4746 2072 4803; x_wconf 60' lang='grc' dir='ltr'>εὖλαὸῶη</span> 
     </span>
    </p>
   </div>
   <div class='ocr_carea' id='block_1_96' title="bbox 2160 4739 3823 4820">
    <p class='ocr_par' dir='ltr' id='par_1_96' title="bbox 2180 4741 3823 4816">
     <span class='ocr_line' id='line_1_96' title="bbox 2180 4741 3823 4816; baseline -0.002 -12"><span class='ocrx_word' id='word_1_631' title='bbox 2180 4745 2334 4816; x_wconf 89' lang='lat' dir='ltr'><strong>data,</strong></span> <span class='ocrx_word' id='word_1_632' title='bbox 2363 4744 2435 4806; x_wconf 67' lang='lat' dir='ltr'><strong>all</strong></span> <span class='ocrx_word' id='word_1_633' title='bbox 2473 4743 2819 4804; x_wconf 89' lang='lat' dir='ltr'><strong>eorumdem</strong></span> <span class='ocrx_word' id='word_1_634' title='bbox 2845 4750 3282 4804; x_wconf 85' lang='lat' dir='ltr'><strong>sacrosanctam</strong></span> <span class='ocrx_word' id='word_1_635' title='bbox 3324 4759 3396 4802; x_wconf 82' lang='lat' dir='ltr'><strong>ex</strong></span> <span class='ocrx_word' id='word_1_636' title='bbox 3420 4741 3617 4801; x_wconf 87' lang='lat' dir='ltr'><strong>divino</strong></span> <span class='ocrx_word' id='word_1_637' title='bbox 3646 4741 3823 4800; x_wconf 88' lang='lat' dir='ltr'><strong>insti-</strong></span> 
     </span>
    </p>
   </div>
   <div class='ocr_carea' id='block_1_97' title="bbox 439 4829 2072 4914">
    <p class='ocr_par' dir='ltr' id='par_1_97' title="bbox 439 4829 2072 4914">
     <span class='ocr_line' id='line_1_97' title="bbox 439 4829 2072 4914; baseline 0.002 -28"><span class='ocrx_word' id='word_1_638' title='bbox 439 4851 498 4886; x_wconf 86' lang='grc' dir='ltr'><strong>τε</strong></span> <span class='ocrx_word' id='word_1_639' title='bbox 527 4829 640 4906; x_wconf 77' lang='grc' dir='ltr'>ἅμα</span> <span class='ocrx_word' id='word_1_640' title='bbox 694 4829 781 4885; x_wconf 82' lang='grc' dir='ltr'><strong>καὶ</strong></span> <span class='ocrx_word' id='word_1_641' title='bbox 811 4831 1128 4906; x_wconf 81' lang='grc' dir='ltr'>ἱεραρχικῶς</span> <span class='ocrx_word' id='word_1_642' title='bbox 1181 4832 1319 4900; x_wconf 73' lang='grc' dir='ltr'>μετὰ</span> <span class='ocrx_word' id='word_1_643' title='bbox 1369 4833 1490 4894; x_wconf 82' lang='grc' dir='ltr'>τοὺς</span> <span class='ocrx_word' id='word_1_644' title='bbox 1548 4833 1716 4911; x_wconf 78' lang='grc' dir='ltr'>ἱεροὺς</span> <span class='ocrx_word' id='word_1_645' title='bbox 1749 4840 1855 4890; x_wconf 86' lang='grc' dir='ltr'><strong>τῶν</strong></span> <span class='ocrx_word' id='word_1_646' title='bbox 1909 4839 2072 4914; x_wconf 78' lang='grc' dir='ltr'>θεουρ‹</span> 
     </span>
    </p>
   </div>
   <div class='ocr_carea' id='block_1_98' title="bbox 2160 4829 3831 4914">
    <p class='ocr_par' dir='ltr' id='par_1_98' title="bbox 2181 4829 3831 4913">
     <span class='ocr_line' id='line_1_98' title="bbox 2181 4829 3831 4913; baseline -0.002 -19"><span class='ocrx_word' id='word_1_647' title='bbox 2181 4841 2300 4894; x_wconf 90' lang='lat' dir='ltr'><strong>tuto</strong></span> <span class='ocrx_word' id='word_1_648' title='bbox 2319 4831 2585 4913; x_wconf 87' lang='lat' dir='ltr'><strong>procedit</strong></span> <span class='ocrx_word' id='word_1_649' title='bbox 2607 4831 3146 4905; x_wconf 83' lang='lat' dir='ltr'><strong>consecrationem;</strong></span> <span class='ocrx_word' id='word_1_650' title='bbox 3173 4829 3454 4908; x_wconf 83' lang='lat' dir='ltr'><strong>quocirca</strong></span> <span class='ocrx_word' id='word_1_651' title='bbox 3484 4839 3831 4891; x_wconf 84' lang='lat' dir='ltr'><strong>reverenter</strong></span> 
     </span>
    </p>
   </div>
   <div class='ocr_carea' id='block_1_99' title="bbox 440 4916 2072 5000">
    <p class='ocr_par' dir='ltr' id='par_1_99' title="bbox 440 4916 2061 5000">
     <span class='ocr_line' id='line_1_99' title="bbox 440 4916 2061 5000; baseline 0.004 -26"><span class='ocrx_word' id='word_1_652' title='bbox 440 4925 572 4997; x_wconf 80' lang='grc' dir='ltr'>γιῶν</span> <span class='ocrx_word' id='word_1_653' title='bbox 612 4916 803 4992; x_wconf 72' lang='grc' dir='ltr'>ὕμνους</span> <span class='ocrx_word' id='word_1_654' title='bbox 855 4917 985 4993; x_wconf 79' lang='grc' dir='ltr'>ὑπὲρ</span> <span class='ocrx_word' id='word_1_655' title='bbox 1046 4922 1146 4984; x_wconf 82' lang='grc' dir='ltr'><strong>τῆς</strong></span> <span class='ocrx_word' id='word_1_656' title='bbox 1201 4919 1330 4996; x_wconf 73' lang='grc' dir='ltr'>ὑπὲρ</span> <span class='ocrx_word' id='word_1_657' title='bbox 1395 4920 1548 4977; x_wconf 73' lang='grc' dir='ltr'>αὗτὸν</span> <span class='ocrx_word' id='word_1_658' title='bbox 1606 4924 1897 5000; x_wconf 75' lang='grc' dir='ltr'>ἱερουργίας</span> <span class='ocrx_word' id='word_1_659' title='bbox 1956 4925 2061 4980; x_wconf 79' lang='grc' dir='ltr'><strong>ἀπο</strong></span> 
     </span>
    </p>
   </div>
   <div class='ocr_carea' id='block_1_100' title="bbox 2160 4916 3828 5000">
    <p class='ocr_par' dir='ltr' id='par_1_100' title="bbox 2179 4918 3828 4999">
     <span class='ocr_line' id='line_1_100' title="bbox 2179 4918 3828 4999; baseline -0.002 -16"><span class='ocrx_word' id='word_1_660' title='bbox 2179 4921 2380 4995; x_wconf 87' lang='lat' dir='ltr'><strong>simul,</strong></span> <span class='ocrx_word' id='word_1_661' title='bbox 2410 4934 2468 4982; x_wconf 89' lang='lat' dir='ltr'><strong>et</strong></span> <span class='ocrx_word' id='word_1_662' title='bbox 2501 4934 2562 4980; x_wconf 91' lang='lat' dir='ltr'><strong>ut</strong></span> <span class='ocrx_word' id='word_1_663' title='bbox 2584 4919 2923 4999; x_wconf 84' lang='lat' dir='ltr'><strong>pontificem</strong></span> <span class='ocrx_word' id='word_1_664' title='bbox 2951 4921 3144 4994; x_wconf 87' lang='lat' dir='ltr'><strong>decet,</strong></span> <span class='ocrx_word' id='word_1_665' title='bbox 3174 4927 3304 4999; x_wconf 88' lang='lat' dir='ltr'><strong>post</strong></span> <span class='ocrx_word' id='word_1_666' title='bbox 3336 4937 3534 4979; x_wconf 87' lang='lat' dir='ltr'><strong>sacras</strong></span> <span class='ocrx_word' id='word_1_667' title='bbox 3565 4919 3697 4980; x_wconf 85' lang='lat' dir='ltr'><strong>illas</strong></span> <span class='ocrx_word' id='word_1_668' title='bbox 3731 4918 3828 4980; x_wconf 90' lang='lat' dir='ltr'><strong>di-</strong></span> 
     </span>
    </p>
   </div>
   <div class='ocr_carea' id='block_1_101' title="bbox 443 5006 2072 5090">
    <p class='ocr_par' dir='ltr' id='par_1_101' title="bbox 443 5006 2072 5086">
     <span class='ocr_line' id='line_1_101' title="bbox 443 5006 2072 5086; baseline 0.001 -22"><span class='ocrx_word' id='word_1_669' title='bbox 443 5007 686 5086; x_wconf 80' lang='grc' dir='ltr'>λογεϊται</span> <span class='ocrx_word' id='word_1_670' title='bbox 722 5051 740 5082; x_wconf 87' lang='grc'><strong>,</strong></span> <span class='ocrx_word' id='word_1_671' title='bbox 836 5006 1090 5084; x_wconf 84' lang='grc' dir='ltr'>πρότερον</span> <span class='ocrx_word' id='word_1_672' title='bbox 1175 5009 1326 5086; x_wconf 84' lang='grc' dir='ltr'>ἱερῶς</span> <span class='ocrx_word' id='word_1_673' title='bbox 1405 5012 1558 5066; x_wconf 78' lang='grc' dir='ltr'>αυτὸν</span> <span class='ocrx_word' id='word_1_674' title='bbox 1659 5009 1895 5068; x_wconf 79' lang='grc' dir='ltr'>ἀναϐοῶν</span> <span class='ocrx_word' id='word_1_675' title='bbox 1932 5061 1945 5075; x_wconf 89' lang='grc'><strong>,</strong></span> <span class='ocrx_word' id='word_1_676' title='bbox 2021 5015 2072 5068; x_wconf 64' lang='grc' dir='ltr'><strong>Σὲ</strong></span> 
     </span>
    </p>
   </div>
   <div class='ocr_carea' id='block_1_102' title="bbox 2160 5006 3827 5090">
    <p class='ocr_par' dir='ltr' id='par_1_102' title="bbox 2179 5007 3827 5090">
     <span class='ocr_line' id='line_1_102' title="bbox 2179 5007 3827 5090; baseline -0.001 -18"><span class='ocrx_word' id='word_1_677' title='bbox 2179 5013 2446 5072; x_wconf 91' lang='lat' dir='ltr'><strong>vinorum</strong></span> <span class='ocrx_word' id='word_1_678' title='bbox 2472 5027 2721 5090; x_wconf 88' lang='lat' dir='ltr'><strong>Operum</strong></span> <span class='ocrx_word' id='word_1_679' title='bbox 2757 5009 2982 5082; x_wconf 88' lang='lat' dir='ltr'><strong>laudes,</strong></span> <span class='ocrx_word' id='word_1_680' title='bbox 3018 5009 3092 5071; x_wconf 92' lang='lat' dir='ltr'><strong>de</strong></span> <span class='ocrx_word' id='word_1_681' title='bbox 3139 5007 3433 5070; x_wconf 81' lang='lat' dir='ltr'><strong>sacriﬁcio</strong></span> <span class='ocrx_word' id='word_1_682' title='bbox 3475 5008 3827 5086; x_wconf 82' lang='lat' dir='ltr'><strong>dignitatem</strong></span> 
     </span>
    </p>
   </div>
   <div class='ocr_carea' id='block_1_103' title="bbox 442 5097 2072 5181">
    <p class='ocr_par' dir='ltr' id='par_1_103' title="bbox 442 5097 2066 5178">
     <span class='ocr_line' id='line_1_103' title="bbox 442 5097 2066 5178; baseline 0.002 -24"><span class='ocrx_word' id='word_1_683' title='bbox 442 5097 630 5157; x_wconf 72' lang='grc' dir='ltr'>εἶπας*</span> <span class='ocrx_word' id='word_1_684' title='bbox 716 5101 888 5153; x_wconf 82' lang='grc' dir='ltr'>Τοῦτο</span> <span class='ocrx_word' id='word_1_685' title='bbox 975 5109 1178 5153; x_wconf 80' lang='grc' dir='ltr'>ποιεῖτε</span> <span class='ocrx_word' id='word_1_686' title='bbox 1260 5099 1333 5162; x_wconf 82' lang='grc' dir='ltr'><strong>εἰς</strong></span> <span class='ocrx_word' id='word_1_687' title='bbox 1392 5099 1490 5166; x_wconf 77' lang='grc' dir='ltr'><strong>τὴν</strong></span> <span class='ocrx_word' id='word_1_688' title='bbox 1572 5100 1687 5176; x_wconf 81' lang='grc' dir='ltr'>ἐμὶν</span> <span class='ocrx_word' id='word_1_689' title='bbox 1772 5101 2066 5178; x_wconf 73' lang='grc' dir='ltr'>ἀνάμνησιν</span> 
     </span>
    </p>
   </div>
   <div class='ocr_carea' id='block_1_104' title="bbox 2160 5097 3828 5181">
    <p class='ocr_par' dir='ltr' id='par_1_104' title="bbox 2178 5098 3828 5181">
     <span class='ocr_line' id='line_1_104' title="bbox 2178 5098 3828 5181; baseline -0.002 -18"><span class='ocrx_word' id='word_1_690' title='bbox 2178 5119 2342 5163; x_wconf 89' lang='lat' dir='ltr'><strong>suam</strong></span> <span class='ocrx_word' id='word_1_691' title='bbox 2368 5109 2690 5181; x_wconf 87' lang='lat' dir='ltr'><strong>superante</strong></span> <span class='ocrx_word' id='word_1_692' title='bbox 2721 5117 2784 5160; x_wconf 91' lang='lat' dir='ltr'><strong>se</strong></span> <span class='ocrx_word' id='word_1_693' title='bbox 2817 5107 3045 5180; x_wconf 79' lang='lat' dir='ltr'><strong>purgat,</strong></span> <span class='ocrx_word' id='word_1_694' title='bbox 3079 5099 3149 5160; x_wconf 90' lang='lat' dir='ltr'><strong>ad</strong></span> <span class='ocrx_word' id='word_1_695' title='bbox 3180 5098 3474 5162; x_wconf 81' lang='lat' dir='ltr'><strong>Christum</strong></span> <span class='ocrx_word' id='word_1_696' title='bbox 3521 5099 3685 5179; x_wconf 87' lang='lat' dir='ltr'><strong>prius</strong></span> <span class='ocrx_word' id='word_1_697' title='bbox 3714 5117 3828 5160; x_wconf 79' lang='lat' dir='ltr'><strong>ex-</strong></span> 
     </span>
    </p>
   </div>
   <div class='ocr_carea' id='block_1_105' title="bbox 525 5255 1567 5334">
    <p class='ocr_par' dir='ltr' id='par_1_105' title="bbox 525 5255 1567 5334">
     <span class='ocr_line' id='line_1_105' title="bbox 525 5255 1567 5334; baseline 0.005 -16"><span class='ocrx_word' id='word_1_698' title='bbox 525 5259 546 5301; x_wconf 70' lang='grc' dir='ltr'><strong>ί</strong></span> <span class='ocrx_word' id='word_1_699' title='bbox 570 5255 750 5318; x_wconf 89' lang='lat' dir='ltr'><strong>Hebr.</strong></span> <span class='ocrx_word' id='word_1_700' title='bbox 783 5271 861 5330; x_wconf 89' lang='lat' dir='ltr'><strong>Iv,</strong></span> <span class='ocrx_word' id='word_1_701' title='bbox 900 5255 992 5319; x_wconf 83' lang='grc'><strong>15.</strong></span> <span class='ocrx_word' id='word_1_702' title='bbox 1062 5269 1092 5312; x_wconf 71' lang='grc' dir='ltr'><strong>ε</strong></span> <span class='ocrx_word' id='word_1_703' title='bbox 1122 5259 1257 5318; x_wconf 88' lang='lat' dir='ltr'><strong>Luc.</strong></span> <span class='ocrx_word' id='word_1_704' title='bbox 1292 5275 1432 5334; x_wconf 80' lang='lat' dir='ltr'><strong>xm,</strong></span> <span class='ocrx_word' id='word_1_705' title='bbox 1470 5259 1567 5323; x_wconf 82' lang='lat'><strong>19.</strong></span> 
     </span>
    </p>
   </div>
   <div class='ocr_carea' id='block_1_106' title="bbox 1783 5413 2498 5480">
    <p class='ocr_par' dir='ltr' id='par_1_106' title="bbox 1783 5413 2498 5480">
     <span class='ocr_line' id='line_1_106' title="bbox 1783 5413 2498 5480; baseline 0.004 -6"><span class='ocrx_word' id='word_1_706' title='bbox 1783 5413 2035 5479; x_wconf 69' lang='lat' dir='ltr'><strong>VARI/13</strong></span> <span class='ocrx_word' id='word_1_707' title='bbox 2065 5416 2498 5480; x_wconf 71' lang='lat' dir='ltr'><strong>LECTlONES.</strong></span> 
     </span>
    </p>
   </div>
   <div class='ocr_carea' id='block_1_107' title="bbox 524 5597 3825 5676">
    <p class='ocr_par' dir='ltr' id='par_1_107' title="bbox 524 5597 3825 5676">
     <span class='ocr_line' id='line_1_107' title="bbox 524 5597 3825 5676; baseline 0.002 -22"><span class='ocrx_word' id='word_1_708' title='bbox 524 5597 575 5642; x_wconf 65' lang='grc' dir='ltr'><strong><em>Μ</em></strong></span> <span class='ocrx_word' id='word_1_709' title='bbox 608 5598 988 5671; x_wconf 76' lang='grc' dir='ltr'>ἐνεπεπτώκει,</span> <span class='ocrx_word' id='word_1_710' title='bbox 1023 5599 1127 5661; x_wconf 89' lang='lat' dir='ltr'><strong>Ch.</strong></span> <span class='ocrx_word' id='word_1_711' title='bbox 1161 5600 1517 5676; x_wconf 74' lang='grc' dir='ltr'>ἒκπεπτώκει,</span> <span class='ocrx_word' id='word_1_712' title='bbox 1553 5603 1630 5662; x_wconf 89' lang='grc' dir='ltr'><strong>Μ.</strong></span> <span class='ocrx_word' id='word_1_713' title='bbox 1665 5601 1726 5664; x_wconf 85' lang='lat' dir='ltr'><strong>S.</strong></span> <span class='ocrx_word' id='word_1_714' title='bbox 1761 5605 1829 5666; x_wconf 89' lang='lat' dir='ltr'><strong>B.</strong></span> <span class='ocrx_word' id='word_1_715' title='bbox 1891 5601 1944 5646; x_wconf 61' lang='grc'><strong>⁸2</strong></span> <span class='ocrx_word' id='word_1_716' title='bbox 1976 5607 2432 5675; x_wconf 62' lang='grc' dir='ltr'>μετασκευάσαι-α,</span> <span class='ocrx_word' id='word_1_717' title='bbox 2470 5603 2533 5667; x_wconf 83' lang='lat' dir='ltr'><strong>S.</strong></span> <span class='ocrx_word' id='word_1_718' title='bbox 2591 5602 2653 5664; x_wconf 77' lang='grc' dir='ltr'><strong>Ρ.</strong></span> <span class='ocrx_word' id='word_1_719' title='bbox 2691 5601 2760 5665; x_wconf 82' lang='grc' dir='ltr'><strong>Ῑ).</strong></span> <span class='ocrx_word' id='word_1_720' title='bbox 2797 5605 2900 5667; x_wconf 75' lang='lat' dir='ltr'><strong>Cll.</strong></span> <span class='ocrx_word' id='word_1_721' title='bbox 2941 5603 3069 5668; x_wconf 66' lang='grc' dir='ltr'><strong>δᾶν.</strong></span> <span class='ocrx_word' id='word_1_722' title='bbox 3107 5613 3162 5666; x_wconf 91' lang='lat' dir='ltr'><strong>et</strong></span> <span class='ocrx_word' id='word_1_723' title='bbox 3193 5605 3358 5665; x_wconf 88' lang='lat' dir='ltr'><strong>Vien.</strong></span> <span class='ocrx_word' id='word_1_724' title='bbox 3435 5599 3488 5642; x_wconf 67' lang='lat'><strong>‘3</strong></span> <span class='ocrx_word' id='word_1_725' title='bbox 3517 5600 3825 5668; x_wconf 66' lang='grc' dir='ltr'>ὓποθεῗξπσαι</span> 
     </span>
    </p>
   </div>
   <div class='ocr_carea' id='block_1_108' title="bbox 445 5677 2864 5768">
    <p class='ocr_par' dir='ltr' id='par_1_108' title="bbox 445 5677 2864 5768">
     <span class='ocr_line' id='line_1_108' title="bbox 445 5677 2864 5768; baseline -0 -22"><span class='ocrx_word' id='word_1_726' title='bbox 445 5684 514 5746; x_wconf 86' lang='grc' dir='ltr'><strong>Ρ.</strong></span> <span class='ocrx_word' id='word_1_727' title='bbox 549 5679 619 5746; x_wconf 84' lang='grc' dir='ltr'><strong>Β.</strong></span> <span class='ocrx_word' id='word_1_728' title='bbox 691 5677 747 5723; x_wconf 67' lang='grc'>⁴⁴</span> <span class='ocrx_word' id='word_1_729' title='bbox 773 5677 1091 5760; x_wconf 81' lang='grc' dir='ltr'>θεολογίαις,</span> <span class='ocrx_word' id='word_1_730' title='bbox 1125 5680 1190 5743; x_wconf 86' lang='grc' dir='ltr'><strong>Ρ.</strong></span> <span class='ocrx_word' id='word_1_731' title='bbox 1266 5679 1320 5726; x_wconf 64' lang='grc'><strong>⁸⁵</strong></span> <span class='ocrx_word' id='word_1_732' title='bbox 1347 5688 1501 5739; x_wconf 79' lang='grc' dir='ltr'>τοῦτο</span> <span class='ocrx_word' id='word_1_733' title='bbox 1531 5685 1652 5762; x_wconf 73' lang='grc' dir='ltr'>γάρ,</span> <span class='ocrx_word' id='word_1_734' title='bbox 1687 5680 1794 5746; x_wconf 80' lang='lat' dir='ltr'><strong>Cll.</strong></span> <span class='ocrx_word' id='word_1_735' title='bbox 1827 5687 1900 5748; x_wconf 85' lang='grc' dir='ltr'><strong>Ι).</strong></span> <span class='ocrx_word' id='word_1_736' title='bbox 1949 5683 2009 5747; x_wconf 85' lang='lat' dir='ltr'><strong>S.</strong></span> <span class='ocrx_word' id='word_1_737' title='bbox 2044 5683 2113 5747; x_wconf 88' lang='lat' dir='ltr'><strong>B.</strong></span> <span class='ocrx_word' id='word_1_738' title='bbox 2189 5685 2242 5729; x_wconf 69' lang='grc'><strong>4⁸</strong></span> <span class='ocrx_word' id='word_1_739' title='bbox 2268 5701 2506 5768; x_wconf 71' lang='grc' dir='ltr'>νοητοῖς,</span> <span class='ocrx_word' id='word_1_740' title='bbox 2542 5683 2603 5747; x_wconf 83' lang='lat' dir='ltr'><strong>S.</strong></span> <span class='ocrx_word' id='word_1_741' title='bbox 2639 5683 2703 5747; x_wconf 85' lang='grc' dir='ltr'><strong>Ρ.</strong></span> <span class='ocrx_word' id='word_1_742' title='bbox 2738 5686 2864 5747; x_wconf 90' lang='lat' dir='ltr'><strong>Sar.</strong></span> 
     </span>
    </p>
   </div>
  </div>
