4150 6158
334 340 452 410 443

1502 352 1563 415 S.
1627 352 1972 416 DIONYSII
2019 350 2549 417 AREOPAGIT/E.

3597 354 3711 418 444

343 482 677 550 clamando:
703 485 790 549 Tu
809 486 1030 551 dixisti:
1059 488 1183 552 Hoc
1197 487 1381 569 facite
1394 492 1462 551 in
1490 505 1685 551 meam
1711 504 1974 551 comme-

2062 489 2200 547 Εἶτα
2249 494 2349 557 τῆς
2377 486 2702 565 θεομιμήτου
2745 484 2939 555 ταύτης
2968 486 3260 566 ἱερουργίαις
3302 485 3446 554 ἄξιος
3490 489 3715 560 αἰτήσας

343 577 803 642 morationemh.
838 579 1150 642 Postulans
1176 578 1393 643 deinde
1414 578 1527 640 hoc
1557 597 1648 639 sar
1660 576 1851 639 rilicio
1875 577 1982 640 Dei

336 664 664 730 imitatione
686 667 900 749 dignus
923 668 1099 745 efﬁci,
1129 687 1239 731 nec
1261 687 1379 731 non
1405 668 1733 731 secundum
1757 667 1982 731 Christi

333 754 785 820 similitudinem
832 758 1031 821 divina
1062 757 1390 839 celebrare,
1425 763 1792 835 omninoque
1832 775 1980 838 pure

331 842 713 928 distribuere,
748 866 971 928 eosque
1003 849 1105 931 qui
1135 866 1440 912 sacrorum
1473 847 1657 910 futuri
1684 855 1820 910 sunt
1847 864 1981 929 par-

339 933 548 1017 ticipes
562 938 1230 1018 mysteriorum,iisdem
1263 938 1440 1018 digne
1465 948 1790 1018 sancteque
1819 956 1981 999 com-

336 1024 645 1088 municare
690 1027 1058 1091 divinissima
1108 1028 1210 1091 illa
1268 1028 1542 1110 mysteria
1599 1028 1888 1100 celebrat,
1923 1036 1981 1089 et

322 1113 447 1194 jam
479 1116 967 1198 consecrata,sub
992 1117 1277 1199 symbolis
1311 1117 1632 1199 propositis
1664 1118 1784 1181 ritu
1813 1135 1980 1180 sacro

329 1203 570 1267 visenda
603 1207 925 1287 proponit;
983 1207 1278 1289 siquidem
1313 1215 1521 1289 operto
1554 1206 1977 1290 individuoque

329 1309 480 1372 pane
501 1294 782 1370 revelato,
802 1305 861 1359 et
883 1297 943 1358 in
974 1296 1158 1358 multa
1178 1297 1390 1369 diviso,
1427 1298 1829 1379 singularique
1873 1316 1977 1360 ca-

326 1380 445 1445 lice
473 1383 753 1447 omnibus
782 1386 1395 1468 impertito,unitaten.
1420 1386 1745 1468 symbolice
1769 1387 1975 1448 multi-

329 1472 507 1553 plicat
558 1472 1004 1553 distribuitque,
1070 1485 1516 1540 sacrosanctum
1590 1477 1653 1538 in
1710 1477 1782 1538 iis
1846 1478 1976 1538 t97

326 1560 686 1625 sacriﬁcium
721 1566 1220 1629 consummando.
1255 1564 1512 1630 Unicum
1547 1568 1705 1628 enim
1732 1566 1877 1629 illud
1908 1585 1978 1628 ac

326 1650 580 1733 simplex
609 1672 1010 1737 arcanumque
1043 1658 1180 1719 Jesu
1212 1656 1476 1719 Verbum
1536 1656 1975 1718 divinissimum

328 1760 437 1822 per
485 1745 951 1825 assumptionem
984 1746 1370 1809 humanitatis
1400 1754 1618 1807 nostrae
1640 1746 1698 1809 in
1724 1765 1975 1826 compo-

2062 579 2325 659 γενέσθαι,
2358 581 2446 636 καὶ
2503 584 2571 655 τῇ
2616 580 2752 656 πρὸς
2809 579 2965 635 αὐτὸν
2994 574 3048 620 ⁸⁷
3105 578 3334 657 Χριστὸν
3388 578 3713 659 ἀφόμοιώσει

2063 668 2130 724 τὰ
2177 671 2298 725 θεῖα
2351 666 2585 738 τελέσαι,
2632 668 2721 724 καὶ
2784 665 3045 724 διαδοῦναι
3112 669 3417 747 πάνάγνως,
3449 669 3539 726 καὶ
3592 670 3715 736 τοὺς

2061 760 2168 813 τῶν
2211 759 2364 836 ἶερῶν
2408 754 2719 832 μεθέξοντας
2769 760 3095 836 ἱεροπρεπῶς
3148 762 3474 839 μετασχεῖν,
3507 762 3716 839 ἱερουρ-

2062 859 2154 925 γεῖ
2200 847 2265 903 τὰ
2292 846 2562 922 θειότατα,
2609 848 2698 905 καὶ
2728 845 2819 903 ὑπ’
2867 845 2992 923 ὄψιν
3036 847 3154 926 ἄγει
3199 847 3264 904 τὰ
3306 847 3585 926 ὕμνημένα
3632 847 3719 907 διὰ

2059 939 2167 995 τῶν
2223 938 2374 1014 ἱερῶς
2445 936 2809 1015 προκειμένων
2870 935 3172 1013 συμϐόλων
3234 938 3326 996 τὸν
3389 939 3491 1018 γὰρ
3551 937 3715 1018 ὶγκε-

2069 1025 2398 1103 ιιαλυμμένον
2456 1029 2542 1084 καὶ
2613 1026 2905 1106 ἀδιαίρετον
2963 1025 3119 1107 ἄρτον
3182 1024 3556 1105 ἀνακαλύψας,
3628 1022 3719 1087 καὶ

2063 1118 2137 1178 εἰς
2194 1114 2367 1173 πολλὰ
2398 1114 2607 1191 διελὼν,
2645 1118 2732 1174 καὶ
2776 1118 2837 1172 τὸ
2897 1115 3099 1173 ἔνιαῖον
3149 1122 3242 1173 τοῦ
3272 1122 3527 1196 ποτηρίου
3587 1124 3719 1177 πᾶσι

2061 1206 2440 1285 καταμερίσας,
2497 1204 2833 1281 συμϐολικῶς
2891 1206 2988 1274 τὴν
3041 1203 3270 1273 ἑνότητα
3331 1205 3585 1275 πληθύνει
3635 1206 3714 1286 ‘3,

2060 1297 2150 1352 καὶ
2231 1294 2489 1372 διανέμει,
2551 1296 2960 1376 παναγεστάτην
3039 1295 3094 1352 ὲν
3160 1297 3367 1362 τούτοις
3424 1300 3715 1377 ἱερουργίαν

2058 1383 2249 1448 τελῶν,
2313 1388 2385 1444 Τὸ
2441 1387 2541 1466 γὰρ
2592 1387 2647 1443 ἓν
2717 1387 2803 1443 καὶ
2865 1385 3065 1443 ἁπλοῦν
3120 1389 3204 1443 καὶ
3261 1388 3477 1466 κρύφιον
3534 1387 3718 1457 Ἰησοῦ

2059 1482 2153 1532 τοῦ
2208 1477 2644 1556 θεαρχικωτάτου
2675 1474 2836 1553 λόγου
2865 1482 2933 1553 τῇ
2977 1475 3093 1532 καθ’
3127 1478 3272 1551 ἡμᾶς
3320 1475 3715 1556 ένανθρωπήσει

2060 1565 2191 1643 πρός
2239 1566 2299 1623 τὸ
2328 1565 2572 1622 σύνθετόν
2630 1585 2685 1621 τε
2718 1567 2804 1621 καὶ
2847 1564 3033 1643 ὁρατόν
3064 1563 3437 1629 ἀναλλοιιύτως
3464 1564 3521 1611 ίο
3568 1567 3715 1646 ἀγα-

2060 1655 2242 1721 θότητι
2301 1656 2390 1711 καὶ
2459 1653 2819 1733 φιλανθρωπίᾳ
2874 1651 3199 1732 προελήλυθε
3254 1656 3343 1712 καὶ
3399 1657 3500 1725 τὴν
3574 1658 3707 1734 πρὸς

2062 1746 2217 1803 αὐτὸν
2266 1746 2420 1819 ἡμῶν
2454 1745 2697 1801 ἑνοποιὸν
2745 1745 3023 1801 κοινωνίαν
3063 1742 3402 1824 ἀγαθουργῶς
3450 1744 3713 1825 διεπραγ-

325 1831 603 1894 sitionem
628 1835 803 1896 simul
838 1844 895 1897 et
916 1847 1252 1918 aspectum,
1274 1837 1405 1897 sine
1425 1836 1544 1897 ulla
1575 1842 1663 1897 sui
1694 1837 1974 1898 immuta-

2065 1834 2388 1909 ματεύσατο,
2449 1835 2516 1891 τὰ
2580 1833 2695 1891 καθ’
2754 1836 2898 1910 ἡμᾶς
2955 1835 3178 1889 ταπεινὰ
3240 1848 3359 1898 τοῖς
3422 1835 3716 1900 θειοτάτοις

328 1921 493 1985 tione
542 1941 648 2005 pro
681 1942 788 1987 sua
822 1923 1086 1989 bonitate
1133 1926 1621 2007 benignitateque
1667 1928 1973 2006 processit,

327 2014 632 2094 nostrique
653 2033 857 2078 secum
889 2016 1167 2078 uniﬁcam
1200 2018 1687 2078 communionem
1707 2015 1980 2078 beneﬁce

327 2103 779 2185 excogitavit,ea
804 2124 935 2186 quae
965 2107 1028 2167 in
1061 2105 1234 2168 nobis
1263 2106 1512 2168 humilia
1541 2116 1681 2168 sunt
1722 2106 1979 2168 divinis-

328 2192 497 2254 simis
528 2193 653 2255 suis
675 2195 893 2258 uuiens
925 2196 1322 2277 excellentiis,
1355 2204 1420 2257 ut
1447 2205 1506 2258 et
1535 2215 1645 2258 nos
1673 2196 1809 2277 ipsi,
1844 2203 1980 2258 tan-

326 2295 501 2353 quam
532 2284 789 2343 membra
821 2286 1070 2358 corpori,
1095 2300 1198 2358 per
1222 2286 1476 2359 ejusdem
1510 2285 1887 2344 immaculata;
1914 2298 1981 2343 ac

327 2370 543 2435 divinas
574 2372 1098 2438 vitasidentitatem
1135 2394 1554 2456 congruamus,
1581 2394 1657 2438 ne
1679 2375 1976 2457 corrupti-

327 2460 546 2525 bilibus
571 2464 765 2526 necati
785 2464 1185 2545 passionibus,
1209 2466 1425 2528 divinis
1446 2466 1576 2528 istis
1606 2466 1976 2528 sanissimis-

2063 1929 2219 1983 αὐτοῦ
2276 1925 2396 1981 κατ’
2442 1924 2598 2002 ἄκρον
2638 1925 2862 1998 ἐνώσας,
2908 1925 3063 2000 εἴπερ
3110 1927 3196 1982 καὶ
3244 1927 3408 2001 ἡμεῖς
3454 1928 3527 1989 ὡς
3574 1924 3716 2001 μέλη

2062 2015 2268 2090 σώματι
2323 2014 2388 2066 50
2435 2014 2988 2094 συναρμολογηθῶμεν
3034 2019 3197 2096 αὐτῷ,
3245 2016 3381 2073 κατὰ
3425 2017 3481 2073 τὸ
3525 2015 3718 2072 ταύτὸν

2062 2108 2159 2170 τῆς
2191 2102 2471 2173 ἀλωϐήτου
2524 2106 2611 2161 καὶ
2658 2106 2798 2168 θείας
2850 2105 3017 2185 ζωῆς,
3065 2107 3153 2162 ναὶ
3209 2106 3288 2180 μὴ
3344 2117 3464 2168 τοῖς
3519 2109 3715 2186 φθορο-

2063 2196 2243 2256 ποιοῖς
2326 2194 2513 2250 πάθεσι
2588 2194 3073 2274 κατανεοιρωθὲντες
3107 2242 3124 2275 ,
3202 2194 3524 2272 ἀνάρμοστοι
3606 2192 3706 2251 καῖ

2064 2281 2351 2351 ἀκολλητοι
2411 2286 2497 2341 καὶ
2528 2282 2754 2356 ἂσύζωοι
2810 2285 3085 2363 γενώμεθα
3115 2282 3166 2327 εί
3226 2285 3358 2364 πρὸς
3389 2287 3511 2342 θεῖα
3570 2283 3712 2360 μέλη

2062 2375 2148 2430 καὶ
2176 2373 2461 2452 ὑγιέστατα
2508 2372 2587 2425 59·
2643 2375 2754 2455 χτη
2802 2375 2902 2454 γὰρ
2948 2377 3115 2451 ἡμᾶς,
3152 2377 3195 2432 εἰ
3246 2380 3344 2443 τῆς
3374 2376 3506 2452 πρὸς
3554 2374 3713 2432 αὑτὸν

2062 2463 2311 2541 ἐφιέμεθα
2367 2464 2668 2538 κοινωνίας,
2731 2465 2802 2528 εἷς
2870 2464 2967 2533 τὴν
3021 2466 3297 2532 θειοτάτην
3368 2466 3528 2522 αὐτοῦ
3578 2463 3714 2520 οιατά

327 2571 441 2634 que
464 2554 749 2618 membris
780 2554 1095 2632 incongrui
1120 2555 1376 2635 vitasque
1406 2558 1723 2637 incapaces
1753 2557 1973 2617 exista-

2061 2553 2229 2631 σάρκα
2285 2556 2430 2623 ζωὴν
2489 2553 2909 2631 ἀποσκοπεῦσαι,
2970 2555 3058 2612 καὶ
3114 2560 3182 2632 τῇ
3239 2557 3368 2634 πρὸς
3432 2553 3595 2621 αὐτὴν
3648 2552 3717 2604 5³

324 2660 479 2718 mus;
509 2652 746 2725 oportet
777 2645 936 2706 enim
973 2664 1104 2719 nos,
1140 2646 1189 2708 si
1221 2646 1293 2708 ad
1340 2646 1825 2709 communionem
1845 2646 1974 2726 ejus

2061 2643 2384 2718 ἀφομοιώσει
2430 2643 2527 2711 τῆς
2576 2647 2715 2722 ἱερᾶς
2770 2643 3174 2723 ἀναμαρτησίας
3225 2646 3297 2710 εὶς
3356 2644 3454 2711 τὴν
3496 2641 3703 2711 θεοειδῆ

319 2732 673 2814 aspiramus.
701 2734 1129 2799 divinissimam
1156 2737 1286 2816 ejus
1310 2736 1372 2797 in
1408 2755 1591 2800 carne
1616 2739 1790 2798 vitam
1824 2754 1973 2798 con-

2061 2736 2145 2791 καὶ
2194 2732 2472 2801 ἀλώϐἧτον
2502 2733 2605 2800 ἕξιν
2661 2733 3007 2814 ἀναδραμεῖν*
3054 2737 3191 2793 οὓτω
3235 2736 3333 2814 γὰρ
3378 2733 3701 2813 ἕναρμονίως

323 2822 622 2904 templari,
655 2832 832 2905 atque
856 2835 1120 2887 sanctam
1152 2825 1340 2905 ipsius
1366 2824 1822 2905 impeccantiam
1843 2824 1974 2885 imi-

2061 2826 2193 2898 ἡμῖν
2220 2825 2318 2890 τὴν
2347 2827 2480 2903 πρὸς
2512 2826 2572 2881 τὸ
2603 2824 2794 2901 ὅμοιον
2824 2824 3099 2883 κοινωνίαν
3139 2822 3457 2903 δωρήσεται.

321 2912 522 2987 tando,
555 2915 627 2976 ad
652 2914 1002 2976 deiformem
1036 2922 1097 2976 et
1120 2915 1564 2976 immaculatum
1587 2923 1803 2977 statum
1834 2911 2246 2991 contendere;
2286 2914 2395 2977 hac
2428 2930 2689 2995 namque
2719 2915 2975 2996 ratione,
3008 2920 3186 2994 prout
3207 2913 3378 2977 nobis
3407 2911 3705 2991 congruit,

321 3002 771 3068 similitudinem
805 3020 972 3067 suam
1005 3003 1491 3068 communicabit.
2840 3016 2843 3019 ’

1895 3138 1925 3219 §
1958 3134 2111 3200 XIII.

398 3299 538 3366 H330
575 3299 837 3382 pontifex
867 3301 1050 3365 rebus
1100 3302 1173 3363 iis
1204 3319 1334 3383 quae
1364 3300 1774 3364 sacrificantur
1814 3297 1963 3361 insi-

2134 3309 2306 3361 Ταῦτα
2330 3302 2451 3366 τοῖς
2482 3305 2634 3382 ῐερῶς
2669 3300 2727 3345 5‘
2766 3300 3054 3381 δρωμένοις
3085 3303 3110 3358 ὁ
3142 3301 3401 3383 ἱεράρχης
3435 3300 3701 3382 ἐμφαίνει,

322 3401 486 3473 nuat,
521 3392 663 3454 dum
700 3392 935 3455 obtecta
968 3411 1216 3455 munera
1266 3393 1325 3453 in
1365 3400 1633 3470 apertum
1668 3389 1965 3473 producit,

2061 3392 2114 3448 τὰ
2155 3391 2252 3464 μὲν
2283 3390 2726 3469 ἒγκεκαλυιιμένα
2783 3390 2922 3470 δῶρα
2970 3393 3101 3470 πρὸς
3157 3393 3219 3447 τὸ
3251 3390 3481 3472 ἐμφανὲς
3532 3392 3705 3470 ἄγων,

319 3482 710 3561 ipsorumque
732 3481 1021 3545 unitatem
1049 3483 1109 3544 in
1145 3482 1559 3564 pluratiividit,
1585 3488 1646 3545 et
1679 3500 1784 3560 per
1811 3501 1969 3544 sum-

2082 3480 2392 3537 ὸδλὲτ
2540 3483 2777 3538 θυι
2934 3478 3110 3537 λλπδ
3229 3485 3255 3497 ν
3425 3481 3544 3502 ὀ
3644 3487 3667 3497 -

2061 3504 2076 3535 Ε
2198 3515 2219 3536 -.
2281 3504 2453 3538 νια.ον
2503 3505 2678 3539 αδτων
2734 3504 2807 3544 ες
2860 3503 2931 3538 πο
3004 3503 3037 3538 α
3112 3503 3319 3555 ιαιρων,
3353 3503 3442 3538 και
3482 3503 3551 3558 τῃ
3598 3503 3709 3538 των

321 3586 473 3629 mam
496 3585 689 3629 rerum
715 3571 1154 3631 distributarum
1178 3588 1307 3631 cum
1330 3571 1778 3644 suscipientibus
1800 3572 1969 3628 unio-

2061 3569 2447 3648 διανεμομένων
2504 3574 2635 3650 πρὸς
2688 3573 2753 3629 τὰ
2798 3573 2851 3627 ἐν
2896 3572 2985 3634 οἷς
3031 3570 3264 3649 γίγνεται
3296 3571 3415 3626 κατ’
3461 3569 3620 3649 ἄκρον
3647 3571 3715 3622 55

319 3680 480 3741 nem,
503 3661 848 3725 earumdem
873 3670 1184 3725 consortes
1212 3662 1411 3724 reddit
1433 3681 1534 3723 eos
1559 3661 1661 3742 qui
1690 3680 1962 3722 commu-

316 3753 543 3814 nicant.
583 3752 1052 3815 Describitenim
1087 3753 1178 3814 his
1207 3750 1577 3813 sensibiliter
1606 3752 1747 3812 dum
1775 3751 1833 3811 in
1859 3769 1962 3812 as-

320 3848 554 3924 pectum
577 3840 741 3903 ducit
767 3844 969 3903 Jesum
1003 3842 1328 3915 Christum,
1350 3841 1677 3921 spiritalem
1704 3850 1963 3903 nostram

316 3931 497 3993 veluti
512 3931 570 3993 in
589 3931 851 4011 imagine
866 3932 1155 4013 vitam,ex
1170 3931 1368 3993 abdito
1391 3931 1493 3995 illo
1509 3931 1833 3994 divinitatis
1859 3951 1964 4013 per

316 4020 632 4080 absolutam
655 4031 711 4079 et
732 4020 1088 4079 inconfusam
1115 4023 1488 4080 humanitatis
1508 4036 1722 4081 noszraz
1744 4036 1969 4081 assum-

315 4112 606 4194 ptionem,
638 4111 897 4191 benigne
914 4124 1175 4175 nostram
1205 4113 1859 4192 specieminduentem,
1888 4122 1970 4176 at-

320 4220 435 4284 que
453 4202 524 4264 ad
545 4201 955 4265 dividuitatem
988 4209 1252 4265 nostram
1286 4204 1415 4265 sine
1438 4203 1532 4265 sui
1562 4204 1973 4267 immutatione

318 4310 386 4355 ex
412 4290 640 4356 unitate
663 4292 913 4355 naturali
938 4292 1591 4375 prodeuntem,perque
1612 4293 1766 4357 hanc
1788 4292 1967 4356 bene-

316 4385 488 4446 ﬁcem
520 4382 1006 4464 clementiam,ad
1026 4384 1116 4445 sui
1138 4382 1808 4459 bonorumquesuorum
1841 4403 1974 4464 par.

321 4473 726 4548 ticipationem
779 4490 971 4552 genus
1016 4472 1345 4534 humanum
1399 4472 1771 4552 invitantem,
1829 4474 1969 4536 dum

321 4562 497 4625 modo
546 4561 938 4624 divinissimaa
967 4561 1155 4641 ipsius
1196 4562 1329 4622 vitae
1370 4561 1825 4642 conjungemur,
1862 4583 1971 4645 pro

2052 3661 2262 3741 ἑνώσει,
2295 3663 2585 3727 κοινωνοὺς
2637 3663 2809 3719 αὐτῶν
2852 3658 3130 3718 ἀποτελῶν
3178 3659 3298 3724 τοὺς
3349 3660 3709 3740 μετέχοντας.

2056 3752 2345 3832 Διαγράφει
2379 3752 2478 3828 γὰρ
2536 3751 2590 3807 ἐν
2649 3751 2859 3815 τούτοις
2916 3752 3201 3828 αίσθητῶς,
3236 3748 3325 3805 ὑπ’
3384 3748 3509 3826 ὄψιν
3562 3747 3713 3829 ἄγων

2055 3840 2262 3908 Ἰησοῦν
2314 3842 2407 3897 τὸν
2437 3842 2685 3920 Χριστὸν,
2718 3840 2819 3907 τὴν
2869 3838 3069 3906 νοητὴν
3124 3840 3279 3913 ἡμῶν
3308 3839 3380 3903 ὡς
3437 3837 3492 3894 ἐν
3541 3838 3710 3894 εἰκόσι

2053 3931 2220 4005 ζωὴν,
2254 3930 2314 3986 ἐκ
2361 3932 2455 3987 τοῦ
2485 3931 2623 3987 κατὰ
2654 3931 2745 3985 τὸν
2795 3937 2953 3986 Θεϊον
2983 3925 3050 3978 56
3075 3927 3316 4007 κρυφίου,
3349 3932 3417 3994 τῆ
3449 3925 3711 3984 παντελεῖ

2052 4021 2140 4077 καὶ
2187 4020 2477 4099 ἀσυγχύτῳ
2506 4017 2623 4075 καθ’
2676 4021 2820 4095 ἡμᾶς
2876 4017 3270 4097 ἒνανθρωπήσει
3319 4015 3702 4096 φιλανθρώπως

2054 4111 2106 4178 ἐξ
2163 4113 2317 4187 ἡμῶν
2376 4109 2438 4160 57
2490 4108 2941 4187 εἷδοποιούμενον,
2985 4109 3073 4165 καὶ
3129 4107 3261 4186 πρὸς
3334 4108 3397 4163 τὸ
3453 4106 3699 4184 μεριστὸν

2052 4205 2205 4278 ἡμῶν
2259 4199 2634 4262 ἀναλλοιώτως
2668 4200 2729 4256 ἐκ
2783 4199 2875 4257 τού
2905 4198 3039 4255 κατὰ
3073 4197 3223 4277 φύσιν
3270 4196 3386 4260 ἑνὸς
3417 4197 3696 4275 προϊόντα,

2053 4296 2141 4350 καὶ
2190 4291 2273 4349 διὰ
2314 4298 2414 4360 τῆς
2445 4291 2770 4369 ἀγαθουργοῦ
2814 4289 3011 4355 ταύτης
3055 4286 3447 4368 φιλανθρωπίας
3479 4287 3552 4348 εἰς
3595 4305 3704 4363 με·

2054 4383 2263 4440 τουσίαν
2323 4383 2510 4440 ἑαυτοῦ
2540 4382 2628 4438 διαὶ
2675 4385 2780 4437 τῶν
2831 4378 3036 4436 οἰκείων
3080 4377 3291 4455 ἀγαθῶν
3320 4374 3584 4434 καλοῦντα
3640 4376 3707 4433 τὸ

2055 4472 2375 4551 ἀνθρώπειον
2417 4471 2483 4522 58
2511 4469 2695 4550 φῦλον,
2730 4469 2885 4546 εἴπερ
2939 4469 3219 4542 ἐνωθῶμεν
3250 4469 3408 4525 αὐτου
3440 4468 3508 4543 τῇ
3550 4469 3703 4524 θειο-

2054 4565 2191 4639 τάτῃ
2234 4564 2369 4639 ζωῇ,
2400 4563 2529 4641 πρὸς
2590 4560 2753 4627 αὐτὴν
2799 4558 2864 4609 59
2911 4559 3068 4632 ἡμῶν
3123 4556 3259 4617 κατὰ
3300 4553 3517 4631 δυνάμιν
3563 4556 3707 4635 ἀφο-

318 4650 476 4714 virili
507 4648 664 4712 illam
699 4648 996 4711 imitando
1029 4669 1043 4712 :
1077 4668 1210 4711 nam
1244 4649 1328 4711 sic
1357 4667 1498 4712 vere
1530 4659 1837 4715 consortes
1862 4652 1973 4718 Dei

2061 4653 2303 4733 μοιώσει,
2349 4650 2637 4728 καὶταύτῃ
2690 4651 2825 4729 πρὸς
2872 4646 3125 4717 ἀλήθειαν
3159 4646 3400 4705 κοινωνοὶ
3430 4650 3560 4703 Θεοῦ
3615 4646 3709 4704 καὶ

317 4740 777 4821 divinarumque
808 4754 1012 4802 rerum
1050 4738 1373 4820 participes
1399 4739 1746 4804 reddemur.

2052 4752 2157 4805 τῶν
2180 4742 2331 4800 θείω)
2359 4738 2899 4816 ἀποτελεσθησόμεθα
2925 4733 3013 4798 60.

1893 4912 1922 4992 §
1971 4909 2130 4976 xw.

396 5042 643 5125 Sumpta
672 5045 931 5128 denique
959 5063 1028 5108 ac
1058 5046 1271 5110 tradita
1293 5044 1663 5109 divinissima
1692 5065 1963 5109 commu-

2127 5044 2428 5125 Μετασχὼν
2479 5039 2534 5098 δὲ
2564 5043 2652 5099 καὶ
2703 5039 2960 5118 μεταδοὺς
3013 5044 3111 5107 τῆς
3167 5040 3464 5118 θεαρχικῆς
3496 5058 3699 5094 κοινω-

315 5135 518 5209 nione,
555 5152 675 5198 una
701 5125 851 5198 cum'
868 5136 1050 5199 totius
1080 5136 1361 5202 Ecclesiae
1392 5156 1561 5202 sacra
1588 5136 1961 5221 plenitudine

2061 5138 2180 5212 νίας,
2232 5135 2306 5198 εἷς
2355 5131 2695 5213 εὐχαριστίαν
2748 5132 2891 5211 ἱερὰν
2956 5126 3251 5207 καταλήγει
3296 5126 3434 5203 μετὰ
3499 5125 3698 5189 παντὸς

396 5316 425 5359 1³
451 5316 600 5379 Luc.
636 5331 780 5397 χιιι,
813 5316 913 5380 19.

1639 5410 1740 5473 VA
1750 5409 1909 5474 [{le
1972 5403 2383 5471 LECTIONES

400 5545 455 5591 ιτ
499 5546 589 5605 τόν
620 5544 686 5610 Ρ.
755 5541 811 5589 ⁴⁸
834 5543 1078 5625 πληθύει,
1112 5543 1223 5607 Ch.
1274 5543 1337 5607 S.
1385 5541 1450 5607 P.
1487 5548 1553 5607 Β.
1604 5542 1681 5625 ,ιο
1708 5544 2082 5624 ἀναλλοιώτῳ,
2113 5545 2201 5625 Μ.
2244 5541 2355 5625 Sc._
2507 5535 2805 5625 σώμαιξριςζ
2812 5536 2876 5598 8.
2913 5535 3002 5625 “1;.
3037 5534 3122 5625 ff

317 5627 601 5706 ὑγιέστατα
630 5626 782 5706 lege.
844 5615 1076 5706 πατρὸς
1103 5626 1281 5698 αὐτόν⁹
1317 5627 1392 5687 Μ.
1426 5627 1494 5689 Ρ.
1566 5623 1621 5668 5‘
1647 5629 1813 5706 ἱεροῖς
1852 5628 1936 5688 Μ.
2142 5624 2207 5675 55
2236 5619 2355 5706 κατ’
2389 5615 2737 5706 ﬁnitivum.

3154 5537 3475 5615 γενοίμεθαζ
3530 5530 3587 5615 ξ’
3614 5536 3706 5593 καὶ

2912 5583 3065 5674 εἴτι
3092 5583 3503 5690 θιέἆᾴξὲἱῐῖὲ.
3532 5583 3707 5679 Pii:

317 5694 384 5758 57
413 5711 486 5770 εἰς
520 5709 669 5790 φόσιν
686 5694 877 5786 ipsi»,
911 5694 987 5769 Η.
1022 5704 1122 5771 Sc.
1191 5694 1630 5789 ὅθ’ἀνθρώπινον,
1667 5694 1731 5771 S.
1765 5705 1832 5769 P.
1901 5706 1967 5758 59
1994 5706 2061 5782 τῇ
2093 5706 2223 5784 πρὸς
2268 5699 2457 5779 αὐτήν,
2492 5695 2602 5761 Ch.
2635 5695 2708 5760 D.
2780 5694 2846 5748 50
2875 5696 3373 5772 Ἀποτελισμάτων,
3404 5695 3485 5760 M.
3518 5694 3620 5758 Sc.
