4150 6158
297 362 410 427 445
924 363 1022 424 DE
1065 360 1346 425 ECCLES
1415 359 1865 438 HIERARGH.,
1914 361 2077 422 CAP.
2127 360 2234 422 III.
2287 393 2360 404 —-
2410 360 2768 426 CORDERII
2813 361 3060 423 NOT/E.
3549 358 3666 424 446

293 506 384 557 τοῦ
437 497 533 566 τῆς
587 496 910 564 Ἐκκλησίας
967 500 1106 574 ἱεροῦ
1160 495 1546 575 πληρώματος,
1611 485 1674 553 Ἠ
1729 495 1934 575 μετοχῆ

2024 493 2085 555 in
2117 512 2346 556 sacram
2397 493 2621 557 desinit
2651 495 2971 574 gratiarum
3021 496 3339 560 actionem.
3373 496 3662 561 Caeterum

289 590 387 669 γὰρ
442 588 543 656 τῆς
603 585 939 662 μεταδόσεως
991 589 1233 666 ἡγεῖται,
1265 588 1354 644 καὶ
1392 589 1491 653 τῆς
1523 590 1781 662 μυστικῆς
1812 582 1934 641 δια-

2023 583 2392 665 participatio
2424 585 3056 662 communicationem,
3090 587 3335 670 ipsaque
3359 587 3663 669 perceptio

288 679 566 756 νεμήσεως
619 679 654 745 ἡ
711 676 819 733 τῶν
872 677 1174 756 μυστηρίων
1237 676 1562 752 μετάληψις
1609 675 1741 742 αὕτη
1772 677 1870 754 γὰρ
1901 677 1934 742 ἡ

2023 675 2442 755 mysteriorum
2469 676 2816 736 eorumdem
2841 676 3325 742 distributionem
3355 678 3662 759 mysticam

288 766 547 836 καθολικὴ
606 771 711 824 τῶν
767 767 920 824 θείων
979 767 1233 841 εὖκοσμία
1292 767 1379 823 καὶ
1434 765 1598 846 τάξίς,
1647 770 1856 844 πρῶτον
1881 765 1936 820 ἐν

286 858 539 934 μετουσίᾳ
567 854 807 935 γενέσθαι
839 857 926 913 καὶ
977 854 1361 935 ἀποπληρώσει
1421 858 1514 912 τὸν
1565 857 1704 933 ἱερὸν
1762 859 1934 922 καθη-

284 948 507 1026 γεμόνα,
559 952 666 1002 τῶν
722 942 789 1001 δι’
841 947 1000 1002 αὖτοῦ
1053 945 1230 1003 θεόθεν
1293 945 1492 1025 ἑτέροις
1547 943 1937 1024 δωρηθησομέ-

287 1057 410 1111 νων,
470 1035 612 1094 οὕτω
639 1056 697 1092 τε
728 1035 817 1092 καὶ
847 1033 1029 1094 ἅλλοις
1073 1033 1416 1110 μεταδοῦναι.
1456 1036 1549 1091 Διὸ
1579 1037 1665 1091 καὶ
1695 1047 1816 1097 ταῖς
1849 1037 1939 1091 ὲν-

283 1125 427 1192 θέοις
489 1123 855 1188 διδασκαλίαις
916 1127 962 1182 οἱ
1007 1124 1290 1201 τολμηρῶς
1347 1125 1784 1205 ἀποκεχρημένοι
1838 1126 1940 1204 πρὸ

286 1221 382 1284 τῆς
412 1215 533 1272 κατ’
566 1217 729 1279 αὖτὰς
763 1213 1037 1279 πολιτείας
1070 1217 1158 1272 καὶ
1191 1213 1346 1281 ἕξεως
1375 1216 1569 1294 ἆνίεροι
1627 1217 1715 1272 καὶ
1774 1214 1939 1296 ἔκφυ-

285 1329 362 1363 τοι
391 1304 448 1356 6⁸
483 1305 659 1372 πάντη
689 1311 787 1373 τῆς
819 1307 960 1384 ἱερᾶς
995 1307 1093 1360 εἰσι
1127 1308 1493 1380 θεσμοθεσίας,
1549 1296 1640 1368 Ὠς
1697 1306 1797 1384 γὰρ
1854 1304 1938 1362 ἐπὶ

285 1402 389 1454 τῶν
416 1395 656 1466 ἡλιακῶν
701 1400 1063 1474 μαρμαρυγῶν
1109 1395 1161 1450 αἱ
1219 1393 1533 1474 λεπτότεραι
1589 1395 1683 1451 καὶ
1745 1392 1936 1451 διειδέ-

286 1507 462 1564 στεραι
520 1491 626 1541 τῶν
687 1487 904 1557 οὗσιῶν,
966 1490 1172 1562 πρῶται
1229 1487 1326 1551 τῆς
1386 1484 1688 1563 εἰσρεούσης
1735 1482 1934 1562 αἴγλης

285 1574 786 1653 ἆποπληρούμεναι,
847 1575 906 1630 τὸ
965 1574 1100 1630 κατὰ
1160 1580 1264 1630 πᾶν
1297 1575 1496 1633 ἑαυτῶν
1538 1572 1935 1654 ὑπερχεόμενον

284 1663 345 1714 θὶ
372 1671 483 1745 φῶς
514 1666 587 1728 εἷς
613 1665 679 1720 τὰ
708 1663 826 1738 μετ’
859 1663 1022 1726 αὐτὰς
1053 1662 1333 1731 ἡλιοειδῶς
1386 1665 1826 1743 μετοχετεύουσιν
1854 1661 1929 1706 6³·

287 1756 425 1812 οὕτω
454 1756 543 1811 καὶ
574 1754 712 1811 θείου
740 1755 938 1816 παντὸς
968 1750 1025 1795 οδ
1055 1756 1113 1812 οὔ
1178 1753 1479 1828 τολμητέον
1537 1753 1729 1832 ἑτέροις
1787 1755 1934 1831 ἡγή-

2018 763 2326 825 antecedit
2359 788 2374 842 ;
2411 773 2499 825 est
2525 767 2682 827 enim
2720 766 2826 827 iste
2857 767 3153 845 generalis
3186 785 3385 830 rerum
3418 768 3560 829 ordo
3594 784 3663 828 ac

2024 851 2327 915 distinctio
2387 853 2748 929 divinarum,
2813 865 2876 916 ut
2935 856 3100 936 prius
3133 859 3384 938 ipsemet
3411 857 3661 919 antistes

2023 959 2198 1005 sacer
2225 943 2649 1025 communicet,
2707 963 2777 1006 ac
2835 945 3009 1008 donis
3040 946 3134 1028 iis,
3168 965 3299 1028 quae
3323 965 3428 1028 per
3459 947 3658 1028 ipsum

2025 1034 2258 1094 caeteris
2311 1032 2599 1094 divinitus
2657 1034 3071 1098 distribuenda
3113 1046 3270 1111 sunt,
3307 1037 3572 1111 satietur,
3606 1044 3665 1096 et

2023 1121 2246 1185 deinde
2275 1122 2373 1184 illa
2402 1123 2593 1184 tradat
2620 1123 2774 1187 aliis.
2805 1123 2956 1186 Hinc
2988 1126 3088 1205 qui
3123 1126 3340 1187 divinis
3371 1125 3662 1203 magiste-

2025 1212 2129 1273 riis
2163 1221 2436 1293 proterve
2465 1214 2816 1290 abutuntur,
2851 1216 3007 1296 quod
3067 1216 3142 1277 iis
3205 1235 3398 1296 neque
3425 1214 3662 1276 vivendi

2021 1301 2478 1383 ratione,ueque
2512 1312 2665 1366 statu
2699 1322 2806 1368 suo
2834 1305 3548 1387 respoudeant,tanquam
3573 1323 3663 1366 sa-

2021 1392 2221 1470 critegi
2248 1400 2304 1454 et
2328 1411 2360 1453 a
2393 1392 2526 1454 £98
2549 1401 2733 1455 sacris
2761 1404 3030 1456 extorres
3051 1398 3294 1458 omnino
3319 1395 3658 1476 reputandi.

2021 1479 2531 1553 Quemadmodum
2557 1484 2716 1544 enim
2741 1484 2801 1544 in
2829 1485 3339 1546 coruscationibus
3365 1483 3662 1546 solaribus

2019 1570 2326 1633 tenuiores
2383 1571 2881 1654 limpidioresqne
2939 1574 3314 1650 substantiae,
3369 1575 3509 1635 dum
3560 1574 3660 1635 in-

2021 1660 2228 1722 ﬂuenti
2261 1663 2319 1722 in
2374 1661 2532 1742 ipsas
2560 1663 2727 1724 radio
2753 1664 2958 1743 prima;
3003 1666 3245 1745 repleta;
3291 1674 3448 1743 sunt,
3481 1683 3660 1727 omne

2018 1749 2220 1810 lumen
2252 1751 2362 1811 sibi
2396 1751 2770 1832 superfusum
2805 1753 2862 1813 in
2897 1754 3332 1834 subsequentes
3355 1755 3499 1817 solis
3531 1755 3655 1815 vice

289 1848 470 1903 σασθαι
502 1845 596 1901 τὸν
626 1843 703 1918 μὴ
733 1844 869 1900 κατᾶ
899 1848 1073 1900 πᾶσαν
1107 1841 1208 1907 ἕξιν
1241 1847 1401 1902 αὐτοῦ
1465 1843 1723 1921 γεγονότα
1752 1846 1928 1900 θεοειο

2023 1840 2484 1916 transfundunt;
2511 1843 2636 1922 pari
2665 1843 2914 1919 ratione,
2954 1862 3331 1923 nequaquam
3361 1844 3537 1906 debet
3570 1853 3653 1906 te-

289 1933 558 2008 δέστατον,
621 1934 709 1988 καὶ
765 1934 895 2010 πρὸς
954 1936 1052 1997 τῆς
1112 1933 1254 1996 θείας
1304 1931 1780 1995 επιπνοίαςϐὕκαὶ
1812 1955 1931 2013 κρι-

289 2046 422 2088 σεως
455 2022 732 2104 ἁρμοστὴν
763 2019 1217 2099 ἀναδεδειγμένον,

2019 1947 2183 1991 mere
2219 1929 2431 1992 ducem
2463 1948 2596 1993 sese
2624 1933 2755 1994 aliis
2789 1933 2972 1995 divini
3004 1935 3247 1996 luminis
3276 1936 3516 2008 oﬂ‘erre,
3547 1935 3650 2012 qui

2017 2039 2137 2081 non
2169 2021 2498 2084 secundum
2560 2041 2799 2085 omnem
2859 2034 3076 2088 statum
3129 2045 3301 2087 suum
3348 2023 3654 2086 deit'ormis

2017 2116 2272 2172 maxime
2301 2113 2577 2186 evaserit,
2614 2112 2932 2194 divinaque
2953 2114 3311 2195 aspiratione
3325 2123 3500 2196 atque
3523 2134 3658 2178 sen-

2019 2199 2204 2262 tentia
2228 2200 2302 2262 ad
2335 2200 2395 2261 id
2420 2200 2676 2263 idoneus
2707 2203 2783 2264 sit
2814 2205 3264 2286 comprobatus.

1876 2364 1906 2444 θ
1949 2362 2076 2426 xv.

360 2500 458 2560 Ἐν
485 2502 693 2566 τούτοις
721 2503 754 2571 ἡ
786 2507 931 2558 πᾶσα
963 2507 1068 2557 τῶν
1099 2500 1282 2581 ἱερέων
1311 2499 1376 2551 66
1422 2499 1798 2576 διακόσμησις,
1858 2503 1938 2556 ἰε-

283 2591 555 2672 ραρχικῶς
611 2595 961 2671 συναχθεῖσα,
1024 2593 1112 2647 καὶ
1169 2605 1288 2656 τοῖς
1317 2591 1613 2652 θειοτάτοις
1671 2591 1934 2659 κοινωνή-

281 2704 440 2755 σασα,
499 2680 619 2756 μετ’
681 2681 1020 2761 εὐχαριστίας
1076 2683 1219 2759 ἱερᾶς
1302 2679 1620 2757 καταλήγει,
1678 2681 1770 2745 τὰς
1828 2682 1934 2735 τῶν

277 2775 560 2849 θεουργιῶν
618 2769 892 2848 ἀναλόγως
951 2770 1240 2849 ἐπιγνοῦσα
1295 2772 1384 2826 καὶ
1446 2768 1726 2844 ὕμνάσασα
1758 2770 1929 2850 χάρι-

275 2883 388 2924 τας.
432 2851 469 2888 ’¹
509 2870 646 2918 Ωστε
677 2863 723 2917 οἱ
747 2867 854 2916 τῶν
883 2860 1037 2917 θείων
1068 2859 1334 2940 ἆμέτοχοι
1366 2861 1452 2915 καὶ
1483 2860 1713 2937 ἀγνῶτες
1745 2861 1840 2916 οὒκ
1870 2858 1932 2914 ἂν

278 2953 346 3015 εἷς
376 2951 728 3031 εὐχαριστίαν
782 2949 1078 3029 ἀφίκοιντο,
1113 2949 1284 3006 καίτοι
1344 2949 1464 3006 κατ’
1523 2950 1720 3006 οἰκείαν
1781 2951 1934 3029 φύσιν

278 3039 429 3105 ἀξίων
463 3041 637 3098 ούσῶν
689 3042 1129 3119 εὐχαριστεῒσθαι
1191 3046 1298 3095 τῶν
1355 3040 1641 3096 θειοτάτων
1700 3037 1932 3118 δωρεῶν.

2100 2497 2166 2560 In
2199 2499 2291 2560 his
2314 2500 2507 2562 omnis
2538 2499 2684 2561 ordo
2715 2503 3087 2564 sacerdotum
3121 2503 3491 2566 hierarchice
3517 2520 3658 2564 con-

2017 2588 2325 2658 gregatus,
2365 2580 2757 2643 divinissimis
2817 2584 3109 2664 mysteriis
3159 2589 3476 2665 perceptis,
3521 2601 3655 2645 cum

2014 2670 2335 2747 gratiarum
2371 2670 2607 2731 actione
2639 2670 2879 2751 desinit,
2919 2673 3134 2749 agnitis
3201 2692 3305 2752 pro
3334 2679 3509 2751 captu
3539 2689 3648 2733 suo

2012 2757 2387 2838 laudatisque
2413 2758 2745 2821 divinorum
2763 2780 3004 2842 operum
3028 2761 3470 2834 beneﬁciis.Qui
3491 2761 3650 2823 enim

2014 2864 2216 2908 rerum
2253 2849 2587 2910 divinarum
2624 2861 2898 2932 expertes
2928 2861 3062 2914 sunt
3086 2863 3144 2916 et
3173 2852 3385 2932 ignari,
3419 2870 3652 2932 nequa-

2018 2955 2194 3018 quam
2221 2939 2292 2998 ad
2326 2938 2544 3014 gratias
2598 2940 2855 3019 agendas
2885 2952 3328 3019 convertuntur,
3382 2941 3654 3025 quamvis

2023 3044 2096 3088 cx
2129 3036 2334 3090 natura
2366 3048 2469 3090 sua
2491 3027 2647 3092 dona
2674 3030 2775 3092 illa
2798 3031 3166 3095 divinissima
3191 3033 3307 3095 sint
3339 3034 3501 3095 omni
3527 3051 3654 3112 gra-

356 3129 555 3204 Ἀλλὰ,
579 3128 712 3208 ὅπερ
734 3117 894 3208 ἕιρην,
919 3127 1035 3186 οὐδὲ
1059 3127 1391 3207 προσκλέψαι
1414 3130 1542 3186 ποτὲ
1564 3127 1628 3178 67
1644 3152 1760 3192 τοις
1779 3117 1934 3187 θείοις

2023 3117 2236 3178 tiarum
2267 3119 2501 3181 actione
2533 3120 3204 3200 dignissima.Caiterum
3225 3125 3482 3198 cum,uti
3505 3124 3651 3203 dixi,

279 3217 460 3298 δώροις
527 3193 586 3276 ἐκ
644 3193 894 3285 sitq.€1ti
955 3219 1022 3274 τὰ
1080 3193 1249 3298 γείρω
1307 3220 1528 3281 νεύσεως
1560 3218 1930 3297 ἒθελήσαντες,

2023 3207 2234 3268 divinis
2254 3207 2378 3269 istis
2413 3193 3035 3293 muneribus,propter
3057 3231 3223 3276 suam
3246 3215 3318 3276 ad
3355 3193 3654 3276 deteriora

279 3297 563 3389 ἀχάριστοι
592 3311 720 3387 πρὸς
752 3309 845 3371 τὰς
879 3297 1122 3380 ἀπείρους
1164 3311 1268 3364 τῶν
1329 3311 1612 3387 θεουργιῶν
1672 3308 1934 3384 διαμεμε-

2023 3297 2506 3378 propensionem,
2530 3299 2842 3361 attendere
2876 3320 2991 3362 non
3017 3303 3480 3382 velint,intinitis
3501 3302 3654 3363 divi-

279 3385 465 3467 ναξ-κασι
530 3385 783 3477 χάριτας.
844 3399 1110 3454 Γεύσασθε
1168 3395 1255 3471 68,
1324 3385 1460 3476 ιρησῖ
1498 3385 1580 3456 τὰ
1627 3397 1806 3476 λόγια,
1841 3399 1934 3454 καί

2023 3403 2231 3446 norum
2279 3385 2702 3448 beneﬁciorum
2756 3390 2958 3468 gratiis
3007 3390 3220 3469 ingrati
3277 3399 3652 3471 permanent.

279 3485 438 3544 ἴδετε⁶
477 3467 680 3566 τῇγιὶρ
710 3490 821 3564 ἱερᾷ
852 3492 956 3543 τῶν
1007 3488 1159 3544 θείων
1221 3467 1411 3562 μυήσει
1471 3489 1564 3550 τὰς
1621 3467 1934 3565 μεγαλοδώ-

2027 3477 2297 3566 Gustata,
2333 3476 2608 3556 inquiunt
2662 3478 2917 3558 eloquia,
2950 3487 3003 3539 et
3036 3467 3225 3542 videte
3252 3467 3309 3542 ii:
3367 3479 3649 3561 quoniam

280 3597 395 3654 ρους
427 3577 605 3634 αὐτῶν
639 3580 687 3633 οἱ
736 3577 1022 3651 μυούμενοι
1080 3578 1310 3656 χάριτας
1370 3578 1788 3653 ἒπιγνώσονται,
1848 3578 1934 3634 καὶ

2023 3565 2121 3644 qui
2152 3553 2533 3628 sacrosancta
2562 3553 2913 3628 divinarum"
2941 3587 3144 3630 rerum
3179 3553 3496 3651 disciplina
3531 3569 3652 3630 ini-

281 3667 550 3724 θειότατον
580 3666 755 3724 αὐτῶν
812 3665 945 3742 ὕψος
977 3669 1063 3722 καὶ
1091 3667 1313 3744 μέγεθος
1375 3667 1429 3722 ἐν
1489 3665 1689 3742 μεθέξει
1746 3667 1934 3723 πανιέ-

2023 3654 2736 3734 tiantur,permagniﬁcas
2768 3659 3028 3736 ipsarum
3054 3659 3279 3735 gratias
3300 3666 3651 3739 agnoscent,

281 3778 381 3835 ρως
466 3756 876 3830 ἐποπτεύοντες,
967 3757 1062 3819 τὰς
1147 3758 1518 3832 ὑπερουρανίας
1603 3757 1932 3837 εὔχαρίστως

2023 3751 2194 3822 atque
2225 3745 2653 3808 divinissimam
2700 3766 2901 3808 earum
2950 3749 3371 3810 celsitudinem
3423 3750 3652 3828 magni-

279 3832 575 3920 θμνήσουσι
607 3847 708 3912 τῆς
739 3847 990 3926 θεαρχίας
1021 3844 1087 3896 69
1115 3845 1486 3926 ἀγαθουργέας,
1665 3832 1703 3837 Π
1745 3832 1754 3836 ⁷

2023 3832 2284 3894 tudinem
2331 3833 2392 3894 in
2433 3837 2854 3897 communione
2913 3845 3120 3900 sancte
3173 3838 3648 3916 considerantes,

887 3909 908 3926 '
1163 3909 1176 3923 ’
1315 3909 1368 3926 ”
1474 3909 1483 3910 ί
2011 3921 2458 4000 supercuelestia
2508 3943 2807 4006 supremae
2862 3928 3114 3990 Deitatis
3165 3928 3455 3990 beneﬁcia
3494 3909 3646 4006 grati

2011 4011 2454 4077 collaudabunt.

1480 4284 2068 4350 ADNOTATIONES
2111 4284 2468 4350 CORDERII

344 4391 556 4451 Parte!
616 4393 790 4467 hujus
847 4393 1048 4464 capitis
1109 4402 1262 4460 nota.
1327 4403 1747 4451 sacramentum
1805 4395 1934 4451 euct

2027 4393 2170 4450 istim
2227 4393 2413 4450 vocari
2447 4393 2670 4448 τελετῶν
2703 4394 2944 4470 τελετήν,
2980 4392 3035 4448 id
3085 4403 3168 4450 est
3220 4402 3644 4450 sacramentum

279 4483 799 4536 sacramentorum.
841 4475 996 4544 quod
1032 4473 1183 4532 idem
1247 4484 1331 4532 est
1360 4490 1427 4532 ac
1481 4475 2006 4544 praestantissimum
2041 4481 2460 4531 sacramentum
2499 4489 2512 4530 :
2563 4475 2710 4530 situt
2739 4474 2890 4529 verbi
2924 4483 3102 4544 gratia
3141 4474 3297 4530 locus
3327 4473 3644 4530 sacratissi.

278 4557 401 4601 mus
422 4546 538 4602 dici
579 4545 728 4603 solet
756 4546 954 4602 Sancta
981 4554 1325 4609 sanctorum,
1361 4555 1414 4604 et
1442 4550 1726 4602 canticum
1760 4546 2292 4615 praestantissimum
2327 4545 2610 4600 Canticum
2665 4546 3019 4601 canticorum.
3084 4545 3278 4603 Merito
3340 4557 3529 4603 autem
3562 4549 3644 4600 sic

277 4615 622 4686 appellatt‘r,
656 4626 775 4674 tum
813 4619 943 4688 quia
978 4617 1286 4688 ipsummet
1321 4617 1605 4674 Chrismm
1633 4615 1961 4682 Dominum,
1997 4621 2255 4674 omnium
2286 4625 2775 4674 sacramentorum
2809 4617 3192 4674 iDS‘tIUIOl‘t'm
3227 4633 3289 4673 ac
3318 4617 3640 4674 sanctiﬁca—

281 4695 480 4760 torem,
515 4689 792 4760 continet,
827 4705 855 4744 a
889 4703 1003 4760 quo
1033 4699 1241 4746 caetera
1273 4695 1622 4747 sacramenti
1645 4702 1892 4760 omnem
1949 4689 2344 4744 sanctiﬁcandi
2393 4690 2506 4760 vim
2539 4689 2766 4744 habent.
2802 4698 2854 4744 et
2891 4688 3096 4744 virtute
3128 4688 3290 4760 cujus
3331 4699 3643 4757 operantur

281 4759 561 4832 quidquid
592 4759 954 4832 operantur;
985 4769 1107 4818 tum
1136 4761 1300 4817 etiam
1331 4761 1506 4832 quod,
1551 4770 1610 4816 ut
1639 4759 1790 4816 idem
1823 4760 2132 4832 Dionysius
2175 4762 2274 4821 ait.
2316 4759 2542 4818 nullum
2575 4761 2688 4816 tere
2717 4771 3138 4817 sacramentum
3174 4759 3396 4816 Ordinis
3427 4761 3649 4815 hierar-

282 4829 449 4902 obici,
481 4845 587 4888 seu
622 4830 966 4900 episcopalis
995 4831 1183 4894 oﬂicii,
1217 4829 1489 4889 sine'hoc
1521 4841 1884 4889 sacramento
1925 4829 2274 4902 perficiatur.

345 4899 508 4975 Unde
531 4915 667 4959 cum
699 4899 1011 4975 D._Thoma
1049 4906 1104 4960 iu
1142 4915 1299 4974 parte
1326 4912 1615 4975 tuguaest.
1663 4901 1756 4969 65,
1789 4899 1988 4975 art._3,
2020 4902 2350 4975 dicendum.
2379 4901 2712 4975 simpliciter
2742 4901 3051 4975 loquendo.
3085 4909 3509 4975 sacramentum
3541 4917 3647 4958 eu-

281 4969 564 5057 charistiae
597 4973 957 5056 potissimum
981 4989 1106 5031 esse
1136 4969 1284 5056 inter
1326 4969 1847 5057 alia'sacramenta:
1883 4973 2047 5056 Quod
2090 4976 2319 5057 quidem
2353 4969 2933 5057 tripl'iciterntppa'ret.
2970 4974 3156 5057 Brimo
3184 4972 3444 5057 quidem,
3481 4988 3643 5057 ex‘eo

279 5043 426 5112 quod
461 5045 520 5101 in
555 5043 626 5100 eo
659 5047 988 5104 continetur
1021 5065 1032 5110 ;
1069 5060 1204 5103 nam
1235 5046 1292 5102 in
1326 5057 1686 5103 sacramento
1718 5044 2079 5103 eucharistiae
2113 5043 2442 5101 continetur
2479 5047 2600 5114 ipse
2630 5043 2885 5102 Christus
2917 5043 3388 5114 substantialiter,
3423 5048 3478 5102 in
3517 5044 3644 5103 aliis

279 5122 464 5173 autem
492 5118 874 5176 sacramentis
902 5119 1231 5177 continetur
1260 5117 1519 5191 quaedam
1578 5122 1762 5175 virtus
1816 5115 2268 5175 instrumentatis
2323 5132 2352 5172 a
2411 5115 2632 5172 Christo
2686 5118 3045 5188 participata.
3105 5117 3343 5190 Semper
3370 5115 3647 5177 autemid

353 5255 375 5300 ι
401 5239 570 5306 Psal.
603 5257 812 5318 χχχιιι,
849 5242 911 5307 9.

1592 5405 1854 5470 VARUE
1906 5401 2340 5469 LECTIONES.

353 5558 680 5647 βίγὲκφυλοι,
709 5564 771 5628 S.
801 5568 865 5630 P.
895 5568 962 5630 Ι).
989 5567 1096 5630 Ch.
1120 5568 1217 5630 SC.
1240 5564 1371 5628 Sar.
1394 5574 1451 5627 et
1471 5566 1646 5630 Vien.
1693 5566 1748 5609 ⁸9
1771 5568 2186 5647 ὑπερεχόμενον,
2213 5569 2286 5630 Μ.
2320 5571 2412 5631 Sc.
2458 5562 2513 5647 φ
2543 5567 2971 5647 ἐποχετεύοπιν,
2994 5571 3050 5630 S.
3085 5571 3150 5631 Ρ,
3181 5572 3248 5628 D.
3278 5569 3383 5632 Cll.
3417 5568 3484 5632 Β.
3510 5568 3638 5647 Sat.

281 5637 490 5729 εἰδ’(θείεη
519 5637 724 5729 ᾣωξρς,
758 5650 822 5710 Ρ.
899 5647 963 5697 65
990 5649 1440 5729 θείας-ἁρμονίας,
1474 5647 1583 5711 Cll.
1652 5648 1716 5698 66
1744 5637 2030 5728 ἱερῶνίῖὶὶ.
2081 5648 2143 5711 Ρ.
2171 5637 2286 5712 ⁷011.
2330 5649 2394 5711 D.
2469 5645 2530 5698 67
2563 5637 2703 5721 τότε,
2741 5645 2801 5711 S.
2842 5649 2902 5710 Β.
2951 5637 3016 5698 68
3044 5652 3297 5726 γεύσασθε
3343 5650 3420 5728 δὲ,
3459 5649 3530 5712 Μ.
3567 5646 3639 5709 D.

284 5717 383 5782 Ch.
422 5717 547 5787 Sc!
605 5722 668 5775 39
693 5717 986 5809 θεουργίας,
1019 5726 1094 5793 Μ.
1130 5717 1228 5795 δέ.
