4150 6158
487 369 595 442 451

491 603 705 663 mentis
737 618 1053 662 commune
1085 609 1193 675 est,
1222 601 1358 660 huic
1382 603 1821 680 approprietur,
1856 612 2129 664 vocetur-

487 711 602 773 que
629 693 874 772 proprie
905 691 1244 752 communio
1281 698 1338 751 et
1361 692 1620 769 synaxis.
1657 709 1793 752 cum
1819 693 2132 766 quodlibet

484 791 949 853 sacramentum,
973 780 1093 840 sive
1121 778 1414 857 baptisma
1433 780 1554 841 sive
1576 779 1848 842 ordinem
1884 781 2123 854 dixeris,

487 873 665 933 etiam
698 871 843 931 illud
879 870 1076 949 utique
1108 868 1345 943 habeat,
1382 877 1444 929 ut
1475 879 1532 929 et
1568 879 1910 948 congreget,
1949 883 2009 932 et
2055 871 2127 932 ad

487 965 968 1022 communionem
1000 958 1398 1038 unionemque
1421 958 1678 1020 inducat:
1697 967 1754 1019 in
1781 961 1942 1020 omni
1969 979 2130 1023 nam-

487 1067 602 1129 que
625 1056 996 1111 sacramento
1029 1049 1154 1110 haec
1190 1047 1437 1108 initiatis
1460 1052 1874 1124 conteruntur,
1895 1069 1953 1113 v.
1986 1070 2036 1129 g.
2069 1050 2146 1131 in.

483 1137 800 1219 baptismo,
834 1157 966 1199 cum
1001 1138 1114 1200 hoc
1145 1157 1384 1218 quoque
1418 1147 1856 1200 sacramentum
1881 1140 2127 1201 divisam

485 1228 746 1289 hominis
781 1226 978 1307 vitam,
1011 1226 1068 1288 id
1106 1234 1196 1288 est
1224 1227 1600 1301 saecularem,
1632 1237 1688 1289 et
1716 1229 1774 1289 in
1803 1229 1985 1292 multa
2005 1231 2132 1291 dis»

482 1327 757 1390 tractam,
783 1317 856 1379 ad
893 1315 1250 1378 uniformem
1283 1316 1515 1396 colligit
1563 1318 2033 1396 deiﬁcationem,
2065 1339 2135 1382 ac

483 1407 812 1469 secundum
850 1407 962 1468 hoc
994 1405 1170 1468 etiam
1203 1406 1441 1486 synaxis
1473 1407 1590 1470 dici
1626 1409 1814 1486 possit
1842 1429 1855 1468 :
1901 1418 1959 1471 et
1992 1427 2136 1470 rur..

482 1516 638 1578 sum,
672 1496 731 1560 iu
760 1495 1097 1559 istiusmodi
1129 1496 1483 1559 collectione
1523 1497 1845 1559 divisorum
1878 1501 2128 1561 szecula-

483 1589 766 1668 riumque
792 1597 1059 1648 motuum
1082 1586 1154 1647 ad
1181 1588 1624 1662 unum,scilicet
1649 1590 2130 1663 Deum,commu-

480 1677 724 1738 nionem
743 1677 1233 1757 elargitnr,atque
1245 1677 1392 1738 adeo
1408 1679 1748 1738 communio
1773 1698 1890 1739 non
1907 1679 2126 1742 imme-

481 1766 596 1828 rito
627 1766 744 1828 dici
775 1768 980 1847 possit.
1016 1766 1135 1829 Cur
1186 1768 1410 1844 itaque,
1464 1785 1724 1846 praesens
1781 1787 2126 1830 sacramen-

1675 374 1735 438 S.
1798 375 2139 439 DIONYSII
2181 374 2692 441 AREOPAGIT/E

491 531 644 591 mus,
671 529 842 591 quam
870 508 945 572 ob
968 525 1201 571 causam
1236 509 1293 571 id
1327 508 1483 590 quod
1513 508 1644 571 aliis
1665 529 1900 592 quoque
1929 530 2124 574 sacra-
2148 521 2182 570 Α
2206 513 2445 580 τελεταῖς

2505 513 2636 580 αὕτη
2693 512 3083 593 ἰδιοποιήσατο,
3133 515 3221 570 καὶ
3279 514 3526 572 καλεῖται
3557 514 3698 583 ἰδίως
3731 541 3857 575 κοι-

2216 607 2371 660 νωνία
2402 607 2488 660 καὶ
2519 602 2748 683 σύναξις,
2781 604 3008 670 ἑκάστης
3043 603 3288 684 τελετῆς,
3321 605 3418 660 κᾶν
3448 607 3546 675 τήν
3607 615 3696 664 τοῦ
3755 609 3864 684 βα-

2214 696 2508 766 πτίσματος
2540 693 2740 771 εἴποις,
2777 691 2875 749 κᾶν
2905 695 3000 761 τὴν
3033 699 3137 749 τῶν
3167 697 3443 772 ἱερατικῶν
3504 694 3862 776 τελειώσεων,

2215 785 2450 862 ἐχούσης
2481 790 2635 838 τοῦτο
2667 781 2731 848 δὴ
2763 784 2823 839 τὸ
2854 784 3094 860 συνάγειν
3127 786 3212 840 καὶ
3246 785 3318 846 εἷς
3377 788 3656 842 κοινωνίαν
3716 786 3863 864 ἄγειν

2213 876 2302 929 καὶ
2357 872 2563 930 ἕνωσιν·
2627 873 2806 929 ἅπτσα
2862 874 2961 951 γὰρ
3018 872 3209 940 τελετὴ
3262 873 3424 930 ταῦτα
3460 872 3710 952 δωρεῖται
3743 891 3865 939 τοῖς

2213 962 2575 1038 τελουμένοις,
2611 964 2682 1026 ὡς
2712 961 2834 1040 φέρε
2867 964 3037 1018 εἰπεῖν
3062 965 3149 1019 επὶ
3180 966 3270 1019 τοῦ
3315 965 3709 1040 βαπτίσματος⁸
3777 969 3868 1022 καὶ

2213 1055 2313 1132 γὰρ
2467 1053 2684 1118 τοιαύτη
2721 1051 2906 1117 τελετὴ
2938 1053 3036 1120 τὴν
3069 1054 3323 1132 μεριστὴν
3356 1055 3499 1125 ζωὴν
3533 1063 3625 1112 τοῦ
3653 1056 3866 1134 ἀνθρώ,

2214 1165 2338 1218 που,
2373 1140 2618 1208 δηλονότι
2652 1141 2747 1208 τὴν
2777 1145 3066 1214 κοσμικὴν,
3100 1145 3185 1198 καὶ
3219 1145 3292 1208 εἷς
3352 1142 3527 1202 πολλὰ
3595 1144 3864 1212 πληθυνθ-

2218 1231 2406 1311 μένην,
2467 1233 2540 1294 είς
2598 1229 2800 1297 ὲνοειὸἦ
2858 1232 3100 1309 συνάγειν
3157 1230 3370 1302 θέωσιν,
3404 1235 3490 1290 καὶ
3537 1234 3673 1290 κατὰ
3707 1245 3865 1292 τοῦτο

2218 1321 2422 1387 σύναξ.ς
2453 1322 2513 1376 ἂν
2544 1319 2773 1398 λέγοιτο’
2810 1322 2896 1377 καὶ
2929 1321 3086 1377 πάλιν
3123 1321 3176 1377 ἐν
3224 1328 3292 1398 τῇ
3341 1323 3563 1399 τοιαὺτῇ
3620 1325 3866 1399 συμπτύ-

2220 1413 2293 1480 ξει
2352 1421 2455 1470 τῶν
2503 1411 2776 1490 διαιρετῶν
2833 1415 2920 1470 καὶ
2977 1420 3248 1489 κοσμικῶν
3301 1417 3565 1483 κινήσεων
3597 1417 3694 1483 τὴν
3727 1421 3862 1489 πρὸς

2221 1508 2280 1560 τὸ
2313 1504 2390 1577 ἓν,
2426 1505 2516 1559 τὸν
2549 1505 2678 1558 Θεὸν
2709 1501 2938 1582 δηλαδη,
2973 1505 3246 1560 κοινωνίαν
3295 1502 3566 1584 δωρεῖται,
3619 1504 3728 1563 ἰδοὺ
3775 1509 3864 1563 καὶ

2215 1595 2458 1651 κοινωνία
2515 1595 2610 1650 οἶκ
2667 1593 2964 1657 ἀπεικότως
3019 1592 3235 1671 λέγοιτο
3300 1590 3383 1656 ἅν,
3445 1577 3553 1651 νἱνα
3586 1603 3634 1651 τί
3665 1599 3858 1674 γοῦνὴ

2214 1682 2533 1761 προκειμένη
2565 1680 2755 1748 τελετὴ
2785 1688 2890 1737 τῶν
2919 1682 3170 1739 τοιούτων
3203 1684 3479 1756 ὀνομάτων
3521 1683 3660 1749 ἰδίως
3720 1707 3861 1758 μετα

2213 1774 2404 1851 είληχε
2442 1792 2456 1845 ;
2521 1774 2616 1829 Καὶ
2672 1772 2869 1850 φαμὲν,
2931 1771 3011 1828 ὅτι
3061 1774 3094 1839 ἡ
3128 1773 3234 1828 τῶν
3265 1773 3491 1830 τελετῶν
3522 1773 3734 1830 ἐκείνων
3766 1796 3862 1830 τε-

482 1865 603 1918 tum
637 1856 972 1918 istiusmodi
1007 1855 1250 1917 nomina
1279 1858 1519 1936 proprie
1550 1856 1661 1917 sibi
1695 1856 1991 1921 vindicat?
2024 1859 2116 1921 Dia

2210 1862 2419 1926 λείωσις
2451 1862 2508 1918 ἐκ
2534 1868 2638 1917 τῶν
2670 1863 2866 1927 ταύτης
2899 1859 3105 1939 δωρεῶν
3137 1862 3271 1918 ἐστι·
3305 1866 3390 1918 καὶ
3447 1864 3546 1940 γὰρ
3603 1864 3698 1919 οὒκ
3750 1864 3861 1920 ’ἐστι

480 1951 694 2024 cimus,
729 1947 977 2008 istorum
1013 1955 1522 2007 sacramentorum
1570 1946 1996 2027 perfectionem
2055 1968 2116 2012 ex

2208 1953 2322 2010 τινὰ
2380 1950 2689 2018 τελεσθῆναι
2746 1952 3062 2029 ἱεραρχικήν
3119 1950 3367 2027 τελετὴν,
3403 1959 3477 2026 μὴ
3511 1958 3610 2019 τῆς
3641 1956 3853 2010 θειοτά-

482 2034 660 2114 hujus
691 2035 1044 2098 muneribus
1076 2034 1329 2101 existere
1359 2052 1372 2097 :
1412 2053 1546 2097 nam
1579 2055 1694 2096 non
1720 2036 1859 2098 licet
1881 2037 2116 2118 aliquod

2206 2065 2306 2110 της
2343 2040 2717 2121 Εὒχαριστίας,
2750 2041 2847 2106 τῆς
2878 2047 2981 2096 τῶν
3014 2044 3319 2119 μυστηρίων
3363 2039 3590 2110 δηλαδη,
3646 2047 3857 2121 ἱερουρ-

481 2135 921 2188 sacramentum
937 2124 1377 2186 liierarchicnm
1400 2126 1830 2205 perﬁcere,nisi
1851 2127 2116 2190 videlicet

2205 2133 2401 2210 γούσης
2462 2131 2558 2197 τὴν
2616 2132 2700 2186 ἐπὶ
2757 2132 2818 2185 τὸ
2852 2130 2927 2202 ἓν,
2965 2131 3053 2186 τὸν
3088 2131 3215 2186 Θεὸν
3244 2128 3473 2210 δηλαδὴ,
3509 2135 3856 2210 συναγωγὴν·

477 2214 849 2276 divinissima
873 2214 1228 2276 eucharistia
1261 2233 1396 2276 cum
1428 2235 1570 2285 uno.
1606 2216 1662 2276 id
1688 2227 1777 2279 est
1807 2217 1945 2277 202
1995 2221 2119 2280 Deo

478 2303 959 2384 conjunctionem
986 2312 1293 2384 operetur;
1315 2304 1427 2366 hoc
1452 2305 1612 2366 enim
1637 2313 1730 2368 est
1752 2309 2116 2388 praecipuum

480 2393 640 2473 quod
660 2394 722 2455 in
752 2392 1002 2471 singulis
1030 2393 1388 2456 celebratur.
1423 2395 1486 2458 Si
1511 2395 1708 2476 itaque
1733 2397 2119 2478 unumquod-

475 2501 592 2564 que
621 2497 1084 2558 sacramentum,
1117 2484 1284 2546 hisce
1315 2487 1612 2566 mysteriis
1642 2487 2009 2559 frustratum,
2043 2487 2120 2550 sit

477 2571 986 2654 imperfectum,et
1010 2591 1119 2636 nec
1139 2574 1378 2656 proprie
1401 2587 1838 2639 sacramentum
1863 2576 2115 2653 dicatur,

473 2680 669 2744 neque
701 2682 835 2726 cum
861 2683 978 2726 uno
1001 2663 1101 2726 illo
1124 2665 1528 2728 communicet
1549 2667 1884 2748 copuletve,
1907 2667 2117 2730 merito

476 2752 655 2815 etiam
670 2753 806 2816 huic
827 2754 939 2816 soli
958 2754 1263 2835 proprium
1279 2755 1393 2817 hoc
1409 2773 1627 2820 nomen
1654 2774 1945 2838 synaxeos
1955 2757 2115 2818 attri-

479 2841 702 2906 buitur.
734 2843 986 2925 Synaxis
1017 2861 1190 2925 porro
1219 2844 1468 2906 minime
1501 2845 1886 2926 intelligenda
1916 2845 2118 2926 populi

471 2935 874 3013 congregatio,
915 2941 1090 3014 prout
1119 2933 1298 3015 aliqui
1331 2953 1488 2996 nunc
1510 2937 1799 3015 temporis
1814 2954 2020 2998 vocem
2047 2935 2120 2997 il-

472 3023 587 3084 lam
609 3023 932 3103 accipiunt,
957 3023 1059 3084 sed
1085 3042 1220 3084 cum
1247 3025 1365 3085 Deo
1389 3023 2119 3105 conjunctiocommnnio-

2202 2222 2358 2278 τοῦτο
2415 2223 2513 2300 γὰρ
2569 2220 2680 2276 ἐστι
2736 2222 2794 2274 τὸ
2853 2218 3382 2298 κεφαλαιωδέστερον
3440 2220 3526 2277 ἐπὶ
3559 2235 3675 2286 τοῖς
3741 2220 3858 2278 καθ’

2203 2311 2399 2368 ἕκαστα
2435 2309 2792 2386 τελουμένοις.
2852 2315 2910 2366 Εἰ
2964 2310 3134 2365 τοίνυν
3197 2311 3397 2377 ἑκάστη
3457 2313 3562 2366 τῶν
3620 2310 3855 2368 τελετῶν

2203 2399 2604 2477 ἀπολειπομένη
2655 2400 2752 2468 τὴν
2784 2397 2806 2421 ⁸
2843 2400 3176 2480 μυστηρίων,
3225 2399 3419 2468 ἀτελὴς
3469 2400 3604 2476 ἐστι,
3641 2407 3728 2458 καὶ
3762 2401 3860 2458 οὐκ

2203 2489 2320 2572 ἔχει
2351 2491 2542 2569 κυρίως
2599 2489 2716 2547 οὕτε
2772 2491 2832 2546 τὸ
2887 2488 3077 2556 τελετη
3138 2488 3408 2568 λέγεσθαι,
3473 2489 3589 2548 οὔτε
3621 2491 3729 2566 μὴν
3758 2492 3857 2559 τὴν

2202 2584 2333 2658 πρὸς
2367 2584 2426 2637 τὸ
2457 2581 2513 2636 ’ἐν
2542 2581 2820 2638 κοινωνίαν
2850 2583 2937 2636 καὶ
2966 2578 3196 2653 σύναξιν,
3258 2582 3476 2646 εἰκότως
3534 2582 3703 2656 ταύτῃ
3766 2583 3858 2638 καὶ

2202 2671 2342 2748 μόνῃ
2377 2670 2661 2728 ἐπιτίθεται
2693 2672 2726 2736 ἡ
2758 2671 2909 2749 κυρία
2938 2669 3208 2744 ἐπωνυμία
3240 2671 3336 2735 τῆς
3372 2669 3652 2735 συνάξεως.
3708 2673 3850 2728 Σύν-

2205 2760 2314 2826 αξιν
2369 2758 2424 2816 δὲ
2482 2761 2701 2827 νοητέον
2760 2761 2820 2816 οὐ
2879 2759 2977 2826 τὴν
3039 2767 3131 2816 τοῦ
3187 2758 3338 2832 λαοῦ,
3368 2761 3542 2824 καθὼς
3576 2761 3673 2828 τὴν
3707 2759 3851 2826 λέξιν

2202 2850 2340 2915 τινὲς
2394 2848 3079 2929 σήμερονέκλαμόάνονται,
3105 2846 3242 2904 ἆλλὰ
3272 2850 3370 2916 τὴν
3400 2851 3530 2928 πρὸς
3564 2852 3696 2906 Θεὸν
3725 2872 3852 2906 συν-ι

2206 2939 2427 3017 αγωγὴν
2486 2942 2574 2996 καὶ
2635 2938 2932 2997 κοινωνίαν.
2997 2937 3178 3001 Οὕτως
3235 2938 3374 3016 εὕροι
3431 2961 3510 3003 τις
3543 2938 3603 2996 ἂν
3644 2941 3733 2996 καὶ
3764 2940 3851 2997 ἐπὶ

2204 3034 2299 3096 τῆς
2331 3030 2552 3096 τελετῆς
2586 3036 2676 3086 τοῦ
2731 3029 2869 3084 θείου
2926 3027 3315 3104 βαπτίσματος*
3377 3029 3602 3106 καὶγὰρ
3657 3031 3744 3086 καὶ
3802 3033 3853 3086 αἱ

473 3130 611 3193 que.
637 3111 804 3173 Idem
830 3129 1068 3193 quoque
1087 3111 1498 3192 quisinveniat
1518 3113 1578 3174 in
1601 3113 1784 3177 divini
1804 3114 2116 3195 baptisma-

2202 3117 2358 3179 ἄλλαι
2387 3121 2663 3200 φωνίζοὺσι
2699 3117 2930 3197 τελεταὶ,
2979 3116 3098 3173 ἄλλ’
3128 3117 3274 3193 ὅμως
3308 3128 3475 3193 ταύτῃ
3523 3117 3662 3182 ἰδίως
3717 3120 3851 3176 ἐπει

474 3202 547 3264 tis
578 3210 972 3264 sacramento:
1000 3219 1132 3263 nam
1167 3200 1306 3264 licet
1333 3203 1450 3264 alia
1479 3222 1718 3286 quoque
1746 3214 2114 3269 sacramenta

2202 3208 2327 3276 τέθη
2369 3211 2419 3265 τὸ
2451 3207 2620 3284 ὄνομα
2654 3215 2743 3265 τοῦ
2774 3209 3132 3288 φωτίσματος,
3188 3206 3272 3264 διὰ
3329 3208 3390 3264 το
3449 3209 3591 3265 εἶναι
3650 3209 3854 3277 ταύτην

469 3289 985 3368 illurninent,huic
1003 3299 1201 3353 tamen
1220 3292 1466 3373 praprie
1490 3312 1709 3356 nomen
1733 3294 1844 3357 hoc
1860 3295 2115 3357 illustra-

2202 3302 2383 3356 πασῶν
2415 3304 2520 3355 τῶν
2549 3299 2700 3354 θείων
2748 3303 3114 3376 φωταγωγιῶν
3147 3297 3348 3376 ἀρχὴν.
3389 3299 3445 3355 Ei
3495 3299 3594 3376 γὰρ
3625 3299 3703 3373 μὴ
3757 3321 3851 3356 τε·

468 3381 652 3446 tionis
669 3381 749 3444 im
759 3381 1020 3461 positum
1040 3389 1152 3456 est,
1169 3382 1325 3462 quod
1348 3383 1615 3446 omnium
1630 3384 1958 3448 divinarum
1981 3385 2114 3448 illu-

2202 3387 2406 3456 λεσθείη
2435 3411 2521 3452 τις
2552 3395 2629 3461 τῷ
2655 3390 2776 3462 θείῳ
2805 3384 3156 3463 ϐαπτίσματι,
3185 3389 3272 3443 καὶ
3299 3395 3394 3444 τοῦ
3437 3388 3670 3446 ἑντεῦθεν
3729 3412 3850 3468 φωο

467 3473 817 3534 strationum
844 3472 1202 3553 principium
1230 3476 1463 3538 existat.
1498 3475 1650 3538 Nam
1685 3475 1800 3537 nisi
1831 3475 1962 3557 quis
2014 3475 2112 3539 di-

466 3560 600 3622 vino
633 3559 988 3641 baptismate
1017 3561 1194 3624 fuerit
1221 3562 1504 3639 initiatus,
1549 3565 1939 3647 ejusdemque
1971 3565 2110 3628 illu-

465 3649 751 3712 stratione
781 3649 995 3729 dignus
1024 3651 1102 3713 sit
1132 3651 1398 3731 habitus,
1460 3673 1577 3714 non
1630 3663 1823 3733 potest
1871 3655 2112 3717 alterius

466 3740 807 3820 cujuspiam
873 3741 1287 3804 illustrationis
1349 3744 1645 3825 particeps
1699 3745 1974 3806 existere.
2011 3745 2112 3806 His

469 3828 686 3904 dictis,
746 3831 1201 3894 consideremus
1273 3833 1458 3912 ipsam
1519 3833 1699 3912 hujus
1756 3835 2112 3898 sacramenti

2195 3485 2388 3552 τισμοῦ
2416 3477 2796 3558 καταξιωθείη,
2831 3481 2889 3536 οὗ
2933 3475 3145 3532 δύναται
3189 3475 3351 3534 ἄλλου
3385 3481 3524 3542 τινος
3569 3489 3851 3558 φωτισμοῦ

2196 3573 2438 3648 μετοχὴν
2500 3567 2765 3633 δέξασται.
2829 3575 3002 3625 Ταῦτα
3061 3567 3322 3641 εἰπόντες,
3385 3566 3680 3643 κατίδωμεν
3747 3570 3850 3643 μὲν

2195 3659 2325 3722 τέως
2358 3658 2457 3725 τὴν
2486 3658 2583 3726 τῆς
2623 3658 2873 3724 τοιαύτης
2934 3655 3154 3723 τελετῆς
3215 3659 3531 3736 ἱερουργίαν,
3595 3656 3848 3724 δηλονότι

2195 3748 2339 3810 ὅπως
2371 3747 2606 3803 τελεῖται
2639 3749 2698 3802 τὸ
2733 3747 3024 3824 μυστήριον
3058 3751 3154 3813 τῆς
3203 3746 3487 3824 συνάξεως,
3557 3747 3850 3823 μετέπειτα

2198 3836 2239 3854 ἢκ

2194 3836 2247 3893 δὲ
2279 3839 2345 3893 τὰ
2374 3837 2472 3904 ’τῆς
2504 3837 2722 3915 θεωρίας
2749 3836 3136 3910 ἐρευνήσωμεν.

466 3920 1004 3997 consecrationem,
1054 3923 1355 4002 quomodo
1389 3921 1670 3986 videlicet
1705 3923 2047 4004 mysterium
2098 3943 2390 4008 synaxeos
2426 3923 2768 3987 celebretur
2798 3944 2814 3998 ;
2847 3923 3066 3987 deinde
3102 3945 3238 3987 vero
3273 3926 3849 4008 contemplationem

469 4011 600 4089 ejus
628 4009 998 4090 indagemus.

872 4109 943 4171 ll.
991 4109 1350 4192 Mysterium
1381 4130 1709 4192 synaxeos.

547 4198 893 4264 Hierarchia
918 4219 1158 4281 precem
1185 4220 1413 4264 sacram
1433 4203 1621 4282 (illum
1642 4203 1883 4285 inquam
1906 4203 2112 4268 introi.

468 4293 619 4372 tum)
649 4289 721 4351 ad
753 4289 938 4352 altare
971 4290 1386 4373 celebrans,et
1410 4291 1483 4354 ab
1515 4292 1784 4372 ejusdem
1810 4294 2110 4358 sultitione

469 4382 701 4442 initium
735 4379 980 4463 faciens,
1016 4382 1355 4443 universum
1391 4383 1593 4464 templi
1648 4383 1932 4446 ambitum
1983 4385 2107 4447 cir-

469 4469 614 4532 cuit:
644 4469 860 4531 exinde
890 4489 1125 4532 rursum
1159 4473 1232 4532 ad
1284 4470 1551 4534 divinum
1598 4472 1784 4535 altare
1840 4473 2108 4551 rediens,

467 4576 588 4621 una
609 4577 742 4620 cum
767 4559 900 4621 aliis
927 4559 1056 4621 inﬁt
1090 4561 1449 4642 psalmorum
1487 4561 1676 4624 melos
1702 4582 1716 4624 :
1747 4570 1950 4644 postea
1972 4583 2109 4627 vero

467 4665 576 4731 per
602 4651 858 4712 lectores
893 4649 1025 4729 (hos
1055 4650 1302 4730 liturgos
1331 4651 1522 4732 vocat)
1556 4650 1888 4714 divinarum
1935 4655 2106 4717 Scri-

466 4746 797 4819 pturarum,
832 4747 896 4800 ut
929 4740 1407 4820 Prophetiarum,
1440 4739 1700 4821 apostoli
1721 4751 1779 4804 et
1807 4740 2107 4822 Evangelii

467 4827 649 4890 divini
671 4829 846 4892 lectio
867 4829 1153 4892 recitatur
1172 4852 1186 4895 :
1211 4850 1328 4912 qua
1349 4830 1534 4906 ﬁnita,
1568 4832 1987 4894 catechumeni
2005 4851 2104 4895 ar-

467 4929 698 4996 centur,
757 4930 818 4982 et
861 4928 996 4982 ante
1039 4919 1149 4983 bos
1173 4922 1588 5002 energumeni,
1618 4921 1720 5002 qui
1761 4922 2039 4984 nimirum
2070 4942 2104 4985 a

465 5007 836 5073 daemonibus
856 5010 1230 5092 infestantur,
1247 5020 1305 5074 et
1325 5017 1702 5092 pmuitentes;
1726 5025 1971 5074 manent
1991 5032 2101 5075 au-

467 5107 585 5160 tem
611 5099 712 5180 qui
737 5099 897 5178 digni
925 5109 1080 5164 sunt.
1113 5102 1295 5164 Porro
1328 5120 1360 5164 e
1391 5103 1648 5182 liturgis,
1710 5101 2099 5165 subdiaconi-

466 5187 581 5249 bus
610 5190 985 5270 inquam,alii
1016 5190 1257 5272 quidem
1280 5191 1440 5254 fores
1470 5190 1936 5267 custodiunt,alii
1958 5209 2101 5255 vero

462 5276 623 5340 aliud
645 5279 947 5360 quidpiam
978 5291 1182 5360 agunt;
1224 5281 1326 5362 qui
1355 5290 1555 5344 autem
1611 5281 1877 5364 primarii
1936 5291 2098 5357 sunt,

463 5367 699 5432 scilicet
715 5368 975 5447 diaconi,
1001 5389 1118 5434 una
1139 5389 1275 5434 cum
1292 5370 1699 5434 sacerdotibus
1719 5370 1917 5434 divino
1933 5371 2104 5436 altari

463 5476 678 5540 panem
693 5462 1278 5542 sacrum,etcalicem
1303 5461 1740 5525 benedictionis
1766 5463 2096 5545 imponunt,

458 5556 517 5611 et
549 5548 768 5613 deinde
797 5552 1136 5614 communis
1158 5551 1532 5634 bymuologia
1554 5554 1886 5634 profertur;
1915 5555 2104 5617 habe-

459 5637 604 5702 bant
629 5643 788 5704 enim
818 5642 996 5707 etiam
1015 5653 1146 5706 tum
1169 5643 1406 5727 aliquod
1425 5644 1850 5707 documentum
1872 5661 1942 5707 ac
1964 5645 2106 5709 ﬁdei

537 5766 561 5794 ⁹
590 5767 724 5840 ἴσως
764 5775 896 5840 τῶν,

2652 4123 2719 4175 II.
2755 4117 3054 4194 Μυστήριον
3085 4115 3369 4182 συνάξεως.

2276 4195 2334 4265 Ὀ
2394 4209 2490 4281 μὲν
2551 4206 2835 4286 ίεράρχης,
2895 4207 3061 4286 εὐχὴν
3092 4208 3234 4286 ἱερὰν
3265 4207 3411 4271 ἐντὸς
3444 4215 3535 4265 τοῦ
3561 4210 3843 4276 θυσιαστη·

2193 4296 2303 4375 ρίου
2354 4297 2741 4375 ποιησάμενος,
2801 4296 2980 4371 (αὺτὸν
3034 4295 3099 4364 δὴ
3160 4301 3314 4372 οἶμαι
3369 4300 3459 4354 τὸν
3511 4297 3848 4378 colorarva

2192 4387 2280 4442 καὶ
2342 4383 2394 4451 ἑξ
2451 4389 2609 4444 αὒτοῦ
2662 4395 2754 4444 τοῦ
2783 4388 2970 4460 θυμιᾷ-ι
3020 4385 3328 4465 ἀρξάμενος,
3368 4387 3711 4465 περιέρχεται
3745 4395 3849 4442 πᾶ-

2192 4497 2290 4532 σαν
2321 4477 2418 4542 τὴν
2450 4476 2716 4554 περιοχὴν
2745 4483 2836 4532 τοῦ
2868 4478 3014 4532 ναοῦ·
3054 4476 3199 4550 εἶτα,
3235 4475 3500 4539 ἀναλύσας
3545 4475 3704 4532 πάλιν
3757 4475 3846 4532 ἐπὶ

2193 4568 2253 4621 τὸ
2284 4569 2428 4622 θετον
2457 4565 2854 4644 θυσιαστήριον,
2894 4563 3196 4642 ἀπέρχεται
3228 4566 3364 4640 μετὰ
3395 4566 3500 4621 τῶν
3533 4564 3709 4621 ἄλλων
3743 4571 3844 4631 τῆς

2191 4653 2524 4731 ψαλμῳδίας’
2587 4654 2704 4722 ἑξῆς
2759 4653 2812 4709 δὲ
2869 4651 2953 4709 διὰ
3009 4661 3114 4710 τῶν
3193 4656 3546 4733 ἁναγνωστων
3603 4654 3842 4734 (τούτους

2190 4746 2289 4823 γὰρ
2341 4744 2484 4824 λέγει
2535 4741 2893 4822 λειτουργοὺς)
2947 4744 3055 4800 τῶν
3104 4746 3255 4801 θείων
3287 4745 3530 4825 Γραφῶν,
3563 4752 3668 4800 τῶν
3699 4766 3841 4825 προ-

2188 4841 2447 4914 φητειῶν,
2503 4841 2593 4892 τοῦ
2653 4831 3008 4914 Ἀποστόλου,
3070 4842 3162 4891 τοῦ
3217 4837 3354 4891 θείου
3408 4833 3753 4913 Εὐαγγελίου,
3805 4838 3841 4905 ἡ

2187 4926 2481 5002 ἀνάγνωσις
2514 4923 2742 5002 γίνεταιο
2777 4924 2912 4999 μετὰ
2943 4931 3105 4980 ταῦτα
3151 4921 3497 4981 ἐκϐάλλονται
3557 4925 3602 4980 οἱ
3657 4945 3842 4991 κατη-

2184 5016 2466 5094 χούμενοι,
2525 5015 2627 5094 πρὸ
2658 5015 2856 5070 τούτων
2907 5015 2953 5070 οἱ
3004 5016 3396 5093 ἒνεργούμενοι,
3476 5011 3726 5081 δηλονότι
3794 5018 3843 5072 οἱ

2184 5103 2563 5184 δαιμονῶντες,
2614 5105 2699 5160 καὶ
2750 5106 2797 5161 οἱ
2847 5103 2900 5159 ἐν
2951 5106 3203 5179 μετανοίᾳ
3259 5104 3428 5174 ὅντες,
3464 5103 3675 5180 μένουσι
3709 5102 3766 5160 δὲ
3792 5107 3842 5162 οἱ

2185 5193 2343 5260 ἄξιοι.
2408 5195 2543 5251 Ἀπὸ
2603 5193 2658 5249 δὲ
2721 5194 2826 5250 τῶν
2858 5193 3200 5273 λειτουργῶν,
3237 5196 3375 5274 φημὶ
3407 5199 3512 5251 τῶν
3546 5191 3846 5252 ὑποδιακόσ-

2185 5308 2312 5358 νων,
2347 5285 2395 5342 οἱ
2426 5283 2523 5360 μὲν
2552 5285 2646 5346 τὰς
2676 5283 2845 5347 πύλας
2877 5282 3253 5364 φυλάσσουσιν,
3285 5285 3332 5341 οἱ
3358 5281 3413 5340 δὲ
3443 5282 3577 5340 ἄλλο
3609 5306 3661 5340 τι
3721 5283 3848 5344 δια-

2187 5375 2528 5454 πράττονται·
2567 5375 2614 5431 οἱ
2644 5371 2698 5429 δὲ
2733 5372 2987 5452 ἔκκριτοι,
3019 5371 3266 5442 δηλονότι
3321 5375 3367 5431 οἱ
3424 5371 3684 5455 διάκονοι,
3749 5377 3844 5432 σὺν

2188 5478 2306 5532 τοῖς
2361 5466 2583 5544 ἱερεῦσιν
2640 5465 2726 5522 ὲπὶ
2781 5473 2874 5523 τοῦ
2928 5466 3066 5521 θείου
3117 5468 3490 5543 θυσιαστηριου
3524 5464 3616 5521 τὸν
3680 5462 3843 5544 ἄρτον

2187 5555 2517 5637 προτιθέασι,
2551 5555 2638 5610 καὶ
2665 5554 2726 5610 τὸ
2758 5558 2857 5621 τῆς
2887 5551 3128 5633 εὐλογίας
3181 5551 3456 5630 ποτήριον,
3513 5555 3601 5610 καὶ
3654 5551 3844 5612 ἔπειτα

2189 5644 2642 5729 προομολογετται
2672 5645 2706 5714 ἡ
2736 5643 2892 5712 κοινὴ
2921 5642 3234 5724 ὑμνολογία.
3269 5643 3441 5723 Εἶχον
3467 5643 3567 5728 γὰρ
3597 5643 3686 5700 καὶ
3716 5663 3841 5702 τοτε
