4150 6158
401 353 518 422 453

897 354 989 417 [)Ε
1035 353 1334 418 ECCLES.
1369 352 1817 427 HIERARCH.,
1865 347 2029 414 CAP.
2077 352 2188 414 III.
2237 387 2311 399 -—
2345 354 2730 418 PARAPHR.
2783 357 3296 424 PACHYMERE.

3665 364 3780 430 454

399 489 624 568 μάθημᾶ
653 511 703 545 τι
759 489 845 545 καὶ
876 487 1209 563 σομμάθημα
1243 508 1494 552 πίστεως.
1535 486 1667 564 Πρὸς
1698 490 1780 551 οἷς
1811 489 1837 543 6
1867 485 2043 565 ἱεραίρ-

2131 485 2585 552 institutionem.
2612 488 2699 550 Ad
2735 490 2859 554 hzec
2887 495 3178 576 pontifex,
3215 513 3447 559 sacram
3485 515 3780 578 peragens

402 605 537 662 χης,
569 580 736 659 εὒχὴν
788 578 1177 657 ποιησάμενος,
1214 578 1313 643 τὴν
1364 579 1578 655 εἰρήνην
1614 575 1907 657 διαγγέλει,
1943 574 2046 644 δη-

402 671 578 728 λονότι
609 668 690 725 τό·
740 669 936 744 Εἰρήνη
969 673 1122 723 πᾶσι·
1157 669 1243 722 καί
1272 667 1415 729 εὐθὺς
1463 666 1878 742 ἀσπασαμένων,
1911 667 2045 723 ἀνα-

401 759 751 839 γινώσκονται
782 759 847 816 τὰ
877 756 1158 837 δίπτυρχα,
1203 758 1299 815 Καὶ
1330 756 1661 837 νιψαμένων,
1695 759 1722 812 6
1762 758 2044 838 ἱππάρχης,

404 851 565 927 μέσον
614 848 919 924 ἱστάμενος,
955 845 1071 926 ἔχει
1119 847 1560 923 περιισταμένους
1619 847 1883 910 κάκείνους
1926 849 2046 911 τοὺς

403 947 507 998 τῶν
551 938 866 1017 λειτουργῶν
917 936 1206 1014 ἐκκρίτους,
1243 938 1330 995 καὶ
1384 939 1646 1016 ὑμνήσας,
1674 939 1936 1016 ἱερουργεϊ
1986 938 2051 993 τὰ

402 1033 669 1110 θειότατα,
705 1029 790 1086 καὶ
832 1025 920 1084 ὑπ’
952 1024 1073 1103 ὄψιν
1126 1025 1244 1106 ἄγει
1289 1028 1355 1083 τὰ
1395 1028 1694 1104 ὑμνημένα,
1724 1027 2046 1106 σαφηνίζων,

393 1123 469 1184 ὡς
522 1125 752 1198 Χριστοῦ
800 1119 898 1174 εἰσι
946 1118 1010 1175 τὰ
1064 1123 1284 1174 τοιαῦτα
1327 1115 1588 1192 σύμϐολα’
1647 1117 1728 1174 ὅτι
1789 1118 1924 1193 μετὰ
1988 1120 2049 1173 τὸ

395 1210 614 1268 δεῖπνον
670 1205 846 1266 λαϐὼν
905 1204 1087 1288 ἄρτον,
1145 1208 1233 1264 καὶ
1288 1206 1354 1263 τὰ
1412 1205 1534 1274 ἑξῆς
1593 1208 1680 1264 καὶ
1740 1206 1822 1264 ὅτι
1886 1215 2050 1266 Τοῦτο

395 1313 603 1358 ποιεῖτε
656 1302 728 1364 εἰς
796 1299 894 1367 τὴν
949 1299 1087 1374 ἐμὴν
1152 1297 1472 1373 ἀνάμνησιν,
1537 1288 1896 1354 ’Υποδείκνυσι
1966 1297 2045 1382 δὲ,

397 1390 561 1470 ἤγουν
619 1389 818 1465 ἀνυψοϊ
875 1393 1020 1463 τότε,
1058 1387 1586 1464 ἇποκαλυπτομένων
1616 1394 1721 1444 τῶν
1777 1390 2050 1467 παναγίων

398 1479 579 1560 δώρων
627 1481 764 1557 μετὰ
805 1479 899 1544 τὰς
953 1480 1145 1560 εὺχὰς,
1197 1480 1464 1554 μενόντων
1526 1475 1579 1532 δὲ
1637 1477 2051 1554 κεκαλυμμένων

398 1571 500 1635 ἕως
532 1578 717 1648 καιροῦ
762 1569 1148 1645 μεταλὴψεως,
1199 1569 1344 1625 Μετὰ
1373 1574 1538 1625 ταῦτα
1589 1567 1744 1631 αὐτός
1777 1591 1834 1624 τε
1881 1589 2051 1643 μετα-

399 1658 682 1740 λαμϐάνει,
718 1663 804 1717 καὶ
856 1661 974 1724 τοὺς
1005 1657 1195 1724 ἄλλους
1244 1657 1621 1737 προτρέπεται.
1658 1659 1956 1737 Μετασχὼν
2000 1657 2054 1714 δὲ

2135 578 2778 659 precationem,pacem
2811 594 3187 661 apprecatur,
3223 586 3478 648 dicendo
3506 587 3776 652 scilicet:

2133 667 2272 729 Pax
2303 669 2625 750 omnibus;
2679 669 2942 751 dumque
2975 673 3133 734 illico
3165 693 3228 736 se
3272 677 3554 752 salutant,
3587 696 3779 740 sacrae

2133 757 2345 820 tabula;
2377 759 2802 822 recitantur.Et
2835 770 3144 843 postquam
3168 765 3269 826 loti
3294 767 3779 840 sunt,hierarcha

2133 855 2298 911 stans
2323 850 2381 909 in
2420 850 2614 910 medio
2660 850 2920 914 selectos
2949 851 3084 914 illos
3130 853 3415 917 diaconos
3445 856 3558 919 sibi
3594 857 3778 920 habet

2132 939 2850 1022 assistentes,hymnoque
2869 941 3027 1003 dicto
3052 942 3777 1010 divinissimaQOﬁconse-

2135 1037 2730 1110 cratsacramenta,et
2749 1028 2860 1091 sub
2875 1040 3178 1112 aspectum
3200 1033 3363 1096 ducit
3386 1053 3454 1096 ea
3477 1054 3609 1116 quae
3623 1039 3781 1098 cele-

2134 1116 2303 1180 brata
2326 1128 2486 1194 sunt,
2547 1119 2859 1181 declarans
2919 1139 2988 1182 ea
3037 1122 3253 1185 Christi
3303 1141 3434 1187 esse
3486 1125 3774 1206 symbola,

2135 1208 2411 1289 quoniam
2461 1218 2592 1290 post
2640 1228 2870 1272 coenam
2929 1221 3174 1292 accepto
3229 1231 3389 1294 pane
3419 1235 3474 1297 Ρ,
3538 1223 3598 1278 et
3650 1234 3780 1296 quae

2135 1307 2485 1379 sequuntur.
2522 1301 2670 1362 Item
2709 1319 2722 1364 :
2774 1299 2907 1363 Hoc
2964 1304 3146 1379 facile
3205 1306 3274 1366 in
3319 1321 3514 1367 meam
3545 1323 3777 1369 comme

2134 1391 2529 1452 morationem
2553 1395 2600 1452 ει.
2631 1389 2904 1452 Ostendit
2932 1401 3154 1467 autem,
3190 1392 3248 1454 id
3284 1401 3395 1468 est,
3429 1403 3570 1458 tunc
3604 1394 3778 1458 dete-

2135 1485 2230 1542 cta
2261 1488 2468 1542 sancta
2530 1481 2683 1542 dona
2744 1488 2876 1560 post
2937 1500 3146 1562 preces
3177 1482 3392 1545 attollit
3420 1502 3526 1547 seu
3558 1485 3773 1558 elevat,

2138 1568 2212 1630 de
2226 1577 2440 1632 caetero
2460 1577 2612 1632 tecta
2643 1580 2884 1632 manent
2911 1590 3099 1650 usque
3131 1573 3203 1634 ad
3232 1580 3466 1654 tempus
3487 1575 3779 1656 sumptio-

2137 1659 2254 1723 nis.
2292 1659 2520 1722 Exinde
2562 1661 2957 1723 communicat
3017 1662 3168 1741 ipse,
3221 1662 3489 1744 aliosque
3543 1664 3773 1726 invitat.

397 1752 488 1806 καὶ
541 1749 824 1825 μεταδοὺς,
861 1751 934 1814 εἰς
983 1749 1326 1828 εὐχαριστίαν
1373 1746 1690 1826 καταλήγει,
1726 1749 1822 1805 Καὶ
1865 1747 2043 1804 πολλο¹

2139 1750 2400 1830 Accepta
2440 1751 2696 1829 denique
2729 1751 2984 1827 dataque
3009 1752 3528 1833 communione,in
3559 1755 3778 1833 gratia-

399 1839 501 1914 μὲν
541 1841 614 1902 εἰς
647 1840 784 1915 μόνα
814 1840 878 1895 τὰ
921 1843 1040 1896 θεῖα
1093 1839 1490 1915 παρακόπτουσι
1546 1836 1805 1914 σύμϐολα,
1839 1838 1929 1894 ἅτε
1982 1837 2043 1912 μθ

2141 1861 2271 1904 rum
2286 1842 2581 1904 actionem
2596 1842 3118 1925 desinit.Cumque
3143 1845 3410 1926 plerique
3422 1845 3620 1908 divina
3641 1855 3777 1908 tan—

399 1926 675 2004 δυνάμενοι
728 1927 1057 2007 ὑψηλότερόν
1088 1951 1137 1985 τι
1197 1929 1469 1997 ἐννοῆσαιο
1504 1931 1658 1993 αὐτὸς
1703 1925 1817 1984 δὲὸ
1874 1928 2043 2005 ἱεράρ-

2141 1941 2260 1993 tum
2294 1931 2557 2012 symbola
2577 1941 2992 2008 contueantur,
3022 1952 3092 1995 eo
3113 1935 3273 2012 quod
3295 1925 3612 1996 sublimius
3633 1936 3776 2013 quid

395 2040 510 2097 χης
543 2017 673 2095 πρός
719 2019 900 2075 ἐκεῖνα
944 2020 1009 2075 τὰ
1063 2019 1385 2096 πρωτότυπα
1443 2019 1568 2074 αὐτὸ
1621 2020 1680 2074 τὸ
1725 2024 1816 2076 τοῦ
1868 2018 2054 2095 Κυρίου

396 2108 572 2182 τίμιον
605 2114 760 2184 σῶμα
792 2111 880 2164 καὶ
931 2112 1094 2188 αἷμα,
1131 2107 1403 2187 ἀνάγεται,
1439 2109 1724 2182 πιστεύων,
1761 2107 1840 2164 ὅτι
1873 2109 1959 2164 καὶ
1989 2109 2052 2163 τὰ

395 2197 720 2277 προκείμενα
777 2199 850 2262 εἰς
911 2197 1094 2255 ἐκεῖνο.
1147 2196 1552 2273 μετεϐλήθησαν
1623 2205 1698 2273 τῷ
1762 2198 1895 2276 ἁγίῳ
1963 2198 2053 2254 καὶ

395 2293 709 2368 παντουργῷ
753 2287 1045 2365 Πνεύματι,

1041 2405 1132 2458 lII.
1172 2397 1402 2474 Θεωρία,

478 2498 508 2578 §
563 2509 608 2560 ῐ.
641 2500 767 2558 Ἐπί
824 2501 924 2568 τὴν
966 2500 1186 2576 Θεωρίαν
1244 2497 1346 2566 ἤδη
1382 2497 1713 2575 μεταϐαίνων
1756 2507 1859 2557 τῶν
1914 2502 2049 2558 κατὰ

398 2587 608 2655 σύναξιν
657 2589 1012 2669 τελουμένων,
1047 2589 1176 2668 ὅπερ
1207 2589 1293 2646 ἐπὶ
1343 2597 1435 2646 τοῦ
1466 2591 1756 2668 μυστηρίου
1787 2601 1878 2650 τοῦ
1931 2615 2050 2672 φω-

398 2679 654 2752 τίσματος
711 2681 995 2758 πεποίηκε,
1029 2681 1118 2736 καὶ
1168 2679 1290 2742 τοὺς
1321 2677 1668 2742 ἀτελειὼτους
1716 2679 1790 2736 ἔτι
1835 2681 2051 2760 ἐψυχα-

399 2767 567 2846 γώγει
597 2767 680 2824 διὰ
709 2774 808 2836 τῆς
839 2771 1094 2835 αἰσθητῆς
1121 2774 1225 2824 τῶν
1272 2766 1556 2844 συμϐόλων
1592 2769 1876 2834 ποικιλίας·
1914 2772 2052 2829 οὕτω

395 2859 489 2914 καὶ
528 2858 746 2915 ἐνταῦθα
775 2871 921 2915 ποιεῖ
973 2859 1044 2923 εἰς
1077 2858 1430 2938 ψυχαγωγίαν
1482 2865 1586 2916 τῶν
1619 2858 1695 2914 ἔτι
1741 2859 2051 2936 τελειουμέ-

399 2970 505 3004 νων
555 2949 642 3004 καὶ
671 2948 730 3005 οὒ
761 2948 865 3005 τῶν
918 2946 1132 3004 τελείων
1162 2948 1500 3027 ὲναῆμόνιον,
1535 2947 1780 3015 δηλονότι
1841 2950 2050 3026 προσή-

398 3058 594 3096 κουσαν
622 3043 690 3115 τῇ
718 3037 930 3112 δυνάμει
983 3043 1081 3105 τῆς
1127 3039 1301 3094 αὐτῶν
1332 3037 1510 3104 ἕξεως.
1577 3039 1850 3097 Ποικιλίαν
1880 3039 1932 3096 δὲ
1963 3043 2049 3098 καὶ

398 3129 636 3184 σύνθεσιν
697 3126 781 3184 διὰ
844 3125 1122 3204 συμϐόλων
1179 3127 1346 3206 λέγει.
1398 3128 1548 3186 Ἐπεὶ
1612 3131 1710 3208 γὰρ
1769 3132 1802 3198 ἡ
1859 3131 2048 3210 θεωρία

2137 2023 2526 2084 considerare
2546 2023 3005 2104 nequeant;ipse
3029 2030 3226 2086 tamen
3252 2024 3571 2087 liierarcha
3593 2027 3666 2087 ad
3692 2027 3777 2105 ip-

2136 2119 2680 2194 sametprototypa,
2723 2131 2955 2175 sacrum
2986 2113 3261 2176 videlicet
3284 2131 3499 2193 corpus
3535 2133 3602 2177 ac
3633 2134 3772 2178 san-

2137 2192 2376 2271 guinem
2407 2192 2664 2269 Dom—ini,
2689 2192 3418 2276 adducitur,credens,res
3442 2197 3775 2277 propositas

2136 2285 2196 2346 in
2231 2285 2337 2348 illa
2365 2295 2569 2350 sancto
2599 2305 2668 2349 ac
2691 2285 2971 2360 omniiico
2999 2286 3224 2368 Spiritu
3256 2295 3478 2350 mutata
3498 2306 3652 2352 esse.

2633 2394 2733 2458 Ill.
2771 2395 3266 2474 Comtemplatio.

2215 2502 2242 2582 §
2273 2500 2416 2564 LAd
2447 2499 3013 2579 contemplationem
3046 2500 3222 2562 modo
3249 2505 3543 2564 transiens
3564 2519 3776 2565 eorum

2137 2609 2268 2672 quae
2295 2592 2351 2650 in
2377 2588 3086 2671 synaxicelebrantur,uti
3103 2588 3163 2650 in
3187 2588 3557 2670 baptismatis
3579 2609 3776 2654 sacra-

2137 2688 2336 2742 mento
2361 2680 2636 2741 rudiores
2653 2680 2846 2740 adhuc
2873 2679 3103 2739 animas
3133 2697 3240 2758 per
3261 2679 3543 2741 sensilem
3567 2680 3772 2760 signo-

2136 2789 2267 2830 rum
2301 2770 2643 2831 varietatem
2666 2768 2940 2842 instituit,
2958 2767 3044 2829 sic
3069 2777 3128 2829 et
3151 2768 3270 2849 hic,
3297 2769 3369 2829 ad
3394 2770 3770 2833 commodam

2136 2879 2341 2922 eorum
2373 2860 2470 2939 qui
2501 2859 2693 2920 adhuc
2719 2858 3118 2938 perﬁciuntur
3141 2866 3197 2920 et
3231 2858 3486 2920 necdum
3527 2860 3772 2941 perfecti

2134 2959 2272 3012 sunt
2317 2950 2802 3022 instructionem,
2852 2947 3129 3010 similiter
3158 2948 3319 3030 facit,
3367 2949 3425 3009 id
3457 2957 3547 3010 est
3572 2951 3773 3012 virtuti

2135 3039 2372 3104 habitus
2397 3040 2660 3121 ipsorum
2695 3036 3422 3100 convenientem.Variam
3453 3047 3652 3102 autem
3677 3057 3773 3100 vo-

2133 3142 2226 3192 cat
2257 3139 2314 3191 et
2344 3129 2754 3210 compositam,
2791 3136 3034 3209 propter
3067 3126 3355 3208 symbola.
3419 3126 3565 3191 Cum
3610 3129 3770 3190 enim

396 3215 545 3285 ἁπλῆ
597 3218 684 3274 καὶ
742 3219 932 3294 ἒνιαία,
978 3218 1195 3281 εἰκότως
1252 3219 1317 3273 τὰ
1375 3218 1615 3294 σύμϐολα
1673 3219 1910 3276 ποικιλία
1959 3223 2043 3277 καὶ

2131 3220 2552 3299 contemplatio
2572 3218 2824 3299 simplex
2855 3219 2928 3279 sit
2948 3227 3006 3280 et
3029 3217 3337 3299 unimoda,
3366 3221 3576 3281 merito
3608 3237 3772 3300 sym-

397 3307 657 3370 σύνθεσις·
722 3311 768 3364 οἰ
833 3309 932 3385 γὰρ
1004 3320 1121 3371 τοῖς
1188 3306 1477 3382 συμϐόλοις
1536 3309 1891 3389 προσέχοντες
1953 3311 2043 3367 οὐκ

2130 3310 2266 3373 bola
2297 3311 2547 3371 varietas
2573 3316 2715 3370 sunt
2743 3315 2802 3371 et
2845 3308 3196 3387 compositio
3228 3329 3241 3369 :
3281 3308 3382 3389 qui
3412 3307 3572 3370 enim
3603 3328 3768 3389 sym-

397 3395 586 3476 ἕχουσι
617 3398 713 3466 τὴν
745 3398 942 3454 ἑνιαίαν
971 3399 1058 3455 καὶ
1108 3396 1282 3465 ἂπλῆν
1319 3403 1533 3476 γνῶσιν·
1570 3397 1688 3459 ἀλλ’
1719 3398 1896 3464 ἄλλως
1940 3399 2043 3456 ἄλο

2130 3401 2281 3462 bolis
2309 3400 2643 3474 intendunt,
2681 3418 2800 3460 non
2824 3397 3050 3460 habent
3083 3403 3311 3459 unitam
3346 3405 3403 3459 et
3431 3397 3766 3479 simplicem

394 3485 488 3549 λος
521 3487 728 3566 ἀνάγει,
763 3486 939 3553 ἄλλως
983 3486 1152 3553 ἄλλος
1185 3488 1249 3544 τὰ
1281 3493 1379 3554 τῆς
1411 3487 1735 3566 ἀλληγορίας
1768 3487 1934 3566 λέγει,
1969 3493 2041 3553 ὡς

396 3575 667 3653 βούλεται.
704 3579 814 3634 Εἰσὶ
843 3575 888 3632 δ’
932 3577 1148 3652 οἵτινες,
1183 3579 1270 3634 καὶ
1295 3583 1412 3642 τοὶς
1445 3575 1729 3653 συμϐόλοις
1758 3578 2042 3636 ἐναπολει-

388 3666 626 3745 φθέντες⁶
652 3663 768 3723 καθ’
800 3665 986 3730 αὑτὰς’
1031 3665 1341 3748 ἐκδέχονται
1398 3669 1462 3724 τὰ
1509 3669 1639 3745 ὑπὲρ
1681 3671 1891 3749 αὐτοὺς,
1953 3669 2039 3726 καὶ

387 3754 597 3831 ψευδῶς
623 3759 922 3814 ὑπονοοῦσι·
963 3760 1080 3814 καθ’
1117 3759 1144 3813 ὃ
1175 3757 1240 3825 δὴ
1272 3755 1458 3832 ψεῦδος
1492 3761 1581 3814 καὶ
1621 3761 1919 3834 μερίζονται
1953 3761 2038 3816 καὶ

385 3845 774 3904 ποικίλλονται.
811 3846 1062 3904 Ἐνταῦθα
1124 3855 1246 3926 γοῦν
1279 3870 1437 3926 φησιν
1487 3850 1514 3903 ὁ
1565 3847 1767 3926 Πατήρ
1805 3840 1894 3914 Ὠς
1930 3847 2036 3908 οὔδ’

385 3935 525 4004 αῦτη
553 3937 587 3996 ’λ
626 3936 844 4005 ποικίλη
876 3935 959 3993 διὰ
1007 3935 1289 4014 συμϐόλων
1321 3939 1554 4002 σύνθεσις
1586 3938 1810 4006 ἀνόητος
1863 3941 2037 4020 ὑπάρ-

386 4047 481 4106 χει
513 4039 631 4092 τοῖς
682 4026 1045 4109 τελουμένοις,
1084 4030 1170 4084 καὶ
1197 4027 1359 4107 μέχρι
1389 4035 1496 4085 τῶν
1555 4031 1816 4096 αἰσθητῶν
1847 4053 2037 4110 φαινο-

389 4116 528 4192 μένη
558 4118 743 4182 μόνον’
790 4119 844 4173 αἱ
875 4119 974 4197 γὰρ
1005 4119 1324 4196 ἀναγνώσεις
1383 4124 1488 4174 τῶν
1518 4117 1735 4196 λογίων,
1771 4119 1902 4176 ὅπου
1951 4123 2038 4178 καὶ

388 4206 677 4286 ἀναγωγὴν
724 4208 820 4266 οὒκ
849 4208 1030 4287 εἶχον,
1070 4206 1407 4264 διδασκαλίαν
1463 4208 1706 4283 ἐναρέτου
1737 4215 1864 4280 ζοῆς
1893 4212 2036 4290 ὕφη-

389 4303 608 4373 γοῦνται
652 4299 739 4355 καὶ
787 4297 1142 4377 ἀποκάθαρσιν
1171 4303 1270 4365 τῆς
1320 4299 1530 4363 κακίας.
1571 4291 1633 4355 Ἠ
1661 4297 1714 4354 δὲ
1769 4302 1920 4368 κοινὴ
1950 4303 2038 4358 καὶ

386 4387 497 4443 ἀπὸ
538 4396 632 4448 τοῦ
696 4387 853 4447 αὺτοῦ
915 4386 1071 4466 ἄρτου
1129 4389 1214 4444 καὶ
1261 4389 1514 4465 ποτηρίου
1559 4388 1836 4464 μετάδοσις
1897 4393 2036 4466 ὁμο-

382 4477 605 4556 τροπίαν
662 4480 957 4554 νομοθετεῖ·
1000 4479 1061 4535 τὸ
1117 4478 1218 4556 γὰρ
1275 4477 1574 4554 ὁμοδίαιτον
1605 4481 1692 4535 καὶ
1737 4479 2035 4558 ὁμότροπον

2127 3489 2555 3568 cognitionem,
2589 3490 2693 3552 sed
2723 3488 2875 3551 alius
2892 3488 3077 3550 aliter
3105 3487 3369 3562 adducit,
3408 3495 3582 3569 atque
3612 3487 3767 3551 alius

2124 3581 2298 3643 aliter
2318 3581 2633 3660 allegorias
2665 3581 2863 3646 tradit,
2930 3586 3105 3660 prout
3133 3579 3281 3640 vult.
3317 3577 3598 3650 Quinimo
3625 3586 3770 3642 sunt

2125 3670 2529 3751 nonnulli,qui
2561 3669 2842 3751 symbolis
2871 3670 3263 3741 inhaerentes,
3299 3667 3629 3730 secundum
3663 3667 3767 3730 illa

2123 3761 2426 3842 accipiunt
2455 3779 2524 3822 ea
2553 3780 2684 3841 quas
2707 3777 2886 3842 supra
2928 3761 3053 3839 ipsa
3088 3767 3246 3839 sunt,
3307 3766 3364 3820 et
3396 3758 3605 3819 falsum
3629 3756 3764 3838 opi-

2124 3862 2374 3927 nantur;
2405 3851 2735 3914 secundum
2763 3869 2938 3932 quam
2957 3849 3272 3912 falsitatem
3297 3851 3474 3910 etiam
3501 3848 3768 3911 dividun-

2122 3949 2218 4002 tur
2244 3950 2302 4003 et
2327 3941 2818 4022 multiplicantur.
2850 3940 2958 4003 Hic
2984 3941 3182 4021 itaque
3214 3938 3390 4000 Pater
3411 3939 3526 4002 ait:
3561 3936 3646 4000 Ne
3667 3938 3765 4000 di-

2125 4049 2291 4093 versa
2311 4031 2412 4093 illa
2439 4031 2841 4112 symbolorum
2869 4029 3227 4112 compositio
3258 4028 3514 4108 insipida
3546 4029 3766 4090 existat

2121 4120 2196 4182 iis
2222 4122 2323 4202 qui
2344 4122 2676 4191 initiantur,
2709 4121 2758 4182 si
2783 4139 2987 4183 rerum
3021 4119 3336 4182 sensilium
3365 4126 3596 4180 tantum
3627 4137 3761 4180 esse

2119 4213 2392 4274 videatur
2427 4233 2440 4276 :
2501 4211 2948 4292 Scripturarum
2983 4209 3145 4273 enim
3178 4210 3462 4272 lectiones
3492 4216 3556 4269 ut
3582 4209 3757 4272 etiam

2121 4322 2424 4384 anagogen
2457 4321 2576 4364 non
2608 4301 2928 4373 haberent,
2965 4302 3166 4383 probae
3197 4308 3394 4361 tamen
3421 4297 3556 4359 vita;
3585 4297 3763 4361 disci-

2121 4395 2341 4474 plinam
2367 4402 2426 4457 et
2457 4390 2758 4474 pravitatis
2783 4393 3036 4474 innuunt
3057 4389 3764 4474 expiationem.t_lommu-

2119 4469 2214 4537 his
2244 4485 2440 4537 autem
2458 4469 2649 4536 'unius
2680 4473 3072 4554 ejusdemque
3099 4469 3270 4552 panis
3299 4489 3368 4533 ac
3399 4469 3600 4533 calicis
3625 4487 3759 4552 par-

379 4569 470 4624 καὶ
504 4566 581 4624 ἔτι
635 4569 709 4632 εἰς
739 4570 962 4644 μνήμην
996 4566 1113 4647 ἄγει
1162 4567 1250 4624 νοῦ
1295 4577 1558 4646 Κυριακοῦ
1600 4567 1831 4648 δείπνου,
1865 4572 1890 4625 ὃ
1944 4572 2032 4628 καὶ

2130 4565 2381 4646 ticipatio
2417 4582 2648 4625 morum
2709 4562 3184 4624 conformitatem
3247 4560 3559 4643 praecipit:
3621 4579 3757 4660 nam

378 4653 780 4737 ἀρχισύμϐολον
829 4657 996 4737 λέγει,
1032 4661 1188 4716 οἱονεὶ
1239 4658 1707 4739 ἀρχικοινωνικόν.
1759 4657 2031 4735 Σύμϐολον

374 4748 478 4826 γὰρ
529 4749 556 4803 6
591 4746 798 4828 ἔρανος,
832 4750 920 4806 καὶ
983 4751 1010 4805 ὁ
1065 4748 1300 4806 ἐντεῦθεν
1357 4751 1533 4813 κοινὸς
1592 4750 2033 4826 οἰκονομούμενος

375 4835 595 4895 δεῖπνον
650 4837 884 4916 λέγεται·
947 4837 1001 4904 ἒξ
1059 4841 1120 4894 οὗ
1174 4841 1261 4895 καὶ
1314 4838 1574 4914 σύμϐολον
1633 4841 1692 4896 τὸ
1736 4837 2031 4921 διδόμενοι,

375 4929 463 4983 καὶ
527 4924 827 5002 ἆσόμϐοὶος
885 4929 913 4984 ὁ
983 4926 1274 4998 ἂσυντελής
1332 4927 1445 4985 καθ’
1508 4929 1535 4983 ὃ
1587 4933 1672 4986 καὶ
1732 4931 1884 4992 αὐτὸς
1930 4933 2033 4985 τῶν

375 5013 662 5090 συμϐόλων
698 5013 1014 5096 δημιουργὸς
1149 5014 1351 5085 δῆλαδὴ
1399 5017 1496 5085 τῆς
1528 5020 1824 5097 κοινωνίας,
1861 5018 1896 5086 ἢ
1928 5026 2033 5076 τῶν

379 5103 833 5182 συμϐαλλομένων
864 5108 939 5172 εἰς
968 5108 1028 5164 τὸ
1060 5108 1255 5164 κοινόν·
1308 5106 1414 5165 εἴτι
1441 5110 1539 5188 γὰρ
1585 5107 1645 5164 ἂν
1676 5108 1767 5175 εἴη
1799 5110 1859 5165 τὸ
1890 5131 2032 5185 συμ-

2118 4656 2292 4717 etiam
2321 4655 2648 4716 Dominicie
2677 4671 2863 4716 C(BnEB
2897 4652 3231 4714 convivium
3262 4669 3333 4714 ac
3359 4649 3752 4713 conformita-

2120 4752 2237 4807 tem
2271 4745 2331 4806 in
2351 4745 2696 4807 memoriam
2720 4743 3158 4825 reducit,quam
3181 4740 3758 4820 etarchisymbolam

2121 4844 2306 4912 iocat,
2343 4835 2510 4917 quasi
2529 4835 2803 4916 primitus
2848 4833 3374 4895 communicatam.
3409 4830 3755 4912 Symbolum

2116 4926 2278 4989 enim
2329 4927 2660 4988 convivium
2712 4925 2955 5000 dicitur,
2993 4932 3050 4984 et
3102 4940 3293 4995 caena,
3329 4921 3606 5002 quodque
3635 4921 3760 4992 illic

2115 5016 2177 5076 in
2203 5034 2517 5078 commune
2547 5015 2871 5087 confertur,
2912 5013 3072 5074 unde
3097 5011 3273 5074 etiam
3307 5009 3638 5092 symbolum
3672 5022 3762 5075 est

2114 5105 2174 5168 id
2211 5105 2366 5186 quod
2399 5105 2594 5182 dator,
2627 5113 2684 5166 et
2713 5103 3054 5184 asymbolus
3085 5104 3226 5164 9.04
3250 5110 3340 5164 est
3373 5102 3756 5183 imperfectus

377 5191 736 5275 ϐαλλόμενον,
768 5198 902 5253 Θεοῦ
957 5195 1069 5256 ἐστι
1100 5195 1530 5276 δημιούργημα³>
1590 5197 1898 5278 ἀποκληροῖ
1942 5203 2029 5258 καὶ

2130 5215 2219 5258 seu
2254 5194 2500 5275 inutilis;
2515 5193 2856 5274 juxtaquod
2876 5194 3048 5255 etiam
3077 5194 3329 5274 ipsemet
3349 5191 3755 5274 symbolarum

377 5283 782 5342 ἆποδιαστέλλει
828 5283 1138 5344 δικαιότατα
1194 5288 1286 5344 τὸν
1346 5291 1449 5368 οὐχ
1498 5288 1654 5352 ὁσίως
1707 5287 2026 5362 συνδειπνή-

2130 5295 2318 5348 luctor
2345 5283 2495 5361 (sive
2515 5283 2956 5346 communionis
2980 5283 3360 5356 scilicet,sive
3384 5299 3592 5344 eorum
3622 5301 3756 5364 quae

375 5395 543 5431 σαντα
592 5373 812 5439 Ἰούδαν.
849 5377 942 5435 Καὶ
989 5381 1130 5450 αὒτῷ
1174 5377 1271 5456 γὰρ
1318 5384 1408 5433 τοῦ
1436 5384 1690 5453 μυστικοῦ
1745 5378 1901 5456 ἄρτου
1938 5382 2026 5438 καὶ

2133 5396 2168 5439 n
2203 5391 2521 5438 commune
2543 5373 2968 5451 conferuntur;
2999 5373 3289 5454 quidquid
3315 5372 3472 5434 enim
3502 5370 3562 5432 in
3581 5389 3755 5433 com-

371 5466 472 5522 τοῦ
520 5465 774 5545 ποτηρίου
827 5464 1086 5543 μεταδοὺς
1135 5467 1200 5522 τὰ
1243 5469 1503 5546 μυστήρια
1536 5469 1719 5543 μόνοις
1763 5482 1879 5534 τοῖς
1913 5494 2022 5546 μα-

2130 5483 2291 5528 nune
2310 5461 2753 5534 confertur,Dei
2779 5470 3054 5527 creatura
3077 5463 3330 5542 est)jure
3360 5459 3742 5522 meritissimo

368 5557 589 5634 θηταῖς,
625 5556 761 5632 μετὰ
789 5557 849 5614 τὸ
904 5554 1135 5624 ἔξελθεῖν
1165 5557 1373 5614 ἱκεϊνον
1404 5557 1463 5616 ἐκ
1491 5565 1583 5616 τοῦ
1613 5556 1843 5641 δείπνου,
1876 5583 2018 5640 παρ-

2130 5563 2405 5621 ιΧεοΓίθω
2439 5554 2580 5618 facit
2605 5561 2664 5616 et
2713 5553 2972 5618 excludit
3000 5553 3238 5632 Judam,
3272 5550 3371 5632 qui
3401 5567 3521 5612 non
3545 5559 3750 5614 sancte

476 5727 506 5772 Ρ
533 5715 683 5782 Luc.
717 5729 866 5793 xm,
913 5715 1014 5780 19.
1081 5711 1282 5781 “bid.
1342 5723 1356 5741 '
1389 5719 1524 5785 ἴσως
1567 5722 1687 5778 κατ’
1719 5724 1872 5783 αὐτά.
