4150 6158
386 368 501 431 455
1555 370 1613 433 S.
1670 371 1844 432 DION
1856 370 2004 433 YSII

2117 372 2556 437 REOPAGITIE
3637 380 3757 445 456

383 500 1062 581 cmnamfrequentabat.
1091 506 1237 564 Cum
1254 503 1415 565 enim
1437 504 1548 583 ipsi
1577 503 1887 583 mysticum
1919 522 2024 583 pa-

2117 505 2326 580 ἑδωκεν,
2363 509 2439 567 ὡς
2486 505 2692 573 ἀναξίου
2733 511 2918 566 τούτον
2969 510 3116 576 ὀντος
3159 515 3250 569 τοῦ
3311 511 3497 576 Ἰούδα,
3557 518 3654 572 Διά
3710 517 3763 574 τί

385 610 519 652 nem
552 593 920 672 calicemque
971 594 1330 673 tradidisset,
1367 594 1640 674 mysteria
1671 593 1813 653 solis
1843 594 2029 654 disci-

2117 597 2282 651 τοίνυν
2343 599 2433 652 τὸν
2465 596 2664 653 Ἰούδαν
2722 598 3026 677 ἀπ(,κ).ηροϊ
3069 606 3174 656 τῶν
3221 603 3370 660 θείων
3433 606 3762 685 μυστηρίων,

387 681 542 761 pulis
585 681 848 756 tradidit,
883 691 1190 772 postquam
1220 683 1420 754 Judas,
1459 684 1614 772 quod
1648 684 1716 741 iis
1751 682 2031 772 indignus

2117 686 2283 740 καίτοι
2317 707 2375 762 γε
2423 685 2920 768 συνδειπνήσαντας
2968 687 3186 752 Πάντως
3221 689 3506 772 διδάσκων,
3558 697 3628 760 ὡς
3673 699 3768 754 οῦκ

385 780 566 844 esset,
601 789 634 832 a
684 788 851 832 (cena
880 769 1256 832 surrexisset.
1325 771 1538 850 thuid
1573 772 1770 851 itaque
1815 770 2028 833 .ludam

2117 772 2366 851 αὔταρκες
2422 777 2482 830 τὸ
2534 780 2857 846 σωματικῶς
2890 779 3050 853 μόνον
3085 796 3441 859 συμπαρετναι
3489 785 3575 840 καί
3639 808 3768 840 συν-

384 871 676 924 exsortem
703 860 838 922 facit
858 859 1200 948 divinorum
1224 862 1806 942 mysteriorum,cum
1833 869 2028 920 tamen

2117 859 2372 938 δειπνεῖν,
2420 863 2560 940 (οῦὃέ
2620 867 2720 943 γάρ
2777 865 2887 923 ἐστι
2940 877 3091 926 τοῦτο
3148 871 3277 948 πρὸς
3332 873 3430 938 τὴν
3489 874 3772 930 κοινωνίαν

384 969 502 1014 una
531 951 819 1013 ccenarit?
851 947 916 1013 Ut
954 950 1311 1015 ostenderet.
1346 967 1462 1011 non
1491 949 1635 1010 satis
1657 967 1789 1010 esse
1821 967 2029 1028 corpo-

2117 952 2344 1031 ὃμοιον,)
2402 952 2536 1010 ἀλλὰ
2577 956 2636 1010 τὸ
2681 957 2815 1011 κατὰ
2867 954 3104 1013 διάνοιαν
3137 947 3370 1016 συνεῖναι
3419 964 3451 1028 ἡ
3498 963 3596 1040 γαρ
3651 959 3773 1018 καθ’

379 1041 586 1104 raliter
615 1050 836 1101 tantum
870 1041 1082 1102 adesse
1114 1060 1181 1102 ac
1231 1059 1586 1102 conmanere
1619 1045 1833 1120 (neque
1865 1039 2024 1099 enim

2117 1041 2214 1107 ἕξιν
2265 1046 2421 1100 οἱονεὶ
2453 1045 2570 1099 κατ’
2622 1044 2904 1122 ἐπίγνωσιν
2950 1047 3154 1115 ἀληθὴς
3204 1049 3571 1130 προσέλεοσις,
3605 1074 3768 1108 τουτ-

381 1130 492 1192 ltoc
514 1129 761 1209 perinde
786 1141 873 1192 est
898 1131 967 1191 ad
997 1129 1535 1206 communionem),
1567 1131 1669 1190 sed
1699 1127 2025 1190 secundum

2117 1132 2221 1188 ἐστι
2272 1136 2331 1188 τὸ
2377 1133 2706 1214 ἐνδιαθέτως,
2761 1135 2928 1201 οὕτως
2977 1136 3146 1217 ἔχειν,
3185 1141 3274 1195 καὶ
3319 1143 3455 1196 κατᾶ
3499 1141 3600 1207 τὴν
3649 1139 3775 1197 διά-

383 1228 640 1281 mentem
661 1220 875 1280 adesse
898 1225 1155 1298 Oportet.
1181 1219 1468 1292 Quoniam
1506 1220 1626 1300 illa,
1655 1237 1786 1301 quae
1809 1237 2031 1280 secun-

2118 1244 2266 1277 νοιαν
2307 1220 2390 1277 διὰ
2435 1223 2660 1286 πίστεως
2709 1226 2945 1299 εἰσιέναι,
2979 1231 3046 1294 τῆ
3105 1227 3332 1296 ἀληθινῆ
3365 1231 3614 1302 κοινωνίᾳ
3669 1231 3773 1304 ὲμ-

377 1310 517 1370 dum
573 1309 834 1370 habitum
869 1309 1040 1385 quasi
1073 1329 1142 1371 ex
1175 1310 1426 1372 scientia
1485 1311 1546 1372 iit
1577 1308 1862 1381 acerssio,
1901 1326 2031 1370 vera

2118 1324 2288 1368 ποιεῖ·
2337 1311 2466 1388 ὅπερ
2500 1313 2595 1369 οὒκ
2651 1315 2716 1382 ἦν
2771 1315 2888 1371 τότε
2947 1324 3022 1390 τῷ
3075 1313 3236 1388 Ἰούδα
3296 1321 3381 1374 καὶ
3439 1322 3775 1397 συμπαρόντι

379 1411 494 1480 est,
524 1399 583 1460 id
610 1409 786 1461 estut
810 1400 942 1480 quis
973 1402 1173 1461 animo
1199 1401 1286 1461 sic
1312 1401 1674 1463 constitutus
1708 1399 1805 1470 sit,
1835 1410 1898 1459 ut
1932 1417 2031 1478 per

2119 1408 2439 1474 σωματικῶς
2470 1406 2558 1458 καὶ
2591 1403 3001 1466 συνδειπνοῧντι.

378 1489 555 1551 fidem
585 1508 653 1551 ex
684 1489 901 1550 affectu
951 1491 1216 1571 accedat,
1250 1490 1405 1566 quod
1440 1508 1638 1551 veram
1697 1489 1832 1551 facit
1863 1488 2348 1551 communionem
2387 1508 2402 1564 ;
2439 1491 2595 1572 quod
2641 1491 2846 1573 utique
2873 1494 3044 1556 Judre
3093 1494 3318 1571 deerat,
3358 1496 3592 1558 tametsi
3642 1515 3778 1560 cor-

377 1597 519 1660 pore
551 1596 811 1659 praesens
843 1587 991 1653 erat,
1026 1587 1206 1660 atque
1238 1599 1354 1640 una
1400 1579 1694 1642 manabat.

455 1669 483 1749 ἕ
517 1668 587 1733 ll.
615 1669 905 1731 Caeterum
940 1668 1091 1736 haec.
1119 1677 1182 1729 ut
1213 1669 1357 1748 dixi,
1384 1678 1630 1751 propter
1658 1688 1762 1730 eos
1792 1667 1895 1746 qui
1929 1668 2031 1729 ad-

2205 1668 2322 1747 §ll
2393 1669 2840 1727 Ἀλλὰοὲ”“
2953 1673 2980 1692 ν
3082 1675 3212 1713 ’“ρ
3360 1675 3468 1730 ἐν
3725 1681 3739 1698 ‘

2334 1718 2345 1730 .
2597 1711 2613 1728 .
2654 1695 2751 1729 υτα
2783 1695 2878 1748 μεν
2923 1696 3034 1752 ουν,
3069 1697 3139 1740 ως
3171 1697 3326 1754 ερτιν,
3389 1675 3642 1754 ρρεθησαν
3689 1701 3780 1734 αι-

377 1759 493 1822 huc
512 1759 854 1839 imperfecti
879 1770 1041 1835 sunt,
1072 1769 1130 1819 et
1153 1759 1294 1820 hinc
1325 1759 1396 1820 ad
1435 1758 1867 1821 sublimitatem
1891 1776 2031 1822 con-

2125 1762 2528 1837 σθητικωτὲρως
2587 1761 2672 1818 δια
2701 1764 2822 1824 τοὺς
2886 1762 2960 1818 ἔτι
3008 1762 3377 1845 ἀτελειώτουε,
3424 1768 3512 1822 καὶ
3568 1767 3648 1840 μὴ
3695 1766 3787 1824 δυο

377 1849 776 1930 templationis
792 1848 1120 1911 ascendere
1135 1867 1253 1910 non
1269 1850 1487 1928 valent,
1514 1848 1859 1909 sensibilius
1883 1847 2031 1909 dicta

2125 1849 2382 1923 ναμένους
2434 1853 2507 1914 εἰς
2543 1854 2602 1907 τὸ
2647 1852 2780 1927 ὕψος
2833 1853 3141 1911 ἀπεντεῦῡεν
3174 1858 3270 1922 τῆς
3308 1857 3525 1932 θεωρίας
3575 1857 3784 1934 ἀνάγε-

372 1941 511 2014 sint,
545 1941 619 2003 ad
650 1942 1105 2004 convenientem
1132 1942 1400 2022 ipsorum
1433 1940 1654 2001 animis
1682 1939 2035 2002 erudiendis

375 2030 837 2094 institutionem.
867 2034 991 2094 Nos
1014 2040 1209 2092 autem
1237 2030 1313 2092 iis
1341 2049 1472 2110 quae
1506 2049 1624 2108 prtB
1647 2029 1875 2090 foribus
1895 2037 2036 2089 sunt

373 2121 622 2200 relictis,
657 2120 731 2182 ad
764 2123 1082 2202 ipsammet
1129 2119 1694 2200 contemplationem
1729 2118 2034 2197 ingredia-

377 2229 531 2284 mur,
565 2210 640 2271 ab
666 2210 899 2272 effectis
926 2210 998 2271 ad
1025 2229 1256 2289 causas,
1288 2210 1345 2271 id
1379 2222 1492 2286 est,
1520 2210 1594 2270 ab
1627 2210 1699 2270 iis
1725 2228 1862 2286 quas
1893 2209 2033 2270 visi-

377 2299 580 2360 biliter
629 2309 919 2376 geruntur
965 2300 1038 2360 ad
1093 2299 1412 2361 invisibilia
1469 2299 1854 2379 mysticaque,
1905 2317 2036 2380 qua:

377 2405 570 2450 causae
595 2398 732 2449 sunt
762 2397 818 2451 et
843 2388 1204 2468 exemplaria
1243 2407 1456 2450 eorum
1485 2406 1616 2468 quae
1647 2387 1758 2450 sub
1791 2407 2032 2450 sensum

373 2477 618 2540 cadunt.
668 2477 852 2540 Porro
884 2479 1135 2540 etl'ectus
1166 2478 1472 2560 dicuntur,
1510 2497 1580 2539 ea
1628 2497 1760 2560 quae
1788 2479 2034 2540 aliunde

375 2585 619 2630 causam
663 2569 886 2630 habent
919 2577 982 2629 ut
1013 2586 1251 2649 quoquo
1284 2569 1459 2630 modo
1512 2569 1653 2631 sint.
1690 2567 1793 2629 Vel
1826 2586 2032 2629 causas

377 2656 524 2718 dicit
571 2675 694 2730 eas,
731 2676 862 2738 quae
893 2657 1333 2738 quodammodo
1383 2657 1456 2718 ad
1489 2658 1765 2718 ultimum
1807 2656 2028 2718 bonum

376 2754 668 2826 spectant,
698 2757 755 2810 et
789 2766 1036 2826 quarum
1065 2747 1254 2826 gratia
1284 2765 1354 2808 ac
1385 2747 1610 2810 intuitu
1647 2747 1755 2808 hos
1787 2747 2032 2808 effectus

375 2836 557 2915 idque
583 2846 826 2918 propter
844 2837 1001 2916 ipsas
1026 2836 1522 2917 perlicimus.Sed
1544 2855 1576 2898 ο
1593 2836 2032 2896 divinissimum

2123 1943 2238 1996 σθαι
2299 1943 2369 2006 εἰς
2417 1944 2773 2021 ψυχαγωγίαν
2837 1942 3008 1998 αὐτῶν
3053 1945 3138 2000 καὶ
3187 1947 3554 2022 προσήκουσαν
3594 1945 3785 2009 αὗτοϊς

2122 2029 2375 2102 μάθησιν.
2442 2022 2632 2104 Ἡμεῖς
2663 2029 2742 2104 δὲ,
2777 2032 2845 2086 τὰ
2889 2032 3192 2108 προπύλαια
3239 2033 3780 2108 χαταλιπόντες,σέν-

2121 2121 2212 2180 τὸς
2255 2124 2353 2182 τῆς
2384 2121 2600 2197 θεωρίας
2653 2119 2970 2190 εἰσέλθωμεν
3022 2120 3129 2177 ἀπὸ
3158 2129 3264 2178 τῶν
3312 2123 3561 2179 αἰτιατῶν
3604 2126 3678 2186 εἰς
3709 2126 3778 2181 τὰ

2120 2206 2294 2281 αἴτια,
2354 2209 2623 2265 τουτέστιν
2655 2209 2759 2264 ἀπὸ
2817 2215 2921 2265 τῶν
2952 2212 3156 2287 ὁρατῶς
3213 2210 3544 2287 τελουμένων
3575 2214 3662 2269 ἐπὶ
3713 2216 3781 2269 τὰ

2119 2297 2318 2375 ἀόρατα
2345 2299 2432 2354 καὶ
2481 2300 2733 2374 μυστικὰ,
2769 2299 2903 2376 οἵπερ
2936 2305 3041 2355 τῶν
3089 2299 3141 2355 ἐν
3182 2302 3418 2371 αἰσθήσει
3465 2302 3616 2359 αἴτιά
3661 2303 3763 2358 εἰσι

2118 2390 2205 2443 καὶ
2256 2387 2554 2466 ἀρχέτυπα.
2591 2389 2809 2444 Αἰτιατά
2837 2386 2891 2443 δὲ
2947 2388 3313 2480 λέγονταιφτά
3371 2391 3618 2469 ἑτέρωθεν
3663 2391 3764 2458 τὴν

2117 2477 2286 2533 αἰτίαν
2342 2477 2435 2532 τοῦ
2466 2479 2709 2534 ὁπωσοῦν
2756 2478 2898 2535 εἶναι
2941 2479 3162 2558 ἔχοντα.
3208 2477 3274 2535 Ἠ
3329 2481 3478 2537 αἴτια
3509 2480 3652 2558 λέγει
3697 2483 3766 2537 τά

2117 2569 2307 2624 ὡσανεὶ
2363 2566 2570 2645 τελικὰ,
2631 2569 2717 2624 καὶ
2781 2570 2855 2624 ὧν
2919 2568 3097 2642 ἕνεκα,
3162 2572 3290 2645 πρὸς
3349 2571 3384 2625 ἅ
3438 2571 3762 2650 ἀφορῶντες,

2116 2660 2280 2714 ταῦτα
2311 2655 2375 2723 δὴ
2407 2658 2470 2712 τὰ
2522 2658 2751 2732 αἰτιατα,
2785 2658 2879 2715 καί
2920 2659 2984 2714 τά
3018 2659 3171 2715 ἕνεκα
3215 2659 3448 2734 ἐκείνων,
3484 2659 3765 2736 τελοῦμεν,

2115 2744 2269 2802 Ἀλλ’
2312 2745 2357 2801 ὦ
2387 2748 2632 2812 θειοτάτη
2685 2749 2771 2801 καὶ
2800 2747 2910 2824 ἱερά
2965 2749 3161 2813 τελετὴ
3199 2745 3212 2808 ί
3277 2749 3350 2810 ὡς
3381 2746 3616 2827 ἐμψύχῳ
3669 2749 3772 2826 γὰρ

2117 2836 2250 2911 αὐτῇ
2305 2833 2628 2911 διαλέγεται⁸
2692 2837 2779 2890 καὶ
2823 2837 3058 2909 εἰκότως,
3096 2837 3231 2891 καθά
3285 2838 3372 2892 καὶ
3425 2841 3453 2893 6
3510 2835 3762 2914 θεολόγος

376 2945 445 2988 ac
478 2939 920 2990 sacrosanctum
955 2937 1390 2988 sacramentum
1426 2927 1438 2988 Ξ
1475 2927 1670 3006 ipsum
1707 2926 1864 2986 enim
1898 2935 2030 2987 tan-

2117 2925 2284 3002 μέγας
2331 2926 2643 3001 Γρηγόριος’
2680 2923 2853 3004 Ἀλλ’,
2887 2926 2932 2978 ὡ
2963 2925 3150 3005 πάσχα
3180 2928 3239 2981 τὸ
3284 2926 3422 3002 μέγα
3453 2929 3539 2982 καὶ
3582 2927 3719 3004 ἱερόν
3755 2933 3767 2986 l

378 3035 556 3098 quam
611 3017 936 3078 animatum
995 3016 1339 3096 alloquitur,
1378 3016 1559 3096 idque
1619 3016 1855 3090 merito,
1894 3034 2028 3076 cum

2118 3018 2186 3071 Τὸ
2231 3016 2488 3089 ἡμετερον
2543 3015 2640 3091 γὰρ
2685 3015 2896 3093 πάσχα,
2928 3017 3015 3070 καὶ
3060 3018 3094 3082 ἡ
3146 3017 3364 3082 τοιαύτη
3426 3017 3539 3094 ἱερά
3582 3015 3773 3082 τελετὴ

377 3107 552 3168 etiam
587 3105 896 3185 theologus
919 3104 1019 3167 ille
1047 3123 1296 3186 magnus
1330 3104 1652 3184 Gregorius
1673 3106 1871 3167 dicat:
1916 3102 2031 3166 Sed

2119 3101 2272 3167 ατότὸς
2327 3102 2468 3158 ἐστιν
2527 3106 2554 3159 6
2617 3103 2801 3180 Κύριος
2862 3105 3016 3175 ἡμῶν
3076 3103 3282 3170 Ἰησοῦς
3345 3107 3590 3184 Χριστὸς,
3638 3107 3770 3183 πρὸς

377 3214 411 3257 o
458 3195 678 3276 pascha
733 3213 1010 3272 magnum
1055 3213 1122 3256 ac
1181 3195 1499 3257 sanctum!
1545 3202 1814 3256 nostrum
1873 3193 2031 3256 enim

2117 3195 2175 3249 ὃν
2228 3205 2466 3250 ποιεῖται
2496 3193 2587 3248 τὸν
2633 3191 2790 3270 λόγον
2819 3193 2848 3248 6
2877 3193 3052 3271 ἅγιος,
3085 3193 3178 3249 ’ίνα
3209 3194 3532 3270 ἀποκαλύψῃ
3562 3195 3628 3250 τὰ
3657 3194 3766 3268 ἀμ·

379 3285 618 3365 pascha,
653 3293 739 3357 ut,
763 3293 821 3345 et
843 3286 956 3347 hoc
977 3294 1251 3348 sanctum
1278 3295 1744 3359 sacramentum,
1775 3284 2031 3366 ipsemet

2117 3283 2405 3364 φιέσματα,
2439 3284 2525 3338 καὶ
2557 3280 2927 3360 ἀποπληρώσῃ
2957 3289 3050 3340 τοῦ
3080 3283 3274 3340 ἑνιαὶου
3305 3285 3506 3363 φωτὸς.

376 3373 668 3439 Dominus
698 3381 900 3436 noster
922 3373 1095 3438 Jesus
1121 3374 1394 3437 Christus
1426 3384 1536 3449 est,
1572 3375 1645 3438 ad
1677 3392 1853 3456 quem
1887 3374 1986 3436 hic
2013 3382 2252 3436 sanctus
2282 3388 2622 3433 sermonem
2669 3370 2868 3448 habet,
2900 3379 2966 3434 ut
2999 3370 3222 3434 revelet
3279 3371 3602 3454 involucra,
3639 3371 3771 3434 uni-

380 3483 568 3546 coque
603 3463 828 3526 lumine
851 3472 1110 3527 mentem
1145 3464 1413 3545 impleat.

457 3554 486 3634 §
519 3553 616 3616 llI.
671 3555 933 3616 Primum
969 3555 1195 3635 itaque,
1231 3554 1714 3636 quandoquidem
1775 3553 2029 3635 ingressi

377 3662 606 3725 sumus,
642 3644 1028 3706 simulacrum
1075 3645 1474 3724 detegendum
1534 3656 1645 3708 est.
1699 3644 2030 3707 Simulacra

377 3747 575 3796 autem
634 3743 800 3796 vocat
846 3735 1134 3813 imagines
1190 3754 1390 3797 rerum
1446 3737 1824 3817 mysticarum
1875 3735 2030 3796 sicut

378 3824 548 3882 etiam
582 3824 638 3880 in
671 3824 820 3882 libro
849 3825 928 3881 De
949 3824 1156 3882 divinis
1183 3826 1504 3883 nominibus
1536 3826 1592 3882 id
1616 3825 1843 3897 planius
1865 3839 2031 3880 acce-

378 3913 594 3994 pimus.
621 3913 888 3975 Primum
916 3933 1092 3995 porro
1125 3915 1336 3977 horum
1373 3933 1660 3996 synaxeos
1679 3932 2027 3976 sacramen-

381 4001 502 4064 tum
554 4003 892 4084 appellavit,
927 4005 1098 4084 cujus
1141 4023 1408 4080 sensum,
1443 4007 1566 4066 sive
1623 4005 1680 4064 id
1713 4005 1871 4081 quod
1923 4020 2031 4084 per

376 4093 938 4173 contemplationem
965 4097 1356 4174 signiﬁcatur,
1388 4094 1642 4175 postulat
1663 4093 1803 4154 205
1825 4093 2030 4173 expla-

380 4183 532 4245 nari.
567 4181 712 4246 Cum
735 4185 916 4263 igitur
935 4187 1252 4266 episcopus
1283 4187 1358 4246 sit
1381 4193 1550 4266 typus
1571 4183 1700 4259 Dei,
1726 4185 2030 4245 videamus

378 4273 1258 4355 quomodoincipiatincensum
1288 4276 1527 4336 adolere
1541 4275 1614 4336 ab
1640 4274 1809 4336 altari
1841 4291 2030 4356 usque

377 4363 451 4424 ad
476 4364 881 4427 extremitates
915 4365 1144 4444 templi,
1168 4365 1505 4446 iterumque
1533 4366 1607 4427 ad
1640 4365 1902 4426 divinum
1936 4363 2029 4424 al-

375 4461 503 4515 tare
535 4461 887 4516 revertatur.
942 4457 1151 4534 Itaque
1198 4454 1308 4516 Dei
1364 4453 1596 4516 bonitas
1627 4473 1663 4516 a
1710 4453 2032 4532 semetipsa

2188 3553 2216 3632 §
2249 3562 2336 3614 ιιι.
2376 3562 2472 3609 Δεῖ
2501 3551 2566 3621 δὴ
2596 3551 2708 3626 οὖν,
2741 3549 2924 3619 ἐπειδὴ
2979 3551 3124 3617 ἐντὸς
3157 3551 3470 3630 ἐγενόμεθα,
3503 3554 3563 3609 τὸ
3617 3559 3766 3630 πρῶ-

2109 3665 2201 3700 τον
2231 3644 2338 3700 τῶν
2386 3642 2712 3718 ἀγαλμάτων
2742 3640 3149 3716 ἀπολυμνῶσαι.
3200 3639 3517 3720 Ἀγάλματα
3548 3643 3602 3698 δὲ
3632 3665 3764 3722 φησι

2109 3732 2204 3796 τὰς
2268 3733 2473 3795 εἰκόνας
2531 3735 2634 3787 τῶν
2690 3733 2980 3806 μυστικῶν,
3015 3733 3189 3794 καθὼς
3245 3732 3332 3788 καὶ
3394 3731 3449 3788 ἐν
3506 3739 3584 3807 τῷ
3641 3733 3767 3810 Περὶ

2109 3823 2261 3877 θείων
2318 3821 2595 3895 ὀνομάτων
2651 3820 2975 3899 πλατύτερον
3031 3818 3371 3896 διελάϐομεν,
3434 3822 3650 3900 Πρῶτοι)
3711 3821 3767 3879 δὲ

2111 3914 2310 3966 τούτων
2351 3913 2413 3966 τὸ
2457 3915 2554 3976 τῆς
2607 3909 2868 3976 συνάξεως
2923 3912 3209 3990 μυστήριον
3269 3912 3620 3990 ἀπεκάλεσεν,
3671 3913 3767 3968 ού-

2113 4021 2254 4064 τινος
2314 4001 2374 4054 τὸ
2409 4001 2622 4073 νοηνὸν,
2661 3999 2818 4075 ἤγουν
2847 4001 2908 4056 τὸ
2969 4003 3102 4056 κατὰ
3135 4000 3352 4076 θεωρίαν
3413 3998 3763 4073 δηλούμενον,

2113 4089 2451 4167 ἀπογυμνοῦν
2516 4088 2927 4166 ἒπαγγέλλεται.
2967 4087 3186 4155 Ἐπειδὴ
3231 4111 3408 4145 τοινυν
3441 4090 3600 4150 τύπος
3655 4087 3769 4143 ἐστὶ

2113 4185 2205 4234 ταῦ
2258 4185 2392 4236 Θεοῦ
2452 4181 2479 4234 6
2537 4178 2848 4256 ὶπίσκοπος,
2883 4176 3083 4253 ἴδωμεν
3139 4185 3252 4243 πῶς
3302 4179 3526 4258 ἄρχεται
3578 4181 3768 4252 θαμιᾷν

2114 4271 2220 4326 ἀπὸ
2271 4277 2364 4327 τοῦ
2419 4271 2788 4349 θυσιαστηρίου
2838 4270 2938 4333 ἓως
2982 4270 3086 4326 τών
3139 4271 3410 4350 ἒσχάτών,
3474 4272 3559 4326 καὶ
3609 4268 3771 4326 παλιν

2115 4359 2494 4439 ἐπαναστρέφει
2546 4363 2618 4422 εἷς
2690 4363 2751 4416 τὸ
2818 4367 2948 4416 Πεοῦ
3009 4363 3399 4438 θυσιαστήριον,
3461 4357 3534 4420 Ἠ
3599 4360 3772 4417 τοίνυν

2114 4450 2381 4529 ἀγαθότης
2411 4458 2503 4507 τοῦ
2535 4457 2667 4507 Θεοῦ
2697 4449 2784 4530 ἀφ’
2818 4452 3010 4516 ἑαυτῆς
3043 4449 3129 4506 ἐπὶ
3174 4451 3346 4507 πάντα
3401 4451 3464 4506 τὰ
3509 4451 3769 4527 προνοού-

377 4543 453 4605 ad
487 4543 688 4638 omnia
717 4561 850 4620 quae
875 4542 1248 4638 providentia
1271 4551 1558 4622 reguntur
1579 4543 1889 4626 procedit;
1923 4540 2031 4602 sed

2117 4561 2252 4616 μενα
2307 4541 2568 4619 πρόεισιν,
2607 4539 2727 4597 ἀλλ’
2788 4541 2882 4597 οὒκ
2941 4539 3064 4621 ἔξω,
3103 4539 3188 4595 διὰ
3245 4541 3467 4615 τούτων,
3500 4545 3598 4607 τῆς
3647 4539 3766 4595 κατ’

377 4639 623 4715 propter
646 4633 796 4706 ham,
813 4633 1142 4696 secundum
1171 4635 1491 4696 essentiam
1515 4652 1706 4715 suam,
1729 4650 2031 4713 nunquam

2119 4631 2295 4688 οὐσίαν
2355 4631 2590 4695 στάσεως
2621 4632 2845 4708 γίνεται,
2878 4631 2943 4698 ἧς
2975 4627 3038 4698 δὴ
3087 4631 3262 4695 ο·’›σίας
3298 4631 3360 4686 τὸ
3417 4629 3631 4708 κρύφιον
3660 4626 3765 4695 δη-

379 4742 413 4786 e
444 4725 683 4805 propria
735 4724 989 4786 statione
1020 4725 1271 4805 recedit,
1305 4725 1474 4806 cujus
1528 4730 1729 4806 utique
1759 4722 2031 4786 essentize

2118 4722 2233 4794 λοτ,
2278 4722 2340 4777 τὸ
2384 4718 2594 4780 ἄδυτον
2624 4722 3018 4799 θυσιαστήριον,
3080 4721 3154 4783 εἰς
3213 4721 3240 4775 ὃ
3298 4718 3677 4798 ἐπαναστρέφει
3738 4720 3768 4774 6

375 4831 656 4875 arcanum
675 4813 1166 4893 signiﬁcataltare
1189 4815 1336 4878 illud
1357 4821 1753 4890 inaccessum,
1780 4813 1853 4876 ad
1874 4812 2034 4894 quod

377 4904 694 4984 episcopus
713 4903 1057 4966 revertitur.
1095 4904 1184 4966 Ad
1213 4905 1374 4966 hunc
1405 4905 1607 4985 itaque
1632 4903 1873 4965 modum
1900 4920 2034 4964 sese

377 4993 558 5055 liabet
577 5012 868 5074 synaxeos
885 5004 1350 5069 sacramentum,
1379 4994 1660 5077 quoniam
1686 4993 1780 5057 hic
1806 4993 2030 5074 duplex

377 5091 468 5144 est
489 5083 638 5144 ratio
667 5101 987 5163 anagoges.
1022 5085 1242 5165 Estque
1261 5085 1387 5147 hac
1414 5083 1627 5166 prima.
1663 5083 1856 5159 Quod,
1892 5083 2030 5145 licet

377 5171 642 5234 divinum
699 5191 991 5253 synaxeos
1031 5185 1470 5238 sacramentum
1532 5183 1588 5236 et
1649 5175 1916 5254 unicum,
1973 5181 2032 5235 et

378 5261 656 5343 simplex,
688 5273 746 5326 et
773 5272 1144 5345 compactum
1169 5264 1384 5328 habeat
1413 5264 1794 5346 principium,
1827 5263 2032 5325 multi-

379 5353 636 5434 plicetur
663 5358 862 5416 tamen
892 5370 1002 5434 pro
1034 5353 1436 5434 symbolorum
1487 5356 1815 5431 varietate;
1849 5363 2032 5433 atque

381 5441 758 5506 uniformiter
787 5443 1006 5504 iterum
1040 5460 1111 5507 ex
1142 5443 1235 5505 his
1265 5443 1340 5505 ad
1387 5444 1684 5526 prepriam
1719 5445 2033 5524 colligatur

377 5536 692 5616 unitatem,
725 5533 1090 5615 uniticetque
1120 5532 1254 5594 illos
1285 5533 1387 5614 qui
1417 5534 1491 5599 ad
1522 5553 1586 5598 se
1617 5543 1818 5598 sancte
1848 5553 2028 5596 acce-

377 5621 548 5686 dunt.
582 5625 861 5686 Secunda
890 5643 1030 5686 vero
1057 5622 1210 5686 ratio
1234 5632 1346 5698 est,
1371 5625 1530 5706 quod
1565 5625 1804 5686 divinus
1827 5624 2027 5705 ponti-

377 5706 497 5784 fex,
522 5711 757 5774 tametsi
786 5712 1072 5793 symbolis
1102 5717 1324 5792 utatur,
1348 5724 1406 5775 et
1436 5713 1511 5776 ab
1537 5713 1716 5777 unica
1745 5711 2026 5794 scientia,

2119 4810 2430 4874 ἐπίσκοπος.
2467 4819 2662 4868 Τοῦτον
2697 4810 2783 4866 οὖν
2814 4812 2903 4866 τὸν
2932 4809 3127 4889 τρόπον
3158 4810 3274 4889 ἔχει
3305 4811 3392 4866 καὶ
3422 4810 3456 4876 ³η
3500 4810 3598 4876 τῆς
3648 4829 3770 4865 συν-

2121 4899 2282 4966 άξεως
2342 4900 2553 4967 τελετή⁶
2614 4898 2787 4963 διττὸς
2831 4901 2929 4979 γὰρ
2986 4900 3080 4967 τῆς
3124 4899 3341 4956 ἐνταῦθα
3394 4899 3680 4977 ἀναγωγῆς
3736 4900 3768 4955 6

2111 4992 2332 5066 τρόπος.
2395 4989 2491 5046 Καὶ
2535 4987 2676 5046 ἔστιν
2709 4989 2859 5051 οὗτος
2919 4989 3153 5067 πρῶτος,
3185 4988 3266 5044 ὅτι
3296 4986 3394 5044 κᾶν
3441 4990 3476 5056 ἡ
3504 4988 3616 5044 θεία
3665 4991 3766 5054 τῆς

2118 5077 2375 5144 συνάξεως
2432 5077 2622 5146 τελετή
2686 5079 2773 5134 ναὶ
2837 5079 3034 5134 ἑνιαίαν
3091 5080 3178 5135 καὶ
3229 5077 3404 5146 ἅπλῆν
3475 5079 3563 5134 καὶ
3618 5097 3764 5132 συνε.

2115 5168 2419 5248 πτυγμὲνην
2456 5167 2560 5248 ἔχῃ
2589 5168 2788 5247 ἀρχὴν,
2837 5166 3154 5236 πληθύνεται
3187 5169 3260 5231 εἰς
3311 5168 3408 5234 τὴν
3461 5167 3603 5246 ἱερὰν
3635 5189 3769 5224 ποι-

2117 5257 2288 5316 χιλίαν
2347 5263 2452 5314 τῶν
2498 5255 2799 5334 συμϐόλων,
2832 5259 2920 5315 καὶ
2972 5256 3212 5320 ἑνοειδῶς
3259 5257 3403 5320 αὖθις
3449 5256 3512 5313 ἐκ
3567 5257 3771 5314 τούτων

2118 5351 2190 5416 εἰς
2246 5352 2344 5416 τὴν
2390 5350 2584 5405 οἰκείαν
2633 5347 2835 5425 μονάδα
2882 5348 3186 5426 συνάγεται,
3216 5349 3303 5404 καὶ
3355 5348 3592 5405 ἐνοποιετ
3643 5347 3770 5410 τοὺς

2115 5439 2203 5496 ἐπ’
2265 5439 2427 5506 αὐτὴν
2486 5441 2637 5515 ἱερῶς
2691 5437 3073 5515 ἀναγομένους,
3131 5437 3385 5515 Δεύτερος
3432 5433 3486 5491 δὲ
3543 5436 3765 5513 τρόπος·

2115 5527 2197 5586 ὅτι
2239 5531 2266 5586 6
2323 5531 2468 5593 θεῖος
2499 5528 2780 5608 ἱερᾶρχης,
2825 5528 2869 5584 εἰ
2924 5532 3121 5606 χρᾶται
3153 5526 3274 5590 τοῖς
3332 5521 3642 5601 συμϐόλοις,
3674 5527 3766 5582 καὶ

2114 5621 2221 5677 ἀπὸ
2267 5619 2364 5685 τῆς
2425 5619 2620 5683 ἑνιαίας
2664 5618 2967 5694 ἐπιστήμης
2999 5616 3317 5682 πληθύνεται
3373 5613 3457 5672 διαὶ
3501 5616 3598 5681 τὴν
3656 5618 3763 5669 τῶν

2113 5706 2524 5776 ὑπερϐεϐηκότων
2565 5710 2839 5787 πρόνοιαν,
2876 5703 2997 5763 ἀλλ’
3038 5705 3126 5764 οὖν
3157 5707 3231 5769 ὡς
3270 5703 3532 5770 ἀπόλυτος
3583 5702 3759 5771 πάντη
