4150 6158
503 293 624 360 459

1679 290 1739 355 S.
1789 289 2133 358 DIONYSII
2200 286 2712 356 ABEOPAGIT/E

3766 280 3877 352 460

504 446 679 511 quam
712 427 1025 491 obscuram
1072 434 1133 491 et
1160 426 1492 490 secundum
1539 425 1826 506 animam)
1884 424 2145 507 pluribus

2240 424 2448 505 ψυχὴν)
2502 423 2585 480 διὰ
2641 423 2902 481 πλειόνων
2953 420 3237 498 ἐξαπλώσῃ
3283 419 3524 496 εἰκόνων,
3573 420 3737 499 (ἄλλη
3786 423 3879 500 γὰρ

503 516 859 598 imaginibus
903 516 1219 599 explicavit
1263 517 1401 593 (alia
1434 522 1523 577 est
1557 517 1717 578 enim
1775 516 1961 594 ﬁgura
1994 515 2151 596 psal-

504 607 809 687 modiaa,et
826 607 942 670 alia
961 606 1266 688 lectionis)
1296 624 1309 668 :
1338 624 1517 687 quare
1544 606 1720 667 etiam
1738 625 1844 686 per
1866 605 2156 666 lectiones

501 697 811 760 itiusmodi
841 697 1228 778 hymnologia
1271 695 1569 758 dilatatur.
1624 695 1852 758 Rursus
1884 700 1942 755 in
1991 693 2156 756 hisce

500 784 863 849 lectionibus
892 784 994 865 qui
1024 786 1098 845 ad
1150 803 1390 846 sensum
1422 784 1698 864 attendit,
1731 783 1955 846 videbit
1998 802 2154 861 quo-

502 875 681 938 modo
706 877 819 937 rite
842 876 1042 936 omnia
1070 880 1130 935 et
1153 882 1216 936 ut
1246 878 1484 954 Oportet
1508 873 1781 935 ordinata
1807 872 1949 949 sint,
1977 873 2157 953 idque

503 962 832 1026 secundum
857 962 1308 1043 inspirationem
1333 970 1391 1023 et
1411 961 1759 1024 instinctum
1789 962 1973 1024 divini
2006 962 2155 1023 vivi-

502 1052 723 1135 ﬁcique
773 1052 1050 1135 Spiritus.
1091 1056 1398 1130 Leguntur
1423 1051 1582 1114 enim
1620 1052 1881 1132 primum
1915 1071 1984 1114 ea
2025 1069 2158 1133 qum

504 1151 643 1205 sunt
665 1143 899 1208 Veteris
921 1142 1312 1222 Testamenti,
1336 1141 1554 1202 deinde
1577 1159 1715 1218 quas
1744 1148 1883 1203 sunt
1906 1142 2053 1205 Novi
2080 1140 2157 1201 si-

503 1231 764 1296 militer:
814 1232 1093 1313 quoniam
1126 1230 1271 1293 illud
1306 1231 1548 1312 quidem
1583 1230 1657 1292 de
1687 1231 1921 1295 Christo
1957 1231 2153 1292 disse-

500 1321 643 1395 ruit,
670 1322 784 1384 hoc
811 1338 950 1383 vero
974 1321 1170 1403 ipsum
1190 1320 1497 1402 exhibuit;
1533 1332 1714 1401 atque
1736 1320 1881 1382 illud
1913 1321 2151 1401 quidem

501 1412 728 1491 ﬁguras
776 1410 1127 1490 descripsit,
1162 1410 1275 1472 hoc
1321 1428 1459 1473 vero
1490 1410 1806 1472 manifeste
1854 1410 2154 1473 veritatem

2239 517 2392 572 εἰκών
2450 520 2549 582 τῆς
2611 512 2960 590 ψαλμῳδίας,
2994 514 3084 568 καὶ
3140 510 3278 578 ἄλλη
3338 517 3435 577 τῆς
3488 512 3880 589 ἀναγνώσεως)

2239 606 2504 682 εὐρύνεται
2561 604 2775 666 πάντως
2822 604 2857 669 ἡ
2903 602 3121 667 τοιαύτη
3172 599 3462 678 ὑμνολογία
3520 602 3605 656 καὶ
3649 597 3731 654 διὰ
3785 606 3881 656 τῶν

2238 693 2614 772 ἀναγνώσεων.
2657 692 2827 749 Πάλιν
2879 691 2932 748 ἐν
2994 692 3214 755 ταύταις
3273 703 3397 754 ταῖς
3455 689 3808 768 ἀναγνώσεσιν
3855 691 3881 745 ὁ

2239 784 2377 839 κατά
2432 782 2553 838 νοῦν
2601 781 2820 859 βλέπον,
2854 782 3042 858 ὄψεται
3086 787 3201 842 πῶς
3259 781 3326 838 τὰ
3386 780 3557 836 πάντα
3586 778 3760 840 καλῶς
3799 781 3881 836 καὶ

2241 873 2313 934 ὡς
2371 870 2454 928 δεῖ
2517 872 2845 952 ἐτάχθησαν,
2883 872 2968 927 καὶ
3026 871 3163 927 κατά
3208 870 3492 946 ἕμπνευσιν
3549 869 3642 925 καὶ
3684 870 3882 936 κίνησιν

2239 967 2333 1018 τοῦ
2388 962 2526 1019 θείου
2578 964 2664 1018 καὶ
2715 970 3026 1041 ζωαρχικοῦ
3084 962 3410 1033 Πνεύματος,
3461 959 3879 1037 Ἀναγινώσλον-

2239 1072 2327 1106 ται
2386 1051 2509 1129 γὰρ
2544 1052 2610 1107 τὰ
2666 1055 2767 1119 τῆς
2829 1049 3065 1115 [Ιαλαιᾶς
3129 1051 3399 1119 Διαθήκης
3458 1051 3733 1126 πρότερον,
3781 1046 3882 1104 εἶθ’

2239 1137 2403 1202 οὕτως
2434 1146 2532 1208 τῆς
2579 1140 2735 1204 Νέαςο
2782 1138 2862 1196 ὅτι
2905 1142 2938 1207 ἡ
2984 1140 3080 1197 μὲν
3132 1139 3259 1195 εἶπε
3302 1139 3366 1194 τὰ
3410 1138 3527 1216 περὶ
3562 1144 3802 1215 Χριστοῦ,
3845 1138 3878 1204 ἡ

2239 1227 2293 1284 δὲ
2357 1227 2588 1285 ὲτέλεσε’
2624 1232 2710 1285 καὶ
2758 1230 2792 1296 ἡ
2824 1229 2924 1303 μὲν
2977 1229 3183 1291 εῖκόνας
3218 1227 3468 1307 ἔγραψεν,
3505 1228 3539 1294 ἡ
3571 1227 3625 1283 δὲ
3686 1232 3880 1303 τρανῶς

2239 1317 2472 1383 ὑπέδειξε
2529 1318 2623 1386 τὴν
2679 1317 2953 1388 ἀλήθειαν·
2988 1319 3073 1372 καὶ
3130 1319 3164 1385 ἡ
3211 1318 3308 1380 μὲν
3367 1315 3609 1393 θεολογία
3665 1314 3877 1373 καλοιτο

2241 1406 2325 1480 ἂν,
2358 1410 2386 1475 ἡ
2413 1405 2467 1463 δὲ
2494 1406 2598 1466 Νέα
2625 1410 2890 1487 θεουργία,
2921 1407 3000 1463 ὃτι
3034 1408 3164 1463 Θεὸν
3192 1404 3425 1472 ὒπέδειξε
3444 1407 3581 1482 μετά
3611 1405 3884 1480 σώματος,

502 1499 928 1563 demonstravit
964 1520 980 1578 ;
1011 1508 1188 1581 atque
1213 1498 1359 1562 illud
1415 1500 1556 1563 item
1591 1500 1889 1578 theologia
1918 1498 2115 1562 vocari
2148 1495 2338 1577 possit
2367 1513 2476 1558 seu
2505 1514 2704 1558 sermo
2736 1496 2811 1558 de
2843 1499 2994 1571 Deo,
3030 1495 3143 1558 hoc
3174 1512 3312 1556 vero
3338 1498 3574 1577 θεουργία
3606 1513 3708 1556 seu
3736 1512 3881 1575 opus

499 1590 632 1672 Dei,
666 1591 946 1670 quoniam
977 1590 1307 1668 ipsummet
1351 1592 1538 1653 Deum
1573 1595 1632 1651 in
1664 1608 1916 1672 corpore
1960 1587 2253 1653 exhibuit.

583 1679 741 1760 §Vl.
788 1681 901 1754 Qui
935 1679 1177 1757 quidem
1225 1698 1528 1742 sacrarum
1562 1681 1774 1742 harum
1820 1681 2145 1742 lectionum

2309 1684 2338 1755 δ
2364 1676 2462 1738 Vl.
2494 1677 2706 1735 Τούτων
2738 1683 2844 1733 τῶν
2873 1679 3026 1754 ἱερῶν
3069 1675 3345 1755 ἀναγνώσε
3362 1681 3423 1731 ὸν
3467 1678 3515 1732 οἱ
3565 1676 3663 1750 μὲν
3689 1673 3879 1744 τελέως

501 1769 904 1850 tubarumque
940 1769 1300 1850 Spiritalium
1317 1771 1553 1851 penitus
1566 1771 2150 1846 207exsortessunt,

2238 1764 2339 1832 ἔξω
2408 1789 2510 1823 που
2580 1772 2686 1823 τῶν
2748 1773 3119 1842 πνευματικῶν
3200 1765 3507 1845 σαλπίγγων
3586 1766 3879 1842 ἱστάμενοι,

499 1862 748 1940 neipsas
770 1860 1011 1941 quidem
1043 1859 1338 1941 imagines
1360 1869 1722 1923 contuentur
1754 1881 1767 1922 :
1790 1879 1923 1924 nam
1949 1861 2145 1922 oculos

2236 1855 2354 1914 οὐδὲ
2410 1857 2506 1922 τὰς
2565 1857 2771 1919 εἰκόνας
2816 1859 3030 1936 ὁρῶσιν·
3092 1857 3367 1932 ἀπέμυσαν
3426 1859 3526 1934 γὰρ
3570 1855 3709 1921 ἅπαξ
3752 1857 3878 1933 πρὸς

497 1949 687 2011 semel
715 1951 791 2010 ad
825 1950 1028 2012 lumen
1051 1950 1260 2013 salutis
1289 1952 1692 2031 occluserunt,
1717 1952 1962 2031 Deoque
1989 1949 2145 2029 ipsos

2237 1968 2296 2002 τ’)
2340 1952 2449 2025 φῶς
2514 1951 2613 2013 τῆς
2645 1948 2934 2027 σωτηρίας,
2968 1947 3056 2004 καὶ
3115 1946 3436 2025 ἀπολέγουσι
3466 1948 3553 2003 καὶ
3597 1944 3876 2026 ἀντιφθέγ-

496 2038 729 2100 vocanti
777 2037 1155 2118 obstrepunt:
1189 2038 1329 2101 Vias
1382 2048 1510 2101 tuas
1552 2039 1708 2102 scire
1757 2039 1918 2101 nolo.
1951 2038 2145 2101 Tubas

2235 2058 2417 2113 γονται
2473 2038 2607 2114 πρὸς
2638 2037 2731 2093 τὸν
2782 2035 3043 2095 καλοῦντα
3076 2038 3227 2100 Θεό-θ,
3286 2037 3385 2096 Τὰς
3416 2033 3561 2101 ὁδούς
3604 2057 3700 2093 σου
3744 2033 3876 2092 εἰδε-

496 2135 694 2191 autem
717 2128 1052 2209 accipit,vel
1068 2137 1312 2211 propter
1333 2129 1598 2210 spiritale
1632 2129 1854 2191 bellum
1882 2129 2145 2190 ﬁdelium

2232 2148 2314 2182 ναι
2370 2126 2428 2183 οὗ
2458 2126 2742 2202 βούλομαι.
2808 2126 3119 2205 Σάλπιγγας
3147 2126 3202 2182 δὲ
3261 2123 3668 2204 παραλαμϐάνει
3714 2125 3749 2193 ἢ
3794 2123 3873 2183 διὰ

499 2216 655 2297 quod
681 2216 1058 2278 habentcum
1084 2217 1450 2299 adversario,
1472 2218 1564 2279 vel
1592 2226 1835 2301 prepter
1858 2218 2020 2280 illam
2047 2238 2145 2299 po-

2230 2216 2319 2271 τὸν
2378 2218 2735 2290 πνευματικὸν
2808 2218 2915 2273 τῶν
2984 2218 3186 2273 πιστῶν
3228 2216 3489 2291 πόλεμον,
3556 2217 3612 2271 ὃν
3687 2214 3870 2294 ἔχουσι

497 2305 621 2386 puli
654 2305 717 2367 in
759 2304 901 2369 Sina
932 2307 1451 2387 congregationem
1498 2308 1828 2370 secundum
1870 2307 2142 2371 ordinem

2230 2305 2359 2383 πρὸς
2413 2306 2504 2360 τὸν
2533 2305 2918 2385 ἀντικείμενον,
2956 2304 2991 2373 ἢ
3048 2304 3137 2362 διὰ
3165 2305 3264 2373 τὴν
3292 2304 3379 2361 ἐπὶ
3410 2313 3502 2363 τοῦ
3551 2310 3684 2359 Σινᾶ
3714 2325 3869 2360 συνα-

498 2394 846 2477 dignitatis;
881 2415 1021 2458 nam
1056 2397 1250 2459 ultimi
1280 2398 1518 2460 illorum
1555 2417 1734 2461 voces
1758 2416 1828 2461 ac
1852 2398 2025 2460 tubas
2047 2417 2145 2460 au-

2230 2403 2417 2481 γωγὴν
2476 2410 2569 2459 τοῦ
2598 2402 2727 2460 λαοῦ
2784 2405 2872 2460 καὶ
2902 2404 2999 2469 τὴν
3045 2402 3224 2460 ἐκεῖσε
3255 2401 3371 2460 κατ’
3427 2401 3570 2468 ἀξίαν
3617 2402 3786 2468 τάξιν·
3832 2404 3876 2459 οἱ

498 2483 772 2548 diebant.
797 2487 983 2549 Porro
1007 2494 1125 2549 tres
1146 2487 1393 2550 ordines
1413 2489 2141 2569 hoc,catechumenorum,

2230 2492 2327 2571 γὰρ
2379 2491 2599 2572 ἔσχατοι
2630 2492 2843 2549 ἐκείνων
2887 2494 2993 2549 τῶν
3051 2496 3239 2574 φωνῶν
3271 2495 3355 2551 καὶ
3409 2498 3513 2548 τῶν
3558 2491 3876 2570 σαλωίγγων

498 2580 558 2636 et
584 2591 619 2637 a
642 2574 952 2657 spiritibus
975 2575 1952 2661 obsessorum,pmnitentiumque,
1978 2597 2145 2641 sacra

2230 2580 2553 2642 κατώκουον.
2614 2585 2815 2645 Ταύτας
2868 2581 2923 2638 δὲ
2972 2583 3064 2647 τὰς
3122 2583 3271 2662 τρεῖς
3313 2580 3510 2662 τάξεις,
3545 2588 3656 2639 τῶν
3705 2603 3876 2647 κατηο

494 2663 735 2746 quidem
764 2667 994 2729 sanctio
1026 2667 1315 2748 permittit
1346 2668 1552 2731 audire
1596 2669 1902 2745 lectiones,
1934 2688 2140 2732 verum

2230 2671 2532 2750 χουμένων,
2595 2677 2702 2728 τῶν
2758 2673 2859 2729 ὑπὸ
2944 2673 3261 2748 πνευμάτων
3317 2671 3740 2750 ἐνεργουμένων,
3794 2670 3879 2726 καὶ

492 2761 658 2816 arcet
683 2772 716 2816 a
736 2757 1131 2838 sequentibus
1162 2759 1481 2839 mysteriis.
1518 2757 1672 2831 Quin
1696 2767 1756 2822 et
1776 2759 1922 2821 ordo
1954 2768 2141 2823 status

2230 2761 2327 2817 τῶν
2379 2760 2434 2816 ἐν
2486 2761 2738 2837 μετανοίᾳ
2794 2760 2990 2833 ὄντων,
3027 2763 3203 2843 ἐφίησι
3266 2761 3363 2833 μὲν
3420 2763 3448 2817 ὁ
3498 2762 3641 2841 ἱερὸς
3692 2762 3879 2835 θεσμὸς

493 2861 705 2931 eorum
730 2846 1060 2908 secundum
1081 2847 1374 2927 justitiam
1396 2848 1680 2909 definitus
1702 2856 1814 2924 est;
1847 2855 2025 2929 atque
2046 2850 2137 2911 ul-

2230 2848 2501 2906 ἐπακούειν
2571 2852 2670 2917 τῆς
2742 2851 3117 2931 ἀναγνώσεως,
3180 2851 3418 2929 ἀπείργει
3488 2849 3541 2906 δὲ
3589 2856 3704 2907 ’τῶν
3763 2850 3878 2916 ἑξῆς

492 2930 675 2995 timus
722 2935 964 3015 quidem
996 2936 1142 2997 ordo
1190 2935 1521 2999 attributus
1539 2945 1636 3000 est
1666 2938 2139 3021 catechumenis,

2230 2940 2550 3018 μυστηρίων.
2611 2940 2758 3008 Πλὴν
2804 2942 2890 2997 καὶ
2943 2942 2977 3009 ἡ
3017 2940 3159 3006 τάξις
3217 2945 3317 3008 τῆς
3375 2941 3622 3006 στάσεως
3696 2941 3881 2997 τούτων

493 3030 700 3111 utpote
731 3024 895 3085 nullo
915 3024 1113 3086 adhuc
1142 3034 1513 3088 sacramento
1545 3026 1814 3103 initiatis,
1835 3034 1895 3088 et
1923 3046 2142 3089 secun-

2230 3050 2292 3085 κα
2306 3030 2362 3085 τὰ
2392 3029 2727 3096 δικαιοσύνην
2758 3030 2985 3111 ἐτάχθη⁶
3042 3032 3128 3088 καὶ
3161 3030 3366 3111 ἐσχάτη
3423 3029 3522 3105 μὲν
3553 3030 3704 3097 τάξις
3759 3042 3875 3095 τοῖς

497 3109 639 3175 dum
655 3115 844 3177 Deum
860 3113 1115 3176 necdum
1148 3115 1411 3196 perfecte
1428 3116 1601 3179 natis.
1630 3115 2141 3188 Quemadmodum

2230 3118 2658 3199 κατηχουμένοις
2718 3109 3136 3195 ἀπονενεμηται,
3199 3109 3271 3183 ὧς
3328 3119 3592 3194 ἀμυήτοις
3646 3119 3750 3194 ἔτι,
3793 3118 3880 3176 καὶ

496 3201 661 3264 enim
712 3205 771 3266 in
803 3203 986 3266 rebus
1036 3206 1346 3285 corporeis
1375 3206 1616 3281 accidit,
1655 3216 1715 3268 ut
1767 3206 2148 3288 imperfectos

494 3291 653 3355 fetus
682 3300 743 3355 et
763 3293 1009 3357 abortus
1023 3312 1198 3356 nemo
1228 3296 1522 3357 dixeritin
1557 3297 1749 3359 lucem
1772 3315 1905 3360 esse
1932 3298 2145 3380 editos,

493 3399 567 3443 eo
593 3383 748 3463 quod
775 3383 1127 3465 imperfecto
1153 3393 1423 3448 materno
1438 3393 1608 3450 utero
1628 3386 1961 3449 exciderint
1979 3388 2143 3468 (nam

492 3471 777 3553 physicus
826 3473 1214 3555 medicusque
1265 3474 1489 3551 dicent,
1524 3474 1721 3539 lucem
1776 3479 1836 3537 in
1883 3476 1955 3539 iis
1998 3478 2145 3539 nihil

491 3558 755 3640 operari,
792 3579 926 3622 cum
963 3580 998 3623 a
1033 3573 1243 3625 natura
1280 3562 1517 3639 habeat,
1552 3574 1616 3626 ut
1647 3574 1930 3646 operetur
1967 3566 2026 3628 in
2075 3567 2147 3630 iis

491 3667 623 3729 qua:
641 3648 789 3712 lucis
801 3659 935 3712 sunt
951 3653 1242 3733 capacia);
1269 3653 1479 3715 eodem
1498 3654 1675 3715 modo
1700 3656 1757 3716 in
1779 3656 2146 3736 spiritalibus

490 3757 559 3801 se
588 3755 687 3800 res
729 3739 947 3803 habet:
991 3742 1404 3804 catechumeni
1448 3747 1608 3804 enim
1642 3743 1837 3806 adhuc
1868 3746 2144 3827 Eloquiis

489 3827 915 3911 informantur,
950 3848 1146 3911 neque
1168 3830 1310 3893 dum
1347 3832 1667 3912 perfectam
1704 3833 1956 3896 formam
1978 3853 2146 3898 acce-

491 3918 833 3999 perunt.sed
850 3920 1100 3999 perfecti
1115 3922 1554 4002 erunt,quando
1569 3922 1767 3984 divino
1792 3921 2143 4005 baptismate

487 4007 713 4072 fuerint
740 4009 1077 4091 regenerati
1105 4033 1121 4085 ;
1159 4018 1297 4073 tunc
1321 4019 1521 4073 autem
1555 4011 1653 4088 iis,
1688 4020 1967 4094 tanquam
1992 4014 2145 4078 lucis

489 4098 859 4180 excipienda).
882 4099 1223 4182 capacibus,
1248 4101 1584 4163 divinorum
1607 4104 2021 4185 mysteriorum
2045 4106 2141 4168 lu-

489 4191 651 4253 mina
676 4189 1102 4268 collucebunt,
1135 4210 1294 4253 nunc
1315 4210 1455 4255 vero
1478 4204 1784 4275 arcentur,
1807 4194 2143 4258 hierarcbia

488 4297 917 4362 sacrorumque
936 4280 1145 4344 ordine
1162 4282 1249 4344 sic
1284 4282 1656 4363 providente,
1680 4302 1756 4346 ue
1777 4285 2144 4364 quibuslibet

2230 3207 2307 3282 μὴ
2354 3207 2560 3265 τελείαν
2591 3209 2690 3277 τὴν
2748 3209 2885 3266 κατά
2916 3211 3046 3266 Θεὸν
3106 3208 3349 3276 ἀπότεξιν
3378 3209 3619 3289 ἔχουσινι
3652 3212 3726 3274 ὡς
3784 3208 3879 3288 γὰρ

2227 3297 2314 3353 ἒπὶ
2384 3300 2491 3354 τῶν
2562 3305 2886 3375 σωματικῶν
2954 3299 3096 3379 ἔχει,
3160 3298 3240 3357 ὅτι
3299 3300 3365 3355 τὰ
3425 3298 3739 3376 ὴλιτόμηνα
3796 3297 3883 3353 καὶ

2230 3385 2546 3466 ἓκτρώματα
2596 3389 2689 3445 οὐκ
2719 3387 2781 3445 ὂίν
2812 3411 2893 3453 τις
2931 3391 3063 3468 πρὸς
3121 3389 3182 3446 τὸ
3214 3395 3324 3469 φῶς
3357 3389 3667 3469 ἀναχθῆναι
3710 3387 3878 3466 εἴποι,

2229 3472 2360 3533 διότι
2416 3482 2515 3545 τῆς
2576 3483 2847 3555 μητρικῆς
2900 3479 3128 3558 γαστρὸς
3186 3477 3443 3536 ἀτέλεστα
3502 3478 3881 3537 ἒκπεπτώκασι

2231 3564 2389 3647 (φαίη
2436 3567 2536 3647 γὰρ
2566 3569 2594 3623 ὁ
2643 3570 2875 3647 φυσικῶς
2924 3570 3010 3625 καὶ
3039 3569 3287 3648 ἰατρικῶς
3347 3567 3517 3648 ἔχων,
3551 3570 3628 3632 ὡς
3672 3571 3767 3626 οὒκ
3822 3567 3881 3624 ἃν

2228 3655 2301 3718 εἷς
2361 3654 2494 3712 αὒτά
2535 3658 2598 3713 τὸ
2653 3664 2765 3737 ιρῶς
2809 3657 3147 3738 ἐνεργήσειε,
3177 3658 3328 3739 φύσιν
3384 3658 3516 3738 ἔχον
3579 3661 3655 3718 εἰς
3705 3659 3883 3715 ἐκεῖνα

2226 3745 2485 3822 ὲνεργετν,
2536 3743 2570 3801 ἂ
2620 3744 2685 3815 δὴ
2734 3748 2820 3803 καὶ
2878 3750 3052 3827 φωτὸς
3097 3746 3314 3806 δεκτικᾶ
3366 3747 3553 3829 εἰσιψ)
3616 3747 3756 3805 οὕτω
3798 3746 3883 3802 καὶ

2225 3832 2460 3890 ἐπὶτῶν
2518 3836 2891 3913 πνευματικῶν
2952 3837 3096 3918 ἔχει·
3151 3836 3225 3895 ἔτι
3287 3837 3387 3917 γὰρ
3418 3841 3466 3895 οἱ
3515 3838 3876 3919 κατηχούμε-

2225 3944 2307 3981 νοι
2378 3924 2480 3981 ὑπὸ
2552 3931 2661 3982 τῶν
2732 3927 2938 4004 Λογίων
3010 3927 3353 4009 μορφοῦνται,
3404 3929 3493 3984 καὶ
3552 3930 3615 3987 οὗ
3681 3926 3885 3985 τελείαν

2226 4010 2495 4071 ἀπέλαϐον
2538 4015 2838 4097 μόρφωσιν,
2873 4016 3420 4098 τελεσφορηθήσονται
3464 4016 3548 4092 δὲ,
3582 4018 3710 4075 ὅταν
3766 4016 3887 4090 θείῳ

2226 4101 2620 4182 ἀναγεννηθῶσι
2680 4107 3031 4183 βαπτίσματι³
3106 4108 3226 4165 τότε
3296 4109 3385 4164 καὶ
3464 4109 3538 4174 ὡς
3616 4106 3885 4169 δεκτικοῖς

2224 4192 2410 4259 αὐτοῖς
2466 4194 2559 4251 τοῦ
2602 4197 2776 4276 φωτὸς
2825 4197 2992 4273 οὖσιν,
3028 4196 3325 4273 ὶπιλάμποι
3372 4196 3436 4252 ἂν
3482 4200 3552 4255 τὰ
3594 4203 3700 4254 τῶν
3731 4196 3886 4252 θείων

2224 4284 2530 4363 μυστηρίων
2584 4292 2756 4366 φῶτα’
2804 4293 2892 4343 νῦν
2936 4286 2992 4344 δὲ
3047 4285 3583 4365 ἀποδιαστέλλονται,
3622 4308 3884 4368 προνουυο

488 4370 854 4470 propaletur,
882 4374 1058 4470 etiam
1092 4373 1562 4470 catechumenis,
1597 4375 1697 4455 qui
1732 4382 1997 4470 tempore
2029 4395 2139 4456 op-

2230 4372 2390 4447 μένης
2435 4374 2531 4443 τῆς
2591 4378 2860 4457 ἱεραρχίας
2916 4379 3003 4435 καὶ
3060 4383 3159 4446 τῆς
3218 4377 3504 4453 εὔκοσμίας
3549 4384 3660 4435 τῶν
3696 4379 3878 4455 ἱερών,

487 4468 769 4549 portuno,
792 4459 892 4523 ubi
906 4480 1013 4542 per
1042 4461 1338 4544 baptisma
1366 4464 1975 4538 renascuntur,vitam
2008 4467 2138 4547 spi-

2230 4461 2316 4520 ίνα
2374 4465 2452 4540 μὴ
2484 4466 2573 4522 καὶ
2625 4479 2744 4532 τοῖς
2777 4476 3000 4549 τυχοῦσι
3050 4465 3327 4536 κατάδηλα
3384 4467 3444 4546 ἦ,
3479 4469 3572 4524 καὶ
3617 4471 3793 4526 αὐτῶν
3818 4462 3883 4533 δή

486 4547 721 4610 ritalem
765 4550 1080 4632 divinaque
1112 4553 1337 4615 lumina
1383 4554 1709 4635 recipiunt.
1744 4553 1940 4628 Quare
1970 4564 2135 4620 cate-

488 4637 920 4705 chumenorum
953 4641 1100 4703 ordo
1131 4652 1221 4705 est
1257 4652 1618 4724 postremus.

568 4905 758 4999 §AYII.
784 4908 898 4983 Qui
913 4928 1052 4974 vero
1075 4930 1110 4973 a
1131 4911 1438 4993 spiritibus
1461 4912 1788 4975 immundis
1812 4914 2131 4999 agitantur,

485 4997 717 5060 ordinis
741 5000 1140 5064 suntsecundi
1165 5010 1224 5064 et
1242 5003 1578 5079 anterioris,
1596 5003 1654 5065 id
1678 5010 1768 5068 est
1785 4997 2132 5084 superioris.

485 5086 793 5167 Siquidem
826 5089 921 5152 hic
953 5090 1101 5153 ordo
1134 5092 1434 5155 secundus
1482 5102 1572 5157 est
1604 5111 1639 5155 a
1666 5095 2132 5175 catechumenis,

485 5175 592 5240 sed
622 5176 919 5258 superior,
954 5183 1231 5260 quoniam
1264 5181 1327 5244 hi
1377 5182 1592 5247 initiati
1620 5194 1762 5248 sunt
1802 5194 1863 5249 et
1890 5186 2136 5250 minime

487 5273 754 5359 exsortes
774 5271 1230 5359 sacramenti,ut
1251 5270 1361 5349 illi,
1385 5275 1618 5338 tametsi
1646 5283 1705 5339 et
1720 5275 1840 5339 illis
1869 5294 2134 5359 quoque,

485 5354 590 5449 qui
616 5358 929 5449 corporeis
959 5358 1264 5423 illecebris
1285 5371 1386 5425 aut
1414 5365 1788 5445 passionilius
1818 5354 2134 5449 perturba-

485 5444 866 5527 tionibusque
889 5446 1105 5511 irretiti
1126 5462 1290 5529 sunt,
1310 5444 1505 5518 divina
1524 5444 1866 5519 communio
1889 5457 2131 5518 subtra-

2219 4552 2328 4610 τῶν
2389 4556 2839 4636 κατηχουμένων,
2896 4563 2995 4626 τῆς
3054 4558 3192 4615 κατά
3247 4564 3455 4633 πνεῦμα
3507 4562 3684 4634 ζωῆς,
3748 4555 3883 4613 οιατᾶ

2217 4644 2401 4722 καιρὸν
2458 4645 2549 4700 τὸν
2594 4647 2935 4724 προσήκόντα
2984 4646 3293 4724 μελλόντων
3336 4647 3389 4704 ἐν
3420 4649 3498 4721 τῷ
3556 4649 3883 4726 γεννηθῆναι

2216 4729 2300 4788 διά
2343 4734 2738 4816 βαπτίσματος,
2774 4738 2861 4794 καὶ
2910 4737 2978 4796 τὰ
3038 4740 3159 4795 θεῖα
3209 4733 3508 4796 ἀπολαϐεῖν
3571 4739 3751 4817 φῶτα.
3812 4728 3878 4792 Ἦ

2216 4830 2340 4902 γοῦν
2370 4824 2476 4880 τῶν
2506 4827 2931 4908 κατηχουμένων
2960 4826 3105 4894 τοίξις
3140 4827 3349 4909 ἐσχάτη
3381 4826 3549 4890 ἐστίν.

2300 4910 2330 4993 §
2385 4909 2512 4976 VH.
2569 4914 2635 4973 Ἠ
2695 4914 2750 4974 δὲ
2804 4915 2891 4974 διὰ
2954 4922 3057 4974 τῶν
3102 4918 3417 4994 πνευμάτων
3476 4914 3883 4997 ἐνεργουμένων

2218 4999 2431 5082 δευτέρα
2488 5006 2579 5063 καὶ
2625 5008 2936 5087 ὲμπροσθία·
2997 5014 3153 5065 τοῦτο
3210 5007 3311 5087 γὰρ
3354 5007 3466 5066 ἔστι
3527 5009 3592 5065 τὸ
3627 5010 3764 5088 πρὸς
3822 5007 3883 5065 τὸ

2219 5090 2351 5150 ἅνω·
2413 5095 2456 5152 έί
2510 5095 2611 5176 γὰρ
2669 5098 2759 5154 καὶ
2807 5095 3023 5178 δευτέρα
3070 5096 3178 5155 ἐστὶ
3230 5098 3361 5177 πρὸς
3409 5097 3534 5162 τοὺς
3591 5120 3885 5179 κατηχουσ·

2218 5181 2435 5259 μένους,
2468 5182 2606 5244 ἀλλὰ
2658 5187 2788 5266 πρὸς
2820 5188 2879 5244 τὸ
2910 5186 3042 5263 ἄνω,
3075 5185 3156 5245 ὅτι
3195 5189 3338 5246 οὗτοι
3368 5185 3764 5265 έτελέσθησαν,
3801 5186 3887 5246 καὶ

2219 5272 2312 5330 οὐκ
2367 5273 2600 5349 ἀμύητοι
2629 5278 2785 5355 εἰσιν,
2822 5278 2897 5343 ὡς
2960 5277 3179 5359 ἐκεῖνοι,
3213 5275 3271 5335 εἷ’
3296 5300 3347 5336 τι
3376 5278 3414 5345 ἦ
3451 5277 3570 5336 θεία
3634 5278 3887 5336 κοινωνία

2218 5363 2581 5445 συστέλλεται,
2636 5370 2724 5426 καὶ
2780 5368 2885 5427 ἀπὸ
2944 5375 3051 5427 τῶν
3100 5368 3474 5450 ἦνισχημένων
3540 5380 3886 5446 σωματικοῖς

2213 5453 2568 5538 θελκτηρίοις,
2621 5458 2787 5539 ἤγουν
2832 5459 3019 5517 πάθεσι
3063 5461 3152 5518 καὶ
3207 5469 3478 5539 ταραχαῖς
3535 5456 3755 5527 ἡδονῶν
3798 5459 3888 5515 καὶ

482 5533 671 5633 bitur;
696 5553 959 5633 eumque
971 5540 1242 5633 ordinem
1267 5552 1431 5607 recte
1446 5564 1512 5608 se
1536 5545 1756 5609 habere
1776 5565 1811 5608 a
1826 5546 2127 5610 contrario

2230 5533 2458 5623 ;πικρίνει
2511 5533 2688 5614 καλῶς
2760 5549 2909 5633 ἔχειν
2964 5549 3063 5619 τὴν
3120 5533 3287 5616 τάξιν-
3462 5554 3563 5605 τοῦ
3622 5549 3873 5605 ἐναντίου

484 5624 819 5697 conﬁrmat.
843 5629 992 5691 Nam
1018 5629 1070 5694 si
1088 5649 1289 5695 verum
1305 5642 1418 5711 est,
1444 5635 1930 5719 inquit,divinum
1956 5654 2125 5721 prora

2230 5640 2522 5718 νπιχειρῶν.
2551 5639 2609 5700 Εἰ
2641 5641 2737 5727 γὰρ
2765 5624 2901 5726 ἔστι,
2933 5640 3116 5727 φησὶν,
3144 5638 3363 5723 ἀληθὲς,
3396 5638 3474 5707 ὡς
3504 5639 3535 5698 ὁ
3565 5640 3711 5700 κατὰ
3745 5638 3885 5699 Θεόν
