4150 6158
279 319 387 389 461

721 326 819 389 DE
867 321 1169 391 ECCLES.
1238 324 1687 411 HIERARCH.,
1735 331 1900 395 CAP.
1950 330 2059 394 III.
2126 362 2205 377 -—
2248 332 2633 396 PARAPHR.
2687 332 3203 399 PACHYMERZE.

3537 335 3657 402 462

279 459 573 539 ἅνθρωπος,
635 459 781 517 οὗδὲν
838 468 943 519 τῶν
993 464 1184 541 σαρκὸς
1215 462 1486 541 ἐνεργήσει
1516 467 1658 545 παρὰ
1687 467 1752 524 τὰ
1782 468 1942 524 κατὰ.

2025 484 2098 527 .us
2127 466 2322 527 virum
2355 482 2425 526 ea
2458 482 2589 545 quae
2611 464 2807 526 carnis
2835 474 2976 527 sunt
3008 465 3262 530 minime
3301 475 3651 531 curaturum

279 555 431 632 φύσιν
460 554 870 634 ἀναγκαιότατα,
909 557 970 612 τὸ
1001 569 1218 636 φαγεςν,
1249 559 1310 613 τὸ
1342 571 1513 637 πιετν,
1566 560 1626 615 τὸ
1656 560 1919 636 ὑπνῶσαι,

277 645 557 703 καὶταῦτα
588 643 888 724 παρέργως,
936 647 1059 707 ναὸς
1094 644 1150 700 δὲ
1210 645 1354 704 ἔσται
1415 650 1501 704 καὶ
1561 648 1754 711 ὀπαδὸς
1788 650 1924 707 κατά

274 734 446 790 πάντα
502 740 595 789 τοῦ
651 734 970 809 πνεύματος
1034 733 1255 802 εὕδη)ον
1286 737 1360 796 ὠς
1427 740 1454 793 ὁ
1514 748 1751 803 τοιοῦτος
1829 740 1921 797 ἅτε

276 829 390 895 Θεῷ
453 822 751 902 ἡνωμένος,
817 827 911 883 οὒκ
977 824 1387 904 ἐνεργηθήσεται
1460 829 1561 883 ὕπὸ
1632 828 1926 907 ἀκαθάρτοο

272 913 594 986 πνεύματος·
652 912 933 990 γελάσεται
965 912 1020 970 δὲ
1080 914 1286 989 μᾶλλον
1343 915 1471 973 αὐτὸ
1528 920 1616 974 καὶ
1675 941 1923 976 καταπαα

271 1001 467 1080 λαίσει,
525 1004 612 1059 καὶ
667 1001 973 1068 ὲκδιώξεται
1030 1006 1118 1060 καὶ
1180 1002 1356 1083 δράσει
1413 1006 1615 1081 μᾶλλον
1673 1010 1747 1071 εἰς
1798 1010 1925 1067 αὒτὸ

273 1090 401 1168 παρ’
465 1093 493 1148 ὃ
549 1093 788 1149 πείσεται
845 1090 969 1172 παρ’
1031 1097 1212 1152 αὐτοῦ*
1274 1094 1479 1171 μᾶλλον
1525 1094 1579 1152 δὲ
1613 1101 1698 1154 καὶ
1724 1098 1923 1177 ἑτέροις

2006 556 2152 618 citra
2185 562 2411 617 naturae
2439 554 2886 628 necessitatem,
2922 562 2990 617 ut
3018 555 3081 618 in
3127 556 3524 633 comedendo,
3561 558 3661 620 bi-

2008 645 2225 726 bendo,
2249 643 2630 725 dormiendo,
2650 651 2707 704 et
2739 644 2863 705 haec
2890 643 3106 725 obiter,
3124 646 3226 708 sed
3258 646 3545 728 templum
3569 666 3661 711 se-

2008 744 2414 814 ctatoremque
2475 733 2718 814 spiritus
2775 733 2914 793 208
2948 751 3053 813 per
3076 735 3279 797 omnia
3336 736 3657 815 futurum;

2010 824 2386 887 manifestum
2421 832 2536 897 est,
2571 825 2754 885 virum
2810 824 3201 902 ejuscemodi,
3264 832 3472 907 utpote
3531 828 3655 891 Deo

2008 917 2265 990 unitum,
2300 931 2674 993 nequaquam
2703 912 2776 974 ab
2805 913 3115 975 immundo
3149 914 3364 994 spiritu
3423 918 3653 995 agitan—

2006 1005 2146 1068 dum
2176 1028 2190 1081 ;
2218 1005 2322 1066 sed
2355 1003 2549 1084 potius
2570 1003 2766 1083 ipsum
2808 1003 3122 1066 irrisurum
3148 1014 3206 1066 et
3244 1003 3652 1085 subacturum,

2008 1092 3023 1174 insectaturumque,illaturumque
3040 1093 3233 1174 potius
3244 1093 3461 1175 aliquid
3477 1115 3655 1177 quam

274 1182 453 1254 ἰατρὸς
485 1183 844 1257 πνευματικὸς
877 1183 1193 1261 ὀφθήσεται.
1227 1184 1365 1242 ’Ἔτι
1396 1184 1601 1261 μᾶλλον
1659 1185 1713 1243 δὲ
1775 1189 1931 1266 ἀκρι-

2025 1184 2092 1245 ab
2119 1204 2188 1246 eo
2210 1201 2544 1264 passurum;
2568 1183 2833 1263 quinimo
2861 1184 3245 1263 quoquealiis
3270 1203 3335 1246 se
3358 1186 3660 1248 medicum

280 1268 384 1336 ϐ’ὖς
413 1270 564 1351 οἶδα,
597 1273 670 1334 ὡς
701 1273 736 1340 ἡ
771 1275 871 1328 τῶν
902 1274 1238 1352 ἱεραρχικῶν
1271 1273 1471 1353 ἀμιγὴς
1506 1282 1617 1332 τῶν
1671 1278 1931 1358 χειρόνων

268 1360 533 1417 ἁπάντων
593 1359 855 1439 διάκρισις
927 1361 1131 1437 μᾶλλον
1203 1362 1320 1443 ἔχει
1393 1363 1761 1440 δαιμονῶντας
1812 1371 1933 1436 τοὺς

286 1449 562 1527 ἀσελγεῖς,
594 1450 630 1518 ἦ
658 1452 778 1516 τοῖος
809 1452 911 1507 ὑπὸ
960 1454 1277 1528 πνευμάτων
1334 1456 1788 1521 καταπίπτοντας’
1845 1453 1934 1515 καὶ

285 1540 386 1618 γὰρ
418 1542 464 1596 οἱ
494 1547 722 1597 τοιοῦτοι
755 1541 821 1597 τὰ
850 1539 1016 1605 ὅντως
1045 1542 1171 1600 ὄντα
1202 1545 1508 1620 προήκαντο
1538 1543 1622 1604 διὰ
1639 1548 1939 1628 τὴναῖσχί-

287 1651 419 1694 στην
445 1627 663 1706 ἡδονὴν,
699 1632 787 1687 καὶ
816 1631 913 1698 τὴν
945 1629 1192 1689 ἀϐέϐαιον
1242 1633 1295 1689 ἐν
1344 1647 1462 1698 τοῖς
1515 1634 1809 1715 ἀλλοτρίοις
1844 1627 1938 1694 οὒκ

286 1718 470 1791 οὖσαν,
504 1718 640 1775 ἀλλά
669 1716 924 1778 δοκοῦσαν
955 1723 1256 1783 εὐπάθειαν.
1293 1722 1578 1801 Ἀλλότρια
1609 1724 1656 1781 δὲ
1699 1725 1843 1805 λέγει
1872 1728 1939 1784 τὰ

286 1810 419 1886 πρὸς
449 1811 730 1888 ἁμαρτίαν·
764 1810 822 1867 οὗ
848 1812 948 1890 γὰρ
979 1814 1173 1891 φυσική
1208 1812 1240 1879 ἦ
1274 1814 1531 1893 ἁμαρτία.
1568 1813 1654 1872 ’Ἥ
1685 1815 1938 1894 ἀλλότριά

286 1920 417 1975 φησι
464 1899 531 1955 τά
584 1901 721 1955 κατά
773 1901 998 1981 κόσμον,
1052 1904 1126 1965 ὡς
1158 1902 1217 1957 οὔ
1245 1925 1385 1965 τινος
1449 1904 1587 1961 ίδικά
1618 1903 1783 1985 ἰδίως,
1816 1905 1935 1962 ἀλλ’

286 1987 339 2052 ἐξ
399 1985 575 2044 ἄλλων
633 1990 707 2051 είς
769 1988 959 2054 ἄλλους
1021 1992 1444 2065 μεταπίπτοντα·
1505 1992 1539 2060 ἥ
1594 1996 1682 2051 καὶ
1731 1998 1804 2060 ὡς
1846 1996 1938 2052 οὒκ

286 2077 448 2144 οὔσης
478 2080 534 2133 ἒν
564 2078 768 2141 τούτοις
799 2076 883 2135 διὰ
915 2081 1112 2138 παντὸς
1169 2086 1265 2149 τῆς
1323 2083 1589 2162 ἡμετέρας
1639 2082 1935 2163 διαγωγῆς,

285 2166 424 2223 ἀλλά
448 2170 577 2244 πρὸς
611 2167 788 2245 ἕτερον
818 2169 932 2245 βίον
968 2171 1202 2251 ὁρώσης,
1240 2171 1322 2252 ἐφ’
1379 2176 1424 2246 ᾦ
1476 2175 1559 2230 καὶ
1618 2176 1934 2253 γεγόναμεν,

290 2260 388 2312 Διά
422 2264 545 2335 γοῦν
576 2266 732 2316 cum
765 2260 1103 2337 κυριωτέρως
1156 2264 1299 2319 οὗτοι
1349 2269 1453 2318 τῶν
1487 2264 1587 2319 ὑπὸ
1621 2266 1937 2339 πνευμάτων

290 2348 731 2404 καταπιπτόντων
763 2354 860 2415 τῆς
906 2352 1185 2414 κοινωνίαις
1239 2351 1717 2431 ἀφορισθήσονται·
1754 2354 1810 2409 οὗ
1841 2354 1939 2432 γὰρ

285 2438 500 2512 θεμιτὸν
528 2442 711 2503 αὐτοῖς
744 2438 921 2518 ἐτέρου
954 2443 1097 2505 τινὸς
1131 2443 1272 2519 ἱεροῦ
1302 2456 1604 2521 μετασχεῖν
1636 2443 1671 2511 ἢ
1704 2448 1803 2510 τῆς
1832 2450 1938 2499 τῶν

290 2528 502 2604 Λογίων
559 2527 933 2606 ἀναγνώσεως,
996 2532 1068 2594 ὼς
1125 2529 1187 2585 ἂν
1244 2528 1310 2586 δι’
1342 2532 1514 2587 αὐτῶν
1546 2533 1941 2613 ἐπιστρέφοιντο

288 2618 374 2674 ἐπὶ
426 2619 491 2677 τὰ
520 2617 570 2684 ἐξ
600 2621 675 2675 ὦν
703 2617 975 2684 ἒξέπεσον.
1011 2627 1187 2679 Ταῦτα
1246 2619 1300 2676 δέ
1358 2623 1532 2679 πάντα
1590 2622 1804 2701 εἴρηται
1866 2629 1941 2697 τῷ

290 2708 427 2786 ἁγίῳ
455 2710 572 2787 περὶ
604 2715 709 2765 τῶν
738 2707 1011 2785 ἐμπαθῶν,
1063 2711 1150 2767 καὶ
1201 2710 1280 2767 ἔτι
1335 2713 1604 2787 μενόντων
1634 2714 1939 2789 ἀμετανοήρ

288 2820 422 2877 των,
456 2801 529 2860 ὡς
561 2798 679 2878 ἔχει
710 2801 772 2855 τὸ
803 2799 910 2856 ἀπὸ
942 2809 1034 2858 τοῦ
1064 2802 1303 2874 μείζονος
1337 2802 1716 2880 ἐπιφερόμενον
1739 2803 1942 2882 ἐπιχείο

290 2910 464 2966 ρημα.
498 2890 641 2954 Φησὶ
664 2889 785 2967 γὰρ’
824 2890 883 2946 Εἰ
913 2889 1012 2967 γὰρ
1044 2891 1131 2946 καὶ
1160 2892 1282 2954 τοὺς
1314 2892 1443 2969 πρὸς
1475 2892 1608 2969 αὖτῇ
1650 2898 1718 2969 τῇ
1776 2914 1941 2967 μετα-

290 2978 406 3050 νοίᾳ
436 2977 592 3040 ὄντας
621 2979 656 3046 ἡ
690 2985 794 3035 τῶν
827 2979 981 3035 θείων
1010 2981 1271 3058 ἱερουργία
1310 2981 1610 3062 ἀποθετται,
1667 2986 1726 3040 οὐ
1773 3004 1943 3061 προσ-

290 3066 482 3141 ιεμένη
512 3068 728 3131 τούτους
762 3066 849 3124 διὰ
878 3069 940 3124 τὸ
988 3069 1065 3144 μὴ
1125 3070 1268 3126 εἶναι
1320 3069 1595 3135 παντελῶς
1628 3073 1943 3150 ἱερωτάτους

287 3163 699 3236 προσφωνοῦσα,
734 3161 873 3237 οἷον,
908 3160 981 3220 ὡς
1010 3158 1229 3223 ἀθέατός
1279 3160 1384 3235 εἰμι
1441 3162 1527 3217 καὶ
1584 3161 1943 3228 ἀκοινώνητος

290 3254 423 3304 πᾶσι
454 3260 573 3310 τοῖς
606 3248 686 3322 μὴ
718 3245 883 3312 ἀξίοις
915 3248 1323 3327 εἰςκοινωνίαν,
1377 3249 1564 3325 πολλῷ
1620 3273 1681 3329 γε
1743 3250 1945 3326 μᾶλλον

289 3336 751 3415 ἀπειρχθήσονται
814 3338 1011 3403 ταύτης
1073 3340 1118 3393 οἱ
1175 3338 1250 3395 ἔτι
1299 3340 1680 3415 ἀμετανόητοι.
1716 3338 1864 3397 Ἐπεὶ
1893 3338 1947 3396 δὲ

290 3432 387 3482 τοῦ
443 3425 583 3483 θείου
640 3434 767 3483 ναοῦ
822 3427 1103 3504 γεγόνασιν
1155 3427 1275 3503 ἔξω,
1310 3432 1398 3486 καὶ
1431 3433 1478 3486 οἱ
1508 3430 1735 3505 ἀμύητοι
1764 3452 1944 3496 κατη-

291 3518 576 3596 χούμενοι,
610 3517 699 3572 καὶ
729 3519 776 3573 οἱ
806 3516 1094 3591 ἐμπαθεῖς,
1154 3519 1225 3579 ὡς
1284 3518 1579 3575 ἀποστάται
1645 3524 1742 3585 τῆς
1806 3521 1944 3581 θείας

286 3610 464 3683 ,ζωῆςν
498 3604 715 3684 προσέτι
747 3604 919 3661 δὲκαὶ
969 3607 1017 3662 οἷ
1073 3608 1176 3663 ὑπὸ
1234 3610 1549 3683 πνευμάτων
1607 3607 1945 3688 ἐνοχλούμε-

292 3717 401 3775 νοι,
461 3696 752 3773 πρόστιμον
809 3694 1029 3774 ἔχοντες
1089 3698 1171 3753 καὶ
1229 3700 1394 3772 οὗτοι,
1446 3700 1535 3754 καὶ
1593 3700 1684 3755 οὒκ
1728 3696 1947 3778 ἔχοντες

294 3784 589 3863 ἀπολογίαν
636 3786 699 3841 τὸ
758 3785 1018 3849 ἀκουσίως
1078 3808 1332 3868 πασχειν,
1395 3789 1540 3845 αὐτοὶ
1595 3788 1694 3867 γὰρ
1745 3788 1944 3845 ἔδωκαν

295 3875 518 3939 ἑαυτοὺς
609 3886 726 3939 τοτς
792 3874 1108 3955 ἀκαθάρτοις
1177 3878 1462 3953 πνεύμασι,
1537 3878 1614 3955 μή
1674 3880 1947 3936 συντονίαν

303 3966 430 4042 πρὸς
487 3965 554 4021 τὰ
611 3968 731 4023 θεῖα
760 3966 848 4022 καὶ
907 3964 1230 4044 στερρότητα
1288 3967 1631 4044 κεκτημένον
1703 3969 1827 4026 εἷτα
1859 3970 1950 4025 σὺν

296 4056 501 4119 τούτοις
561 4056 649 4112 καὶ
707 4055 753 4112 οἱ
813 4057 1241 4131 μετανοήσαντες
1305 4059 1402 4134 μὲν
1459 4058 1544 4115 ἐπὶ
1611 4072 1729 4123 τοϊς
1804 4058 1949 4125 ἰδίοις

285 4144 603 4223 σφάλμασι,
665 4146 755 4201 καὶ
810 4151 908 4222 τῇς
964 4145 1201 4211 ἐναντίας
1250 4148 1577 4213 ἀποστάντες
1605 4148 1773 4229 ζωῆς,
1805 4148 1951 4207 οῧπω

301 4231 357 4290 δὲ
385 4234 584 4299 τελέως
615 4234 979 4312 καθαρθέντες’
1016 4238 1102 4293 καὶ
1133 4235 1250 4310 μετ’
1311 4238 1497 4302 αὖτοὺς
1553 4240 1600 4294 οἱ
1657 4240 1735 4314 μὴ
1794 4237 1950 4314 ἄμω-

299 4346 392 4398 μοι
424 4322 600 4390 ποίντη
629 4325 717 4381 καὶ
748 4323 1042 4405 ἀλώϐητοι,
1074 4328 1249 4391 καθὼς
1281 4329 1366 4384 καὶ
1398 4330 1454 4384 ἒν
1484 4335 1560 4403 τῷ
1589 4329 1738 4403 νόμῳ
1786 4331 1846 4384 τὸ
1879 4331 1950 4394 εἷς

297 4414 477 4470 θυσίαν
535 4413 780 4484 ἐζητεῖτο
830 4413 1119 4493 πρόϐατον·
1155 4420 1311 4491 οἶμαι
1382 4416 1436 4473 δὲ
1495 4417 1672 4496 λέγειν
1734 4418 1951 4483 τούτους

290 4504 423 4567 τοὺς
479 4502 559 4578 μὴ
616 4504 873 4579 ἱερωσύνη
926 4502 1341 4584 διαπρέπονταςο
1401 4508 1459 4563 οὗ
1516 4508 1615 4585 γὰρ
1670 4508 1756 4563 καὶ
1806 4509 1949 4565 οὗτοι

298 4589 403 4656 ἔξω
460 4613 564 4650 που
614 4589 891 4672 ἵστανται,
952 4591 1075 4650 ἀλλ’
1107 4593 1205 4659 ἔξω
1253 4595 1416 4670 μόνον
1444 4602 1538 4652 τοῦ
1587 4597 1951 4673 θυσιαστηρίου

298 4679 602 4761 ἱστάμενοι,
664 4677 1003 4761 ἀπείργονται
1083 4689 1182 4751 τῆς
1235 4688 1373 4763 ἱερᾶς
1427 4684 1649 4760 ἐποψίας
1708 4683 1793 4741 διὰ
1846 4692 1951 4743 τῶν

301 4768 575 4840 ἀναμέσον
687 4770 1102 4851 ἐφαπλουμένων
1199 4775 1726 4854 παραπετασμάτων·
1831 4776 1951 4831 τότε

302 4863 351 4916 οἱ
420 4861 660 4940 πανίεροι
726 4860 1129 4941 φιλοθεάμονες,
1215 4863 1618 4939 ἐποπτεύοντες,
1700 4866 1950 4941 ὑμνοῦσιν

298 4947 624 5027 ὑμνολογίαν
689 4949 1004 5024 καθολικὴν,
1038 4953 1072 5007 ἃ
1100 4954 1174 5016 ὡς
1203 4954 1303 5010 ὑπὸ
1333 4955 1546 5011 πάντων
1602 4952 1886 5030 ἀδομένην,
1916 4954 1951 5023 ἥ

303 5040 379 5101 ὡς
441 5038 572 5117 ὑπὲρ
629 5038 917 5108 καθολικῆς
970 5042 1193 5120 χάριτος
1252 5044 1562 5121 γινομένην.
1629 5050 1818 5101 Τοῦτον
1861 5046 1953 5101 τὸν

299 5126 463 5202 ὕμνον
493 5130 545 5185 οἱ
574 5128 672 5204 μὲν
699 5128 1042 5207 ὑμνολογίαν,
1079 5133 1123 5188 οἱ
1158 5130 1212 5188 δὲ
1243 5135 1341 5199 τῆς
1371 5133 1654 5212 θρησκείας
1698 5135 1758 5190 τὸ
1816 5137 1953 5210 σύμ-

304 5213 474 5273 ϐολον
499 5214 768 5295 λέγουσιν*
808 5213 964 5275 ἄλλοι
994 5215 1048 5275 δὲ
1097 5220 1374 5301 θειοτέρως
1413 5222 1724 5303 ἱεραρχικὴν
1783 5225 1953 5301 εὖγα-

303 5306 507 5383 ριστίαν
538 5308 720 5386 φασὶν,
773 5308 848 5373 ὡς
907 5311 1507 5383 περιεκτικὴνάπάσης
1564 5314 1695 5392 ὑπὲρ
1744 5315 1957 5373 πάντων

303 5397 376 5461 εἰς
406 5396 557 5471 ἡμᾶς
615 5396 826 5475 ἀγαθῶν
887 5401 1252 5479 εὐχαριστίας·
1314 5406 1555 5483 περιέχει
1613 5405 1714 5482 γὰρ
1768 5405 1833 5460 τὰ
1882 5407 1955 5469 εἷς

301 5486 452 5561 ἡμᾶς
498 5485 677 5543 θεόθεν
730 5487 1088 5566 ἀφικνούμενα
1140 5492 1252 5568 ἱερὰ
1309 5489 1471 5569 δῶρα,
1551 5494 1638 5551 καὶ
1719 5492 1898 5557 καλῶς
1928 5496 1955 5550 ὁ

303 5575 435 5653 ὺπέρ
462 5575 681 5633 πάντων
712 5574 871 5655 λόγος
903 5580 1211 5659 εὐχαριστία
1242 5579 1470 5656 ἐκλήθη,
1524 5582 1604 5638 ὅτι
1660 5589 1764 5640 πᾶν
1824 5586 1955 5665 ὑπὲρ

304 5668 405 5737 τῆς
432 5664 702 5746 ἡμετέρας
733 5667 1002 5747 σωτηρίας
1058 5667 1493 5750 ἐπραγματεύθη.
1561 5674 1656 5731 Καὶ
1710 5673 1812 5754 γὰρ
1867 5664 1954 5734 καὶ

1961 1850 1998 1901 Β

1964 3223 2004 3272 C

2017 1274 2345 1354 spiritalem
2370 1271 2698 1341 exhibebit,
2734 1274 3031 1335 Praeterea
3059 1281 3431 1353 compertum
3471 1275 3661 1339 habeo

2018 1363 2493 1425 sincerissimum
2526 1379 2832 1425 sacrorum
2856 1362 3133 1424 ordinum
3152 1362 3448 1442 judicium
3481 1365 3665 1444 magis

2018 1453 2418 1515 daemoniacos
2450 1452 2792 1514 existimare
2820 1452 2980 1514 illlos
3009 1452 3108 1533 qui
3126 1453 3342 1515 inertia
3365 1453 3664 1531 dimuunt,

2022 1561 2197 1623 quam
2251 1542 2352 1623 qui
2402 1542 2713 1619 Spiritibus
2765 1542 3161 1605 succumbunt
3194 1542 3527 1624 ;siquidem
3563 1544 3669 1623 qui

2022 1633 2167 1693 tales
2210 1642 2368 1713 sunt,
2405 1640 2646 1712 propter
2705 1632 3106 1712 turpissimam
3164 1632 3551 1713 voluptatein,
3611 1641 3670 1696 et

2022 1741 2149 1785 eam
2165 1720 2598 1802 quminalienis
2642 1720 3015 1800 minimeest,
3049 1721 3673 1799 sedessevidetur,l‘e-

2020 1811 2325 1885 licitatem,
2346 1829 2485 1873 vera
2501 1810 2655 1873 bona
2674 1811 3097 1890 prodegerunt.
3123 1809 3329 1872 Aliena
3343 1819 3543 1874 autem
3566 1830 3668 1873 vo-

2021 1910 2111 1963 cat
2135 1920 2265 1983 quae
2288 1900 2361 1963 ad
2379 1910 2689 1982 peccatum
2707 1901 3157 1981 pertinent;non
3175 1901 3336 1962 enim
3351 1909 3659 1981 peccatum

2021 2007 2106 2057 est
2125 2000 2261 2072 quid
2288 1998 2571 2057 naturale.
2586 1997 2685 2054 Vel
2708 1996 2892 2055 aliena
2911 1997 3123 2055 dicitea
3141 2012 3274 2069 quae
3290 2000 3488 2057 mundi
3512 2010 3666 2066 sunt.

2021 2091 2174 2160 quod
2195 2088 2412 2146 nullius
2436 2088 2669 2160 proprie
2687 2087 2801 2144 sint
2815 2087 3182 2158 propria,sed
3199 2087 3270 2144 ab
3292 2086 3420 2147 aliis
3441 2090 3509 2146 ad
3524 2089 3671 2147 alios

2024 2187 2342 2246 transeant;
2359 2189 2453 2236 aut
2476 2178 2650 2236 etiam
2672 2178 2829 2249 quod
2852 2177 2909 2233 in
2934 2176 3023 2233 his
3045 2191 3408 2249 nequaquam
3432 2179 3670 2237 omnino

2025 2273 2203 2343 posita
2238 2271 2313 2326 sit
2339 2273 2536 2325 nostra
2573 2265 2804 2325 vivendi
2835 2267 3002 2332 ratio,
3034 2266 3135 2324 sed
3157 2268 3328 2324 aliam
3352 2269 3524 2326 vitam
3549 2283 3672 2342 spe-

2024 2360 2160 2425 ctet,
2198 2351 2367 2430 cujus
2394 2349 2570 2411 etiam
2596 2350 2783 2427 gratia
2803 2347 2924 2409 nati
2947 2365 3175 2411 sumus.
3211 2346 3357 2409 Cum
3381 2349 3581 2431 itaque
3609 2350 3672 2413 hi

2026 2440 2212 2518 magis
2240 2446 2480 2520 proprie
2509 2438 2819 2518 spiritibus
2839 2436 3214 2515 subjaceant,
3234 2436 3494 2499 meritoa
3512 2457 3672 2500 com-

2025 2530 2311 2592 munione
2343 2526 2759 2590 excluduntur:
2795 2543 2990 2605 neque
3019 2525 3177 2586 enim
3210 2525 3297 2587 eis
3328 2526 3467 2589 licet
3514 2528 3669 2591 alte-

2024 2620 2150 2683 rius
2172 2620 2526 2698 cujusquam
2552 2616 2873 2696 participes
2891 2623 3446 2695 essa,praaterquam
3473 2619 3673 2681 lectio-

2026 2710 2118 2771 nis
2147 2708 2614 2787 Scripturarum,
2675 2715 2739 2766 ut
2790 2721 2899 2784 per
2952 2722 3056 2765 eas
3096 2712 3469 2768 revertantur
3496 2707 3570 2769 ad
3602 2725 3672 2769 ea

2026 2797 2242 2879 quibus
2261 2796 2631 2859 exciderunt.
2665 2792 2802 2855 Haec
2832 2801 3029 2855 autem
3051 2793 3253 2854 omnia
3282 2794 3440 2856 dicta
3468 2804 3608 2859 sunt
3635 2814 3671 2857 a

2026 2888 2153 2951 viro
2179 2896 2387 2949 “sancto
2410 2885 2486 2946 de
2504 2884 2579 2945 iis
2606 2883 2707 2963 qui
2734 2881 3107 2963 passionibus
3137 2883 3385 2944 obnonii
3415 2893 3582 2963 sunt,
3612 2892 3673 2949 et

2025 2978 2221 3040 adunc
2255 2982 2497 3038 manent
2526 2973 2996 3054 impcenitentes,
3031 2979 3306 3052 tanquam
3336 2974 3444 3036 sia
3465 2976 3674 3054 majori

2027 3067 2290 3130 inferens
2312 3073 2851 3144 argumentaretur.
2875 3062 2939 3123 Si
2962 3060 3147 3143 enim,
3175 3062 3388 3145 inquit,
3417 3064 3550 3127 illos
3571 3065 3675 3147 qui

2030 3157 2089 3220 in
2120 3157 2251 3237 ipsa
2276 3156 2474 3217 adhuc
2507 3152 2860 3234 poenitentia
2895 3159 3208 3214 versantur
3235 3170 3543 3216 sacrorum
3575 3156 3671 3219 di-

2032 3248 2301 3309 vinorum
2329 3244 2652 3307 celebratio
2685 3242 2956 3323 repellat,
2993 3259 3065 3303 eo
3096 3242 3249 3322 quod
3283 3262 3406 3329 non
3427 3246 3671 3306 omnino

2031 3334 2393 3399 sanctissimi
2423 3332 2945 3412 sint,nequaquam
2969 3348 3070 3391 eos
3088 3332 3674 3412 admittens,procla-

2032 3426 2252 3487 mando
2287 3423 2723 3504 quodammodo
2747 3438 2813 3482 se
2836 3420 3115 3482 omnibus
3140 3437 3248 3482 sua
3271 3422 3674 3485 communica-

2030 3516 2191 3577 tione
2222 3513 2482 3591 indignis
2513 3509 2873 3571 invisibilem
2928 3510 3674 3592 incommunicabilemque

2031 3602 2537 3678 exsistere,multo
2556 3606 2738 3679 magis
2759 3599 2833 3661 ab
2862 3616 2933 3661 ea
2963 3598 3323 3662 arcebuntur
3350 3600 3452 3682 qui
3481 3602 3673 3665 adhuc

2029 3694 2475 3776 impmnitentes
2504 3698 2661 3754 sunt.
2716 3688 2829 3751 Ubi
2860 3698 3059 3753 autem
3107 3707 3141 3752 a
3191 3690 3392 3752 divino
3450 3692 3672 3773 templo

2031 3782 2262 3847 exclusi
2295 3789 2434 3844 sunt
2465 3778 2900 3855 catechumeni,
2935 3780 3033 3860 qui
3067 3778 3323 3842 necdum
3355 3781 3543 3843 sacris
3564 3782 3673 3844 ini-

2032 3873 2155 3937 tiati
2186 3880 2342 3948 sunt,
2381 3871 2600 3953 quique
2640 3868 3018 3951 passionibus
3068 3869 3310 3932 obnoxii
3361 3879 3519 3948 sunt,
3553 3882 3611 3935 et
3641 3890 3677 3933 ιι

2032 3964 2230 4027 divina
2259 3964 2372 4024 vita
2403 3962 2752 4023 defecerunt
2783 3980 2798 4041 ;
2826 3968 3001 4040 atque
3025 3959 3270 4040 insuper
3301 3960 3477 4022 etiam
3510 3962 3611 4042 qui
3641 3979 3677 4022 a

2034 4053 2348 4135 Spiritibus
2377 4060 2689 4129 vexantur,
2726 4062 2785 4111 et
2810 4050 2963 4112 hanc
2995 4067 3229 4130 poenam
3252 4050 3531 4127 subeunt,
3565 4069 3678 4113 nec

2034 4144 2478 4207 excusationem
2513 4140 2756 4219 habent,
2781 4139 2939 4216 quod
2968 4141 3093 4200 haec
3121 4139 3286 4200 inviti
3319 4140 3671 4222 sustineant,

2034 4233 2313 4315 quoniam
2346 4232 2701 4310 semetipsos
2730 4228 3038 4308 spiritibus
3069 4228 3396 4290 immundis
3423 4229 3679 4292 tradide-

2033 4332 2194 4403 runt,
2234 4341 2369 4384 cum
2400 4339 2513 4382 nec
2541 4320 2932 4381 intentionem
2985 4336 3182 4398 neque
3229 4317 3572 4381 ﬁrmitatem
3612 4320 3675 4382 in

2028 4412 2248 4474 divinis
2278 4407 2840 4473 obtineant.l)einde
2866 4424 3003 4468 cum
3026 4407 3121 4467 his
3152 4424 3387 4487 quoque
3410 4405 3677 4489 illi,quos

2033 4510 2362 4564 erratorum
2390 4499 2631 4582 quidem
2662 4514 2906 4559 suorum
2945 4496 3214 4577 poenitet,
3252 4506 3310 4557 et
3365 4505 3680 4561 contrarias

1976 4587 2017 4639 ο
2041 4592 2167 4654 vitm
2197 4592 2469 4653 nuntium
2504 4590 2818 4664 miserunt,
2852 4587 3115 4647 nondum
3160 4593 3359 4649 tamen
3409 4587 3677 4667 perfecte

2037 4683 2170 4762 puri
2202 4693 2364 4755 sunt,
2391 4685 2452 4744 et
2473 4678 2799 4741 secundum
2824 4678 2934 4739 hos
2964 4676 3005 4737 ii
3033 4677 3133 4755 qui
3161 4695 3279 4739 non
3302 4681 3545 4739 omnino
3564 4684 3676 4740 im-

2036 4772 2316 4835 maculati
2335 4781 2475 4836 sunt
2496 4782 2553 4832 et
2583 4767 2949 4844 intemerati,
2975 4776 3150 4848 prout
3169 4768 3231 4829 in
3255 4769 3388 4846 lege
3410 4787 3674 4854 quoque,

2034 4862 2107 4925 ad
2139 4862 2494 4925 sacriﬁcium
2525 4879 2712 4940 agnus
2743 4858 3194 4940 requirebatur:
3231 4859 3446 4939 opinor
3476 4871 3676 4925 autem

2035 4953 2358 5032 signiﬁcari
2389 4953 2521 5013 illos
2552 4951 2655 5033 qui
2687 4968 2805 5011 non
2823 4955 2963 5010 sunt
2990 4948 3260 5029 209apti
3290 4950 3623 5014 sacerdotio
3659 4973 3676 5034 ;

2038 5043 2329 5123 siquidem
2355 5042 2417 5104 hi
2448 5060 2566 5103 non
2597 5048 2756 5102 stant
2787 5039 2951 5117 foris,
2993 5039 3099 5102 sed
3129 5040 3347 5117 solum,
3381 5060 3516 5103 cum
3559 5060 3680 5105 non

2038 5141 2234 5196 astent
2261 5132 2453 5208 altari,
2485 5149 2518 5193 a
2547 5130 2746 5192 divino
2776 5138 3017 5210 aspectu
3049 5138 3334 5192 arcentur
3364 5149 3471 5211 per
3515 5133 3680 5195 vela-

2040 5222 2201 5285 mina
2222 5241 2351 5303 quae
2377 5223 2434 5284 in
2469 5220 2671 5283 medio
2697 5238 2767 5281 ex
2779 5220 3141 5299 panduntur.
3161 5222 3310 5284 Tum
3330 5221 3569 5286 demum
3594 5242 3682 5286 sa-

2039 5312 2359 5377 cratissimi
2388 5317 2757 5392 spectatores
2776 5309 3031 5371 hostiam
3055 5312 3527 5393 contemplantes
3543 5313 3681 5374 uni-

2039 5403 2267 5471 versale
2285 5401 2582 5484 quoddam
2607 5398 2798 5461 laudis
2829 5399 3125 5463 canticum
3151 5403 3497 5482 concinunt,
3523 5403 3681 5483 quod

2039 5493 2128 5555 vel
2160 5493 2232 5556 ab
2265 5490 2556 5555 universis
2584 5489 2838 5567 canitur,
2885 5490 2975 5551 vel
3006 5508 3116 5571 pro
3146 5491 3465 5553 universali
3512 5492 3682 5571 quasi

2039 5583 2229 5663 gratia
2245 5583 2515 5649 offertur.
2541 5578 2713 5643 Hunc
2739 5580 3023 5660 hymnum
3046 5589 3272 5655 autem,
3303 5580 3403 5641 alii
3430 5582 3680 5662 quidem

2039 5673 2499 5756 hymnologiam,
2535 5672 2634 5737 alii
2662 5668 2967 5751 religionis
2995 5668 3326 5752 symbolum
3358 5671 3676 5755 appellant:
