  <div class='ocr_page' id='page_1' title='image "/cluster/home/n/w/nwhite01/storage/ocr_20150623/3/mdp.39015008855614/239.png"; bbox 0 0 4150 6158; ppageno 0'>
   <div class='ocr_carea' id='block_1_1' title="bbox 506 320 626 392">
    <p class='ocr_par' dir='ltr' id='par_1_1' title="bbox 506 320 626 392">
     <span class='ocr_line' id='line_1_1' title="bbox 506 320 626 392; baseline 0 -1"><span class='ocrx_word' id='word_1_1' title='bbox 506 320 626 392; x_wconf 79' lang='grc'><strong>463</strong></span> 
     </span>
    </p>
   </div>
   <div class='ocr_carea' id='block_1_2' title="bbox 1667 311 2699 386">
    <p class='ocr_par' dir='ltr' id='par_1_2' title="bbox 1667 311 2699 386">
     <span class='ocr_line' id='line_1_2' title="bbox 1667 311 2699 386; baseline -0.005 -1"><span class='ocrx_word' id='word_1_2' title='bbox 1667 318 1729 385; x_wconf 89' lang='lat' dir='ltr'><strong>S.</strong></span> <span class='ocrx_word' id='word_1_3' title='bbox 1776 318 2121 386; x_wconf 88' lang='lat' dir='ltr'><strong>DIONYSII</strong></span> <span class='ocrx_word' id='word_1_4' title='bbox 2164 311 2699 384; x_wconf 61' lang='lat' dir='ltr'><strong>AREOPAGITZE.</strong></span> 
     </span>
    </p>
   </div>
   <div class='ocr_carea' id='block_1_3' title="bbox 3759 314 3868 385">
    <p class='ocr_par' dir='ltr' id='par_1_3' title="bbox 3759 314 3868 385">
     <span class='ocr_line' id='line_1_3' title="bbox 3759 314 3868 385; baseline 0 -1"><span class='ocrx_word' id='word_1_5' title='bbox 3759 314 3868 385; x_wconf 74' lang='grc'><strong>464</strong></span> 
     </span>
    </p>
   </div>
   <div class='ocr_carea' id='block_1_4' title="bbox 503 451 2153 532">
    <p class='ocr_par' dir='ltr' id='par_1_4' title="bbox 503 451 2153 532">
     <span class='ocr_line' id='line_1_4' title="bbox 503 451 2153 532; baseline -0.002 -13"><span class='ocrx_word' id='word_1_6' title='bbox 503 455 605 521; x_wconf 83' lang='lat' dir='ltr'><strong>alii</strong></span> <span class='ocrx_word' id='word_1_7' title='bbox 634 472 773 519; x_wconf 82' lang='lat' dir='ltr'><strong>vero</strong></span> <span class='ocrx_word' id='word_1_8' title='bbox 803 451 1079 532; x_wconf 81' lang='lat' dir='ltr'><strong>divinius,</strong></span> <span class='ocrx_word' id='word_1_9' title='bbox 1115 452 1551 519; x_wconf 87' lang='lat' dir='ltr'><strong>hierarchicam</strong></span> <span class='ocrx_word' id='word_1_10' title='bbox 1585 453 2009 519; x_wconf 84' lang='lat' dir='ltr'><strong>eucharistiam</strong></span> <span class='ocrx_word' id='word_1_11' title='bbox 2043 469 2153 515; x_wconf 86' lang='lat' dir='ltr'><strong>vo-</strong></span> 
     </span>
    </p>
   </div>
   <div class='ocr_carea' id='block_1_5' title="bbox 2236 451 3870 532">
    <p class='ocr_par' dir='ltr' id='par_1_5' title="bbox 2244 452 3870 532">
     <span class='ocr_line' id='line_1_5' title="bbox 2244 452 3870 532; baseline 0.001 -23"><span class='ocrx_word' id='word_1_12' title='bbox 2244 453 2461 530; x_wconf 73' lang='grc' dir='ltr'>τρώτως</span> <span class='ocrx_word' id='word_1_13' title='bbox 2492 454 2635 532; x_wconf 77' lang='grc' dir='ltr'>παρὰ</span> <span class='ocrx_word' id='word_1_14' title='bbox 2664 461 2756 512; x_wconf 79' lang='grc' dir='ltr'>τοῦ</span> <span class='ocrx_word' id='word_1_15' title='bbox 2805 454 2999 532; x_wconf 76' lang='grc' dir='ltr'>ἀγαθοῦ</span> <span class='ocrx_word' id='word_1_16' title='bbox 3058 456 3190 512; x_wconf 84' lang='grc' dir='ltr'><strong>Θεοῦ</strong></span> <span class='ocrx_word' id='word_1_17' title='bbox 3242 452 3567 529; x_wconf 78' lang='grc' dir='ltr'>ύπέστημεν,</span> <span class='ocrx_word' id='word_1_18' title='bbox 3621 454 3707 511; x_wconf 79' lang='grc' dir='ltr'>καὶ</span> <span class='ocrx_word' id='word_1_19' title='bbox 3758 468 3870 519; x_wconf 63' lang='grc' dir='ltr'>τοῖς</span> 
     </span>
    </p>
   </div>
   <div class='ocr_carea' id='block_1_6' title="bbox 499 542 2154 626">
    <p class='ocr_par' dir='ltr' id='par_1_6' title="bbox 499 542 2154 626">
     <span class='ocr_line' id='line_1_6' title="bbox 499 542 2154 626; baseline -0.003 -17"><span class='ocrx_word' id='word_1_20' title='bbox 499 552 664 623; x_wconf 90' lang='lat' dir='ltr'><strong>cant,</strong></span> <span class='ocrx_word' id='word_1_21' title='bbox 694 551 758 607; x_wconf 91' lang='lat' dir='ltr'><strong>ut</strong></span> <span class='ocrx_word' id='word_1_22' title='bbox 789 562 919 626; x_wconf 63' lang='lat' dir='ltr'><strong>quae</strong></span> <span class='ocrx_word' id='word_1_23' title='bbox 950 562 1190 606; x_wconf 92' lang='lat' dir='ltr'><strong>omnem</strong></span> <span class='ocrx_word' id='word_1_24' title='bbox 1223 564 1333 626; x_wconf 89' lang='lat' dir='ltr'><strong>pro</strong></span> <span class='ocrx_word' id='word_1_25' title='bbox 1364 564 1459 606; x_wconf 92' lang='lat' dir='ltr'><strong>om</strong></span> <span class='ocrx_word' id='word_1_26' title='bbox 1477 545 1653 606; x_wconf 90' lang='lat' dir='ltr'><strong>nibus</strong></span> <span class='ocrx_word' id='word_1_27' title='bbox 1683 562 1824 623; x_wconf 87' lang='lat' dir='ltr'><strong>erga</strong></span> <span class='ocrx_word' id='word_1_28' title='bbox 1849 563 1957 606; x_wconf 92' lang='lat' dir='ltr'><strong>nos</strong></span> <span class='ocrx_word' id='word_1_29' title='bbox 1983 542 2154 605; x_wconf 88' lang='lat' dir='ltr'><strong>bonis</strong></span> 
     </span>
    </p>
   </div>
   <div class='ocr_carea' id='block_1_7' title="bbox 502 632 2151 715">
    <p class='ocr_par' dir='ltr' id='par_1_7' title="bbox 502 632 2151 715">
     <span class='ocr_line' id='line_1_7' title="bbox 502 632 2151 715; baseline -0.003 -18"><span class='ocrx_word' id='word_1_30' title='bbox 502 636 822 715; x_wconf 90' lang='lat' dir='ltr'><strong>gratiarum</strong></span> <span class='ocrx_word' id='word_1_31' title='bbox 869 634 1167 696; x_wconf 76' lang='lat' dir='ltr'><strong>actionem</strong></span> <span class='ocrx_word' id='word_1_32' title='bbox 1192 633 1658 715; x_wconf 80' lang='lat' dir='ltr'><strong>complectatur;</strong></span> <span class='ocrx_word' id='word_1_33' title='bbox 1694 634 1959 695; x_wconf 89' lang='lat' dir='ltr'><strong>continet</strong></span> <span class='ocrx_word' id='word_1_34' title='bbox 1990 632 2151 695; x_wconf 92' lang='lat' dir='ltr'><strong>enim</strong></span> 
     </span>
    </p>
   </div>
   <div class='ocr_carea' id='block_1_8' title="bbox 502 722 2150 804">
    <p class='ocr_par' dir='ltr' id='par_1_8' title="bbox 502 722 2150 804">
     <span class='ocr_line' id='line_1_8' title="bbox 502 722 2150 804; baseline -0.003 -17"><span class='ocrx_word' id='word_1_35' title='bbox 502 725 607 788; x_wconf 90' lang='lat' dir='ltr'><strong>illa</strong></span> <span class='ocrx_word' id='word_1_36' title='bbox 636 742 806 787; x_wconf 91' lang='lat' dir='ltr'><strong>sacra</strong></span> <span class='ocrx_word' id='word_1_37' title='bbox 831 742 1085 785; x_wconf 90' lang='lat' dir='ltr'><strong>munera</strong></span> <span class='ocrx_word' id='word_1_38' title='bbox 1114 742 1245 804; x_wconf 64' lang='lat' dir='ltr'><strong>qua;</strong></span> <span class='ocrx_word' id='word_1_39' title='bbox 1275 723 1565 786; x_wconf 88' lang='lat' dir='ltr'><strong>divinitus</strong></span> <span class='ocrx_word' id='word_1_40' title='bbox 1581 723 1654 785; x_wconf 88' lang='lat' dir='ltr'><strong>ad</strong></span> <span class='ocrx_word' id='word_1_41' title='bbox 1680 741 1790 785; x_wconf 90' lang='lat' dir='ltr'><strong>nos</strong></span> <span class='ocrx_word' id='word_1_42' title='bbox 1821 722 2150 793; x_wconf 86' lang='lat' dir='ltr'><strong>dimanant,</strong></span> 
     </span>
    </p>
   </div>
   <div class='ocr_carea' id='block_1_9' title="bbox 500 812 2154 895">
    <p class='ocr_par' dir='ltr' id='par_1_9' title="bbox 500 812 2154 895">
     <span class='ocr_line' id='line_1_9' title="bbox 500 812 2154 895; baseline -0.002 -18"><span class='ocrx_word' id='word_1_43' title='bbox 500 822 787 893; x_wconf 85' lang='lat' dir='ltr'><strong>recteque</strong></span> <span class='ocrx_word' id='word_1_44' title='bbox 820 832 925 895; x_wconf 89' lang='lat' dir='ltr'><strong>pro</strong></span> <span class='ocrx_word' id='word_1_45' title='bbox 954 812 1231 876; x_wconf 90' lang='lat' dir='ltr'><strong>omnibus</strong></span> <span class='ocrx_word' id='word_1_46' title='bbox 1261 814 1586 893; x_wconf 84' lang='lat' dir='ltr'><strong>gratiarum</strong></span> <span class='ocrx_word' id='word_1_47' title='bbox 1620 813 1779 876; x_wconf 89' lang='lat' dir='ltr'><strong>actio</strong></span> <span class='ocrx_word' id='word_1_48' title='bbox 1813 820 2154 893; x_wconf 87' lang='lat' dir='ltr'><strong>nuncupata</strong></span> 
     </span>
    </p>
   </div>
   <div class='ocr_carea' id='block_1_10' title="bbox 503 902 2149 984">
    <p class='ocr_par' dir='ltr' id='par_1_10' title="bbox 503 902 2149 984">
     <span class='ocr_line' id='line_1_10' title="bbox 503 902 2149 984; baseline -0.005 -15"><span class='ocrx_word' id='word_1_49' title='bbox 503 913 615 981; x_wconf 87' lang='lat' dir='ltr'><strong>est,</strong></span> <span class='ocrx_word' id='word_1_50' title='bbox 649 909 785 984; x_wconf 86' lang='lat' dir='ltr'><strong>quia</strong></span> <span class='ocrx_word' id='word_1_51' title='bbox 816 902 1103 984; x_wconf 87' lang='lat' dir='ltr'><strong>quidquid</strong></span> <span class='ocrx_word' id='word_1_52' title='bbox 1151 903 1224 965; x_wconf 90' lang='lat' dir='ltr'><strong>ad</strong></span> <span class='ocrx_word' id='word_1_53' title='bbox 1258 904 1508 965; x_wconf 85' lang='lat' dir='ltr'><strong>salutem</strong></span> <span class='ocrx_word' id='word_1_54' title='bbox 1574 909 1834 964; x_wconf 87' lang='lat' dir='ltr'><strong>nostram</strong></span> <span class='ocrx_word' id='word_1_55' title='bbox 1896 912 2149 983; x_wconf 82' lang='lat' dir='ltr'><strong>spectat,</strong></span> 
     </span>
    </p>
   </div>
   <div class='ocr_carea' id='block_1_11' title="bbox 501 990 2155 1076">
    <p class='ocr_par' dir='ltr' id='par_1_11' title="bbox 501 990 2155 1076">
     <span class='ocr_line' id='line_1_11' title="bbox 501 990 2155 1076; baseline -0.003 -19"><span class='ocrx_word' id='word_1_56' title='bbox 501 1005 748 1076; x_wconf 82' lang='lat' dir='ltr'><strong>operata</strong></span> <span class='ocrx_word' id='word_1_57' title='bbox 769 1002 878 1055; x_wconf 87' lang='lat' dir='ltr'><strong>est.</strong></span> <span class='ocrx_word' id='word_1_58' title='bbox 907 992 1139 1055; x_wconf 86' lang='lat' dir='ltr'><strong>Etenim</strong></span> <span class='ocrx_word' id='word_1_59' title='bbox 1165 992 1417 1073; x_wconf 89' lang='lat' dir='ltr'><strong>primum</strong></span> <span class='ocrx_word' id='word_1_60' title='bbox 1443 1010 1477 1053; x_wconf 91' lang='lat' dir='ltr'><strong>a</strong></span> <span class='ocrx_word' id='word_1_61' title='bbox 1502 991 1577 1054; x_wconf 90' lang='lat' dir='ltr'><strong>bo</strong></span> <span class='ocrx_word' id='word_1_62' title='bbox 1590 1011 1667 1053; x_wconf 94' lang='lat' dir='ltr'><strong>no</strong></span> <span class='ocrx_word' id='word_1_63' title='bbox 1689 991 1811 1054; x_wconf 91' lang='lat' dir='ltr'><strong>Deo</strong></span> <span class='ocrx_word' id='word_1_64' title='bbox 1834 990 2155 1071; x_wconf 87' lang='lat' dir='ltr'><strong>conditi,et</strong></span> 
     </span>
    </p>
   </div>
   <div class='ocr_carea' id='block_1_12' title="bbox 502 1079 2156 1165">
    <p class='ocr_par' dir='ltr' id='par_1_12' title="bbox 502 1079 2156 1165">
     <span class='ocr_line' id='line_1_12' title="bbox 502 1079 2156 1165; baseline -0.002 -19"><span class='ocrx_word' id='word_1_65' title='bbox 502 1082 876 1165; x_wconf 81' lang='lat' dir='ltr'><strong>primigeniis</strong></span> <span class='ocrx_word' id='word_1_66' title='bbox 907 1081 1459 1164; x_wconf 87' lang='lat' dir='ltr'><strong>pulchritudinibus</strong></span> <span class='ocrx_word' id='word_1_67' title='bbox 1486 1081 1560 1144; x_wconf 85' lang='lat' dir='ltr'><strong>ad</strong></span> <span class='ocrx_word' id='word_1_68' title='bbox 1588 1080 2049 1144; x_wconf 84' lang='lat' dir='ltr'><strong>deiformitatem</strong></span> <span class='ocrx_word' id='word_1_69' title='bbox 2074 1079 2156 1142; x_wconf 87' lang='lat' dir='ltr'><strong>ef-</strong></span> 
     </span>
    </p>
   </div>
   <div class='ocr_carea' id='block_1_13' title="bbox 501 1169 2155 1252">
    <p class='ocr_par' dir='ltr' id='par_1_13' title="bbox 501 1169 2155 1252">
     <span class='ocr_line' id='line_1_13' title="bbox 501 1169 2155 1252; baseline -0.002 -16"><span class='ocrx_word' id='word_1_70' title='bbox 501 1172 745 1236; x_wconf 81' lang='lat' dir='ltr'><strong>formati</strong></span> <span class='ocrx_word' id='word_1_71' title='bbox 775 1189 1002 1234; x_wconf 90' lang='lat' dir='ltr'><strong>sumus.</strong></span> <span class='ocrx_word' id='word_1_72' title='bbox 1041 1169 1402 1251; x_wconf 85' lang='lat' dir='ltr'><strong>Primigenia</strong></span> <span class='ocrx_word' id='word_1_73' title='bbox 1429 1188 1569 1235; x_wconf 84' lang='lat' dir='ltr'><strong>vero</strong></span> <span class='ocrx_word' id='word_1_74' title='bbox 1598 1178 1769 1233; x_wconf 88' lang='lat' dir='ltr'><strong>vocat</strong></span> <span class='ocrx_word' id='word_1_75' title='bbox 1802 1188 1870 1234; x_wconf 91' lang='lat' dir='ltr'><strong>ea</strong></span> <span class='ocrx_word' id='word_1_76' title='bbox 1914 1187 2046 1252; x_wconf 64' lang='lat' dir='ltr'><strong>quae</strong></span> <span class='ocrx_word' id='word_1_77' title='bbox 2095 1169 2155 1232; x_wconf 91' lang='lat' dir='ltr'><strong>in</strong></span> 
     </span>
    </p>
   </div>
   <div class='ocr_carea' id='block_1_14' title="bbox 502 1258 2156 1341">
    <p class='ocr_par' dir='ltr' id='par_1_14' title="bbox 502 1258 2156 1341">
     <span class='ocr_line' id='line_1_14' title="bbox 502 1258 2156 1341; baseline -0.002 -16"><span class='ocrx_word' id='word_1_78' title='bbox 502 1263 703 1326; x_wconf 89' lang='lat' dir='ltr'><strong>divina</strong></span> <span class='ocrx_word' id='word_1_79' title='bbox 759 1268 971 1324; x_wconf 89' lang='lat' dir='ltr'><strong>natura</strong></span> <span class='ocrx_word' id='word_1_80' title='bbox 1029 1260 1508 1341; x_wconf 89' lang='lat' dir='ltr'><strong>conspiciuntur,</strong></span> <span class='ocrx_word' id='word_1_81' title='bbox 1572 1278 1827 1341; x_wconf 88' lang='lat' dir='ltr'><strong>quorum</strong></span> <span class='ocrx_word' id='word_1_82' title='bbox 1880 1258 2156 1322; x_wconf 88' lang='lat' dir='ltr'><strong>homines</strong></span> 
     </span>
    </p>
   </div>
   <div class='ocr_carea' id='block_1_15' title="bbox 501 1349 2152 1434">
    <p class='ocr_par' dir='ltr' id='par_1_15' title="bbox 501 1349 2152 1434">
     <span class='ocr_line' id='line_1_15' title="bbox 501 1349 2152 1434; baseline -0.003 -20"><span class='ocrx_word' id='word_1_83' title='bbox 501 1371 612 1434; x_wconf 87' lang='lat' dir='ltr'><strong>pro</strong></span> <span class='ocrx_word' id='word_1_84' title='bbox 669 1360 846 1432; x_wconf 86' lang='lat' dir='ltr'><strong>captu</strong></span> <span class='ocrx_word' id='word_1_85' title='bbox 898 1350 1194 1432; x_wconf 88' lang='lat' dir='ltr'><strong>modoque</strong></span> <span class='ocrx_word' id='word_1_86' title='bbox 1226 1370 1334 1413; x_wconf 89' lang='lat' dir='ltr'><strong>suo</strong></span> <span class='ocrx_word' id='word_1_87' title='bbox 1364 1349 1524 1414; x_wconf 88' lang='lat' dir='ltr'><strong>Deus</strong></span> <span class='ocrx_word' id='word_1_88' title='bbox 1563 1351 1879 1432; x_wconf 83' lang='lat' dir='ltr'><strong>participes</strong></span> <span class='ocrx_word' id='word_1_89' title='bbox 1929 1349 2152 1430; x_wconf 74' lang='lat' dir='ltr'><strong>eﬁ‘ecit,</strong></span> 
     </span>
    </p>
   </div>
   <div class='ocr_carea' id='block_1_16' title="bbox 501 1439 2157 1522">
    <p class='ocr_par' dir='ltr' id='par_1_16' title="bbox 501 1439 2157 1522">
     <span class='ocr_line' id='line_1_16' title="bbox 501 1439 2157 1522; baseline -0.004 -16"><span class='ocrx_word' id='word_1_90' title='bbox 501 1451 561 1506; x_wconf 91' lang='lat' dir='ltr'><strong>et</strong></span> <span class='ocrx_word' id='word_1_91' title='bbox 588 1442 649 1504; x_wconf 90' lang='lat' dir='ltr'><strong>in</strong></span> <span class='ocrx_word' id='word_1_92' title='bbox 683 1440 959 1522; x_wconf 89' lang='lat' dir='ltr'><strong>paradiso</strong></span> <span class='ocrx_word' id='word_1_93' title='bbox 989 1441 1273 1504; x_wconf 90' lang='lat' dir='ltr'><strong>diviniori</strong></span> <span class='ocrx_word' id='word_1_94' title='bbox 1294 1441 1367 1504; x_wconf 91' lang='lat' dir='ltr'><strong>ad</strong></span> <span class='ocrx_word' id='word_1_95' title='bbox 1396 1459 1656 1521; x_wconf 88' lang='lat' dir='ltr'><strong>superna</strong></span> <span class='ocrx_word' id='word_1_96' title='bbox 1686 1442 1864 1503; x_wconf 89' lang='lat' dir='ltr'><strong>modo</strong></span> <span class='ocrx_word' id='word_1_97' title='bbox 1886 1439 2157 1519; x_wconf 87' lang='lat' dir='ltr'><strong>subrige-</strong></span> 
     </span>
    </p>
   </div>
   <div class='ocr_carea' id='block_1_17' title="bbox 500 1529 2154 1612">
    <p class='ocr_par' dir='ltr' id='par_1_17' title="bbox 500 1529 2154 1612">
     <span class='ocr_line' id='line_1_17' title="bbox 500 1529 2154 1612; baseline -0.003 -18"><span class='ocrx_word' id='word_1_98' title='bbox 500 1530 757 1606; x_wconf 89' lang='lat' dir='ltr'><strong>bamur;</strong></span> <span class='ocrx_word' id='word_1_99' title='bbox 790 1539 1070 1594; x_wconf 67' lang='lat' dir='ltr'><strong>caeterum</strong></span> <span class='ocrx_word' id='word_1_100' title='bbox 1102 1550 1236 1593; x_wconf 90' lang='lat' dir='ltr'><strong>cum</strong></span> <span class='ocrx_word' id='word_1_101' title='bbox 1271 1530 1674 1612; x_wconf 86' lang='lat' dir='ltr'><strong>imprudentia</strong></span> <span class='ocrx_word' id='word_1_102' title='bbox 1728 1540 1929 1593; x_wconf 90' lang='lat' dir='ltr'><strong>nostra</strong></span> <span class='ocrx_word' id='word_1_103' title='bbox 1982 1529 2154 1591; x_wconf 88' lang='lat' dir='ltr'><strong>bonis</strong></span> 
     </span>
    </p>
   </div>
   <div class='ocr_carea' id='block_1_18' title="bbox 2236 541 3864 623">
    <p class='ocr_par' dir='ltr' id='par_1_18' title="bbox 2236 541 3864 623">
     <span class='ocr_line' id='line_1_18' title="bbox 2236 541 3864 623; baseline 0.001 -26"><span class='ocrx_word' id='word_1_104' title='bbox 2236 543 2555 623; x_wconf 76' lang='grc' dir='ltr'><strong>ἀρχετύποις</strong></span> <span class='ocrx_word' id='word_1_105' title='bbox 2599 542 2820 601; x_wconf 71' lang='grc' dir='ltr'>κάλλεσι</span> <span class='ocrx_word' id='word_1_106' title='bbox 2881 545 3013 622; x_wconf 77' lang='grc' dir='ltr'>πρὸς</span> <span class='ocrx_word' id='word_1_107' title='bbox 3068 545 3129 600; x_wconf 83' lang='grc' dir='ltr'>τὸ</span> <span class='ocrx_word' id='word_1_108' title='bbox 3179 541 3404 607; x_wconf 77' lang='grc' dir='ltr'>θεοειδὲς</span> <span class='ocrx_word' id='word_1_109' title='bbox 3464 543 3864 623; x_wconf 69' lang='grc' dir='ltr'>ἑμορφώθτιμεν.</span> 
     </span>
    </p>
   </div>
   <div class='ocr_carea' id='block_1_19' title="bbox 2236 631 3867 715">
    <p class='ocr_par' dir='ltr' id='par_1_19' title="bbox 2236 631 3867 715">
     <span class='ocr_line' id='line_1_19' title="bbox 2236 631 3867 715; baseline 0 -26"><span class='ocrx_word' id='word_1_110' title='bbox 2236 631 2541 712; x_wconf 83' lang='grc' dir='ltr'>Ἀρχέτυπα</span> <span class='ocrx_word' id='word_1_111' title='bbox 2571 632 2626 689; x_wconf 79' lang='grc' dir='ltr'><strong>δέ</strong></span> <span class='ocrx_word' id='word_1_112' title='bbox 2655 657 2785 713; x_wconf 67' lang='grc' dir='ltr'>φησι</span> <span class='ocrx_word' id='word_1_113' title='bbox 2815 635 2881 690; x_wconf 76' lang='grc' dir='ltr'><strong>τὰ</strong></span> <span class='ocrx_word' id='word_1_114' title='bbox 2928 643 2995 711; x_wconf 78' lang='grc' dir='ltr'>τῄ</span> <span class='ocrx_word' id='word_1_115' title='bbox 3052 635 3165 707; x_wconf 81' lang='grc' dir='ltr'>θείᾳ</span> <span class='ocrx_word' id='word_1_116' title='bbox 3225 633 3374 715; x_wconf 69' lang='grc' dir='ltr'>φύσει</span> <span class='ocrx_word' id='word_1_117' title='bbox 3435 634 3867 714; x_wconf 77' lang='grc' dir='ltr'>ὲπιθεωρούμενα,</span> 
     </span>
    </p>
   </div>
   <div class='ocr_carea' id='block_1_20' title="bbox 2234 722 3867 805">
    <p class='ocr_par' dir='ltr' id='par_1_20' title="bbox 2234 722 3867 805">
     <span class='ocr_line' id='line_1_20' title="bbox 2234 722 3867 805; baseline 0.001 -27"><span class='ocrx_word' id='word_1_118' title='bbox 2234 725 2307 778; x_wconf 82' lang='grc' dir='ltr'>ὧν</span> <span class='ocrx_word' id='word_1_119' title='bbox 2338 725 2434 790; x_wconf 72' lang='grc' dir='ltr'>τὴν</span> <span class='ocrx_word' id='word_1_120' title='bbox 2465 724 2600 779; x_wconf 80' lang='grc' dir='ltr'>κατὰ</span> <span class='ocrx_word' id='word_1_121' title='bbox 2650 726 2711 779; x_wconf 80' lang='grc' dir='ltr'>τὸ</span> <span class='ocrx_word' id='word_1_122' title='bbox 2761 722 3112 805; x_wconf 72' lang='grc' dir='ltr'>ἐνδεχόμενον</span> <span class='ocrx_word' id='word_1_123' title='bbox 3171 725 3450 798; x_wconf 84' lang='grc' dir='ltr'>μετουσίαν</span> <span class='ocrx_word' id='word_1_124' title='bbox 3505 734 3621 788; x_wconf 79' lang='grc' dir='ltr'>τοῖς</span> <span class='ocrx_word' id='word_1_125' title='bbox 3671 723 3867 800; x_wconf 81' lang='grc' dir='ltr'>ἀνθρώ-</span> 
     </span>
    </p>
   </div>
   <div class='ocr_carea' id='block_1_21' title="bbox 2239 811 3872 892">
    <p class='ocr_par' dir='ltr' id='par_1_21' title="bbox 2239 811 3872 892">
     <span class='ocr_line' id='line_1_21' title="bbox 2239 811 3872 892; baseline 0.001 -25"><span class='ocrx_word' id='word_1_126' title='bbox 2239 833 2354 874; x_wconf 79' lang='grc' dir='ltr'>ποις</span> <span class='ocrx_word' id='word_1_127' title='bbox 2389 813 2517 874; x_wconf 81' lang='grc' dir='ltr'>Θεὸς</span> <span class='ocrx_word' id='word_1_128' title='bbox 2550 811 2873 889; x_wconf 71' lang='grc' dir='ltr'>ἐδωρήσατο,</span> <span class='ocrx_word' id='word_1_129' title='bbox 2906 816 2995 870; x_wconf 81' lang='grc' dir='ltr'>καὶ</span> <span class='ocrx_word' id='word_1_130' title='bbox 3023 812 3293 891; x_wconf 70' lang='grc' dir='ltr'>θειοτέρας</span> <span class='ocrx_word' id='word_1_131' title='bbox 3351 813 3637 892; x_wconf 75' lang='grc' dir='ltr'>ἀναγωγῆς</span> <span class='ocrx_word' id='word_1_132' title='bbox 3691 815 3747 869; x_wconf 69' lang='grc' dir='ltr'>ἓν</span> <span class='ocrx_word' id='word_1_133' title='bbox 3799 813 3872 887; x_wconf 78' lang='grc' dir='ltr'><strong>τῷ</strong></span> 
     </span>
    </p>
   </div>
   <div class='ocr_carea' id='block_1_22' title="bbox 2236 900 3870 981">
    <p class='ocr_par' dir='ltr' id='par_1_22' title="bbox 2236 900 3870 981">
     <span class='ocr_line' id='line_1_22' title="bbox 2236 900 3870 981; baseline 0.001 -24"><span class='ocrx_word' id='word_1_134' title='bbox 2236 900 2535 978; x_wconf 75' lang='grc' dir='ltr'><strong>παραδείσῳ</strong></span> <span class='ocrx_word' id='word_1_135' title='bbox 2584 902 3016 978; x_wconf 79' lang='grc' dir='ltr'>κατηξιώθημεν.</span> <span class='ocrx_word' id='word_1_136' title='bbox 3084 903 3243 977; x_wconf 71' lang='grc' dir='ltr'>Εἶτα,</span> <span class='ocrx_word' id='word_1_137' title='bbox 3303 904 3418 959; x_wconf 64' lang='grc' dir='ltr'>επεὶ</span> <span class='ocrx_word' id='word_1_138' title='bbox 3477 900 3528 968; x_wconf 77' lang='grc' dir='ltr'><strong>ἐξ</strong></span> <span class='ocrx_word' id='word_1_139' title='bbox 3572 900 3870 981; x_wconf 79' lang='grc' dir='ltr'>ἀπροσεξίας</span> 
     </span>
    </p>
   </div>
   <div class='ocr_carea' id='block_1_23' title="bbox 2235 991 3871 1073">
    <p class='ocr_par' dir='ltr' id='par_1_23' title="bbox 2235 991 3871 1073">
     <span class='ocr_line' id='line_1_23' title="bbox 2235 991 3871 1073; baseline -0.001 -26"><span class='ocrx_word' id='word_1_140' title='bbox 2235 994 2338 1047; x_wconf 62' lang='lat' dir='ltr'><strong>tofm</strong></span> <span class='ocrx_word' id='word_1_141' title='bbox 2372 991 2581 1069; x_wconf 79' lang='grc' dir='ltr'><strong>ἀγαθῶν</strong></span> <span class='ocrx_word' id='word_1_142' title='bbox 2639 991 2851 1049; x_wconf 67' lang='grc' dir='ltr'>ἐκείνων</span> <span class='ocrx_word' id='word_1_143' title='bbox 2903 991 3229 1073; x_wconf 76' lang='grc' dir='ltr'>ἐξώσθημεν,</span> <span class='ocrx_word' id='word_1_144' title='bbox 3294 993 3706 1056; x_wconf 78' lang='grc' dir='ltr'>ἐπισκευαστοῖς</span> <span class='ocrx_word' id='word_1_145' title='bbox 3737 992 3871 1068; x_wconf 83' lang='grc' dir='ltr'>ἀγα-</span> 
     </span>
    </p>
   </div>
   <div class='ocr_carea' id='block_1_24' title="bbox 2234 1080 3872 1161">
    <p class='ocr_par' dir='ltr' id='par_1_24' title="bbox 2234 1080 3872 1161">
     <span class='ocr_line' id='line_1_24' title="bbox 2234 1080 3872 1161; baseline -0.001 -23"><span class='ocrx_word' id='word_1_146' title='bbox 2234 1084 2350 1145; x_wconf 77' lang='grc' dir='ltr'>θοῖς</span> <span class='ocrx_word' id='word_1_147' title='bbox 2409 1083 2481 1143; x_wconf 86' lang='grc' dir='ltr'>εἷς</span> <span class='ocrx_word' id='word_1_148' title='bbox 2541 1083 2602 1137; x_wconf 83' lang='grc' dir='ltr'>τὸ</span> <span class='ocrx_word' id='word_1_149' title='bbox 2660 1081 2892 1161; x_wconf 76' lang='grc' dir='ltr'>ἀρχαῖον</span> <span class='ocrx_word' id='word_1_150' title='bbox 2950 1081 3086 1160; x_wconf 80' lang='grc' dir='ltr'>ἔγνω</span> <span class='ocrx_word' id='word_1_151' title='bbox 3119 1080 3571 1161; x_wconf 74' lang='grc' dir='ltr'>ἀνακαλέσασθαι,</span> <span class='ocrx_word' id='word_1_152' title='bbox 3601 1081 3872 1158; x_wconf 75' lang='grc' dir='ltr'>(ἐπισκευ-</span> 
     </span>
    </p>
   </div>
   <div class='ocr_carea' id='block_1_25' title="bbox 2238 1168 3876 1250">
    <p class='ocr_par' dir='ltr' id='par_1_25' title="bbox 2238 1168 3876 1250">
     <span class='ocr_line' id='line_1_25' title="bbox 2238 1168 3876 1250; baseline 0.002 -25"><span class='ocrx_word' id='word_1_153' title='bbox 2238 1170 2373 1226; x_wconf 79' lang='grc' dir='ltr'>αστὰ</span> <span class='ocrx_word' id='word_1_154' title='bbox 2434 1168 2488 1225; x_wconf 73' lang='grc' dir='ltr'><strong>δὲ</strong></span> <span class='ocrx_word' id='word_1_155' title='bbox 2545 1169 2686 1247; x_wconf 78' lang='grc' dir='ltr'>λέγει</span> <span class='ocrx_word' id='word_1_156' title='bbox 2745 1172 2812 1228; x_wconf 69' lang='grc' dir='ltr'>τὰ</span> <span class='ocrx_word' id='word_1_157' title='bbox 2872 1171 3064 1249; x_wconf 70' lang='grc' dir='ltr'>ἀγαθὰ,</span> <span class='ocrx_word' id='word_1_158' title='bbox 3100 1170 3203 1239; x_wconf 82' lang='grc' dir='ltr'>ὅτι,</span> <span class='ocrx_word' id='word_1_159' title='bbox 3238 1170 3541 1249; x_wconf 68' lang='grc' dir='ltr'>ἁμαρτωλοὶ</span> <span class='ocrx_word' id='word_1_160' title='bbox 3570 1170 3744 1247; x_wconf 78' lang='grc' dir='ltr'>ὅντες,</span> <span class='ocrx_word' id='word_1_161' title='bbox 3777 1170 3876 1250; x_wconf 72' lang='grc' dir='ltr'><strong>χά-</strong></span> 
     </span>
    </p>
   </div>
   <div class='ocr_carea' id='block_1_26' title="bbox 2238 1258 3874 1341">
    <p class='ocr_par' dir='ltr' id='par_1_26' title="bbox 2238 1258 3874 1341">
     <span class='ocr_line' id='line_1_26' title="bbox 2238 1258 3874 1341; baseline -0.001 -26"><span class='ocrx_word' id='word_1_162' title='bbox 2238 1281 2340 1337; x_wconf 90' lang='grc' dir='ltr'>ριτι</span> <span class='ocrx_word' id='word_1_163' title='bbox 2370 1258 2844 1336; x_wconf 76' lang='grc' dir='ltr'>ἐκάλλωπίσθημεν</span> <span class='ocrx_word' id='word_1_164' title='bbox 2875 1262 2963 1316; x_wconf 84' lang='grc' dir='ltr'><strong>καὶ</strong></span> <span class='ocrx_word' id='word_1_165' title='bbox 2995 1260 3321 1341; x_wconf 58' lang='grc' dir='ltr'>ἐσώθημεν)</span> <span class='ocrx_word' id='word_1_166' title='bbox 3356 1262 3442 1318; x_wconf 80' lang='grc' dir='ltr'><strong>καὶ</strong></span> <span class='ocrx_word' id='word_1_167' title='bbox 3472 1259 3555 1317; x_wconf 80' lang='grc' dir='ltr'><strong>διὰ</strong></span> <span class='ocrx_word' id='word_1_168' title='bbox 3604 1260 3700 1328; x_wconf 77' lang='grc' dir='ltr'>τῆς</span> <span class='ocrx_word' id='word_1_169' title='bbox 3743 1281 3874 1316; x_wconf 82' lang='grc' dir='ltr'>παν-</span> 
     </span>
    </p>
   </div>
   <div class='ocr_carea' id='block_1_27' title="bbox 2238 1347 3872 1429">
    <p class='ocr_par' dir='ltr' id='par_1_27' title="bbox 2238 1347 3872 1429">
     <span class='ocr_line' id='line_1_27' title="bbox 2238 1347 3872 1429; baseline -0.001 -24"><span class='ocrx_word' id='word_1_170' title='bbox 2238 1348 2417 1414; x_wconf 79' lang='grc' dir='ltr'>τελοῦς</span> <span class='ocrx_word' id='word_1_171' title='bbox 2447 1347 2827 1427; x_wconf 73' lang='grc' dir='ltr'>προσλήψεως,</span> <span class='ocrx_word' id='word_1_172' title='bbox 2861 1355 2957 1418; x_wconf 77' lang='grc' dir='ltr'>τῆς</span> <span class='ocrx_word' id='word_1_173' title='bbox 3000 1349 3202 1416; x_wconf 85' lang='grc' dir='ltr'>τελείας</span> <span class='ocrx_word' id='word_1_174' title='bbox 3234 1350 3377 1429; x_wconf 80' lang='grc' dir='ltr'>λέγω</span> <span class='ocrx_word' id='word_1_175' title='bbox 3408 1349 3872 1429; x_wconf 80' lang='grc' dir='ltr'>ἐνανθρωπῆσεως,</span> 
     </span>
    </p>
   </div>
   <div class='ocr_carea' id='block_1_28' title="bbox 2238 1438 3877 1518">
    <p class='ocr_par' dir='ltr' id='par_1_28' title="bbox 2238 1438 3877 1518">
     <span class='ocr_line' id='line_1_28' title="bbox 2238 1438 3877 1518; baseline -0.001 -22"><span class='ocrx_word' id='word_1_176' title='bbox 2238 1441 2336 1506; x_wconf 81' lang='grc' dir='ltr'>τὴν</span> <span class='ocrx_word' id='word_1_177' title='bbox 2410 1442 2513 1495; x_wconf 82' lang='grc' dir='ltr'>τῶν</span> <span class='ocrx_word' id='word_1_178' title='bbox 2584 1438 2791 1496; x_wconf 75' lang='grc' dir='ltr'><strong>οἰκείων</strong></span> <span class='ocrx_word' id='word_1_179' title='bbox 2866 1438 3147 1514; x_wconf 74' lang='grc' dir='ltr'><strong>μετάδοσιν</strong></span> <span class='ocrx_word' id='word_1_180' title='bbox 3220 1440 3632 1518; x_wconf 78' lang='grc' dir='ltr'>ἆγαθουργῆσαι.</span> <span class='ocrx_word' id='word_1_181' title='bbox 3717 1445 3877 1497; x_wconf 74' lang='grc' dir='ltr'>Τοῦτο</span> 
     </span>
    </p>
   </div>
   <div class='ocr_carea' id='block_1_29' title="bbox 2238 1526 3874 1610">
    <p class='ocr_par' dir='ltr' id='par_1_29' title="bbox 2238 1526 3874 1610">
     <span class='ocr_line' id='line_1_29' title="bbox 2238 1526 3874 1610; baseline 0 -25"><span class='ocrx_word' id='word_1_182' title='bbox 2238 1529 2381 1608; x_wconf 80' lang='grc' dir='ltr'>λέγει</span> <span class='ocrx_word' id='word_1_183' title='bbox 2442 1530 2528 1586; x_wconf 86' lang='grc' dir='ltr'><strong>καὶ</strong></span> <span class='ocrx_word' id='word_1_184' title='bbox 2585 1529 2613 1584; x_wconf 84' lang='grc' dir='ltr'><strong>ὃ</strong></span> <span class='ocrx_word' id='word_1_185' title='bbox 2676 1530 2846 1607; x_wconf 79' lang='grc' dir='ltr'>μέγας</span> <span class='ocrx_word' id='word_1_186' title='bbox 2894 1530 3208 1609; x_wconf 77' lang='grc' dir='ltr'>Γρηγύριοςο</span> <span class='ocrx_word' id='word_1_187' title='bbox 3243 1526 3543 1607; x_wconf 81' lang='grc' dir='ltr'>Προσέλαόε</span> <span class='ocrx_word' id='word_1_188' title='bbox 3573 1530 3634 1586; x_wconf 87' lang='grc' dir='ltr'>τὸ</span> <span class='ocrx_word' id='word_1_189' title='bbox 3665 1542 3874 1610; x_wconf 70' lang='grc' dir='ltr'>χεῖρον,</span> 
     </span>
    </p>
   </div>
   <div class='ocr_carea' id='block_1_30' title="bbox 500 1616 2153 1702">
    <p class='ocr_par' dir='ltr' id='par_1_30' title="bbox 500 1619 2148 1702">
     <span class='ocr_line' id='line_1_30' title="bbox 500 1619 2148 1702; baseline -0.005 -15"><span class='ocrx_word' id='word_1_190' title='bbox 500 1622 618 1692; x_wconf 87' lang='lat' dir='ltr'><strong>illis</strong></span> <span class='ocrx_word' id='word_1_191' title='bbox 647 1621 1102 1702; x_wconf 85' lang='lat' dir='ltr'><strong>excidissemus,</strong></span> <span class='ocrx_word' id='word_1_192' title='bbox 1137 1621 1480 1702; x_wconf 69' lang='lat' dir='ltr'><strong>praeparatis</strong></span> <span class='ocrx_word' id='word_1_193' title='bbox 1513 1621 1680 1683; x_wconf 88' lang='lat' dir='ltr'><strong>hisce</strong></span> <span class='ocrx_word' id='word_1_194' title='bbox 1708 1621 1882 1683; x_wconf 91' lang='lat' dir='ltr'><strong>bonis</strong></span> <span class='ocrx_word' id='word_1_195' title='bbox 1911 1622 1983 1682; x_wconf 91' lang='lat' dir='ltr'><strong>ad</strong></span> <span class='ocrx_word' id='word_1_196' title='bbox 2017 1619 2148 1700; x_wconf 89' lang='lat' dir='ltr'><strong>pri-</strong></span> 
     </span>
    </p>
   </div>
   <div class='ocr_carea' id='block_1_31' title="bbox 2236 1616 2777 1702">
    <p class='ocr_par' dir='ltr' id='par_1_31' title="bbox 2236 1616 2777 1692">
     <span class='ocr_line' id='line_1_31' title="bbox 2236 1616 2777 1692; baseline -0.007 -18"><span class='ocrx_word' id='word_1_197' title='bbox 2236 1618 2329 1674; x_wconf 76' lang='grc' dir='ltr'>’ίνα</span> <span class='ocrx_word' id='word_1_198' title='bbox 2360 1616 2435 1692; x_wconf 79' lang='grc' dir='ltr'><strong>δῷ</strong></span> <span class='ocrx_word' id='word_1_199' title='bbox 2458 1621 2518 1675; x_wconf 78' lang='grc' dir='ltr'>τὰ</span> <span class='ocrx_word' id='word_1_200' title='bbox 2548 1616 2777 1681; x_wconf 75' lang='grc' dir='ltr'>ϐέλτιον,</span> 
     </span>
    </p>
   </div>
   <div class='ocr_carea' id='block_1_32' title="bbox 497 1706 3873 1790">
    <p class='ocr_par' dir='ltr' id='par_1_32' title="bbox 497 1706 3873 1790">
     <span class='ocr_line' id='line_1_32' title="bbox 497 1706 3873 1790; baseline -0.001 -16"><span class='ocrx_word' id='word_1_201' title='bbox 497 1716 719 1774; x_wconf 89' lang='lat' dir='ltr'><strong>stinum</strong></span> <span class='ocrx_word' id='word_1_202' title='bbox 770 1729 880 1773; x_wconf 91' lang='lat' dir='ltr'><strong>nos</strong></span> <span class='ocrx_word' id='word_1_203' title='bbox 935 1719 1154 1773; x_wconf 87' lang='lat' dir='ltr'><strong>statum</strong></span> <span class='ocrx_word' id='word_1_204' title='bbox 1204 1728 1483 1773; x_wconf 90' lang='lat' dir='ltr'><strong>revocare</strong></span> <span class='ocrx_word' id='word_1_205' title='bbox 1543 1711 1789 1773; x_wconf 88' lang='lat' dir='ltr'><strong>minime</strong></span> <span class='ocrx_word' id='word_1_206' title='bbox 1838 1709 2125 1771; x_wconf 88' lang='lat' dir='ltr'><strong>dubitavit</strong></span> <span class='ocrx_word' id='word_1_207' title='bbox 2172 1712 2519 1789; x_wconf 61' lang='lat' dir='ltr'><strong>(praeparata</strong></span> <span class='ocrx_word' id='word_1_208' title='bbox 2576 1725 2751 1787; x_wconf 88' lang='lat' dir='ltr'><strong>porro</strong></span> <span class='ocrx_word' id='word_1_209' title='bbox 2783 1715 2951 1768; x_wconf 90' lang='lat' dir='ltr'><strong>vocat</strong></span> <span class='ocrx_word' id='word_1_210' title='bbox 2996 1706 3152 1770; x_wconf 84' lang='lat' dir='ltr'><strong>bona</strong></span> <span class='ocrx_word' id='word_1_211' title='bbox 3194 1707 3350 1785; x_wconf 85' lang='lat' dir='ltr'><strong>illa;</strong></span> <span class='ocrx_word' id='word_1_212' title='bbox 3401 1707 3678 1790; x_wconf 91' lang='lat' dir='ltr'><strong>quoniam</strong></span> <span class='ocrx_word' id='word_1_213' title='bbox 3740 1726 3873 1770; x_wconf 89' lang='lat' dir='ltr'><strong>cum</strong></span> 
     </span>
    </p>
   </div>
   <div class='ocr_carea' id='block_1_33' title="bbox 499 1797 3880 1882">
    <p class='ocr_par' dir='ltr' id='par_1_33' title="bbox 499 1797 3880 1882">
     <span class='ocr_line' id='line_1_33' title="bbox 499 1797 3880 1882; baseline -0.002 -15"><span class='ocrx_word' id='word_1_214' title='bbox 499 1818 772 1867; x_wconf 84' lang='lat' dir='ltr'><strong>essemus</strong></span> <span class='ocrx_word' id='word_1_215' title='bbox 795 1808 1163 1882; x_wconf 89' lang='lat' dir='ltr'><strong>peccatores,</strong></span> <span class='ocrx_word' id='word_1_216' title='bbox 1202 1800 1386 1880; x_wconf 83' lang='lat' dir='ltr'><strong>gratia</strong></span> <span class='ocrx_word' id='word_1_217' title='bbox 1418 1801 1622 1863; x_wconf 87' lang='lat' dir='ltr'><strong>salvati</strong></span> <span class='ocrx_word' id='word_1_218' title='bbox 1647 1810 1707 1865; x_wconf 88' lang='lat' dir='ltr'><strong>et</strong></span> <span class='ocrx_word' id='word_1_219' title='bbox 1737 1800 1931 1862; x_wconf 88' lang='lat' dir='ltr'><strong>ornati</strong></span> <span class='ocrx_word' id='word_1_220' title='bbox 1961 1802 2208 1880; x_wconf 84' lang='lat' dir='ltr'><strong>sumus),</strong></span> <span class='ocrx_word' id='word_1_221' title='bbox 2245 1807 2306 1859; x_wconf 89' lang='lat' dir='ltr'><strong>et</strong></span> <span class='ocrx_word' id='word_1_222' title='bbox 2350 1797 2694 1859; x_wconf 86' lang='lat' dir='ltr'><strong>omnimoda</strong></span> <span class='ocrx_word' id='word_1_223' title='bbox 2724 1799 3158 1879; x_wconf 88' lang='lat' dir='ltr'><strong>assumptione,</strong></span> <span class='ocrx_word' id='word_1_224' title='bbox 3195 1799 3471 1877; x_wconf 74' lang='lat' dir='ltr'><strong>perfectae</strong></span> <span class='ocrx_word' id='word_1_225' title='bbox 3502 1802 3742 1877; x_wconf 88' lang='lat' dir='ltr'><strong>inquam</strong></span> <span class='ocrx_word' id='word_1_226' title='bbox 3776 1798 3880 1860; x_wconf 80' lang='lat' dir='ltr'><strong>hu-</strong></span> 
     </span>
    </p>
   </div>
   <div class='ocr_carea' id='block_1_34' title="bbox 499 1885 3873 1973">
    <p class='ocr_par' dir='ltr' id='par_1_34' title="bbox 499 1885 3873 1973">
     <span class='ocr_line' id='line_1_34' title="bbox 499 1885 3873 1973; baseline -0.001 -18"><span class='ocrx_word' id='word_1_227' title='bbox 499 1890 820 1973; x_wconf 85' lang='lat' dir='ltr'><strong>manitatis,</strong></span> <span class='ocrx_word' id='word_1_228' title='bbox 871 1890 1247 1972; x_wconf 89' lang='lat' dir='ltr'><strong>propriorum</strong></span> <span class='ocrx_word' id='word_1_229' title='bbox 1282 1909 1393 1954; x_wconf 90' lang='lat' dir='ltr'><strong>nos</strong></span> <span class='ocrx_word' id='word_1_230' title='bbox 1447 1889 1737 1953; x_wconf 90' lang='lat' dir='ltr'><strong>bonorum</strong></span> <span class='ocrx_word' id='word_1_231' title='bbox 1786 1890 2113 1972; x_wconf 87' lang='lat' dir='ltr'><strong>participes</strong></span> <span class='ocrx_word' id='word_1_232' title='bbox 2170 1885 2387 1951; x_wconf 73' lang='lat' dir='ltr'><strong>effecit.</strong></span> <span class='ocrx_word' id='word_1_233' title='bbox 2451 1889 2579 1951; x_wconf 88' lang='lat' dir='ltr'><strong>Hoc</strong></span> <span class='ocrx_word' id='word_1_234' title='bbox 2612 1897 2703 1950; x_wconf 87' lang='lat' dir='ltr'><strong>est</strong></span> <span class='ocrx_word' id='word_1_235' title='bbox 2754 1889 2912 1970; x_wconf 78' lang='lat' dir='ltr'><strong>quod</strong></span> <span class='ocrx_word' id='word_1_236' title='bbox 2959 1896 3017 1949; x_wconf 90' lang='lat' dir='ltr'><strong>et</strong></span> <span class='ocrx_word' id='word_1_237' title='bbox 3079 1906 3330 1968; x_wconf 82' lang='lat' dir='ltr'><strong>magnus</strong></span> <span class='ocrx_word' id='word_1_238' title='bbox 3383 1888 3706 1970; x_wconf 74' lang='lat' dir='ltr'><strong>Gregorius</strong></span> <span class='ocrx_word' id='word_1_239' title='bbox 3755 1889 3873 1951; x_wconf 87' lang='lat' dir='ltr'><strong>ait:</strong></span> 
     </span>
    </p>
   </div>
   <div class='ocr_carea' id='block_1_35' title="bbox 496 1981 2152 2061">
    <p class='ocr_par' dir='ltr' id='par_1_35' title="bbox 496 1981 2152 2061">
     <span class='ocr_line' id='line_1_35' title="bbox 496 1981 2152 2061; baseline -0.004 -16"><span class='ocrx_word' id='word_1_240' title='bbox 496 1982 842 2060; x_wconf 78' lang='lat' dir='ltr'><strong>Assumpsit</strong></span> <span class='ocrx_word' id='word_1_241' title='bbox 876 1981 1162 2061; x_wconf 83' lang='lat' dir='ltr'><strong>deterius,</strong></span> <span class='ocrx_word' id='word_1_242' title='bbox 1193 1987 1262 2041; x_wconf 82' lang='grc' dir='ltr'><strong>ιιι</strong></span> <span class='ocrx_word' id='word_1_243' title='bbox 1293 1981 1471 2043; x_wconf 84' lang='lat' dir='ltr'><strong>daret</strong></span> <span class='ocrx_word' id='word_1_244' title='bbox 1502 1981 1569 2042; x_wconf 87' lang='lat' dir='ltr'><strong>id</strong></span> <span class='ocrx_word' id='word_1_245' title='bbox 1598 1981 1767 2060; x_wconf 74' lang='lat' dir='ltr'><strong>quod</strong></span> <span class='ocrx_word' id='word_1_246' title='bbox 1799 1988 1884 2042; x_wconf 80' lang='lat' dir='ltr'><strong>est</strong></span> <span class='ocrx_word' id='word_1_247' title='bbox 1913 1983 2152 2042; x_wconf 81' lang='lat' dir='ltr'><strong>melius.</strong></span> 
     </span>
    </p>
   </div>
   <div class='ocr_carea' id='block_1_36' title="bbox 580 2065 2153 2151">
    <p class='ocr_par' dir='ltr' id='par_1_36' title="bbox 580 2067 2146 2151">
     <span class='ocr_line' id='line_1_36' title="bbox 580 2067 2146 2151; baseline -0.001 -20"><span class='ocrx_word' id='word_1_248' title='bbox 580 2072 610 2151; x_wconf 84' lang='lat'>§</span> <span class='ocrx_word' id='word_1_249' title='bbox 634 2067 947 2133; x_wconf 85' lang='lat' dir='ltr'><strong>VllI.Nota</strong></span> <span class='ocrx_word' id='word_1_250' title='bbox 965 2087 1104 2131; x_wconf 89' lang='lat' dir='ltr'><strong>vero</strong></span> <span class='ocrx_word' id='word_1_251' title='bbox 1127 2076 1190 2130; x_wconf 87' lang='lat' dir='ltr'><strong>ut</strong></span> <span class='ocrx_word' id='word_1_252' title='bbox 1215 2071 1563 2131; x_wconf 82' lang='lat' dir='ltr'><strong>summatim</strong></span> <span class='ocrx_word' id='word_1_253' title='bbox 1587 2069 1682 2132; x_wconf 91' lang='lat' dir='ltr'><strong>his</strong></span> <span class='ocrx_word' id='word_1_254' title='bbox 1700 2069 2047 2150; x_wconf 80' lang='lat' dir='ltr'><strong>complexus</strong></span> <span class='ocrx_word' id='word_1_255' title='bbox 2068 2069 2146 2130; x_wconf 87' lang='lat' dir='ltr'><strong>sit</strong></span> 
     </span>
    </p>
   </div>
   <div class='ocr_carea' id='block_1_37' title="bbox 2236 2065 3880 2151">
    <p class='ocr_par' dir='ltr' id='par_1_37' title="bbox 2310 2065 3880 2148">
     <span class='ocr_line' id='line_1_37' title="bbox 2310 2065 3880 2148; baseline -0.003 -18"><span class='ocrx_word' id='word_1_256' title='bbox 2310 2071 2339 2147; x_wconf 68' lang='grc' dir='ltr'><em>ἒ</em></span> <span class='ocrx_word' id='word_1_257' title='bbox 2372 2067 2527 2131; x_wconf 77' lang='lat' dir='ltr'><strong>VIII.</strong></span> <span class='ocrx_word' id='word_1_258' title='bbox 2568 2068 2876 2145; x_wconf 84' lang='grc' dir='ltr'>Σημείωσαι</span> <span class='ocrx_word' id='word_1_259' title='bbox 2932 2065 3008 2141; x_wconf 78' lang='grc' dir='ltr'>δὲ,</span> <span class='ocrx_word' id='word_1_260' title='bbox 3073 2068 3154 2125; x_wconf 75' lang='grc' dir='ltr'><strong>ὅτι</strong></span> <span class='ocrx_word' id='word_1_261' title='bbox 3185 2068 3570 2148; x_wconf 78' lang='grc' dir='ltr'>κεφαλαιωδῶς</span> <span class='ocrx_word' id='word_1_262' title='bbox 3618 2071 3717 2138; x_wconf 79' lang='grc' dir='ltr'>τὴν</span> <span class='ocrx_word' id='word_1_263' title='bbox 3748 2070 3880 2147; x_wconf 74' lang='grc' dir='ltr'>ἱερὰν</span> 
     </span>
    </p>
   </div>
   <div class='ocr_carea' id='block_1_38' title="bbox 497 2157 2153 2240">
    <p class='ocr_par' dir='ltr' id='par_1_38' title="bbox 497 2157 2153 2240">
     <span class='ocr_line' id='line_1_38' title="bbox 497 2157 2153 2240; baseline -0.002 -16"><span class='ocrx_word' id='word_1_264' title='bbox 497 2176 729 2224; x_wconf 86' lang='lat' dir='ltr'><strong>sacram</strong></span> <span class='ocrx_word' id='word_1_265' title='bbox 742 2177 981 2220; x_wconf 89' lang='lat' dir='ltr'><strong>omnem</strong></span> <span class='ocrx_word' id='word_1_266' title='bbox 997 2157 1437 2239; x_wconf 82' lang='lat' dir='ltr'><strong>bymnologiam</strong></span> <span class='ocrx_word' id='word_1_267' title='bbox 1453 2161 1782 2222; x_wconf 90' lang='lat' dir='ltr'><strong>secundum</strong></span> <span class='ocrx_word' id='word_1_268' title='bbox 1799 2178 1972 2240; x_wconf 88' lang='lat' dir='ltr'><strong>quem</strong></span> <span class='ocrx_word' id='word_1_269' title='bbox 1991 2158 2153 2220; x_wconf 81' lang='lat' dir='ltr'><strong>beni-</strong></span> 
     </span>
    </p>
   </div>
   <div class='ocr_carea' id='block_1_39' title="bbox 2236 2157 3880 2240">
    <p class='ocr_par' dir='ltr' id='par_1_39' title="bbox 2236 2157 3880 2240">
     <span class='ocr_line' id='line_1_39' title="bbox 2236 2157 3880 2240; baseline 0 -24"><span class='ocrx_word' id='word_1_270' title='bbox 2236 2159 2547 2238; x_wconf 79' lang='grc' dir='ltr'>ὒμνολογίαν</span> <span class='ocrx_word' id='word_1_271' title='bbox 2605 2166 2780 2216; x_wconf 73' lang='grc' dir='ltr'>πᾶσαν</span> <span class='ocrx_word' id='word_1_272' title='bbox 2838 2158 2891 2214; x_wconf 75' lang='grc' dir='ltr'>ἐν</span> <span class='ocrx_word' id='word_1_273' title='bbox 2949 2160 3154 2221; x_wconf 78' lang='grc' dir='ltr'><strong>τούτοις</strong></span> <span class='ocrx_word' id='word_1_274' title='bbox 3208 2157 3441 2240; x_wconf 75' lang='grc' dir='ltr'>διέλαϐε,</span> <span class='ocrx_word' id='word_1_275' title='bbox 3508 2159 3629 2218; x_wconf 81' lang='grc' dir='ltr'>καθ’</span> <span class='ocrx_word' id='word_1_276' title='bbox 3682 2162 3745 2227; x_wconf 74' lang='grc' dir='ltr'>ἣν</span> <span class='ocrx_word' id='word_1_277' title='bbox 3789 2161 3880 2229; x_wconf 76' lang='grc' dir='ltr'><strong>τῆς</strong></span> 
     </span>
    </p>
   </div>
   <div class='ocr_carea' id='block_1_40' title="bbox 499 2247 2153 2331">
    <p class='ocr_par' dir='ltr' id='par_1_40' title="bbox 499 2247 2151 2331">
     <span class='ocr_line' id='line_1_40' title="bbox 499 2247 2151 2331; baseline 0 -20"><span class='ocrx_word' id='word_1_278' title='bbox 499 2250 727 2331; x_wconf 84' lang='lat' dir='ltr'><strong>gnitate</strong></span> <span class='ocrx_word' id='word_1_279' title='bbox 757 2247 866 2309; x_wconf 91' lang='lat' dir='ltr'><strong>Dei</strong></span> <span class='ocrx_word' id='word_1_280' title='bbox 897 2247 1251 2322; x_wconf 86' lang='lat' dir='ltr'><strong>collaudata,</strong></span> <span class='ocrx_word' id='word_1_281' title='bbox 1286 2248 1607 2330; x_wconf 90' lang='lat' dir='ltr'><strong>propositis</strong></span> <span class='ocrx_word' id='word_1_282' title='bbox 1640 2247 1997 2311; x_wconf 81' lang='lat' dir='ltr'><strong>muneribus</strong></span> <span class='ocrx_word' id='word_1_283' title='bbox 2046 2267 2151 2311; x_wconf 88' lang='lat' dir='ltr'><strong>co-</strong></span> 
     </span>
    </p>
   </div>
   <div class='ocr_carea' id='block_1_41' title="bbox 2236 2247 3880 2331">
    <p class='ocr_par' dir='ltr' id='par_1_41' title="bbox 2236 2249 3880 2331">
     <span class='ocr_line' id='line_1_41' title="bbox 2236 2249 3880 2331; baseline 0.001 -26"><span class='ocrx_word' id='word_1_284' title='bbox 2236 2250 2623 2331; x_wconf 67' lang='grc' dir='ltr'>φιλανθρωπίας</span> <span class='ocrx_word' id='word_1_285' title='bbox 2697 2256 2790 2306; x_wconf 75' lang='grc' dir='ltr'><strong>τοῦ</strong></span> <span class='ocrx_word' id='word_1_286' title='bbox 2868 2256 2999 2306; x_wconf 74' lang='grc' dir='ltr'>Θεοῦ</span> <span class='ocrx_word' id='word_1_287' title='bbox 3067 2249 3417 2324; x_wconf 75' lang='grc' dir='ltr'>ὖμνηθεισης,</span> <span class='ocrx_word' id='word_1_288' title='bbox 3481 2250 3880 2327; x_wconf 84' lang='grc' dir='ltr'>περικεκαλυμ-</span> 
     </span>
    </p>
   </div>
   <div class='ocr_carea' id='block_1_42' title="bbox 497 2336 2153 2421">
    <p class='ocr_par' dir='ltr' id='par_1_42' title="bbox 497 2336 2153 2420">
     <span class='ocr_line' id='line_1_42' title="bbox 497 2336 2153 2420; baseline -0.002 -19"><span class='ocrx_word' id='word_1_289' title='bbox 497 2338 742 2420; x_wconf 89' lang='lat' dir='ltr'><strong>opertis.</strong></span> <span class='ocrx_word' id='word_1_290' title='bbox 763 2336 1034 2399; x_wconf 86' lang='lat' dir='ltr'><strong>salutatio</strong></span> <span class='ocrx_word' id='word_1_291' title='bbox 1065 2353 1136 2400; x_wconf 88' lang='lat' dir='ltr'><strong>ac</strong></span> <span class='ocrx_word' id='word_1_292' title='bbox 1164 2336 1496 2399; x_wconf 89' lang='lat' dir='ltr'><strong>tabularum</strong></span> <span class='ocrx_word' id='word_1_293' title='bbox 1522 2338 1796 2401; x_wconf 89' lang='lat' dir='ltr'><strong>recitatio</strong></span> <span class='ocrx_word' id='word_1_294' title='bbox 1816 2338 2041 2400; x_wconf 88' lang='lat' dir='ltr'><strong>ﬁnitur.</strong></span> <span class='ocrx_word' id='word_1_295' title='bbox 2069 2338 2153 2399; x_wconf 86' lang='lat' dir='ltr'><strong>Ac</strong></span> 
     </span>
    </p>
   </div>
   <div class='ocr_carea' id='block_1_43' title="bbox 2236 2336 3880 2421">
    <p class='ocr_par' dir='ltr' id='par_1_43' title="bbox 2237 2338 3880 2421">
     <span class='ocr_line' id='line_1_43' title="bbox 2237 2338 3880 2421; baseline 0.001 -26"><span class='ocrx_word' id='word_1_296' title='bbox 2237 2338 2408 2416; x_wconf 81' lang='grc' dir='ltr'>μένων</span> <span class='ocrx_word' id='word_1_297' title='bbox 2467 2340 2727 2414; x_wconf 79' lang='grc' dir='ltr'>κειμέυιον</span> <span class='ocrx_word' id='word_1_298' title='bbox 2783 2344 2889 2395; x_wconf 76' lang='grc' dir='ltr'>τῦν</span> <span class='ocrx_word' id='word_1_299' title='bbox 2947 2338 3153 2418; x_wconf 81' lang='grc' dir='ltr'>δώρων,</span> <span class='ocrx_word' id='word_1_300' title='bbox 3219 2342 3246 2396; x_wconf 86' lang='grc' dir='ltr'><strong>ὁ</strong></span> <span class='ocrx_word' id='word_1_301' title='bbox 3288 2340 3571 2416; x_wconf 74' lang='grc' dir='ltr'>ἀσπασμὸς</span> <span class='ocrx_word' id='word_1_302' title='bbox 3629 2340 3880 2421; x_wconf 71' lang='grc' dir='ltr'>τελεῖται,</span> 
     </span>
    </p>
   </div>
   <div class='ocr_carea' id='block_1_44' title="bbox 499 2425 2153 2509">
    <p class='ocr_par' dir='ltr' id='par_1_44' title="bbox 499 2425 2153 2508">
     <span class='ocr_line' id='line_1_44' title="bbox 499 2425 2153 2508; baseline -0.002 -16"><span class='ocrx_word' id='word_1_303' title='bbox 499 2426 777 2492; x_wconf 87' lang='lat' dir='ltr'><strong>salutatio</strong></span> <span class='ocrx_word' id='word_1_304' title='bbox 810 2426 1051 2508; x_wconf 88' lang='lat' dir='ltr'><strong>quidem</strong></span> <span class='ocrx_word' id='word_1_305' title='bbox 1076 2425 1367 2506; x_wconf 82' lang='lat' dir='ltr'><strong>designat,</strong></span> <span class='ocrx_word' id='word_1_306' title='bbox 1403 2427 1703 2508; x_wconf 89' lang='lat' dir='ltr'><strong>quomodo</strong></span> <span class='ocrx_word' id='word_1_307' title='bbox 1729 2426 1802 2489; x_wconf 92' lang='lat' dir='ltr'><strong>ad</strong></span> <span class='ocrx_word' id='word_1_308' title='bbox 1833 2446 2018 2489; x_wconf 89' lang='lat' dir='ltr'><strong>unum</strong></span> <span class='ocrx_word' id='word_1_309' title='bbox 2050 2427 2153 2489; x_wconf 86' lang='lat' dir='ltr'><strong>ali-</strong></span> 
     </span>
    </p>
   </div>
   <div class='ocr_carea' id='block_1_45' title="bbox 2236 2425 3880 2509">
    <p class='ocr_par' dir='ltr' id='par_1_45' title="bbox 2236 2428 3880 2509">
     <span class='ocr_line' id='line_1_45' title="bbox 2236 2428 3880 2509; baseline 0.001 -24"><span class='ocrx_word' id='word_1_310' title='bbox 2236 2430 2458 2486; x_wconf 80' lang='grc' dir='ltr'>καὶτῶν</span> <span class='ocrx_word' id='word_1_311' title='bbox 2489 2435 2717 2509; x_wconf 81' lang='grc' dir='ltr'>πτυχῶν</span> <span class='ocrx_word' id='word_1_312' title='bbox 2770 2430 2804 2496; x_wconf 80' lang='grc' dir='ltr'>ἡ</span> <span class='ocrx_word' id='word_1_313' title='bbox 2839 2428 3148 2507; x_wconf 69' lang='grc' dir='ltr'>ἆνάῤῥησιςς</span> <span class='ocrx_word' id='word_1_314' title='bbox 3209 2432 3304 2488; x_wconf 84' lang='grc' dir='ltr'>Καὶ</span> <span class='ocrx_word' id='word_1_315' title='bbox 3357 2431 3386 2486; x_wconf 83' lang='grc' dir='ltr'><strong>ὁ</strong></span> <span class='ocrx_word' id='word_1_316' title='bbox 3425 2430 3523 2506; x_wconf 77' lang='grc' dir='ltr'>μὲν</span> <span class='ocrx_word' id='word_1_317' title='bbox 3579 2431 3880 2507; x_wconf 69' lang='grc' dir='ltr'>ἀσπασμὸς,</span> 
     </span>
    </p>
   </div>
   <div class='ocr_carea' id='block_1_46' title="bbox 499 2515 2153 2599">
    <p class='ocr_par' dir='ltr' id='par_1_46' title="bbox 499 2515 2153 2599">
     <span class='ocr_line' id='line_1_46' title="bbox 499 2515 2153 2599; baseline -0.001 -20"><span class='ocrx_word' id='word_1_318' title='bbox 499 2536 677 2599; x_wconf 91' lang='lat' dir='ltr'><strong>quem</strong></span> <span class='ocrx_word' id='word_1_319' title='bbox 701 2525 916 2579; x_wconf 87' lang='lat' dir='ltr'><strong>statum</strong></span> <span class='ocrx_word' id='word_1_320' title='bbox 935 2534 1042 2597; x_wconf 90' lang='lat' dir='ltr'><strong>per</strong></span> <span class='ocrx_word' id='word_1_321' title='bbox 1062 2533 1293 2579; x_wconf 84' lang='lat' dir='ltr'><strong>sacram</strong></span> <span class='ocrx_word' id='word_1_322' title='bbox 1316 2516 1799 2579; x_wconf 88' lang='lat' dir='ltr'><strong>communionem</strong></span> <span class='ocrx_word' id='word_1_323' title='bbox 1819 2515 2153 2579; x_wconf 82' lang='lat' dir='ltr'><strong>adducendi</strong></span> 
     </span>
    </p>
   </div>
   <div class='ocr_carea' id='block_1_47' title="bbox 2236 2515 3884 2599">
    <p class='ocr_par' dir='ltr' id='par_1_47' title="bbox 2237 2517 3884 2599">
     <span class='ocr_line' id='line_1_47' title="bbox 2237 2517 3884 2599; baseline 0.001 -24"><span class='ocrx_word' id='word_1_324' title='bbox 2237 2517 2317 2575; x_wconf 76' lang='grc' dir='ltr'>ὅτι</span> <span class='ocrx_word' id='word_1_325' title='bbox 2379 2540 2492 2580; x_wconf 79' lang='grc' dir='ltr'><strong>πως</strong></span> <span class='ocrx_word' id='word_1_326' title='bbox 2553 2520 2973 2599; x_wconf 66' lang='grc' dir='ltr'>συναχθήσονται</span> <span class='ocrx_word' id='word_1_327' title='bbox 3036 2518 3121 2576; x_wconf 81' lang='grc' dir='ltr'><strong>ἐπὶ</strong></span> <span class='ocrx_word' id='word_1_328' title='bbox 3187 2520 3285 2588; x_wconf 64' lang='grc' dir='ltr'><strong>τήν</strong></span> <span class='ocrx_word' id='word_1_329' title='bbox 3332 2522 3533 2577; x_wconf 75' lang='grc' dir='ltr'>ἑνιαίαν</span> <span class='ocrx_word' id='word_1_330' title='bbox 3569 2520 3774 2588; x_wconf 79' lang='grc' dir='ltr'>ἐκείνην</span> <span class='ocrx_word' id='word_1_331' title='bbox 3804 2519 3884 2577; x_wconf 75' lang='grc' dir='ltr'><strong>διὰ</strong></span> 
     </span>
    </p>
   </div>
   <div class='ocr_carea' id='block_1_48' title="bbox 501 2605 2153 2688">
    <p class='ocr_par' dir='ltr' id='par_1_48' title="bbox 501 2605 2153 2688">
     <span class='ocr_line' id='line_1_48' title="bbox 501 2605 2153 2688; baseline -0.001 -18"><span class='ocrx_word' id='word_1_332' title='bbox 501 2609 620 2670; x_wconf 89' lang='lat' dir='ltr'><strong>sint</strong></span> <span class='ocrx_word' id='word_1_333' title='bbox 642 2607 731 2669; x_wconf 89' lang='lat' dir='ltr'><strong>illi</strong></span> <span class='ocrx_word' id='word_1_334' title='bbox 753 2608 856 2688; x_wconf 91' lang='lat' dir='ltr'><strong>qui</strong></span> <span class='ocrx_word' id='word_1_335' title='bbox 885 2606 977 2669; x_wconf 84' lang='lat' dir='ltr'><strong>vel</strong></span> <span class='ocrx_word' id='word_1_336' title='bbox 1000 2624 1205 2669; x_wconf 89' lang='lat' dir='ltr'><strong>secum</strong></span> <span class='ocrx_word' id='word_1_337' title='bbox 1244 2606 1381 2687; x_wconf 84' lang='lat' dir='ltr'><strong>ipsi,</strong></span> <span class='ocrx_word' id='word_1_338' title='bbox 1415 2606 1508 2669; x_wconf 91' lang='lat' dir='ltr'><strong>vel</strong></span> <span class='ocrx_word' id='word_1_339' title='bbox 1539 2625 1675 2669; x_wconf 91' lang='lat' dir='ltr'><strong>cum</strong></span> <span class='ocrx_word' id='word_1_340' title='bbox 1701 2606 1833 2670; x_wconf 89' lang='lat' dir='ltr'><strong>aliis</strong></span> <span class='ocrx_word' id='word_1_341' title='bbox 1861 2605 1926 2668; x_wconf 89' lang='lat' dir='ltr'><strong>in</strong></span> <span class='ocrx_word' id='word_1_342' title='bbox 1954 2606 2153 2687; x_wconf 90' lang='lat' dir='ltr'><strong>aliquo</strong></span> 
     </span>
    </p>
   </div>
   <div class='ocr_carea' id='block_1_49' title="bbox 2236 2605 3880 2688">
    <p class='ocr_par' dir='ltr' id='par_1_49' title="bbox 2236 2605 3880 2687">
     <span class='ocr_line' id='line_1_49' title="bbox 2236 2605 3880 2687; baseline 0.002 -26"><span class='ocrx_word' id='word_1_343' title='bbox 2236 2608 2334 2672; x_wconf 83' lang='grc' dir='ltr'>τῆς</span> <span class='ocrx_word' id='word_1_344' title='bbox 2363 2607 2513 2683; x_wconf 79' lang='grc' dir='ltr'>ἁγίας</span> <span class='ocrx_word' id='word_1_345' title='bbox 2549 2605 2903 2681; x_wconf 78' lang='grc' dir='ltr'>μεταλήψεως</span> <span class='ocrx_word' id='word_1_346' title='bbox 2938 2607 3257 2665; x_wconf 77' lang='grc' dir='ltr'>κατάστασιν</span> <span class='ocrx_word' id='word_1_347' title='bbox 3307 2611 3353 2664; x_wconf 79' lang='grc' dir='ltr'>οἱ</span> <span class='ocrx_word' id='word_1_348' title='bbox 3411 2606 3730 2687; x_wconf 70' lang='grc' dir='ltr'>διῃρημένοι</span> <span class='ocrx_word' id='word_1_349' title='bbox 3786 2632 3880 2665; x_wconf 68' lang='grc' dir='ltr'>και</span> 
     </span>
    </p>
   </div>
   <div class='ocr_carea' id='block_1_50' title="bbox 501 2696 2153 2780">
    <p class='ocr_par' dir='ltr' id='par_1_50' title="bbox 501 2696 2153 2778">
     <span class='ocr_line' id='line_1_50' title="bbox 501 2696 2153 2778; baseline -0.001 -18"><span class='ocrx_word' id='word_1_350' title='bbox 501 2696 1023 2761; x_wconf 80' lang='lat' dir='ltr'><strong>dlssidebant.Nos</strong></span> <span class='ocrx_word' id='word_1_351' title='bbox 1053 2697 1256 2778; x_wconf 81' lang='lat' dir='ltr'><strong>itaque</strong></span> <span class='ocrx_word' id='word_1_352' title='bbox 1279 2696 1553 2759; x_wconf 87' lang='lat' dir='ltr'><strong>salutatio</strong></span> <span class='ocrx_word' id='word_1_353' title='bbox 1586 2696 1699 2758; x_wconf 88' lang='lat' dir='ltr'><strong>sibi</strong></span> <span class='ocrx_word' id='word_1_354' title='bbox 1724 2697 1978 2758; x_wconf 84' lang='lat' dir='ltr'><strong>invicem</strong></span> <span class='ocrx_word' id='word_1_355' title='bbox 2004 2716 2153 2759; x_wconf 88' lang='lat' dir='ltr'><strong>con-</strong></span> 
     </span>
    </p>
   </div>
   <div class='ocr_carea' id='block_1_51' title="bbox 2236 2696 3880 2780">
    <p class='ocr_par' dir='ltr' id='par_1_51' title="bbox 2236 2696 3880 2780">
     <span class='ocr_line' id='line_1_51' title="bbox 2236 2696 3880 2780; baseline 0.003 -29"><span class='ocrx_word' id='word_1_356' title='bbox 2236 2697 2302 2752; x_wconf 87' lang='grc' dir='ltr'>τὰ</span> <span class='ocrx_word' id='word_1_357' title='bbox 2332 2718 2381 2752; x_wconf 88' lang='grc' dir='ltr'><strong>τι</strong></span> <span class='ocrx_word' id='word_1_358' title='bbox 2410 2696 2446 2764; x_wconf 73' lang='grc' dir='ltr'><strong>ἢ</strong></span> <span class='ocrx_word' id='word_1_359' title='bbox 2479 2699 2609 2765; x_wconf 74' lang='grc' dir='ltr'>πρὸς</span> <span class='ocrx_word' id='word_1_360' title='bbox 2642 2697 2858 2762; x_wconf 58' lang='lat' dir='ltr'><strong>intuit;</strong></span> <span class='ocrx_word' id='word_1_361' title='bbox 2886 2696 2922 2766; x_wconf 69' lang='grc' dir='ltr'><strong>ἢ</strong></span> <span class='ocrx_word' id='word_1_362' title='bbox 2955 2699 3086 2774; x_wconf 81' lang='grc' dir='ltr'>πρὸς</span> <span class='ocrx_word' id='word_1_363' title='bbox 3117 2697 3408 2767; x_wconf 70' lang='grc' dir='ltr'>ἀλλὴλους.</span> <span class='ocrx_word' id='word_1_364' title='bbox 3447 2696 3529 2759; x_wconf 83' lang='grc' dir='ltr'><strong>Τὸ</strong></span> <span class='ocrx_word' id='word_1_365' title='bbox 3581 2708 3705 2780; x_wconf 81' lang='grc' dir='ltr'>γοῦν</span> <span class='ocrx_word' id='word_1_366' title='bbox 3757 2701 3880 2777; x_wconf 81' lang='grc' dir='ltr'>πρὸς</span> 
     </span>
    </p>
   </div>
   <div class='ocr_carea' id='block_1_52' title="bbox 495 2783 2153 2869">
    <p class='ocr_par' dir='ltr' id='par_1_52' title="bbox 495 2785 2153 2869">
     <span class='ocr_line' id='line_1_52' title="bbox 495 2785 2153 2869; baseline -0.002 -23"><span class='ocrx_word' id='word_1_367' title='bbox 495 2788 680 2869; x_wconf 73' lang='lat' dir='ltr'><strong>iungi</strong></span> <span class='ocrx_word' id='word_1_368' title='bbox 698 2785 1004 2858; x_wconf 86' lang='lat' dir='ltr'><strong>signiﬁcat.</strong></span> <span class='ocrx_word' id='word_1_369' title='bbox 1030 2785 1329 2869; x_wconf 75' lang='lat' dir='ltr'><strong>Quomodo</strong></span> <span class='ocrx_word' id='word_1_370' title='bbox 1352 2792 1544 2869; x_wconf 82' lang='lat' dir='ltr'><strong>autem</strong></span> <span class='ocrx_word' id='word_1_371' title='bbox 1568 2786 1793 2869; x_wconf 86' lang='lat' dir='ltr'><strong>secum?</strong></span> <span class='ocrx_word' id='word_1_372' title='bbox 1813 2786 1954 2854; x_wconf 87' lang='lat' dir='ltr'><strong>Quia</strong></span> <span class='ocrx_word' id='word_1_373' title='bbox 1978 2787 2153 2869; x_wconf 83' lang='lat' dir='ltr'><strong>nimi-</strong></span> 
     </span>
    </p>
   </div>
   <div class='ocr_carea' id='block_1_53' title="bbox 2236 2783 3881 2869">
    <p class='ocr_par' dir='ltr' id='par_1_53' title="bbox 2236 2783 3881 2869">
     <span class='ocr_line' id='line_1_53' title="bbox 2236 2783 3881 2869; baseline 0.002 -28"><span class='ocrx_word' id='word_1_374' title='bbox 2236 2783 2501 2852; x_wconf 65' lang='grc' dir='ltr'>ἀλλήλους</span> <span class='ocrx_word' id='word_1_375' title='bbox 2531 2788 2767 2855; x_wconf 77' lang='grc' dir='ltr'>ἡνῶσθαι</span> <span class='ocrx_word' id='word_1_376' title='bbox 2797 2788 2824 2842; x_wconf 91' lang='grc' dir='ltr'><strong>ὁ</strong></span> <span class='ocrx_word' id='word_1_377' title='bbox 2854 2786 3140 2863; x_wconf 78' lang='grc' dir='ltr'>ἀσπασμὸς</span> <span class='ocrx_word' id='word_1_378' title='bbox 3170 2786 3351 2855; x_wconf 81' lang='grc' dir='ltr'>δηλοῖ.</span> <span class='ocrx_word' id='word_1_379' title='bbox 3389 2791 3459 2848; x_wconf 79' lang='grc' dir='ltr'><strong>Τὸ</strong></span> <span class='ocrx_word' id='word_1_380' title='bbox 3496 2787 3557 2846; x_wconf 81' lang='grc' dir='ltr'>δὲ</span> <span class='ocrx_word' id='word_1_381' title='bbox 3588 2795 3721 2869; x_wconf 80' lang='grc' dir='ltr'>πρὸς</span> <span class='ocrx_word' id='word_1_382' title='bbox 3758 2791 3881 2845; x_wconf 79' lang='grc' dir='ltr'>ἐαυ-</span> 
     </span>
    </p>
   </div>
   <div class='ocr_carea' id='block_1_54' title="bbox 501 2864 2153 2959">
    <p class='ocr_par' dir='ltr' id='par_1_54' title="bbox 501 2864 2153 2949">
     <span class='ocr_line' id='line_1_54' title="bbox 501 2864 2153 2949; baseline -0.001 -18"><span class='ocrx_word' id='word_1_383' title='bbox 501 2887 638 2932; x_wconf 85' lang='lat' dir='ltr'><strong>rum</strong></span> <span class='ocrx_word' id='word_1_384' title='bbox 669 2868 799 2949; x_wconf 89' lang='lat' dir='ltr'><strong>ipse</strong></span> <span class='ocrx_word' id='word_1_385' title='bbox 829 2884 1030 2930; x_wconf 91' lang='lat' dir='ltr'><strong>secum</strong></span> <span class='ocrx_word' id='word_1_386' title='bbox 1063 2864 1315 2944; x_wconf 90' lang='lat' dir='ltr'><strong>quilibet</strong></span> <span class='ocrx_word' id='word_1_387' title='bbox 1346 2867 1568 2941; x_wconf 90' lang='lat' dir='ltr'><strong>unitur,</strong></span> <span class='ocrx_word' id='word_1_388' title='bbox 1599 2873 1659 2929; x_wconf 92' lang='lat' dir='ltr'><strong>et</strong></span> <span class='ocrx_word' id='word_1_389' title='bbox 1686 2866 1761 2928; x_wconf 92' lang='lat' dir='ltr'><strong>ad</strong></span> <span class='ocrx_word' id='word_1_390' title='bbox 1787 2885 1971 2928; x_wconf 91' lang='lat' dir='ltr'><strong>unum</strong></span> <span class='ocrx_word' id='word_1_391' title='bbox 2002 2867 2153 2929; x_wconf 83' lang='lat' dir='ltr'><strong>aﬁ‘e-</strong></span> 
     </span>
    </p>
   </div>
   <div class='ocr_carea' id='block_1_55' title="bbox 2236 2864 3882 2959">
    <p class='ocr_par' dir='ltr' id='par_1_55' title="bbox 2236 2864 3882 2959">
     <span class='ocr_line' id='line_1_55' title="bbox 2236 2864 3882 2959; baseline 0.002 -28"><span class='ocrx_word' id='word_1_392' title='bbox 2236 2874 2355 2940; x_wconf 78' lang='grc' dir='ltr'>τοὺς</span> <span class='ocrx_word' id='word_1_393' title='bbox 2407 2874 2571 2949; x_wconf 80' lang='grc' dir='ltr'>πῶς;</span> <span class='ocrx_word' id='word_1_394' title='bbox 2626 2874 2717 2932; x_wconf 76' lang='lat' dir='ltr'><strong>&quot;ﬂ</strong></span> <span class='ocrx_word' id='word_1_395' title='bbox 2768 2873 3014 2942; x_wconf 83' lang='grc' dir='ltr'>δηλονότι</span> <span class='ocrx_word' id='word_1_396' title='bbox 3078 2878 3163 2934; x_wconf 66' lang='grc' dir='ltr'>καὶ</span> <span class='ocrx_word' id='word_1_397' title='bbox 3221 2877 3443 2943; x_wconf 81' lang='grc' dir='ltr'>ἕκαστος</span> <span class='ocrx_word' id='word_1_398' title='bbox 3499 2864 3727 2952; x_wconf 74' lang='grc' dir='ltr'>ἐνίζεται</span> <span class='ocrx_word' id='word_1_399' title='bbox 3757 2880 3882 2959; x_wconf 82' lang='grc' dir='ltr'>πρὸς</span> 
     </span>
    </p>
   </div>
   <div class='ocr_carea' id='block_1_56' title="bbox 505 2963 2153 3047">
    <p class='ocr_par' dir='ltr' id='par_1_56' title="bbox 505 2963 2151 3037">
     <span class='ocr_line' id='line_1_56' title="bbox 505 2963 2151 3037; baseline -0.001 -13"><span class='ocrx_word' id='word_1_400' title='bbox 505 2976 662 3026; x_wconf 90' lang='lat' dir='ltr'><strong>ctum</strong></span> <span class='ocrx_word' id='word_1_401' title='bbox 682 2967 880 3030; x_wconf 78' lang='lat' dir='ltr'><strong>fertur,</strong></span> <span class='ocrx_word' id='word_1_402' title='bbox 901 2963 1065 3023; x_wconf 86' lang='lat' dir='ltr'><strong>verbi</strong></span> <span class='ocrx_word' id='word_1_403' title='bbox 1084 2965 1287 3036; x_wconf 82' lang='lat' dir='ltr'><strong>gratia,</strong></span> <span class='ocrx_word' id='word_1_404' title='bbox 1310 2964 1394 3022; x_wconf 79' lang='lat' dir='ltr'><strong>ira</strong></span> <span class='ocrx_word' id='word_1_405' title='bbox 1408 2975 1625 3022; x_wconf 83' lang='lat' dir='ltr'><strong>ternam</strong></span> <span class='ocrx_word' id='word_1_406' title='bbox 1647 2965 2151 3037; x_wconf 84' lang='lat' dir='ltr'><strong>conspirationem.</strong></span> 
     </span>
    </p>
   </div>
   <div class='ocr_carea' id='block_1_57' title="bbox 2236 2963 3883 3047">
    <p class='ocr_par' dir='ltr' id='par_1_57' title="bbox 2238 2963 3883 3047">
     <span class='ocr_line' id='line_1_57' title="bbox 2238 2963 3883 3047; baseline 0.002 -28"><span class='ocrx_word' id='word_1_407' title='bbox 2238 2963 2449 3038; x_wconf 71' lang='grc' dir='ltr'>ἑαυτὸν,</span> <span class='ocrx_word' id='word_1_408' title='bbox 2508 2965 2595 3021; x_wconf 86' lang='grc' dir='ltr'>καὶ</span> <span class='ocrx_word' id='word_1_409' title='bbox 2647 2965 2718 3028; x_wconf 84' lang='grc' dir='ltr'><strong>εἰς</strong></span> <span class='ocrx_word' id='word_1_410' title='bbox 2781 2966 2905 3040; x_wconf 90' lang='grc' dir='ltr'>μίαν</span> <span class='ocrx_word' id='word_1_411' title='bbox 2963 2965 3134 3044; x_wconf 81' lang='grc' dir='ltr'>ὁρμὴν</span> <span class='ocrx_word' id='word_1_412' title='bbox 3189 2966 3429 3047; x_wconf 72' lang='grc' dir='ltr'>φέρεται,</span> <span class='ocrx_word' id='word_1_413' title='bbox 3484 2971 3595 3038; x_wconf 70' lang='grc' dir='ltr'>τὴν</span> <span class='ocrx_word' id='word_1_414' title='bbox 3640 2971 3770 3045; x_wconf 79' lang='grc' dir='ltr'>πρὸς</span> <span class='ocrx_word' id='word_1_415' title='bbox 3797 2969 3883 3025; x_wconf 82' lang='grc' dir='ltr'><strong>τὸν</strong></span> 
     </span>
    </p>
   </div>
   <div class='ocr_carea' id='block_1_58' title="bbox 504 3050 2153 3136">
    <p class='ocr_par' dir='ltr' id='par_1_58' title="bbox 504 3054 2153 3127">
     <span class='ocr_line' id='line_1_58' title="bbox 504 3054 2153 3127; baseline -0.002 -12"><span class='ocrx_word' id='word_1_416' title='bbox 504 3056 628 3116; x_wconf 87' lang='lat' dir='ltr'><strong>Nisi</strong></span> <span class='ocrx_word' id='word_1_417' title='bbox 649 3056 803 3113; x_wconf 89' lang='lat' dir='ltr'><strong>enim</strong></span> <span class='ocrx_word' id='word_1_418' title='bbox 834 3054 907 3112; x_wconf 89' lang='lat' dir='ltr'><strong>ad</strong></span> <span class='ocrx_word' id='word_1_419' title='bbox 939 3069 1119 3113; x_wconf 90' lang='lat' dir='ltr'><strong>unum</strong></span> <span class='ocrx_word' id='word_1_420' title='bbox 1149 3055 1281 3127; x_wconf 90' lang='lat' dir='ltr'><strong>quis</strong></span> <span class='ocrx_word' id='word_1_421' title='bbox 1313 3069 1438 3114; x_wconf 86' lang='lat' dir='ltr'><strong>sese</strong></span> <span class='ocrx_word' id='word_1_422' title='bbox 1466 3054 1716 3127; x_wconf 86' lang='lat' dir='ltr'><strong>colligat,</strong></span> <span class='ocrx_word' id='word_1_423' title='bbox 1764 3063 1826 3113; x_wconf 89' lang='lat' dir='ltr'><strong>ut</strong></span> <span class='ocrx_word' id='word_1_424' title='bbox 1857 3055 2026 3114; x_wconf 85' lang='lat' dir='ltr'><strong>talem</strong></span> <span class='ocrx_word' id='word_1_425' title='bbox 2048 3055 2153 3113; x_wconf 90' lang='lat' dir='ltr'><strong>ali-</strong></span> 
     </span>
    </p>
   </div>
   <div class='ocr_carea' id='block_1_59' title="bbox 2236 3050 3884 3136">
    <p class='ocr_par' dir='ltr' id='par_1_59' title="bbox 2237 3050 3884 3136">
     <span class='ocr_line' id='line_1_59' title="bbox 2237 3050 3884 3136; baseline 0.003 -28"><span class='ocrx_word' id='word_1_426' title='bbox 2237 3051 2464 3133; x_wconf 77' lang='grc' dir='ltr'>ἆδελφὸν</span> <span class='ocrx_word' id='word_1_427' title='bbox 2523 3050 2768 3121; x_wconf 75' lang='grc' dir='ltr'>δηλονότι</span> <span class='ocrx_word' id='word_1_428' title='bbox 2805 3054 3122 3130; x_wconf 89' lang='grc' dir='ltr'>σύμπνοιαν.</span> <span class='ocrx_word' id='word_1_429' title='bbox 3179 3057 3238 3113; x_wconf 79' lang='grc' dir='ltr'><strong>Εἴ</strong></span> <span class='ocrx_word' id='word_1_430' title='bbox 3295 3057 3395 3136; x_wconf 78' lang='grc' dir='ltr'><strong>γὰρ</strong></span> <span class='ocrx_word' id='word_1_431' title='bbox 3455 3058 3541 3133; x_wconf 78' lang='grc' dir='ltr'>μὴ</span> <span class='ocrx_word' id='word_1_432' title='bbox 3593 3058 3778 3116; x_wconf 73' lang='grc' dir='ltr'>ἑαυτὸν</span> <span class='ocrx_word' id='word_1_433' title='bbox 3807 3079 3884 3122; x_wconf 87' lang='grc' dir='ltr'><strong>τις</strong></span> 
     </span>
    </p>
   </div>
   <div class='ocr_carea' id='block_1_60' title="bbox 504 3141 2153 3228">
    <p class='ocr_par' dir='ltr' id='par_1_60' title="bbox 504 3144 2153 3228">
     <span class='ocr_line' id='line_1_60' title="bbox 504 3144 2153 3228; baseline -0.002 -22"><span class='ocrx_word' id='word_1_434' title='bbox 504 3161 679 3228; x_wconf 70' lang='lat' dir='ltr'><strong>quem</strong></span> <span class='ocrx_word' id='word_1_435' title='bbox 704 3145 971 3204; x_wconf 70' lang='lat' dir='ltr'><strong>affectum</strong></span> <span class='ocrx_word' id='word_1_436' title='bbox 993 3144 1297 3216; x_wconf 87' lang='lat' dir='ltr'><strong>concipiat,</strong></span> <span class='ocrx_word' id='word_1_437' title='bbox 1320 3159 1617 3228; x_wconf 82' lang='lat' dir='ltr'><strong>nunquam</strong></span> <span class='ocrx_word' id='word_1_438' title='bbox 1638 3147 1825 3228; x_wconf 85' lang='lat' dir='ltr'><strong>ipsum</strong></span> <span class='ocrx_word' id='word_1_439' title='bbox 1855 3146 2153 3228; x_wconf 87' lang='lat' dir='ltr'><strong>exprimet.</strong></span> 
     </span>
    </p>
   </div>
   <div class='ocr_carea' id='block_1_61' title="bbox 2236 3141 3887 3228">
    <p class='ocr_par' dir='ltr' id='par_1_61' title="bbox 2238 3141 3887 3228">
     <span class='ocr_line' id='line_1_61' title="bbox 2238 3141 3887 3228; baseline 0.003 -31"><span class='ocrx_word' id='word_1_440' title='bbox 2238 3142 2313 3205; x_wconf 80' lang='grc' dir='ltr'>εἷς</span> <span class='ocrx_word' id='word_1_441' title='bbox 2368 3143 2431 3199; x_wconf 83' lang='grc' dir='ltr'>τὸ</span> <span class='ocrx_word' id='word_1_442' title='bbox 2490 3141 2547 3198; x_wconf 88' lang='grc' dir='ltr'>ἓν</span> <span class='ocrx_word' id='word_1_443' title='bbox 2604 3142 2810 3209; x_wconf 79' lang='grc' dir='ltr'>συνάξει</span> <span class='ocrx_word' id='word_1_444' title='bbox 2872 3144 3116 3222; x_wconf 70' lang='grc' dir='ltr'>γενέσθαι</span> <span class='ocrx_word' id='word_1_445' title='bbox 3147 3145 3359 3204; x_wconf 75' lang='grc' dir='ltr'>τοιᾶσδέ</span> <span class='ocrx_word' id='word_1_446' title='bbox 3391 3170 3541 3213; x_wconf 89' lang='grc' dir='ltr'>τινος</span> <span class='ocrx_word' id='word_1_447' title='bbox 3575 3149 3765 3228; x_wconf 75' lang='grc' dir='ltr'>ὁρμῆς,</span> <span class='ocrx_word' id='word_1_448' title='bbox 3796 3148 3887 3204; x_wconf 74' lang='grc' dir='ltr'><strong>οὒκ</strong></span> 
     </span>
    </p>
   </div>
   <div class='ocr_carea' id='block_1_62' title="bbox 506 3225 2153 3317">
    <p class='ocr_par' dir='ltr' id='par_1_62' title="bbox 506 3225 2153 3317">
     <span class='ocr_line' id='line_1_62' title="bbox 506 3225 2153 3317; baseline -0.001 -27"><span class='ocrx_word' id='word_1_449' title='bbox 506 3225 647 3290; x_wconf 74' lang='lat' dir='ltr'><strong>Haec</strong></span> <span class='ocrx_word' id='word_1_450' title='bbox 677 3235 875 3317; x_wconf 79' lang='lat' dir='ltr'><strong>autem</strong></span> <span class='ocrx_word' id='word_1_451' title='bbox 909 3235 1216 3317; x_wconf 86' lang='lat' dir='ltr'><strong>geruntur,</strong></span> <span class='ocrx_word' id='word_1_452' title='bbox 1251 3227 1421 3306; x_wconf 88' lang='lat' dir='ltr'><strong>quasi</strong></span> <span class='ocrx_word' id='word_1_453' title='bbox 1455 3225 1699 3317; x_wconf 91' lang='lat' dir='ltr'><strong>minime</strong></span> <span class='ocrx_word' id='word_1_454' title='bbox 1729 3227 2018 3317; x_wconf 88' lang='lat' dir='ltr'><strong>decorum</strong></span> <span class='ocrx_word' id='word_1_455' title='bbox 2057 3227 2153 3309; x_wconf 86' lang='lat' dir='ltr'><strong>sit,</strong></span> 
     </span>
    </p>
   </div>
   <div class='ocr_carea' id='block_1_63' title="bbox 2236 3225 3882 3317">
    <p class='ocr_par' dir='ltr' id='par_1_63' title="bbox 2239 3225 3882 3317">
     <span class='ocr_line' id='line_1_63' title="bbox 2239 3225 3882 3317; baseline 0.002 -30"><span class='ocrx_word' id='word_1_456' title='bbox 2239 3229 2302 3287; x_wconf 81' lang='grc' dir='ltr'><strong>ἂν</strong></span> <span class='ocrx_word' id='word_1_457' title='bbox 2332 3232 2406 3297; x_wconf 85' lang='grc' dir='ltr'>εἷς</span> <span class='ocrx_word' id='word_1_458' title='bbox 2436 3240 2587 3292; x_wconf 78' lang='grc' dir='ltr'>τοῦτο</span> <span class='ocrx_word' id='word_1_459' title='bbox 2617 3233 2882 3311; x_wconf 81' lang='grc' dir='ltr'>ὁρμήσειε</span> <span class='ocrx_word' id='word_1_460' title='bbox 2912 3233 3157 3298; x_wconf 80' lang='grc' dir='ltr'>πώποτε,</span> <span class='ocrx_word' id='word_1_461' title='bbox 3192 3238 3367 3294; x_wconf 77' lang='grc' dir='ltr'>Ταῦτα</span> <span class='ocrx_word' id='word_1_462' title='bbox 3427 3233 3485 3292; x_wconf 77' lang='grc' dir='ltr'><em>δὲ</em></span> <span class='ocrx_word' id='word_1_463' title='bbox 3547 3225 3882 3317; x_wconf 67' lang='grc' dir='ltr'>πράττονται,</span> 
     </span>
    </p>
   </div>
   <div class='ocr_carea' id='block_1_64' title="bbox 504 3314 2153 3399">
    <p class='ocr_par' dir='ltr' id='par_1_64' title="bbox 504 3314 2153 3399">
     <span class='ocr_line' id='line_1_64' title="bbox 504 3314 2153 3399; baseline -0.001 -18"><span class='ocrx_word' id='word_1_464' title='bbox 504 3334 607 3383; x_wconf 87' lang='lat' dir='ltr'><strong>eos</strong></span> <span class='ocrx_word' id='word_1_465' title='bbox 635 3318 738 3399; x_wconf 92' lang='lat' dir='ltr'><strong>qui</strong></span> <span class='ocrx_word' id='word_1_466' title='bbox 768 3314 831 3379; x_wconf 92' lang='lat' dir='ltr'><strong>in</strong></span> <span class='ocrx_word' id='word_1_467' title='bbox 858 3316 1032 3379; x_wconf 86' lang='lat' dir='ltr'><strong>altari</strong></span> <span class='ocrx_word' id='word_1_468' title='bbox 1061 3317 1409 3396; x_wconf 85' lang='lat' dir='ltr'><strong>congregati</strong></span> <span class='ocrx_word' id='word_1_469' title='bbox 1435 3316 1911 3397; x_wconf 69' lang='lat' dir='ltr'><strong>coniunguntur,</strong></span> <span class='ocrx_word' id='word_1_470' title='bbox 1937 3316 2153 3379; x_wconf 87' lang='lat' dir='ltr'><strong>iterum</strong></span> 
     </span>
    </p>
   </div>
   <div class='ocr_carea' id='block_1_65' title="bbox 2236 3314 3888 3399">
    <p class='ocr_par' dir='ltr' id='par_1_65' title="bbox 2238 3314 3888 3396">
     <span class='ocr_line' id='line_1_65' title="bbox 2238 3314 3888 3396; baseline 0.004 -19"><span class='ocrx_word' id='word_1_471' title='bbox 2238 3322 2312 3383; x_wconf 81' lang='grc' dir='ltr'><strong>ὡς</strong></span> <span class='ocrx_word' id='word_1_472' title='bbox 2371 3320 2429 3379; x_wconf 73' lang='grc' dir='ltr'>οὗ</span> <span class='ocrx_word' id='word_1_473' title='bbox 2485 3320 2648 3379; x_wconf 84' lang='grc' dir='ltr'>καλὸν</span> <span class='ocrx_word' id='word_1_474' title='bbox 2705 3322 2765 3379; x_wconf 76' lang='grc' dir='ltr'>ὃν</span> <span class='ocrx_word' id='word_1_475' title='bbox 2822 3324 3228 3392; x_wconf 79' lang='grc' dir='ltr'>ἑνοποιηθέντας</span> <span class='ocrx_word' id='word_1_476' title='bbox 3289 3327 3477 3391; x_wconf 72' lang='grc' dir='ltr'>αὖτοὺς</span> <span class='ocrx_word' id='word_1_477' title='bbox 3513 3314 3759 3396; x_wconf 47' lang='lat' dir='ltr'><strong>sitne;</strong></span> <span class='ocrx_word' id='word_1_478' title='bbox 3799 3314 3888 3383; x_wconf 75' lang='grc' dir='ltr'><strong>τοῧ</strong></span> 
     </span>
    </p>
   </div>
   <div class='ocr_carea' id='block_1_66' title="bbox 505 3404 2153 3497">
    <p class='ocr_par' dir='ltr' id='par_1_66' title="bbox 505 3404 2153 3489">
     <span class='ocr_line' id='line_1_66' title="bbox 505 3404 2153 3489; baseline 0 -19"><span class='ocrx_word' id='word_1_479' title='bbox 505 3405 689 3471; x_wconf 90' lang='lat' dir='ltr'><strong>dilabi</strong></span> <span class='ocrx_word' id='word_1_480' title='bbox 718 3407 781 3468; x_wconf 91' lang='lat' dir='ltr'><strong>in</strong></span> <span class='ocrx_word' id='word_1_481' title='bbox 811 3406 1026 3468; x_wconf 89' lang='lat' dir='ltr'><strong>divisas</strong></span> <span class='ocrx_word' id='word_1_482' title='bbox 1045 3404 1471 3489; x_wconf 82' lang='lat' dir='ltr'><strong>cupidtiates,e</strong></span> <span class='ocrx_word' id='word_1_483' title='bbox 1503 3405 1727 3484; x_wconf 89' lang='lat' dir='ltr'><strong>quibus</strong></span> <span class='ocrx_word' id='word_1_484' title='bbox 1745 3407 1991 3468; x_wconf 92' lang='lat' dir='ltr'><strong>omnino</strong></span> <span class='ocrx_word' id='word_1_485' title='bbox 2026 3424 2153 3489; x_wconf 85' lang='lat' dir='ltr'><strong>per-</strong></span> 
     </span>
    </p>
   </div>
   <div class='ocr_carea' id='block_1_67' title="bbox 2236 3404 3889 3497">
    <p class='ocr_par' dir='ltr' id='par_1_67' title="bbox 2238 3412 3889 3496">
     <span class='ocr_line' id='line_1_67' title="bbox 2238 3412 3889 3496; baseline 0.002 -29"><span class='ocrx_word' id='word_1_486' title='bbox 2238 3412 2378 3490; x_wconf 77' lang='grc' dir='ltr'><strong>ἱεροῦ</strong></span> <span class='ocrx_word' id='word_1_487' title='bbox 2406 3412 2773 3487; x_wconf 79' lang='grc' dir='ltr'>θυσιαστηρίου</span> <span class='ocrx_word' id='word_1_488' title='bbox 2823 3418 3129 3491; x_wconf 79' lang='grc' dir='ltr'>συναγωγῇ,</span> <span class='ocrx_word' id='word_1_489' title='bbox 3197 3413 3283 3471; x_wconf 79' lang='grc' dir='ltr'>ἐπὶ</span> <span class='ocrx_word' id='word_1_490' title='bbox 3338 3416 3434 3481; x_wconf 81' lang='grc' dir='ltr'><strong>τὰς</strong></span> <span class='ocrx_word' id='word_1_491' title='bbox 3487 3419 3752 3496; x_wconf 79' lang='grc' dir='ltr'>μεριστὰς</span> <span class='ocrx_word' id='word_1_492' title='bbox 3802 3415 3889 3471; x_wconf 79' lang='grc' dir='ltr'>καὶ</span> 
     </span>
    </p>
   </div>
   <div class='ocr_carea' id='block_1_68' title="bbox 506 3499 2153 3584">
    <p class='ocr_par' dir='ltr' id='par_1_68' title="bbox 506 3499 2152 3565">
     <span class='ocr_line' id='line_1_68' title="bbox 506 3499 2152 3565; baseline 0.002 -3"><span class='ocrx_word' id='word_1_493' title='bbox 506 3499 758 3563; x_wconf 65' lang='lat' dir='ltr'><strong>turbatae</strong></span> <span class='ocrx_word' id='word_1_494' title='bbox 786 3509 992 3562; x_wconf 91' lang='lat' dir='ltr'><strong>contra</strong></span> <span class='ocrx_word' id='word_1_495' title='bbox 1045 3509 1315 3562; x_wconf 90' lang='lat' dir='ltr'><strong>naturam</strong></span> <span class='ocrx_word' id='word_1_496' title='bbox 1380 3500 1710 3562; x_wconf 67' lang='lat' dir='ltr'><strong>inimicitiae</strong></span> <span class='ocrx_word' id='word_1_497' title='bbox 1764 3501 2152 3565; x_wconf 76' lang='lat' dir='ltr'><strong>suscitantur.</strong></span> 
     </span>
    </p>
   </div>
   <div class='ocr_carea' id='block_1_69' title="bbox 2236 3499 3888 3584">
    <p class='ocr_par' dir='ltr' id='par_1_69' title="bbox 2239 3499 3888 3584">
     <span class='ocr_line' id='line_1_69' title="bbox 2239 3499 3888 3584; baseline 0.004 -26"><span class='ocrx_word' id='word_1_498' title='bbox 2239 3499 2398 3558; x_wconf 71' lang='grc' dir='ltr'>πάλιν</span> <span class='ocrx_word' id='word_1_499' title='bbox 2425 3502 2773 3559; x_wconf 80' lang='grc' dir='ltr'>καταπίπτειν</span> <span class='ocrx_word' id='word_1_500' title='bbox 2805 3501 3081 3579; x_wconf 82' lang='grc' dir='ltr'>ἐπιθυμίας</span> <span class='ocrx_word' id='word_1_501' title='bbox 3113 3502 3165 3569; x_wconf 71' lang='grc' dir='ltr'><strong>ἐξ</strong></span> <span class='ocrx_word' id='word_1_502' title='bbox 3220 3506 3293 3560; x_wconf 81' lang='grc' dir='ltr'>ὧν</span> <span class='ocrx_word' id='word_1_503' title='bbox 3351 3504 3571 3571; x_wconf 70' lang='grc' dir='ltr'>πάντως</span> <span class='ocrx_word' id='word_1_504' title='bbox 3633 3505 3888 3584; x_wconf 85' lang='grc' dir='ltr'>δημιουρ-</span> 
     </span>
    </p>
   </div>
   <div class='ocr_carea' id='block_1_70' title="bbox 502 3589 2153 3675">
    <p class='ocr_par' dir='ltr' id='par_1_70' title="bbox 502 3591 2153 3673">
     <span class='ocr_line' id='line_1_70' title="bbox 502 3591 2153 3673; baseline 0.001 -18"><span class='ocrx_word' id='word_1_505' title='bbox 502 3593 803 3655; x_wconf 84' lang='lat' dir='ltr'><strong>Adversus</strong></span> <span class='ocrx_word' id='word_1_506' title='bbox 824 3600 1021 3655; x_wconf 87' lang='lat' dir='ltr'><strong>autem</strong></span> <span class='ocrx_word' id='word_1_507' title='bbox 1046 3592 1307 3673; x_wconf 72' lang='lat' dir='ltr'><strong>aequales</strong></span> <span class='ocrx_word' id='word_1_508' title='bbox 1329 3591 1562 3669; x_wconf 83' lang='lat' dir='ltr'><strong>dicit,iJ</strong></span> <span class='ocrx_word' id='word_1_509' title='bbox 1588 3604 1685 3655; x_wconf 88' lang='lat' dir='ltr'><strong>est</strong></span> <span class='ocrx_word' id='word_1_510' title='bbox 1702 3593 2014 3655; x_wconf 88' lang='lat' dir='ltr'><strong>hominum</strong></span> <span class='ocrx_word' id='word_1_511' title='bbox 2043 3593 2153 3656; x_wconf 88' lang='lat' dir='ltr'><strong>ad-</strong></span> 
     </span>
    </p>
   </div>
   <div class='ocr_carea' id='block_1_71' title="bbox 2236 3589 3885 3675">
    <p class='ocr_par' dir='ltr' id='par_1_71' title="bbox 2236 3589 3885 3675">
     <span class='ocr_line' id='line_1_71' title="bbox 2236 3589 3885 3675; baseline 0.001 -27"><span class='ocrx_word' id='word_1_512' title='bbox 2236 3598 2450 3675; x_wconf 79' lang='grc' dir='ltr'>γοῦνται</span> <span class='ocrx_word' id='word_1_513' title='bbox 2505 3593 2557 3648; x_wconf 75' lang='grc' dir='ltr'>αἱ</span> <span class='ocrx_word' id='word_1_514' title='bbox 2611 3589 2873 3667; x_wconf 75' lang='grc' dir='ltr'>ἐμπαθεῖς</span> <span class='ocrx_word' id='word_1_515' title='bbox 2934 3590 3220 3672; x_wconf 82' lang='grc' dir='ltr'>ἀπέχθειαι</span> <span class='ocrx_word' id='word_1_516' title='bbox 3277 3595 3411 3672; x_wconf 82' lang='grc' dir='ltr'>πρὸς</span> <span class='ocrx_word' id='word_1_517' title='bbox 3444 3596 3514 3654; x_wconf 79' lang='grc' dir='ltr'>τὸ</span> <span class='ocrx_word' id='word_1_518' title='bbox 3546 3596 3686 3654; x_wconf 83' lang='grc' dir='ltr'>κατᾶ</span> <span class='ocrx_word' id='word_1_519' title='bbox 3716 3595 3885 3675; x_wconf 78' lang='grc' dir='ltr'>φύσιν,</span> 
     </span>
    </p>
   </div>
   <div class='ocr_carea' id='block_1_72' title="bbox 506 3672 2153 3765">
    <p class='ocr_par' dir='ltr' id='par_1_72' title="bbox 506 3672 2152 3761">
     <span class='ocr_line' id='line_1_72' title="bbox 506 3672 2152 3761; baseline 0.002 -19"><span class='ocrx_word' id='word_1_520' title='bbox 506 3699 710 3744; x_wconf 85' lang='lat' dir='ltr'><strong>versus</strong></span> <span class='ocrx_word' id='word_1_521' title='bbox 738 3681 1034 3743; x_wconf 86' lang='lat' dir='ltr'><strong>homines.</strong></span> <span class='ocrx_word' id='word_1_522' title='bbox 1070 3672 1230 3744; x_wconf 89' lang='lat' dir='ltr'><strong>Illud</strong></span> <span class='ocrx_word' id='word_1_523' title='bbox 1262 3689 1460 3744; x_wconf 91' lang='lat' dir='ltr'><strong>autem</strong></span> <span class='ocrx_word' id='word_1_524' title='bbox 1496 3683 1638 3743; x_wconf 74' lang='lat'><strong>210</strong></span> <span class='ocrx_word' id='word_1_525' title='bbox 1666 3682 1739 3743; x_wconf 91' lang='lat' dir='ltr'><strong>ad</strong></span> <span class='ocrx_word' id='word_1_526' title='bbox 1770 3681 1831 3743; x_wconf 90' lang='lat' dir='ltr'><strong>id</strong></span> <span class='ocrx_word' id='word_1_527' title='bbox 1853 3683 2016 3761; x_wconf 91' lang='lat' dir='ltr'><strong>quod</strong></span> <span class='ocrx_word' id='word_1_528' title='bbox 2049 3702 2152 3746; x_wconf 89' lang='lat' dir='ltr'><strong>se-</strong></span> 
     </span>
    </p>
   </div>
   <div class='ocr_carea' id='block_1_73' title="bbox 2236 3672 3888 3765">
    <p class='ocr_par' dir='ltr' id='par_1_73' title="bbox 2239 3672 3888 3765">
     <span class='ocr_line' id='line_1_73' title="bbox 2239 3672 3888 3765; baseline 0 -25"><span class='ocrx_word' id='word_1_529' title='bbox 2239 3672 2534 3755; x_wconf 83' lang='grc' dir='ltr'>Ὀμοειδετς</span> <span class='ocrx_word' id='word_1_530' title='bbox 2592 3679 2647 3737; x_wconf 79' lang='grc' dir='ltr'><strong>δὲ</strong></span> <span class='ocrx_word' id='word_1_531' title='bbox 2704 3680 2849 3761; x_wconf 81' lang='grc' dir='ltr'>λέγει</span> <span class='ocrx_word' id='word_1_532' title='bbox 2905 3680 3104 3747; x_wconf 87' lang='grc' dir='ltr'>ταύτας</span> <span class='ocrx_word' id='word_1_533' title='bbox 3161 3684 3237 3748; x_wconf 81' lang='grc' dir='ltr'>ὣς</span> <span class='ocrx_word' id='word_1_534' title='bbox 3298 3683 3597 3763; x_wconf 77' lang='grc' dir='ltr'>ἀνθρώπων</span> <span class='ocrx_word' id='word_1_535' title='bbox 3638 3672 3771 3765; x_wconf 77' lang='grc' dir='ltr'><strong>πρὸς</strong></span> <span class='ocrx_word' id='word_1_536' title='bbox 3799 3684 3888 3740; x_wconf 77' lang='grc' dir='ltr'><strong>ἂν·</strong></span> 
     </span>
    </p>
   </div>
   <div class='ocr_carea' id='block_1_74' title="bbox 506 3768 2153 3855">
    <p class='ocr_par' dir='ltr' id='par_1_74' title="bbox 506 3770 2150 3852">
     <span class='ocr_line' id='line_1_74' title="bbox 506 3770 2150 3852; baseline 0 -18"><span class='ocrx_word' id='word_1_537' title='bbox 506 3770 767 3834; x_wconf 91' lang='lat' dir='ltr'><strong>cundum</strong></span> <span class='ocrx_word' id='word_1_538' title='bbox 798 3777 1070 3832; x_wconf 90' lang='lat' dir='ltr'><strong>naturam</strong></span> <span class='ocrx_word' id='word_1_539' title='bbox 1102 3781 1217 3847; x_wconf 90' lang='lat' dir='ltr'><strong>est,</strong></span> <span class='ocrx_word' id='word_1_540' title='bbox 1246 3770 1306 3832; x_wconf 92' lang='lat' dir='ltr'><strong>id</strong></span> <span class='ocrx_word' id='word_1_541' title='bbox 1336 3770 1519 3833; x_wconf 87' lang='lat' dir='ltr'><strong>estad</strong></span> <span class='ocrx_word' id='word_1_542' title='bbox 1545 3771 1794 3852; x_wconf 90' lang='lat' dir='ltr'><strong>bonum;</strong></span> <span class='ocrx_word' id='word_1_543' title='bbox 1823 3773 2150 3834; x_wconf 89' lang='lat' dir='ltr'><strong>humanum</strong></span> 
     </span>
    </p>
   </div>
   <div class='ocr_carea' id='block_1_75' title="bbox 2236 3768 3891 3855">
    <p class='ocr_par' dir='ltr' id='par_1_75' title="bbox 2236 3768 3891 3855">
     <span class='ocr_line' id='line_1_75' title="bbox 2236 3768 3891 3855; baseline 0.001 -28"><span class='ocrx_word' id='word_1_544' title='bbox 2236 3771 2499 3850; x_wconf 83' lang='grc' dir='ltr'>θρώπους.</span> <span class='ocrx_word' id='word_1_545' title='bbox 2559 3771 2632 3829; x_wconf 84' lang='grc' dir='ltr'>Τὸ</span> <span class='ocrx_word' id='word_1_546' title='bbox 2687 3768 2743 3827; x_wconf 78' lang='grc' dir='ltr'><strong>δὲ</strong></span> <span class='ocrx_word' id='word_1_547' title='bbox 2801 3771 2935 3850; x_wconf 83' lang='grc' dir='ltr'>πρὸς</span> <span class='ocrx_word' id='word_1_548' title='bbox 2991 3772 3053 3828; x_wconf 78' lang='grc' dir='ltr'><strong>τὸ</strong></span> <span class='ocrx_word' id='word_1_549' title='bbox 3106 3773 3244 3830; x_wconf 82' lang='grc' dir='ltr'>κατὰ</span> <span class='ocrx_word' id='word_1_550' title='bbox 3300 3775 3478 3855; x_wconf 76' lang='grc' dir='ltr'>φύσιν,</span> <span class='ocrx_word' id='word_1_551' title='bbox 3569 3777 3634 3832; x_wconf 79' lang='grc' dir='ltr'>τὸ</span> <span class='ocrx_word' id='word_1_552' title='bbox 3703 3774 3891 3853; x_wconf 80' lang='grc' dir='ltr'>ἀγαθὸν</span> 
     </span>
    </p>
   </div>
   <div class='ocr_carea' id='block_1_76' title="bbox 505 3857 2153 3945">
    <p class='ocr_par' dir='ltr' id='par_1_76' title="bbox 505 3858 2153 3937">
     <span class='ocr_line' id='line_1_76' title="bbox 505 3858 2153 3937; baseline 0.001 -14"><span class='ocrx_word' id='word_1_553' title='bbox 505 3860 666 3923; x_wconf 91' lang='lat' dir='ltr'><strong>enim</strong></span> <span class='ocrx_word' id='word_1_554' title='bbox 695 3858 916 3923; x_wconf 90' lang='lat' dir='ltr'><strong>bonum</strong></span> <span class='ocrx_word' id='word_1_555' title='bbox 947 3878 1127 3922; x_wconf 90' lang='lat' dir='ltr'><strong>omne</strong></span> <span class='ocrx_word' id='word_1_556' title='bbox 1174 3867 1264 3922; x_wconf 90' lang='lat' dir='ltr'><strong>est</strong></span> <span class='ocrx_word' id='word_1_557' title='bbox 1294 3859 1628 3923; x_wconf 87' lang='lat' dir='ltr'><strong>secundum</strong></span> <span class='ocrx_word' id='word_1_558' title='bbox 1671 3868 1964 3937; x_wconf 85' lang='lat' dir='ltr'><strong>naturam,</strong></span> <span class='ocrx_word' id='word_1_559' title='bbox 1999 3861 2153 3924; x_wconf 88' lang='lat' dir='ltr'><strong>sicut</strong></span> 
     </span>
    </p>
   </div>
   <div class='ocr_carea' id='block_1_77' title="bbox 2236 3857 3886 3945">
    <p class='ocr_par' dir='ltr' id='par_1_77' title="bbox 2236 3857 3886 3945">
     <span class='ocr_line' id='line_1_77' title="bbox 2236 3857 3886 3945; baseline 0.001 -29"><span class='ocrx_word' id='word_1_560' title='bbox 2236 3857 2503 3928; x_wconf 82' lang='grc' dir='ltr'>δηλονότι·</span> <span class='ocrx_word' id='word_1_561' title='bbox 2566 3865 2671 3917; x_wconf 83' lang='grc' dir='ltr'><strong>πᾶν</strong></span> <span class='ocrx_word' id='word_1_562' title='bbox 2716 3860 2817 3940; x_wconf 78' lang='grc' dir='ltr'><strong>γὰρ</strong></span> <span class='ocrx_word' id='word_1_563' title='bbox 2872 3860 3199 3941; x_wconf 78' lang='grc' dir='ltr'>ἀνθρώπινον</span> <span class='ocrx_word' id='word_1_564' title='bbox 3254 3862 3453 3943; x_wconf 73' lang='grc' dir='ltr'>ἀγαθὸν</span> <span class='ocrx_word' id='word_1_565' title='bbox 3515 3865 3660 3923; x_wconf 76' lang='grc' dir='ltr'>κατὰ</span> <span class='ocrx_word' id='word_1_566' title='bbox 3717 3864 3886 3945; x_wconf 76' lang='grc' dir='ltr'>φύσιν,</span> 
     </span>
    </p>
   </div>
   <div class='ocr_carea' id='block_1_78' title="bbox 507 3948 2153 4031">
    <p class='ocr_par' dir='ltr' id='par_1_78' title="bbox 507 3948 2152 4031">
     <span class='ocr_line' id='line_1_78' title="bbox 507 3948 2152 4031; baseline 0.001 -18"><span class='ocrx_word' id='word_1_567' title='bbox 507 3949 727 4013; x_wconf 83' lang='lat' dir='ltr'><strong>malum</strong></span> <span class='ocrx_word' id='word_1_568' title='bbox 762 3958 970 4012; x_wconf 88' lang='lat' dir='ltr'><strong>contra</strong></span> <span class='ocrx_word' id='word_1_569' title='bbox 998 3956 1295 4014; x_wconf 90' lang='lat' dir='ltr'><strong>naturam.</strong></span> <span class='ocrx_word' id='word_1_570' title='bbox 1321 3948 1432 4013; x_wconf 88' lang='lat' dir='ltr'><strong>Vel</strong></span> <span class='ocrx_word' id='word_1_571' title='bbox 1460 3956 1638 4012; x_wconf 90' lang='lat' dir='ltr'><strong>etiam</strong></span> <span class='ocrx_word' id='word_1_572' title='bbox 1671 3952 1959 4031; x_wconf 71' lang='lat' dir='ltr'><strong>zequalem</strong></span> <span class='ocrx_word' id='word_1_573' title='bbox 1979 3960 2152 4016; x_wconf 87' lang='lat' dir='ltr'><strong>vocat</strong></span> 
     </span>
    </p>
   </div>
   <div class='ocr_carea' id='block_1_79' title="bbox 2236 3948 3889 4031">
    <p class='ocr_par' dir='ltr' id='par_1_79' title="bbox 2236 3949 3889 4031">
     <span class='ocr_line' id='line_1_79' title="bbox 2236 3949 3889 4031; baseline 0.002 -23"><span class='ocrx_word' id='word_1_574' title='bbox 2236 3951 2310 4014; x_wconf 82' lang='grc' dir='ltr'>ὡς</span> <span class='ocrx_word' id='word_1_575' title='bbox 2339 3951 2401 4008; x_wconf 82' lang='grc' dir='ltr'>τὸ</span> <span class='ocrx_word' id='word_1_576' title='bbox 2429 3950 2593 4009; x_wconf 80' lang='grc' dir='ltr'>κακὸν</span> <span class='ocrx_word' id='word_1_577' title='bbox 2621 3951 2766 4030; x_wconf 77' lang='grc' dir='ltr'>παρὰ</span> <span class='ocrx_word' id='word_1_578' title='bbox 2794 3950 2970 4029; x_wconf 78' lang='grc' dir='ltr'>φύσιν,</span> <span class='ocrx_word' id='word_1_579' title='bbox 3027 3949 3120 4010; x_wconf 82' lang='grc' dir='ltr'><strong>’Ἦ</strong></span> <span class='ocrx_word' id='word_1_580' title='bbox 3151 3952 3261 4030; x_wconf 72' lang='grc' dir='ltr'>μὴν</span> <span class='ocrx_word' id='word_1_581' title='bbox 3291 3953 3382 4010; x_wconf 82' lang='grc' dir='ltr'><strong>τὸν</strong></span> <span class='ocrx_word' id='word_1_582' title='bbox 3414 3953 3646 4031; x_wconf 78' lang='grc' dir='ltr'>ὁμοειδῆ</span> <span class='ocrx_word' id='word_1_583' title='bbox 3679 3956 3766 4012; x_wconf 80' lang='grc' dir='ltr'><strong>καὶ</strong></span> <span class='ocrx_word' id='word_1_584' title='bbox 3796 3953 3889 4021; x_wconf 77' lang='grc' dir='ltr'>τῆς</span> 
     </span>
    </p>
   </div>
   <div class='ocr_carea' id='block_1_80' title="bbox 505 4037 2153 4122">
    <p class='ocr_par' dir='ltr' id='par_1_80' title="bbox 505 4038 1945 4122">
     <span class='ocr_line' id='line_1_80' title="bbox 505 4038 1945 4122; baseline 0 -19"><span class='ocrx_word' id='word_1_585' title='bbox 505 4039 780 4122; x_wconf 86' lang='lat' dir='ltr'><strong>ejusdem</strong></span> <span class='ocrx_word' id='word_1_586' title='bbox 810 4046 1037 4102; x_wconf 72' lang='lat' dir='ltr'><strong>naturae</strong></span> <span class='ocrx_word' id='word_1_587' title='bbox 1066 4039 1396 4116; x_wconf 87' lang='lat' dir='ltr'><strong>hominem,</strong></span> <span class='ocrx_word' id='word_1_588' title='bbox 1431 4038 1556 4102; x_wconf 85' lang='lat' dir='ltr'><strong>sive</strong></span> <span class='ocrx_word' id='word_1_589' title='bbox 1586 4040 1945 4122; x_wconf 83' lang='lat' dir='ltr'><strong>proximum.</strong></span> 
     </span>
    </p>
   </div>
   <div class='ocr_carea' id='block_1_81' title="bbox 2236 4037 3586 4122">
    <p class='ocr_par' dir='ltr' id='par_1_81' title="bbox 2236 4037 3586 4119">
     <span class='ocr_line' id='line_1_81' title="bbox 2236 4037 3586 4119; baseline 0.007 -23"><span class='ocrx_word' id='word_1_590' title='bbox 2236 4039 2400 4109; x_wconf 77' lang='grc' dir='ltr'>αὐτῆς</span> <span class='ocrx_word' id='word_1_591' title='bbox 2429 4040 2634 4119; x_wconf 69' lang='grc' dir='ltr'>φύσεως</span> <span class='ocrx_word' id='word_1_592' title='bbox 2658 4038 2954 4118; x_wconf 79' lang='grc' dir='ltr'>ἄνθρωπον,</span> <span class='ocrx_word' id='word_1_593' title='bbox 2988 4037 3168 4100; x_wconf 69' lang='grc' dir='ltr'>είτουν</span> <span class='ocrx_word' id='word_1_594' title='bbox 3196 4043 3288 4101; x_wconf 75' lang='grc' dir='ltr'><strong>τὸν</strong></span> <span class='ocrx_word' id='word_1_595' title='bbox 3322 4042 3586 4112; x_wconf 81' lang='grc' dir='ltr'>πλησίον.</span> 
     </span>
    </p>
   </div>
   <div class='ocr_carea' id='block_1_82' title="bbox 585 4126 2153 4210">
    <p class='ocr_par' dir='ltr' id='par_1_82' title="bbox 585 4126 2148 4210">
     <span class='ocr_line' id='line_1_82' title="bbox 585 4126 2148 4210; baseline 0 -18"><span class='ocrx_word' id='word_1_596' title='bbox 585 4129 616 4209; x_wconf 86' lang='lat'>§</span> <span class='ocrx_word' id='word_1_597' title='bbox 648 4130 749 4192; x_wconf 85' lang='lat' dir='ltr'><strong>1X.</strong></span> <span class='ocrx_word' id='word_1_598' title='bbox 784 4126 951 4191; x_wconf 88' lang='lat' dir='ltr'><strong>Hanc</strong></span> <span class='ocrx_word' id='word_1_599' title='bbox 976 4128 1180 4210; x_wconf 87' lang='lat' dir='ltr'><strong>itaque</strong></span> <span class='ocrx_word' id='word_1_600' title='bbox 1211 4128 1591 4208; x_wconf 88' lang='lat' dir='ltr'><strong>conjunctam</strong></span> <span class='ocrx_word' id='word_1_601' title='bbox 1638 4129 1820 4192; x_wconf 85' lang='lat' dir='ltr'><strong>vitam</strong></span> <span class='ocrx_word' id='word_1_602' title='bbox 1877 4128 2148 4192; x_wconf 84' lang='lat' dir='ltr'><strong>salutatio</strong></span> 
     </span>
    </p>
   </div>
   <div class='ocr_carea' id='block_1_83' title="bbox 2236 4126 3888 4210">
    <p class='ocr_par' dir='ltr' id='par_1_83' title="bbox 2315 4129 3888 4210">
     <span class='ocr_line' id='line_1_83' title="bbox 2315 4129 3888 4210; baseline 0.002 -23"><span class='ocrx_word' id='word_1_603' title='bbox 2315 4132 2464 4205; x_wconf 71' lang='lat' dir='ltr'><strong>51X.</strong></span> <span class='ocrx_word' id='word_1_604' title='bbox 2519 4130 2728 4198; x_wconf 79' lang='grc' dir='ltr'>Ταύτην</span> <span class='ocrx_word' id='word_1_605' title='bbox 2785 4129 2876 4187; x_wconf 81' lang='grc' dir='ltr'>οὖν</span> <span class='ocrx_word' id='word_1_606' title='bbox 2931 4131 3037 4200; x_wconf 74' lang='grc' dir='ltr'>τὴν</span> <span class='ocrx_word' id='word_1_607' title='bbox 3086 4131 3285 4189; x_wconf 78' lang='grc' dir='ltr'>ἑνιαίαν</span> <span class='ocrx_word' id='word_1_608' title='bbox 3342 4133 3494 4204; x_wconf 80' lang='grc' dir='ltr'>ζωὴν</span> <span class='ocrx_word' id='word_1_609' title='bbox 3550 4136 3580 4192; x_wconf 86' lang='grc' dir='ltr'><strong>ὁ</strong></span> <span class='ocrx_word' id='word_1_610' title='bbox 3608 4132 3888 4210; x_wconf 79' lang='grc' dir='ltr'>ἀσπασμὸς</span> 
     </span>
    </p>
   </div>
   <div class='ocr_carea' id='block_1_84' title="bbox 505 4217 2153 4305">
    <p class='ocr_par' dir='ltr' id='par_1_84' title="bbox 505 4217 2153 4295">
     <span class='ocr_line' id='line_1_84' title="bbox 505 4217 2153 4295; baseline 0 -13"><span class='ocrx_word' id='word_1_611' title='bbox 505 4218 719 4295; x_wconf 86' lang='lat' dir='ltr'><strong>sancit,</strong></span> <span class='ocrx_word' id='word_1_612' title='bbox 753 4218 894 4280; x_wconf 92' lang='lat' dir='ltr'><strong>dum</strong></span> <span class='ocrx_word' id='word_1_613' title='bbox 926 4218 1121 4281; x_wconf 90' lang='lat' dir='ltr'><strong>simile</strong></span> <span class='ocrx_word' id='word_1_614' title='bbox 1166 4219 1225 4280; x_wconf 94' lang='lat' dir='ltr'><strong>in</strong></span> <span class='ocrx_word' id='word_1_615' title='bbox 1275 4217 1459 4280; x_wconf 89' lang='lat' dir='ltr'><strong>simili</strong></span> <span class='ocrx_word' id='word_1_616' title='bbox 1503 4218 1779 4295; x_wconf 88' lang='lat' dir='ltr'><strong>collocat,</strong></span> <span class='ocrx_word' id='word_1_617' title='bbox 1834 4227 1897 4282; x_wconf 90' lang='lat' dir='ltr'><strong>et</strong></span> <span class='ocrx_word' id='word_1_618' title='bbox 1953 4218 2153 4282; x_wconf 89' lang='lat' dir='ltr'><strong>divina</strong></span> 
     </span>
    </p>
   </div>
   <div class='ocr_carea' id='block_1_85' title="bbox 2236 4217 3888 4305">
    <p class='ocr_par' dir='ltr' id='par_1_85' title="bbox 2236 4217 3888 4305">
     <span class='ocr_line' id='line_1_85' title="bbox 2236 4217 3888 4305; baseline 0.002 -28"><span class='ocrx_word' id='word_1_619' title='bbox 2236 4222 2537 4302; x_wconf 76' lang='grc' dir='ltr'>νομοθετεῖ,</span> <span class='ocrx_word' id='word_1_620' title='bbox 2592 4217 2836 4299; x_wconf 75' lang='grc' dir='ltr'>ἐνιδρύων</span> <span class='ocrx_word' id='word_1_621' title='bbox 2891 4226 2968 4294; x_wconf 84' lang='grc' dir='ltr'><strong>τῷ</strong></span> <span class='ocrx_word' id='word_1_622' title='bbox 3025 4221 3193 4297; x_wconf 84' lang='grc' dir='ltr'>ὁμοίῳ</span> <span class='ocrx_word' id='word_1_623' title='bbox 3249 4223 3310 4279; x_wconf 81' lang='grc' dir='ltr'>τὸ</span> <span class='ocrx_word' id='word_1_624' title='bbox 3373 4220 3597 4305; x_wconf 79' lang='grc' dir='ltr'>ὅμοιον,</span> <span class='ocrx_word' id='word_1_625' title='bbox 3632 4224 3721 4283; x_wconf 80' lang='grc' dir='ltr'>καὶ</span> <span class='ocrx_word' id='word_1_626' title='bbox 3752 4221 3888 4280; x_wconf 73' lang='grc' dir='ltr'>ἆποο</span> 
     </span>
    </p>
   </div>
   <div class='ocr_carea' id='block_1_86' title="bbox 501 4306 2153 4390">
    <p class='ocr_par' dir='ltr' id='par_1_86' title="bbox 501 4307 2149 4390">
     <span class='ocr_line' id='line_1_86' title="bbox 501 4307 2149 4390; baseline 0.003 -19"><span class='ocrx_word' id='word_1_627' title='bbox 501 4308 931 4387; x_wconf 89' lang='lat' dir='ltr'><strong>individuaque</strong></span> <span class='ocrx_word' id='word_1_628' title='bbox 984 4325 1019 4370; x_wconf 92' lang='lat' dir='ltr'><strong>a</strong></span> <span class='ocrx_word' id='word_1_629' title='bbox 1076 4307 1332 4371; x_wconf 90' lang='lat' dir='ltr'><strong>dividuis</strong></span> <span class='ocrx_word' id='word_1_630' title='bbox 1389 4308 1784 4390; x_wconf 90' lang='lat' dir='ltr'><strong>humanisque</strong></span> <span class='ocrx_word' id='word_1_631' title='bbox 1863 4308 2149 4376; x_wconf 89' lang='lat' dir='ltr'><strong>secernit.</strong></span> 
     </span>
    </p>
   </div>
   <div class='ocr_carea' id='block_1_87' title="bbox 2236 4306 3889 4390">
    <p class='ocr_par' dir='ltr' id='par_1_87' title="bbox 2236 4306 3889 4390">
     <span class='ocr_line' id='line_1_87' title="bbox 2236 4306 3889 4390; baseline 0.002 -25"><span class='ocrx_word' id='word_1_632' title='bbox 2236 4306 2555 4368; x_wconf 68' lang='grc' dir='ltr'>διαστέλλων</span> <span class='ocrx_word' id='word_1_633' title='bbox 2583 4308 2648 4367; x_wconf 69' lang='grc' dir='ltr'><strong>τά</strong></span> <span class='ocrx_word' id='word_1_634' title='bbox 2670 4314 2790 4367; x_wconf 83' lang='grc' dir='ltr'>θεῖα</span> <span class='ocrx_word' id='word_1_635' title='bbox 2817 4311 2906 4368; x_wconf 84' lang='grc' dir='ltr'><strong>καὶ</strong></span> <span class='ocrx_word' id='word_1_636' title='bbox 2961 4311 3139 4368; x_wconf 82' lang='grc' dir='ltr'>ἐνιατα</span> <span class='ocrx_word' id='word_1_637' title='bbox 3194 4310 3301 4369; x_wconf 79' lang='grc' dir='ltr'><strong>τῶν</strong></span> <span class='ocrx_word' id='word_1_638' title='bbox 3355 4317 3599 4390; x_wconf 82' lang='grc' dir='ltr'>μερικῶν</span> <span class='ocrx_word' id='word_1_639' title='bbox 3658 4314 3748 4370; x_wconf 81' lang='grc' dir='ltr'><strong>καὶ</strong></span> <span class='ocrx_word' id='word_1_640' title='bbox 3800 4312 3889 4369; x_wconf 75' lang='grc' dir='ltr'><strong>ἂν·</strong></span> 
     </span>
    </p>
   </div>
   <div class='ocr_carea' id='block_1_88' title="bbox 502 4398 2153 4479">
    <p class='ocr_par' dir='ltr' id='par_1_88' title="bbox 502 4398 2148 4479">
     <span class='ocr_line' id='line_1_88' title="bbox 502 4398 2148 4479; baseline 0 -18"><span class='ocrx_word' id='word_1_641' title='bbox 502 4398 575 4461; x_wconf 89' lang='lat' dir='ltr'><strong>Et</strong></span> <span class='ocrx_word' id='word_1_642' title='bbox 632 4398 723 4462; x_wconf 90' lang='lat' dir='ltr'><strong>sic</strong></span> <span class='ocrx_word' id='word_1_643' title='bbox 778 4398 1025 4476; x_wconf 86' lang='lat' dir='ltr'><strong>quidem</strong></span> <span class='ocrx_word' id='word_1_644' title='bbox 1083 4398 1309 4479; x_wconf 84' lang='lat' dir='ltr'><strong>hasque</strong></span> <span class='ocrx_word' id='word_1_645' title='bbox 1365 4398 1439 4459; x_wconf 92' lang='lat' dir='ltr'><strong>0b</strong></span> <span class='ocrx_word' id='word_1_646' title='bbox 1494 4414 1703 4461; x_wconf 88' lang='lat' dir='ltr'><strong>causas</strong></span> <span class='ocrx_word' id='word_1_647' title='bbox 1731 4399 1797 4462; x_wconf 93' lang='lat' dir='ltr'><strong>ﬁt</strong></span> <span class='ocrx_word' id='word_1_648' title='bbox 1824 4398 2148 4477; x_wconf 87' lang='lat' dir='ltr'><strong>salutatio;</strong></span> 
     </span>
    </p>
   </div>
   <div class='ocr_carea' id='block_1_89' title="bbox 2236 4398 3887 4479">
    <p class='ocr_par' dir='ltr' id='par_1_89' title="bbox 2236 4398 3887 4478">
     <span class='ocr_line' id='line_1_89' title="bbox 2236 4398 3887 4478; baseline -0.001 -21"><span class='ocrx_word' id='word_1_649' title='bbox 2236 4401 2527 4477; x_wconf 83' lang='grc' dir='ltr'>θρωπίνων,</span> <span class='ocrx_word' id='word_1_650' title='bbox 2631 4402 2728 4459; x_wconf 82' lang='grc' dir='ltr'>Καὶ</span> <span class='ocrx_word' id='word_1_651' title='bbox 2798 4402 2825 4457; x_wconf 87' lang='grc' dir='ltr'><strong>ὁ</strong></span> <span class='ocrx_word' id='word_1_652' title='bbox 2917 4400 3015 4476; x_wconf 76' lang='grc' dir='ltr'><strong>μὲν</strong></span> <span class='ocrx_word' id='word_1_653' title='bbox 3083 4400 3364 4478; x_wconf 75' lang='grc' dir='ltr'>ἀσπασμὸς</span> <span class='ocrx_word' id='word_1_654' title='bbox 3440 4402 3571 4461; x_wconf 82' lang='grc' dir='ltr'>οὕτο</span> <span class='ocrx_word' id='word_1_655' title='bbox 3643 4403 3735 4461; x_wconf 79' lang='grc' dir='ltr'><strong>καὶ</strong></span> <span class='ocrx_word' id='word_1_656' title='bbox 3804 4398 3887 4456; x_wconf 73' lang='grc' dir='ltr'><strong>διὰ</strong></span> 
     </span>
    </p>
   </div>
   <div class='ocr_carea' id='block_1_90' title="bbox 503 4489 2153 4575">
    <p class='ocr_par' dir='ltr' id='par_1_90' title="bbox 503 4492 2148 4575">
     <span class='ocr_line' id='line_1_90' title="bbox 503 4492 2148 4575; baseline 0.001 -21"><span class='ocrx_word' id='word_1_657' title='bbox 503 4492 836 4554; x_wconf 86' lang='lat' dir='ltr'><strong>tabularum</strong></span> <span class='ocrx_word' id='word_1_658' title='bbox 864 4509 1002 4554; x_wconf 89' lang='lat' dir='ltr'><strong>vero</strong></span> <span class='ocrx_word' id='word_1_659' title='bbox 1026 4492 1298 4554; x_wconf 89' lang='lat' dir='ltr'><strong>recitatio</strong></span> <span class='ocrx_word' id='word_1_660' title='bbox 1323 4492 1684 4573; x_wconf 68' lang='lat' dir='ltr'><strong>depraadicat</strong></span> <span class='ocrx_word' id='word_1_661' title='bbox 1726 4510 1828 4556; x_wconf 88' lang='lat' dir='ltr'><strong>eos</strong></span> <span class='ocrx_word' id='word_1_662' title='bbox 1856 4492 1958 4575; x_wconf 91' lang='lat' dir='ltr'><strong>qui</strong></span> <span class='ocrx_word' id='word_1_663' title='bbox 2013 4510 2148 4555; x_wconf 87' lang='lat' dir='ltr'><strong>san-</strong></span> 
     </span>
    </p>
   </div>
   <div class='ocr_carea' id='block_1_91' title="bbox 2236 4489 3885 4575">
    <p class='ocr_par' dir='ltr' id='par_1_91' title="bbox 2236 4489 3885 4571">
     <span class='ocr_line' id='line_1_91' title="bbox 2236 4489 3885 4571; baseline -0.001 -24"><span class='ocrx_word' id='word_1_664' title='bbox 2236 4496 2415 4547; x_wconf 71' lang='grc' dir='ltr'>ταῦτα*</span> <span class='ocrx_word' id='word_1_665' title='bbox 2448 4493 2482 4559; x_wconf 78' lang='grc' dir='ltr'><strong>ἡ</strong></span> <span class='ocrx_word' id='word_1_666' title='bbox 2517 4489 2573 4546; x_wconf 73' lang='grc' dir='ltr'><strong>δὲ</strong></span> <span class='ocrx_word' id='word_1_667' title='bbox 2601 4495 2706 4549; x_wconf 82' lang='grc' dir='ltr'>τῶν</span> <span class='ocrx_word' id='word_1_668' title='bbox 2738 4492 2962 4571; x_wconf 81' lang='grc' dir='ltr'>πτυχῶν</span> <span class='ocrx_word' id='word_1_669' title='bbox 3001 4489 3286 4569; x_wconf 78' lang='grc' dir='ltr'>ἀνάῤῥησις</span> <span class='ocrx_word' id='word_1_670' title='bbox 3344 4493 3704 4565; x_wconf 77' lang='grc' dir='ltr'>ἀνακηρύττει</span> <span class='ocrx_word' id='word_1_671' title='bbox 3762 4490 3885 4554; x_wconf 80' lang='grc' dir='ltr'>τοὺς</span> 
     </span>
    </p>
   </div>
   <div class='ocr_carea' id='block_1_92' title="bbox 503 4576 2153 4663">
    <p class='ocr_par' dir='ltr' id='par_1_92' title="bbox 503 4582 2148 4663">
     <span class='ocr_line' id='line_1_92' title="bbox 503 4582 2148 4663; baseline 0.001 -19"><span class='ocrx_word' id='word_1_672' title='bbox 503 4588 597 4644; x_wconf 90' lang='lat' dir='ltr'><strong>cte</strong></span> <span class='ocrx_word' id='word_1_673' title='bbox 654 4582 1223 4663; x_wconf 86' lang='lat' dir='ltr'><strong>vixerunt,quinimo</strong></span> <span class='ocrx_word' id='word_1_674' title='bbox 1275 4583 1452 4645; x_wconf 86' lang='lat' dir='ltr'><strong>etiam</strong></span> <span class='ocrx_word' id='word_1_675' title='bbox 1504 4585 1768 4646; x_wconf 83' lang='lat' dir='ltr'><strong>viventes</strong></span> <span class='ocrx_word' id='word_1_676' title='bbox 1813 4584 2031 4647; x_wconf 79' lang='lat' dir='ltr'><strong>excitat</strong></span> <span class='ocrx_word' id='word_1_677' title='bbox 2069 4583 2148 4646; x_wconf 90' lang='lat' dir='ltr'><strong>ad</strong></span> 
     </span>
    </p>
   </div>
   <div class='ocr_carea' id='block_1_93' title="bbox 2236 4576 3885 4663">
    <p class='ocr_par' dir='ltr' id='par_1_93' title="bbox 2236 4576 3885 4660">
     <span class='ocr_line' id='line_1_93' title="bbox 2236 4576 3885 4660; baseline 0 -25"><span class='ocrx_word' id='word_1_678' title='bbox 2236 4576 2551 4656; x_wconf 77' lang='grc' dir='ltr'>βεϐιωκότας</span> <span class='ocrx_word' id='word_1_679' title='bbox 2610 4581 2791 4660; x_wconf 81' lang='grc' dir='ltr'>ὁσίως,</span> <span class='ocrx_word' id='word_1_680' title='bbox 2847 4584 2909 4640; x_wconf 75' lang='grc' dir='ltr'>οὗ</span> <span class='ocrx_word' id='word_1_681' title='bbox 2965 4580 3073 4656; x_wconf 81' lang='grc' dir='ltr'>μὴν</span> <span class='ocrx_word' id='word_1_682' title='bbox 3103 4578 3181 4660; x_wconf 74' lang='grc' dir='ltr'>δὲ,</span> <span class='ocrx_word' id='word_1_683' title='bbox 3234 4579 3377 4638; x_wconf 78' lang='grc' dir='ltr'>ἀλλὰ</span> <span class='ocrx_word' id='word_1_684' title='bbox 3404 4584 3496 4640; x_wconf 80' lang='grc' dir='ltr'><strong>καὶ</strong></span> <span class='ocrx_word' id='word_1_685' title='bbox 3528 4583 3655 4646; x_wconf 83' lang='grc' dir='ltr'>τοὺς</span> <span class='ocrx_word' id='word_1_686' title='bbox 3686 4580 3885 4653; x_wconf 80' lang='grc' dir='ltr'>ζῶντας</span> 
     </span>
    </p>
   </div>
   <div class='ocr_carea' id='block_1_94' title="bbox 502 4668 2153 4753">
    <p class='ocr_par' dir='ltr' id='par_1_94' title="bbox 502 4670 2149 4753">
     <span class='ocr_line' id='line_1_94' title="bbox 502 4670 2149 4753; baseline 0.001 -19"><span class='ocrx_word' id='word_1_687' title='bbox 502 4670 874 4753; x_wconf 89' lang='lat' dir='ltr'><strong>ejuscemodi</strong></span> <span class='ocrx_word' id='word_1_688' title='bbox 894 4671 1357 4749; x_wconf 64' lang='lat' dir='ltr'><strong>aemulationem;</strong></span> <span class='ocrx_word' id='word_1_689' title='bbox 1388 4691 1506 4735; x_wconf 91' lang='lat' dir='ltr'><strong>non</strong></span> <span class='ocrx_word' id='word_1_690' title='bbox 1528 4674 1685 4735; x_wconf 89' lang='lat' dir='ltr'><strong>enim</strong></span> <span class='ocrx_word' id='word_1_691' title='bbox 1714 4682 1952 4735; x_wconf 90' lang='lat' dir='ltr'><strong>sanctos</strong></span> <span class='ocrx_word' id='word_1_692' title='bbox 1978 4673 2149 4753; x_wconf 89' lang='lat' dir='ltr'><strong>quasi</strong></span> 
     </span>
    </p>
   </div>
   <div class='ocr_carea' id='block_1_95' title="bbox 2236 4668 3889 4753">
    <p class='ocr_par' dir='ltr' id='par_1_95' title="bbox 2236 4668 3889 4751">
     <span class='ocr_line' id='line_1_95' title="bbox 2236 4668 3889 4751; baseline 0 -25"><span class='ocrx_word' id='word_1_693' title='bbox 2236 4668 2467 4749; x_wconf 77' lang='grc' dir='ltr'>διεγείρει</span> <span class='ocrx_word' id='word_1_694' title='bbox 2496 4672 2569 4736; x_wconf 81' lang='grc' dir='ltr'><strong>εἰς</strong></span> <span class='ocrx_word' id='word_1_695' title='bbox 2600 4672 2692 4727; x_wconf 83' lang='grc' dir='ltr'>τὸν</span> <span class='ocrx_word' id='word_1_696' title='bbox 2732 4691 2824 4728; x_wconf 67' lang='grc' dir='ltr'>το)</span> <span class='ocrx_word' id='word_1_697' title='bbox 2853 4671 3039 4747; x_wconf 86' lang='grc' dir='ltr'>ὁμοίου</span> <span class='ocrx_word' id='word_1_698' title='bbox 3076 4669 3265 4742; x_wconf 67' lang='grc' dir='ltr'>ζῆλον⁶</span> <span class='ocrx_word' id='word_1_699' title='bbox 3312 4669 3429 4731; x_wconf 73' lang='grc' dir='ltr'><strong>οὐδὲ</strong></span> <span class='ocrx_word' id='word_1_700' title='bbox 3488 4674 3598 4751; x_wconf 78' lang='grc' dir='ltr'><strong>γὰρ</strong></span> <span class='ocrx_word' id='word_1_701' title='bbox 3657 4674 3734 4737; x_wconf 79' lang='grc' dir='ltr'><strong>ὡς</strong></span> <span class='ocrx_word' id='word_1_702' title='bbox 3790 4691 3889 4727; x_wconf 81' lang='grc' dir='ltr'>τε-</span> 
     </span>
    </p>
   </div>
   <div class='ocr_carea' id='block_1_96' title="bbox 502 4758 2153 4863">
    <p class='ocr_par' dir='ltr' id='par_1_96' title="bbox 502 4758 2144 4842">
     <span class='ocr_line' id='line_1_96' title="bbox 502 4758 2144 4842; baseline 0.001 -18"><span class='ocrx_word' id='word_1_703' title='bbox 502 4770 767 4824; x_wconf 90' lang='lat' dir='ltr'><strong>mortuos</strong></span> <span class='ocrx_word' id='word_1_704' title='bbox 790 4758 1100 4842; x_wconf 88' lang='lat' dir='ltr'><strong>habemus,</strong></span> <span class='ocrx_word' id='word_1_705' title='bbox 1127 4763 1230 4823; x_wconf 91' lang='lat' dir='ltr'><strong>sed</strong></span> <span class='ocrx_word' id='word_1_706' title='bbox 1257 4770 1320 4823; x_wconf 92' lang='lat' dir='ltr'><strong>ut</strong></span> <span class='ocrx_word' id='word_1_707' title='bbox 1337 4762 1601 4825; x_wconf 84' lang='lat' dir='ltr'><strong>viventes</strong></span> <span class='ocrx_word' id='word_1_708' title='bbox 1630 4762 1809 4825; x_wconf 90' lang='lat' dir='ltr'><strong>vitam</strong></span> <span class='ocrx_word' id='word_1_709' title='bbox 1835 4763 2144 4826; x_wconf 87' lang='lat' dir='ltr'><strong>meliorem</strong></span> 
     </span>
    </p>
   </div>
   <div class='ocr_carea' id='block_1_97' title="bbox 2236 4758 3889 4863">
    <p class='ocr_par' dir='ltr' id='par_1_97' title="bbox 2236 4758 3889 4841">
     <span class='ocr_line' id='line_1_97' title="bbox 2236 4758 3889 4841; baseline -0.001 -24"><span class='ocrx_word' id='word_1_710' title='bbox 2236 4758 2587 4830; x_wconf 78' lang='grc' dir='ltr'>λευτήσαντας</span> <span class='ocrx_word' id='word_1_711' title='bbox 2642 4759 2840 4840; x_wconf 73' lang='grc' dir='ltr'>ἔχομεν</span> <span class='ocrx_word' id='word_1_712' title='bbox 2890 4763 3012 4824; x_wconf 86' lang='grc' dir='ltr'>τοὺς</span> <span class='ocrx_word' id='word_1_713' title='bbox 3082 4761 3289 4841; x_wconf 81' lang='grc' dir='ltr'>ἁγίους,</span> <span class='ocrx_word' id='word_1_714' title='bbox 3360 4758 3484 4818; x_wconf 77' lang='grc' dir='ltr'>ἀλλ’</span> <span class='ocrx_word' id='word_1_715' title='bbox 3560 4764 3637 4827; x_wconf 83' lang='grc' dir='ltr'>ὡς</span> <span class='ocrx_word' id='word_1_716' title='bbox 3688 4765 3889 4832; x_wconf 85' lang='grc' dir='ltr'>ζῶντας</span> 
     </span>
    </p>
   </div>
   <div class='ocr_carea' id='block_1_98' title="bbox 501 4848 2153 4932">
    <p class='ocr_par' dir='ltr' id='par_1_98' title="bbox 501 4851 2147 4932">
     <span class='ocr_line' id='line_1_98' title="bbox 501 4851 2147 4932; baseline 0.001 -18"><span class='ocrx_word' id='word_1_717' title='bbox 501 4859 677 4932; x_wconf 86' lang='lat' dir='ltr'><strong>atque</strong></span> <span class='ocrx_word' id='word_1_718' title='bbox 702 4851 1154 4932; x_wconf 89' lang='lat' dir='ltr'><strong>sempiternam.</strong></span> <span class='ocrx_word' id='word_1_719' title='bbox 1186 4851 1419 4932; x_wconf 86' lang='lat' dir='ltr'><strong>Accipit</strong></span> <span class='ocrx_word' id='word_1_720' title='bbox 1445 4862 1646 4914; x_wconf 90' lang='lat' dir='ltr'><strong>autem</strong></span> <span class='ocrx_word' id='word_1_721' title='bbox 1681 4854 1791 4915; x_wconf 92' lang='lat' dir='ltr'><strong>hoc</strong></span> <span class='ocrx_word' id='word_1_722' title='bbox 1854 4871 1925 4915; x_wconf 84' lang='lat' dir='ltr'><strong>ex</strong></span> <span class='ocrx_word' id='word_1_723' title='bbox 1971 4852 2147 4916; x_wconf 86' lang='lat' dir='ltr'><strong>Salo-</strong></span> 
     </span>
    </p>
   </div>
   <div class='ocr_carea' id='block_1_99' title="bbox 2236 4848 3891 4932">
    <p class='ocr_par' dir='ltr' id='par_1_99' title="bbox 2236 4848 3891 4930">
     <span class='ocr_line' id='line_1_99' title="bbox 2236 4848 3891 4930; baseline -0.002 -22"><span class='ocrx_word' id='word_1_724' title='bbox 2236 4851 2505 4930; x_wconf 83' lang='grc' dir='ltr'>κρείττονα</span> <span class='ocrx_word' id='word_1_725' title='bbox 2560 4851 2704 4922; x_wconf 80' lang='grc' dir='ltr'>ζωὴν</span> <span class='ocrx_word' id='word_1_726' title='bbox 2761 4852 2848 4909; x_wconf 88' lang='grc' dir='ltr'><strong>καὶ</strong></span> <span class='ocrx_word' id='word_1_727' title='bbox 2904 4849 3100 4911; x_wconf 75' lang='grc' dir='ltr'>ἀΐδιον.</span> <span class='ocrx_word' id='word_1_728' title='bbox 3162 4848 3435 4927; x_wconf 79' lang='grc' dir='ltr'>Δαμϐάνει</span> <span class='ocrx_word' id='word_1_729' title='bbox 3497 4850 3559 4908; x_wconf 76' lang='grc' dir='ltr'><strong>δὲ</strong></span> <span class='ocrx_word' id='word_1_730' title='bbox 3615 4859 3776 4910; x_wconf 77' lang='grc' dir='ltr'>τοῦτο</span> <span class='ocrx_word' id='word_1_731' title='bbox 3832 4849 3891 4905; x_wconf 68' lang='grc' dir='ltr'><strong>ἐκ</strong></span> 
     </span>
    </p>
   </div>
   <div class='ocr_carea' id='block_1_100' title="bbox 500 4938 2153 5024">
    <p class='ocr_par' dir='ltr' id='par_1_100' title="bbox 500 4938 2151 5024">
     <span class='ocr_line' id='line_1_100' title="bbox 500 4938 2151 5024; baseline 0.001 -19"><span class='ocrx_word' id='word_1_732' title='bbox 500 4959 681 5005; x_wconf 86' lang='lat' dir='ltr'><strong>mone</strong></span> <span class='ocrx_word' id='word_1_733' title='bbox 702 4941 974 5005; x_wconf 88' lang='lat' dir='ltr'><strong>dicente:</strong></span> <span class='ocrx_word' id='word_1_734' title='bbox 1014 4938 1180 5003; x_wconf 74' lang='lat' dir='ltr'><strong>Iusti</strong></span> <span class='ocrx_word' id='word_1_735' title='bbox 1219 4943 1288 5003; x_wconf 85' lang='lat' dir='ltr'><strong>in</strong></span> <span class='ocrx_word' id='word_1_736' title='bbox 1333 4949 1686 5021; x_wconf 82' lang='lat' dir='ltr'><strong>perpetuum</strong></span> <span class='ocrx_word' id='word_1_737' title='bbox 1729 4943 2016 5024; x_wconf 76' lang='lat' dir='ltr'><strong>vivunt&#39;;</strong></span> <span class='ocrx_word' id='word_1_738' title='bbox 2080 4962 2151 5006; x_wconf 79' lang='lat' dir='ltr'><strong>ex</strong></span> 
     </span>
    </p>
   </div>
   <div class='ocr_carea' id='block_1_101' title="bbox 2236 4938 3889 5024">
    <p class='ocr_par' dir='ltr' id='par_1_101' title="bbox 2236 4939 3889 5018">
     <span class='ocr_line' id='line_1_101' title="bbox 2236 4939 3889 5018; baseline -0.001 -21"><span class='ocrx_word' id='word_1_739' title='bbox 2236 4939 2604 5017; x_wconf 81' lang='grc' dir='ltr'>Σολομῶντος·</span> <span class='ocrx_word' id='word_1_740' title='bbox 2662 4948 2891 5018; x_wconf 86' lang='grc' dir='ltr'>Δικαιοι,</span> <span class='ocrx_word' id='word_1_741' title='bbox 2951 4939 3224 5018; x_wconf 79' lang='grc' dir='ltr'>λέγοντος,</span> <span class='ocrx_word' id='word_1_742' title='bbox 3287 4941 3362 5006; x_wconf 82' lang='grc' dir='ltr'>εἷς</span> <span class='ocrx_word' id='word_1_743' title='bbox 3389 4940 3484 4997; x_wconf 74' lang='grc' dir='ltr'><strong>τὸν</strong></span> <span class='ocrx_word' id='word_1_744' title='bbox 3526 4942 3699 4998; x_wconf 75' lang='grc' dir='ltr'>αἰῶνα</span> <span class='ocrx_word' id='word_1_745' title='bbox 3737 4945 3889 5017; x_wconf 80' lang='grc' dir='ltr'>ζῶσι,</span> 
     </span>
    </p>
   </div>
   <div class='ocr_carea' id='block_1_102' title="bbox 499 5028 2153 5110">
    <p class='ocr_par' dir='ltr' id='par_1_102' title="bbox 499 5029 2150 5110">
     <span class='ocr_line' id='line_1_102' title="bbox 499 5029 2150 5110; baseline 0.002 -18"><span class='ocrx_word' id='word_1_746' title='bbox 499 5029 687 5092; x_wconf 89' lang='lat' dir='ltr'><strong>sacris</strong></span> <span class='ocrx_word' id='word_1_747' title='bbox 734 5029 1107 5110; x_wconf 86' lang='lat' dir='ltr'><strong>Evangeliis:</strong></span> <span class='ocrx_word' id='word_1_748' title='bbox 1145 5032 1267 5107; x_wconf 79' lang='lat' dir='ltr'><strong>Qui</strong></span> <span class='ocrx_word' id='word_1_749' title='bbox 1318 5032 1515 5095; x_wconf 77' lang='lat' dir='ltr'><strong>credit</strong></span> <span class='ocrx_word' id='word_1_750' title='bbox 1562 5032 1637 5094; x_wconf 83' lang='lat' dir='ltr'><strong>in</strong></span> <span class='ocrx_word' id='word_1_751' title='bbox 1693 5050 1809 5110; x_wconf 86' lang='lat' dir='ltr'><strong>me,</strong></span> <span class='ocrx_word' id='word_1_752' title='bbox 1864 5034 2048 5097; x_wconf 77' lang='lat' dir='ltr'><strong>etiam</strong></span> <span class='ocrx_word' id='word_1_753' title='bbox 2092 5036 2150 5096; x_wconf 82' lang='lat' dir='ltr'><strong>si</strong></span> 
     </span>
    </p>
   </div>
   <div class='ocr_carea' id='block_1_103' title="bbox 2236 5028 3890 5110">
    <p class='ocr_par' dir='ltr' id='par_1_103' title="bbox 2236 5028 3890 5110">
     <span class='ocr_line' id='line_1_103' title="bbox 2236 5028 3890 5110; baseline -0.004 -20"><span class='ocrx_word' id='word_1_754' title='bbox 2236 5033 2318 5090; x_wconf 80' lang='grc' dir='ltr'><strong>καὶ</strong></span> <span class='ocrx_word' id='word_1_755' title='bbox 2367 5032 2475 5088; x_wconf 80' lang='grc' dir='ltr'><strong>ἀπὸ</strong></span> <span class='ocrx_word' id='word_1_756' title='bbox 2542 5035 2650 5089; x_wconf 82' lang='grc' dir='ltr'><strong>τῶν</strong></span> <span class='ocrx_word' id='word_1_757' title='bbox 2718 5030 2871 5110; x_wconf 79' lang='grc' dir='ltr'>ἱερῶν</span> <span class='ocrx_word' id='word_1_758' title='bbox 2943 5028 3301 5109; x_wconf 64' lang='grc' dir='ltr'>Εὔαγγελίωνο</span> <span class='ocrx_word' id='word_1_759' title='bbox 3365 5029 3427 5088; x_wconf 85' lang='grc' dir='ltr'>Ὀ</span> <span class='ocrx_word' id='word_1_760' title='bbox 3483 5030 3762 5089; x_wconf 81' lang='grc' dir='ltr'>πιστεύων</span> <span class='ocrx_word' id='word_1_761' title='bbox 3818 5028 3890 5093; x_wconf 81' lang='grc' dir='ltr'>εἰς</span> 
     </span>
    </p>
   </div>
   <div class='ocr_carea' id='block_1_104' title="bbox 497 5119 2153 5205">
    <p class='ocr_par' dir='ltr' id='par_1_104' title="bbox 497 5120 2150 5205">
     <span class='ocr_line' id='line_1_104' title="bbox 497 5120 2150 5205; baseline 0.002 -22"><span class='ocrx_word' id='word_1_762' title='bbox 497 5126 773 5183; x_wconf 84' lang='lat' dir='ltr'><strong>mortuus</strong></span> <span class='ocrx_word' id='word_1_763' title='bbox 823 5120 1038 5200; x_wconf 84' lang='lat' dir='ltr'><strong>fuerit,</strong></span> <span class='ocrx_word' id='word_1_764' title='bbox 1093 5121 1254 5184; x_wconf 83' lang='lat' dir='ltr'><strong>vivet</strong></span> <span class='ocrx_word' id='word_1_765' title='bbox 1276 5128 1317 5180; x_wconf 84' lang='grc'>⁸.</span> <span class='ocrx_word' id='word_1_766' title='bbox 1376 5122 1510 5185; x_wconf 90' lang='lat' dir='ltr'><strong>Non</strong></span> <span class='ocrx_word' id='word_1_767' title='bbox 1566 5122 1761 5184; x_wconf 88' lang='lat' dir='ltr'><strong>solum</strong></span> <span class='ocrx_word' id='word_1_768' title='bbox 1807 5123 2008 5205; x_wconf 85' lang='lat' dir='ltr'><strong>itaque</strong></span> <span class='ocrx_word' id='word_1_769' title='bbox 2039 5142 2150 5187; x_wconf 87' lang='lat' dir='ltr'><strong>nos</strong></span> 
     </span>
    </p>
   </div>
   <div class='ocr_carea' id='block_1_105' title="bbox 2236 5119 3890 5205">
    <p class='ocr_par' dir='ltr' id='par_1_105' title="bbox 2236 5119 3890 5198">
     <span class='ocr_line' id='line_1_105' title="bbox 2236 5119 3890 5198; baseline -0.003 -20"><span class='ocrx_word' id='word_1_770' title='bbox 2236 5120 2351 5198; x_wconf 76' lang='grc' dir='ltr'>ἐμὲ,</span> <span class='ocrx_word' id='word_1_771' title='bbox 2412 5121 2509 5179; x_wconf 63' lang='grc' dir='ltr'>κᾶν</span> <span class='ocrx_word' id='word_1_772' title='bbox 2558 5120 2821 5197; x_wconf 75' lang='grc' dir='ltr'>ἀποθάνῃ,</span> <span class='ocrx_word' id='word_1_773' title='bbox 2882 5119 3124 5191; x_wconf 73' lang='grc' dir='ltr'>ζήσεται,</span> <span class='ocrx_word' id='word_1_774' title='bbox 3185 5119 3276 5187; x_wconf 76' lang='grc' dir='ltr'><strong>Μὴ</strong></span> <span class='ocrx_word' id='word_1_775' title='bbox 3333 5119 3500 5195; x_wconf 86' lang='grc' dir='ltr'>μόνον</span> <span class='ocrx_word' id='word_1_776' title='bbox 3568 5126 3700 5198; x_wconf 82' lang='grc' dir='ltr'>γοῦν</span> <span class='ocrx_word' id='word_1_777' title='bbox 3730 5120 3890 5195; x_wconf 72' lang='grc' dir='ltr'>ἡμεῖς</span> 
     </span>
    </p>
   </div>
   <div class='ocr_carea' id='block_1_106' title="bbox 497 5207 2153 5288">
    <p class='ocr_par' dir='ltr' id='par_1_106' title="bbox 497 5208 2148 5286">
     <span class='ocr_line' id='line_1_106' title="bbox 497 5208 2148 5286; baseline 0.002 -13"><span class='ocrx_word' id='word_1_778' title='bbox 497 5217 837 5273; x_wconf 86' lang='lat' dir='ltr'><strong>sanctorum</strong></span> <span class='ocrx_word' id='word_1_779' title='bbox 869 5208 1232 5272; x_wconf 90' lang='lat' dir='ltr'><strong>mentionem</strong></span> <span class='ocrx_word' id='word_1_780' title='bbox 1284 5209 1557 5286; x_wconf 87' lang='lat' dir='ltr'><strong>facimus,</strong></span> <span class='ocrx_word' id='word_1_781' title='bbox 1590 5229 1796 5275; x_wconf 90' lang='lat' dir='ltr'><strong>verum</strong></span> <span class='ocrx_word' id='word_1_782' title='bbox 1831 5212 2008 5275; x_wconf 87' lang='lat' dir='ltr'><strong>etiam</strong></span> <span class='ocrx_word' id='word_1_783' title='bbox 2039 5214 2148 5276; x_wconf 88' lang='lat' dir='ltr'><strong>hos</strong></span> 
     </span>
    </p>
   </div>
   <div class='ocr_carea' id='block_1_107' title="bbox 2236 5207 3890 5288">
    <p class='ocr_par' dir='ltr' id='par_1_107' title="bbox 2236 5207 3890 5288">
     <span class='ocr_line' id='line_1_107' title="bbox 2236 5207 3890 5288; baseline -0.001 -19"><span class='ocrx_word' id='word_1_784' title='bbox 2236 5218 2337 5271; x_wconf 61' lang='lat' dir='ltr'><strong>saw</strong></span> <span class='ocrx_word' id='word_1_785' title='bbox 2368 5212 2524 5271; x_wconf 86' lang='grc' dir='ltr'>ὁσίων</span> <span class='ocrx_word' id='word_1_786' title='bbox 2559 5210 2988 5288; x_wconf 83' lang='grc' dir='ltr'>μνημονεύομεν,</span> <span class='ocrx_word' id='word_1_787' title='bbox 3046 5207 3185 5266; x_wconf 74' lang='grc' dir='ltr'>ἀλλὰ</span> <span class='ocrx_word' id='word_1_788' title='bbox 3237 5208 3325 5266; x_wconf 82' lang='grc' dir='ltr'><strong>καὶ</strong></span> <span class='ocrx_word' id='word_1_789' title='bbox 3355 5209 3421 5279; x_wconf 76' lang='grc' dir='ltr'><strong>τῇ</strong></span> <span class='ocrx_word' id='word_1_790' title='bbox 3450 5214 3550 5267; x_wconf 79' lang='grc' dir='ltr'><strong>τοῦ</strong></span> <span class='ocrx_word' id='word_1_791' title='bbox 3583 5215 3722 5268; x_wconf 82' lang='grc' dir='ltr'>Θεοῦ</span> <span class='ocrx_word' id='word_1_792' title='bbox 3748 5229 3890 5286; x_wconf 77' lang='grc' dir='ltr'>μνηο</span> 
     </span>
    </p>
   </div>
   <div class='ocr_carea' id='block_1_108' title="bbox 495 5297 2153 5386">
    <p class='ocr_par' dir='ltr' id='par_1_108' title="bbox 495 5297 2148 5386">
     <span class='ocr_line' id='line_1_108' title="bbox 495 5297 2148 5386; baseline 0.001 -21"><span class='ocrx_word' id='word_1_793' title='bbox 495 5299 715 5365; x_wconf 61' lang='lat' dir='ltr'><strong>divine</strong></span> <span class='ocrx_word' id='word_1_794' title='bbox 743 5298 1050 5362; x_wconf 65' lang='lat' dir='ltr'><strong>memoria;</strong></span> <span class='ocrx_word' id='word_1_795' title='bbox 1094 5297 1471 5364; x_wconf 83' lang='lat' dir='ltr'><strong>exhibemus.</strong></span> <span class='ocrx_word' id='word_1_796' title='bbox 1530 5303 1673 5365; x_wconf 91' lang='lat' dir='ltr'><strong>Post</strong></span> <span class='ocrx_word' id='word_1_797' title='bbox 1721 5302 1848 5365; x_wconf 67' lang='lat' dir='ltr'><strong>haec</strong></span> <span class='ocrx_word' id='word_1_798' title='bbox 1906 5322 2148 5386; x_wconf 88' lang='lat' dir='ltr'><strong>quoque</strong></span> 
     </span>
    </p>
   </div>
   <div class='ocr_carea' id='block_1_109' title="bbox 2236 5297 3889 5386">
    <p class='ocr_par' dir='ltr' id='par_1_109' title="bbox 2236 5298 3889 5381">
     <span class='ocr_line' id='line_1_109' title="bbox 2236 5298 3889 5381; baseline -0.003 -21"><span class='ocrx_word' id='word_1_799' title='bbox 2236 5301 2434 5381; x_wconf 76' lang='grc' dir='ltr'>μοσύνῃ</span> <span class='ocrx_word' id='word_1_800' title='bbox 2465 5302 2683 5367; x_wconf 88' lang='grc' dir='ltr'>τούτους</span> <span class='ocrx_word' id='word_1_801' title='bbox 2713 5300 3042 5369; x_wconf 76' lang='grc' dir='ltr'>ἂνατίθεμεν.</span> <span class='ocrx_word' id='word_1_802' title='bbox 3103 5299 3252 5356; x_wconf 78' lang='grc' dir='ltr'>Μετὰ</span> <span class='ocrx_word' id='word_1_803' title='bbox 3302 5304 3492 5380; x_wconf 81' lang='grc' dir='ltr'>ταῦτα,</span> <span class='ocrx_word' id='word_1_804' title='bbox 3556 5302 3655 5357; x_wconf 79' lang='grc' dir='ltr'>καὶ</span> <span class='ocrx_word' id='word_1_805' title='bbox 3709 5301 3826 5364; x_wconf 80' lang='grc' dir='ltr'><strong>πῶς</strong></span> <span class='ocrx_word' id='word_1_806' title='bbox 3854 5298 3889 5368; x_wconf 73' lang='grc' dir='ltr'>ἦ</span> 
     </span>
    </p>
   </div>
   <div class='ocr_carea' id='block_1_110' title="bbox 493 5386 2153 5476">
    <p class='ocr_par' dir='ltr' id='par_1_110' title="bbox 493 5387 2145 5476">
     <span class='ocr_line' id='line_1_110' title="bbox 493 5387 2145 5476; baseline 0.001 -21"><span class='ocrx_word' id='word_1_807' title='bbox 493 5389 643 5455; x_wconf 86' lang='lat' dir='ltr'><strong>dicit</strong></span> <span class='ocrx_word' id='word_1_808' title='bbox 668 5388 970 5473; x_wconf 87' lang='lat' dir='ltr'><strong>quomodo</strong></span> <span class='ocrx_word' id='word_1_809' title='bbox 999 5387 1200 5452; x_wconf 88' lang='lat' dir='ltr'><strong>divina</strong></span> <span class='ocrx_word' id='word_1_810' title='bbox 1258 5390 1361 5454; x_wconf 88' lang='lat' dir='ltr'><strong>ﬁat</strong></span> <span class='ocrx_word' id='word_1_811' title='bbox 1416 5395 1949 5458; x_wconf 87' lang='lat' dir='ltr'><strong>commemoratio:</strong></span> <span class='ocrx_word' id='word_1_812' title='bbox 1984 5394 2145 5476; x_wconf 90' lang='lat' dir='ltr'><strong>quod</strong></span> 
     </span>
    </p>
   </div>
   <div class='ocr_carea' id='block_1_111' title="bbox 2236 5386 3894 5476">
    <p class='ocr_par' dir='ltr' id='par_1_111' title="bbox 2236 5386 3894 5476">
     <span class='ocr_line' id='line_1_111' title="bbox 2236 5386 3894 5476; baseline -0.004 -25"><span class='ocrx_word' id='word_1_813' title='bbox 2236 5394 2338 5452; x_wconf 74' lang='grc' dir='ltr'>θεία</span> <span class='ocrx_word' id='word_1_814' title='bbox 2369 5395 2560 5471; x_wconf 77' lang='grc' dir='ltr'>μνήμη</span> <span class='ocrx_word' id='word_1_815' title='bbox 2613 5393 2838 5473; x_wconf 84' lang='grc' dir='ltr'>γίνεται,</span> <span class='ocrx_word' id='word_1_816' title='bbox 2870 5388 3041 5469; x_wconf 82' lang='grc' dir='ltr'>λέγει·</span> <span class='ocrx_word' id='word_1_817' title='bbox 3079 5392 3143 5446; x_wconf 83' lang='grc' dir='ltr'><strong>τὸ</strong></span> <span class='ocrx_word' id='word_1_818' title='bbox 3178 5389 3278 5467; x_wconf 78' lang='grc' dir='ltr'><strong>γὰρ</strong></span> <span class='ocrx_word' id='word_1_819' title='bbox 3306 5386 3611 5467; x_wconf 80' lang='grc' dir='ltr'>λεγόμενον</span> <span class='ocrx_word' id='word_1_820' title='bbox 3644 5388 3704 5446; x_wconf 69' lang='grc' dir='ltr'><strong>εν</strong></span> <span class='ocrx_word' id='word_1_821' title='bbox 3765 5408 3894 5476; x_wconf 55' lang='grc' dir='ltr'>προέ</span> 
     </span>
    </p>
   </div>
   <div class='ocr_carea' id='block_1_112' title="bbox 493 5473 2153 5564">
    <p class='ocr_par' dir='ltr' id='par_1_112' title="bbox 493 5473 2141 5563">
     <span class='ocr_line' id='line_1_112' title="bbox 493 5473 2141 5563; baseline 0.002 -18"><span class='ocrx_word' id='word_1_822' title='bbox 493 5481 655 5545; x_wconf 91' lang='lat' dir='ltr'><strong>enim</strong></span> <span class='ocrx_word' id='word_1_823' title='bbox 683 5481 744 5544; x_wconf 91' lang='lat' dir='ltr'><strong>in</strong></span> <span class='ocrx_word' id='word_1_824' title='bbox 774 5480 1084 5563; x_wconf 88' lang='lat' dir='ltr'><strong>prophetis</strong></span> <span class='ocrx_word' id='word_1_825' title='bbox 1107 5479 1325 5545; x_wconf 88' lang='lat' dir='ltr'><strong>dicitur</strong></span> <span class='ocrx_word' id='word_1_826' title='bbox 1350 5501 1365 5547; x_wconf 91' lang='lat'><strong>:</strong></span> <span class='ocrx_word' id='word_1_827' title='bbox 1420 5481 1766 5547; x_wconf 78' lang='lat' dir='ltr'><strong>Meminisse</strong></span> <span class='ocrx_word' id='word_1_828' title='bbox 1785 5473 2141 5548; x_wconf 43' lang='lat' dir='ltr'><strong>coram&#39;Do-</strong></span> 
     </span>
    </p>
   </div>
   <div class='ocr_carea' id='block_1_113' title="bbox 2236 5473 3890 5564">
    <p class='ocr_par' dir='ltr' id='par_1_113' title="bbox 2236 5473 3890 5564">
     <span class='ocr_line' id='line_1_113' title="bbox 2236 5473 3890 5564; baseline -0.005 -22"><span class='ocrx_word' id='word_1_829' title='bbox 2236 5485 2446 5564; x_wconf 64' lang='grc' dir='ltr'>ρήταις,</span> <span class='ocrx_word' id='word_1_830' title='bbox 2504 5480 2839 5560; x_wconf 80' lang='grc' dir='ltr'>Ἀναμνῆσαι</span> <span class='ocrx_word' id='word_1_831' title='bbox 2895 5478 3124 5539; x_wconf 69' lang='grc' dir='ltr'>ὁνώπιον</span> <span class='ocrx_word' id='word_1_832' title='bbox 3186 5479 3397 5561; x_wconf 83' lang='grc' dir='ltr'>Κυρίου,</span> <span class='ocrx_word' id='word_1_833' title='bbox 3464 5482 3577 5562; x_wconf 77' lang='grc' dir='ltr'>οὐχ</span> <span class='ocrx_word' id='word_1_834' title='bbox 3636 5477 3809 5546; x_wconf 70' lang='grc' dir='ltr'>οὕτως</span> <span class='ocrx_word' id='word_1_835' title='bbox 3836 5473 3890 5533; x_wconf 68' lang='grc' dir='ltr'><strong>δὲ</strong></span> 
     </span>
    </p>
   </div>
   <div class='ocr_carea' id='block_1_114' title="bbox 569 5671 1568 5759">
    <p class='ocr_par' dir='ltr' id='par_1_114' title="bbox 569 5671 1568 5759">
     <span class='ocr_line' id='line_1_114' title="bbox 569 5671 1568 5759; baseline 0.004 -22"><span class='ocrx_word' id='word_1_836' title='bbox 569 5680 589 5709; x_wconf 70' lang='grc' dir='ltr'><em>τ</em></span> <span class='ocrx_word' id='word_1_837' title='bbox 618 5673 764 5759; x_wconf 90' lang='lat' dir='ltr'><strong>Sap.</strong></span> <span class='ocrx_word' id='word_1_838' title='bbox 810 5692 871 5755; x_wconf 90' lang='lat' dir='ltr'><strong>v,</strong></span> <span class='ocrx_word' id='word_1_839' title='bbox 912 5673 1013 5740; x_wconf 84' lang='grc'><strong>16.</strong></span> <span class='ocrx_word' id='word_1_840' title='bbox 1098 5689 1119 5721; x_wconf 72' lang='grc'><strong>³</strong></span> <span class='ocrx_word' id='word_1_841' title='bbox 1147 5671 1321 5739; x_wconf 80' lang='lat' dir='ltr'><strong>Joan.</strong></span> <span class='ocrx_word' id='word_1_842' title='bbox 1358 5689 1439 5753; x_wconf 74' lang='grc' dir='ltr'>ιι,</span> <span class='ocrx_word' id='word_1_843' title='bbox 1467 5672 1568 5740; x_wconf 78' lang='lat'><strong>25.</strong></span> 
     </span>
    </p>
   </div>
  </div>
