4150 6158
308 417 428 484 465
779 420 879 483 DE
921 418 1221 482 ECCLES.
1271 417 1722 495 HIERARCH.,
1767 415 1932 478 CAP.

2045 415 2092 476 l.
2142 447 2217 458 —
2263 413 2652 477 PARAPHR.
2706 411 3221 479 PACHYMERE.
3590 410 3708 482 466

309 571 478 632 νοεῖν,
513 559 586 622 ὡς
635 562 734 624 τῆς
767 579 988 632 μνημης
1044 556 1138 615 τοῦ
1191 564 1323 614 Θεοῦ
1354 556 1742 632 ἀνανεουμὲνης
1773 559 1828 611 εν
1883 558 1950 629 τῇ

2045 550 2224 627 mino,
2262 567 2378 612 non
2412 550 2492 613 ita
2518 548 2998 628 intelligendum,
3035 550 3210 628 quasi
3241 551 3352 616 Dei
3411 552 3700 616 memoria

311 649 570 728 φαντασίᾳ
621 654 712 705 τοῦ
763 645 1099 724 ἅγεμονικοῦ,
1136 644 1264 724 ὅπερ
1309 647 1392 704 ἐπὶ
1431 654 1537 704 τῶν
1578 647 1729 724 σαρκὶ
1784 665 1954 716 προσ-

2045 639 2429 702 renoveturin
2449 641 3381 723 phantasiaamemorativa,quod
3395 641 3695 706 mentibus

310 737 604 812 δεδεμένων
675 743 891 815 νοερῶν,
965 736 1109 795 τοῦτ’
1192 736 1333 794 ἔστιν
1406 737 1582 817 ἡμῶν,
1656 733 1952 810 συμϐαίνεϋ

2045 730 2209 792 carni
2246 730 2517 809 alligatis,
2551 729 2609 790 id
2644 737 2733 792 est
2779 728 2975 810 nobis,
3011 749 3120 792 usu
3163 733 3363 810 venit;
3397 733 3503 795 sed
3533 731 3692 814 quod

310 826 447 884 ἀλλὰ
478 829 668 903 μνήμη
716 834 846 886 Θεοῦ
901 826 1113 906 λέγοιτο
1158 825 1221 883 ἂν
1279 829 1497 890 εἰκότως
1541 828 1575 896 ἡ
1610 831 1803 902 γνῶσις
1862 821 1956 880 τοῦ

2045 821 2330 882 memoria
2347 819 2454 881 Dei
2476 827 2640 882 recte
2657 818 2889 883 dicatur
2911 820 3017 882 Dei
3033 821 3301 896 scientia,
3329 840 3443 903 qua
3463 841 3689 902 cogno-

2039 911 2156 972 scit
2171 929 2272 972 eos
2293 909 2394 990 qui
2411 909 2656 990 perfecti
2673 918 2833 984 sunt,
2861 910 3182 973 deiformes
3211 911 3349 974 inse
3369 912 3554 975 factos
3584 930 3693 994 per

2038 999 2209 1062 vitam
2241 999 2556 1062 virtutibus
2608 999 2924 1082 illustrem,
2959 1001 3289 1082 dignosque
3341 1001 3595 1080 habitos,
3627 1009 3692 1066 ut

2039 1089 2322 1170 perennis
2371 1107 2577 1153 eorum
2622 1091 2914 1152 memoria
2965 1109 3072 1153 seu
3116 1091 3322 1154 notitia
3374 1083 3687 1168 habeatur,

2037 1178 2538 1259 quemadmodum
2583 1179 2782 1241 divina
2813 1200 3050 1261 quoque
3081 1181 3324 1244 oracula
3357 1190 3642 1246 testantur
3669 1203 3686 1247 :

2035 1269 2316 1332 Pretiosa
2347 1272 2416 1332 in
2444 1278 2764 1350 conspectu
2798 1270 3043 1333 Domini
3075 1289 3242 1335 mors
3271 1279 3627 1336 sanctorum
3646 1285 3686 1355 ι,

307 1366 336 1422 ὃ
367 1364 552 1429 ἅπλῶς
597 1365 816 1432 θένατος
875 1369 961 1423 καὶ
1016 1364 1266 1437 διάζευξις
1307 1371 1491 1446 ψυχῆς
1525 1366 1630 1422 ἀπὸ
1674 1365 1948 1443 σώματος,

2045 1377 2152 1421 non
2184 1361 2244 1420 in
2278 1367 2566 1440 quantum
2619 1359 2975 1441 simpliciter
3007 1380 3169 1423 mors
3219 1370 3330 1437 est,
3366 1369 3425 1422 et
3475 1363 3691 1425 anima)

308 1454 447 1512 ἀλλᾶ
505 1455 684 1512 καθότι
713 1457 758 1512 οἱ
814 1459 950 1513 θεῖοι
981 1455 1162 1533 ἄνδρες
1218 1454 1540 1514 τελειοῦνται
1584 1455 1637 1512 ἐν
1683 1453 1944 1522 ὁσιότητι·

2045 1466 2362 1530 acorpore
2426 1449 2744 1529 separatio,
2801 1450 2906 1512 sed
2975 1459 3264 1531 quatenus
3324 1450 3509 1514 divini
3577 1450 3689 1512 viri

310 1546 493 1624 ὥσπερ
537 1545 761 1624 λέγομεν
793 1548 882 1602 καὶ
938 1546 1114 1618 τιμίαν
1157 1544 1361 1621 ἅλυσιν,
1396 1547 1456 1604 οὔ
1504 1544 1620 1604 καθ’
1677 1546 1839 1614 αὐτὴν
1887 1546 1948 1603 τὸ

2045 1538 2096 1600 in
2109 1545 2419 1602 sanctitate
2433 1548 2939 1618 consummantur;
2966 1540 3310 1604 sicutetiam
3327 1541 3684 1604 vinctionem

307 1636 487 1710 τίμιον
542 1635 792 1716 ἔχουσαν,
828 1635 964 1692 ἀλλὰ
995 1634 1127 1692 διότι
1173 1635 1449 1714 περιετέθη
1480 1635 1610 1715 ὑπὲρ
1641 1636 1801 1703 αὐτῆς
1858 1635 1954 1702 τῆς

2045 1629 2358 1708 pretiosam
2392 1629 2669 1706 dicimus,
2706 1649 2824 1693 non
2861 1630 3017 1712 quod
3052 1648 3158 1711 per
3202 1650 3267 1694 se
3296 1631 3556 1712 pretiosa
3583 1630 3681 1711 sit,

311 1724 576 1789 εὒσεϐείας
626 1732 702 1782 τῶ
745 1726 1057 1803 κηρύττοντι
1112 1725 1212 1792 τὴν
1270 1723 1558 1787 εὐσέϐειαν,
1623 1725 1855 1783 Κάκεϊνο
1902 1724 1957 1781 δὲ

2045 1719 2145 1781 sed
2185 1719 2340 1798 quod
2375 1735 2480 1797 pro
2533 1720 2826 1799 religione
2881 1720 3174 1801 applicata
3201 1721 3278 1782 sit
3331 1721 3683 1800 religionem

308 1817 373 1874 τὸ
416 1821 520 1884 τῆς
576 1816 710 1894 πρὸς
765 1817 856 1874 τὸν
917 1815 1143 1894 Χριστὸν
1212 1815 1451 1880 ἑνώσεως
1507 1813 1796 1894 ἀδιαίρετον
1853 1817 1959 1872 τῶν

2045 1807 2411 1888 praedicanti.
2456 1807 2609 1882 Quin
2641 1817 2701 1871 et
2728 1809 2842 1871 hoc
2903 1828 3137 1891 quoque
3164 1819 3501 1876 sanctorum
3550 1826 3685 1873 cum

309 1907 476 1984 ἁγίων
544 1906 880 1978 παρίστησιν,
919 1903 1000 1960 ὅτι
1043 1911 1148 1962 τῶν
1193 1904 1381 1979 τιμίων
1443 1901 1649 1982 δωρεῶν
1693 1903 1955 1960 ἐπιτεθει-

2045 1897 2273 1960 Christo
2302 1897 2584 1961 unionem
2625 1900 2940 1982 signiﬁcat,
2976 1900 3135 1982 quod
3165 1901 3448 1982 appositis
3477 1917 3688 1963 mune-

311 1997 445 2071 σῶν,
478 1993 804 2060 ἂδιαστάτως
857 1996 891 2063 ἡ
923 2000 1027 2051 τῶν
1060 1995 1336 2070 ὀνομάτων
1365 1991 1678 2073 ἆνακήρυξις
1732 1993 1953 2072 γίνεται.

2045 1987 2206 2050 ribus
2223 1987 2499 2068 pretiosis
2518 1989 2791 2069 protinus
2813 2008 3050 2071 quoque
3066 1990 3307 2053 nomina
3333 1991 3683 2054 recitentur.

395 2089 424 2163 Ξ
460 2093 528 2145 Χ.
588 2085 800 2143 Τούτων
849 2085 937 2142 οὖν
978 2085 1300 2163 γεγονότων.
1339 2085 1575 2141 νίπτεται
1606 2084 1701 2147 τὰς
1761 2095 1955 2163 χεῖρας

2117 2078 2241 2159 §X.
2273 2078 2377 2140 His
2407 2077 2605 2158 itaque
2639 2080 2912 2158 paractis,
2941 2088 3138 2142 astans
3168 2099 3368 2143 coram
3398 2079 3687 2162 symbolis

311 2179 340 2234 ὃ
382 2176 638 2255 ἱεράρχης
673 2174 964 2253 ἔμπροσθεν
1004 2173 1112 2230 τῶν
1138 2176 1292 2252 ἱερῶν
1322 2170 1601 2248 συμϐόλων
1653 2173 1842 2245 ἑστὼς,
1868 2174 1955 2229 καὶ

2045 2168 2348 2230 hierarcha
2367 2186 2578 2230 manus
2598 2168 2808 2250 abluit,
2834 2177 3024 2232 etuna
3050 2187 3186 2233 cum
3201 2170 3331 2250 ipso
3348 2189 3560 2233 omnes
3581 2187 3685 2233 sa-

309 2266 429 2342 μετ’
494 2270 650 2324 αὐτοῦ
707 2264 936 2326 ἅπαντες
970 2267 1016 2320 οἱ
1068 2263 1253 2342 ἱερεῖς.
1290 2263 1354 2320 Ἠ
1399 2262 1454 2318 δὲ
1501 2267 1601 2330 τῆς
1660 2261 1950 2328 συντάξεως

2045 2258 2542 2321 cerdotes.Lectio
2557 2259 3023 2322 constructionis
3035 2259 3212 2340 hujus
3237 2259 3558 2342 hyperbato
3581 2277 3688 2322 seu

307 2357 606 2434 ἀνάγνωσις
651 2353 766 2411 καθ’
809 2351 1100 2430 ὑπερϐατόν
1158 2353 1320 2428 ἐστιν,
1355 2353 1434 2409 ὅτι
1485 2354 1583 2428 μὲν
1639 2352 1725 2410 οὖν
1785 2355 1813 2409 ὁ
1855 2351 1952 2408 λε-

2045 2349 2510 2426 transgressione
2568 2356 2818 2423 constat,
2852 2349 3009 2430 quod
3067 2349 3350 2411 nimirum
3381 2351 3483 2431 qui
3534 2350 3688 2412 lotus

304 2445 566 2521 λουμέθος
610 2448 670 2503 οὗ
720 2442 910 2523 χρῇζει
969 2443 1344 2500 ἀπονίπτεσθαι
1402 2442 1554 2521 ἓτερα
1598 2442 1756 2520 μέρη,
1788 2443 1830 2498 εἰ
1874 2444 1952 2517 μὴ

2045 2447 2152 2513 est,
2188 2456 2307 2498 non
2364 2455 2512 2517 opus
2561 2437 2778 2499 habeat
2820 2439 3068 2500 aliorum
3128 2440 3534 2501 membrorum
3593 2439 3688 2501 lo-

305 2538 376 2594 τὰ
425 2535 560 2612 ἄκρα
591 2536 677 2592 καὶ
709 2536 775 2590 τὰ
823 2533 1052 2613 ἔσχατα·
1090 2533 1180 2613 ἀφ’
1219 2535 1288 2600 ἧς
1317 2532 1383 2600 δη
1433 2533 1735 2608 ἇπονίῴεως
1765 2532 1818 2588 ὲν
1851 2554 1953 2588 οια-

305 2629 440 2704 θαρᾷ
496 2624 597 2690 ἕξει
650 2623 958 2702 γενόμενος,
1007 2622 1274 2702 ἄχραντον
1328 2623 1617 2691 ποιήσεται
1665 2622 1766 2688 τὴν
1823 2623 1953 2699 πρὸς

306 2717 400 2772 τὸν
434 2715 566 2771 Θεὸν
609 2713 958 2791 ἐπιστροφὴν,
995 2717 1008 2732 ⁸
1070 2716 1097 2770 ὁ
1139 2715 1276 2792 ἱερὸς
1305 2711 1501 2792 λουτὴρ
1533 2714 1560 2769 ὁ
1593 2711 1644 2769 ἐν
1675 2713 1750 2770 τῶ
1809 2712 1958 2786 νόμῳ

309 2803 617 2883 εἰρημένος,
663 2804 752 2860 καὶ
800 2805 834 2872 ἡ
893 2812 980 2863 νῦν
1028 2803 1286 2878 ἀπόνιψις
1332 2809 1436 2860 τῶν
1489 2807 1711 2882 χειρῶν,
1758 2798 1946 2868 δηλοϊ⁶

306 2902 467 2952 τοῦτο
526 2894 626 2971 γάρ
683 2893 793 2950 ἐστι
849 2893 910 2949 τό
973 2894 1354 2950 ὓπαινίσσεται.
1411 2891 1506 2957 Ὠς
1551 2892 1651 2970 γὰρ
1711 2893 1739 2947 ὁ
1797 2891 1957 2966 νόμος

311 924 466 997 Θεοῦ,
521 913 636 973 καθ’
695 920 761 985 ἦν
819 917 1064 994 γινώσκει
1122 918 1242 982 τοὺς
1302 915 1558 991 τελείους,
1603 912 1856 978 θεοειδεῖς
1901 913 1954 970 ἐν

308 1008 452 1080 αὖτῷ
508 1005 851 1084 γιγνομένους
914 1003 978 1062 δι’
1037 1005 1280 1085 ἐναρέτου
1336 1006 1472 1086 βίου,
1509 1007 1595 1063 καὶ
1638 1003 1956 1071 ἀξιωθέντας

307 1101 405 1164 τῆς
467 1095 824 1166 ἀνεπιλήστου
874 1097 992 1174 περὶ
1052 1097 1222 1153 αὖτῶν
1267 1097 1537 1174 γνώσεως,
1581 1096 1755 1158 καθὼς
1813 1117 1956 1172 παρα

310 1187 494 1243 ιστῶσι
545 1188 633 1243 καὶ
689 1187 753 1242 τὰ
822 1186 1176 1265 παρατεθέντα
1232 1190 1351 1243 θεῖα
1423 1187 1580 1264 ῥητά·
1658 1186 1840 1260 Τίμιος
1899 1182 1953 1240 δέ

308 1276 557 1332 ἐναντίων
642 1277 826 1354 Κυρίου
900 1278 928 1331 ὁ
996 1282 1102 1332 τῶν
1169 1277 1326 1333 ὁσίων
1396 1277 1642 1352 θάνατος,
1705 1277 1764 1332 οὐ
1833 1272 1950 1331 καθ’

2043 2527 2222 2603 tione,
2273 2545 2451 2604 quam
2511 2526 2914 2589 summitatum
2979 2545 3088 2590 seu
3143 2528 3581 2591 extremitatum
3638 2539 3686 2609 ιι,

2039 2635 2072 2679 a
2129 2635 2244 2696 qua
2275 2615 2479 2696 utique
2541 2617 2762 2679 lotione
2820 2636 3031 2697 purum
3080 2617 3347 2680 habitum
3396 2636 3689 2684 consecu-

2041 2713 2161 2786 tus,
2195 2705 2630 2769 immaculatam
2667 2706 2844 2769 faciet
2874 2707 2948 2769 ad
2989 2710 3180 2771 Deum
3211 2709 3690 2785 conversionem,

2041 2795 2124 2856 uti
2157 2813 2392 2856 sacrum
2439 2795 2764 2876 lavacrum,
2801 2795 2877 2858 de
2910 2815 3027 2875 quo
3071 2802 3132 2858 in
3166 2797 3293 2876 lege
3328 2797 3548 2860 dictum
3578 2804 3693 2876 est,

2044 2892 2104 2948 et
2134 2883 2258 2946 haec
2284 2903 2564 2945 manuum
2595 2883 2740 2946 lotio
2759 2884 3042 2948 declarat.
3076 2885 3202 2948 Hoc
3226 2885 3388 2949 enim
3422 2895 3511 2948 est
3531 2887 3695 2969 quod

309 2985 444 3065 εἶχε
487 2983 740 3065 λουτῆρα,
776 2983 942 3046 οὕτως
981 2983 1201 3040 ενταῦθα
1232 2985 1265 3051 ἡ
1310 2982 1561 3058 ἀπόνιψις
1594 2981 1794 3060 γίνεται
1851 2985 1957 3037 τῶν

2045 2975 2400 3037 insinuatur.
2426 2972 2940 3065 Quemadmodum
2967 2978 3102 3037 2H
3137 2977 3297 3038 enim
3317 2976 3410 3038 lex
3439 2975 3699 3038 habebat

311 3063 538 3154 χειρῶν,
603 3064 661 3130 ιΟ
718 3070 772 3128 δὲ
830 3073 980 3151 ἅγιος
1036 3073 1227 3128 καὶτὸ
1280 3073 1373 3138 τὰς
1433 3085 1628 3152 χεῖρας
1689 3071 1958 3126 νίπτεσθαι

2045 3065 2366 3139 lavacrum,
2392 3064 2473 3126 sic
2487 3063 2652 3125 ethic
2665 3063 2728 3126 ﬁt
2752 3083 3033 3127 manuum
3057 3066 3300 3128 ablutio.
3328 3069 3441 3130 Hic
3462 3074 3699 3129 sanctus

309 3163 519 3239 ἀνάγει·
557 3160 806 3230 δηλοῦται
862 3163 962 3242 γὰρ
1013 3162 1246 3222 ἐντεῦθεν
1274 3164 1308 3231 ἡ
1357 3161 1520 3243 μέχρι
1562 3167 1668 3218 τῶν
1713 3161 1960 3240 ἐσχατων

2045 3162 2244 3217 autem
2261 3172 2539 3215 manuum
2557 3155 2839 3216 lotionem
2856 3156 3119 3236 adducit,
3144 3157 3283 3238 quia
3303 3157 3444 3220 hinc
3465 3173 3700 3238 quoque

311 3254 582 3332 ἀκροτάτη
612 3254 882 3325 κάθαρσις·
933 3252 1140 3332 ἔσχατα
1196 3253 1296 3330 γὰρ
1324 3255 1414 3310 καὶ
1457 3251 1591 3331 ἄκρα
1620 3261 1714 3310 τοῦ
1768 3251 1959 3327 σώμα-

2046 3262 2276 3305 summa
2297 3244 2736 3305 extremitatum
2765 3246 3018 3325 expiatio
3032 3246 3702 3324 designatur;siquidem

309 3366 404 3407 τος
438 3346 488 3400 αἱ
532 3343 715 3423 χεῖρές
746 3344 865 3405 εἶσι,
905 3343 1002 3398 Διὰ
1031 3349 1189 3400 τοῦτο
1221 3344 1318 3421 γὰρ
1344 3342 1490 3420 λέγει
1519 3343 1603 3399 καὶ
1633 3343 1694 3397 τὸ
1739 3340 1961 3419 ’Ἀσχε-

2047 3352 2257 3397 manus
2284 3343 2421 3395 sunt
2444 3335 2712 3412 corporis
2736 3335 3105 3397 summitates
3132 3355 3238 3398 seu
3270 3337 3708 3402 extremitates.

310 3455 404 3496 τος
438 3422 606 3505 ἔσται,
641 3429 885 3498 δηλονότι
917 3429 1203 3504 ἀπόλοτος,
1237 3433 1308 3492 ὡς
1341 3432 1418 3506 μὴ
1450 3432 1516 3506 τῇ
1567 3429 1747 3497 ἥττονι
1777 3429 1961 3506 ἀγωγῇ

2048 3423 2284 3491 Idcirco
2310 3423 2484 3484 etiam
2514 3422 2658 3484 dicit
2687 3425 2880 3502 ipsum
2916 3424 3170 3487 liberum
3201 3425 3489 3499 futurum,
3519 3425 3585 3486 id
3618 3434 3712 3488 est

308 3523 401 3579 καὶ
447 3519 669 3577 διαθέσει
705 3521 1086 3600 συνεχόμενος,
1123 3523 1182 3578 Εἰ
1213 3522 1312 3598 γὰρ
1352 3521 1439 3576 καὶ
1467 3520 1559 3584 τὰς
1593 3518 1829 3598 ἐσχάτας
1861 3521 1960 3584 τῆς

2045 3511 2420 3591 expeditum,
2445 3521 2510 3574 ut
2539 3511 2637 3592 qui
2674 3512 2836 3574 nulla
2866 3513 3139 3576 inferiori
3173 3515 3627 3576 conversatione
3649 3523 3712 3579 et

309 3617 496 3692 ψυχῆς
556 3611 845 3692 φαντασίας
891 3611 1332 3690 καθαρθήσονται,
1367 3608 1731 3690 φανερωτέρας
1790 3606 1960 3672 ἕξουσι

2045 3601 2430 3663 affectatione
2443 3601 2800 3663 detineatur.
2814 3603 3109 3665 Extremis
3126 3606 3283 3665 enim
3302 3604 3516 3666 animas
3532 3605 3713 3686 phan-

306 3690 781 3781 τὰς’θεοῴανείας,
837 3707 943 3758 τῶν
981 3702 1350 3782 ὑπερκοσμίων
1393 3703 1480 3759 καὶ
1537 3703 1689 3758 θείων
1747 3721 1960 3776 μαρμαο

2045 3692 2207 3782 tasiis
2224 3690 2443 3782 expiati
2465 3690 2818 3782 clarioribus
2841 3711 3075 3774 quoque
3107 3693 3209 3756 Dei
3233 3693 3710 3775 apparitionibus

309 3797 484 3871 ρυγῶν
553 3777 802 3872 ἐφιέντων
874 3791 1012 3870 (ἀντὶ
1084 3777 1181 3850 ’τοῦ
1253 3789 1522 3871 ἐφιεισῶν)
1598 3791 1694 3858 τὴν
1763 3789 1960 3847 οἰκείαν

2045 3777 3010 3872 gaudebunt,supermundialibus
3030 3783 3161 3845 istis
3182 3783 3520 3863 divinisque
3538 3802 3710 3847 coru-

312 3882 516 3960 αῖγλην
551 3883 622 3945 εἱς
673 3881 774 3948 τὴν
824 3883 930 3938 τῶν
988 3880 1247 3955 ὁμοειδῶν
1304 3882 1438 3937 κατὰ
1469 3880 1630 3960 χάριν
1689 3880 1960 3959 ἐσόπτρων

313 3973 574 4050 ὰγλαῗαν.
637 3969 956 4048 ’Ἕσοπτρας
986 3969 1041 4025 δὲ
1085 3970 1230 4048 λέγει
1261 3970 1355 4034 τὰς
1404 3976 1509 4028 τῶν
1541 3971 1704 4050 ἁγίων
1752 3969 1957 4049 ψυχὰς,

311 4064 386 4126 ὡς
435 4068 528 4118 τοῦ
556 4061 696 4116 θείου
748 4062 925 4140 φωτὸς
957 4058 1218 4137 δικτικὰς,
1252 4062 1341 4117 καὶ
1382 4065 1481 4127 τῆς
1513 4060 1810 4139 κρείττονος
1855 4058 1961 4128 λή-

314 4151 446 4218 ξεως
504 4151 1012 4230 ἀφομοιωματικάς.
1047 4147 1355 4221 Ἀττικίζων
1405 4147 1482 4224 δὲ,
1519 4153 1592 4215 ὡς
1646 4149 1960 4224 Ἀθηναῖος,

315 4239 555 4306 συνέταξε
610 4243 670 4298 τὸ
727 4239 912 4320 ῥητὸν,
942 4241 1180 4319 φάσκων,
1215 4247 1321 4297 τῶν
1374 4245 1733 4319 μαρμαρυγῶν
1790 4238 1962 4318 ἐφιέν-

313 4353 420 4387 των
463 4332 560 4397 τὴν
591 4332 786 4387 οἷκεὶαν
818 4329 1037 4408 α’ίγλην.
1091 4330 1230 4388 οὕτω
1260 4332 1358 4410 γὰρ
1389 4332 1477 4386 καὶ
1521 4330 1574 4386 ἐν
1619 4333 1696 4404 τῷ
1725 4327 1773 4400 ζ’
1802 4351 1965 4408 κεφα-

311 4420 447 4493 λαίῳ
501 4421 598 4487 τῆς
659 4421 907 4498 Οὐρανίου
977 4422 1249 4500 ἱεραρχίας
1323 4420 1606 4494 πεποίηκε,
1665 4420 1804 4476 κατὰ
1874 4421 1958 4498 τὸ,

313 4511 516 4574 Κλυτὸς
573 4508 948 4586 Ἱπποδάμεια,
991 4511 1079 4567 καὶ
1125 4509 1425 4575 Ψολόέντος
1477 4507 1722 4589 ἐχίδνης.
1778 4509 1875 4564 Διὰ
1922 4510 1969 4564 τί

317 4598 358 4618 θα

2041 3867 2408 3933 scationibus
2433 3871 2840 3934 etconsimilis
2855 3872 3078 3953 speciei
3099 3873 3703 3954 specula,secundum

2043 3959 2530 4040 gratiam,lumen
2554 3979 2728 4023 suum
2764 3961 3175 4025 evibruntibus
3196 3965 3480 4044 (ἐφιέντων
3503 3964 3714 4027 dicens

2047 4067 2152 4130 pro
2184 4049 2461 4130 ἒφιεισῶν,
2499 4050 2898 4113 masculinum
2952 4071 3058 4134 pro
3089 4053 3429 4126 feminino).
3463 4055 3720 4132 Specula

2046 4146 2247 4200 autem
2278 4137 2581 4219 appellant
2608 4148 2953 4202 sanctorum
2982 4143 3241 4213 animas,
3268 4150 3476 4223 utpote
3498 4142 3718 4206 divinae

2047 4228 2201 4295 lucis
2221 4246 2492 4308 capaces,
2521 4236 2580 4290 et
2602 4229 2674 4290 ad
2694 4230 3002 4292 meliorem
3030 4231 3191 4293 illam
3223 4240 3444 4294 sortem
3472 4251 3717 4312 compa-

2048 4325 2223 4380 ratas.
2259 4316 2537 4396 Loquens
2567 4327 2764 4379 autem
2801 4319 3000 4400 Alice,
3033 4329 3096 4381 ut
3138 4320 3542 4393 Atheniensis,
3579 4337 3714 4382 ver-

2048 4407 2193 4469 bum
2219 4409 2334 4469 hoc
2353 4407 3484 4489 construxit,dicens,coruscationibus
3506 4409 3715 4489 splen-

2054 4499 2258 4560 dorem
2298 4516 2470 4558 suum
2510 4497 2992 4574 evibrantitibus;
3029 4500 3239 4561 eodem
3270 4499 3444 4561 modo
3468 4499 3719 4564 fecitca—

310 4598 367 4654 δὲ
425 4598 740 4676 ἐπίπροσθεν
794 4605 900 4654 τῶν
955 4601 1109 4675 ἱερῶν
1167 4595 1449 4673 συμϐόλων
1494 4601 1529 4668 ἡ
1598 4603 1706 4652 τῶν
1777 4595 1961 4674 ἱερέων

2053 4598 2173 4679 pite
2188 4597 2440 4678 septimo
2465 4595 2728 4659 Caelestis
2745 4598 3026 4660 hiemrch
3039 4600 3133 4672 iw,
3151 4600 3319 4678 juxta
3339 4599 3484 4661 illud
3513 4599 3715 4661 Κλυτὸς

306 4689 568 4764 ἀπονιψις
633 4688 987 4766 γίνεταιςὨς
1049 4688 1135 4744 ἐπὶ
1184 4689 1410 4762 Χριστοῦ
1466 4693 1557 4743 ⁸*οὖ
1616 4685 1791 4750 πάσας
1831 4685 1961 4745 Eoo-

2053 4665 2407 4762 .Innodéiuem
2437 4687 2509 4763 π’,
2551 4695 2609 4747 et
2660 4687 2962 4750 Ψολόεντος
2995 4665 3236 4770 ἐχίδνης,
3272 4690 3558 4752 Caeterum
3611 4705 3718 4751 cur

311 4784 512 4858 ρῶντος
569 4778 668 4840 τὰς
714 4779 1038 4856 ἀνθρωπίνας
1095 4777 1318 4852 ἑννοίας,
1348 4782 1449 4844 τῆς
1492 4776 1787 4854 ἀκροτάτης
1849 4778 1961 4854 ὁρι-

2050 4791 2248 4835 coram
2273 4779 2455 4834 sacris
2477 4777 2756 4848 symbolis
2779 4776 2879 4833 illa
2912 4779 3276 4836 sacerdotum
3305 4777 3520 4834 ablutio
3552 4777 3719 4834 insti-

311 4867 547 4944 ζομὲνης
605 4870 905 4944 καθάρσεως
966 4868 1021 4924 ἐν
1091 4881 1210 4932 τοῖς
1281 4867 1697 4930 πανεπισκόποις
1741 4862 1963 4946 ἂκριϐα-

314 4971 502 5034 σμοῖς,
561 4957 649 5012 καὶ
709 4970 832 5022 ταῖς
891 4955 1200 5022 ἀδεκάστοις
1258 4959 1446 5014 τούτου
1503 4958 1761 5034 κρίσεσιν·
1831 4954 1968 5013 οὕτω

314 5053 595 5125 τοιγαροῦν
649 5048 846 5111 ἑνοθεῖς
905 5051 932 5104 ὁ
989 5050 1246 5128 ἱεραρχης
1295 5060 1414 5112 τοῖς
1473 5047 1654 5122 θείοις,
1706 5050 1970 5126 ἱερουργεϊ

313 5139 381 5194 τὰ
423 5138 692 5201 θειότατα,
758 5137 907 5200 Τίνας
952 5137 1050 5213 μὶν
1084 5137 1172 5195 οὖν
1228 5138 1323 5200 τὰς
1374 5139 1444 5203 εἷς
1499 5138 1642 5212 ἡμᾶς
1699 5137 1967 5214 θεουργίας

315 5226 494 5308 φαμὲν
547 5223 817 5302 (δηλονότι
886 5227 983 5290 τὰς
1041 5234 1134 5285 τοῦ
1199 5226 1376 5294 Ἰησοῦ
1425 5233 1519 5284 τοῦ
1576 5230 1760 5304 Κυρίου
1813 5228 1969 5303 ἡμῶν

314 5323 548 5396 Χριστοῦ
601 5318 724 5396 περὶ
777 5319 923 5393 ἡμας
978 5317 1250 5393 προνοίας,
1314 5318 1375 5379 ἃς
1439 5316 1525 5373 ἐπὶ
1583 5316 1817 5394 σωτηρίᾳ
1877 5323 1970 5374 τοῦ

2050 4867 2268 4929 tuitur?
2299 4869 2439 4948 quia
2467 4868 2753 4930 nimirum
2778 4886 2980 4931 coram
3014 4870 3272 4949 Christo,
3309 4867 3407 4948 qui
3428 4867 3716 4931 occultis-

2051 4958 2235 5019 simas
2266 4975 2533 5037 quasque
2564 4958 2859 5020 humanas
2883 4958 3272 5038 cogitationes
3302 4957 3584 5033 intuetur,
3607 4976 3712 5020 su-

2054 5061 2251 5118 preme
2279 5046 2372 5104 illa
2408 5047 2658 5117 eXpiatio
2693 5047 3210 5119 perspicacissimis
3239 5048 3711 5120 scrutotionihus,

2054 5136 2552 5208 exactissimisque
2581 5146 2636 5193 ct
2665 5137 3055 5210 integerrimis
3079 5139 3315 5211 judiciis
3345 5137 3663 5198 absolvitur
3695 5161 3708 5194 :

2051 5228 2164 5291 hoc
2191 5228 2351 5288 enim
2383 5226 2556 5287 modo
2590 5226 2905 5290 hierarcha
2934 5229 3152 5291 divinis
3181 5227 3365 5292 rebus
3388 5229 3591 5290 unitus
3621 5229 3714 5290 di-

2051 5316 2360 5379 vinissima
2389 5325 2705 5378 consecrat
2726 5319 3025 5397 mysteria.
3065 5320 3360 5392 Quasnam
3385 5325 3582 5381 autem
3610 5317 3707 5380 di-

313 5407 498 5486 γένους
546 5407 728 5482 ημῶν,
761 5405 969 5474 εὖδοκίᾳ
1007 5413 1102 5464 τοῦ
1157 5408 1362 5487 Πατρὸς
1420 5409 1478 5463 ἒν
1510 5406 1777 5482 Πνεύματι
1831 5406 1961 5484 ἁγίῳ

2047 5408 2212 5468 vinas
2261 5407 2323 5469 in
2373 5423 2481 5467 nos
2530 5407 2910 5485 operationes
2950 5408 3209 5473 dicimus
3261 5407 3519 5488 (scilicet
3561 5407 3708 5470 Jesu

314 5495 676 5575 ἐτελείωσεν),
708 5495 831 5563 ἒξῆς
880 5498 1015 5556 κατὰ
1073 5495 1291 5573 δύναμιν
1343 5495 1586 5572 εἴπωμεν
1633 5498 1749 5575 περὶ
1779 5498 1852 5552 ὧν
1901 5496 1961 5552 ἂν

2046 5495 2266 5561 Christi
2297 5494 2536 5558 Domini
2559 5495 2746 5558 nostri
2776 5496 2936 5560 circa
2964 5517 3074 5563 nos
3105 5497 3526 5581 providentias,
3561 5504 3710 5578 quas

403 5662 420 5700 ι
464 5656 624 5720 Psal.
658 5673 798 5732 cxv,
837 5657 935 5719 15.
983 5668 1010 5699 ιι
1037 5659 1205 5721 Joan.
1241 5675 1367 5734 xm,
1409 5657 1498 5720 10.
1545 5669 1572 5700 ιι
1606 5660 1621 5676 ’
1657 5655 1732 5720 ιι.
1767 5674 1833 5730 ιι,
1869 5657 2009 5720 742.

395 5781 412 5799 ’
447 5779 673 5844 Deesse
706 5775 938 5840 videtur
970 5776 1254 5858 particula
1284 5776 1685 5857 conjunctiva,
1721 5794 1892 5858 quam
1927 5775 2068 5858 legit
2097 5775 2419 5858 interpres.
2462 5776 2568 5841 En.
2608 5777 2877 5844 Ρλτιιοιι.
