4150 6158
493 407 612 477 46⁷1

1646 413 1711 478 S.
1772 413 2117 478 DIONYSII
2168 415 2702 485 AREOPAGITIE.

3756 417 3871 485 468

493 550 557 614 in
607 547 790 612 nostri
821 546 1061 628 generis
1102 548 1377 623 salutem,
1416 548 1789 630 beneplacito
1820 548 2039 625 Patris,
2085 547 2147 611 in

2253 555 2320 611 ιαὶ
2401 552 2769 630 δυνηθείημεν.
2842 536 2977 613 ’Ὀσα
3008 552 3064 610 δὲ
3108 553 3252 633 παρὰ
3296 554 3403 611 τῶν
3443 551 3632 611 enim
3698 556 3867 633 ἱεραρ-

498 640 727 723 Spiritu
753 645 957 701 sancto
981 639 1356 721 perfecit),de
1374 639 1467 701 his
1499 646 1937 721 consequenter
1953 657 2059 720 pro
2077 640 2151 700 vi-

494 731 596 794 rili
625 731 894 793 dicamus
929 736 1105 809 prout
1133 727 1489 809 poterimus.
1533 727 1679 800 Quae
1708 746 1846 791 vero
1876 746 1909 789 a
1940 728 2157 790 divinis

496 818 830 883 hierarchis
863 820 1239 882 incruentam
1267 819 1520 881 hostiam
1546 817 2017 881 sacrificantibus
2049 835 2155 880 ce-

495 910 831 990 lebrentur,
863 908 1056 990 quoad
1087 927 1421 989 possumus,
1457 908 1851 989 proferemus.

579 1002 609 1082 §
639 998 740 1063 XI.
764 1000 985 1063 Natura
1014 998 1272 1060 humana
1297 998 1370 1060 ab
1401 998 1566 1059 initio
1594 1008 1660 1062 ut
1696 998 1966 1079 paradiso
1998 996 2156 1059 exci-

497 1091 603 1167 dit,
636 1095 813 1151 morti
834 1088 1046 1153 tradita
1066 1096 1623 1169 est;consequenter
1652 1087 1831 1149 etiam
1860 1087 2153 1170 praevari-

497 1180 652 1242 catio
679 1178 939 1262 primum
974 1185 1280 1259 parentem
1304 1177 1865 1255 uostrum,divinam
1891 1178 2154 1239 volunta-

498 1278 618 1332 tem
678 1277 1135 1345 transgressum,
1169 1268 1627 1348 deceptionibus
1686 1267 1930 1343 erroris,
1963 1266 2157 1347 iisque

502 1377 629 1441 quae
658 1357 872 1420 divinis
903 1357 1072 1419 bonis
1101 1357 1516 1434 adversantur,
1551 1366 1616 1418 ut
1654 1356 1828 1418 morti
1852 1368 1915 1418 et
1946 1374 2159 1417 corru-

500 1448 710 1529 ptioni,
740 1447 994 1530 propriis
1016 1447 1138 1509 suis
1163 1446 1666 1529 propensionibus
1699 1445 1964 1509 tradidit.
2000 1445 2153 1518 Quid

498 1546 696 1600 autem
727 1546 840 1614 est,
875 1537 1132 1619 propriis
1164 1536 1718 1618 propensionibus?
1751 1536 1895 1599 Cum
1928 1535 2157 1597 scilicet

499 1635 683 1690 status
730 1630 914 1688 nostri
968 1627 1256 1706 originem
1291 1646 1323 1688 e
1377 1636 1535 1689 terra
1587 1632 1876 1687 ducamus
1914 1625 2157 1703 (corpus

502 1717 665 1780 enim
683 1724 952 1779 nostrum
966 1734 1035 1779 ex
1050 1736 1117 1778 ea
1130 1718 1405 1797 constat),
1429 1716 1642 1777 merito
1662 1725 1791 1797 post
1817 1724 2156 1793 transgres-

499 1807 729 1869 sionem
760 1806 939 1869 ﬁnem
964 1824 1199 1887 quoque
1223 1806 1437 1887 origini
1461 1816 1933 1868 consentaneum
1963 1805 2154 1866 habe-

500 1914 634 1959 mus
665 1897 727 1959 in
780 1904 999 1958 terram
1031 1896 1301 1972 resoluti,
1338 1915 1473 1958 cum
1520 1896 1745 1957 dictum
1778 1901 1853 1956 sit
1888 1913 1901 1958 :
1972 1895 2154 1957 Terra
2181 1897 2217 1946 Β

504 2006 589 2068 es,
621 1993 676 2051 et
727 1988 793 2049 in
848 1994 1081 2049 terram
1126 1988 1460 2049 reverteris
1494 1997 1540 2046 ν.
1596 1984 1704 2048 Vel
1750 1985 1952 2061 itaque
2009 2003 2155 2064 pro-

506 2086 639 2159 pter
689 2076 749 2138 id
802 2075 962 2152 quod
1011 2074 1285 2154 infertur,
1319 2074 1660 2154 apponitur,
1695 2075 1835 2135 212
1898 2072 2158 2153 propriis

506 2164 1031 2247 propensionibus,
1056 2163 1152 2225 vel
1178 2169 1356 2226 etiam
1390 2163 1596 2225 liberis
1614 2182 1681 2224 ac
1710 2162 2077 2244 spontaneis,
2101 2168 2161 2223 et

507 2255 568 2317 id
599 2253 755 2335 quod
788 2253 1042 2316 infertur
1074 2253 1289 2315 iterum
1322 2253 1531 2315 eodem
1568 2253 1747 2315 modo
1779 2251 2155 2329 intelligitur.

513 2342 775 2409 Observa
800 2360 939 2405 vero
970 2342 1266 2425 quomodo
1298 2342 1537 2405 dixerit:
1572 2345 1622 2403 A
1656 2342 1769 2404 vita
1799 2360 1933 2422 qum
1963 2341 2034 2403 ad
2069 2359 2163 2403 su-

513 2449 698 2515 perna
728 2432 1035 2509 tendebat;
1069 2434 1347 2512 ἀινάγωγος
1389 2432 1550 2494 enim
1581 2451 1687 2493 seu
1716 2432 2021 2495 adducens
2052 2431 2168 2494 vita

513 2538 750 2605 quoque
782 2522 1001 2586 dicitur
1033 2521 1320 2584 dissoluta
1346 2530 1404 2585 et
1437 2522 1841 2601 immorigera,
1874 2540 2002 2602 qua:
2035 2540 2170 2602 pra-

513 2631 648 2675 vum
680 2612 924 2676 ductum
958 2610 1232 2694 sequitur
1260 2630 1283 2690 ;
1322 2612 1421 2674 hic
1453 2622 1650 2673 autem
1687 2611 1983 2692 significat
2031 2630 2167 2675 eam

516 2720 649 2785 qua
705 2703 1020 2784 superiora
1071 2702 1306 2783 quaerit,
1352 2710 1410 2765 et
1466 2705 1655 2766 Deum
1714 2720 2004 2764 conversa
2053 2711 2167 2765 est.

515 2795 671 2856 Hinc
716 2810 851 2855 cum
885 2799 1094 2855 natura
1122 2810 1155 2853 a
1184 2800 1351 2853 recta
1385 2791 1456 2852 ad
1504 2792 1688 2854 Deum
1721 2792 1813 2853 via
1841 2791 2167 2866 aberraret,

518 2881 766 2943 minime
783 2880 1059 2960 advertit,
1091 2898 1156 2942 se
1177 2899 1297 2942 non
1321 2880 1434 2942 diis
1463 2881 1765 2962 etamicis,
1798 2881 1905 2943 sed
1934 2880 2169 2942 infestis

516 2969 790 3031 hostibus
819 2968 1002 3031 fuisse
1043 2971 1410 3048 obsecutam,
1446 2969 1662 3049 quibus
1684 2969 1813 3049 ipsa
1843 2968 2171 3032 crudeliter

521 3076 630 3142 pro
661 3057 1031 3123 immanitate
1058 3076 1164 3120 sua
1191 3057 1601 3138 abutentibus,
1640 3059 1804 3140 (quid
1841 3062 1998 3122 enim
2031 3053 2166 3122 mali

2239 651 2353 723 χῶν
2413 647 2816 724 ἱερουργούντων
2859 645 2957 712 τὴν
3001 644 3327 720 ἀναίμακτον
3370 644 3548 702 θυσίαν
3605 646 3867 720 ὑμνεῖται,

2238 735 2310 798 ὡς
2339 735 2476 808 ἡμῖν
2505 734 2743 814 ἐφικτὸν,
2767 736 3010 815 ἐροῦμεν.

2319 1007 2345 1078 §
2376 1010 2467 1083 ΧΙ,
2514 1002 2579 1063 ’Β
2613 1004 2909 1084 ἀνθρωπεία
2969 1006 3142 1085 φύσις,
3177 1007 3413 1087 ἀρχῆθεν
3439 1013 3531 1064 τοῦ
3573 1005 3878 1085 παραδείσου

2238 1091 2645 1176 ἑξολισθήσασα,
2694 1093 2963 1175 παρεδόθη
3019 1097 3096 1171 τῷ
3152 1098 3384 1171 θανάτῳ·
3433 1097 3729 1160 ἀκολούθως
3785 1098 3879 1174 γὰρ

2238 1186 2273 1252 ἡ
2312 1182 2604 1263 παράϐασις
2662 1187 2751 1242 τὸν
2802 1184 3212 1262 ἐξοιστρήσαντα
3258 1195 3347 1243 τοῦ
3391 1188 3530 1244 θείου
3584 1186 3880 1262 θελήματος

2237 1273 2545 1349 προπάτορα
2602 1287 2727 1340 ταῖς
2772 1275 3001 1338 ἀπάταις
3060 1283 3152 1333 τοῦ
3206 1275 3430 1351 πλάνου,
3459 1290 3577 1340 τοῖς
3635 1276 3881 1339 ἐναντίοις

2236 1369 2341 1419 τῶν
2371 1365 2521 1421 θείων
2551 1365 2791 1445 ἀγαθῶν,
2821 1366 2898 1439 τῷ
2927 1365 3136 1440 θανάτῳ
3192 1364 3440 1433 δηλονότι
3471 1368 3557 1422 καὶ
3599 1373 3668 1442 τῇ
3700 1369 3878 1446 φθορᾷ,

2236 1451 2388 1517 ἰδίαις
2446 1454 2663 1519 ἑαυτοῖς
2732 1455 2921 1533 ροπαις
2978 1454 3348 1535 παραδέδωκε,
3396 1458 3456 1515 Τί
3512 1455 3567 1513 δέ
3637 1457 3746 1513 ἐστι
3800 1458 3882 1536 τὸ,

2241 1544 2435 1608 οἰκείας
2466 1544 2658 1620 ῥοπαῖς
2686 1565 2702 1619 ;
2762 1543 2971 1623 ’Ἡγουν
3004 1545 3187 1614 ἐπειδὴ
3252 1547 3427 1626 ἀρχὴν
3457 1547 3553 1615 τῆς
3598 1547 3887 1612 συστάσεως

2240 1636 2298 1689 ἒκ
2342 1633 2441 1711 γῆς
2503 1633 2763 1714 ἔσχομεν,
2800 1635 2858 1691 τό
2892 1637 2991 1713 γὰρ
3029 1639 3340 1712 σωματιγὸν
3386 1638 3542 1712 ἡμῶν
3572 1635 3625 1704 ἐξ
3680 1636 3888 1716 αὖτῆς¹)

2240 1724 2457 1787 εἰκότως
2518 1725 2654 1799 μετὰ
2684 1725 2780 1792 τὴν
2842 1723 3162 1803 παράϐασιν,
3200 1726 3292 1782 καὶ
3341 1728 3401 1783 τὸ
3449 1727 3598 1793 τέλος
3654 1728 3886 1807 πρόσφο-

2241 1835 2329 1891 ρον
2388 1813 2624 1894 ἔσχομεν
2680 1820 2748 1891 τῇ
2809 1815 2983 1895 ἀρχῆ,
3048 1818 3117 1880 εἷς
3172 1816 3274 1894 γῆν
3335 1816 3673 1891 ἀναλύοντες,
3710 1817 3886 1883 ἐπειδὴ

2240 1902 2446 1983 ἒῤῥέθη,
2493 1910 2570 1980 Γῇ
2632 1904 2713 1977 εἴ,
2759 1906 2847 1961 καὶ
2892 1907 2966 1969 εἷς
3025 1911 3128 1984 γῆν
3187 1906 3478 1983 ἁπελεύσῃ.
3533 1907 3758 1984 ’¹Ηγουν
3808 1904 3888 1964 διὰ

2240 1995 2302 2049 τὸ
2334 1995 2714 2073 ἐπιφερόμενον
2774 1996 2970 2050 τίθεται
3003 1996 3064 2051 τὸ
3097 1997 3313 2060 οἰκείαις
3363 1998 3585 2078 ὁρμαῖς,
3621 1998 3656 2066 ἣ
3700 1996 3887 2063 δηλον-

2241 2083 2322 2138 ότι
2381 2096 2780 2162 προαιρετικατς
2837 2086 2924 2140 καὶ
2973 2085 3346 2166 αὐτεξουσίοις,
3378 2089 3465 2145 καὶ
3522 2089 3582 2144 τὸ
3638 2087 3881 2166 ὲπιφερό-

2242 2193 2401 2255 μενον
2459 2172 2621 2228 πάλιν
2653 2177 2772 2247 καθ,
2803 2176 2935 2230 αὐτὸ
2969 2188 3197 2235 νοεῖται.
3252 2160 3383 2255 δορα
3413 2176 3466 2232 δέ
3510 2180 3628 2242 πῶς
3662 2178 3783 2234 εἶπε
3834 2178 3890 2233 τὸ

2247 2251 2556 2340 Ἀναγώγου
2615 2268 2781 2333 ζωῆς⁶
2831 2264 3107 2344 ἀνάγωγος
3151 2266 3250 2344 γὰρ
3312 2251 3423 2337 ζωὴ
3470 2264 3682 2346 λέγεται
3724 2267 3816 2323 καί
3857 2269 3888 2334 ἠ

2247 2350 2541 2417 ἀκόλαστος
2569 2355 2681 2408 καὶ’
2718 2352 3057 2427 ἀπαίδευτος,
3092 2357 3164 2419 ὡς
3197 2357 3369 2423 κακὴν
3402 2356 3621 2434 ἀγωγήν
3672 2357 3885 2437 ἔχουσα·

2250 2440 2467 2498 ἐνταῦθα
2511 2439 2564 2497 δὲ
2594 2443 2689 2509 τὴν
2720 2444 2786 2498 τὰ
2828 2440 2936 2500 ἅνω
2968 2451 3253 2524 ζητοῦσαν,
3291 2448 3374 2505 καὶ
3427 2448 3558 2525 πρὸς
3586 2449 3717 2504 Θεὸν
3766 2447 3889 2503 ἐπε-

2252 2530 2598 2609 στραμμὲνην
2655 2533 2842 2611 φησίν.
2913 2531 3185 2591 Ἐντεῦθεν
3255 2539 3290 2606 ἦ
3351 2536 3499 2615 φύσις
3573 2535 3888 2611 πλανωμένη

2252 2627 2349 2688 τῆς
2406 2622 2536 2698 πρὸς
2597 2623 2728 2677 Θεὸν
2788 2622 2986 2687 εὒθείας
3017 2622 3159 2696 ὁδου,
3195 2621 3473 2681 ἐλάνθανεν
3522 2628 3582 2683 οὗ
3636 2627 3805 2706 θεοὺς,
3836 2625 3890 2681 οὗ

2252 2709 2457 2789 φίλους,
2520 2709 2658 2767 ἀλλὰ
2717 2708 2997 2785 δυσμενεῖς
3078 2714 3460 2792 θεραπεύουσα,
3516 2718 3594 2770 ὧν
3679 2714 3743 2783 δὴ
3811 2716 3890 2771 καὶ

2254 2798 2479 2880 ἀφειδῶς
2536 2804 2668 2876 αὐτῇ
2698 2802 3192 2881 κατακεχρημένων
3243 2805 3379 2860 κατὰ
3408 2806 3469 2862 τὸ
3521 2807 3719 2863 οἰκεῖον
3773 2806 3893 2870 ἄνη-

2252 2889 2392 2963 λεὲς,
2430 2890 2500 2967 (τί
2535 2891 2634 2968 γὰρ
2672 2892 2836 2946 κακὸν
2868 2894 2963 2948 οῦκ
3010 2892 3261 2960 ἐποίησεν
3293 2903 3340 2968 ;)
3373 2895 3446 2957 εἰς
3476 2893 3711 2952 κίνδυνον
3756 2895 3895 2951 ἀπω-

2253 2980 2396 3042 λείας
2427 2981 2793 3055 ἒμηεπτώκει,
2830 2981 2890 3037 ὃν
2921 2980 2984 3048 δὴ
3013 2985 3097 3038 καὶ
3116 2980 3431 3062 ἀνυπαρξίαν
3455 2982 3627 3063 λέγει,
3659 2983 3892 3051 δηλονότι

2252 3069 2470 3126 θάνατον
2530 3070 2785 3149 ψυχικόν·
2863 3067 2922 3128 Ὀ
2984 3074 3108 3148 γοῦν
3181 3073 3310 3135 Θεὸς
3369 3074 3527 3149 ἡμῶν
3585 3071 3652 3129 δι’
3711 3075 3892 3130 οἰκείαν

519 3166 642 3211 non
694 3147 1078 3230 intulerunt?)
1114 3148 1174 3208 in
1205 3147 1534 3210 discrimen
1565 3149 1990 3211 internecionis
2020 3150 2169 3213 inci-

2253 3158 2606 3234 ἀπειροτάτην
2685 3158 3012 3238 ἂγαθότητα,
3074 3161 3173 3228 τὴν
3250 3163 3539 3239 αὕτουργὸν
3607 3164 3701 3219 οὔκ
3754 3164 3893 3227 ἀπη-

520 3238 711 3315 derat,
746 3237 901 3322 quod
936 3237 1116 3300 etiam
1148 3245 1332 3299 status
1354 3238 1738 3318 privationem
1770 3249 1963 3321 vocat,
1999 3240 2170 3303 scili-

521 3336 619 3393 cet
650 3339 906 3392 mortem
937 3326 1521 3409 spiritalem.Verum
1546 3328 1705 3391 Deus
1719 3337 1921 3391 noster
1933 3338 2174 3410 propter

522 3418 815 3481 inﬁnitam
848 3436 1014 3481 suam
1036 3416 1386 3492 bonitatem,
1414 3436 1521 3499 per
1549 3437 1614 3480 se
1632 3419 1818 3480 nostri
1840 3437 2042 3480 curam
2075 3438 2175 3499 ge-

522 3526 661 3572 rere
684 3527 805 3571 non
836 3507 1085 3586 destitit;
1111 3514 1391 3589 quoniam
1426 3507 1707 3569 nimirum
1732 3508 2174 3589 ipsummetDel

522 3598 789 3663 Verbum
821 3616 893 3661 ea
927 3617 1056 3680 qua)
1085 3604 1287 3660 nostra
1300 3605 1438 3660 sunt
1463 3616 1776 3661 assumens
1790 3597 2015 3677 absque
2045 3619 2177 3681 pec-

526 3693 911 3770 cato,quippe
930 3687 1063 3749 sine
1089 3688 1742 3769 mutilatione,manens
1762 3689 2005 3751 omnino
2019 3690 2179 3771 quod

529 3786 677 3859 erat,
712 3795 821 3839 nec
850 3795 884 3838 a
913 3776 1154 3857 proprio
1186 3785 1342 3839 statu
1387 3777 1679 3839 deﬁciens
1710 3778 1952 3858 (statum
1983 3788 2179 3842 autem

531 3870 631 3932 hic
660 3885 780 3929 non
824 3866 1085 3948 aliquam
1115 3866 1462 3944 qualitatem
1508 3867 1932 3929 immanentem
1987 3879 2179 3947 vocat,

531 3958 636 4023 sed
659 3956 990 4019 naturalem
1025 3973 1192 4018 suam
1227 3957 1696 4036 permanentiam
1730 3965 1787 4018 et
1807 3958 2183 4020 constitutio-

530 4045 986 4129 nem)suinobis
1016 4046 1388 4107 consortium
1424 4046 1689 4127 tradidit,
1721 4066 1831 4109 nec
1852 4066 1971 4109 non
2005 4047 2186 4108 virtu-

530 4138 607 4203 tis
658 4135 999 4219 apostaticaa
1058 4135 1340 4197 adversus
1388 4154 1497 4197 nos
1554 4136 1871 4218 imperium
1918 4137 2184 4199 dissolvit

534 4229 730 4310 (quam
756 4234 814 4289 et
844 4224 1283 4288 multitudinem
1304 4242 1407 4287 seu
1438 4223 1671 4287 turbam
1698 4239 1890 4307 vocat,
1921 4246 2039 4288 non
2061 4244 2187 4287 om-

2257 3247 2451 3316 νήνατο
2509 3251 2783 3329 πρόνοιαν·
2836 3249 2917 3307 ὅτι
2961 3250 3167 3319 δηλαδὴ
3227 3254 3379 3317 αῦτὸς
3434 3253 3499 3320 ἦν
3562 3257 3590 3311 6
3633 3257 3724 3311 τοῦ
3772 3258 3895 3310 Θεοῦ

2258 3344 2455 3421 Λὸγος,
2489 3345 2516 3398 ὁ
2565 3342 2950 3421 ἀναμαρτήτως
2998 3342 3378 3419 ἀναδεξάμενος
3427 3346 3494 3403 τὰ
3560 3348 3814 3425 ἡμέτερα,
3844 3346 3895 3408 ὃς

2258 3430 2323 3498 δῆ
2347 3432 2434 3488 καὶ
2489 3433 2669 3507 μείνας
2702 3431 2982 3500 ἆλωὸητος
3012 3434 3186 3501 πάντη
3218 3434 3346 3514 ὅπερ
3379 3434 3559 3510 ἧν,μὴ
3590 3436 3775 3502 ἐκστὰς
3805 3434 3896 3502 τῆς

2259 3519 2389 3582 ἱδίας
2433 3517 2616 3599 ἕξεως,
2651 3519 2784 3599 (ἕξιν
2812 3518 2867 3577 δὲ
2916 3520 3059 3599 λέγει
3111 3522 3327 3579 ἐνταῦθα
3377 3523 3436 3579 οῦ
3479 3524 3744 3591 ποιότητά
3793 3544 3898 3579 τινα

2259 3607 2510 3684 ἔμμονον,
2547 3608 2683 3666 ἀλλὰ
2741 3609 2841 3678 τήν
2870 3611 3095 3691 φυσικὴν
3157 3611 3320 3677 αὐτὴν
3369 3609 3635 3687 διαμονὴν
3664 3613 3749 3670 καὶ
3802 3634 3897 3669 κα-

2260 3698 2569 3778 τάσχεσιν)
2604 3700 2700 3767 τὴν
2743 3701 2873 3778 πρὸς
2932 3701 3095 3768 αὐτὴν
3129 3701 3270 3775 ἡμῖν
3301 3704 3553 3759 κοινωνία
3582 3701 3897 3783 ἐδωρήσατο,

2264 3789 2352 3845 καὶ
2394 3787 2649 3845 κατέλυσε
2713 3790 2773 3845 τὸ
2821 3788 2938 3846 καθ’
2971 3792 3127 3866 ἡμῶν
3171 3790 3361 3868 κράτος
3390 3796 3494 3859 τῆς
3555 3790 3900 3856 ἀποστατικῆς

2268 3876 2534 3952 δυνάμεως
2588 3877 2685 3956 (ἢν
2743 3880 2829 3935 καὶ
2887 3878 3094 3947 πληθὺν
3151 3878 3323 3958 λέγει,
3383 3884 3442 3939 οὒ
3518 3881 3637 3938 κατ’
3698 3880 3901 3959 Ξιριθμὸν

2266 3967 2504 4046 πάντως,
2578 3965 2716 4024 ἀλλά
2767 3965 2852 4024 διὰ
2925 3971 2985 4026 τὸ
3067 3969 3367 4036 ἀποστῆναι
3438 3971 3766 4051 ποῤῥωτάτω
3818 3975 3903 4024 τοῦ

2266 4056 2461 4115 ἐνιαὶου
2501 4057 2589 4113 καὶ
2617 4058 2747 4135 ὑπὲρ
2771 4060 2832 4114 τὸ
2873 4058 2928 4115 ἓν
2988 4063 3163 4140 Θεοῦ),
3198 4058 3291 4115 οῦκ
3332 4059 3387 4114 ἐν
3423 4061 3589 4141 ἰσχύϊ
3641 4061 3901 4131 θεότητος,

2264 4142 2385 4201 ἀλλ’
2439 4145 2492 4201 ἐν
2524 4146 2690 4220 κρίσει
2741 4149 2829 4204 καὶ
2889 4146 3214 4225 δικαιοσύνῃ.
3255 4145 3407 4205 Ἐπεί
3464 4153 3571 4229 γὰρ
3627 4148 3694 4206 δι’
3747 4150 3902 4229 ἀμαρ-

2265 4236 2381 4291 τίαν
2438 4234 2806 4314 παρεδόθημεν
2862 4245 2940 4314 τῷ
2996 4237 3232 4312 θάνάτῳ,
3279 4238 3460 4316 εὑρέθη
3520 4240 3674 4303 αὐτὸς
3732 4241 3758 4293 6
3802 4246 3903 4294 Κυ-

530 4320 671 4381 nino
706 4324 951 4398 propter
998 4332 1340 4388 numerum,
1372 4316 1476 4376 sed
1523 4316 1677 4395 quod
1724 4315 1798 4376 ab
1829 4316 1929 4377 illo
1981 4317 2169 4379 unico.

2268 4343 2376 4402 ριος
2430 4325 2826 4405 ἁναμᾶρτητος,
2858 4328 3070 4399 καὶτοῦ
3113 4315 3344 4383 θανάτου
3383 4325 3602 4394 δικαίως
3659 4328 3904 4403 ἀνώτερος

533 4408 753 4490 quippe
774 4424 953 4487 supra
983 4424 1165 4466 unum
1188 4412 1277 4466 est
1301 4405 1627 4485 Deo,quam
1655 4406 2061 4468 remotissime
2089 4408 2169 4469 de

2269 4412 2477 4491 γέγονε.
2538 4416 2642 4472 Καῖ
2687 4415 2866 4493 ὥσπερ
2915 4415 2966 4481 ἐξ
2998 4416 3114 4478 ἐνὸς
3158 4424 3250 4475 τοῦ
3294 4417 3509 4486 πρώτου
3537 4415 3708 4493 ’Λδὰμ
3760 4413 3904 4483 ἦλθεν

531 4496 892 4575 fecerit)n0n
920 4495 982 4556 in
1005 4500 1269 4575 potentia
1301 4495 1762 4568 divinitatis,sed
1798 4495 1857 4556 in
1874 4496 2104 4576 judicio
2132 4516 2169 4558 θλ

2253 4501 2356 4559 ἐπὶ
2407 4502 2611 4568 πάντας
2655 4507 2719 4561 τὸ
2775 4491 3057 4583 βλαϐερὸν,
3121 4503 3287 4568 οὕτως
3342 4504 3395 4571 ἐξ
3452 4506 3574 4569 ἐνὸς
3633 4491 3787 4563 πάλιν
3823 4505 3907 4558 τοῦ

529 4586 779 4668 justitia.
815 4585 958 4649 Cum
992 4586 1153 4647 enim
1183 4592 1423 4665 propter
1445 4594 1760 4665 peccatum
1788 4587 1965 4648 morti
1991 4587 2166 4650 tradit

2272 4591 2514 4671 δευτέρου
2565 4593 2758 4674 Ἀδὰμ,
2792 4597 2884 4653 τοῦ
2934 4600 3186 4674 Σωτῆρος
3238 4594 3394 4669 ἡμῶν
3437 4593 3621 4662 Ἰησοῦ
3669 4594 3902 4671 Χριστοῦ,

536 4696 826 4757 essemus,
852 4675 1128 4736 invrntus
1149 4685 1239 4736 est
1262 4676 1393 4755 ipse
1429 4675 1718 4739 Dominus
1752 4675 2188 4759 impeccabilis,

536 4775 714 4849 atque
737 4767 872 4846 jure
906 4763 1118 4826 merito
1152 4775 1346 4826 morte
1387 4764 1662 4844 superior
1691 4768 1893 4829 evasit.
1939 4764 2011 4827 Et
2040 4767 2192 4831 sicut

538 4856 612 4920 ab
637 4875 752 4918 uno
774 4855 966 4937 primo
980 4853 1210 4916 Adamo
1230 4852 1301 4915 ad
1318 4870 1527 4917 omnes
1545 4872 1699 4916 noxa
1727 4856 2193 4925 venit.similiter

538 4959 609 5002 ex
633 4959 748 5002 uno
769 4958 994 5016 quoque
1013 4942 1272 5000 secundo
1293 4943 1494 5009 Adam,
1524 4943 1812 5002 Salvatore
1834 4956 2032 5004 nostro
2062 4947 2192 5004 Jesu

541 5033 799 5112 Christo,
836 5033 908 5122 ad
940 5050 1151 5095 omnes
1170 5032 1331 5094 salus
1363 5034 1621 5095 transiit.
1648 5033 1801 5097 Hinc
1832 5047 1890 5098 et
1921 5044 2169 5098 naturan

2276 5040 2653 5119 ἐλευθερώσας·
2707 5045 2793 5100 καὶ
2851 5032 3036 5109 ἔδειξεν
3090 5045 3221 5113 ἡμῖν
3287 5040 3407 5099 ὸδὸν
3462 5032 3736 5122 ἀναγογῆς
3790 5045 3910 5119 πρὸς

540 5130 804 5188 nostram
836 5120 1190 5197 immutavit,
1223 5122 1282 5211 id
1307 5123 1462 5202 quod
1488 5124 1773 5186 obcurum
1808 5134 1935 5187 erat
1965 5126 2169 5188 lumini

2276 5130 2456 5210 αὺτὸν,
2494 5133 2631 5188 κατὰ
2661 5143 2760 5208 τίεν
2791 5135 2862 5195 ὡς
2893 5130 3109 5189 δυνατὸν
3134 5132 3479 5211 ἀφομοίωσιν.

545 5211 907 5302 adimplens,
944 5217 1003 5271 et
1032 5214 1192 5291 quod
1224 5210 1480 5302 informe
1509 5222 1687 5295 atque
1740 5215 2094 5278 indecorum
2128 5225 2256 5279 erat
2284 5207 2527 5297 ornans,
2562 5207 2745 5299 atque
2774 5239 2991 5302 corpus
3017 5207 3229 5283 animae
3257 5218 3628 5282 domicilium
3658 5217 3732 5281 ab
3761 5207 3911 5280 omni

548 5299 1308 5393 spurcitia__corrumpente
1339 5301 1599 5367 liberans
1631 5327 1646 5377 ;
1699 5303 1875 5367 nobis
1906 5325 2141 5387 quoque
2168 5308 2317 5371 viam
2350 5327 2487 5388 quae
2518 5312 2591 5373 ad
2651 5311 2848 5393 ipsum
2880 5299 3045 5374 ducit
3093 5309 3375 5387 ostendit,
3409 5308 3740 5372 secundum
3791 5321 3910 5369 eam

546 5411 680 5475 quae
710 5387 1011 5472 possibilis
1043 5396 1132 5451 est
1163 5390 1297 5471 ejus
1322 5393 1835 5459 assimilatiouem.

631 5482 660 5574 ᾗ
689 5479 810 5574 Xll.
842 5477 1132 5574 Caeterum
1164 5482 1461 5574 quomodo
1494 5483 1668 5547 aliter
1697 5484 1897 5549 divina
1917 5486 2029 5550 ista
2058 5488 2169 5553 imi

2363 5493 2392 5574 δ
2448 5501 2561 5559 XII.
2596 5499 2715 5556 Πῶς
2766 5490 2819 5548 δὲ
2850 5489 3027 5555 ἄλλως
3054 5488 3276 5568 ἔμελλεν
3331 5492 3366 5559 ἡ
3395 5489 3718 5564 θεομιμησία
3775 5487 3910 5565 γίνε-

547 5572 689 5636 tatio
721 5570 913 5644 tieret,
946 5567 1057 5630 nisi
1081 5568 1385 5659 innovatis
1417 5590 1658 5655 semper
1687 5575 2025 5640 istiusmodi
2055 5599 2162 5642 san

2285 5587 2421 5659 σθαι,
2471 5584 2547 5659 μὴ
2604 5580 2995 5657 ἂνανεουμένων
3042 5581 3123 5637 ἀεὶ
3179 5585 3286 5636 τῶν
3340 5578 3596 5636 τοιούτων
3624 5576 3773 5655 ἱερῶν
3829 5595 3913 5629 τε-

550 5661 661 5727 ctis
684 5657 1102 5724 sacramentis?
1129 5659 1259 5725 Hoc
1277 5661 1436 5724 enim
1446 5662 1681 5747 ,inquit,
1706 5666 1833 5745 fac:
1842 5675 1895 5730 te
1919 5671 1986 5733 in
2009 5686 2169 5735 meum

2285 5672 2493 5749 λετῶν;
2569 5673 2730 5731 Τοῦτο
2784 5672 2883 5751 γὰρ
2946 5670 3182 5747 ποιεῖτε,
3243 5670 3402 5751 φῆσὶν
3478 5668 3550 5730 είς
3621 5666 3716 5734 τὴν
3785 5662 3911 5739 ἐμὴν

2272 4682 2358 4739 ἐπὶ
2387 4683 2586 4747 πάντας
2618 4682 2765 4751 διέϐη
2796 4686 2856 4740 τὸ
2888 4686 3170 4764 σωτήριον,
3209 4684 3478 4742 Ἐντεῦθεν
3521 4687 3610 4741 καὶ
3637 4686 3735 4753 τὴν
3770 4686 3904 4758 ἠμε-

2271 4773 2425 4851 τέραν
2487 4774 2839 4848 μετεσκεύασε
2871 4775 3044 4852 φύσιν,
3082 4776 3143 4830 τὸ
3191 4772 3435 4848 ἀλαμπὲς
3467 4775 3749 4850 ἐμπλήσας
3797 4792 3906 4851 φω-

2272 4863 2383 4938 τὸς,
2429 4864 2491 4918 τὸ
2523 4861 2751 4920 ἀνείδεον
2798 4866 2887 4921 καὶ
2930 4863 3160 4928 ἀκαλλὲς
3216 4866 3497 4939 κοσμήσας
3557 4866 3618 4921 τὸ
3648 4869 3743 4931 τῆς
3803 4867 3900 4936 ψυ-

2273 4953 2387 5031 χῆς
2445 4953 2752 5032 οἰκητήριον
2806 4956 2985 5033 σῶμά,
3023 4955 3229 5018 πάντως
3276 4952 3550 5028 μολυσμοῦ
3607 4950 3911 5033 φθοροποιοῦ

630 5826 655 5858 ν
712 5805 862 5872 Gen.
896 5820 983 5889 ιιι,
1024 5803 1120 5869 19.
