4150 6158
352 416 469 483 469

348 650 444 711 τῆς
502 647 763 720 μυστικῆς
823 644 994 723 εύχῆς
1047 641 1432 723 περιλαμϐάνει
1485 642 1716 720 ὁᾶγιος.
1792 641 1995 701 ’Ἔνθεν

347 737 375 791 ὁ
403 738 548 797 θεῖος
582 733 837 814 ἱεράρχης
894 735 985 797 τάς
1017 744 1112 792 τοῦ
1159 734 1402 811 Ζωτῆρος
1464 735 1613 809 ἡμῶν
1650 733 1825 801 Ἰησοῦ
1859 741 1995 812 Χρι-

348 830 472 881 στοῦ
529 823 780 901 προνοίας
817 824 1082 898 ὑμνήσας,
1135 824 1195 887 ἃς
1228 822 1435 896 εὔδοκίᾳ
1487 824 1689 901 Πατρὸς
1736 823 1790 880 ἐν
1819 824 1993 880 Πνεύ-

347 934 474 988 ματι
513 914 648 990 ἁγίῳ
673 911 974 988 ἒτελείωσε,
1037 916 1124 969 καὶ
1172 913 1517 977 ἀνατατικοῖς
1561 912 1858 992 ὀφθαλμοῖς
1887 913 1986 980 τὴν

345 1006 543 1074 νοητὴν
572 1003 791 1081 θεωρίαν
839 1002 1191 1084 ἐποπτεύσας,
1251 1004 1337 1061 ἐπὶ
1392 1004 1491 1069 τὴν
1543 1000 1874 1079 συμϐολικὴν
1903 1005 1987 1059 ἱε-

344 1096 612 1174 ρουργίαν,
645 1090 886 1151 τουτέστι
930 1095 1021 1151 τὸν
1052 1093 1207 1173 ἄρτον
1256 1094 1344 1150 καὶ
1387 1094 1447 1149 τό
1497 1093 1774 1173 ποτήριον,
1828 1091 1988 1171 ἔρχε-

343 1207 452 1248 ται.
515 1184 903 1264 Ἐξηγούμενος
956 1182 1012 1240 δὲ
1054 1190 1167 1248 πῶς
1229 1184 1314 1240 καὶ
1372 1190 1527 1239 τοῦτο
1584 1181 1989 1262 θεοπαραδότως

347 1287 519 1348 ποιεῖ,
556 1275 715 1352 φησὶν
742 1271 1174 1351 ἀπολογούμενος
1208 1272 1294 1328 καὶ
1337 1268 1576 1327 ἀναϐοῶν
1626 1271 1758 1348 πρὸς
1807 1271 1986 1341 αὐτὸν,

342 1366 427 1438 τὸ,
517 1365 590 1419 Σύ
672 1364 772 1442 γὰρ
853 1363 1037 1424 εἶπας.
1121 1370 1284 1420 Τοῦτο
1342 1360 1553 1417 ποιεῖτε
1602 1360 1675 1423 εἷς
1713 1358 1810 1426 τὴν
1854 1358 1990 1434 ἐμὴν

343 1450 666 1528 ἀνάμνησιν.
733 1454 894 1526 Εἶτα,
954 1452 1178 1522 αἰτήσας
1231 1450 1372 1516 ἄξιος
1444 1449 1684 1529 γενέσθαι
1748 1451 1834 1506 καὶ
1891 1454 1990 1516 τῆς

346 1543 623 1607 κοινωνίας
680 1544 766 1599 καὶ
835 1548 935 1610 τῆς
992 1538 1353 1615 μεταδόσεως,
1412 1537 1505 1596 ὑπ’
1563 1539 1685 1616 ὄψιν
1740 1536 1859 1618 ἄγει
1924 1539 1992 1596 τὰ

343 1632 646 1713 ὑμνημὲνα,
712 1631 1096 1689 ἀνακαλύπτων
1152 1631 1246 1687 τὸν
1315 1629 1607 1709 ἀδιάίρετον
1666 1629 1846 1709 ἄρτον,
1903 1629 1989 1685 καὶ

343 1724 419 1786 εἰς
454 1720 625 1779 πολλὰ
654 1719 890 1800 διαιρῶν.
951 1719 1228 1779 Ἐντεῦθεν
1260 1721 1350 1777 καὶ
1397 1722 1460 1777 τὸ
1492 1722 1690 1777 ἑνιαῖον
1745 1721 1839 1776 τοῦ
1881 1740 1985 1775 πο-

342 1814 548 1892 τηρίου,
590 1819 719 1870 πᾶσι
768 1811 1103 1889 καταμερίξει
1150 1813 1289 1868 κατὰ
1347 1833 1467 1868 τινα
1518 1809 1680 1889 λόγον
1738 1809 1992 1885 μυστικὸν

833 417 933 482 DE
976 415 1282 483 ECCLES.
1314 415 1765 493 HIERARGIL,
1813 417 1977 481 CAP.
2023 413 2130 481 III.
2177 450 2253 465 -
2281 414 2665 483 PABAPHR.
2712 418 3230 487 PACHYMERE.

351 553 672 629 ἀνάμνησιν.
741 541 889 633 εὈρα
931 550 1008 626 δὲ,
1047 552 1129 609 ὅτι
1189 553 1243 610 ἒν
1293 553 1500 617 τούτοις
1533 553 1710 610 πάντα
1739 553 1832 609 τὸν
1877 552 1986 608 vc?»

2081 553 2707 616 commemorationem
2738 564 2768 598 κ
2800 600 2816 618 .

3597 424 3718 496 470

2912 558 3176 623 Observa
3226 577 3359 623 vero
3416 561 3574 644 quod
3624 562 3720 625 hic

2081 652 2322 705 sanctus
2352 650 2611 705 mentem
2643 662 2881 708 omnem
2916 649 3172 728 mystica
3206 669 3386 732 prece
3433 669 3718 731 compre-

2082 729 2328 797 hendat.
2364 732 2591 795 Deinde
2621 733 2856 797 divinus
2878 729 3718 805 hierarcha'Salvatorisvno-

2080 822 2188 914 εινί
2224 824 2386 914 Δἆορ-,ιι
2441 821 2659 914 Christi
2701 826 3105 914 providentias
3161 829 3531 914 collaudans,
3566 850 3715 914 quas

2078 907 2269 973 Patris
2287 910 2660 1005 beneplacito
2683 915 2741 976 in
2764 913 2989 996 Spiritu
3034 926 3239 983 sancto
3261 907 3717 1005 consummavit,

2074 1002 2212 1061 2ιὸ
2242 1007 2301 1063 et
2326 1000 2577 1064 intentis
2627 1005 2816 1067 oculis
2856 1007 3186 1088 spiritalem
3236 1009 3536 1074 contuitus
3565 1000 3717 1075 con-1

2072 1090 2563 1182 templationem,
2590 1092 2666 1155 ad
2715 1112 3025 1160 sacrorum
3059 1098 3488 1179 symbolarum,
3551 1103 3720 1182 panis

2072 1178 2305 1241 scilicet
2336 1188 2395 1242 et
2424 1178 3178 1257 calicis,cousecrationem
3205 1178 3714 1272 procedit.Espli-

2080 1288 2220 1332 cans
2253 1289 2389 1332 vero
2424 1272 2722 1353 quomodo
2755 1284 2817 1337 et
2840 1276 2954 1339 hoc
3013 1297 3084 1341 ex
3138 1278 3337 1341 divina
3394 1280 3717 1345 traditione

2074 1358 2347 1431 faciat,se
2376 1363 2685 1442 purgando
2702 1375 2761 1425 et
2782 1368 2856 1428 ad
2877 1366 3073 1447 ipsum
3099 1368 3718 1446 exclamando,ait:Tu

2077 1451 2236 1512 enim
2259 1451 2484 1516 dixisti
2517 1474 2530 1516 :
2578 1453 2712 1517 Hoc
2741 1456 2925 1534 facile
2954 1458 3020 1521 in
3052 1476 3244 1521 meam
3267 1476 3716 1525 commemora-

2076 1540 2326 1604 tionem.
2362 1542 2674 1606 Postulans
2722 1545 2946 1610 deinde
2975 1566 3110 1609 cum
3135 1549 3560 1612 communione
3591 1557 3713 1613 tum

2073 1631 2205 1710 ejus
2235 1630 2654 1695 distributione
2685 1634 2900 1712 dignus
2930 1637 3107 1713 ellici,
3134 1638 3244 1700 sub
3269 1646 3573 1720 aspectum
3596 1640 3713 1705 du-

2075 1721 2156 1810 cit
2187 1739 2257 1783 ea
2284 1740 2416 1802 quae
2445 1722 2792 1806 celebravit,
2833 1726 3111 1790 revelans
3167 1728 3334 1791 illum
3367 1746 3581 1810 panem
3612 1730 3716 1793 in-

2074 1808 2352 1901 d‘ivisum,
2387 1818 2447 1873 et
2474 1812 2535 1874 in
2569 1813 2754 1875 multa
2783 1814 3175 1880 distribuens.
3220 1808 3453 1882 Exinde
3479 1838 3716 1901 quoque

342 1905 431 1961 καὶ
459 1904 590 1959 αύτὸ
619 1904 961 1979 ποιούμενος⁶
1011 1904 1072 1959 τὸ
1115 1903 1216 1981 γὰρ
1246 1902 1302 1958 ἓν
1345 1903 1432 1958 καὶ
1465 1899 1664 1958 ἁπλοῦν
1708 1907 1798 1958 τοῦ
1830 1903 1986 1977 θεαρ-

2075 1898 2439 1979 singularem
2469 1901 2637 1964 illum
2669 1904 2918 1968 calicem
2951 1906 3230 1969 omnibus
3259 1898 3580 1986 distribuit,
3614 1898 3716 1973 se-

346 1993 655 2073 χικωτάτο.)
684 1994 857 2072 Λόγου
886 1994 1016 2071 πρὸς
1049 1994 1110 2049 τὸ
1141 1992 1383 2048 σύνθετον
1431 1993 1518 2048 καὶ
1576 1992 1763 2070 ὁρατὸν
1819 1988 1988 2047 ἀναλ-

344 2082 584 2148 λοιώτως
635 2084 771 2140 κατά
836 2084 933 2151 τὴν
1010 2080 1409 2160 ἐνανθρώπησιν
1495 2078 1851 2160 προελήλυθε,
1925 2079 1992 2136 τὰ

342 2172 461 2230 καθ’
515 2174 659 2247 ἡμᾶς
716 2174 941 2230 ταπεινά
1011 2185 1128 2235 τοῖς
1177 2171 1473 2236 θειοτάτοις
1546 2173 1705 2228 αὐτοῦ
1764 2168 1987 2234 ἐνώσας.

349 2260 503 2320 (ιύτω
531 2264 630 2340 γὰρ
662 2262 916 2338 ἑνούμεθα
973 2263 1061 2318 καὶ
1122 2262 1285 2338 ἡμεῖς
1318 2265 1480 2338 αύτῷ,
1515 2260 1669 2339 εἴπερ
1721 2262 1794 2324 ὡς
1848 2258 1987 2336 μέλη

344 2350 880 2431 συναρμολογούμεθα
921 2353 1057 2408 κατὰ
1099 2353 1160 2408 τὸ
1190 2353 1378 2409 ταύτὸν
1410 2357 1508 2419 τῆς
1567 2346 1849 2420 ἀλωϐήτου
1898 2350 1988 2407 καὶ

340 2443 601 2520 μακαρίας
635 2446 801 2512 ζωῆς*
865 2442 953 2498 καὶ
1010 2441 1088 2516 μὴ
1149 2441 1408 2516 πάθοιμεν
1437 2441 1567 2517 ὅπερ
1597 2440 1780 2515 νεκρὸν
1816 2437 1979 2517 μέρος

340 2531 752 2610 σώματος,πρὸς
781 2530 883 2603 ζῶν
905 2529 1298 2605 συντιθέμενον.
1355 2520 1448 2591 Ὠς
1482 2530 1582 2609 γὰρ
1614 2528 1790 2585 ἐκεῖνο
1821 2527 1989 2605 ἀνάρι-

339 2642 539 2696 μοστον
597 2622 771 2688 πάντη
832 2623 920 2678 καὶ
979 2619 1277 2687 ἀκόλλητον
1334 2620 1426 2678 καὶ
1462 2620 1699 2691 ἀσύζωον
1758 2619 1984 2696 γίνεται,

339 2709 478 2767 ούτω
521 2712 609 2768 καὶ
647 2713 838 2787 ἡμεῖς,
872 2708 1028 2790 εἴπερ
1071 2709 1209 2767 οὕτω
1258 2712 1454 2782 νεκρῶς
1486 2708 1712 2790 ἔχομεν,
1745 2708 1805 2764 οὗ
1855 2728 1985 2764 συν-

2075 1991 2338 2053 cundum
2374 1991 2616 2054 modum
2652 1994 2970 2073 quemdam
3007 1996 3322 2077 mysticum
3355 1998 3468 2060 hoc
3487 1998 3713 2063 faciens

2074 2098 2213 2142 nam
2239 2099 2422 2142 unum
2450 2090 2508 2143 et
2533 2082 2787 2163 simplex
2811 2085 2916 2147 Dei
2940 2086 3205 2150 Verbum
3223 2106 3328 2168 per
3345 2087 3715 2152 incarnatio-

2074 2188 2235 2247 nem,
2274 2170 2336 2230 in
2362 2171 2861 2252 compositionem
2913 2174 3087 2238 simul
3137 2184 3198 2239 et
3244 2186 3551 2258 aspectum
3584 2181 3718 2243 sine

2072 2259 2194 2320 ulla
2219 2258 2313 2321 sui
2361 2260 2779 2325 immutatione
2830 2265 3146 2343 processit,
3180 2265 3424 2329 humilia
3453 2268 3581 2330 haec
3611 2287 3714 2330 no-

2070 2356 2192 2411 stra
2221 2369 2354 2410 cum
2383 2350 2777 2414 divinissimis
2807 2354 2933 2415 suis
2964 2361 3176 2417 uniens
3207 2356 3718 2423 excellentiis.Sic

2073 2440 2232 2500 enim
2266 2448 2323 2500 et
2351 2458 2458 2501 nos
2489 2439 2604 2520 ipsi
2639 2441 2905 2517 unimur,
2930 2444 2981 2505 si
3018 2454 3293 2522 tanquam
3340 2446 3717 2509 membrailli

2072 2527 2400 2591 secundum
2442 2528 2524 2591 im
2537 2531 2845 2593 maculatae
2864 2551 2933 2594 ac
2964 2531 3152 2596 beatae
3178 2535 3311 2598 vitae
3338 2535 3709 2599 identitatcm

2074 2633 2499 2694 congruamus:
2521 2636 2595 2679 ne
2613 2618 2772 2681 idem
2806 2619 2981 2682 nobis
3003 2622 3417 2705 accidat,quod
3441 2624 3714 2688 membro

2072 2713 2305 2767 mortuo
2318 2706 2450 2768 vivo
2465 2709 2700 2788 corpori
2714 2710 3536 2790 apposito.Quemadmodnm
3552 2712 3715 2777 enim

341 2799 901 2879 αρμολογηθησόμεθα
958 2805 1032 2874 τῷ
1081 2806 1237 2871 ζῶντι
1313 2806 1524 2876 Χριστῷ
1567 2798 1807 2855 πώποτε·
1872 2796 1985 2876 χρὴ

2072 2794 2215 2857 illud
2244 2796 2636 2875 incongruum
2682 2799 2927 2861 omnino
2970 2800 3337 2882 minimeque
3378 2802 3711 2880 cohaerens,

340 2892 463 2969 γὰρ,
498 2893 542 2948 εἰ
587 2896 688 2958 τῆς
718 2890 996 2955 κοινωνίας
1028 2889 1303 2971 ἐφιέμεθα,
1362 2891 1435 2954 εἷς
1479 2890 1578 2959 τὴν
1622 2888 1784 2945 αὺτοῦ
1837 2890 1982 2944 θειο-

2072 2885 2316 2965 vitaeque
2338 2903 2555 2966 expers
2587 2886 2826 2951 exsistit
2863 2909 2879 2964 ;
2911 2889 2997 2952 sic
3026 2898 3083 2952 et
3113 2909 3246 2971 nos,
3279 2892 3329 2953 si
3359 2893 3440 2955 ita
3488 2896 3711 2956 mortui

340 2980 510 3048 τάτην
542 2980 687 3053 ζωιὶν
740 2980 1162 3053 ἀποσκοπεῦσαι,
1210 2981 1297 3036 καὶ
1348 2978 1487 3037 οὕτω
1544 2984 1613 3055 τῇ
1642 2979 1776 3056 πρὸς
1814 2975 1978 3044 αὒτήν

2072 2975 2382 3055 fuerimus,
2422 2994 2727 3054 nunquam
2782 2978 2907 3041 vivo
2963 2979 3194 3045 Christo
3253 3002 3707 3063 congruamus:

335 3069 665 3148 ἀφομοιώσει
696 3071 769 3133 εἷς
793 3069 888 3138 τὴν
932 3066 1138 3136 θεοειδῆ
1183 3067 1289 3135 ἓξιν
1347 3066 1704 3146 ἀναδραμεῖν,
1742 3066 1978 3145 ἐναρμοα

2072 3072 2300 3146 oportet
2327 3066 2485 3127 enim
2511 3085 2645 3142 nos,
2678 3068 2730 3129 si
2767 3069 3255 3134 communionem
3306 3073 3437 3152 ejus
3461 3081 3712 3154 appeta-

336 3159 458 3221 νίως
487 3156 807 3237 δωρηθείσης
836 3158 975 3233 ἡμῖν
1027 3162 1126 3226 τῆς
1156 3160 1286 3236 πρὸς
1331 3160 1392 3214 τὸ
1445 3156 1628 3234 ὅμοιον
1658 3156 1976 3221 κοινωνίας.

2073 3154 2307 3229 mus,ad
2343 3154 2770 3219 divinissimam
2823 3162 2954 3237 ejus
2980 3158 3153 3222 vitam
3178 3161 3508 3242 collimare,
3546 3172 3601 3225 et
3623 3163 3711 3228 sic

344 3265 454 3328 per
478 3247 607 3328 ejus
638 3246 1127 3309 assimilationem
1160 3246 1232 3308 ad
1265 3245 1615 3310 deiiormem
1631 3253 1845 3308 statum
1877 3244 2451 3325 contendere,prout
2480 3245 2653 3307 nobis
2681 3248 3377 3329 congruit,similitudine
3391 3253 3713 3334 ejusnobis

339 3336 803 3402 communicata.

420 3388 892 3502 ἔηὶῑίΐ-’ἶαιῖτα
945 3425 1030 3483 διὰ
1083 3431 1190 3485 τῶν
1246 3388 1581 3502 τελουμένων
1637 3428 1665 3482 ὃ
1721 3424 1986 3504 ἱεράρχης

2158 3423 2374 3501 §Xlll.
2435 3422 2572 3484 Haec
2620 3425 2879 3504 pontifex
2922 3446 3030 3507 per
3076 3447 3147 3491 ea
3177 3447 3308 3509 quae
3331 3428 3712 3497 celebrantur

340 3516 605 3597 ἐμφαίνει,
639 3516 1028 3575 ἀνακαλύπτων
1084 3518 1174 3574 καὶ
1233 3514 1473 3596 διαιρῶν,
1508 3517 1725 3582 καὶτῆς
1787 3535 1987 3570 κοινω-

343 3607 456 3670 νίας
503 3604 829 3681 μεταδιδούς
895 3607 1270 3685 ἀναζωγραφεῖ
1328 3607 1428 3685 γὰρ
1492 3604 1547 3661 ἐν
1602 3617 1720 3670 τοῖς
1784 3600 1986 3678 συμϐό-

340 3698 458 3762 λοις
508 3698 770 3764 αἰσθητῶς
830 3697 932 3764 τὴν
974 3697 1176 3764 νοητὴν
1225 3694 1383 3771 ἡμῶν
1439 3695 1605 3765 ζωὴν,
1649 3694 1740 3751 τὸν
1794 3693 1988 3767 Κύριον

336 3789 493 3860 ἡμῶν
551 3786 761 3853 Ἰησοῦν
821 3786 1069 3866 Χριστὸν,
1124 3784 1186 3843 ἐκ
1227 3787 1319 3842 τοῦ
1376 3784 1514 3840 κατὰ
1568 3785 1630 3840 τὸ
1677 3786 1823 3840 θεῖον
1855 3804 1986 3862 κρυ-

337 3877 479 3956 φίου,
538 3872 781 3943 δηλονότι
864 3879 964 3942 τῆς
1022 3872 1396 3951 ἀμεταϐλήτου
1451 3873 1735 3941 θεότητοςζ
1808 3875 1867 3929 ἒν
1918 3876 1988 3947 τῇ

338 3964 597 4023 παντελεῖ
639 3966 725 4021 καὶ
782 3963 1008 4032 ἀληθινῆ
1066 3966 1154 4021 καὶ
1195 3963 1375 4038 τελείᾳ
1417 3963 1708 4042 σαρκώσει,
1769 3962 1831 4018 ὲκ
1886 3966 1985 4029 τῆς

336 4055 603 4133 ἡμετέρας
660 4055 863 4135 φύσεως
920 4052 1339 4129 είδοποιηθέντα,
1403 4054 1492 4110 καὶ
1547 4054 1677 4131 πρὸς
1730 4052 1831 4118 τὴν
1881 4071 1985 4127 με-

336 4146 521 4221 ριστὴν
577 4146 649 4209 ὡς
708 4143 893 4211 ὑλικὴν
948 4145 1101 4211 ἡμῶν
1145 4145 1297 4223 φύσιν
1346 4141 1723 4207 ἀναλλοιώτως
1766 4144 1830 4197 ἐκ
1887 4149 1983 4199 τοῦ

336 4238 474 4293 κατά
523 4235 676 4316 φύσιν
737 4235 877 4306 ἐνὸς,
933 4231 1074 4293 τοῦτ’
1147 4232 1256 4290 ἔστι
1332 4235 1433 4298 τῆς
1488 4232 1646 4288 αὐτοῦ
1701 4232 1979 4305 θεότητος,

336 4324 686 4398 προελθόντα,
720 4327 807 4380 καὶ
856 4322 929 4385 εἰς
988 4324 1266 4398 μετουσίαν
1296 4328 1400 4379 τῶν
1429 4322 1638 4400 ἀγαθῶν
1668 4320 1827 4377 αὺτοῦ
1883 4319 1982 4387 τὴν

337 4414 676 4494 ἀνθρωπίνην
735 4411 1001 4470 καλοῦντα
1053 4411 1438 4492 ταπεινότητα,
1489 4410 1644 4485 εἴπερ
1687 4411 1776 4468 καὶ
1814 4411 1980 4485 ἡμεῖς

334 4501 629 4574 ἐπιτήδειοι
687 4503 997 4584 φαινοίμεθα
1053 4505 1184 4583 πρὸς
1238 4503 1338 4571 τὴν
1398 4501 1535 4560 κατὰ
1586 4499 1805 4576 δύναμιν
1837 4498 1978 4580 ἀφο-

337 4596 592 4671 μοίωσιν,

2073 3511 2360 3601 insinuat,
2394 3512 2535 3572 dum
2571 3513 2779 3576 eadem
2833 3516 3077 3592 revelat,
3115 3526 3175 3579 et
3201 3517 3435 3601 dividit,
3467 3530 3527 3582 et
3549 3539 3714 3582 com-

2072 3600 2420 3662 munionem
2443 3601 3145 3679 distribuit,sensibiliter
3166 3608 3323 3670 enim
3341 3608 3405 3670 in
3422 3600 3711 3689 symbolis

2071 3691 2141 3753 ad
2163 3692 2353 3752 vivum
2381 3690 2661 3772 exprimit
2711 3693 2890 3756 vitam
2916 3704 3178 3758 nostram
3202 3696 3559 3779 spiritalem,
3593 3702 3712 3762 Do-

2071 3779 2295 3842 minum
2318 3788 2597 3843 nostrum
2642 3783 2846 3845 Iesum
2878 3784 3207 3862 Christum,
3242 3805 3312 3849 ex
3366 3787 3572 3852 abdito
3604 3788 3709 3853 illo

2071 3869 2299 3946 divino,
2334 3869 2562 3934 scilicet
2585 3870 2975 3937 immutabilis
2990 3874 3335 3957 divinitatis,
3364 3878 3708 3944 omnimoda

2072 3975 2326 4037 Veraque
2348 3967 2408 4022 et
2428 3960 2694 4040 perfecta
2736 3962 3145 4028 incarnatione
3188 3984 3259 4028 ex
3280 3977 3486 4029 nostra
3501 3976 3715 4033 natura

2071 4049 2469 4126 etformatum,
2499 4058 2555 4111 et
2587 4051 2661 4112 ad
2693 4050 3019 4135 dividuam,
3067 4054 3298 4116 scilicet
3332 4057 3707 4139 materiatam

2071 4146 2334 4200 nostram
2362 4148 2658 4211 naturam,
2693 4139 3054 4205 immutabili
3075 4145 3305 4206 ratione
3334 4163 3407 4208 ex
3443 4166 3515 4209 eo
3548 4148 3708 4228 quod

2065 4237 2377 4291 estnatura
2397 4245 2726 4304 suaunum,
2758 4230 2813 4291 id
2835 4239 2925 4292 est
2953 4237 3208 4312 ipsemet
3234 4233 3540 4298 divinitate
3573 4254 3712 4317 pro-

2063 4317 2446 4392 deuntem,et
2468 4318 2784 4380 humanam
2817 4330 3078 4383 nostram
3096 4323 3494 4386 humilitatem
3519 4327 3592 4388 ad
3609 4327 3711 4387 bo-

2065 4426 2278 4469 norum
2301 4425 2546 4469 suorum
2583 4407 3101 4489 participationem
3133 4413 3504 4491 invitantem,
3538 4416 3711 4479 (lum-

2067 4496 2243 4559 modo
2275 4504 2332 4558 et
2363 4515 2471 4558 nos
2503 4515 2622 4586 non
2655 4497 2840 4577 inepti
2878 4499 3181 4564 videamur
3200 4502 3275 4565 ad
3329 4504 3487 4586 ejus,
3511 4506 3709 4583 quoad

2067 4587 2197 4648 ﬂeri
2231 4593 2446 4666 potest,
2481 4585 2963 4650 similitudinem.

418 4682 626 4760 §XIV.
693 4687 938 4741 Εντεῦθεν
990 4683 1281 4778 μετασχὼν
1338 4683 1366 4739 ὁ
1423 4680 1707 4760 ἱεράρχης,
1736 4679 1830 4778 διίῇ
1881 4700 1985 4754 με-

2147 4676 2176 4755 §
2205 4673 2699 4738 XlV.lIierarcha
2728 4676 2948 4740 deinde
2968 4681 3713 4756 communicans,commu—

333 4774 549 4846 ταδοὺς,
607 4775 681 4838 εἷς
727 4772 1068 4853 εὐχαριστίαν
1125 4770 1447 4849 καταλήγει,
1513 4776 1728 4847 Πρῶτον
1787 4765 1842 4823 δὲ
1883 4789 1985 4842 μεα-

334 4861 692 4940 ταλαμϐἀνει,
736 4865 825 4920 καὶ
884 4862 1021 4920 οὕτω
1083 4860 1450 4938 μεταδίδωσιν·
1504 4859 1584 4917 ὅτι
1634 4856 1716 4915 δεῖ
1775 4859 1984 4935 πρῶτον

334 4955 392 5012 ἐν
450 4954 702 5029 μετουσίᾳ
751 4951 989 5031 γενέσθαι
1049 4953 1137 5008 καὶ
1180 4949 1563 5030 ἀποπληρώσει
1612 4955 1720 5005 τῶν
1750 4947 1982 5025 ἀγαθῶν,

333 5046 424 5101 καὶ
472 5040 579 5100 εἷθ’
633 5039 770 5099 οὕτω
814 5039 1172 5117 μεταδιδόναι·
1226 5043 1434 5111 πρῶτον
1487 5042 1845 5118 φωτισθῆναι,
1901 5037 1987 5093 καὶ

334 5133 477 5191 οὕτω
509 5131 759 5208 φωτίσαι.
796 5133 891 5188 Διὸ
921 5132 1010 5188 καί
1038 5137 1193 5189 τοῦτο
1224 5129 1289 5200 δὴ
1320 5131 1667 5209 ποριζόμεθα,
1694 5127 1777 5184 ὅτι
1806 5127 1986 5190 κακῶς

334 5229 583 5281 ποιοῦσιν
626 5220 848 5295 οἵτινες,
884 5218 1116 5278 διδακτοὶ
1177 5223 1254 5295 μὴ
1307 5218 1454 5285 ὄντες
1510 5229 1666 5298 Θεοῦ,
1730 5216 1988 5274 διδάσκειν

334 5312 725 5392 ἐπιχειροῦσιν.
800 5319 873 5374 Ως
921 5311 1021 5390 γὰρ
1083 5309 1168 5366 ἐπὶ
1211 5312 1317 5367 τῶν
1346 5310 1586 5379 ἡλιακῶν
1644 5307 1868 5365 ἀκτίνων
1902 5305 1990 5363 καὶ

329 5408 440 5459 τῶν
468 5400 639 5457 ὺέλων
661 5398 805 5478 ἔχει,
839 5398 920 5456 ὅτι
953 5399 1164 5476 πρῶτον
1195 5401 1256 5456 τὸ
1281 5406 1393 5479 φῶς
1428 5398 1685 5479 δέχονται
1719 5400 1765 5456 οἶ
1814 5395 1984 5465 ὕελοι,

331 5494 370 5560 ἧ
402 5493 466 5548 τὸ
494 5490 679 5568 κέρας,
710 5490 746 5555 ἡ
797 5488 927 5545 ἄλλο
969 5511 1019 5546 τι
1050 5495 1155 5545 τῶν
1183 5487 1477 5570 διαφανῶν,
1508 5490 1592 5546 καὶ
1620 5487 1724 5545 εἶθ’
1757 5486 1894 5543 οὕτω
1926 5487 1986 5541 τὸ

331 5585 448 5661 φῶς
480 5582 613 5659 πρὸς
646 5580 712 5634 τὰ
754 5576 888 5634 ἄλλα
945 5576 1375 5658 ἕποχετεύουσιν*
1430 5577 1568 5635 ούτω
1626 5577 1713 5633 καὶ
1770 5574 1858 5633 ἐπὶ
1893 5583 1987 5634 τοῦ

416 5773 441 5807 ι
480 5759 620 5822 Luc.
656 5716 807 5834 xxxi,
830 5756 947 5838 _19.

2068 4766 2433 4846 nionemque
2451 4765 3147 4844 distribuens,desinitin
3172 4775 3493 4849 gratiarum
3519 4774 3711 4836 actio-

2068 4854 2500 4918 nem.Primum
2535 4859 2733 4918 autem
2764 4856 2892 4936 ipse
2914 4862 3339 4942 communicat,
3372 4872 3434 4924 et
3463 4862 3550 4923 sic
3577 4862 3709 4925 dis-

2071 4943 2279 5007 tribuit
2308 4967 2323 5023 ;
2355 4952 2589 5025 oportet
2611 4946 2772 5007 enim
2799 4948 3058 5027 primum
3082 4968 3212 5012 esse
3258 4952 3607 5033 participem
3638 4971 3709 5018 ac

2070 5035 2311 5124 plenum
2345 5034 2659 5124 bonorum,
2696 5055 2762 5098 ac
2786 5037 3008 5101 deinde
3033 5041 3121 5102 sic
3152 5040 3552 5118 distribuere;
3584 5044 3713 5124 pri-

2073 5143 2231 5186 mum
2257 5122 2612 5196 illuminari,
2645 5142 2715 5187 ac
2747 5126 2967 5190 deinde
2997 5128 3362 5196 illuminare.
3424 5122 3714 5207 Quocirca

2072 5214 2215 5276 214
2246 5229 2563 5303 censemus
2586 5212 2719 5275 illos
2746 5216 2902 5279 male
2924 5236 3124 5302 agere,
3159 5221 3259 5303 qui
3282 5240 3419 5284 cum
3446 5242 3566 5284 non
3595 5223 3717 5286 sint

2073 5303 2234 5367 docti
2265 5321 2296 5365 a
2322 5301 2466 5372 Deo.
2498 5302 2717 5364 docere
2750 5301 3141 5385 praesumunt.
3180 5301 3715 5384 Quemadmodum

2073 5394 2232 5457 enim
2268 5392 2326 5452 in
2354 5389 2649 5452 solaribus
2680 5393 2861 5457 radiis
2894 5414 2963 5459 ac
2993 5398 3160 5462 vitris
3189 5416 3254 5462 se
3294 5419 3389 5463 res
3418 5399 3618 5477 habet,
3653 5409 3717 5464 ut

2071 5485 2218 5547 vitra
2252 5498 2574 5571 cornuave,
2599 5484 2690 5546 vel
2708 5483 2838 5547 alia?
2870 5504 2968 5550 res
2993 5495 3433 5571 transparentes
3456 5489 3714 5570 primum

2071 5574 2275 5639 lumen
2292 5568 2682 5652 recipiant,ac
2701 5572 2921 5639 deinde
2946 5575 3033 5640 sic
3060 5568 3263 5642 lumen
3282 5577 3356 5642 ad
3377 5568 3493 5642 alia
3512 5586 3712 5643 trans-
