4150 6158
351 390 468 459 473

708 541 776 591 II.
828 531 1129 612 Μυστήριον
1177 532 1398 601 τελετῆς
1430 534 1618 612 μύρου,

422 632 573 694 Κατᾶ
600 632 692 689 τὸν
722 632 880 689 αὗτὸν
911 630 1007 699 τῆς
1055 652 1116 688 συ
1129 630 1317 699 δείξεως
1375 631 1596 713 τρόπον,
1628 632 1679 689 αἱ
1710 635 1815 688 τῶν
1850 630 1980 688 ἀτεο

341 723 577 783 λειώτων
608 720 929 779 ἀπολύονται
985 720 1185 801 τάξεις,
1246 721 1717 801 προηγησαμένων
1773 721 1826 770 7|
1877 720 1982 789 δη-

341 812 477 883 λαδῆ
534 816 633 881 τῆς
704 832 761 870 τε
819 811 1133 893 ἱεραρχικῆς
1196 810 1282 870 ἐπὶ
1339 818 1443 869 πᾶν
1490 813 1553 869 τὸ
1593 812 1729 892 ἱερὸν
1761 811 1987 887 εὖόσμου

344 903 709 983 περιαγωγῆς,
740 903 829 960 καὶ
880 907 977 970 τῆι,
1039 901 1318 979 ψαλμικῆς
1364 901 1683 982 ἱερολογίας,
1744 904 1832 959 καὶ
1887 906 1986 970 τῆς

341 997 447 1052 τῶν
490 993 781 1051 θειοτάτων
834 991 1039 1071 Λογίων
1100 992 1470 1072 ἀναγνώσεως.
1540 996 1675 1050 Εἶτα
1734 992 1792 1048 τὸ
1822 992 1983 1070 μόρον

341 1087 371 1144 ὁ
426 1083 681 1163 ἱεραίρχης
742 1079 919 1140 λαϐὼν
976 1082 1240 1151 ἐπιτίθησι
1298 1089 1376 1156 τῷ
1435 1083 1558 1155 θείῳ
1603 1084 1978 1159 θυσιαστηρίῳ,

340 1171 865 1252 περικεκαλυμμένον
921 1173 1021 1228 ὁπὸ
1073 1169 1380 1230 δυοκαίδεκα
1465 1171 1704 1251 πτέρυξιν
1781 1172 1977 1250 ἱεραῖς,

340 1262 692 1322 ἀναϐοώντων
731 1263 980 1321 ἁπάντων
1008 1261 1068 1313 79
1095 1263 1369 1342 ἁγιωτάτῃ
1401 1267 1553 1343 φωνῇ
1592 1263 1655 1318 τὸ
1684 1262 1823 1339 ἱερὸν
1883 1262 1982 1327 τῆς

337 1356 445 1412 τῶν
475 1352 790 1424 θεολήπτων
849 1359 1140 1433 προφητῶν
1198 1354 1472 1418 ἐπιπνοίας
1531 1350 1848 1428 μεὶῴδημω
1894 1352 1982 1409 καὶ

335 1445 437 1512 τὴν
470 1443 557 1502 ἱπ’
615 1446 757 1517 αὒτῷ
797 1441 1122 1518 τελουμένην
1195 1443 1361 1525 εὐχὴν
1420 1440 1849 1522 ἀποπληρώσας,
1926 1441 1981 1498 ἒν

336 1547 459 1603 ταῖς
508 1533 832 1613 ἀγιωτάταις
891 1534 998 1591 τῶν
1054 1532 1449 1614 ἀφιερωμένων
1512 1531 1759 1595 τελεταῖς
1835 1531 1979 1606 αὒτῷ

335 1628 541 1705 χρῆται
589 1625 724 1704 πρὸς
782 1628 957 1681 πᾶσαν
1022 1622 1218 1707 σχεδὸν
1281 1622 1598 1706 ἱεραρχιιιὴν
1667 1620 1978 1704 τελεσιουρ-

337 1714 482 1797 γίαν,

1381 395 1478 457 ne
1521 391 1821 458 ECCLES.
1867 392 2314 475 menum,
2360 394 2523 459 CAP.
2572 397 2678 462 1v.

3587 391 3704 465 474

2227 530 2301 596 ll.
2332 530 2688 614 Mysterium
2712 535 3181 598 consecrationis
3211 535 3537 616 unguenti.

2142 629 2369 694 Eodem
2399 630 2573 694 modo
2596 650 2711 712 quo
2743 633 2804 694 in
2833 634 3057 714 synaxi,
3084 634 3331 698 ordines
3363 653 3569 699 eorum
3600 634 3704 719 qui

2068 720 2267 784 minus
2299 721 2547 803 perfecti
2570 723 3166 804 suut,excluduntur,
3190 726 3514 806 praemissis
3542 727 3710 790 vide-

2070 808 2233 893 licet,
2256 829 2429 874 sacra
2458 830 2564 893 per
2588 821 2777 876 totum
2814 814 3104 895 templum
3165 832 3298 878 cum
3332 816 3534 879 odoris
3586 816 3711 879 fra-

2070 901 2295 980 grantia
2316 902 3212 985 processione,psalmorumque
3242 923 3412 967 sacra
3442 906 3715 969 modula-

2068 990 2252 1073 tione,
2289 998 2348 1053 et
2377 991 2884 1056 divinissimorum
2932 994 3319 1076 Eloquiorum
3363 995 3708 1075 promulga-

2066 1079 2489 1144 tione.Deinde
2519 1082 2780 1161 pontifex
2793 1093 3037 1164 accepto
3059 1093 3360 1163 unguento
3376 1084 3541 1165 ponit
3560 1085 3704 1149 illud

2062 1186 2244 1251 supra
2271 1169 2536 1232 divinum
2564 1171 2775 1248 altare,
2812 1172 3133 1236 duodecim
3167 1173 3352 1235 sacris
3381 1173 3492 1237 alis
3519 1173 3705 1239 obve-

2064 1258 2513 1335 latum,cunctis
2525 1262 2899 1325 sanctissima
2913 1282 3057 1326 voce
3081 1262 3703 1328 concinentibusillud

2065 1349 2354 1413 divinitus
2374 1353 2700 1415 afﬂatorum
2758 1353 3178 1436 prophetarum
3204 1354 3502 1416 canticum
3535 1354 3705 1418 affla-

2065 1438 2267 1520 tionis,
2292 1441 2709 1523 completaque
2731 1461 2912 1524 super
2932 1461 3003 1505 eo
3024 1443 3465 1507 consecratoria
3488 1461 3703 1525 preca-

2065 1532 2248 1605 tione,
2275 1532 2336 1594 in
2366 1534 2762 1597 sanctissimis
2783 1534 3123 1617 quibusque
3144 1553 3343 1598 rerum
3374 1535 3707 1598 sacranda-

2061 1640 2194 1684 rum
2237 1624 2791 1687 consecrationibus
2846 1625 3061 1689 eodem
3106 1626 3294 1689 utitur
3344 1624 3420 1688 ad
3456 1643 3703 1688 omnem

2063 1709 2256 1775 ferme
2276 1710 2713 1777 hierarchicam
2744 1714 3264 1783 consecrationem
3282 1765 3297 1781 .

1957 1870 2091 1953 §I.

970 2050 1062 2103 IIl.
1110 2037 1338 2118 Θεωρία,

422 2128 489 2198 Ἠ
519 2139 620 2217 μὲν
646 2137 736 2198 οὗν
765 2139 827 2190 73
848 2138 1177 2218 εἶσαγωγικὴ
1219 2143 1317 2216 τῇς
1379 2136 1725 2207 τελειωτικῆς
1780 2137 1978 2203 ταύτης

338 2230 632 2310 ίερουργίας
682 2229 938 2311 ἀναγωγὴ
993 2227 1076 2288 διὰ
1134 2233 1242 2285 τῶν
1299 2230 1435 2286 κατὰ
1486 2231 1545 2286 τὸ
1614 2232 1762 2286 θετον
1818 2227 1980 2304 μύρον

337 2321 490 2397 ἱερῶς
516 2317 800 2399 δρωμένων
854 2323 1057 2393 έκεῖνο,
1120 2318 1303 2393 οἶμαι,
1359 2316 1543 2399 δηλοῖ,
1590 2318 1651 2375 τὰ
1703 2338 1980 2393 περικεκα-

338 2407 524 2489 λύφθαι
552 2411 657 2465 τῶν
688 2408 845 2465 ὁσίων
895 2406 1095 2486 ἀνδρῶν
1137 2406 1201 2457 74
1251 2409 1315 2465 τὸ
1345 2409 1482 2465 κατὰ
1525 2406 1642 2464 νοῦν
1696 2408 1834 2483 ἱερὸν
1894 2401 1981 2464 καὶ

341 2495 554 2563 smn“
593 2497 714 2566 ἥτις
772 2497 961 2563 ἰνθέως
994 2496 1329 2576 ἐγκελεύεται
1380 2510 1496 2563 τοϊς
1542 2499 1708 2576 ἱεροτς
1739 2494 1976 2575 ἀνδράσι,

342 2587 420 2664 μὴ
443 2587 763 2670 φαινομένας
794 2587 940 2669 ἔχειν
970 2589 1059 2645 hri
1089 2586 1213 2664 δόξῃ
1238 2592 1364 2664 νιενῇ
1394 2588 1488 2652 τὰς
1520 2576 1642 2645 κατ’
1666 2587 1858 2666 ἀρετὴν
1891 2591 1982 2642 τοῦ

341 2679 555 2756 κρυφίου
657 2686 786 2736 Θεοῧ
883 2677 1051 2742 καλὰς
1127 2680 1216 2736 καὶ
1302 2677 1511 2744 εΰώδεις
1596 2675 1977 2757 ἀφομοιώσεις,

345 2766 668 2848 ’Ἂχραντοι
730 2769 832 2848 γάρ
892 2770 1022 2826 εἰσιν
1075 2770 1126 2824 αἱ
1189 2775 1280 2826 τοῦ
1326 2767 1455 2826 Θεοῦ
1484 2768 1695 2848 κρύφιαι
1739 2767 1831 2823 καὶ
1857 2766 1987 2844 ὑπὲρ

351 2864 472 2914 νοῦν
532 2855 743 2921 εὖώδεις
802 2859 1130 2937 εὐπρέπειαι,
1190 2859 1281 2915 καί
1351 2864 1556 2925 νοητῶς
1646 2856 1985 2933 ἐμφαίνονται

341 2948 528 3022 μόνοις
561 2946 627 2998 75
652 2960 772 3011 τοῖς
804 2960 1033 3027 νυεροῖς,
1064 2947 1331 3024 ὁμοειδεῖς
1383 2948 1531 3028 ἔχειν
1591 2946 1860 3004 ἐθέλουσαι
1890 2947 1984 3011 τὰς

336 3036 455 3094 κατ’
485 3038 678 3110 ἀρετὴν
749 3038 802 3095 ἐν
852 3043 1060 3118 ψυχαῖς
1119 3038 1558 3119 ἀπαραφθάρτους
1624 3035 1687 3087 76
1747 3037 1980 3102 εἰκόνας.

340 3128 409 3184 Τὸ
451 3129 554 3207 γὰρ
616 3132 717 3195 τῆς
774 3127 1033 3191 θεοειδοὸς
1079 3127 1270 3207 ἀρετῆς
1328 3126 1744 3207 ἀπαρέγραπτον
1793 3127 1849 3183 εὖ
1881 3150 1983 3204 με-

339 3217 645 3292 μιμημένον
702 3214 765 3267 ’Π
808 3215 1050 3296 ἄγαλμα,
1107 3219 1236 3294 πρὸς
1297 3216 1474 3273 ἐκεῖνο
1532 3218 1592 3272 τὸ
1646 3218 1839 3283 νοητὸν
1899 3217 1983 3274 καὶ

336 3304 527 3370 εὐῶδες
580 3306 790 3386 ἀφορῶν
850 3304 1068 3380 κάλλος,
1132 3305 1298 3369 οὕτως
1352 3306 1507 3363 ἑαυτὸ
1546 3319 1708 3364 τυποῖ
1737 3307 1826 3362 καὶ
1858 3304 1982 3362 δια-

2475 2037 2618 2100 Ωιϐ
2646 2037 2747 2103 ΙΙΙ.
2785 2038 3244 2121 Contemplatio.

2139 2133 2397 2215 Ipsamet
2424 2138 2666 2218 quidem
2701 2139 3139 2202 introductoria
3161 2136 3499 2220 perfectivae
3519 2136 3704 2218 hujus

2062 2227 2526 2291 consecrationis
2547 2248 2809 2310 anagoge
2831 2247 2938 2311 per
2967 2247 3034 2291 ea
3060 2248 3193 2312 qua;
3214 2230 3415 2292 divino
3456 2227 3559 2291 illo
3586 2246 3702 2290 un-

2061 2325 2278 2395 guento
2311 2329 2758 2395 consecrantur,
2808 2327 2872 2382 ut
2923 2319 3160 2402 opinor,
3219 2320 3506 2400 insinuat,
3566 2318 3706 2380 viris

2063 2405 2286 2468 sanctis
2316 2405 2706 2470 obvelandam
2740 2426 2873 2471 esse
2896 2409 3111 2471 mentis
3134 2410 3502 2471 sanctitatem
3524 2414 3702 2487 atque

2062 2492 2447 2573 fragrantiam
2475 2515 2491 2573 ;
2522 2515 2657 2559 curn
2693 2497 2970 2559 divinitus
2994 2496 3103 2558 viri
3131 2497 3326 2560 sancti
3351 2496 3699 2577 jubeantur,

2066 2600 2182 2644 non
2201 2582 2274 2645 ad
2291 2601 2498 2647 vanam
2540 2585 2792 2666 gloriam
2822 2594 3178 2666 apparentes
3201 2585 3403 2648 arcani
3438 2583 3541 2648 Dei
3567 2583 3707 2665 pul-

2069 2672 2240 2735 chras
2271 2693 2337 2735 ac
2355 2675 2686 2754 fragrantes
2702 2676 2922 2738 habere
2936 2673 3703 2751 similitudines.Siquidem

2068 2780 2284 2826 arcana
2309 2764 2414 2827 Dei
2453 2766 2697 2842 decora,
2752 2784 3004 2849 quorum
3047 2766 3305 2829 suavitas
3334 2764 3702 2828 intellectum

2069 2863 2330 2935 superat,
2367 2874 2610 2937 prorsus
2640 2864 2779 2918 sunt
2835 2856 3211 2932 intemerata,
3245 2854 3508 2936 solisque
3566 2852 3707 2915 viris

2069 2943 2434 3025 spiritalibus
2486 2947 2831 3027 spiritaliter
2860 2953 3171 3026 apparent,
3232 2946 3391 3027 quod
3448 2946 3509 3007 in
3562 2941 3701 3006 ani-

2070 3032 2277 3096 mabus
2304 3038 2520 3099 nostris
2550 3035 2789 3116 exigant
2814 3034 3035 3099 habere
3083 3034 3197 3097 sibi
3224 3035 3567 3098 conformes
3599 3049 3705 3114 per

2070 3125 2340 3186 virtutem
2356 3134 2412 3187 et
2426 3125 2910 3206 incorruptibiles
2922 3126 3234 3205 imagines.
3246 3121 3703 3187 [ncircumscri-

2068 3220 2229 3293 ptum
2259 3216 2420 3276 enim
2449 3216 2594 3278 illud
2615 3215 3171 3278 virtutisdciformis
3185 3214 3570 3278 simulacrum
3591 3212 3705 3275 rite

2066 3301 2419 3365 imitandum
2454 3313 2636 3380 est,ut
2663 3306 2944 3387 spiritalis
2967 3323 3034 3367 ac
3061 3304 3332 3384 fragrans
3380 3304 3573 3385 ipsum
3604 3320 3703 3364 re-

338 3392 558 3454 πλᾶττει
618 3370 752 3475 ἐφ’δς
812 3397 874 3453 τὸ
929 3370 1216 3453 κάλλιστον
1271 3396 1512 3472 μίμημα.
1596 3396 1691 3455 Καὶ
1747 3395 1981 3475 καθάπερ

2071 3391 2213 3455 forat
2235 3370 2826 3476 pulchritudo,seque
2850 3394 3066 3456 formet
3095 3370 3421 3472 etveﬂingat'
3459 3393 3530 3455 ad
3564 3390 3700 3473 pul-

338 3484 421 3541 ἐπὶ
451 3488 559 3542 τῶν
584 3488 846 3554 αἰσθητῶν
894 3486 1135 3567 εἰκόνων,
1190 3487 1234 3542 εἰ
1282 3485 1347 3536 73
1401 3487 1528 3565 πρὸς
1560 3487 1620 3544 τὸ
1679 3485 1981 3565 ἀρχέτυπον

2071 3481 2424 3544 cherrimam
2458 3487 2590 3562 ejus
2614 3483 3027 3546 imitationem.
3088 3482 3156 3545 Et
3182 3482 3337 3545 sicut
3359 3482 3420 3544 in
3471 3480 3693 3559 imagi-

338 3575 481 3641 εἶδος
544 3578 572 3632 ὁ
615 3578 842 3657 γραφεὺς
896 3574 1128 3640 ἀκλινῶς
1188 3577 1388 3654 εἰσορᾷ,
1440 3576 1570 3654 πρὸς
1627 3572 1794 3650 μηδὲν
1849 3573 1981 3632 ἄλλο

2071 3570 2246 3633 nibus
2275 3572 2745 3649 sensibilibus,si
2768 3573 2960 3655 pictor
2978 3573 3050 3634 ad
3078 3573 3414 3653 primaevam
3435 3571 3701 3652 Speciem

335 3671 444 3722 τῶν
502 3667 710 3743 ὁρατῶν
758 3664 1149 3740 ἀνθτλκόμενος
1198 3664 1234 3734 ἢ
1284 3665 1422 3722 κατά
1476 3687 1528 3721 τι
1607 3664 1978 3743 μεριζόμενος,

2071 3663 2875 3739 constanterintendat,nulla
2900 3681 2968 3725 re
2991 3662 3108 3725 alia
3121 3662 3698 3740 visibilidistractus,

338 3755 494 3812 αίῖιτὸν
528 3755 761 3829 ἐκεῖνον,
807 3754 953 3819 ὅστις
986 3754 1117 3836 ἐστὶ,
1152 3756 1243 3811 τὸν
1275 3754 1610 3836 γραφόμενον
1637 3753 1701 3804 79
1730 3756 1800 3828 (εἰ
1829 3754 1977 3830 θέμις

2071 3770 2259 3834 neque
2280 3752 2611 3816 secundum
2627 3753 2928 3835 quidpiam
2945 3751 3575 3833 divisus,illumipsum
3595 3748 3703 3832 qui

341 3846 566 3926 εἰπεῖν),
628 3843 990 3925 διπλασιάσει,
1064 3846 1152 3901 καὶ
1217 3843 1367 3910 δείξει
1435 3846 1494 3901 τὸ
1557 3844 1748 3912 ἀληθὲς
1801 3843 1854 3902 ἐν
1902 3849 1980 3917 τῷ

2071 3841 2472 3924 depingendus
2498 3853 2590 3907 est
2616 3843 2690 3924 (si
2712 3850 2788 3906 ita
2808 3844 3007 3906 dicere
3024 3844 3214 3920 liceat)
3248 3840 3695 3925 quodammodo

337 3936 666 4015 ὁμοιώματι,
712 3936 800 3991 καὶ
854 3937 916 3991 τὸ
964 3935 1273 4015 ἀρχέτυπον
1333 3933 1386 3990 ἐν
1433 3941 1501 4011 τῇ
1549 3935 1734 4008 εἰκόνι,
1769 3937 1854 3991 καὶ
1906 3934 1978 3993 80

2071 3930 2395 4012 replicabit,
2414 3940 2589 4012 atque
2615 3932 3252 4012 ipsammetveritatem
3280 3930 3341 3993 in
3361 3929 3700 3993 similitudb

335 4026 583 4104 ἑκάτερον
627 4026 684 4081 εν
742 4023 975 4100 ἐκατέρῳ
1031 4025 1174 4103 παρὰ
1230 4026 1292 4080 τὸ
1322 4024 1418 4092 τῆς
1478 4023 1656 4089 οὒσίας
1708 4022 1974 4105 διάφορον’

2071 4038 2199 4082 nem
2225 4028 2279 4081 et
2301 4020 2684 4101 archetypum
2718 4023 2775 4084 in
2807 4022 3061 4101 imagine
3086 4020 3703 4101 exprlmet,alterum-

338 4115 476 4173 οὕτω
518 4128 637 4178 τοῖς
714 4113 1023 4194 φιλοκάλοις
1078 4114 1131 4170 ἐν
1184 4121 1260 4188 νῷ
1317 4121 1600 4195 γραφεῦσιν
1664 4114 1693 4182 ἦ
1744 4117 1873 4193 πρὸς
1919 4118 1979 4172 τὸ

2071 4128 2180 4190 que
2203 4109 2262 4171 in
2285 4111 2469 4172 altero
2496 4111 2642 4172 citra
2666 4111 3010 4172 substantiae
3024 4109 3422 4173 differentiam
3446 4107 3691 4170 referet:

336 4202 523 4271 εὒῶδες
560 4205 649 4262 καὶ
698 4204 914 4285 κρύφιον
970 4203 1169 4269 κάλλος
1213 4204 1405 4273 ἀτενὴς
1459 4206 1546 4261 καὶ
1590 4203 1979 4284 ἀπαρέγκλιτος

2071 4201 2148 4264 sic
2178 4203 2411 4264 honesti
2454 4202 2792 4265 amantibus
2822 4204 2881 4264 in
2916 4210 3116 4266 mente
3173 4199 3530 4282 pictoribus,
3565 4217 3699 4261 sna-

335 4296 531 4373 θεωρία
583 4295 647 4351 τὸ
707 4292 940 4356 ἀπλανὲς
999 4291 1294 4370 δωρήσεται
1337 4294 1426 4350 καὶ
1469 4290 1858 4351 θεοειδέστατον
1927 4294 1976 4338 8⁸

2071 4291 2349 4354 veolentis
2374 4301 2431 4353 et
2479 4311 2711 4354 arcana:
2758 4291 3218 4370 pulchritudinis
3261 4291 3490 4353 intenta
3547 4307 3696 4349 cou-

334 4382 593 4459 ἴνδαλμα.
667 4382 900 4446 Εἰκότως
957 4381 1047 4438 οὗν
1099 4384 1229 4461 πρὸς
1285 4382 1386 4451 την
1431 4382 1750 4460 δπερουσίως
1809 4381 1977 4450 εὒώδη

2071 4389 2348 4463 stansque
2363 4382 2788 4463 contemplatio
2816 4381 3391 4444 intaillibilemindet
3416 4379 3696 4441 maxime-

331 4474 422 4531 καὶ
472 4473 677 4540 νοητὴν
722 4470 1035 4548 εὐπρέπειαν
1091 4475 1137 4527 οἱ
1193 4475 1327 4528 θεῖοι
1363 4485 1588 4550 γραφεῖς
1618 4470 1677 4520 39
1705 4473 1766 4528 τὸ
1799 4474 1978 4550 νοερὸν

2071 4491 2182 4553 que
2196 4471 2544 4533 deiformem
2565 4470 3298 4550 imaginationem.Merito
3316 4470 3510 4551 itaque
3524 4467 3698 4530 divisi

335 4563 542 4620 ἑαυτῶν
570 4562 1019 4639 ἀμεταπρέπτως
1073 4559 1482 4637 εἶδοποιοῦντες,
1533 4560 1776 4637 οὐδεμίαν
1820 4560 1978 4640 δρῶσι

2071 4562 2344 4642 pictores,
2378 4561 2612 4644 quando
2646 4571 2909 4624 mentem
2955 4578 3121 4623 suam
3170 4559 3242 4621 ad
3305 4576 3697 4640 supraessen-

332 4654 442 4711 τῶν
491 4653 548 4709 ἐν
602 4655 787 4715 αὖτοτς
831 4652 1176 4727 θεομιμήτων
1236 4650 1437 4730 ἀρετῶν
1495 4652 1568 4714 εἷς
1610 4652 1674 4706 τὸ
1703 4654 1976 4728 θεαθῆναι,

2071 4652 2261 4714 tialem
2283 4652 2441 4713 illam
2463 4653 2819 4731 fragrantem
2835 4650 3286 4730 spiritalemque
3306 4647 3700 4730 pulchritudi-

333 4742 469 4801 κατὰ
515 4744 577 4799 τὸ
621 4741 827 4820 λόγιον,
889 4754 1006 4807 τοῖς
1068 4741 1386 4819 ἀνθρώποις·
1448 4740 1568 4797 ἀλλ’
1630 4742 1781 4819 ἱερώς
1844 4743 1979 4800 ἑπο-

2071 4760 2201 4804 nem
2224 4751 2564 4806 constanter
2578 4743 2911 4816 efformant,
2942 4741 3162 4803 nullam
3188 4741 3466 4803 virtutem
3488 4754 3699 4798 earnm

331 4833 639 4912 πτεύουσιν,
671 4833 747 4896 ὡς
779 4832 832 4887 ἐν
868 4832 1051 4911 είιιόνι,
1085 4838 1163 4906 τῷ
1217 4834 1339 4905 θείῳ
1388 4831 1536 4905 μύρῳ
1592 4832 1656 4887 τὰ
1720 4831 1814 4899 τῆς
1847 4831 1978 4890 Ἐκ·-

2071 4851 2196 4914 quae
2212 4832 2283 4894 iis
2307 4832 2877 4913 insuntagunt,utab
2894 4830 3256 4904 hominibus,
3290 4829 3376 4890 uti
3410 4826 3697 4907 scriptum

328 4922 558 4990 πλησίας
623 4922 884 5001 ἱερώταται
941 4919 1474 5000 περικεκαλλμμένα·
1534 4918 1614 4976 διὸ
1677 4922 1764 4976 καὶ
1806 4924 1976 4996 αὐτοὶ,

2071 4932 2175 5003 est,
2236 4921 2590 5001 videantur;
2653 4922 2755 4984 sed
2792 4929 2997 4983 sancte
3029 4926 3085 4981 in
3140 4926 3439 4998 unguento
3468 4917 3692 4998 divino,

339 5023 401 5069 τὸ
450 5009 570 5070 κατ’
628 5011 827 5088 ἀρετὴν
902 5014 1039 5091 ἱερὸν
1122 5013 1210 5068 καὶ
1267 5008 1657 5067 θεοειδέστατον
1706 5009 1842 5067 εἵσω
1888 5020 1980 5069 τοὺ

2071 5012 2221 5074 velut
2253 5011 2311 5074 in
2362 5012 2647 5093 imagine,
2681 5011 3087 5075 sacratissima
3131 5026 3381 5090 quaeque
3412 5005 3701 5071 Ecclesia;

331 5104 669 5178 θεομιμήτο)
722 5102 812 5158 καὶ
889 5101 1217 5179 θεογράπτου
1300 5100 1421 5163 νοός
1473 5101 1628 5178 ἱερῶς
1687 5104 1979 5179 περικαλύ-

2071 5102 2342 5182 mysteria
2377 5104 2570 5165 velata
2599 5101 3106 5182 contemplantur;
3134 5108 3310 5179 atque
3338 5097 3488 5159 adeo
3518 5095 3697 5179 quid-

335 5212 584 5266 πτοντες,
656 5191 790 5266 πρός
863 5190 1033 5266 μόνην
1110 5187 1469 5248 ἀποϐλέπουσι
1524 5189 1624 5258 τὴν
1674 5190 1978 5271 ἀρχέτυπον

2071 5191 2205 5275 quid
2250 5192 2309 5253 in
2367 5193 2577 5255 virtute
2627 5210 2859 5254 sacrum
2910 5206 2979 5255 ac
3006 5188 3262 5251 maxime
3291 5186 3578 5250 deiforme
3611 5195 3704 5251 est

336 5282 543 5351 νόησιν⁸
578 5279 699 5340 οὒδὶ
740 5281 841 5361 γὰρ
872 5280 1084 5339 ἀθέατοι
1112 5280 1177 5332 85
1206 5282 1370 5358 μόνον
1400 5279 1497 5336 εἰσὶ
1527 5292 1646 5345 τοῖς
1677 5279 1975 5358 ἀνομοίοις,

2071 5281 2219 5346 intra
2250 5290 2509 5346 mentem
2540 5300 2735 5360 suam,
2769 5298 2899 5363 quae
2926 5280 3000 5344 ad
3032 5279 3358 5361 imaginem
3390 5285 3450 5341 et
3479 5275 3697 5340 simili-

1632 5439 1891 5504 VARIIE
1943 5440 2265 5508 LECTION
2272 5443 2381 5507 ES.

414 5548 477 5630 ’τίκ
503 5549 942 5630 προηγουμένων,
976 5551 1083 5614 Ch.
1144 5549 1200 5630 ἠ
1228 5550 1465 5630 πάντων,
1608 5545 1676 5610 Ρ.
1712 5546 1782 5610 D.
1810 5549 1920 5610 Ch.
1966 5548 2020 5593 ⁷³
2049 5551 2137 5608 οὖν
2170 5570 2287 5613 non
2332 5558 2422 5613 est
2451 5549 2512 5611 in
2541 5553 2603 5613 S.
2636 5551 2700 5612 Ρ.
2739 5551 2810 5613 D.
2840 5548 2947 5611 Ch.
2987 5550 3047 5608 Β.
3071 5544 3127 5588 ⁷⁴
3160 5550 3266 5618 τῷν
3294 5540 3696 5630 θείιιξζᾷνδξῷᾓν,
3796 5572 3799 5575 ‘

339 5630 399 5696 S,
454 5621 629 5709 P._'B.
660 5621 813 5693 'Sar.
862 5630 927 5711 75
948 5632 1137 5711 μόνον,
1170 5629 1263 5711 Μ,
1291 5632 1390 5711 Sc,
1451 5621 1512 5673 ’Ἷθ
1539 5629 2021 5711 ἀπαῌραθραύστους.
2067 5632 2129 5681 ’Π
2158 5632 2529 5710 μεμηγμένον.
2558 5710 2561 5711 ν
2591 5631 2654 5681 78
2694 5632 2800 5711 ἀεί,
2830 5630 2909 5692 M.
2961 5630 3073 5711 Sc,
3093 5631 3167 5711 et_
3185 5642 3364 5711 11!pr
3375 5621 3495 5711 ἀλλ’
3538 5623 3694 5711 aiatbv

340 5702 583 5804 Euenos},
605 5717 670 5774 et
699 5727 807 5804 pro
853 5702 1209 5804 διπλασιάσει,
1244 5702 1699 5804 διαπλάσσξι.ωῗξ
1727 5702 1786 5767 τὸ
1829 5702 2185 5804 γραφόμενὲν,
2326 5702 2390 5764 ἕο
2418 5715 2475 5771 τὺ
2519 5710 2715 5776 ἄλη...
2749 5702 2836 5769 καὶ
2869 5727 2988 5773 om.
3024 5709 3100 5772 M.
3134 5707 3199 5766 Β.
3228 5702 3292 5767 S.
3324 5702 3396 5768 D.
3428 5703 3528 5767 SC.
3561 5705 3690 5773 Sar.

332 5790 380 5838 εί
409 5787 851 5871 θεοειδεστᾶτων,
883 5790 961 5857 Μ.
1021 5791 1076 5837 ⁸³
1102 5787 1439 5873 θεογραφεϊς,
1475 5789 1553 5858 Μ.
1583 5787 1639 5834 ⁸³
1669 5787 1956 5876 θεωρητοί,
1982 5793 2062 5857 Μ.
2097 5787 2196 5859 se.
