4150 6158
341 433 458 500 477

1354 433 1454 496 DE
1498 430 1806 496 ECCLES.
1874 429 2325 511 HlERARCH,
2368 430 2533 496 CAP.
2582 430 2688 496 IV.

3601 429 3719 499 478

338 574 469 651 πρὸς
558 567 833 651 ζωηφόρον
915 566 1196 649 υἱοθεσίαν,
1281 540 1607 649 ἐπιστροφὴν
1690 564 1746 624 δὲ
1840 566 1986 647 ἱερὰν

2082 565 2205 630 Pari
2234 583 2443 628 rursus
2468 565 2644 629 modo
2669 563 2900 630 cantica
2928 565 3379 649 Scripturarum
3411 572 3592 648 atque
3622 569 3715 634 le-

340 671 611 721 ποιοῦνται
669 663 773 719 τῶν
830 660 1032 739 ἐναγῶς
1119 658 1537 738 ἐνεργουμένων,
1599 657 1877 739 ἀφαιροῦσι
1937 655 1991 713 δὲ

339 752 439 821 τήν
496 750 735 808 ἐναντίαν
784 751 970 809 πτοίαν
1014 750 1103 807 καὶ
1162 747 1330 815 θέλειν
1359 746 1426 800 95
1477 749 1538 804 ἆκ
1583 753 1692 804 τῶν
1725 745 1991 826 ἀνάνδρως

341 840 759 920 ἐνεργουμένων,
814 842 876 897 τὸ
935 845 1035 909 τῆς
1078 837 1335 902 θεοειδοῦς
1381 828 1537 904 ἕξεως
1580 838 1668 893 καὶ
1721 835 1991 911 δυνάμεως

339 929 632 994 ἀκρότατον
702 928 981 1008 ἀναλόγως
1052 932 1234 992 αὐτοῖς
1292 926 1683 988 ὒποδεικνῦσαν
1746 923 1862 983 καθ’
1921 926 1988 995 ἣν

334 1018 785 1097 ἐκδειματώσουσι
843 1019 1049 1095 μᾶλλον
1101 1016 1167 1069 96
1218 1020 1363 1078 αὐτοὶ
1392 1018 1485 1084 τὰς
1533 1016 1768 1080 ἐναντίας
1828 1013 1989 1073 δυνάο

336 1132 485 1191 μεις,
518 1111 607 1169 καὶ
658 1111 754 1179 τῆς
784 1111 978 1188 ἐτέρων
1020 1109 1247 1189 ἰατρείας
1307 1109 1717 1188 προστήσονται,
1747 1108 1810 1163 τὸ
1866 1109 1991 1163 θεο-

341 1203 599 1277 μιμήτως
655 1200 907 1268 ἀκίνητον
940 1200 1038 1277 μὲν
1082 1198 1142 1256 ἐκ
1197 1205 1305 1256 τῶν
1360 1198 1566 1255 οἰκείων
1626 1196 1827 1268 καλῶν,
1862 1197 1992 1274 πρὸς

338 1289 392 1347 δὲ
435 1291 531 1357 τὰς
583 1290 823 1355 ἐναντίας
866 1292 1050 1357 πτοίας
1104 1287 1419 1370 δραστήριον
1475 1291 1571 1346 οὒκ
1621 1287 1838 1367 ἔχοντες
1884 1288 1988 1362 μό-

338 1403 454 1455 νον,
486 1380 625 1438 ἀλλὰ
672 1382 761 1438 καὶ
810 1379 1148 1457 δωρούμενοι·
1218 1391 1338 1444 τοϊς
1376 1377 1431 1435 δὲ
1475 1380 1548 1440 εἰς
1598 1377 1716 1434 νοῦν
1745 1377 1883 1455 ἱερὸν
1935 1374 1996 1433 ἐκ

339 1477 449 1529 τῶν
503 1472 770 1551 χειρόνων
828 1471 1281 1551 μεταφοιτήσασιν
1340 1466 1446 1534 ἓξιν
1516 1468 1658 1546 ἱερὰν
1713 1467 1994 1523 ἐντίθενται

341 1561 474 1640 πρὸς
504 1564 582 1634 τῷ
602 1559 666 1611 97
697 1560 777 1636 μὴ
805 1560 952 1623 αὖθις
1003 1561 1105 1616 ὑπὸ
1134 1559 1322 1622 κακίας
1354 1557 1579 1614 ἁλῶναιθ
1632 1557 1749 1619 τοὺς
1781 1554 1834 1612 δὲ
1865 1555 1997 1632 πρὸς

342 1650 406 1704 τὸ
456 1648 603 1706 εἶναι
662 1650 963 1727 πανάγνους
1035 1646 1235 1714 ἐνδεεῖς
1293 1646 1487 1710 τελέως
1561 1645 1995 1725 ἀπακαθαίρουσι*

342 1749 470 1802 τοὺς
531 1736 586 1795 δὲ
641 1740 812 1820 ἱερόῦς
870 1738 1088 1818 ἄγουσιν
1158 1739 1245 1795 ἐπὶ
1302 1738 1398 1801 τὰς
1466 1737 1607 1802 θείας
1659 1735 1861 1801 εἰκόνας
1913 1736 2002 1793 καὶ

344 1826 577 1905 ἐποψίας
623 1832 795 1889 αὐτῶν
840 1831 927 1887 καὶ
985 1828 1286 1887 κοινωνίας’
1344 1829 1561 1885 ἑστιῶσι
1607 1824 1661 1883 δὲ
1704 1826 1824 1892 τοὺς
1861 1848 2001 1882 παν-

344 1918 511 1997 ιέρους
536 1917 625 1995 98,
686 1919 740 1976 ἐν
796 1919 1074 1998 μάκαρῐοις
1117 1919 1206 1976 καὶ
1248 1930 1467 1985 νοητοῖς
1519 1916 1778 1992 θέάμασιν
1853 1915 1996 1971 ἀλο-

341 2007 643 2089 πληροῦσαι
686 2010 748 2066 τὸ
778 2007 999 2075 ἐνοειδὲς
1055 2010 1227 2067 αὐτῶν
1255 2014 1349 2065 τοῦ
1398 2006 1537 2089 ἐνὸς,
1570 2007 1659 2065 καὶ
1715 2004 1994 2063 ἐνοποιοῦ-

341 2120 455 2163 σαι,

2073 655 2302 718 ctiones
2332 655 2583 718 rudibus
2611 656 2807 719 adhuc
2836 658 3049 719 animis
3080 659 3154 721 ad
3175 659 3407 723 vitalem
3441 659 3720 742 adoptio-

2072 763 2211 807 nem
2259 744 2746 820 obstetricantur,
2785 756 2844 810 et
2887 765 3091 810 eorum
3141 748 3309 831 quia
3350 750 3719 813 daemonibus

2078 844 2648 913 vexantur,sanctam
2666 840 3508 919 promoventconversionem,
3534 859 3721 922 pavo-

2071 941 2322 1006 remque
2336 926 2702 988 contrarium
2724 935 2781 988 et
2794 927 3606 1007 pellicatumabolenteorum
3621 929 3723 1011 qui

2071 1026 2106 1076 a
2127 1014 2395 1076 daemone
2421 1016 2960 1095 propterignaviam
2989 1018 3383 1099 arripiuntur,
3410 1019 3552 1081 dum
3589 1020 3731 1081 2l8

2077 1104 2361 1166 nimirum
2388 1105 2529 1185 illis,
2559 1114 2629 1166 ad
2665 1106 2900 1168 illorum
2946 1115 3205 1187 captum,
3230 1116 3385 1170 statu
3420 1107 3730 1171 deiformis

2076 1209 2146 1257 ac
2175 1192 2406 1255 virtutis
2445 1195 2728 1256 verticem
2763 1204 3142 1277 praponunt;
3194 1198 3353 1261 unde
3386 1200 3471 1272 fit,
3512 1206 3575 1260 ut
3603 1196 3722 1279 ipsi

2077 1284 2271 1365 potius
2293 1284 2557 1346 adversis
2577 1284 2976 1365 potestatibus
2998 1288 3215 1348 terrori
3238 1289 3567 1370 sint,atque
3597 1306 3719 1350 caa-

2077 1374 2220 1435 teris
2243 1392 2484 1454 quoque
2505 1373 2783 1436 curandis
2808 1376 3225 1456 prmficiantur,
3249 1378 3322 1440 ad
3342 1377 3448 1441 Dei
3474 1377 3717 1458 quidem

2079 1462 2467 1525 imitationem
2501 1462 2675 1526 bonis
2701 1465 2961 1545 prapriis
3009 1466 3276 1543 stabiliti,
3307 1467 3592 1529 adversus
3620 1485 3721 1529 au-

2082 1562 2202 1617 tem
2237 1560 2496 1615 terrores
2525 1554 2857 1616 contrarios
2886 1573 3008 1616 non
3042 1563 3268 1619 tantum
3312 1556 3720 1621 efﬁcacitatem

2082 1641 2440 1719 obtinentes,
2474 1661 2677 1706 verum
2712 1644 2885 1706 etiam
2929 1644 3284 1725 largientes:
3317 1646 3390 1708 iis
3421 1664 3561 1708 vero
3618 1644 3723 1724 qui

2084 1749 2157 1795 ex
2186 1732 2598 1812 iniquitatibus
2610 1732 2681 1796 ad
2701 1742 2961 1797 mentem
2993 1743 3255 1798 sanctam
3278 1735 3727 1812 redierunt,ha—

2084 1820 2269 1884 bitum
2303 1823 2620 1904 quemdam
2667 1832 2936 1885 sanctum
2970 1824 3260 1902 inferunt,
3293 1843 3370 1887 ne
3410 1825 3726 1906 iniquitate

2083 1912 2279 1976 denuo
2293 1912 2848 1995 capiantur;quibus
2864 1920 3057 1976 autem
3085 1914 3157 1976 ad
3182 1914 3586 1979 omnimodam
3613 1934 3729 1995 pu-

2078 2002 2314 2065 ritatem
2372 2002 2699 2085 quidquam
2754 2003 2943 2084 deest,
2978 2005 3113 2065 illos
3141 2004 3402 2082 perfecte
3444 2010 3731 2086 expiant;

2076 2101 2313 2155 sanctos
2356 2110 2503 2155 vero
2558 2093 2633 2155 ad
2663 2092 2952 2172 imagines
2998 2093 3227 2156 divinas
3261 2104 3321 2159 et
3376 2095 3726 2157 earumdem

339 2186 669 2250 contuitum
701 2193 876 2269 atque
907 2187 1272 2252 consortium
1305 2195 1698 2271 promovent;
1732 2190 1982 2268 pascunt
2011 2182 2220 2244 itidem
2253 2202 2357 2246 eos
2404 2182 2507 2264 qui
2526 2183 2650 2263 jam
2684 2184 2857 2264 plane
2889 2184 3075 2245 sancti
3108 2193 3265 2261 sunt,
3301 2183 3491 2247 beatis
3520 2202 3587 2247 ac
3614 2183 3737 2267 spi-

338 2276 613 2340 ritalibus
649 2278 1088 2359 spectaculibus
1111 2295 1319 2344 eorum
1353 2277 1819 2341 uniformitatem
1854 2293 1972 2337 uno
2019 2273 2121 2336 illo
2148 2273 2547 2355 adimplentes
2573 2280 2633 2334 et
2662 2272 3035 2337 uniﬁcantes.

1930 2437 1960 2518 §
2007 2435 2109 2500 1v.

426 2562 489 2621 Τί
541 2561 647 2638 δές
695 2564 945 2645 Οὒχὶοκαὶ
998 2566 1092 2630 τὰς
1139 2566 1215 2641 μὴ
1271 2567 1447 2634 πάντη
1489 2565 1744 2645 καθαρὰς,
1778 2566 1852 2621 ὧν
1891 2560 1995 2631 ἤδη

343 2655 570 2731 μνήμην
627 2652 1018 2731 ἐποιησάμεθα,
1066 2656 1263 2737 τάξεις,
1321 2656 1530 2734 ἀμιγῶς
1579 2652 1823 2733 ἀπολύει,
1859 2652 1997 2710 κατὰ

343 2746 439 2801 τὸν
482 2742 641 2801 αῦτὸν
669 2749 766 2811 τῆς
811 2744 1071 2811 συνάξεως
1118 2746 1341 2826 τρόπον,
1374 2748 1409 2815 ἡ
1453 2752 1691 2824 παροῦσα
1735 2746 1823 2799 νῦν
1885 2742 1998 2821 ἱερᾶ

341 2831 685 2908 τελετουργία
738 2833 825 2909 99,
859 2835 1041 2911 μόνοις
1098 2834 1153 2891 ἐν
1196 2834 1390 2892 εἰκόσιν
1444 2833 1691 2914 ὁρωμένη
1748 2845 1867 2896 τοῖς
1921 2834 1999 2889 ἰε-

344 2935 466 3002 ροϊς
529 2922 638 2996 100,
696 2925 783 2980 καί
839 2927 970 3004 πρὸς
1052 2927 1232 3000 μόνων
1301 2924 1515 3000 ἀμέσως
1574 2929 1679 2979 τῶν
1736 2921 1997 3001 πανιέρων

343 3014 689 3093 ἱεραρχικατς
779 3012 1088 3094 ἀναγωγαῖς
1162 3014 1562 3090 ἐποπτευομένη
1632 3014 1718 3069 καὶ
1787 3015 1996 3092 ἱερουρ-

342 3101 640 3180 γουμένη;
704 3104 877 3161 Ταῦτα
912 3105 1011 3176 μὲν
1067 3103 1156 3161 οῦν
1185 3102 1287 3171 ἤδη
1332 3103 1590 3165 πολλάκις
1650 3104 1787 3178 ἡμῖν
1844 3103 1997 3179 εἰρη-

341 3190 483 3268 μένα
531 3194 774 3271 περιττόν
804 3192 947 3252 ἐστιν
977 3193 1024 3270 ί,
1060 3196 1130 3258 ὡς
1185 3195 1367 3274 οἶμαι,
1399 3206 1516 3256 τοῖς
1569 3195 1750 3258 αὐτοῖς
1793 3191 1997 3248 ἐπάνα-

339 3280 567 3339 κυκλεῒν
595 3280 627 3331 9
673 3281 877 3365 λόγοις,
913 3286 999 3341 καὶ
1029 3285 1106 3360 μὴ
1140 3284 1269 3364 πρός
1318 3285 1384 3340 τὰ
1414 3283 1536 3350 ἑξῆς
1582 3281 1877 3357 μεταϐῆναι
1907 3282 1999 3337 τὸν

336 3371 536 3451 ἰεράρχ
540 3394 608 3438 ην
668 3372 856 3435 ἑνθέως

2161 2557 2312 2632 Quid
2336 2558 2552 2640 porro?
2571 2560 2848 2641 Nunquid
2884 2560 3063 2622 etiam
3097 2578 3359 2641 praesens
3378 2576 3512 2641 qua;
3544 2556 3723 2619 modo

2081 2647 2420 2711 celebratur
2443 2650 2817 2713 consecratio
2842 2649 3087 2712 ordines
3118 2649 3253 2712 illos
3272 2650 3371 2732 qui
3404 2667 3521 2710 non
3551 2646 3727 2728 plane

2081 2738 2287 2800 mundi
2324 2747 2483 2813 sunt,
2522 2757 2775 2819 quorum
2819 2746 2994 2801 antea
3037 2741 3398 2801 mentionem
3449 2737 3723 2812 fecimus,

2080 2828 2506 2909 impromiscue
2528 2828 2875 2911 dimittit,eo
2900 2829 3076 2891 modo
3094 2849 3210 2911 quo
3238 2830 3303 2892 fit
3333 2830 3392 2890 in
3410 2826 3636 2909 synaxi,
3669 2832 3729 2888 et

2078 2923 2137 2979 in
2158 2918 2342 2981 sacris
2363 2925 2588 2980 tantum
2621 2918 2982 2997 imaginibus
3006 2919 3415 3000 cernitur‘00',
3439 2925 3499 2981 et
3529 2936 3562 2979 a
3582 2914 3728 2978 solis

2081 3009 2220 3071 viris
2243 3010 2643 3073 sanctissimis
2665 3009 2725 3072 in
2757 3011 3149 3073 hierarcbicis
3173 3009 3478 3090 anagogiis
3506 3015 3728 3070 imme-

2078 3099 2236 3161 diate
2262 3099 2630 3180 conspicitur
2657 3118 2726 3162 ac
2745 3100 3083 3163 celebratur
3104 3106 3132 3164 ?
3160 3102 3409 3175 Verum,
3438 3099 3563 3162 hate
3590 3114 3727 3160 cum

2081 3188 2722 3268 ειηοὺὶςεωρθηυιηοεο
2736 3190 2896 3251 dicta
2918 3190 3569 3271 sint,supervacaneum
3595 3203 3729 3249 esse

2080 3278 2340 3340 arbitror
2360 3279 2571 3340 iisdem
2606 3279 2801 3341 verbis
2828 3289 3127 3360 repetere,
3154 3282 3296 3360 quin
3323 3280 3521 3359 potius
3544 3277 3617 3339 ad
3652 3294 3726 3339 ea

947 3375 1176 3451 δρῶντας
1256 3373 1358 3430 ὑπὸ
1427 3369 1733 3432 δυοκαίδεκα
1790 3368 1995 3448 πτέρυξι

2083 3386 2214 3448 qua)
2243 3380 2579 3448 sequuntur
2623 3368 3005 3449 transeundo,
3042 3370 3382 3449 pontiﬁcem
3426 3368 3727 3429 videamus

340 3459 879 3538 περικεκαλυμμένον
939 3460 1135 3544 ἔχοντα
1199 3463 1259 3519 τό
1315 3466 1462 3519 θεθον
1522 3462 1707 3541 μύρον,
1753 3465 1841 3516 καὶ
1898 3459 1995 3525 τὴν

2082 3457 2190 3518 alis
2221 3456 2539 3519 duodecim
2573 3456 2907 3519 obvelatum
2970 3466 3336 3537 unguentum
3369 3474 3602 3521 sacrum
3633 3462 3729 3517 te-

341 3551 757 3627 παναγεστάτην
840 3549 923 3608 ἐπ’
1011 3554 1153 3626 αὗτῷ
1254 3552 1524 3608 τελείωσιν
1606 3552 1991 3629 ἱερουργοῦντα.

2083 3555 2349 3617 nentem,
2377 3563 2443 3607 ac
2462 3545 2844 3626 purissimum
2873 3548 2931 3609 in
2956 3566 3027 3609 eo
3048 3555 3482 3609 sacramentum
3510 3562 3728 3606 conse-

338 3639 594 3716 Τέλωμεν
644 3641 839 3711 τοίνυν,
899 3643 973 3705 ὡς
1043 3648 1078 3709 ἡ
1144 3650 1235 3699 τοῦ
1302 3643 1467 3721 μόρου
1543 3639 1777 3704 σύνθεσις
1841 3660 1995 3694 aova-

2082 3647 2375 3698 crantem.
2409 3635 2690 3699 Dicamus
2717 3636 3214 3719 igitur,unguenti
3237 3636 3728 3718 compositionem

340 3729 502 3807 γωγή
576 3730 654 3795 τίς
702 3730 844 3787 ἐστιν
902 3731 1139 3789 εὒπνόων
1204 3730 1340 3787 δλῶν
1397 3731 1453 3788 ἐν
1512 3732 1673 3807 ἑαυτῇ
1728 3728 1994 3792 πλουσίως

2082 3725 2486 3787 collectionem
2519 3726 2834 3807 quamdam
2861 3746 2990 3789 esse
3020 3726 3402 3805 fragrantium
3450 3724 3731 3787 materia-

344 3818 557 3898 ἔχουσα
602 3820 896 3887 ποιότητας
928 3821 1206 3897 εὖόσμους,
1241 3826 1304 3891 ἧς
1357 3823 1403 3878 οἱ
1435 3822 1800 3900 μετασχόντες
1856 3818 1994 3874 εὔω-

2082 3833 2241 3896 rum,
2265 3833 2399 3895 qua:
2428 3815 2488 3875 in
2512 3816 2806 3879 seatl‘atim
2827 3817 3238 3879 suaveolentes
3259 3817 3528 3878 continet
3546 3813 3733 3895 quali-

348 3906 645 3988 διάζονται,
673 3912 810 3967 κατὰ
837 3914 937 3980 τὴν
982 3910 1264 3988 ἀναλογίαν
1316 3918 1407 3968 τοῦ
1436 3918 1604 3968 ποσοῦ
1632 3912 1732 3977 τῆς
1777 3910 1995 3987 ἐγγενο-

2086 3913 2259 3980 tates,
2284 3904 2456 3985 cujus
2481 3904 2582 3987 qui
2609 3906 2924 3987 participes
2955 3907 3270 3981 exsistunt,
3304 3906 3503 3968 odoris
3531 3904 3730 3966 suavi-

352 3998 523 4073 μένης
582 4003 767 4063 αὐτοῖς
807 4008 898 4058 τοῦ
954 4000 1177 4065 εὖῶδους
1241 3998 1524 4077 μεθέξεως,
1562 4000 1894 4074 Πεπείσμεθα
1946 3995 1995 4053 δὲ

2085 4001 2204 4056 tate
2224 3993 2518 4069 aﬂlantur,
2557 3996 2942 4076 proportione
2971 3994 3286 4074 fragrantis
3317 4014 3448 4076 quae
3478 3994 3594 4056 illis
3630 3994 3727 4055 in-

353 4088 505 4145 εῖναι
554 4089 647 4145 τὸν
691 4090 1121 4171 θεαρχικώτατον
1181 4089 1385 4158 Ἰησοῦν
1432 4090 1750 4169 ὑπερουσίως
1805 4085 1998 4166 εὐώδη,

354 4192 586 4248 νοηταῖς
657 4176 926 4236 διαδόσεσι
987 4182 1047 4238 τὸ
1123 4182 1303 4260 νοερὸν
1373 4182 1529 4254 ἡμῶν
1598 4176 2007 4255 ἀποπληροῦντα

347 4271 494 4334 θείας
526 4267 752 4337 ἡδονῆς,
789 4271 846 4327 Εἰ
882 4270 976 4348 γάρ
1035 4269 1065 4336 ἦ
1109 4274 1217 4326 τῶν
1248 4272 1511 4337 αἰσθητῶν
1543 4267 1750 4325 eoan
1778 4267 1811 4317 ὅ
1857 4266 2007 4323 ἀντί-

2086 4092 2177 4146 est
2223 4083 2712 4164 participationis.
2760 4087 2988 4147 Scimus
3032 4097 3256 4166 autem,
3299 4084 3729 4146 divinissimum

2093 4174 2254 4235 illum
2268 4172 2297 4235 J
2305 4190 2468 4233 esum
2483 4173 3137 4253 suprasubstautialiter
3156 4171 3731 4253 fragrantem,spiri-

2091 4261 2311 4324 talibus
2362 4261 2885 4324 distributionibus
2915 4271 3141 4342 partem
3187 4264 3372 4325 nostri
3401 4263 3730 4344 spiritalem

339 4358 548 4438 ληψις,
579 4358 830 4416 εὐπαθεῖν
890 4360 1043 4417 ποιεῖ
1075 4361 1163 4415 καὶ
1204 4359 1387 4438 τρέφει
1428 4360 1521 4415 σὺν
1556 4356 1714 4434 ἡδονῇ
1740 4355 1917 4433 πολλῇ
1948 4357 1995 4411 τὶ

2092 4352 2290 4412 divina
2324 4352 2614 4430 voluptate
2632 4369 2929 4415 recreare.
2964 4351 3023 4414 Si
3045 4352 3203 4413 enim
3236 4371 3435 4414 rerum
3467 4349 3733 4413 sensibi-

335 4454 447 4505 τῶν
478 4450 798 4528 ὀσφραντων
854 4450 1010 4525 ἡμῶν
1042 4447 1389 4529 διακριτικὸν,
1421 4448 1576 4527 εἴπερ
1632 4445 1858 4511 ἀϐλαϐές
1890 4467 1946 4503 τε
1978 4445 1995 4494 4

2094 4442 2236 4503 lium
2290 4439 2691 4502 suaveolentia
2744 4449 3034 4522 nostrum,
3072 4443 3248 4504 modo
3310 4459 3489 4505 sanus
3540 4450 3599 4503 et
3646 4439 3733 4502 rei

332 4538 428 4606 εἴη
477 4540 569 4596 καὶ
622 4540 754 4617 πρὸς
813 4539 875 4595 τὸ
935 4536 1125 4602 εὒὼδες
1173 4538 1227 4594 ἐν
1286 4539 1581 4615 συμμετρίᾳ
1637 4534 1995 4622 κατάλληλον1

2087 4531 2403 4622 odoriferae
2420 4529 2621 4622 debita
2633 4531 3019 4622 proportione
3050 4532 3532 4593 accommodatus
3544 4532 3620 4593 sit
3648 4530 3735 4592 ol-

332 4627 623 4707 ἀναλόγως
678 4626 740 4683 ἄν
770 4650 849 4692 τις
894 4629 1023 4709 φαίη
1058 4632 1147 4685 καὶ
1189 4630 1284 4693 τὰς
1332 4628 1515 4707 νοεράς
1555 4631 1711 4702 ἡμῶν
1762 4618 1995 4701 δυνάμειξ

2088 4621 2306 4682 factum
2345 4620 2495 4682 bene
2527 4618 2735 4692 afﬁcit,
2773 4628 2831 4681 et
2864 4639 3073 4700 magna
3107 4640 3242 4682 cum
3278 4622 3575 4702 voluptate
3604 4622 3733 4701 alit,

333 4720 470 4796 πρὸς
518 4719 619 4785 τὴν
681 4717 767 4775 ἐπὶ
795 4721 859 4776 τὸ
913 4732 1103 4799 χεῖρον
1128 4717 1307 4798 ὕφεσιν
1368 4717 1788 4797 ἀπαραφθάρτως
1833 4716 1865 4765 5
1893 4714 1995 4771 δια-

2091 4711 2295 4773 eadem
2331 4712 2534 4790 utique
2564 4709 2797 4771 ratione
2828 4710 2987 4772 dicat
3019 4710 3255 4791 aliquis,
3288 4712 3590 4789 spiritales
3619 4728 3733 4771 no-

335 4807 631 4887 κειμένας,
663 4808 716 4865 ἐν
763 4814 834 4885 τῇ
887 4798 981 4866 τοῦ
1024 4807 1077 4864 ἐν
1134 4810 1268 4882 ἡμῖν
1328 4814 1562 4886 κριτικοῦ
1591 4811 1787 4887 φασικῇ
1815 4804 1995 4883 ῥώσει,

2084 4811 2234 4863 stras
2280 4800 2612 4876 facultates,
2648 4799 2699 4860 si
2749 4798 2909 4860 nulla
2957 4800 3016 4860 in
3061 4800 3279 4861 malum
3336 4800 3735 4881 propensione

334 4898 478 4954 κατὰ
524 4899 594 4955 τὰ
648 4899 928 4976 θεουργικὰ
985 4897 1152 4975 μέτρα
1212 4898 1299 4954 καὶ
1354 4898 1453 4964 τὴν
1508 4893 1852 4962 κατάλληλον
1909 4900 1995 4951 τοῦ

2086 4897 2381 4969 corruptae
2412 4888 2656 4967 fuerint,
2692 4889 2949 4951 naturali
2981 4891 3238 4966 quodam
3263 4890 3473 4969 judicii
3506 4889 3732 4970 vigore,

340 4989 460 5050 νοὸς
522 4988 660 5066 πρὸς
728 4989 791 5044 τὸ
848 4991 995 5045 θεῖον
1057 4987 1406 5066 ἐπιστροφὴν,
1462 4986 1514 5042 ἐν
1575 4984 1859 5060 ἀντιλήψει
1904 4985 1995 5049 τῆς

2085 4979 2419 5042 secundum
2445 4978 2664 5040 divinae
2689 4979 3048 5059 operationis
3073 4980 3277 5041 modos
3293 4998 3738 5061 congruamque

2091 5069 2305 5131 mentis
2324 5068 2396 5129 ad
2428 5068 2613 5129 Deum
2647 5070 3124 5145 conversionem,
3151 5069 3337 5132 divini
3356 5070 3563 5133 odoris
3592 5088 3733 5133 sua-

1670 5190 1929 5257 VARIAE
1971 5186 2405 5255 LECTIONES.

422 5302 493 5356 οδ
524 5302 741 5382 φέρουσι
785 5301 840 5360 δὲ
871 5302 967 5371 τὴν
1001 5301 1237 5382 ἐναντίαν
1268 5301 1303 5370 ἢ
1325 5299 1531 5382 τοιάνδε
1567 5298 1827 5381 κάθελξιν,
1860 5300 1934 5364 Μ,
1970 5299 2064 5364 Sc.
2092 5297 2156 5347 96
2186 5297 2441 5382 μάλιστα,
2478 5296 2554 5359 Μ.
2599 5295 2662 5382 9_7
2691 5298 2821 5373 πρὸς
2844 5296 2927 5377 τό,
2962 5297 3327 5382 Sc,_Sar,_98
3358 5301 3518 5363 hunc
3543 5301 3736 5363 locum

346 5382 428 5443 ita
457 5375 646 5446 habél
677 5385 754 5445 Μ.
784 5384 996 5458 ἑστιῷσι
1026 5381 1080 5438 δὲ
1108 5384 1253 5461 τοὺς,
1288 5381 1547 5461 πανιέρως
1580 5385 1633 5438 ἐν
1664 5375 1942 5458 μακαρίοις
1973 5383 2060 5438 καί
2092 5386 2295 5451 νοητῷς
2323 5378 2600 5461 θεάμαᾳιν,
2630 5375 3033 5461 it_aque__vertit
3070 5377 3166 5441 Sc.
3205 5379 3509 5460 Beﬁciunt
3538 5390 3740 5443 autem

348 5456 1207 5545 ιιιιοεάαηιεαοιθιιίλὶζςιςεηιεἱηΔ
1240 5456 1455 5545 beatis
1472 5456 1894 5545 invisibiliter,
1932 5471 2047 5525 etc.
2109 5461 2173 5511 99
2205 5458 2586 5545 Infamata,
2620 5456 2753 5545 Ch._
2788 5456 2869 5545 {00
2896 5472 3013 5545 tot;
3049 5456 3360 5545 ὁρωπένοις,
3399 5461 3622 5545 ειμι).
3657 5464 3736 5525 Μ.

344 5536 493 5629 Scot
517 5543 716 5629 vertit,
751 5543 1057 5629 obtutibus
1077 5542 1331 5605 divinis.
1370 5540 2039 5629 ‘°°'_Refert_interpres
2073 5539 2467 5629 masculinum
2500 5536 2756 5629 ἱεροῖςβὰ
2790 5536 3139 5629 femininum
3190 5536 3379 5603 εικάσί.
3406 5538 3578 5629 _Umle
3599 5558 3737 5629 sus-

350 5624 507 5704 picio
542 5617 729 5687 oritur
758 5626 902 5704 verti
936 5641 1129 5704 posse:
1155 5641 1191 5683 a
1212 5638 1440 5685 SANCTIS
1466 5624 1533 5684 in
1548 5617 1918 5704 imaginibus
1951 5632 2176 5684 tantum
2206 5620 2544 5704 cernityrm
2565 5617 2949 5704 soti3_{1utem
2977 5635 3366 5704 saucrtsstms
3395 5620 3744 5704 immediate

348 5696 811 5786 conspicitur...
1001 5706 1263 5767 PATROL.
1326 5705 1356 5786 17
1377 5706 1513 5786 ἡμῖν
1543 5696 1709 5786 ἐστιν,
1742 5704 1821 5768 Μ,
1883 5700 2356 5786 ἓέπανακέκλουγ,
2393 5696 2504 5786 (ἷὴέ
2562 5696 2849 5786 θιεῦωδίαις⁵
2870 5702 2958 5757 καὶ
2988 5697 3201 5775 ἡδονῆς,
3237 5699 3305 5763 Π.
3330 5707 3437 5777 τῷν
3471 5701 3740 5778 αἶώητῷς

351 5779 567 5862 amp»
594 5788 660 5851 S.
699 5788 728 5855 ἦ
758 5788 860 5867 γὰρ
888 5793 994 5862 τῷν
1025 5787 1312 5862 αἰσθητῷν,
1350 5785 1427 5847 Μ.
1458 5782 1559 5847 Sc.
1618 5782 1646 5825 ⁴
1671 5779 1728 5842 τέ
1758 5803 1877 5847 non
1904 5784 2080 5847 habet
2110 5784 2191 5847 Μ.
2249 5782 2278 5825 5
2306 5779 2775 5859 ἀπαραθραύστως,
2811 5779 2884 5841 D.

338 5080 644 5158 θὶαρχεκῆς
725 5075 937 5142 εὐωδίας
1008 5077 1262 5155 γίνεσθαι,
1337 5078 1427 5133 καὶ

1512 5076 1790 5137 εὐπαθείας
1862 5077 2003 5152 ἱερᾶς
