4150 6158
424 377 544 445 479
1593 383 1656 446 S.
1706 381 2046 446 DIONYSIl

2152 383 2610 449 REOPAGIT/E.
3683 388 3806 457 480

425 520 600 582 vitate
618 517 1089 608 perfundi,atque
1103 535 1272 582 sacra
1302 517 1558 608 quadam
1574 516 1878 598 voluptate
1899 523 1959 579 et
1980 516 2067 579 di-

2160 517 2487 608 πληροῦσθαι
2531 521 2618 578 καί
2647 519 2920 590 θειοτάτης
2965 519 3188 604 τρόφῆς.
3223 523 3422 584 Obiton
3450 525 3485 595 ἡ
3513 531 3607 584 τοῦ
3637 527 3804 608 μύρου

428 607 733 672 vinissimo
750 609 1029 672 alimento
1053 609 1278 672 satiari.
1311 607 1570 690 Ipsamet
1591 608 1764 688 igitur
1790 610 2067 688 unguenti

2153 607 2448 685 συμϐολική
2505 611 2759 685 σύνθεσις,
2806 614 2881 679 ὡς
2936 612 2990 670 ἐν
3035 612 3308 695 μορφώσει
3368 620 3474 674 τῶν
3537 607 3802 697 ἀμορφῶ-

428 699 680 778 mystica
709 699 1082 778 compositio,
1117 699 1257 760 219
1288 697 1458 775 quasi
1498 701 1557 761 in
1591 697 1942 775 ﬁguratione
1970 715 2067 760 re-

2152 719 2283 775 των,
2315 701 2470 756 αὑτὸν
2525 701 2662 776 ἡμῖν
2692 703 2984 783 ὑπογράφει
3041 705 3132 760 τὸν
3166 700 3369 770 Ἰησοῦν
3401 720 3642 784 πηγαῖον
3673 705 3804 765 ὄντα

422 805 556 850 rum
572 788 1596 870 infigurabilium,ipsummetlesum
1615 787 1786 849 nobis
1805 787 2067 867 depingit

2152 795 2256 844 τῶν
2327 789 2477 845 θείων
2562 787 2768 846 εὐωδῶν
2837 791 3173 869 ἀντιλήψεων
3248 792 3430 871 ὄλϐον,
3493 794 3804 874 ἀναλογίαις

423 897 558 942 esse
577 878 798 940 fontem
828 878 1143 953 uberem,e
1167 897 1286 956 quo
1310 877 1643 939 divinorum
1669 877 1919 938 odorum
1934 895 2067 938 sua-

2152 881 2467 956 θεαρχικαϊς
2517 880 2589 943 είς
2620 880 2684 935 τὰ
2735 878 3160 939 θεοειδέσταταθ
3215 889 3320 940 τῶν
3370 885 3560 961 νοερῶν
3618 883 3802 943 ἀναδι-

421 968 628 1030 vitates
645 968 1171 1044 hauriuntur,dum
1189 965 1670 1048 proportionibus
1689 964 2066 1046 diviaoprin-

2152 965 2304 1025 δόντα
2332 968 2451 1033 τοὺς
2500 969 2797 1034 θειοτάτους
2840 970 3060 1048 ἀτμοὺς,
3107 972 3188 1052 ἐφ’
3234 977 3320 1038 οἷς
3373 976 3420 1031 οἱ
3463 975 3578 1040 νόες
3629 976 3802 1034 εὑπα-

424 1056 718 1137 cipalibus
747 1057 806 1118 in
840 1065 1069 1118 mentes
1101 1058 1354 1118 maxime
1399 1056 1726 1118 deiformes
1758 1054 2064 1117 divinissi-

2152 1060 2250 1123 θῶς
2305 1056 2578 1134 ἡδόμενοι,
2626 1061 2712 1116 καὶ
2765 1068 2872 1118 τῶν
2934 1062 3085 1140 ἱερῶν
3143 1063 3483 1139 ἀντιλήψεων
3541 1064 3801 1134 ἀποπλη-

427 1166 555 1209 mos
581 1147 716 1209 illos
733 1146 979 1228 Spiritus
1004 1147 1279 1223 infundit,
1307 1145 1521 1227 quibus
1542 1144 1797 1207 suaviter
1825 1145 2067 1222 aﬂ‘ectae,

2160 1147 2424 1227 ρούμενοί,
2457 1154 2625 1228 τροφῇ
2682 1157 2848 1227 νοητῇ
2899 1156 3158 1232 χρῶνται,
3195 1157 3264 1220 τῆ
3321 1154 3452 1232 πρὸς
3511 1177 3571 1211 τ’)
3617 1157 3804 1230 νοερὸν

421 1236 727 1317 sacrisque
754 1235 1242 1316 perceptionibus
1271 1236 1486 1317 plenae,
1516 1235 1771 1316 spiritali
1790 1235 2067 1299 alimonia

2161 1238 2330 1294 αὑτῶν
2386 1236 2604 1296 εἰσδύσει
2658 1245 2762 1297 τῶν
2807 1242 2943 1299 κατὰ
2988 1241 3128 1300 θείαν
3171 1241 3375 1320 μέθεξιν
3415 1242 3622 1302 εὑωδῶν
3672 1243 3804 1303 δια-

423 1327 833 1408 periruuntur,
859 1326 995 1387 dum
1030 1326 1446 1388 suaveolentes
1468 1327 1593 1386 ista;
1623 1325 2075 1390 distributiones
2158 1325 2376 1392 δόσεων,

421 1415 619 1479 divina
676 1414 998 1495 largitione
1055 1415 1386 1498 spiritalem
1445 1416 1661 1479 animae
1733 1417 2071 1496 portionem

425 1503 706 1573 subeunt.

2039 1641 2181 1722 ἓν.

501 1776 790 1843 Existimo
819 1790 1014 1845 autem
1048 1799 1180 1846 esse
1213 1789 1620 1866 perspicuum,
1655 1778 2067 1864 superioribus

2230 1777 2397 1838 ’Ἐστι
2427 1779 2506 1856 δὲ,
2541 1782 2614 1844 ὡς
2645 1793 2824 1857 οἶμαι,
2858 1780 3042 1859 δῆλον,
3074 1783 3156 1841 ὅτι
3201 1788 3324 1850 ταῖς
3357 1783 3485 1862 ὑπὲρ
3532 1785 3670 1860 ἡμᾶς
3703 1787 3803 1844 οὑ·-

424 1869 729 1948 essentiis,
766 1879 968 1953 utpote
1026 1872 1439 1947 divinioribus,
1475 1873 1712 1936 fontalis
1743 1869 2076 1951 fragrantia

422 1954 881 2019 distributionem
916 1964 1390 2034 propinquiorem
1420 1962 1842 2037 quodammodo
1872 1961 2076 2017 existe-

421 2064 510 2122 re,
545 2050 855 2130 magisque
901 2071 966 2115 se
997 2054 1113 2115 illis
1164 2073 1517 2134 expromere
1567 2072 1636 2116 ac
1685 2051 2068 2126 distribuere,

423 2147 647 2217 partem
674 2142 1024 2204 eoruntdem
1052 2145 1306 2207 maxime
1335 2145 1687 2206 deiformem
1719 2142 2072 2223 virtutisque

424 2226 708 2305 spiritalis
730 2233 1182 2311 capacissimam
1202 2234 1424 2295 affatim
1447 2233 1889 2307 mundando,ac
1917 2231 2037 2292 mul
2055 2266 2072 2278 -

422 2316 713 2398 tipliciter
731 2320 1072 2403 subeundo;
1100 2324 1170 2385 ad
1193 2323 1510 2386 inferiores
1522 2327 1813 2402 autem,et
1834 2323 1933 2403 qui
1953 2340 2073 2383 non

423 2421 591 2486 mque
609 2427 853 2490 capaces
877 2422 1040 2492 sunt,
1063 2431 1400 2495 supremam
1427 2414 1586 2474 illam
1611 2411 2073 2493 contemplatio-

422 2513 559 2557 nem
582 2505 760 2579 atque
773 2503 1257 2564 communionem
1274 2513 1620 2564 reverenter
1640 2501 2072 2581 contrahendo,

423 2585 699 2666 ejusdem
719 2591 1751 2672 participstionem,instillationibus
1766 2609 1966 2653 eorum
1982 2609 2076 2654 ca-

419 2676 542 2756 ptui
560 2681 1044 2756 accommodatis,
1074 2683 1277 2745 divina
1289 2689 1538 2764 quadam
1559 2683 1940 2764 proportione
1962 2680 2072 2742 de-

413 2765 627 2829 rivare.
692 2769 855 2832 Ordo
886 2771 1084 2852 itaque
1127 2771 1476 2854 Seraphim,
1506 2772 1606 2853 qui
1653 2779 1889 2834 sanctas
1941 2771 2073 2832 illas

413 2856 581 2914 nobis
599 2859 1037 2919 excellentiores
1055 2863 1332 2920 essentias
1363 2877 1532 2933 supra
1567 2863 1798 2918 modum
1817 2868 2068 2932 superat,

413 2945 472 3008 in
495 2946 606 3008 alis
638 2947 958 3012 duodecim
993 2952 1386 3030 signiﬁcatur,
1405 2961 1603 3014 astans
1628 2953 1765 3014 Jesu
1797 2960 1856 3012 et
1887 2969 2070 3030 prope

414 3035 612 3115 ipsum
639 3038 988 3120 collocatus,
1005 3041 1361 3102 beatissimis
1386 3042 1516 3120 ejus
1537 3040 2068 3121 contemplationi-

2159 1870 2318 1939 σίαις,
2355 1872 2425 1937 ὡς
2481 1869 2800 1952 θειοτέραίς,
2845 1873 2879 1940 ἡ
2911 1875 3009 1940 τῆς
3055 1875 3291 1953 πηγαίοις
3351 1872 3565 1938 εὑωδίας
3604 1872 3804 1932 ἀνάδο-

2157 1981 2239 2024 σις
2298 1959 2550 2040 ἐγγδτέρα
2580 1961 2695 2025 πώς
2745 1961 2879 2038 ἐστι,
2913 1964 2999 2019 καὶ
3045 1965 3248 2038 μᾶλλον
3297 1963 3460 2032 αὑτὴν
3489 1963 3518 2014 Ἰ
3566 1963 3804 2044 ἔκφαίνει

2155 2051 2242 2106 καὶ
2300 2048 2594 2108 διαδίδωσιν
2623 2051 2656 2100 8
2712 2053 2785 2116 εἷς
2830 2055 2892 2109 τὸ
2935 2050 3289 2110 διειδέστατον
3347 2055 3541 2134 αὑτῶν,
3573 2056 3663 2111 καὶ
3710 2056 3805 2111 εὑ-

2156 2141 2365 2197 εκτικὸν
2407 2145 2506 2210 τῆς
2550 2141 2686 2198 κατᾶ
2715 2148 2836 2199 νοίῖν
2888 2142 3274 2211 ἀντιληπτικῆς
3307 2140 3578 2219 δυνάμεως
3632 2144 3807 2224 ἀφθό-

2156 2251 2260 2295 νως
2318 2228 2728 2309 ὑπερϐλΰζουσα,
2789 2234 2876 2290 καὶ
2936 2233 3312 2298 πολυπλασίως
3376 2233 3410 2284 9
3466 2232 3802 2310 εἷσδοομένηο

2157 2322 2286 2399 πρὸς
2320 2319 2468 2377 δὲτὰ
2506 2314 2626 2378 ’τῶι
2683 2328 2878 2402 νοερῶν
2937 2321 2997 2372 10
3051 2324 3328 2402 ὑφειμένα,
3374 2325 3461 2382 καὶ
3489 2324 3567 2399 μὴ
3620 2325 3804 2382 ὡσαύ-

2157 2431 2262 2474 τως
2297 2408 2535 2490 δεκτικὰ,
2567 2413 2668 2479 τὴν
2712 2412 3008 2490 ὑπερτάτην
3038 2411 3086 2454 ίί
3119 2413 3397 2492 ἄχράντως
3451 2413 3806 2489 ἀποκρύψασα

2155 2497 2287 2556 θέαν
2339 2501 2428 2556 καὶ
2475 2499 2702 2576 μέθεξιν,
2734 2499 3020 2578 ἀναλόγοις
3077 2507 3182 2557 τῶν
3233 2501 3574 2582 μετεχόντων
3604 2502 3805 2577 ἀτμοτς

2156 2589 2211 2645 ἓν
2273 2590 2564 2668 συμμετρίᾳ
2614 2593 2876 2669 θεαρχικῇ
2943 2587 3247 2649 διαδίδοται.
3298 2597 3413 2648 Τῶν
3468 2589 3598 2670 ὑπὲρ
3655 2593 3803 2667 ἡμᾶς

2159 2678 2250 2736 οὖν
2311 2680 2476 2758 ἁγίων
2509 2681 2697 2736 οὐσιῶν
2755 2681 2789 2747 ἡ
2825 2679 2981 2736 τόσον
3043 2680 3398 2759 ὑπερκειμένη
3430 2685 3533 2737 τῶν
3563 2682 3804 2761 Σεραφὶμ

2155 2768 2322 2844 τάξις,
2357 2770 2410 2825 ἐν
2455 2775 2521 2846 τῇ
2575 2774 2679 2826 τῶν
2733 2771 3006 2848 πτερύγων
3039 2768 3098 2820 η
3147 2768 3506 2827 δυοκαιδεκάδι
3539 2772 3803 2846 σημαίνε-

2153 2881 2261 2934 ται,
2297 2861 2409 2938 περὶ
2453 2860 2543 2915 τὸν
2573 2857 2780 2926 Ἰησοῦν
2830 2860 3035 2916 ἑστῶσα
3086 2861 3174 2916 καὶ
3221 2858 3495 2940 ἱδρυμένη,
3529 2873 3646 2924 τοῖς
3691 2881 3805 2935 μα·-

2152 2949 2499 3027 καριωτάτοις
2556 2950 2712 3006 αὑτοῦ
2745 2949 3024 3028 θεάμασιν,
3057 2950 3130 3014 ὡς
3185 2950 3422 3025 θεμιτὸν,
3469 2947 3796 3007 ἐπιϐάλλου-

2152 3061 2240 3111 σα,
2293 3039 2378 3094 καὶ
2435 3037 2534 3106 τῆς
2591 3043 2792 3106 νοητῆς
2850 3037 3137 3103 διαδόσεως
3194 3040 3348 3118 ἱερῶς
3406 3039 3459 3097 ἔν
3514 3041 3804 3118 πανάγνοις

419 3124 555 3203 bus,
584 3137 867 3206 quantum
897 3129 982 3190 fas
1014 3139 1344 3204 est,vacans
1370 3139 1428 3192 et
1459 3129 1744 3211 spiritalis
1775 3127 2065 3191 distribu-

2152 3126 2450 3208 ὑποδοχαῖς
2483 3127 2965 3208 ἆποπληρουμένη,
2999 3130 3087 3185 καὶ
3129 3128 3230 3195 τὴν
3283 3127 3681 3209 πολυόμνητον,
3715 3130 3810 3185 αἱ·

417 3214 664 3277 tionisin
686 3219 1079 3282 sanctissimis
1092 3220 1488 3302 receptaculis
1511 3228 1716 3282 sancte
1741 3219 2065 3300 plenus,et,

417 3315 484 3366 ut
505 3305 772 3368 sensibili
795 3309 970 3370 modo
995 3308 1209 3391 dicam,
1231 3311 1473 3372 multam
1501 3309 1870 3372 decantatam
1904 3309 2066 3371 illam

412 3393 520 3457 Dei
551 3395 786 3460 laudem
813 3398 1314 3462 incessabilivoce
1331 3401 1706 3480 proclamans
1733 3419 1747 3475 ;
1783 3417 1952 3460 sacra
1982 3400 2066 3460 si-

411 3484 656 3564 quidem
684 3489 1054 3551 cmlestiuum
1081 3491 1395 3570 spirituum
1418 3490 1671 3568 cognitio
1694 3488 2067 3552 etindeiessa

411 3583 589 3651 est,et
607 3576 873 3640 divinum
891 3579 1070 3642 habet
1093 3599 1357 3642 amorem
1377 3580 1842 3653 indeﬁcientem;
1868 3578 2059 3640 omni-

413 3683 531 3746 que
548 3666 771 3729 malitia
788 3673 851 3732 et
872 3669 1164 3730 oblivione
1189 3670 1466 3750 superior
1489 3669 1686 3731 existit
1714 3688 1728 3743 ;
1761 3668 1917 3729 unde
1942 3668 2065 3729 cla-

415 3772 546 3815 mor
567 3755 668 3816 ille
689 3757 1082 3834 incessabilis,
1115 3777 1248 3820 meo
1273 3758 1513 3838 quidem
1535 3757 2066 3839 judicio,designat

410 3845 836 3924 sempiternam
870 3864 1075 3908 eorum
1122 3857 1182 3909 et
1215 3847 1671 3921 immutabilem,
1705 3865 1839 3907 cum
1901 3846 2065 3908 omni

413 3935 797 3997 contentione
851 3945 1026 4018 atque
1059 3936 1384 4014 gratiarum
1432 3937 1694 4011 actione,
1728 3952 1933 3998 rerum
1965 3934 2063 3998 di-

406 4023 675 4086 vinarum
709 4026 1019 4089 scientiam
1052 4035 1230 4107 atque
1263 4027 1696 4107 cognitionem.

2150 3218 2356 3284 σθητῶς
2412 3219 2608 3291 εἰπεῖν,
2639 3218 2915 3295 ἂσιγήτοις
2962 3217 3218 3294 στόμασιν
3263 3218 3627 3296 ἆνακράζουσα
3676 3221 3803 3277 θεο-

2150 3305 2354 3386 λογίαν’
2431 3309 2460 3375 ἡ
2512 3308 2611 3386 γὰρ
2667 3308 2781 3386 ἱερὰ
2835 3315 2941 3365 τῶν
2991 3307 3357 3385 ὑπερκοσμίων
3413 3314 3549 3364 νοῶν
3604 3313 3803 3387 γνῶσις

2151 3397 2423 3472 ἆκάματός
2485 3397 2543 3453 τέ
2601 3397 2736 3470 ἐστι,
2783 3398 2871 3454 γαὶ
2927 3395 3296 3465 ἀκατάληκτον
3349 3395 3467 3476 ἔχει
3511 3397 3601 3454 τὸν
3657 3401 3803 3456 θεῖον

2151 3485 2344 3567 ἔρωτα,
2400 3488 2585 3552 κακίας
2639 3508 2697 3542 τε
2741 3486 2852 3561 ἅμα
2896 3485 3073 3554 πάσης
3132 3486 3431 3565 ὁπὲρκειται
3476 3489 3561 3545 καὶ
3604 3485 3798 3557 λήθης.

2149 3576 2289 3658 ὅθεν,
2323 3579 2396 3641 ὡς
2445 3577 2626 3655 οἶμαι,
2661 3578 2721 3632 τὸ
2776 3581 2874 3644 τῆς
2920 3577 3178 3655 ἂσιγήτου
3205 3581 3441 3657 κραυγῆς
3495 3578 3807 3633 ὑπαινίσσε-

2148 3686 2234 3727 ται
2290 3668 2388 3734 τὴν
2439 3666 2649 3723 αἰώνιον
2704 3670 2874 3726 αὑτῶν
2928 3667 3017 3724 καὶ
3077 3666 3441 3742 ἀμετάστατον
3493 3665 3550 3722 ὲν
3607 3688 3803 3725 συντο-

2149 3757 2230 3829 νίᾳ
2289 3757 2435 3834 πάσῃ
2491 3757 2579 3813 καὶ
2635 3757 2947 3836 εὐχαριστίᾳ
2990 3763 3095 3813 τῶν
3151 3757 3302 3814 θείων
3346 3757 3661 3832 ἓπιστήμην
3715 3757 3806 3814 καὶ

2149 3847 2360 3914 νόησιν.

2027 4189 2058 4268 §
2099 4189 2199 4252 v1.

492 4348 883 4431 Incorporeas
942 4349 1184 4430 quidem
1240 4349 1627 4431 proprietates
1686 4349 1991 4430 seraphim
2037 4365 2067 4411 a

2234 4351 2338 4416 Τὰς
2383 4349 2479 4425 μὲν
2525 4349 2612 4408 οὖν
2642 4349 2954 4424 ἀσωμάτους
3011 4355 3116 4405 τῶν
3147 4349 3375 4429 σεραφὶμ
3401 4347 3670 4416 ἰδιότητας
3743 4347 3805 4404 ἂν

416 4437 724 4511 Scripturis
755 4447 945 4496 sancte
977 4439 1288 4496 sensilibus
1314 4439 1515 4509 ﬁguris
1545 4439 1756 4510 quibus
1788 4453 1878 4496 res
1902 4439 2068 4495 intel-

418 4527 632 4586 lectiles
660 4530 990 4598 exprimunt
1016 4529 1267 4599 depictas
1295 4531 1349 4584 in
1383 4529 1691 4586 caelestium
1712 4529 2070 4586 hierarchia-

414 4635 544 4680 rum
578 4618 1087 4696 descriptionibus
1121 4618 1432 4698 praeclare,
1466 4617 1547 4680 uti
1585 4629 1748 4695 puto,
1783 4619 2069 4698 spectavi-

415 4726 569 4788 mus,
603 4707 835 4787 tuisque
865 4706 1234 4787 spiritalibus
1265 4707 1453 4769 oculis
1484 4707 1872 4769 exhibuimus
1906 4726 1921 4783 ;
1959 4707 2061 4769 sed

414 4798 693 4878 quoniam
727 4796 1053 4860 etiamnum
1077 4797 1150 4858 iis
1177 4797 1276 4878 qui
1311 4797 1576 4877 pontiﬁci
1605 4809 1954 4860 reverenter
1972 4816 2064 4860 as-

415 4887 650 4953 sistunt.
673 4886 832 4948 illam
865 4887 1054 4965 ipsam
1088 4886 1581 4948 sublimissimam
1615 4885 2055 4948 distinctionem

417 4974 588 5037 nobis
618 4984 1047 5056 repraesentant
1090 4975 1382 5050 breviter,
1417 4976 1630 5036 iterum
1683 4976 2059 5038 immateria-

418 5062 576 5127 libus
629 5064 818 5126 oculis
886 5084 1058 5146 quam
1123 5065 1378 5128 maxime
1439 5065 1787 5130 deiformem
1850 5084 2059 5129 eorum

418 5151 804 5233 splendorem
838 5153 1340 5236 contemplemur.

2151 4453 2270 4504 τοῖς
2301 4441 2511 4518 Λογίοις
2542 4441 2822 4506 αἰσθηταῖς
2868 4440 3032 4495 εἰκόσι
3064 4445 3168 4496 τῶν
3198 4439 3404 4506 νοητῶν
3437 4438 3494 4487 ‘13
3534 4439 3796 4518 ὶχφαντο-

2152 4543 2328 4608 ρικατς
2360 4532 2511 4608 ἱερῶς
2555 4527 3057 4607 ἀναγεγραμμένας,
3092 4528 3148 4584 ὲν
3177 4541 3296 4592 τοῖς
3346 4527 3664 4602 διακόσμοις
3696 4529 3804 4584 τῶν

2151 4619 2530 4700 ὑπερουρανίων
2587 4619 2896 4698 ἱεραρχιῶν,
2935 4619 3009 4682 ὡς
3063 4617 3247 4690 οἶμαι,
3279 4615 3458 4681 καλῶς
3502 4615 3805 4692 ἐθεασάμε-

2149 4712 2236 4784 θα,
2302 4710 2388 4765 καὶ
2451 4721 2569 4771 τοῖς
2614 4719 2733 4771 σοῖς
2788 4719 2995 4784 νοεροϊς
3059 4705 3361 4784 ὀφθαλμοῖς
3429 4703 3800 4780 ὑπεδείξαμεν·

2146 4798 2292 4875 ὅμως
2323 4795 2505 4866 ἐπειδὴ
2533 4799 2619 4853 καὶ
2668 4802 2755 4853 νῦν
2799 4798 2846 4852 οἱ
2876 4797 2969 4852 τὸν
2999 4796 3259 4876 ἱερέρχην
3304 4796 3458 4875 ίερῶς
3492 4797 3800 4874 περιεστῶ-

2145 4909 2256 4968 τες,
2317 4889 2478 4953 αὒτην
2529 4889 2664 4963 ἡμῖν
2709 4885 2915 4952 ἐκείνην
2960 4890 3286 4942 arroso-noun
3339 4885 3438 4952 τὴν
3493 4884 3801 4962 ὑπερτάτην

2143 4975 2492 5052 διακόσμησιν
2522 4976 2578 5032 ἒτ
2634 4975 2895 5051 ἂπιτομῇ,
2927 4977 3014 5031 καὶ
3055 4980 3143 5030 νῦν
3174 4973 3489 5038 ἆϋλοτάταις
3523 4973 3579 5023 14
3635 4971 3799 5051 ὄψεσι

2143 5067 2240 5135 τὴν
2271 5063 2668 5133 θεοειδεστάτην
2715 5069 2886 5124 αὑτῶν
2930 5063 3166 5143 ἀγλαΐαν
3198 5063 3471 5139 ὀψόμεθα.

1736 5334 2004 5401 VARUE
2045 5332 2489 5400 LECTIONES.

497 5501 534 5555 6
560 5506 633 5568 εἷς
665 5519 784 5565 non
809 5502 990 5566 habet
1019 5505 1127 5582 M.,
1161 5505 1267 5568 sed
1291 5505 1570 5570 duntaxat
1597 5505 1973 5584 θεοειδέστερα,
2009 5514 2066 5570 et
2099 5524 2257 5583 mox,
2291 5507 2410 5573 τοὺς
2443 5503 2747 5570 euocatum:
2772 5503 2964 5572 δηλοῦν
2996 5502 3196 5579 ἀτμούς
3254 5517 3384 5582 qua
3413 5499 3620 5564 omnia
3645 5501 3800 5563 red-

497 5591 508 5624 ι
558 5583 688 5624 RM.
801 5583 830 5624 τ
876 5585 1066 5624 μηνί..
1146 5589 1310 5624 ιιι--.
1365 5591 1449 5624 “-3
1499 5588 1788 5624 suam“...
1846 5589 1902 5624 υ
2016 5589 2049 5624 ο
2092 5586 2510 5624 ..ληκυηιημ
2588 5583 2632 5624 n
2713 5584 2948 5624 ίοιηπω
3011 5581 3054 5624 n
3172 5549 3222 5624 tl
3271 5581 3402 5624 ειπερ,
3450 5581 3644 5624 smnia
3708 5581 3765 5624 tu

426 5581 510 5669 (lit
557 5583 714 5648 Scot.
801 5583 830 5632 7
875 5585 1066 5669 ἑαυτήν
1112 5581 1179 5638 ί8
1207 5589 1324 5669 ἐστι
1365 5591 1454 5646 καὶ
1495 5588 1811 5669 διαδίδωσιν,

426 5767 569 5826 ταις,
599 5746 679 5808 Μ.
714 5744 810 5813 Sc.

427 5583 510 5645 dit
557 5583 714 5648 Scot.
801 5583 830 5632 7
875 5585 1066 5657 ἑαυτήν
1146 5589 1179 5638 8
1207 5589 1310 5645 ἐστι
1365 5591 1454 5646 καὶ
1495 5588 1811 5669 διαδίδωσιν,
2016 5589 2049 5639 9
2092 5586 2534 5656 πολλαπλασίως,
2587 5583 2632 5646 D
2713 5584 2769 5629 ¹⁰
2795 5588 2973 5664 ἱερῷν,
3009 5583 3080 5646 D.
3172 5583 3220 5626 υ
3271 5583 3291 5638 ὖ

427 5665 550 5739 Sc.;
582 5671 895 5752 utramque
925 5666 1244 5731 lectionem
1293 5667 1426 5734 Sar.
1461 5669 1782 5752 expressit.
1841 5667 1897 5712 η
1927 5674 2158 5747 πτερῷν.
2190 5668 2300 5732 Ch.
2337 5665 2398 5731 S.
2461 5667 2534 5728 Μ.
2569 5663 2666 5730 Sc.
2734 5663 2788 5708 ‘3
2812 5667 2898 5723 καὶ
2926 5668 3034 5738 τῷν
3063 5671 3291 5740 νοητῷν,

2713 5584 2973 5664 ίοὶερῷν,
3009 5581 3080 5646 D.
3172 5581 3220 5626 ίί
3271 5581 3370 5639 ὑπὲ
3450 5581 3673 5658 ἀρετήν,
3707 5581 3796 5642 Μ.

2734 5663 2788 5708 ⁸³
2812 5667 2898 5723 καὶ
2926 5668 3034 5725 τῶν
3063 5671 3291 5725 νοητῶν.
3329 5603 3411 5725 Me.
3479 5659 3533 5706 “
3565 5662 3796 5725 ἆγιωτα-

3392 5704 3411 5722 .
3479 5659 3533 5706 ﬂ
3565 5662 3807 5742 ἆγιωτα-
