4150 6158
313 338 422 408 481

1345 332 1441 404 DE
1485 338 1784 405 ECCLES.
1834 331 2280 408 HIERARCH.,
2331 326 2495 398 CAP.
2545 326 2656 400 IV.

3573 330 3690 406 482

1880 470 1910 550 ς
1951 469 2088 533 VII.

397 640 470 696 Τὸ
529 637 627 713 μὲν
682 636 769 693 οὖν
821 634 1291 714 ἀπειροπρόσωπον
1342 637 1512 693 αὐτῶν
1562 637 1655 692 καί
1687 635 1951 694 πολύπουν

2115 632 2258 692 220
2279 633 2529 695 Infinitae
2552 633 2795 711 quidem
2828 632 3012 696 facies
3037 651 3241 697 eorum
3275 637 3565 719 mullique
3590 658 3689 720 pe-

318 729 694 808 ἐκφαντορικὸν
723 725 887 800 ἐστιν,
922 727 992 792 ὡς
1023 726 1203 801 οἶμαι,
1263 726 1358 793 τῆς
1416 725 1808 802 πολυθεάμονος
1861 729 1959 783 αὗ-

317 825 425 876 τῶν
487 819 561 879 εἰς
619 817 714 878 τὰς
772 816 1041 881 θειοτάτας
1099 815 1397 892 min
1425 814 1710 897 ἰδιότητος,
1745 819 1832 874 καὶ
1864 823 1960 884 τῆς

317 909 622 978 ἀεικινήτου
652 907 740 963 καὶ
770 905 1071 984 πολυπόρου
1101 905 1205 962 τῶν
1233 907 1384 962 θείων
1433 906 1640 985 ἀγαθῶν
1697 908 1960 977 νοήσεως·

316 999 417 1065 τὴν
449 996 504 1054 δὲ
534 1003 639 1054 τῶν
665 1003 893 1076 πτερῶν,
925 998 997 1060 ὡς
1031 996 1097 1055 τὰ
1127 997 1300 1074 Λογιὰ
1331 1018 1513 1076 φησιν,
1574 995 1808 1064 ἑξαπλῆν
1871 997 1962 1054 θέ-

319 1108 428 1165 σιν,
463 1087 556 1142 οὐκ
585 1084 806 1163 ἀριθμὸν
836 1086 972 1163 ἱερὸν
999 1083 1268 1163 ἐμφαίνειν
1297 1083 1505 1160 οἴομαι,
1561 1087 1699 1142 κατὰ
1753 1087 1815 1141 τὸ
1872 1084 1964 1142 δό-

321 1175 412 1242 ξαν
444 1175 666 1254 ἑτέροις,
699 1173 820 1230 ἀλλ’
851 1172 932 1230 ὅτι
963 1175 1059 1240 τῆς
1092 1176 1208 1252 περὶ
1257 1177 1388 1230 Θεὸν
1430 1175 1726 1252 ὑπερτάτης
1785 1175 1964 1239 οὖσίας

321 1266 410 1322 καὶ
470 1264 668 1330 τάξεως
727 1264 1035 1343 ἆναγωγικὰ
1093 1266 1181 1321 καὶ
1239 1263 1476 1321 ἀπόλυτα
1529 1264 1801 1328 παντελῶς
1852 1266 1964 1322 ἐστι

320 1357 411 1412 καὶ
465 1356 816 1434 ὑπερκόσμια,
876 1355 941 1410 τὰ
996 1361 1205 1434 πρῶτα,
1257 1355 1344 1410 καὶ
1376 1355 1536 1432 μέσα,
1567 1356 1650 1412 καὶ
1682 1354 1966 1414 τελευταῖα

319 1451 430 1502 τῶν
486 1451 680 1524 νοερῶν
736 1446 899 1511 αὐτῆς
955 1445 1045 1500 καὶ
1091 1442 1332 1503 θεοειδῶν
1390 1443 1681 1520 δυνάμεων.
1743 1445 1904 1503 ’Ὀθεν
1933 1446 1967 1514 ἡ

321 1536 431 1592 ’τῶν
461 1537 668 1614 Δογίων
693 1535 953 1614 ἱερωτάτη
985 1535 1163 1615 σοφία,
1187 1535 1286 1602 τὴν
1316 1540 1421 1590 τῶν
1472 1536 1679 1613 πτερῶν
1736 1533 1968 1592 διάπλα-

321 1647 407 1681 σιν
434 1625 812 1704 ἱερογράφουσσ
845 1624 923 1697 15,
958 1626 1076 1703 περὶ
1105 1625 1172 1681 τὰ
1201 1630 1386 1704 πρῶτα
1417 1622 1494 1699 ίθ,
1530 1627 1619 1682 καὶ
1679 1625 1745 1684 τὰ
1807 1624 1967 1700 μέσα,

321 1715 564 1778 καὶτοὺς
595 1713 760 1778 πόδας
792 1715 964 1771 αὐτῶν
989 1714 1221 1781 ἓντίθησι
1266 1715 1331 1771 τὰ
1381 1715 1571 1791 πτερὰ,
1631 1715 1692 1771 τὸ
1747 1714 1972 1772 καθόλου

321 1805 594 1884 πτερωτὸν
625 1803 796 1863 αὐτῶν
827 1804 1169 1879 αἰνισσομένη
1201 1805 1288 1860 καί
1336 1803 1672 1863 παντοδαπὸν
1729 1809 1830 1873 τῆς
1887 1804 1973 1862 ἐπὶ

322 1896 388 1950 τὸ
417 1893 583 1958 ὄντως
614 1895 672 1951 ὃν
701 1893 1046 1973 ἁναγωγικῆς
1076 1892 1369 1970 δυνάμεως.

2045 722 2153 785 des
2176 723 2606 802 signiﬁcant,ut
2632 723 2990 804 opinor,vim
3027 728 3572 808 preprietatemque
3594 748 3691 790 eo-

2046 829 2178 876 rum
2209 832 2324 894 qua
2343 813 2562 875 multas
2585 813 2813 875 divinas
2830 824 3083 877 cernunt
3118 815 3690 899 illustrationes,bo-

2046 922 2378 984 horumque
2397 904 2726 965 divinorum
2746 903 3363 986 intelligentiam,qute
3381 909 3695 988 sempiter-

2047 1013 2123 1056 no
2157 1001 2317 1054 motu
2347 992 2558 1064 cietur,
2599 993 2901 1074 multaque
2935 1003 3205 1074 peragrat
3237 1014 3252 1069 ;
3302 1013 3476 1056 senas
3497 1005 3692 1058 autem

2047 1083 2344 1163 alas,quas
2368 1081 2614 1163 Eloquia
2636 1092 3261 1158 commemorant,non
3289 1084 3567 1148 existimo
3593 1103 3697 1146 sa-

2049 1190 2542 1234 crumnumerum
2567 1172 2875 1244 denotare,
2891 1172 3321 1249 utquibusdam
3343 1173 3697 1254 placuit,sed

2048 1262 2204 1343 ipsas
2227 1262 2468 1322 virtutes
2499 1279 2794 1341 supremas
2817 1260 2974 1322 illius
3005 1281 3138 1341 quae
3161 1261 3318 1324 circa
3343 1265 3527 1324 Deum
3561 1282 3698 1326 ver-

2050 1360 2217 1414 satur
2240 1351 2514 1413 essentiaa
2545 1369 2648 1412 seu
2679 1350 3620 1432 distinctionis,primas,medias,
3642 1361 3700 1415 et

2049 1449 2508 1522 extremas,esse
2527 1440 2701 1521 plane
2725 1441 3019 1522 spiritales
3034 1460 3102 1502 ac
3129 1441 3699 1523 deiformes,super-

2049 1556 2122 1599 na
2153 1540 2716 1612 petere,penitusque
2739 1539 2949 1597 liberas
2971 1541 3245 1596 exsistere
3266 1554 3333 1596 ac
3353 1553 3700 1609 supramun-

2051 1622 2259 1685 diales.
2291 1620 2457 1683 Hanc
2480 1620 2555 1682 ob
2579 1639 2816 1682 causam
2844 1620 3242 1682 sacratissima
3265 1621 3588 1702 Scriptum
3610 1642 3701 1684 sa-

2053 1713 2300 1795 pientia,
2331 1713 2474 1774 dum
2509 1712 2735 1774 alarum
2770 1713 3021 1789 ﬁguram
3055 1711 3348 1792 depingit,
3383 1710 3457 1772 ad
3490 1730 3698 1774 eorum

2055 1801 2585 1880 facies,mediaque
2608 1820 2957 1882 corpora,ac
2987 1800 3175 1878 pedes
3198 1801 3698 1883 pennasadhibet,

2054 1901 2120 1954 ut
2147 1891 2433 1969 insinuet,
2463 1910 2563 1953 eas
2596 1891 2830 1971 penitus
2859 1890 3042 1952 alatas
3072 1907 3204 1951 esse
3234 1897 3404 1970 atque
3435 1892 3596 1953 omni
3647 1893 3703 1953 vi

1993 1994 2033 2046 B
2055 1983 2127 2045 ad
2158 1983 2217 2044 id
2249 1981 2406 2063 quod
2439 1983 2734 2043 veraciter
2764 1979 2992 2043 exsistit
3016 1997 3250 2043 sursum
3277 1980 3442 2042 ferri.

1910 2115 1939 2195 §
1983 2113 2141 2180 VIII.

417 2227 476 2285 Ei
505 2223 560 2282 δὲ
589 2225 655 2282 τὰ
686 2225 944 2305 πρόσωπα
977 2225 1066 2282 γαὶ
1094 2225 1215 2289 τοὺς
1260 2222 1425 2289 πόδας
1485 2223 1834 2303 καλύπτουσι,
1890 2224 1976 2280 καὶ

333 2322 518 2389 μόνοις
549 2315 797 2374 πέτονται
828 2314 882 2364 Π
913 2314 1094 2390 μέσοις
1124 2327 1366 2394 πτεροῖς,
1408 2313 1656 2382 ἐννόησον
1687 2317 1862 2393 ἱερῶς,
1895 2312 1977 2368 ὅτι

327 2407 578 2463 τοσοῦτον
634 2405 935 2484 ἐξῃρημένη
991 2412 1095 2462 τῶν
1152 2406 1457 2482 ὕπερτάτων
1514 2406 1704 2461 οὐσιῶν
1760 2406 1794 2472 ἡ
1831 2401 1974 2467 τάξις

330 2493 556 2563 εὐλαϐὴς
586 2494 699 2552 ἐστι
755 2497 872 2574 περὶ
922 2497 988 2551 τὰ
1045 2500 1153 2550 τῶν
1197 2495 1432 2564 νοήσεων
1464 2491 1516 2534 ίῧ
1552 2498 1710 2561 αὐτῆς
1758 2490 1973 2567 ὑψηλό-

329 2606 456 2662 τερα
486 2586 573 2642 καὶ
602 2585 878 2664 βαθύτερα,
912 2586 999 2642 καὶ
1049 2584 1232 2659 μέσοις
1289 2598 1506 2662 πτεροῖς
1567 2583 1620 2641 ἐν
1681 2582 1974 2660 συμμετρίᾳ

328 2677 462 2754 πρὸς
491 2675 733 2732 θεοπτίαν
759 2675 1010 2752 ἀνάγεται
1043 2672 1116 2748 ¹9,
1167 2687 1283 2736 τοῖς
1335 2675 1490 2738 θείοις
1544 2682 1726 2751 ζυγοῖς
1781 2673 1972 2727 ὑποτι-

327 2767 483 2821 θετσα
532 2764 635 2831 τὴν
694 2765 886 2821 οἰκείαν
941 2763 1108 2844 ζωῆν,
1160 2764 1408 2841 καὶπρὸς
1453 2767 1624 2822 αὐτῶν
1653 2765 1805 2841 ἱερῶς
1837 2762 1974 2817 εὔθε-

327 2852 562 2930 τουμένη
590 2852 720 2931 πρὸς
752 2853 849 2921 τὴν
882 2852 1074 2920 ἑαυτῆς
1105 2853 1568 2932 ἐπιγνωμοσύνην.

2140 2221 2304 2294 Quod
2335 2220 2388 2284 si
2418 2221 2600 2284 facies
2649 2219 2954 2302 pedesque
3013 2219 3319 2297 oblegunt,
3379 2217 3708 2299 mediisque

2059 2319 2284 2373 tantum
2318 2310 2431 2371 alis
2462 2309 3107 2388 volant,intellige,tam
3137 2314 3515 2386 prmstantem
3539 2324 3707 2367 sum-

2059 2419 2288 2463 marum
2306 2409 2651 2462 naturarum
2680 2399 2956 2460 ordinem
2975 2397 3232 2459 revereri
3253 2415 3321 2457 ea
3341 2414 3474 2476 qum
3496 2395 3710 2457 altiora

2060 2490 2562 2574 profundioraque
2590 2497 2752 2562 sunt,
2779 2506 2953 2569 quam
2975 2495 3038 2548 ut
3063 2485 3449 2563 intelligendo
3471 2485 3709 2574 assequi

2059 2573 2777 2662 possint,mediisquealis
2801 2576 3110 2639 moderate
3123 2575 3196 2636 ad
3212 2573 3702 2652 Deicontempla-

2058 2670 2282 2733 tionem
2317 2669 2510 2742 evehi,
2547 2687 2681 2731 cum
2711 2675 2769 2729 et
2797 2666 3015 2729 divinis
3042 2664 3309 2727 lancibus
3337 2664 3512 2725 vitam
3536 2680 3703 2724 suam

2059 2759 2324 2841 subjicit,
2355 2767 2414 2822 et
2441 2758 2515 2822 ab
2546 2759 2618 2821 iis
2649 2765 2857 2821 sancte
2887 2755 2962 2818 ad
2993 2754 3088 2818 sui
3132 2752 3401 2816 notitiam
3459 2769 3705 2834 promo-

2063 2856 2260 2912 vetur.

1923 3019 1954 3100 θ
2010 3017 2112 3082 IX.

411 3157 482 3216 Τὸ
510 3155 565 3214 δὲ
592 3168 709 3221 τοῖς
742 3157 950 3235 Λογίοις
971 3153 1273 3234 εἰρημένον,
1290 3156 1364 3220 ὡς
1388 3155 1676 3237 ἐκὲγραγον
1698 3154 1758 3207 90
1781 3155 1962 3234 ἓτερος

2127 3154 2296 3229 Quod
2330 3163 2535 3217 autem
2568 3153 2885 3235 Scriptura
2912 3154 3092 3230 dicat,
3121 3151 3428 3216 Clamabat
3453 3151 3606 3214 alter
3632 3150 3706 3214 ad

330 3247 464 3326 πρὸς
486 3248 576 3303 τὸν
595 3245 796 3326 ἕτερον,
821 3245 996 3302 ἐκεῖνο
1019 3245 1183 3320 οἶμαί
1209 3243 1424 3322 δηλοῦν,
1451 3245 1658 3303 ὅτιτῶν
1682 3247 1974 3304 θεοπτικῶν

2061 3244 2332 3320 alterum,
2365 3245 2476 3307 hoc
2509 3244 2778 3305 existimo
2815 3242 3336 3324 significare,quod
3371 3243 3707 3304 divinarum

331 3337 504 3394 αὗτῶν
553 3338 790 3406 νοήσεων
839 3333 1095 3404 ἀλλήλοις
1152 3334 1391 3413 ἀφθόνως
1451 3334 1812 3410 μεταδιδόασι.
1880 3337 1974 3394 Καὶ

2061 3355 2298 3400 suarum
2332 3338 2624 3399 visionum
2661 3349 2720 3398 et
2750 3337 3282 3416 intelligentiarum
3314 3336 3711 3416 participatio-

335 3434 490 3483 τοῦτο
518 3424 574 3481 δὲ
603 3427 744 3504 ἱερᾶς
777 3423 1085 3498 ἀξιώσομεν
1116 3426 1363 3505 μνήμης,
1399 3427 1470 3488 ὡς
1525 3421 1575 3493 if
1614 3428 1718 3481 τῶν
1773 3426 1974 3504 Λογίων

2061 3446 2196 3488 nem
2253 3429 2382 3488 sine
2425 3426 2649 3487 invidia
2682 3425 2795 3487 sibi
2821 3437 3022 3486 mutuo
3049 3425 3513 3486 communicent.
3551 3423 3708 3496 Quin

337 3507 552 3595 Ἐϐραία
581 3516 732 3596 φωνὴ
761 3515 878 3571 κατ’
911 3514 1208 3595 ἐμφατικὴν
1236 3511 1286 3555 91
1322 3514 1624 3590 ἐπωνυμίαν
1672 3513 1830 3572 κσλετ
1881 3516 1974 3579 τὰς

2062 3517 2239 3579 etiam
2265 3517 2374 3578 hoc
2403 3524 2693 3577 memorat
2714 3516 3148 3597 dignum,quod
3176 3515 3235 3576 in
3258 3515 3444 3575 sacris
3469 3513 3711 3576 Litteris

331 3605 630 3686 ἁγιωτάτας
663 3611 768 3661 τῶν
828 3605 1067 3683 Σεραφὶμ
1122 3604 1324 3680 οὐσίας,
1385 3604 1446 3661 ἐκ
1505 3611 1595 3661 τοῦ
1645 3605 1780 3660 κατὰ
1837 3607 1974 3662 θείαν

2063 3606 2451 3669 sanctissimas
2477 3605 2593 3667 illa;
2608 3614 2830 3668 naturae
2847 3623 3134 3686 perquam
3161 3603 3564 3682 signiﬁcanter
3587 3602 3713 3664 He-

333 3697 424 3753 καὶ
455 3696 704 3763 ἀκίνητον
731 3691 786 3737 93
813 3694 956 3766 ζωὴν
987 3692 1236 3773 διαπύρου
1265 3695 1354 3752 καὶ
1385 3694 1748 3772 ὑπερζέοντος.

2065 3695 2267 3760 braica
2286 3715 2430 3759 voce
2460 3694 2774 3777 Seraphim
2804 3696 3206 3777 appellentur,
3233 3692 3393 3776 quod
3423 3693 3707 3755 nimirum

2065 3803 2175 3868 per
2232 3786 2493 3850 divinam
2551 3804 2914 3868 semperque
2972 3784 3252 3847 mobilem
3309 3783 3488 3846 vitam
3539 3801 3706 3846 suam

2062 3882 2394 3958 ignoscant,
2429 3883 2488 3940 et
2523 3895 2702 3958 supra
2731 3876 2972 3939 modum
3005 3877 3290 3938 ferveant.

1944 4033 2107 4116 5X.

420 4196 592 4277 Εἴπερ
620 4198 708 4255 οὗν
735 4194 816 4276 95,
849 4197 921 4262 ὣς
951 4197 999 4252 oi
1054 4196 1117 4254 τὰ
1182 4186 1435 4275 Ἐϐραίων
1490 4194 1984 4275 ἀφερμηνεύσαντές

338 4309 522 4368 φασιν,
581 4289 627 4343 οἱ
682 4287 942 4342 θειότατόι
999 4285 1224 4366 σεραφὶμ
1279 4285 1578 4362 ἐμπρησταὶ
1631 4286 1715 4341 καὶ
1760 4286 1982 4364 θερμαί-

337 4399 513 4442 νοντες
543 4377 646 4432 ὑπὸ
676 4379 774 4442 τῆς
826 4374 1103 4454 θεολογιας
1150 4375 1560 4455 ὠνομάσθησαν,
1623 4375 1983 4454 ἐκφαντορικῷ

336 4472 438 4534 τῆς
470 4464 754 4529 οὖσιώδους
789 4468 959 4523 αὖτῶν
986 4465 1144 4531 ἕξεως
1173 4465 1420 4544 ὀνόματι,
1454 4470 1543 4522 του
1598 4465 1736 4522 θείου
1791 4464 1849 4515 εὖ
1878 4468 1982 4540 μύ-

340 4579 434 4636 ρου
507 4558 644 4614 κατὰ
727 4554 1050 4632 ωμϐολικῆν
1136 4556 1532 4635 εἰκονογραφίαν
1608 4555 1982 4622 ἀνακινητικᾶς

340 4645 528 4727 ἔχουσι
560 4643 803 4721 δυνάμεις
835 4645 998 4712 Ξόεἰς
1056 4645 1303 4728 ἔκφανσιν
1363 4647 1488 4702 αὐτὸ
1543 4647 1629 4702 καὶ
1686 4643 1982 4723 δραστικω-

338 4737 506 4814 τέρων
565 4735 747 4810 ἀτμῶν
804 4733 1033 4794 διάδοσιν
1092 4727 1512 4802 ἐέικαλουμένας,
1575 4727 1636 4789 Ἢ
1693 4735 1793 4812 γὰρ
1854 4736 1984 4813 ὑπὲρ

341 4833 461 4882 νοῦν
492 4823 696 4892 εὖώδης
728 4824 874 4883 οὗσία
904 4828 1033 4906 πρὸς
1064 4827 1168 4882 τῶν
1205 4823 1471 4904 διαπύρων
1527 4830 1613 4880 καὶ
1671 4825 1984 4902 καθαρωτά-

2145 4199 2210 4262 Si
2239 4197 2439 4278 igitur,
2473 4206 2538 4260 ut
2569 4195 2994 4262 Hebraicorum
3019 4197 3327 4260 nominum
3357 4199 3712 4278 interpretes

2065 4288 2742 4364 aiiirmant,divinissimi
2762 4288 2850 4349 illi
2866 4287 3166 4368 seraphim
3182 4291 3525 4351 incensores
3539 4295 3595 4348 et
3608 4304 3712 4348 ca-

2066 4378 2381 4459 lefactores
2409 4398 2441 4441 a
2465 4379 2773 4460 Scriptura
2807 4377 3382 4454 nominentur,quod
3410 4377 3470 4437 in
3498 4393 3717 4437 nomen

2067 4479 2282 4532 statum
2317 4488 2520 4530 eorum
2562 4469 2892 4530 naturalem
2920 4467 3236 4543 exprimat,
3269 4467 3497 4548 utique,
3550 4465 3717 4545 juxta

2011 4539 2051 4592 θ
2067 4559 2452 4640 symbolicam
2486 4558 2937 4637 eliigiationem,
2970 4539 3195 4618 habent
3220 4539 3505 4636 unguenti
3531 4539 3715 4615 divini

2066 4651 2225 4710 vires
2251 4647 2407 4724 illas,
2435 4667 2566 4730 quae
2588 4665 2822 4709 sursum
2848 4654 3028 4726 agunt
3057 4646 3128 4706 ad
3157 4647 3350 4727 ipsum
3376 4644 3711 4723 exprimen-

2068 4736 2388 4818 dum,etad
2422 4740 2785 4800 efﬁcaciores
2816 4753 3066 4817 vapores
3096 4731 3715 4796 distribuendosinci-

2069 4834 2215 4889 tant.
2269 4829 2510 4890 Etenim
2563 4827 2819 4889 essentia
2867 4825 2989 4900 illa,
3023 4826 3193 4903 cujus
3227 4823 3427 4885 odoris
3459 4822 3717 4883 suavitas

339 4935 447 4972 των
506 4917 642 4971 νοῶν
703 4915 776 4978 εἷς
836 4913 1088 4994 ἔκφανσιν
1142 4916 1504 4972 ἀνακινεῐσθαι
1555 4912 1728 4993 φιλεῖ,
1776 4915 1985 4978 καὶτὰς

338 5004 615 5067 θειοτάτας
665 5003 828 5072 αὐτῆς
885 5005 1159 5071 ἐπιπνοίας
1217 5004 1272 5060 ἐν
1331 5000 1639 5068 πανολϐίαις
1696 5001 1987 5062 διαδόσεσιν

340 5092 594 5173 δωρεῖται
624 5095 744 5158 τοῖς
793 5093 960 5159 οὕτως
1011 5094 1174 5163 αὒτὴν
1231 5094 1597 5174 ὑπερκοσμίως
1653 5091 1986 5170 ἐκκαλουμέ-

341 5205 476 5248 νοις.
541 5185 739 5242 Οὐκοῦν
794 5185 828 5253 ἡ
886 5182 1131 5253 θειοτάτη
1190 5190 1296 5242 τῶν
1353 5185 1735 5265 ὑπερουρανίων
1797 5184 1988 5242 οὐσιῶν

2072 4925 2332 4980 mentem
2350 4929 2612 4999 superat,
2635 4918 2708 4979 ab
2730 4917 2923 4995 igneis
2948 4915 3400 4995 purissimisque
3417 4910 3716 4974 mentibus

2070 5014 2142 5072 ad
2171 5016 2260 5074 sui
2290 5017 2805 5075 manifestationem
2842 5013 3067 5070 invitari
3101 5020 3273 5082 amat,
3304 5012 3721 5069 divinissimas-

2072 5119 2183 5177 que
2213 5121 2344 5164 suas
2365 5107 2770 5180 inspiratioues
2791 5101 3266 5163 luculentissimis
3289 5101 3718 5160 distributioni-

2072 5184 2184 5248 bus
2211 5185 2550 5268 impertitur
2578 5188 2650 5250 iis
2680 5187 2782 5269 qui
2813 5186 2899 5249 sic
2932 5183 3095 5246 illam
3155 5184 3721 5263 supramundialiter

1659 5356 1926 5420 VARUE
1968 5355 2408 5421 LECTIONES.

423 5519 477 5564 ⁸⁵
505 5515 721 5599 scribe
746 5516 1150 5599 ispypapoﬁu,
1186 5515 1288 5578 ita.
1322 5517 1496 5599 Vien,
1543 5513 1598 5560 ¹⁶
1639 5516 2020 5599 πρόσωπαλδ.
2074 5520 2140 5581 Ρ.
2177 5517 2286 5581 Ch.
2341 5517 2397 5599 ,1⁷
2427 5518 2702 5599 πέτανται,
2735 5518 2842 5599 Ch.
2909 5517 2980 5583 D.
3010 5519 3078 5581 S.
3133 5516 3335 5599 ‘g‘ﬁig
3352 5515 3610 5599 νοήῖεξωςι

339 5599 396 5644 η
437 5595 749 5681 ἅγετιιιδο
798 5591 1203 5681 ,κέκραγιγρ
1254 5599 1329 5661 Do
1391 5598 1443 5642 ²¹
1475 5591 1831 5681 ἐμφαντὶκήνο
1860 5677 1872 5681 Α
1893 5591 1950 5640 εί
1975 5600 2297 5678 ἀεικίνητον,
2331 5598 2396 5673 S,
2441 5597 2508 5661 P.
2562 5591 2700 5662 Ch;
2732 5598 2788 5642 9³
2819 5604 2973 5657 εἷπον
3020 5602 3134 5672 οὖν,
3166 5595 3243 5661 Μ.
3299 5594 3398 5658 Sc.
3459 5591 3514 5637 ει
3540 5600 3635 5652 τοῦ
3665 5591 3720 5649 δὲ

340 5673 505 5764 θείου,
542 5673 750 5745 Μζδοο
811 5673 868 5719 ³⁵
895 5673 1111 5759 ἔχοντες
1145 5673 1392 5757 δύναμεις
1426 5673 1512 5748 εἷς
1544 5673 1792 5763 ἔκφανσιν
1819 5677 2002 5757 αὐτοῦ,
2035 5681 2114 5743 Μ.
2149 5682 2249 5745 Sc.
