4150 6158
205 414 318 482 489
687 412 784 481 DE
829 412 1125 482 ECCLES.
1175 412 1622 500 HIERABCH.,
1675 418 1839 482 CAP.
1888 406 1992 482 IV.
2040 450 2112 463 —-
2146 414 2531 481 PARAPHR.
2599 415 3092 481 PAGHYMEBIE
3458 413 3580 483 490

206 551 262 605 αἵ
290 571 347 606 τε
379 548 531 626 ᾠδαὶ,
566 551 653 606 καὶ
685 553 734 605 αἱ
782 549 1130 631 ἂναγνώσεις,
1166 553 1252 608 καὶ
1309 554 1344 620 ἡ
1402 558 1510 609 τῶν
1564 574 1845 633 κατηχοῦ-

1938 567 1997 612 ac
2028 550 2488 613 catechumenos
2506 550 2745 628 dimitti,
2774 549 2985 612 eodem
3017 567 3251 631 quoque
3273 550 3371 613 hic
3396 552 3575 616 modo

205 640 374 714 μένων
438 639 693 703 ἀπόλυσις
751 642 975 717 γίνεταιο
1033 643 1124 697 τὸν
1180 641 1338 698 αὐτὸν
1397 644 1591 721 τρόπον
1633 645 1720 700 καὶ
1750 644 1841 700 ἐν-

205 735 361 787 ταῦθα
415 731 479 786 τὰ
526 736 742 786 τοιαῦτα
774 729 1070 792 τελοῦνται.
1113 735 1270 811 Εἶτα,
1302 733 1363 788 τὸ
1393 733 1556 812 μύρον
1581 735 1609 788 ὁ
1664 733 1841 812 ἱεράρ-

205 842 312 898 χης
365 818 568 900 λαϐὼν,
628 819 890 887 ἐπιτίθησί
950 828 1028 895 τῷ
1082 821 1204 896 θείῳ
1253 824 1630 901 θυσιαστηρίῳ,
1686 843 1839 898 περι-

206 910 597 986 κεκαλυμμένον
654 911 845 984 ῥιπίσιν
903 912 1078 989 ἁγίαις
1132 913 1203 975 ὡς
1235 911 1444 991 πτέρυξι
1505 911 1835 992 δυοκαίδεκα,

203 997 545 1057 ἀναϐοώντων
604 1000 816 1056 πάντων
851 1001 911 1056 τὸ
943 998 1272 1069 Ἀλληλούϊα
1304 1009 1479 1071 (τοῦτο
1539 1003 1638 1081 γὰρ
1695 1000 1838 1081 λέγει

204 1087 495 1164 πελῴδημα
544 1090 640 1157 τῆς
686 1088 739 1145 ἐν
787 1103 906 1155 τοῖς
939 1089 1237 1170 προφήταις
1266 1090 1541 1154 ἐπιπνοίας
1574 1097 1666 1147 τοῦ
1698 1114 1839 1147 παν-

204 1181 351 1257 αγίου
405 1180 752 1256 Πνεύματος),
810 1182 899 1237 καὶ
953 1180 1354 1261 ἀποπληρώσας
1409 1182 1513 1248 τὴν
1565 1177 1649 1237 ἐπ’
1695 1181 1841 1256 αὐτῷ

203 1269 393 1348 εὐχὴν,
430 1274 633 1350 χρῆται
664 1268 853 1326 λοιπὸν
885 1271 1015 1348 πρὸς
1070 1276 1244 1328 πᾶσαν
1301 1268 1497 1351 σχεδὸν
1556 1272 1839 1350 ἱεραρχικὴ

206 1357 591 1439 τελεσιουργίαν
601 1407 614 1423 ,

842 1460 933 1512 lli.
972 1451 1196 1530 Θεωρία,

280 1543 309 1623 §
367 1554 408 1606 l.
475 1545 658 1609 Καθὼς
717 1546 807 1601 καὶ
864 1545 919 1601 ἐν
975 1558 1093 1608 τοῖς
1150 1552 1344 1622 προτοῦ
1409 1546 1693 1622 πεποίηκε,
1753 1548 1841 1604 καὶ

204 1640 410 1713 πρῶτον
499 1632 648 1713 ἔλεγε
738 1635 836 1703 τὴν
930 1636 1286 1713 εἰσαγωγικὴν
1356 1635 1644 1714 ἀναγωγὴν
1712 1638 1844 1715 πρὸς

203 1723 556 1804 ψυχαγωγίαν
585 1730 689 1781 τῶν
719 1723 798 1780 ’ἐτι
840 1723 1194 1803 τελουμένων,
1259 1726 1347 1781 καὶ
1405 1726 1482 1800 μὴ
1540 1723 1841 1802 δυναμένων

202 1810 330 1893 πρὸς
363 1812 698 1894 ὑψηλοτέραν
726 1814 1023 1893 ἀναχθῆναι
1069 1816 1308 1894 θεωρίαν’
1364 1813 1499 1872 οὕτω
1552 1830 1701 1873 ποιεῖ
1756 1818 1842 1874 καὶ

1927 640 2043 702 ista
2075 641 2246 703 fiunt.
2286 640 2515 704 Deinde
2551 640 2808 719 pontifex
2838 638 3138 719 accipiens
3178 653 3575 728 unguentum,

1927 730 2180 811 imponit
2238 730 2383 791 illud
2437 730 2637 792 divino
2690 728 2882 809 altari,
2916 729 3232 791 duodecim
3253 734 3438 794 sacris
3466 734 3579 799 alis

1924 836 2032 880 seu
2067 817 2277 898 pennis
2320 819 2678 892 obvelatum,
2712 817 2991 880 omnibus
3040 817 3301 881 Alleluia
3331 823 3578 886 concla-

1928 909 2224 970 mantibus
2257 910 2395 989 ihoc
2432 909 2594 971 enim
2627 917 2791 970 socat
2822 907 3130 971 Canticum
3184 910 3374 972 sancti
3432 914 3574 994 Spi-
3662 958 3681 965 -

1924 996 2069 1059 ritus
2101 1007 2160 1060 et
2188 1000 2571 1079 aspirationis
2624 998 3102 1079 prophetarum),
3161 999 3578 1081 completaque

1923 1104 2104 1168 super
2134 1105 2205 1148 eo
2236 1089 2522 1160 oratione,
2552 1100 2761 1169 postea
2795 1088 2896 1149 illo
2956 1087 3142 1151 utitur
3195 1088 3270 1150 ad
3330 1109 3573 1156 omnem

1925 1179 2354 1260 propemodum
2385 1178 2818 1242 hierarchicam
2848 1179 3386 1246 consecrationem.

2448 1436 2548 1501 Ill.
2591 1440 3058 1521 Contemplatio.

2005 1533 2111 1612 δι.
2167 1533 2681 1607 Quemadmodum
2746 1532 2921 1596 etiam
2979 1540 3154 1597 antea
3205 1534 3484 1615 faciebat,
3515 1545 3577 1602 et

1930 1622 2185 1702 primum
2221 1623 2589 1705 proponebat
2614 1623 3107 1687 introductoriam
3140 1642 3474 1709 anagogen,
3498 1628 3576 1692 ad

1927 1711 2360 1775 institutionem
2393 1730 2597 1776 eorum
2632 1714 2733 1794 qui
2765 1713 2961 1776 adhuc
2992 1714 3325 1796 initiantur,
3362 1736 3474 1779 nec
3502 1717 3578 1780 ad

1924 1801 2336 1864 sublimiorem
2361 1803 2926 1884 contemplationem
2947 1804 3159 1867 adduci
3193 1815 3466 1888 possunt,
3491 1810 3580 1872 sic

140 1964 143 1967 _
202 1892 441 1964 ἐνταῦθα.
478 1896 541 1959 Ἠ
573 1892 696 1982 γοῦν
726 1892 984 1960 τοῦγθείου
1037 1892 1228 1984 μύρου,
1279 1907 1432 1984 φησὶ,
1487 1904 1839 1983 περίκάλυψις

1938 1892 2100 1994 etiam
2128 1892 2224 1993 hic
2244 1893 2409 1955 facit.
2435 1892 2582 1994 llaec
2605 1893 2803 1974 igitur,
2840 1893 3056 1994 inquit,
3077 1895 3580 1994 diviniunguenti

202 1993 335 2050 κατὰ
363 1993 650 2070 ἀναγωγὴν
684 1993 1066 2071 εἰσαγωγικὴν³
1101 1995 1302 2072 ἒκεῖνο,
1336 1994 1522 2073 οἶμαι,
1553 1993 1738 2072 δηλοῖ,
1779 1998 1841 2051 τὸ

1938 1980 2212 2043 abvelatio
2227 1983 2555 2044 secundum
2575 2001 2879 2063 anagogen
2900 1984 3417 2061 introductoriam,
3442 1988 3577 2050 exi-

203 2081 641 2161 περικεκαλύςρθαι
676 2088 848 2139 πᾶσαν
879 2083 1013 2141 κατὰ
1051 2089 1170 2139 νοῦν
1220 2082 1404 2162 πρᾶξιν
1463 2082 1657 2151 εῦώδη’
1719 2083 1840 2151 ἥτις

204 2171 259 2228 δέ
286 2173 323 2239 ἦ
357 2172 615 2250 ἀναγωγὴ
646 2171 1003 2250 ἐγκελεύεται,
1038 2173 1115 2246 μὴ
1169 2178 1488 2251 φαινομένας
1549 2173 1698 2253 ἔχειν
1754 2177 1839 2231 ἰπὶ

204 2261 323 2339 δόξῃ
382 2268 512 2338 κενῇ
568 2263 660 2325 τὰς
721 2263 913 2328 νοητὰς
966 2259 1205 2333 εὐωδίας,
1239 2265 1326 2320 καὶ
1358 2264 1720 2342 ἀφομοιώσεις
1751 2272 1842 2321 τοῦ

203 2352 418 2431 κρυφίου
453 2353 605 2414 Θεοῦ,
641 2350 957 2431 ’Ἂχραντοι
989 2352 1088 2430 γὰρ
1126 2354 1255 2408 εἰσιν
1287 2352 1391 2409 ἀπὸ
1445 2361 1551 2409 τῶν
1599 2360 1691 2409 τοῦ
1749 2356 1847 2410 γό-

204 2465 365 2514 σμου,
401 2442 490 2497 καὶ
519 2444 703 2516 μόνοις
737 2454 855 2506 τοῖς
886 2454 1091 2525 νοεροῖς
1125 2440 1463 2521 ἐμφαίνονται
1495 2445 1546 2499 αἱ
1577 2446 1717 2500 θεῖαι
1762 2446 1850 2500 καὶ

206 2529 423 2594 εὐώδεις
485 2530 813 2606 εὖπρέπειαι,
870 2532 958 2587 καὶ
989 2532 1254 2607 ὁμοειδεῖς
1286 2531 1522 2588 θέλουσιν
1554 2531 1722 2612 ἔχειν,
1756 2532 1851 2588 οὒκ

203 2619 511 2699 ἀνθρώπους
547 2623 698 2697 σαρκὶ
728 2628 953 2697 ζῶντας,
1012 2619 1151 2677 ἀλλὰ
1202 2622 1298 2685 τὰς
1342 2620 1396 2677 ἒν
1443 2624 1681 2701 κρυφίαις
1742 2627 1849 2697 quu-

206 2724 343 2790 χαῖς
375 2711 814 2789 ἀπαραφοάρτους
845 2711 1074 2785 εἰκόνας,
1108 2711 1194 2768 ὅτε
1225 2710 1432 2779 δηλαδῆ
1464 2715 1524 2768 τὸ
1587 2713 1707 2769 κατ’
1770 2715 1850 2769 εἰ·

203 2801 334 2857 κόνα
366 2799 514 2872 μένει
552 2797 853 2867 ἁλώϐητον·
901 2802 961 2857 τὸ
1021 2801 1120 2880 γὰρ
1178 2799 1391 2879 ἄγαλμα
1446 2801 1542 2870 τῆς
1599 2802 1855 2868 θεοειδοῦς

202 2890 398 2967 ἀρετῆς
429 2894 524 2948 οὐκ
580 2888 756 2954 ἄλλως
811 2892 870 2946 τὸ
920 2890 1335 2970 ἆπαργάραπτον
1384 2890 1507 2971 ἕξει,
1569 2895 1613 2948 εἰ
1665 2894 1743 2967 μὴ
1800 2893 1857 2948 εὖ

203 2978 524 3055 μιμήσεται,
560 2981 648 3035 καὶ
676 2980 807 3055 πρὸς
836 2979 1013 3036 έκεῖνο
1068 2982 1130 3036 τὸ
1155 2982 1347 3046 νοητὸν
1378 2982 1464 3036 καὶ
1494 2979 1679 3044 εὒῶδες
1712 2981 1849 3038 κάλ-

201 3073 294 3134 λδς
327 3073 561 3127 τυπώσει
593 3068 770 3132 ἑαυτό,
810 3060 843 3093 ’¹
875 3080 1053 3147 Ωσπερ
1102 3071 1201 3149 γὰρ
1229 3073 1315 3127 ὶπὶ
1345 3077 1450 3127 τῶν
1482 3073 1742 3139 αἰσθητῶν
1773 3074 1851 3127 εἷ-

203 3160 402 3239 κόνων,
436 3161 481 3216 εἰ
501 3162 633 3237 πρὸς
662 3163 721 3215 τό
754 3158 1057 3239 ἀρχέτυπον
1089 3159 1281 3225 κάλλος
1317 3163 1344 3217 ὁ
1404 3163 1631 3240 γραφεὺς
1692 3162 1849 3218 ἀκλι-

200 3256 306 3314 νῶς
339 3250 516 3330 ἀφορᾷ
551 3256 628 3326 μὴ
685 3251 1088 3328 περισπώμενος
1143 3249 1285 3308 ἔνθεν
1338 3251 1607 3329 κάκεῖθεν,
1641 3250 1851 3331 ἐξακρι-

1923 2082 2115 2149 stimo,
2140 2082 2425 2153 signiﬁcat
2451 2084 2801 2155 fragrantem
2818 2097 3046 2141 omnem
3068 2084 3377 2143 mentalem
3399 2086 3581 2145 actio-

1925 2180 2061 2223 nem
2094 2161 2234 2222 ΩΩὸ
2266 2181 2401 2225 esse
2431 2163 2821 2226 obvelandam
2858 2186 2874 2245 ;
2910 2164 3205 2246 siquidem
3260 2165 3384 2227 haec
3427 2186 3576 2231 ana-

1923 2276 2068 2334 goge
2090 2262 2273 2333 jubet,
2311 2264 2546 2320 minime
2588 2262 2660 2321 ad
2689 2264 2922 2321 inanem
2952 2264 3194 2335 gioriam
3244 2273 3581 2336 apparentes

1931 2342 2152 2404 habere
2182 2343 2533 2421 fragrantias
2568 2344 2959 2424 spiritales,et
2986 2344 3208 2408 occulti
3239 2343 3347 2406 Dei
3368 2348 3582 2410 simili-

1932 2431 2188 2494 tudines.
2225 2433 2392 2495 Pura:
2415 2434 2575 2495 enim
2604 2444 2746 2496 sunt
2796 2434 3094 2508 asaeculo,
3129 2435 3390 2518 solisque
3438 2438 3583 2501 viris

1932 2520 2299 2602 spiritalibus
2322 2530 2611 2602 apparent
2658 2522 2775 2584 illa}
2791 2523 3014 2584 divinae
3039 2541 3106 2584 ac
3127 2523 3454 2603 fragrantes
3478 2545 3580 2589 ve-

1935 2620 2225 2693 nustates,
2259 2621 2317 2674 et
2349 2613 3018 2694 requiruntunit‘ormes
3033 2613 3459 2696 homines,non
3477 2616 3583 2698 qui

1934 2701 2261 2763 secundum
2325 2721 2563 2764 carnem
2614 2703 2831 2778 vivant,
2883 2702 2989 2764 sed
3037 2704 3136 2782 qui
3169 2704 3230 2765 in
3255 2706 3582 2768 reconditis

1936 2790 2151 2851 animis
2167 2790 2655 2873 incorruptibiles
2678 2800 2887 2872 gerant
2907 2791 3219 2873 imagines,
3246 2793 3388 2856 dum
3411 2794 3585 2858 nimi-

1938 2889 2139 2952 rumid
2164 2891 2320 2971 quod
2345 2891 2662 2971 imaginem
2688 2890 2791 2953 Dei
2812 2891 2995 2954 refert
3021 2901 3218 2955 manet
3239 2895 3582 2958 immacula-

1935 2987 2086 3056 tum;
2120 2999 2252 3042 nam
2286 2981 2522 3044 virtutis
2551 2980 2863 3043 deiformis
2893 2981 3277 3045 simulacrum
3313 2984 3461 3047 illud
3482 2984 3583 3049 in-

1935 3070 2457 3152 circumscriptum
2497 3090 2614 3133 non
2645 3071 2817 3133 aliter
2850 3070 3114 3153 habebit,
3140 3074 3250 3135 nisi
3284 3073 3442 3137 idem
3470 3076 3586 3140 rite

1933 3159 2113 3221 fuerit
2165 3160 2454 3237 imitatus,
2515 3169 2574 3222 et
2631 3161 2708 3223 ad
2738 3159 2935 3243 ipsum
2967 3155 3293 3242 spiritalein
3327 3182 3495 3227 suam
3527 3172 3587 3229 et

1936 3248 2297 3329 fragrantem
2332 3250 2836 3331 pulchritudinem
2870 3251 3218 3315 eti‘ormarit.
3233 3252 3397 3316 Sicut
3424 3255 3586 3316 enim

200 3337 353 3396 ϐάσει
389 3341 451 3396 τὸ
484 3340 703 3416 μίμημα
736 3339 913 3419 (τοῦτο
946 3341 1045 3419 γὰρ
1076 3340 1186 3398 ἐστι
1216 3342 1276 3398 τὸ
1307 3339 1662 3398 διπλασιάσει’
1692 3363 1760 3398 πο
1773 3343 1851 3409 ιη-

1938 3337 1997 3399 in
2032 3339 2354 3401 sensilibus
2387 3338 2767 3420 imaginibus,
2801 3342 2850 3401 si
2888 3339 3079 3420 pictor
3125 3341 3199 3402 ad
3249 3343 3586 3423 primaevam

201 3452 284 3487 σει
319 3431 420 3508 γὰρ
453 3430 541 3486 καὶ
567 3428 698 3485 ἄλλο
734 3433 850 3486 οἷον
882 3428 1084 3502 ἐκεῖνο,
1120 3428 1256 3497 πλὴν
1279 3437 1373 3487 τοῦ
1402 3431 1501 3496 τῆς
1529 3430 1704 3494 οὐσίας
1737 3434 1856 3486 δια-

200 3520 390 3601 φόρου,
423 3520 486 3574 τὸ
514 3520 614 3595 μὲι
643 3520 741 3597 γὰρ
776 3519 1026 3587 ἀληθινὸν
1063 3518 1317 3595 ἔμπνουν,
1353 3521 1415 3575 τὸ
1450 3518 1505 3576 δὲ
1534 3527 1625 3577 τοῦ
1646 3521 1855 3599 ζωγρά-

200 3632 302 3689 φου
332 3608 533 3687 ἕργον)’
570 3608 709 3666 οὕτω
739 3611 826 3666 καὶ
857 3623 976 3673 τοῖς
1006 3616 1264 3690 γραφεῦσι
1297 3623 1416 3675 τοῖς
1474 3624 1856 3686 πνευματικοῖς

198 3702 235 3768 ἡ
274 3700 409 3778 πρὸς
437 3700 500 3755 τὸ
530 3698 834 3778 ἀρχέτυπον
858 3701 947 3757 καὶ
978 3698 1168 3764 εὐῶδες
1199 3698 1394 3765 κάλλος
1442 3699 1665 3768 ἀκλινὴς
1715 3703 1855 3757 θεω-

198 3790 291 3867 ρία
320 3790 385 3846 τὸ
417 3787 656 3851 ἀπλανὲς
687 3787 984 3867 δωρήσεται
1017 3787 1275 3867 ἴνδαλμα.
1309 3789 1497 3855 Καλῶς
1527 3789 1617 3846 οὖν
1648 3792 1694 3847 οἱ
1720 3788 1858 3848 ὅσιοι

198 3893 458 3960 γραφεῖς,
520 3878 968 3959 ἆμεταστρέπτως
1027 3878 1410 3946 εἰδοποιοῦντες
1463 3883 1524 3937 τὸ
1581 3879 1737 3956 ἴδιον,
1797 3882 1859 3937 τὸ

200 3971 413 4049 νοερὸν,
443 3971 505 4027 οὗ
533 3968 865 4047 φροντίσουσι
900 3969 997 4036 τῆς
1026 3968 1124 4035 ’ἐξω
1154 3968 1618 4049 περιπλανήσεως.
1655 3961 1857 4035 ’Ἒξου-

203 4081 257 4115 σι
290 4067 418 4139 γοῦν
452 4059 515 4114 τὸ
537 4062 685 4115 θεῖον
724 4059 888 4138 μύρον
943 4058 1467 4139 περικεκαλυμμὲνον
1524 4062 1596 4123 ὡς
1656 4060 1856 4140 εἰκόνα,

205 4150 340 4227 πρὸς
403 4148 498 4213 τὰς
528 4153 630 4216 τῆς
662 4147 985 4216 Ἐκκλησίας
1017 4146 1297 4225 διατάξεις,
1331 4149 1418 4206 ἐπὶ
1456 4151 1519 4206 τὸ
1575 4151 1652 4226 μὴ
1709 4172 1857 4225 πομ-

202 4240 389 4296 πεύειν
443 4239 584 4295 ἅπαν
635 4238 827 4318 ἀγαθὸν
888 4238 1043 4318 ἔργον
1099 4240 1172 4304 εἷς
1222 4240 1383 4307 κεν-ην
1437 4243 1540 4295 τῶν
1571 4239 1857 4314 ἀνθρώπων

199 4327 383 4395 δόξαν
422 4327 506 4384 διὸ
538 4329 626 4385 καὶ
656 4330 825 4404 αὐτοὶ,
861 4331 922 4385 τὸ
962 4327 1079 4386 κατ’
1140 4329 1333 4405 ἀρετὴν
1382 4331 1520 4407 ἱερὸν
1577 4330 1713 4386 εἴσω
1767 4336 1859 4386 τοῦ

197 4422 326 4481 νοὸς
391 4419 877 4496 περικαλύπτοντες
934 4421 1069 4477 κατὰ
1129 4421 1190 4477 τὸ
1244 4419 1639 4496 κεκαλυμμένον
1673 4420 1855 4499 μύρον,

198 4512 335 4589 πρὸς
369 4509 548 4584 μόνην
577 4509 785 4576 ἓκείνηι
818 4510 916 4576 τὴν
945 4509 1246 4590 ἀρχέτυπον
1304 4507 1665 4568 ἆποὸλέπουσι
1725 4510 1859 4577 νόη-

198 4624 310 4665 σιν,
352 4598 485 4659 Οὐδὲ
514 4601 613 4679 γὰρ
644 4600 855 4659 ἀθέατοι
886 4604 1049 4678 μόνον
1082 4604 1181 4660 εἶσὶ
1209 4615 1326 4668 τοῖς
1354 4601 1605 4680 πολλοῖς,
1640 4604 1727 4667 οὓς
1776 4604 1860 4659 καὶ

197 4691 491 4755 ἀνομοίους
522 4690 690 4770 λέγει·
725 4692 772 4749 οἱ
800 4693 900 4771 γὰρ
949 4692 1148 4768 ὅμοιοι,
1200 4691 1456 4763 ἀλλήλοις
1516 4698 1613 4761 τῆς
1670 4691 1860 4771 ἀρετῆς

196 4781 621 4862 κοινωνήσωσι,
653 4782 742 4838 καὶ
769 4782 829 4839 οὖ
863 4780 1224 4858 βλαϐήσονται
1255 4782 1378 4862 παρ’
1411 4780 1688 4851 ἀλλήλωνσ
1748 4781 1860 4857 ἅμα

198 4871 309 4950 γὰρ
367 4873 460 4927 καὶ
518 4870 809 4951 ἀμφότεροι
862 4872 962 4939 τὴν
1023 4874 1162 4930 θείαν
1193 4872 1446 4929 διώκουσι
1476 4870 1655 4952 δόξαν,
1687 4872 1774 4928 καὶ
1806 4872 1865 4927 οὔ

199 4961 310 5029 τὴν
338 4962 451 5017 τῶν
478 4959 797 5040 ἀνθρώπων.
830 4964 904 5021 Οὔ
960 4964 1134 5020 τοίνυν
1164 4961 1376 5019 ἀθέατοι
1426 4966 1588 5037 μόνον
1621 4962 1717 5017 εἰσὶ
1746 4973 1865 5027 τοῖς

200 5048 467 5120 πολλοῖς,
492 5049 613 5107 ἄλλ’
646 5049 751 5108 οὐδ’
781 5054 925 5112 αὐτοὶ
956 5052 1099 5110 οὗτοι
1128 5060 1345 5125 ζητοῦσι
1367 5050 1579 5128 βλέπειν
1610 5052 1864 5132 ἐκείνους,

200 5143 316 5220 οὐχ
344 5137 429 5196 ὅτι
460 5144 539 5215 μὴ
568 5149 916 5220 προνοοῦντες
948 5143 1186 5222 ἓκείνων,
1220 5141 1343 5199 ἀλλ’
1381 5141 1466 5198 ὅτι
1503 5143 1579 5217 μὴ
1638 5148 1863 5213 ζητοῦν-

198 5250 299 5292 τες
329 5228 457 5309 παρ’
488 5228 706 5288 ἐκείνων
734 5231 1101 5313 ὠφεληθῆναι·
1139 5232 1256 5290 ὅθεν
1296 5232 1597 5298 ἀκολούθως
1635 5238 1705 5309 τῇ
1760 5230 1866 5304 ὶδιᾳ

196 5318 310 5385 ἕξει
342 5319 440 5375 οὒκ
468 5319 628 5397 ἐρῶσι
660 5326 767 5378 τῶν
797 5320 1113 5398 δοκούντων,
1146 5321 1283 5379 ἀλλὰ
1335 5328 1441 5380 τῶν
1499 5321 1663 5379 ὄντων
1723 5321 1861 5401 (ἐπεὶ

196 5408 308 5487 γὰρ
336 5411 446 5465 τῶν
480 5406 658 5466 ἄλλων
688 5408 1003 5493 διίστανται,
1030 5420 1145 5476 πῶς
1177 5415 1467 5484 ζητήσουσι
1529 5415 1591 5468 τὸ
1652 5409 1854 5492 δοκεῖν,

196 5499 286 5573 μὴ
313 5499 485 5556 ὄντων
517 5505 624 5556 τῶν
654 5498 946 5559 δοκούντων
980 5501 1226 5577 μηδόλως
1257 5502 1297 5581 ς)
1321 5500 1457 5559 ἀλλὰ
1485 5502 1545 5557 τὸ
1577 5500 1741 5558 καλὸν
1770 5503 1857 5558 καὶ

194 5591 265 5644 τὸ
290 5589 369 5663 μὴ
402 5587 488 5671 ἐφ’
520 5590 727 5647 ἑαυτοῦ·
766 5595 851 5649 καὶ
886 5593 1059 5657 καθὼς
1117 5592 1235 5673 ἔχει
1296 5593 1500 5672 φύσεως
1564 5593 1853 5670 κρίνοντες,

196 5678 495 5756 ἀγάλματα
552 5684 654 5747 τῆς
710 5682 851 5747 θείας
913 5680 1130 5745 cinnata:
1188 5683 1339 5758 εἰσὶν,
1374 5682 1535 5762 ἢγουν
1578 5685 1736 5740 αὒτοῦ
1763 5690 1856 5740 τοῦ

199 5774 363 5849 Θεοῦ,
399 5769 461 5838 ὅς
492 5766 561 5838 δὴ
599 5771 654 5827 τὸ
680 5768 846 5828 καλὸν
876 5771 958 5853 ἐφ’
989 5773 1175 5832 ἑαυτοῦ
1204 5777 1397 5850 ποιῶν,
1427 5773 1500 5837 εὶς
1530 5772 1730 5838 πάντας
1760 5771 1856 5830 οὒκ

497 5878 766 5945 Panos.
805 5878 918 5947 Gn.
948 5878 1048 5949 IIl.

1884 4667 1926 4718 D

1938 3427 2200 3507 speciem
2226 3436 2571 3492 constanter
2590 3428 2884 3505 intendat,
2903 3446 3271 3510 nequaquam
3290 3431 3430 3495 hinc
3451 3432 3590 3497 inde

1939 3516 2290 3593 distractus,
2349 3525 2626 3580 accurate
2682 3518 2976 3599 exprimet
3026 3518 3089 3580 id
3133 3520 3291 3599 quod
3325 3521 3590 3586 imitatur

1946 3606 2085 3687 (hoc
2135 3605 2294 3670 enim
2327 3616 2418 3670 est
2445 3606 2594 3669 illud
2626 3608 2951 3689 replicabit
2972 3631 2997 3682 ;
3030 3627 3169 3671 nam
3202 3609 3378 3673 faciet
3422 3609 3590 3674 aliud

1939 3703 2095 3760 sicut
2127 3696 2275 3759 illud
2297 3697 2447 3760 citra
2460 3696 2810 3762 substantiae
2830 3697 3254 3779 differentiam;
3288 3699 3589 3780 siquidem

1942 3785 2001 3848 id
2034 3804 2170 3849 vere
2204 3796 2293 3851 est
2324 3789 2678 3864 animatum,
2717 3788 2832 3850 hoc
2860 3807 3002 3850 vero
3060 3808 3209 3870 opus
3265 3790 3339 3853 ad
3396 3792 3591 3853 vivum

1943 3890 2332 3959 expressum);
2368 3877 2455 3939 sic
2485 3878 2661 3940 etiam
2696 3877 3027 3959 pictoribus
3065 3878 3453 3959 spiritalibus,
3487 3899 3590 3943 ar-

1942 3966 2179 4047 chetypi
2202 3974 2260 4028 et
2280 3967 2680 4029 suaveolentis
2710 3966 3171 4048 pulchritudinis
3200 3968 3428 4031 intenta
3450 3988 3593 4033 con-

1940 4064 2220 4138 stansque
2250 4056 2674 4138 contemplatio
2707 4058 2983 4119 conferet
3040 4056 3158 4119 illis
3212 4057 3590 4121 infallibilem

1942 4145 2422 4209 similitudinem.
2480 4145 2667 4208 Recte
2708 4146 2887 4226 igitur
2910 4146 3172 4227 pictores
3202 4147 3414 4221 sancti,
3448 4148 3590 4210 dum

1941 4235 2259 4315 imaginem
2283 4254 2448 4297 suam
2476 4235 2801 4317 spiritalem
2826 4254 2944 4297 non
2969 4242 3302 4298 retroversa
3321 4236 3473 4299 facie
3495 4255 3596 4299 ex-

1943 4335 2558 4405 primunt,extraneam
2591 4334 2990 4407 deceptionem
3013 4332 3254 4392 minime
3278 4335 3592 4394 attendant.

1941 4415 2215 4477 Divinum
2247 4414 2448 4496 itaque
2482 4422 2847 4496 unguentum
2904 4414 3242 4477 obvelatum
3293 4414 3596 4479 habebunt

1947 4516 2226 4584 tanquam
2260 4505 2580 4586 imaginem
2611 4505 2891 4567 ordinum
2922 4504 3494 4583 ecclesiasticarum,
3518 4523 3595 4569 ne

1947 4614 2125 4658 omne
2155 4613 2305 4676 opus
2335 4594 2555 4657 bonum
2587 4595 2661 4658 ad
2708 4596 2947 4657 inanem
2982 4595 3292 4656 hominum
3338 4596 3595 4675 gloriam

1946 4694 2285 4760 ostentent;
2319 4692 2497 4768 atque
2530 4685 2668 4749 ideo
2695 4685 2982 4767 quidquid
3015 4685 3076 4747 in
3110 4683 3327 4748 virtute
3357 4703 3595 4748 sacrum

1945 4783 2030 4839 est
2065 4775 2219 4837 intra
2255 4785 2515 4838 mentem
2546 4775 2967 4857 recondentes,
3025 4776 3189 4855 juxta
3244 4786 3595 4856 coopertum

1949 4873 2311 4945 unguentum
2344 4865 2414 4928 ad
2452 4867 2789 4948 primaevam
2831 4867 3113 4929 duntaxat
3142 4865 3596 4943 intelligentiam

1949 4955 2532 5038 iutueantur.Neque
2554 4958 2713 5019 enim
2736 4954 3196 5037 inaspectabiles
3210 4962 3435 5017 tantum
3459 4963 3598 5020 sunt

1951 5045 2337 5126 multitudini,
2367 5065 2543 5124 quam
2568 5057 2629 5109 et
2649 5046 3009 5124 inaequalem
3030 5053 3204 5109 vocat
3235 5064 3304 5107 ac
3325 5044 3594 5109 dissimi-

1948 5135 2089 5200 lem:
2116 5154 2251 5199 nam
2276 5136 2376 5216 qui
2415 5137 2676 5214 aequales
2705 5145 2865 5207 sunt,
2899 5135 3179 5199 virtutem
3212 5134 3328 5197 sibi
3387 5144 3596 5201 mutuo

1948 5224 2699 5307 communicabunt,neque
2722 5224 2839 5287 sibi
2865 5233 3071 5289 mutuo
3104 5224 3430 5302 nocebunt,
3452 5245 3600 5309 quo-

1947 5317 2103 5380 niam
2139 5316 2375 5396 utrique
2403 5314 2665 5377 divinam
2697 5315 2948 5394 gloriam
2990 5322 3316 5396 sectantur,
3365 5326 3428 5379 et
3475 5334 3598 5380 non

1946 5407 2279 5470 hominum.
2306 5403 2435 5468 Non
2461 5405 2661 5487 itaque
2680 5406 2962 5470 duntaxat
2983 5404 3440 5486 inaspectabiles
3460 5414 3601 5469 sunt

1944 5496 2338 5573 multitudini,
2365 5495 2471 5558 sed
2498 5515 2573 5558 ne
2605 5496 2664 5558 hi
2688 5499 2799 5577 ipsi
2833 5495 3072 5576 quidem
3107 5493 3241 5556 illos
3269 5493 3476 5557 videre
3503 5514 3599 5559 vo-

1941 5587 2092 5660 lunt,
2128 5605 2245 5648 non
2278 5586 2438 5664 quod
2470 5586 2589 5648 illis
2632 5605 2751 5649 non
2785 5587 3125 5661 consulant,
3156 5584 3262 5647 sed
3295 5584 3452 5665 quod
3486 5604 3596 5648 no-

1940 5677 2050 5739 lint
2076 5675 2150 5739 ab
2181 5676 2301 5738 illis
2329 5677 2809 5739 emolumentum
2834 5674 3077 5757 aliquod
3100 5673 3413 5755 accipere;
3440 5675 3599 5740 unde

1940 5774 2383 5851 consequenter
2413 5782 2485 5830 ex
2513 5785 2580 5830 se
2613 5783 2732 5829 non
2759 5773 2963 5827 amant
2991 5783 3063 5828 ea
3093 5781 3226 5846 quae
3272 5773 3594 5867 apparent,

3200 5872 3274 5937 16

4008 34 4081 57 επιει-

4010 66 4035 95 ζτ
4070 62 4103 95 7.:-

4006 142 4041 177 ,ξ’
4072 160 4109 169 ,γε

4036 192 4039 193 ν
4096 190 4103 197 .

4062 238 4063 241 η
4084 222 4113 243 1-Δῡῗ

4028 258 4067 291 ﬁ?

4066 300 4113 319 ..⁸

4064 406 4115 451 λθ

4001 516 4007 523 .
4064 490 4087 523 ἑ

4040 564 4043 567 _
4090 524 4115 567 ζ’

4096 610 4109 617 -

4048 752 4051 753 7
4102 766 4109 777 I

4096 920 4119 927 η.

4076 984 4087 991 μ

4082 996 4111 1021 7“

4104 1156 4121 1177 ,ν

4110 1638 4115 1657 l.

4092 1672 4097 1685 θ

4108 1740 4111 1747 ε

4066 1866 4069 1875 ι
4116 1866 4131 1877 9

4120 2036 4137 2047 ι

4120 2602 4125 2613 l
