4150 6158
583 431 696 499 491
1744 426 1804 494 S.
1872 422 2219 493 DIONYSII

2339 420 2795 494 REOPAGlT/E
3514 446 3517 447 '
3823 416 3931 490 492

577 565 681 629 sed
711 581 844 648 qum
873 568 1013 626 sunt
1042 567 1193 640 (cum
1226 562 1387 625 enim
1420 560 1493 625 ab
1523 561 1660 624 aliis
1692 561 2045 633 dissideant,
2073 578 2249 643 quo-4

2335 562 2697 642 πιστρὲφεται,
2730 560 2873 621 τοῦτ’
2907 561 3071 638 ἔστιν,
3126 564 3184 619 οὗ
3241 559 3497 639 φροντίζει
3528 559 3809 626 κενοὲόξως
3838 568 3933 618 τῶν

579 655 757 718 modo
783 661 1063 732 quaerunt
1080 671 1534 734 apparere,cum
1554 671 1624 714 ea
1640 670 1769 733 quas
1790 658 2084 733 apparent
2107 671 2224 714 non

2335 656 2386 721 ιή
2426 651 2839 732 ἀποδεχομένων
2873 652 2981 709 ’ἐσθ’
3014 652 3101 708 ὅτε
3132 652 3225 716 τὰς
3260 650 3383 729 παρ’
3410 652 3567 707 αὐτοῦ
3606 652 3821 729 κρίσεις·
3880 656 3935 711 οὗ

575 743 697 807 sint
716 744 1039 817 omnino?),
1068 742 1173 804 sed
1198 741 1421 804 bonum
1449 760 1710 823 quoque,
1749 741 1905 822 quod
1932 759 1967 802 a
1994 760 2063 803 se
2091 742 2223 822 ipso

2335 744 2406 820 ’ἂρ
2437 741 2733 807 ἐπιτηδεύει
2765 739 2915 806 δόξαν
2950 740 3096 821 ἔχειν
3128 742 3270 819 παρᾶ
3299 740 3614 818 ἀνθρώποις,

574 852 697 896 non
725 832 1264 915 est,judicantes,et
1293 831 1446 893 sicut
1476 843 1693 893 natura
1722 849 1828 892 sua
1849 849 1913 893 se
1936 830 2468 905 habet,simu|acra
2499 829 2766 910 quaedam
2798 838 2935 891 sunt
2963 831 3176 892 divinat
3199 828 3619 909 fragrantiaaﬁd
3645 836 3733 890 est
3755 827 3936 909 ipsius

575 922 818 1005 Dei,qui
844 922 1065 984 bonum
1114 939 1289 1003 perse
1310 921 1537 983 faciens
1560 920 1636 983 ad
1658 939 1869 982 omnes
1896 920 2145 982 minime
2167 919 2625 993 convertitur,id
2657 926 2743 980 est
2766 920 2908 981 226
2932 920 3176 981 minime
3199 918 3556 991 curat,inani
3589 919 3773 997 gloria
3798 920 3938 980 duc-

579 1021 810 1088 tus,eos
829 1012 935 1090 qui
951 1010 1271 1089 aliquando
1302 1030 1419 1072 non
1451 1010 1783 1091 suscipiunt
1811 1011 1938 1091 ejus
1967 1012 2209 1073 decreta
2246 1031 2260 1074 :
2297 1030 2414 1072 non
2442 1009 2603 1071 enim
2625 1009 2825 1072 studet
2853 1009 3103 1089 glosiam
3136 1009 3209 1071 ab
3241 1009 3587 1070 hominibus
3619 1009 3859 1071 habere.

662 1100 791 1183 §II.
823 1104 1138 1176 Caeterum,
1166 1102 1380 1182 inquit,
1402 1118 1536 1162 cum
1570 1100 2065 1163 introductoriam
2092 1119 2232 1162 cor:-

580 1190 1027 1273 templationem
1056 1189 1727 1268 attulerimus,agedum
1754 1189 2047 1272 deinceps
2077 1190 2235 1253 divi-

581 1290 792 1349 niorem
820 1288 1326 1361 sublimioremque
1355 1291 1471 1362 ejus
1515 1288 1977 1361 pulchritudinem
2019 1290 2235 1348 intuea-

583 1388 744 1447 mur,
781 1372 1087 1451 ipsamque
1118 1387 1225 1451 per
1269 1387 1335 1432 se
1365 1370 1561 1432 lucem
1594 1368 1951 1451 spiritalem,
1980 1369 2238 1433 sublatis

582 1469 958 1534 uelaminibus,
988 1469 1436 1540 contemplemur,
1469 1474 1525 1525 et
1553 1467 1736 1538 ipsius
1784 1468 2093 1541 fragrantia
2143 1482 2239 1526 re-

583 1560 865 1632 pleamur.
888 1555 1067 1631 Neque
1088 1558 1227 1615 enim
1245 1557 1515 1630 unguenti
1539 1558 1821 1629 confectio,
1846 1556 1998 1630 quod
2029 1575 2058 1616 a
2083 1556 2237 1616 mul-

591 1641 846 1705 titudine
877 1658 997 1702 non
1019 1640 1313 1721 videatur,
1344 1639 1575 1702 idcirco
1603 1639 1784 1703 etiam
1805 1640 2154 1721 hierarchae,
2180 1648 2238 1702 et

585 1732 664 1794 iis
693 1733 795 1808 qui
827 1749 965 1794 cum
996 1730 1128 1812 ipso
1159 1736 1322 1803 sunt,
1358 1729 1772 1811 inSpectabilis
1802 1730 2048 1792 exsistet
2081 1749 2094 1793 :
2129 1731 2234 1792 sed

590 1840 728 1884 cum
753 1820 813 1882 in
848 1821 944 1883 his
974 1819 1220 1900 quidem
1245 1819 1499 1882 excellat
1528 1819 1659 1900 ejus
1677 1820 2123 1900 contemplatio,
2150 1820 2237 1902 ip-

590 1912 769 1974 simet
797 1909 958 1972 illam
1016 1918 1297 1987 tanquam
1334 1908 1679 1988 pretiosam,
1717 1916 1777 1970 et
1806 1909 1962 1989 vulgi
1991 1920 2236 1990 captum

591 2008 973 2068 excedentem
1004 2007 1369 2065 abscondunt
1388 2016 1441 2064 et
1462 2023 1492 2064 a
1524 2005 1890 2065 multitudine
1911 2016 2241 2065 secernunt.

592 2101 755 2171 Saepe
802 2098 957 2154 enim
1010 2099 1069 2154 in
1083 2097 1252 2155 ’libro
1273 2097 1353 2154 De
1372 2096 1581 2153 divinis
1599 2096 1899 2153 nominibus
1923 2097 2247 2168 explanavi-

594 2198 753 2256 mus,
787 2178 927 2259 quid
961 2178 1035 2240 sit
1064 2176 1419 2241 intellectile
1449 2185 1508 2239 et
1537 2176 1680 2255 quid
1707 2177 2074 2258 intelligens.
2122 2178 2246 2241 Hoc

592 2269 779 2350 igitur
830 2268 1011 2330 etiam
1043 2268 1141 2330 hic
1172 2268 1339 2343 dicit,
1373 2267 1597 2330 sanctis
1628 2267 1768 2345 illis,
1814 2268 1915 2349 qui
1962 2268 2247 2350 episcopo

596 2367 811 2442 praesto
842 2366 982 2420 sunt
1012 2366 1289 2439 tanquam
1318 2356 1657 2420 intellectili
1687 2357 1808 2420 luci
1840 2358 2111 2437 cognatis
2134 2356 2248 2432 (si-

594 2457 831 2532 quidem
868 2456 980 2514 diei
1004 2455 1267 2529 lucisque
1293 2454 1396 2512 ﬂlii
1431 2458 1585 2524 sunt)
1614 2455 1798 2513 Deum
1827 2470 1947 2514 non
1976 2471 2076 2530 per
2101 2456 2246 2514 alte-

596 2550 721 2609 rius
741 2548 1087 2613 doctrinam,
1110 2545 1211 2605 sed
1231 2561 1335 2619 per
1357 2548 1727 2618 semetipsum
1755 2547 1879 2605 illos
1905 2545 2245 2607 illustrando

598 2635 939 2711 mysterium
960 2635 1456 2707 contemplationis
1488 2636 1778 2707 revelare;
1809 2638 2080 2711 quocirca
2105 2638 2246 2711 ipsis

600 2737 726 2782 non
757 2718 1140 2798 circumjacet
1168 2716 1365 2779 velum
1412 2717 1474 2779 in
1520 2717 1723 2779 divino
1755 2728 2081 2801 unguento,
2143 2719 2245 2781 sed

599 2808 864 2872 revelata
890 2808 1398 2882 facie,secundum
1423 2807 2084 2889 Apostolum,mysteria
2108 2828 2251 2871 con-

606 2898 1010 2979 tetnplantur;
1037 2915 1153 2958 non
1176 2896 1458 2979 perfectis
1487 2907 1691 2958 autem
1722 2916 1874 2978 opus
1903 2905 1996 2960 est
2037 2898 2246 2978 signis.

605 2985 843 3051 Idcirco
867 2986 982 3067 ipsi
1008 2995 1167 3057 sunt,
1184 2986 1286 3067 qui
1308 2994 1678 3066 unguentum
1708 2986 1891 3049 sacris
1911 2987 2022 3050 alis
2039 2998 2251 3051 conte-

607 3084 844 3156 gunt,et
865 3093 900 3137 a
926 3074 1311 3138 multitudine
1353 3075 2029 3158 secernunt.Episcopos
2049 3086 2252 3141 autem

2396 1103 2526 1177 ﬁll.
2575 1098 2803 1167 Ἐπειδὴ
2863 1102 2958 1168 τὴν
3017 1101 3373 1178 εἰσαγωγικὴν
3431 1102 3647 1178 θεωρίαν
3703 1101 3941 1180 εἴπομεν,

2316 1194 2467 1271 φησί,
2532 1191 2653 1271 φέρε
2712 1190 2900 1247 λοιπὸν
2961 1192 3033 1254 εἰς
3086 1193 3147 1247 τὸ
3205 1191 3466 1266 θειότερον
3518 1194 3604 1246 καὶ
3627 1190 3943 1269 ὑψηλότερον

2316 1280 2513 1343 κάλλος
2576 1285 2745 1348 αὒτῆς
2821 1280 3238 1359 ἀποϐλέψωμεν,
3316 1282 3401 1336 καὶ
3485 1279 3945 1357 ἆποκαλυψᾶμενοι

2319 1372 2385 1428 τὰ
2444 1372 2931 1450 παραπετάσματα,
2988 1372 3150 1439 αὐτὴν
3204 1371 3301 1438 τὴν
3357 1370 3553 1437 νοητὴν
3602 1368 3800 1449 αἴγλην
3826 1373 3945 1426 θεα-

2320 1462 2556 1537 σώμεθα,
2590 1463 2680 1518 καὶ
2712 1467 2809 1529 τῆς
2838 1462 3039 1518 ἐκεῖθεν
3086 1458 3301 1524 εὒωδίας
3364 1460 3767 1540 ἐμφορηθῶμεν.
3828 1458 3946 1517 οὐδὲ

2320 1551 2444 1630 γάρ,
2476 1550 2663 1620 ἐπειδὴ
2694 1565 2813 1615 τοῖς
2844 1551 3071 1615 πολλοῖς
3105 1551 3245 1608 ἐστι)
3280 1550 3497 1615 ἀθέατος
3560 1554 3593 1620 ἦ
3654 1560 3745 1611 τοῦ
3798 1553 3948 1628 μύρου

2319 1641 2700 1721 τελεσιουργία,
2759 1639 2861 1709 ἤδη
2918 1644 3007 1698 καὶ
3065 1649 3142 1717 τῷ
3199 1642 3425 1722 ἱερᾶρχῃ
3485 1641 3652 1706 οῧτως
3695 1644 3859 1720 ἔσται,
3915 1638 3946 1705 ἦ

2318 1746 2435 1797 τοῖς
2467 1735 2580 1810 περὶ
2611 1733 2789 1788 αὒτὸν*
2825 1731 2944 1787 ἀλλ’
2976 1731 3106 1800 αὐτὴ
3137 1733 3235 1806 μὲν
3270 1731 3431 1813 ἄχρις
3493 1736 3666 1790 αὖτών
3725 1730 3945 1809 διαφέρει

2319 1824 2417 1889 τὴν
2447 1823 2561 1899 περὶ
2594 1821 2754 1889 αὒτῆς
2812 1822 3050 1898 θεωρίαι,
3116 1823 3255 1878 αὖτοὶ
3300 1820 3352 1878 δὲ
3385 1824 3457 1885 ὡς
3521 1823 3700 1897 τιμίαν
3758 1822 3947 1885 ἐκείνην

2323 1913 2411 1967 καὶ
2434 1912 2562 1988 ὑπὲρ
2595 1912 2713 1973 τοὺς
2760 1910 2992 1974 πολλοὺς
3051 1910 3516 1990 περικαλὸπτουσι,
3551 1913 3639 1967 καὶ
3698 1911 3801 1965 ἀπὸ
3855 1909 3948 1965 τῶν
4004 1942 4007 1947 -

2326 2000 2542 2057 πολλῶν
2570 1999 2953 2059 διαστέλλουσι.
2994 1999 3258 2064 Πολλάκις
3290 2003 3388 2079 γαρ
3436 2001 3490 2057 ἐν
3546 2006 3624 2074 τῷ
3686 2001 3805 2078 Περὶ
3856 2004 3949 2055 τῶν

2326 2092 2477 2147 θείων
2536 2091 2810 2165 ὀνομάτων
2868 2088 3234 2165 ἐδηλώσαμεν,
3294 2095 3343 2146 τί
3401 2092 3593 2158 νοητὸν
3652 2091 3741 2146 καὶ
3768 2089 3815 2145 τί
3843 2110 3950 2145 νοε-

2332 2181 2443 2258 ρὸν,
2478 2180 2643 2237 Τοῖτο
2672 2183 2759 2235 οὖν
2789 2182 2875 2236 καὶ
2908 2180 3148 2252 ἐνταῦθα,
3181 2202 3363 2259 φησιν,
3399 2179 3479 2235 ὅτι
3530 2192 3649 2240 τοῖς
3707 2181 3819 2255 περὶ
3875 2180 3953 2233 τὸν

2334 2269 2620 2325 ἐπίσκοπον
2653 2269 2822 2347 ἁγίοις
2854 2269 3021 2343 οὖσιν,
3059 2271 3129 2332 ὡς
3163 2271 3437 2347 συγγενέσι
3485 2277 3575 2324 τιιῦ
3606 2275 3797 2336 νοητοῦ
3850 2291 3954 2347 φωσ

2332 2360 2446 2431 τὸς,
2475 2359 2600 2437 (υἱοὶ
2636 2360 2734 2437 γὰρ
2765 2359 2968 2433 ἡμέρας
3022 2361 3159 2415 οὗτοι
3192 2358 3278 2415 καί
3308 2358 3465 2415 τέκνα
3495 2362 3724 2437 φωτός,)
3764 2358 3955 2415 ἀποκα-

2334 2448 2518 2504 λύπτει
2548 2451 2575 2504 ὁ
2603 2450 2749 2521 Θεὸς,
2794 2454 2853 2507 0-3
2882 2447 2949 2504 δι’
2981 2448 3163 2527 ἐσέρου
3218 2447 3579 2521 διδασκαλίας,
3644 2448 3764 2505 ἀλλ’
3821 2448 3957 2508 αὐτὸς

2328 2539 2515 2602 αὐτοὺς
2544 2539 2781 2617 φωτίζων
2811 2540 2869 2594 τὸ
2902 2540 3191 2617 μυστήριον
3222 2544 3319 2606 τῆς
3360 2539 3603 2617 θεωρίας·
3658 2537 3737 2594 διὸ
3786 2540 3957 2597 αὖτοῖς

2329 2626 2388 2682 οὔ
2410 2630 2697 2704 περίκειται
2728 2626 2980 2702 κάλυμμα
3013 2630 3146 2684 κατα
3190 2635 3282 2684 τοῦ
3307 2630 3444 2686 θείου
3475 2630 3667 2706 μύρου,
3700 2627 3815 2683 ἀλλ’
3847 2626 3959 2681 ἀνα-

2329 2715 2717 2791 κεκαλυμμένῳ
2742 2717 3033 2794 προσώπῳ,
3062 2719 3198 2773 κατὰ
3227 2720 3317 2773 τὸν
3348 2717 3703 2791 Ἀπὸστολον,
3723 2720 3957 2794 θεωρνιῦτι

2333 2806 2400 2861 τὰ
2429 2807 2715 2883 μυστήρια·
2747 2818 2863 2870 τοῖς
2894 2804 2948 2861 δὲ
2982 2807 3059 2881 μὴ
3091 2805 3309 2870 τελείοις
3343 2809 3498 2888 χρεία
3531 2806 3829 2883 συμϐόλων.
3869 2803 3952 2859 Διὸ

2335 2894 2481 2951 αὐτοί
2512 2896 2641 2951 εἰσιν
2670 2897 2716 2951 οἱ
2750 2897 2807 2951 τὸ
2839 2897 3000 2972 μύρον
3054 2909 3172 2962 ταῖς
3228 2900 3397 2973 ἱεραῖς
3456 2897 3669 2975 πτέρυξι
3726 2893 3956 2975 περισκέ-

2334 3004 2546 3062 ποντες,
2581 2985 2793 3050 καὶτῆς
2845 2982 3077 3051 πληθύος
3139 2984 3673 3049 ἂποδιαστέλλοντες.
3741 2983 3959 3061 Θεωροὺς

2335 3070 2391 3128 δὲ
2422 3072 2580 3129 καλεῖ
2607 3074 2727 3137 τοὺς
2762 3072 3104 3149 ἐπισκόπους,
3157 3073 3339 3144 ἐπειδὴ
3397 3078 3484 3132 καὶ
3541 3075 3671 3153 παρ’
3733 3066 3961 3137 ’Ἕλλησι

610 3172 793 3227 vocat
813 3164 1243 3246 speculatores,
1274 3165 1758 3247 quandoquidem
1782 3167 1957 3229 etiam
1981 3185 2016 3229 a
2035 3168 2249 3230 Graecis

2338 3164 2525 3239 θεωροὶ
2553 3161 2835 3221 ἐκαλοῦντο
2870 3166 2915 3219 οἱ
2942 3162 3365 3240 προϐαλλόμενοι
3413 3167 3555 3245 παρὰ
3603 3166 3811 3224 πάντων
3843 3164 3960 3219 ἄπε-

612 3255 938 3334 gentilibus
969 3256 1055 3317 sic
1098 3254 1600 3335 nuncupabantur
1628 3260 1727 3337 qui
1758 3257 2057 3338 praepositi
2089 3264 2258 3320 erant

605 3345 683 3408 ab
714 3344 1015 3420 omnibus,
1046 3352 1112 3406 ut
1139 3344 1216 3407 de
1244 3342 1456 3407 futuris
1487 3344 1675 3407 Deum
1700 3346 2160 3426 interrogarent,
2199 3356 2258 3410 et

610 3435 841 3516 hostias
858 3453 964 3516 pro
981 3435 1124 3516 ipsis
1140 3434 1429 3498 oll‘errent
1465 3452 1533 3497 ac
1557 3434 1875 3516 propitium
1905 3437 2252 3500 redderent.

615 3514 925 3603 Ἀνομοίονς
943 3514 1140 3588 autem
1156 3532 1326 3586 vocat
1344 3524 1541 3586 minus
1560 3514 1873 3605 perfectos
1910 3527 1969 3587 in
2011 3527 2256 3608 populo;

611 3619 666 3677 is
722 3614 881 3677 enim
934 3615 989 3676 ei
1039 3632 1168 3675 mos
1223 3623 1333 3676 est.
1369 3612 1575 3694 Neque
1599 3617 1782 3697 enim,
1816 3615 2033 3699 inquit,
2066 3618 2155 3679 sic
2183 3617 2257 3679 ad

612 3704 957 3767 sacerdotes
985 3702 1141 3765 sicut
1167 3702 1241 3764 ad
1265 3702 1710 3767 multitudinem
1726 3705 2023 3769 obtectum
2048 3715 2107 3770 et
2119 3705 2258 3769 abs—

612 3792 915 3855 conditum
948 3801 1382 3854 sacramentum
1410 3793 1813 3872 procedit,sed
1840 3795 1914 3857 ab
1969 3796 2087 3858 illis
2112 3815 2257 3877 pro-

614 3890 747 3964 pter
777 3880 1215 3943 multitudinem
1250 3882 1565 3957 occulitur,
1603 3890 1665 3944 ut
1695 3891 1754 3945 et
1784 3890 1911 3964 ipsa
1950 3903 2054 3966 pro
2081 3897 2258 3967 captu

612 3980 891 4053 statuque
920 3989 1028 4034 suo
1056 3988 1161 4053 per
1197 3970 1508 4049 aenigmata
1540 3990 1783 4036 sursum
1816 3974 2176 4040 adducatur.

693 4060 850 4143 θυι.
884 4060 991 4125 Est
1020 4061 1201 4140 igitur
1231 4062 1357 4123 haec
1385 4078 1555 4124 sacra
1607 4066 1977 4127 consecratio
2021 4084 2261 4148 quoque

613 4170 734 4216 una
764 4171 832 4216 ex
864 4152 1249 4215 hierarchicis
1308 4150 1619 4214 ordinibus
1677 4161 1856 4231 atque
1920 4155 2261 4239 virtutibus,

616 4257 966 4323 quapropter
986 4250 1155 4307 etiam
1179 4249 1434 4321 ejusdem
1458 4250 1699 4309 rationis
1719 4260 1802 4309 est
1826 4266 1958 4309 cum
1979 4267 2265 4326 synaxeos

612 4350 987 4401 sacramento.
1021 4340 1169 4410 Quin
1202 4348 1258 4397 et
1288 4341 1378 4397 hic
1410 4341 1735 4412 pontiﬁcem
1792 4356 2022 4415 quoque
2072 4343 2265 4404 videas

615 4422 693 4484 ab
716 4422 889 4486 altari
904 4421 1371 4484 incensationem
1388 4422 1815 4505 ordientem,et
1832 4423 2261 4489 circumeundo

2339 3253 2509 3330 ρωτᾷν
2543 3253 2673 3307 Θεὸν
2729 3254 2848 3331 περὶ
2903 3252 3230 3329 μελλόντων,
3295 3256 3383 3311 καὶ
3441 3257 3621 3320 θυσίας
3651 3256 3778 3321 ὑπὲρ
3808 3253 3962 3310 αὒτῶν

2339 3339 2674 3421 προσφέρειν,
2761 3346 2847 3398 καὶ
2932 3341 3250 3408 ἐξιλεοῦσθαι
3333 3344 3464 3422 ὑπὲρ
3548 3344 3746 3407 αὖτῶν,
3831 3341 3966 3399 Ἀνο-

2340 3431 2519 3505 μοίους
2581 3429 2636 3487 δὲ
2694 3431 2852 3489 καλεῖ
2902 3434 3022 3496 τοὺς
3079 3433 3290 3496 ἀτελεῖς
3343 3441 3436 3492 τοῦ
3492 3433 3645 3491 λαοῦ*
3706 3435 3852 3491 τοῦτο
3879 3429 3965 3507 γὰρ

2341 3521 2485 3595 αὐτῷ
2517 3520 2654 3585 ἔθος.
2691 3520 2819 3580 Οὖδὲ
2851 3522 2949 3601 γὰρ
2979 3524 3067 3579 καὶ
3095 3536 3215 3588 τοῖς
3244 3524 3577 3602 ἱερωμένοις,
3642 3525 3794 3602 φησὶ,
3850 3520 3965 3598 πρὸς

2340 3612 2400 3669 τὸ
2456 3611 2735 3689 ὑφειμένον
2793 3614 2878 3668 ⁸(αἱ
2933 3612 3454 3692 περικεκαλύμμὲνον
3505 3616 3539 3682 ἡ
3579 3613 3766 3681 τελετὴ
3794 3608 3963 3689 πρόει-

2342 3721 2449 3780 σιν,
2479 3699 2660 3780 ὥσπερ
2688 3713 2807 3767 τοῖς
2840 3698 3091 3764 πολλοῖς·
3121 3700 3256 3759 ἄλλα
3289 3702 3409 3780 παρ’
3458 3702 3676 3760 ἐκείνων
3731 3699 3811 3758 διὰ
3859 3698 3965 3759 τοῖκ

2342 3788 2568 3855 πολλοὺς
2644 3789 3088 3873 συγκαλύπτεται,
3176 3790 3266 3849 ἵνα
3338 3794 3426 3849 καὶ
3497 3793 3649 3851 αὒτοὶ
3719 3790 3800 3848 διὰ
3875 3786 3967 3843 τῶν

2344 3879 2668 3958 αἰνιγμάτων
2698 3880 2973 3961 ἀναλόγως
2999 3882 3067 3951 τῆ
3096 3881 3197 3956 ἰδίᾳ
3226 3881 3327 3949 ἕξει
3358 3883 3689 3964 ἀνάγωνται.

2428 4060 2458 4141 §
2492 4071 2578 4123 ιιι.
2612 4061 2815 4121 ’Ἔστιν
2848 4066 2937 4123 οὖν
2966 4067 3052 4124 καὶ
3091 4069 3126 4135 ἡ
3185 4066 3402 4135 τοιαύτη
3462 4067 3576 4144 ἱερὰ
3625 4064 3833 4137 τελετὴ,
3882 4057 3965 4137 illi

2345 4159 2453 4210 τῶν
2475 4156 2796 4235 ίεραρχικῶν
2825 4154 3023 4223 τάξεων
3053 4157 3140 4213 καὶ
3168 4154 3460 4233 δυνάμεων,
3494 4154 3575 4212 διὸ
3631 4158 3718 4214 καὶ
3778 4156 3963 4229 ὁμοτα-

2347 4245 2449 4321 γής
2480 4242 2588 4301 ἐστι
2620 4252 2688 4321 τῇ
2717 4250 2816 4313 τῆς
2848 4245 3106 4313 συνάξεως
3140 4245 3348 4323 τελετῇ.
3389 4249 3484 4305 Καὶ
3540 4246 3663 4322 ὄψει
3722 4240 3964 4301 κάνταῦθα

2346 4335 2436 4391 τὸν
2468 4334 2721 4414 ἀρχιερέα
2751 4335 2857 4394 ἀπὸ
2886 4360 2978 4394 το)
3006 4339 3378 4415 θυσιαστηρίου
3408 4337 3713 4418 ἀρχόμενον
3764 4335 3958 4405 Ouini":

2346 4425 2434 4482 καὶ
2462 4426 2898 4505 περιερχόμενον,
2932 4428 3019 4483 καὶ
3051 4428 3123 4492 εἷς
3184 4428 3309 4484 αὒτὸ
3367 4426 3528 4484 πάλιν
3585 4424 3960 4503 καταλήγοντα,

615 4511 680 4574 in
712 4511 927 4574 eodem
956 4529 1193 4573 rursum
1226 4512 1628 4594 desinentem,
1666 4513 1850 4577 hocce
1877 4516 1994 4578 ritu
2034 4516 2249 4579 docen-

2346 4515 2433 4571 καὶ
2490 4511 2803 4573 διδάσκοντα
2858 4515 3113 4596 ἐντεῦθεν,
3183 4517 3280 4585 τὴν
3337 4518 3478 4574 θείαν
3536 4515 3833 4588 μετουσίαν,
3889 4506 3965 4563 ἐπὶ

616 4600 1028 4675 tem,divinam
1051 4601 1213 4662 illam
1237 4600 1756 4682 participationem
1782 4604 1855 4665 ad
1882 4623 2092 4667 omnes
2113 4623 2257 4687 pro-

613 4699 984 4771 mananlem,
1038 4691 1368 4753 secundum
1428 4692 1811 4773 semetipsam
1884 4694 2258 4758 imminutam

614 4798 992 4863 permanere,
1023 4798 1218 4861 neque
1248 4781 1566 4861 quidquam
1595 4800 1628 4844 a
1661 4784 1898 4865 propria
1951 4785 2261 4849 identitate

616 4871 979 4933 desciscere.
1018 4867 1309 4932 Similiter
1337 4870 1517 4932 etiam
1550 4872 1896 4951 psalmodiis
1935 4874 2259 4939 lectiones-

614 4978 737 5039 que
766 4962 937 5035 ﬁunt,
975 4977 1105 5041 qua:
1135 4967 1194 5021 et
1224 4959 1589 5041 impertectis
1604 4962 1742 5021 227
1776 4962 2257 5042 obstetricantur,

618 5056 681 5111 et
707 5048 984 5112 obsessos
1006 5067 1042 5112 a
1060 5048 1368 5130 spiritibus
1401 5051 1735 5132 retrahunt,
1770 5060 1830 5115 et
1860 5053 2258 5117 adversariam

619 5140 1114 5220 pressuram(hoc
1150 5138 1311 5201 enim
1331 5150 1502 5201 vocat
1540 5158 1816 5220 pavorem
1847 5151 1904 5204 et
1943 5143 2262 5206 illecebras

616 5228 1028 5307 peccatorum)
1063 5227 1387 5307 repellunt,
1426 5229 1783 5292 insinuando
1817 5232 1984 5312 ipsis,
2036 5241 2097 5297 et
2126 5253 2261 5295 mo-

617 5315 760 5379 dum
783 5316 1159 5378 ostendendo
1181 5316 1558 5381 adversarios
1584 5322 1928 5402 superandi,
1960 5331 2023 5384 ut
2049 5329 2109 5384 et
2127 5323 2262 5385 aliis

615 5404 908 5468 imitando
941 5404 1129 5469 Deum
1162 5405 1380 5469 medici
1412 5408 1696 5470 exsistant
1726 5429 1742 5487 ;
1787 5418 1993 5473 etnon
2030 5420 2261 5475 tantum

613 5493 731 5578 ipsi
750 5496 1034 5559 adversus
1048 5496 1382 5559 contrarios
1399 5516 1650 5578 pavores
1669 5516 1739 5561 ac
1763 5499 2040 5563 timorem
2064 5503 2265 5565 efﬁca-

614 5584 854 5649 citatem
883 5584 1163 5662 habeant,
1191 5604 1394 5650 verum
1438 5588 1616 5650 etiam
1673 5588 1805 5652 aliis
1858 5592 2163 5654 conversis
2191 5611 2262 5654 ac

611 5675 1045 5760 pmnitentibus
1072 5677 1189 5737 vim
1234 5676 1476 5759 addant,
1512 5696 1589 5742 ne
1629 5678 1829 5742 denuo
1859 5680 2251 5763 subigantur;

611 5782 717 5857 eos
744 5777 974 5841 autem,
1007 5765 1226 5856 quibus
1255 5765 1329 5831 ad
1359 5767 1765 5835 omnimodam
1798 5771 2113 5859 puritatem
2143 5772 2253 5837 ali-

2341 4603 2541 4667 πάντας
2572 4604 2999 4685 προερχομένην,
3032 4604 3146 4661 καθ’
3209 4606 3401 4672 ἑαυτὴν
3454 4605 3719 4679 ἆμείωτον
3772 4599 3961 4675 μὸνειν,

2342 4694 2429 4749 καὶ
2461 4692 2627 4769 μηδὲν
2655 4700 2754 4761 τῆς
2785 4695 2979 4759 οἰκείας
3007 4694 3332 4763 ταυτότητος
3379 4692 3701 4761 ἐξίστασθαι.
3759 4687 3964 4749 Ἐπίσης

2344 4785 2395 4838 αἱ
2425 4780 2728 4857 ψαλμῳδίαι
2757 4784 2845 4839 καὶ
2875 4785 2925 4838 αἱ
2956 4783 3283 4863 ἀναγνώσεις
3308 4785 3563 4862 γίνονται,
3590 4784 3678 4838 καὶ
3698 4780 3815 4840 τοὺς
3847 4775 3965 4831 ἁτε-

2346 4870 2562 4936 λέστους
2596 4874 2963 4948 μαιευόμεναι,
2999 4876 3087 4931 καὶ
3112 4875 3230 4939 τοὺς
3256 4873 3659 4954 ἒνεργουμένους
3688 4870 3787 4926 ὑπὸ
3816 4883 3963 4954 πνεν-

2345 4962 2527 5038 μάτων
2585 4962 3011 5043 ἐπιστρέφουσαι,
3088 4966 3172 5023 καὶ
3247 4964 3346 5032 τὴν
3404 4963 3643 5019 ἐναντίαν
3700 4949 3963 5043 σύμπτυξιξ

2346 5036 2517 5123 (τοῦτο
2545 5053 2645 5130 γὰρ
2675 5036 2823 5132 λέγεί
2848 5036 3034 5110 πτοίαν
3065 5055 3152 5110 καὶ
3182 5053 3348 5120 θέλξιν
3413 5056 3518 5109 τῶν
3576 5052 3631 5108 ἐν
3682 5036 3959 5125 ἁμαρτίαις)

2345 5142 2752 5223 ἀφαιρούμεναι,
2812 5141 3176 5203 ὑποδεικνῦσαι
3238 5146 3467 5221 τούτοις,
3521 5145 3609 5199 καὶ
3656 5138 3961 5223 διδάσκουσαι

2344 5235 2460 5295 πῶς
2490 5234 2927 5311 περιγενήσονται
2961 5239 3063 5290 τῶν
3097 5232 3345 5292 ἐναντίων
3377 5236 3545 5313 αὗτοι,
3582 5232 3667 5288 καὶ
3715 5239 3827 5288 τοῖς
3874 5218 3960 5276 ἄλ·

2345 5321 2459 5387 λοις
2511 5323 2678 5398 ἰατροὶ
2736 5324 3080 5399 θεομιμήτως
3140 5325 3489 5404 φανήσονται,
3530 5312 3635 5379 Ῠκαῖ
3693 5319 3769 5394 μὴ
3822 5312 3962 5404 Pd”?

2345 5408 2544 5476 ἕξουσιν
2574 5395 2654 5489 ἐφ’
2686 5395 2905 5477 ἑαυτοῖς
2952 5415 3011 5468 τὺ
3070 5395 3207 5471 κατὰ
3263 5415 3361 5482 τῆς
3410 5395 3648 5473 lavthm:
3682 5404 3856 5466 πτοίας
3885 5395 3960 5455 καὶ

2346 5498 2509 5580 φόϐου
2539 5499 2871 5583 δραστήριον,
2932 5500 3070 5561 ἀλλὰ
3121 5505 3209 5560 καὶ
3263 5503 3446 5567 ἄλλοις
3505 5500 3824 5580 δωρήσονται
3859 5500 3960 5544 τοῖς

2346 5592 2809 5673 ἐπιστρεφομένοις
2867 5592 2956 5649 καὶ
3012 5600 3356 5669 μετανοοῦσι,
3385 5592 3605 5667 δύναμιν
3661 5583 3960 5673 ἐντιθέμενξι

2343 5683 2474 5760 πρὸς
2504 5666 2666 5757 τὸνμὴ
2693 5684 2785 5739 καὶ
2817 5683 2961 5747 αὖθις
2986 5681 3211 5764 ἁλῶναι,
3246 5666 3368 5751 τοὺς
3397 5684 3475 5739 ἔτι
3507 5677 3701 5742 ἐνδεεῖς
3732 5673 3855 5764 πρός
3903 5666 3958 5764 ’ξδ

2338 5752 2603 5860 παναγνον
2635 5772 2747 5857 (οὓς
2779 5770 2846 5844 δὴ
2871 5773 2959 5832 καὶ
3014 5777 3121 5832 τῶν
3185 5752 3393 5836 λαῖκῶν
3451 5769 3704 5855 ἐλέγομεν
3731 5752 3963 5842 ἄνωθεν).
