4150 6158
281 400 397 469 493
774 403 868 467 DE
913 398 1209 467 ECCLES.
1245 399 1693 480 HIERARCH.,
1740 396 1908 468 CAP.
1954 356 2059 468 tv.
2108 438 2183 449 —
2218 396 2606 466 PARAPHR.
2649 398 3169 470 PAGHYMERzE.
3542 403 3659 475 494

282 540 480 602 τελέως
536 540 1015 617 ἀποκαθαίρουσαι,
1047 540 1169 602 τοὺς
1217 536 1270 593 δὲ
1317 538 1485 616 ἱεροὺς
1532 538 1803 595 ἐστιῶσαι⁸
1849 536 1930 594 διὰ

2019 536 2157 615 quid
2185 535 2354 598 deest
2374 535 2549 616 (quos
2571 535 2850 599 nimirum
2878 545 3050 600 antea
3085 558 3323 621 quoque
3347 540 3533 604 laicos
3552 561 3662 623 sp-

283 638 447 687 τκῦτα
507 632 607 708 γὰρ
636 631 724 687 καὶ
776 634 968 693 κοινῶς
1013 631 1065 685 αἱ
1116 626 1419 705 ψαλμῳδίαι
1472 630 1562 686 καὶ
1590 631 1644 685 αἱ
1690 627 1930 707 ἀναγνῶ·

2020 624 2412 707 pellabamus)
2437 624 2700 706 perfecte
2721 626 2980 705 expient,
3005 637 3239 691 sanctos
3271 630 3537 713 denique
3558 650 3667 713 pa-

282 742 393 782 σεις
427 720 685 798 γίνονται.

365 900 395 976 Ξ
444 896 548 963 IV.
581 898 651 958 Τὰ
695 895 775 978 δὲ,
809 898 868 956 Τί
916 895 992 978 δὲ,
1027 899 1153 977 οὐχὶ
1181 898 1271 952 καὶ
1313 897 1406 962 τὰς
1437 898 1515 971 μὴ
1560 897 1734 964 πάντη
1763 900 1933 954 καθα-

282 991 400 1066 ρᾶς,
453 989 869 1068 ὲρωτηματικῶς
927 986 1297 1065 προενεκτέον,
1351 985 1426 1042 τίν⁹
1500 985 1815 1065 ἐπιφέρηται
1872 987 1934 1042 τὸ

282 1082 401 1153 Ναὶ,
436 1079 674 1142 πάντως·
709 1076 855 1155 λέγει
887 1077 1009 1156 γὰρ,
1044 1078 1103 1135 Τί
1124 1074 1204 1152 δέ;
1236 1077 1358 1155 οὐχὶ
1388 1077 1528 1144 καὶὴ
1557 1075 1750 1143 τελετὴ
1772 1076 1929 1155 α’ὑτη,

272 1168 409 1224 κατά
439 1169 535 1236 τὴν
569 1172 667 1234 τῆς
699 1165 961 1231 συνάξεως
1016 1164 1267 1246 τελετὴν,
1301 1164 1522 1222 ἀπολύει
1551 1164 1651 1231 ἔξω
1679 1188 1780 1222 που
1809 1166 1933 1229 τοὺς

273 1259 350 1331 μὴ
381 1258 664 1336 καθαροὺς,
692 1257 784 1313 καὶ
816 1257 945 1333 πρὸς
980 1256 1159 1331 μόνων
1190 1256 1298 1312 τῶν
1347 1254 1605 1333 πανιὲρων
1636 1254 1931 1312 ἐποπτεύε-

274 1368 360 1401 ται
396 1363 412 1419 ;
472 1348 560 1402 ναὶ
605 1352 762 1402 τοῦτο
813 1344 1046 1405 πάντως.
1097 1340 1339 1421 Ἀμιγῶς
1371 1341 1426 1397 δὲ
1457 1342 1639 1422 εἶπεν,
1671 1344 1742 1407 ὡς
1795 1340 1857 1397 ἂν
1888 1341 1933 1396 εἰ

275 1433 451 1512 ἔλεγε·
489 1435 587 1491 Διά
614 1440 769 1492 τοῦτο
801 1431 1018 1489 ἀπολύει
1052 1434 1177 1497 τοὺς
1233 1435 1310 1507 μὴ
1342 1432 1626 1508 καθαροὺς,
1672 1430 1766 1487 ’ίνα
1797 1432 1933 1505 ἆμι-

277 1526 386 1602 γῶς
460 1524 566 1580 ἀπὸ
632 1524 832 1580 τούτων
891 1526 1225 1600 ἱερουργῆται
1297 1521 1441 1597 παρά
1505 1521 1612 1577 τῶν
1666 1524 1930 1599 καθαρῶν.

2020 725 2188 777 scant
2223 738 2236 778 :
2271 714 2495 777 idcirco
2526 714 2686 777 enim
2719 717 3113 779 communiter
3147 726 3205 780 et
3235 720 3581 799 psalmodiae
3610 731 3669 785 et

2021 805 2314 867 lectiones
2344 805 2511 878 fiunt,

2096 893 2395 974 §lV.lllud
2417 904 2641 956 autem:
2658 895 2822 974 Quid
2832 899 3324 977 porromunquid
3341 905 3525 964 etiam
3542 918 3667 966 non

2017 987 2264 1048 omnino
2286 1001 2495 1064 puros,
2529 984 2956 1064 interrogative
2977 985 3317 1065 legendum,
3353 997 3415 1050 ut
3442 988 3666 1053 infera-

2017 1081 2134 1146 tur,
2167 1072 2449 1152 Omnino,
2492 1074 2759 1155 profecto
2791 1094 2808 1151 ;
2857 1074 2940 1138 ait
2971 1076 3133 1138 enim
3165 1096 3179 1134 ι
3242 1076 3400 1150 Quid
3426 1097 3614 1159 porro
3637 1082 3668 1142 ?

2016 1164 2298 1245 nunquid
2327 1165 2512 1226 etiam
2536 1163 2648 1227 hoc
2667 1169 3134 1241 sacramentum,
3167 1183 3238 1228 eo
3264 1166 3438 1229 modo
3461 1187 3583 1250 quo
3605 1169 3667 1232 in

2015 1260 2388 1315 sacramento
2412 1270 2704 1333 synaxeos
2727 1253 2864 1316 illos
2894 1254 2996 1334 qui
3020 1273 3138 1316 non
3175 1255 3380 1317 mundi
3398 1268 3540 1320 sunt
3569 1258 3667 1321 di-

2016 1341 2492 1416 mittit,etasolis
2516 1347 2762 1404 omnino
2785 1343 3005 1405 sanctis
3027 1344 3428 1424 conspicitur?
3452 1347 3668 1429 Utique

2019 1433 2304 1514 profecto.
2339 1432 2422 1496 Im
2434 1433 2771 1514 promiscue
2787 1447 2989 1497 autem
3022 1435 3193 1516 dixit,
3220 1454 3291 1498 ac
3311 1436 3364 1499 si
3390 1437 3618 1501 diceret
3644 1456 3661 1502 :

2020 1521 2250 1586 Idcirco
2283 1524 2525 1585 dimittit
2554 1542 2662 1585 eos
2686 1524 2788 1606 qui
2822 1543 2938 1586 non
2971 1531 3109 1587 sunt
3133 1526 3365 1598 mundi,
3399 1538 3463 1588 ut
3500 1546 3666 1592 mere

278 1622 457 1673 Ταῦτα
516 1612 778 1671 πολλάκις
837 1610 1121 1691 ὲρῤἐθησαν
1151 1610 1277 1690 παρ’
1335 1611 1513 1685 ἡμῶν,
1548 1612 1635 1667 καὶ
1694 1610 1930 1689 περιττὸν

2020 1611 2095 1674 ab
2126 1613 2200 1674 iis
2228 1613 2328 1693 qui
2362 1613 2493 1694 puri
2525 1620 2667 1676 sunt
2699 1614 3060 1678 celebretur.
3093 1616 3235 1678 Haec
3254 1634 3467 1697 saepes
3495 1617 3666 1680 nobis

280 1704 443 1777 οἶμαι
490 1703 651 1760 πάλιν
695 1701 869 1780 λέγειν
902 1703 1019 1777 περὶ
1052 1702 1244 1775 αὐτῶν,
1280 1700 1357 1775 μὴ
1405 1701 1489 1756 τὸν
1541 1699 1803 1779 ἳεράρχην
1846 1698 1930 1755 ἐν-

2021 1702 2179 1764 dicta
2222 1712 2358 1764 sunt
2391 1703 2661 1784 adeoque
2710 1721 3214 1785 supervacaneum
3245 1724 3377 1768 esse
3407 1706 3668 1770 arbitror

277 1796 456 1849 τεῦθεν
485 1795 740 1871 ὁρῶντας,
777 1796 890 1856 πῶς
941 1790 1138 1870 ἔχοντα
1186 1792 1247 1846 τὸ
1291 1790 1556 1867 πάναγνον
1609 1790 1772 1866 μύρον
1818 1802 1930 1850 ta“:

2021 1791 2236 1853 iterum
2270 1792 2346 1854 de
2379 1794 2468 1854 his
2500 1794 2682 1856 verba
2738 1793 2962 1874 facere,
2991 1813 3125 1856 cum
3159 1795 3412 1857 necdum
3443 1797 3668 1860 videri-

278 1881 489 1960 πτέρυξι
547 1879 1021 1959 περικαλύπτεται,
1085 1879 1326 1958 Λέγομεν
1383 1880 1580 1949 τοίνυν,
1644 1880 1714 1943 ὡς
1765 1880 1799 1946 ἡ
1844 1888 1930 1938 τοῦ

2025 1883 2490 1963 mus,quomodo
2517 1883 2783 1963 pontifex
2807 1891 3172 1962 unguentum
3204 1903 3439 1948 sacrum
3472 1896 3669 1950 teneat

279 1973 446 2051 μύρου
489 1972 723 2033 σύνθεσις
783 1969 833 2035 ἐξ
891 1969 1030 2025 ὑλῶν
1089 1967 1461 2025 εὑωδεστσίτων
1505 1968 1809 2046 συνάγεται,
1869 1971 1930 2044 ᾗς

2019 1972 2128 2032 alis
2161 1972 2801 2036 obvelatum.Dicimus
2827 1974 3026 2050 itaque
3052 1975 3340 2053 unguenti
3372 1978 3668 2060 composi-

281 2065 328 2118 οἱ
374 2061 740 2139 μετασχόντες
774 2057 1146 2130 εὖωδιάζονται
1200 2058 1336 2114 κατά
1366 2059 1423 2113 τὸ
1480 2059 1642 2113 ποσὸν
1673 2061 1771 2124 τῆς
1826 2079 1930 2133 με-

2019 2060 2241 2122 tionem
2274 2080 2350 2123 ex
2376 2062 2866 2142 fragrantissimis
2887 2063 3155 2125 materiis
3185 2057 3667 2147 componi,cujus

275 2152 492 2216 θέξεως.
559 2143 618 2208 Ὀ
649 2156 774 2227 γοῦν
826 2148 1260 2228 θεαρχικώτατος
1308 2145 1536 2221 Ἰησοῦς,
1572 2148 1633 2202 οὗ
1673 2149 1733 2203 τὸ
1764 2146 1930 2223 ὄνομα

2019 2151 2115 2230 qui
2167 2152 2492 2231 participes
2540 2153 2857 2233 exsistunt,
2892 2171 2996 2233 pro
3053 2154 3285 2216 ratione
3328 2143 3659 2238 participa-

276 2243 439 2317 μύρον
468 2240 782 2313 ἐκκενωθὲν,
821 2240 894 2300 ὡς
944 2239 1263 2316 ὑπερουσίως
1297 2235 1521 2316 εὒώδης,
1558 2236 1930 2312 ἀναπίμπλησι

2019 2239 2193 2301 lienis
2224 2242 2578 2304 suavissimo
2628 2244 2815 2305 odore
2844 2242 3217 2307 reﬁciuntur.
3248 2242 3422 2307 Jesus
3469 2235 3668 2328 itaque

273 2331 417 2393 θείας
451 2328 648 2397 ἡδονῆς
679 2330 798 2391 τοὺς
830 2328 1183 2408 μετέχοντας.
1223 2328 1279 2383 Εἰ
1308 2326 1413 2404 γὰρ
1446 2325 1503 2392 ,ἡ
1537 2331 1640 2382 τῶν
1673 2328 1937 2393 αἰσθητῶν

275 2420 487 2477 εὖωδῶν
518 2416 628 2498 [ἴσ.
653 2415 905 2498 εὒωδιῶν]
928 2417 1209 2492 ἀντίληψις
1234 2418 1333 2473 εὒπ
1347 2419 1492 2472 αθεϊν
1523 2416 1748 2495 ποιεῖ,εἱ
1778 2415 1941 2489 μόνον

272 2514 420 2593 ὑγιὲς
486 2514 546 2569 τὸ
578 2512 927 2593 ὀσφραντικίρν
975 2510 1199 2590 ἔλομεν,
1236 2506 1515 2587 ἀναλόγως
1576 2508 1705 2589 φαίη
1736 2530 1815 2571 τις
1878 2510 1940 2563 ἂν

282 2608 373 2660 καὶ
417 2603 512 2667 τὰς
546 2602 728 2679 νοερὰς
759 2602 914 2674 ἡμῶν
948 2599 1218 2674 δυνάμεις,
1252 2600 1341 2653 καὶ
1369 2600 1432 2653 τὸ
1474 2598 1571 2665 τῆς
1603 2602 1791 2678 ψυχῆς
1822 2595 1939 2653 δια-

277 2693 544 2771 κριτικὸν,
601 2695 695 2758 τῆς
752 2692 893 2756 θεὶας
950 2687 1164 2750 εὐωδίας
1224 2685 1726 2768 ἀντιλαμϐάνεσθαι,
1788 2687 1941 2766 εἴπερ

279 2785 709 2864 ἀπαραφθάρτως
756 2782 998 2862 ἔχουσιν.
1064 2773 1128 2837 Ἠ
1184 2788 1309 2860 γοῦν
1358 2787 1452 2837 τοῦ
1481 2781 1644 2858 μύρου
1705 2780 1939 2843 σύνθεσις

280 2877 442 2932 αὑτὸν
491 2876 631 2948 ἡμῖν
687 2872 979 2952 ὑπογράφει
1040 2873 1131 2929 τὸν
1177 2870 1494 2951 ἀμόρφωτον
1557 2870 1612 2924 ἐν
1668 2870 1937 2947 μορφώσει

277 2968 371 3020 τὸν
409 2962 674 3029 δεσπότην
709 2964 957 3041 Χριστὸν,
990 2961 1089 3029 τὴν
1134 2960 1316 3037 πηγὴν
1348 2962 1447 3028 τῆς
1478 2956 1716 3028 εὑωδίας,
1753 2957 1937 3015 ἀναδι-

279 3052 439 3110 eam
495 3053 588 3114 τὰς
619 3052 759 3115 θείας
808 3051 1079 3130 ἀπιφοράς
1133 3062 1256 3113 ταῖς
1300 3046 1550 3106 θεοειδὲσι
1583 3053 1816 3127 ψυχαῖς,
1852 3045 1937 3128 ἔφ’

279 3148 371 3206 αῖς
405 3144 452 3198 οἱ
484 3143 600 3205 νόες
645 3138 916 3216 ἡδόμενοι,
951 3146 1191 3220 χρῶνται
1236 3142 1407 3218 τροφῇ
1440 3139 1611 3210 νοητῇ
1650 3143 1718 3214 τῇ
1746 3137 1935 3210 εὐωδίᾳ

274 3235 466 3309 ταύτῃ.

355 3499 385 3582 §
428 3501 501 3565 V.
535 3501 694 3559 Εἰπὸν
751 3498 806 3557 δὲ
851 3501 990 3579 νὸες,
1024 3496 1319 3561 καθολικῶς
1351 3499 1439 3555 καὶ
1486 3496 1578 3553 ἐπὶ
1610 3502 1715 3553 τῶν
1756 3494 1922 3574 ἀγγέ-

271 3589 381 3648 λων
437 3593 527 3649 καὶ
590 3590 672 3669 ἃς]
729 3591 885 3665 ἡμῶν
943 3585 1357 3664 λαμϐανομένης
1416 3587 1513 3654 τῆς
1570 3583 1786 3660 λέξεως,
1819 3582 1923 3652 ἤδη

269 3695 512 3739 ποιεῖται
555 3682 644 3737 καὶ
673 3680 771 3749 τὴν
815 3678 1084 3759 διαφορὰν,
1128 3676 1210 3733 ὅτι
1235 3679 1414 3734 ἒκετσε
1458 3676 1556 3751 μὲν
1598 3672 1924 3732 πολλαπλα-

268 3774 399 3831 σίως
456 3768 743 3844 εἰσδύεται,
775 3771 848 3834 ὡς
891 3767 1111 3847 ἔγγιστα
1141 3768 1311 3824 οὐσῶν
1344 3772 1449 3823 τῶν
1480 3765 1730 3843 οὐρανίων
1763 3762 1924 3821 δυνά-

269 3883 445 3938 μεων,
475 3861 561 3918 καὶ
593 3863 876 3924 εὖεκτικῶς
929 3856 1172 3937 ἐχουσῶν
1204 3858 1334 3936 πρὸς
1364 3857 1462 3924 την
1506 3857 1758 3921 τοιαύτην
1787 3854 1927 3911 Θείαν

270 3950 610 4026 μετάληψιν
651 3949 781 4026 πρὸς
825 3946 880 4004 δὲ
910 3949 1032 4011 τοὺς
1062 3946 1366 4026 ἀνθρώπους
1399 3947 1520 4009 τοὺς
1551 3950 1629 4019 μὴ
1673 3944 1924 4010 ὡσαύτως

270 4038 546 4105 δεκτικοὺς
597 4036 717 4096 κατ’
748 4035 1054 4115 ἀναλογίαν·
1090 4042 1246 4093 τοῦτο
1288 4038 1390 4116 γάρ
1421 4034 1530 4091 ἐστι
1559 4034 1620 4091 τὸ
1651 4032 1743 4092 Ἐν
1786 4055 1928 4111 συμ-

276 4131 465 4207 μετρίᾳ
521 4126 833 4189 διαδίδοται.
879 4127 997 4184 Τῶν
1025 4125 1079 4182 δὲ
1133 4126 1385 4205 οὐρανίων
1438 4124 1708 4200 δυνάμεων
1740 4126 1774 4193 ἡ
1832 4124 1928 4181 τό-

277 4242 371 4277 σον
400 4218 761 4298 ὑπερκειμένη
795 4216 905 4297 (καὶ
933 4213 1028 4295 ἄρα
1056 4216 1145 4272 καὶ
1194 4214 1413 4271 ἐνταῦθα
1443 4215 1557 4278 πῶς
1609 4215 1675 4270 τὰ
1704 4214 1931 4293 σεραφὶμ

275 4308 495 4369 πάντων
522 4308 874 4387 ὑπερκείμενα
904 4304 1093 4384 λέγει’)
1142 4304 1196 4361 ἐν
1230 4309 1294 4381 τῇ
1340 4310 1448 4361 τῶν
1478 4304 1752 4383 πτερύγων
1802 4300 1926 4360 δυο-

275 4395 550 4455 καιδεκάδι
594 4395 933 4470 σημαίνεται.
1003 4396 1183 4453 Καίτοι
1215 4415 1273 4471 γε
1318 4395 1491 4450 εἰπεῖν
1521 4414 1601 4456 τις
1661 4392 1780 4472 ἔχει
1840 4392 1927 4447 ἐν·

269 4492 462 4562 ταῦθα,
499 4490 561 4546 οὗ
604 4483 873 4542 δωδεκάδα
929 4485 1158 4559 ἑκάστῳ,
1194 4482 1313 4540 ἀλλ’
1361 4480 1514 4548 ἑξάδα
1564 4482 1669 4539 τῶν
1721 4483 1927 4561 πτερῶν

268 4578 577 4653 ἐπιτίθησι-ν
606 4576 641 4643 ἡ
672 4574 880 4653 Γραφῆ,
911 4573 947 4642 ἢ
978 4571 1224 4640 δηλονότι
1256 4570 1340 4630 διὰ
1368 4573 1428 4629 τὸ
1469 4574 1638 4629 εἱπεϊν
1668 4572 1759 4628 τὸν
1787 4594 1926 4645 προ-

1942 3280 1981 3330 C

2023 2328 2438 2392 divinissimus
2496 2333 2668 2412 cujus
2716 2350 2937 2394 nomen
2993 2344 3364 2412 unguentum
3413 2336 3663 2400 effusum

2023 2427 2112 2479 est
2168 2436 2214 2492 ε,
2278 2430 2560 2501 tanquam
2630 2421 3169 2499 supernaturaliter
3223 2422 3513 2502 fragrans,
3575 2430 3666 2490 sui

2024 2508 2346 2589 participes
2390 2510 2588 2572 divina
2639 2512 2831 2591 replet
2859 2511 3178 2592 voluptate.
3215 2512 3275 2575 Si
3316 2515 3475 2575 enim
3519 2534 3668 2578 sen-

2026 2596 2287 2659 sibilium
2334 2601 2644 2680 perceptio
2695 2602 3148 2680 fragrantiarum
3195 2600 3351 2664 bene
3380 2603 3583 2688 afﬁcit,
3616 2607 3668 2669 si

2029 2687 2203 2748 modo
2234 2707 2444 2751 sanum
2476 2689 2757 2752 olfactum
2793 2689 3159 2770 obtinemus,
3191 2691 3401 2753 eadem
3459 2694 3667 2775 utique

2022 2776 2255 2839 ratione
2277 2777 2436 2839 dicet
2467 2778 2705 2859 aliquis,
2733 2778 3028 2860 spiritales
3058 2788 3294 2843 nostras
3327 2781 3662 2859 facultates,

2021 2865 2673 2948 animaequejudicandi
2698 2869 2873 2946 vires,
2893 2869 3075 2931 divini
3101 2869 3300 2932 odoris
3317 2872 3666 2935 suavitatem

2024 2957 2354 3036 percipere,
2385 2957 2559 3019 modo
2591 2959 2709 3020 sint
2740 2959 3126 3040 incorruptae.
3156 2958 3294 3023 Haec
3323 2961 3522 3043 itaque
3552 2982 3670 3025 un-

2019 3048 2223 3125 guenti
2268 3046 2620 3127 compositio
2653 3048 2975 3128 ipsummet
3020 3049 3461 3129 inﬁgurabilem
3492 3054 3666 3117 nobis

2017 3134 2079 3196 in
2112 3136 2302 3215 ﬁgura
2318 3137 2884 3202 exhibetDominum
2913 3141 3663 3214 Christum,suaveolentiat

2016 3225 2266 3306 fontem,
2291 3226 2680 3290 deiformibus
2698 3228 2914 3290 animis
2937 3229 3164 3290 divinas
3190 3230 3441 3293 odorum
3467 3235 3661 3295 suavi.

2005 3320 2159 3378 tates
2178 3316 2494 3397 amantem,
2513 3315 2731 3398 quibus
2752 3317 2866 3379 illa;
2881 3325 3114 3381 mentes
3124 3318 3380 3381 suaviter
3399 3321 3650 3397 allectat,

2006 3402 2284 3483 fragranti
2310 3405 2421 3467 ista
2442 3406 3001 3486 spiritalialimonia
3027 3407 3430 3487 perfruuntur.

2089 3496 2203 3570 §V.
2241 3495 2463 3559 Dicens
2493 3514 2633 3559 vero
2656 3504 2905 3573 mentes,
2939 3515 3078 3559 voce
3102 3497 3212 3559 hac
3242 3498 3657 3563 universaliter

2010 3591 2127 3647 tam
2158 3585 2232 3647 de
2249 3586 2480 3666 angelis
2500 3604 2678 3665 quam
2700 3586 2776 3648 de
2804 3585 2979 3648 nobis
2999 3596 3262 3668 accepta,
3293 3588 3468 3651 modo
3499 3608 3654 3671 quo-

2009 3693 2124 3756 que
2173 3673 2571 3740 differentiam
2622 3675 2881 3755 assignat
2934 3677 3218 3754 quoniam
3248 3677 3491 3759 quidem
3540 3678 3657 3743 illis

2011 3764 2422 3846 multipliciter
2464 3764 2823 3847 infunditur,
2858 3767 3020 3844 quod
3069 3765 3351 3829 nimirum
3384 3768 3658 3833 cmlestes

2008 3853 2138 3917 istae
2183 3855 2430 3918 virtutes
2460 3863 2520 3918 et
2567 3855 3002 3937 propinquores
3045 3856 3185 3933 sint,
3220 3866 3282 3919 et
3323 3857 3656 3922 istiusmodi

2009 3944 2224 4009 divinae
2246 3946 2385 4006 228
2409 3945 2882 4026 participationis
2911 3944 3279 4029 capaciores;
3314 3947 3657 4011 hominibus

2014 4053 2152 4099 vero
2180 4043 2458 4117 tanquam
2485 4035 2688 4097 minus
2714 4035 3055 4116 capacibus,
3087 4035 3160 4097 ad
3192 4038 3540 4100 earumdem
3563 4056 3659 4099 ca-

2013 4134 2201 4207 ptum:
2229 4125 2286 4188 id
2302 4126 2462 4187 enim
2480 4132 2590 4197 est,
2617 4126 3024 4203 Proportione
3038 4125 3301 4204 quadam
3322 4127 3656 4190 distribui-

2014 4213 2303 4279 tur.0rdo
2334 4228 2534 4276 autem
2567 4214 2668 4295 qui
2699 4215 2976 4276 caelestes
2997 4218 3250 4275 virtutes
3279 4214 3453 4276 valde
3477 4233 3656 4296 snpe-

2011 4312 2104 4368 rat
2127 4304 2402 4385 (observa
2425 4323 2560 4366 vero
2594 4303 2891 4385 quomodo
2924 4303 3023 4365 hic
3041 4303 3343 4384 serapliim
3373 4304 3656 4369 omnibus

2011 4394 2353 4477 superiores
2397 4393 2583 4473 dicat)
2635 4393 2695 4454 in
2745 4392 2853 4454 alis
2897 4393 3210 4456 duodecim
3260 4391 3651 4472 signiﬁcatur.

2010 4486 2232 4546 Verum
2260 4485 2352 4546 hic
2388 4504 2504 4547 non
2528 4502 2703 4546 nemo
2735 4492 2934 4564 posset
2954 4481 3240 4563 objicere,
3267 4502 3384 4546 non
3418 4483 3654 4547 duode-

2012 4574 2154 4649 cim,
2189 4573 2293 4638 sed
2347 4593 2450 4637 sex
2482 4574 2603 4636 alas
2638 4581 2858 4635 tantum
2893 4572 3143 4652 singulis
3170 4572 3537 4653 Scripturam
3569 4583 3656 4637 at-

268 4666 473 4745 φήτην*
539 4648 629 4728 "EE
688 4648 945 4742 πτέρυγες
991 4667 1069 4735 τῷ
1125 4661 1224 4735 ἑνὶ,
1289 4661 1375 4717 καὶ
1418 4658 1472 4725 ἓξ
1543 4658 1796 4738 πτέρυγες
1850 4665 1928 4733 τῷ

2019 4662 2301 4746 lribuere,
2338 4681 2471 4726 cum
2505 4662 2785 4725 nimirum
2822 4648 3110 4743 proplieta
3138 4648 3345 4726 dicat‘:
3380 4663 3503 4728 Sea:
3531 4663 3652 4727 alae

267 4754 369 4828 ἐνὶ,
403 4755 493 4809 καὶ
521 4753 730 4828 σύναμα
761 4758 866 4808 τῶν
896 4749 983 4808 δύο
1016 4753 1211 4811 εἰπεῖν.
1245 4748 1387 4817 Αῧτη
1432 4757 1557 4827 γοῦν
1585 4751 1621 4817 ἡ
1652 4748 1921 4827 ὑπερτάτη

2019 4755 2140 4829 uni,
2173 4763 2228 4817 et
2285 4772 2390 4817 sea:
2436 4754 2550 4815 ala:
2607 4756 2718 4816 uni
2745 4756 2782 4834 ί,
2815 4753 3083 4834 duosque
3126 4753 3477 4832 conjunctos
3537 4773 3652 4817 no—

264 4844 417 4910 τάξις
468 4847 577 4899 τῶν
605 4843 769 4920 ἁγίων
814 4843 1040 4921 σεραφὶμ
1069 4841 1187 4914 περὶ
1238 4847 1368 4897 Θεὸν
1396 4837 1643 4918 ἱδρυμένη
1673 4838 1770 4906 τὴν
1799 4837 1923 4894 ἀσίιο

266 4956 442 5012 γητον
509 4933 789 5010 ἀνακράζει
847 4930 1143 5010 θεολογίαν,
1193 4927 1584 5008 Ἐξηγούμενος
1643 4926 1720 5004 δὲ,
1767 4929 1817 4984 τί
1863 4929 1925 4984 τὸ

269 5023 558 5101 ἀσίγητον,
614 5020 874 5103 ἐπιφέρει·
939 5012 1004 5077 Ἠ
1061 5021 1162 5099 γὰρ
1217 5020 1329 5098 ἱερά
1398 5025 1595 5096 γνῶσις
1652 5018 1924 5091 ἀκάματός

270 5113 415 5185 ἐστι,
449 5112 537 5170 καὶ
568 5109 943 5178 ἀκατάληκτον
972 5109 1090 5190 ἔχει
1121 5111 1213 5166 τὸν
1241 5112 1387 5166 θεῖον
1417 5107 1611 5187 ἔρωτα,
1643 5110 1731 5165 καὶ
1760 5107 1925 5185 ὑπέρ-

275 5224 451 5262 κειται
482 5202 663 5269 πάσης
694 5202 883 5266 κακίας
914 5202 1003 5257 καὶ
1032 5198 1224 5270 λήθης·
1261 5198 1397 5256 ὥστε
1422 5201 1561 5275 μήτε
1604 5200 1710 5256 ἀπὸ
1741 5201 1926 5263 κακίας

273 5290 499 5371 σιγῆσαι
553 5311 686 5349 ποτε
741 5289 1021 5364 ἑκουσίως,
1056 5288 1194 5366 μήτε
1249 5289 1354 5345 ἀπὸ
1412 5287 1583 5358 λήθης
1642 5289 1925 5352 ἀκουσίως·

2008 4846 2216 4907 minet.
2247 4842 2577 4925 Supremus
2606 4842 2787 4922 igitur
2816 4843 2916 4905 ille
2947 4843 3096 4905 ordo
3128 4850 3471 4905 sanctorum
3499 4861 3661 4906 sera-

2009 4933 2201 5015 pbim,
2222 4932 2323 5014 qui
2359 4951 2542 5013 prope
2566 4932 2755 4995 Deum
2788 4933 3113 4997 collocatus
3145 4942 3261 5009 est,
3286 4933 3661 4997 incessanter

2008 5021 2156 5085 illud
2191 5022 2399 5084 divinae
2422 5022 2617 5085 laudis
2646 5031 2941 5085 canticum
2967 5021 3311 5103 proclamat.
3340 5021 3658 5106 Explicans

2011 5130 2148 5174 vero
2197 5111 2337 5193 quid
2369 5111 2447 5174 sit
2493 5112 2769 5190 ἀσίγητον,
2804 5111 3056 5174 subdit:
3104 5110 3397 5184 Quoniam
3456 5112 3659 5177 divina

2011 5201 2269 5281 cognitio
2323 5200 2782 5280 indefatigabilis
2831 5210 2946 5282 est,
2980 5210 3040 5265 et
3082 5201 3346 5265 divinum
3387 5220 3653 5266 amorem

2013 5291 2192 5355 habet
2214 5289 2980 5372 indeﬁcientem,omnique
3012 5292 3236 5355 malitia
3270 5302 3328 5355 et
3356 5291 3657 5355 oblivione

4042 48 4085 75 :1»

4042 96 4059 119 ,Ἰ
4078 98 4093 109 Α

4042 124 4091 153 3“.

4074 154 4117 175 J‘;

4070 186 4071 193 η

4064 240 4065 243 ‘
4088 238 4103 249 ἱ

4046 258 4049 263 .
4076 258 4101 283 Ἄ.

4066 292 4073 307 ι
4090 284 4111 305 διε

4094 420 4119 431 ρ

4074 494 4085 503 ,ι

4090 524 4101 533 ν.

4096 548 4099 555 .

4094 604 4103 611 η

4102 624 4117 633 ς,

4042 648 4049 653 .
4070 638 4087 657 1,

4098 732 4115 741 ε.

4072 788 4077 799 γ
4114 786 4115 789 η

4074 854 4087 861 ι

4090 882 4093 891 ι

4058 910 4063 915 .
4118 906 4123 913 .

4114 1174 4129 1191 ε

4086 1216 4119 1239 -Ὶ

4098 1292 4129 1305 ⁷1-

4106 1396 4113 1403 .

4074 1424 4079 1431 ς

4080 1824 4089 1843 l

4110 1854 4117 1863 ι

4108 2214 4115 2221 .

4088 2686 4091 2693 .

4090 2906 4091 2915 ι

277 5380 471 5445 Καλῶς
516 5378 574 5437 δὲ
628 5385 834 5457 συνῆψε
885 5385 954 5457 τῇ
1010 5379 1282 5456 ἰπιστήμῃ
1334 5378 1432 5446 τὴν
1482 5378 1689 5446 νόησιν⁶
1736 5380 1772 5449 ἡ
1830 5380 1929 5459 γὰρ

2019 5381 2274 5455 superior
2305 5380 2548 5445 exsistit,
2572 5380 2646 5438 ita
2669 5389 2730 5439 ut
2752 5395 2861 5451 prae
2882 5380 3092 5439 malitia
3126 5395 3422 5453 nunquam
3453 5391 3658 5453 sponte

273 5469 501 5553 ἀκριϐἧς
548 5473 670 5551 περὶ
726 5472 1024 5530 οὑτινοσοῦν
1078 5470 1403 5537 κατανόησις
1446 5469 1752 5546 ἐπιστήμην
1796 5471 1927 5526 τού-

2019 5469 2205 5547 sileat,
2242 5488 2434 5550 neque
2468 5488 2574 5551 per
2603 5469 2962 5532 oblivionem
3008 5469 3211 5533 invite.
3246 5468 3432 5533 Recto
3457 5477 3652 5531 autem

271 5583 368 5622 τοο
399 5562 703 5642 {magnae
2005 5559 2329 5640 cognitioni
2355 5561 2658 5622 scientiam
2690 5559 3037 5642 subjunxit:
3068 5577 3202 5622 nam
3232 5567 3510 5623 accurata
3540 5576 3651 5621 cu-

2001 5649 2249 5734 juslibet
2271 5649 2359 5714 rei
2388 5651 2646 5733 cognitio
2677 5648 2987 5714 scientiam
3011 5648 3143 5733 ejus
3171 5647 3380 5729 gignit.

352 5786 382 5820 ο
410 5767 584 5837 Cant.
619 5784 663 5854 ι,
694 5766 949 5836 1H“.
980 5791 1062 5840 vi.
1098 5766 1158 5832 2.
