4150 6158
455 371 574 440 495
1635 373 1694 441 S.
1745 376 2087 448 DIONYSII

2193 374 2635 447 REOPAGlT/E
3725 380 3844 452 496

538 515 566 589 §
594 508 694 574 VI.
720 511 805 574 De
841 508 1065 573 sanctis
1089 504 1329 591 quidem
1360 509 1686 591 seraphim,
1712 519 1772 574 et
1798 514 2097 594 quomodo

2265 518 2294 596 ἕ
2347 516 2446 581 Vl.
2482 521 2558 578 Τὰ
2615 521 2713 595 μὲν
2748 521 2864 599 περὶ
2893 526 2997 577 τῶν
3059 520 3222 599 ἁγίων
3255 521 3502 601 σεραφὶμ,
3540 521 3628 578 καὶ
3687 522 3834 588 ὅπως

458 604 523 695 in
572 602 892 695 Scripturis
921 602 1161 683 eﬂigiati
1204 602 1557 695 spiritaliter
1598 605 1998 685 explicentur,
2043 608 2097 670 in

2193 607 2244 663 ἐν
2304 622 2424 671 ταῖς
2477 616 2713 689 Γραφαϊς
2761 611 3141 684 εὶκονιζόμενοι
3202 610 3537 687 ἐκσραίνονται
3598 618 3835 695 νοητῶς,

457 694 610 757 libro
645 694 724 756 De
752 696 990 757 caelesti
1011 693 1356 757 hierarchia
1391 696 1877 774 pertractavimus
1921 720 1935 760 :
1998 698 2097 760 sed

2193 697 2244 752 ἐν
2278 702 2354 771 τῷ
2388 700 2510 775 Περὶ
2554 704 2649 765 τῆς
2682 700 2923 779 οὖρανίας
2968 700 3238 779 ἱεραρχίας
3286 698 3618 775 διελάϐομεν
3679 693 3828 775 ὅμως

457 785 739 863 quoniam
784 782 870 846 illi
901 801 1138 864 quoque
1178 783 1277 865 qui
1302 784 1479 863 juxta
1512 785 1850 866 pontiﬁcem
1899 789 2097 849 consi-

2193 786 2373 853 ἐπειδὴ
2425 788 2473 844 οἱ
2514 789 2632 865 περὶ
2661 790 2751 844 τὸν
2811 789 3067 868 ἱεράρχην
3100 789 3370 864 ἱστάμενοι
3431 792 3609 846 καὶτὸ
3670 793 3835 869 μύρον

457 883 643 955 stunt,
676 883 735 939 et
765 882 1129 953 unguentum
1182 882 1451 935 sanctum
1484 873 1795 957 obtegunt,
1831 879 2097 940 eamdem

2193 876 2662 955 περικαλύπτοντες
2722 880 2930 945 εκείνην
2990 879 3312 936 ἀποτυποῦσι
3362 879 3460 946 τὴν
3524 877 3836 957 διακόσμη-

456 964 887 1046 dispositonem
944 970 1393 1042 repraesentant,
1430 961 1689 1026 breviter
1738 985 1979 1047 quoque
2028 968 2097 1030 de

2193 989 2294 1046 σιν,
2330 967 2569 1044 εἴπωμέν
2600 989 2655 1024 τι
2692 967 2745 1023 ἐν
2773 968 3019 1044 συντόμῳ
3048 969 3165 1048 περὶ
3191 973 3379 1028 αὖτῶν.

457 1053 576 1116 illis
605 1053 828 1136 aliquid
860 1053 1152 1116 dicamus.

536 1148 566 1221 §
594 1142 721 1209 Vll.
776 1142 1037 1207 Diversae
1067 1143 1307 1225 quidem
1340 1144 1524 1208 facies
1568 1163 1801 1222 eorum,
1836 1153 1901 1207 ut
1928 1147 2105 1210 unius

456 1234 707 1314 quidem
757 1234 1037 1309 humana,
1070 1234 1320 1298 alterius
1349 1254 1490 1298 vero
1529 1234 1837 1318 bovina,et
1862 1237 2105 1300 alterius

454 1325 669 1406 leonis,
711 1332 770 1387 et
819 1324 1068 1387 alterius
1110 1326 1344 1405 aquilae,
1408 1327 1689 1409 quodque
1731 1326 1883 1390 alius
1931 1328 2106 1391 aliter

456 1423 760 1497 appareat,
778 1432 985 1478 eorum
1008 1415 1255 1477 videndi
1273 1417 1382 1477 vim
1402 1417 1790 1498 multiplicem
1817 1417 2099 1482 declarat:

456 1507 650 1569 omnis
705 1505 867 1568 enim
918 1506 1065 1569 visio
1124 1507 1189 1567 ﬁt
1216 1506 1455 1587 aliquali
1517 1508 1709 1570 vultus
1740 1509 2099 1571 delectione.

2269 1144 2298 1224 ᾗ
2351 1143 2475 1207 VII.
2512 1148 2583 1205 Τὸ
2631 1147 2730 1222 μὲν
2773 1147 3246 1227 ἀπειροπρόσωπον
3291 1149 3483 1223 αὐτῶν,
3520 1151 3594 1211 ὡς
3648 1156 3835 1207 τοῦτον

2190 1236 2290 1312 μὲν
2332 1236 2676 1312 ἀνθρωπείαν,
2712 1247 2896 1295 τοῦτον
2954 1236 3008 1293 δὲ
3039 1237 3268 1317 βοείαν·,
3300 1237 3548 1294 κάκεῖνον
3592 1237 3830 1315 λέοντος,

2188 1328 2275 1384 καὶ
2319 1325 2478 1383 ἄλλον
2521 1326 2697 1401 ἀετοῦ,
2732 1328 2820 1384 καὶ
2850 1325 3011 1384 ἄλλον
3043 1324 3218 1388 ἄλλως
3250 1327 3590 1408 ἐμφαίνεσθαι
3634 1330 3693 1385 τὸ
3729 1352 3834 1386 πο-

2186 1415 2445 1491 λυθέαμον
2499 1418 2669 1474 αὐτῶν
2699 1418 3004 1495 παρίστησι·
3063 1423 3207 1473 πᾶσα
3240 1419 3338 1494 γὰρ
3375 1417 3467 1474 θέα
3517 1417 3569 1473 ἐν
3601 1424 3668 1496 τῇ
3723 1441 3833 1475 πο-

2186 1512 2293 1571 σῶς
2326 1505 2652 1583 ἀνακαλύψει
2702 1514 2797 1564 τοῦ
2844 1506 3129 1585 προσώπου
3179 1507 3401 1582 γίνεται,
3448 1509 3518 1565 Τὸ
3550 1506 3603 1563 δὲ
3661 1507 3832 1566 πολύ-

459 1595 626 1660 Multi
652 1614 789 1659 vero
824 1596 1008 1677 pedes
1043 1595 1325 1659 denotant
1348 1606 1699 1679 perpetuum
1735 1617 1943 1660 eorum
1972 1618 2097 1661 mo-

2193 1596 2316 1653 πουν
2364 1598 2423 1653 τὸ
2478 1596 2776 1664 ἀεικίνητον
2824 1597 2913 1652 καὶ
2974 1595 3270 1674 πολύπορον
3312 1598 3412 1662 τῆς
3462 1597 3602 1660 θείας
3660 1597 3836 1655 αὐτῶν

456 1695 603 1763 tum,
640 1689 883 1765 vimque
912 1686 1125 1749 divina;
1154 1687 1508 1767 cognitionis
1553 1689 1744 1750 multa
1773 1700 2097 1770 penetran-

2193 1688 2451 1757 νοήσεωςο
2485 1687 2573 1743 καὶ
2601 1686 2700 1764 γὰρ
2731 1688 2792 1742 τὸ
2822 1688 2893 1749 εἷς
2925 1684 3098 1742 πολλά
3130 1689 3369 1742 νοεῖσθαι
3401 1684 3486 1742 διὰ
3520 1693 3624 1743 τῶν
3655 1686 3834 1745 ποδῶν

458 1784 575 1839 tem
622 1796 757 1841 nam
791 1776 952 1856 quod
1013 1776 1198 1838 multa
1228 1778 1449 1852 norint,
1487 1777 1602 1839 hoc
1634 1787 1878 1859 propter
1921 1777 2097 1861 pedes

2193 1780 2411 1855 γίνεται.
2460 1778 2569 1844 Τὴν
2623 1774 2677 1831 δὲ
2709 1775 2941 1842 ἑξαπλῆθ
2982 1776 3122 1832 θέσιν
3168 1782 3272 1831 τῶν
3328 1783 3532 1856 πτερῶν
3564 1776 3659 1833 οὔκ
3706 1777 3832 1855 ἀρι-

455 1866 842 1931 ﬁt.Senarum
869 1885 1010 1932 vero
1039 1867 1265 1930 alarum
1300 1867 1796 1949 compositionem
1822 1888 1939 1931 non
1972 1868 2097 1931 exi-

2193 1868 2318 1943 θμὸν
2367 1867 2525 1941 οἶμαι
2554 1865 2771 1937 δηλοῦν,
2806 1865 2887 1921 ὅτι
2920 1868 3067 1930 οὗτος
3099 1867 3126 1921 ὁ
3164 1865 3379 1945 ἀριθμὸς
3411 1865 3612 1929 τέλειός
3662 1865 3829 1948 ἐστιν,

455 1962 631 2020 stimo
664 1976 985 2020 numerum
1027 1958 1463 2033 demonstrare,
1500 1957 1661 2039 quod
1690 1958 1787 2019 hic
1819 1976 2097 2021 numerus

2193 1959 2261 2022 ὡς
2305 1970 2419 2019 τοῖς
2454 1956 2664 2018 οἰκείοις
2726 1955 2907 2032 μέρεσι
2960 1956 3356 2033 συνιστάμενος,
3392 1955 3534 2034 (τρία
3591 1956 3712 2034 γὰρ,
3745 1959 3834 2014 καὶ

456 2048 758 2127 perfectus
806 2049 906 2127 sit,
946 2056 1226 2128 tanquam
1259 2047 1360 2127 qui
1391 2046 1657 2128 partibus
1698 2046 1824 2109 suis
1876 2053 2097 2109 constet

2193 2046 2296 2122 δύο,
2331 2048 2415 2102 καὶ
2461 2045 2537 2116 ἓν,
2572 2044 2732 2101 πάλιν
2775 2044 2852 2123 ἓξ,
2884 2044 3034 2101 ἅτινά
3088 2047 3216 2101 εἰσιν
3277 2048 3466 2122 ἥμισυ,
3514 2046 3710 2123 τρίτον,
3745 2047 3833 2103 καὶ

462 2136 598 2216 (tria
628 2137 816 2218 enim,
847 2145 905 2199 et
927 2136 1067 2218 dua,
1094 2144 1151 2198 et
1172 2155 1378 2217 unum,
1402 2144 1539 2198 sunt
1569 2142 1785 2200 iterum
1821 2156 1948 2211 sex,
1975 2156 2097 2218 qua!

2193 2137 2359 2203 ἕκτον,
2394 2136 2566 2200 καθὼς
2619 2134 2814 2214 ἕτεροις
2849 2133 3010 2200 ἕδιιξεθ
3057 2137 3141 2192 καὶ
3197 2137 3362 2208 ἡμεῖς
3391 2134 3444 2191 δὲ
3490 2134 3633 2192 αὗτοὶ
3664 2134 3832 2199 οὕτως

454 2236 594 2290 sunt
615 2226 931 2290 dimidium
955 2226 1222 2308 tertium,
1243 2234 1302 2287 et
1331 2234 1590 2302 sextum;
1622 2237 1685 2289 ut
1703 2228 1836 2289 aliis
1855 2228 2097 2309 placuit,

2193 2227 2239 2281 ἓν
2270 2234 2344 2300 τῷ
2392 2228 2514 2303 Περὶ
2559 2225 2651 2291 τῆς
2692 2226 2927 2302 οὖρανὶου
2979 2225 3248 2302 ἰεραρχίας
3303 2224 3560 2302 ἐλέγομεν
3612 2225 3834 2303 ἐξηγού-

456 2317 603 2401 quin
634 2324 693 2381 et
726 2336 831 2379 nos
862 2317 974 2397 ipsi
1010 2317 1067 2377 in
1101 2315 1255 2378 libro
1289 2316 1369 2378 De
1395 2315 1621 2379 ccclein
1665 2317 2009 2381 hierarcbia
2038 2318 2096 2382 id

2193 2318 2388 2392 μενοιο)
2420 2314 2539 2371 ἀλλ’
2567 2314 2647 2371 ὅτι
2679 2315 2744 2371 τὰ
2776 2313 2826 2379 ἓξ
2856 2316 2927 2377 εἰς
2973 2331 3114 2393 τρεῖς
3147 2313 3332 2377 δυάδας
3377 2315 3686 2389 τέμνονται,
3724 2317 3833 2373 Εἰσὶ

455 2410 539 2467 ita
561 2406 821 2469 diximus
851 2405 1183 2486 explicari),
1209 2405 1313 2466 sed
1347 2405 1504 2486 quod
1526 2424 1628 2468 sex
1662 2408 1720 2469 in
1747 2414 1866 2468 tres
1896 2406 2096 2469 duali-

2193 2405 2235 2461 δὲ
2291 2406 2379 2462 καὶ
2410 2404 2494 2461 ἐπὶ
2549 2405 2741 2467 πάσαις
2777 2405 3038 2483 οὐρανίαις
3093 2402 3373 2479 δυνάμεσιν
3405 2404 3537 2479 ἅμα,
3573 2406 3660 2461 καὶ
3719 2406 3833 2461 πά·-

452 2504 607 2559 tates
649 2496 1007 2559 dividantur.
1046 2493 1199 2559 Sunt
1229 2495 1387 2557 enim
1435 2494 1494 2556 in
1546 2497 1821 2558 omnibus
1864 2514 2097 2578 quoque

2193 2497 2266 2552 λιν
2298 2497 2380 2575 ἐφ’
2430 2495 2627 2571 ἑκάστῃ
2662 2494 3034 2573 διακοσμήσει,
3068 2500 3272 2572 πρῶται
3307 2496 3391 2549 καὶ
3441 2494 3597 2569 μέσαι
3629 2495 3715 2551 καὶ
3746 2516 3833 2550 τε-

452 2587 628 2648 simul
665 2585 1011 2649 coelestibus
1041 2585 1377 2665 virtutibus,
1410 2594 1476 2647 ut
1519 2586 1698 2648 etiam
1731 2587 1792 2648 in
1840 2585 2097 2668 qualibet

2193 2586 2449 2645 λευταϊαι.
2504 2583 2588 2640 διὰ
2620 2588 2774 2641 τοῦτο
2805 2586 3151 2662 περιτίθενται
3211 2583 3262 2648 ἓξ
3293 2583 3572 2662 πτέρυγες,
3605 2584 3698 2640 ἵνα
3726 2583 3833 2651 δη-

457 2675 874 2755 dispositione,
909 2676 1138 2757 primae,
1162 2683 1223 2737 et
1252 2674 1563 2750 mediae,et
1587 2683 1908 2756 postremae
1943 2695 1959 2737 :
1992 2676 2097 2739 hac

2193 2678 2328 2752 λωθῇ
2358 2682 2443 2732 καὶ
2492 2677 2549 2731 τὸ
2580 2675 2917 2752 ἀναγωγικὸν
2949 2676 3119 2730 αὐτῶν
3149 2671 3232 2729 διὰ
3261 2680 3366 2729 τῶν
3398 2671 3597 2729 διπλῶν
3630 2675 3829 2751 πτερύ-

454 2766 530 2828 de
552 2786 730 2830 causa
758 2785 864 2829 sex
878 2768 985 2828 alae
1014 2767 1569 2845 circumponuntur,
1603 2774 1666 2826 ut
1697 2784 1802 2845 per
1831 2765 2097 2845 duplices

2193 2788 2314 2844 γων,
2352 2768 2410 2822 οὗ
2466 2766 2565 2843 γὰρ
2597 2766 2863 2835 αὐτάρκης
2914 2766 2947 2831 ἡ
2978 2764 3091 2838 μία.
3157 2764 3250 2821 Καὶ
3278 2763 3339 2818 τὸ
3395 2764 3575 2819 καὶτὰ
3617 2770 3828 2841 πρῶτα,

452 2856 577 2918 alas
596 2856 944 2919 earumdem
962 2855 1035 2917 ad
1067 2873 1284 2936 supera
1307 2854 1566 2916 ducendi
1595 2854 1684 2915 vis
1706 2855 2097 2937 signiﬁcetur,

2193 2857 2270 2911 ιαὶ
2326 2855 2486 2929 μέσα,
2519 2855 2606 2910 καὶ
2636 2854 2701 2909 τὰ
2752 2852 3037 2909 τελευταῖα
3080 2858 3183 2908 τῶν
3226 2854 3425 2932 νοερῶν
3454 2855 3623 2909 αὗτῶν
3670 2851 3830 2909 δυνα-

454 2964 573 3007 non
589 2945 749 3006 enim
763 2964 879 3007 una
896 2944 1137 3006 sufﬁcit.
1172 2943 1327 3016 Quin
1338 2951 1395 3004 et
1413 2943 1523 3005 hoc
1537 2962 1780 3023 quoque
1802 2944 1942 3005 229
1973 2945 2097 3024 pri-

2193 2966 2350 3024 μεων,
2386 2946 2457 3005 εἰς
2510 2944 2663 3001 αὗτὸν
2696 2944 2786 2999 τὸν
2818 2944 2948 2998 Θεὸν
3004 2942 3312 3022 ἀνάγεσθαι,
3349 2942 3435 2998 καὶ
3464 2947 3570 2998 τῶν
3602 2964 3819 3022 χαμερ-

456 3035 929 3116 mas,etmedias,
946 3042 1347 3115 etpostremas
1368 3032 1619 3095 virtutes
1636 3050 1838 3096 earum
1858 3033 2097 3114 spirita-

2193 3039 2298 3089 πῶν
2355 3030 2695 3110 ἀπολύεσθαι,
2748 3038 2902 3087 τοῦτο
2960 3030 3057 3109 γὰρ
3113 3028 3276 3098 δηλοῖ
3341 3032 3395 3085 τὸ
3451 3028 3716 3109 ἀπόλυτα,
3769 3030 3831 3086 οὗ

456 3124 545 3186 les
557 3124 629 3186 ad
646 3123 841 3206 ipsum
860 3123 1048 3187 Deum
1060 3122 1412 3204 adduci,eta
1426 3122 1681 3186 terrenis
1698 3121 1923 3185 absolvi
1945 3123 2097 3185 insi-

2193 3119 2317 3178 διότι
2366 3123 2492 3178 εἰσὶν
2526 3119 2919 3196 ἀπολελυμέναι
2950 3121 3038 3176 καὶ
3082 3122 3132 3176 αἱ
3159 3120 3212 3185 ἓξ
3270 3121 3549 3199 πτέρυγες,
3581 3119 3702 3177 ἀλλ’
3746 3118 3830 3179 ὅτι

455 3220 622 3292 nuat,
655 3217 738 3276 uti
789 3233 896 3276 vox
942 3213 1180 3272 ἀπόλυτα
1232 3212 1532 3288 declarat;
1583 3232 1702 3275 non
1759 3211 1920 3291 quod
1953 3213 2097 3292 ipsae

2193 3216 2289 3268 τῶν
2331 3211 2630 3291 χαμέρπῶν
2680 3208 3024 3270 ἀπολύονται.
3060 3212 3132 3268 Τὸ
3176 3209 3397 3267 καθ’ίλου
3441 3209 3529 3266 οὖν
3561 3212 3833 3289 πτερωτὸν

455 3321 558 3366 sex
575 3304 685 3367 alae
715 3302 1016 3367 dissolutas
1045 3303 1187 3379 sint,
1213 3305 1313 3365 sed
1340 3302 1497 3385 quod
1531 3301 1606 3365 ab
1627 3303 1793 3389 humi
1829 3304 2098 3384 repenti-

454 3391 569 3457 bus
589 3393 770 3457 rebus
793 3394 1199 3458 absolvantur.
1232 3392 1307 3458 Ut
1339 3397 1533 3474 itaque
1564 3392 1762 3455 divina
1795 3393 2100 3474 Scriptura

456 3484 695 3563 penitus
740 3485 921 3547 alatas
951 3502 1085 3547 esse
1129 3484 1416 3559 insinuet,
1449 3500 1689 3546 sursum
1729 3492 1789 3546 et
1815 3483 2097 3546 deorsum

457 3581 517 3634 et
545 3573 608 3635 in
639 3573 833 3636 medio
860 3574 934 3635 iis
963 3575 1099 3636 illas
1120 3574 1385 3637 adhibet.

535 3662 739 3742 §VIIL
776 3662 997 3727 Verum
1029 3683 1139 3727 cur
1167 3663 1482 3727 inferiores
1511 3672 1570 3725 et
1619 3663 1961 3744 superiores
1989 3664 2099 3727 alae

455 3753 1128 3832 succlnguntur,mediae
1148 3772 1285 3816 vero
1312 3753 1881 3834 extenduntur‘1’quia
1912 3753 2096 3815 nimi-

452 3860 586 3904 rum
600 3842 750 3905 ordo
762 3841 866 3905 ille
884 3842 1231 3906 sublimiora
1246 3843 1752 3925 profundioraque
1769 3852 2094 3924 reveretur,

454 3930 802 3994 sublimiora
836 3932 1082 3994 minime
1104 3932 1450 4009 quaerendo,
1483 3940 1543 3994 et
1566 3931 1951 4012 profundiora
1980 3950 2098 3994 non

453 4020 799 4100 scrutando,
836 4023 1034 4085 media
1088 4040 1226 4085 vero
1262 4020 1375 4084 sibi
1421 4039 1764 4084 commensa
1791 4022 2096 4104 sectanda,

452 4128 689 4173 sursum
712 4112 920 4187 fertur,
954 4111 1425 4191 divinaejustitiaa
1448 4110 1623 4174 vitam
1657 4130 1823 4174 suam
1842 4111 2099 4175 submit-

456 4210 609 4281 tens,
644 4211 702 4263 et
733 4201 1065 4265 secundum
1099 4202 1258 4263 illam
1291 4221 1397 4264 sua
1427 4201 1714 4281 dirigens.

533 4291 563 4372 §
591 4293 689 4355 IV.
725 4293 894 4366 Quod
925 4299 1123 4355 autem
1156 4292 1307 4355 alter
1325 4293 1395 4354 ad
1429 4291 1680 4355 alterum
1711 4292 1948 4373 clamet,
1980 4311 2094 4355 n0—

454 4381 680 4443 tionum
713 4381 1116 4444 abundantem
1163 4381 1768 4446 communicationem
1800 4381 2093 4462 designat.

533 4470 668 4550 §X.
720 4472 1012 4534 Caeterum
1045 4490 1181 4534 cum
1230 4470 1523 4535 Hebraica
1549 4489 1791 4553 quoque
1837 4472 2095 4534 dialecto

449 4559 750 4618 incensam
771 4569 825 4619 et
869 4562 1239 4633 calefacicnlea
1268 4563 1733 4634 interpretentur,
1758 4561 1894 4618 hinc
1918 4562 2098 4633 signi-

2183 3301 2525 3378 αἷνισσομένη
2584 3303 2619 3369 ἡ
2678 3301 2790 3357 θεία
2844 3300 3049 3379 Γραφὴ,
3109 3302 3403 3378 περιτίθησι
3448 3301 3537 3358 καὶ
3580 3298 3688 3356 ἅνω
3741 3301 3833 3358 καὶ

2181 3391 2328 3451 κάτω
2355 3394 2442 3453 καὶ
2473 3390 2635 3469 μέσον
2663 3392 2756 3456 τὰς
2789 3390 3079 3470 πτέρυγας.

2258 3662 2287 3741 §
2339 3660 2489 3725 VIII.
2543 3662 2604 3721 Τί
2668 3661 2723 3718 δέ
2779 3659 2891 3718 ἐστι
2948 3663 3007 3718 τὸ
3060 3660 3152 3726 τὰς
3216 3659 3315 3736 μὲν
3373 3661 3483 3720 ἂνω
3542 3662 3629 3718 καὶ
3682 3662 3836 3720 κάτω

2180 3751 2575 3831 συστέλλεσθαι,
2609 3753 2702 3817 τὰς
2748 3749 2801 3807 δὲ
2847 3754 3016 3824 μέσας
3061 3750 3422 3832 ἐκτείνεσθαις
3471 3750 3552 3807 ὅτι
3596 3750 3833 3823 εὐλαϐής

2181 3842 2324 3899 ὶστιν
2366 3843 2401 3910 ἡ
2429 3839 2573 3906 τάξις
2632 3842 2748 3920 περὶ
2778 3841 2845 3899 τὰ
2899 3839 3206 3919 ὑψηλότερα
3235 3844 3323 3898 καὶ
3370 3842 3648 3921 βαθύτερα,
3683 3844 3832 3917 ὑψη-

2182 3931 2370 4011 λότερα
2443 3935 2521 4005 μὴ
2588 3932 2841 4003 ζητοῦσα,
2900 3931 2989 3986 καὶ
3059 3931 3313 4010 βαθύτερα
3384 3932 3461 4007 μὴ
3534 3931 3825 4012 ἐρευνῶσα,

2184 4023 2322 4097 μόνα
2369 4019 2423 4075 δὲ
2452 4020 2517 4076 τὰ
2546 4018 2684 4095 μέσα
2712 4020 2799 4075 καὶ
2857 4019 3133 4097 σύμμετρα
3161 4028 3415 4102 ζητοῦσα,
3450 4021 3732 4099 ἀνάγεται,
3760 4024 3830 4098 τῇ

2180 4113 2291 4184 θείᾳ
2346 4107 2651 4185 δικαιοσύνῃ
2709 4110 3021 4166 ὒποτιθετσα
3078 4112 3174 4179 τὴν
3247 4111 3443 4167 οἰκείαν
3501 4111 3667 4187 ζωὴν,
3733 4113 3825 4169 καὶ

2180 4201 2306 4278 παρ’
2338 4200 2545 4267 ἐκείνης
2578 4203 2854 4259 εὖθετοῦσα
2884 4199 2949 4255 τὰ
2980 4196 3097 4256 καθ’
3129 4201 3315 4270 αὐτήν,

2260 4290 2289 4370 §
2347 4297 2434 4350 IX.
2491 4292 2561 4349 Τὸ
2611 4288 2666 4345 δὲ
2719 4290 2927 4368 κράζειν
2972 4288 3149 4369 ἕτερον
3203 4291 3336 4368 πρὸς
3386 4290 3479 4345 τὸν
3528 4288 3731 4372 ἓτερον,
3762 4291 3827 4348 τὸ

2178 4386 2277 4449 τῆς
2312 4378 2644 4457 μεταδὶισεως
2678 4385 2782 4436 τῶι
2817 4381 3049 4450 νοήυεων
3077 4377 3299 4459 ἄφθονον
3329 4385 3584 4458 παριστᾷ.

2257 4469 2287 4550 §
2346 4478 2412 4532 X.
2459 4470 2608 4528 Ἐπεὶ
2638 4467 2692 4526 δὲ
2736 4471 2824 4526 καὶ
2865 4468 3166 4548 ἒμπρησταὶ
3226 4471 3313 4525 ναὶ
3343 4472 3706 4548 θερμαίνοιτες
3765 4470 3830 4527 ἐκ

2180 4566 2279 4624 τῆς
2340 4558 2632 4640 Ἐϐραῖκῆς
2688 4556 2965 4615 διαλέκτου
3024 4560 3527 4638 μεθερμηνεύονται,
3574 4556 3829 4626 δηλοῦται

452 4651 664 4714 ﬁcatur
692 4651 778 4713 vis
803 4651 1041 4714 illorum
1075 4671 1310 4715 sursum
1335 4652 1649 4716 attollendi
1676 4671 1783 4733 per
1809 4651 2097 4731 unguenti

2193 4651 2412 4707 ἐντεῦθεν
2451 4652 2512 4709 τὸ
2558 4650 2930 4717 ὁνακινητικὺν
2982 4650 3151 4704 αὐτῶν
3196 4654 3303 4704 τῶν
3361 4656 3452 4705 τοῦ
3480 4649 3642 4727 μύρου
3691 4666 3831 4718 νοη-

452 4741 747 4823 spiritales
767 4741 1549 4824 distributiones;siquidem
1573 4741 1767 4805 omnis
1784 4741 2099 4821 fragrantia

451 4830 651 4894 calore
665 4831 819 4911 ignis
830 4832 1121 4895 dissoluta
1134 4851 1380 4914 vapores
1402 4832 1638 4909 excitat;
1664 4850 1800 4894 nam
1819 4850 2098 4913 suprema

452 4920 552 4983 illa
594 4922 978 5005 ﬂagransque
1032 4932 1240 4985 natura
1269 4924 1346 4985 ab
1389 4922 1587 5002 ignitis
1636 4921 2095 5004 purissimisque

453 5010 834 5075 mentibusad
852 5013 1143 5094 spiritalis
1170 5030 1290 5075 sum
1320 5012 1697 5094 aspirationis
1718 5011 2094 5075 diﬁ’usionem

451 5109 610 5162 amat
641 5104 972 5183 provocari,
1007 5105 1167 5166 unde
1191 5103 1368 5165 etiam
1401 5103 1533 5165 illas
1559 5101 1759 5164 reddit
1778 5102 2094 5184 participes

449 5190 652 5270 gaudii
679 5209 864 5273 super
894 5211 1011 5254 uno
1062 5203 1376 5273 peccatore
1410 5192 1814 5274 paenitentiam
1858 5202 2092 5273 agente.

450 5282 837 5363 Nequaquam
862 5282 1056 5363 itaque
1076 5283 1268 5363 angeli
1295 5282 1649 5362 ignorabant
1666 5282 1861 5363 ipsum
1886 5280 2094 5345 Jesum

452 5370 554 5452 qui
607 5372 956 5453 sanctiﬁcat,
990 5372 1312 5455 aliquando
1344 5374 1549 5453 etiam,
1582 5391 1717 5435 cum
1767 5373 2096 5436 secundum

452 5461 616 5541 quod
648 5460 827 5524 homo
873 5469 966 5523 est
1003 5462 1425 5541 baptizaretur,
1459 5463 1889 5525 sanctiﬁcatum
1937 5481 2096 5526 esse.

451 5548 601 5613 Nota
612 5568 756 5614 vero
766 5551 1082 5616 verborum
1094 5552 1535 5615 accurationem
1551 5553 1847 5633 quomodo
1859 5570 2094 5633 quoque

450 5641 650 5704 carnis
698 5642 1101 5706 diﬁ‘erentiam
1140 5642 1410 5706 servarit.
1459 5642 1603 5704 Nam
1651 5645 1848 5717 Jesus,
1884 5642 1982 5722 qui
2028 5647 2095 5707 ut

452 5731 618 5798 Deus
634 5739 834 5801 omnia
845 5734 1197 5814 sanctiﬁcat,
1217 5742 1283 5797 ut
1304 5732 1480 5797 homo
1504 5751 1745 5816 quoque
1755 5731 2092 5797 sanctiﬁca-

2181 4746 2284 4798 τῶν
2313 4738 2625 4797 διαδόσεωνυ
2667 4738 2736 4815 τῇ
2793 4740 2960 4816 θέρμῃ
3016 4738 3115 4817 γὰρ
3158 4747 3252 4797 τοῦ
3307 4740 3468 4815 πυρὸς
3522 4744 3625 4795 πᾶν
3683 4740 3830 4796 εὐῶ-

2183 4830 2272 4888 δεσ
2325 4829 2682 4906 ἀναλυόμενον
2739 4829 2860 4892 τοὺς
2918 4829 3117 4904 ἀτμοὺς
3176 4825 3486 4884 ἀναδίδωσι·
3521 4827 3671 4906 ιριλεῖ
3726 4829 3833 4907 γὰρ

2181 4924 2216 4991 ἡ
2279 4920 2546 5001 ὑπερτάτη
2603 4921 2691 4976 καὶ
2748 4916 2947 4986 εὐώδης
3002 4918 3152 4974 οὐσία
3208 4919 3351 4998 παρὰ
3409 4923 3516 4975 τῶν
3563 4916 3835 4998 διαπύρων

2181 5013 2268 5069 καὶ
2297 5010 2681 5091 καθαρωτάτων
2712 5016 2846 5067 νοῶν
2898 5011 3181 5089 κινεῖσθαι,
3217 5010 3291 5072 εἷς
3349 5007 3452 5075 τὴν
3479 5007 3578 5076 τῆς
3620 5014 3831 5077 νοητῆς

2182 5101 2345 5171 αὐτῆς
2400 5101 2675 5165 ἐπιπνοίας
2755 5097 3008 5175 διάδοσιν,
3071 5097 3204 5157 ὅπου
3268 5119 3329 5177 γε
3385 5098 3473 5155 καὶ
3540 5100 3831 5165 κοινωνοὺς

2178 5192 2274 5260 τῆς
2355 5191 2678 5271 εὐφροσύνης
2755 5191 2965 5255 τούτους
3043 5200 3279 5245 ποιεῖται
3336 5188 3422 5244 ἰπὶ
3501 5188 3579 5245 ἒνὶ
3647 5189 3833 5267 ἁμαρ-

2179 5280 2320 5357 τολῷ
2391 5283 2756 5355 μετανοοῦντι.
2835 5282 3032 5337 Οὐκοῦν
3105 5276 3215 5336 οὐδ’
3273 5279 3421 5336 αὖτοὶ
3490 5280 3539 5334 οἱ
3608 5276 3835 5356 ἄγγελοι

2179 5371 2512 5450 ἠγνοήκασιν
2568 5368 2654 5427 ὅτι
2686 5371 2714 5425 ὁ
2770 5367 3004 5447 ἁγιάζων
3034 5369 3191 5430 αὐτὸς
3241 5367 3450 5435 Ἰησους
3478 5367 3567 5424 καὶ
3594 5368 3831 5445 ἡγιάσθη

2179 5463 2307 5518 ποτὲ
2365 5462 2500 5519 κατά
2530 5462 2590 5517 τὸ
2643 5460 2969 5538 ἀνθρώπινον
3029 5458 3357 5534 βαπτισθείς.
3395 5458 3706 5534 Σημείωσαι
3765 5455 3827 5513 δὲ.

2176 5554 2273 5620 τὴν
2330 5561 2435 5608 τῶν
2464 5552 2638 5628 ῥητῶν
2688 5546 2977 5628 ἀκρίϐειαν,
3013 5549 3098 5605 καὶ
3146 5554 3259 5612 πῶς
3290 5546 3513 5625 ἱφύλαξε
3558 5569 3657 5613 της
3688 5569 3828 5628 σαρρ

2176 5644 2266 5708 κὸς
2302 5642 2399 5711 τὴν
2454 5639 2729 5720 διαφοράν.
2763 5638 2824 5698 Ὀ
2874 5639 2973 5718 γὰρ
3022 5638 3259 5717 ἁγιάζων
3320 5638 3526 5705 Ἰησους
3556 5639 3632 5701 ὣς
3690 5644 3831 5705 Θεος

2174 5732 2369 5816 πάντα,
2411 5731 2500 5791 καὶ
2556 5730 2712 5797 αὐτὸς
2789 5731 2862 5796 ὡς
2935 5727 3208 5811 ἅνθρωπος
3267 5727 3659 5812 ἡγιάσθηςὲνπδ
3730 5730 3830 5789 τοῦ
