4150 6158
301 390 416 459 497

774 391 890 463 .DE
930 386 1233 454 ECCLES.
1280 386 1729 463 HIERARCH.,
1776 385 1940 450 CAP.
1994 386 2093 452 IV.
2132 419 2205 432 -
2239 387 2626 452 PARAPHR.
2660 388 3175 457 PACHYMERE.

3548 387 3667 461 498

290 531 493 608 Πατρὸς
551 529 637 586 καὶ
664 525 759 594 ὕφ’
804 527 1011 608 ἑαυτοῦ,
1046 526 1160 583 ἐπει
1221 527 1309 583 καὶ
1371 525 1528 600 Θεὸς,
1560 527 1647 583 καὶ
1697 525 1798 582 ὑπὸ
1846 529 1936 582 τοῦ

2024 528 2115 614 tus
2145 520 2253 584 fuit
2282 539 2315 583 a
2349 520 2542 600 Patre,
2577 531 2635 614 et
2665 542 2698 586 a
2729 526 3072 609 semetipso,
3105 535 3395 610 quatenus
3429 549 3668 614 quoque

290 621 442 699 ἁγίου
498 620 828 695 Πνεύματος,
861 616 1065 674 είδυιῶν
1124 618 1209 674 διαὶ
1268 622 1373 673 τῶν
1432 616 1683 694 οὒρανίων
1735 615 1933 683 τάξεων

291 712 385 779 τὴν
436 710 567 767 ἰδίαν
624 710 824 790 ἀρχὴν,
873 708 1019 765 τοῦτ’
1078 709 1187 764 ἐστι
1245 708 1337 763 τὸν
1385 705 1560 763 αἴτιον
1619 708 1789 764 αὐτῶν
1848 706 1935 762 καὶ

290 799 609 881 δημιουργὸν
658 799 886 874 Ἰησοῦν,
934 797 1014 854 ὅτι
1046 797 1143 854 κᾶν
1195 797 1501 875 ἁγιάζηται,
1546 794 1670 853 ἀλλ’
1699 799 1788 853 οὗν
1847 798 1933 853 καὶ

291 891 455 957 οῧτὼς
517 890 638 972 ἔχει
678 892 728 946 to
781 889 897 946 κατ’
955 888 1132 945 οὔσίαν
1186 885 1562 967 ἀναλλοίωτον,
1622 889 1750 952 Θεὸς
1806 887 1929 968 γάρ.

290 990 449 1042 Νσῦσι
508 984 609 1061 γὰρ
684 981 837 1039 αὐτὸν
892 982 1073 1057 ἱερῶς,
1129 977 1210 1036 ὅτι
1268 976 1667 1057 ἐνηνθρώπησε’
1719 979 1780 1035 τὸ
1839 979 1934 1058 γὰρ

285 1072 475 1153 ὑφέντα
533 1073 593 1129 τὸ
624 1071 1101 1149 ἐνανθρωπήσαντα
1162 1067 1345 1136 δηλοῖ.
1397 1070 1494 1125 Καὶ
1545 1069 1588 1124 εί
1634 1068 1931 1150 ἁγιάζεται,

286 1162 407 1220 ἀλλ’
456 1165 546 1218 οὖν
601 1162 737 1219 κατὰ
791 1163 853 1217 τὸ
912 1160 1237 1234 ἀνθρώπινον
1297 1159 1589 1238 ἁγιάζεται,
1636 1156 1721 1214 διὰ
1780 1165 1934 1216 τοῦτο

286 1254 584 1331 πρόκειται·
641 1253 740 1310 Καὶ
788 1251 1061 1330 ἂγιάζεται
1110 1252 1171 1306 τὸ
1203 1252 1377 1326 τίμιον
1421 1250 1582 1326 μύρον
1615 1249 1675 1305 τὸ
1725 1247 1933 1324 0631.50-

287 1344 380 1402 λον
412 1350 506 1401 τοῦ
539 1343 809 1401 Δεσπότου
854 1347 1104 1420 Χριστοῦ,
1138 1341 1223 1397 ιιαὶ
1269 1341 1337 1396 τὰ
1368 1341 1594 1417 σεραφὶμ
1622 1342 1862 1419 περιίστα
1876 1363 1934 1397 ν-

286 1458 398 1496 ται.
462 1432 901 1507 Ἀπαράλλαιιτον
933 1430 988 1488 δὲ
1045 1431 1225 1511 εἶπεν,
1279 1430 1314 1499 ἢ
1372 1433 1446 1495 ὡς
1507 1431 1638 1509 πρὸς
1695 1431 1755 1486 τὸ
1799 1430 1935 1488 κατὰ

288 1528 461 1584 πάντα
504 1527 602 1594 τῆς
633 1521 746 1581 καθ’
794 1526 933 1599 ἡμᾶς
967 1523 1171 1601 φύσεως
1215 1520 1543 1595 ὁμοιωθέντα
1574 1522 1734 1600 ἡμῖν,
1767 1522 1934 1601 χωρίς

290 1617 574 1695 ἁμαρτίας,
635 1616 670 1684 ἢ
728 1616 802 1677 ὡς
883 1614 960 1689 μὴ
1037 1612 1393 1687 ὑπομείναντα
1451 1608 1822 1688 παραλλαγὴν,
1897 1609 1934 1678 ἢ

288 1713 493 1785 τροπῇς
549 1706 891 1779 ἀποσκίασμα
932 1703 1067 1760 κατὰ
1125 1702 1225 1769 τὴν
1272 1701 1520 1781 θεότητα,
1553 1703 1608 1756 ἓν
1668 1708 1743 1776 τῷ
1779 1722 1937 1779 προσ-

289 1795 476 1853 λαϐεῖν
528 1798 590 1853 τὸ
647 1795 990 1872 ἀνθρώπινον.
1056 1793 1155 1851 Καὶ
1213 1793 1273 1849 τὸ
1337 1789 1400 1857 δὴ
1462 1792 1721 1870 θειότερον
1780 1790 1935 1847 τοῦτό

287 1887 452 1957 ἐστιν,
489 1885 568 1942 ὅνι
623 1892 697 1959 τῷ
753 1887 876 1957 θείῳ
936 1884 1084 1961 μύρῳ
1133 1884 1259 1961 πρὸς
1313 1887 1488 1938 πᾶσαν
1542 1880 1935 1961 τελεσιουργίαν

2017 611 2175 674 Deus
2222 620 2331 703 est,
2369 620 2427 676 et
2456 612 2753 703 arSpiritu
2791 624 3024 699 sancto,
3056 617 3388 683 scientibus
3428 611 3669 703 quoque

2018 701 2360 765 coelestibus
2385 702 2699 766 ordinibus
2730 705 3036 786 proprium
3072 701 3463 792 principium,
3482 710 3539 772 id
3571 712 3670 775 est

2016 808 2319 856 auctorem
2337 813 2510 855 suum
2527 802 2585 856 et
2603 803 2933 858 creatorem
2952 796 3181 875 Iesum,
3208 800 3364 882 quod
3388 802 3500 865 etsi
3521 820 3666 866 san-

2017 882 2336 965 ctiﬁcetur,
2363 894 2561 946 tamen
2582 885 2756 947 etiam
2778 887 2865 949 sic
2883 886 3062 950 habet
3078 897 3301 952 natura)
3329 890 3672 956 immutabi-

2018 971 2269 1054 litatem,
2323 980 2603 1056 quoniam
2649 973 2807 1037 Deus
2857 985 2967 1039 est.
3003 980 3218 1042 Sancte
3261 979 3423 1043 enim
3472 982 3668 1047 sciunt

2018 1062 2214 1143 ipsum
2249 1081 2379 1128 esse
2409 1065 2787 1128 incarnatum
2819 1087 2832 1129 :
2867 1067 3109 1130 verbum
3142 1069 3302 1131 enim
3334 1070 3529 1150 ὑφέντα
3559 1088 3670 1135 εειι

2018 1152 2614 1229 condescendentem,
2639 1153 2913 1237 designat
2941 1156 3340 1220 incarnatum.
3370 1160 3444 1221 Et.
3463 1159 3514 1221 si
3532 1177 3671 1223 san-

2017 1241 2333 1319 ctiﬁcetur,
2367 1249 2573 1326 utique
2624 1245 2951 1308 secundum
2984 1247 3415 1311 humanitatem
3447 1248 3669 1312 sancti-

2017 1341 2208 1414 catur,
2244 1333 2470 1396 idcirco
2491 1334 2763 1399 additur:
2800 1337 2877 1399 Et
2905 1337 3305 1401 sanctiﬁcatur
3335 1343 3666 1420 pretiosum

2016 1430 2386 1501 unguentum
2408 1425 2563 1506 quod
2587 1424 2806 1489 Christi
2837 1426 3071 1489 Domini
3104 1427 3438 1508 symbolum
3458 1436 3567 1506 est,
3605 1439 3665 1493 et

2015 1515 2315 1592 seraphim
2336 1519 2740 1579 circumstant.
2774 1515 2929 1578 Dixit
2958 1524 3158 1579 autem
3177 1516 3548 1596 invariatum,
3573 1518 3666 1581 vel

2019 1603 2175 1683 quod
2210 1622 2316 1684 per
2345 1607 2545 1667 omnia
2576 1614 2805 1668 natura;
2835 1611 3056 1670 nostra;
3083 1605 3300 1670 similis
3342 1608 3532 1671 factus
3576 1617 3667 1672 est

2018 1693 2240 1773 absque
2256 1694 2619 1773 peccato,vel
2637 1695 2791 1777 quod
2807 1715 2924 1758 non
2945 1695 3234 1759 subiverit
3265 1697 3663 1762 mutationem

2020 1782 2109 1844 vel
2133 1783 2554 1846 vicissitudinis
2575 1784 3087 1849 obumbrationem
3102 1789 3432 1851 secundum
3456 1787 3669 1851 divini-

2020 1878 2363 1947 tatem,cum
2382 1876 2700 1937 humanam
2724 1885 2994 1940 naturam
3023 1878 3367 1961 assumpsit.
3402 1878 3474 1943 Et
3503 1879 3663 1961 quod

286 1953 490 2060 χρῆται
545 1978 580 2047 ἡ
634 1953 900 2056 ἱεραρχία,
937 1953 1283 2031 ῦποδεικνῦσα
1340 1978 1575 2051 φανερῶς
1630 1974 1722 2028 τὸν
1781 1953 1932 2049 ἆγικ.

2024 1962 2271 2026 divinius
2284 1966 2422 2060 2βο
2436 1965 2712 2060 est,q_uod
2732 1966 3068 2030 hierarchia
3085 1967 3158 2029 ad
3181 1953 3420 2060 omnem
3433 1953 3661 2032 sacram

285 2070 509 2143 ζόμενον
565 2066 769 2134 Ἰησοῦν
829 2066 1134 2141 ἀγιάζοντα.
1205 2065 1297 2119 Διὸ
1364 2064 1453 2119 καὶ
1503 2066 1537 2130 ἡ
1599 2068 1692 2119 τοῦ
1736 2062 1931 2138 βαπτί-

286 2181 488 2235 σματος
547 2157 705 2238 χάρις
736 2161 918 2234 (τοῦτο
950 2156 1050 2232 γάρ
1103 2154 1214 2210 ἐστι
1245 2153 1306 2209 10‘
1335 2153 1470 2210 κατᾶ
1516 2153 1645 2209 Θεὸν
1675 2155 1936 2231 γεννηθῆο

288 2249 412 2327 ναιο)
445 2247 739 2305 τελειοῦται
769 2245 853 2304 διὰ
902 2251 994 2301 τοῦ
1026 2244 1191 2321 μύρου
1248 2241 1602 2320 σταυρσειδῶς
1634 2241 1934 2321 ἐπιχεομέ-

286 2362 376 2397 νου
435 2345 514 2412 τῷ
570 2337 936 2413 βαπτιστηρίῳ
993 2333 1139 2411 παρὰ
1194 2334 1291 2388 τοῦ
1318 2332 1568 2411 ἱεράρχου
1616 2335 1934 2409 θεωροῦντος

288 2434 497 2496 νοητῶς
558 2427 685 2486 αὒτὸ
731 2427 793 2482 τὸ
838 2424 1028 2490 νοητὸν
1073 2423 1257 2501 μύρον,
1292 2424 1384 2478 τὸν
1435 2422 1622 2499 Κύριον
1679 2420 1807 2500 ἄχρι
1854 2423 1941 2477 καὶ

288 2518 512 2575 θανάτο)
573 2514 986 2590 καταδυόμενον,
1032 2514 1124 2568 τὸν
1194 2513 1294 2589 γὰρ
1351 2512 1572 2568 θάνατον
1642 2512 1675 2579 ἡ
1733 2509 1939 2585 κολυμ-

290 2606 460 2685 ϐήθρα
493 2604 675 2679 δηλοῖ,
707 2607 796 2662 καὶ
850 2605 1172 2660 ἀνασπῶντα
1202 2601 1256 2658 ἓν
1286 2608 1355 2678 τῇ
1385 2601 1671 2678 ἀκρατήτῳ
1713 2598 1937 2678 καθόδῳ,

291 2698 468 2755 κοθότι
521 2698 617 2753 οὐκ
660 2696 726 2764 ἦν
771 2696 1081 2770 κρατεῖσθαι
1130 2692 1231 2749 ὑπὸ
1281 2694 1372 2748 τοῦ
1418 2692 1664 2772 Θανάτου,
1697 2691 1816 2756 τοὺς
1867 2691 1940 2754 είς

291 2790 385 2845 τὸν
434 2787 659 2844 θάνατον
691 2786 848 2844 αὐτοῦ
889 2781 1332 2860 βαπτιζομένους.
1398 2781 1623 2858 Κρόφιον
1653 2779 1707 2836 δὲ
1757 2779 1940 2858 λόγιον

291 2877 460 2955 λέγει,
495 2877 576 2933 ὅτι
632 2873 932 2953 ἀπόκροτος
966 2885 1083 2936 τοῖς
1141 2868 1435 2938 πολλοϊςὴ
1496 2868 1791 2949 αἰτιολογία
1846 2875 1938 2927 τοῦ

292 2969 362 3034 είς
403 2968 631 3047 Χριστὸν
663 2964 1048 3042 βαπτίσματος.

370 3146 399 3226 §
444 3155 537 3205 XI.
587 3145 659 3203 Οὔ
692 3144 787 3219 μὲν
817 3141 871 3199 δὲ
902 3139 1041 3199 ἀλλὰ
1093 3142 1181 3198 καὶ
1213 3139 1355 3216 αὐτῷ
1409 3141 1487 3215 τῷ
1516 3139 1852 3217 βαπτισθέντι
1902 3140 1936 3207 ἠ

2018 2055 2529 2116 consecrationem
2544 2056 2805 2118 divinum
2824 2065 3188 2134 unguentum
3205 2057 3666 2134 adhibet,mani-

2016 2142 2166 2206 teste
2214 2144 2632 2207 demonstrans
2678 2147 2878 2209 Jesum
2931 2147 3367 2211 sanctiﬁcatum
3399 2149 3669 2212 sanctiﬁ-

2018 2251 2176 2299 care.
2213 2236 2586 2316 Quapropter
2616 2254 2859 2318 quoque
2887 2237 3072 2316 gratia
3117 2237 3483 2319 baptismatis
3516 2238 3667 2319 (haec

2021 2324 2180 2385 enim
2213 2334 2303 2398 est
2322 2325 2651 2387 secundum
2669 2328 2858 2391 Deum
2882 2327 3209 2409 generatio)
3226 2337 3672 2392 consummatur

2021 2432 2055 2476 ε
2086 2414 2367 2494 pontiﬁce
2400 2433 2507 2496 per
2538 2424 2904 2496 unguentum
2937 2415 2997 2478 in
3042 2417 3240 2480 crucis
3269 2418 3515 2480 formam
3551 2417 3665 2482 ba-

2024 2503 2277 2576 ptisterio
2299 2504 2578 2575 infusum,
2602 2504 2739 2562 dum
2757 2506 3088 2578 spiritaliter
3108 2506 3336 2564 exhibet
3358 2508 3669 2580 ipsummet

2023 2603 2389 2675 unguentum
2412 2595 2943 2677 spiritale,scilicet
2965 2597 3288 2661 Dominum
3303 2597 3377 2659 ad
3413 2609 3666 2662 mortem

2025 2703 2217 2765 usque
2235 2684 2601 2760 demersum;
2629 2685 2926 2764 siquidem
2948 2686 3248 2749 lavacrum
3272 2687 3386 2751 hoc
3414 2696 3666 2751 mortem

2022 2775 2339 2854 signiﬁcat,
2365 2784 2422 2838 et
2443 2776 2608 2838 illum
2640 2776 2744 2854 qui
2766 2777 2980 2840 invicto
3011 2795 3117 2838 suo
3143 2775 3461 2853 descensu,
3485 2797 3601 2860 quo
3633 2796 3670 2841 a

2022 2873 2213 2927 morte
2234 2867 2503 2947 superari
2527 2884 2645 2928 non
2669 2866 2875 2948 potuit,
2904 2866 2965 2928 in
2998 2875 3189 2929 morte
3215 2885 3320 2929 sua
3340 2866 3665 2949 baptizatos

2021 2955 2281 3020 attraxit.
2318 2957 2611 3020 Arcanum
2634 2975 2809 3039 porro
2826 2956 3478 3040 vocatoraculum,quia
3500 2959 3662 3021 mul-

2022 3047 2260 3109 titudini
2297 3048 2529 3110 occulta
2559 3055 2686 3109 erat
2714 3047 2863 3109 ratio
2893 3046 3269 3128 baptismatis
3298 3049 3542 3113 Christi.

2104 3140 2133 3218 §
2184 3141 2286 3202 XI.
2335 3139 2488 3212 Quin
2535 3139 2711 3202 etiam
2757 3138 3002 3219 ipsimet
3042 3139 3329 3221 baptizata
3380 3142 3669 3221 unguenti

287 3248 380 3296 106
422 3237 589 3315 μύρου
626 3234 801 3313 χρίσις
832 3231 928 3299 τὴν
976 3230 1310 3310 ἐπιφοίτησιν
1353 3228 1604 3308 δωρεῖται
1633 3235 1727 3285 τοῦ
1777 3229 1931 3284 Ilvati-

2024 3228 2220 3291 unctio
2251 3229 2441 3291 sancti
2470 3230 2728 3310 Spiritus
2749 3229 3023 3309 illapsum
3056 3230 3365 3308 elargitur,
3387 3231 3527 3293 dum
3554 3232 3667 3294 hoc

289 3348 478 3401 ματος,
534 3321 863 3397 δτ,λο·,›μένου
920 3320 1178 3395 ἐντεῦθεν,
1214 3320 1328 3375 ἐπεὶ
1387 3316 1471 3374 διὰ
1523 3321 1621 3386 τῆς
1679 3323 1772 3373 τοῦ
1830 3317 1935 3391 μύ-

287 3425 379 3494 ρου
407 3415 639 3495 χρίσεως
674 3412 920 3492 ἐπιφοιτᾷ
947 3411 1009 3466 τὸ
1042 3415 1255 3484 Πνεῦμα
1284 3409 1344 3465 τὸ
1376 3407 1550 3485 ἇίγιον.
1588 3408 1659 3465 Τὸ
1690 3405 1744 3461 δὲ
1776 3406 1936 3485 μύρον

288 3507 427 3562 ἐστὶν
487 3506 515 3560 ὁ
546 3503 795 3579 Χριστὸς,
830 3500 910 3557 ὅτι
940 3501 1029 3557 καὶ
1082 3498 1172 3555 ὑπ’
1206 3502 1362 3558 αὐτοῦ
1420 3496 1485 3564 δὴ
1517 3503 1608 3553 τοῦ
1656 3495 1937 3575 ἂνθρωπο-

286 3592 503 3673 πρεπῶς
566 3592 644 3666 τῷ
678 3590 814 3669 ἁγίῳ
873 3589 1141 3665 Πνεύματι
1200 3584 1642 3664 καθαγιασθὲντος
1682 3585 1742 3640 τὸ
1780 3584 1937 3673 ,ἅγιον

287 3672 503 3758 Πνεῦμα
552 3692 875 3760 loga-{etut
929 3681 1003 3744 ὡς
1054 3677 1254 3734 οίκετον
1313 3678 1492 3738 αὐτοῦ,
1547 3686 1727 3754 Ωσπερ
1770 3672 1822 3729 δὲ
1856 3675 1942 3731 ἐπὶ

289 3779 399 3830 τῶν
458 3769 700 3849 ἀγγέλων
751 3766 1021 3830 οὗσιώδεις
1079 3766 1361 3829 ἀκούοντες
1420 3762 1573 3840 ἕξεις,
1608 3764 1665 3821 οὗ
1708 3764 1939 3832 ποιότη-

293 3884 386 3929 τας
446 3859 631 3927 ἔξωθεν
686 3859 823 3916 κατὰ
882 3854 1209 3925 συκϐεϐηκὸς
1256 3854 1634 3932 ἐπιγινομένας
1690 3861 1939 3933 νοοῦμεν,

294 3949 480 4024 πολλῷ
534 3947 739 4024 μᾶλλον
769 3956 921 4007 τοῦτο
965 3947 1051 4003 ἐπὶ
1081 3948 1211 4002 Θεοῦ
1268 3946 1557 4019 νοήσομεν⁶
1607 3943 1665 4002 οὗ
1696 3945 1795 4023 γὰρ
1849 3941 1940 4000 δε-

296 4040 489 4116 ξόμεθα
548 4036 811 4105 ποιότητα
855 4034 1328 4113 ἐπισυμϐαίνουσαν
1380 4035 1478 4102 τὴν
1516 4033 1643 4115 ἕξιν,
1678 4033 1796 4091 ἀλλ’
1840 4033 1944 4100 ἕξιν

298 4127 528 4196 οὖσιώδη
587 4127 861 4208 θεότητος,
893 4127 992 4194 τὴν
1048 4131 1281 4207 φυσικῶς
1333 4123 1563 4205 ἔχουσαν
1614 4124 1703 4204 ἀφ’
1750 4125 1943 4192 ἑαυτῆς

297 4222 363 4277 τὰ
415 4225 512 4287 τῆς
555 4218 884 4297 ἂγαθότητος
933 4217 1166 4292 ἅπαντα,
1197 4215 1393 4272 ἐπείτοι
1437 4236 1498 4292 γε
1545 4215 1633 4270 καὶ
1679 4215 1715 4280 ⁵η
1751 4215 1940 4281 θεότης

282 4310 416 4379 αὕτη
478 4311 574 4366 οὒκ
604 4308 883 4365 αὖτοουσία
914 4306 1025 4364 ἐστὶ
1054 4313 1147 4363 τοῦ
1198 4312 1350 4384 Θεοῦ,
1386 4302 1520 4359 ἀλλὰ
1566 4301 1687 4369 δόξα
1718 4326 1798 4367 τις
1842 4309 1939 4371 τῆς

280 4403 458 4464 οὐσίας
494 4400 679 4458 αῦτοῦ.

275 4490 458 4570 §XIL
532 4487 825 4554 Ἐννόησον
855 4484 1015 4542 πάλιν
1065 4482 1221 4563 ἄλλο,
1255 4482 1336 4539 ὅτι
1377 4484 1465 4540 καὶ
1518 4484 1646 4541 αὐτὸ
1677 4484 1737 4539 τὸ
1791 4488 1935 4541 θεῖον

2023 3319 2197 3380 modo
2217 3337 2324 3399 per
2352 3325 2639 3398 unguenti
2656 3319 2995 3381 unctionem
3027 3319 3284 3399 Spiritus
3305 3328 3544 3382 sanctus
3566 3320 3665 3383 de-

2020 3407 2312 3469 scendere
2343 3408 2729 3487 signiﬁcatur.
2762 3410 3136 3485 Unguentum
3167 3418 3366 3472 autem
3397 3410 3665 3474 Christus

2021 3506 2133 3572 est,
2161 3499 2440 3579 quoniam
2460 3498 2534 3560 ab
2556 3505 2683 3579 ipso
2708 3517 2944 3579 quoque
2985 3498 3352 3577 humanitus,
3376 3517 3410 3561 a
3440 3496 3665 3581 Spiritu
3745 3501 3749 3503 “

2024 3598 2226 3650 sancto
2250 3590 2616 3651 sanctiﬁcato
2636 3588 2888 3671 Spiritus
2910 3598 3150 3652 sanctus
3184 3598 3458 3670 tanquam
3477 3589 3666 3674 ipsius

2024 3678 2280 3761 Spiritus
2311 3680 2588 3742 donatur.
2637 3678 3151 3755 Quemadmodum
3182 3688 3381 3742 autem
3429 3700 3565 3743 cum
3604 3681 3666 3743 in

2022 3769 2247 3843 angelis
2268 3771 2676 3828 substantiales
2696 3770 2925 3828 habitus
2939 3770 3348 3840 audimus,non
3365 3770 3668 3844 qualitates

2024 3863 2395 3926 extrinsecus
2418 3881 2525 3943 per
2545 3861 2823 3925 accidens
2839 3860 3224 3925 advenientes
3253 3861 3664 3942 intelligimus,

2029 3951 2213 4015 multo
2248 3952 2432 4032 magis
2463 3953 2524 4014 id
2556 3952 2630 4014 de
2661 3951 2783 4014 Deo
2814 3950 3245 4032 cogitabimus;
3278 3970 3475 4032 neque
3504 3952 3666 4016 enim

2026 4041 2293 4104 habitum
2325 4060 2430 4123 pro
2461 4042 2743 4124 qualitate
2763 4040 3117 4104 accidentali
3146 4040 3534 4122 accipiemus,
3559 4043 3667 4106 sed

2026 4130 2291 4194 habitum
2317 4132 2696 4196 essentialem
2719 4130 3070 4209 divinitatis,
3095 4131 3198 4210 qui
3230 4131 3576 4193 naturaliter
3595 4151 3666 4195 ex

2026 4240 2091 4285 se
2113 4222 2322 4284 habeat
2337 4222 2537 4284 omnia
2557 4239 2687 4303 quae
2704 4229 2841 4282 sunt
2862 4220 3161 4296 bonitatis,
3183 4222 3665 4302 quandoquidem

2018 4312 2148 4392 ipsa
2199 4332 2434 4394 quoque
2463 4312 2652 4374 deitas
2683 4311 2779 4373 hic
2810 4328 2927 4371 non
2982 4319 3072 4372 est
3101 4311 3362 4390 ipaamet
3408 4313 3667 4374 essentia

2020 4405 2150 4477 Dei,
2179 4405 2281 4465 sed
2305 4402 2648 4483 apparentia
2671 4399 2937 4481 quaedam
2970 4400 3158 4480 ipsius
3183 4401 3478 4461 essentize.

2098 4499 2125 4570 §
2155 4492 2283 4556 XII.
2323 4491 2645 4557 Considera
2674 4492 2872 4553 denuo
2912 4490 3093 4565 aliud,
3133 4498 3196 4550 ut
3223 4488 3401 4552 etiam
3432 4490 3665 4567 ipsum-

273 4577 649 4654 θδσιαστήριον
680 4576 734 4633 ἐν
765 4583 841 4651 τῷ
865 4576 1025 4650 τιμίῳ
1056 4573 1359 4649 τελειοῦμεν
1389 4573 1561 4651 μύρῳ,
1594 4572 1769 4630 ’Ἔστι
1815 4572 1869 4630 δὲ
1899 4576 1932 4644 ἦ

2024 4592 2143 4645 met
2172 4583 2356 4645 altare
2388 4582 2652 4645 divinum
2686 4581 2944 4663 pretioso
2975 4579 3075 4641 illo
3118 4589 3419 4658 unguento
3450 4598 3667 4643 conse-

275 4681 497 4735 τοιαύτη
528 4668 717 4746 θεωρία
751 4664 936 4741 ὑψηλὴ
968 4665 1055 4721 καὶ
1096 4664 1428 4739 ὕπερούσιος,
1464 4664 1550 4719 καὶ
1580 4663 1726 4742 ἀρχὴ
1757 4664 1935 4730 πάσης

278 4758 588 4840 ἆγιαστείας
624 4758 711 4813 λαὶ
742 4754 1110 4833 τελεσιουργὸς
1154 4752 1398 4830 δύναμις·
1434 4752 1515 4809 ὅτι
1546 4775 1660 4815 πως
1694 4754 1778 4810 καὶ
1811 4756 1935 4813 αὐτὸ

278 4854 341 4907 τὸ
371 4850 645 4907 θειότατον
674 4846 1047 4922 θυσιαστήριον
1080 4847 1107 4900 ὁ
1138 4844 1324 4923 Κύριος
1357 4845 1512 4918 ἡμῶν
1548 4841 1753 4910 Ἰησοῦς
1800 4851 1935 4923 Χρι-

282 4942 432 5012 στος,
465 4940 599 5015 πρὸς
634 4939 690 4993 ὃν
749 4935 889 4993 ἅπας
922 4942 1039 4998 νοῦς
1070 4937 1216 4998 θεῖος
1274 4936 1603 5013 ἀφιεροῦται,
1638 4939 1767 4990 Τοτε
1812 4935 1934 5013 γὰρ,

284 5032 445 5103 φησὶν
508 5031 533 5084 ὃ
594 5023 787 5103 Auito,
839 5025 1117 5100 ἀνοίσομεν
1176 5022 1260 5080 ἐπὶ
1304 5025 1365 5079 τὸ
1418 5023 1785 5100 θυσιαστήριόν
1846 5045 1939 5079 σου

288 5096 557 5199 μόσχους,
591 5118 714 5180 τοὺς
769 5096 942 5179 θείους
976 5096 1179 5182 δηλαδὴ
1236 5112 1358 5176 νόας
1403 5110 1599 5190 λέγων,
1662 5096 1724 5169 Ὠ
1755 5114 1855 5192 γὰρ
1912 5116 1940 5170 ὁ

289 5213 501 5289 μόσχος
573 5209 850 5287 ἀφιεροῦτο
922 5205 985 5261 τὸ
1042 5201 1270 5261 παλαιὸν
1341 5202 1481 5260 οὕτω
1538 5203 1625 5260 καὶ
1684 5206 1729 5260 οἱ
1804 5208 1939 5261 θεῖοι

290 5301 407 5364 νόες
462 5300 799 5378 ἀφιεροῦνται
855 5300 992 5369 Θεῷ,
1041 5293 1095 5348 ὲν
1143 5295 1191 5367 ᾧ
1245 5291 1342 5358 τὴν
1392 5292 1747 5372 προσαγωγὴν
1805 5292 1940 5373 ἔχο-

291 5413 410 5470 μεν,
444 5389 659 5450 πάντως
719 5384 1167 5460 ὃλοκαυτοόμενοι
1230 5380 1519 5458 μυστικῶς⁶
1552 5384 1585 5451 ἡ
1618 5384 1716 5462 γὰρ
1766 5406 1938 5462 προσ-

290 5469 480 5559 αγωγῆ
510 5478 599 5535 ἐπὶ
629 5481 738 5532 τῶν
781 5473 1045 5554 ἐμψύχων
1077 5476 1265 5529 θυσιῶν
1318 5469 1551 5550 λέγεται,
1589 5473 1642 5529 ὲν
1674 5478 1719 5548 ᾧ
1777 5475 1937 5554 ἀγιά.

290 5576 466 5641 ζονται
510 5568 711 5626 πάντα.
749 5569 869 5628 Πῶς
908 5566 964 5621 τὸ
1009 5568 1249 5620 τοιοῦτον
1291 5563 1659 5642 θυσιαστήριον
1688 5566 1789 5622 ὑπὸ
1848 5573 1938 5625 τοῦ

373 5760 403 5806 s
426 5745 562 5811 Psal
596 5764 652 5821 L,
699 5743 800 5809 ‘24.

2019 4692 2278 4737 oremus.
2315 4672 2414 4735 Est
2447 4681 2645 4735 autem
2695 4673 2823 4734 haec
2852 4669 3279 4748 contemplatio
3311 4669 3582 4732 sublimis
3608 4678 3670 4733 et

2020 4763 2519 4845 supernaturalis,
2546 4771 2604 4825 et
2625 4762 2791 4840 origo
2810 4759 3005 4823 omnis
3031 4759 3533 4833 sanctiﬁcationis,
3559 4759 3668 4823 vir-

2024 4862 2234 4934 tusque
2264 4853 2626 4934 perfectiva;
2675 4857 2951 4933 quoniam
2984 4850 3178 4930 ipsum
3212 4867 3453 4930 quoque
3482 4850 3668 4915 altare

2021 4942 2455 5005 divinissimum
2490 4952 2579 5005 est
2610 4942 2900 5005 Dominus
2930 4947 3135 5003 noster
3163 4939 3336 5002 Jesus
3373 4939 3664 5018 Christus,

2024 5034 2083 5094 in
2099 5052 2218 5113 quo
2231 5032 2426 5094 omnis
2440 5050 2609 5094 mens
2625 5030 2821 5093 divina
2838 5029 3262 5093 sanctiﬁcatur.
3295 5028 3463 5093 Tunc
3480 5030 3665 5109 enim,

2023 5123 2214 5194 inquit
2242 5121 2438 5188 David,
2468 5122 2795 5195 imponemus
2824 5135 2989 5192 super
3012 5120 3191 5177 altare
3218 5127 3371 5177 tuum
3398 5121 3589 5179 vitulos
3618 5135 3668 5189 ε,

2025 5213 2245 5271 divinas
2277 5213 2554 5271 nimirun.
2576 5210 3670 5281 mentesintelligens.Quemadmodum

2026 5294 2184 5359 enim
2209 5294 2424 5357 vitulus
2448 5294 2589 5357 olim
2622 5290 3124 5367 sanctiﬁcabatur,
3148 5291 3234 5354 ita
3255 5290 3432 5355 etiam
3455 5291 3672 5354 divinae

2020 5393 2281 5460 mentes,
2308 5383 2551 5465 mystice
2573 5383 2635 5446 in
2658 5381 2986 5445 holocausti
3009 5399 3237 5444 morem
3264 5380 3509 5461 penitus
3532 5399 3672 5443 con-

2021 5480 2760 5552 crematze,consecrantur
2781 5471 2995 5554 Deo,in
3017 5491 3135 5554 quo
3156 5489 3461 5533 accessum
3477 5469 3671 5533 habe-

2025 5564 2470 5649 mus;quoniam
2495 5564 2776 5630 adductio
2788 5564 3051 5629 vivarum
3070 5560 3441 5627 victimarum
3453 5559 3675 5625 dicitur
