  <div class='ocr_page' id='page_1' title='image "/cluster/home/n/w/nwhite01/storage/ocr_20150623/3/mdp.39015008855614/257.png"; bbox 0 0 4150 6158; ppageno 0'>
   <div class='ocr_carea' id='block_1_1' title="bbox 460 357 579 431">
    <p class='ocr_par' dir='ltr' id='par_1_1' title="bbox 460 357 579 431">
     <span class='ocr_line' id='line_1_1' title="bbox 460 357 579 431; baseline 0.008 -1"><span class='ocrx_word' id='word_1_1' title='bbox 460 357 579 431; x_wconf 78' lang='grc'><strong>499</strong></span> 
     </span>
    </p>
   </div>
   <div class='ocr_carea' id='block_1_2' title="bbox 1652 356 2663 425">
    <p class='ocr_par' dir='ltr' id='par_1_2' title="bbox 1652 356 2663 425">
     <span class='ocr_line' id='line_1_2' title="bbox 1652 356 2663 425; baseline 0.001 -1"><span class='ocrx_word' id='word_1_2' title='bbox 1652 357 1714 425; x_wconf 91' lang='lat' dir='ltr'><strong>S.</strong></span> <span class='ocrx_word' id='word_1_3' title='bbox 1769 357 2111 424; x_wconf 78' lang='lat' dir='ltr'><strong>DIONYSII</strong></span> <span class='ocrx_word' id='word_1_4' title='bbox 2152 356 2663 425; x_wconf 64' lang='lat' dir='ltr'><strong>AREOPAGITxE</strong></span> 
     </span>
    </p>
   </div>
   <div class='ocr_carea' id='block_1_3' title="bbox 3716 357 3837 429">
    <p class='ocr_par' dir='ltr' id='par_1_3' title="bbox 3716 357 3837 429">
     <span class='ocr_line' id='line_1_3' title="bbox 3716 357 3837 429; baseline 0 0"><span class='ocrx_word' id='word_1_5' title='bbox 3716 357 3837 429; x_wconf 84' lang='lat'><strong>500</strong></span> 
     </span>
    </p>
   </div>
   <div class='ocr_carea' id='block_1_4' title="bbox 460 490 2108 582">
    <p class='ocr_par' dir='ltr' id='par_1_4' title="bbox 460 490 2108 582">
     <span class='ocr_line' id='line_1_4' title="bbox 460 490 2108 582; baseline -0.006 -20"><span class='ocrx_word' id='word_1_6' title='bbox 460 496 516 562; x_wconf 85' lang='lat' dir='ltr'><strong>is</strong></span> <span class='ocrx_word' id='word_1_7' title='bbox 536 497 597 560; x_wconf 92' lang='lat' dir='ltr'><strong>in</strong></span> <span class='ocrx_word' id='word_1_8' title='bbox 609 514 727 579; x_wconf 90' lang='lat' dir='ltr'><strong>quo</strong></span> <span class='ocrx_word' id='word_1_9' title='bbox 748 490 1191 560; x_wconf 83' lang='lat' dir='ltr'><strong>sanctiﬁcantur</strong></span> <span class='ocrx_word' id='word_1_10' title='bbox 1208 491 1641 567; x_wconf 79' lang='lat' dir='ltr'><strong>universa.Qua</strong></span> <span class='ocrx_word' id='word_1_11' title='bbox 1666 492 1897 555; x_wconf 84' lang='lat' dir='ltr'><strong>ratione</strong></span> <span class='ocrx_word' id='word_1_12' title='bbox 1916 492 2108 582; x_wconf 85' lang='lat' dir='ltr'><strong>ipsum</strong></span> 
     </span>
    </p>
   </div>
   <div class='ocr_carea' id='block_1_5' title="bbox 2192 490 3834 582">
    <p class='ocr_par' dir='ltr' id='par_1_5' title="bbox 2198 498 3834 582">
     <span class='ocr_line' id='line_1_5' title="bbox 2198 498 3834 582; baseline 0.001 -25"><span class='ocrx_word' id='word_1_13' title='bbox 2198 498 2334 557; x_wconf 85' lang='grc' dir='ltr'>θείου</span> <span class='ocrx_word' id='word_1_14' title='bbox 2383 502 2657 580; x_wconf 71' lang='grc' dir='ltr'>ἁγιάζεται</span> <span class='ocrx_word' id='word_1_15' title='bbox 2688 500 2854 580; x_wconf 64' lang='grc' dir='ltr'>μόρου</span> <span class='ocrx_word' id='word_1_16' title='bbox 2896 519 2912 577; x_wconf 88' lang='grc'><strong>;</strong></span> <span class='ocrx_word' id='word_1_17' title='bbox 2978 507 3021 559; x_wconf 83' lang='grc' dir='ltr'><strong>Η</strong></span> <span class='ocrx_word' id='word_1_18' title='bbox 3057 498 3246 575; x_wconf 75' lang='grc' dir='ltr'>δῆλον,</span> <span class='ocrx_word' id='word_1_19' title='bbox 3282 501 3362 559; x_wconf 83' lang='grc' dir='ltr'>ὃτι</span> <span class='ocrx_word' id='word_1_20' title='bbox 3406 498 3586 582; x_wconf 79' lang='grc' dir='ltr'>ὥσπερ</span> <span class='ocrx_word' id='word_1_21' title='bbox 3636 502 3834 579; x_wconf 84' lang='grc' dir='ltr'>βαπτί-</span> 
     </span>
    </p>
   </div>
   <div class='ocr_carea' id='block_1_6' title="bbox 459 581 2109 667">
    <p class='ocr_par' dir='ltr' id='par_1_6' title="bbox 459 581 2109 667">
     <span class='ocr_line' id='line_1_6' title="bbox 459 581 2109 667; baseline -0.005 -18"><span class='ocrx_word' id='word_1_22' title='bbox 459 587 576 651; x_wconf 89' lang='lat' dir='ltr'><strong>hoc</strong></span> <span class='ocrx_word' id='word_1_23' title='bbox 605 587 792 648; x_wconf 87' lang='lat' dir='ltr'><strong>altare</strong></span> <span class='ocrx_word' id='word_1_24' title='bbox 825 603 930 667; x_wconf 90' lang='lat' dir='ltr'><strong>per</strong></span> <span class='ocrx_word' id='word_1_25' title='bbox 958 583 1226 647; x_wconf 87' lang='lat' dir='ltr'><strong>divinum</strong></span> <span class='ocrx_word' id='word_1_26' title='bbox 1259 591 1620 663; x_wconf 79' lang='lat' dir='ltr'><strong>unguentum</strong></span> <span class='ocrx_word' id='word_1_27' title='bbox 1655 581 2058 645; x_wconf 84' lang='lat' dir='ltr'><strong>sanctiﬁcatur</strong></span> <span class='ocrx_word' id='word_1_28' title='bbox 2078 581 2109 641; x_wconf 84' lang='lat'><strong>‘?</strong></span> 
     </span>
    </p>
   </div>
   <div class='ocr_carea' id='block_1_7' title="bbox 463 672 2107 758">
    <p class='ocr_par' dir='ltr' id='par_1_7' title="bbox 463 672 2107 758">
     <span class='ocr_line' id='line_1_7' title="bbox 463 672 2107 758; baseline -0.004 -18"><span class='ocrx_word' id='word_1_29' title='bbox 463 675 677 758; x_wconf 86' lang='lat' dir='ltr'><strong>Utique</strong></span> <span class='ocrx_word' id='word_1_30' title='bbox 696 673 1073 738; x_wconf 79' lang='lat' dir='ltr'><strong>manifestum</strong></span> <span class='ocrx_word' id='word_1_31' title='bbox 1096 682 1208 749; x_wconf 91' lang='lat' dir='ltr'><strong>est,</strong></span> <span class='ocrx_word' id='word_1_32' title='bbox 1234 674 1388 755; x_wconf 87' lang='lat' dir='ltr'><strong>quod</strong></span> <span class='ocrx_word' id='word_1_33' title='bbox 1410 678 1560 735; x_wconf 95' lang='lat' dir='ltr'><strong>sicut</strong></span> <span class='ocrx_word' id='word_1_34' title='bbox 1580 689 1685 754; x_wconf 91' lang='lat' dir='ltr'><strong>pro</strong></span> <span class='ocrx_word' id='word_1_35' title='bbox 1707 673 1881 735; x_wconf 90' lang='lat' dir='ltr'><strong>nobis</strong></span> <span class='ocrx_word' id='word_1_36' title='bbox 1907 672 2107 751; x_wconf 82' lang='lat' dir='ltr'><strong>bapti-</strong></span> 
     </span>
    </p>
   </div>
   <div class='ocr_carea' id='block_1_8' title="bbox 461 762 2107 845">
    <p class='ocr_par' dir='ltr' id='par_1_8' title="bbox 461 762 2107 845">
     <span class='ocr_line' id='line_1_8' title="bbox 461 762 2107 845; baseline -0.005 -15"><span class='ocrx_word' id='word_1_37' title='bbox 461 774 643 842; x_wconf 89' lang='lat' dir='ltr'><strong>zatur,</strong></span> <span class='ocrx_word' id='word_1_38' title='bbox 665 784 798 827; x_wconf 92' lang='lat' dir='ltr'><strong>cum</strong></span> <span class='ocrx_word' id='word_1_39' title='bbox 823 764 953 845; x_wconf 89' lang='lat' dir='ltr'><strong>ipse</strong></span> <span class='ocrx_word' id='word_1_40' title='bbox 976 763 1139 825; x_wconf 89' lang='lat' dir='ltr'><strong>nullo</strong></span> <span class='ocrx_word' id='word_1_41' title='bbox 1173 764 1347 826; x_wconf 91' lang='lat' dir='ltr'><strong>modo</strong></span> <span class='ocrx_word' id='word_1_42' title='bbox 1363 762 1439 824; x_wconf 92' lang='lat' dir='ltr'><strong>sit</strong></span> <span class='ocrx_word' id='word_1_43' title='bbox 1462 762 2008 843; x_wconf 87' lang='lat' dir='ltr'><strong>coinquinatus,scd</strong></span> <span class='ocrx_word' id='word_1_44' title='bbox 2043 770 2107 823; x_wconf 87' lang='lat' dir='ltr'><strong>ut</strong></span> 
     </span>
    </p>
   </div>
   <div class='ocr_carea' id='block_1_9' title="bbox 462 853 2108 932">
    <p class='ocr_par' dir='ltr' id='par_1_9' title="bbox 462 853 2108 932">
     <span class='ocr_line' id='line_1_9' title="bbox 462 853 2108 932; baseline -0.004 -12"><span class='ocrx_word' id='word_1_45' title='bbox 462 875 571 919; x_wconf 90' lang='lat' dir='ltr'><strong>nos</strong></span> <span class='ocrx_word' id='word_1_46' title='bbox 601 874 634 918; x_wconf 88' lang='lat' dir='ltr'><strong>a</strong></span> <span class='ocrx_word' id='word_1_47' title='bbox 657 854 936 917; x_wconf 81' lang='lat' dir='ltr'><strong>sordibus</strong></span> <span class='ocrx_word' id='word_1_48' title='bbox 965 853 1282 916; x_wconf 90' lang='lat' dir='ltr'><strong>mundaret</strong></span> <span class='ocrx_word' id='word_1_49' title='bbox 1311 873 1327 931; x_wconf 90' lang='lat'><strong>;</strong></span> <span class='ocrx_word' id='word_1_50' title='bbox 1363 855 1494 914; x_wconf 67' lang='lat'><strong>251</strong></span> <span class='ocrx_word' id='word_1_51' title='bbox 1525 869 1758 915; x_wconf 86' lang='lat' dir='ltr'><strong>necnon</strong></span> <span class='ocrx_word' id='word_1_52' title='bbox 1797 856 2018 932; x_wconf 87' lang='lat' dir='ltr'><strong>patitur</strong></span> <span class='ocrx_word' id='word_1_53' title='bbox 2048 858 2108 913; x_wconf 89' lang='lat' dir='ltr'><strong>et</strong></span> 
     </span>
    </p>
   </div>
   <div class='ocr_carea' id='block_1_10' title="bbox 462 940 2110 1025">
    <p class='ocr_par' dir='ltr' id='par_1_10' title="bbox 462 940 2110 1025">
     <span class='ocr_line' id='line_1_10' title="bbox 462 940 2110 1025; baseline -0.004 -17"><span class='ocrx_word' id='word_1_54' title='bbox 462 944 714 1008; x_wconf 87' lang='lat' dir='ltr'><strong>moritur</strong></span> <span class='ocrx_word' id='word_1_55' title='bbox 729 961 836 1025; x_wconf 89' lang='lat' dir='ltr'><strong>pro</strong></span> <span class='ocrx_word' id='word_1_56' title='bbox 870 942 1062 1018; x_wconf 90' lang='lat' dir='ltr'><strong>nobis,</strong></span> <span class='ocrx_word' id='word_1_57' title='bbox 1088 961 1222 1005; x_wconf 89' lang='lat' dir='ltr'><strong>cum</strong></span> <span class='ocrx_word' id='word_1_58' title='bbox 1256 943 1385 1023; x_wconf 90' lang='lat' dir='ltr'><strong>ipse</strong></span> <span class='ocrx_word' id='word_1_59' title='bbox 1417 960 1535 1005; x_wconf 92' lang='lat' dir='ltr'><strong>non</strong></span> <span class='ocrx_word' id='word_1_60' title='bbox 1559 952 1884 1023; x_wconf 72' lang='lat' dir='ltr'><strong>peccasset,</strong></span> <span class='ocrx_word' id='word_1_61' title='bbox 1905 940 2010 1003; x_wconf 89' lang='lat' dir='ltr'><strong>sed</strong></span> <span class='ocrx_word' id='word_1_62' title='bbox 2047 948 2110 1002; x_wconf 89' lang='lat' dir='ltr'><strong>ut</strong></span> 
     </span>
    </p>
   </div>
   <div class='ocr_carea' id='block_1_11' title="bbox 461 1031 2111 1115">
    <p class='ocr_par' dir='ltr' id='par_1_11' title="bbox 461 1031 2111 1115">
     <span class='ocr_line' id='line_1_11' title="bbox 461 1031 2111 1115; baseline -0.003 -17"><span class='ocrx_word' id='word_1_63' title='bbox 461 1053 617 1098; x_wconf 91' lang='lat' dir='ltr'><strong>nosa</strong></span> <span class='ocrx_word' id='word_1_64' title='bbox 638 1032 895 1115; x_wconf 88' lang='lat' dir='ltr'><strong>peccatis</strong></span> <span class='ocrx_word' id='word_1_65' title='bbox 919 1032 1319 1095; x_wconf 78' lang='lat' dir='ltr'><strong>liberaretzsic</strong></span> <span class='ocrx_word' id='word_1_66' title='bbox 1353 1034 1557 1113; x_wconf 89' lang='lat' dir='ltr'><strong>utique</strong></span> <span class='ocrx_word' id='word_1_67' title='bbox 1579 1031 1755 1095; x_wconf 90' lang='lat' dir='ltr'><strong>etiam</strong></span> <span class='ocrx_word' id='word_1_68' title='bbox 1781 1031 2111 1094; x_wconf 87' lang='lat' dir='ltr'><strong>sanctiﬁcat</strong></span> 
     </span>
    </p>
   </div>
   <div class='ocr_carea' id='block_1_12' title="bbox 458 1120 2111 1206">
    <p class='ocr_par' dir='ltr' id='par_1_12' title="bbox 458 1120 2111 1206">
     <span class='ocr_line' id='line_1_12' title="bbox 458 1120 2111 1206; baseline -0.002 -19"><span class='ocrx_word' id='word_1_69' title='bbox 458 1125 590 1206; x_wconf 90' lang='lat' dir='ltr'><strong>ipse</strong></span> <span class='ocrx_word' id='word_1_70' title='bbox 610 1122 998 1204; x_wconf 87' lang='lat' dir='ltr'><strong>semetipsum</strong></span> <span class='ocrx_word' id='word_1_71' title='bbox 1021 1140 1127 1202; x_wconf 92' lang='lat' dir='ltr'><strong>pro</strong></span> <span class='ocrx_word' id='word_1_72' title='bbox 1154 1122 1733 1204; x_wconf 87' lang='lat' dir='ltr'><strong>nobis,unguentum</strong></span> <span class='ocrx_word' id='word_1_73' title='bbox 1759 1120 1990 1184; x_wconf 84' lang='lat' dir='ltr'><strong>scilicet</strong></span> <span class='ocrx_word' id='word_1_74' title='bbox 2017 1123 2111 1185; x_wconf 88' lang='lat' dir='ltr'><strong>al-</strong></span> 
     </span>
    </p>
   </div>
   <div class='ocr_carea' id='block_1_13' title="bbox 460 1212 2107 1297">
    <p class='ocr_par' dir='ltr' id='par_1_13' title="bbox 460 1212 2107 1297">
     <span class='ocr_line' id='line_1_13' title="bbox 460 1212 2107 1297; baseline -0.002 -19"><span class='ocrx_word' id='word_1_75' title='bbox 460 1224 611 1297; x_wconf 82' lang='lat' dir='ltr'><strong>tare;</strong></span> <span class='ocrx_word' id='word_1_76' title='bbox 639 1233 709 1276; x_wconf 91' lang='lat' dir='ltr'><strong>ac</strong></span> <span class='ocrx_word' id='word_1_77' title='bbox 730 1213 1017 1294; x_wconf 84' lang='lat' dir='ltr'><strong>deinceps</strong></span> <span class='ocrx_word' id='word_1_78' title='bbox 1037 1213 1376 1277; x_wconf 87' lang='lat' dir='ltr'><strong>istiusmodi</strong></span> <span class='ocrx_word' id='word_1_79' title='bbox 1396 1214 1783 1276; x_wconf 83' lang='lat' dir='ltr'><strong>sanctiﬁcatio</strong></span> <span class='ocrx_word' id='word_1_80' title='bbox 1812 1212 2019 1276; x_wconf 83' lang='lat' dir='ltr'><strong>transit</strong></span> <span class='ocrx_word' id='word_1_81' title='bbox 2034 1212 2107 1275; x_wconf 90' lang='lat' dir='ltr'><strong>ad</strong></span> 
     </span>
    </p>
   </div>
   <div class='ocr_carea' id='block_1_14' title="bbox 457 1302 2103 1386">
    <p class='ocr_par' dir='ltr' id='par_1_14' title="bbox 457 1302 2103 1386">
     <span class='ocr_line' id='line_1_14' title="bbox 457 1302 2103 1386; baseline -0.001 -19"><span class='ocrx_word' id='word_1_82' title='bbox 457 1307 700 1386; x_wconf 89' lang='lat' dir='ltr'><strong>nos,qui</strong></span> <span class='ocrx_word' id='word_1_83' title='bbox 720 1304 830 1385; x_wconf 90' lang='lat' dir='ltr'><strong>ipsi</strong></span> <span class='ocrx_word' id='word_1_84' title='bbox 856 1321 962 1384; x_wconf 88' lang='lat' dir='ltr'><strong>per</strong></span> <span class='ocrx_word' id='word_1_85' title='bbox 980 1302 1245 1367; x_wconf 87' lang='lat' dir='ltr'><strong>divinum</strong></span> <span class='ocrx_word' id='word_1_86' title='bbox 1270 1303 1630 1386; x_wconf 87' lang='lat' dir='ltr'><strong>baptismum</strong></span> <span class='ocrx_word' id='word_1_87' title='bbox 1653 1304 1854 1385; x_wconf 86' lang='lat' dir='ltr'><strong>agnati</strong></span> <span class='ocrx_word' id='word_1_88' title='bbox 1876 1321 2103 1367; x_wconf 90' lang='lat' dir='ltr'><strong>sumus.</strong></span> 
     </span>
    </p>
   </div>
   <div class='ocr_carea' id='block_1_15' title="bbox 457 1392 2110 1474">
    <p class='ocr_par' dir='ltr' id='par_1_15' title="bbox 457 1392 2110 1474">
     <span class='ocr_line' id='line_1_15' title="bbox 457 1392 2110 1474; baseline -0.001 -17"><span class='ocrx_word' id='word_1_89' title='bbox 457 1393 749 1468; x_wconf 82' lang='lat' dir='ltr'><strong>Quocirca</strong></span> <span class='ocrx_word' id='word_1_90' title='bbox 778 1392 1115 1456; x_wconf 89' lang='lat' dir='ltr'><strong>istiusmodi</strong></span> <span class='ocrx_word' id='word_1_91' title='bbox 1170 1394 1704 1458; x_wconf 86' lang='lat' dir='ltr'><strong>sanctiﬁcationem</strong></span> <span class='ocrx_word' id='word_1_92' title='bbox 1735 1403 1793 1457; x_wconf 92' lang='lat' dir='ltr'><strong>et</strong></span> <span class='ocrx_word' id='word_1_93' title='bbox 1823 1397 2110 1474; x_wconf 76' lang='lat' dir='ltr'><strong>unguenti</strong></span> 
     </span>
    </p>
   </div>
   <div class='ocr_carea' id='block_1_16' title="bbox 458 1483 2110 1566">
    <p class='ocr_par' dir='ltr' id='par_1_16' title="bbox 458 1483 2110 1566">
     <span class='ocr_line' id='line_1_16' title="bbox 458 1483 2110 1566; baseline -0.001 -18"><span class='ocrx_word' id='word_1_94' title='bbox 458 1483 973 1548; x_wconf 86' lang='lat' dir='ltr'><strong>consecrationem</strong></span> <span class='ocrx_word' id='word_1_95' title='bbox 998 1501 1031 1548; x_wconf 88' lang='lat' dir='ltr'><strong>a</strong></span> <span class='ocrx_word' id='word_1_96' title='bbox 1062 1502 1128 1547; x_wconf 91' lang='lat' dir='ltr'><strong>re</strong></span> <span class='ocrx_word' id='word_1_97' title='bbox 1161 1484 1289 1564; x_wconf 82' lang='lat' dir='ltr'><strong>ipsa</strong></span> <span class='ocrx_word' id='word_1_98' title='bbox 1314 1485 1535 1556; x_wconf 74' lang='grc' dir='ltr'>τελετήν</span> <span class='ocrx_word' id='word_1_99' title='bbox 1558 1484 1899 1566; x_wconf 86' lang='lat' dir='ltr'><strong>appellant;</strong></span> <span class='ocrx_word' id='word_1_100' title='bbox 1933 1494 2110 1547; x_wconf 85' lang='lat' dir='ltr'><strong>antea</strong></span> 
     </span>
    </p>
   </div>
   <div class='ocr_carea' id='block_1_17' title="bbox 464 1572 2105 1657">
    <p class='ocr_par' dir='ltr' id='par_1_17' title="bbox 464 1572 2105 1657">
     <span class='ocr_line' id='line_1_17' title="bbox 464 1572 2105 1657; baseline -0.002 -20"><span class='ocrx_word' id='word_1_101' title='bbox 464 1573 625 1637; x_wconf 88' lang='lat' dir='ltr'><strong>enim</strong></span> <span class='ocrx_word' id='word_1_102' title='bbox 643 1572 1364 1656; x_wconf 85' lang='lat' dir='ltr'><strong>dicebamus,mysterium</strong></span> <span class='ocrx_word' id='word_1_103' title='bbox 1383 1573 1663 1657; x_wconf 65' lang='lat' dir='ltr'><strong>baptismi</strong></span> <span class='ocrx_word' id='word_1_104' title='bbox 1678 1583 1735 1637; x_wconf 88' lang='lat' dir='ltr'><strong>et</strong></span> <span class='ocrx_word' id='word_1_105' title='bbox 1759 1573 2105 1655; x_wconf 83' lang='lat' dir='ltr'><strong>mysterium</strong></span> 
     </span>
    </p>
   </div>
   <div class='ocr_carea' id='block_1_18' title="bbox 460 1662 2108 1745">
    <p class='ocr_par' dir='ltr' id='par_1_18' title="bbox 460 1662 2108 1745">
     <span class='ocr_line' id='line_1_18' title="bbox 460 1662 2108 1745; baseline -0.001 -19"><span class='ocrx_word' id='word_1_106' title='bbox 460 1681 773 1745; x_wconf 80' lang='lat' dir='ltr'><strong>synaxeos,</strong></span> <span class='ocrx_word' id='word_1_107' title='bbox 798 1662 898 1726; x_wconf 88' lang='lat' dir='ltr'><strong>hic</strong></span> <span class='ocrx_word' id='word_1_108' title='bbox 937 1682 1076 1726; x_wconf 76' lang='lat' dir='ltr'><strong>vero</strong></span> <span class='ocrx_word' id='word_1_109' title='bbox 1109 1664 1455 1745; x_wconf 79' lang='lat' dir='ltr'><strong>mysterium</strong></span> <span class='ocrx_word' id='word_1_110' title='bbox 1489 1665 1959 1728; x_wconf 84' lang='lat' dir='ltr'><strong>consecrationis</strong></span> <span class='ocrx_word' id='word_1_111' title='bbox 1993 1684 2108 1725; x_wconf 85' lang='lat' dir='ltr'><strong>un-</strong></span> 
     </span>
    </p>
   </div>
   <div class='ocr_carea' id='block_1_19' title="bbox 459 1753 2105 1837">
    <p class='ocr_par' dir='ltr' id='par_1_19' title="bbox 459 1753 2105 1837">
     <span class='ocr_line' id='line_1_19' title="bbox 459 1753 2105 1837; baseline -0.001 -20"><span class='ocrx_word' id='word_1_112' title='bbox 459 1754 689 1836; x_wconf 87' lang='lat' dir='ltr'><strong>guenti.</strong></span> <span class='ocrx_word' id='word_1_113' title='bbox 727 1753 790 1817; x_wconf 89' lang='lat' dir='ltr'><strong>Si</strong></span> <span class='ocrx_word' id='word_1_114' title='bbox 823 1755 1020 1836; x_wconf 88' lang='lat' dir='ltr'><strong>itaque</strong></span> <span class='ocrx_word' id='word_1_115' title='bbox 1052 1754 1390 1818; x_wconf 84' lang='lat' dir='ltr'><strong>diceremus</strong></span> <span class='ocrx_word' id='word_1_116' title='bbox 1426 1756 1769 1837; x_wconf 83' lang='lat' dir='ltr'><strong>mysterium</strong></span> <span class='ocrx_word' id='word_1_117' title='bbox 1796 1757 2105 1834; x_wconf 79' lang='lat' dir='ltr'><strong>unguenti,</strong></span> 
     </span>
    </p>
   </div>
   <div class='ocr_carea' id='block_1_20' title="bbox 2189 590 3838 673">
    <p class='ocr_par' dir='ltr' id='par_1_20' title="bbox 2189 590 3838 673">
     <span class='ocr_line' id='line_1_20' title="bbox 2189 590 3838 673; baseline 0.003 -29"><span class='ocrx_word' id='word_1_118' title='bbox 2189 596 2333 660; x_wconf 81' lang='grc' dir='ltr'>ζεται</span> <span class='ocrx_word' id='word_1_119' title='bbox 2398 590 2527 671; x_wconf 76' lang='grc' dir='ltr'>ὑπὲρ</span> <span class='ocrx_word' id='word_1_120' title='bbox 2581 593 2760 668; x_wconf 76' lang='grc' dir='ltr'>ἡμῶν,</span> <span class='ocrx_word' id='word_1_121' title='bbox 2827 594 2922 650; x_wconf 77' lang='grc' dir='ltr'><strong>οὒκ</strong></span> <span class='ocrx_word' id='word_1_122' title='bbox 3000 594 3154 660; x_wconf 72' lang='grc' dir='ltr'>αὐτὸς</span> <span class='ocrx_word' id='word_1_123' title='bbox 3213 592 3577 673; x_wconf 74' lang='grc' dir='ltr'>ἔρρυπωμὲνος</span> <span class='ocrx_word' id='word_1_124' title='bbox 3640 593 3715 650; x_wconf 77' lang='grc' dir='ltr'>ὢν</span> <span class='ocrx_word' id='word_1_125' title='bbox 3774 593 3838 649; x_wconf 73' lang='grc' dir='ltr'>τὸ</span> 
     </span>
    </p>
   </div>
   <div class='ocr_carea' id='block_1_21' title="bbox 2188 678 3839 762">
    <p class='ocr_par' dir='ltr' id='par_1_21' title="bbox 2188 678 3839 762">
     <span class='ocr_line' id='line_1_21' title="bbox 2188 678 3839 762; baseline 0.003 -28"><span class='ocrx_word' id='word_1_126' title='bbox 2188 678 2444 756; x_wconf 79' lang='grc' dir='ltr'>σύνολον,</span> <span class='ocrx_word' id='word_1_127' title='bbox 2503 679 2623 737; x_wconf 82' lang='grc' dir='ltr'>ἀλλ’</span> <span class='ocrx_word' id='word_1_128' title='bbox 2690 684 2836 752; x_wconf 76' lang='grc' dir='ltr'>ἡμᾶς</span> <span class='ocrx_word' id='word_1_129' title='bbox 2910 682 3235 761; x_wconf 78' lang='grc' dir='ltr'><strong>ἐκκαθαίρων</strong></span> <span class='ocrx_word' id='word_1_130' title='bbox 3308 690 3411 741; x_wconf 79' lang='grc' dir='ltr'><strong>τῶν</strong></span> <span class='ocrx_word' id='word_1_131' title='bbox 3489 684 3690 762; x_wconf 83' lang='grc' dir='ltr'><strong>ῥύπων,</strong></span> <span class='ocrx_word' id='word_1_132' title='bbox 3749 681 3839 739; x_wconf 76' lang='grc' dir='ltr'><strong>καὶ</strong></span> 
     </span>
    </p>
   </div>
   <div class='ocr_carea' id='block_1_22' title="bbox 2187 769 3837 854">
    <p class='ocr_par' dir='ltr' id='par_1_22' title="bbox 2187 769 3837 854">
     <span class='ocr_line' id='line_1_22' title="bbox 2187 769 3837 854; baseline 0.004 -29"><span class='ocrx_word' id='word_1_133' title='bbox 2187 769 2390 850; x_wconf 84' lang='grc' dir='ltr'><strong>πάσχει</strong></span> <span class='ocrx_word' id='word_1_134' title='bbox 2450 772 2539 827; x_wconf 83' lang='grc' dir='ltr'><strong>καὶ</strong></span> <span class='ocrx_word' id='word_1_135' title='bbox 2567 772 2779 842; x_wconf 79' lang='grc' dir='ltr'><strong>θνήσκει</strong></span> <span class='ocrx_word' id='word_1_136' title='bbox 2832 771 2961 850; x_wconf 76' lang='grc' dir='ltr'>ὑπὲρ</span> <span class='ocrx_word' id='word_1_137' title='bbox 3003 775 3184 853; x_wconf 67' lang='grc' dir='ltr'>ἡμῶν,</span> <span class='ocrx_word' id='word_1_138' title='bbox 3219 775 3323 854; x_wconf 75' lang='grc' dir='ltr'><strong>οὔχ</strong></span> <span class='ocrx_word' id='word_1_139' title='bbox 3359 774 3608 853; x_wconf 81' lang='grc' dir='ltr'>ἁμαρτὼν</span> <span class='ocrx_word' id='word_1_140' title='bbox 3655 773 3837 851; x_wconf 72' lang='grc' dir='ltr'>αὐτὸς,</span> 
     </span>
    </p>
   </div>
   <div class='ocr_carea' id='block_1_23' title="bbox 2190 856 3841 941">
    <p class='ocr_par' dir='ltr' id='par_1_23' title="bbox 2190 856 3841 941">
     <span class='ocr_line' id='line_1_23' title="bbox 2190 856 3841 941; baseline 0.002 -28"><span class='ocrx_word' id='word_1_141' title='bbox 2190 856 2309 914; x_wconf 73' lang='grc' dir='ltr'>ἀλλ’</span> <span class='ocrx_word' id='word_1_142' title='bbox 2363 861 2505 935; x_wconf 78' lang='grc' dir='ltr'>ἡμᾶς</span> <span class='ocrx_word' id='word_1_143' title='bbox 2562 862 2661 929; x_wconf 77' lang='grc' dir='ltr'>τῆς</span> <span class='ocrx_word' id='word_1_144' title='bbox 2719 862 2976 941; x_wconf 84' lang='grc' dir='ltr'>ἁμαρτίας</span> <span class='ocrx_word' id='word_1_145' title='bbox 3026 861 3397 940; x_wconf 71' lang='grc' dir='ltr'><strong>λυτρούμενος*</strong></span> <span class='ocrx_word' id='word_1_146' title='bbox 3460 862 3598 921; x_wconf 67' lang='grc' dir='ltr'>οὕτω</span> <span class='ocrx_word' id='word_1_147' title='bbox 3644 860 3709 930; x_wconf 78' lang='grc' dir='ltr'>δὴ</span> <span class='ocrx_word' id='word_1_148' title='bbox 3752 857 3841 917; x_wconf 80' lang='grc' dir='ltr'>καὶ</span> 
     </span>
    </p>
   </div>
   <div class='ocr_carea' id='block_1_24' title="bbox 2192 948 3843 1032">
    <p class='ocr_par' dir='ltr' id='par_1_24' title="bbox 2192 948 3843 1032">
     <span class='ocr_line' id='line_1_24' title="bbox 2192 948 3843 1032; baseline 0.001 -28"><span class='ocrx_word' id='word_1_149' title='bbox 2192 948 2396 1027; x_wconf 79' lang='grc' dir='ltr'>ἁγιάζει</span> <span class='ocrx_word' id='word_1_150' title='bbox 2451 949 2609 1014; x_wconf 71' lang='grc' dir='ltr'>αὐτὸς</span> <span class='ocrx_word' id='word_1_151' title='bbox 2669 952 2859 1009; x_wconf 83' lang='grc' dir='ltr'>ἑαυτὸν</span> <span class='ocrx_word' id='word_1_152' title='bbox 2921 953 3050 1032; x_wconf 80' lang='grc' dir='ltr'>ὑπὲρ</span> <span class='ocrx_word' id='word_1_153' title='bbox 3103 955 3281 1029; x_wconf 74' lang='grc' dir='ltr'>ἡμῶν,</span> <span class='ocrx_word' id='word_1_154' title='bbox 3313 956 3375 1011; x_wconf 83' lang='grc' dir='ltr'>τὸ</span> <span class='ocrx_word' id='word_1_155' title='bbox 3424 954 3586 1032; x_wconf 77' lang='grc' dir='ltr'>μύρον</span> <span class='ocrx_word' id='word_1_156' title='bbox 3636 949 3843 1020; x_wconf 67' lang='grc' dir='ltr'>δηλαδὴ</span> 
     </span>
    </p>
   </div>
   <div class='ocr_carea' id='block_1_25' title="bbox 2191 1040 3844 1122">
    <p class='ocr_par' dir='ltr' id='par_1_25' title="bbox 2191 1040 3844 1122">
     <span class='ocr_line' id='line_1_25' title="bbox 2191 1040 3844 1122; baseline 0.005 -27"><span class='ocrx_word' id='word_1_157' title='bbox 2191 1041 2252 1096; x_wconf 79' lang='grc' dir='ltr'>τὸ</span> <span class='ocrx_word' id='word_1_158' title='bbox 2307 1040 2698 1120; x_wconf 55' lang='grc' dir='ltr'>θυσιαστήριον</span> <span class='ocrx_word' id='word_1_159' title='bbox 2735 1043 2825 1100; x_wconf 83' lang='grc' dir='ltr'><strong>καὶ</strong></span> <span class='ocrx_word' id='word_1_160' title='bbox 2872 1041 3059 1101; x_wconf 80' lang='grc' dir='ltr'>λοιπὸν</span> <span class='ocrx_word' id='word_1_161' title='bbox 3092 1046 3120 1101; x_wconf 80' lang='grc' dir='ltr'>ὁ</span> <span class='ocrx_word' id='word_1_162' title='bbox 3178 1053 3414 1110; x_wconf 81' lang='grc' dir='ltr'>τοιοῦτος</span> <span class='ocrx_word' id='word_1_163' title='bbox 3443 1044 3708 1122; x_wconf 73' lang='grc' dir='ltr'>ἁγιασμὸς</span> <span class='ocrx_word' id='word_1_164' title='bbox 3766 1042 3844 1104; x_wconf 76' lang='grc' dir='ltr'>εἱς</span> 
     </span>
    </p>
   </div>
   <div class='ocr_carea' id='block_1_26' title="bbox 2194 1127 3846 1214">
    <p class='ocr_par' dir='ltr' id='par_1_26' title="bbox 2194 1127 3846 1214">
     <span class='ocr_line' id='line_1_26' title="bbox 2194 1127 3846 1214; baseline 0.001 -29"><span class='ocrx_word' id='word_1_165' title='bbox 2194 1132 2339 1204; x_wconf 73' lang='grc' dir='ltr'>ἡμᾶς</span> <span class='ocrx_word' id='word_1_166' title='bbox 2396 1127 2648 1188; x_wconf 84' lang='grc' dir='ltr'>διαϐαίνει</span> <span class='ocrx_word' id='word_1_167' title='bbox 2711 1135 3014 1212; x_wconf 68' lang='grc' dir='ltr'>συμφύτους</span> <span class='ocrx_word' id='word_1_168' title='bbox 3071 1132 3358 1214; x_wconf 76' lang='grc' dir='ltr'>γεγονότας</span> <span class='ocrx_word' id='word_1_169' title='bbox 3414 1134 3557 1208; x_wconf 77' lang='grc' dir='ltr'><strong>αὖτῷ</strong></span> <span class='ocrx_word' id='word_1_170' title='bbox 3608 1131 3693 1190; x_wconf 74' lang='grc' dir='ltr'><strong>διὰ</strong></span> <span class='ocrx_word' id='word_1_171' title='bbox 3753 1131 3846 1188; x_wconf 75' lang='grc' dir='ltr'><strong>τοῦ</strong></span> 
     </span>
    </p>
   </div>
   <div class='ocr_carea' id='block_1_27' title="bbox 2189 1220 3847 1301">
    <p class='ocr_par' dir='ltr' id='par_1_27' title="bbox 2189 1220 3847 1301">
     <span class='ocr_line' id='line_1_27' title="bbox 2189 1220 3847 1301; baseline 0.002 -25"><span class='ocrx_word' id='word_1_172' title='bbox 2189 1220 2329 1278; x_wconf 81' lang='grc' dir='ltr'>θείου</span> <span class='ocrx_word' id='word_1_173' title='bbox 2360 1220 2758 1298; x_wconf 76' lang='grc' dir='ltr'>βαπτίσματος.</span> <span class='ocrx_word' id='word_1_174' title='bbox 2827 1223 2925 1280; x_wconf 81' lang='grc' dir='ltr'>Διὰ</span> <span class='ocrx_word' id='word_1_175' title='bbox 2981 1231 3138 1283; x_wconf 78' lang='grc' dir='ltr'>τοῦτο</span> <span class='ocrx_word' id='word_1_176' title='bbox 3193 1224 3293 1292; x_wconf 78' lang='grc' dir='ltr'>τὴν</span> <span class='ocrx_word' id='word_1_177' title='bbox 3334 1224 3585 1291; x_wconf 79' lang='grc' dir='ltr'>τοιαύτην</span> <span class='ocrx_word' id='word_1_178' title='bbox 3639 1226 3847 1301; x_wconf 78' lang='grc' dir='ltr'>ἱερουρ-</span> 
     </span>
    </p>
   </div>
   <div class='ocr_carea' id='block_1_28' title="bbox 2189 1310 3844 1394">
    <p class='ocr_par' dir='ltr' id='par_1_28' title="bbox 2189 1310 3844 1394">
     <span class='ocr_line' id='line_1_28' title="bbox 2189 1310 3844 1394; baseline 0.002 -28"><span class='ocrx_word' id='word_1_179' title='bbox 2189 1311 2332 1389; x_wconf 81' lang='grc' dir='ltr'>γίαν,</span> <span class='ocrx_word' id='word_1_180' title='bbox 2366 1311 2452 1368; x_wconf 81' lang='grc' dir='ltr'><strong>καὶ</strong></span> <span class='ocrx_word' id='word_1_181' title='bbox 2507 1312 2674 1391; x_wconf 81' lang='grc' dir='ltr'>μύρου</span> <span class='ocrx_word' id='word_1_182' title='bbox 2716 1310 2939 1381; x_wconf 76' lang='grc' dir='ltr'>τελετὴν</span> <span class='ocrx_word' id='word_1_183' title='bbox 2996 1313 3049 1380; x_wconf 76' lang='grc' dir='ltr'>ἒξ</span> <span class='ocrx_word' id='word_1_184' title='bbox 3082 1314 3241 1371; x_wconf 80' lang='grc' dir='ltr'><strong>αὺτοῦ</strong></span> <span class='ocrx_word' id='word_1_185' title='bbox 3283 1314 3667 1394; x_wconf 79' lang='grc' dir='ltr'>πραγματικῶς</span> <span class='ocrx_word' id='word_1_186' title='bbox 3715 1314 3844 1369; x_wconf 66' lang='grc' dir='ltr'>ξονο-</span> 
     </span>
    </p>
   </div>
   <div class='ocr_carea' id='block_1_29' title="bbox 2192 1400 3843 1484">
    <p class='ocr_par' dir='ltr' id='par_1_29' title="bbox 2192 1400 3843 1484">
     <span class='ocr_line' id='line_1_29' title="bbox 2192 1400 3843 1484; baseline 0.002 -27"><span class='ocrx_word' id='word_1_187' title='bbox 2192 1401 2465 1476; x_wconf 81' lang='grc' dir='ltr'>μάξουσιν’</span> <span class='ocrx_word' id='word_1_188' title='bbox 2516 1400 2810 1481; x_wconf 80' lang='grc' dir='ltr'>ἔμπροσθεν</span> <span class='ocrx_word' id='word_1_189' title='bbox 2867 1404 2967 1483; x_wconf 77' lang='grc' dir='ltr'><strong>γὰρ</strong></span> <span class='ocrx_word' id='word_1_190' title='bbox 3024 1402 3279 1481; x_wconf 81' lang='grc' dir='ltr'>ἐλέγομεν</span> <span class='ocrx_word' id='word_1_191' title='bbox 3329 1405 3618 1483; x_wconf 68' lang='grc' dir='ltr'>μυστήριον</span> <span class='ocrx_word' id='word_1_192' title='bbox 3671 1406 3843 1484; x_wconf 78' lang='grc' dir='ltr'>φωτί-</span> 
     </span>
    </p>
   </div>
   <div class='ocr_carea' id='block_1_30' title="bbox 2192 1492 3844 1573">
    <p class='ocr_par' dir='ltr' id='par_1_30' title="bbox 2192 1492 3844 1573">
     <span class='ocr_line' id='line_1_30' title="bbox 2192 1492 3844 1573; baseline 0.002 -27"><span class='ocrx_word' id='word_1_193' title='bbox 2192 1512 2393 1565; x_wconf 84' lang='grc' dir='ltr'>σματος</span> <span class='ocrx_word' id='word_1_194' title='bbox 2449 1493 2538 1550; x_wconf 82' lang='grc' dir='ltr'>καὶ</span> <span class='ocrx_word' id='word_1_195' title='bbox 2596 1494 2886 1573; x_wconf 82' lang='grc' dir='ltr'>μυστήριον</span> <span class='ocrx_word' id='word_1_196' title='bbox 2947 1492 3231 1570; x_wconf 79' lang='grc' dir='ltr'>συνάξεως,</span> <span class='ocrx_word' id='word_1_197' title='bbox 3264 1494 3488 1551; x_wconf 71' lang='grc' dir='ltr'>ἐνταῦθα</span> <span class='ocrx_word' id='word_1_198' title='bbox 3517 1492 3571 1550; x_wconf 75' lang='grc' dir='ltr'><strong>δὲ</strong></span> <span class='ocrx_word' id='word_1_199' title='bbox 3629 1494 3844 1569; x_wconf 58' lang='grc' dir='ltr'>μυστή-</span> 
     </span>
    </p>
   </div>
   <div class='ocr_carea' id='block_1_31' title="bbox 2191 1580 3846 1664">
    <p class='ocr_par' dir='ltr' id='par_1_31' title="bbox 2191 1580 3846 1664">
     <span class='ocr_line' id='line_1_31' title="bbox 2191 1580 3846 1664; baseline 0.001 -26"><span class='ocrx_word' id='word_1_200' title='bbox 2191 1604 2300 1659; x_wconf 85' lang='grc' dir='ltr'>ριον</span> <span class='ocrx_word' id='word_1_201' title='bbox 2354 1580 2574 1651; x_wconf 80' lang='grc' dir='ltr'>τελετῆς</span> <span class='ocrx_word' id='word_1_202' title='bbox 2603 1584 2788 1661; x_wconf 76' lang='grc' dir='ltr'>μύρου.</span> <span class='ocrx_word' id='word_1_203' title='bbox 2848 1586 2907 1642; x_wconf 77' lang='grc' dir='ltr'>Εἰ</span> <span class='ocrx_word' id='word_1_204' title='bbox 2938 1592 3066 1662; x_wconf 82' lang='grc' dir='ltr'>γοῦν</span> <span class='ocrx_word' id='word_1_205' title='bbox 3112 1584 3368 1664; x_wconf 74' lang='grc' dir='ltr'>ἐλέγομεν</span> <span class='ocrx_word' id='word_1_206' title='bbox 3405 1586 3694 1664; x_wconf 74' lang='grc' dir='ltr'>μυστήριον</span> <span class='ocrx_word' id='word_1_207' title='bbox 3737 1585 3846 1660; x_wconf 73' lang='grc' dir='ltr'><strong>μύ-</strong></span> 
     </span>
    </p>
   </div>
   <div class='ocr_carea' id='block_1_32' title="bbox 2192 1670 3843 1753">
    <p class='ocr_par' dir='ltr' id='par_1_32' title="bbox 2192 1670 3843 1753">
     <span class='ocr_line' id='line_1_32' title="bbox 2192 1670 3843 1753; baseline 0.002 -26"><span class='ocrx_word' id='word_1_208' title='bbox 2192 1693 2306 1752; x_wconf 70' lang='grc' dir='ltr'>ρου,</span> <span class='ocrx_word' id='word_1_209' title='bbox 2353 1670 2605 1750; x_wconf 77' lang='grc' dir='ltr'>ἐλέγομεν</span> <span class='ocrx_word' id='word_1_210' title='bbox 2667 1671 2729 1729; x_wconf 78' lang='grc' dir='ltr'><strong>ἂν</strong></span> <span class='ocrx_word' id='word_1_211' title='bbox 2789 1672 3079 1752; x_wconf 69' lang='grc' dir='ltr'>μυστήριον</span> <span class='ocrx_word' id='word_1_212' title='bbox 3134 1674 3381 1753; x_wconf 73' lang='grc' dir='ltr'><strong>Χριστοίῖ³</strong></span> <span class='ocrx_word' id='word_1_213' title='bbox 3428 1674 3592 1752; x_wconf 82' lang='grc' dir='ltr'>μύρον</span> <span class='ocrx_word' id='word_1_214' title='bbox 3657 1674 3756 1751; x_wconf 77' lang='grc' dir='ltr'>γὰρ</span> <span class='ocrx_word' id='word_1_215' title='bbox 3815 1676 3843 1730; x_wconf 82' lang='grc' dir='ltr'><strong>ὁ</strong></span> 
     </span>
    </p>
   </div>
   <div class='ocr_carea' id='block_1_33' title="bbox 2192 1761 3845 1842">
    <p class='ocr_par' dir='ltr' id='par_1_33' title="bbox 2192 1761 3845 1842">
     <span class='ocr_line' id='line_1_33' title="bbox 2192 1761 3845 1842; baseline 0.001 -24"><span class='ocrx_word' id='word_1_216' title='bbox 2192 1761 2440 1839; x_wconf 76' lang='grc' dir='ltr'>Χριστός’</span> <span class='ocrx_word' id='word_1_217' title='bbox 2506 1761 2643 1818; x_wconf 80' lang='grc' dir='ltr'>ἀλλὰ</span> <span class='ocrx_word' id='word_1_218' title='bbox 2698 1764 2987 1840; x_wconf 79' lang='grc' dir='ltr'>μυστήριον</span> <span class='ocrx_word' id='word_1_219' title='bbox 3045 1762 3266 1831; x_wconf 75' lang='grc' dir='ltr'>τελετῆς</span> <span class='ocrx_word' id='word_1_220' title='bbox 3325 1764 3511 1842; x_wconf 74' lang='grc' dir='ltr'>μύρου,</span> <span class='ocrx_word' id='word_1_221' title='bbox 3544 1764 3619 1827; x_wconf 81' lang='grc' dir='ltr'>ὡς</span> <span class='ocrx_word' id='word_1_222' title='bbox 3647 1762 3710 1819; x_wconf 77' lang='grc' dir='ltr'><strong>ἄν</strong></span> <span class='ocrx_word' id='word_1_223' title='bbox 3760 1786 3845 1829; x_wconf 87' lang='grc' dir='ltr'><strong>τις</strong></span> 
     </span>
    </p>
   </div>
   <div class='ocr_carea' id='block_1_34' title="bbox 460 1844 2108 1930">
    <p class='ocr_par' dir='ltr' id='par_1_34' title="bbox 460 1844 2105 1927">
     <span class='ocr_line' id='line_1_34' title="bbox 460 1844 2105 1927; baseline 0.001 -20"><span class='ocrx_word' id='word_1_224' title='bbox 460 1844 805 1908; x_wconf 89' lang='lat' dir='ltr'><strong>diceremus</strong></span> <span class='ocrx_word' id='word_1_225' title='bbox 834 1850 1040 1926; x_wconf 89' lang='lat' dir='ltr'><strong>utique</strong></span> <span class='ocrx_word' id='word_1_226' title='bbox 1071 1846 1412 1926; x_wconf 88' lang='lat' dir='ltr'><strong>mysterium</strong></span> <span class='ocrx_word' id='word_1_227' title='bbox 1465 1845 1705 1923; x_wconf 85' lang='lat' dir='ltr'><strong>Christi,</strong></span> <span class='ocrx_word' id='word_1_228' title='bbox 1742 1855 2105 1927; x_wconf 81' lang='lat' dir='ltr'><strong>unguentum</strong></span> 
     </span>
    </p>
   </div>
   <div class='ocr_carea' id='block_1_35' title="bbox 2192 1844 3847 1930">
    <p class='ocr_par' dir='ltr' id='par_1_35' title="bbox 2192 1850 3847 1930">
     <span class='ocr_line' id='line_1_35' title="bbox 2192 1850 3847 1930; baseline 0.003 -23"><span class='ocrx_word' id='word_1_229' title='bbox 2192 1850 2343 1930; x_wconf 72' lang='grc' dir='ltr'>φαίη,</span> <span class='ocrx_word' id='word_1_230' title='bbox 2376 1853 2664 1928; x_wconf 78' lang='grc' dir='ltr'>μυστήριον</span> <span class='ocrx_word' id='word_1_231' title='bbox 2694 1850 2913 1921; x_wconf 73' lang='grc' dir='ltr'>τελετῆς</span> <span class='ocrx_word' id='word_1_232' title='bbox 2950 1852 3103 1914; x_wconf 82' lang='grc' dir='ltr'><strong>Θεοῦ.</strong></span> <span class='ocrx_word' id='word_1_233' title='bbox 3136 1852 3287 1909; x_wconf 81' lang='grc' dir='ltr'>Ἐπεὶ</span> <span class='ocrx_word' id='word_1_234' title='bbox 3318 1850 3373 1908; x_wconf 81' lang='grc' dir='ltr'><strong>δὲ</strong></span> <span class='ocrx_word' id='word_1_235' title='bbox 3415 1851 3604 1921; x_wconf 81' lang='grc' dir='ltr'>τελετῆ</span> <span class='ocrx_word' id='word_1_236' title='bbox 3633 1854 3722 1909; x_wconf 83' lang='grc' dir='ltr'>καὶ</span> <span class='ocrx_word' id='word_1_237' title='bbox 3752 1863 3847 1912; x_wconf 81' lang='grc' dir='ltr'><strong>τοῦ</strong></span> 
     </span>
    </p>
   </div>
   <div class='ocr_carea' id='block_1_36' title="bbox 460 1934 2107 2016">
    <p class='ocr_par' dir='ltr' id='par_1_36' title="bbox 460 1934 2107 2016">
     <span class='ocr_line' id='line_1_36' title="bbox 460 1934 2107 2016; baseline -0.002 -17"><span class='ocrx_word' id='word_1_238' title='bbox 460 1936 618 1999; x_wconf 89' lang='lat' dir='ltr'><strong>enim</strong></span> <span class='ocrx_word' id='word_1_239' title='bbox 630 1934 928 2012; x_wconf 85' lang='lat' dir='ltr'><strong>Christus;</strong></span> <span class='ocrx_word' id='word_1_240' title='bbox 951 1934 1056 1997; x_wconf 90' lang='lat' dir='ltr'><strong>sed</strong></span> <span class='ocrx_word' id='word_1_241' title='bbox 1081 1934 1337 1998; x_wconf 87' lang='lat' dir='ltr'><strong>dicimus</strong></span> <span class='ocrx_word' id='word_1_242' title='bbox 1359 1936 1700 2016; x_wconf 80' lang='lat' dir='ltr'><strong>mysterium</strong></span> <span class='ocrx_word' id='word_1_243' title='bbox 1716 1937 2107 1999; x_wconf 63' lang='lat' dir='ltr'><strong>consecratio.</strong></span> 
     </span>
    </p>
   </div>
   <div class='ocr_carea' id='block_1_37' title="bbox 461 2024 2109 2106">
    <p class='ocr_par' dir='ltr' id='par_1_37' title="bbox 461 2024 2109 2106">
     <span class='ocr_line' id='line_1_37' title="bbox 461 2024 2109 2106; baseline 0 -19"><span class='ocrx_word' id='word_1_244' title='bbox 461 2025 556 2087; x_wconf 92' lang='lat' dir='ltr'><strong>nis</strong></span> <span class='ocrx_word' id='word_1_245' title='bbox 607 2030 918 2103; x_wconf 84' lang='lat' dir='ltr'><strong>unguenti,</strong></span> <span class='ocrx_word' id='word_1_246' title='bbox 954 2024 1201 2105; x_wconf 89' lang='lat' dir='ltr'><strong>perinde</strong></span> <span class='ocrx_word' id='word_1_247' title='bbox 1231 2044 1300 2086; x_wconf 92' lang='lat' dir='ltr'><strong>ac</strong></span> <span class='ocrx_word' id='word_1_248' title='bbox 1332 2026 1383 2086; x_wconf 89' lang='lat' dir='ltr'><strong>si</strong></span> <span class='ocrx_word' id='word_1_249' title='bbox 1412 2026 1545 2105; x_wconf 81' lang='lat' dir='ltr'><strong>quis</strong></span> <span class='ocrx_word' id='word_1_250' title='bbox 1577 2024 1734 2087; x_wconf 87' lang='lat' dir='ltr'><strong>dicat</strong></span> <span class='ocrx_word' id='word_1_251' title='bbox 1764 2027 2109 2106; x_wconf 88' lang='lat' dir='ltr'><strong>mysterium</strong></span> 
     </span>
    </p>
   </div>
   <div class='ocr_carea' id='block_1_38' title="bbox 459 2112 2111 2179">
    <p class='ocr_par' dir='ltr' id='par_1_38' title="bbox 459 2112 2111 2179">
     <span class='ocr_line' id='line_1_38' title="bbox 459 2112 2111 2179; baseline 0 -1"><span class='ocrx_word' id='word_1_252' title='bbox 459 2112 934 2178; x_wconf 84' lang='lat' dir='ltr'><strong>consecrationis</strong></span> <span class='ocrx_word' id='word_1_253' title='bbox 959 2112 1084 2177; x_wconf 88' lang='lat' dir='ltr'><strong>Dei.</strong></span> <span class='ocrx_word' id='word_1_254' title='bbox 1102 2116 1249 2177; x_wconf 89' lang='lat' dir='ltr'><strong>Cum</strong></span> <span class='ocrx_word' id='word_1_255' title='bbox 1273 2133 1413 2177; x_wconf 88' lang='lat' dir='ltr'><strong>vero</strong></span> <span class='ocrx_word' id='word_1_256' title='bbox 1440 2115 1813 2179; x_wconf 88' lang='lat' dir='ltr'><strong>consecratio</strong></span> <span class='ocrx_word' id='word_1_257' title='bbox 1840 2124 1955 2177; x_wconf 87' lang='lat' dir='ltr'><strong>tam</strong></span> <span class='ocrx_word' id='word_1_258' title='bbox 1975 2134 2111 2178; x_wconf 85' lang='lat' dir='ltr'><strong>con-</strong></span> 
     </span>
    </p>
   </div>
   <div class='ocr_carea' id='block_1_39' title="bbox 464 2203 2112 2287">
    <p class='ocr_par' dir='ltr' id='par_1_39' title="bbox 464 2203 2112 2287">
     <span class='ocr_line' id='line_1_39' title="bbox 464 2203 2112 2287; baseline 0.001 -20"><span class='ocrx_word' id='word_1_259' title='bbox 464 2203 755 2267; x_wconf 87' lang='lat' dir='ltr'><strong>secrantis</strong></span> <span class='ocrx_word' id='word_1_260' title='bbox 779 2221 953 2285; x_wconf 91' lang='lat' dir='ltr'><strong>quam</strong></span> <span class='ocrx_word' id='word_1_261' title='bbox 988 2205 1322 2268; x_wconf 81' lang='lat' dir='ltr'><strong>consecrati</strong></span> <span class='ocrx_word' id='word_1_262' title='bbox 1352 2206 1601 2282; x_wconf 84' lang='lat' dir='ltr'><strong>dicatur,</strong></span> <span class='ocrx_word' id='word_1_263' title='bbox 1639 2214 1890 2287; x_wconf 88' lang='lat' dir='ltr'><strong>utroque</strong></span> <span class='ocrx_word' id='word_1_264' title='bbox 1927 2224 2112 2269; x_wconf 90' lang='lat' dir='ltr'><strong>sensu</strong></span> 
     </span>
    </p>
   </div>
   <div class='ocr_carea' id='block_1_40' title="bbox 460 2294 2109 2377">
    <p class='ocr_par' dir='ltr' id='par_1_40' title="bbox 460 2294 2109 2377">
     <span class='ocr_line' id='line_1_40' title="bbox 460 2294 2109 2377; baseline 0 -19"><span class='ocrx_word' id='word_1_265' title='bbox 460 2294 616 2358; x_wconf 86' lang='lat' dir='ltr'><strong>hanc</strong></span> <span class='ocrx_word' id='word_1_266' title='bbox 643 2311 844 2361; x_wconf 82' lang='lat' dir='ltr'><strong>vocem</strong></span> <span class='ocrx_word' id='word_1_267' title='bbox 879 2294 1228 2375; x_wconf 88' lang='lat' dir='ltr'><strong>accipimus,</strong></span> <span class='ocrx_word' id='word_1_268' title='bbox 1250 2314 1385 2358; x_wconf 91' lang='lat' dir='ltr'><strong>cum</strong></span> <span class='ocrx_word' id='word_1_269' title='bbox 1419 2314 1523 2377; x_wconf 91' lang='lat' dir='ltr'><strong>pro</strong></span> <span class='ocrx_word' id='word_1_270' title='bbox 1558 2315 1626 2358; x_wconf 90' lang='lat' dir='ltr'><strong>eo</strong></span> <span class='ocrx_word' id='word_1_271' title='bbox 1658 2295 1813 2377; x_wconf 91' lang='lat' dir='ltr'><strong>quod</strong></span> <span class='ocrx_word' id='word_1_272' title='bbox 1847 2297 2109 2359; x_wconf 90' lang='lat' dir='ltr'><strong>humano</strong></span> 
     </span>
    </p>
   </div>
   <div class='ocr_carea' id='block_1_41' title="bbox 463 2382 2105 2468">
    <p class='ocr_par' dir='ltr' id='par_1_41' title="bbox 463 2382 2105 2468">
     <span class='ocr_line' id='line_1_41' title="bbox 463 2382 2105 2468; baseline 0.002 -22"><span class='ocrx_word' id='word_1_273' title='bbox 463 2402 629 2446; x_wconf 88' lang='lat' dir='ltr'><strong>more</strong></span> <span class='ocrx_word' id='word_1_274' title='bbox 650 2401 686 2445; x_wconf 86' lang='lat' dir='ltr'><strong>a</strong></span> <span class='ocrx_word' id='word_1_275' title='bbox 712 2382 887 2447; x_wconf 90' lang='lat' dir='ltr'><strong>nobis</strong></span> <span class='ocrx_word' id='word_1_276' title='bbox 914 2394 1319 2467; x_wconf 87' lang='lat' dir='ltr'><strong>consecratur,</strong></span> <span class='ocrx_word' id='word_1_277' title='bbox 1348 2394 1471 2448; x_wconf 85' lang='lat' dir='ltr'><strong>tum</strong></span> <span class='ocrx_word' id='word_1_278' title='bbox 1500 2406 1605 2467; x_wconf 91' lang='lat' dir='ltr'><strong>pro</strong></span> <span class='ocrx_word' id='word_1_279' title='bbox 1628 2406 1697 2449; x_wconf 90' lang='lat' dir='ltr'><strong>eo</strong></span> <span class='ocrx_word' id='word_1_280' title='bbox 1724 2386 1881 2468; x_wconf 89' lang='lat' dir='ltr'><strong>quod</strong></span> <span class='ocrx_word' id='word_1_281' title='bbox 1906 2386 2105 2449; x_wconf 91' lang='lat' dir='ltr'><strong>omnia</strong></span> 
     </span>
    </p>
   </div>
   <div class='ocr_carea' id='block_1_42' title="bbox 459 2476 2105 2558">
    <p class='ocr_par' dir='ltr' id='par_1_42' title="bbox 459 2476 2105 2558">
     <span class='ocr_line' id='line_1_42' title="bbox 459 2476 2105 2558; baseline 0.002 -23"><span class='ocrx_word' id='word_1_282' title='bbox 459 2491 591 2558; x_wconf 65' lang='lat' dir='ltr'><strong>qua:</strong></span> <span class='ocrx_word' id='word_1_283' title='bbox 612 2483 1038 2537; x_wconf 87' lang='lat' dir='ltr'><strong>consecrantur</strong></span> <span class='ocrx_word' id='word_1_284' title='bbox 1062 2476 1603 2539; x_wconf 83' lang='lat' dir='ltr'><strong>sanctiﬁcat.Porro</strong></span> <span class='ocrx_word' id='word_1_285' title='bbox 1626 2477 1815 2539; x_wconf 87' lang='lat' dir='ltr'><strong>melos</strong></span> <span class='ocrx_word' id='word_1_286' title='bbox 1838 2476 1981 2539; x_wconf 89' lang='lat' dir='ltr'><strong>illud</strong></span> <span class='ocrx_word' id='word_1_287' title='bbox 2007 2495 2105 2538; x_wconf 83' lang='lat' dir='ltr'><strong>sa-</strong></span> 
     </span>
    </p>
   </div>
   <div class='ocr_carea' id='block_1_43' title="bbox 461 2564 2104 2648">
    <p class='ocr_par' dir='ltr' id='par_1_43' title="bbox 461 2564 2104 2648">
     <span class='ocr_line' id='line_1_43' title="bbox 461 2564 2104 2648; baseline 0.002 -21"><span class='ocrx_word' id='word_1_288' title='bbox 461 2582 626 2628; x_wconf 90' lang='lat' dir='ltr'><strong>crum</strong></span> <span class='ocrx_word' id='word_1_289' title='bbox 662 2564 971 2646; x_wconf 88' lang='lat' dir='ltr'><strong>prophetis</strong></span> <span class='ocrx_word' id='word_1_290' title='bbox 1000 2564 1203 2628; x_wconf 86' lang='lat' dir='ltr'><strong>divina</strong></span> <span class='ocrx_word' id='word_1_291' title='bbox 1232 2565 1488 2648; x_wconf 88' lang='lat' dir='ltr'><strong>Spiritus</strong></span> <span class='ocrx_word' id='word_1_292' title='bbox 1517 2568 1905 2647; x_wconf 77' lang='lat' dir='ltr'><strong>inSpiratione</strong></span> <span class='ocrx_word' id='word_1_293' title='bbox 1936 2568 2104 2630; x_wconf 82' lang='lat' dir='ltr'><strong>aﬁla-</strong></span> 
     </span>
    </p>
   </div>
   <div class='ocr_carea' id='block_1_44' title="bbox 459 2654 2106 2742">
    <p class='ocr_par' dir='ltr' id='par_1_44' title="bbox 459 2654 2106 2742">
     <span class='ocr_line' id='line_1_44' title="bbox 459 2654 2106 2742; baseline -0.001 -24"><span class='ocrx_word' id='word_1_294' title='bbox 459 2661 582 2718; x_wconf 92' lang='lat' dir='ltr'><strong>tum</strong></span> <span class='ocrx_word' id='word_1_295' title='bbox 621 2654 853 2717; x_wconf 85' lang='lat' dir='ltr'><strong>scilicet</strong></span> <span class='ocrx_word' id='word_1_296' title='bbox 899 2654 1186 2733; x_wconf 89' lang='lat' dir='ltr'><strong>Alleluia,</strong></span> <span class='ocrx_word' id='word_1_297' title='bbox 1226 2658 1326 2740; x_wconf 91' lang='lat' dir='ltr'><strong>qui</strong></span> <span class='ocrx_word' id='word_1_298' title='bbox 1374 2657 1669 2721; x_wconf 87' lang='lat' dir='ltr'><strong>Hebraice</strong></span> <span class='ocrx_word' id='word_1_299' title='bbox 1714 2658 1888 2739; x_wconf 90' lang='lat' dir='ltr'><strong>periti</strong></span> <span class='ocrx_word' id='word_1_300' title='bbox 1938 2669 2106 2742; x_wconf 71' lang='lat' dir='ltr'><strong>sunt,</strong></span> 
     </span>
    </p>
   </div>
   <div class='ocr_carea' id='block_1_45' title="bbox 2197 1938 3842 2021">
    <p class='ocr_par' dir='ltr' id='par_1_45' title="bbox 2197 1938 3842 2021">
     <span class='ocr_line' id='line_1_45' title="bbox 2197 1938 3842 2021; baseline 0 -25"><span class='ocrx_word' id='word_1_301' title='bbox 2197 1938 2474 2003; x_wconf 57' lang='lat' dir='ltr'><strong>“loli-.10:</strong></span> <span class='ocrx_word' id='word_1_302' title='bbox 2508 1944 2593 1998; x_wconf 61' lang='grc' dir='ltr'>καὶ</span> <span class='ocrx_word' id='word_1_303' title='bbox 2624 1944 2718 1999; x_wconf 70' lang='grc' dir='ltr'>τοῦ</span> <span class='ocrx_word' id='word_1_304' title='bbox 2773 1940 3096 2017; x_wconf 79' lang='grc' dir='ltr'>τελουμένου</span> <span class='ocrx_word' id='word_1_305' title='bbox 3126 1940 3363 2021; x_wconf 71' lang='grc' dir='ltr'>λέγεται,</span> <span class='ocrx_word' id='word_1_306' title='bbox 3407 1942 3461 1997; x_wconf 77' lang='grc' dir='ltr'>ἐν</span> <span class='ocrx_word' id='word_1_307' title='bbox 3492 1942 3724 2020; x_wconf 74' lang='grc' dir='ltr'>ἑκατέρῳ</span> <span class='ocrx_word' id='word_1_308' title='bbox 3767 1951 3842 2017; x_wconf 85' lang='grc' dir='ltr'>νῷ</span> 
     </span>
    </p>
   </div>
   <div class='ocr_carea' id='block_1_46' title="bbox 2195 2029 3845 2109">
    <p class='ocr_par' dir='ltr' id='par_1_46' title="bbox 2195 2029 3845 2109">
     <span class='ocr_line' id='line_1_46' title="bbox 2195 2029 3845 2109; baseline 0.002 -22"><span class='ocrx_word' id='word_1_309' title='bbox 2195 2029 2601 2105; x_wconf 77' lang='grc' dir='ltr'>ἒχλαμϐάνομεν</span> <span class='ocrx_word' id='word_1_310' title='bbox 2652 2032 2749 2100; x_wconf 76' lang='grc' dir='ltr'><strong>τὴν</strong></span> <span class='ocrx_word' id='word_1_311' title='bbox 2804 2029 2965 2104; x_wconf 77' lang='grc' dir='ltr'>λέξιν,</span> <span class='ocrx_word' id='word_1_312' title='bbox 2998 2032 3088 2089; x_wconf 77' lang='grc' dir='ltr'><strong>καὶ</strong></span> <span class='ocrx_word' id='word_1_313' title='bbox 3138 2032 3218 2088; x_wconf 80' lang='grc' dir='ltr'>ὅτι</span> <span class='ocrx_word' id='word_1_314' title='bbox 3276 2029 3343 2088; x_wconf 77' lang='grc' dir='ltr'><strong>δι’</strong></span> <span class='ocrx_word' id='word_1_315' title='bbox 3375 2034 3519 2107; x_wconf 74' lang='grc' dir='ltr'>ἡμᾶς</span> <span class='ocrx_word' id='word_1_316' title='bbox 3563 2031 3845 2109; x_wconf 77' lang='grc' dir='ltr'>ἂνθρωπο-</span> 
     </span>
    </p>
   </div>
   <div class='ocr_carea' id='block_1_47' title="bbox 2194 2119 3844 2199">
    <p class='ocr_par' dir='ltr' id='par_1_47' title="bbox 2194 2119 3844 2199">
     <span class='ocr_line' id='line_1_47' title="bbox 2194 2119 3844 2199; baseline 0.001 -21"><span class='ocrx_word' id='word_1_317' title='bbox 2194 2126 2409 2199; x_wconf 78' lang='grc' dir='ltr'>πρεπὼς</span> <span class='ocrx_word' id='word_1_318' title='bbox 2472 2119 2776 2198; x_wconf 79' lang='grc' dir='ltr'>ἁγιάζεται,</span> <span class='ocrx_word' id='word_1_319' title='bbox 2836 2121 2925 2178; x_wconf 79' lang='grc' dir='ltr'>ιιαὶ</span> <span class='ocrx_word' id='word_1_320' title='bbox 2982 2119 3062 2177; x_wconf 84' lang='grc' dir='ltr'><strong>ὅτι</strong></span> <span class='ocrx_word' id='word_1_321' title='bbox 3133 2121 3341 2178; x_wconf 85' lang='grc' dir='ltr'>ἃπαντα</span> <span class='ocrx_word' id='word_1_322' title='bbox 3412 2122 3478 2180; x_wconf 78' lang='grc' dir='ltr'>τὰ</span> <span class='ocrx_word' id='word_1_323' title='bbox 3548 2122 3844 2197; x_wconf 82' lang='grc' dir='ltr'>τελούμενα</span> 
     </span>
    </p>
   </div>
   <div class='ocr_carea' id='block_1_48' title="bbox 2194 2208 3850 2292">
    <p class='ocr_par' dir='ltr' id='par_1_48' title="bbox 2194 2208 3850 2292">
     <span class='ocr_line' id='line_1_48' title="bbox 2194 2208 3850 2292; baseline 0.002 -26"><span class='ocrx_word' id='word_1_324' title='bbox 2194 2211 2418 2289; x_wconf 74' lang='grc' dir='ltr'>ἁγιάζει.</span> <span class='ocrx_word' id='word_1_325' title='bbox 2456 2211 2527 2268; x_wconf 83' lang='grc' dir='ltr'><strong>Τὸ</strong></span> <span class='ocrx_word' id='word_1_326' title='bbox 2557 2208 2611 2265; x_wconf 78' lang='grc' dir='ltr'><strong>δὲ</strong></span> <span class='ocrx_word' id='word_1_327' title='bbox 2643 2212 2782 2289; x_wconf 79' lang='grc' dir='ltr'>ἱερὸν</span> <span class='ocrx_word' id='word_1_328' title='bbox 2814 2209 3111 2286; x_wconf 82' lang='grc' dir='ltr'>μελῴδημα</span> <span class='ocrx_word' id='word_1_329' title='bbox 3139 2216 3242 2279; x_wconf 77' lang='grc' dir='ltr'>τῆς</span> <span class='ocrx_word' id='word_1_330' title='bbox 3300 2210 3355 2266; x_wconf 74' lang='grc' dir='ltr'>ἐν</span> <span class='ocrx_word' id='word_1_331' title='bbox 3384 2224 3501 2276; x_wconf 78' lang='grc' dir='ltr'>τοῖς</span> <span class='ocrx_word' id='word_1_332' title='bbox 3547 2212 3850 2292; x_wconf 75' lang='grc' dir='ltr'>προφήταις</span> 
     </span>
    </p>
   </div>
   <div class='ocr_carea' id='block_1_49' title="bbox 2192 2298 3850 2381">
    <p class='ocr_par' dir='ltr' id='par_1_49' title="bbox 2192 2298 3850 2381">
     <span class='ocr_line' id='line_1_49' title="bbox 2192 2298 3850 2381; baseline -0.001 -24"><span class='ocrx_word' id='word_1_333' title='bbox 2192 2301 2334 2363; x_wconf 81' lang='grc' dir='ltr'>θείας</span> <span class='ocrx_word' id='word_1_334' title='bbox 2394 2299 2671 2364; x_wconf 79' lang='grc' dir='ltr'>ἐπιπνοίας</span> <span class='ocrx_word' id='word_1_335' title='bbox 2704 2307 2796 2358; x_wconf 82' lang='grc' dir='ltr'>τοῦ</span> <span class='ocrx_word' id='word_1_336' title='bbox 2827 2301 3155 2375; x_wconf 76' lang='grc' dir='ltr'>Πνεύματος,</span> <span class='ocrx_word' id='word_1_337' title='bbox 3191 2301 3250 2357; x_wconf 78' lang='grc' dir='ltr'>τὸ</span> <span class='ocrx_word' id='word_1_338' title='bbox 3302 2298 3657 2381; x_wconf 70' lang='grc' dir='ltr'>Ἀλληλούῖᾳ,</span> <span class='ocrx_word' id='word_1_339' title='bbox 3692 2302 3850 2381; x_wconf 66' lang='grc' dir='ltr'>φασὶν</span> 
     </span>
    </p>
   </div>
   <div class='ocr_carea' id='block_1_50' title="bbox 2189 2382 3851 2470">
    <p class='ocr_par' dir='ltr' id='par_1_50' title="bbox 2189 2382 3851 2470">
     <span class='ocr_line' id='line_1_50' title="bbox 2189 2382 3851 2470; baseline -0.001 -22"><span class='ocrx_word' id='word_1_340' title='bbox 2189 2394 2236 2448; x_wconf 80' lang='grc' dir='ltr'>οἱ</span> <span class='ocrx_word' id='word_1_341' title='bbox 2266 2390 2330 2447; x_wconf 81' lang='grc' dir='ltr'>τὰ</span> <span class='ocrx_word' id='word_1_342' title='bbox 2361 2395 2464 2446; x_wconf 77' lang='grc' dir='ltr'><strong>τῶν</strong></span> <span class='ocrx_word' id='word_1_343' title='bbox 2497 2388 2751 2468; x_wconf 81' lang='grc' dir='ltr'>Ἐϐραίων</span> <span class='ocrx_word' id='word_1_344' title='bbox 2783 2387 3002 2470; x_wconf 67' lang='grc' dir='ltr'>εἰδότες,</span> <span class='ocrx_word' id='word_1_345' title='bbox 3041 2390 3194 2447; x_wconf 79' lang='grc' dir='ltr'>αἶνον</span> <span class='ocrx_word' id='word_1_346' title='bbox 3245 2391 3388 2447; x_wconf 78' lang='grc' dir='ltr'>εἶναι</span> <span class='ocrx_word' id='word_1_347' title='bbox 3419 2390 3572 2452; x_wconf 75' lang='grc' dir='ltr'><strong>Θεοῦ.</strong></span> <span class='ocrx_word' id='word_1_348' title='bbox 3608 2382 3851 2458; x_wconf 74' lang='grc' dir='ltr'>Ἀπάσης</span> 
     </span>
    </p>
   </div>
   <div class='ocr_carea' id='block_1_51' title="bbox 2190 2477 3851 2559">
    <p class='ocr_par' dir='ltr' id='par_1_51' title="bbox 2190 2477 3851 2559">
     <span class='ocr_line' id='line_1_51' title="bbox 2190 2477 3851 2559; baseline -0.002 -22"><span class='ocrx_word' id='word_1_349' title='bbox 2190 2481 2279 2537; x_wconf 69' lang='grc' dir='ltr'><strong>οὗν</strong></span> <span class='ocrx_word' id='word_1_350' title='bbox 2329 2478 2621 2559; x_wconf 71' lang='grc' dir='ltr'>ἱερουργίας</span> <span class='ocrx_word' id='word_1_351' title='bbox 2674 2477 3023 2559; x_wconf 69' lang='grc' dir='ltr'>τελουμένης,</span> <span class='ocrx_word' id='word_1_352' title='bbox 3055 2481 3148 2536; x_wconf 77' lang='grc' dir='ltr'><strong>οὐκ</strong></span> <span class='ocrx_word' id='word_1_353' title='bbox 3206 2479 3425 2543; x_wconf 59' lang='grc' dir='ltr'>ἀπεικός</span> <span class='ocrx_word' id='word_1_354' title='bbox 3474 2479 3586 2536; x_wconf 79' lang='grc' dir='ltr'>ἐστι</span> <span class='ocrx_word' id='word_1_355' title='bbox 3630 2486 3851 2555; x_wconf 80' lang='grc' dir='ltr'>μεμνῆ-</span> 
     </span>
    </p>
   </div>
   <div class='ocr_carea' id='block_1_52' title="bbox 2192 2565 3851 2647">
    <p class='ocr_par' dir='ltr' id='par_1_52' title="bbox 2192 2565 3851 2647">
     <span class='ocr_line' id='line_1_52' title="bbox 2192 2565 3851 2647; baseline -0.001 -19"><span class='ocrx_word' id='word_1_356' title='bbox 2192 2574 2311 2628; x_wconf 86' lang='grc' dir='ltr'>σθαι</span> <span class='ocrx_word' id='word_1_357' title='bbox 2360 2576 2513 2629; x_wconf 84' lang='grc' dir='ltr'>Θεοῦ.</span> <span class='ocrx_word' id='word_1_358' title='bbox 2552 2576 2714 2628; x_wconf 80' lang='grc' dir='ltr'>Τοῦτο</span> <span class='ocrx_word' id='word_1_359' title='bbox 2747 2568 2803 2625; x_wconf 81' lang='grc' dir='ltr'><strong>δὲ</strong></span> <span class='ocrx_word' id='word_1_360' title='bbox 2861 2568 3028 2647; x_wconf 72' lang='grc' dir='ltr'>λέγει,</span> <span class='ocrx_word' id='word_1_361' title='bbox 3062 2567 3143 2626; x_wconf 81' lang='grc' dir='ltr'>ὅτι</span> <span class='ocrx_word' id='word_1_362' title='bbox 3186 2570 3247 2626; x_wconf 85' lang='grc' dir='ltr'>τὸ</span> <span class='ocrx_word' id='word_1_363' title='bbox 3276 2565 3609 2636; x_wconf 78' lang='grc' dir='ltr'>Ἀλληλούῖα</span> <span class='ocrx_word' id='word_1_364' title='bbox 3637 2570 3851 2645; x_wconf 77' lang='grc' dir='ltr'>ψάλλε-</span> 
     </span>
    </p>
   </div>
   <div class='ocr_carea' id='block_1_53' title="bbox 2192 2660 3101 2740">
    <p class='ocr_par' dir='ltr' id='par_1_53' title="bbox 2192 2660 3101 2740">
     <span class='ocr_line' id='line_1_53' title="bbox 2192 2660 3101 2740; baseline -0.006 -20"><span class='ocrx_word' id='word_1_365' title='bbox 2192 2684 2280 2720; x_wconf 90' lang='grc' dir='ltr'><strong>ται</strong></span> <span class='ocrx_word' id='word_1_366' title='bbox 2314 2660 2369 2716; x_wconf 74' lang='grc' dir='ltr'>ἐν</span> <span class='ocrx_word' id='word_1_367' title='bbox 2412 2663 2481 2729; x_wconf 88' lang='grc' dir='ltr'><strong>τῆ</strong></span> <span class='ocrx_word' id='word_1_368' title='bbox 2513 2668 2605 2716; x_wconf 85' lang='grc' dir='ltr'>τοῦ</span> <span class='ocrx_word' id='word_1_369' title='bbox 2634 2661 2792 2740; x_wconf 74' lang='grc' dir='ltr'>κόρου</span> <span class='ocrx_word' id='word_1_370' title='bbox 2816 2660 3101 2739; x_wconf 79' lang='grc' dir='ltr'>ἱερουργίᾳ,</span> 
     </span>
    </p>
   </div>
   <div class='ocr_carea' id='block_1_54' title="bbox 458 2743 3834 2829">
    <p class='ocr_par' dir='ltr' id='par_1_54' title="bbox 458 2743 3834 2829">
     <span class='ocr_line' id='line_1_54' title="bbox 458 2743 3834 2829; baseline 0.001 -19"><span class='ocrx_word' id='word_1_371' title='bbox 458 2745 624 2810; x_wconf 86' lang='lat' dir='ltr'><strong>aiunt</strong></span> <span class='ocrx_word' id='word_1_372' title='bbox 652 2743 987 2825; x_wconf 90' lang='lat' dir='ltr'><strong>signiﬁcare</strong></span> <span class='ocrx_word' id='word_1_373' title='bbox 1019 2745 1254 2810; x_wconf 84' lang='lat' dir='ltr'><strong>laudem</strong></span> <span class='ocrx_word' id='word_1_374' title='bbox 1289 2746 1417 2813; x_wconf 92' lang='lat' dir='ltr'><strong>Dei.</strong></span> <span class='ocrx_word' id='word_1_375' title='bbox 1446 2750 1622 2811; x_wconf 89' lang='lat' dir='ltr'><strong>Omni</strong></span> <span class='ocrx_word' id='word_1_376' title='bbox 1676 2748 1878 2828; x_wconf 84' lang='lat' dir='ltr'><strong>itaque</strong></span> <span class='ocrx_word' id='word_1_377' title='bbox 1929 2750 2383 2815; x_wconf 83' lang='lat' dir='ltr'><strong>consecratione</strong></span> <span class='ocrx_word' id='word_1_378' title='bbox 2445 2747 2737 2829; x_wconf 78' lang='lat' dir='ltr'><strong>perfecta,</strong></span> <span class='ocrx_word' id='word_1_379' title='bbox 2771 2747 2930 2812; x_wconf 86' lang='lat' dir='ltr'><strong>haud</strong></span> <span class='ocrx_word' id='word_1_380' title='bbox 2962 2747 3070 2811; x_wconf 88' lang='lat' dir='ltr'><strong>abs</strong></span> <span class='ocrx_word' id='word_1_381' title='bbox 3099 2766 3167 2812; x_wconf 88' lang='lat' dir='ltr'><strong>re</strong></span> <span class='ocrx_word' id='word_1_382' title='bbox 3188 2755 3278 2811; x_wconf 86' lang='lat' dir='ltr'><strong>est</strong></span> <span class='ocrx_word' id='word_1_383' title='bbox 3309 2746 3656 2813; x_wconf 88' lang='lat' dir='ltr'><strong>meminisse</strong></span> <span class='ocrx_word' id='word_1_384' title='bbox 3699 2748 3834 2814; x_wconf 88' lang='lat' dir='ltr'><strong>Dei.</strong></span> 
     </span>
    </p>
   </div>
   <div class='ocr_carea' id='block_1_55' title="bbox 458 2834 2633 2922">
    <p class='ocr_par' dir='ltr' id='par_1_55' title="bbox 458 2834 2633 2922">
     <span class='ocr_line' id='line_1_55' title="bbox 458 2834 2633 2922; baseline 0.001 -21"><span class='ocrx_word' id='word_1_385' title='bbox 458 2834 584 2901; x_wconf 87' lang='lat' dir='ltr'><strong>Hoc</strong></span> <span class='ocrx_word' id='word_1_386' title='bbox 614 2842 812 2899; x_wconf 88' lang='lat' dir='ltr'><strong>autem</strong></span> <span class='ocrx_word' id='word_1_387' title='bbox 847 2835 1016 2913; x_wconf 87' lang='lat' dir='ltr'><strong>dicit,</strong></span> <span class='ocrx_word' id='word_1_388' title='bbox 1049 2838 1188 2919; x_wconf 87' lang='lat' dir='ltr'><strong>quia</strong></span> <span class='ocrx_word' id='word_1_389' title='bbox 1216 2838 1475 2903; x_wconf 83' lang='lat' dir='ltr'><strong>Alleluia</strong></span> <span class='ocrx_word' id='word_1_390' title='bbox 1504 2840 1737 2902; x_wconf 88' lang='lat' dir='ltr'><strong>canitur</strong></span> <span class='ocrx_word' id='word_1_391' title='bbox 1764 2838 1824 2902; x_wconf 89' lang='lat' dir='ltr'><strong>in</strong></span> <span class='ocrx_word' id='word_1_392' title='bbox 1848 2844 2128 2922; x_wconf 87' lang='lat' dir='ltr'><strong>urguenti</strong></span> <span class='ocrx_word' id='word_1_393' title='bbox 2158 2839 2633 2905; x_wconf 87' lang='lat' dir='ltr'><strong>consecratione.</strong></span> 
     </span>
    </p>
   </div>
   <div class='ocr_carea' id='block_1_56' title="bbox 977 3175 1540 3271">
    <p class='ocr_par' dir='ltr' id='par_1_56' title="bbox 977 3175 1540 3271">
     <span class='ocr_line' id='line_1_56' title="bbox 977 3175 1540 3271; baseline 0.012 -8"><span class='ocrx_word' id='word_1_394' title='bbox 977 3175 1340 3265; x_wconf 87' lang='lat' dir='ltr'><strong>CAPUT</strong></span> <span class='ocrx_word' id='word_1_395' title='bbox 1433 3177 1540 3271; x_wconf 85' lang='lat' dir='ltr'><strong>V.</strong></span> 
     </span>
    </p>
   </div>
   <div class='ocr_carea' id='block_1_57' title="bbox 557 3329 1998 3401">
    <p class='ocr_par' dir='ltr' id='par_1_57' title="bbox 557 3329 1998 3401">
     <span class='ocr_line' id='line_1_57' title="bbox 557 3329 1998 3401; baseline -0.003 0"><span class='ocrx_word' id='word_1_396' title='bbox 557 3336 606 3401; x_wconf 90' lang='grc' dir='ltr'><strong>Ι.</strong></span> <span class='ocrx_word' id='word_1_397' title='bbox 638 3332 726 3397; x_wconf 88' lang='lat' dir='ltr'><strong>De</strong></span> <span class='ocrx_word' id='word_1_398' title='bbox 752 3346 1071 3397; x_wconf 83' lang='lat' dir='ltr'><strong>sacrorum</strong></span> <span class='ocrx_word' id='word_1_399' title='bbox 1100 3329 1387 3395; x_wconf 79' lang='lat' dir='ltr'><strong>ordinum</strong></span> <span class='ocrx_word' id='word_1_400' title='bbox 1417 3332 1998 3398; x_wconf 74' lang='lat' dir='ltr'><strong>consecrationibus.</strong></span> 
     </span>
    </p>
   </div>
   <div class='ocr_carea' id='block_1_58' title="bbox 2586 3165 3445 3272">
    <p class='ocr_par' dir='ltr' id='par_1_58' title="bbox 2586 3165 3445 3272">
     <span class='ocr_line' id='line_1_58' title="bbox 2586 3165 3445 3272; baseline 0.01 -9"><span class='ocrx_word' id='word_1_401' title='bbox 2586 3177 3245 3265; x_wconf 86' lang='grc' dir='ltr'><strong>ΚΕΦΑΛΑΙΟΝ</strong></span> <span class='ocrx_word' id='word_1_402' title='bbox 3315 3165 3445 3272; x_wconf 89' lang='grc' dir='ltr'><strong>Ε’.</strong></span> 
     </span>
    </p>
   </div>
   <div class='ocr_carea' id='block_1_59' title="bbox 2256 3292 3792 3378">
    <p class='ocr_par' dir='ltr' id='par_1_59' title="bbox 2256 3292 3792 3378">
     <span class='ocr_line' id='line_1_59' title="bbox 2256 3292 3792 3378; baseline -0.004 -20"><span class='ocrx_word' id='word_1_403' title='bbox 2256 3309 2301 3359; x_wconf 88' lang='lat' dir='ltr'><strong>I.</strong></span> <span class='ocrx_word' id='word_1_404' title='bbox 2338 3296 2462 3378; x_wconf 85' lang='grc' dir='ltr'>Περὶ</span> <span class='ocrx_word' id='word_1_405' title='bbox 2491 3300 2598 3353; x_wconf 83' lang='grc' dir='ltr'>τῶν</span> <span class='ocrx_word' id='word_1_406' title='bbox 2630 3295 2935 3378; x_wconf 71' lang='grc' dir='ltr'>ἱερατιιιῶν,</span> <span class='ocrx_word' id='word_1_407' title='bbox 2969 3292 3186 3378; x_wconf 59' lang='grc' dir='ltr'>[τάξειον</span> <span class='ocrx_word' id='word_1_408' title='bbox 3218 3292 3487 3378; x_wconf 74' lang='grc' dir='ltr'>δυνάμεών</span> <span class='ocrx_word' id='word_1_409' title='bbox 3535 3316 3589 3354; x_wconf 86' lang='grc' dir='ltr'><strong>τε</strong></span> <span class='ocrx_word' id='word_1_410' title='bbox 3620 3295 3792 3353; x_wconf 68' lang='grc' dir='ltr'>αὐτῶν</span> 
     </span>
    </p>
   </div>
   <div class='ocr_carea' id='block_1_60' title="bbox 2598 3373 3433 3457">
    <p class='ocr_par' dir='ltr' id='par_1_60' title="bbox 2598 3373 3433 3457">
     <span class='ocr_line' id='line_1_60' title="bbox 2598 3373 3433 3457; baseline -0.001 -23"><span class='ocrx_word' id='word_1_411' title='bbox 2598 3373 2697 3435; x_wconf 79' lang='grc' dir='ltr'>καὶ</span> <span class='ocrx_word' id='word_1_412' title='bbox 2740 3373 3040 3457; x_wconf 71' lang='grc' dir='ltr'>ὶνεργειῶν]</span> <span class='ocrx_word' id='word_1_413' title='bbox 3086 3373 3433 3438; x_wconf 79' lang='grc' dir='ltr'>τελειώσεων.</span> 
     </span>
    </p>
   </div>
   <div class='ocr_carea' id='block_1_61' title="bbox 1780 3511 2498 3581">
    <p class='ocr_par' dir='ltr' id='par_1_61' title="bbox 1780 3511 2498 3581">
     <span class='ocr_line' id='line_1_61' title="bbox 1780 3511 2498 3581; baseline -0.004 -1"><span class='ocrx_word' id='word_1_414' title='bbox 1780 3513 2144 3581; x_wconf 87' lang='lat' dir='ltr'><strong>SYNOPSIS</strong></span> <span class='ocrx_word' id='word_1_415' title='bbox 2203 3511 2498 3579; x_wconf 82' lang='lat' dir='ltr'><strong>CAPITIS</strong></span> 
     </span>
    </p>
   </div>
   <div class='ocr_carea' id='block_1_62' title="bbox 454 3634 3855 3701">
    <p class='ocr_par' dir='ltr' id='par_1_62' title="bbox 454 3634 3855 3701">
     <span class='ocr_line' id='line_1_62' title="bbox 454 3634 3855 3701; baseline -0.002 -8"><span class='ocrx_word' id='word_1_416' title='bbox 454 3641 648 3693; x_wconf 75' lang='lat' dir='ltr'><strong>Prima</strong></span> <span class='ocrx_word' id='word_1_417' title='bbox 666 3640 830 3701; x_wconf 86' lang='lat' dir='ltr'><strong>parte</strong></span> <span class='ocrx_word' id='word_1_418' title='bbox 854 3636 1013 3701; x_wconf 82' lang='lat' dir='ltr'><strong>hujus</strong></span> <span class='ocrx_word' id='word_1_419' title='bbox 1032 3637 1226 3701; x_wconf 76' lang='lat' dir='ltr'><strong>capitis</strong></span> <span class='ocrx_word' id='word_1_420' title='bbox 1255 3636 1515 3701; x_wconf 73' lang='lat' dir='ltr'><strong>ostendit:</strong></span> <span class='ocrx_word' id='word_1_421' title='bbox 1536 3638 1573 3688; x_wconf 91' lang='grc' dir='ltr'><strong>Ι.</strong></span> <span class='ocrx_word' id='word_1_422' title='bbox 1608 3640 1778 3701; x_wconf 80' lang='lat' dir='ltr'><strong>Quam</strong></span> <span class='ocrx_word' id='word_1_423' title='bbox 1801 3641 1872 3688; x_wconf 83' lang='lat' dir='ltr'><strong>sit</strong></span> <span class='ocrx_word' id='word_1_424' title='bbox 1897 3637 2219 3701; x_wconf 17' lang='lat' dir='ltr'><strong>hierarchia,</strong></span> <span class='ocrx_word' id='word_1_425' title='bbox 2235 3640 2425 3689; x_wconf 87' lang='lat' dir='ltr'><strong>nostra</strong></span> <span class='ocrx_word' id='word_1_426' title='bbox 2446 3636 2573 3687; x_wconf 84' lang='lat' dir='ltr'><strong>bene</strong></span> <span class='ocrx_word' id='word_1_427' title='bbox 2589 3634 2935 3701; x_wconf 80' lang='lat' dir='ltr'><strong>o_rdi_nata._II</strong></span> <span class='ocrx_word' id='word_1_428' title='bbox 2962 3636 3085 3701; x_wconf 55' lang='lat' dir='ltr'><strong>Quae</strong></span> <span class='ocrx_word' id='word_1_429' title='bbox 3096 3635 3170 3684; x_wconf 87' lang='lat' dir='ltr'><strong>sit</strong></span> <span class='ocrx_word' id='word_1_430' title='bbox 3190 3636 3855 3701; x_wconf 77' lang='lat' dir='ltr'><strong>consecratipspirituum</strong></span> 
     </span>
    </p>
   </div>
   <div class='ocr_carea' id='block_1_63' title="bbox 516 3701 908 3759">
    <p class='ocr_par' dir='ltr' id='par_1_63' title="bbox 516 3701 908 3759">
     <span class='ocr_line' id='line_1_63' title="bbox 516 3701 908 3759; baseline -0.01 -6"><span class='ocrx_word' id='word_1_431' title='bbox 516 3701 828 3759; x_wconf 78' lang='lat' dir='ltr'><strong>ccelestium,</strong></span> <span class='ocrx_word' id='word_1_432' title='bbox 852 3702 908 3749; x_wconf 87' lang='lat' dir='ltr'><strong>et</strong></span> 
     </span>
    </p>
   </div>
   <div class='ocr_carea' id='block_1_64' title="bbox 945 3697 3855 3770">
    <p class='ocr_par' dir='ltr' id='par_1_64' title="bbox 945 3697 3855 3770">
     <span class='ocr_line' id='line_1_64' title="bbox 945 3697 3855 3770; baseline 0 -21"><span class='ocrx_word' id='word_1_433' title='bbox 945 3697 1134 3770; x_wconf 62' lang='lat' dir='ltr'><strong>quibus</strong></span> <span class='ocrx_word' id='word_1_434' title='bbox 1156 3698 1295 3770; x_wconf 77' lang='lat' dir='ltr'><strong>data</strong></span> <span class='ocrx_word' id='word_1_435' title='bbox 1317 3701 1391 3748; x_wconf 88' lang='lat' dir='ltr'><strong>sit</strong></span> <span class='ocrx_word' id='word_1_436' title='bbox 1412 3699 1596 3770; x_wconf 71' lang='lat' dir='ltr'><strong>legalis</strong></span> <span class='ocrx_word' id='word_1_437' title='bbox 1615 3700 1951 3770; x_wconf 58' lang='lat' dir='ltr'><strong>trierarchia,</strong></span> <span class='ocrx_word' id='word_1_438' title='bbox 1990 3703 2041 3750; x_wconf 88' lang='lat' dir='ltr'><strong>et</strong></span> <span class='ocrx_word' id='word_1_439' title='bbox 2057 3713 2166 3770; x_wconf 69' lang='lat' dir='ltr'><strong>qua</strong></span> <span class='ocrx_word' id='word_1_440' title='bbox 2186 3700 2254 3770; x_wconf 70' lang='lat' dir='ltr'><strong>de</strong></span> <span class='ocrx_word' id='word_1_441' title='bbox 2270 3713 2465 3770; x_wconf 69' lang='lat' dir='ltr'><strong>causq,_</strong></span> <span class='ocrx_word' id='word_1_442' title='bbox 2489 3701 2541 3748; x_wconf 87' lang='lat' dir='ltr'><strong>et</strong></span> <span class='ocrx_word' id='word_1_443' title='bbox 2576 3697 2921 3770; x_wconf 69' lang='lat' dir='ltr'><strong>ub_i_data_s_it</strong></span> <span class='ocrx_word' id='word_1_444' title='bbox 2942 3711 2962 3770; x_wconf 64' lang='grc' dir='ltr'><strong>,ς</strong></span> <span class='ocrx_word' id='word_1_445' title='bbox 3004 3699 3192 3770; x_wconf 72' lang='lat' dir='ltr'><strong>aitque</strong></span> <span class='ocrx_word' id='word_1_446' title='bbox 3212 3700 3459 3770; x_wconf 58' lang='lat' dir='ltr'><strong>nostram</strong></span> <span class='ocrx_word' id='word_1_447' title='bbox 3478 3697 3855 3770; x_wconf 53' lang='lat' dir='ltr'><strong>hierarcpians</strong></span> 
     </span>
    </p>
   </div>
   <div class='ocr_carea' id='block_1_65' title="bbox 515 3759 3856 3825">
    <p class='ocr_par' dir='ltr' id='par_1_65' title="bbox 515 3759 3856 3825">
     <span class='ocr_line' id='line_1_65' title="bbox 515 3759 3856 3825; baseline -0 -11"><span class='ocrx_word' id='word_1_448' title='bbox 515 3763 751 3825; x_wconf 81' lang='lat' dir='ltr'><strong>mediam</strong></span> <span class='ocrx_word' id='word_1_449' title='bbox 777 3776 883 3813; x_wconf 85' lang='lat' dir='ltr'><strong>esse</strong></span> <span class='ocrx_word' id='word_1_450' title='bbox 904 3759 1051 3813; x_wconf 73' lang='lat' dir='ltr'><strong>inter</strong></span> <span class='ocrx_word' id='word_1_451' title='bbox 1071 3761 1293 3822; x_wconf 77' lang='lat' dir='ltr'><strong>legalem</strong></span> <span class='ocrx_word' id='word_1_452' title='bbox 1315 3774 1381 3812; x_wconf 91' lang='lat' dir='ltr'><strong>ac</strong></span> <span class='ocrx_word' id='word_1_453' title='bbox 1402 3759 1786 3814; x_wconf 65' lang='lat' dir='ltr'><strong>cietestemlli.</strong></span> <span class='ocrx_word' id='word_1_454' title='bbox 1800 3765 1924 3813; x_wconf 87' lang='lat' dir='ltr'><strong>Tres</strong></span> <span class='ocrx_word' id='word_1_455' title='bbox 1935 3759 2385 3825; x_wconf 43' lang='lat' dir='ltr'><strong>&#39;essefunctiones</strong></span> <span class='ocrx_word' id='word_1_456' title='bbox 2407 3759 2965 3825; x_wconf 65' lang='lat' dir='ltr'><strong>hierarchiw.scilicet</strong></span> <span class='ocrx_word' id='word_1_457' title='bbox 2983 3759 3856 3825; x_wconf 62' lang='lat' dir='ltr'><strong>expiareilluminare,perﬁcere.</strong></span> 
     </span>
    </p>
   </div>
   <div class='ocr_carea' id='block_1_66' title="bbox 515 3822 3860 3889">
    <p class='ocr_par' dir='ltr' id='par_1_66' title="bbox 515 3822 3860 3889">
     <span class='ocr_line' id='line_1_66' title="bbox 515 3822 3860 3889; baseline -0.001 -12"><span class='ocrx_word' id='word_1_458' title='bbox 515 3827 608 3878; x_wconf 92' lang='lat' dir='ltr'><strong>IV.</strong></span> <span class='ocrx_word' id='word_1_459' title='bbox 631 3823 857 3876; x_wconf 85' lang='lat' dir='ltr'><strong>Ordines</strong></span> <span class='ocrx_word' id='word_1_460' title='bbox 872 3826 1161 3889; x_wconf 85' lang='lat' dir='ltr'><strong>inferiores</strong></span> <span class='ocrx_word' id='word_1_461' title='bbox 1181 3838 1216 3873; x_wconf 91' lang='lat' dir='ltr'><strong>a</strong></span> <span class='ocrx_word' id='word_1_462' title='bbox 1248 3825 1614 3889; x_wconf 64' lang='lat' dir='ltr'><strong>superioribus</strong></span> <span class='ocrx_word' id='word_1_463' title='bbox 1636 3825 1710 3875; x_wconf 82' lang='lat' dir='ltr'><strong>ad</strong></span> <span class='ocrx_word' id='word_1_464' title='bbox 1728 3829 1898 3889; x_wconf 74' lang='lat' dir='ltr'><strong>Deum</strong></span> <span class='ocrx_word' id='word_1_465' title='bbox 1920 3822 2543 3889; x_wconf 57' lang='lat' dir='ltr'><strong>adducivmontiﬂccm</strong></span> <span class='ocrx_word' id='word_1_466' title='bbox 2576 3835 2684 3873; x_wconf 84' lang='lat' dir='ltr'><strong>esse</strong></span> <span class='ocrx_word' id='word_1_467' title='bbox 2702 3825 2951 3889; x_wconf 61' lang='lat' dir='ltr'><strong>primum</strong></span> <span class='ocrx_word' id='word_1_468' title='bbox 2977 3824 3036 3871; x_wconf 84' lang='lat' dir='ltr'><strong>in</strong></span> <span class='ocrx_word' id='word_1_469' title='bbox 3056 3822 3249 3889; x_wconf 60' lang='lat' dir='ltr'><strong>ordine</strong></span> <span class='ocrx_word' id='word_1_470' title='bbox 3273 3822 3689 3889; x_wconf 73' lang='lat' dir='ltr'><strong>hierarcltico,et</strong></span> <span class='ocrx_word' id='word_1_471' title='bbox 3709 3822 3860 3889; x_wconf 50' lang='lat' dir='ltr'><strong>queo</strong></span> 
     </span>
    </p>
   </div>
   <div class='ocr_carea' id='block_1_67' title="bbox 515 3884 3856 3949">
    <p class='ocr_par' dir='ltr' id='par_1_67' title="bbox 515 3884 3856 3949">
     <span class='ocr_line' id='line_1_67' title="bbox 515 3884 3856 3949; baseline -0.001 -9"><span class='ocrx_word' id='word_1_472' title='bbox 515 3901 735 3940; x_wconf 89' lang='lat' dir='ltr'><strong>sacram</strong></span> <span class='ocrx_word' id='word_1_473' title='bbox 758 3884 969 3938; x_wconf 77' lang='lat' dir='ltr'><strong>omnein</strong></span> <span class='ocrx_word' id='word_1_474' title='bbox 993 3884 1410 3949; x_wconf 72' lang='lat' dir='ltr'><strong>potestateniad</strong></span> <span class='ocrx_word' id='word_1_475' title='bbox 1434 3888 1725 3949; x_wconf 78' lang='lat' dir='ltr'><strong>inferiores</strong></span> <span class='ocrx_word' id='word_1_476' title='bbox 1740 3888 2003 3938; x_wconf 82' lang='lat' dir='ltr'><strong>derivari.</strong></span> <span class='ocrx_word' id='word_1_477' title='bbox 2030 3888 2267 3944; x_wconf 75' lang='lat' dir='ltr'><strong>VLQuirl</strong></span> <span class='ocrx_word' id='word_1_478' title='bbox 2286 3889 2358 3937; x_wconf 87' lang='lat' dir='ltr'><strong>sit</strong></span> <span class='ocrx_word' id='word_1_479' title='bbox 2377 3884 2583 3937; x_wconf 51' lang='lat' dir='ltr'><strong>inuitus</strong></span> <span class='ocrx_word' id='word_1_480' title='bbox 2601 3884 3317 3947; x_wconf 82' lang='lat' dir='ltr'><strong>pontiﬁcum,sacerdotum,</strong></span> <span class='ocrx_word' id='word_1_481' title='bbox 3345 3885 3856 3939; x_wconf 82' lang='lat' dir='ltr'><strong>diaconorum.VII.</strong></span> 
     </span>
    </p>
   </div>
   <div class='ocr_carea' id='block_1_68' title="bbox 513 3948 3858 4013">
    <p class='ocr_par' dir='ltr' id='par_1_68' title="bbox 513 3948 3858 4013">
     <span class='ocr_line' id='line_1_68' title="bbox 513 3948 3858 4013; baseline -0.001 -11"><span class='ocrx_word' id='word_1_482' title='bbox 513 3953 827 4013; x_wconf 83' lang='lat' dir='ltr'><strong>Superiores</strong></span> <span class='ocrx_word' id='word_1_483' title='bbox 848 3948 1411 4013; x_wconf 68' lang='lat' dir='ltr'><strong>inferiorumfaculta</strong></span> <span class='ocrx_word' id='word_1_484' title='bbox 1420 3948 1497 4000; x_wconf 79' lang='lat' dir='ltr'><strong>tes</strong></span> <span class='ocrx_word' id='word_1_485' title='bbox 1513 3949 1723 4013; x_wconf 62' lang='lat' dir='ltr'><strong>havere,</strong></span> <span class='ocrx_word' id='word_1_486' title='bbox 1732 3955 1783 4000; x_wconf 87' lang='lat' dir='ltr'><strong>et</strong></span> <span class='ocrx_word' id='word_1_487' title='bbox 1793 3951 2119 4012; x_wconf 77' lang='lat' dir='ltr'><strong>functiones</strong></span> <span class='ocrx_word' id='word_1_488' title='bbox 2142 3962 2327 4000; x_wconf 83' lang='lat' dir='ltr'><strong>eorum</strong></span> <span class='ocrx_word' id='word_1_489' title='bbox 2351 3961 2599 4000; x_wconf 64' lang='lat' dir='ltr'><strong>exercere</strong></span> <span class='ocrx_word' id='word_1_490' title='bbox 2609 3960 2897 4009; x_wconf 82' lang='lat' dir='ltr'><strong>posse,non</strong></span> <span class='ocrx_word' id='word_1_491' title='bbox 2915 3950 3197 4013; x_wconf 75' lang='lat' dir='ltr'><strong>contra.—</strong></span> <span class='ocrx_word' id='word_1_492' title='bbox 3211 3948 3458 3999; x_wconf 85' lang='lat' dir='ltr'><strong>Secunda</strong></span> <span class='ocrx_word' id='word_1_493' title='bbox 3478 3952 3642 4011; x_wconf 87' lang='lat' dir='ltr'><strong>parte</strong></span> <span class='ocrx_word' id='word_1_494' title='bbox 3665 3949 3858 4013; x_wconf 79' lang='lat' dir='ltr'><strong>tradit</strong></span> 
     </span>
    </p>
   </div>
   <div class='ocr_carea' id='block_1_69' title="bbox 514 4010 3849 4075">
    <p class='ocr_par' dir='ltr' id='par_1_69' title="bbox 514 4010 3849 4075">
     <span class='ocr_line' id='line_1_69' title="bbox 514 4010 3849 4075; baseline -0 -12"><span class='ocrx_word' id='word_1_495' title='bbox 514 4010 689 4063; x_wconf 72' lang='lat' dir='ltr'><strong>ritum</strong></span> <span class='ocrx_word' id='word_1_496' title='bbox 711 4010 1065 4065; x_wconf 84' lang='lat' dir='ltr'><strong>consecrandi</strong></span> <span class='ocrx_word' id='word_1_497' title='bbox 1096 4010 2366 4075; x_wconf 66' lang='lat' dir='ltr'><strong>episcopum,sacerdotem,diaconum—Tertia</strong></span> <span class='ocrx_word' id='word_1_498' title='bbox 2381 4012 2821 4075; x_wconf 20' lang='lat' dir='ltr'><strong>parte‘proponit</strong></span> <span class='ocrx_word' id='word_1_499' title='bbox 2843 4010 3438 4075; x_wconf 61' lang='lat' dir='ltr'><strong>contemplationemJn</strong></span> <span class='ocrx_word' id='word_1_500' title='bbox 3455 4010 3564 4074; x_wconf 64' lang='lat' dir='ltr'><strong>Qua</strong></span> <span class='ocrx_word' id='word_1_501' title='bbox 3582 4011 3849 4075; x_wconf 74' lang='lat' dir='ltr'><strong>explicat:</strong></span> 
     </span>
    </p>
   </div>
   <div class='ocr_carea' id='block_1_70' title="bbox 514 4076 1794 4140">
    <p class='ocr_par' dir='ltr' id='par_1_70' title="bbox 514 4076 1794 4140">
     <span class='ocr_line' id='line_1_70' title="bbox 514 4076 1794 4140; baseline -0.002 -12"><span class='ocrx_word' id='word_1_502' title='bbox 514 4079 695 4140; x_wconf 67' lang='lat' dir='ltr'><strong>LQuae</strong></span> <span class='ocrx_word' id='word_1_503' title='bbox 714 4078 826 4125; x_wconf 88' lang='lat' dir='ltr'><strong>sint</strong></span> <span class='ocrx_word' id='word_1_504' title='bbox 842 4077 1036 4140; x_wconf 82' lang='lat' dir='ltr'><strong>cuique</strong></span> <span class='ocrx_word' id='word_1_505' title='bbox 1051 4076 1244 4140; x_wconf 78' lang='lat' dir='ltr'><strong>ordini</strong></span> <span class='ocrx_word' id='word_1_506' title='bbox 1261 4078 1646 4140; x_wconf 77' lang='lat' dir='ltr'><strong>commu_nia,et</strong></span> <span class='ocrx_word' id='word_1_507' title='bbox 1678 4089 1794 4139; x_wconf 67' lang='lat' dir='ltr'><strong>quae</strong></span> 
     </span>
    </p>
   </div>
   <div class='ocr_carea' id='block_1_71' title="bbox 1825 4072 3852 4138">
    <p class='ocr_par' dir='ltr' id='par_1_71' title="bbox 1825 4072 3852 4138">
     <span class='ocr_line' id='line_1_71' title="bbox 1825 4072 3852 4138; baseline 0 -12"><span class='ocrx_word' id='word_1_508' title='bbox 1825 4076 2217 4138; x_wconf 71' lang='lat' dir='ltr'><strong>particularia.</strong></span> <span class='ocrx_word' id='word_1_509' title='bbox 2238 4075 2307 4125; x_wconf 89' lang='lat' dir='ltr'><strong>II.</strong></span> <span class='ocrx_word' id='word_1_510' title='bbox 2335 4072 2475 4133; x_wconf 72' lang='lat' dir='ltr'><strong>Quid</strong></span> <span class='ocrx_word' id='word_1_511' title='bbox 2497 4072 2599 4123; x_wconf 81' lang='lat' dir='ltr'><strong>sibi</strong></span> <span class='ocrx_word' id='word_1_512' title='bbox 2626 4072 2755 4138; x_wconf 73' lang='lat' dir='ltr'><strong>velit</strong></span> <span class='ocrx_word' id='word_1_513' title='bbox 2781 4085 3023 4138; x_wconf 73' lang='lat' dir='ltr'><strong>accessus</strong></span> <span class='ocrx_word' id='word_1_514' title='bbox 3043 4072 3118 4122; x_wconf 89' lang='lat' dir='ltr'><strong>ad</strong></span> <span class='ocrx_word' id='word_1_515' title='bbox 3138 4073 3320 4138; x_wconf 75' lang='lat' dir='ltr'><strong>altare</strong></span> <span class='ocrx_word' id='word_1_516' title='bbox 3341 4077 3394 4123; x_wconf 90' lang='lat' dir='ltr'><strong>et</strong></span> <span class='ocrx_word' id='word_1_517' title='bbox 3420 4072 3742 4138; x_wconf 62' lang='lat' dir='ltr'><strong>genuﬂerio.</strong></span> <span class='ocrx_word' id='word_1_518' title='bbox 3768 4075 3852 4126; x_wconf 88' lang='lat' dir='ltr'><strong>III</strong></span> 
     </span>
    </p>
   </div>
   <div class='ocr_carea' id='block_1_72' title="bbox 518 4134 3850 4201">
    <p class='ocr_par' dir='ltr' id='par_1_72' title="bbox 518 4134 3850 4201">
     <span class='ocr_line' id='line_1_72' title="bbox 518 4134 3850 4201; baseline -0.001 -12"><span class='ocrx_word' id='word_1_519' title='bbox 518 4134 658 4198; x_wconf 82' lang='lat' dir='ltr'><strong>Quid</strong></span> <span class='ocrx_word' id='word_1_520' title='bbox 680 4151 877 4201; x_wconf 78' lang='lat' dir='ltr'><strong>manus</strong></span> <span class='ocrx_word' id='word_1_521' title='bbox 901 4134 1190 4201; x_wconf 72' lang='lat' dir='ltr'><strong>iritpositio.</strong></span> <span class='ocrx_word' id='word_1_522' title='bbox 1224 4138 1311 4201; x_wconf 84' lang='lat' dir='ltr'><strong>IV.</strong></span> <span class='ocrx_word' id='word_1_523' title='bbox 1341 4136 1479 4194; x_wconf 79' lang='lat' dir='ltr'><strong>Quid</strong></span> <span class='ocrx_word' id='word_1_524' title='bbox 1499 4134 1949 4201; x_wconf 71' lang='lat' dir='ltr'><strong>crucis&#39;signatio.</strong></span> <span class='ocrx_word' id='word_1_525' title='bbox 1983 4138 2193 4195; x_wconf 85' lang='lat' dir='ltr'><strong>V.Quid</strong></span> <span class='ocrx_word' id='word_1_526' title='bbox 2220 4135 2982 4201; x_wconf 10' lang='lat' dir='ltr'><strong>nominumrproggiulgatio,“</strong></span> <span class='ocrx_word' id='word_1_527' title='bbox 3007 4134 3454 4201; x_wconf 71' lang='lat' dir='ltr'><strong>quomodanemo</strong></span> <span class='ocrx_word' id='word_1_528' title='bbox 3475 4134 3648 4185; x_wconf 72' lang='lat' dir='ltr'><strong>sit&#39;acl</strong></span> <span class='ocrx_word' id='word_1_529' title='bbox 3678 4150 3850 4201; x_wconf 77' lang='lat' dir='ltr'><strong>sacra</strong></span> 
     </span>
    </p>
   </div>
   <div class='ocr_carea' id='block_1_73' title="bbox 510 4198 3855 4265">
    <p class='ocr_par' dir='ltr' id='par_1_73' title="bbox 510 4198 3855 4265">
     <span class='ocr_line' id='line_1_73' title="bbox 510 4198 3855 4265; baseline 0 -13"><span class='ocrx_word' id='word_1_530' title='bbox 510 4198 1065 4265; x_wconf 60' lang='lat' dir='ltr'><strong>promovendus,_i_iisi</strong></span> <span class='ocrx_word' id='word_1_531' title='bbox 1082 4215 1117 4251; x_wconf 91' lang='lat' dir='ltr'><strong>a</strong></span> <span class='ocrx_word' id='word_1_532' title='bbox 1135 4203 1247 4265; x_wconf 69' lang='lat' dir='ltr'><strong>Deo</strong></span> <span class='ocrx_word' id='word_1_533' title='bbox 1260 4200 1476 4265; x_wconf 77' lang='lat' dir='ltr'><strong>eiectus.</strong></span> <span class='ocrx_word' id='word_1_534' title='bbox 1510 4200 1595 4249; x_wconf 84' lang='lat' dir='ltr'><strong>VI.</strong></span> <span class='ocrx_word' id='word_1_535' title='bbox 1636 4198 1774 4258; x_wconf 78' lang='lat' dir='ltr'><strong>Quid</strong></span> <span class='ocrx_word' id='word_1_536' title='bbox 1799 4203 2040 4251; x_wconf 82' lang='lat' dir='ltr'><strong>insinuet</strong></span> <span class='ocrx_word' id='word_1_537' title='bbox 2078 4202 2280 4262; x_wconf 81' lang='lat' dir='ltr'><strong>ﬂnalis</strong></span> <span class='ocrx_word' id='word_1_538' title='bbox 2301 4199 2589 4265; x_wconf 72' lang='lat' dir='ltr'><strong>salutatio.</strong></span> <span class='ocrx_word' id='word_1_539' title='bbox 2621 4198 2873 4265; x_wconf 61' lang='lat' dir='ltr'><strong>VII._§&#39;ur</strong></span> <span class='ocrx_word' id='word_1_540' title='bbox 2896 4200 3070 4261; x_wconf 87' lang='lat' dir='ltr'><strong>capiti</strong></span> <span class='ocrx_word' id='word_1_541' title='bbox 3091 4198 3372 4261; x_wconf 75' lang='lat' dir='ltr'><strong>pontiﬁcis</strong></span> <span class='ocrx_word' id='word_1_542' title='bbox 3387 4200 3691 4263; x_wconf 71' lang='lat' dir='ltr'><strong>Scriptura</strong></span> <span class='ocrx_word' id='word_1_543' title='bbox 3712 4198 3855 4252; x_wconf 80' lang='lat' dir='ltr'><strong>liber</strong></span> 
     </span>
    </p>
   </div>
   <div class='ocr_carea' id='block_1_74' title="bbox 516 4260 2869 4329">
    <p class='ocr_par' dir='ltr' id='par_1_74' title="bbox 516 4260 2869 4329">
     <span class='ocr_line' id='line_1_74' title="bbox 516 4260 2869 4329; baseline -0.003 -14"><span class='ocrx_word' id='word_1_544' title='bbox 516 4260 847 4329; x_wconf 79' lang='lat' dir='ltr'><strong>imponatur.</strong></span> <span class='ocrx_word' id='word_1_545' title='bbox 886 4262 1031 4315; x_wconf 86' lang='lat' dir='ltr'><strong>VIII.</strong></span> <span class='ocrx_word' id='word_1_546' title='bbox 1058 4262 1197 4322; x_wconf 85' lang='lat' dir='ltr'><strong>Quid</strong></span> <span class='ocrx_word' id='word_1_547' title='bbox 1220 4262 1322 4312; x_wconf 82' lang='lat' dir='ltr'><strong>sibi</strong></span> <span class='ocrx_word' id='word_1_548' title='bbox 1346 4261 1476 4312; x_wconf 85' lang='lat' dir='ltr'><strong>velit</strong></span> <span class='ocrx_word' id='word_1_549' title='bbox 1498 4265 1808 4328; x_wconf 77' lang='lat' dir='ltr'><strong>genuﬂexio</strong></span> <span class='ocrx_word' id='word_1_550' title='bbox 1830 4266 1945 4315; x_wconf 82' lang='lat' dir='ltr'><strong>sive</strong></span> <span class='ocrx_word' id='word_1_551' title='bbox 1963 4260 2145 4324; x_wconf 76' lang='lat' dir='ltr'><strong>unius,</strong></span> <span class='ocrx_word' id='word_1_552' title='bbox 2177 4266 2290 4313; x_wconf 83' lang='lat' dir='ltr'><strong>sive</strong></span> <span class='ocrx_word' id='word_1_553' title='bbox 2312 4264 2601 4326; x_wconf 83' lang='lat' dir='ltr'><strong>utriusque</strong></span> <span class='ocrx_word' id='word_1_554' title='bbox 2616 4260 2869 4325; x_wconf 86' lang='lat' dir='ltr'><strong>poplitis.</strong></span> 
     </span>
    </p>
   </div>
   <div class='ocr_carea' id='block_1_75' title="bbox 2089 4379 2199 4460">
    <p class='ocr_par' dir='ltr' id='par_1_75' title="bbox 2089 4379 2199 4460">
     <span class='ocr_line' id='line_1_75' title="bbox 2089 4379 2199 4460; baseline 0.018 -18"><span class='ocrx_word' id='word_1_555' title='bbox 2089 4379 2199 4460; x_wconf 61' lang='grc' dir='ltr'>ιι.</span> 
     </span>
    </p>
   </div>
   <div class='ocr_carea' id='block_1_76' title="bbox 538 4505 2108 4591">
    <p class='ocr_par' dir='ltr' id='par_1_76' title="bbox 538 4505 2108 4591">
     <span class='ocr_line' id='line_1_76' title="bbox 538 4505 2108 4591; baseline -0.003 -18"><span class='ocrx_word' id='word_1_556' title='bbox 538 4509 676 4573; x_wconf 55' lang='lat' dir='ltr'><strong>Haec</strong></span> <span class='ocrx_word' id='word_1_557' title='bbox 696 4508 937 4591; x_wconf 80' lang='lat' dir='ltr'><strong>quidem</strong></span> <span class='ocrx_word' id='word_1_558' title='bbox 961 4505 1334 4570; x_wconf 84' lang='lat' dir='ltr'><strong>divinissima</strong></span> <span class='ocrx_word' id='word_1_559' title='bbox 1357 4514 1448 4568; x_wconf 90' lang='lat' dir='ltr'><strong>est</strong></span> <span class='ocrx_word' id='word_1_560' title='bbox 1478 4505 1767 4586; x_wconf 87' lang='lat' dir='ltr'><strong>unguenti</strong></span> <span class='ocrx_word' id='word_1_561' title='bbox 1793 4522 2108 4569; x_wconf 80' lang='lat' dir='ltr'><strong>consecra-</strong></span> 
     </span>
    </p>
   </div>
   <div class='ocr_carea' id='block_1_77' title="bbox 2192 4505 3854 4591">
    <p class='ocr_par' dir='ltr' id='par_1_77' title="bbox 2280 4506 3854 4591">
     <span class='ocr_line' id='line_1_77' title="bbox 2280 4506 3854 4591; baseline -0.003 -23"><span class='ocrx_word' id='word_1_562' title='bbox 2280 4508 2424 4578; x_wconf 72' lang='grc' dir='ltr'>Αὕτη</span> <span class='ocrx_word' id='word_1_563' title='bbox 2456 4510 2556 4587; x_wconf 77' lang='grc' dir='ltr'>μὲν</span> <span class='ocrx_word' id='word_1_564' title='bbox 2583 4512 2618 4579; x_wconf 77' lang='grc' dir='ltr'>ἡ</span> <span class='ocrx_word' id='word_1_565' title='bbox 2654 4511 2899 4578; x_wconf 85' lang='grc' dir='ltr'>θειοτάτη</span> <span class='ocrx_word' id='word_1_566' title='bbox 2955 4516 3047 4569; x_wconf 82' lang='grc' dir='ltr'><strong>τοῦ</strong></span> <span class='ocrx_word' id='word_1_567' title='bbox 3078 4510 3240 4591; x_wconf 67' lang='grc' dir='ltr'>μύρου</span> <span class='ocrx_word' id='word_1_568' title='bbox 3272 4509 3630 4589; x_wconf 76' lang='grc' dir='ltr'>τελετουργία’</span> <span class='ocrx_word' id='word_1_569' title='bbox 3666 4506 3854 4583; x_wconf 71' lang='grc' dir='ltr'>καιρὸς</span> 
     </span>
    </p>
   </div>
   <div class='ocr_carea' id='block_1_78' title="bbox 454 4595 2106 4679">
    <p class='ocr_par' dir='ltr' id='par_1_78' title="bbox 454 4595 2106 4679">
     <span class='ocr_line' id='line_1_78' title="bbox 454 4595 2106 4679; baseline -0.002 -17"><span class='ocrx_word' id='word_1_570' title='bbox 454 4600 559 4663; x_wconf 91' lang='lat' dir='ltr'><strong>tio:</strong></span> <span class='ocrx_word' id='word_1_571' title='bbox 591 4598 765 4661; x_wconf 89' lang='lat' dir='ltr'><strong>modo</strong></span> <span class='ocrx_word' id='word_1_572' title='bbox 798 4606 1040 4679; x_wconf 88' lang='lat' dir='ltr'><strong>tempus</strong></span> <span class='ocrx_word' id='word_1_573' title='bbox 1069 4597 1210 4659; x_wconf 71' lang='grc'><strong>259</strong></span> <span class='ocrx_word' id='word_1_574' title='bbox 1238 4604 1350 4673; x_wconf 91' lang='lat' dir='ltr'><strong>est,</strong></span> <span class='ocrx_word' id='word_1_575' title='bbox 1376 4601 1513 4678; x_wconf 86' lang='lat' dir='ltr'><strong>post</strong></span> <span class='ocrx_word' id='word_1_576' title='bbox 1545 4596 1773 4657; x_wconf 85' lang='lat' dir='ltr'><strong>divinas</strong></span> <span class='ocrx_word' id='word_1_577' title='bbox 1798 4595 1942 4658; x_wconf 91' lang='lat' dir='ltr'><strong>istas</strong></span> <span class='ocrx_word' id='word_1_578' title='bbox 1971 4596 2106 4658; x_wconf 81' lang='lat' dir='ltr'><strong>fun-</strong></span> 
     </span>
    </p>
   </div>
   <div class='ocr_carea' id='block_1_79' title="bbox 456 4685 2111 4770">
    <p class='ocr_par' dir='ltr' id='par_1_79' title="bbox 456 4685 2111 4770">
     <span class='ocr_line' id='line_1_79' title="bbox 456 4685 2111 4770; baseline -0.002 -19"><span class='ocrx_word' id='word_1_579' title='bbox 456 4690 711 4765; x_wconf 81' lang='lat' dir='ltr'><strong>ctiones,</strong></span> <span class='ocrx_word' id='word_1_580' title='bbox 744 4689 1036 4770; x_wconf 89' lang='lat' dir='ltr'><strong>ipsosmet</strong></span> <span class='ocrx_word' id='word_1_581' title='bbox 1073 4704 1277 4751; x_wconf 83' lang='lat' dir='ltr'><strong>sacros</strong></span> <span class='ocrx_word' id='word_1_582' title='bbox 1326 4687 1567 4749; x_wconf 91' lang='lat' dir='ltr'><strong>ordines</strong></span> <span class='ocrx_word' id='word_1_583' title='bbox 1612 4685 1970 4768; x_wconf 76' lang='lat' dir='ltr'><strong>exponendi.</strong></span> <span class='ocrx_word' id='word_1_584' title='bbox 2004 4705 2111 4748; x_wconf 90' lang='lat' dir='ltr'><strong>eo-</strong></span> 
     </span>
    </p>
   </div>
   <div class='ocr_carea' id='block_1_80' title="bbox 456 4775 2115 4861">
    <p class='ocr_par' dir='ltr' id='par_1_80' title="bbox 456 4775 2115 4861">
     <span class='ocr_line' id='line_1_80' title="bbox 456 4775 2115 4861; baseline -0.004 -17"><span class='ocrx_word' id='word_1_585' title='bbox 456 4779 852 4861; x_wconf 87' lang='lat' dir='ltr'><strong>rumdemque</strong></span> <span class='ocrx_word' id='word_1_586' title='bbox 877 4776 1436 4852; x_wconf 84' lang='lat' dir='ltr'><strong>distributiones,ac</strong></span> <span class='ocrx_word' id='word_1_587' title='bbox 1461 4775 1732 4849; x_wconf 84' lang='lat' dir='ltr'><strong>virtutes,</strong></span> <span class='ocrx_word' id='word_1_588' title='bbox 1762 4783 1821 4836; x_wconf 89' lang='lat' dir='ltr'><strong>et</strong></span> <span class='ocrx_word' id='word_1_589' title='bbox 1851 4780 2115 4838; x_wconf 86' lang='lat' dir='ltr'><strong>actiones</strong></span> 
     </span>
    </p>
   </div>
   <div class='ocr_carea' id='block_1_81' title="bbox 456 4865 2111 4952">
    <p class='ocr_par' dir='ltr' id='par_1_81' title="bbox 456 4865 2111 4952">
     <span class='ocr_line' id='line_1_81' title="bbox 456 4865 2111 4952; baseline -0.004 -19"><span class='ocrx_word' id='word_1_590' title='bbox 456 4876 634 4952; x_wconf 86' lang='lat' dir='ltr'><strong>atque</strong></span> <span class='ocrx_word' id='word_1_591' title='bbox 657 4868 1079 4952; x_wconf 79' lang='lat' dir='ltr'><strong>perfectiones,</strong></span> <span class='ocrx_word' id='word_1_592' title='bbox 1095 4877 1336 4949; x_wconf 87' lang='lat' dir='ltr'><strong>tresque</strong></span> <span class='ocrx_word' id='word_1_593' title='bbox 1363 4865 1604 4927; x_wconf 88' lang='lat' dir='ltr'><strong>ordines</strong></span> <span class='ocrx_word' id='word_1_594' title='bbox 1619 4865 1876 4945; x_wconf 88' lang='lat' dir='ltr'><strong>majores</strong></span> <span class='ocrx_word' id='word_1_595' title='bbox 1888 4867 1984 4948; x_wconf 90' lang='lat' dir='ltr'><strong>qui</strong></span> <span class='ocrx_word' id='word_1_596' title='bbox 2000 4865 2111 4927; x_wconf 90' lang='lat' dir='ltr'><strong>sub</strong></span> 
     </span>
    </p>
   </div>
   <div class='ocr_carea' id='block_1_82' title="bbox 455 4954 2113 5037">
    <p class='ocr_par' dir='ltr' id='par_1_82' title="bbox 455 4954 2113 5037">
     <span class='ocr_line' id='line_1_82' title="bbox 455 4954 2113 5037; baseline -0.004 -14"><span class='ocrx_word' id='word_1_597' title='bbox 455 4959 532 5023; x_wconf 89' lang='lat' dir='ltr'><strong>iis</strong></span> <span class='ocrx_word' id='word_1_598' title='bbox 560 4960 971 5037; x_wconf 82' lang='lat' dir='ltr'><strong>continentur,</strong></span> <span class='ocrx_word' id='word_1_599' title='bbox 1006 4967 1069 5022; x_wconf 93' lang='lat' dir='ltr'><strong>ut</strong></span> <span class='ocrx_word' id='word_1_600' title='bbox 1110 4956 1459 5021; x_wconf 88' lang='lat' dir='ltr'><strong>ostendatur</strong></span> <span class='ocrx_word' id='word_1_601' title='bbox 1489 4954 1843 5018; x_wconf 73' lang='lat' dir='ltr'><strong>hierarchire</strong></span> <span class='ocrx_word' id='word_1_602' title='bbox 1895 4965 2113 5018; x_wconf 59' lang='lat' dir='ltr'><strong>nostra;</strong></span> 
     </span>
    </p>
   </div>
   <div class='ocr_carea' id='block_1_83' title="bbox 459 5045 2111 5132">
    <p class='ocr_par' dir='ltr' id='par_1_83' title="bbox 459 5045 2111 5132">
     <span class='ocr_line' id='line_1_83' title="bbox 459 5045 2111 5132; baseline -0.002 -20"><span class='ocrx_word' id='word_1_603' title='bbox 459 5050 803 5130; x_wconf 87' lang='lat' dir='ltr'><strong>descriptio,</strong></span> <span class='ocrx_word' id='word_1_604' title='bbox 832 5049 1119 5132; x_wconf 90' lang='lat' dir='ltr'><strong>quidquid</strong></span> <span class='ocrx_word' id='word_1_605' title='bbox 1143 5046 1549 5111; x_wconf 86' lang='lat' dir='ltr'><strong>inordinatum</strong></span> <span class='ocrx_word' id='word_1_606' title='bbox 1570 5054 1627 5107; x_wconf 91' lang='lat' dir='ltr'><strong>et</strong></span> <span class='ocrx_word' id='word_1_607' title='bbox 1655 5045 2111 5127; x_wconf 88' lang='lat' dir='ltr'><strong>incompositum</strong></span> 
     </span>
    </p>
   </div>
   <div class='ocr_carea' id='block_1_84' title="bbox 457 5135 2108 5221">
    <p class='ocr_par' dir='ltr' id='par_1_84' title="bbox 457 5135 2108 5221">
     <span class='ocr_line' id='line_1_84' title="bbox 457 5135 2108 5221; baseline -0.003 -18"><span class='ocrx_word' id='word_1_608' title='bbox 457 5148 632 5221; x_wconf 79' lang='lat' dir='ltr'><strong>atque</strong></span> <span class='ocrx_word' id='word_1_609' title='bbox 665 5139 980 5202; x_wconf 80' lang='lat' dir='ltr'><strong>confusum</strong></span> <span class='ocrx_word' id='word_1_610' title='bbox 1013 5148 1125 5216; x_wconf 90' lang='lat' dir='ltr'><strong>est,</strong></span> <span class='ocrx_word' id='word_1_611' title='bbox 1165 5136 1324 5200; x_wconf 85' lang='lat' dir='ltr'><strong>nulla</strong></span> <span class='ocrx_word' id='word_1_612' title='bbox 1357 5153 1490 5196; x_wconf 83' lang='lat' dir='ltr'><strong>cum</strong></span> <span class='ocrx_word' id='word_1_613' title='bbox 1532 5153 1600 5197; x_wconf 92' lang='lat' dir='ltr'><strong>eo</strong></span> <span class='ocrx_word' id='word_1_614' title='bbox 1635 5135 1910 5197; x_wconf 90' lang='lat' dir='ltr'><strong>mistione</strong></span> <span class='ocrx_word' id='word_1_615' title='bbox 1939 5136 2108 5214; x_wconf 85' lang='lat' dir='ltr'><strong>facta,</strong></span> 
     </span>
    </p>
   </div>
   <div class='ocr_carea' id='block_1_85' title="bbox 458 5226 2107 5311">
    <p class='ocr_par' dir='ltr' id='par_1_85' title="bbox 458 5226 2107 5311">
     <span class='ocr_line' id='line_1_85' title="bbox 458 5226 2107 5311; baseline -0.001 -20"><span class='ocrx_word' id='word_1_616' title='bbox 458 5245 779 5311; x_wconf 82' lang='lat' dir='ltr'><strong>segregare</strong></span> <span class='ocrx_word' id='word_1_617' title='bbox 809 5234 867 5290; x_wconf 90' lang='lat' dir='ltr'><strong>et</strong></span> <span class='ocrx_word' id='word_1_618' title='bbox 914 5227 1220 5309; x_wconf 88' lang='lat' dir='ltr'><strong>ablegare,</strong></span> <span class='ocrx_word' id='word_1_619' title='bbox 1255 5226 1533 5290; x_wconf 86' lang='lat' dir='ltr'><strong>decorem</strong></span> <span class='ocrx_word' id='word_1_620' title='bbox 1565 5242 1704 5287; x_wconf 83' lang='lat' dir='ltr'><strong>vero</strong></span> <span class='ocrx_word' id='word_1_621' title='bbox 1735 5233 1911 5307; x_wconf 91' lang='lat' dir='ltr'><strong>atque</strong></span> <span class='ocrx_word' id='word_1_622' title='bbox 1941 5226 2107 5289; x_wconf 90' lang='lat' dir='ltr'><strong>ordi-</strong></span> 
     </span>
    </p>
   </div>
   <div class='ocr_carea' id='block_1_86' title="bbox 455 5313 2106 5397">
    <p class='ocr_par' dir='ltr' id='par_1_86' title="bbox 455 5313 2106 5397">
     <span class='ocr_line' id='line_1_86' title="bbox 455 5313 2106 5397; baseline -0.002 -16"><span class='ocrx_word' id='word_1_623' title='bbox 455 5335 595 5381; x_wconf 89' lang='lat' dir='ltr'><strong>nem</strong></span> <span class='ocrx_word' id='word_1_624' title='bbox 628 5335 698 5380; x_wconf 86' lang='lat' dir='ltr'><strong>ac</strong></span> <span class='ocrx_word' id='word_1_625' title='bbox 733 5316 1102 5397; x_wconf 85' lang='lat' dir='ltr'><strong>majestatem</strong></span> <span class='ocrx_word' id='word_1_626' title='bbox 1136 5318 1196 5378; x_wconf 90' lang='lat' dir='ltr'><strong>in</strong></span> <span class='ocrx_word' id='word_1_627' title='bbox 1231 5313 1719 5397; x_wconf 86' lang='lat' dir='ltr'><strong>proportionibus</strong></span> <span class='ocrx_word' id='word_1_628' title='bbox 1765 5325 2106 5379; x_wconf 89' lang='lat' dir='ltr'><strong>sanctorum</strong></span> 
     </span>
    </p>
   </div>
   <div class='ocr_carea' id='block_1_87' title="bbox 456 5403 2108 5487">
    <p class='ocr_par' dir='ltr' id='par_1_87' title="bbox 456 5403 2108 5487">
     <span class='ocr_line' id='line_1_87' title="bbox 456 5403 2108 5487; baseline -0.002 -15"><span class='ocrx_word' id='word_1_629' title='bbox 456 5407 734 5473; x_wconf 89' lang='lat' dir='ltr'><strong>ordinum</strong></span> <span class='ocrx_word' id='word_1_630' title='bbox 765 5424 1011 5470; x_wconf 82' lang='lat' dir='ltr'><strong>suorum</strong></span> <span class='ocrx_word' id='word_1_631' title='bbox 1063 5406 1373 5471; x_wconf 79' lang='lat' dir='ltr'><strong>exhibere.</strong></span> <span class='ocrx_word' id='word_1_632' title='bbox 1409 5407 1493 5469; x_wconf 86' lang='lat' dir='ltr'><strong>Ac</strong></span> <span class='ocrx_word' id='word_1_633' title='bbox 1525 5403 1815 5486; x_wconf 88' lang='lat' dir='ltr'><strong>triplicem</strong></span> <span class='ocrx_word' id='word_1_634' title='bbox 1866 5405 2108 5487; x_wconf 87' lang='lat' dir='ltr'><strong>quidem</strong></span> 
     </span>
    </p>
   </div>
   <div class='ocr_carea' id='block_1_88' title="bbox 2192 4596 3853 4682">
    <p class='ocr_par' dir='ltr' id='par_1_88' title="bbox 2192 4596 3853 4682">
     <span class='ocr_line' id='line_1_88' title="bbox 2192 4596 3853 4682; baseline -0.001 -28"><span class='ocrx_word' id='word_1_635' title='bbox 2192 4596 2238 4654; x_wconf 84' lang='grc' dir='ltr'><strong>δ’</strong></span> <span class='ocrx_word' id='word_1_636' title='bbox 2287 4597 2349 4656; x_wconf 78' lang='grc' dir='ltr'><strong>ἂν</strong></span> <span class='ocrx_word' id='word_1_637' title='bbox 2384 4599 2466 4658; x_wconf 65' lang='grc' dir='ltr'><strong>εἴν</strong></span> <span class='ocrx_word' id='word_1_638' title='bbox 2528 4601 2665 4673; x_wconf 86' lang='grc' dir='ltr'>μετᾶ</span> <span class='ocrx_word' id='word_1_639' title='bbox 2714 4601 2807 4667; x_wconf 77' lang='grc' dir='ltr'><strong>τὰς</strong></span> <span class='ocrx_word' id='word_1_640' title='bbox 2861 4600 3003 4667; x_wconf 84' lang='grc' dir='ltr'>θείας</span> <span class='ocrx_word' id='word_1_641' title='bbox 3046 4602 3358 4682; x_wconf 75' lang='grc' dir='ltr'>ἱερουργίας,</span> <span class='ocrx_word' id='word_1_642' title='bbox 3401 4601 3557 4664; x_wconf 59' lang='lat' dir='ltr'><strong>asta;</strong></span> <span class='ocrx_word' id='word_1_643' title='bbox 3610 4597 3853 4655; x_wconf 71' lang='grc' dir='ltr'>ἐκθέσθαι</span> 
     </span>
    </p>
   </div>
   <div class='ocr_carea' id='block_1_89' title="bbox 2194 4686 3853 4770">
    <p class='ocr_par' dir='ltr' id='par_1_89' title="bbox 2194 4686 3853 4770">
     <span class='ocr_line' id='line_1_89' title="bbox 2194 4686 3853 4770; baseline -0.001 -25"><span class='ocrx_word' id='word_1_644' title='bbox 2194 4689 2286 4753; x_wconf 83' lang='grc' dir='ltr'><strong>τάς</strong></span> <span class='ocrx_word' id='word_1_645' title='bbox 2341 4690 2610 4770; x_wconf 74' lang='grc' dir='ltr'>ἱερατικὰς</span> <span class='ocrx_word' id='word_1_646' title='bbox 2674 4689 2848 4756; x_wconf 79' lang='grc' dir='ltr'>τάξεις</span> <span class='ocrx_word' id='word_1_647' title='bbox 2899 4712 2958 4747; x_wconf 90' lang='grc' dir='ltr'><strong>τε</strong></span> <span class='ocrx_word' id='word_1_648' title='bbox 2989 4693 3074 4749; x_wconf 85' lang='grc' dir='ltr'><strong>καὶ</strong></span> <span class='ocrx_word' id='word_1_649' title='bbox 3128 4690 3561 4769; x_wconf 73' lang='grc' dir='ltr'>ἇποπληρώσεις,</span> <span class='ocrx_word' id='word_1_650' title='bbox 3597 4686 3853 4770; x_wconf 70' lang='grc' dir='ltr'>δυνάμεις</span> 
     </span>
    </p>
   </div>
   <div class='ocr_carea' id='block_1_90' title="bbox 2192 4766 3852 4860">
    <p class='ocr_par' dir='ltr' id='par_1_90' title="bbox 2192 4766 3852 4860">
     <span class='ocr_line' id='line_1_90' title="bbox 2192 4766 3852 4860; baseline -0.002 -23"><span class='ocrx_word' id='word_1_651' title='bbox 2192 4800 2250 4837; x_wconf 89' lang='grc' dir='ltr'><strong>τε</strong></span> <span class='ocrx_word' id='word_1_652' title='bbox 2296 4781 2467 4840; x_wconf 78' lang='grc' dir='ltr'>αὗτῶν</span> <span class='ocrx_word' id='word_1_653' title='bbox 2501 4778 2597 4836; x_wconf 69' lang='grc' dir='ltr'>καί</span> <span class='ocrx_word' id='word_1_654' title='bbox 2628 4779 2890 4860; x_wconf 67' lang='grc' dir='ltr'>ἐνεργείας</span> <span class='ocrx_word' id='word_1_655' title='bbox 2948 4781 3035 4837; x_wconf 82' lang='grc' dir='ltr'>καὶ</span> <span class='ocrx_word' id='word_1_656' title='bbox 3092 4779 3419 4855; x_wconf 79' lang='grc' dir='ltr'>τελειώσεις,</span> <span class='ocrx_word' id='word_1_657' title='bbox 3462 4779 3551 4837; x_wconf 80' lang='grc' dir='ltr'>καὶ</span> <span class='ocrx_word' id='word_1_658' title='bbox 3599 4777 3694 4847; x_wconf 66' lang='grc' dir='ltr'>τὴν</span> <span class='ocrx_word' id='word_1_659' title='bbox 3753 4766 3852 4833; x_wconf 72' lang='grc' dir='ltr'>ὑπ’</span> 
     </span>
    </p>
   </div>
   <div class='ocr_carea' id='block_1_91' title="bbox 2194 4865 3852 4949">
    <p class='ocr_par' dir='ltr' id='par_1_91' title="bbox 2194 4865 3852 4949">
     <span class='ocr_line' id='line_1_91' title="bbox 2194 4865 3852 4949; baseline -0.002 -24"><span class='ocrx_word' id='word_1_660' title='bbox 2194 4869 2353 4933; x_wconf 76' lang='grc' dir='ltr'>αὒτὰς</span> <span class='ocrx_word' id='word_1_661' title='bbox 2429 4867 2607 4949; x_wconf 82' lang='grc' dir='ltr'>τριάδα</span> <span class='ocrx_word' id='word_1_662' title='bbox 2667 4878 2773 4927; x_wconf 82' lang='grc' dir='ltr'>τῶν</span> <span class='ocrx_word' id='word_1_663' title='bbox 2827 4868 3259 4948; x_wconf 76' lang='grc' dir='ltr'>ὁπερϐεϐηκυιῶν</span> <span class='ocrx_word' id='word_1_664' title='bbox 3311 4869 3377 4919; x_wconf 69' lang='grc'><strong>44</strong></span> <span class='ocrx_word' id='word_1_665' title='bbox 3431 4867 3651 4941; x_wconf 75' lang='grc' dir='ltr'>τάξεων,</span> <span class='ocrx_word' id='word_1_666' title='bbox 3698 4865 3852 4929; x_wconf 76' lang='grc' dir='ltr'>ὅπως</span> 
     </span>
    </p>
   </div>
   <div class='ocr_carea' id='block_1_92' title="bbox 2195 4954 3855 5039">
    <p class='ocr_par' dir='ltr' id='par_1_92' title="bbox 2195 4954 3855 5039">
     <span class='ocr_line' id='line_1_92' title="bbox 2195 4954 3855 5039; baseline -0.001 -25"><span class='ocrx_word' id='word_1_667' title='bbox 2195 4956 2255 5014; x_wconf 79' lang='grc' dir='ltr'><strong>ἂν</strong></span> <span class='ocrx_word' id='word_1_668' title='bbox 2288 4956 2633 5038; x_wconf 81' lang='grc' dir='ltr'>ἀποδειχθείη</span> <span class='ocrx_word' id='word_1_669' title='bbox 2682 4959 2778 5027; x_wconf 72' lang='grc' dir='ltr'>τῆς</span> <span class='ocrx_word' id='word_1_670' title='bbox 2810 4960 2926 5016; x_wconf 80' lang='grc' dir='ltr'>καθ’</span> <span class='ocrx_word' id='word_1_671' title='bbox 2963 4962 3105 5035; x_wconf 77' lang='grc' dir='ltr'>ἡμᾶς</span> <span class='ocrx_word' id='word_1_672' title='bbox 3162 4958 3433 5039; x_wconf 80' lang='grc' dir='ltr'>ἱεραρχίας</span> <span class='ocrx_word' id='word_1_673' title='bbox 3464 4960 3498 5026; x_wconf 78' lang='grc' dir='ltr'>ἡ</span> <span class='ocrx_word' id='word_1_674' title='bbox 3551 4954 3855 5033; x_wconf 71' lang='grc' dir='ltr'>διακόσμη-</span> 
     </span>
    </p>
   </div>
   <div class='ocr_carea' id='block_1_93' title="bbox 2196 5047 3850 5128">
    <p class='ocr_par' dir='ltr' id='par_1_93' title="bbox 2196 5047 3850 5128">
     <span class='ocr_line' id='line_1_93' title="bbox 2196 5047 3850 5128; baseline -0.003 -22"><span class='ocrx_word' id='word_1_675' title='bbox 2196 5049 2300 5128; x_wconf 75' lang='grc' dir='ltr'><strong>σίς⁷</strong></span> <span class='ocrx_word' id='word_1_676' title='bbox 2333 5049 2392 5104; x_wconf 76' lang='grc' dir='ltr'><strong>τὸ</strong></span> <span class='ocrx_word' id='word_1_677' title='bbox 2447 5049 2545 5124; x_wconf 73' lang='grc' dir='ltr'>μὲν</span> <span class='ocrx_word' id='word_1_678' title='bbox 2576 5047 2804 5105; x_wconf 76' lang='grc' dir='ltr'>ἄτακτον</span> <span class='ocrx_word' id='word_1_679' title='bbox 2863 5051 2948 5105; x_wconf 66' lang='grc' dir='ltr'>ιιαὶ</span> <span class='ocrx_word' id='word_1_680' title='bbox 2993 5049 3305 5124; x_wconf 68' lang='grc' dir='ltr'>ἀκόσμητον</span> <span class='ocrx_word' id='word_1_681' title='bbox 3348 5049 3436 5105; x_wconf 78' lang='grc' dir='ltr'><strong>καὶ</strong></span> <span class='ocrx_word' id='word_1_682' title='bbox 3485 5067 3850 5126; x_wconf 77' lang='grc' dir='ltr'>στμπεφορη-</span> 
     </span>
    </p>
   </div>
   <div class='ocr_carea' id='block_1_94' title="bbox 2196 5134 3850 5215">
    <p class='ocr_par' dir='ltr' id='par_1_94' title="bbox 2196 5134 3850 5215">
     <span class='ocr_line' id='line_1_94' title="bbox 2196 5134 3850 5215; baseline -0.001 -22"><span class='ocrx_word' id='word_1_683' title='bbox 2196 5136 2377 5214; x_wconf 81' lang='grc' dir='ltr'>μένον,</span> <span class='ocrx_word' id='word_1_684' title='bbox 2412 5136 2623 5215; x_wconf 81' lang='grc' dir='ltr'>ἀμιγῶς</span> <span class='ocrx_word' id='word_1_685' title='bbox 2682 5135 3171 5198; x_wconf 79' lang='grc' dir='ltr'>ἆποδιαστὲλλουσα</span> <span class='ocrx_word' id='word_1_686' title='bbox 3202 5139 3288 5195; x_wconf 80' lang='grc' dir='ltr'>καὶ</span> <span class='ocrx_word' id='word_1_687' title='bbox 3346 5134 3749 5214; x_wconf 70' lang='grc' dir='ltr'>ἀποκληροῦσα,</span> <span class='ocrx_word' id='word_1_688' title='bbox 3783 5135 3850 5191; x_wconf 75' lang='grc' dir='ltr'>τὸ</span> 
     </span>
    </p>
   </div>
   <div class='ocr_carea' id='block_1_95' title="bbox 2190 5222 3847 5306">
    <p class='ocr_par' dir='ltr' id='par_1_95' title="bbox 2190 5222 3847 5306">
     <span class='ocr_line' id='line_1_95' title="bbox 2190 5222 3847 5306; baseline -0.002 -23"><span class='ocrx_word' id='word_1_689' title='bbox 2190 5227 2414 5302; x_wconf 77' lang='grc' dir='ltr'>κόσμιον</span> <span class='ocrx_word' id='word_1_690' title='bbox 2466 5224 2521 5282; x_wconf 77' lang='grc' dir='ltr'>δὲ</span> <span class='ocrx_word' id='word_1_691' title='bbox 2553 5227 2637 5283; x_wconf 81' lang='grc' dir='ltr'>καὶ</span> <span class='ocrx_word' id='word_1_692' title='bbox 2667 5226 2991 5306; x_wconf 78' lang='grc' dir='ltr'>τεταγμένον</span> <span class='ocrx_word' id='word_1_693' title='bbox 3023 5228 3109 5285; x_wconf 84' lang='grc' dir='ltr'><strong>καὶ</strong></span> <span class='ocrx_word' id='word_1_694' title='bbox 3140 5228 3410 5304; x_wconf 74' lang='grc' dir='ltr'><strong>εὖσταθές⁹</strong></span> <span class='ocrx_word' id='word_1_695' title='bbox 3447 5225 3500 5283; x_wconf 75' lang='grc' dir='ltr'>ἐν</span> <span class='ocrx_word' id='word_1_696' title='bbox 3532 5238 3657 5289; x_wconf 76' lang='grc' dir='ltr'>ταῖς</span> <span class='ocrx_word' id='word_1_697' title='bbox 3724 5222 3847 5281; x_wconf 61' lang='grc' dir='ltr'>κατ’</span> 
     </span>
    </p>
   </div>
   <div class='ocr_carea' id='block_1_96' title="bbox 2192 5313 3843 5397">
    <p class='ocr_par' dir='ltr' id='par_1_96' title="bbox 2192 5313 3843 5397">
     <span class='ocr_line' id='line_1_96' title="bbox 2192 5313 3843 5397; baseline -0.001 -23"><span class='ocrx_word' id='word_1_698' title='bbox 2192 5315 2358 5384; x_wconf 67' lang='grc' dir='ltr'>αὐτὴν</span> <span class='ocrx_word' id='word_1_699' title='bbox 2447 5315 2805 5396; x_wconf 70' lang='grc' dir='ltr'>ἀναφαίνουσα</span> <span class='ocrx_word' id='word_1_700' title='bbox 2858 5317 2964 5374; x_wconf 80' lang='grc' dir='ltr'><strong>τῶν</strong></span> <span class='ocrx_word' id='word_1_701' title='bbox 3017 5319 3170 5397; x_wconf 80' lang='grc' dir='ltr'>ἱερῶν</span> <span class='ocrx_word' id='word_1_702' title='bbox 3239 5316 3441 5382; x_wconf 77' lang='grc' dir='ltr'>τάξεων</span> <span class='ocrx_word' id='word_1_703' title='bbox 3504 5313 3843 5393; x_wconf 79' lang='grc' dir='ltr'>ἆναλογίαις.</span> 
     </span>
    </p>
   </div>
   <div class='ocr_carea' id='block_1_97' title="bbox 2196 5401 3845 5488">
    <p class='ocr_par' dir='ltr' id='par_1_97' title="bbox 2196 5401 3845 5488">
     <span class='ocr_line' id='line_1_97' title="bbox 2196 5401 3845 5488; baseline -0.005 -21"><span class='ocrx_word' id='word_1_704' title='bbox 2196 5406 2293 5467; x_wconf 81' lang='grc' dir='ltr'>Καὶ</span> <span class='ocrx_word' id='word_1_705' title='bbox 2348 5405 2449 5474; x_wconf 74' lang='grc' dir='ltr'>τὴν</span> <span class='ocrx_word' id='word_1_706' title='bbox 2501 5405 2598 5483; x_wconf 76' lang='grc' dir='ltr'>μὲν</span> <span class='ocrx_word' id='word_1_707' title='bbox 2651 5407 2865 5475; x_wconf 76' lang='grc' dir='ltr'>ἁπάσης</span> <span class='ocrx_word' id='word_1_708' title='bbox 2934 5406 3207 5488; x_wconf 78' lang='grc' dir='ltr'>ἱεραρχίας</span> <span class='ocrx_word' id='word_1_709' title='bbox 3257 5404 3531 5487; x_wconf 72' lang='grc' dir='ltr'>τριαδιιιὴν</span> <span class='ocrx_word' id='word_1_710' title='bbox 3588 5401 3845 5483; x_wconf 73' lang='grc' dir='ltr'>διαίρεσιν</span> 
     </span>
    </p>
   </div>
   <div class='ocr_carea' id='block_1_98' title="bbox 1777 5564 2517 5634">
    <p class='ocr_par' dir='ltr' id='par_1_98' title="bbox 1777 5564 2517 5634">
     <span class='ocr_line' id='line_1_98' title="bbox 1777 5564 2517 5634; baseline 0.003 -4"><span class='ocrx_word' id='word_1_711' title='bbox 1777 5566 2029 5634; x_wconf 69' lang='lat' dir='ltr'><strong>VARIE</strong></span> <span class='ocrx_word' id='word_1_712' title='bbox 2083 5564 2398 5632; x_wconf 85' lang='lat' dir='ltr'><strong>LECTION</strong></span> <span class='ocrx_word' id='word_1_713' title='bbox 2408 5567 2517 5632; x_wconf 89' lang='lat' dir='ltr'><strong>ES.</strong></span> 
     </span>
    </p>
   </div>
   <div class='ocr_carea' id='block_1_99' title="bbox 535 5732 1265 5814">
    <p class='ocr_par' dir='ltr' id='par_1_99' title="bbox 535 5732 1265 5814">
     <span class='ocr_line' id='line_1_99' title="bbox 535 5732 1265 5814; baseline 0.008 -22"><span class='ocrx_word' id='word_1_714' title='bbox 535 5733 599 5788; x_wconf 74' lang='grc' dir='ltr'><strong>ιι</strong></span> <span class='ocrx_word' id='word_1_715' title='bbox 627 5733 1063 5814; x_wconf 74' lang='grc' dir='ltr'>δποόιϐηκυιῶν,</span> <span class='ocrx_word' id='word_1_716' title='bbox 1092 5732 1161 5798; x_wconf 91' lang='lat' dir='ltr'><strong>D.</strong></span> <span class='ocrx_word' id='word_1_717' title='bbox 1201 5735 1265 5797; x_wconf 87' lang='grc' dir='ltr'><strong>Ρ.</strong></span> 
     </span>
    </p>
   </div>
  </div>
