4150 6158
540 336 658 405 503
1702 334 1763 399 S.
1811 331 2158 397 DIONYSII
2208 330 2743 395 ABEOPAGITE.
3795 330 3910 399 50i

539 473 958 559 mysteriorum
996 471 1411 548 caeremonias,
1445 478 1623 553 atque
1653 469 1714 559 in
1745 468 2070 559 deiformes
2101 485 2192 530 sa-

2289 469 2360 526 ιαί
2388 467 2662 525 τελευταία
2715 467 2965 526 τάττεται
3037 468 3278 547 δυνάμει,
3313 475 3414 537 τῆς
3466 491 3524 527 τε
3567 471 3910 549 ἱεροπρεποῦς

537 557 776 630 crorum
796 563 1272 645 administros,ot
1296 562 1354 624 in
1383 560 1518 623 illos
1540 560 1647 639 qui
1669 558 1741 622 ab
1777 559 1871 620 his
1902 558 1974 622 ad
2010 575 2179 621 sacra

2289 557 2545 637 ιναλογίας
2577 558 3009 637 προμυθουμὲνη,
3044 563 3136 619 καὶ
3186 565 3284 629 τῆς
3341 562 3589 619 ἁπαντων
3647 559 3910 636 εὖκόσμου

539 656 755 737 cuique
781 652 1171 734 congruentia
1200 647 1949 737 promoventur.Qua3libet
1976 657 2175 737 autem

2289 650 2347 705 ,αὶ
2403 649 2539 706 κατά
2589 647 2731 716 τάξιν
2787 648 3105 731 ἐναρμονίου
3163 650 3254 713 καὶ
3309 649 3617 720 συνδετικῆς
3702 652 3902 709 κοινω-

539 762 610 808 ex
632 736 820 806 tribus
832 741 1184 805 hierarcbiae
1206 747 1423 803 nostrae
1446 736 1871 817 partitionibus
1883 737 1956 798 ad
1973 736 2178 817 legalis
2259 737 2396 803 νίας,

537 843 597 898 et
625 833 779 914 ejus,
812 848 948 909 quas
975 839 1175 893 nostra
1206 830 1317 892 hac
1350 828 1606 890 divinior
1626 834 1739 908 est,
1772 825 2127 889 bierarcbiaa
2155 825 2860 910 similitudinem,prima,
2886 838 2946 893 et
2976 830 3200 903 media.
3227 839 3287 895 et
3315 838 3579 896 extrema
3605 832 3910 906 statuitur,

536 942 673 988 cum
704 929 928 985 sanctae
956 920 1378 1003 proportionis,
1411 926 1535 982 tum
1567 916 1996 980 venustissimae
2023 934 2250 998 suoque
2272 916 2470 981 ordini
2501 938 2875 1004 congrum,ac
2904 934 3119 987 cuncta
3149 923 3569 989 connectentis
3599 922 3905 989 societatis

538 1014 756 1079 virtute
784 1010 1059 1076 subnixa.

2137 1172 2166 1252 δ
2197 1170 2301 1236 ιιι.

620 1336 1011 1404 Sanctissima
1024 1335 1227 1420 itaque
1241 1332 1656 1416 mysteriorum
1671 1332 2188 1415 consecratio'pri-

539 1447 697 1494 mam
718 1427 962 1512 quidem
984 1428 1261 1491 virtutem
1290 1422 1647 1487 deiformem
1668 1422 1868 1505 habet,
1897 1442 2010 1505 qua
2042 1442 2186 1504 prs-

538 1522 711 1586 fanos
733 1519 920 1582 sacris
942 1519 1139 1601 expiat
1176 1537 1193 1593 ;
1227 1514 1484 1579 mediam
1508 1532 1793 1594 vero,qua
1816 1532 1917 1576 eos
1936 1514 2037 1595 qui
2057 1515 2187 1595 jam

542 1609 768 1691 expiati
790 1616 930 1672 sunt
953 1604 1350 1672 illuminanda
1379 1604 1600 1679 initiat;
1622 1611 1979 1685 postremam
2015 1604 2188 1666 deni-

541 1709 1052 1781 que,etsummam
1069 1715 1261 1780 praeco
1273 1696 1543 1758 dentium
1555 1713 1693 1775 ,qua
1709 1694 1896 1757 sacris
1908 1694 2192 1758 initiatios

2354 1324 2418 1395 Ἠ
2448 1336 2544 1413 μὲν
2577 1338 2664 1397 οὖν
2696 1339 2973 1419 ἀγιωτάτη
3001 1347 3109 1400 τῶν
3155 1340 3385 1400 τελετῶν
3439 1342 3703 1425 ἱερουργία
3760 1343 3910 1425 πρώ-

2270 1426 2370 1494 τὴν
2393 1426 2490 1503 μὲν
2520 1426 2638 1510 ἔχει
2668 1428 2874 1500 θεοειδῆ
2904 1429 3122 1508 δύναμιν
3149 1434 3248 1501 τὴν
3277 1434 3421 1513 ἱερὰν
3476 1440 3584 1492 τῶν
3614 1433 3913 1493 ἀτελέστων

2270 1517 2544 1597 κάθαρσιν,
2577 1518 2750 1595 μέσην
2800 1519 2878 1601 δὲ,
2914 1522 3011 1590 τὴν
3067 1522 3172 1579 τῶν
3229 1524 3592 1601 καθαρθέντων
3649 1547 3911 1607 φωτιστι-

2272 1608 2371 1674 κὴν
2402 1608 2621 1684 μύησιν·
2668 1610 2907 1691 ἐσχάτην
2964 1610 3042 1693 δὲ,
3075 1614 3164 1671 καὶ
3221 1617 3325 1670 τῶν
3378 1616 3647 1694 προτέρων
3708 1636 3907 1692 συγκε-

2272 1696 2670 1781 φαλαιωτικὴν,
2731 1723 2832 1768 την
2890 1707 2995 1759 τῶν
3053 1704 3357 1779 μυηθέντων
3405 1706 3458 1762 ἐν
3492 1706 3768 1783 ἐπιστήμῃ
3802 1711 3908 1762 τῶν

544 1791 923 1875 prepriarum
959 1786 1490 1853 consecrationum
1525 1783 1783 1847 scientia
1818 1791 2193 1848 consummat

2289 1790 2475 1845 ιίκείων
2535 1791 2784 1866 μυήσεων
2841 1791 3137 1856 τελείωσιν,
3218 1784 3278 1850 Ἠ
3353 1793 3408 1851 δὲ
3466 1796 3572 1853 τῶν
3628 1799 3912 1875 ἱερουργιῶν

544 1903 615 1947 ac
636 1883 1083 1966 perticiLPorro
1107 1897 1411 1944 sacrorum
1445 1878 1856 1942 ministrorum
1890 1877 2189 1941 distinctio

2289 1879 2625 1955 ἲιακόσμησις
2656 1880 2710 1937 ἓν
2754 1881 2849 1957 μὲν
2878 1888 2946 1959 τῇ
2992 1880 3205 1959 δυνάμει
3234 1890 3302 1961 τῇ
3333 1885 3519 1964 πρώτῃ
3552 1884 3636 1942 διὰ
3677 1892 3787 1943 τῶν
3817 1907 3911 1942 τε-

543 1982 762 2039 virtute
784 1974 975 2056 prima
999 1990 1106 2055 per
1126 1970 1405 2053 mysteria
1430 1971 1709 2051 profanos
1731 1970 1951 2052 expiat;
1996 1972 2192 2034 media

2289 1972 2441 2027 ίετῶν
2465 1970 2811 2049 ἀποκαθαίρει
2871 1974 2991 2039 τοὺς
3022 1973 3353 2040 ἀτελέστους·
3422 1975 3475 2031 ἐν
3533 1982 3602 2053 τῇ
3663 1976 3803 2052 μέση
3835 1974 3911 2056 δὲ,

544 2085 684 2131 vero
706 2065 974 2148 expiatos
1007 2062 1325 2137 illuminat,
1362 2068 1665 2140 postrema
1711 2061 1971 2142 denique
2000 2080 2188 2141 eaque

2289 2074 2595 2140 ρωταγωγεϊ
2625 2063 2743 2127 τοὺς
2776 2063 3147 2132 καθαρθέντας*
3181 2063 3236 2121 ἐν
3289 2063 3499 2145 ’ἐσχάτῃ
3530 2063 3583 2122 δὲ
3626 2067 3716 2123 καὶ
3746 2069 3910 2145 ἀκρο-

547 2173 836 2237 suprema
864 2170 1166 2235 sacrorum
1202 2150 1609 2214 ministrorum
1668 2151 1880 2213 virtute
1928 2169 2052 2226 eos,
2087 2151 2187 2233 qui

2289 2155 2407 2229 πέτῃ
2464 2158 2568 2208 τῶν
2625 2154 2908 2232 ἱερουργῶν
2966 2151 3237 2229 δυνάμεων
3296 2153 3608 2213 ἀποτελειοϊ
3683 2157 3809 2221 τεὸς
3840 2163 3915 2231 τῷ

550 2243 739 2310 divini
761 2242 1005 2307 luminis
1037 2239 1360 2323 participes
1382 2240 1521 2303 facti
1553 2248 1711 2321 sunt,
1747 2241 2007 2322 perfecta
2029 2240 2186 2302 visa-

2289 2242 2396 2315 )είῳ
2416 2246 2548 2321 φωτί
2573 2243 3031 2310 κεκοινωνηκότας
3084 2244 3138 2300 ἒν
3197 2259 3318 2310 ταῖς
3376 2252 3481 2301 τῶν
3543 2247 3915 2322 θῦωρηθεισῶν

546 2353 681 2399 rum
714 2332 1181 2396 illustrationum
1225 2329 1477 2393 scientia
1497 2330 1771 2393 absolvit.
1807 2329 2024 2392 Eorum
2048 2349 2189 2393 vero

2289 2329 2595 2407 ελλάμψεων
2645 2332 3091 2407 ἐπίστημονικαϊς
3122 2333 3459 2392 τελειώσετιν
3486 2335 3569 2394 53.
3631 2326 3694 2391 Ἠ
3721 2334 3775 2391 δὲ
3809 2342 3914 2391 τῶν

549 2425 652 2508 qui
680 2422 990 2487 initiantur
1004 2422 1089 2487 vis
1110 2420 1300 2503 prima
1319 2430 1429 2502 est,
1456 2438 1592 2502 quae
1621 2421 1888 2501 expiatur
1921 2443 1936 2497 ;
1999 2422 2193 2484 media

2289 2422 2605 2500 τελουμένων
2652 2422 2869 2500 δύναμις
2929 2431 2962 2494 ὴ
3021 2427 3205 2505 πρώτη
3267 2429 3365 2503 μὲν
3412 2427 3553 2485 ἔστιν
3587 2430 3621 2495 ἡ
3653 2433 3913 2500 καθαιροο

549 2523 684 2598 post
698 2517 1255 2596 expiationem,que
1272 2511 1692 2587 illustratur,et
1710 2510 1781 2572 ad
1798 2511 2190 2591 quorumdam

2289 2513 2435 2581 ιένη·
2471 2514 2613 2591 μέση
2632 2514 2686 2572 δὲ
2722 2516 2855 2581 μετά
2909 2516 3007 2583 τὴν
3056 2517 3307 2595 κάθαρσιν
3356 2520 3390 2586 ἡ
3424 2518 3764 2597 φωτιζομένη
3825 2520 3915 2576 καὶ

546 2612 1055 2669 sacramentorum
1084 2609 1468 2683 conspectum
1491 2599 1862 2677 admittitur;
1892 2609 2193 2681 postrema

2289 2628 2429 2662 τινων
2486 2607 2639 2683 ἱερῶν
2700 2606 3025 2682 θεωρητική’
3078 2605 3354 2664 τελευταία
3412 2606 3468 2665 δὲ
3523 2610 3610 2665 καὶ
3677 2607 3918 2687 θειοτέρα

549 2695 832 2776 denique,
866 2694 1221 2770 caeterisque
1253 2690 1525 2767 divinior,
1576 2708 1646 2752 ea
1703 2708 1834 2770 qua:
1883 2707 2191 2753 sacrarum

550 2804 665 2868 qua
690 2784 944 2867 percipit
962 2782 1427 2845 illustrationum
1460 2788 1913 2842 consummante
1944 2779 2194 2843 scientia

552 2874 951 2938 collustratur.
1005 2872 1253 2952 Triplex
1308 2871 1494 2951 itique
1553 2871 1735 2932 virtus
1768 2870 2189 2951 mysteriorum

553 2973 773 3028 sancta
802 2960 1273 3025 consecrationis
1294 2957 1599 3024 celebrata
1631 2968 1887 3035 est,cum
1921 2979 1992 3022 ex
2025 2961 2193 3023 Scri-

2275 2702 2379 2753 τῶν
2403 2695 2580 2752 ἄλλων
2608 2698 2642 2764 ἡ
2677 2702 2782 2753 τῶν
2824 2698 2977 2775 ἱερῶν
3001 2700 3315 2778 φωτισμῶν,
3345 2700 3420 2753 ῶν
3477 2698 3713 2778 ἐγεγόνει
3774 2702 3913 2755 θεω-

2275 2788 2388 2866 ρὸς,
2424 2785 2806 2862 ἑλλαιιπομὲνη
2854 2787 2953 2852 τὴν
3011 2784 3357 2854 τελειωτικήν
3414 2787 3745 2863 ἐπιστήμηο.
3814 2793 3920 2857 Τῆς

2278 2877 2374 2953 μὲν
2405 2877 2492 2934 οὖν
2524 2877 2676 2955 ἀγίας
2708 2879 2812 2933 τῶν
2858 2875 3087 2933 τελετῶν
3142 2878 3430 2957 ἱερουργίας
3470 2881 3505 2947 ἡ
3538 2879 3725 2956 τρισση
3757 2876 3920 2935 δύνα-

2279 2991 2368 3044 μις
2412 2967 2666 3045 ὕμνηται,
2700 2972 2799 3035 τῆς
2830 2967 2927 3043 μὲν
2985 2971 3125 3044 ἱερᾶς
3168 2972 3501 3047 θεογενεσίας
3560 2968 3622 3027 ἐκ
3674 2972 3780 3028 τῶν
3819 2977 3921 3029 λο-

553 3053 747 3138 pturis
763 3051 1204 3116 ostenderimus
1227 3068 1459 3141 sacram
1484 3048 1726 3130 quidem
1753 3048 1858 3110 Dei
1884 3067 2198 3129 regenera-

2289 3060 2410 3137 γίων
2469 3055 2881 3139 ἀποδειχθείσης
2932 3058 3237 3136 καθάρσεως
3296 3060 3386 3116 καὶ
3441 3066 3769 3141 φωτιστικῆς
3824 3060 3921 3119 ἒ).-

554 3145 778 3208 tionem
797 3160 931 3205 esse
956 3141 1135 3231 simul
1164 3139 1563 3221 expiationem
1577 3145 1635 3200 et
1664 3139 2048 3221 splendorem
2071 3142 2198 3204 illu-

2289 3147 2563 3224 λάμψεως’
2598 3150 2697 3216 τῆς
2728 3146 2985 3214 συνάξεως
3024 3146 3077 3204 δὲ
3106 3150 3193 3208 καὶ
3224 3154 3322 3217 τῆς
3350 3139 3635 3228 τοῦήμύρου
3670 3150 3920 3231 τελετῆς⁹

555 3241 871 3310 strantem;
893 3230 1235 3315 mysterium
1260 3238 1457 3293 autem
1481 3246 1768 3311 synaxeos
1799 3241 1857 3292 et
1887 3234 2196 3311 unguenti,

2289 3238 2628 3307 τελειωτικῆς
2678 3239 2782 3295 τῶν
2824 3241 3106 3319 θεουργιῶν
3136 3239 3382 3319 γνώσεως
3442 3241 3529 3297 καὶ
3586 3229 3920 3319 ἐπιστήμης,

556 3325 959 3406 cognitionem
987 3340 1120 3385 esse
1142 3321 1285 3383 εει
1305 3330 1479 3402 atque
1502 3319 1819 3383 scientiam
1847 3339 1980 3401 quae
2003 3322 2198 3413 divina

2289 3328 2352 3386 δι’
2383 3331 2449 3398 ἧς
2480 3330 2630 3407 ίερῶς
2659 3331 2693 3398 ἠ
2729 3330 2860 3409 πρὸς
2889 3330 2989 3397 τὴν
3018 3330 3272 3411 θεαρχίαν
3304 3330 3543 3395 ἓνοποιὸς
3571 3330 3635 3381 ³4
3665 3332 3926 3413 ἀναγωγὴ

555 3433 743 3497 opera
764 3421 1165 3487 consummat,
1193 3429 1304 3492 per
1332 3428 1515 3492 quam
1547 3419 1924 3473 sacrosancte
1954 3411 2029 3473 ad
2054 3412 2198 3474 divi-

2289 3422 2373 3477 καὶ
2408 3420 2790 3499 μακαριωτάτη
2851 3419 3098 3476 κοινωνία
3158 3419 3629 3499 τελεσιουργεῖται.
3706 3411 3812 3480 Νῦν
3867 3411 3928 3480 δὲ

564 3524 706 3569 num
728 3504 1128 3588 principatum
1149 3509 1211 3565 et
1229 3501 1448 3563 uniﬁca
1466 3499 1750 3564 adducito
1776 3511 1834 3563 et
1856 3501 2198 3567 beatissima

2289 3511 2383 3579 τήν
2409 3512 2678 3586 ἱερατικὴν
2708 3509 3065 3587 διακόσμησιν
3123 3509 3247 3578 ἑξῆς
3304 3511 3634 3590 ἆφηγητέον,
3694 3513 3770 3577 εἰς
3822 3538 3927 3572 κα.

562 3593 1186 3683 ﬁtcommunio.Nunc
1205 3600 1403 3654 autem
1429 3590 1720 3683 deinceps
1737 3593 2085 3672 exponenda
2109 3603 2196 3657 est

2289 3604 2538 3676 θαρτικὴν
2613 3604 2701 3660 καὶ
2758 3601 3089 3683 φωτιστικὴν
3150 3604 3238 3659 καὶ
3294 3600 3644 3673 τελειωτικὴν
3687 3604 3930 3673 εὒταξιαν

557 3683 864 3749 distinctio
886 3682 1431 3763 sacerdotum,quaa
1452 3680 1515 3742 in
1535 3680 1813 3744 ordinem
1831 3682 2196 3764 expiantem,

2284 3691 2681 3773 διαιρουμένην,

559 3776 974 3848 illustrantem,
997 3770 1533 3855 perﬁcientemque
1554 3770 1844 3836 dividitur
1860 3820 1874 3835 .

2142 3943 2172 4023 §
2218 3945 2317 4010 IV.

639 4114 760 4176 Lex
781 4109 1029 4190 quidem
1055 4108 1181 4171 banc
1204 4114 1293 4170 est
1313 4110 1703 4178 sacrosanctae
1730 4122 1978 4171 summae
1994 4110 2200 4175 Deita-

563 4204 733 4285 tis,ut
762 4219 868 4284 per
899 4200 1089 4282 prima
1120 4217 1250 4280 qum
1270 4203 1624 4278 sequuntur,
1658 4195 1732 4258 ad
1756 4195 2199 4264 divinissimam

563 4292 694 4373 ejus
721 4291 918 4353 lucem
940 4288 1341 4350 adducantur.
1376 4285 1590 4347 Annon
1619 4285 1935 4348 seusibiles
1967 4308 2205 4372 quoque

562 4379 921 4445 substantias
941 4378 1377 4441 elementorum
1402 4374 1708 4438 cernimus
1735 4374 1989 4455 primum
2010 4380 2082 4440 ad
2108 4400 2199 4457 ea,

563 4489 699 4554 qua
717 4468 864 4550 ipsis
894 4466 1081 4545 magis
1114 4473 1362 4547 cognata
1383 4464 1939 4554 sunt,accedere,ac
1965 4487 2073 4549 per
2099 4470 2203 4533 illa

563 4553 784 4625 deinde
806 4557 1215 4621 efﬁcacitatem
1238 4575 1403 4618 suam
1432 4555 1505 4617 ad
1528 4554 1641 4618 alia
1663 4553 1967 4621 derivare?
1994 4557 2204 4621 Merito

559 4651 743 4731 igitur
770 4648 968 4711 omnis
1011 4666 1145 4710 cum
1192 4644 1507 4708 invisibilis
1538 4653 1662 4707 tum
1694 4644 1946 4708 visibilis
1984 4648 2203 4710 distin-

563 4742 776 4806 ctionis
806 4739 1046 4802 initium
1080 4756 1149 4800 ac
1176 4736 1356 4799 sedes
1387 4733 1461 4797 ad
1492 4752 1619 4808 eos,
1648 4735 1752 4815 qui
1782 4734 2205 4800 deiformiores

565 4840 723 4907 sunt,
756 4830 1004 4893 deiﬁcos
1025 4846 1167 4891 suos
1202 4826 1405 4889 radios
1430 4824 1717 4906 permittit
1742 4827 2078 4909 pervenire,
2109 4836 2204 4890 at-

567 4942 686 5003 que
708 4939 816 5003 per
839 4921 1209 5001 illos,utpote
1234 4914 1605 4997 limpidiores
1630 4916 1965 4996 spiritus,et
1978 4918 2050 4979 ad
2076 4936 2206 4999 par-

566 5010 930 5090 ticipandum
948 5004 1503 5082 traducendumque
1521 5004 1726 5067 lumen
1749 5007 1935 5086 magis
1952 5006 2205 5070 idoneos

565 5099 958 5165 inferioribus
1003 5115 1108 5180 pro
1130 5096 1370 5159 illorum
1429 5093 1753 5176 capacitate
1805 5096 2119 5174 illucescit,
2152 5105 2211 5159 et

567 5198 842 5275 apparet.
876 5188 1133 5252 Istorum
1166 5186 1346 5267 igitur
1367 5194 1480 5275 est,
1506 5185 1604 5266 qui
1637 5185 1814 5267 primi
1853 5189 2039 5250 Deum
2072 5204 2208 5250 cer-

568 5274 1135 5361 nunt,soquentibus
1155 5276 1286 5341 sine
1301 5274 1544 5357 invidia,
1579 5293 1687 5357 pro
1724 5275 1966 5340 modulo
1997 5277 2207 5359 cujus-

2370 4108 2578 4184 Θεσμὸς
2610 4108 2707 4185 μὲν
2751 4107 2900 4173 οὗτός
2932 4108 3044 4165 ἐστι
3075 4108 3173 4174 τῆς
3201 4107 3459 4188 θεαρχίας
3487 4108 3515 4165 ὀ
3560 4109 3835 4185 πανίερος,
3868 4111 3930 4167 τὸ

2294 4198 2379 4257 διὰ
2405 4206 2510 4257 τῶν
2541 4200 2765 4278 πρώτων
2821 4199 2886 4255 τὰ
2929 4198 3157 4278 ⁸δεύτερα
3204 4199 3335 4277 πρὸς
3366 4203 3428 4255 τὸ
3456 4199 3729 4257 θειότατον
3760 4204 3928 4268 αὐτῆς

2286 4289 2569 4367 ἀνάγεσθαι
2628 4290 2844 4369 φέγγος.
2903 4271 2992 4346 "H
3045 4271 3171 4369 ουχὶ
3225 4271 3313 4346 καὶ
3365 4289 3461 4353 τάς
3515 4290 3767 4356 αἰσθητὰς
3823 4296 3932 4347 τῶν

2288 4380 2570 4460 στοιχείων
2602 4380 2777 4443 οὐσίας
2813 4381 3018 4457 ὁρῶμεν
3068 4380 3140 4444 εἰς
3172 4380 3237 4437 τά
3268 4378 3473 4455 μᾶλλον
3506 4378 3696 4441 aurati;
3729 4401 3930 4459 συγγεσ

2287 4469 2506 4546 νέστερα
2533 4475 2743 4541 πρῶτον
2792 4468 2990 4543 ἰούσας,
3021 4470 3107 4525 καὶ
3138 4467 3201 4525 δι’
3249 4469 3464 4526 ἐκείνων
3520 4467 3604 4547 ἐφ’
3645 4468 3800 4547 ἕτερα
3831 4471 3932 4538 τὴν

2288 4559 2484 4616 οἰκείαν
2512 4556 2827 4623 διιούσαςῦὕ
2881 4558 3144 4637 ἐνέργειαν
3204 4579 3219 4639 ς
3284 4558 3513 4624 Εἰκότως
3542 4557 3692 4625 οὗνῆ
3752 4560 3932 4627 πάσης

2287 4647 2510 4724 ἀοράτου
2560 4649 2646 4705 καὶ
2705 4651 2899 4726 ὁρατῆς
2956 4649 3238 4722 εὐκοσμίας
3282 4647 3432 4727 ἀρχὴ
3476 4648 3565 4703 καὶ
3595 4644 3828 4723 ἵδρυσις,
3858 4648 3932 4710 εἰς

2288 4738 2407 4801 τοὺς
2438 4736 2847 4818 θεοειδεστὲρους
2878 4739 3114 4818 πρώτους
3165 4735 3402 4794 ἐνδίδωσι
3464 4737 3560 4799 τὰς
3618 4738 3933 4814 θεουργικάς

2287 4826 2507 4891 ἀκτῖνας
2539 4829 2694 4907 ἰέναι,
2728 4829 2820 4885 καὶ
2853 4827 2921 4885 δι’
2946 4829 3181 4902 ἐκείνων,
3215 4829 3288 4891 ὡς
3346 4823 3707 4903 διειδεστέρων
3771 4833 3932 4899 νοῶν,

2287 4918 2376 4973 καὶ
2404 4918 2534 4997 πρὸς
2567 4923 2810 4999 μετοχῆν
2839 4920 3013 4997 φωτὸς
3044 4920 3131 4975 καὶ
3180 4914 3464 4992 μετάδοσιν
3520 4916 3729 4979 οἰκείως
3762 4913 3935 4995 ἐχόνο

2290 5028 2422 5083 των,
2452 5008 2523 5068 εἷς
2556 5007 2677 5070 τοὺς
2710 5007 3017 5087 ὐφειμένους
3075 5006 3352 5084 ἀναλόγως
3398 5007 3581 5068 αὒτοϊς
3637 5004 3929 5080 ἔλλάμπει,

2290 5097 2378 5153 καὶ
2449 5096 2800 5177 ἐπιφαίνεται,
2862 5099 3072 5157 Τούτων
3130 5099 3217 5153 οὖν
3261 5096 3371 5152 ἔστι
3421 5102 3528 5151 τῶν
3585 5094 3823 5171 πρώτων
3872 5095 3938 5147 56

2289 5189 2582 5243 θεοπτικῶν
2633 5188 2694 5243 τὸ
2740 5200 2859 5251 τοῖς
2919 5185 3175 5265 δευτέροις
3230 5184 3467 5266 ἀφθόνως
3513 5184 3570 5242 ἐν
3628 5187 3933 5265 συμμετρίᾳ

2288 5281 2358 5354 τῇ
2385 5276 2503 5334 κατ’
2538 5276 2725 5344 αὖτοὺς
2754 5275 3024 5345 ὑποδεῖξαι
3054 5278 3120 5335 τά
3170 5277 3299 5357 πρὸς
3359 5277 3534 5334 αὐτῶν
3587 5274 3747 5354 ἰερῶς
3815 5275 3939 5334 ino-

1896 5494 2164 5559 VARIIE
2204 5492 2617 5561 LECTIONES

651 5686 718 5740 53
740 5688 1085 5771 θεωρήσισιν.
1117 5683 1193 5753 Μ.
1228 5681 1329 5750 Sc.
1381 5680 1437 5730 ⁵⁸
1462 5691 1533 5752 ὡς
1567 5687 1833 5764 ἑνοποιός,
1868 5686 1950 5756 Μ.
1999 5685 2301 5763 ὕδδιείσας,
2331 5683 2395 5748 Ρ.
2434 5687 2506 5753 D.
2538 5683 2738 5750 €11.55
2764 5684 3013 5768 πρώτως,
3042 5685 3107 5749 S.
3143 5682 3216 5750 Β.
3252 5691 3312 5749 et
3342 5682 3522 5750 Vien.
