4150 6158
376 336 495 404 505

1389 339 1488 404 DE
1556 338 1853 403 ECCLES.
1927 338 2378 422 HIERARCH.,
2433 344 2600 407 CAP.
2656 347 2733 410 V.

3626 345 3743 416 506

368 475 656 566 πτευθεντα
712 473 833 566 θεῖα
859 470 1126 551 θεέματα·
1185 476 1359 566 καὶτὸ
1416 477 1613 554 μυῆσαι
1645 478 1708 536 τὰ
1764 480 2010 564 ἱεραρχι-

2108 497 2235 562 quo,
2267 480 2387 544 sibi
2412 488 2785 546 sacrosancte
2837 489 3147 565 perspecta
3175 481 3373 547 divina
3403 487 3743 566 spectacula

370 565 442 624 κὰ
499 567 608 621 τῶν
677 564 797 639 μετ’
855 565 1162 642 ἐπιστήμης
1215 565 1562 637 τελειωτικῆς
1632 570 1699 627 τὰ
1750 574 1872 628 θεῖα
1921 571 2018 640 τῆς

368 653 490 711 κατ’
563 654 752 718 αὑτοὺς
824 655 1096 737 ἱεραρχίας
1167 656 1374 716 ἅπαντα
1445 658 1624 725 καλῶς
1687 664 2014 744 μυηθέντων,

369 744 455 801 καὶ
512 745 612 812 τὴν
641 744 1011 824 τελεσιουργόν
1066 753 1160 805 τοῦ
1212 748 1410 823 μυῆσαι
1459 747 1673 827 δύναμιν
1723 752 2015 830 προσειλη-

367 834 579 914 φότων·’
623 834 711 891 καὶ
768 835 830 891 τὸ
890 834 1205 910 μεταδοῦναι
1262 837 1383 895 κατ’
1441 839 1587 905 ἀξίαν
1642 841 1708 898 τὰ
1748 842 1861 919 ἱερὰ
1911 849 2017 899 τῶν

366 924 805 1014 ἆπιστημᾲονικῶς
835 926 922 982 καὶ
949 925 1260 1007 ὁλοκλήρως
1291 930 1682 1011 μετασχόντων
1717 938 1818 1001 τῆς
1865 935 2014 1014 ἱερα-

2102 570 2428 633 insinuare:
2451 571 2672 636 docere
2683 572 2861 635 etiam
2884 590 2953 635 ea
2974 592 3105 655 quae
3126 573 3481 638 bierarchiaa
3503 579 3743 659 propria

2100 678 2258 737 sunt,
2288 678 2497 723 eorum
2527 670 2643 736 est,
2671 665 2927 742 quicum
2947 664 3292 743 perﬁciente
3321 666 3570 728 scientia
3589 666 3743 731 divi-

2100 768 2176 812 na
2206 769 2457 832 quasque
2485 756 2638 813 sacri
2668 753 2760 814 sui
2818 752 3048 814 ordinis
3078 754 3358 835 mysteria
3390 755 3574 836 probe
3604 764 3744 820 sunt

2102 840 2319 917 edocti,
2353 850 2945 924 consummatamque
2993 843 3245 905 docendi
3274 845 3423 907 alios
3469 847 3739 909 virtutem

2100 940 2488 1013 acceperunt;
2509 943 2879 995 sacramenta
2902 951 3040 995 vero
3066 951 3167 1015 pro
3190 934 3473 1014 dignitate
3503 936 3742 999 tradere

366 1015 522 1084 τικῆς
558 1012 911 1081 τέλειώσεως.
1915 1012 1923 1014 ⁷

2108 1021 2337 1084 illorum
2389 1012 2503 1104 est,
2537 1022 2637 1103 qui
2686 1023 2835 1085 scite
2864 1029 3042 1104 atque
3067 1012 3319 1106 integre
3355 1025 3744 1089 sacerdotalis

2099 1110 2451 1175 initiationis
2481 1111 2806 1195 participes
2838 1113 3149 1176 exsistunt.

1985 1283 2132 1366 εν.

451 1440 653 1501 Οὐκοῦν
714 1445 750 1513 ἡ
819 1445 932 1501 θεία
973 1448 1080 1501 τῶν
1136 1446 1404 1525 ἱεραρχῶν
1466 1445 1608 1513 τάξις
1667 1447 1855 1525 πρώτη
1917 1446 2016 1523 μὲν

2164 1446 2520 1511 Pontiﬁcum
2535 1447 2735 1529 itaque
2748 1446 2986 1511 divinus
2999 1448 3145 1511 ordo
3168 1449 3400 1530 primus
3422 1459 3512 1515 est
3528 1470 3741 1517 eorum

369 1530 482 1589 ἔστι
540 1538 645 1592 τῶν
674 1536 970 1592 θεοπτικῶν
1028 1532 1250 1615 τάξεων,
1283 1535 1551 1615 ἀκροτάτη
1584 1534 1639 1593 δὲ
1690 1538 1778 1593 καὶ
1808 1537 2015 1616 ἐσχάτη

2108 1538 2697 1620 ordinumquiDeum
2730 1538 2953 1619 vident,
2977 1538 3260 1621 idemque
3291 1549 3353 1605 et
3382 1561 3655 1605 summus
3686 1552 3748 1608 et

368 1622 529 1680 πάλιν
578 1625 614 1694 ἡ
648 1625 802 1705 αὕτη,
851 1625 941 1683 καὶ
972 1625 1072 1704 γὰρ
1128 1626 1202 1689 εἰς
1235 1622 1399 1693 αὐτὴν
1449 1625 1794 1685 ἀποτελεῖται
1823 1625 1888 1680 87
1929 1628 2019 1686 καὶ

2108 1628 2365 1703 ultimus,
2399 1627 2620 1709 quippe
2665 1627 2727 1689 in
2754 1648 2874 1707 quo
2904 1637 2962 1691 et
3013 1628 3351 1693 absolvitur
3381 1638 3446 1693 et
3475 1633 3746 1714 expletur

369 1711 774 1797 ἂποπληροῦται
820 1721 963 1772 πᾶσα
993 1719 1092 1782 τῆς
1155 1714 1272 1773 καθ’
1302 1718 1445 1789 ἡμᾶς
1495 1718 1774 1797 ἱεραρχίας
1826 1719 1861 1787 ἡ
1894 1716 2016 1775 δια-

2108 1719 2295 1782 omnis
2324 1718 2678 1782 bierarcbiae
2710 1728 2935 1781 nostrae
2964 1719 3288 1783 distinctio.
3314 1720 3387 1785 Ut
3412 1711 3576 1785 enim
3608 1725 3745 1787 hie-

368 1806 655 1880 κόσμησις,
696 1796 789 1870 Ὠς
834 1828 935 1885 γαρ
962 1805 1176 1862 ἅπασαν
1233 1807 1503 1888 ἱεραρχίαν
1556 1796 1764 1886 δρῶμεν
1795 1810 1868 1872 εἷς
1928 1810 2015 1865 τὸν

2108 1809 2394 1873 rarchiam
2430 1827 2671 1871 omnem
2703 1809 2975 1872 videmus
3006 1810 3068 1871 in
3099 1813 3301 1874 Jesum
3334 1812 3634 1888 desinere,
3660 1814 3748 1877 sic

366 1892 574 1963 Ἰησοῦν
634 1895 1158 1972 ἆποπεραιουμένην,
1193 1895 1360 1961 οὕτως
1418 1897 1647 1965 ἑκάστην
1679 1899 1753 1964 εἷς
1800 1899 1889 1955 τὸν
1934 1901 2016 1956 οἰ-

2108 1904 2655 1981 unamquamquein
2673 1917 2846 1962 suum
2871 1900 3134 1963 divinum
3162 1902 3533 1980 pontiﬁcem.
3562 1903 3747 1966 Porro

364 1998 516 2044 κεϊον
565 1985 739 2043 ἔνθεον
796 1984 1078 2067 ἱεράρχην,
1135 1978 1197 2044 Ἠ
1230 1984 1284 2043 δὲ
1332 1992 1429 2055 τῆς
1463 1989 1774 2068 ἱεραρχικῆς
1821 1987 2014 2055 τάξεως

2108 1992 2281 2052 virtus
2303 1978 2534 2052 ordinis
2551 1989 2909 2052 hierarcbici
2928 1990 2988 2051 in
3012 1978 3198 2053 sacris
3225 1991 3503 2055 omnibus
3524 1994 3745 2055 distin-

365 2074 581 2152 δύναμις
647 2076 702 2132 ἐν
745 2076 941 2141 πάσαις
1002 2090 1179 2158 χωρεῖ
1233 2077 1361 2141 ταῖς
1418 2080 1588 2157 ἱεραῖς
1639 2077 1882 2154 ὁλοτησι,
1928 2080 2017 2138 καὶ

2108 2080 2397 2145 ctionibus
2444 2079 2697 2162 capitur,
2737 2087 2797 2142 et
2849 2098 2957 2161 per
3011 2099 3224 2143 omnes
3253 2100 3457 2144 sacros
3503 2084 3750 2147 ordines

364 2163 448 2222 διὰ
504 2166 688 2224 πασῶν
718 2172 824 2225 τῶν
884 2170 1037 2245 ἱερῶν
1070 2167 1271 2233 τάξεων
1302 2166 1512 2246 ἐνεργεῖ
1570 2168 1633 2224 τὰ
1662 2173 1761 2236 τῆς
1821 2169 2014 2233 οἰκείας

2108 2169 2454 2234 hierarchiae
2479 2188 2614 2251 quae
2648 2170 2757 2249 ipsi
2776 2173 3018 2251 propria
3047 2173 3432 2252 estmysteria
3463 2174 3737 2255 perﬁcit;

364 2257 633 2337 ἱεραρχίας
692 2258 981 2337 μυστήρια*
1062 2257 1315 2337 ἐκκρίτως
1388 2256 1445 2313 δὲ
1504 2257 1639 2335 αὐτῇ
1703 2259 1848 2338 παρὰ
1918 2260 2013 2324 τὰς

2108 2279 2305 2324 verum
2337 2260 2477 2323 huic
2508 2260 2873 2323 excellenter
2917 2278 3038 2341 prae
3074 2261 3307 2323 caeteris
3336 2262 3651 2325 ordinibus
3678 2263 3741 2325 in

365 2345 557 2411 λοιπὰς
611 2345 782 2413 τάξεις
813 2348 886 2411 εἰς
934 2348 1241 2425 αὖτουργίαν
1292 2349 1318 2404 ὁ
1378 2350 1523 2410 θεῖος
1566 2348 1759 2423 θεσμὸς
1813 2348 2016 2404 ἀπονε-

2108 2358 2188 2415 sui
2213 2350 2610 2413 ministerium
2644 2349 2839 2412 divina
2869 2350 2965 2411 lex
2996 2351 3198 2413 otﬁcia
3221 2351 3516 2415 diviniora
3544 2352 3745 2416 distri-

365 2436 566 2511 νέμηκε
615 2437 710 2502 τὰς
759 2436 1023 2515 θειοτέρας
1080 2438 1396 2516 ἱερουργίας⁶
1454 2439 1607 2493 αὗται
1675 2436 1729 2493 δὲ
1788 2437 1919 2494 εἶσιν
1964 2438 2015 2493 αἱ

2108 2441 2243 2513 buit,
2262 2461 2396 2523 quae
2415 2440 2696 2501 nimirum
2731 2448 2871 2501 sunt
2896 2440 3186 2517 imagines
3220 2442 3533 2523 praecipuae
3556 2443 3742 2524 perﬁ-

366 2525 722 2605 τελεσιουργοὶ
779 2526 873 2594 τῆς
926 2530 1220 2607 θιαρχιιιῆς
1278 2524 1550 2601 δυνάμεως
1604 2526 1824 2601 εἰκόνες,
1873 2526 2014 2583 ἀπο-

2108 2534 2312 2595 cientis
2362 2531 2596 2592 virtutis
2648 2528 2776 2609 Dei,
2806 2528 3021 2611 quibus
3073 2529 3448 2593 divinissima
3490 2551 3746 2613 quaeque

365 2616 613 2674 τελοῦσαι
667 2616 730 2667 58
764 2614 952 2674 ’πάντα
982 2618 1049 2673 τὰ
1100 2617 1345 2674 θειότατα
1402 2615 1641 2693 σύμϐολα
1692 2618 1781 2674 καὶ
1838 2618 2015 2680 πάσας

2108 2622 2358 2695 symbola
2381 2634 2671 2692 sacrisque
2693 2618 3091 2677 distinctiones
3121 2635 3322 2678 omnes
3343 2636 3745 2679 consumman-

367 2710 462 2772 τὰς
506 2708 648 2789 ἱερας
704 2708 1111 2785 διακοσμήσεις.
1174 2710 1233 2766 Εἰ
1290 2709 1390 2787 γὰρ
1451 2709 1540 2764 καὶ
1598 2708 1727 2786 πρὸς
1785 2707 1889 2764 τῶν
1938 2710 2019 2763 ἱε-

2108 2722 2220 2781 tur.
2246 2710 2584 2774 Licetenim
2619 2709 3083 2774 asacerdotibus
3114 2712 3452 2773 veneranda
3472 2713 3740 2793 quaedam

368 2799 504 2878 ρὲων
587 2796 859 2855 τελοῦνταί
942 2820 1055 2855 τινα
1136 2801 1241 2856 τῶν
1327 2796 1628 2873 σεϐασμίων
1713 2795 2016 2873 συμϐόλων,

2108 2811 2474 2866 sacramenta
2496 2801 3224 2882 conﬁciantur,nunquam
3245 2810 3440 2863 tamen
3464 2802 3744 2865 sacerdos

371 2888 492 2946 ἀλλ’
540 2890 599 2947 οὔ
652 2909 782 2945 ποτε
842 2893 939 2956 τῆν
996 2889 1138 2968 ἱερὰν
1196 2887 1521 2969 θεογενεσίαν
1579 2891 1606 2944 ὁ
1665 2889 1830 2967 ἱερεὺς
1871 2890 2019 2967 ἔνερ-

2108 2892 2356 2950 divinam
2381 2891 2535 2948 illam
2567 2892 3067 2963 regenerationem
3100 2892 3225 2948 sine
3259 2890 3615 2951 divinissimo
3645 2891 3746 2950 illo

367 2982 524 3058 γήσει
593 2988 686 3038 τοῦ
759 2979 1029 3035 θειοτὰτου
1101 2979 1267 3058 μύρου
1339 2980 1533 3060 χωρὶς,
1607 2977 1722 3035 οὒδὲ
1794 2978 1860 3036 τὰ
1917 2983 2016 3045 τῆς

2108 2990 2405 3063 unguento
2427 2979 2888 3053 consummabit,
2915 2999 3108 3061 neque
3129 2981 3348 3043 divinas
3376 2983 3746 3045 communio-

365 3071 510 3134 θείας
591 3069 871 3133 κοινωνίας
950 3067 1153 3125 τελέσει
1222 3071 1512 3148 μυστήρια,
1564 3069 1641 3143 μὴ
1716 3075 1794 3144 τῷ
1870 3071 2016 3126 θειο-

2108 3075 2195 3136 nis
2230 3070 2915 3154 mysteriaconsecrabit.
2948 3071 3059 3134 nisi
3082 3072 3524 3135 communionis
3543 3091 3748 3135 sacra-

363 3159 511 3233 τάτῳ
564 3159 921 3235 θυσιαστηρίῳ
974 3165 1079 3215 τῶν
1115 3160 1439 3217 κοινωνικῶν
1504 3158 1849 3227 ἐπιτεθέντων
1878 3181 2019 3234 συμ-

2108 3171 2301 3227 menta
2356 3162 2722 3225 divinissimo
2755 3160 2896 3221 235
2954 3161 3124 3223 altari
3157 3160 3382 3224 fuerint
3439 3162 3743 3244 imposita,

363 3248 564 3308 ϐόλων·
621 3247 741 3304 ἀλλ’
787 3234 903 3306 οὖδὲ
961 3249 1116 3314 αὖτὸς
1159 3249 1322 3326 ἱερεὺς
1380 3248 1551 3320 ἔσται,
1587 3246 1664 3322 μὴ
1721 3251 1855 3327 πρὸς
1911 3255 2018 3304 τῶν

2108 3255 2249 3332 quin
2275 3272 2347 3315 ne
2378 3253 2659 3315 sacerdos
2682 3253 2923 3333 quidem
2957 3252 3092 3333 erit,
3128 3252 3244 3313 nisi
3277 3234 3595 3332 pontiﬁciis
3627 3234 3748 3314 ini;

362 3343 686 3419 ἱεραρχικῶν
784 3336 1115 3395 τελειώσεων
1187 3341 1261 3402 εἱς
1348 3345 1507 3396 τοῦτο
1581 3336 2016 3416 κεκληρωμένος.

2108 3343 2451 3407 tiationibus
2479 3342 2551 3404 ad
2585 3351 2810 3404 sortem
2844 3342 3014 3402 istam
3036 3341 3214 3403 fuerit
3246 3352 3574 3421 promotus.
3600 3343 3750 3416 Qua-

367 3422 537 3489 υΟθεν
598 3432 633 3499 ἡ
698 3430 809 3486 θεία
864 3430 1199 3510 θεσμοθεσία,
1259 3429 1357 3497 τὴν
1416 3435 1525 3485 τῶν
1583 3431 1903 3509 ἱεραρχικῶν
1959 3428 2019 3479 59

2108 3442 2334 3505 propter
2353 3433 2446 3490 lex
2475 3433 2663 3489 divina
2698 3430 3231 3488 hierarchichorum
3251 3430 3519 3488 ordinum
3536 3434 3747 3489 sancti-

365 3521 566 3588 τάξεων
632 3520 960 3598 ἁγιαστείαν,
1023 3520 1111 3576 καὶ
1184 3520 1284 3586 τὴν
1342 3526 1432 3575 τοὺ
1504 3518 1642 3575 θείου
1706 3520 1870 3597 μύρου
1926 3541 2019 3575 τε-

2108 3516 2469 3595 ﬁcationem,
2502 3523 2564 3574 et
2612 3511 2900 3591 unguenti
2960 3510 3145 3572 divini
3206 3512 3747 3595 consecrationem,

366 3612 607 3686 λείωσιν,
654 3613 742 3667 καὶ
813 3610 912 3678 τὴν
971 3611 1113 3687 ἱερὰν
1170 3616 1263 3667 τοῦ
1321 3608 1689 3689 θυσιαστηρίου
1746 3607 2019 3685 τελετουρ-

2108 3623 2457 3683 sacramque
2514 3603 2713 3665 altaris
2763 3600 3244 3663 benedictionem
3305 3600 3750 3682 perﬁcientibus

364 3704 509 3783 γίαν,
556 3712 679 3764 ταῖς
738 3703 843 3755 τῶν
891 3697 1081 3755 ἐνθέων
1112 3699 1382 3779 ἱεραρχῶν
1425 3697 1816 3778 τελεσιουργοῖς
1859 3697 2019 3755 δυνά-

2108 3695 2442 3757 divinorum
2529 3692 2877 3775 pontiﬁcum
2966 3690 3288 3754 virtutibus
3373 3691 3753 3772 singulariter

368 3813 524 3872 μεσιν
554 3789 760 3856 ἒνιαίως
787 3787 1191 3868 ἀπεκλήρωσεν.

2108 3784 2390 3851 attribuit.

1965 3951 1996 4033 ς
2033 3949 2135 4017 vr-

454 4113 661 4174 ’Ἔστιν
691 4114 779 4172 οὗ)
822 4115 856 4182 ἦ
883 4114 1169 4194 ῐεραρχικὴ
1226 4113 1292 4167 60
1322 4114 1489 4195 τάξις,
1523 4117 1559 4184 ἡ
1616 4122 1710 4194 τῇς
1741 4112 2019 4171 τελειωτι-

367 4211 472 4273 κῆς
525 4202 799 4278 δυνάμεως
855 4203 1342 4282 ἀναπεπλησμένη,
1389 4194 1482 4261 τὰί
1530 4204 1873 4282 τελεσιουργὰ
1927 4202 2019 4271 τῆς

2108 4201 2692 4282 qui,consummante
2715 4197 2933 4257 virtute
2958 4194 3164 4268 fultus,
3192 4196 3560 4275 perticientia
3582 4216 3751 4276 (llltB-

365 4296 641 4375 ἱεραρχίας
699 4294 948 4367 ἑκκρίτως
1006 4281 1418 4373 τελετουργοῠσα
1476 4291 1560 4374 61³
1593 4296 1683 4351 καὶ
1741 4281 1837 4357 τὰς
1895 4292 2018 4349 ἐπι-

2108 4281 2220 4373 que
2233 4288 2386 4351 sacri
2399 4285 2626 4348 ordinis
2643 4283 3318 4375 muniapraeemineuter
3351 4291 3749 4367 consummat,

2183 4109 2283 4173 Est
2337 4108 2519 4189 igitur
2573 4106 2929 4188 pontiﬁcalis
2984 4123 3091 4168 seu
3146 4105 3524 4187 episcopatus
3577 4108 3751 4181 ordo,

366 4387 582 4461 στήμας
640 4390 746 4441 τῶν
803 4386 955 4462 ἱερῶν
1011 4384 1403 4464 ἒκφαντορικῶς
1456 4388 1679 4463 μυοῦσα,
1725 4386 1810 4441 καὶ
1874 4381 2022 4439 ἐκδι-

363 4472 633 4532 δάσκουσα
683 4474 778 4536 τὰς
808 4472 1101 4551 ἀναλόγους
1146 4474 1315 4531 αὐτῶν
1377 4476 1461 4530 καὶ
1503 4476 1645 4552 ἱερὰς
1692 4472 1824 4539 ἓξεις
1856 4469 1921 4521 63
1963 4493 2021 4529 τε

363 4566 452 4622 καὶ
512 4564 758 4638 δυνάμεις
819 4561 883 4619 Ἠ
955 4560 1009 4619 δὲ
1067 4569 1174 4619 τῶν
1238 4563 1417 4642 ἱερέων
1461 4562 1822 4643 φωταγωγικὴ
1881 4560 2021 4627 τάξις

363 4654 452 4711 ἐπὶ
495 4655 591 4718 τὰς
622 4653 761 4719 θείας
814 4657 921 4708 τῶν
950 4651 1178 4709 τελετῶν
1224 4652 1451 4728 ἐποψίας
1510 4664 1843 4732 χειραγωγεϊ
1902 4652 2018 4713 τοὺς

361 4742 715 4818 τελουμένους
743 4744 845 4799 ὑπὸ
900 4747 968 4809 τῆ
1028 4749 1135 4799 τῶν
1193 4741 1384 4799 ἒνθὲων
1414 4745 1680 4822 ἱεραρχῶν
1734 4740 1898 4822 τάξει²
1933 4742 2023 4799 καὶ

364 4834 487 4910 μετ’
549 4835 712 4899 αὐτῆς
765 4834 1101 4911 ἱερουργοῦσα
1154 4833 1251 4895 τὰς
1310 4834 1503 4896 οἰκείας
1574 4831 1885 4910 ἱερουργίας·
1969 4830 2022 4886 ἐν

364 4928 453 4989 οἷς
513 4923 614 4999 μὲν
644 4922 778 4990 αὐτὶ,
835 4919 929 5001 δρᾷ
956 4923 1048 4988 τὰς
1097 4925 1367 5001 θεουργίας
1399 4921 1807 4980 ὕποδεικνύουσα
1834 4918 1899 4971 65
1939 4918 2022 4976 διὰ

364 5020 474 5071 τῶν
561 5012 863 5087 ἱερωτάτων
952 5008 1232 5088 συμϐόλων
1314 5013 1401 5069 καὶ
1487 5012 1827 5090 θεορητικοὺς
1898 5011 2019 5073 τοὺς

363 5105 690 5185 προσιόντας
733 5101 1088 5183 ἀποτελοῦσα⁹
1122 5105 1215 5160 καὶ
1254 5104 1361 5161 τῶν
1417 5105 1576 5161 ὁσίων
1612 5102 1841 5161 τελετῶν
1899 5123 2023 5160 κοι-

364 5195 590 5277 νωνοὺς,
627 5196 701 5261 εἷς
732 5194 822 5253 τὸν
852 5196 1110 5276 ἱεραρχην
1136 5191 1205 5244 64
1231 5192 1289 5251 δὲ
1349 5193 1736 5271 ἆναπὲμπουσα
1766 5194 1888 5257 τοὺς
1922 5197 2019 5260 τῆς

2105 4390 2283 4460 atque
2297 4394 2602 4439 sacrorum
2623 4374 2974 4453 disciplinas
3000 4374 3450 4453 interpretando
3467 4375 3668 4451 tradit,
3694 4384 3755 4438 et

2106 4470 2320 4532 edocet
2339 4483 2611 4546 quamam
2636 4464 2782 4544 ipsis
2805 4481 2990 4525 sacrm
3019 4464 3753 4542 competanthabitudines

2104 4568 2280 4640 atque
2313 4558 2587 4619 virtutes.
2622 4552 3012 4616 Sacerdotium
3045 4561 3240 4615 autem
3273 4554 3444 4635 ordo,
3479 4557 3580 4635 qui
3612 4556 3752 4618 illu-

2106 4649 2315 4722 minat,
2347 4646 2419 4707 ad
2454 4662 2622 4706 sacra
2655 4642 2930 4723 mysteria
2962 4643 3300 4705 contuenda
3331 4644 3594 4706 initiatos
3628 4662 3753 4707 ma-

2107 4738 2358 4800 nuducit
2414 4733 2749 4797 divinorum
2783 4731 2980 4793 ordini
3015 4734 3365 4813 pontiﬁcum
3418 4733 3749 4817 subjectus,

2105 4847 2240 4890 cum
2268 4845 2384 4907 quo
2428 4824 2669 4905 prepria
2699 4840 2805 4883 sua
2835 4821 3093 4885 celebrat
3140 4823 3542 4900 ofﬁcia,atque
3570 4823 3633 4885 in
3682 4825 3753 4886 iis

2108 4918 2349 4999 quidem
2386 4932 2518 4996 quae
2547 4913 2685 4976 facit
2716 4913 2915 4973 divina
2936 4931 3118 4993 opera
3148 4914 3540 4977 sanctissimis
3565 4915 3753 4995 signis

2104 5016 2162 5070 et
2205 5005 2589 5067 sacramentis
2645 5002 2936 5078 ostendit,
2969 5010 3452 5084 spectatoresque
3505 5023 3610 5067 eos
3651 5006 3756 5087 qui

2103 5094 2402 5160 accedunt
2458 5092 2660 5168 eﬂicit,
2710 5098 2769 5153 et
2824 5092 2887 5153 in
2948 5100 3288 5156 sanctorum
3336 5095 3754 5175 mysteriorum

2103 5184 2451 5250 societatem
2508 5180 3116 5264 communionemque
3171 5181 3451 5260 admittit,
3514 5185 3618 5248 sed
3676 5185 3750 5248 ad

1694 5371 1956 5438 VARle
2004 5360 2321 5434 LECTION
2333 5358 2441 5422 ES.

444 5488 510 5540 57
538 5489 888 5568 ἂποτελευτᾷ,
924 5485 985 5551 S.
1041 5490 1112 5552 D.
1165 5489 1272 5553 Ch.

1370 5489 1892 5570 ὅὸἆποτελειοῦσαι,
1955 5487 2064 5570 Ch.
2126 5483 2201 5570 Ι)ἶ
2396 5479 2722 5570 ,ἱερατικῴμ
2775 5482 2838 5540 Ρ.
2891 5479 2971 5570 _D.
3057 5478 3120 5529 (⁸ο
3171 5475 3754 5570 ἱερατική,.8.“9¹ξξ-

395 5578 683 5651 ουργοξόσα,
715 5573 823 5636 Ch,
846 5557 941 5619 ’δε
968 5568 1268 5650 ἀναλόγως,
1303 5570 1413 5634 Ch.
1445 5572 1588 5649 ἱερὰς
1620 5572 1816 5651 τάξεις,
1985 5569 2049 5619 οδ
2078 5564 2270 5651 Variat
2302 5565 2360 5620 in
2394 5558 2485 5651 his
2527 5557 2729 5651 verbis
2786 5561 3136 5651 scripturas.
3182 5559 3438 5651 ,ᾅεικνῦσα
3467 5558 3526 5651 in
3560 5558 3655 5619 his
3684 5557 3754 5651 ll-

395 5591 683 5650 ουργουσα,
715 5591 823 5636 un,
880 5591 941 5619 0'
968 5591 1268 5650 αναιογως,
1303 5591 1413 5634 un.
1448 5591 1588 5649 ιερας
1620 5593 1816 5644 ταςεις,
1850 5591 1911 5634 δ,
1985 5591 2049 5619 οὗ
2080 5591 2270 5629 variat.
2304 5591 2360 5620 ιιι
2394 5591 2485 5619 tua
2532 5591 2729 5623 νῠιυιδ
2786 5591 3084 5642 δυιΊμιυι-ιι
3117 5591 3130 5622 ;
3192 5591 3438 5618 υεικνυσιι
3467 5591 3526 5618 ιιι
3560 5591 3655 5619 uta
3684 5591 3750 5620 ιι-

362 5591 517 5723 iri-is,
551 5650 611 5712 in
641 5651 771 5716 aliis
801 5650 856 5710 δε
869 5656 1201 5727 ικνύουσα,εῐ
1231 5653 1310 5714 ita
1340 5651 1400 5714 iu
1444 5651 1581 5715 aliis
1614 5650 1873 5715 casibus.
1907 5649 2129 5717 Omnes
2162 5646 2325 5709 locos
2355 5647 2558 5703 notare
2586 5638 2828 5725 longum
2861 5650 3035 5704 esset.
3085 5638 3143 5684 δι
3178 5639 3257 5701 ita
3283 5637 3604 5720 legendum
3635 5648 3750 5717 est,

365 5748 493 5795 non
524 5736 652 5808 τῷν.
