4490 6164
548 288 665 362 507

1752 264 1813 366 s.
1861 301 2202 368 DIONYSII
2243 301 2777 370 AREOPAGITE.

3797 297 3915 367 508

552 430 894 515 pontiﬁcem
925 434 1172 501 remittit
1202 455 1307 501 eos
1337 437 1440 520 qui
1487 435 1862 520 disciplinam
1897 447 2239 522 expetuntA
2261 440 2325 500 ἐπ

2135 440 2569 520 ιιΑέπιστήμης
2621 451 2729 503 τῶν
2772 446 3138 526 θεωρηθεισῶν
3206 443 3514 524 ἱερουργιῶν
3573 440 3908 524 ἑφιεμένοος.

551 528 962 606 mysteriorum
993 545 1124 609 qua)
1149 528 1442 592 viderunt.
1476 528 1695 590 Verum
1715 529 1859 591 ordo
1890 529 2186 592 ministro-

548 633 686 678 rum
715 634 822 678 seu
853 618 1237 681 diaconorum
1272 628 1385 694 est,
1419 620 1516 699 qui
1548 619 1745 699 expiat
1774 631 1834 681 et
1873 618 2189 683 dissimilia

551 704 857 781 discernit,
881 715 1196 789 antequam
1220 709 1293 770 ad
1315 709 1687 770 sacerdotum
1712 727 1882 770 sacra
1901 710 2146 772 veniant
2169 731 2185 786 ;

548 795 903 859 accedentes
915 797 1410 875 etiamlustrat,ut
1439 817 1541 861 eos
1561 818 1594 860 a
1626 800 1940 861 contrariis
1962 798 2186 861 immu-

551 904 661 947 nes
686 886 921 960 reddat,
952 895 1129 968 atque
1157 906 1463 950 sacrorum
1499 888 1919 967 mysteriorum
1951 897 2188 969 specta-

552 974 690 1038 culo
739 986 801 1038 et
830 978 1251 1041 communione
1280 977 1512 1057 dignos.
1550 980 1752 1059 Itaque
1799 980 1855 1041 in
1886 996 2054 1041 sacra
2083 980 2192 1042 Dei

548 1067 1002 1144 regeneratione
1032 1067 1267 1131 diaconi
1299 1087 1459 1143 eum,
1494 1073 1591 1148 qui
1624 1068 1697 1129 ad
1727 1068 1890 1132 illam
1934 1070 2190 1143 accedit,

550 1156 791 1235 antiqua
819 1164 983 1218 veste
1005 1167 1226 1219 exuunt
1253 1167 1434 1235 atque
1475 1158 1862 1239 discalceant,
1894 1165 1957 1220 et
1984 1159 2057 1221 ad
2089 1178 2194 1222 oc-

552 1243 850 1307 cidentem
885 1245 1348 1309 alirrnuntiandi
1378 1266 1558 1310 causa
1584 1247 1829 1321 sistunt,
1863 1266 2193 1331 rursusque

552 1334 868 1396 traducunt
891 1335 962 1396 ad
986 1337 1279 1400 orientem
1309 1337 1473 1418 (sunt
1493 1337 1654 1400 enim
1688 1338 1996 1418 purgantis
2026 1340 2192 1401 ordi-

552 1422 648 1485 nis
673 1432 854 1505 atque
880 1425 1140 1504 virtutis)
1175 1428 1482 1490 hortantes
1513 1445 1616 1489 eos
1644 1433 1747 1508 qui
1778 1428 2092 1505 accedunt;
2126 1437 2191 1493 ut

554 1512 770 1595 prioris
792 1515 920 1576 vitae
950 1515 1299 1579 indumenta
1326 1518 1566 1599 penitus
1598 1516 2190 1596 deponanl;erroris-

553 1622 670 1683 que
706 1605 937 1682 pristini
969 1607 1235 1669 tenebris
1278 1607 1581 1689 patefactis
1608 1607 1825 1669 docent
1856 1628 1958 1671 eos
1987 1618 2049 1671 ut
2079 1610 2191 1671 ob-

2270 531 2333 591 Ἠ
2385 533 2439 590 δὲ
2495 536 2600 592 τῶν
2654 535 2974 614 λειτουργῶν
3029 534 3196 615 τάξις,
3240 537 3274 603 ἡ
3320 533 3613 612 καθαρτικῆ
3672 533 3763 590 καὶ
3806 540 3914 591 τῶν

2268 622 2530 699 ἀνομοίων
2574 624 2893 702 διακριτικὴ,
2928 626 3027 705 πρό
3081 623 3147 676 65
3173 630 3271 692 τῆς
3305 625 3390 681 ἐπὶ
3445 624 3540 687 τὰς
3570 629 3677 680 τῶν
3731 622 3913 703 ἱερέων

2267 716 2556 792 ἱερουργίας
2618 716 3003 795 προσαγωγῆς,
3058 715 3399 793 ἀποκαθαίρει
3481 715 3601 777 τοὺς
3660 716 3913 779 προσιόν-

2270 825 2391 878 τας,
2436 803 2653 881 ἀμιγεῖς
2715 806 2902 869 αὐτοὺς
2960 804 3292 863 ἀποτελοῦσα
3348 804 3454 861 τῶν
3505 803 3779 883 ἐναντίων,
3826 805 3917 861 καὶ

2273 895 2402 972 πρὸς
2458 896 2788 972 ἱερουργικὴν
2820 896 3045 971 ἐποψίαν
3091 897 3177 953 καὶ
3227 895 3504 953 κοινωνίαν
3561 891 3914 962 ἐπιτηδείως,

2274 981 2451 1040 ⁹¹Οθεν
2508 983 2594 1040 ἐπὶ
2648 990 2747 1052 τῆς
2801 987 2943 1063 ἱερᾶς
2999 988 3330 1063 θεογενεσίας
3382 986 3430 1041 οἱ
3486 983 3778 1062 λειτουργοὶ
3824 983 3919 1041 τὸν

2276 1074 2563 1149 προσιόντα
2620 1079 2718 1141 τῆς
2774 1082 3007 1138 παλαιᾶς
3078 1075 3475 1154 ἀπογυμνοῦσιν
3543 1073 3791 1152 ἐσθῆτος,
3841 1072 3919 1129 ἔτι

2279 1164 2385 1237 μὴν
2441 1165 2524 1221 καὶ
2573 1163 2879 1244 ὑπολύουσι,
2932 1168 3018 1222 καὶ
3066 1167 3196 1245 πρὸς
3255 1164 3458 1240 δυσμὰς
3502 1165 3576 1230 εἷς
3635 1163 3918 1241 ἀποταγὴν

2276 1258 2483 1326 ἱστῶσι,
2512 1256 2598 1311 καὶ
2658 1254 2800 1319 αὖθις
2841 1256 2971 1333 πρὸς
3001 1254 3072 1311 ἕω
3130 1256 3441 1333 μετάγουσι,
3477 1254 3608 1329 (τῆς
3656 1256 3920 1332 καθαρτι-

2273 1351 2375 1412 κῆς
2431 1345 2531 1423 γάρ
2602 1346 2698 1402 εἰσι
2784 1345 2983 1411 τάξεως
3057 1347 3143 1402 καὶ
3213 1342 3540 1421 δυνάμεως,)
3598 1340 3920 1400 ἀποϐάλλειν

2272 1434 2465 1497 ὁλικῶς
2504 1433 2902 1513 ἐγκελευόμενον.
2950 1446 3070 1499 τοῖς
3128 1441 3402 1514 προσιοῦσι
3447 1435 3541 1494 τὰς
3570 1433 3669 1501 τῆς
3721 1430 3920 1512 προτέ-

2274 1547 2365 1604 ρας
2424 1528 2566 1594 ζωῆς
2598 1524 2896 1604 ἀμφιέσεις,
2929 1527 3012 1582 καὶ
3055 1526 3117 1582 τὸ
3173 1532 3265 1581 του
3324 1523 3579 1603 προτέρου
3620 1522 3732 1600 βίου
3784 1543 3922 1579 σκο-

2274 1616 2444 1670 τεινὸν
2485 1612 2916 1691 ὑποδεικνύντες,
2950 1617 3039 1672 καὶ
3084 1613 3481 1677 ἐκδιδάσκοντες
3535 1614 3745 1688 αὐτοὺς,
3779 1612 3923 1668 ἀπο-

554 1693 748 1756 scuris
778 1695 956 1756 rebus
987 1696 1293 1778 ablegatis,
1320 1716 1453 1759 sese
1485 1697 1929 1760 transferantad
1964 1717 2034 1761 ea
2065 1719 2197 1781 quae
2278 1726 2327 1759 τι

2155 1719 2197 1762 E3
2278 1701 2599 1778 ταξαμένους
2655 1717 2777 1767 τοῖς
2807 1704 3132 1785 ἀλαμπέσιν,
3168 1705 3250 1761 ἐπὶ
3290 1706 3355 1760 τὰ
3414 1703 3708 1783 φωτιστικά
3762 1722 3928 1777 μετα-

553 1784 1315 1873 illuminant.Diaconorum
1334 1788 1532 1865 itaque
1548 1789 1695 1850 ordo
1708 1788 2192 1870 estexpiatorius,
2221 1789 2256 1837 Β
2278 1815 2326 1850 τε

2153 1789 2567 1873 Ξ,Βταχθῆναι.
2645 1795 2945 1873 Καθαρτικὴ
3021 1784 3189 1851 τοίνυν
3272 1793 3411 1850 ἐστὶν
3481 1796 3515 1861 ἡ
3590 1790 3926 1872 λειτουργική

554 1873 625 1934 ad
658 1872 940 1953 praeclara
970 1876 1348 1939 sacerdotum
1382 1896 1551 1939 sacra
1585 1878 1815 1939 ducens
1843 1896 1945 1938 eos
1970 1877 2069 1960 qui
2100 1897 2199 1940 ex-
2280 1882 2326 1939 δι

2152 1898 2199 1938 ι·-
2280 1872 2654 1962 διακόσμτβις,
2691 1872 2912 1948 ἐπὶντὰς
2959 1885 3125 1964 φανὰς
3157 1890 3260 1940 τῶν
3318 1883 3499 1959 ἱερέων
3529 1881 3595 1931 66
3635 1882 3925 1961 ἱερουργίας

556 1963 694 2043 piati
742 1972 900 2038 sunt,
932 1974 1111 2045 atque
1157 1967 1353 2046 expiat
1384 1967 1789 2047 imperfectos,
1824 1986 1973 2047 quos
2022 1975 2195 2029 etiam
2281 1973 2329 2028 c’xw

2153 1986 2195 2029 cn
2281 1973 2548 2049 ἀνάγουσαι
2607 1974 2728 2037 τοὺς
2787 1976 3230 2053 κεκαθαρμένους,
3285 1975 3373 2031 καὶ
3430 1974 3554 2038 τοὺς
3612 1972 3926 2036 ἀτελέστους

554 2055 704 2110 fovet
727 2055 1108 2125 purgantibus
1134 2056 1499 2127 eloquiorum
1533 2057 2011 2114 “lustrationibus
2032 2067 2201 2130 atque

555 2142 868 2218 doctrinis;
901 2152 960 2205 et
993 2155 1278 2224 praeterea
1305 2148 1579 2226 profanos
1604 2167 1637 2209 a
1659 2147 2081 2210 sacerdotibus
2105 2166 2198 2210 ar-

556 2241 671 2308 cet,
709 2242 949 2312 propter
996 2236 1154 2315 quod
1189 2238 1493 2316 pontiﬁcio
1525 2237 1794 2299 instituto
1821 2244 2006 2300 sacris
2049 2259 2200 2320 quo-

562 2341 681 2404 que
709 2322 938 2386 foribus
969 2326 1312 2403 praeﬁcitur,
1350 2337 1410 2388 ut
1441 2329 1825 2408 signiﬁcetur,
1863 2346 2069 2390 eorum
2104 2329 2205 2411 qui

557 2412 629 2473 ad
662 2430 827 2475 sacra
854 2415 1096 2476 veniunt
1127 2435 1434 2479 accessum
1470 2416 1833 2479 omnimodis
1863 2418 2206 2481 illustratio-

558 2499 734 2563 nibus
748 2521 881 2564 esse
897 2523 965 2566 ex
976 2505 1190 2584 piandu
1202 2524 1279 2581 m,
1306 2506 1789 2587 quandoquidem
1809 2507 1880 2568 ad
1895 2514 2198 2587 aspectum

558 2593 1157 2675 communionemque
1186 2614 1495 2657 sacrorum
1533 2597 1952 2658 introducendi
1989 2616 2203 2659 munus

556 2683 900 2760 expiatoriis
927 2684 1241 2747 \irtutibus
1263 2686 1337 2746 sit
1362 2687 1812 2761 commissum,a
1837 2686 2052 2767 quibus
2074 2689 2199 2771 alii,

557 2772 659 2851 qui
716 2770 789 2833 ab
821 2773 985 2834 omni
1043 2774 1183 2837 256
1210 2778 1438 2838 macula
1488 2777 1752 2838 munilati
1804 2786 1963 2855 sunt,
2003 2770 2200 2840 intro?

559 2860 890 2927 mittantur.

2282 2063 2707 2142 ἀποκαθαίρουσα
2789 2067 2870 2120 καὶ
2956 2064 3281 2140 μαιευομένη
3366 2076 3489 2127 ταῖς
3575 2066 3925 2138 καθαρτικαῖς

2285 2158 2389 2209 τῶν
2435 2152 2624 2229 λογίων
2678 2152 2975 2229 ἑλλάμψεσι
3007 2156 3095 2211 καὶ
3154 2152 3535 2231 διδασκαλίαις,
3569 2151 3666 2208 καῖ
3714 2150 3930 2221 προσέτι

2284 2244 2409 2305 τοὺς
2468 2242 2701 2320 ἀνιέρους
2755 2250 2859 2318 τῷν
2902 2244 3083 2322 ἱερέων
3144 2245 3356 2321 ἀμιγῶς
3413 2240 3927 2299 ἀποδιαστέλλουσα⁶

2286 2331 2365 2389 διὸ
2424 2334 2510 2389 καὶ
2540 2347 2664 2397 ταῖς
2720 2336 2890 2412 ἱεραῖς
2922 2335 3085 2402 αὐτὴν
3132 2334 3374 2413 ἐφίστησι
3432 2331 3623 2397 πύλαις
3652 2334 3687 2399 ἡ
3747 2335 3930 2408 ἱεραρ-

2287 2423 2421 2501 χικὴ
2471 2425 2805 2503 θεσμοθεσία,
2835 2424 2933 2489 τὴν
2985 2424 3116 2500 πρὸς
3165 2424 3231 2480 τὰ
3275 2424 3387 2497 ἱερὰ
3443 2429 3548 2479 τῶν
3604 2423 3933 2501 προσιόντων

2286 2511 2495 2568 εἴσοδον
2547 2512 2602 2567 ἐν
2660 2526 2783 2576 ταῖς
2832 2512 3120 2569 παντελέσι
3185 2512 3496 2590 καθάρσεσιν
3557 2509 3925 2585 αἱνισσομένη,

2284 2603 2379 2660 καί
2426 2604 2521 2670 τὴν
2550 2605 2635 2659 ἒπὶ
2684 2603 2775 2668 τάς
2806 2605 2945 2681 ἱερὰς
3007 2608 3176 2662 αὒτῶν
3227 2601 3453 2676 έποψίας
3504 2602 3591 2657 καὶ
3650 2601 3934 2663 κοινωνίας

2285 2695 2640 2771 προσαγωγὴν
2723 2700 2817 2755 τᾶς
2895 2697 3236 2772 καθαρτικαϊς
3318 2690 3599 2765 δννάμεσιν
3684 2689 3928 2769 ἐγχειρί-

2285 2791 2466 2862 ζουσα,
2498 2786 2587 2840 καὶ
2640 2782 2723 2840 διὰ
2767 2784 2968 2840 τούτων
3028 2784 3212 2846 αὐτοὺς
3266 2779 3629 2850 ἀκηλιδώτους
3683 2778 3935 2862 εἰσδεχο-

2286 2872 2445 2949 μένη.

2156 3033 2186 3112 §
2229 3031 2355 3097 vn.

641 3187 1119 3251 Demonstratum
1146 3198 1234 3251 est
1255 3190 1434 3270 igitur
1462 3190 1810 3271 pontificum
1845 3192 2084 3273 quidem
2109 3204 2258 3256 or-C

559 3277 761 3341 dinem
790 3277 1143 3358 perﬁciendi
1165 3281 1277 3342 vim
1304 3279 1549 3363 habere,
1572 3301 1639 3343 ac
1666 3282 1867 3362 reipsa
1894 3283 2205 3363 perﬁcere:

559 3367 933 3430 sacerdotum
965 3380 1162 3433 autem
1196 3370 1573 3434 illuminandi
1606 3373 1717 3434 vim
1753 3371 1996 3447 habere,
2032 3382 2212 3455 atque

558 3457 925 3534 illuminare;
957 3459 1363 3524 ministrorum
1395 3480 1534 3524 vero
1568 3462 1843 3540 expiandi
1877 3481 1946 3525 ac
1976 3462 2208 3525 discer-

560 3548 1095 3611 nendifacultatem
1121 3551 1417 3614 obtinere.
1454 3554 1760 3634 Siquidem
1784 3553 1930 3614 ordo
1964 3554 2209 3633 pontiﬁ-

561 3637 690 3698 cius
742 3656 861 3698 non
895 3640 1243 3719 perficiendi
1291 3651 1540 3712 tantum,
1579 3641 1684 3703 sed
1720 3651 1777 3702 et
1828 3641 2208 3705 illuminandi

560 3726 738 3788 simul
770 3737 946 3808 atque
977 3731 1252 3810 expiandi
1306 3732 1418 3793 vim
1454 3733 1632 3794 habet
1664 3756 1679 3809 ;
1713 3751 1780 3793 ac
1829 3743 2088 3812 potestas
2122 3752 2209 3795 sa-

566 3817 901 3897 cerdotum,
928 3829 1139 3897 praeter
1160 3821 1535 3883 illuminandi
1567 3816 2213 3904 facultatem,expiandi

572 3925 813 3984 quoque
860 3909 1121 3970 continet
1151 3910 1461 3974 scientiam
1497 3929 1510 3974 :
1560 3930 1762 3972 verum
1795 3911 2108 3973 inferiores
2137 3915 2210 3975 ad

572 3994 947 4075 superiorum
982 3999 1317 4063 functiones
1350 4001 1646 4063 transilire
1674 4019 2046 4083 nequaquam
2081 4021 2211 4082 pos-

575 4093 735 4165 sunt,
768 4104 950 4168 quare
993 4090 1158 4151 nefas
1186 4091 1263 4151 sit
1311 4109 1415 4154 eos
1471 4092 1543 4153 ad
1578 4101 1797 4154 tantam
1858 4092 2209 4173 proterviam

575 4175 1150 4241 devenire.Virtutes
1171 4189 1369 4242 autem
1406 4201 1537 4261 quae
1562 4183 1881 4244 diviniores
1902 4191 2216 4262 sunt.pras-

579 4272 671 4326 ter
698 4265 1008 4329 facultates
1041 4270 1308 4349 proprias
1350 4271 1698 4332 inferiorum
1732 4292 1970 4353 quoque
2012 4289 2216 4334 sacras

575 4355 857 4418 scientias
881 4359 1247 4437 perfectione
1278 4379 1384 4423 sua
1441 4361 1766 4423 continent.
1801 4363 2089 4436 Quoniam
2123 4371 2214 4425 ta-

576 4462 713 4506 men
742 4447 1162 4511 ecclesiastica)
1182 4449 1615 4531 descriptiones
1642 4452 1972 4514 divinarum
2004 4453 2217 4531 imagi-

2367 3196 2636 3254 Δέδεικται
2692 3198 2862 3254 τοίνυν
2910 3199 3047 3272 ἡμῖν
3101 3198 3136 3264 ἡ
3192 3196 3288 3271 μὲν
3326 3203 3433 3253 τῶν
3485 3198 3753 3274 ἱεραρχῶν
3785 3190 3935 3261 τάξις

2291 3287 2607 3355 τελειωτικὴ
2666 3290 2754 3344 καὶ
2806 3285 3196 3365 τελεσιουργός*
3245 3288 3279 3355 ἡ
3329 3284 3384 3343 δὲ
3442 3288 3546 3342 τῶν
3589 3284 3770 3363 ἱερέων
3822 3307 3939 3365 φω-

2291 3380 2503 3447 τιστικὴ
2562 3380 2648 3435 καὶ
2714 3376 3068 3458 φωταγωγ6ς⁶
3121 3380 3152 3445 ἦ
3211 3375 3265 3432 δὲ
3313 3376 3417 3432 τῶν
3471 3375 3790 3454 λειτουργῶν
3845 3397 3941 3432 κα-

2292 3470 2513 3545 θαρτικὴ
2558 3471 2645 3526 καὶ
2697 3466 3020 3547 διακριτική,
3066 3464 3270 3534 δηλαδὴ
3328 3468 3427 3532 τῆς
3483 3467 3796 3544 ἱεραρχικῆς
3840 3464 3941 3521 τά-

2294 3556 2446 3633 Ξεως,
2504 3562 2564 3617 οὗ
2641 3557 3026 3634 τελεσιουργεῒν
3108 3558 3294 3631 μόνον,
3350 3554 3487 3611 ἀλλὰ
3551 3556 3638 3609 καὶ
3699 3555 3942 3632 φωτίζειν

2294 3649 2406 3723 ἅμα
2458 3650 2544 3705 καὶ
2577 3649 2842 3725 καθαίρειν
2900 3645 3281 3725 ἐπισταμένης,
3314 3646 3407 3701 καί
3466 3649 3565 3710 τῆς
3609 3649 3715 3700 τῶν
3762 3643 3945 3723 ἱερέων

2295 3734 2563 3812 δυνάμεως
2605 3737 2837 3817 ἐχούσης
2870 3736 2923 3792 ἐν
2956 3736 3120 3811 ἑαυτῇ
3150 3736 3287 3811 μετὰ
3342 3739 3441 3802 τῆς
3471 3737 3797 3813 φωτιστικῆς
3856 3734 3948 3790 καὶ

2297 3827 2392 3891 τὴν
2449 3826 2768 3902 καθαρτικὴν
2828 3827 3156 3899 ἐπιστήμην.
3190 3826 3252 3881 Αἰ
3303 3824 3400 3899 μὲν
3452 3825 3552 3902 γὰρ
3606 3822 3798 3889 ἥττους
3857 3822 3946 3879 ἰπὶ

2296 3916 2359 3969 τὰ
2406 3914 2624 3991 κρείττω
2665 3911 2978 3988 μεταπηδᾷν
3030 3911 3362 3987 ἀδυνατοῦσι,
3395 3913 3526 3988 πρὸς
3580 3914 3643 3968 τὸ
3686 3910 3751 3960 67
3807 3910 3946 3987 μηδὲ

2295 4005 2506 4077 θεμιτὸν
2559 4005 2744 4066 αὐταῖς
2774 4004 2916 4060 εἶναι
2961 4005 3094 4080 πρὸς
3147 4002 3397 4067 τοιαύτην
3428 4001 3700 4081 ἐγχειρεῖν
3755 3999 3948 4072 ἀλαζο-

2296 4094 2456 4149 νείαν’
2515 4097 2564 4149 αἱ
2595 4092 2649 4149 δέ
2701 4092 2959 4171 θειότεραι
3005 4091 3249 4167 δυνάμεις
3282 4092 3418 4167 μετὰ
3469 4096 3576 4146 τῶν
3607 4093 3810 4148 οἰκείων
3856 4086 3947 4148 καὶ

2297 4185 2392 4248 τὰς
2453 4184 2735 4264 ὑφειμέναις
2767 4183 2863 4250 τῆς
2922 4184 3092 4264 αὐτῶν
3140 4180 3478 4248 τελειότητος
3531 4182 3670 4259 ἱερὰς
3728 4180 3949 4251 ἐπιστήο

2295 4295 2403 4349 μας
2448 4261 2856 4352 γιγνώσκουσιν.
2922 4261 2958 4293 ”
2990 4282 3152 4342 Ομως
3212 4269 3393 4339 ἐπειδὴ
3448 4270 3600 4328 θείων
3644 4272 3768 4326 ιίσὶν
3809 4269 3949 4349 ἔνερ-

2298 4371 2457 4439 γειῶν
2513 4364 2711 4427 εἰκόνες
2776 4366 2827 4419 αἱ
2883 4364 3141 4441 ἱερατικαὶ
3201 4360 3584 4435 διακοσμήσεις
3639 4365 3740 4426 τῆς
3796 4361 3950 4419 εὐκό-

2302 4476 2437 4528 σμου
2498 4457 2583 4509 καὶ
2640 4453 2943 4532 ἀσυγχύτου
2972 4452 3078 4507 τῶν
3134 4451 3285 4507 θείων
3318 4450 3594 4529 ἐνεργειῶν
3636 4448 3857 4524 τάξεως,
3891 4450 3945 4504 ἓν

578 4551 684 4594 nes
712 4543 850 4596 sunt
881 4537 1208 4611 actionum,
1244 4542 1400 4620 quod
1430 4542 1620 4601 ornati
1654 4540 2034 4624 distinctique
2064 4543 2218 4603 divi-
2243 4532 2351 4598 οὲα

2174 4532 2517 4607 ἱ-θὲαυταϊς
2576 4540 2836 4599 δεικνῦσαι
2868 4542 2962 4605 τὰς
3004 4538 3330 4617 τεταγμένας
3380 4538 3675 4615 ὶλλείμψεις
3720 4541 3791 4604 εἷς
3849 4538 3947 4601 τὰς

578 4642 785 4685 narum
818 4627 1115 4690 actionum
1153 4631 1382 4692 ordinis
1414 4639 1608 4692 certas
1647 4640 1921 4712 ratasque
1952 4631 2216 4693 illustra—

577 4714 769 4777 tiones
792 4715 852 4777 in
877 4734 943 4778 se
961 4718 1263 4794 exhibent,
1297 4726 1355 4779 in
1391 4720 1633 4799 primas,
1670 4729 1725 4781 et
1764 4719 1988 4782 medias
2020 4721 2217 4781 novis-

576 4802 879 4883 simasque
907 4825 1105 4869 sacras
1135 4808 1469 4870 functiones
1511 4818 1686 4890 atque
1719 4810 1961 4870 ordines
2004 4809 2060 4869 in
2093 4810 2219 4873 bie-

576 4894 865 4956 rarchicis
922 4897 1407 4960 distinctionibus
1451 4908 1590 4960 sunt
1646 4898 1997 4973 dietributaa,
2034 4900 2215 4978 quod,

583 4981 667 5043 uti
696 4981 842 5064 dixi,
875 4986 1204 5047 divinarum
1238 4989 1537 5049 actionum
1580 4988 1854 5049 ordinem
1884 4999 2060 5069 atque
2088 4990 2216 5049 dis-

580 5071 927 5135 tinctionem
953 5075 1011 5135 in
1039 5078 1381 5156 semetipsis
1412 5077 1715 5138 exhibent.
1748 5076 1892 5139 Cum
1926 5078 2085 5140 enim
2121 5079 2220 5140 illa

582 5177 817 5222 summa
864 5162 1064 5225 Deitas
1108 5175 1341 5228 mentes
1399 5184 1520 5241 eas,
1554 5166 1768 5246 quibus
1814 5185 1882 5230 se
1933 5168 2217 5250 insinuat,

581 5250 839 5334 primum
901 5254 1125 5335 expiet,
1156 5273 1224 5318 ac
1254 5254 1475 5319 deinde
1526 5256 1842 5331 illuminet,
1878 5266 2060 5337 atque
2089 5259 2221 5321 illu-

2301 4632 2513 4710 πρώτας
2571 4634 2659 4690 καὶ
2740 4631 2905 4707 μέσας
2978 4632 3065 4687 καὶ
3122 4629 3424 4696 τελευταίας
3480 4630 3624 4708 ἱερὰς
3681 4627 3949 4706 ἐνεργείας

2299 4725 2387 4779 καὶ
2461 4723 2657 4794 τάξεις,
2718 4720 2772 4776 ἐν
2828 4719 3145 4799 διακρίσεσιν
3216 4721 3553 4799 ἱεραρχικαϊς
3615 4717 3950 4797 ἐτάχθησαν,

2299 4812 2665 4887 ἒμνοαίνουσαι,
2723 4811 2957 4879 καθάπερ
3034 4808 3188 4888 ἔφην,
3247 4809 3299 4865 έν
3358 4810 3572 4873 ἑαυταῖς
3632 4807 3737 4864 τῶν
3796 4809 3951 4862 θείων

2300 4901 2573 4978 ἐνεργειῶν
2634 4903 2694 4958 τὸ
2749 4898 3069 4977 τεταγμένον
3149 4899 3235 4955 καὶ
3295 4898 3650 4977 ἀσύμιρυρτον,
3716 4892 3945 4962 Ἐπειδὴ

2301 4992 2400 5069 γὰρ
2455 4993 2488 5059 ἡ
2519 4995 2743 5071 θεαρχὶα
2770 4991 2889 5054 τοὺς
2923 4990 2976 5046 ἐν
3009 4992 3096 5052 οἷς
3144 4987 3206 5043 ἂν
3237 4986 3519 5065 ἐγγένῆται
3551 4987 3675 5049 νόας
3735 4985 3948 5041 ἀποκα-

2299 5080 2461 5159 θαίρει
2522 5082 2748 5157 πρῶτον,
2785 5081 2909 5136 εἶτα
2967 5078 3202 5158 φωτίζει,
3253 5078 3338 5132 καὶ
3395 5076 3750 5156 φωτισθέντας
3811 5074 3950 5131 ἀπο·

2302 5169 2501 5228 νελειοϊ
2557 5173 2687 5247 πρὸς
2741 5167 2944 5236 θεοειδῆ
2992 5164 3404 5244 τελεσιουργίαν,
3438 5167 3657 5229 είκότως
3708 5165 3743 5231 'n
3773 5166 3954 5244 ἱεραρ-

2302 5262 2439 5341 χικὴ
2490 5262 2595 5317 τῶν
2624 5262 2773 5317 θείων
2818 5258 3033 5317 εἱκόνων
3065 5254 3131 5307 68
3185 5258 3259 5320 εἰς
3290 5253 3696 5336 διακεκριμέθας
3749 5254 3949 5323 ἑαυτὴν

1911 5418 2174 5485 νΑΒΙιΕ
2231 5418 2547 5487 LECTION
2554 5422 2666 5485 ES.

659 5560 724 5613 65
751 5561 904 5639 πρὸς.

583 5644 664 5712 M.
691 5647 755 5711 P.
814 5646 881 5698 os
908 5646 1083 5728 εἰκών,
1128 5640 1236 5707 Ch.
1273 5643 1342 5707 o.

989 5559 1059 5612 66
1111 5559 1432 5641 φανοτάτας,
1461 5558 1541 5623 M.
1578 5560 1684 5635 τῷν
1712 5560 1887 5638 ἱερῷν,
1921 5556 1985 5620 Ρ.
2021 5566 2078 5621 οι
2111 5576 2243 5621 mox
2276 5560 2379 5636 τῷν
2407 5561 2560 5639 ἱερῷν
2592 5559 2800 5638 ἀμιγῷς
2832 5577 2848 5634 ;
2880 5555 3237 5640 astipulatur
3263 5554 3373 5618 Ch.
3409 5552 3481 5620 Ῑ).
3567 5550 3633 5603 6⁷
3668 5551 3801 5633 πρὸς
3843 5550 3948 5633 τῷ,
