4490 6164
290 336 408 406 509
1313 338 1411 400 DE
1455 338 1750 402 ECCLES.
1800 339 2256 415 HIERARCH.,
2305 341 2469 404 CAP.
2535 337 2612 406 V.
3559 339 3678 412 510

287 474 480 557 διαιρεῖ
534 474 707 541 τάξεις
739 495 796 532 τε
855 474 946 532 καὶ
1003 471 1271 550 δυνάμεις,
1319 472 1550 553 ἐναργῶς
1581 473 1930 533 ὑποδεικνῦσα
1953 483 1989 536 Α
2013 481 2060 536 sl

1899 498 1930 532 α
1953 483 1989 536 Α
2013 481 2227 538 stratas
2249 477 2490 541 demum
2515 477 2586 540 ad
2601 477 2953 542 deiformem
2980 478 3298 563 quamdam
3326 490 3672 563 promoveat

286 568 379 632 τὰς
423 565 713 646 θεαρχικὰς
759 564 1018 644 ἐνεργείας
1071 565 1123 621 ἐν
1173 566 1596 643 παναγεστάταις
1653 567 1740 623 καὶ
1797 567 1928 642 ἀμι-
2019 583 2052 646 ρ

1899 601 1928 613 -
2019 566 2473 646 perfectionem,
2503 576 2665 632 recte
2689 587 2857 632 sacer
2878 571 3046 646 ordo,
3081 573 3183 652 qui
3205 573 3422 636 divinis
3453 572 3670 654 praeest

285 658 403 736 γέσι
475 656 685 722 τάξεσιν
754 657 1015 717 εὐσταθῶς
1087 654 1174 710 καὶ
1243 654 1556 734 ἆσυγχΰτως
1626 655 1931 722 ἑστηκυίας,

285 743 439 804 Ἀλλ’
490 744 674 813 ἒπειδὴ
702 745 795 810 τὰς
839 745 1102 824 ἱερατικὰς
1156 742 1326 809 τάξεις
1373 766 1431 800 τε
1463 745 1551 800 καὶ
1608 744 1941 821 ἀποπληρώ-

286 859 393 901 cu;
423 836 512 916 69,
541 835 791 911 δυνάμεις
855 856 910 892 τε
962 835 1134 892 αὐτῶν
1184 836 1271 891 καὶ
1303 833 1563 913 ἐνεργείας
1621 837 1937 915 ειρήκαμεν,

285 931 358 994 ὡς
409 930 549 996 ἡμῖν
579 928 814 1007 ἐφικτὸν⁷
849 927 937 982 καὶ
985 925 1079 989 τὰς
1131 925 1418 1004 ἱερωτάτας
1469 924 1668 1004 αὒτὼν,
1699 927 1772 989 ὡς
1823 929 1937 982 οἷοί

284 1018 342 1074 τέ
371 1019 554 1094 ἐσμεν.
593 1015 1006 1091 ἒποπτεύσωμεν
1041 1014 1366 1078 τελειώσεις.

2025 655 2405 739 imaginibus,
2433 659 2492 720 in
2521 658 2788 721 diversos
2810 662 3198 742 semetipsum
3221 663 3461 726 ordines
3491 665 3674 728 virtu-

2025 752 2232 825 tesque
2285 747 2639 828 distinguit;
2706 759 2908 829 aperte
2965 750 3402 827 demonstrans,
3439 754 3670 818 divinas

2021 834 2154 897 illas
2168 837 2775 917 praecipuasactiones
2807 841 2863 900 in
2879 840 3270 903 sanctissimis
3303 843 3670 922 purissimis-

2023 943 2138 1003 que
2169 926 2488 988 ordinibus
2515 935 2858 990 constanter
2890 929 3288 1012 distincteque
3318 933 3666 998 consistere.

2021 1013 2137 1076 Sed
2159 1017 2438 1096 quoniam
2472 1018 2850 1080 sacerdotum
2869 1019 3112 1081 ordines
3143 1039 3212 1082 ac
3238 1023 3458 1097 munia,
3484 1025 3675 1086 virtu-

288 1116 496 1190 tesque
529 1124 734 1168 eorum
767 1112 825 1166 et
854 1105 1118 1166 actiones
1181 1123 1289 1186 pro
1339 1103 1492 1166 virili
1552 1103 1960 1186 exposuimus,
1994 1106 2428 1170 sacratissimas
2458 1109 2640 1170 etiam
2692 1127 2898 1171 eorum
2931 1112 3436 1189 consecrationes,
3473 1115 3671 1192 quoad

286 1214 622 1280 possumus,
651 1194 1130 1262 consideremus.

552 1371 618 1424 ll.
667 1361 966 1436 Μυστήειιον
997 1361 1276 1436 ἱερατικῶν
1323 1359 1657 1424 τελειώσεον.

365 1487 426 1547 Ὀ
479 1489 579 1564 μὲν
635 1487 912 1568 ἱεράρχης,
971 1488 1056 1545 ἐπὶ
1114 1489 1212 1555 τὴν
1280 1489 1594 1569 ἱεραρχικὴν
1662 1489 1933 1547 τελείωσιν

285 1579 712 1658 προσαγόμενος,
749 1578 910 1656 ἄμφω
965 1580 1042 1634 τὼ
1092 1576 1220 1635 πόδε
1265 1578 1444 1644 κλίνας
1498 1581 1812 1657 ἓπίπροσθεν
1843 1591 1935 1639 τοῦ

2100 1359 2169 1416 ΙΙ.
2194 1362 2518 1435 Mysterium
2547 1364 2972 1422 consecrationis
2999 1379 3287 1422 sacrorum
3315 1365 3576 1423 ordinum.

2021 1494 2285 1556 Pontifex
2334 1494 2574 1576 quidem
2631 1496 2732 1572 qui
2782 1495 2853 1555 ad
2917 1495 3283 1574 pontificiam
3344 1512 3668 1558 consecra-

2023 1585 2245 1647 tionem
2272 1594 2360 1646 est
2389 1594 2629 1648 evectus
2661 1593 2910 1665 utroque
2933 1603 3085 1660 genu
3119 1587 3270 1646 ﬂexo
3297 1597 3434 1648 ante
3455 1588 3666 1666 altare,

287 1669 657 1746 θυσιαστηρίου
713 1668 798 1742 70,
843 1669 926 1725 ἐπὶ
983 1667 1222 1748 κεφαλῆς
1278 1669 1395 1749 ἔχει
1454 1668 1519 1725 τά
1577 1668 2060 1746 θεοπαράδοταδει

1894 1693 1934 1727 τα
1962 1689 1997 1739 Β
2021 1693 2199 1754 supra
2231 1684 2408 1753 caput
2429 1675 2612 1738 habet
2644 1676 2983 1755 Scripturas
3012 1694 3044 1737 a
3079 1677 3197 1737 Deo
3230 1675 3501 1755 traditas,
3537 1695 3667 1738 ma-

287 1761 465 1836 λόγια,
527 1757 622 1815 καί
678 1759 775 1826 τὴν
838 1762 1154 1838 ἱεραρχικῆν
1214 1774 1404 1840 χεῖρα,
1461 1761 1549 1817 καὶ
1619 1763 1790 1836 τούτῳ
1862 1767 1937 1834 τῷ

285 1849 466 1927 τρόπώ
519 1850 651 1928 πρὸς
681 1857 772 1905 τοῦ
800 1848 1080 1915 τελοῦντος
1140 1851 1298 1908 αὐτὸν
1328 1850 1580 1930 ἱεράρχου
1609 1850 1736 1915 ταῖς
1794 1873 1936 1908 παν-

287 1940 608 2018 αγεστάταις
655 1939 997 2010 ἐπικλήσεσιν
1049 1939 1474 2004 ἆποτελειοῦται,
1527 1938 1587 1998 Ὀ
1637 1937 1691 1996 δὲ
1743 1942 1932 2021 ἱερεὺς,

287 2030 447 2110 ἄμφω
483 2031 560 2087 τὼ
609 2028 735 2087 πόδε
765 2028 946 2093 κλίνας
992 2030 1302 2107 ἐπίπροσθεν
1335 2039 1425 2088 τοῦ
1454 2031 1591 2088 θείω
1641 2037 1934 2098 θλσιαστη-

288 2121 417 2199 ρίου,
471 2120 557 2177 ἐπὶ
610 2119 863 2199 κεφαλῆς
902 2120 1022 2201 ἔχει
1079 2121 1178 2189 τὴν
1239 2122 1556 2202 ἱεραρχικὴν
1611 2120 1805 2196 δεξιάν,
1850 2123 1937 2179 καὶ

288 2211 459 2283 τούτῳ
505 2211 582 2274 τῷ
613 2212 793 2290 τρόπῳ
836 2212 968 2288 πρὸς
1017 2218 1105 2268 τοῦ
1165 2211 1442 2276 τελοῦντος
1473 2213 1628 2269 αὐτὸν
1685 2212 1938 2292 ἱεράρχου

288 2313 407 2363 ταῖς
447 2302 738 2375 ίεροποιοϊς
770 2299 1115 2371 ἑπικλήσεσιν
1174 2303 1479 2380 ἁγιάζεται.
1515 2301 1575 2360 Ὀ
1608 2300 1662 2359 δὲ
1695 2301 1936 2380 λειτοῦρ-

289 2392 405 2469 γὸς,
439 2390 528 2446 ἕνα
559 2403 678 2448 τοτν
708 2388 899 2448 ποδοῖν
953 2391 1131 2455 κλίνας
1163 2391 1472 2471 ἐπίπροσθεν
1506 2400 1597 2448 τοῦ
1647 2393 1786 2451 θείου
1842 2397 1935 2449 θυ-

286 2481 615 2561 σιαστηρίου,
688 2481 773 2537 ἐπὶ
833 2481 1070 2561 κεφαλῆς
1147 2482 1266 2561 ἔχει
1341 2482 1439 2550 τὴν
1496 2490 1586 2540 τοῦ
1661 2481 1937 2548 τελοῦντος

287 2573 442 2628 αὺτὸν
502 2571 754 2650 ἱεράρχου
814 2570 1007 2651 δεξιὰν⁷
1059 2570 1425 2647 τελειούμενος
1478 2572 1753 2630 ὑπἀὐτοῦ
1813 2587 1938 2638 ταῖς

285 2660 390 2717 τῶν
462 2660 788 2740 λειτουργῶν
847 2661 1184 2725 τελεστῖκαῖς
1250 2662 1618 2733 ἐπικλήσεσι-ν,
1695 2662 1938 2737 Ἐκάστῳ

284 2748 335 2807 δὲ
399 2753 576 2809 απῦτῶν
619 2754 652 2819 ἡ
715 2752 1055 2831 σταυροειδὴς
1117 2753 1490 2828 ἐνσημαίνεται
1533 2754 1664 2832 πρὸς
1695 2761 1787 2810 τοῦ
1843 2775 1938 2810 τε-

283 2840 502 2908 λοῦντος
563 2842 813 2922 ἱεράρχου
872 2845 1118 2923 σφραγὶς,
1180 2845 1266 2900 καὶ
1319 2844 1435 2901 καθ’
1495 2842 1717 2901 ἕκαστον
1775 2843 1940 2918 ἆνάῤ-

283 2933 440 3010 ρησις
471 2933 587 3011 ἱερὰ
616 2933 874 3013 γίγνεται,
911 2934 999 2989 καὶ
1039 2931 1398 3009 τελειωτικὸς,
1434 2933 1738 3008 ἀσπασμὸς,
1771 2933 1940 2991 ἀσπα-

2021 1782 2285 1844 ηυιῐ.(ιυθ
2331 1764 2649 1845 pontificis,
2677 1773 2853 1844 atque
2899 1765 3012 1826 hoc
3069 1764 3243 1825 modo
3286 1785 3318 1826 a
3363 1765 3665 1847 pontiﬁce,

2022 1853 2122 1934 qui
2147 1853 2338 1933 ipsum
2365 1864 2697 1929 consecrat,
2720 1854 3114 1916 sanctissimis
3145 1855 3668 1934 adprecationibus

2021 1951 2427 2007 consecratur.
2475 1945 2770 2007 Sacerdos
2801 1963 2942 2006 vero
2977 1953 3231 2024 utroque
3265 1945 3486 2025 poplite
3531 1954 3669 2008 ante

2019 2032 2203 2094 altare
2229 2035 2406 2108 ﬂexo,
2432 2033 2492 2095 in
2524 2035 2716 2114 capite
2761 2034 2937 2097 habet
2967 2035 3235 2096 dextram
3270 2035 3586 2114 pontificis,
3612 2044 3672 2098 et

2021 2123 2135 2186 hoc
2167 2123 2342 2184 modo
2381 2123 2454 2186 ab
2488 2125 2590 2186 illo
2636 2124 2941 2204 pontifice,
2976 2124 3075 2204 qui
3108 2123 3274 2184 illum
3334 2135 3661 2202 consecrat,

2020 2214 2240 2275 sanctis
2259 2214 2729 2276 invocationibus
2751 2216 3278 2277 consecraturPov
3297 2233 3361 2274 ro
3379 2215 3665 2278 diaconus

2022 2304 2156 2362 257
2183 2320 2363 2365 unum
2388 2322 2540 2380 genu
2563 2305 2810 2365 flectens
2841 2311 2977 2364 ante
3002 2303 3266 2363 divinum
3282 2303 3465 2364 altare
3488 2323 3669 2384 supra

2021 2403 2202 2472 caput
2222 2392 2401 2454 habet
2417 2393 2684 2457 dextram
2705 2392 3004 2473 pontificis
3021 2392 3214 2472 ipsum
3239 2395 3667 2475 consecrantis,

2023 2491 2078 2545 et
2094 2483 2166 2544 ab
2182 2502 2251 2545 eo
2269 2493 2648 2545 consecratur
2673 2482 3148 2544 invocationibus
3163 2482 3234 2543 ad
3262 2482 3668 2546 ministrorum

2021 2573 2530 2634 consecrationem
2577 2571 3065 2635 accommodatis.
3118 2571 3443 2651 Unicuique
3472 2583 3670 2634 autem

2024 2681 2228 2725 eorum
2255 2662 2484 2740 signum
2506 2662 2699 2724 crucis
2719 2670 3154 2724 aconsecrante
3174 2661 3447 2740 pontifice
3465 2661 3674 2742 impri-

2025 2753 2226 2814 mitur.
2261 2761 2319 2814 et
2347 2752 2602 2830 singulis
2633 2764 2836 2817 sancta
2869 2751 3206 2829 praadicatio
3233 2752 3670 2832 perﬁciensque

2024 2843 2300 2906 salutatio
2333 2841 2676 2923 adhibetur,
2703 2845 2935 2904 cunctis
2967 2841 3358 2923 praesentibus
3392 2842 3673 2904 ecclesia-

2024 2933 2338 3006 cticls,una
2370 2951 2503 2995 cum
2531 2933 2810 3013 pontifice
2831 2931 3671 3008 consecrante,comalutanti-

282 3023 510 3098 ζομένου
594 3024 791 3086 παντὸς
885 3024 1149 3100 ἱερατικοῦ
1243 3023 1498 3099 παρόντος
1569 3022 1779 3104 ἀνδρὸς,
1852 3021 2055 3103 καὶαι]

1897 3025 1999 3103 κὶα
2026 3021 2138 3086 bus
2187 3022 2352 3084 illum
2386 3023 2488 3104 qui
2521 3025 2579 3085 in
2625 3023 2887 3102 aliquem
2935 3023 3228 3085 dictorum
3263 3021 3538 3084 ordinum
3583 3040 3670 3086 sa-

285 3121 375 3170 τοῦ
434 3113 748 3178 τελέσαντος
777 3115 1028 3193 ίεραρχου
1083 3113 1176 3171 τὸν
1208 3115 1334 3192 πρὸς
1396 3136 1446 3172 τι
1478 3118 1584 3171 τῶν
1641 3113 1930 3194 εἰρημένων

287 3205 565 3284 ἱερατικῶν
601 3204 882 3282 ταγμάτων
913 3202 1352 3264 ἀποτελεσθέντα.

926 3338 1018 3392 lll.
1067 3331 1288 3411 Θεωρία.

2021 3131 2261 3178 crorum
2294 3121 2384 3176 est
2407 3121 2738 3196 cooptatus.

2563 3335 2656 3392 ΙΙΙ.
2699 3336 3110 3409 Contemplatio.

1922 3433 2054 3513 §I.

370 3588 533 3649 Κοινᾶ
577 3592 672 3665 μὲν
708 3590 818 3648 ἔστι
879 3590 1000 3653 τοῖς
1053 3591 1329 3669 ἱεραρχαις
1360 3611 1416 3645 τε
1475 3591 1562 3645 ναὶ
1605 3592 1795 3669 ἱερεῦσι
1852 3595 1938 3650 καὶ

287 3680 627 3759 λειτοδργοῖς
678 3683 731 3737 ἓν
761 3694 884 3742 ταῖς
939 3681 1234 3756 ἱερατικαϊς
1293 3679 1465 3736 αὐτῶν
1506 3679 1844 3739 τελειώσεσιν
1903 3685 1936 3751 ἡ

285 3793 415 3848 προς
462 3772 524 3826 τὸ
555 3775 698 3827 θεῖον
746 3771 1114 3846 θυσιαστήριον
1146 3772 1502 3847 προσαγωγὴ,
1537 3771 1624 3824 καὶ
1680 3772 1938 3828 ὑπόπτωηι

285 3885 388 3935 σις,
421 3863 457 3929 ἡ
506 3859 601 3926 τῆς
627 3861 944 3938 ἱεραρχικῆς
975 3860 1160 3938 χειρὸς
1219 3859 1469 3930 ἐπιθεσις,
1507 3860 1542 3926 ἡ
1601 3859 1936 3938 σταυροειδὴς

281 3951 528 4032 σφραγὶς,
601 3951 635 4017 ἡ
708 3948 1036 4026 ἀνάῤῥησις,
1114 3951 1141 4004 ὁ
1207 3947 1546 4014 τελειωτικὸς
1629 3949 1930 4026 ἀσπτισμός·

283 4040 518 4118 ἐξαίρετα
572 4037 626 4095 δὲ
678 4041 765 4095 καὶ
823 4038 1042 4117 ἔκκριτοι
1099 4051 1218 4101 τοῖς
1269 4039 1545 4118 ἱεράρχαις
1605 4041 1766 4116 μὲνὴ
1829 4047 1935 4098 τῶν

281 4130 472 4209 λογίων
535 4128 620 4185 ἐπὶ
691 4127 932 4208 κεφαλῆς
993 4126 1254 4207 ἐπιθεσις³
1319 4129 1414 4184 οὐκ.
1482 4128 1722 4208 ἐχόντων
1780 4140 1933 4190 τοῦτο

281 4228 386 4277 τῶν
418 4218 716 4300 ὑφειμένων
767 4215 1079 4295 ταγμσίτων⁹
1114 4231 1232 4280 τοῖς
1264 4215 1318 4272 δὲ
1362 4220 1611 4294 ἱερεῦσιν,
1645 4221 1679 4286 ἡ
1731 4221 1932 4297 ἀμφοῖν

280 4325 399 4368 τοῖν
456 4306 648 4366 ποδοῖν
693 4306 886 4382 γλίσις,
922 4309 1018 4365 οὒκ.
1077 4308 1312 4387 ἒχούσης
1357 4315 1513 4364 τοῦτο
1555 4314 1654 4375 τῆς
1689 4315 1795 4365 τῶν
1827 4309 1936 4366 λει-

2105 3590 2459 3655 Communia
2474 3589 2712 3669 quidem
2732 3592 2946 3652 suntet
2971 3586 3438 3668 pontificibus,et
3458 3604 3665 3649 sacer-

2021 3683 2340 3754 dotibus,et
2369 3680 2654 3740 ministris
2679 3696 2810 3740 cum
2829 3689 3564 3751 consecrantur,accessus
3594 3675 3670 3736 ad

2022 3772 2282 3834 divinum
2315 3770 2529 3848 altare,
2563 3787 2820 3848 genuum
2856 3768 3054 3838 flexio,
3090 3767 3402 3847 pontificiae
3462 3784 3671 3827 manus

2020 3859 2558 3942 impositio,crucis
2589 3858 2928 3936 impressio,
2951 3857 3317 3937 prazdicatio,
3349 3856 3668 3936 perficiens

2018 3953 2289 4015 salutatio
2328 3971 2344 4025 ;
2377 3955 2673 4030 praecipua
2701 3965 2841 4010 vero
2892 3955 2948 4008 et
2975 3947 3275 4028 episcopis
3303 3944 3542 4025 propria
3583 3953 3672 4007 est

2020 4041 2456 4122 Scripturarum
2493 4057 2670 4117 supra
2690 4037 3202 4117 raputimpositio,
3233 4037 3389 4115 quod
3418 4034 3667 4096 inferio-

2017 4149 2116 4194 res
2138 4129 2381 4191 ordines
2398 4146 2515 4187 non
2542 4125 2784 4197 habent;
2800 4124 3212 4187 sacerdotibus
3239 4131 3432 4184 autem
3455 4125 3670 4184 utrius-

2018 4238 2133 4300 que
2177 4217 2344 4296 pedis
2377 4214 2704 4287 inclinatio,
2741 4233 2856 4294 quo
2890 4221 3052 4275 caret
3094 4211 3463 4300 consecratio
3497 4211 3668 4272 mini-

2018 4299 2298 4381 strorum,
2339 4303 2596 4366 ministri
2645 4302 2830 4378 enim,
2865 4313 2927 4366 ut
2975 4302 3197 4364 dictum
3258 4310 3368 4378 est,
3406 4299 3657 4362 alterum

282 4401 518 4480 τουργῶν
574 4397 924 4458 τελειώσεως·
963 4398 1009 4453 οἱ
1063 4398 1162 4476 γὰρ
1215 4396 1532 4474 λειτουργοὶ,
1565 4400 1738 4466 καθὼς
1772 4402 1932 4479 εἷ’ρη-
1955 4407 2055 4462 Du

978 4398 1009 4453 >ἱ
1063 4398 1162 4476 γὰρ
1215 4396 1532 4474 λειτουργοὶ,
1565 4400 1738 4466 καθὼς
1772 4402 1932 4479 εἷ’ρη-
1955 4409 2000 4462 Β
2021 4407 2252 4462 tantum
2283 4415 2434 4476 genu
2483 4395 2751 4456 flectunt.

281 4515 392 4567 ται,
422 4493 509 4548 τὸν
546 4488 638 4546 ’ένα
667 4487 934 4545 κλίνουσιν
962 4500 1078 4544 τοῖν
1109 4484 1295 4545 ποδοῖν
1326 4487 1513 4563 μόνον,

1906 4596 1936 4676 §
1969 4595 2042 4658 11.

362 4731 426 4788 ’Π
479 4733 578 4806 μὲν
627 4732 715 4788 οῦν
757 4732 840 4788 ἐπὶ
873 4733 931 4788 τὸ
992 4735 1138 4788 θεῖον
1179 4731 1548 4808 θυσιαστήριον
1609 4753 1777 4808 προσα
1795 4731 1933 4808 ίωγὴ

279 4822 365 4878 καὶ
395 4822 702 4885 ὑπόπτωσις
763 4822 1049 4878 αἰνίσσεται
1085 4830 1213 4876 πασι
1259 4834 1377 4884 τοῖς
1422 4823 1696 4898 ἱερατικῶς
1745 4819 1930 4876 τελου-

283 4912 486 4984 μένοις,
547 4913 847 4970 ῦποτιθέναι
908 4909 1132 4968 καθόλου
1190 4910 1240 4955 Ἠ
1304 4909 1604 4989 τελετάρχῃ
1667 4916 1784 4984 Θεῷ
1835 4910 1932 4975 τὴν

281 5002 473 5057 οἰκείαν
535 5002 700 5082 ζωὴν,
734 5003 818 5058 καὶ
877 5003 977 5068 τὴν
1025 5002 1224 5056 ἑαυτῶν
1285 5001 1467 5078 νοερὰν
1499 4999 1755 5072 ὀλότητα,
1789 4999 1926 5054 πάν-

280 5112 440 5167 αγνον
525 5091 668 5164 αῦτῷ
747 5092 836 5148 καὶ
903 5089 1300 5168 καθιερωμένην
1386 5103 1773 5168 προσαγαγεῖν,
1840 5089 1926 5144 καὶ

278 5179 497 5254 ὁμοειδῆ
549 5179 627 5254 79,
661 5183 772 5254 καὶ,
805 5184 880 5242 ὡς
937 5179 1172 5258 ἓυναυὸν,
1206 5178 1350 5245 ἀξίαν
1413 5180 1570 5236 οὖσαν
1620 5182 1710 5236 τοῦ
1764 5182 1925 5255 θεαρ-

278 5280 438 5348 χικιῦ
497 5272 586 5326 καὶ
643 5271 1047 5348 παναγεστάτου
1106 5269 1194 5324 καὶ
1246 5267 1431 5345 ἱερείου
1487 5271 1574 5326 καὶ
1633 5274 1926 5334 θυσιαστη-

280 5361 388 5437 ρίου
437 5359 501 5408 75
544 5368 636 5418 τοῦ
689 5361 1052 5438 καθιεροῦντος
1094 5361 1368 5439 ἱερατικῶς
1427 5359 1546 5425 τοὺς
1599 5357 1845 5420 θεοειδεῗς
1877 5355 1931 5398 ’τι

279 5450 423 5516 νόας.

2096 4729 2297 4811 Itaque
2328 4747 2608 4792 accessus
2639 4727 2738 4789 ille
2761 4726 2830 4788 ad
2867 4725 3126 4788 divmnm
3161 4724 3344 4785 altare
3374 4738 3664 4811 genuum-

2017 4838 2132 4900 que
2166 4809 2340 4881 flbxio
2373 4819 2630 4879 insinuat
2661 4816 2939 4878 omnibus
2987 4815 3056 4876 iis
3084 4819 3180 4894 qui
3215 4819 3399 4874 sacris
3444 4809 3667 4900 ordini-

2015 4899 2666 4981 businitiantur,vitam
2703 4906 3001 4986 propriam
3028 4904 3168 4977 Deo,
3197 4899 3665 4964 consecrationis

2013 4999 2262 5072 auctori,
2291 4999 2526 5079 penitus
2554 4995 3012 5075 subjiciendam,
3046 5011 3155 5054 nec
3191 5011 3305 5052 non
3340 4989 3664 5070 spiritalem

2014 5087 2413 5166 integritatem
2460 5086 2702 5148 omnino
2759 5103 2963 5166 puram
3029 5089 3456 5164 purgatumque
3489 5088 3665 5161 atque

2013 5177 2368 5238 uniformem
2397 5176 2760 5238 offerendam
2781 5193 2936 5246 esse,
2969 5182 3054 5245 ut,
3083 5192 3160 5249 qu
3187 5179 3368 5232 intum
3394 5170 3522 5232 ﬁeri
3548 5188 3662 5250 po-

2013 5273 2146 5339 test,
2183 5265 2361 5344 digna
2409 5265 2483 5324 sit
2515 5263 2711 5324 divino
2765 5263 2986 5344 templo
3033 5273 3094 5324 et
3137 5260 3306 5322 altari
3363 5263 3512 5340 ejus,
3548 5258 3660 5340 qui

2011 5355 2291 5417 sanctiori
2322 5354 2549 5416 ratione
2580 5352 2902 5415 deiformes
2935 5360 3165 5415 mentes
3191 5355 3532 5412 consecrat.

1605 5527 1857 5592 VABl/E
1888 5525 2323 5592 LECTIONES.

359 5637 426 5688 69
453 5638 884 5712 ἀποκληρώιεις,
945 5637 1006 5687 70
1040 5641 1096 5695 τὸ
1128 5639 1265 5697 θείου
1299 5641 1508 5713 θητείας,
1547 5637 1654 5704 Ch.
1691 5637 1758 5700 Π.
1821 5634 1870 5678 Ή
1905 5633 2048 5700 add.
2083 5640 2181 5710 τῷ.
2243 5633 2300 5684 ⁷²
2332 5631 2549 5699 desunt
2580 5632 2705 5695 haec
2736 5631 2796 5695 in
2828 5629 2888 5694 S.
2920 5637 2980 5692 et
3008 5631 3076 5692 Ρ.
3109 5626 3163 5672 73
3194 5627 3281 5683 καὶ
3311 5626 3447 5705 ἱεροῦ
3477 5629 3665 5683 θυσια-

272 5722 511 5801 στηρίου,
547 5717 612 5784 S.
642 5717 708 5783 Ρ.
740 5717 814 5784 Β.
877 5717 930 5764 ⁴⁷
960 5720 1160 5786 θείους.

4118 1964 4199 2107 Β

4119 2111 4194 2212 Ξ

4115 2213 4193 2452 ἓ

4116 2455 4192 2514 ..ι

4111 2569 4195 2779 Ξ

4109 2786 4194 2991 Ξ

4109 2999 4194 3089 Σ

4108 3135 4194 3273 ἓ

4109 3453 4196 3681 Ξ

4107 3679 4194 3935 Ξ

4107 3990 4193 4186 Ξ
