4490 6164
574 289 684 361 511

1741 297 1803 363 S.
1848 296 2185 365 DIONYSlI
2227 293 2750 366 AREOPAGITE.

3835 298 3955 369 512

2177 430 2209 513 §
2243 428 2343 494 ιιι.

654 594 959 663 Pontiﬁcis
977 605 1177 663 autem
1204 616 1414 662 manus
1439 595 1734 677 impositio
1767 593 2041 674 designat
2057 593 2214 657 bier-
2232 600 2275 651 Α

573 686 869 750 archicam
918 690 1375 770 protectionem,
1403 707 1541 770 qua,
1575 697 1851 767 tanquam
1884 692 2119 746 sanctos
2148 681 2213 744 ti-

574 776 713 858 lios,
746 787 991 853 paterno
1020 780 1236 842 affectu
1267 778 1444 859 fovet,
1480 786 1539 840 et
1568 785 1784 839 statum
1814 775 2215 853 virtutemque

576 868 728 929 sacri
758 869 988 931 ordinis
1010 866 1868 950 impertitor,adversariasque
1898 871 2217 946 potestates

578 957 785 1036 procul
816 958 890 1020 ab
920 958 1037 1021 illis
1068 958 1249 1038 abigit
1278 980 1292 1022 :
1329 958 1626 1038 simulque
1655 957 1849 1035 docet,
1886 954 1973 1017 sic
1998 971 2216 1017 conse-

580 1053 775 1107 cratos
803 1047 972 1111 obire
994 1066 1190 1110 sacras
1219 1066 1429 1110 omnes
1450 1048 1674 1108 ordinis
1703 1045 2059 1118 functiones,
2085 1050 2220 1105 tan-

580 1151 753 1214 quam
786 1142 885 1216 qui
916 1137 1025 1199 sub
1057 1140 1179 1201 Deo
1212 1138 1345 1200 illas
1386 1137 1626 1209 obeant,
1662 1154 1838 1219 quem
1872 1134 1933 1196 in
1964 1133 2125 1196 omni
2157 1150 2223 1195 re

581 1241 819 1288 suarum
865 1227 1160 1290 actionum
1193 1228 1408 1291 ducem
1441 1227 1683 1292 habent.

2379 592 2441 651 Ἦ
2496 593 2551 651 δὲ
2593 595 2690 665 τῆς
2724 599 3041 679 ἱεραρχικῆς
3070 598 3134 651 75
3165 588 3354 680 χειρὸς
3403 597 3632 665 ἐπίθεσις
3663 602 3799 677 ἐμοῦ
3852 601 3951 679 μὶν

2298 683 2537 765 ἐμφαίνει
2596 691 2695 755 τήν
2739 687 3128 769 τελεταρχικῂν
3183 690 3413 763 σκέπην,
3448 688 3535 770 ὑφ’
3580 692 3647 757 ἧς
3689 693 3763 756 ὡς
3808 693 3954 750 παῖ-

2299 772 2382 838 δες
2438 777 2564 854 ἱεροὶ
2612 778 2952 856 περιέπονται
3011 787 3306 859 πατρικῶς,
3344 784 3527 843 αὐτοῖς
3577 781 3676 856 μὲν
3706 780 3809 847 ἕξιν
3865 784 3956 839 καὶ

2300 864 2516 939 δύναμιν
2571 869 2843 945 ἱερατικὴν
2903 867 3268 949 δωρουμένης,
3298 872 3394 936 τὰς
3455 870 3690 934 ἐναντίας
3738 871 3795 928 δὲ
3852 873 3956 929 αὒ-

2302 960 2409 1010 τῶν
2468 952 2711 1032 δυνάμεις
2763 957 3228 1037 ἀποῤῥαπιζούσης
3293 958 3376 1010 76⁸
3440 958 3669 1018 διδάσκει
3729 959 3786 1017 δὲ
3842 962 3957 1038 ἅμα

2302 1045 2391 1101 καὶ
2446 1046 2622 1111 πάσας
2675 1046 2852 1105 τελεῖν
2911 1050 3007 1114 τὰς
3062 1050 3331 1129 ἱερατικᾶς
3391 1050 3678 1129 ἐνεργείας,
3734 1055 3809 1117 ὡς
3853 1053 3958 1110 ὑπὸ

2305 1141 2419 1208 Θεῷ
2476 1137 2805 1214 πράττοντας
2848 1139 2969 1205 τοὺς
3026 1139 3389 1213 τελεσθέντας,
3443 1141 3527 1198 καὶ
3584 1147 3692 1198 τῶν
3748 1143 3959 1201 οἰκείων

2304 1224 2580 1305 ἐνεργειῶν
2615 1227 2771 1284 αὐτὸν
2802 1228 3030 1310 ἔχοντας
3062 1230 3118 1288 ἐν
3148 1233 3307 1290 παντὶ
3343 1232 3711 1311 κατηγεμόνα,

2187 1385 2218 1466 §
2255 1381 2355 1449 1v.

662 1552 847 1614 Porro
898 1552 1135 1635 signum
1179 1552 1378 1615 crucis
1424 1553 1702 1633 designat
1734 1554 2000 1616 omnium
2049 1547 2225 1613 simul

584 1641 902 1698 carnalium
938 1644 1318 1713 cupiditatum
1356 1644 2084 1716 cessationem,divina=que
2106 1643 2228 1698 vita

581 1728 995 1808 imitationem,
1023 1732 1163 1795 dum
1196 1742 1538 1797 constanter
1571 1736 1876 1796 intuentur
1903 1733 1976 1796 ad
2010 1732 2116 1795 Dei
2145 1731 2227 1791 vi-

581 1819 747 1877 rilem
779 1822 914 1880 Jesu
950 1825 1116 1882 vitam
1144 1826 1214 1882 ad
1245 1840 1467 1882 crucem
1500 1840 1682 1896 usque
1709 1835 1761 1879 et
1796 1834 2054 1884 mortem.
2094 1836 2225 1879 cum

583 1926 818 1974 summa
862 1932 1104 1994 prorsus
1135 1933 1201 1976 ac
1233 1915 1431 1977 divina
1462 1914 1961 1995 impeccabilitate
1991 1921 2225 1976 transa-

583 2009 765 2081 ctam,
800 2003 903 2080 qui
936 2005 1031 2083 pie
1076 2005 1366 2087 viventes,
1402 2017 1675 2087 tanquam
1719 2006 1838 2067 sibi
1867 2005 2225 2077 i-onformes;

584 2089 658 2150 ad
720 2090 1039 2193 imaginem
1095 2095 1235 2154 238
1291 2094 1806 2178 impeccabilitatis
1863 2112 1985 2158 suae
2043 2093 2228 2156 forma

587 2182 781 2243 crucis
809 2182 1075 2264 insignit.

2390 1552 2453 1609 Ἦ
2502 1552 2839 1629 σταυροειδὴς
2894 1552 2948 1609 δὲ
2999 1557 3222 1636 σφραγὶς
3253 1556 3352 1623 τὴν
3402 1557 3625 1616 ἁπασῶν
3666 1557 3800 1632 ὁμοῦ
3848 1563 3956 1616 τῶν

2310 1649 2572 1722 σαρκικῶν
2631 1643 2691 1691 ’Π
2740 1641 2957 1720 ὀρέξεων
3018 1645 3417 1723 ἆνενεργησέαν,
3476 1649 3564 1704 καὶ
3626 1648 3722 1715 τὴν
3772 1647 3958 1721 θεσμί-

2310 1754 2481 1808 μητον
2538 1734 2705 1807 ζωὴν,
2768 1734 3047 1813 ἀφορῶσαν
3127 1734 3357 1801 ἀκλινῶς
3418 1737 3492 1801 εἰς
3554 1737 3652 1804 τὴν
3714 1735 3962 1815 ἀνδρικὴν

2309 1820 2486 1889 ἰησοῦ
2539 1822 2817 1889 θειοτάτην
2878 1823 3044 1896 ζωὴν,
3106 1822 3231 1903 ἄχρι
3297 1831 3521 1903 σταυροῦ
3577 1827 3665 1882 καὶ
3734 1826 3961 1884 θανάτου

2311 1913 2446 1988 μετὰ
2502 1915 2794 1991 θεαρχικῆς
2856 1912 2919 1961 73
2997 1913 3397 1991 ἁναμαρτησίας
3468 1914 3815 1995 ἐληλυθότος,
3875 1918 3966 1974 καὶ

2310 2002 2427 2063 τοὺς
2488 1999 2624 2057 οὕτω
2680 2008 2907 2081 ζῶντας,
2941 2004 3013 2067 ὡς
3072 2001 3392 2078 ὁμοιοειδετς
3433 2002 3499 2054 79
3548 2003 3965 2081 ἐνσημαίνοντος

2311 2098 2386 2167 τῷ
2417 2089 2747 2171 σταυροειδεϊ
2777 2095 2873 2161 τῆς
2906 2092 3100 2156 οἰκείας
3131 2093 3523 2172 ἀνακαρτησὲας
3553 2093 3737 2158 εἰκόνι.

2229 2302 2376 2382 5v.

666 2460 894 2520 Sacram
920 2478 1053 2521 vero
1094 2466 1522 2525 ordinationum
1554 2475 1607 2525 et
1638 2481 1837 2525 eorum
1865 2464 1965 2538 qui
1992 2463 2231 2522 initian-

590 2566 684 2619 tur
713 2554 1242 2637 promulgationem
1280 2558 1535 2639 pontifex
1573 2557 1917 2639 proclamat,
1950 2554 2231 2637 mysterio

590 2648 956 2722 declarante,
991 2647 1112 2709 Deo
1143 2647 1364 2709 clarum
1413 2667 1715 2709 sacrorum
1747 2648 2021 2710 ordinum
2053 2647 2234 2707 colla-

590 2745 780 2799 torem
813 2737 1198 2815 interpretem
1222 2756 1355 2800 esse
1385 2738 1596 2799 divinae
1616 2737 1952 2817 electionis,
1976 2753 2234 2817 eumque

591 2847 710 2889 non
761 2826 983 2907 privata
1015 2826 1199 2905 gratia
1252 2846 1353 2889 eos
1383 2828 1488 2909 qui
1536 2826 1847 2889 initiantur
1874 2827 1950 2888 ad
1998 2843 2230 2889 sacrum

589 2916 847 2975 ordinem
872 2930 1225 2985 promovere,
1250 2916 1350 2973 sed
1381 2917 1570 2975 afﬂatu
1591 2917 1691 2974 Dei
1723 2918 1840 2987 regi
1875 2918 1934 2974 in
1965 2917 2233 2974 omnibus

592 3006 983 3069 hierarchicis
1042 3007 1537 3070 ordinationibus.
1592 3007 1716 3069 [Ioc
1753 3006 1927 3069 modo
1981 3010 2227 3088 Moyses,

594 3113 731 3159 cum
765 3102 925 3158 esset
981 3097 1254 3174 legalium
1289 3097 1532 3159 collator
1561 3097 2078 3175 caeremoniarum,
2111 3097 2232 3159 fra-

594 3195 746 3248 trem
774 3205 943 3248 suum
976 3187 1198 3263 Aaron,
1226 3189 1559 3268 quatumvis
1582 3190 1703 3250 Deo
1735 3189 2002 3258 charum,
2030 3205 2233 3249 sacer-

2395 2465 2502 2529 Τὴν
2559 2463 2700 2537 ἱερὰν
2731 2462 2785 2520 δὲ
2828 2469 2934 2521 τῶν
2985 2464 3313 2522 τελειώσεων
3356 2467 3444 2524 καὶ
3474 2471 3580 2522 τῶν
3629 2462 3964 2541 τελουμένων

2314 2551 2597 2631 ἆνάῤῥησιν
2644 2556 2671 2609 6
2706 2555 2960 2634 ἱεραρχῆς
3010 2553 3231 2635 ἀναϐοᾷ,
3268 2565 3360 2616 τοῦ
3390 2557 3680 2635 μυστηρίου
3736 2554 3964 2622 δηλοῦν-

2314 2666 2424 2718 τος,
2488 2646 2559 2707 ὡς
2618 2646 2645 2699 6
2696 2643 2939 2724 φιλόθεος
2990 2645 3358 2724 ἱεροτελεστης
3418 2646 3797 2724 ἐκφαντορικός
3847 2644 3963 2702 ἐστι

2315 2738 2414 2801 τῆς
2464 2737 2755 2814 θεαρχικῆς
2812 2733 3065 2813 ἐκλογῆς,
3103 2737 3196 2791 οὐκ
3252 2738 3407 2799 αὗτὸς
3465 2735 3565 2808 ἰδίᾳ
3612 2736 3794 2816 χάριτι
3838 2735 3964 2801 τοὺς

2316 2823 2663 2897 τελουμένους
2725 2823 2810 2880 ἐπὶ
2857 2825 2955 2887 τὴν
3011 2824 3282 2900 ἱερατικὴν
3341 2823 3485 2902 ἄγων
3548 2823 3612 2874 80
3664 2822 3961 2901 τελείωσιν,

2316 2911 2434 2969 ἀλλ’
2491 2913 2592 2970 ὑπό
2626 2920 2756 2970 Θεοῦ
2808 2914 3113 2988 κινούμενος
3160 2916 3233 2978 εἰς
3295 2915 3467 2977 πάσας
3499 2915 3595 2977 τὰς
3654 2913 3965 2994 ἱεραρχικὰς

2318 3003 2644 3081 ἁγιαστείας.
2709 3002 2859 3060 Οὕτω
2931 3009 3128 3070 Μωσῆς
3201 3006 3228 3061 6
3287 3008 3517 3080 νομικῶς
3569 3002 3962 3084 ἱεροτελεστῆς,

2316 3091 2431 3150 οὒδέ
2482 3092 2706 3172 ἀδελφὸν
2736 3092 2860 3148 ὅντα
2916 3105 3007 3149 τὸν
3039 3092 3244 3172 Ἀαρὼν
3303 3096 3376 3159 είς
3419 3095 3688 3169 ἱερατικὴν
3740 3093 3965 3150 τελείω-

2318 3206 2400 3240 σιν
2456 3183 2596 3259 ἅγει,
2629 3184 2717 3239 καὶ
2760 3181 3001 3261 φιλόθεον
3044 3184 3200 3241 αὐτὸν
3245 3186 3504 3241 εἶναικαὶ
3546 3184 3805 3262 ἱερατικὸν
3850 3183 3967 3240 οἷό-

596 3277 879 3355 dotioque
908 3276 1176 3360 dignum,
1214 3297 1330 3340 non
1378 3279 1540 3359 prius
1565 3279 1636 3339 ad
1669 3278 2094 3341 sacerdotalem
2127 3296 2230 3338 or-
2250 3277 2291 3327 C
2318 3295 2369 3348 με

2194 3277 2291 3327 ’-0
2318 3295 2499 3348 μενος,
2531 3273 2690 3352 ἄχρις
2755 3276 2812 3329 οὗ
2860 3274 3033 3329 θεόθεν
3089 3276 3162 3339 είς
3216 3281 3371 3331 τοῦτο
3422 3276 3677 3354 κινηθεὶς,
3712 3275 3811 3330 ὑπὸ
3871 3295 3967 3329 τε-

595 3367 797 3429 dinem
835 3368 1146 3449 promovit,
1181 3388 1352 3450 quam
1385 3369 1456 3430 ad
1516 3369 1574 3430 id
1608 3370 1890 3431 divinitus
1921 3368 2230 3442 excitatus,

594 3457 704 3520 sub
726 3476 958 3519 summo
986 3468 1401 3521 consecratore
1425 3459 1545 3521 Deo
1569 3459 1992 3521 sacerdotalem
2017 3476 2234 3518 conse-

594 3548 908 3604 crationem
932 3547 1330 3617 pontiﬁcaliti-r
1358 3548 1976 3616 celebraret.Quinimo
2008 3546 2235 3605 divinus

595 3637 698 3698 ille
740 3654 809 3699 ac
841 3640 1067 3716 primus
1115 3639 1343 3699 ordinis
1374 3638 1561 3700 nostri
1603 3638 1852 3700 collator
1880 3638 2024 3717 (hoc
2071 3638 2232 3700 enim

596 3744 812 3788 munus
832 3726 945 3788 sibi
976 3726 1148 3790 Jesus
1188 3725 1649 3804 benignissimus
1679 3728 1739 3788 in
1773 3728 1960 3789 nostri
1987 3727 2237 3807 gratiam

597 3816 940 3897 assumpsit)
962 3835 1079 3879 non
1112 3827 1306 3879 semet
1336 3818 1463 3897 ipse
1495 3816 1893 3892 clariﬁcavith,
1919 3824 1984 3878 ut
2006 3817 2241 3898 eloquia

600 3912 910 3983 testantur,
943 3905 1050 3968 sed
1107 3906 1209 3985 qui
1266 3906 1496 3967 locutus
1536 3913 1626 3968 est
1678 3907 1750 3969 ad
1808 3925 1990 3967 eum:
2037 3906 2121 3969 Tu
2179 3924 2240 3969 es

602 3996 880 4059 sacerdos
907 3997 972 4059 in
1002 4004 1298 4058 aeternum
1326 3995 1650 4058 secundum
1698 3997 1973 4059 ordinem
2002 3995 2242 4059 Melchi-

591 4085 871 4150 sedechi.
935 4086 1311 4166 Quapropter
1370 4085 1550 4147 etiam
1583 4086 1711 4166 ipse
1755 4087 1895 4148 dum
1943 4086 2014 4148 ad
2070 4086 2239 4148 ordi-

599 4172 802 4235 dinem
856 4174 1178 4236 sacerdotis
1208 4174 1534 4255 discipulos
1567 4175 1972 4257 promovebat,
2006 4176 2241 4238 tametsi

598 4271 662 4327 ut
694 4266 857 4328 Deus
887 4264 1352 4327 consecrationis
1373 4275 1580 4327 auctor
1602 4266 2116 4341 exsisteret,simul
2150 4274 2241 4327 ta-

602 4372 740 4416 men
790 4354 861 4416 ad
894 4354 1332 4417 sanctissimum
1364 4374 1536 4417 suum
1593 4356 1823 4418 Patrem
1856 4365 1913 4418 et
1961 4356 2241 4437 Spiritum

601 4443 705 4506 Dei
728 4444 1119 4525 principalem
1142 4445 1509 4526 praecipuum
1534 4455 2244 4509 sacrosanctaeconsecra-

601 4534 784 4596 tionis
833 4552 1047 4597 munus
1076 4533 1393 4609 referebat,
1433 4536 1784 4617 praecipiens
1813 4535 2140 4615 discipulis,
2180 4546 2242 4599 ut

2317 3363 2559 3443 λετᾶρχῃ
2610 3370 2748 3437 Θεῷ,
2782 3362 2904 3435 τὴν,
2937 3364 3209 3441 ἱερατικὴν
3257 3363 3532 3421 τελείωσιν
3561 3367 3881 3443 ἱεραρχικῶς
3910 3360 3963 3405 ⁸1

2318 3453 2803 3532 ἐτελεσιούργησεν.
2868 3451 3040 3510 Ἀλλὰ
3098 3454 3195 3510 καὶ
3247 3456 3274 3510 6
3321 3456 3607 3534 θεαρχιιιὸς
3667 3456 3822 3530 ἡμῶν
3878 3455 3969 3510 καὶ

2317 3551 2525 3625 πρῶτος
2603 3542 2968 3616 ἱεροτελεστής
3044 3543 3308 3623 (ἐγεγόνει
3372 3544 3472 3623 γὰρ
3529 3544 3616 3600 καὶ
3688 3545 3838 3600 toxico
3896 3541 3967 3599 δι’

2317 3636 2457 3710 ἡμᾶς
2507 3637 2534 3690 6
2592 3632 3088 3714 φιλανθρωπότατος
3146 3631 3382 3712 Ἰησοῦς)
3443 3634 3547 3713 οὐχ
3604 3634 3789 3689 ἑαυτὸν
3843 3630 3968 3689 ἐδο-

2321 3723 2495 3799 ξασεν,
2525 3726 2598 3788 ὡς
2647 3724 2713 3780 τὰ
2741 3721 2899 3802 λο¹γιά
2955 3745 3139 3803 φησιν,
3174 3721 3292 3779 ἀλλ’
3326 3725 3354 3779 ὁ
3411 3722 3650 3791 λαλήσας
3681 3723 3809 3800 πρὸς
3866 3724 3970 3780 αὖ-

2320 3816 2437 3878 τόν,
2520 3814 2580 3869 Σί
2641 3813 2804 3892 ἱερεὺς
2887 3814 2959 3876 εἷς
3029 3815 3120 3869 τὸν
3197 3815 3358 3873 αἱῶνα
3428 3814 3567 3870 κατὰ
3651 3812 3750 3880 τὴν
3821 3811 3970 3878 τάξιν

2323 3900 2679 3983 Μελχισεδέκ.
2746 3902 2838 3958 Διὸ
2891 3903 2978 3959 καὶ
3035 3904 3191 3967 αὐτὸς
3266 3902 3352 3959 ἐπὶ
3408 3903 3506 3971 τὴν
3562 3902 3831 3980 ἱερατικὴν
3885 3922 3971 3957 ἰε-

2323 3992 2536 4049 λείωσιν
2566 3989 2710 4070 ἄγων
2743 3992 2862 4055 τοὺς
2896 3992 3162 4066 μαθητὰς,
3198 3991 3386 4068 καίπερ
3433 3990 3691 4070 ὒπάρχων
3720 3990 3791 4054 ὡς
3836 3990 3969 4053 Θεὸς

2322 4082 2679 4162 τελετάρχης,
2726 4080 2874 4155 ὅμως
2921 4082 3007 4137 ἐπὶ
3050 4081 3140 4137 τὸν
3193 4079 3593 4158 παναγέστατον
3644 4082 3801 4137 αὐτοῦ
3851 4084 3972 4135 Πα-

2323 4173 2469 4252 τέρα,
2524 4172 2613 4228 καὶ
2669 4171 2730 4226 τὸ
2784 4172 3071 4249 θεαρχικὸν
3130 4168 3367 4244 Πνεῦμα,
3426 4168 3525 4235 τὴν
3579 4166 3972 4247 τελεταρχικὴν

2322 4264 2625 4330 ἀνατίθησιν
2696 4262 3019 4340 ἱεραρχικῶς
3096 4258 3507 4337 τελεσιουργίαν,
3584 4255 3972 4336 παραγγέλλων

2325 4367 2440 4419 τοῖς
2471 4356 2739 4423 μαθηταῖς
2773 4353 2845 4413 ὡς
2890 4350 2955 4405 τὰ
2999 4348 3155 4427 λόγιά
3184 4369 3363 4428 φησιν,
3414 4347 3522 4403 ἀπὸ
3584 4344 3970 4425 Ἰεροσολύμων

2323 4441 2387 4493 82
2445 4445 2523 4519 μὴ
2580 4442 2923 4521 χωρίζεσθαι,
2953 4437 3091 4494 ἀλλὰ
3147 4437 3447 4515 περιμένειν
3493 4436 3591 4503 τὴν
3648 4433 3973 4513 ἐπαγγελίαν

2325 4541 2415 4591 τοῦ
2488 4533 2713 4609 Πατρὸς,
2776 4529 2842 4595 ἣν
2897 4526 3156 4596 ἠκούσατὲ
3223 4549 3347 4602 μου,
3407 4526 3487 4581 ὅτι
3557 4527 3713 4600 ὑμεῖς
3783 4524 3977 4600 βαπτι-

601 4623 836 4705 eloquia
866 4632 1177 4704 testantur,
1204 4624 1279 4685 ab
1316 4608 1708 4707 Jcrcsolyritis
1747 4644 1821 4688 ne
1842 4608 2237 4707 discederent,
2262 4608 2306 4658 Β
2326 4628 2374 4681 σε

2201 4608 2686 4707 ῑ,Βσθήσεσθεέν
2743 4619 3008 4692 Πνεόματι
3064 4618 3220 4696 ἁγίῳ,
3282 4615 3395 4675 Καὶ
3427 4616 3535 4691 μὴν
3591 4616 3679 4672 καὶ
3738 4614 3893 4677 αὐτὸς
3945 4616 3974 4671 6

599 4714 705 4776 sed
718 4704 1112 4793 expectarent
1127 4704 1584 4794 promissionem
1611 4715 2032 4795 Patris,quam
2062 4704 2241 4778 audié
2321 4715 2372 4772 τί

2205 4704 2241 4763 έ-
2321 4715 2427 4772 τῶν
2459 4715 2709 4787 μαθητῶν
2740 4722 3053 4787 κορυφαῖος,
3089 4708 3223 4783 μετὰ
3252 4706 3348 4773 τῆς
3384 4707 3683 4781 ὀμοταγοῦς
3716 4704 3857 4772 αὐτῷ
3887 4704 3978 4760 καὶ

597 4791 1087 4885 είίδςίἠριιὶίφρν
1116 4791 1215 4866 eos
1235 4821 1460 4879 meum;
1482 4808 1627 4887 quia
1658 4823 1753 4866 vos
1777 4791 2243 4884 baptz‘zabimini
2323 4809 2365 4861 ἱε

2204 4807 2243 4868 ti
2323 4809 2633 4883 ἱεραρχικῆς
2689 4796 2931 4871 δεκάδος,
2984 4798 3055 4863 εἷς
3106 4799 3203 4865 τὴν
3260 4803 3352 4854 τοῦ
3412 4791 3810 4852 δυοκαιδεκάτου
3866 4798 3977 4848 τῶν

601 4882 852 4973 Spiritu
888 4882 1098 4957 sancto
1128 4896 1178 4957 ιι.
1213 4892 1366 4967 Quin
1399 4904 1457 4956 et
1488 4882 1766 4976 princeps
1807 4882 2235 4975 apostolorum,
2324 4919 2374 4970 με

2205 4918 2235 4971 ι,
2324 4882 2575 4970 μαθητῶν
2666 4887 2935 4955 ἐληλυθὼς
3024 4886 3295 4966 ἱερατικὴν
3389 4884 3685 4956 τελείωσιν,
3748 4882 3833 4976 ἐπὶ
3905 4883 3978 4952 τῆ

606 4969 725 5044 una
763 5001 894 5044 cum
928 4986 1211 5065 coaequali
1255 4984 1369 5045 sibi
1401 4969 1861 5065 ac'pontilicali'
1886 4984 2131 5059 decade,
2165 4969 2239 5048 ad
2321 4969 2375 5043 θε

2206 4969 2239 5048 d
2321 4969 2544 5063 θεαρχίᾳ
2602 4980 2700 5048 τὴν
2756 4977 2991 5055 ἐκλογὴσ
3049 4975 3286 5040 εὐλαϐῶς
3345 4972 3752 5046 καταλέλοιπεν,
3808 4969 3979 5027 Ἀνά-

604 5090 843 5134 aacrum
877 5072 1045 5136 illum
1077 5060 1969 5157 duodenariuindiscipulorum
2026 5094 2241 5138 nume-
2322 5077 2376 5135 δε

2209 5106 2241 5126 -
2322 5060 2514 5155 δειξον,
2573 5072 2775 5153 φήσας,
2834 5069 2891 5127 ὃν
2950 5066 3193 5148 ἐξελέξω,
3255 5067 3342 5124 καὶ
3401 5066 3492 5122 τὸν
3539 5065 3641 5121 ὑπὸ
3699 5068 3793 5119 τοῦ
3836 5060 3980 5119 θείου

687 5232 714 5274 δ
744 5232 927 5297 Hebr.
953 5249 1014 5297 ν.
1077 5233 1090 5270 ¹
1122 5233 1276 5297 Psal.
1311 5250 1432 5314 CIX,
1464 5234 1524 5298 4.
1577 5238 1606 5281 ιι
1635 5236 1772 5300 Act.
1806 5235 1855 5315 Ι,
1888 5237 1949 5302 4.

1931 5398 2189 5465 ἾΑΒΙᾹΞ
2237 5393 2679 5467 LECTIONES.

686 5516 1062 5601 75::p15txﬂg,
1098 5520 1161 5601 S,
1179 5596 1197 5601 Α
1221 5516 1284 5601 76
1308 5516 1769 5601 ᾇφοριζοόσηλΜ.
1803 5520 1900 5582 Sc.
1986 5519 2047 5569 77
2075 5525 2289 5601 πασῶν,
2308 5518 2388 5601 7D,
2417 5524 2522 5575 τῶν
2545 5507 3028 5601 σωματικῶνλοὴί
3104 5507 3168 5559 75
3189 5501 3621 5601 θεαβριξῇῆὲυ
3660 5500 3985 5601 οξθεᾷμοει-

605 5597 742 5738 δειξᾷ
766 5581 937 5747 ΡΖ
1117 5581 1203 5651 730
1224 5581 1456 5678 ἀνάγων,
1621 5581 1678 5644 '3"
1699 5603 1995 5681 ἱερατικῶς.
2031 5601 2142 5667 Ch.
2176 5581 2358 5666 Patilt)
2375 5581 2518 5682 post
2550 5581 2656 5681 pro
2685 5581 2983 5675 ἱερατικὴν,
3014 5581 3354 5672 ἱεραρχικάν,
3386 5584 3493 5650 Ch.
3528 5585 3601 5651 Ι),
3659 5581 3725 5634 82
3782 5581 3988 5664 Ἱερου-

605 5702 707 5742 σα.
735 5703 812 5759 ,μ,
937 5728 950 5745 ,
1042 5725 1053 5741 ,

696 5725 812 5756 ...η
846 5725 950 5747 νυ,
984 5725 1053 5745 υ.
