4490 6164
232 309 341 379 5‘21
733 308 831 377 DE
874 313 1178 378 ECCLES.
1214 314 1659 388 HIERARCIL,
1707 312 1869 377 CAP.
1919 316 1992 377 V.

1826 315 1869 375 λ
1919 316 1992 377 v.
2050 348 2114 359 -
2149 294 2537 377 PARAPHR.
2581 314 3094 377 PACHYMER/E.
3484 308 3599 376 522

228 453 316 508 καὶ
350 448 638 528 πληρωτὴς
670 449 856 523 νόμου,
910 448 967 504 οὗ
998 447 1297 516 καταὶυτῆς
1330 451 1356 505 6
1393 448 1579 525 Κύριος
1628 448 1863 526 λέγεται·
1891 470 1928 506 Α
1953 466 2001 509 ι’(

1829 465 1863 505 ι·
1891 470 1928 506 Α
1953 466 2019 509 ro
2046 457 2237 521 erant,
2273 448 2374 529 qui
2404 447 2474 510 ab
2508 446 2617 509 bac
2648 447 2719 508 ad
2752 447 3170 529 perfectiorem
3218 446 3602 528 disciplinam

225 543 405 608 ὥσπερ
436 541 525 595 καὶ
558 541 584 594 6
629 537 713 593 ἐπὶ
770 538 1057 612 σκιάσματι
1117 539 1319 601 εἰκόνος
1375 539 1621 605 ἐπιτιθεὶς
1666 540 1874 597 πολλά-ι
1961 546 1998 600 tl

1834 565 1874 595 ;-
1961 538 2450 620 traducebantur,
2484 557 2661 621 quam
2694 546 2751 601 et
2813 538 3227 618 impletionem
3264 537 3478 616 primm
3504 556 3607 600 sa-

224 655 306 694 κις
342 631 406 686 τὰ
428 627 696 710 χρώματα
727 629 981 705 γραφεὺς,
1042 628 1334 705 πληρωτὴς
1379 634 1476 696 τῆς
1538 630 1761 704 εἰκόνος,
1816 630 1874 686 οὔ
1958 649 1997 690 (:1

1834 630 1874 686 .νῦ
1958 648 2239 708 eramque
2262 629 2814 709 sortemScripturae
2837 628 3420 703 vocant,secundum
3449 629 3607 707 quod

226 720 536 787 καταλυτὴς
571 716 768 794 λέγοιτ’
798 717 880 776 ἄν.
920 719 975 773 Εἰ
1002 716 1053 773 δὲ
1086 716 1170 775 δεῖ
1229 717 1422 793 Παύλῳ
1448 721 1711 776 πείθεσθαι
1744 723 1874 799 πρὸς
1956 728 1999 779 el

1833 743 1874 784 ις
1956 719 2127 779 etiam
2139 718 2421 781 Dominus
2436 717 2790 798 adimpletor
2814 718 3049 797 legis,et
3067 736 3185 778 non
3202 719 3435 781 solutor
3448 715 3606 780 dici-

230 806 507 888 Ἐϐραίους
540 807 816 887 γράφοντι,
880 806 988 863 ἔστι
1019 830 1069 863 τι
1121 808 1279 881 μέσον
1311 814 1410 875 τῆς
1444 808 1683 886 οὐρανίας
1731 812 1871 867 ἐκεί-
1959 818 2003 870 ll‘

1835 812 1871 866 ῐ-
1959 808 2625 882 tur‘.Quemadmodum
2651 807 2829 869 etiam
2857 807 3185 887 pictor,qui
3206 806 3345 869 dum
3381 806 3608 869 umbraa

227 924 320 968 νης
352 901 563 965 καὶτῆς
601 898 735 955 κατὰ
768 897 930 972 νόμον
960 896 1226 977 λατρείας,
1260 901 1295 964 ³η
1325 897 1445 954 καθ’
1498 901 1641 972 ἡμᾶς
1691 900 1871 979 ἱεραρι-
1956 900 2000 960 ii

1835 931 1871 947 η·-
1956 900 2236 978 imaginis
2250 916 2414 979 saepe
2436 897 2671 960 colores
2688 896 3118 969 addit,dicetur
3135 895 3299 958 illam
3323 896 3608 977 adimple-

225 993 343 1071 χέα,
386 996 450 1065 τῇ
504 988 600 1062 μὲν
640 989 854 1065 οὒρανίᾳ
882 996 1231 1058 κοινωνοῦσα,
1265 987 1345 1045 ὅτι
1377 991 1465 1045 καὶ
1486 989 1618 1056 αὕτη
1644 1005 1868 1057 νοηταῖς
1950 1009 1998 1053 rt

1831 1005 1868 1056 rc
1950 998 2496 1070 re,etnequaquam
2523 985 3206 1050 solvere.SiveroPaulo
3235 984 3604 1049 credendum

223 1083 466 1158 Θεωρίαις
498 1080 723 1157 χρῆται·
758 1082 827 1144 τῆ
859 1077 956 1152 μὲν
986 1079 1122 1134 κατὰ
1152 1077 1339 1153 νόμον,
1374 1078 1454 1134 ὅτι
1514 1080 1601 1135 καὶ
1632 1081 1763 1148 αὐτὴ
1793 1084 1866 1145 ὡς
1950 1100 1996 1143 ea

1836 1105 1866 1145 ης
1950 1089 2040 1143 est
2053 1080 2413 1142 adHebraeos
2434 1076 3026 1156 scribenti,medium
3052 1074 3197 1157 quid
3217 1075 3383 1138 inter
3403 1077 3609 1138 cmles-

228 1170 406 1235 ἐκείνη
440 1170 717 1234 αἰσθητοῖς
748 1164 1040 1241 συμϐόλοις
1089 1167 1455 1231 ποικίλλεται.
1951 1181 2001 1233 te

1951 1181 2067 1233 tem
2099 1171 2261 1231 illum
2288 1178 2347 1231 et
2378 1168 2627 1248 legalem
2640 1167 2870 1229 cultum
2897 1173 3111 1231 nostra
3130 1165 3610 1243 esthierarcbia;

224 1277 356 1339 qum
402 1275 536 1319 cum
571 1255 797 1319 caelesti
833 1256 1073 1336 quidem
1101 1258 1525 1331 communicat,
1549 1260 1705 1341 quod
1737 1262 2105 1343 spiritalibus
2124 1269 2320 1322 utatur
2351 1256 2967 1339 contemplationibus
3005 1272 3022 1333 ;
3060 1273 3201 1320 cum
3234 1255 3416 1334 legali
3440 1272 3606 1338 vero,

223 1348 381 1430 quod
415 1357 481 1409 ut
514 1347 613 1409 illa
643 1363 883 1427 quoque
927 1345 1247 1408 sensilibus
1280 1348 1469 1426 signis
1498 1351 1855 1430 variegetur.

306 1444 333 1515 ἓ
368 1448 453 1499 lll.
496 1435 668 1518 ’Ἔχει
703 1435 758 1492 δὲ
792 1438 876 1492 καὶ
909 1438 1041 1504 αὐτὰ
1063 1440 1125 1493 τὸ
1157 1441 1369 1516 τρισσὸν
1403 1446 1500 1507 τῆς
1556 1443 1872 1522 ἱερπρχικῆς
2037 1447 2063 1518 §

1837 1467 1872 1512 ις
2037 1447 2063 1518 §
2094 1439 2599 1504 lli.Habetautem
2616 1438 2792 1500 etiam
2821 1435 3273 1519 ipsatriplicem
3304 1436 3455 1499 hanc
3476 1436 3610 1500 bie-

228 1528 564 1607 διαιρέσεως,
631 1526 977 1606 διλιρουμένη
1040 1528 1123 1590 εἴς
1183 1550 1242 1583 τε
1302 1530 1395 1593 τὰς
1427 1530 1645 1597 τελετὰς
1682 1536 1769 1589 καὶ
1800 1536 1874 1598 είς
1957 1550 2001 1593 ra

1838 1538 1874 1598 ἱς
1957 1532 2294 1594 rarchicam
2323 1529 2793 1603 distinctionem,
2826 1527 3015 1590 divisa
3042 1526 3103 1589 in
3128 1526 3430 1607 mysteria,
3462 1534 3522 1589 et
3547 1526 3611 1589 in

224 1620 347 1683 τοὺς
408 1617 677 1695 ὑπηρέτας
738 1619 844 1672 τῶν
873 1617 1053 1691 θείων,
1102 1620 1188 1675 καὶ
1223 1620 1415 1697 ἱερεῖς,
1449 1623 1538 1678 καὶ
1562 1623 1767 1698 τρίτους
1798 1625 1871 1688 εἰς
1958 1622 1993 1683 d

1833 1626 1871 1688 [ς
1958 1622 2296 1683 divinorum
2310 1620 2728 1701 mysteriorum
2752 1617 3140 1680 administros
3153 1635 3224 1679 ac
3240 1615 3606 1690 sacerdotes,

224 1714 349 1773 τοὺς
383 1705 818 1787 προσαγομένους
866 1706 959 1763 ὑπ’
990 1712 1163 1766 αὐτῶν
1216 1710 1289 1773 είς
1322 1712 1386 1767 τὰ
1440 1710 1572 1789 ἱερόί.
1640 1705 1873 1783 ιΕκοὶστη
1900 1779 1933 1791 “
1961 1732 1993 1774 e

1836 1739 1873 1783 η
1900 1779 1933 1791 n
1961 1721 2018 1774 et
2042 1714 2098 1773 in
2124 1716 2327 1772 tertios
2354 1710 2484 1772 illos
2506 1710 2608 1791 qui
2632 1708 2706 1773 ab
2732 1708 2829 1772 bis
2842 1707 2914 1770 ad
2942 1725 3110 1777 sacra
3156 1713 3606 1787 promoventur.

225 1800 279 1857 δὲ
311 1799 515 1856 τοότῶν
534 1799 756 1876 τριττῶς
804 1795 964 1853 πάλιν
1023 1795 1292 1877 διῄρηται.
1332 1802 1449 1857 Τῶν
1482 1810 1607 1880 γοῦν
1640 1802 1874 1862 τελετῶν
1900 1779 1935 1828 Β
1962 1801 1998 1875 Ο

1840 1779 1874 1861 ν
1900 1779 1935 1828 Β
1962 1800 2257 1875 Quaelibet
2275 1808 2475 1862 autem
2496 1779 2707 1861 lterum
2727 1796 2952 1861 functio
2968 1779 3173 1863 denuo
3188 1796 3505 1878 tripliciter
3525 1795 3613 1859 di-

227 1892 418 1970 πρώτη
450 1891 485 1957 ἡ
519 1888 792 1965 κάθαρσιςο
841 1884 1054 1965 δευτέρα
1114 1890 1218 1944 τῶν
1276 1890 1637 1969 καθαρθέντων
1683 1896 1711 1949 6
1760 1917 1877 1973 φω-
1961 1910 1994 1951 ν

1837 1920 1877 1949 ι-
1961 1888 2614 1953 viditur.lnitiationum
2637 1887 2841 1969 itaque
2862 1892 3053 1968 prima
3080 1896 3172 1949 est
3200 1884 3484 1967 expiatio,
3507 1904 3610 1949 se-

229 1981 444 2055 τισμός·
516 1979 604 2034 καὶ
674 1978 825 2055 τρίτη
878 1975 915 2043 ἡ
972 1977 1393 2058 συμπληρωτικὴ
1455 1982 1562 2037 τῶν
1610 1983 1880 2063 προτέρων
1964 2000 2002 2042 C‘

1836 2007 1880 2040 ιν
1964 1980 2559 2064 cunda,expiatorum
2585 1977 2969 2051 illuminatio,
2993 1984 3057 2040 et
3083 1977 3423 2056 tertia,quae
3446 1977 3609 2057 prio-

227 2070 527 2130 πελείωσις.
586 2066 774 2145 Πάλιν,
806 2069 841 2134 ἡ
874 2072 980 2122 τῶν
1015 2070 1299 2147 ἱερουργῶν
1343 2068 1697 2148 διακόσμησις
1728 2074 1879 2152 πρώ-

229 2183 337 2224 τως
368 2159 625 2236 καθαίρει,
692 2157 817 2213 εἶτα
877 2159 1112 2235 φωτίζει,
1171 2160 1260 2215 καὶ
1312 2159 1495 2217 ἔπειτα
1554 2162 1780 2224 τελειοτ.
1814 2161 1881 2224 Οἱ

232 2249 470 2305 διάκονοι
532 2247 890 2326 καθαίρουσιν,
927 2248 973 2302 oi
1032 2246 1372 2327 πρεσϐύτεροι
1429 2252 1732 2331 φωτίζουσι,
1792 2254 1880 2310 καὶ

230 2342 277 2395 οἱ
313 2337 597 2394 ἐπίσκοποι
626 2335 911 2419 τελειοῦσι.
973 2337 1095 2395 Τῶν
1154 2336 1207 2392 δὲ
1240 2338 1568 2413 τελουμένων
1600 2344 1645 2398 οἱ
1676 2348 1877 2419 πρῶτοι

231 2429 567 2507 καθαίρονται
622 2423 708 2481 διὰ
761 2427 1149 2504 κατηχήσεων,
1184 2429 1230 2484 οἱ
1284 2427 1510 2509 δεύτεροι
1566 2433 1879 2511 φωτίζονται

230 2518 317 2575 διὰ
346 2528 439 2575 τοῦ
498 2516 889 2592 βαπτίσματος,
944 2518 1032 2573 καὶ
1084 2519 1129 2574 οἱ
1205 2519 1366 2596 τρίτοι
1427 2519 1877 2589 τελειοῦνταιτὴν

238 2607 581 2674 τελειωτικὴν
632 2605 939 2680 ἐπιστήμην
997 2604 1178 2683 λαμϐά
1197 2630 1398 2689 νοντες,
1431 2612 1503 2666 ὠν
1534 2613 1590 2667 ἐν
1642 2617 1720 2685 τῷ
1753 2634 1877 2692 φω-

236 2705 418 2774 τισμῴ
472 2698 657 2775 Θεωροὶ
718 2696 1084 2776 ἐγεγόνεισαν,
1148 2697 1200 2754 ἐν
1283 2700 1532 2773 μενουσίᾳ
1588 2706 1685 2768 τῆς
1739 2702 1880 2765 θείας

235 2789 594 2869 anagnia;
633 2787 924 2864 γινόμενοι.
974 2788 1045 2843 Τὸ
1102 2787 1188 2844 οὖν
1219 2791 1425 2865 τριττὸν
1477 2797 1567 2858 τῆς
1629 2794 1735 2848 τῶν
1787 2813 1879 2848 τε·

233 2880 406 2936 λετῶν
436 2879 727 2955 ἱερουργίας
759 2878 1031 2951 ὑμνεῖται·
1056 2880 1117 2933 τὸ
1148 2879 1248 2957 γὰρ
1278 2882 1422 2936 θεῖον
1453 2881 1728 2957 βάπτισμα
1741 2882 1878 2938 ἀπε-

232 2968 423 3049 δείχθη
480 2969 568 3023 καὶ
620 2967 869 3045 κάθαρσις
929 2969 1017 3023 καὶ
1069 2972 1376 3047 φωτισμός⁸
1437 2972 1470 3038 ἡ
1528 2969 1581 3026 δὲ
1633 2974 1878 3029 κοινωνία

232 3065 337 3126 τῖ-,ς
362 3056 752 3133 μεταλήψεως,
784 3057 921 3124 καὶή
950 3059 1043 3113 τοῦ
1076 3059 1236 3137 μόρου
1284 3059 1496 3134 τελετὴ,
1534 3066 1630 3129 τῆς
1652 3061 1876 3119 τελειω-

1964 2087 2062 2133 res
2093 2069 2348 2148 complet
2380 2066 2694 2148 perfectio.
2732 2068 2880 2130 Item
2911 2065 3061 2128 ordo
3085 2064 3461 2127 initiantium
3485 2066 3612 2146 pri-

1967 2179 2129 2221 mum
2150 2158 2371 2239 expiat,
2402 2156 2958 2236 deindeilluminat,
2988 2173 3058 2217 ac
3089 2164 3296 2236 postea
3326 2154 3560 2235 perﬁcit
3592 2178 3609 2232 ;

1963 2249 2203 2312 diaconi
2223 2249 2486 2329 expiant,
2518 2248 2862 2310 sacerdotes
2884 2245 3250 2321 illuminant,
3286 2244 3428 2306 2M
3445 2251 3613 2326 epis-

1963 2345 2096 2420 copi
2122 2338 2458 2419 periiciunt.
2490 2342 2711 2400 Eorum
2742 2344 2938 2399 autem
2963 2335 3066 2416 qui
3089 2334 3611 2415 initiantur,primi

1964 2430 2283 2510 expiantur
2330 2445 2436 2509 per
2482 2427 2848 2506 catecliesin,
2882 2424 3131 2488 secundi
3189 2424 3613 2487 illuminantur

1964 2538 2071 2601 per
2088 2518 2542 2598 baptismum,et
2570 2516 2729 2577 tertii
2751 2514 3322 2595 perﬁciuntur,cum
3359 2514 3603 2593 perfec-

1966 2609 2144 2671 tivam
2167 2608 2475 2670 scientiam
2502 2604 2807 2686 accipiunt
2827 2622 3039 2666 eorum
3064 2622 3197 2685 qua;
3225 2602 3290 2664 in
3314 2602 3609 2685 baptismo

1965 2695 2655 2778 conspexerunt,divinaa
2677 2693 3053 2757 eucharistia;
3075 2692 3397 2774 participes
3427 2694 3607 2756 effec-

1970 2790 2036 2850 ti.
2074 2788 2311 2869 Triplex
2364 2786 2564 2867 itaque
2613 2790 3125 2847 sacramentorum
3172 2800 3341 2846 sacra
3386 2783 3611 2846 functio

1965 2877 2304 2941 celebratur
2338 2895 2351 2936 :
2415 2894 2551 2938 nam
2586 2874 2822 2937 divinus
2852 2872 3183 2954 baptismus
3213 2880 3493 2936 ostensus
3521 2882 3613 2936 est

1963 2987 2098 3031 esse
2129 2967 2381 3049 expiatio
2405 2972 2465 3027 et
2507 2964 2890 3037 illuminatio,
2925 2961 3366 3025 communionis
3398 2971 3602 3026 autem

1964 3058 2331 3140 participatio
2351 3064 2410 3119 et
2431 3054 2714 3133 unguenti
2735 3052 3150 3134 mysteriorum
3170 3054 3443 3117 notiones
3465 3065 3604 3117 sunt

238 3154 396 3215 τικῆς
443 3148 688 3226 γνῇσεως
733 3148 820 3202 καὶ
870 3146 1174 3220 ἐπιστήμης
1228 3150 1343 3207 εἷεν
1402 3151 1765 3232 γνωρίσματα,
1812 3146 1938 3233 δι’,ο
1963 3168 2011 3231 p4

1823 3146 1938 3233 BQC
1963 3148 2305 3231 perfectisz
2325 3143 2683 3226 cognitionis
2710 3151 2890 3233 atque
2914 3142 3203 3233 scientiae,
3237 3163 3354 3224 qua
3382 3163 3596 3207 sacro-

240 3242 312 3306 ἦς
341 3241 496 3315 ἱερῶς
521 3240 555 3305 ἡ
601 3238 734 3315 πρὸς
764 3238 854 3292 τὸν
888 3237 1017 3292 Θεὸν
1046 3241 1296 3296 κοινωνία
1325 3239 1796 3320 τελεσιουργεῖται.

317 3332 348 3403 §
377 3324 475 3390 IV.
515 3336 617 3386 Νῦν
649 3325 702 3381 δὲ
730 3327 848 3404 περὶ
876 3330 974 3395 τῆς
1007 3329 1276 3405 ἱερατικῆς
1326 3330 1542 3388 λεκτέον
1574 3328 1879 3409 διακοσμή-

238 3440 401 3492 σεως,
435 3418 523 3474 καὶ
554 3416 748 3483 ταύτης
779 3414 1151 3493 διαιρουμένης
1206 3427 1434 3500 τριχῶς,
1489 3422 1562 3483 εἷς
1598 3422 1876 3501 κάθαρσιν,

239 3511 313 3575 εἰς
344 3508 640 3586 φωτισμὸν,
671 3507 744 3568 εἰς
796 3505 1091 3563 τελείωσιν·
1156 3509 1316 3585 νόμος
1360 3512 1502 3566 ἐστὶν
1546 3512 1698 3575 οὗτος
1732 3512 1879 3570 ἁπά-

245 3621 350 3666 σης
380 3598 656 3677 ίεραρχίας
690 3595 960 3678 πανίερος,
995 3598 1056 3653 τὸ
1086 3596 1169 3655 διὰ
1226 3602 1332 3656 τῶν
1363 3599 1589 3678 πρώτων
1643 3601 1710 3657 τὰ
1762 3600 1885 3658 δεύ-

239 3710 367 3768 τερα
410 3670 713 3765 ἂίνᾶιξξσθαι.
778 3670 866 3742 "II
896 3670 995 3766 γαρ
1025 3690 1085 3745 οὗ
1140 3697 1295 3748 τοῦτο
1338 3670 1632 3765 βλέπομεν,
1685 3692 1773 3749 καὶ
1800 3692 1887 3749 ἐπὶ

241 3782 309 3837 τὰ
338 3780 564 3846 αἰσθητὰ
592 3784 754 3834 ταῦτα
799 3777 885 3833 καὶ
916 3779 1120 3859 ὁρατά,
1154 3778 1342 3858 (ταῦτα
1374 3780 1473 3860 γὰρ
1504 3793 1757 3861 στοιχεῖα
1785 3804 1889 3839 κα-

242 3870 358 3927 λεῖ’
388 3869 412 3945 )
437 3871 509 3929 ὡς
542 3866 627 3925 ἐπὶ
656 3869 749 3923 του
778 3865 930 3924 ὑέλου
963 3866 1103 3924 ἔστιν
1158 3868 1291 3927 ἰδεῖν
1333 3872 1394 3927 τὸ
1423 3876 1535 3950 φῶς
1565 3869 1886 3952 δεχομένου,

242 3962 333 4017 καὶ
362 3958 503 4016 οὕτω
560 3958 902 4037 φωτίζοντος.
966 3960 1055 4014 καὶ
1100 3959 1186 4015 ἐπὶ
1231 3968 1324 4018 τοῦ
1367 3962 1555 4041 πυρὸς,
1615 3960 1748 4041 ὅπερ
1801 3964 1888 4020 καὶ

243 4050 503 4127 πρότερον
535 4049 634 4113 τῆς
667 4048 1102 4127 εὖκαταπρήστου
1159 4047 1290 4117 ὅλης
1365 4049 1755 4132 ἐπιδράττεται,
1800 4053 1890 4108 καὶ

245 4139 331 4195 διὰ
378 4138 579 4204 ταύτης
635 4136 730 4202 τὰς
773 4134 1173 4204 ἀνεπιτηδείους
1219 4141 1350 4216 πρὸς
1413 4141 1696 4216 μετουσίαν
1726 4141 1889 4197 ο.νῦτοῦ

249 4230 435 4309 φύσεις
470 4226 720 4304 ἐκπυροῖ,
781 4227 882 4282 Διὰ
929 4229 1083 4284 τοῦτο
1125 4230 1213 4285 καὶ
1242 4230 1418 4297 πάσης
1450 4229 1758 4306 εὐκοσμίας,
1796 4229 1890 4286 κᾶν

246 4320 347 4385 τὴν
380 4316 624 4397 οὐρανίαν
658 4314 843 4395 εἴπης,
890 4316 988 4372 x36:
1018 4317 1116 4383 τήν
1175 4318 1291 4374 καθ’
1324 4321 1520 4399 ἠμᾶς,,
1552 4321 1586 4388 ἡ
1630 4319 1777 4399 ἀρχὴ
1806 4320 1894 4375 καὶ

249 4410 286 4477 ἡ
317 4406 523 4487 ἵδρυσις
562 4408 635 4469 εἷς
666 4406 785 4468 τοὺς
819 4406 1062 4486 πρώτους
1094 4405 1381 4484 ἐνδίδωσιν,
1415 4408 1554 4465 ὥστε
1612 4408 1745 4464 ἰέναι
1802 4409 1895 4474 τὰς

1962 3245 2169 3301 sancte
2193 3237 2397 3299 divina
2418 3235 2767 3297 communio
2793 3232 3151 3296 celebratur.

2043 3334 2071 3405 §
2098 3327 2379 3391 IV.Nunc
2395 3334 2595 3387 autem
2620 3323 2696 3385 de
2715 3322 3120 3385 ecclesiastico
3146 3321 3359 3385 ordine
3382 3323 3603 3387 dicen-

1963 3418 2103 3480 dum
2128 3415 2347 3497 est.qui
2370 3433 2508 3477 cum
2539 3412 2714 3475 etiam
2750 3411 3062 3490 trifariam,
3086 3409 3149 3471 in
3177 3411 3601 3493 expiationem,

1968 3506 2494 3582 illuminationem,
2521 3501 2944 3584 perfectionem
2969 3498 3270 3563 dividatur
3304 3519 3321 3576 ;
3356 3501 3451 3564 lex
3481 3503 3607 3567 haec

1969 3603 2347 3659 sacrosancta
2376 3602 2468 3658 est
2514 3592 2710 3656 omnis
2756 3588 3133 3667 hierarchiaa,
3190 3598 3255 3652 ut
3283 3610 3391 3672 per
3419 3593 3613 3676 prima

1972 3686 2239 3751 secunda
2266 3685 2661 3748 adducantur.
2708 3685 2926 3745 Annon
2951 3680 3132 3744 etiam
3157 3680 3304 3743 illud
3336 3682 3398 3745 in
3427 3683 3612 3748 rebus

1975 3776 2362 3843 sensibilibus
2393 3784 2451 3838 et
2468 3771 2934 3855 aspectabilibus
2961 3771 3427 3855 videmus?(haac
3448 3776 3609 3837 enim

1973 3870 2271 3932 elementa
2299 3871 2491 3943 vocat)
2521 3873 2587 3928 ut
2616 3864 2679 3926 in
2708 3863 2857 3925 vitro
2882 3861 3224 3944 perspicere
3257 3864 3416 3941 licet,
3451 3866 3612 3947 quod

1972 3961 2157 4025 solem
2193 3958 2431 4039 recipit,
2465 3965 2643 4037 atque
2667 3955 2782 4018 hoc
2828 3953 3006 4015 modo
3052 3952 3347 4015 illuminat
3381 3971 3396 4028 ;
3457 3963 3518 4017 et
3549 3955 3616 4018 in

1971 4050 2133 4129 igne,
2167 4048 2270 4128 qui
2302 4048 2468 4128 prius
2495 4045 2569 4107 ad
2604 4042 2934 4118 materiam,
2970 4059 3103 4122 quae
3133 4041 3307 4103 facile
3338 4042 3612 4106 comburi

1976 4136 2524 4220 potest,accedit,et
2557 4153 2662 4215 per
2718 4134 2870 4195 hanc
2902 4132 3085 4194 etiam
3119 4136 3315 4220 minus
3347 4141 3514 4213 aptas
3538 4135 3612 4195 ad

1977 4219 2112 4291 eum
2135 4225 2551 4307 recipiendum
2578 4231 2821 4285 naturas
2860 4220 3074 4284 exurit.
3127 4219 3356 4283 Idcirco
3382 4241 3618 4305 quoque

1977 4318 2176 4380 omnis
2208 4323 2386 4378 rectae
2418 4313 2833 4392 ordinationis,
2873 4309 2997 4372 sive
3030 4309 3336 4372 cmlestem
3358 4312 3479 4374 sive
3511 4332 3617 4375 no-

1977 4414 2156 4469 stram
2185 4406 2427 4481 dixeris,
2461 4401 2823 4486 principium
2855 4419 2923 4462 ac
2951 4399 3129 4461 sedes
3157 4398 3218 4461 in
3267 4399 3496 4480 primos
3526 4422 3618 4465 or-

251 4499 394 4562 θιίας
453 4496 703 4576 ἀκτῖνας,
749 4497 834 4552 καὶ
895 4493 982 4552 διὰ
1009 4497 1211 4555 τούτων
1269 4498 1361 4556 καὶ
1416 4510 1534 4561 τοῖς
1592 4496 2024 4578 ὑφειμένοιςῡάξ

1848 4520 1893 4563 ις
1915 4497 2152 4564 Ddines
2184 4495 2419 4558 divinos
2462 4511 2605 4557 suos
2662 4491 2863 4554 radios
2895 4488 3132 4565 emittit,
3168 4495 3343 4572 atque
3374 4508 3484 4571 per
3509 4493 3619 4557 bos

254 4587 611 4667 ἐπιφαίνεται,

334 4681 364 4755 §
392 4674 685 4739 V-I'OL'rrmv
709 4681 813 4733 τῶν
847 4676 1067 4757 πρώτων
1091 4677 1201 4735 ἐστὶ
1225 4679 1285 4734 τὸ
1304 4691 1424 4742 τοῖς
1450 4676 1711 4757 δευτέροις
1727 4677 1896 4759 ἀφθό-

254 4792 359 4833 νως
393 4764 729 4844 μεταδιδόναι
760 4763 833 4824 ὧν
857 4767 1004 4823 αὒτοὶ
1031 4767 1319 4849 μετέσχον.
1352 4768 1548 4826 Οὒκοῦν
1588 4771 1622 4836 ἡ
1652 4770 1762 4826 Θεία
1792 4774 1896 4826 τῶν

257 4860 528 4938 ἱεραρχῶν
564 4855 707 4922 τάξις
750 4856 938 4934 πρώτη
971 4856 1079 4914 ἐστὶ
1113 4860 1197 4915 καὶ
1228 4859 1614 4940 ἀκροτάτη,καὶ
1630 4859 1897 4940 ἔσχάτηῆ

261 4950 420 5017 αὕτη·
458 4946 650 5026 πρώτη
658 4944 762 5020 ,ὅτι
786 4945 838 5011 ἐξ
860 4946 1068 5014 ἐκείνης
1100 4961 1219 5013 τοῖς
1243 4949 1427 5016 ἄλλοις
1445 4950 1811 5027 μεταδίδονται
1837 4951 1903 5007 τὰ

258 5037 459 5096 οἰκεῖα*
499 5036 734 5117 ἐσχάτη,
770 5035 851 5093 ὅτι
882 5037 955 5119 εἰς
988 5038 1152 5105 αὐτὴν
1183 5038 1513 5114 ἀποτελευτᾷ
1546 5050 1692 5099 πᾶσα
1749 5043 1898 5119 ἱερα-

258 5129 389 5195 “sub
422 5116 801 5202 διακόσμησις.
852 5116 1086 5206 “nam?
1117 5129 1217 5207 γὰρ
1252 5137 1395 5187 πᾶσα
1436 5133 1681 5212 ἱεραρχία
1712 5116 1906 5193 sic-:6.

264 5224 495 5296 Σωτῆρα
521 5220 671 5290 ἡμῶν
702 5218 911 5283 Ἰησοῦν
968 5218 1197 5297 Χριστόν
1232 5219 1661 5299 ἀποπλἠροῦται,
1694 5222 1722 5277 ὃ
1752 5220 1903 5299 πρώ-

261 5332 445 5375 τιστος
509 5309 610 5386 γὰρ
670 5308 929 5388 ἱεράρχης
993 5310 1145 5374 οὗτός
1191 5309 1357 5368 ἐστιν’
1415 5312 1551 5369 οὕτπο
1580 5313 1666 5369 καὶ
1709 5311 1910 5377 ἑκάστη

261 5400 515 5480 ἱεραρχία
548 5399 619 5459 εἰς
642 5400 733 5454 τὸν
792 5400 989 5457 οἷκεῖιιν
1030 5402 1290 5480 ἱεραρχην
1321 5402 1417 5468 τὴν
1470 5401 1734 5480 ἀναφορὰν
1769 5399 1907 5480 ἔχει,

278 5495 289 5509 ρ
412 5491 425 5507 9

1979 4605 2217 4671 quoque
2241 4583 2632 4648 inferioribus
2662 4581 2943 4646 collucet.

2059 4668 2188 4759 ἓν.
2223 4678 2449 4740 Horum
2483 4676 2811 4755 primorum
2847 4680 2958 4747 est,
3020 4668 3456 4752 posterioribus
3487 4672 3620 4737 sine

1982 4768 2204 4831 invidia
2232 4766 2675 4831 communicare
2704 4763 2806 4825 illa
2835 4778 3088 4843 quorum
3122 4760 3234 4841 ipsi
3257 4768 3396 4823 sunt
3426 4763 3621 4842 parti-

1985 4860 2170 4940 cipes.
2192 4857 2398 4939 Itaque
2428 4856 2664 4919 divinus
2694 4852 2844 4918 ordo
2878 4851 3225 4934 pontiﬁcum
3257 4850 3417 4913 idem
3444 4862 3533 4915 est
3565 4865 3625 4917 et

1986 4950 2215 5033 primus
2235 4956 2293 5010 et
2312 4954 2721 5028 supremus,et
2739 4944 2983 5007 ultimus
3007 4960 3089 5033 :p
3106 4942 3321 5019 rimus,
3340 4948 3626 5022 quoniam

1988 5031 2059 5103 ex
2087 5058 2158 5101 eo
2190 5038 2422 5101 caeteris
2442 5056 2573 5119 qum
2595 5034 2836 5118 propria
2855 5041 2992 5095 sunt
3019 5031 3342 5113 donantur;
3379 5033 3629 5098 ultimus

1990 5129 2272 5212 quoniam
2289 5128 2348 5190 in
2368 5127 2560 5208 ipsum
2576 5125 2769 5188 omnis
2781 5122 3228 5195 ecclesiasticus
3247 5122 3394 5212 ordo
3409 5124 3632 5189 desinit

1992 5209 2501 5294 Quemadmodum
2519 5216 2677 5277 enim
2698 5211 3037 5275 hierarchia
3053 5213 3246 5274 omnis
3261 5209 3633 5278 inSalvatore

1995 5318 2197 5373 nostro
2221 5309 2362 5371 Iesu
2405 5305 2643 5369 Christo
2697 5310 3167 5378 consummatur,
3205 5309 3268 5364 ut
3298 5304 3403 5379 qui
3446 5306 3636 5382 prima

1996 5399 2311 5464 liierarcha
2340 5404 2469 5477 est;
2526 5395 2613 5458 sic
2665 5395 2838 5457 etiam
2868 5391 3145 5475 qumlibet
3200 5392 3539 5454 liierarchia
3574 5393 3634 5454 in

267 5495 338 5556 ὡς
374 5491 533 5548 αυτοῦ
562 5486 648 5545 διὰ
678 5494 784 5543 τῶν
828 5487 916 5545 ὑπ’
982 5492 1136 5545 αὐτὸν
1199 5492 1490 5569 ταγμάτων
1542 5492 1717 5548 πάντα
1762 5493 1912 5570 ἐνερ-
2001 5511 2036 5574 ρ

1862 5513 1912 5548 ›-
2001 5491 2308 5574 proprium
2334 5505 2505 5550 suum
2530 5484 2909 5549 bicrarcliam
2944 5483 3226 5564 refertur,
3261 5481 3443 5562 utqui
3474 5486 3635 5546 omni

357 5628 379 5671 ί
414 5624 625 5689 Matth.
660 5642 717 5705 v,
754 5624 852 5687 17.

610 5765 863 5825 ΡΔτιιοι..
898 5761 1009 5827 Gn.
1040 5759 1148 5827 ΙΙΙ.

3172 5747 3245 5810 17

3768 60 3837 99 γε’,
3886 46 3937 79 :‘VV
4012 60 4095 99 ..ἦ

4034 164 4081 187 ῖσὸ

3848 394 3853 399 .
4030 356 4099 397 ντί

4074 492 4087 503 ι

4088 620 4097 629 .

4066 724 4069 737 Ι

4090 746 4091 755 ,

4028 946 4043 961 ιὰ

4084 1824 4097 1837 Α

4090 2722 4093 2731 .

4080 3000 4089 3011 \

3760 5898 4087 6051 Γλ
