4490 6164
457 382 565 453 525
911 390 1009 452 DE
1057 376 1356 452 seems.
1421 384 1871 471 manasse,
1919 390 2083 454 CAP.
2129 382 2202 454 v.
2268 425 2347 437 -
2393 344 2778 457 ΡΑΒᾸΡΗΒ.
2834 386 3354 458 PACHYMERAE.
3713 395 3831 461 526

452 526 676 600 καθαίρει
734 525 822 581 καὶ
879 522 1126 598 διακρίνει
1181 526 1272 581 τὸν
1330 528 1519 582 πιστὸν
1574 526 1660 582 καὶ
1709 528 1800 582 τὸν
1832 526 2077 600 ἄπιστον,
2104 533 2225 588 Anz

2061 574 2077 600 ,
2104 533 2144 586 A
2166 525 2656 601 nare,diaconum
2680 543 2825 587 vero
2846 528 3103 605 expiare,
3135 545 3205 588 ac
3232 543 3548 606 segregare
3581 527 3828 592 ﬁdelem

452 617 534 671 τοι
567 613 711 679 ἄξιον
739 616 827 670 καὶ
857 615 946 669 τὸν
981 610 1216 687 ἀνάξιον,
1248 612 1377 691 ὅπερ
1407 612 1546 677 ἰδίως
1600 613 1818 694 ἔχουσιν
1850 618 1897 671 οἱ
1954 618 2093 672 ὑπο·
2177 616 2225 679 al

2061 647 2093 664 -
2177 616 2253 679 ab
2275 615 2531 685 inﬁdeli.
2565 623 2623 678 et
2651 615 2895 695 dignum
2926 617 3003 677 ab
3035 615 3304 697 indigno,
3339 617 3496 697 quod
3524 618 3829 699 proprium

452 703 697 765 διάκονοι.
739 703 878 767 Τέως
936 700 991 758 δὲ
1050 705 1077 759 6
1105 702 1203 779 μὲν
1235 703 1551 777 ἐπίσκοπος,
1591 705 1682 761 καὶ
1713 706 1779 760 τὰ
1807 705 1913 761 τῶν
1940 706 2094 786 ὕφει·
2179 723 2225 767 ei

2064 738 2094 749 -
2179 704 2810 767 estsubdiaconorum.
2829 704 3076 767 [nterim
3100 705 3416 785 episcopus
3437 707 3615 768 etiam
3643 716 3834 789 potest

453 793 619 867 μένων
651 806 821 872 ποιεῖ,
854 795 915 849 υῦ
945 793 1051 867 μὴν
1083 795 1129 850 οἱ
1185 796 1348 869 ἱερεῖς
1399 794 1466 849 τὰ
1495 799 1603 849 τῶν
1646 792 1974 851 ἐπισκόπων*
2008 794 2097 851 καὶ

451 882 507 939 ἐκ
532 884 721 940 τούτου
750 882 1100 958 σημειωθείη,
1136 883 1209 945 ὡς
1240 881 1469 939 ἕκαστον
1500 884 1561 939 οὔ
1609 883 1721 962 χρὴ
1752 882 2097 958 κατατολμᾷν

452 978 550 1029 τῶν
610 973 887 1048 μειζόνων.
954 974 1016 1028 Αἱ
1075 970 1129 1027 δὲ
1186 971 1446 1051 θειότεραι
1486 970 1737 1047 δυνάμεις
1767 973 1854 1029 καὶ
1900 974 1965 1029 τὰ
1994 978 2098 1029 τῶν

449 1061 684 1129 ἡττόνων
714 1061 926 1142 ἔχουσι,
984 1062 1072 1118 καὶ
1101 1058 1328 1129 ἠδύνατο
1358 1062 1532 1118 πάντα
1584 1075 1760 1118 ποιεῖν
1791 1062 1819 1118 ὀ
1876 1060 2099 1119 ἐπίσκο-

453 1171 570 1217 πος·
635 1150 751 1208 αλλ’
810 1149 994 1217 ἐπειδὴ
1053 1152 1203 1206 θείων
1263 1152 1389 1206 εἰσὶν
1447 1152 1643 1215 εἰκόνες
1712 1150 1989 1230 ἐνεργειῶν
2046 1153 2098 1206 αἱ

454 1242 708 1320 ίερατικαὶ
737 1238 1143 1315 διακοσμήσεις,
1180 1237 1471 1296 δεικνύεται
1512 1241 1600 1296 καὶ
1659 1237 1714 1295 ἐν
1768 1241 1982 1305 ταύταις
2035 1241 2098 1296 τὸ

453 1330 708 1402 εῧκοσμον
738 1331 823 1386 καὶ
855 1330 1180 1409 ἆσύγχυτον,
1215 1335 1337 1393 Πῶς
1370 1326 1399 1383 ὃ
1443 1329 1582 1387 κατὰ
1632 1330 1731 1394 τὴν
1791 1328 1933 1395 τοίξιν
1990 1329 2098 1386 τῶν

453 1422 600 1478 θείων
633 1421 696 1477 τὰ
721 1419 955 1498 ἡμέτερα
987 1422 1241 1497 γίνονται,
1275 1417 1444 1498 λέγει,
1481 1409 1572 1484 Ὠς
1597 1416 1782 1486 ἐπειδὴ
1839 1421 1874 1487 ἡ
1934 1423 2096 1498 θεαρ-

453 1512 546 1591 χία
574 1511 695 1574 τοὺς
725 1513 780 1566 ἒν
811 1513 893 1575 οἷς
927 1508 990 1565 ἂν
1034 1508 1317 1587 ἐγγένηται
1374 1510 1522 1584 νόας,
1582 1508 1695 1566 εἴτε
1754 1508 2092 1587 ἀγγελικοὺς,

455 1601 564 1657 εἴτε
594 1601 685 1658 καὶ
717 1600 1097 1679 ἀνθρωπίνους,
1127 1605 1338 1672 πρῶτον
1388 1598 1642 1678 καθαίρει,
1687 1603 1807 1656 εἶτα
1856 1599 2091 1678 φωτίζει,

453 1692 538 1747 καὶ
599 1689 782 1747 ἔκτοτε
838 1688 1060 1763 τελειοτ,
1120 1689 1207 1745 καὶ
1260 1686 1401 1744 ἔστιν
1441 1688 1523 1745 ἀεὶ
1566 1688 1975 1768 ἀπαράλλακτος
2007 1689 2097 1745 καὶ

455 1781 537 1836 ἐπὶ
593 1786 753 1836 πᾶσιν
810 1782 844 1848 ἡ
901 1780 1119 1845 τοιαύτη
1166 1777 1333 1857 τάξις,
1388 1780 1474 1834 καὶ
1532 1780 1592 1835 οὔ
1622 1780 1939 1854 μεταπίπτει
1968 1778 2097 1835 ποτὲ

2180 794 2349 856 obire
2376 813 2626 857 munera
2644 794 3016 869 inferiorum,
3073 813 3193 855 non
3219 802 3415 856 tamen
3443 797 3730 859 sacerdos
3763 815 3834 860 ea

2180 902 2317 961 quas
2345 893 2482 945 sunt
2513 884 2969 966 episcoporum;
3007 903 3074 945 ex
3112 903 3226 965 quo
3261 884 3649 962 signiﬁcatur,
3674 906 3831 967 quo-

2183 972 2357 1034 modo
2374 992 2549 1035 nemo
2565 972 2779 1035 debeat
2800 977 3029 1052 majora
3049 992 3116 1036 se
3140 989 3501 1054 praesumere
3521 992 3626 1036 seu
3642 982 3835 1038 atten-

2184 1071 2328 1124 tare.
2363 1064 2652 1124 Caeterum
2686 1062 2931 1126 virtutes
2961 1063 3202 1143 quidem
3241 1064 3361 1125 illa;
3392 1069 3735 1143 superiores
3762 1082 3835 1128 ea

2184 1170 2316 1232 quae
2344 1151 2694 1214 inferiorum
2726 1160 2887 1227 sunt,
2920 1152 3164 1233 habent,
3198 1161 3260 1215 et
3289 1151 3613 1234 episcopus
3643 1161 3838 1235 potest

2182 1240 2404 1304 omnia.
2425 1241 2718 1315 Quoniam
2740 1251 2939 1304 tamen
2958 1241 3379 1304 ecclesiastica;
3395 1241 3835 1325 descriptiones

2181 1329 2511 1393 divinarum
2545 1331 2837 1410 imagines
2866 1342 3007 1392 sunt
3035 1331 3360 1412 actionum,
3395 1334 3456 1393 in
3506 1332 3627 1395 illis
3686 1333 3834 1413 ipsis

2181 1438 2416 1500 quoque
2441 1429 2645 1483 rectus
2661 1419 2807 1484 ordo
2830 1420 3255 1502 distiuctioque
3275 1418 3635 1484 ostenditur.
3661 1422 3836 1486 Deni-

2179 1527 2298 1588 que
2317 1509 2520 1588 refert,
2552 1509 2853 1590 quomodo
2881 1510 3007 1573 hac
3029 1510 3317 1573 nostratia
3339 1530 3582 1592 quoque
3613 1531 3833 1575 secun-

2179 1598 2320 1659 dum
2337 1600 2608 1662 ordinem
2624 1599 2890 1661 divinum
2911 1600 3320 1680 fiant.Quippe
3332 1619 3467 1663 cum
3483 1601 3586 1664 illa
3600 1619 3838 1665 summa

2182 1686 2381 1751 Deitas
2405 1698 2637 1751 mentes
2664 1707 2765 1751 eas
2794 1689 3012 1770 quibus
3042 1708 3108 1752 se
3148 1688 3564 1765 insinuat,sive
3601 1692 3840 1770 angeli-

2181 1796 2279 1839 cas
2309 1777 2431 1840 sive
2465 1779 2771 1854 humanas,
2811 1779 3070 1859 primum
3104 1780 3323 1860 expiet,
3359 1780 3579 1842 deinde
3605 1781 3835 1845 illumi-

457 1872 588 1947 πρὸς
648 1868 867 1925 ἀλλοίαν
920 1870 1268 1930 κατάστασιν.
1325 1867 1446 1932 Πῶς
1507 1868 1607 1945 γὰρ
1654 1869 2042 1948 φωτισθήσεται
2074 1869 2222 1928 ὁΒη

2074 1869 2101 1923 ὁ
2126 1869 2161 1919 Β
2186 1880 2309 1946 net,
2335 1877 2515 1944 atque
2539 1867 2758 1929 exinde
2785 1868 3076 1945 perficiat,
3100 1868 3246 1930 ordo
3271 1869 3369 1931 hic
3393 1869 3572 1931 etiam
3597 1888 3838 1952 semper

456 1960 531 2033 μὴ
593 1959 907 2036 καθαρθεὶςς
972 1959 1062 2013 καὶ
1119 1963 1238 2019 πῶς
1293 1955 1701 2025 τελειωθήσεται
1756 1960 1783 2012 6
1817 1957 1895 2031 μὴ
1926 1978 2101 2013 ιοωτι-

455 2052 641 2128 σθείςς
702 2048 800 2103 Διὰ
845 2052 1001 2104 τοῦτο
1059 2045 1158 2112 τὴν
1217 2047 1467 2113 τοιαύτην
1517 2045 1658 2112 τάξιν
1689 2043 2099 2125 ἀπαράλλακτον

456 2139 689 2210 μαθοῦσα
744 2137 779 2202 ἡ
839 2133 955 2191 καθ’
1012 2135 1156 2208 ἡμᾶς
1219 2135 1485 2213 ἱεραρχία,
1548 2132 1738 2212 διαιρεῖ
1797 2134 1989 2203 ἑαυτὴν
2027 2135 2100 2196 εἰς

457 2223 855 2301 διακεκριμένας
882 2222 1053 2288 τάξεις
1084 2245 1142 2279 τε
1182 2224 1269 2280 καὶ
1320 2222 1591 2299 δυνάμεις’
1655 2225 1742 2282 καὶ
1800 2224 1860 2280 τὸ
1917 2237 2098 2303 κρεῖτ-

454 2337 540 2371 τον
600 2314 736 2380 αὐτῆ
792 2312 911 2391 παρ’
966 2314 1129 2389 ἑαυτῇ
1179 2315 1693 2393 παρακατασχοῦσα,
1745 2314 1805 2369 τὸ
1837 2315 2098 2385 καθαίρειν

454 2407 540 2461 καὶ
595 2405 659 2460 τὸ
715 2404 955 2482 φωτίζειν
1011 2414 1129 2467 τοῖς
1186 2402 1385 2481 ἑτέροις
1447 2404 1580 2459 κατᾶ
1636 2401 1779 2467 τάξιν
1804 2401 2096 2461 ἀπέδωκεν.

451 2494 602 2552 Ἀλλ’
664 2492 846 2562 ἐπειδὴ
903 2496 1021 2573 περὶ
1074 2495 1274 2551 τούτων
1332 2497 1526 2557 ἱκανῶς
1584 2492 1788 2572 ἐῤῥέθη,
1851 2493 1972 2574 φέρε
2006 2495 2101 2556 τὰς

445 2586 734 2665 ἱερωτάτοις
765 2586 939 2641 αὐτῶν
969 2584 1248 2650 τελεώσεις
1285 2584 1724 2659 ἒποπτεύσωμεν.

2187 1966 2271 2017 est
2294 1957 2627 2033 inviolatus,
2659 1963 2717 2019 et
2749 1957 2809 2019 in
2835 1956 3116 2019 omnibus
3139 1965 3551 2031 servatur,nec
3570 1976 3835 2040 unquam

2184 2046 2493 2108 invertitur
2552 2055 2654 2109 aut
2704 2050 2763 2107 in
2795 2046 2973 2109 alium
3007 2055 3454 2109 transmutatur.
3522 2047 3836 2120 Quomodo

2186 2136 2344 2197 enim
2374 2135 2807 2199 illuminabitur
2828 2137 2879 2197 is
2911 2136 3012 2217 qui
3032 2155 3152 2198 non
3173 2145 3267 2200 est
3291 2137 3591 2218 expiatus?
3611 2148 3666 2199 et
3693 2157 3840 2218 quo-

2186 2226 2364 2287 modo
2398 2227 2736 2306 perﬁcietur
2763 2225 2866 2307 qui
2897 2244 3015 2287 non
3040 2234 3132 2288 est
3160 2226 3561 2291 illuminatus‘?
3607 2227 3836 2290 Idcirco

2183 2334 2317 2376 cum
2350 2315 2689 2379 bierarchia
2723 2324 2926 2378 nostra
2949 2315 3118 2396 sciat,
3169 2314 3511 2378 istiusmodi
3561 2317 3835 2380 ordinem

2181 2423 2313 2466 esse
2344 2404 2725 2482 invariatum,
2745 2405 3130 2485 semetipsum
3155 2404 3467 2486 distinguit
3498 2406 3838 2470 indiversos

2185 2494 2427 2557 ordines
2457 2514 2524 2558 ac
2549 2496 2819 2574 virtutes;
2848 2500 2909 2558 et
2948 2493 3105 2573 quod
3130 2494 3503 2575 potissimum
3557 2504 3665 2576 est,
3732 2514 3838 2576 per

2184 2584 2566 2664 semetipsam
2593 2602 2949 2665 exsequens,
3002 2582 3382 2645 illuminandi
3442 2591 3502 2646 et
3557 2584 3837 2666 expiandi

460 2692 675 2737 munus
719 2672 952 2735 αξιοι-ξε
982 2673 1311 2737 secundum
1367 2672 1663 2753 cujusque
1690 2671 1959 2734 ordinem
2009 2673 2333 2737 commisit.
2386 2674 2500 2736 Sed
2551 2674 2832 2751 quoniam
2868 2673 2941 2736 de
2993 2673 3088 2735 his
3115 2672 3258 2734 satis
3302 2672 3524 2737 dictum
3557 2683 3668 2755 est,
3699 2692 3832 2756 age,

453 2763 885 2830 sacratissimas
914 2764 1088 2826 etiam
1125 2780 1333 2825 eorum
1367 2760 1847 2824 consecrationes
1879 2762 2353 2827 consideremus.

1062 2881 1127 2933 ll.
1165 2873 1490 2951 Μυστήριον.

538 2976 595 3039 Ὀ
628 2981 727 3057 μὲν
786 2980 1070 3060 ἱεράρχης,
1132 2980 1533 3059 προσαγόμενος
1587 2982 1658 3046 εἰς
1686 2982 1748 3037 τὸ
1779 3002 2101 3061 χειροτονη-

2758 2880 2838 2945 II.
2873 2884 3260 2960 Mysterium.

2262 2980 2586 3044 Hierarcha
2602 2980 2842 3062 quidem
2866 2999 2973 3044 seu
2996 2980 3312 3062 episcopus
3329 2996 3463 3054 cum
3492 2980 3564 3044 ad
3588 2981 3830 3046 ordines

452 3076 634 3143 θῆναι,
670 3067 834 3149 ἄμφω
863 3071 941 3126 τὼ
969 3066 1096 3126 πόδε
1126 3069 1329 3143 κλίνας,
1358 3070 1443 3127 ἐπὶ
1470 3070 1709 3150 κεφαλῆς
1742 3069 1860 3151 ἔχει
1891 3072 1956 3128 τὰ
1985 3076 2102 3129 θεῖα
2121 3113 2160 3165 C
2186 3087 2225 3132 Si

2061 3084 2102 3128 τα
2121 3113 2160 3165 C
2186 3070 2977 3165 suscipiendosadducitnr,
3012 3080 3335 3152 utrumque
3378 3089 3534 3165 genu
3563 3072 3834 3165 ﬂectens,

452 3164 539 3220 καὶ
607 3159 722 3238 ἱερὰ
798 3158 1118 3237 Εὗαγγέλια,
1191 3161 1279 3215 καὶ
1349 3162 1453 3227 τὴν
1517 3167 1611 3216 τοῦ
1669 3160 2100 3240 χειροτονοῦντος
2127 3158 2159 3165 ν
2187 3180 2225 3222 8‘

2065 3181 2100 3222 »ς
2127 3158 2159 3165 ⁷
2187 3179 2370 3241 supra
2398 3168 2579 3241 caput
2608 3161 2787 3223 habet
2816 3161 3017 3224 divina
3042 3178 3329 3240 sacraque
3378 3160 3717 3241 Evangelia,
3778 3172 3838 3226 et

451 3264 644 3331 χεῖρα,
676 3250 765 3306 καὶ
796 3246 881 3307 διὰ
910 3255 1012 3304 τῶν
1042 3249 1457 3326 παναγεστάτων
1515 3255 1694 3329 εὒχὼν
1749 3249 2098 3307 ἀποτελειοῦ-

450 3330 563 3403 ταις
599 3330 657 3397 Ὀ
689 3336 745 3394 δὲ
775 3338 940 3416 ἱερεὺς
970 3340 1056 3394 καὶ
1089 3339 1242 3403 αὐτὸς
1273 3336 1433 3418 ἄμφω
1462 3339 1625 3395 κλίνει
1673 3340 1750 3395 τὼ
1804 3339 1954 3416 πόδέ,
2015 3341 2101 3396 καὶ

448 3432 549 3498 τὴν
578 3435 675 3487 τοῦ
705 3427 1134 3508 χειροτονοῦντος
1171 3425 1339 3493 δεξιάν
1375 3429 1461 3484 ἒπὶ
1517 3426 1755 3509 κεφαλῆς
1814 3427 1954 3509 ἔχει,
2016 3431 2103 3486 καὶ

452 3521 592 3578 οὕτω
624 3520 714 3575 καὶ
742 3519 898 3582 αὐτὸς
928 3530 1051 3583 ταῖς
1074 3520 1365 3597 ἱεροποιοϊς
1424 3520 1619 3598 εὒχαϊς
1678 3518 1976 3596 ἁγιάζεται.
2043 3509 2100 3577 Ὀ

452 3607 505 3665 δὲ
534 3608 779 3671 διάκονος
811 3605 904 3663 ἕνα
933 3619 1052 3664 τοῖν
1084 3607 1265 3665 ποδοῖν
1294 3605 1499 3682 κλίνας,
1551 3607 1635 3665 ἐπὶ
1686 3606 1922 3689 κεφαλῆς
1983 3607 2102 3689 ἔχει

451 3701 538 3756 καὶ
569 3700 730 3762 αὐτὸς
761 3697 861 3764 τὴν
890 3705 982 3755 τοῦ
1010 3705 1438 3777 χειροτονοῦντος
1471 3695 1666 3778 δεξιὰν,
1721 3699 1810 3755 καὶ
1859 3697 2102 3758 τελειοῦ-

449 3811 535 3846 ται
594 3799 722 3850 ταῖς
781 3791 886 3843 τῶν
944 3786 1262 3867 λειτουργῶν
1306 3786 1647 3868 ἐπικλήσεσι,
1702 3785 1943 3859 δηλονότι
1979 3800 2103 3853 ταῖς

450 3876 769 3956 λεγομέναις
795 3875 1059 3958 αἰτήσεσι,
1095 3876 1478 3950 συννοουμὲνου
1506 3876 1693 3944 ἔξωθεν
1722 3878 1809 3934 καὶ
1856 3891 1982 3942 ταῖς
2013 3884 2106 3935 τοῦ

452 3969 705 4047 ἱεράρχου
767 3968 985 4046 εὔχαϊς.
1050 3967 1236 4024 Κοινὸν
1288 3964 1343 4022 δὲ
1376 3974 1492 4030 τοῦς
1521 3969 1686 4046 τρισὶν
1735 3969 1849 4025 ἔστι
1882 3968 1943 4024 τὸ
1982 3967 2103 4025 ἐπί-

451 4062 683 4137 προσθεν
740 4063 834 4114 τοῦ
877 4058 1017 4135 ἱεροῦ
1059 4057 1429 4135 θυσιαστηρίου
1471 4061 1894 4138 χειροτονεῖσθαι
1937 4058 2026 4115 καὶ
2068 4061 2104 4128 ἦ

452 4143 794 4225 σταυροειδὴς
853 4148 1095 4225 σφραγὶς,
1161 4147 1245 4203 καὶ
1298 4148 1333 4214 ἡ
1367 4154 1457 4204 τοῦ
1490 4148 1752 4223 ὀνόματος
1795 4147 2104 4227 ἆνάρῤησις,

452 4238 541 4293 καὶ
571 4239 599 4293 6
627 4235 971 4299 τελειωτικὸς
997 4236 1309 4312 ἀσπασμὸς.
1344 4235 1483 4315 ’Ὀρα
1514 4235 1568 4293 δὲ
1603 4235 1683 4293 ὅτι
1714 4237 1918 4301 πάντας
1963 4236 2105 4317 λέγει

450 4327 573 4391 τοὺς
605 4324 662 4382 ἐν
684 4331 762 4399 τῷ
789 4324 1030 4405 ἱερατείῳ
1056 4326 1148 4382 τὸν
1178 4327 1654 4406 χειροτονούμενον
1676 4325 2020 4397 ἀσπάζεσθαι,

1091 4514 1183 4567 Ill.
1232 4506 1458 4585 Θεωρία,

537 4612 569 4695 §
643 4623 687 4677 ἰ,
766 4611 854 4675 Εἰς
926 4612 1140 4692 θεωρίαν
1212 4611 1502 4671 εἰσϐάλλων
1568 4617 1675 4670 τῶν
1744 4609 2100 4695 τελουμένων,

450 4708 669 4784 πρῶτον
698 4702 763 4759 τὰ
793 4698 946 4759 κοινὰ
972 4705 1093 4766 τόϊς
1124 4701 1257 4782 τρισί
1285 4703 1373 4760 καὶ
1404 4704 1470 4760 τὰ
1523 4700 1635 4759 ἴδια
1695 4702 1902 4774 ἑκάστῳ
1958 4702 2103 4759 ἀπα-

451 4798 757 4873 ριθμεῖται.
794 4791 957 4850 Κοινᾶ
987 4786 1110 4869 γοῦν
1138 4793 1171 4860 ἦ
1211 4791 1296 4849 ἐπὶ
1351 4792 1444 4851 τοῦ
1496 4793 1864 4871 θυσιαστηρίου
1924 4812 2104 4873 χειρο-

448 4884 618 4963 τονία,
652 4884 690 4951 ἧ
721 4880 1061 4960 σταυροειδής
1120 4883 1357 4963 σφραγὶς,
1395 4884 1429 4953 ἡ
1473 4890 1564 4940 τοῦ
1622 4881 1879 4958 ὀνόματος
1938 4881 2103 4962 ἀνάῤ-

448 4973 628 5050 ῥῆσις,
663 4974 752 5031 καὶ
782 4973 810 5028 6
841 4969 1178 5037 τελειωτικὸς
1212 4972 1517 5050 ἀσπασμός·
1551 4971 1691 5037 ἰδίως
1723 4970 1777 5028 ’δὲ
1835 4984 1954 5037 τοῖς
2005 4973 2103 5049 μὲν

449 5063 736 5142 ἰερᾶρχαις
797 5059 1087 5117 ἐπιτίθεται
1143 5062 1205 5118 τὸ
1269 5063 1404 5141 ἱερὸν
1467 5061 1814 5141 Εὐαγγέλιοψ
1845 5076 1986 5129 ’τοῖς
2050 5062 2104 5120 δὲ

449 5154 643 5229 ἱερεῦσι
697 5152 760 5208 τὸ
819 5147 1015 5207 κλίνειν
1072 5150 1182 5207 ἐστὶ
1223 5152 1311 5207 καὶ
1341 5152 1673 5231 ἀμφοτέρως
1732 5153 1852 5218 τοὺς
1911 5151 2097 5220 πόδας·

450 5255 571 5306 τοῖς
603 5240 662 5298 δὲ
694 5239 1030 5318 λειτουργοῖς
1060 5241 1122 5296 τὸ
1154 5239 1347 5297 κλίνειν
1377 5244 1466 5299 τὸν
1498 5242 1696 5322 ἕτερον.

535 5333 565 5410 Ξ
626 5341 694 5392 ll.
758 5329 1001 5408 Λέγομεν
1057 5330 1146 5387 οὖν
1207 5331 1417 5409 πρῶτον
1475 5334 1593 5412 περὶ
1633 5333 1731 5398 τῆς
1762 5336 1943 5397 κοινῆς
1975 5333 2104 5411 πρὸς

452 5421 514 5478 τὸ
543 5421 698 5501 ἅγιον
757 5421 1128 5501 θυσιαστήριον
1186 5428 1545 5502 προσαγωγῆς
1605 5443 1661 5478 τε
1718 5423 1813 5479 καί
1845 5421 2100 5478 ὑποπτώ-

454 5526 608 5578 σεως⁸
648 5511 933 5569 αἰνίσσεται
965 5510 1087 5589 γέιρ,
1122 5506 1202 5566 δτι
1257 5511 1446 5576 πάντες
1507 5513 1647 5568 οῦτοι
1710 5510 1903 5573 ὸλικῶς
1965 5510 2102 5567 ἀνα-

455 5602 654 5659 τιθέασι
712 5622 791 5674 τῳ
848 5598 1148 5679 τελετάρχγ,
1207 5607 1321 5675 Θεῷ
1378 5599 1635 5668 τὴνίἓίαθ
1666 5602 1835 5679 ζωὴν,
1879 5598 2103 5676 ὁμοειδῆ

456 5693 589 5749 κατᾶ
644 5692 708 5750 τὸ
764 5688 986 5747 δυνατὸν
1040 5689 1350 5770 ὀφείλουσαν
1413 5690 1555 5748 εἶναι
1599 5697 1675 5765 τῷ
1721 5690 2108 5769 παναγεπτάτῳ

2185 3267 2426 3311 manum
2452 3251 2963 3330 consecrantis,ac
2992 3249 3383 3312 sanctissimis
3399 3251 3677 3331 precibus
3700 3268 3840 3314 con-

2184 3347 2467 3401 secratur.
2508 3339 2800 3402 Sacerdos
2828 3348 3029 3401 autem
3084 3347 3406 3418 utrumque
3466 3340 3646 3400 etiam
3706 3340 3837 3420 ipse

2185 3447 2340 3508 genu
2354 3428 2627 3502 ﬂectit,et
2650 3430 2709 3490 in
2734 3429 2929 3508 capite
2951 3428 3127 3489 habet
3158 3427 3427 3488 dextram
3479 3445 3837 3491 consecran-

2186 3516 2281 3598 tis,
2317 3526 2495 3599 atque
2524 3518 2607 3579 ita
2637 3518 2813 3579 etiam
2846 3518 2974 3598 ipse
3018 3515 3529 3579 sanctiﬁcantibus
3560 3519 3838 3598 precibus

2184 3606 2609 3671 sanctiﬁcatur.
2658 3607 2960 3670 Diaconns
2989 3623 3127 3668 vero
3159 3625 3344 3667 unum
3376 3624 3532 3686 genu
3562 3607 3834 3684 ﬂectens,

2186 3714 2368 3778 super
2397 3704 2572 3778 caput
2598 3696 2776 3759 habet
2795 3696 3003 3777 etipse
3024 3696 3291 3759 dextram
3317 3696 3750 3774 consecrantis,
3778 3707 3840 3764 et

2188 3795 2577 3850 consecratur
2595 3786 3069 3850 invocationibus
3087 3786 3657 3869 ministrorum,quae
3677 3789 3842 3852 vide—

2188 3876 2333 3941 licet
2353 3877 2415 3939 in
2438 3876 2785 3942 earumdem
2816 3876 3269 3940 consecratione
3310 3876 3585 3939 adhiberi
3615 3879 3832 3956 solent,

2190 3966 2505 4029 hierarcha
2536 3985 2773 4048 quoque
2808 3966 3089 4048 precibus
3114 3964 3486 4029 extrinsecus
3512 3978 3838 4032 annuente.

2189 4055 2294 4119 llis
2317 4056 3054 4136 tribusitaquecommune
3078 4063 3334 4136 est,ante
3364 4055 3630 4118 divinum
3654 4057 3841 4121 altare

2191 4146 2476 4221 ordinari,
2511 4153 2568 4207 et
2601 4145 2788 4207 forma
2818 4145 3017 4207 crucis
3046 4145 3288 4224 signari,
3320 4151 3379 4205 et
3428 4162 3645 4208 nomen
3676 4150 3839 4210 reci-

2191 4236 2324 4316 tari,
2360 4244 2418 4297 et
2448 4234 2509 4296 in
2540 4234 2660 4297 ﬁne
2689 4233 2959 4297 salutari.
2990 4233 3252 4299 Observa
3280 4250 3421 4295 vero
3453 4235 3610 4315 quod
3655 4235 3836 4319 dicat,

2190 4326 2329 4385 247
2363 4342 2571 4389 omnes
2588 4325 2688 4406 qui
2718 4324 2781 4387 in
2819 4324 3078 4388 sacrario
3120 4332 3259 4387 sunt
3305 4323 3641 4386 ordinatum
3672 4326 3836 4389 salu-

2125 4444 2169 4497 D
2188 4422 2343 4478 tare.

2708 4505 2809 4571 III.
2854 4506 3315 4589 Contemplatio.

2268 4615 2361 4696 εἰ.
2377 4614 2747 4696 Aggrediens
2772 4633 2977 4679 eorum
3001 4614 3100 4697 qui
3126 4620 3556 4697 consecrantur
3571 4620 3840 4678 contem-

2188 4695 2536 4778 plationem,
2571 4697 2826 4778 primum
2850 4715 2920 4758 ea
2951 4695 3084 4778 qua;
3115 4696 3300 4761 tribus
3331 4695 3640 4758 ordinibus
3665 4714 3837 4759 com-

2191 4786 2417 4864 munia,
2453 4805 2704 4870 quaeque
2735 4787 2983 4850 cuilibet
3029 4786 3271 4869 propria
3313 4795 3472 4867 sunt,
3538 4794 3836 4850 recenset.

2193 4875 2546 4939 Communia
2569 4876 2749 4957 igitur
2766 4877 3230 4951 sunt,ordinatio
3253 4875 3327 4937 ad
3349 4876 3609 4937 divinum
3630 4875 3839 4957 altare,

2188 4968 2607 5032 formaacrucis
2626 4969 2975 5050 signatio,et
2998 4968 3257 5031 nominis
3278 4967 3581 5047 recitatio,
3611 4978 3669 5031 et
3688 4968 3841 5031 ﬁna-

2190 5058 2264 5121 lis
2318 5058 2614 5121 salutatio.
2675 5058 2922 5141 Propria
2982 5076 3119 5121 vero
3166 5066 3257 5119 eat
3325 5059 3624 5141 episcopis
3683 5060 3842 5122 sacri

2188 5146 2491 5227 Evangelii
2521 5148 2844 5230 impositio,
2880 5147 3294 5211 sacerdotibus
3321 5148 3637 5231 utriusque
3672 5149 3842 5232 pedis

2188 5238 2524 5320 inclinatio,
2557 5238 2821 5301 diaconis
2854 5238 3202 5301 alterutrius
3232 5238 3502 5302 inﬂexio.

2272 5332 2299 5407 ἓ
2324 5328 2396 5392 ΙΙ.
2424 5327 2688 5391 Dicimus
2714 5329 2912 5411 itaque
2936 5329 3194 5410 primum
3218 5328 3294 5391 de
3311 5331 3616 5392 communi
3637 5329 3737 5393 illa
3766 5329 3842 5392 ad

2187 5421 2376 5484 altare
2399 5437 2633 5481 sacrum
2658 5418 3016 5483 adductione
3038 5437 3107 5481 ac
3130 5418 3710 5497 ﬂexione,insinuari
3735 5437 3844 5500 per

2185 5511 2301 5573 hoc
2323 5526 2531 5573 omnes
2553 5509 2684 5573 illos
2709 5509 3175 5573 consecrationis
3198 5509 3424 5571 auctori
3451 5509 3573 5572 Deo
3597 5526 3669 5572 ex
3693 5510 3841 5571 inte-

2189 5619 2294 5680 gro
2316 5600 2489 5661 vitam
2513 5618 2680 5662 suam
2704 5618 3080 5675 consecrare,
3116 5616 3390 5680 eamque,
3457 5599 3652 5678 quoad
3699 5598 3833 5662 ﬁeri

2192 5696 2410 5772 potest,
2438 5690 2807 5753 cont'ormem
2834 5708 2965 5753 esse
2985 5688 3208 5753 debere
3229 5687 3609 5752 sanctissimo
3635 5686 3729 5750 illi
3746 5688 3840 5750 al-
