4490 6164
735 373 853 447 52⁸7

1924 373 1983 442 S.
2030 375 2379 446 DIONYSII
2426 364 2932 441 AREOPAGITIE

3976 366 4079 448 598

730 516 862 589 tari,
892 516 1178 580 Salvatori
1226 514 1476 599 scilicet,
1528 514 1759 581 Christo
1803 535 1873 579 ac
1936 517 2209 590 Domino,
2266 517 2503 598 quiAeu

2311 516 2829 592 υἰᾹθυσιαστηρίῳ,
2894 522 2967 590 τῷ
3026 519 3236 589 Σωτῆρι
3301 521 3510 591 Χριστῷ
3566 516 3654 572 καὶ
3701 525 3957 593 Δεσποτῃ,
4011 526 4075 592 τῷ

731 618 1045 669 consecrat
1076 615 1306 669 mentes
1332 608 1490 670 deifo
1504 627 1687 670 rmes.

814 695 961 773 ἕΙΙΙ.
985 695 1189 758 Manus
1212 706 1408 759 autem
1437 697 1740 777 impositio
1768 696 1979 777 partim
2007 696 2248 776 quidem
2273 695 2373 757 de-

731 786 925 867 signat
939 786 1195 847 divinam
1211 788 1668 867 protectionem,
1692 805 1822 868 quae
1840 787 1912 849 ad
1934 805 2000 848 se
2024 785 2375 847 accedentes

2458 611 2782 685 zaOcspojvtt
2816 609 2937 670 τοὺς
2969 605 3224 669 θεοειδεῖς
3255 608 3399 670 νόας.

2538 697 2567 775 §
2599 706 2688 754 lll.
2726 686 2788 752 Ἠ
2818 694 2872 752 δὲ
2906 702 3001 763 τῆς
3036 697 3218 776 χειρὸς
3278 695 3504 760 ἐπίθεσις
3562 698 3694 771 ὁμο)
3754 696 3848 772 μὲν
3905 696 4077 774 ἐμφαί-

2457 808 2533 841 νει
2564 787 2662 852 τὴν
2691 785 2751 842 ἐκ
2784 793 2914 842 Θεοῦ
2974 788 3201 866 σκέπην,
3265 786 3363 853 τὴν
3422 784 3781 864 φυλάττουσαν
3840 787 4078 861 πατρικῶς

733 885 1013 957 tanquam
1075 874 1229 937 ﬁlios
1289 886 1531 955 paterne
1592 875 1899 957 protegit;
1966 875 2177 954 partim
2237 892 2374 935 vero
2460 878 2502 932 ὁ)

2285 892 2374 935 3Γο
2460 878 2531 939 ὡς
2592 873 2788 938 παῖδας
2847 877 2965 937 τοῦς
3026 877 3166 950 αῦτῷ
3221 876 3679 955 προσανέχοντας*
3739 875 3847 946 ἅμα
3872 873 3921 930 δὲ
3959 873 4058 931 διδᾶ

731 968 908 1029 docet
935 965 1017 1027 ita
1045 974 1450 1046 consecratos,
1501 976 1776 1047 tanquam
1818 965 1929 1027 sub
1965 964 2087 1028 Deo
2146 983 2374 1026 sacram
2461 988 2504 1021 cr.

2307 983 2374 1025 Lm
2461 987 2580 1021 σκει
2615 968 2704 1022 καὶ
2735 967 2795 1021 τὸ
2824 964 3239 1045 ἐποτρειλόμενον
3272 965 3417 1045 ἔχειν
3447 967 3567 1029 τοὺς
3616 963 3946 1022 τελεσθὲν-τας
3999 965 4080 1031 τὴν

731 1073 899 1119 suam
959 1055 1322 1118 functionem
1383 1056 1554 1119 obire
1625 1056 1874 1118 debere.
1950 1054 2095 1117 Nam
2171 1072 2380 1117 manus
2461 1057 2504 1112 ἐς

2312 1072 2380 1117 us
2461 1057 2660 1112 ἑαυτῶν
2718 1056 3009 1132 ὑπηρεσίαν
3068 1055 3246 1111 τελεῖν
3304 1058 3377 1121 ὡς
3432 1057 3533 1112 ὑπὸ
3592 1062 3707 1129 Θεῷ
3757 1076 4076 1134 πραττοντας·

733 1143 1069 1225 symbolum
1092 1153 1179 1207 est
1202 1145 1589 1226 operationis.

816 1233 1160 1312 §lV.Porro
1184 1235 1418 1314 signum
1443 1235 1638 1298 "crucis
1663 1234 1938 1314 designat
1960 1236 2229 1297 omnium
2256 1252 2383 1297 car-

730 1324 955 1387 nalium
987 1324 1379 1401 cupiditatum
1414 1325 1837 1406 cessationem,
1893 1324 2225 1405 divinaeque
2250 1326 2384 1387 vitae

730 1414 1125 1477 imitationem
1157 1414 1288 1495 ejus
1317 1416 1417 1496 qui
1448 1414 1520 1477 ad
1552 1433 1791 1477 crucem
1824 1422 1883 1478 et
1914 1422 2167 1477 mortem
2198 1413 2378 1475 venit.

729 1504 1062 1586 Episcopus
1104 1512 1299 1567 autem
1318 1522 1534 1566 nomen
1551 1504 1823 1584 illiusqui
1842 1504 2150 1566 ordinatur
2164 1505 2384 1584 proclav

733 1605 878 1669 mat,
901 1593 1186 1671 quoniam
1216 1596 1337 1658 Deo
1354 1595 1569 1657 charus
1590 1595 1865 1661 ordinum
1888 1594 2138 1656 collator
2161 1601 2384 1656 tantum

732 1684 987 1765 explicat
1013 1682 1276 1746 divinam
1302 1684 1685 1755 electionem,
1728 1685 1864 1763 quia
1889 1703 2006 1745 non
2035 1684 2254 1759 favore,
2280 1683 2384 1745 sed

732 1791 767 1836 a
795 1775 920 1836 Deo
947 1775 1366 1855 motus,ipsum
1392 1776 1590 1854 elegit.
1619 1774 1750 1837 Har
1780 1775 1940 1836 enim
1966 1773 2382 1856 promulgatio,

734 1862 1137 1929 manifestatio
1169 1870 1263 1927 est
1293 1863 1512 1926 divinae
1536 1864 1878 1927 voluntatis.

816 2041 845 2121 §
873 2041 944 2106 V.
978 2045 1102 2107 Hoc
1135 2044 1311 2106 modo
1344 2045 1515 2106 etiam
1547 2044 1762 2124 legalis
1810 2044 2091 2105 ordinum
2141 2042 2390 2105 collator

732 2130 965 2213 Moyses
986 2132 1228 2195 fratrem
1272 2152 1443 2195 suum
1473 2134 1694 2210 Aaron,
1748 2135 2013 2214 quamvis
2037 2152 2171 2195 eum
2207 2133 2389 2195 sciret

730 2218 847 2282 isto
884 2239 1132 2283 munere
1162 2222 1811 2305 dignum,nequaquam
1839 2222 2041 2304 elegit,
2071 2224 2261 2285 donec
2293 2221 2388 2283 di-

733 2309 952 2372 vinitus
969 2311 1044 2373 ad
1068 2312 1179 2373 hoc
1199 2324 1559 2376 moveretur.
1588 2315 1703 2376 Sed
1721 2312 1860 2393 quid
1890 2313 2054 2374 illum
2079 2331 2342 2374 memoro
2360 2317 2388 2375 ?

733 2418 868 2462 cum
885 2400 1137 2481 ipsemet
1153 2404 1378 2482 primus
1401 2402 1678 2463 ordinum
1703 2403 1953 2465 collator
1975 2402 2388 2464 ac'viviﬁcator

731 2487 907 2552 Jesus
928 2490 1000 2550 ad
1024 2488 1255 2552 Patrem
1296 2491 1556 2555 clamet:
1607 2493 1809 2573 Pater,
1864 2491 2137 2572 clari/ica
2188 2491 2386 2570 ﬁlium

738 2585 962 2654 tuum“,
996 2580 1510 2643 conﬁrmationem
1546 2582 1984 2662 quodammodo
2056 2581 2195 2644 inde
2225 2582 2383 2643 acci-

722 2668 928 2750 piens,
969 2670 1381 2732 tametsiDeus
1425 2678 1587 2732 esset
1612 2688 1681 2733 ac
1707 2670 2020 2752 Dominns,
2056 2681 2112 2731 et
2143 2671 2201 2731 in
2250 2689 2297 2730 νε
2323 2688 2387 2732 ra

737 2760 923 2839 gloria
961 2759 1137 2820 simul
1167 2779 1300 2821 cum
1333 2759 1505 2821 Patre
1537 2769 1597 2820 et
1627 2758 1847 2840 Spiritu
1879 2770 2082 2822 sancto
2110 2778 2241 2822 esse
2277 2780 2387 2821 no-

2466 1142 2731 1220 σῦμϐόλον
2765 1145 2864 1223 γὰρ
2894 1148 2929 1215 ἦ
2958 1146 3080 1225 χεὶρ
3117 1144 3376 1222 πράξεως.

2544 1232 2573 1312 §
2603 1233 2703 1295 IV.
2730 1233 2795 1290 ’Π
2828 1231 2883 1289 δὲ
2910 1232 3248 1312 σταυροειδὴς
3305 1234 3530 1314 σφραγὶς
3585 1235 3682 1302 τὴν
3738 1232 4084 1312 ἆνενεργησίαν

2466 1330 2570 1381 τῶν
2641 1329 2906 1403 σαρκικῶν
2976 1327 3179 1396 παθῶν,
3252 1325 3341 1381 καὶ
3411 1325 3507 1392 τὴν
3577 1325 3898 1400 θεομίμητον
3960 1326 4086 1394 ζωὴν

2466 1413 2706 1493 ἐμφαίνει
2765 1418 2832 1488 τῇ
2891 1414 3018 1491 πρὸς
3077 1414 3233 1471 αὐτὸν
3284 1413 3536 1494 μιμήσει,
3585 1414 3642 1478 ὃς
3697 1414 3857 1492 μέχρι
3888 1412 4089 1489 σταυροῦ

2468 1503 2558 1560 καὶ
2611 1502 2835 1559 θανάτου
2884 1499 3159 1572 ἐλήλυθεν.
3210 1500 3439 1574 Ἀναϐοᾷ
3492 1499 3546 1558 δὲ
3577 1503 3638 1559 τὸ
3667 1503 3834 1576 ὄνομα
3861 1510 3948 1560 τοῦ
3975 1522 4085 1581 χει-

2470 1591 2852 1672 ροτονουμὲνου
2907 1593 2935 1648 6
2993 1591 3278 1671 ἱεραρχης,
3351 1590 3431 1647 ὅτι
3504 1593 3532 1648 ὁ
3600 1590 3840 1671 φιλόθεος
3905 1593 4086 1669 {spots-

2470 1681 2664 1749 λεστής
2720 1679 2882 1756 μόνον
2962 1680 3196 1761 ἐκφαίνει
3249 1680 3346 1747 τὴν
3402 1681 3541 1737 θείαν
3603 1680 3853 1756 ἐκλογὴν,
3913 1679 3987 1736 ὅτι
4039 1678 4088 1735 οῦ

2469 1773 2678 1852 χάριτι,
2734 1769 2850 1827 ἀλλ’
2914 1772 3012 1827 ὕπὸ
3072 1778 3201 1829 Θεοῦ
3250 1771 3559 1846 κινούμενος
3613 1771 3772 1827 αῦτὸν
3819 1769 4085 1836 ἐξελέξατο·

2410 1869 2626 1941 Βτοῦτο
2657 1862 2757 1941 γὰρ
2787 1861 2929 1918 ἐστιν
2959 1863 2992 1929 ἡ
3051 1859 3373 1940 ἐκφώνησις,
3429 1863 3463 1929 ἡ
3523 1860 3771 1943 ἕκφανσις
3828 1866 3922 1928 τῆς
3968 1860 4088 1920 θείας

2471 1950 2666 2029 βουλῆς
2679 1996 2690 2010 .

2554 2041 2584 2120 §
2618 2039 2693 2103 V.
2756 2040 2907 2099 Οὕτω
2964 2043 3052 2098 καὶ
3086 2045 3112 2099 6
3139 2042 3356 2116 νομικὸς
3386 2039 3750 2119 ἱεροτελεστής
3776 2043 3992 2108 Μωῦσῆς
4017 2039 4094 2095 τὸν

2472 2128 2694 2210 ἀδελφὸν
2754 2133 2912 2189 αὑτοῦ
2971 2129 3200 2210 Ἀαρὼν,
3263 2132 3351 2187 καὶ
3408 2128 3555 2192 εἰδὼς
3606 2129 3748 2196 ἄξιον
3778 2136 3878 2197 τῆς
3918 2131 4095 2202 ὑπουρ-

2471 2220 2612 2299 γίας,
2642 2224 2737 2278 οῦκ
2766 2218 3056 2293 ἐξελέξατο,
3090 2219 3189 2284 ἕως
3223 2223 3283 2277 οῦ
3320 2223 3495 2276 θεοθεν
3530 2220 3746 2289 ἐκινήθη
3811 2222 3882 2282 εἷς
3939 2220 4094 2274 “co-Tro.

2476 2312 2571 2366 Καὶ
2635 2310 2684 2364 τί
2727 2308 2886 2386 ,λέγω
2942 2312 3058 2388 περὶ
3119 2310 3361 2385 cod-ceu;
3420 2311 3577 2373 αὐτὸς
3607 2312 3634 2364 ὁ
3686 2315 3893 2385 πρῶτος
3923 2310 4099 2383 tego-a-

2470 2396 2665 2466 λεστὴς
2722 2402 2748 2454 6
2806 2399 3106 2479 ξωαρχικὸς
3169 2397 3376 2465 Ἰησοῦς
3433 2401 3563 2476 πρὶς
3623 2400 3712 2455 τὸν
3766 2398 4099 2471 Πατέρα

2477 2490 2665 2566 Πείτερ,
2753 2488 2969 2554 δόξασόν
3053 2511 3148 2546 σου
3217 2492 3308 2545 τὸν
3396 2489 3535 2544 Υῑόν·
3625 2489 3723 2556 τὴν
3807 2488 4102 2563 ἐπικῦρωσιν

2472 2581 2662 2636 ὡσανεὶ
2694 2579 2894 2634 ἐκεῖθεν
2932 2577 3250 2658 δεχόμενος,
3286 2580 3457 2635 καίτοι
3493 2580 3621 2640 Θεὸς
3670 2580 3745 2635 ὢν
3791 2580 3876 2634 καὶ
3912 2575 4100 2632 Δεσπό-

2469 2690 2591 2743 της,
2625 2669 2711 2725 καὶ
2773 2667 2828 2722 ἐν
2871 2667 3045 2740 τελείᾳ
3091 2667 3210 2747 δόξῃ
3255 2667 3367 2742 ἅμα
3408 2675 3484 2743 τῷ
3533 2670 3693 2747 Πατρὶ
3738 2670 3829 2725 καὶ
3872 2674 3945 2740 τῷ
3985 2665 4102 2742 ἁγίῳ

2472 2760 2739 2832 Πνεῦματι
2811 2760 3218 2836 γνωριζόμενος.
3298 2760 3354 2815 Εἰ
3420 2757 3474 2813 δὲ
3518 2760 3867 2831 πιστεύομεν,
3934 2756 4008 2812 δτι
4049 2754 4104 2809 τὰ

739 2855 1036 2911 sceretur.
1065 2846 1123 2909 Si
1143 2865 1285 2931 vero
1305 2849 1608 2911 credimus
1638 2867 1707 2910 ea
1736 2868 1870 2926 quae
1885 2850 2187 2929 prophelze
2210 2849 2390 2911 locuti
2469 2849 2512 2902 ὑτ

2329 2855 2390 2909 ni
2469 2849 2572 2903 ὑπὸ
2631 2852 2917 2926 προφητῶν
2986 2846 3285 2922 λαλούμενα
3328 2846 3540 2926 ῥήματα
3579 2850 3675 2903 είσι
3726 2855 3882 2920 Θεοῦ,
3947 2845 4102 2906 καθὼς

742 2935 1091 3011 sunt,verba
1119 2954 1251 2998 esse
1268 2937 1560 3011 Dei,si(-.ut
1582 2955 1718 2998 vere
1736 2946 1892 3017 sunt,
1919 2946 1978 2998 cl
2019 2957 2052 2999 a
2099 2940 2219 3001 Deo
2247 2956 2388 3018 pro-
2472 2959 2515 2992 κέ

2329 2957 2388 2999 )—
2472 2938 2562 2996 καὶ
2616 2938 2735 3011 εἰσὶ,
2795 2940 2880 2993 καὶ
2942 2937 3047 2992 ἀπὸ
3107 2944 3238 2994 Θεοῦ
3293 2936 3561 3017 λέγονται·
3606 2940 3690 3012 τὸ,
3734 2939 3812 2992 Σὺ
3839 2936 3997 3011 ἱερεὺς
4042 2933 4102 2993 εἷς

746 3025 1027 3088 feruntur
1057 3046 1073 3101 ;
1106 3025 1254 3088 illud
1291 3046 1306 3088 :
1347 3027 1431 3090 Tu
1453 3044 1513 3089 es
1533 3027 1896 3089 sacerdosin
1918 3036 2221 3090 Meritum
2251 3065 2298 3103 ν,
2335 3035 2393 3089 et
2475 3028 2519 3082 τε

2335 3035 2393 3089 et
2475 3028 2565 3083 τὸν
2592 3027 2776 3097 αἰῶνα,
2813 3027 2993 3084 καὶτὰ
3032 3025 3178 3100 ἑξῆς,
3227 3026 3285 3084 οῦ
3344 3035 3435 3084 τοῦ
3494 3025 3650 3086 Δαυῖδ
3694 3028 3903 3090 πάντως
3959 3023 4107 3102 φήσω

745 3133 877 3196 qua:
907 3124 1267 3193 sequuntur,
1308 3134 1680 3197 nequaquam
1717 3119 1962 3179 omnino
1992 3117 2229 3179 Davidis
2261 3134 2392 3181 esse
2476 3139 2514 3192 μ

2334 3136 2392 3180 se
2476 3136 2574 3192 μεν
2618 3115 2784 3187 εἶναι,
2831 3114 2970 3173 ἀλλὰ
3012 3118 3104 3172 τοῦ
3144 3118 3229 3173 ἒπὶ
3274 3117 3484 3173 πάντων
3533 3123 3685 3173 Θεοῦ’
3734 3111 4107 3190 ἐκλαμϐάνεται

749 3205 1027 3286 dicimus,
1069 3205 1174 3267 sed
1207 3205 1351 3267 248
1382 3206 1605 3267 dictum
1668 3204 1812 3269 Dei:
1864 3206 2155 3287 accipitur
2195 3216 2393 3270 autem
2477 3204 2522 3261 δὲ

2337 3226 2393 3268 m
2477 3204 2533 3261 δὲ
2562 3206 2635 3268 ὡς
2660 3204 2767 3261 ἀπὸ
2802 3212 2888 3261 τοῦ
2918 3207 3122 3281 Πατρὸς
3153 3207 3282 3284 πρὸς
3326 3205 3417 3262 τόν
3469 3207 3587 3262 ι’ἱὸν
3643 3203 4110 3281 ἐπιμαρτυροῦντος

746 3292 1007 3356 dePatre
1026 3295 1174 3358 Filio
1189 3313 1298 3357 suo
1315 3295 1722 3357 testimonium
1745 3296 2096 3376 perhibente
2114 3297 2392 3359 sacerdo-
2412 3290 2454 3342 ο
2478 3317 2519 3351 τι

2339 3317 2392 3358 ε)-
2412 3290 2454 3342 C
2478 3295 2651 3369 τούτῳ
2710 3294 2806 3363 τήν
2859 3295 2931 3358 εἰς
2992 3295 3158 3351 αίῶνα
3187 3295 3473 3375 ἱερωσύνην
3504 3294 3641 3351 κατὰ
3670 3294 3772 3361 τὴν
3805 3291 3950 3358 τάξιν
3980 3287 4112 3347 Μελ-

747 3383 811 3444 tii
839 3382 999 3446 illius
1022 3386 1233 3446 mterni
1269 3384 1604 3447 secundum
1630 3385 1902 3447 ordinem
1926 3386 2392 3450 Melchisedech.

744 3472 821 3536 Et
850 3474 1199 3555 discipulos,
1233 3476 1465 3537 tametsi
1489 3477 1647 3538 Deus
1668 3484 1845 3556 esset,
1881 3496 2002 3538 non
2023 3480 2396 3558 asemetipso

745 3565 989 3644 proprie
1021 3564 1335 3646 ordinavit,
1369 3564 1473 3627 sed
1500 3566 1774 3646 promisit
1796 3586 1860 3627 se
1889 3571 2205 3629 missurum
2259 3568 2333 3629 iis
2363 3585 2395 3626 a

747 3655 919 3715 Patre
933 3651 1219 3732 Spiritum
1244 3665 1536 3715 sanctum.
1567 3654 1720 3727 Quin
1746 3663 1806 3717 et
1839 3662 2095 3735 ipsemet
2119 3658 2397 3737 princeps

742 3740 1295 3821 apostolorum,una
1308 3761 1439 3805 cum
1456 3743 1683 3805 decade
1696 3743 1787 3805 dis
1798 3743 2397 3825 cipulorum,quando

745 3828 1178 3892 duodenarinm
1210 3830 1381 3893 illum
1415 3830 1667 3913 implere
1695 3831 2340 3916 volebat,nequaquam
2362 3852 2399 3897 a

745 3919 1068 4000 semetipso
1099 3921 1413 3983 ordinabat
1444 3940 1862 4003 quemcunque
1883 3923 2081 4000 vellet,
2098 3924 2204 3986 sed
2225 3923 2395 3986 dice-

724 4019 877 4077 bat:
911 4017 1135 4075 Ostende
1163 4035 1317 4092 quem
1344 4019 1564 4091 elegeris
1593 4032 1618 4063 ι
1655 4039 1669 4084 ;
1732 4030 1787 4079 et
1846 4020 2011 4080 illum
2072 4022 2390 4094 accipiebat

744 4119 924 4179 quem
952 4100 1207 4181 Spiritus
1235 4109 1477 4164 sanctus
1506 4102 1875 4181 ostenderat,
1926 4103 2226 4167 Matthiam
2291 4104 2390 4166 in-

742 4193 1036 4272 quam.l)e
1052 4189 1249 4252 divina
1267 4209 1405 4253 vero
1431 4201 1590 4254 sorte
1614 4194 1671 4254 in
1697 4195 1865 4256 Actis
1888 4193 1982 4255 alii
2007 4194 2251 4276 quidem
2276 4195 2392 4257 alia

744 4279 1142 4357 tradiderunt,
1170 4279 1411 4343 interim
1442 4290 1637 4345 tamen
1668 4302 1787 4344 non
1818 4291 2023 4345 sancte
2054 4283 2390 4347 istiusmodi

742 4378 935 4430 sortes
964 4369 1397 4449 acciperemus,
1422 4373 1625 4453 quales
1646 4390 1806 4454 saepe
1830 4375 2005 4435 etiam
2028 4374 2255 4437 ethnici
2289 4394 2388 4456 po-

743 4456 988 4533 nebant,
1023 4459 1175 4521 sicut
1211 4461 1366 4542 apud
1413 4466 1741 4526 Homerum
1784 4462 2047 4544 jaciebat
2097 4465 2389 4527 Gerenius

744 4564 927 4630 eques
953 4545 1184 4612 Nestor.
1210 4552 1332 4629 Ego
1352 4559 1548 4613 autem
1574 4552 1730 4626 dico,
1797 4560 2020 4615 sortem
2069 4552 2252 4616 fuisse
2305 4554 2387 4616 si-

2481 3382 2725 3466 χισεδέκ.
2802 3386 2899 3443 Καὶ
2959 3385 3080 3446 τοῦς
3153 3385 3414 3464 μαθητὰς,
3489 3385 3662 3441 καίτοι
3728 3385 3864 3447 Θεὸς
3906 3383 4000 3455 ὢν,
4032 3381 4115 3437 οῦκ

2480 3475 2636 3541 αῦτὸς
2666 3473 3044 3556 ἐχειροτόνησε
3074 3472 3215 3538 ἰδίως
3280 3471 3369 3553 ἀφ’
3431 3474 3637 3547 ἑαυτοῦ,
3699 3472 3825 3530 ἀλλ’
3879 3467 4117 3548 ἒπηγγεί-

2481 3578 2610 3621 Λατο
2670 3566 2900 3640 πέμπειν
2957 3564 3101 3643 παρὰ
3139 3571 3230 3622 τοῦ
3260 3565 3465 3641 Πατρος
3500 3566 3557 3620 τὸ
3590 3570 3805 3638 Πνεῦμα
3836 3564 3897 3618 τὸ
3952 3561 4112 3638 ἅγιον,

2483 3655 2580 3713 Καὶ
2611 3653 2719 3730 μὴν
2751 3655 2838 3711 καὶ
2898 3655 3054 3717 αὐτὸς
3113 3657 3140 3711 6
3197 3661 3303 3711 τῶν
3334 3656 3585 3730 μαθητῶν
3646 3665 3939 3734 κορυφαῖος
3998 3646 4118 3725 μετὰ

2479 3749 2577 3811 τῆς
2621 3742 2836 3808 δεκάδος
2879 3751 2983 3800 τῶν
3027 3748 3306 3820 μαθητῶν,
3357 3744 3469 3801 ἐπεὶ
3513 3741 3749 3820 ἤμελλεν
3797 3740 4117 3820 ἀναπληροῦν

2478 3832 2579 3900 τὴν
2621 3830 2911 3904 δωδεκάδα,
2957 3834 3052 3890 οὐκ
3081 3833 3170 3914 ἀφ’
3217 3836 3400 3891 ἑαυτοῦ
3431 3833 3759 3914 ἐχειροτόνει
3793 3834 3851 3891 ὃν
3886 3833 3947 3887 ἂν
3988 3826 4119 3886 €606-

2479 3919 2630 4003 λετσ,
2689 3920 2808 3978 ἀλλ’
2871 3920 3075 4000 ἔλεγεν·
3145 3922 3440 3989 Ἀνάδειξον
3508 3923 3566 3978 ὃν
3625 3921 3873 3988 ἐξελέξω·
3942 3920 4120 3978 κάνεῖ-

2470 4032 2560 4068 νον
2629 4008 2836 4078 ἐδέξατο
2874 4010 2932 4067 δν
2962 4014 3024 4068 τὸ
3070 4014 3282 4087 Πνεῦμα
3349 4014 3410 4069 τὸ
3478 4011 3631 4089 ἅγιον
3699 4009 3955 4092 ἀνέδειξε,
4036 4007 4118 4065 τὸν

2474 4105 2707 4162 Ματθίαν
2753 4104 2915 4184 φημί.
2968 4106 3093 4184 Περὶ
3136 4102 3192 4161 δὲ
3233 4106 3327 4162 τοῦ
3366 4107 3504 4162 θείου
3533 4104 3735 4185 κλήρου
3780 4113 3873 4162 τοῦ
3915 4105 3969 4160 ὲν
4009 4113 4118 4164 ταῖς

2478 4193 2756 4275 Πρέξεσιν,
2811 4194 2981 4274 ἕτεροι
3043 4195 3141 4268 μὲν
3200 4192 3337 4252 ἄλλα
3391 4196 3656 4274 εἰρήκασι,
3708 4194 3847 4261 τέως
3881 4194 3971 4252 οῦκ
4000 4191 4115 4247 56a-

2473 4292 2582 4363 γῶς
2640 4282 2987 4360 ἐκλαϐόμειοι
3047 4285 3198 4348 ἴσους
3251 4283 3506 4362 κλήρους,
3569 4284 3657 4346 οῦς
3703 4283 3967 4347 πολλάκις
4017 4278 4117 4337 ἐτί-

2472 4378 2615 4452 θουν,
2665 4377 2753 4431 καὶ
2804 4367 3079 4442 ’Έλληνες
3109 4374 3247 4431 κατὰ
3277 4376 3338 4431 τὸ
3382 4371 3508 4453 παρ’
3556 4367 3783 4453 Ὀμήρῷ
3826 4372 4027 4431 πάλλεν
4067 4365 4115 4421 δὲ

2474 4464 2719 4545 Γερήνιος
2751 4465 2952 4522 ἱππότα
3010 4463 3251 4543 Νέστωρ.
3313 4462 3459 4543 Ἐγὼ
3515 4461 3570 4519 δὲ
3635 4461 3805 4542 λέγω,
3869 4456 4119 4550 σύμξολάν

2471 4577 2522 4612 τι
2580 4555 2631 4621 ἐξ
2698 4553 3085 4630 ἀποκαλύψεως
3154 4553 3189 4622 ἤ
3258 4554 3618 4633 ἐνεργήματος
3691 4564 3788 4613 τοῦ
3863 4549 4123 4627 παναγίου

741 4660 918 4720 gnum
937 4645 1167 4719 aliquod
1189 4648 1997 4717 revelationis,autalﬂatlonis
2039 4653 2385 4711 sanctissimi
2414 4658 2456 4713 D
2472 4651 2514 4701 Π

2340 4654 2385 4711 ni
2414 4645 2776 4721 ῧΠνεύματὸς
2799 4657 2999 4702 πῖπτον
3029 4643 3115 4701 ἐπὶ
3147 4645 3235 4700 τὸν
3295 4643 3656 4722 κληροῦμενον
3686 4645 3714 4700 6
3765 4642 3970 4723 κλῆρος
4029 4638 4113 4706 ἦν.

738 4726 1014 4809 Spiritus,
1041 4728 1199 4810 quod
1217 4729 1663 4812 cadebatsuper
1683 4749 1817 4794 eum
1858 4731 1959 4813 qui
2002 4732 2386 4796 sortiebatur.

739 4816 909 4882 Unde
940 4819 1120 4881 etiam
1154 4819 1229 4881 de
1279 4817 1560 4881 Iscariota
1593 4820 1883 4883 maximus
1909 4821 2009 4885 ille
2035 4819 2245 4885 Petrus
2261 4824 2343 4885 ait
2370 4846 2383 4889 :

739 4914 813 4973 Et
870 4921 1154 4989 acceperat
1199 4918 1472 4976 nobiscum
1526 4924 1724 4976 sortem
1786 4920 2080 4979 ministerii
2133 4921 2295 4995 hujus
2323 4935 2349 4977 ιι
2367 4939 2386 4995 ;

739 5015 1078 5078 quanquam
1132 4998 1345 5062 usitata
1391 4999 1565 5080 vulgo
1614 5018 1742 5062 sors
1770 5020 1887 5063 non
1922 5003 2029 5065 fuit
2059 5001 2324 5067 adhibita
2354 5024 2391 5067 a

739 5083 1000 5176 Domino
1017 5105 1151 5147 cum
1172 5088 1471 5169 apostolos
1495 5089 1702 5170 elegit.
1728 5090 1996 5173 Denique
2019 5092 2092 5155 ad
2119 5095 2391 5176 proposi-

742 5180 865 5236 tum
886 5173 1165 5265 dicimus,
1186 5177 1531 5259 episcopum
1557 5198 1590 5241 a
1615 5179 1993 5244 sanctissimo
2019 5173 2245 5265 Spiritu
2267 5203 2392 5246 mo-

740 5273 868 5327 tum
900 5264 1219 5328 electiones
1252 5266 1449 5330 facere
1478 5268 1729 5334 debere.

818 5353 848 5435 §
874 5351 976 5418 Vl.
1002 5356 1185 5417 Porro
1209 5374 1442 5435 omnes,
1472 5357 1651 5421 etiam
1678 5359 1931 5441 ipsemet
1952 5364 2232 5427 ordinum
2258 5365 2386 5427 col-

736 5443 913 5524 lator,
949 5443 1286 5507 ordinatum
1306 5446 1585 5530 salutant;
1606 5450 1888 5530 quoniam
1912 5472 2047 5515 cum
2075 5454 2189 5517 hoc
2211 5454 2389 5516 modo

736 5551 910 5599 mens
950 5542 1177 5613 sancta,
1202 5535 1403 5600 divina
1425 5538 1738 5604 vocatione
1764 5549 1822 5604 et
1840 5543 2267 5608 ecclesiasticis
2291 5544 2388 5608 iu-

812 5720 841 5754 ιι
867 5709 1039 5775 Joan.
1074 5726 1216 5794 xvn,
1250 5714 1308 5778 t.
1383 5723 1408 5756 τ
1436 5715 1594 5780 Psal.
1631 5732 1751 5800 cxx,
1785 5717 1847 5783 4.
1920 5729 1946 5763 κ
1973 5720 2108 5784 Act.
2147 5738 2187 5797 ι,
2222 5721 2322 5785 24.

2475 4732 2642 4793 ’Ὀθεν
2698 4737 2787 4791 καὶ
2847 4735 2958 4813 περ)
3033 4740 3126 4791 τοῦ
3182 4730 3522 4814 Ἰσκαριώτου
3580 4734 3740 4811 φησὶν
3804 4735 3833 4790 6
3880 4731 4120 4811 μέγιστος

2475 4824 2696 4904 Πέτρὸς,
2782 4821 2863 4880 ὅτι
2934 4820 3152 4880 ’Ἔλαϐσ
3214 4824 3307 4880 σὺν
3373 4822 3502 4899 ἥμιν
3578 4824 3670 4880 τὸν
3741 4823 3951 4901 κλῆρον
4031 4821 4122 4883 τῆς

2473 4913 2736 4979 διακονίας
2767 4913 2990 4979 ταύτης·
3038 4914 3209 4971 καίτοι
3245 4914 3475 4983 στνήθης
3526 4927 3646 4978 τοῖς
3713 4912 3947 4977 πολλοῖς
4002 4907 4124 4972 κλῆ·

2473 5026 2562 5081 ρος
2623 5005 2716 5061 οῦκ
2772 5004 2858 5060 ἐπὶ
2916 5006 3021 5059 τῶν
3077 5001 3396 5061 ἀποστόλων
3439 5003 3653 5082 γέγονεν
3683 5005 3784 5061 ὑπὸ
3819 5012 3912 5063 τοῦ
3947 4998 4124 5079 Κυρίου

2471 5103 2563 5154 τοῦ
2593 5090 2968 5169 ἒπιλεξαμένου
2998 5093 3206 5157 αὐτοὺς.
3264 5093 3413 5161 Πλὴν
3470 5091 3632 5152 πάλιν
3664 5095 3724 5152 τὸ
3768 5092 4121 5174 προκείμενον

2472 5183 2721 5263 λέγομεν,
2787 5180 2868 5239 ὅτι
2890 5184 3001 5263 χρὴ
3058 5183 3150 5239 τὸν
3205 5183 3465 5263 ἱεράρχην
3523 5184 3838 5259 κινούμενον
3867 5181 4013 5262 παρὰ
4036 5176 4123 5234 τοῦ

2471 5272 2729 5351 παναγίου
2762 5272 3065 5348 Πνεῦματος
3095 5272 3190 5335 τὰς
3221 5270 3445 5351 ἐκλογὰς
3472 5276 3765 5333 ποιεῖσθαι.

2554 5360 2706 5440 §VI,
2741 5362 2939 5427 Πάντες
2971 5360 3026 5418 δὲ
3057 5361 3405 5436 ἀσπάζονται,
3439 5365 3527 5420 καὶ
3573 5365 3725 5428 αὐτὸς
3790 5365 3820 5420 6
3882 5365 4124 5443 χείροτο·

2473 5455 2665 5528 νήσας,
2739 5453 2828 5508 τὸν
2899 5449 3271 5532 τελφεοθὲντα·
3335 5451 3467 5510 διότι
3497 5452 3623 5511 ὅταν
3660 5452 4123 5532 τοφιουτοτρόπως

2472 5544 2579 5601 ἀπὸ
2636 5542 2776 5607 θείας
2840 5540 3088 5620 κλῇσεως
3167 5543 3254 5601 καὶ
3322 5543 3601 5624 ίερατικῶν
3661 5540 3941 5620 δυνάμεων
3997 5538 4123 5620 πρὸς

2399 5732 2425 5778 ν
2459 5717 2646 5801 una,
2685 5717 2777 5782 17.
