4490 6164
687 348 796 417 531
1916 354 1981 418 S.
2028 356 2339 420 DIONYSI
2349 358 2373 418 Ι
2416 359 2460 421 A

2282 357 2373 419 SII
2416 358 2922 422 AREOPAGlT/E
3948 361 4055 428 532

681 486 887 550 turbas
915 486 1044 550 illas
1074 506 1261 570 quaea
1288 487 1476 551 sacris
1504 487 1932 550 functionibus
1962 497 2019 550 et
2045 506 2351 551 consecra-
2372 509 2405 548 Α
2436 516 2454 547 a

2282 506 2351 548 'a-
2372 509 2405 548 Α
2436 496 2484 548 αί
2515 495 2617 548 τῶν
2677 493 2980 571 ἱερουργιῶν
3023 494 3109 550 καὶ
3140 492 3516 575 τελετουργιῶν
3569 493 3634 546 95
3660 494 3851 553 ἂποδια
3908 498 4055 554 στελ-

683 576 944 642 tionibus
967 587 1645 659 segregantur,quarum
1670 579 1950 658 superius
1975 580 2341 641 mentionem
2424 581 2455 637 λ

2285 597 2341 639 m
2424 581 2649 657 λόμεναι
2693 581 2950 662 πληθόες,
2994 585 3069 639 ὧν
3124 581 3226 651 ἤδη
3272 585 3491 661 μνήμην
3523 586 3914 661 ἓνοιησάμεθω
3968 591 4057 654 τῆς

684 668 936 733 fecimus
968 692 981 729 :
1016 687 1265 750 quorum
1298 668 1448 731 alius
1506 667 1751 749 quidem
1784 687 1818 730 a
1848 670 2029 731 sacris
2080 678 2337 749 arcetur,
2423 694 2457 745 μ

2287 686 2337 749 1⁵,
2423 672 2545 752 μὲν,
2579 675 2651 734 ὡς
2710 670 2785 728 ἔτι
2844 673 2975 751 πρὸς
3018 678 3124 729 τῶν
3184 671 3505 753 λειτουργῶν
3562 688 3682 738 τοῖς
3744 691 4058 751 μαιευτικοῒς

687 760 847 841 quod
879 759 1076 822 adhuc
1109 778 1144 821 a
1176 758 1469 821 ministris
1501 758 1573 821 ad
1619 757 1852 820 vitalem
1884 766 2115 839 partum
2147 756 2341 819 verbis
2422 760 2460 817 λ‹

2293 757 2341 819 is
2422 760 2621 838 λογίοις
2675 763 2804 841 πρὸς
2862 763 3092 833 ζωτικὴν
3150 763 3393 830 ἆπότεξιν
3453 765 3825 846 μορφουμένης
3870 788 3926 823 τε
3980 767 4061 824 καὶ

688 848 1227 912 obstetricantibus
1252 847 1515 910 foveatur
1559 855 1733 930 atque
1766 849 2111 911 eil‘ormetur
2143 870 2159 923 ;
2191 847 2343 909 alter
2422 848 2461 906 δι

2286 865 2343 908 er
2422 848 2907 927 διαπλαττομένης·
2954 853 3055 918 τῆς
3098 850 3177 933 δὲ,
3212 855 3285 917 ὡς
3345 852 3420 910 ἔτι
3470 857 3602 934 πρὸς
3660 857 3757 924 τὴν
3810 858 3967 934 ἱερὰν,
3998 859 4059 923 ἦς

683 956 848 1016 vero,
885 938 1047 1019 quod
1076 939 1402 1000 etiamnum
1438 938 1510 1000 ad
1534 956 1688 1020 eam,
1723 956 1757 1000 a
1780 956 1898 1019 qua
1930 936 2170 1019 defecit,
2207 936 2339 998 vitae
2422 940 2454 996 ὰ

2289 954 2339 998 ae
2422 940 2628 1020 ἂπρστη
2717 946 2860 1013 ζωῆς
2931 940 3467 1019 ἂνακικλησκομένης
3538 950 3606 1022 τῇ
3677 951 3782 1003 τῶν
3864 946 4060 1023 ἀγαθῶν

684 1027 1138 1090 sanctimoniam
1188 1028 1592 1091 adhortatoria
1622 1046 1968 1090 sermonum
2033 1027 2330 1089 bonorum
2415 1029 2457 1087 λι

2286 1045 2330 1088 m
2415 1029 2611 1110 λογίων
2667 1032 3012 1111 ἐπιτρεπτικῇ
3069 1031 3134 1081 96
3189 1031 3519 1108 διδασκαλίᾳ·
3579 1037 3683 1101 τῶς
3728 1033 3803 1108 δὲ,
3866 1037 3935 1100 ὡς
3991 1035 4059 1093 ἔτι

684 1117 999 1199 disciplina
1031 1116 1520 1198 revocetur;alius
1552 1118 1940 1198 autem,quod
1973 1116 2165 1179 adhuc
2198 1134 2332 1177 con-
2416 1145 2452 1178 π

2283 1137 2332 1176 τι·
2416 1123 2544 1201 πρὸς
2604 1128 2707 1179 τῶν
2767 1121 3015 1178 ἐναντίων
3072 1128 3274 1180 πτοιῶν
3324 1122 3591 1201 ἀνάνδρως
3655 1123 4056 1200 ἐκδειματουμὲ-

685 1207 881 1269 trariis
914 1207 1230 1288 pavoribus
1259 1207 1552 1285 ignaviter
1578 1216 2083 1289 terreatur,atque
2117 1216 2331 1287 poten-
2416 1234 2458 1266 v1

2283 1227 2331 1268 Ι·
2416 1233 2536 1288 νης,
2575 1213 2658 1269 καὶ
2721 1213 2848 1289 πρὸς
2911 1214 3017 1267 τῶν
3080 1211 3443 1290 δυναμοποιῶν
3501 1214 3696 1294 λογίων
3755 1214 4056 1295 ἑπιῤῥωννδ-

684 1297 841 1359 tibus
864 1296 1005 1359 250
1031 1297 1288 1374 eloquiis
1320 1297 1745 1361 corroboretur
1771 1320 1786 1371 ;
1822 1298 1976 1360 alius
1999 1296 2330 1378 vero,quod
2421 1324 2457 1377 μ

2295 1296 2330 1359 d
2421 1318 2613 1377 μενησ·
2675 1307 2774 1368 τῆς
2819 1298 2903 1381 δὲ,
2939 1302 3010 1367 ὡς
3062 1302 3138 1359 ἔτι
3197 1304 3325 1380 πρὸς
3375 1305 3468 1369 τὰς
3520 1306 3660 1384 ἱερὰς
3690 1307 3952 1384 ἒνεργείας
4007 1306 4062 1363 ἐκ

680 1387 876 1450 adhuc
892 1387 965 1450 ab
982 1386 1268 1469 operibus
1292 1388 1591 1469 perversis
1611 1389 1683 1451 ad
1701 1406 1905 1452 sacras
1936 1387 2203 1449 actiones
2222 1396 2336 1476 traf
2419 1413 2453 1446 τι

2287 1405 2336 1476 Ξῖ
2419 1395 2523 1447 τῶν
2556 1390 2819 1471 χειρόνων
2848 1391 3246 1470 μεταγομένης·
3281 1393 3374 1461 τῆς
3402 1393 3481 1468 δὲ,
3505 1397 3577 1460 ὡς
3604 1395 3959 1476 μεταχθᾶσης
4005 1396 4060 1448 97

678 1476 952 1552 ducatur;
980 1476 1152 1557 alius,
1175 1477 1330 1554 quod
1354 1477 1479 1557 jam
1506 1477 1811 1540 traductus
1844 1476 2086 1557 quidem
2120 1474 2334 1551 sit,sed
2420 1503 2451 1556 μ

2287 1474 2334 1537 τά
2420 1481 2518 1556 μὲν
2580 1480 2726 1537 οὔπω
2782 1478 2835 1537 δέ
2894 1483 2954 1538 τὸ
3024 1481 3307 1560 πανάγνως
3362 1474 3840 1565 ἀνεπίστροφονί-ἐν
3869 1488 4060 1544 θειοτέ-

680 1566 945 1628 nondum
970 1566 1365 1629 constantiam
1400 1566 1459 1628 in
1490 1567 1708 1630 divinis
1734 1565 2336 1655 immutabilibusque
2420 1593 2447 1650 ρ

2289 1584 2336 1655 ιε
2420 1593 2535 1650 ραις
2620 1570 2757 1637 ἕξεσι
2844 1573 2931 1628 καὶ
2998 1570 3308 1636 ἆσαλεύτοις
3368 1572 3685 1655 ἐσχηκυίας,
3748 1578 3907 1632 Αὗται
3973 1578 4062 1654 γάρ

677 1655 946 1719 scientiis
975 1657 1052 1718 sit
1080 1657 1548 1730 consecutus.!lli
1576 1658 1737 1720 enim
1774 1664 1912 1718 sunt
1955 1656 2201 1718 ordines
2232 1648 2336 1737 qui
2421 1648 2450 1715 ἐ

2288 1648 2336 1716 ιί
2421 1661 2551 1716 εἰσιν
2615 1662 2665 1716 αἰ
2720 1661 3095 1736 καθαιρόμεναι
3162 1660 3334 1727 τάξεις
3393 1664 3491 1719 ὑπὸ
3546 1664 3645 1731 τῆς
3706 1662 4061 1744 λειτουργικῆς

681 1764 823 1812 cura
854 1746 1267 1809 ministrorum
1299 1756 1359 1809 et
1389 1748 1683 1829 purgandi
1715 1747 1770 1808 vi
1816 1748 2150 1828 expiantur,
2186 1763 2337 1827 quos
2362 1745 2395 1794 Β
2421 1773 2454 1826 μ

2289 1745 2724 1826 )εθμαιε’5σεως
2800 1752 2887 1807 καὶ
2969 1755 3293 1828 καθαρτικῆς
3379 1749 3668 1827 δυνάμεως·
3749 1756 3942 1818 ταύτας
4023 1758 4062 1812 ol

680 1837 756 1901 ad
788 1838 902 1899 hoc
932 1837 1191 1901 ministri
1222 1839 1408 1901 sacris
1453 1838 1576 1900 suis
1628 1837 1942 1899 virtutibus
1973 1837 2331 1916 provehunt,
2420 1838 2450 1896 λ

2289 1844 2331 1911 ι,
2420 1838 2716 1919 λειτουργοὶ
2791 1853 2913 1903 ταῖς
2974 1842 3143 1920 ἱεραῖς
3203 1845 3375 1899 αὐτῶν
3445 1840 3693 1918 δυνάμεσι
3766 1843 4060 1922 τελεσιουρ-

680 1937 746 1989 ut
775 1927 1042 2007 perfecte
1065 1928 1405 2008 purgati,ad
1438 1928 1873 1990 illuminantem
1900 1925 2334 1989 illustrissimo-
2418 1950 2451 2004 γ

2286 1945 2334 1987 )·
2418 1948 2566 2004 γουσι
2626 1929 2758 2006 πρὸς
2821 1931 2883 1986 τὸ
2938 1929 3134 1996 τελέως
3193 1929 3257 1979 98
3316 1930 3722 2011 ἐκκαθαρθείσας
3775 1933 3936 1999 αὒτὰς
3995 1936 4059 1998 εἷς

680 2035 813 2079 rum
843 2016 1270 2080 sacrificiorum
1294 2016 2338 2100 contemplationemetcommunio-
2416 2038 2453 2073 τ·

2285 2035 2338 2077 )·
2416 2017 2512 2085 τὴν
2564 2021 2893 2097 φωτιστικην
2949 2022 3053 2075 τῶν
3113 2022 3421 2101 φανοτᾶτων
3496 2025 3798 2102 ἱερουργιῶν
3854 2026 4058 2103 θεωρίαν

686 2123 823 2172 nem
857 2105 1264 2182 traducantur,
2417 2127 2459 2162 τι

2417 2127 2474 2162 τε
2505 2108 2591 2163 καὶ
2622 2109 2899 2167 κοινωνίαν
2936 2114 3277 2189 μεταχθῆναι
3306 2109 3393 2175 99,

2312 2268 2341 2346 §
2373 2267 2453 2330 ιι.

710 2490 715 2493 .
769 2429 993 2494 Medius
1022 2437 1216 2494 autem
1232 2432 1382 2494 ordo
1398 2440 1489 2495 est
1517 2432 1568 2496 is
1582 2435 1682 2516 qui
1718 2452 2022 2498 sacrorum
2050 2448 2329 2515 quorum-

2285 2448 2329 2492 ι-
2495 2432 2645 2500 Μέση
2704 2432 2758 2489 δὲ
2789 2432 2930 2499 τάξις
2976 2434 3115 2492 ἐστὶν
3146 2438 3179 2505 ἡ
3232 2436 3534 2514 θεωρητικῆ
3570 2438 3657 2493 καί
3704 2459 3865 2494 τινων
3915 2439 4058 2516 ἱερῶν

686 2522 821 2583 dam
850 2528 1088 2601 aSpectu
1113 2521 1536 2603 gsudet,atque
1565 2525 1913 2586 earumdem
1953 2544 2059 2606 pro
2087 2521 2328 2584 modulo
2412 2522 2457 2577 ἀ·

2286 2541 2328 2583 ¹ο
2412 2522 2688 2601 ἀναλόγως
2764 2526 2820 2580 ἓν
2895 2525 3217 2603 καθαρότητι
3287 2526 3433 2603 πάσῃ
3498 2528 3776 2601 κοινωνὸς⁹
3840 2528 3875 2594 ἠ
3950 2529 4059 2592 τοῖς

686 2629 797 2674 suo
824 2609 883 2671 in
914 2611 1075 2671 omni
1098 2610 1351 2690 puritate
1367 2612 1661 2695 particeps
1677 2614 2042 2694 exsistit,qui
2061 2611 2324 2685 luminis,
2412 2613 2456 2667 te

2289 2629 2324 2685 ς,
2412 2613 2635 2692 ἱερεῦσιν
2694 2615 2767 2677 είς
2825 2617 2886 2670 τὸ
2958 2618 3206 2694 φωτίζειν
3262 2617 3423 2683 αὐτὴν
3484 2617 3910 2692 ἀπονεμηθεῖσα,
3971 2610 4062 2677 Καὶ

684 2699 1020 2781 accipiendi
1043 2701 1228 2778 gratia
1244 2702 1622 2764 sacerdotum
1643 2722 1804 2765 cura;
1832 2712 1919 2766 est
1948 2701 2325 2765 commissus.
2426 2726 2457 2780 γ

2288 2720 2325 2762 5.
2426 2704 2524 2780 γάρ
2554 2702 2717 2777 ἐστιν,
2752 2707 2825 2768 ὡς
2890 2719 3069 2781 οτμαι,
3104 2705 3289 2780 δῆλον,
3322 2708 3415 2772 ὡς
3451 2709 3484 2775 ἡ
3518 2711 3840 2786 καθαρθεῖσαι
3895 2710 4061 2776 πάσης

686 2790 1072 2871 Perspicuum
1108 2798 1197 2853 est
1227 2790 1427 2873 enim,
1483 2800 1546 2853 ut
1574 2793 1853 2874 arbitror,
1889 2793 2045 2855 hunc
2076 2790 2149 2853 ab
2180 2790 2344 2853 omni
2426 2791 2457 2848 ἂ

2291 2790 2344 2853 ni
2426 2791 2630 2872 ἂνιέρου
2698 2793 2935 2874 κηλίδος,
2996 2798 3082 2852 καὶ
3137 2798 3405 2875 πάναγνον
3482 2797 3756 2874 ὲσγηκυϊα
3811 2801 3909 2867 τὴν
3979 2802 4064 2856 τοῦ

685 2878 823 2941 labe
847 2879 1075 2941 nefaria
1106 2880 1742 2964 expiatum,etcastam
1768 2892 1943 2964 atque
1974 2880 2340 2943 immobilem
2426 2885 2458 2939 ο¹

2289 2899 2340 2941 m
2426 2885 2616 2941 οἰκείου
2675 2885 2791 2949 νοὸς
2848 2886 3096 2953 ἀκίνητον
3167 2885 3395 2965 ἵδρυσιν,
3452 2889 3538 2945 ἐπὶ
3596 2889 3689 2955 τὴν
3741 2890 4062 2968 θεωρητικὴν

687 2975 905 3059 mentis
918 2988 1040 3032 suae
1054 2970 1256 3032 sedem
1279 2971 1670 3053 adeptum,ad
1688 2971 2130 3054 contemplandi
2152 2971 2343 3033 scien-
2426 2970 2460 3027 ἕὲ

2291 2990 2343 3030 [1-
2426 2969 2529 3037 ἕξιν
2587 2974 2673 3029 καὶ
2705 2971 2921 3050 δύναμιν
2974 2977 3314 3054 ἱερουργικῶς
3352 2975 3442 3027 100
3489 2977 3805 3059 μετάγεται,
3836 2981 3923 3036 καὶ
3954 3001 4064 3036 κοι-

688 3058 828 3119 tiam
860 3066 1035 3139 atque
1059 3065 1328 3122 virtutem
1355 3062 1735 3124 sacerdotum
1765 3080 1943 3143 opera
1971 3061 2335 3143 promoveri,
2359 3079 2401 3132 ο
2426 3085 2461 3117 νε

2295 3061 2335 3138 i,
2359 3079 2401 3132 ο
2426 3076 2587 3120 νωνετ
2634 3076 2750 3128 τοῖς
2783 3064 2901 3120 κατ’
2962 3064 3124 3133 αὒτὴν
3155 3068 3447 3130 θειοτάτοις
3503 3058 3814 3142 συμϐόλοις,
3850 3072 3906 3125 ἒν
3955 3082 4066 3135 ταῖς

689 3147 1226 3226 divinissimisque,
1279 3150 1495 3231 quibus
1541 3151 1626 3213 illi
1657 3153 1743 3214 fas
1786 3160 1896 3232 est,
1956 3150 2344 3212 sacramentis
2423 3156 2462 3209 0:

2295 3150 2344 3212 is
2423 3153 2660 3230 θεωρίαις
2711 3155 2880 3209 αὖτῶν
2954 3156 3041 3210 καὶ
3114 3158 3437 3226 κοινωνίαις,
3502 3158 3715 3223 ἁπάσης
3775 3162 3919 3237 ἱερᾶς
3982 3161 4065 3215 εὖ-

689 3238 1232 3314 communicare,in
1266 3259 1517 3322 quorum
1550 3240 2342 3322 contemplationibusucom-
2424 3268 2458 3322 φ

2293 3259 2342 3300 1-
2424 3243 2684 3322 φροαύνης
2730 3243 3210 3323 ἀποπληρουμένη,
3265 3248 3353 3302 καὶ
3414 3248 3546 3323 πρὸς
3617 3249 3707 3303 τὸν
3767 3252 3915 3305 θεῖον
3974 3254 4066 3315 τῆς

689 3328 1204 3408 munionibusque
1233 3331 1396 3392 omni
1427 3350 1598 3394 sacro
1629 3332 1842 3411 gaudio
1865 3332 2151 3413 repletur,
2186 3337 2245 3392 et
2266 3330 2339 3392 ad
2424 3332 2462 3389 ἐπ

2293 3330 2339 3392 id
2424 3332 2725 3407 ἐπιστήμης
2807 3337 2978 3392 αὑτῶν
3058 3334 3228 3413 ἔρωτα
3284 3348 3407 3400 ταῖς
3466 3336 3834 3415 Ξιναγωγικαῖς
3906 3342 4066 3397 autch

691 3417 953 3482 divinum
975 3420 1323 3484 eorumdem
1346 3421 1613 3484 scientia:
1630 3441 1893 3485 amorem
1928 3439 2032 3502 per
2061 3421 2337 3500 anagogi-
2423 3422 2464 3482 δι

2295 3421 2337 3482 i-
2423 3422 2699 3486 δυνάμεσιν
2774 3421 3049 3500 ἀναλόγως
3134 3424 3594 3503 ἀναπτεροδμένη.
3677 3427 3886 3493 Ταύτην
3966 3426 4065 3505 ἐγώ

689 3527 790 3572 cas
817 3511 1067 3571 virtutes
1097 3529 1203 3591 pro
1225 3511 1378 3573 virili
1401 3532 1507 3575 suo
1537 3512 2005 3575 subvolat.liuuc
2034 3529 2171 3590 ergo
2191 3529 2335 3573 san-
2420 3537 2462 3592 qr

2292 3536 2335 3571 ι-
2420 3534 2558 3592 φημι
2617 3512 2714 3579 τὴν
2773 3515 3030 3591 τοῦἱερού
3056 3512 3187 3570 λαοῦ
3239 3513 3409 3583 τάξιν,
3443 3515 3515 3575 ὡς
3572 3511 3656 3569 διὰ
3704 3515 3884 3582 πάσης
3938 3514 4065 3581 ἐλη-

691 3607 802 3659 ειίο
819 3597 1012 3679 plebis
1036 3600 1307 3662 ordinem
1337 3601 1827 3683 appello;quippe
1850 3601 1949 3682 qui
1974 3620 2080 3681 per
2097 3618 2337 3662 omnem
2420 3602 2464 3658 λ.

2293 3618 2337 3660 ῃ
2420 3602 2639 3658 ).υθυῖαν
2697 3602 3018 3682 καθάρσεως,
3081 3605 3169 3660 καὶ
3225 3606 3325 3670 τῆς
3397 3606 3537 3682 ἱερᾶς
3597 3609 3700 3660 τῶν
3766 3611 4066 3682 τρανοτάτων

690 3687 1086 3766 expiationem
1112 3707 1182 3750 eo
1199 3690 1635 3770 pervenerit,ut
1655 3699 2036 3754 sacrosancto
2061 3699 2338 3770 praestan-
2422 3715 2463 3748 τε

2292 3709 2338 3749 ι·
2422 3691 2651 3748 τελετῶν
2705 3691 2933 3767 ἔποψίας
2999 3695 3083 3750 καὶ
3145 3694 3444 3769 κοινωνίας,
3494 3695 3565 3759 ὡς
3621 3695 3865 3775 θεμιτὸν,
3908 3692 4065 3762 ἠξιω-

690 3775 1057 3839 tissimorum
1079 3786 1588 3841 sacramentorum
1612 3789 1859 3860 aspectu
1885 3789 1943 3840 et
1963 3779 2340 3842 eommunio-
2425 3781 2617 3857 μένην.

691 3883 789 3942 ne,
825 3874 1106 3948 quantum
1140 3868 1226 3930 fas
1252 3876 1364 3949 est,
1400 3869 1614 3947 dignus
1659 3870 1734 3931 sit
1766 3870 2025 3932 habitus.

2290 4034 2318 4112 δ
2361 4032 2459 4096 1n.

753 4190 1037 4255 Summus
1056 4209 1191 4255 vero
1208 4210 1415 4255 eorum
1438 4194 1704 4255 omnium
1725 4194 1822 4275 qui
1846 4195 2235 4275 perﬁciuntur
2247 4204 2337 4258 est
2505 4187 2526 4251 ἰ

2295 4204 2337 4257 5t
2505 4187 2567 4251 ’Π
2620 4193 2675 4250 δὲ
2734 4201 2838 4249 τῶν
2892 4191 3232 4269 τελόυμὲνων
3301 4195 3521 4251 ἀπασῶν
3577 4195 3884 4277 ὑψηλοτέρα
3937 4194 4068 4260 τάξις

686 4281 833 4345 ordo
858 4300 1030 4344 sacer
1051 4283 1644 4357 monachorum,cum
1670 4292 1729 4347 et
1759 4286 1921 4347 omni
1946 4286 2337 4366 piaculo,tota
2418 4289 2452 4356 ἡ

2295 4306 2337 4348 .a
2418 4289 2452 4356 ἡ
2510 4291 2615 4343 τῶν
2674 4280 2931 4363 μοναχῶν
2979 4282 3123 4340 ἐστιν
3171 4285 3284 4358 ἱερὰ
3333 4283 3713 4367 διακόσμησις,
3754 4296 3931 4346 πᾶσαν
3981 4284 4068 4361 μὲν

688 4371 1060 4452 vi,omnique
1088 4374 1390 4436 actionum
1425 4391 1662 4435 suarum
1710 4374 2109 4437 sanctimonia
2136 4376 2217 4438 sit
2244 4395 2339 4438 ex—
2362 4442 2398 4452 _
2422 4379 2461 4436 ὰ·

2294 4376 2929 4452 ι-κὰποκεκαθαρμὲνην
2990 4373 3266 4452 κάθαρσιν,
3299 4372 3457 4451 ὁλικῇ
3515 4373 3730 4451 δυνάμει
3790 4380 3880 4436 καὶ
3935 4399 4067 4434 παν-

689 4442 904 4541 piatus,
938 4442 999 4523 ἐι
1026 4462 1223 4524 omnis
1257 4462 1543 4543 mysterii,
1576 4463 1735 4543 quod
1783 4464 2026 4544 quidem
2063 4465 2117 4528 ei
2149 4468 2232 4527 fas
2262 4442 2462 4530 sitDu

2298 4442 2404 4493 ,υ
2668 4442 2846 4495 ..“·,
3129 4442 3530 4496 ·,’-,·,
3641 4442 3652 4451 “
3804 4468 3816 4485 .
3998 4464 4035 4484 κ.

2297 4476 2339 4530 ιι
2424 4466 2570 4524 τελεῖ
2628 4487 2730 4521 τωο
2788 4464 2992 4520 οἰκείων
3068 4463 3343 4541 ἐνεργειῶν
3402 4487 3682 4543 αγνοτητι,
3743 4491 3923 4535 πασης
3993 4482 4063 4538 οε,

685 4551 979 4631 aspicere,
1014 4559 1313 4632 spectator
1343 4553 1759 4635 particepsque
1808 4556 1884 4615 sit
1909 4554 2123 4631 factus,
2153 4556 2337 4617 tradi-
2424 4556 2458 4613 ὅ

2294 4557 2337 4617 i-
2424 4556 2553 4623 ὅσης
2608 4555 2822 4629 θεμιτὸν
2902 4557 3057 4630 αὖτῇ,
3116 4556 3335 4632 θεωρεῖν
3412 4557 3727 4634 ἱερουργίας,
3790 4556 3843 4613 ἐν
3923 4560 4067 4633 νοερᾷ

680 4644 903 4721 Iusque
933 4641 1266 4721 perﬁcienti
1295 4642 1645 4721 pontiﬁcum
1674 4643 1903 4719 ordini,
1928 4646 2105 4725 cujus
2128 4645 2342 4708 divinis
2422 4651 2449 4704 θ

2294 4646 2342 4708 is
2422 4646 2610 4725 θεωρίᾳ
2681 4644 2767 4701 καὶ
2843 4643 3094 4715 κοινωνίᾳ
3165 4643 3526 4721 γεγενημένη,
3582 4646 3670 4702 καὶ
3749 4659 3879 4710 ταῖς
3967 4650 4067 4701 τῶν

685 4730 1180 4793 illustrationibus
1225 4732 1665 4813 pontiﬁciisque
1708 4734 1997 4796 institutis
2028 4753 2338 4798 sacrorum
2423 4740 2458 4794 ἱε

2290 4755 2338 4797 m
2423 4740 2691 4815 ἱεραρχῶν
2787 4730 3164 4797 τελειωτικαῖς
3255 4730 3536 4808 δυνάμεσιν
3637 4734 4063 4814 ἒγχειριζομένη,

685 4821 759 4882 ad
774 4838 840 4882 se
852 4821 1248 4901 spectantium
1274 4821 1697 4901 mysteriorum
1716 4825 2203 4886 consecrationes
2218 4844 2342 4889 eru-
2426 4850 2458 4883 κ

2292 4846 2342 4889 ιι·
2426 4828 2514 4883 καὶ
2571 4836 2693 4885 ταῖς
2744 4822 2935 4884 ἐνθέοις
2994 4826 3164 4881 αὒτῶν
3223 4821 3521 4898 ἐλλάμψεσι
3579 4824 3667 4879 καὶ
3736 4828 4065 4906 ἱεραρχικαϊς

687 4908 871 4984 ditus,
897 4910 971 4972 ab
1001 4910 1351 4973 eorumdem
1385 4928 1553 4972 sacra
1584 4912 1839 4974 scientia
1861 4914 1931 4975 ad
1968 4913 2343 4996 perfectissi-
2429 4938 2460 4972 π

2293 4915 2343 4975 ἱ·
2429 4912 2777 4993 παραδόσεσιν
2856 4908 3271 4986 ἐκδιδασκομένη
3330 4912 3423 4975 τὰς
3496 4911 3902 4980 ἐποπτευθείσας
3967 4913 4066 4970 τῶν

688 5015 845 5060 mam
882 5017 984 5079 pro
1009 5019 1117 5062 suo
1142 5000 1385 5064 modulo
1413 5001 1843 5081 perfectionem
1871 5005 2343 5069 evehatur.Hinc
2428 5028 2461 5061 κ

2292 5024 2343 5067 ιο
2428 5003 2545 5062 κατ’
2598 5002 2761 5069 αὖνὴν
2791 5003 2943 5079 ἱερῶν
3000 5007 3227 5057 τελετῶν
3283 5001 3595 5080 ἱερουργίας,
3630 5002 3716 5058 καὶ
3788 5005 3919 5083 πρὸς
3979 5007 4065 5070 τῆς

688 5087 879 5155 sancti
914 5098 1309 5171 praeceptores
1340 5096 1528 5153 nostri
1550 5090 1768 5152 divinis
1794 5110 1897 5155 eos
1922 5094 2340 5174 appellatioui-
2423 5098 2461 5152 ἱε

2293 5094 2340 5155 ἱ·
2423 5098 2568 5175 ἱερᾶς
2633 5096 2802 5151 αὐτῶν
2892 5092 3194 5167 ἐπιστήμης
3253 5089 3527 5169 ἀναλόγως
3584 5092 3660 5155 εἷς
3731 5091 4066 5159 τελειοτάτην

690 5185 800 5242 bus
822 5195 961 5243 sunt
988 5189 1275 5257 prosecuti
1303 5208 1316 5256 ;
1344 5189 1441 5247 alii
1463 5189 1693 5261 quidem
1721 5188 2207 5265 therapeutes,seu
2237 5195 2343 5252 cul—
2422 5185 2463 5241 ὂν

2293 5195 2343 5252 ιι.
2422 5181 2728 5262 ἀναγομένη
2786 5178 3082 5243 τελείωσιν.
3156 5178 3332 5239 Ἐνθεν
3406 5183 3452 5238 οἱ
3518 5185 3653 5239 θεῖοι
3711 5182 4066 5261 καθηγεμόνες

689 5274 951 5342 tom,alii
969 5289 1105 5335 vero
1134 5279 1610 5345 monachos,cum
1636 5296 1667 5339 a
1700 5283 1929 5341 sincero
1951 5281 2047 5341 Dei
2069 5283 2340 5342 aamulatu
2421 5277 2455 5345 ἡ

2292 5291 2340 5342 tu
2421 5277 2575 5352 ἡμῴν
2628 5272 2926 5347 ἐπονυμιῷν
2976 5271 3163 5334 αὐτοὺς
3218 5271 3372 5350 ἱερῷν
3427 5268 3689 5347 ἡξιωσαν,
3723 5272 3772 5327 οἱ
3817 5273 3922 5349 μὲν
3981 5276 4065 5329 oe-

2016 5462 2276 5530 VARIE
2315 5456 2742 5528 LECTIONES.

766 5636 831 5691 95
875 5637 1889 5735 “9008!thI,np.“)te.t‘touaxtfpv,-y,
1976 5642 2041 5695 96
2082 5644 2616 5735 ,ἐπιστρεπτικῇμιξ
2698 5636 2764 5688 9⁷
2796 5634 3261 5735 ημιτοξξπιχθείσης,
3313 5635 3378 5701 Ρ.
3462 5636 3527 5690 98
3580 5637 3820 5721 τελείως,
3880 5638 3945 5701 S.
4003 5633 4064 5697 Ρ.

684 5715 749 5771 09
776 5715 1210 5804 μεταταχθῆναι,
1240 5718 1283 5787 S
1340 5722 1414 5788 D.
1446 5720 1528 5786 ita
1553 5715 2129 5790 etiam'Viennensis
2156 5715 2369 5790 codex.
2454 5715 2547 5775 ἶῧο
2574 5723 2890 5800 ἱερουργῷςο
2925 5718 2979 5778 Μ
2996 5764 3011 5783 ι
