4490 6164
342 332 449 399 541

820 333 920 397 DE
962 329 1263 398 ECCLES.
1313 331 1709 395 HIERARCH
1745 380 1761 412 ,
1807 329 1971 395 CAP.
2027 331 2137 397 VI.
2181 362 2261 376 -
2288 330 2684 395 PARAPHR.
2728 327 3239 396 PACHYMER/E.

3608 323 3730 398 542

340 473 514 550 μένων
573 471 736 546 ἐστὶν,
796 470 1349 550 ἆνακεφαλαιούμενος
1398 471 1490 531 τὰς
1546 492 1647 526 των
1709 467 2113 548 τελούντωνΑᾳ

1949 488 1997 525 ον
2022 474 2059 520 Α
2083 466 2182 548 qui
2215 474 2666 543 con<ecrantur,
2703 476 2823 529 tres
2847 465 2983 530 illos
3011 485 3212 529 sacros
3233 467 3475 532 ordines
3505 485 3722 534 recen-

340 577 487 641 τρεῖς
543 560 741 643 τάξεις,
806 563 911 619 τῶν
964 564 1251 642 ἱεραρχῶν,
1300 567 1403 618 τῶν
1460 559 1849 641 πρεσϐυτέρων,
1887 567 1993 616 τῶν

341 652 619 727 διακόνων,
672 655 747 709 ὧν
800 653 1000 730 ἑκάστῃ
1059 651 1499 732 ἀποκεκλήρωται
1556 654 1591 720 ἡ
1649 653 1992 730 προσήκουσα

340 743 558 819 δύναμις
613 743 703 800 καὶ
734 742 991 823 ἐνεργεια,
1023 745 1058 811 ἡ
1088 744 1403 819 καθαρτική,
1447 741 1616 822 φημὶ,
1665 744 1700 810 ἡ
1732 763 1989 823 φωτιστι-

339 834 434 910 κὴ,
468 834 557 890 καὶ
615 834 650 901 ἡ
684 830 1021 903 τελειωτική’
1082 834 1128 888 εἷ
1184 833 1262 907 μὴ
1321 833 1422 912 γὰρ
1476 832 1771 913 δυνηθεῖεν,
1805 837 1899 892 οὐκ
1929 831 1991 887 ἂν

341 922 675 1003 ἑνεργήσειε.
730 921 887 999 Λέγει
918 922 1005 979 καὶ
1059 922 1178 1002 περὶ
1225 925 1330 979 τῶν
1377 921 1709 998 τελουμένων
1766 920 1987 994 τάξεων,

338 1012 541 1087 αἵτινές
587 1012 686 1070 εἶσι
731 1011 1132 1087 καθαιρόμεναι,
1165 1012 1546 1093 φωτιζόμεναι,
1594 1011 1982 1089 τελειούμεναι·

337 1110 616 1181 τοιγαροῦν
702 1103 833 1159 εἰσιν
911 1103 962 1159 αἱ
1040 1101 1454 1182 κατεχουμένων
1532 1103 1618 1158 καὶ
1687 1107 1794 1158 τῶν
1878 1100 1990 1158 ἐνοι-

346 1192 657 1274 χιλουμένων
688 1194 778 1249 καὶ
806 1191 883 1248 ἔτι
934 1196 1040 1248 τῶν
1071 1192 1344 1270 ὲμπαθῶν,
1378 1192 1465 1248 καὶ
1515 1195 1619 1248 τῶν
1648 1195 1703 1248 ἓν
1733 1195 1987 1269 μετανοίᾳ

337 1282 591 1364 πληθύες,
625 1284 736 1340 ἐστι
769 1282 867 1358 μὲν
898 1284 1069 1339 εἰπεῖν
1101 1282 1188 1338 καὶ
1230 1281 1349 1338 κατ’
1381 1282 1607 1360 ἀριθμὸν
1637 1288 1742 1339 τῶν
1773 1281 1983 1342 ἁπλου-

337 1372 560 1451 στέρων,
594 1370 777 1440 ἐπειδὴ
807 1373 895 1428 ἒπὶ
945 1370 1107 1428 πλέον
1136 1373 1197 1428 τὸ
1253 1372 1443 1451 κακὸν,
1478 1368 1564 1429 ἐπ’
1595 1370 1813 1429 ἔλαττον
1842 1370 1896 1428 δέ
1924 1373 1986 1429 τό

336 1462 532 1542 ἀγαθόν
589 1462 727 1520 ἐστι’
792 1461 965 1520 ’Ἔστι
1005 1459 1060 1517 δὲ
1132 1461 1216 1517 ui
1273 1461 1590 1539 κρειττόνως
1648 1464 1844 1543 εἰπεῖν,
1904 1460 1984 1519 ὅτι

335 1550 520 1621 ἐπειδῆ
571 1556 692 1616 τοὶς
750 1559 827 1625 τῷ
884 1556 1000 1624 Θεῷ
1056 1551 1502 1629 προσεγγίςοντας
1544 1553 1614 1617 ὡς
1673 1551 1985 1628 ἐνουμένους

334 1649 412 1715 τῷ
456 1642 530 1698 ἑνὶ
561 1640 810 1707 ἑνοειδεῖς
839 1663 1025 1722 φησιν,
1059 1641 1276 1705 εἰκότως
1307 1644 1352 1697 οἱ
1381 1649 1474 1698 τοῦ
1507 1642 1619 1707 ἐνὸς
1678 1641 1984 1720 ἀριστάμε-

335 1755 438 1812 νοι,
485 1730 718 1799 πληθύες
749 1733 960 1811 ρηθεῖεν
1008 1730 1092 1787 ἄν’
1124 1732 1209 1787 καὶ
1240 1729 1350 1804 ὅσῳ
1405 1730 1758 1811 πορρώτερον,
1791 1739 1984 1789 τοσοῦ-

2075 566 2187 636 set,
2219 557 2450 619 scilicet
2471 559 2920 638 episcoporum,
2956 558 3333 620 sacerdotum
3355 566 3415 621 et
3434 559 3720 623 diacono-

2073 664 2496 728 rum,quorum
2515 646 2759 710 cuilibet
2783 648 2968 709 virtus
2996 647 3355 710 conveniens
3372 657 3431 712 et
3452 648 3721 731 operatio

2075 744 2165 799 est
2190 736 3079 819 attributa,expiandi,inquam,
3112 736 3484 800 illuminandi
3507 748 3565 801 et
3591 758 3724 821 per-

2075 826 2463 898 ﬁciendimisi
2484 827 2645 888 enim
2668 826 2881 889 virtute
2904 835 3275 907 praestarent,
3296 827 3376 889 nil
3391 828 3716 893 efﬁcerent.

2074 915 2203 996 Agit
2237 916 2412 977 etiam
2446 916 2521 978 de
2554 916 2868 978 ordinibus
2895 915 2999 997 qui
3021 925 3470 993 consecrantur,
3497 927 3558 979 ut
3582 926 3724 982 sunt

2072 1008 2304 1090 isti,qui
2324 1008 3526 1090 expiantur,illuminantur,perﬁciuntur;
3542 1011 3723 1093 siqui-

2071 1098 2208 1160 dem
2239 1107 2377 1159 sunt
2407 1097 2585 1162 etiam
2612 1099 3207 1179 catechumenorum,
3234 1108 3292 1161 et
3310 1099 3717 1177 obsessorum,

2070 1196 2127 1250 et
2148 1187 2564 1269 impotentium
2588 1197 2647 1250 et
2669 1188 3085 1269 paenitentium
3115 1188 3415 1267 turbaa,sic
3438 1190 3602 1253 enim
3617 1208 3720 1253 eas

2069 1278 2245 1340 liceat
2265 1278 2569 1358 appellare
2587 1285 2864 1358 respectu
2887 1278 3121 1339 numeri
3154 1277 3556 1353 innoxiorum,
3573 1298 3722 1360 quo-

2071 1367 2230 1429 niam
2265 1368 2483 1428 malum
2513 1375 2605 1429 est
2636 1366 3103 1444 frequentius,et
3132 1365 3351 1430 bonum
3383 1368 3719 1434 rarius.Vel

2071 1457 2267 1539 potius
2298 1457 2812 1538 dicendum,quod
2847 1476 2980 1518 cum
3013 1457 3086 1519 ad
3124 1459 3309 1520 Deum
3342 1460 3719 1534 accedentes,

2071 1556 2352 1629 tanquam
2385 1548 2470 1609 illi
2503 1547 2606 1610 uni
2637 1548 3013 1627 conjunctos.
3043 1555 3219 1610 etiam
3250 1547 3582 1611 uniformes
3611 1568 3720 1611 vo-

2068 1638 2403 1711 cet,merito
2433 1638 2535 1718 qui
2566 1638 2638 1698 ab
2670 1656 2792 1699 uno
2821 1638 2926 1699 illo
2952 1637 3172 1700 distant
3203 1646 3392 1701 turbae
3419 1658 3522 1702 seu
3561 1640 3717 1702 mul-

2070 1728 2357 1790 titudines
2387 1727 2783 1809 appellentur,
2818 1728 2958 1789 256
3003 1738 3342 1809 quantoque
3377 1730 3561 1813 magis
3592 1730 3718 1793 dis-

334 1822 424 1879 τόν
482 1844 544 1901 γε
580 1820 1060 1893 πληθυνθήσονται·
1114 1823 1158 1878 εἱ
1188 1823 1277 1879 καὶ
1306 1824 1384 1898 μὴ
1440 1823 1561 1880 κατ’
1592 1821 1808 1901 ἀριθμόν
1854 1827 1981 1882 εἰσιν
2006 1840 2043 1890 Β
2068 1828 2107 1877 ιε

1943 1847 1981 1881 ιν
2006 1840 2043 1890 3
2068 1825 2213 1891 tant,
2255 1824 2416 1879 tanto
2446 1817 2629 1896 magis
2663 1817 3151 1898 multiplicentur;
3200 1819 3337 1881 licet
3387 1820 3716 1882 secundum

332 1912 697 1993 ἐκτεταμένοι,
730 1911 852 1970 ἀλλ’
909 1913 1078 1992 ὀλίγοι
1108 1912 1246 1979 τινὲς
1299 1914 1386 1969 καὶ
1418 1913 1779 1991 εὔαρίθμητοι,
1837 1926 1986 1974 Διαι-

332 2004 437 2083 ρῶν
487 2003 576 2060 οὖν
606 2003 700 2067 τὰς
736 2009 842 2060 τῶν
894 2003 1292 2082 καθαιρομένων
1320 2003 1519 2085 τάξεις,
1552 2008 1672 2070 τοὺς
1705 2007 1803 2082 μὲν
1846 2029 1982 2064 κατ-

302 2091 669 2173 ιηχουμένους
740 2091 887 2172 λέγει
948 2094 1251 2171 μαιεύεσθαι
1322 2096 1463 2173 παρὰ
1533 2095 1638 2152 τῶν
1698 2095 1977 2172 διακόνων,

331 2184 420 2240 καὶ
472 2187 797 2262 μορφοῦσθαι
847 2186 920 2249 εἱς
976 2185 1207 2255 ζωτικὴν
1263 2184 1363 2252 τὴν
1422 2183 1504 2241 διὰ
1547 2185 1641 2254 τῆς
1698 2186 1980 2262 κολυμϐή-

328 2276 451 2352 θρας
511 2271 783 2339 ὰπότεξινο
841 2275 962 2336 τοὺς
1020 2272 1075 2330 δὲ
1126 2276 1390 2350 ἒμπαθεῖς
1457 2274 1839 2334 ἀνακαλεῖσθαι
1897 2275 1984 2332 διὰ

331 2367 431 2429 τῆς
489 2368 595 2419 τῶν
626 2361 820 2442 λογίων
875 2364 1244 2443 ἂναγνώσεως’
1294 2365 1417 2428 τοὺς
1447 2362 1502 2421 δὲ
1560 2364 1982 2445 ἐνοχλουμένους

331 2453 473 2530 παρᾶ
530 2458 637 2509 τῶν
694 2453 942 2511 ἐναντίων
1008 2452 1184 2534 φόϐων
1228 2453 1685 2532 ἒπιῤῥωννύεσθαι“
1746 2457 1869 2521 τοὺς
1930 2456 1983 2512 ἐν

334 2542 591 2619 μετανοίᾳ
619 2542 681 2600 ἐκ
727 2548 831 2601 τῶν
885 2544 1144 2624 χειρόνων
1200 2546 1549 2624 μετάγεσθαι,
1582 2546 1669 2602 καὶ
1726 2547 1848 2609 τοὺς
1906 2548 1984 2622 μὴ

333 2631 609 2696 παντελῶς
668 2633 1020 2711 καθαρθέντας
1053 2632 1342 2709 λαμϐάνειν
1384 2637 1445 2691 τὸ
1476 2636 1609 2712 πρὸς
1655 2635 1720 2691 τὰ
1772 2637 1989 2715 χείρονα

330 2722 737 2804 ἆνεπίστροφον.
796 2715 1271 2783 Τποδιασταλτέον
1334 2723 1388 2782 δὲ
1447 2728 1521 2788 εἰς
1581 2728 1641 2782 τὸ
1695 2724 1843 2783 οὔπω
1907 2725 1983 2792 δέ,

329 2814 418 2870 καὶ
492 2811 679 2879 ἔξωθεν
765 2813 1062 2882 ἐγληπτέον
1144 2816 1247 2890 τὸ,
1327 2814 1529 2883 τελέως
1613 2818 1982 2896 καθαρθείσης⁶

333 2902 475 2961 οὕτω
504 2920 603 2981 γαρ
632 2906 693 2960 τὸ
723 2910 819 2972 τῆς
850 2904 1051 2970 ἐννοίας
1082 2906 1404 2975 σωθήσεται,

413 2992 444 3072 §
504 3004 576 3057 ll.
639 2995 814 3051 Εἰπὼν
865 2993 917 3051 δὲ
973 2996 1091 3073 περὶ
1146 2996 1251 3050 τῶν
1308 2994 1703 3072 καθαιρομένων
1764 2995 1981 3075 τοίξεων,

337 3084 399 3149 ἂς
444 3085 586 3163 παρὰ
624 3089 731 3140 τῶν
761 3082 1019 3141 διακόνων
1067 3085 1196 3141 εἶπε
1230 3086 1558 3162 μαιεύεσθαι,
1607 3087 1694 3143 καὶ
1724 3089 1797 3149 εἱς
1847 3089 1983 3145 ὑπο-

2071 1924 2389 1969 numerum
2422 1926 2543 1969 non
2576 1908 3125 1975 extendantur.sed
3163 1909 3335 1988 pauci
3363 1909 3483 1971 sint
3512 1919 3569 1970 et
3601 1928 3719 1971 nu-

2072 2005 2301 2059 meratu
2323 1995 2782 2059 faciles.Eorum
2809 1996 3009 2076 itaque
3034 1996 3719 2077 quiexpianturordines

2067 2085 2463 2165 distinguens,
2516 2087 2981 2148 catechumenos
3029 2085 3273 2163 quidem
3325 2087 3405 2149 ait
3453 2087 3636 2149 foveri
3678 2104 3714 2148 a

2066 2177 2357 2259 diaconis,
2377 2188 2435 2240 et
2454 2177 2526 2239 ad
2553 2177 2788 2239 vitalem
2822 2186 3053 2260 partum
3089 2194 3194 2259 per
3223 2178 3519 2241 lavacrum
3542 2180 3718 2242 effor-

2067 2267 2238 2348 mari;
2270 2266 2649 2347 passionibus
2695 2285 2835 2329 vero
2868 2266 3160 2329 obnoxios
3193 2270 3462 2332 revocari
3493 2269 3574 2332 ait
3606 2286 3715 2350 per

2066 2357 2445 2419 oraculorum
2497 2356 2844 2434 lectionem;
2896 2375 3001 2418 eos
3050 2375 3187 2421 vero
3240 2359 3340 2435 qui
3398 2359 3718 2421 contrariis

2072 2446 2385 2527 pavoribus
2413 2455 2714 2521 vexantur,
2750 2446 3118 2523 confirmari;
3144 2448 3499 2527 pcenitentes
3524 2467 3558 2509 a
3588 2467 3717 2511 ma-

2073 2536 2145 2598 lis
2176 2536 2407 2612 reduci,
2438 2545 2496 2597 et
2530 2536 2629 2617 qui
2661 2554 2779 2597 non
2815 2536 3057 2598 omnino
3095 2537 3227 2617 puri
3254 2546 3393 2599 sunt
3423 2538 3536 2599 hoc
3564 2534 3724 2601 acci-l

2075 2643 2240 2706 pere,
2282 2644 2358 2689 ne
2389 2625 2449 2687 in
2480 2625 2781 2687 deteriora
2810 2625 3305 2690 relabantur.Sub
3336 2627 3715 2707 distinguen-

2072 2716 2212 2775 dum
2238 2733 2377 2777 vero
2407 2714 2552 2776 illud
2586 2717 2730 2773 οὔπω
2759 2715 2835 2789 δέ,
2872 2716 2973 2777 sed
2993 2716 3295 2790 nondum,
3329 2725 3388 2778 et
3416 2716 3717 2781 subintel-

2070 2804 2399 2886 ligendum,
2424 2805 2688 2885 perfecte
2716 2805 2969 2883 expiari,-
2987 2805 3073 2882 sic
3102 2806 3263 2867 enim
3293 2824 3505 2869 sensus
3529 2807 3717 2890 magis

2069 2896 2301 2974 integer
2331 2894 2471 2957 erit.

2148 2982 2278 3065 §II.
2306 2984 2564 3047 Locutus
2596 3004 2732 3047 vero
2764 2985 2839 3049 de
2872 2986 3182 3049 ordinibus
3230 2991 3329 3068 qui
3377 2988 3708 3068 expiantur,

2068 3093 2218 3156 quos
2248 3093 2281 3136 a
2311 3074 2580 3136 diaconis
2612 3076 2795 3138 foveri
2829 3075 2997 3157 dixit,
3035 3084 3094 3138 et
3121 3075 3196 3137 ad
3228 3076 3471 3138 luminis
3502 3095 3713 3140 susce-

329 3173 505 3254 δοχὴν
555 3180 650 3230 τοῦ
705 3176 880 3254 φωτὸς
930 3176 1340 3254 εὐτρεπίζεσθαι,
1370 3174 1473 3243 ἤδη
1504 3174 1848 3252 διαλαμϐάνει
1898 3170 2102 3257 uici]

1941 3170 1983 3234 1‘:
2004 3206 2043 3257 ο
2071 3164 2331 3245 ptionem
2367 3165 2707 3246 praeparari,
2760 3166 2940 3227 modo
2991 3172 3109 3257 agit
3138 3166 3213 3227 de
3238 3166 3448 3257 ordine
3479 3166 3714 3230 illorum

329 3265 448 3343 περὶ
505 3268 605 3330 τῆς
672 3268 779 3319 τῶν
836 3264 1209 3343 φωτιζομένων
1267 3264 1485 3344 τάξεως,
1546 3266 1612 3331 ἣν
1668 3267 1755 3323 καὶ
1812 3266 1984 3342 μέσην

332 3354 487 3434 φησὶ,
535 3357 632 3420 τῆς
667 3375 723 3408 τε
783 3351 988 3421 δηλαδὴ
1022 3354 1324 3431 καθάρσεως
1356 3356 1442 3411 καὶ
1471 3355 1567 3423 τῆς
1627 3354 1978 3420 τελειώσεως·

328 3443 417 3499 καὶ
460 3444 800 3520 θεωρητικὴν
849 3442 1017 3520 λέγει,
1053 3445 1128 3508 ὡς
1182 3443 1485 3518 ἠξιωμένην
1536 3450 1632 3510 τῆς
1676 3447 1813 3511 θείας
1845 3449 1981 3502 θεω-

332 3532 445 3611 ρίας
478 3533 566 3588 καὶ
618 3531 870 3607 ἐποψίας’
906 3531 1050 3611 λέγει
1085 3531 1138 3589 δὲ
1169 3535 1291 3597 τοὶς
1324 3532 1376 3589 ἕν
1426 3540 1503 3606 τῷ
1530 3535 1653 3613 ἱερῷ
1684 3534 1795 3609 λαῷ
1851 3533 1981 3591 ὁλο-

331 3620 562 3696 κλήρους
623 3622 713 3677 καὶ
794 3622 1237 3698 ἀνεπιτιμήτους·
1302 3625 1445 3681 οὗτοι
1490 3625 1612 3702 γὰρ,
1674 3625 1981 3704 ἀποκαθαρ-

330 3710 533 3787 θέντες,
563 3724 683 3774 τοῖς
745 3713 1060 3790 φωτίζουσιν
1114 3713 1525 3793 ἐγχειρίζονται.
1591 3715 1687 3771 Καὶ
1718 3713 1818 3793 γάρ
1875 3714 1985 3773 ἐστι

331 3799 516 3883 δῆλον,
545 3802 619 3866 ὡς
649 3804 683 3870 ἡ
716 3806 1041 3881 καγαρθεῖσα
1073 3802 1218 3870 τάξις
1279 3804 1454 3872 πάσης
1484 3801 1729 3878 κῆλῖδος,
1761 3805 1847 3861 καὶ
1887 3806 1986 3874 τὴν

329 3898 423 3949 τοῦ
454 3893 572 3955 νοὸς
603 3891 810 3959 κίνησιν
854 3892 961 3949 ἀπὸ
1021 3895 1215 3959 παντὸς
1256 3894 1449 3957 πάθους
1510 3892 1869 3973 διαφυλάξασα
1900 3895 1987 3953 ἐπὶ

333 3981 434 4049 τὴν
488 3982 821 4061 θεωρητικὴν
880 3979 986 4048 ἓξιν
1056 3980 1335 4062 ἀνάγεται,
1398 3986 1487 4039 καὶ
1556 3996 1807 4041 κοινωνεῖ
1865 3998 1983 4047 τοῖς

330 4068 616 4153 συμϐόλοις
676 4072 729 4126 εν
759 4071 945 4150 θεωρίᾳ
994 4073 1081 4128 καὶ
1114 4075 1329 4153 μετοχῇ
1382 4073 1555 4129 αὒτῶν
1585 4071 1860 4148 γινομένη,
1896 4074 1985 4130 καὶ

330 4151 402 4216 δι’
461 4161 751 4239 ἀναγωγῆς
783 4162 1161 4239 ἀναπτεροῦται
1221 4151 1337 4219 καθ’
1397 4160 1517 4219 ὅσον
1579 4159 1652 4217 ἔνι
1710 4164 1838 4241 πρὸς
1896 4165 1985 4221 τὸν

333 4252 483 4306 θεῖον
516 4250 685 4306 αὐτῶν
726 4248 917 4325 ἔρωτα.
954 4242 1121 4324 ἿΟσῳ
1174 4251 1273 4329 γὰρ
1304 4252 1368 4307 τὰ
1424 4248 1662 4326 σύμϐολα
1719 4250 1986 4308 ἀναπτύσ-

332 4362 538 4420 σονται,
575 4340 661 4395 καὶ
716 4341 777 4396 τὸ
828 4340 1129 4421 ἀπόκρυφον
1159 4345 1460 4419 θεωρεῖται,
1491 4341 1727 4399 τοσούτω
1771 4345 1924 4398 ποθεῖ
1957 4342 1984 4396 ὃ

328 4430 577 4509 μετέχων
608 4430 743 4485 κατᾶ
772 4452 888 4487 τινα
930 4434 1075 4488 θεῖον
1116 4433 1204 4487 καὶ
1234 4430 1533 4508 ἆπόῤῥητον
1566 4432 1761 4508 ἓρωτα.
1806 4432 1985 4487 Εἰπὼν

2068 3254 2170 3335 qui
2202 3254 2817 3336 illuminantur,quem
2843 3263 2899 3316 et
2919 3256 3179 3318 medium
3199 3256 3716 3336 appellat,scilicet

2069 3344 2222 3405 inter
2246 3344 2642 3424 expiationem
2669 3353 2725 3405 et
2747 3344 3263 3426 perfectionem,et
3281 3345 3713 3425 speculativum

2068 3442 2255 3510 vocat,
2283 3442 2556 3514 tanquam
2609 3433 2807 3495 divina
2848 3434 3350 3514 contemplatione
3380 3444 3438 3496 et
3465 3445 3710 3515 aspectu

2068 3522 2310 3602 dignum
2344 3522 2638 3599 habitum;
2666 3523 2940 3602 intelligit
2969 3532 3165 3585 autem
3191 3542 3295 3586 eos
3324 3523 3424 3605 qui
3455 3523 3517 3585 in
3542 3543 3712 3588 sacro

2070 3612 2285 3694 populo
2339 3611 2553 3690 integri
2588 3621 2645 3673 et
2673 3610 3244 3693 irreprehensibiles
3275 3613 3563 3674 exsistunt
3597 3632 3613 3676 :
3654 3614 3713 3674 hi

2070 3703 2232 3767 enim
2265 3705 2483 3785 expiati
2536 3705 2829 3768 accedunt
2864 3705 2936 3768 ad
2971 3724 3040 3768 ea
3074 3724 3205 3787 quae
3248 3706 3588 3768 illuminant
3643 3705 3715 3769 Et

2071 3794 2233 3857 enim
2295 3795 2677 3858 manifestum
2720 3805 2833 3870 est,
2867 3796 3139 3858 ordinem
3198 3796 3367 3858 illum
3401 3797 3564 3858 omni
3586 3797 3713 3877 jam

2072 3884 2304 3947 macula
2354 3886 2681 3967 eXpiatum,
2708 3896 2765 3948 et
2807 3886 3022 3948 mentis
3053 3897 3278 3948 motum
3298 3886 3371 3949 ab
3389 3886 3549 3947 omni
3576 3904 3716 3966 per-

2070 3974 2402 4037 turbatione
2432 3975 2836 4053 cohibentem,
2870 3976 2944 4039 ad
2976 3976 3498 4056 contemplativum
3533 3975 3713 4037 habi-

2072 4073 2193 4125 tum
2225 4063 2648 4146 adduci,atque
2674 4065 2948 4147 ipsismet
2969 4064 3415 4145 symbolis,cum
3448 4074 3712 4128 contem-

2069 4154 2418 4235 plandotum
2436 4154 2843 4235 participando
2869 4154 3405 4228 communicare,et
3427 4170 3534 4232 per
3562 4172 3711 4216 ana-

2068 4262 2255 4324 gogen
2287 4243 2360 4306 ad
2393 4244 2657 4307 divinum
2692 4244 3043 4307 earumdem
3075 4261 3340 4307 amorem
3372 4244 3711 4307 subvolare.

2071 4334 2362 4406 Quantum
2400 4335 2559 4395 enim
2592 4332 2859 4415 symbolo
2889 4333 3348 4415 explicautur,et
3374 4333 3526 4415 quod
3551 4351 3714 4396 arca.

2068 4442 2210 4486 num
2250 4432 2338 4483 est
2367 4424 2652 4503 cernitur,
2674 4421 3039 4484 tantumdem
3075 4423 3425 4485 eorumdem
3461 4424 3707 4504 partici-

333 4518 452 4594 περί
511 4540 568 4575 τε
600 4517 705 4574 τῶν
748 4520 1165 4596 καθαιρομένων,
1202 4521 1319 4597 περί
1374 4540 1431 4576 τε
1463 4522 1566 4575 τῶν
1610 4520 2106 4599 φωτιζομένωνοει

1937 4542 1984 4575 ον
2005 4530 2049 4583 ι)
2069 4531 2208 4593 ceps
2238 4512 2438 4573 divino
2467 4512 2722 4593 quodam
2747 4522 2805 4574 et
2831 4530 3048 4574 arcano
3081 4530 3286 4575 amore
3316 4514 3710 4592 ﬂagraLDixit

327 4604 548 4685 τάξεων,
582 4604 766 4673 ἐπειδὴ
798 4608 933 4665 κατὰ
963 4608 1178 4673 τούτους
1209 4610 1242 4675 ἡ
1288 4610 1392 4664 τῶν
1421 4605 1753 4683 τελουμένων
1810 4608 1974 4668 ἐστίν.

329 4696 444 4754 Εἰσὶ
499 4693 554 4752 δὲ
615 4696 749 4771 μετὰ
805 4695 1036 4763 πολλοὺς
1102 4697 1329 4775 τρόπους
1388 4700 1434 4753 οἱ
1483 4695 1813 4771 τελούμενοι·
1891 4700 1979 4754 καὶ

327 4785 421 4860 θᾶρ
478 4786 568 4843 καὶ
619 4787 664 4841 οἱ
720 4791 797 4860 τῷ
840 4788 1166 4863 βαπτίσματι
1224 4786 1602 4862 τελειούμενοι,
1638 4787 1723 4843 καὶ
1772 4790 1817 4844 οἱ
1875 4794 1980 4843 τῶν

326 4874 475 4930 θείων
532 4875 837 4954 μυστηρίων
892 4876 1240 4957 μετέχοντες,
1275 4879 1361 4934 καὶ
1417 4879 1464 4933 οἱ
1507 4877 1791 4956 ἱερωσύνην
1822 4899 1978 4951 περι-

329 4962 613 5038 τιθέμενοι,
647 4967 736 5020 καὶ
780 4968 826 5022 οἱ
870 4967 1176 5047 μοναχικῆς
1225 4966 1526 5041 ἀξιούμενοι
1576 4967 1974 5040 καταστάσεως,

327 5052 555 5118 ἃπαντες
586 5054 688 5110 ὑπὸ
717 5055 814 5123 τὴν
856 5053 1000 5120 τάξιν
1032 5062 1135 5112 τῶν
1164 5054 1499 5132 τελουμένων
1531 5056 1679 5114 εἰσίν.

403 5230 434 5312 §
486 5240 578 5294 III.
625 5232 750 5311 Περὶ
779 5231 885 5289 τῶν
933 5231 1109 5291 ἄλλων
1160 5231 1550 5314 προδιαλαϐὼν,
1584 5235 1672 5290 νῦν
1722 5236 1838 5313 περὶ
1878 5234 1978 5303 τῆς

328 5327 635 5401 μοναχικῇς
692 5319 906 5388 διέξεισι
946 5321 1363 5404 τελεσιουργίας,
1395 5323 1470 5379 ὥν
1499 5325 1587 5380 καὶ
1641 5321 1975 5402 ὑψηλοτέραν

2061 4602 2134 4664 de
2165 4599 2476 4663 ordinibus
2510 4602 2609 4681 qui
2654 4602 2968 4682 expiantur
3015 4610 3073 4663 et
3125 4603 3225 4683 qui
3276 4601 3709 4679 illuminantur,

2062 4690 2544 4773 quandoquidem
2560 4693 2813 4772 postbos
2827 4692 3057 4754 sitordo
3071 4709 3276 4753 eorum
3292 4692 3387 4771 qui
3405 4692 3713 4771 perficiun-

2063 4781 2358 4841 tur.Multi
2412 4788 2609 4841 autem
2643 4780 2800 4841 modi
2833 4790 2971 4843 sunt
3013 4781 3236 4856 quibus
3266 4779 3656 4860 perﬁciuntur
3688 4802 3703 4846 :

2066 4887 2199 4929 nam
2224 4877 2279 4933 et
2301 4867 2681 4949 inﬁbaptismo
2700 4868 2883 4951 aliqui
2912 4869 3396 4950 perﬁciuntur,et
3413 4868 3473 4931 in
3503 4888 3705 4933 sacro-

2062 4976 2193 5019 rum
2254 4961 2666 5038 mysteriorum
2718 4958 3190 5039 participatione,
3225 4957 3371 5020 etin
3402 4977 3710 5025 sacrorum

2064 5048 2344 5111 ordinum
2382 5049 2784 5130 susceptione,
2818 5058 2877 5112 et
2909 5051 2968 5111 in
3022 5050 3348 5113 monastico
3396 5060 3570 5128 statu,
3604 5054 3710 5133 qui

2063 5149 2203 5204 sunt
2235 5159 2446 5203 omnes
2476 5144 2588 5205 sub
2618 5141 2832 5205 ordine
2861 5142 3097 5205 illorum
3123 5142 3225 5225 qui
3256 5143 3666 5225 perﬁciuntur.

2141 5228 2296 5312 §lll.
2330 5231 2476 5293 Cum
2507 5240 2707 5293 autem
2762 5230 2839 5295 de
2893 5231 3030 5295 aliis
3084 5242 3260 5295 antea
3288 5234 3498 5315 egerit,
3531 5235 3707 5299 modo

2062 5329 2274 5385 tractat
2302 5322 2377 5385 de
2411 5321 2734 5386 monastica
2766 5327 3239 5400 consecratione,
3277 5344 3459 5403 quam
3511 5335 3570 5388 et
3598 5345 3705 5390 su-

323 5411 508 5491 φησὶν,
542 5413 603 5469 οὗ
644 5413 779 5491 πρὸς
812 5413 913 5481 τὴν
944 5419 1049 5470 τῶν
1102 5414 1357 5471 τοιούτων
1388 5412 1614 5471 τελετῶν
1645 5418 1750 5469 τῶν
1795 5412 1974 5488 μόνως
2058 5412 2094 5476 b

1930 5434 1974 5476 ›ς
2058 5412 2399 5476 blimiorem
2431 5422 2752 5489 vocat,non
2783 5416 3228 5496 comparatioue
3245 5414 3481 5476 illorum
3500 5433 3703 5479 sacra-

324 5499 702 5578 τελειουμένων
789 5503 1085 5581 σύγκρισιν,
1146 5511 1248 5562 ποῦ
1321 5504 1420 5582 γὰρ
1490 5504 1524 5571 ὴ
1606 5504 1970 5579 βαπτισματος
2057 5522 2097 5564 η

1925 5526 1970 5567 υς
2057 5512 2395 5564 mentorum
2438 5521 2569 5580 quas
2606 5503 2733 5566 sola
2784 5503 3237 5567 consecratione
3291 5503 3698 5588 perﬁciuntur,

325 5586 563 5671 δύναμις,
601 5596 703 5647 ποῦ
760 5589 816 5647 δὲ
845 5593 879 5660 ἡ
923 5596 1018 5661 τῆς
1050 5593 1336 5671 ἱερωσύνης
1381 5592 1738 5666 ὑπερκειμένη
1798 5594 1970 5648 κατά-
2057 5611 2091 5653 u

1931 5616 1970 5646 ι-
2057 5592 2156 5653 ubi
2193 5592 2353 5654 enim
2389 5602 2549 5654 esset
2592 5592 2776 5653 virtus
2809 5592 3200 5674 baptismatis,
3245 5591 3345 5653 ubi
3377 5586 3704 5658 sacerdotii

329 5699 539 5762 στασις,
570 5680 712 5740 ὥστε
762 5679 1019 5750 κληθῆναι
1052 5684 1246 5749 ταύτην
1274 5680 1650 5759 ὑψηλοτέρανί
1700 5686 1771 5742 Οὔ
1801 5684 1972 5740 τοίνυν
2054 5699 2102 5745 et

1932 5704 1972 5740 ιν
2054 5681 2329 5747 eminens
2359 5680 2462 5745 ille
2492 5689 2700 5761 status,
2742 5682 2899 5764 quod
2932 5684 3056 5745 meo
3087 5678 3400 5744 sublimior
3429 5681 3705 5748 dicatur?

3792 28 3801 33 ι.
3884 20 3899 33 ⁷-
3924 18 3941 31 Ἀ
3978 18 3985 21 “
4046 22 4059 39 ς

3770 54 3773 55 ,
3880 42 3883 45 π
3942 40 3953 49 ί
4028 40 4045 55 έν
4070 32 4095 53 τ’

3958 56 4003 75 ι,
4040 62 4059 67 -

3984 86 4011 101 η.
4112 88 4131 93 ..

4102 108 4137 123 ’,Ι

4018 130 4081 147 J7,

4038 170 4043 177 ‘
4116 162 4137 187 -η

4022 214 4035 221 ⁸
4120 214 4131 229 1.

3776 236 3779 239 .
4040 230 4049 239 .

3906 278 3911 279 ,
4124 292 4139 313 ,ι

4058 362 4061 365 .
4112 356 4141 377 ηι,

4118 446 4125 455 λ

4112 556 4117 563 υ

4134 660 4137 667 .

4098 700 4113 709 ι

4080 828 4085 831 1
4122 842 4137 857 ἰ

4094 914 4105 921 ρ

4136 938 4145 949 9

4106 1206 4119 1213 ο

4118 1402 4123 1409 .

4040 1558 4047 1571 ι

4126 2534 4131 2541 .

4110 2744 4115 2751 .

4110 3204 4115 3213 ι

4072 4298 4079 4305 .
