4490 6164
566 327 685 398 543

1739 332 1800 397 S.
1853 328 2196 395 DIONYSII
2238 328 2773 397 AREOPAGITzE.

3822 339 3943 407 544

563 468 698 534 Non
726 466 928 550 itaque
956 472 1395 547 comparatione
1424 467 1661 531 illorum
1696 467 1797 548 qui
1830 467 1955 529 sola
1985 484 2198 529 conse-
2222 468 2263 519 Α
2286 488 2336 541 πε

2171 467 2416 541 -Απρὸς
2471 469 2738 550 σύγκρισιν
2797 473 2904 529 τῶν
2963 469 3143 543 μόνως
3213 470 3584 551 τελιισυμένον
3638 475 3944 557 ὑψηλοτέρα

563 559 826 625 oratione
877 560 1258 640 perﬁciuntur
1300 558 1616 621 sublimior
1644 567 1754 633 est,
1788 557 1893 621 sed
1927 569 2204 639 respectu

561 650 717 713 ritus
743 648 881 712 257
911 648 1263 734 expiationis
1288 657 1347 711 et
1374 657 1650 730 respectu
1680 648 1830 710 ritus
1852 647 2231 710 illustratio-‘

563 740 682 818 nis,
728 740 856 803 haec
903 746 997 805 est
1044 738 1381 802 sublimior.
1426 739 1733 819 Siquidem
1765 739 1890 800 haec
1922 745 2204 821 tanquam

563 831 1089 914 medium,scilicet
1107 848 1311 913 eorum
1338 830 1445 907 qui
1470 828 1907 909 illuminantur,
1933 826 2205 890 ordinem

560 921 1015 997 transcendens,
1040 930 1163 983 tres
1192 920 1366 983 etiam
1399 921 1459 981 in
1491 937 1557 983 se
1586 918 1981 1000 proprietates
2013 919 2208 981 conti-

561 1009 998 1092 net,expiandi,
1026 1009 1406 1072 illuminandi
1439 1018 1498 1071 et
1531 1006 1903 1090 perﬁciendi,
1935 1007 2089 1072 sicut
2119 1016 2209 1071 est

563 1102 848 1181 superius
868 1099 1249 1182 explicatum.
1283 1100 1410 1161 Non
1442 1098 1575 1162 dico
1605 1105 1882 1177 respectu
1916 1116 2206 1178 persona-

562 1208 694 1253 rum
735 1202 1404 1254 consecratarumznam
1455 1189 1554 1271 qui
1594 1188 1947 1270 baptismate
1990 1188 2204 1251 initiati

565 1290 728 1360 sunt,
761 1279 943 1342 medii
967 1278 1445 1353 sunt,ordinis,et
1464 1297 1597 1360 pars
1618 1296 1802 1340 sacra:
1830 1277 2043 1360 plebis;
2069 1278 2205 1356 qui-

562 1370 674 1433 bus
694 1369 869 1431 etiam
897 1370 1083 1432 multa
1106 1369 1773 1448 permittuntur,nempe
1799 1369 2031 1448 nuptias
2054 1367 2206 1431 cele-

563 1460 1237 1540 brare,militare,hujus
1256 1460 1385 1521 vitae
1408 1460 1641 1538 negotia
1664 1466 1939 1521 tractare.
1967 1456 2077 1531 Qui
2102 1477 2205 1520 ve-

560 1569 628 1613 ro
658 1550 994 1613 sacerdotio
1025 1550 1216 1612 ornati
1248 1559 1525 1624 sunt,nec
1559 1549 1674 1629 ipsi
1706 1566 1944 1629 quoque
1975 1548 2047 1609 ab
2070 1567 2204 1609 om-

562 1639 738 1702 nibus
766 1639 1070 1703 abstinere
1100 1658 1168 1702 ac
1200 1657 1440 1701 cessare
1471 1639 1727 1701 debent:
1756 1656 1889 1699 nam
1922 1638 2207 1700 sacerdo-

563 1740 657 1794 tes
672 1729 820 1792 alios
840 1730 1248 1812 perﬁciunt,et
1273 1730 1425 1791 hanc
1448 1728 1523 1791 ob
1545 1747 1786 1791 causam
1810 1728 2203 1808 multaagunt.

2286 561 2444 639 αὕτη,
2478 560 2614 619 ἀλλὰ
2654 562 2786 635 πρός
2832 584 2890 618 τε
2950 563 3048 630 τὴν
3078 563 3176 632 τῆς
3226 565 3528 644 καθάρσεως
3577 564 3824 648 τελετήν,
3857 568 3945 625 καὶ

2288 653 2418 730 πρὸς
2472 652 2572 720 τὴν
2626 658 2718 709 τοῦ
2773 662 3053 731 φωτισμοῦ
3107 652 3350 735 τελετὴν,
3415 654 3547 723 αὕτη
3608 655 3937 734 ὕψηλοτέρα.

2291 743 2434 810 Αὕτη
2493 742 2592 821 γὰρ
2621 744 2695 805 ὡς
2736 739 3135 822 ὑπερϐεϐηκυτα
3165 746 3263 812 τὴν
3324 743 3494 820 μέσην
3534 744 3703 825 τάξιν,
3735 744 3940 815 δηλαδὴ

2290 832 2388 899 τὴν
2452 834 2552 888 τῶν
2601 832 3001 912 φωτιζομένων,
3031 834 3120 890 καὶ
3167 835 3262 900 τὰς
3320 839 3426 893 τῶν
3470 840 3628 916 τριῶν
3671 834 3939 905 ἰδιότητας

2290 921 2434 1003 φέρει
2491 920 2547 978 ἓν
2603 923 2790 1002 ἑαυτῇ,
2843 921 2940 991 τῆν
3002 923 3278 1001 κάθαρσιν,
3338 925 3428 981 τὸν
3481 927 3781 1005 φωτισμὸν,
3843 928 3941 995 τὴν

2290 1011 2587 1092 τελείωσιν,
2636 1012 2811 1077 καθὼς
2868 1011 3157 1092 κατωτέρω
3217 1012 3474 1081 διέξεισιν.
3511 1013 3593 1078 Ού
3648 1015 3812 1097 λέγω,
3858 1016 3941 1076 ὅτι

2290 1103 2381 1160 καὶ
2436 1103 2567 1181 πρὸς
2597 1101 2696 1169 τὴν
2756 1107 2863 1159 τῶν
2894 1099 3227 1179 τελουμένων
3275 1105 3575 1183 προσώπων
3630 1109 3940 1187 παράθεσιν·

2288 1191 2343 1250 οί
2376 1214 2432 1249 τε
2484 1192 2585 1271 γὰρ
2614 1189 2921 1265 τελούμενοι
2978 1197 3056 1264 τῷ
3096 1193 3424 1270 βσπτίσματι
3484 1201 3583 1264 τῆς
3616 1195 3785 1272 μέσης
3843 1198 3946 1256 είσὶ

2287 1280 2508 1360 τάξεως,
2568 1284 2656 1339 καὶ
2759 1287 2910 1359 ’ἱερᾶς
2993 1280 3226 1348 λαώδους
3310 1285 3522 1364 μοίρας,
3584 1290 3668 1353 οἷς
3724 1285 3790 1355 δὴ
3855 1290 3944 1346 καὶ

2288 1371 2463 1429 πολλὰ
2491 1372 2723 1455 ἐφεῖται,
2755 1370 3004 1439 δηλονότι
3062 1373 3122 1429 τὸ
3153 1373 3347 1450 γάμοις
3405 1373 3644 1451 ὁμιλεῖν,
3676 1377 3737 1433 τό
3771 1399 3941 1455 στρα-

2287 1462 2551 1543 τεύεσθαι,
2603 1463 2663 1518 τὸ
2725 1462 3100 1540 πραγματείας·
3145 1473 3238 1523 τοῦ
3287 1463 3399 1542 βίου
3458 1467 3943 1546 μεταχειρίζεσθαι,

2290 1552 2357 1610 Οἵ
2419 1574 2475 1608 τε
2551 1552 2809 1631 ἱερωσύνῃ
2895 1553 3276 1631 κοσμούμενοι,
3338 1552 3447 1611 οὐδ’
3521 1558 3666 1615 αὐτοὶ
3717 1558 3946 1633 πάμπαν

2288 1642 2349 1697 τὸ
2402 1641 2488 1698 ἐπὶ
2519 1647 2677 1699 πᾶσιν
2723 1641 2970 1710 ἀκίνητον
3001 1641 3298 1723 ὀφείλουσιν
3341 1644 3489 1725 ἔχειν
3521 1646 3606 1703 καὶ
3651 1645 3945 1726 ἀνενέργη-

2290 1748 2403 1788 τον’
2458 1730 2786 1788 τελειωτικοὶ
2843 1732 2943 1812 γὰρ
2974 1740 3078 1790 τῶν
3141 1732 3332 1811 ἑτέρων
3390 1736 3437 1790 οἱ
3480 1737 3643 1813 ἱερεῖς
3700 1738 3824 1812 εἶσι,
3857 1737 3949 1794 καὶ

563 1819 675 1894 Qui
703 1838 840 1882 vero
872 1819 1265 1881 'monaslicum
1299 1819 1633 1882 institutum
1666 1820 2207 1892 sectantur,omni-
2235 1834 2272 1886 Β
2293 1820 2336 1878 δι

2178 1853 2207 1864 -
2235 1834 2272 1886 Β
2293 1820 2376 1878 διὰ
2424 1830 2578 1879 τοῦτο
2610 1820 2784 1879 πολλὰ
2827 1823 3222 1901 ἐνεργήσουσιν.
3257 1825 3316 1882 Οἱ
3348 1821 3401 1880 δὲ
3446 1827 3579 1883 κατὰ
3613 1826 3709 1894 τὴν
3767 1849 3943 1902 μονα-

563 1930 642 1973 no
675 1911 892 1973 mortui
921 1929 1057 1973 esse
1086 1909 1331 1978 debent,
1364 1909 1767 1989 cruciﬁgendo
1799 1926 2039 1970 carnem
2070 1926 2204 1969 cum

564 2001 969 2083 passsionibus
1002 2009 1059 2063 et
1089 1998 1618 2080 concupiscentiis,
1656 2007 1714 2060 et
1744 1997 1991 2061 vivendo
2014 1998 2206 2059 solum

562 2093 687 2155 Deo
720 2095 782 2154 et
806 2091 921 2152 sibi
952 2091 1099 2171 ipsis
1127 2110 1140 2154 :
1169 2090 1295 2151 haec
1327 2092 1489 2150 enim
1516 2097 1603 2149 est
1635 2088 1828 2149 totalis
1860 2087 2116 2167 expiatio
2152 2095 2211 2148 et

562 2179 905 2242 omnimoda
924 2179 1148 2259 paritas
1176 2179 1474 2240 actionum
1510 2178 1908 2260 propriarum.
1943 2176 2067 2242 Hoc
2091 2176 2208 2239 uti-

563 2289 681 2351 que
710 2289 829 2331 non
860 2269 1016 2350 dico,
1043 2270 1211 2347 quasi
1234 2270 1341 2331 viri
1370 2269 1562 2331 sancti
1584 2287 1798 2349 scopus
1822 2288 1893 2331 eo
1924 2287 2042 2329 non
2075 2285 2212 2348 spe-

564 2367 704 2434 etet;
750 2361 853 2422 sed
902 2379 1037 2422 cum
1085 2359 1243 2421 aliud
1276 2359 1354 2420 sit
1382 2360 1675 2433 τελεῖσθαι,
1712 2376 1819 2420 seu
1850 2359 2121 2438 initiari,
2155 2367 2215 2419 et

562 2449 723 2512 aliud
777 2449 1124 2529 τελειοῦσθαι,
1174 2467 1281 2512 seu
1329 2450 1542 2530 perﬁci
1570 2468 1636 2510 ac
1669 2448 2009 2510 consecrari
2045 2450 2209 2523 (nam

561 2538 783 2601 initiari
812 2548 899 2601 est
929 2539 1053 2603 sive
1085 2557 1191 2621 per
1226 2540 1621 2619 expiationem
1670 2537 1792 2600 sive
1844 2557 1949 2620 Per
1979 2536 2212 2600 illumi-

563 2632 894 2713 nationem,
922 2632 1128 2712 perﬁci
1155 2650 1296 2695 vero
1328 2640 1417 2693 est
1449 2650 1553 2711 per
1585 2631 1769 2693 solam
1803 2630 2040 2712 proprie
2075 2629 2210 2691 dic-

563 2729 681 2785 tam
701 2722 1156 2803 perfectionem)
1171 2721 1430 2802 ,prael‘ert
1461 2721 1789 2782 monachos
1815 2720 1930 2782 illis
1951 2720 2054 2801 qui
2074 2718 2209 2781 sim-

562 2811 800 2892 pliciter
820 2811 1038 2874 initiati
1080 2816 1247 2887 sunt;
1269 2817 1520 2889 expiatis
1552 2810 1782 2873 scilicet
1812 2819 1871 2871 et
1901 2809 2209 2871 illumina-

562 2900 659 2979 tis;
704 2901 985 2983 quoniam
1020 2911 1077 2964 et
1123 2901 1238 2982 ipsi
1297 2900 1507 2963 initiati
1557 2910 1693 2961 sunt
1747 2899 2207 2979 praastantiores,

561 3008 735 3070 quam
767 2991 1179 3055 catechumeni
1211 2989 1762 3071 expiatione,atque
1793 2989 2041 3069 insuper
2064 2989 2211 3051 illu-

563 3081 923 3141 minatorum
947 3080 1223 3141 ordinem
1251 3077 1617 3158 praecedunt,
1651 3096 1826 3157 quem
1856 3087 1918 3140 et
1948 3076 2209 3140 medium

2291 1912 2457 1992 χικῆν
2520 1910 2925 1987 πολιτευόμενοι
2984 1911 3336 1981 διακόσμησιν
3395 1920 3566 1995 νεκροὶ
3610 1918 3670 1974 τὸ
3728 1916 3948 1974 σύνολον

2292 2000 2589 2080 ὀφείλουσιν
2625 2015 2766 2059 εῖναι
2799 2002 2854 2059 ἐν
2884 2003 2960 2078 τῷ
2992 2010 3298 2080 σταυρῶσατ
3348 2004 3446 2073 τὴν
3477 2006 3646 2084 σάρκα
3681 2008 3771 2063 σὺν
3821 2008 3948 2070 τοῖς

2293 2094 2571 2168 παθήμασι
2624 2093 2709 2149 καὶ
2762 2105 2882 2156 ταῖς
2943 2093 3260 2170 ἐπιθυμίαις,
3306 2096 3396 2152 καὶ
3448 2096 3547 2168 ζῇν
3608 2118 3784 2171 μονως
3829 2104 3948 2171 Θεῷ

2295 2184 2381 2239 καὶ
2439 2182 2673 2245 ἑαυτοῖς·
2736 2190 2891 2240 τοῦτο
2941 2183 3040 2262 γάρ
3073 2182 3215 2240 ἑστιν
3270 2186 3306 2252 ἡ
3359 2184 3516 2252 ὁλικὴ
3546 2187 3797 2264 κάθαρσις
3855 2187 3946 2243 καὶ

2294 2270 2332 2338 ἡ
2363 2271 2635 2339 παντελὴς
2669 2273 2773 2327 τῶν
2805 2273 3010 2328 οἰκείων
3040 2272 3346 2351 ,ἐνεργειών
3378 2275 3633 2352 ἁγνότης.
3683 2277 3753 2334 Οὔ
3803 2277 3947 2355 λέγω

2297 2370 2422 2440 γοῦν
2479 2369 2657 2441 τοῦτο,
2689 2362 2771 2417 ὅσι
2830 2360 2935 2418 οὐδ’
2998 2364 3025 2418 ὁ
3084 2370 3175 2419 τοῦ
3231 2364 3381 2441 ἁγίου
3433 2366 3633 2431 σκοπὸς
3662 2368 3737 2430 εἷς
3792 2374 3950 2425 τοῦτο

2294 2449 2457 2530 ῥέπει⁹
2490 2449 2614 2506 ἀλλ’
2647 2449 2834 2520 ἐπειδη
2874 2449 3006 2508 ἄλλο
3039 2450 3146 2508 ἐστὶ
3179 2453 3236 2509 τὸ
3269 2451 3562 2534 σελεῖσθαι,
3599 2456 3691 2511 καὶ
3724 2453 3856 2516 ἄλλο
3886 2457 3949 2511 τὸ

2293 2539 2620 2597 τελειοῦσθαι
2670 2539 2960 2619 (τελεῖσθαι
3018 2541 3117 2621 γὰρ
3174 2540 3285 2598 ἔστι
3341 2545 3431 2599 καὶ
3494 2544 3630 2600 κατὰ
3683 2550 3783 2611 την
3846 2544 3949 2600 κά-

2292 2633 2495 2709 θαρσιν,
2529 2631 2798 2687 τελεῖσθαι
2830 2630 2965 2687 ἔστι
3027 2633 3116 2688 καὶ
3163 2632 3299 2688 κατὰ
3358 2633 3448 2688 τὸν
3492 2633 3788 2713 φωτισμόν·
3853 2654 3952 2690 τε-

2293 2719 2556 2778 λειοῦσθοι
2645 2718 2699 2776 δὲ
2771 2721 2908 2776 κατὰ
2989 2720 3159 2795 μόνην
3231 2722 3331 2789 τὴν
3399 2724 3589 2799 κυρίως
3657 2722 3954 2801 τελείωσιν)

2293 2810 2558 2888 προκρίνει
2627 2814 2731 2867 τῶν
2785 2808 2971 2874 ἁπλῶς
3029 2809 3382 2886 τελουμένων,
3418 2818 3522 2868 τῶν
3578 2834 3637 2869 τε
3692 2816 3951 2892 καθαιρο-

2295 2899 2466 2974 μένων
2524 2898 2731 2968 δηλαδὴ
2765 2900 2849 2956 καὶ
2901 2900 3006 2957 τῶν
3038 2900 3438 2979 φωτιζομένων,
3470 2902 3590 2967 τοὺς
3646 2902 3945 2982 μοναχούς*

2294 2993 2367 3053 ὼς
2425 2989 2826 3065 τελειουμένους
2857 2989 2951 3064 μὲν
3004 2992 3091 3047 καὶ
3122 2990 3336 3070 αὐτοὺς,
3372 2990 3491 3047 ἀλλ’
3541 2991 3670 3071 ὑπὲρ
3713 2992 3812 3060 τὴν
3841 2998 3949 3051 τῶν

2293 3078 2722 3159 κατηχουμένων
2796 3079 3070 3159 κάθαρσιν,
3129 3080 3217 3135 καὶ
3277 3078 3351 3136 ἔτι
3408 3080 3513 3137 τῶν
3575 3079 3951 3162 φωτιζομένων

563 3169 1129 3249 appellat,vide|icet
1149 3169 1461 3230 laicorum.
1493 3167 1635 3229 Cum
1668 3185 1807 3229 vero
1839 3185 2057 3228 nomen
2087 3165 2208 3230 ini-
2228 3167 2268 3217 C
2292 3192 2336 3225 τ;

2179 3167 2457 3248 -Οτσίξιν,
2496 3168 2557 3226 ἂν
2616 3170 2705 3226 καὶ
2735 3167 2904 3244 μέσην
2968 3170 3119 3249 φησὶ,
3155 3169 3255 3236 τὴν
3309 3175 3416 3226 τῶν
3463 3168 3669 3227 λατκών
3716 3168 3949 3238 δηλαδὴ.

563 3258 831 3319 tiationis
860 3260 999 3338 quid
1040 3258 1431 3321 universalius
1459 3258 1534 3319 sit
1563 3276 1736 3339 quam
1771 3276 1987 3319 nomen
2014 3258 2208 3338 perfe-

565 3348 799 3429 ctionis,
835 3349 1060 3411 idcirco
1116 3368 1236 3410 non
1289 3348 1368 3410 ita
1421 3356 1582 3410 recte
1628 3366 1940 3428 possumus
1969 3366 2105 3409 cum
2138 3366 2208 3409 eo

562 3440 833 3501 conferre
863 3441 1290 3502 monachorum
1334 3438 1873 3501 consecrationem.
1915 3436 2207 3500 Caeterum

562 3529 843 3609 quoniam
878 3530 1302 3592 monachorum
1337 3528 1507 3603 ordo,
1533 3537 1775 3607 propter
1801 3528 2206 3589 omnimodam

562 3618 1028 3689 sanctitatem.et
1046 3618 1441 3699 expiationem
1463 3627 1521 3679 et
1540 3618 2035 3679 illuminationem
2052 3634 2211 3681 com-

564 3707 1209 3788 plectitur,ostenditur
1229 3706 1451 3770 habere
1474 3708 2011 3787 expiationem,per
2034 3726 2210 3788 quam

565 3797 740 3861 etiam
791 3796 1258 3859 illuminatorum
1312 3798 1729 3877 proprietatem
1789 3796 2039 3876 obtinet,
2088 3797 2209 3858 imo

566 3887 745 3948 etiam
779 3905 983 3950 eorum
1007 3887 1108 3969 qui
1134 3887 1193 3948 in
1213 3885 1428 3968 spiritu
1465 3885 1876 3968 perﬁciuntur;
1904 3885 2206 3947 illumina-

565 3983 759 4038 torum
792 3977 1055 4057 quidem,
1092 3977 1403 4056 quoniam,
1437 3984 1729 4053 quantum
1760 3977 1845 4037 las
1877 3983 1986 4052 est,
2014 3974 2210 4037 omnis

569 4066 815 4130 actionis
844 4086 1027 4129 sacra:
1057 4085 1164 4149 per
1195 4065 1517 4148 spiritalem
1549 4064 2114 4145 contemplationem
2150 4073 2209 4127 et

564 4158 1049 4222 communionem
1071 4158 1366 4239 particeps
1384 4155 1636 4233 exsistit;
1658 4155 2052 4236 perfectorum
2070 4173 2209 4217 vero

569 4254 710 4329 quia
733 4248 980 4311 virtutes
1009 4248 1414 4311 hierarchicas
1453 4245 1842 4327 amplectens,
1879 4245 2211 4326 iisdemque

568 4338 950 4413 exornata,ad
966 4338 1431 4400 scientiaesacraa
1454 4335 1879 4417 perfectionem
1908 4353 2012 4415 pro
2038 4344 2212 4415 captu

567 4427 915 4492 adducitur:
948 4428 1025 4489 ita
1043 4437 1106 4489 ut
1120 4429 1258 4509 jure
1280 4427 1492 4488 merito
1513 4424 1848 4487 istiusmodi
1872 4424 2105 4488 vivendi
2128 4425 2215 4487 in-

570 4519 835 4580 stitutum
860 4516 1118 4579 sublime
1137 4515 1281 4594 quid
1305 4515 1683 4588 habeat,cum
1715 4518 1773 4575 in
1798 4533 1862 4575 se
1880 4524 1998 4575 tres
2018 4514 2214 4576 initia-

571 4616 764 4669 torum
794 4606 1035 4668 ordines
1056 4605 1664 4686 complectatur.Hinc
1688 4603 1867 4665 divini
1894 4616 2217 4683 praecepto-

569 4716 667 4760 res
699 4695 884 4759 nostri
920 4694 1134 4755 divinis
1178 4692 1517 4754 nominibus
1560 4712 1664 4754 eos
1693 4694 2083 4767 honorarunt,
2116 4693 2216 4754 alii

571 4787 807 4867 quidem
834 4784 1121 4865 cultores,
1155 4783 1251 4844 alii
1284 4801 1423 4845 vero
1468 4802 1551 4843 m1.
1571 4783 1791 4843 uachos
1832 4782 2211 4863 appellando.

578 4876 849 4939 Cultores
876 4874 1216 4956 quidem,ut
1236 4873 1335 4954 qui
1363 4872 1630 4935 divinum
1660 4871 1799 4932 2‘58
1828 4871 2059 4934 Numen
2084 4878 2211 4934 sin-

573 4982 710 5026 cere
731 4965 1021 5039 colerent;
1041 4964 1367 5025 monachos
1393 4979 1525 5024 vero
1548 4962 1726 5042 utqui
1747 4961 1819 5022 ad
1851 4961 2212 5023 individuam

576 5063 635 5115 et
655 5052 1013 5132 singularem
1040 5054 1222 5115 vitam
1249 5054 1743 5133 aspirarent,quaa
1772 5051 2058 5113 nimirum
2090 5052 2218 5113 illos

575 5141 842 5214 uniﬁcet,
871 5150 929 5202 et
953 5143 1310 5204 uniformem
1353 5142 1558 5205 aﬁerat
1590 5141 1992 5221 cognitionem
2023 5164 2035 5204 :
2068 5142 2221 5204 hanc

576 5233 734 5296 enim
760 5230 1079 5292 monadem
1106 5241 1273 5293 vocat
1304 5232 1580 5309 (scientia
1611 5231 1769 5292 enim
1802 5231 1969 5294 unita
2000 5237 2113 5306 est,
2134 5231 2221 5291 si-

575 5333 673 5387 cut
704 5322 1034 5401 ignorantia
1091 5329 1180 5381 est
1226 5320 1535 5382 multitudo
1570 5340 1772 5383 rerum
1822 5322 1882 5381 in
1919 5320 2101 5383 multa
2132 5320 2224 5382 di-

573 5430 865 5493 versaque
903 5409 1378 5489 distractarum),
1403 5410 1639 5471 uniﬁcat
1671 5422 1870 5472 autem
1922 5412 2220 5491 quodam-

574 5502 776 5576 modo,
797 5500 937 5563 dum
970 5500 1203 5562 scilicet
1234 5500 1419 5560 sacris
1447 5516 1647 5560 rerum
1682 5499 2003 5561 divisarum
2036 5500 2218 5581 colle-

578 5591 878 5657 ctionibus
928 5607 995 5652 se
1047 5589 1297 5671 perﬁcit.
1353 5587 1536 5650 Porro
1587 5587 1774 5650 divisa
1818 5589 1915 5652 hic
1947 5590 2228 5651 dicuntur

579 5681 844 5767 symbola
863 5681 1060 5761 illa,ut
1089 5687 1250 5764 sunt,
1266 5678 1556 5760 cucullus,
1576 5678 1910 5763 scapulare,
1936 5679 2224 5762 cilicium,

2292 3261 2362 3317 Τὸ
2412 3257 2466 3315 δὲ
2510 3257 2778 3315 τελεῖσθαι
2833 3257 3024 3336 ὄνομα,
3061 3258 3174 3316 ἐπεὶ
3224 3258 3642 3339 καθόλικώτερόν
3685 3262 3798 3317 ἔστι
3856 3263 3954 3317 τοῦ

2288 3347 2638 3426 τελειοῦσθαι,
2684 3350 2820 3427 πρὸς
2882 3346 3012 3427 ὅπερ
3066 3350 3159 3405 οὒκ
3215 3347 3414 3428 ἔχομεν
3475 3349 3635 3427 Λόγον
3686 3350 3785 3417 τὴν
3841 3355 3950 3405 τῶν

2292 3440 2548 3519 μοναχῶν
2606 3438 2829 3506 τελετὴν
2891 3440 3220 3516 συγκρίνειν,
3293 3437 3444 3496 Ἀλλ’
3499 3436 3683 3506 ἐπειδὴ
3739 3440 3774 3506 ἡ
3843 3445 3952 3496 τῶν

2293 3535 2553 3608 μοναχῶν
2610 3527 2753 3594 τάξις
2786 3527 3152 3605 περιληπτική
3208 3528 3445 3584 ἐστικαὶ
3495 3533 3593 3595 τῆς
3641 3528 3949 3608 καθάρσεως

2291 3620 2379 3675 καὶ
2434 3626 2527 3675 τοῦ
2558 3640 2859 3696 φωτισμου,
2896 3616 2980 3673 διαὶ
3024 3622 3125 3685 τῆς
3156 3616 3448 3682 παντελοῦς
3479 3618 3799 3696 ἀγνότητος,
3842 3640 3952 3685 την

2291 3709 2542 3787 κάθαρσιν
2600 3707 2748 3787 ἔχειν
2800 3708 3130 3788 ἐμφαίνεται,
3170 3707 3286 3783 μεθ’
3338 3709 3405 3774 ἦν
3435 3707 3523 3764 καὶ
3579 3708 3640 3763 τὸ
3670 3713 3777 3765 τῶν
3836 3730 3951 3788 τρω-

2293 3798 2581 3872 τιζομένιην
2641 3795 2779 3853 ἴδιον
2811 3794 3181 3871 ἑπικὲκτηται,
3216 3796 3292 3854 ἔτι
3341 3795 3395 3853 δὲ
3428 3797 3515 3854 καὶ
3544 3801 3651 3854 τῶν
3707 3795 3953 3855 τελειου-

2290 3886 2465 3962 μένων
2526 3887 2580 3942 ἐν
2631 3887 2915 3961 πνέύματι,
2975 3886 3082 3942 τῶν
3142 3888 3240 3961 μὲν
3300 3886 3699 3966 φωτιζομένων,
3769 3886 3851 3943 ὅτι
3892 3884 3951 3942 ἐν

2290 3982 2445 4054 νοερᾷ
2502 3977 2692 4056 θεωρίᾳ
2750 3976 2841 4032 καί
2916 3976 3165 4048 κοινωνίᾳ
3244 3976 3446 4055 πάσης,
3506 3976 3638 4042 ὅσης
3705 3976 3948 4057 θεμιτὸν,

2287 4067 2583 4145 ἱερουργίας
2643 4066 2866 4143 γίνεται⁶
2914 4064 3020 4121 τῶν
3077 4064 3131 4120 δὲ
3183 4064 3593 4142 τελειουμένων,
3628 4063 3733 4146 ὅτι,
3769 4064 3956 4144 ἐγχει-

2293 4154 2545 4236 ριζομένη
2599 4167 2721 4221 ταῖς
2749 4156 3090 4235 ἱεραρχικατς
3138 4153 3388 4230 δυνάμεσι
3442 4156 3529 4211 καὶ
3560 4154 3701 4230 παρὰ
3754 4155 3953 4212 τούτων

2295 4244 2757 4321 διακοσμουμένη,
2816 4245 2948 4323 πρὸς
3017 4248 3116 4311 τῆν
3174 4249 3274 4312 τῆς
3329 4247 3467 4323 ἱερᾶς
3514 4243 3819 4318 ἐπιστήμης
3870 4266 3956 4300 τε·

2296 4334 2507 4393 λείωσιν
2551 4333 2829 4413 ἀναλόγως
2887 4334 3166 4414 ἀνάγεται,
3199 4334 3335 4392 ὥστε
3386 4331 3605 4397 εἰκότως
3636 4336 3673 4404 ἧ
3728 4332 3952 4401 τοιαύτη

2299 4425 2544 4482 πολιτεία
2588 4426 2648 4480 τὸ
2677 4423 2885 4499 ὑψηλὸν
2946 4422 3090 4504 ἔχει,
3124 4424 3213 4486 τὰς
3277 4436 3422 4502 τρεῖς
3453 4428 3557 4478 τῶν
3620 4421 3956 4498 τελοσμένων

2298 4514 2469 4581 τάξείς
2513 4514 2568 4571 ὲν
2600 4514 2761 4591 ἑαυτῇ
2818 4513 3191 4593 περιφέρουσα.
3228 4511 3423 4571 ’Ἔνθεν
3453 4513 3499 4569 οἱ
3528 4515 3667 4569 θεῖοι
3708 4515 3955 4590 καθηγε-

2298 4606 2462 4682 μόνες
2516 4604 2696 4681 ἡμῶν,
2758 4605 2909 4660 θείων
2967 4602 3280 4679 ἐπωνυμιῶν
3339 4602 3522 4667 αὐτοὺς
3595 4600 3955 4679 κατηξίωσαν,

2298 4698 2346 4752 οἱ
2412 4695 2509 4771 μέν
2578 4694 2921 4773 θεραπευτὰς,
2982 4695 3028 4749 οἱ
3098 4691 3153 4748 δὲ
3220 4692 3493 4770 μοναχοῦς
3568 4690 3952 4766 ὀνομάσαντες·

2297 4784 2624 4863 θεραπευτὰς
2661 4784 2756 4859 μὲν
2810 4784 2882 4844 ὼς
2923 4783 2984 4838 τὸ
3043 4789 3200 4837 Θεϊον
3250 4784 3488 4859 καθαρῶς
3542 4779 3953 4858 θεραπεύοντας·

2300 4874 2578 4952 μοναχοὺς
2638 4872 2715 4953 δὲ,
2767 4875 2841 4935 ὡς
2900 4872 3030 4948 πρὸς
3085 4868 3367 4949 ἀμέριστον
3419 4870 3506 4925 καὶ
3559 4868 3758 4925 ἑνιαίαν
3814 4869 3960 4940 ζωὴν

2298 4966 2692 5037 καταντῶντας,
2748 4960 2866 5028 ἥτις
2925 4960 2990 5028 δὴ
3044 4961 3212 5016 ἐνιαία
3266 4960 3365 5031 Coi,
3415 4958 3737 5015 ἐνοποιοῦσα
3768 4959 3959 5022 αὐτοὺς

2300 5054 2372 5117 εἷς
2434 5051 2634 5124 ἐνσειδῆ
2665 5058 2889 5130 γνῶσιν·
2946 5050 3142 5116 ταύτην
3174 5051 3272 5127 γὰρ
3326 5048 3473 5126 λέγει
3512 5045 3718 5122 μονάδα
3750 5049 3805 5122 (ἡ
3860 5047 3964 5127 γὰρ

2303 5149 2497 5220 γνῶσις
2553 5142 2745 5211 ἑνιαία,
2778 5144 2850 5202 ὡς
2883 5142 2915 5208 ἡ
2967 5138 3155 5215 ἄγνοια
3185 5138 3246 5195 π)
3260 5141 3386 5207 ἦθος
3418 5135 3820 5212 ἐσκεδασμένων
3881 5138 3959 5200 εἰς

2305 5231 2479 5290 πολλὰ
2527 5233 2615 5289 καὶ
2673 5229 2942 5311 διάφορα),
2977 5229 3290 5286 ἐνοποιούσα
3319 5226 3374 5284 δέ
3427 5248 3568 5303 πως,
3601 5224 3855 5293 δηλονότι
3907 5225 3965 5281 ἐν

2307 5336 2429 5386 ταῖς
2480 5325 2649 5400 ἱεραῖς
2683 5327 2787 5378 τῶν
2844 5319 3116 5397 διαιρετῶν
3161 5315 3485 5394 συμπτύξεσι
3516 5315 3745 5377 τελειοτ.
3801 5324 3965 5372 Διαι-

2305 5412 2428 5492 ρετά
2473 5409 2528 5467 δέ
2579 5413 2678 5467 εἰσι
2733 5411 2798 5468 τὰ
2855 5409 3073 5467 ἐνταῦθα
3135 5406 3399 5484 σύμϐολα,
3456 5407 3516 5462 τὸ
3568 5403 3905 5481 κουκούλιον,
3938 5407 3969 5461 ὁ

2306 5499 2593 5574 ἀνάλαϐος,
2639 5502 2700 5557 τὸ
2755 5500 3015 5580 τρίχινον,
3040 5500 3102 5555 τὸ
3153 5496 3343 5573 μέλαν,
3374 5497 3460 5552 καὶ
3502 5495 3567 5552 τὰ
3616 5500 3857 5568 τοιαῦτα,
3891 5497 3972 5549 ὢν

2307 5592 2529 5648 ἕκαστον
2588 5588 2804 5665 ὕψηλήν
2835 5589 2954 5668 ἔχει
3007 5588 3094 5646 καὶ
3138 5587 3335 5644 ἑνιαίαν
3394 5586 3493 5653 τὴν
3524 5584 3752 5642 ἔννοιανο
3811 5586 3972 5642 τοῦτο

2308 5678 2406 5760 γάρ
2451 5678 2560 5736 ἐστι
2608 5680 2694 5736 καὶ
2725 5675 3035 5756 σύμπτυξιν.
3099 5674 3305 5734 ⁹¹Λλλοι
3336 5674 3390 5732 δὲ
3441 5673 3673 5755 διαιρετᾶ
3702 5673 3769 5730 τὰ
3817 5675 3964 5753 βιω-
