4490 6164
557 394 673 470 545

1041 394 1136 471 DE
1180 404 1476 471 ECCLES.
1526 394 1979 488 H1ERARGH.,
2021 402 2186 471 CAP.
2235 399 2342 473 Vl.
2388 435 2469 452 —-
2516 400 2901 471 PARAPHR.
2955 398 3473 471 PACHYMERE.

3824 402 3942 473 546

558 542 679 601 τικά
732 566 883 623 φασι,
936 545 1024 600 καὶ
1083 542 1369 619 σύμπτυξιν
1430 545 1527 612 τὴν
1584 545 1689 601 ἀπὸ
1749 546 1948 603 τούτων
2004 543 2325 604 τελείανΑὸ

2165 565 2209 599 ιν
2231 552 2267 604 Α
2292 551 2418 604 atra
2446 540 2648 617 vestis;
2674 548 2732 602 et
2751 541 3257 619 similia,quorum
3282 540 3593 622 quodlibet
3623 540 3938 604 sublimem

558 635 645 690 καὶ
692 632 989 713 ὁλόκληρον
1020 633 1389 714 ἀναχώρησιν.
1441 636 1539 691 Διὰ
1568 636 1669 703 τὴν
1713 636 1961 702 τοιαύτην
1992 634 2215 691 τελείωσ-

558 745 640 779 σιν
672 721 881 791 ἧξιώθη
924 725 959 792 ἡ
1018 724 1237 790 τοιαύτη
1294 722 1437 789 τάξις
1483 725 1569 781 καὶ
1625 726 1897 798 ἱερατικῆς
1966 723 2211 806 τελετῆς,

557 814 645 868 καὶ
691 814 793 879 τῆς
825 810 911 870 διὰ
943 819 1047 869 τῶν
1091 813 1270 892 εὐχῶν
1331 812 1690 882 ἐπικλήσεως·
1728 815 1867 872 ὥστε
1898 813 1976 889 μὴ
2026 814 2216 890 μόνους

559 899 650 981 ἆφ’
697 901 898 961 ἐαυτῶν
928 901 1304 981 ἀμφιέννυσθαί
1332 925 1482 968 τινας
1516 906 1575 959 τὸ
1604 909 1818 983 σχῆμα,
1853 902 1990 960 ἀλλὰ
2034 905 2216 983 χερσὶν

557 993 850 1067 ἱερατικαῖς
912 992 1000 1048 καὶ
1053 992 1163 1064 θείᾳ
1213 990 1491 1063 ἐπικλήσει
1541 995 1771 1072 γίνεσθαι
1820 994 1914 1060 τήν
1959 995 2030 1056 εἷς
2062 1000 2218 1050 τοῦτο

556 1079 855 1138 τελείωσιν
931 1081 1071 1150 πλὴν
1135 1082 1319 1163 χερσὶν
1375 1086 1472 1140 οὒκ
1529 1083 1824 1163 ἀρχιερέων
1889 1081 2065 1163 (τύῦτο
2118 1084 2217 1161 γὰρ

559 1172 646 1250 επὶ
695 1173 872 1247 μόνων
904 1177 1011 1228 τῶν
1068 1174 1345 1249 ἱερατικῶν
1390 1172 1589 1250 γίνεται
1621 1173 2022 1254 χειροτονίών),
2080 1172 2217 1228 ἀλλὰ

559 1261 744 1341 χερσὶν
774 1260 979 1340 ἱερέων,
1014 1264 1102 1317 καὶ
1146 1258 1361 1340 δευτέρᾳ
1406 1262 1543 1337 μετὰ
1597 1263 1698 1329 τὴν
1726 1262 1996 1341 ἱερατικὴν
2056 1261 2214 1319 τελε-

556 1350 681 1416 τὴν.
742 1348 1009 1407 Ἐντεῦθεν
1081 1348 1136 1405 δὲ
1210 1352 1595 1431 σημειούμεθα,
1654 1354 1726 1416 ὡς
1792 1352 1929 1409 κατὰ
1980 1353 2069 1408 τὸν
2124 1360 2219 1409 τοῦ

560 1440 769 1517 Πατρὸς
798 1439 958 1517 λόγον
990 1441 1049 1496 οὔ
1080 1436 1166 1496 δεῖ
1190 1445 1385 1519 σχῆμα
1416 1447 1662 1521 μοναχοὺ
1682 1441 1972 1499 ἐπισκοπον
1992 1439 2212 1516 διδόναι,

560 1528 683 1585 ἀλλ’
781 1529 943 1604 μόνον
973 1527 1343 1608 πρεσϐύτερον,

2299 631 2475 693 habet
2496 639 2554 693 et
2574 631 2937 710 singularem
2960 631 3417 710 intelligentiam
3449 652 3466 706 ;
3497 639 3675 713 atque
3696 632 3805 693 hoc
3826 630 3944 693 sibi

2297 722 2421 783 vult
2479 740 2583 782 vox
2644 720 2748 782 illa
2799 721 3066 799 σύμτδξις,
3122 738 3228 781 seu
3288 720 3573 784 collectio.
3637 720 3754 782 Alii
3803 738 3942 783 vero

2300 810 2488 873 divisa
2517 817 2723 872 vocant
2751 810 2852 872 illa
2883 829 3013 891 quae
3044 809 3118 870 ad
3151 810 3305 871 hanc
3334 816 3507 872 vitam
3554 819 3851 891 spectant,
3887 818 3947 873 et

2299 900 2717 965 collectionem,
2751 901 3063 971 perfectum
3115 909 3167 957 et
3197 901 3592 956 omnimodum
3635 901 3699 955 ab
3732 901 3821 957 his
3853 914 3945 956 rr-

2300 993 2822 1071 cessum.Propter
2842 989 3174 1053 istiusmodi
3205 988 3637 1069 perfectionem
3663 990 3809 1052 ordo
3834 990 3943 1054 iste

2299 1081 2700 1144 ecclesiastica
2724 1099 2958 1162 quoque
2993 1080 3446 1142 consecratione
3474 1080 3687 1159 dignus
3712 1088 3801 1142 est
3833 1081 3946 1141 ha-

2299 1170 2477 1248 bitus,
2513 1181 2570 1234 et
2601 1190 2841 1253 precum
2876 1170 3272 1246 invocatione,
3306 1171 3384 1232 ita
3433 1180 3496 1232 ut
3527 1191 3642 1233 non
3674 1170 3790 1252 ipsi
3822 1178 3950 1232 tan-

2305 1270 2427 1323 tum
2461 1280 2527 1324 se
2562 1260 2759 1323 habitu
2794 1260 2907 1323 isto
2933 1260 3203 1342 induant,
3234 1260 3337 1321 sed
3372 1260 3644 1322 manibus
3674 1260 3951 1323 sacerdo-
3990 1320 3997 1329 ,

2303 1360 2425 1413 tum
2460 1361 2517 1413 et
2559 1352 2935 1414 invocatione
2978 1350 3178 1412 divina
3240 1350 3547 1413 itiusmodi
3579 1355 3950 1412 consecratio

2300 1442 2788 1517 celebretur;non
2818 1450 3015 1503 tamen
3038 1439 3317 1502 manibus
3340 1440 3756 1522 episcoporum
3790 1446 3947 1517 (nam

2299 1530 2488 1593 hocin
2514 1531 2657 1593 solis
2682 1530 2869 1593 sacris
2898 1528 3510 1606 ordinationibusﬁt),
3537 1529 3640 1591 sed
3672 1527 3952 1591 manibus

566 1616 969 1692 sacerdotum,
1003 1624 1061 1679 et
1091 1617 1358 1681 secunda
1384 1626 1515 1700 post
1545 1619 1983 1684 ecclesiasticos
2001 1618 2245 1685 ordines
2275 1627 2747 1684 consecratione.
2780 1619 3003 1702 Itaque,
3041 1619 3375 1681 secundum
3412 1619 3589 1700 hujus
3613 1619 3806 1682 sancti
3833 1616 3950 1680 Pa-

570 1706 678 1769 tris
709 1705 908 1784 verba,
944 1725 1064 1771 non
1090 1706 1275 1770 debet
1304 1717 1629 1791 episcopus
1668 1709 1810 1773 dare
1838 1710 2105 1774 habitum
2140 1710 2557 1773 monasticam.
2589 1710 2697 1774 sed
2732 1710 2894 1774 solus
2926 1709 3230 1773 sacerdos.

1164 1836 1232 1890 ΙΙ.
1287 1829 1618 1907 Μοστήριον,

639 1923 879 1993 ’Ἔστηκε
937 1924 1034 2000 μὲν
1064 1928 1092 1983 6
1151 1927 1317 2005 ἱερεὺς
1379 1929 1483 2006 οὐχ
1543 1930 1571 1985 6
1600 1927 1907 2008 ἀρχιερεὺς,
1938 1936 2031 1986 τοῦ
2081 1928 2218 1987 θείου

561 2016 937 2094 θυσιαστηρίου
980 2012 1296 2097 ἔμπροσθεν,
1327 2015 1620 2095 ἱερολογῶν
1651 2017 1750 2086 τήν
1798 2019 1991 2098 εὐχήν
2026 2016 2218 2087 ἕστηκε

565 2100 621 2158 6‘s
677 2105 705 2159 6
760 2101 1080 2179 τελούμενος
1138 2104 1309 2161 ὀπίσω
1365 2106 1458 2162 τοῦ
1511 2105 1717 2183 ἱερέως,
1752 2107 1890 2181 μήτε
1932 2108 2069 2163 κατὰ
2127 2108 2219 2164 τὸν

568 2190 708 2270 ἱερέα
761 2190 922 2272 ἄμφω
949 2192 1027 2248 τὼ
1058 2190 1183 2249 πόδε
1226 2192 1441 2274 κλίνων,
1486 2194 1625 2269 μήτε
1671 2196 1809 2251 κατὰ
1854 2196 1944 2251 τὸν
1977 2193 2221 2252 διάκονον

565 2281 782 2360 θάτερον
843 2287 950 2336 τῶν
1008 2279 1207 2361 ποδῶν,
1264 2283 1402 2357 μήτε
1464 2284 1572 2359 μὴν
1629 2306 1766 2341 κατα
1820 2285 1912 2340 τὸν
1970 2284 2224 2365 ἀρχιερέα

567 2371 654 2427 ἐπὶ
711 2369 950 2451 κεφαλῆς
1010 2371 1154 2452 ἔχων
1212 2373 1274 2428 τὸ
1315 2376 1463 2430 θεῖον
1525 2375 1614 2431 καὶ
1669 2376 1808 2453 ἱερὸν
1873 2375 2217 2453 Εὖαγγέλιον*

564 2462 728 2537 μόνον
772 2459 827 2516 δὲ
884 2460 1112 2528 πλησίον
1175 2468 1271 2543 τού
1325 2461 1509 2541 ἱερέως
1558 2462 1776 2519 ἵσταται
1826 2462 2217 2543 ἱερολογοῠντος

562 2551 663 2618 τὴν
707 2549 793 2606 ἐπ’
826 2552 969 2624 αὒτῷ
1019 2551 1213 2630 εὐχήν,
1252 2542 1309 2608 Ὀ
1368 2551 1548 2627 μέντοι
1581 2573 1642 2629 γε
1684 2554 1849 2632 ἱερεὺς
1878 2542 1989 2620 τὴν
2018 2542 2021 2543 ν
2049 2554 2220 2634 εὐχὴν

2867 1829 2945 1891 ΙΙ.
2992 1826 3380 1908 Mysterium.

2382 1926 2697 2000 Sacerdos,
2725 1945 2842 1989 non
2878 1925 3215 2008 episcopus,
3249 1936 3361 1987 stat
3389 1932 3529 1988 ante
3559 1924 3825 1988 divinum
3856 1923 3946 1986 al-

2304 2025 2427 2080 tare
2439 2017 2752 2081 celebrans
2766 2018 3130 2094 orationem;
3164 2016 3213 2079 is
3230 2024 3425 2079 autem
3441 2016 3541 2097 qui
3567 2024 3949 2079 consecratur

2302 2115 2416 2170 stat
2446 2116 2577 2189 post
2606 2106 3001 2183 sacerdotem,
3035 2125 3146 2169 nec
3179 2114 3495 2188 utrumque
3523 2115 3591 2168 ut
3642 2104 3945 2186 sacerdos,

2310 2216 2506 2279 neque
2534 2197 2814 2278 alterum,
2850 2206 2912 2259 ut
2932 2196 3219 2259 diaconus
3246 2216 3402 2276 genu
3434 2198 3636 2276 ﬂectit,
3665 2214 3855 2275 neque
3887 2202 3951 2256 ut

2306 2288 2624 2369 episcopus
2653 2287 2917 2349 divinum
2950 2306 3019 2349 ao
3066 2295 3339 2350 sanctum
3374 2285 3740 2364 evangelium
3771 2300 3952 2365 supra

2303 2386 2478 2450 caput
2501 2377 2796 2443 habel,sed
2826 2381 3047 2435 tantum
3079 2385 3227 2434 astat
3256 2376 3534 2434 sacerdoti
3566 2390 3735 2447 supra
3767 2375 3953 2445 ipsum

2304 2468 2608 2548 mysticam
2634 2467 3063 2529 invocationem
3085 2466 3386 2529 recitanti.
3450 2468 3530 2527 Ea
3576 2484 3713 2527 vero
3765 2464 3953 2539 (inita,

2303 2556 2568 2614 sacerdos
2599 2556 2669 2614 ad
2701 2571 2831 2614 eum
2863 2556 3144 2614 accedens
3161 2564 3325 2628 rogat
3357 2558 3546 2626 ipsum
3576 2557 3849 2626 primum,
3882 2568 3954 2612 an

567 2639 812 2716 τελέσας,
847 2638 933 2696 ἐπὶ
975 2647 1162 2697 τοῦτον
1218 2640 1407 2721 ἐλθὼν,
1456 2647 1666 2721 πρῶτον
1722 2650 1821 2718 μὲν
1879 2642 2118 2722 ἐπερωτᾷ
2178 2646 2223 2700 εἱ
2306 2666 2339 2709 ο

2181 2646 2223 2700 εἱ
2306 2647 2581 2710 omnibus
2610 2646 2793 2709 rebus
2843 2646 3100 2708 dividuis
3146 2654 3205 2708 et
3232 2646 3388 2708 vitiis
3420 2645 3595 2707 variis
3626 2643 3954 2717 renuntiet,

567 2729 931 2786 ἀποτάσσεται
1021 2729 1216 2793 πάσαις
1293 2730 1390 2805 μὲν
1446 2728 1747 2804 διαιρετατς
1817 2733 1905 2788 καὶ
1958 2732 2225 2798 ποικίλαις
2307 2756 2340 2798 εη

2181 2756 2225 2798 ις
2307 2737 2540 2799 scilicet
2568 2737 2947 2812 mercaturis,
2980 2736 3258 2816 negotiis,
3292 2734 3721 2810 contractibus,
3758 2743 3817 2796 et
3868 2734 3954 2795 si-

570 2825 766 2891 ζωαῖς,
1011 2816 1315 2898 ἐμπορίαις,
1347 2821 1759 2897 πραγματείαις,
1792 2819 2221 2901 συναλλάγμασι,
2310 2846 2343 2888 ῃ

2185 2845 2221 2901 ι,
2310 2826 2575 2909 milibus;
2611 2828 2748 2890 item
2782 2826 3064 2889 omnibus
3095 2826 3417 2908 phantasiis
3448 2843 3552 2889 seu
3584 2823 3958 2903 imaginatio-

569 2909 660 2965 καὶ
716 2920 838 2971 τοῖς
900 2906 1104 2974 ἄλλοις*
1153 2909 1348 2974 πάσαις
1405 2906 1458 2964 δὲ
1516 2912 1850 2991 φαντασίαις,
1897 2910 2034 2968 ὥστε
2091 2910 2227 2986 μηδὲ
2311 2936 2342 2979 ῃ

2179 2910 2227 2972 δὲ
2311 2917 2487 2980 nibus
2500 2906 2701 2979 rerum
2715 2917 3025 2998 similium,
3050 2906 3202 2978 utne
3221 2916 3298 2978 de
3315 2915 3390 2977 iis
3405 2914 3647 2997 quidem
3670 2913 3952 2994 cogitare,

568 2997 920 3076 φαντάζεσθαι
980 3006 1168 3072 ταῦτα,
1202 2995 1323 3055 ἀλλ’
1382 3000 1456 3062 ὡς
1489 3001 1674 3074 νεκρὸν
1732 3000 1911 3075 μένειν
1938 3004 2028 3059 καὶ
2081 3001 2230 3058 άνεν·
2311 3026 2338 3068 s

2178 3025 2230 3057 ν·
2311 3006 2417 3068 sed
2450 3014 2726 3088 tanquam
2750 2995 3047 3083 mortuus,
3073 3004 3146 3068 ab
3172 3006 3244 3067 iis
3264 2995 3545 3067 omnibus
3567 3001 3951 3084 penitusabs-

569 3089 797 3168 έργητον
856 3089 941 3146 ἐπὶ
983 3090 1190 3153 τούτοις
1268 3089 1465 3147 ἅπασιν
1528 3091 1771 3149 ’Ἔπειτα
1844 3091 2075 3151 διδάσκει
2127 3096 2228 3162 τὴν
2313 3106 2342 3159 t‘

2183 3118 2228 3162 ιν
2313 3096 2507 3159 tinere
2536 3096 2696 3160 velit.
2756 3095 2987 3158 Deinde
3018 3096 3194 3158 docet
3224 3096 3531 3157 monastici
3565 3091 3823 3156 instituti
3853 3111 3956 3155 ac-

567 3183 667 3247 τῆς
738 3184 1045 3259 μοναχικῆς
1090 3178 1363 3243 πολιτείας
1435 3178 1739 3262 ἀκρίϐειαν,
1802 3183 2340 3264 μαρτυρόμενος,0(;

2185 3183 2286 3264 :,C
2311 3188 2703 3268 curationem,
2736 3193 3082 3249 contestans
3113 3186 3281 3247 illum
3325 3184 3549 3247 debere
3582 3182 3837 3245 mediam
3868 3183 3958 3244 vi-

569 3268 651 3325 ὃτι
684 3269 797 3348 χρή
828 3276 1013 3325 τοῦτον
1044 3269 1522 3347 ὑτ.ερανεστηκέναι
1567 3271 1701 3327 κατὰ
1732 3269 1865 3327 πολὺ
1923 3277 2021 3339 τῆς
2057 3272 2226 3348 μέσης

569 3363 677 3414 τῶν
733 3356 940 3414 λαϊκιῦν
999 3356 1224 3423 τάξεως.
1283 3368 1458 3418 Ταῦτα
1514 3358 1567 3416 δὲ
1596 3361 1795 3417 ἐκείνου
1846 3360 2226 3439 ὁμολογήσαν-

569 3469 660 3511 τος
721 3454 1033 3527 προσεχῶς,
1085 3450 1221 3505 κατὰ
1276 3450 1338 3505 τὸ
1381 3448 1937 3529 ἆπολυπραγμύνητον
1996 3454 2103 3525 ναὶ,
2150 3458 2227 3525 τῷ

573 3535 908 3615 σταυροειδεῖ
966 3540 1114 3611 τύπῳ
1179 3540 1634 3619 σφραγισάμενος,
1690 3540 1960 3618 ἀποκείρει
2032 3542 2106 3605 εἰς
2164 3543 2225 3597 τὸ

572 3625 742 3703 ὄνομα
773 3627 866 3683 τοῦ
913 3630 1119 3707 Πατρὸς
1149 3628 1238 3684 καὶ
1293 3634 1385 3684 τοῦ
1415 3629 1560 3703 Υίοῦ,
1593 3631 1681 3686 καὶ
1738 3638 1830 3687 τοῦ
1872 3632 2023 3708 ἁγίου
2055 3631 2223 3687 Πνεύ-

572 3733 765 3792 ματος’
846 3718 937 3774 καὶ
989 3716 1338 3796 ἀπαμφιάσας
1397 3717 1496 3785 τὴν
1552 3719 1754 3786 ἐσθῆτα
1810 3719 2064 3796 μέλαιναν
2111 3721 2222 3796 άμ-

573 3806 833 3888 φιέννυσι,
905 3807 993 3864 καὶ
1047 3807 1184 3882 μετὰ
1240 3813 1344 3864 τῶν
1400 3806 1579 3867 ἄλλων
1631 3810 1787 3890 ἱερῶν
1854 3807 2054 3890 ἂνδρῶν
2108 3810 2223 3868 ὅσοι

571 3896 814 3976 πάρεισιν
866 3896 1272 3975 ἀσπασάμενος,
1326 3902 1425 3966 τῆς
1479 3899 1623 3964 θείας
1672 3912 1910 3958 ποιεῖται
1967 3902 2223 3959 κοινωνὸν

568 3984 961 4063 μεταλήψεως,

1223 4087 1315 4142 IIl.
1364 4078 1591 4158 Θεωρία.

655 4174 685 4255 §
733 4174 780 4241 Ῐ.
816 4174 1137 4257 Ἐπειδήπερ
1202 4177 1232 4245 ἦ
1276 4185 1381 4237 τῶν
1441 4176 1617 4254 ποδῷν
1658 4176 1830 4244 κλίσις
1859 4180 1956 4250 τὴν
2006 4182 2227 4240 ὅποκει-

569 4266 741 4342 μένην
797 4264 988 4334 ἐδήλου
1019 4269 1403 4347 προσαγωγὴν,
1439 4267 1553 4325 εἴτε
1596 4267 1680 4326 διὰ
1710 4276 1841 4345 μιᾶς
1873 4273 1972 4338 τῆς
2029 4273 2229 4351 καθάρ-

569 4377 735 4429 σεως,
770 4356 886 4413 εἴτε
946 4355 1033 4413 διὰ
1088 4355 1235 4414 δυοῖν
1297 4358 1463 4426 αοότῆς
1518 4379 1576 4415 τε
1632 4360 1721 4416 καὶ
1777 4367 1870 4427 τοῦ
1929 4370 2227 4439 φωτισμοῦ*

573 4444 764 4515 ἐδήλου
827 4444 904 4525 δὲ,
940 4445 1021 4503 ὅτι
1068 4453 1183 4521 Θεῷ
1239 4449 1577 4524 ὑποκείμενοι
1633 4450 1680 4505 οἱ
1735 4450 2034 4531 τελοῦντες,
2090 4456 2233 4529 αὐτῷ

572 4532 641 4602 δὴ
702 4536 779 4609 τῷ
831 4533 1138 4616 τελετάρχῇ
1193 4544 1310 4613 Θεῷ
1367 4539 1691 4617 προσάγουσι
1735 4541 1827 4595 τὸν
1892 4538 2228 4616 τελούμενον.

579 4623 864 4705 Ἐνταῦθα,
927 4624 1040 4682 ἐπεὶ
1115 4626 1193 4701 μὴ
1263 4628 1407 4705 παρὰ
1476 4650 1620 4696 τινος
1696 4630 2041 4707 προσάγεται,
2100 4630 2235 4690 ἀλλὰ

575 4711 703 4793 παρ’
757 4714 946 4774 ἑαυτοῦ
1012 4716 1119 4771 απὸ
1167 4721 1266 4784 τῆς
1324 4716 1496 4792 μέσης
1554 4719 1695 4789 ζωῆς
1771 4721 1844 4781 εἰς
1910 4718 2239 4801 δψηλοτέραν

571 4804 723 4871 ζωὴν
783 4805 870 4861 καὶ
898 4806 1174 4880 κρείττονα
1228 4808 1318 4864 καὶ
1346 4807 1454 4864 ἀπὸ
1511 4810 1653 4886 ἱερᾶς
1700 4810 1773 4872 εἷς
1815 4809 1977 4886 ἱερὰν,
2013 4812 2184 4878 καθὼς
2214 4812 2241 4866 6

575 4893 762 4972 Πατὴρ
820 4893 1122 4974 σαφηνίξει,
1157 4894 1425 4975 οὐδέτερον
1474 4896 1642 4955 κλίνει
1695 4900 1812 4956 τοῖν
1846 4897 2033 4957 ποδοῖν
2066 4903 2095 4957 6
2142 4924 2239 4960 τε·

573 4979 863 5063 λούμενος,
902 4982 1124 5041 ’ίσταται
1181 4986 1278 5065 γὰρ
1338 4987 1393 5044 ἐν
1437 4987 1549 5066 ἱερὰ
1606 4988 1694 5044 καὶ
1750 4986 2014 5067 μοναδικῇ
2069 4990 2235 5057 τάξει.

579 5072 675 5128 Καὶ
726 5071 821 5152 ὅρα
866 5074 953 5130 καὶ
1011 5071 1188 5139 ἄλλως
1250 5078 1470 5155 ὁρισμὸν
1533 5075 1825 5153 μοναδικῆς
1882 5079 2105 5156 τάξεως,
2153 5074 2240 5138 καὶ

649 5161 766 5253 ἐστι
816 5165 1205 5253 τομοναχικὸν
1255 5168 1387 5247 πρὸς
1417 5168 1478 5225 τὸ
1537 5165 1854 5240 μοναδικόν.
1888 5170 2081 5250 Πρώην
2137 5172 2238 5253 γὰρ

573 5248 857 5340 ἐλέγομεν,
889 5251 996 5326 ὅτι,
1029 5253 1145 5311 ἐπεὶ
1188 5254 1295 5312 ἀπὸ
1352 5259 1458 5313 τῶν
1502 5253 1801 5340 διαιρετῶν,
1834 5248 2085 5328 δηλονότι

575 5339 842 5416 βιωτικῶν
897 5342 1172 5417 ἐμπαθῶν,
1232 5345 1452 5417 ἐνίζεται
1509 5346 1592 5409 εἵς
1623 5371 1743 5406 τινα
1788 5339 2093 5425 συμπτυξιν
2149 5354 2237 5407 καὶ

573 5428 782 5499 θεοειδῆ
825 5431 1054 5508 μονάδα,
1087 5432 1172 5490 διὰ
1203 5443 1357 5493 τοῦτο
1387 5438 1487 5503 τὴν
1530 5443 1622 5494 τοῦ
1655 5442 1902 5519 μοναχοῦ
1950 5441 2238 5517 ὀνομασίαν

578 5520 949 5612 ἐκληρώσατο*
1015 5530 1103 5580 νῦν
1161 5522 1217 5580 δὲ
1272 5528 1361 5584 καὶ
1419 5525 1595 5591 ἄλλως
1655 5526 1883 5607 λέγομεν
1942 5538 2120 5612 τοῦτο,
2155 5531 2235 5590 ὅτι

567 5603 783 5681 δηλαδὴ
840 5611 1003 5704 μόνος
1058 5615 1148 5672 καὶ
1206 5615 1297 5699 ἀφ’
1352 5616 1540 5677 ἑαυτοῦ
1596 5603 1945 5701 προσάγεται,
2003 5603 2117 5680 καὶ,
2142 5621 2236 5704 ἀφ’

573 5708 765 5768 ἑαυτοῦ
837 5700 1137 5782 μοναδικῶς
1197 5705 1413 5765 ἵσταται
1492 5707 1764 5785 ἑπομένως
1822 5715 1900 5785 τῷ
1973 5712 2108 5789 ἱερεῖ
2163 5700 2237 5782 ὧς

2310 3275 2488 3339 vendi
2519 3277 2809 3337 rationem
2840 3294 3150 3356 superare.
3214 3277 3358 3348 Quae
3388 3274 3491 3336 ubi
3521 3273 3720 3336 omnia
3763 3273 3813 3334 is
3854 3273 3959 3353 qui

2310 3365 2576 3427 initiatur
2597 3366 2983 3428 continenter
3014 3366 3314 3446 professus
3338 3371 3451 3444 est,
3485 3363 3764 3425 sacerdos
3790 3380 3956 3437 eum,

2309 3454 2478 3512 veluti
2498 3455 2616 3527 jam
2648 3472 2678 3512 a
2710 3456 3076 3527 negotiorum
3111 3452 3481 3511 multitudine
3501 3450 3768 3517 liberum,
3792 3451 3957 3522 signo

2307 3547 2502 3607 crucis
2522 3545 2880 3625 consignans
2905 3544 3188 3607 tondetin
3217 3543 3461 3605 nomine
3475 3541 3685 3621 Patris,
3712 3549 3770 3602 et
3798 3540 3954 3615 Filii,

2306 3634 2449 3696 259
2496 3646 2556 3698 et
2588 3633 2843 3717 Spiritus
2879 3636 3069 3696 sancti
3098 3653 3115 3715 ;
3150 3639 3208 3695 et
3240 3629 3520 3695 detractis
3567 3626 3957 3717 vestimentis,

2307 3729 2475 3807 nigra
2552 3715 2687 3788 eum
2753 3730 2917 3786 veste
2992 3723 3207 3803 induit,
3270 3730 3330 3784 et
3411 3738 3547 3783 cum
3604 3718 3736 3782 aliis
3817 3715 3959 3779 viris

2306 3816 2527 3881 sanctis
2584 3812 2919 3878 astantibus
2991 3812 3187 3894 ipsum
3256 3811 3544 3888 salutans,
3607 3808 3957 3892 participem

2307 3907 2449 3973 facit
2478 3906 2692 3971 divinae
2715 3903 3183 3969 communionis.

2818 4075 2920 4140 ΠΙ.
2972 4072 3440 4157 Contemplatio.

2390 4178 2419 4258 §
2447 4176 2491 4239 Ι.
2528 4174 3020 4257 Quandoquidem
3052 4173 3273 4254 pedum
3321 4171 3629 4234 inclinatio
3661 4168 3961 4235 subditam

2313 4266 2686 4349 signiﬁcabat
2716 4264 3165 4339 adductionem,
3197 4263 3322 4325 sive
3353 4281 3459 4345 per
3491 4261 3725 4325 unicam
3752 4260 3961 4338 espia-

2314 4361 2561 4433 tionem,
2597 4357 2725 4421 sive
2756 4374 2863 4437 per
2906 4355 3077 4429 duas,
3112 4371 3241 4415 eam
3275 4355 3459 4432 ipsam
3494 4359 3554 4414 et
3582 4349 3965 4414 illuminatio-

2315 4467 2479 4525 nem,
2510 4447 2799 4509 innuebat
2842 4463 2980 4506 vero
3014 4444 3174 4521 quod
3211 4446 3333 4506 Deo
3377 4441 3600 4504 subditi
3635 4440 3960 4517 initiantes,

2318 4538 2560 4619 ipsimet
2587 4534 2940 4597 initiationis
2965 4531 3223 4614 principi
3244 4531 3365 4594 Deo
3396 4529 3749 4593 initiandum
3783 4527 3966 4619 addu-

2319 4618 2526 4691 cerent
2583 4626 2689 4688 Hic
2715 4632 2938 4705 autem,
2967 4642 3103 4686 cum
3135 4642 3168 4684 a
3190 4627 3461 4705 nemime
3478 4621 3832 4694 adducatur,
3856 4618 3965 4681 sed

2324 4719 2452 4799 ipse
2483 4734 2589 4799 per
2630 4734 2694 4779 se
2725 4734 2758 4777 τι
2790 4715 2987 4777 media
3012 4712 3248 4775 vivendi
3276 4704 3509 4774 ratione
3537 4710 3611 4773 ad
3644 4707 3962 4772 sublimio-

2327 4827 2454 4870 rem
2485 4827 2553 4870 ac
2585 4808 3081 4889 praestantiorem,
3105 4811 3165 4867 et
3191 4822 3225 4866 a
3254 4822 3420 4866 sacro
3446 4810 3598 4864 statu
3624 4799 3696 4863 ad
3726 4817 3964 4861 sacrum

2323 4908 2539 4965 statum
2576 4904 2857 4970 transeat,
2886 4904 2950 4957 ut
2981 4894 3078 4957 hic
3111 4892 3285 4956 Pater
3314 4892 3603 4971 declarat,
3640 4890 3692 4952 is
3721 4890 3820 4971 qui
3852 4892 3962 4951 ini-

2322 4988 2501 5051 tiatur
2526 4995 2801 5050 neutrum
2830 5002 2985 5062 genu
3019 4983 3227 5058 ﬂectit,
3253 4980 3534 5063 quoniam
3557 4979 3618 5040 in
3649 4996 3816 5040 sacro
3861 4996 3965 5040 so-

2321 5078 2636 5159 litarioque
2678 5075 2892 5139 ordine
2922 5073 3213 5137 consistit.
3249 5069 3513 5135 Observa
3564 5070 3741 5133 etiam
3789 5067 3964 5130 aliam

2321 5167 2629 5231 monastici
2661 5164 2893 5228 ordinis
2926 5161 3361 5239 deﬁnitionem,
3390 5168 3449 5224 et
3469 5159 3608 5242 quid
3638 5160 3712 5222 sit
3736 5180 3970 5240 μοναχι-

2319 5283 2415 5317 κοι
2447 5257 2518 5319 ad
2540 5256 3047 5334 povaamdvAntea
3069 5252 3226 5314 enim
3260 5251 3630 5327 dicebamus,
3656 5247 3812 5331 quod
3832 5266 3966 5309 cum

2321 5350 2453 5430 quis
2483 5368 2517 5410 a
2547 5345 2784 5421 divinis,
2810 5344 3037 5406 scilicet
3067 5342 3458 5406 saecularibus
3508 5337 3969 5423 perturbationi~

2322 5439 2458 5515 bus,
2489 5438 2560 5501 ad
2589 5436 3009 5501 collectionem
3032 5434 3350 5514 quamdam
3383 5442 3443 5495 et
3463 5431 3816 5493 deiformem
3839 5430 3964 5488 unin

2324 5539 2503 5592 tatem
2524 5527 2926 5609 redigeretur,
2952 5542 3057 5605 per
3088 5524 3201 5586 hoc
3233 5541 3452 5588 nomen
3481 5517 3754 5609 monachi
3785 5516 3967 5578 sorti-

2319 5627 2480 5684 retur
2510 5637 2524 5681 :
2560 5606 2928 5682 nuncautem
2949 5614 3124 5676 aliam
3158 5606 3963 5695 quoquedamusrationem;

2324 5730 2392 5777 ex
2417 5730 2485 5776 eo
2511 5709 2673 5792 quod
2698 5707 2861 5773 solus
2882 5723 2988 5789 per
3008 5704 3393 5785 semetipsum
3417 5699 3968 5779 adducatur,etpcr
