4490 6164
640 350 756 423 547

1813 342 1870 419 S.
1922 346 2258 421 DlONYSII
2317 346 2833 419 AREOPAGIT/E

3898 343 4009 422 548

634 513 699 557 se
729 492 1027 571 μοναδικῷς
1062 508 1165 552 seu
1196 490 1478 553 solitaria
1510 491 1791 552 consistat
1822 498 1954 571 post
1999 487 2279 552 sacerdo-
2306 498 2343 546 Α
2367 490 2407 545 ὀτ

2319 489 2561 556 Κόπαδὸς
2610 491 2694 548 ἐπὶ
2725 493 2822 561 τὴν
2875 499 2981 549 τῶν
3010 493 3165 571 ἱερῶν
3217 492 3527 569 ἐπιστήμην
3582 494 3830 559 εῦπειθῶς
3874 495 4004 572 ἀγό-
4082 536 4092 543 -

634 594 760 645 tum
792 592 1067 663 tanquam
1118 580 1347 641 assecla
1379 581 1476 661 qui
1507 580 1578 640 ad
1630 597 1931 642 sacrorum
1969 577 2279 640 scientiam

632 674 940 734 humiliter
967 670 1211 752 aspirat.
1247 670 1421 733 Unde
1450 673 1510 727 τὸ
1561 674 1858 751 μοναχικὸν
1893 670 2109 731 dicitur
2141 686 2283 748 pro-

631 764 758 843 prie
789 763 864 824 de
883 762 1119 841 ordine,
1150 760 1429 836 μοναδειὸν
1453 779 1594 821 vero
1626 761 1702 822 de
1733 768 1905 821 statu.
1942 758 2284 821 Monadicus

632 852 938 914 nimirum.
963 870 1067 913 seu
1100 850 1402 912 solitarius
1448 858 1629 910 status
1661 850 1901 929 dicitur,
1936 848 2079 924 quia
2122 846 2284 908 solus

627 941 958 1003 secundum
977 958 1150 1002 mona
1175 942 1289 1001 lem
1306 940 1596 1001 consistit.
1624 939 1998 1000 Monachicus
2019 955 2122 998 seu
2149 954 2280 996 mo-

627 1031 890 1093 nasticus
933 1029 1077 1091 ordo
1109 1029 1246 1108 quia
1290 1028 1647 1109 simpliciter
1674 1036 1732 1089 et
1779 1027 2183 1104 uniformitor,
2218 1035 2277 1085 et

631 1140 746 1182 non
778 1119 1115 1201 dupliciter,
1140 1121 1229 1179 vel
1261 1118 1602 1198 tripliciter,
1623 1117 1710 1179 vel
1741 1117 2149 1197 multipliciter
2177 1114 2274 1176 in-

557 1286 566 1297 .
627 1211 971 1272 stituiturac
1002 1209 1388 1287 gubernatur.
1412 1206 1536 1268 Hoc
1568 1208 1744 1269 etiam
1777 1207 1880 1268 illa
1916 1205 2278 1297 vestisatra

627 1320 758 1383 quae
788 1301 1256 1381 circumponitur
1300 1297 1596 1377 significat
1632 1318 1647 1367 ς
1706 1298 2001 1378 siquidem
2047 1295 2278 1357 colores

2362 600 2520 655 μενος
2566 581 2723 639 Ὅθεν
2752 584 2813 638 τὸ
2845 584 3140 662 μοναχικὸν
3192 583 3281 640 ἐπὶ
3308 588 3406 650 τῆς
3466 582 3661 648 τάξεως
3694 582 3901 661 λέγοιτο
3944 585 4004 640 ἃν

2364 670 2582 747 κυρίως,
2614 673 2675 726 τὸ
2733 668 2785 726 δὲ
2819 669 3103 746 μοναδικὸν
3160 673 3243 728 ἐπὶ
3274 678 3372 740 τῆς
3417 673 3679 735 στάσεως,
3740 673 4004 740 Μοναδικὴ

2366 761 2572 838 στάσις,
2634 760 2715 817 ὅτι
2778 760 2941 837 μόνος
2996 763 3133 818 κατά
3181 761 3383 835 μονάδα
3429 762 3671 819 ἵσταται·
3737 764 4005 843 μοναχικὴ

2366 846 2532 927 τάξις,
2568 847 2651 904 ὅτι
2682 856 2939 929 μοναχῶς
2972 850 3058 905 καὶ
3091 848 3355 929 ἑνοειδὼς,
3387 851 3473 906 καὶ
3519 850 3578 905 οῦ
3606 847 3803 928 διχῶς,
3835 850 3870 917 ἢ
3901 871 4006 928 τρι-

2366 942 2504 1015 χῶς,
2537 937 2572 1005 ἢ
2631 936 2925 1018 πολλαχῶς
2955 937 3312 998 πολιτεύεται.
3378 942 3543 997 Τοῦτο
3586 939 3685 1017 γὰρ
3714 937 3873 1004 δηλοῖ
3926 949 4007 1003 καὶ

2362 1029 2423 1083 τὸ
2454 1029 2871 1107 ἀμφιεννύμενον
2905 1029 3095 1106 μέλαν·
3145 1031 3210 1087 τὰ
3256 1031 3351 1105 μὲν
3383 1032 3481 1108 γὰρ
3536 1029 3670 1085 ἄλλα
3712 1037 3815 1086 τῶν
3871 1052 4008 1109 χρωο

2360 1117 2542 1191 μάτων
2599 1121 2673 1182 εἰς
2728 1118 2879 1197 ἕτερα
2956 1126 3374 1193 μεταπεσοῦνται
3432 1118 3619 1197 ῥᾳδίως
3687 1121 3773 1175 καὶ
3843 1121 4007 1175 πάντα

2361 1208 2433 1269 εἰς
2492 1210 2553 1263 τὸ
2604 1208 2796 1289 μέλαν,
2828 1212 2889 1265 τὸ
2914 1207 2967 1265 δὲ
3001 1208 3167 1285 μέλαν
3198 1214 3291 1268 οῦκ
3313 1209 3419 1265 ἔστι
3476 1207 3879 1284 μεταϐληθῆναι
3936 1210 4005 1270 εἰς

2360 1292 2537 1373 ἕτερον
2570 1304 2767 1378 χρῷμα
2812 1299 3057 1361 πώποτε.

3340 897 3355 930 ν

627 1391 727 1453 alii
771 1392 831 1452 in
880 1389 1027 1452 alios
1053 1388 1230 1451 facile
1284 1397 1608 1463 mutantur,
1645 1396 1702 1450 et
1732 1406 1941 1449 omnes
1984 1387 2042 1447 in
2077 1389 2334 1464 nigrum,
2369 1383 2473 1446 sed
2533 1387 2698 1465 niger
2740 1387 2905 1451 color
2950 1388 3010 1449 in
3042 1387 3222 1450 alium
3287 1406 3586 1470 nunquam
3622 1387 3840 1451 mutari
3898 1405 4001 1470 po-

627 1489 763 1548 test.

702 1572 731 1651 §
781 1568 851 1632 ΙΙ.
886 1568 1214 1632 Divisarum
1247 1576 1448 1631 autem
1503 1587 1572 1630 ac
1617 1568 1987 1629 smcularinm
2022 1565 2270 1627 vitarum

618 1669 795 1741 atque
813 1659 1059 1739 insuper
1082 1658 1572 1737 imaginationum
1591 1658 1952 1720 renuntiatio
1973 1655 2276 1737 perfectis-

619 1750 831 1811 simam
856 1749 1116 1810 declarat
1137 1748 1569 1827 philosophiam
1600 1770 1613 1811 :
1650 1750 1931 1829 quoniam
1963 1766 1995 1807 a
2020 1745 2274 1808 dividuis

614 1838 1143 1920 recedens,unicis
1170 1837 1289 1900 illis
1315 1839 1530 1902 Christi
1560 1838 1796 1902 Domini
1823 1836 2113 1899 mandatis
2134 1835 2269 1896 uni-

620 1931 851 1993 ticatur.
874 1928 1074 2009 Neque
1101 1929 1257 1989 enim
1294 1937 1382 1989 est
1404 1927 1583 1989 medii
1616 1927 1847 1988 ordinis
1878 1926 2267 2004 initiatorum,

616 2019 826 2077 scilicet
852 2019 1302 2075 illuminatorum
1329 2025 1383 2074 et
1419 2030 1715 2073 sacrorum
1742 2016 2055 2073 laicorum:
2092 2013 2268 2072 multa

617 2110 770 2166 enim
804 2107 1069 2164 monachi
1104 2107 1284 2163 facere
1316 2106 1715 2177 prohibentur,
1753 2120 1999 2178 quorum
2032 2103 2269 2162 facultas

616 2207 674 2261 et
707 2206 963 2280 potestas
989 2197 1158 2258 laicis
1203 2204 1308 2265 est.
1344 2204 1405 2257 ut
1435 2203 1591 2274 sunt,
1628 2196 2173 2276 nuptias,militiam
2209 2204 2268 2257 et

618 2287 977 2351 commercia
1018 2286 1422 2367 frequentare,
1457 2295 1513 2347 et
1557 2286 1801 2359 similia,
1834 2305 1967 2367 qua;
2012 2286 2069 2346 in
2115 2284 2265 2346 laico

616 2397 735 2440 non
786 2378 1160 2439 damnantur.
1194 2374 1307 2439 Ubi
1341 2385 1477 2437 nota
1523 2376 1747 2438 dictum
1791 2375 2094 2454 quoddam
2129 2375 2270 2436 260

618 2466 761 2529 utile
813 2474 1019 2529 contra
1078 2465 1516 2545 Lampetianos,
1566 2468 1690 2528 sive
1747 2464 2125 2539 Masolianos,
2168 2471 2271 2527 aut

615 2557 1049 2638 Adelphianos,
1085 2555 1199 2627 vel,
1234 2556 1395 2631 quod
1430 2554 1587 2643 idem
1626 2556 1799 2630 valet,
1836 2555 2267 2632 Marcianistas,

615 2647 715 2729 qui
751 2646 1073 2709 triennium
1107 2646 1296 2707 solum
1331 2644 1598 2705 tribuunt
1628 2645 1987 2727 competenti
2013 2644 2269 2705 sanctifi-

616 2737 859 2811 cationi,
895 2756 964 2799 ac
994 2743 1195 2815 postea
1218 2734 1567 2816 permissam
1600 2734 1940 2796 existimant
1971 2752 2102 2795 esse
2133 2752 2267 2794 om-

614 2845 753 2889 nem
802 2825 1126 2905 lasciviam,
1160 2844 1295 2886 cum
1344 2842 1524 2885 sensu
1556 2824 1770 2903 spoliat
1792 2823 2129 2885 istiusmodi
2176 2823 2266 2884 la-

612 2915 827 2978 borent
859 2922 1156 2995 passione.
1182 2913 1401 2976 Verum
1434 2914 1705 2977 monachi
1734 2932 1856 2994 prae
1885 2913 2114 2975 cateris
2150 2913 2261 2974 de-

610 3008 754 3070 bent
782 3009 850 3069 ad
878 3006 1307 3070 sacerdotalem
1341 3005 1570 3068 vivendi
1606 3007 1895 3065 rationem
1934 3004 2259 3093 etformari,

610 3097 830 3178 quippe
862 3098 960 3176 qui
996 3114 1115 3176 prae
1146 3095 1380 3156 caeteris
1431 3094 1680 3155 initiatis
1712 3112 1847 3156 cum
1899 3094 2009 3154 isto
2051 3094 2262 3155 ordine

614 3187 900 3266 majorem
936 3185 1189 3247 habeant
1233 3186 1597 3255 afﬁnitatem,
1635 3186 1717 3245 uti
1752 3201 1930 3265 supra
1975 3183 2257 3261 diximus,

2438 1568 2465 1641 §
2494 1574 2558 1624 II.
2597 1559 2657 1623 Ἠ
2689 1566 2742 1624 δὲ
2775 1568 3019 1647 ἀποταγῆ
3051 1576 3156 1625 τῶν
3196 1576 3459 1646 μεριστῶν
3490 1571 3577 1626 καὶ
3613 1570 3753 1626 κατά
3810 1568 4003 1637 κόσμον

2447 1661 2467 1669 -
2567 1655 2590 1675 ν
2680 1656 2721 1676 ας
2827 1658 2841 1677 ς
3089 1661 3134 1678 ,-
3275 1660 3287 1677 κ
3454 1657 3470 1670 ς
3921 1660 3931 1677 .

2358 1661 2528 1728 ζωων,
2569 1679 2642 1712 ετι
2675 1670 2729 1713 οε
2757 1680 2844 1713 και
2875 1681 3199 1738 φαντασιων,
3234 1681 3331 1725 την
3393 1660 3740 1726 τελειοτάτην
3773 1658 4002 1737 ἔμφαινει

2357 1743 2690 1825 φιλοσοφίαν·
2754 1747 3079 1805 ἑνοποιεϊται
3144 1750 3243 1826 γὰρ
3300 1763 3423 1809 ταῖς
3483 1749 3703 1810 ἐνιαίαις
3767 1745 4003 1811 ἒντολαῖς

2358 1844 2447 1892 τοῦ
2511 1837 2779 1893 Δεσπότου
2860 1844 3084 1915 Χριστοῦ
3140 1845 3245 1894 τῶν
3314 1844 3576 1918 μεριστῶν
3630 1838 4001 1917 ἀφιστάμενος.

2358 1922 2485 1979 Οὐδὲ
2546 1927 2646 2003 γὰρ
2703 1932 2802 1993 τῆς
2860 1928 3028 2002 μέσης
3065 1935 3172 2001 τῷν
3230 1926 3567 2003 τελουμένων
3623 1928 3734 1984 εστὶ
3791 1927 4001 1999 τάξεως,

2354 2010 2598 2079 δηλονότι
2651 2023 2756 2090 τῷν
2788 2018 3163 2097 φωτιζομένων
3218 2019 3304 2074 καὶ
3348 2018 3500 2095 ἱερῷν
3545 2019 3777 2092 λα’ίκῷνο
3837 2016 4003 2073 πολλὰ

2351 2105 2451 2181 γὰρ
2509 2104 2771 2162 κωλύεται
2829 2109 2856 2162 ὁ
2916 2110 3164 2185 μοναγὸς
3216 2121 3420 2187 ποιεῖν,
3455 2110 3528 2163 ὧν
3572 2110 3620 2163 οἱ
3679 2107 3862 2163 λα’ίκοὶ
3913 2108 4002 2173 τὴν

2349 2195 2638 2271 ἐπιτροπὴν
2697 2198 2786 2252 καί
2840 2197 2937 2263 τὴν
2995 2194 3232 2261 ἐξουσίαν
3305 2196 3524 2276 ἔχουσι·
3586 2198 3648 2253 τὸ
3694 2195 3750 2252 δὲ
3796 2199 3922 2253 εἰσιν
3976 2198 4001 2252 ὁ

2351 2284 2547 2360 γάμος,
2581 2286 2667 2340 καὶ
2725 2287 2787 2341 τὸ
2831 2307 3130 2364 στρατειαις
3159 2288 3249 2342 καὶ
3306 2287 3580 2365 ἐμπορίαις
3633 2286 3869 2366 ὁμιλεῖν,
3918 2286 4001 2346 καὶ

2352 2372 2572 2449 ἑτέροις,
2607 2374 2661 2430 ἐν
2691 2380 2777 2438 οἷς
2808 2378 2835 2432 ὁ
2866 2374 3057 2438 λα’ίκὸς
3116 2376 3173 2432 οὗ
3203 2377 3597 2454 κατακρίνεται.
3637 2379 3735 2435 Καὶ
3765 2376 3997 2451 σημείω-

2352 2484 2439 2519 σαι
2470 2465 2531 2519 τὸ
2580 2463 2762 2541 ῥητὸν,
2799 2465 2880 2521 ὅτι
2913 2467 3183 2544 χρήσιμον
3236 2467 3372 2521 κατά
3428 2472 3848 2542 Λαμπετιανῷν,
3884 2463 3997 2533 ἦτοι

2355 2553 2733 2629 Μασαλιανῷν,
2767 2555 2803 2621 ἦ
2850 2553 3231 2635 Ἀδελφιανῷν,
3264 2558 3455 2613 ταῦτὸν
3508 2557 3562 2612 δὲ
3621 2559 3794 2613 εἰπεῖν
3853 2562 3998 2633 Μαρ-

2352 2645 2660 2719 κιανιστῷν,
2723 2644 2922 2708 οἵτινες
2974 2647 3205 2722 τριετίαν
3277 2647 3448 2720 μόνην
3502 2650 3864 2725 νομοθετοῦσι,
3918 2648 4001 2701 καὶ

2350 2732 2479 2808 ὑπὲρ
2532 2735 2591 2789 τὸ
2645 2739 2918 2813 προσῆκον
2970 2736 3291 2814 ἁγνίζεσθαι,
3326 2737 3413 2791 καὶ
3467 2738 3603 2811 μετά
3632 2743 3799 2793 ταῦτα
3859 2736 3999 2814 ἐφει-

2352 2822 2517 2896 μένην
2574 2822 2758 2903 ἔχουσι
2785 2830 2958 2880 πᾶσαν
3001 2822 3305 2901 ἀσέλγειαν,
3347 2825 3679 2894 ἀναισθήτως
3730 2828 3998 2889 νοσοῦντες

2350 2913 2449 2977 τὴν
2505 2912 2816 2986 ἐμπάθειαν,
2868 2910 3017 2968 ’Λλλ’
3073 2914 3117 2969 οἱ
3177 2916 3407 2994 μοναχοὶ
3464 2916 3595 2991 πρὸς
3647 2928 3770 2978 τοῖς
3821 2912 3997 2978 ἀλλοις

2350 3001 2609 3080 ὀφείλουσι
2654 3005 2783 3079 πρὸς
2860 3003 2959 3070 τὴν
3018 3004 3288 3081 ἱερατικὴν
3338 3004 3773 3083 ἀπομορνροῦσται
3836 3005 3995 3074 ζωὴν,

2349 3092 2419 3155 ὡς
2480 3090 2684 3165 μᾶλλον
2719 3096 2847 3166 αὐτῇ
2904 3094 3287 3162 πλήσιάζοντες
3328 3094 3470 3167 παρά
3526 3094 3621 3155 τὰς
3653 3092 3847 3168 λοιμᾶς
3897 3100 3998 3167 τῷν

2348 3177 2684 3254 τελουμένων
2738 3180 2935 3255 τάξεις,
3002 3182 3175 3245 καθὼς
3254 3181 3507 3259 ἐλέγομεν
3565 3181 3883 3261 ἔμπροσθεν,
3943 3182 3998 3238 οἷ)

609 3294 986 3353 nequaquam
1045 3276 1197 3338 facta
1226 3274 1669 3355 comparatione
1727 3292 1859 3335 cum
1895 3271 2141 3335 initiatis
2195 3273 2382 3335 iisCu

2225 3273 2325 3335 isC
2350 3271 2480 3348 πρὸς
2524 3272 2619 3333 τὰς
2677 3269 2896 3336 τελετὰς
2948 3277 3055 3345 τῷν
3116 3270 3287 3349 ἄκρως
3345 3270 3700 3350 τελουμένων,
3760 3270 3998 3339 δηλονότι

608 3366 710 3446 qui
733 3385 1013 3445 suprema
1031 3365 1480 3427 consecratione
1503 3364 1716 3426 initiati
1738 3372 1896 3436 sunt,
1926 3362 1985 3424 id
2013 3372 2103 3425 est
2127 3382 2268 3442 per-
2352 3382 2381 3415 τ

2225 3383 2268 3409 ι-
2352 3360 2458 3433 τῷν
2516 3358 2904 3433 τελειουμένων
2934 3362 3031 3436 τῇς
3082 3361 3402 3439 συγκρίσεως
3450 3360 3760 3439 γινομένης·
3798 3360 3856 3417 οῦ
3903 3362 3998 3440 γὰρ

607 3454 780 3518 fectis
812 3456 1076 3536 (perfecti
1112 3455 1271 3517 enim
1306 3463 1446 3517 sunt
1474 3455 1570 3534 qui
1607 3472 1713 3535 per
1743 3453 2127 3535 baptismum,
2164 3454 2265 3535 qui
2353 3470 2376 3504 ε

2223 3454 2265 3515 ιί
2353 3449 2478 3506 εἷπε
2535 3456 2641 3524 τῷν
2697 3449 3082 3525 τελειουμένων
3150 3449 3529 3527 (τελειοῦμενοι
3606 3452 3702 3530 γάρ
3763 3453 3892 3508 εἰσιν
3953 3453 3996 3507 οἱ

611 3564 722 3625 per
743 3546 1215 3625 unctionem,qui
1250 3563 1355 3625 per
1378 3545 1889 3623 communionem,
1914 3543 2015 3623 qui
2046 3562 2152 3623 per
2173 3562 2268 3605 or-
2352 3536 2380 3593 δ

2223 3563 2268 3605 [ι-
2352 3536 2436 3595 διὰ
2462 3548 2552 3596 τοῦ
2601 3540 2992 3617 βαπτίσματος,
3026 3542 3071 3595 οἱ
3129 3538 3213 3596 διὰ
3245 3540 3342 3607 τῆς
3402 3541 3655 3621 χρίσεως,
3692 3545 3741 3599 οἱ
3770 3541 3853 3597 διὰ
3902 3547 3996 3608 τῆς

612 3636 975 3696 dinationem
1007 3643 1143 3695 sunt
1165 3634 1587 3709 consummati)
1613 3634 1719 3695 sed
1755 3653 1886 3695 cum
1910 3633 1986 3694 iis
2013 3633 2115 3713 qui
2145 3633 2262 3695 ini-
2351 3651 2385 3704 μ

2219 3633 2262 3695 ί-
2351 3629 2724 3704 μέταλήψεως,
2764 3632 2811 3686 bi
2840 3628 2924 3685 διὰ
2982 3629 3081 3697 τῆς
3127 3631 3505 3709 χειροτονίας),
3536 3629 3672 3687 ἀλλὰ
3733 3630 3992 3707 τελουμέ-

611 3724 910 3789 tiantur.id
925 3723 1129 3803 estqui
1151 3721 2256 3802 eXpiantiir,d-ocentur,illuminantur.

609 3812 900 3884 Quoniam
953 3812 1145 3873 omnis
1175 3812 1415 3894 quidem
1471 3812 1572 3892 qui
1616 3812 1918 3893 perﬁcitur
1968 3810 2256 3890 initiatur,

607 3920 729 3965 non
759 3901 956 3964 omnis
976 3913 1172 3963 autem
1208 3900 1311 3981 qui
1339 3900 1610 3962 initiatur
1636 3901 1808 3963 etiam
1844 3899 2175 3981 perficitur.

687 3991 845 4073 §lII.
883 3990 1130 4071 Signum
1184 4009 1324 4052 vero
1357 3992 1556 4070 figurae
1588 3992 1782 4052 crucis
1820 3990 2092 4070 designat
2122 4010 2256 4053 ces-

606 4083 897 4146 sationem
921 4081 1242 4144 carnalium
1271 4081 1705 4143 desideriorum
1736 4102 1752 4158 ;
1788 4088 2059 4163 tonsura,
2080 4080 2255 4143 vitam

607 4191 818 4255 puram
850 4181 910 4235 et
941 4171 1188 4234 minime
1220 4171 1470 4233 fucatam
1504 4191 1517 4233 :
1552 4191 1581 4231 a
1607 4171 2068 4253 supervacaneis
2094 4170 2255 4233 enim

606 4263 899 4345 eripiatur,
929 4262 1010 4325 ita
1039 4270 1102 4324 ut
1132 4279 1250 4323 non
1294 4260 1471 4323 liceat
1499 4261 1821 4323 ascititium
1855 4279 2043 4323 comae
2072 4278 2254 4322 orna-

604 4363 874 4416 mentum
917 4370 1251 4433 assumere,
1283 4351 1390 4412 sed
1423 4358 1790 4413 venustatem
1838 4350 2093 4413 maxime
2124 4350 2256 4412 dei-

601 4442 880 4525 formem,
915 4443 1234 4505 mentalem
1264 4441 1497 4504 scilicet
1528 4449 1584 4503 et
1614 4440 1865 4503 unitam.

684 4534 714 4614 §
745 4535 839 4598 IV.
874 4534 1081 4594 Vestes
1101 4532 1407 4594 insinuant
1430 4531 1661 4593 vivendi
1682 4532 1966 4595 rationes:
1993 4529 2092 4592 illa
2118 4532 2256 4611 qui—

2346 3741 2470 3794 νων,
2526 3717 2729 3803 δηλαδή
2815 3720 3233 3799 καθαιρομένων,
3292 3718 3706 3796 διδασκομένων,
3776 3729 3992 3803 φοτιζοο

2344 3809 2543 3884 μένων.
2601 3793 2763 3865 Ὥστε
2793 3816 2897 3872 πᾶς
2949 3808 3313 3881 τελειούμενος
3344 3811 3432 3867 καὶ
3484 3810 3747 3892 τελεῖται,
3779 3816 3838 3871 οῦ
3888 3811 3993 3888 μὴν

2343 3895 2397 3953 δὲ
2442 3903 2546 3960 πᾶς
2591 3896 2902 3974 τελούμενος
2939 3897 3247 3961 τελειοῦται,

2421 3984 2450 4065 §
2503 3987 2601 4049 ΙΙΙ.
2639 3979 2699 4043 Ἡ
2760 3986 3097 4065 σταυροειδὴς
3127 3986 3181 4044 δὲ
3234 3988 3396 4048 πάλιν
3439 3989 3683 4070 σφραγὶς,
3732 3988 3832 4057 τὴν
3861 3988 3988 4044 ἀνε-

2341 4078 2623 4154 νεργησίαν
2654 4073 2815 4143 δηλοῖ
2871 4084 2975 4152 τῷν
3009 4085 3272 4156 σαρκικῴν
3304 4077 3547 4157 ὀρέξεων·
3603 4092 3636 4146 ὴ
3668 4079 3985 4158 ἀπόκαρσις,

2340 4166 2570 4243 καθαρὰν
2647 4167 2734 4221 καὶ
2810 4164 3221 4245 ἀσχημάτιστον
3309 4169 3476 4238 ζωήν·
3539 4170 3838 4248 καθαίρεται
3892 4168 3989 4246 γὰρ

2338 4256 2441 4328 τῷν
2502 4253 2942 4333 περιττωμάτων,
2975 4256 3062 4311 καὶ
3094 4258 3188 4314 οῦκ
3219 4254 3329 4311 ἔστι
3385 4254 3469 4311 διὰ
3497 4262 3594 4323 τῆς
3628 4256 3805 4332 κόμης
3865 4256 3985 4313 ἔπι-

2334 4346 2543 4401 θετικὸν
2597 4343 2792 4407 κάλλος
2848 4342 3160 4422 λαμϐάνειν,
3197 4343 3331 4405 ἀλλὰ
3360 4344 3559 4411 κάλλος
3599 4345 3987 4404 θεοειδέστατιν

2337 4436 2473 4491 κατά
2497 4440 2618 4491 νοῦν
2647 4435 2733 4490 καὶ
2765 4435 2996 4496 ἐνιαῐον.

2422 4522 2451 4603 5
2507 4521 2611 4586 IV.
2650 4527 2711 4581 Αἱ
2759 4524 2977 4592 ἐσθῆτες
3008 4525 3105 4587 τὰς
3134 4526 3273 4596 ζωὰς
3331 4526 3772 4607 ὕπεμφαίνουσιν·
3804 4528 3839 4595 ἠ
3895 4525 3986 4602 μὲν

604 4611 733 4682 dem
765 4637 888 4695 quae
918 4621 1244 4693 deponitur,
1270 4622 1521 4691 priorem
1554 4621 1703 4678 illam
1735 4621 1962 4687 laicam,
1989 4619 2086 4676 illa
2120 4634 2255 4678 vero
2277 4614 2373 4689 Dii

2213 4614 2404 4689 ὀοῆν
2457 4611 2845 4688 ἀποϐάλλεται,
2878 4614 2976 4681 τὴν
3034 4615 3291 4695 προτέραν
3335 4616 3423 4673 καὶ
3473 4615 3699 4686 λα’ίκήν·
3760 4619 3796 4685 ἡ
3825 4614 3879 4671 δὲ
3923 4614 3986 4681 ἣν

603 4731 736 4796 quae
779 4711 1121 4786 assumitur,
1156 4710 1574 4792 perfectiorem
1607 4710 1759 4772 hanc
1803 4718 1861 4772 et
1890 4709 2199 4772 meliorem
2232 4728 2247 4773 :

602 4806 756 4867 sicut
784 4803 962 4867 etiam
985 4803 1046 4863 in
1081 4800 1377 4882 baptismo
1413 4801 1586 4861 vestis
1622 4800 1719 4862 illa
1749 4800 2107 4882 permutatio
2139 4799 2250 4862 de-

603 4894 868 4965 signabat
899 4893 1046 4965 ejus,
1068 4892 1165 4964 qui
1194 4905 1294 4963 per
1318 4889 1739 4947 institutionem
1770 4888 2247 4961 expiatusfuerat,

602 4985 778 5045 vitam
811 4983 883 5045 ad
910 4980 1353 5063 contemplandi
1379 4987 1439 5043 et
1469 4978 1846 5041 illuminandi
1880 4986 2095 5041 statum
2122 4987 2248 5041 tra-

601 5072 763 5136 duci.
801 5070 1139 5135 Omittenda
1171 5071 1268 5134 hic
1304 5071 1497 5152 prima
1541 5069 1644 5132 illa
1674 5069 2247 5133 catechumenorum

602 5160 953 5243 denudatio,
986 5160 1281 5240 siquidem
1314 5161 1414 5223 illa
1462 5160 1727 5223 sordium
1761 5166 2142 5222 externorum
2195 5167 2255 5223 et

603 5251 825 5316 erroris
848 5249 1289 5331 depositionem
1328 5250 1590 5333 exhibet,
1607 5249 1885 5332 quocirca
1902 5248 1963 5310 fit
1986 5248 2246 5326 eminus,

602 5352 659 5407 et
709 5350 875 5406 extra
906 5357 1142 5402 sacrum
1179 5339 1490 5419 templum.
1525 5343 1819 5404 Caeterum
1868 5357 2120 5418 agnosco
2151 5338 2249 5400 hic

598 5436 941 5499 societatem
974 5430 1136 5492 illam
1160 5447 1228 5491 ac
1254 5429 1510 5490 divinam
1543 5430 1797 5491 laetitiam
1831 5448 1937 5510 per
1966 5429 2237 5491 osculum

595 5543 703 5589 seu
738 5521 1073 5606 amplexum
1110 5518 1506 5598 designatam.

675 5706 703 5790 §
730 5703 803 5770 ν.
836 5701 960 5768 Sub
992 5702 1172 5767 finem
1203 5699 1459 5778 denique
1489 5699 1892 5765 communicat
1920 5700 1972 5761 is
2003 5700 2105 5778 qui
2135 5714 2229 5763 rec

2335 4704 2701 4785 ἀμφιέννυται,
2731 4703 2831 4771 τὴν
2891 4702 3219 4783 τελειοτέραν
3276 4706 3476 4773 ταύτην
3547 4708 3636 4763 καὶ
3691 4707 3982 4787 κρείττονα·

2334 4794 2568 4872 καθάπερ
2624 4796 2712 4850 καὶ
2770 4794 2855 4850 ἐπὶ
2883 4801 2976 4851 τοῦ
3032 4795 3401 4871 βαπτίσματος
3441 4796 3542 4863 τὴν
3600 4795 3708 4853 ἀπὸ
3752 4801 3847 4863 τῆς
3904 4792 3983 4849 καὶ

2332 4883 2648 4962 θαιρομένης
2706 4881 2939 4949 διὰτῆς
2998 4882 3338 4948 διδασκαλίας
3393 4891 3537 4956 ζωῆς
3589 4887 3662 4948 εἷς
3720 4889 3982 4963 θεωρητι-

2333 4974 2432 5043 κὴν
2490 4973 2578 5030 καὶ
2630 4973 2960 5053 φωτιστικὴν
3017 4972 3120 5039 ἕξιν
3179 4974 3466 5055 ἀναγωγὴν
3518 4977 3553 5044 ἡ
3611 4981 3713 5043 τῆς
3770 4974 3981 5042 ἐσθῆτος

2334 5062 2523 5134 ἐδήλου
2551 5062 2891 5139 ἀντάμειψις.
2939 5061 3158 5122 Ἐατέον
3190 5071 3276 5122 νῦν
3334 5066 3545 5133 ἇκεινην
3577 5067 3674 5133 τὴν
3721 5065 3980 5144 προτέραν

2332 5158 2437 5226 τῷν
2511 5150 2937 5232 κατηχουμένων
3020 5151 3379 5232 ἀπαμφίασιν·
3468 5153 3644 5222 ἐκείνη
3698 5154 3801 5234 γὰρ
3882 5152 3979 5220 τὴν

2331 5249 2438 5317 τῷν
2491 5241 2678 5308 ἔξωθεν
2736 5242 3096 5319 ῥυπασμάτων
3165 5244 3253 5300 καὶ
3309 5248 3410 5311 τῆς
3466 5242 3673 5311 πλάνης
3733 5244 3976 5300 ἀπόθεσιν

2333 5336 2583 5411 παριστᾷ,
2615 5332 2703 5388 καὶ
2745 5329 2829 5387 διὰ
2884 5338 3036 5388 τοῦτο
3080 5333 3167 5389 καὶ
3227 5331 3405 5412 πόῤῥω
3452 5355 3553 5393 που
3606 5334 3693 5391 καὶ
3733 5332 3834 5398 ἔξω
3888 5338 3977 5389 τοῦ

2330 5430 2472 5498 ἱεροῦ
2524 5433 2646 5481 ναοῦ
2677 5423 2900 5501 γίνεται.
2937 5424 3046 5491 Την
3107 5423 3378 5502 μέντοιγε
3432 5425 3708 5481 κοινωνίαν
3741 5424 3826 5479 καὶ
3880 5422 3973 5478 τὶν

2322 5513 2465 5569 θείαν
2543 5513 2865 5592 εὐφροσύνην
2935 5512 3019 5571 διὰ
3098 5519 3191 5570 τοῦ
3275 5512 3557 5590 ἀσπασμοῦ
3642 5511 3975 5589 δηλουμένην

2324 5602 2553 5678 μάνθανε
2564 5650 2578 5665 .

2401 5689 2539 5771 §V.
2587 5688 2705 5749 Ἐπὶ
2755 5688 2897 5749 τέλει
2928 5689 2983 5750 δε
3038 5693 3127 5752 καὶ
3156 5699 3261 5769 τῷν
3290 5693 3444 5774 ἱερῷν
3495 5691 3796 5773 μυστηρίων
3851 5686 3967 5747 xbi-
