4490 6164
515 324 633 397 549

998 320 1098 398 DE
1139 320 1440 400 ECCLES.
1505 320 1954 422 mammia,
1996 328 2161 404 CAP.
2210 332 2317 405 v1.
2349 369 2426 383 -
2470 322 2883 417 summa,
2929 321 3421 402 PACHYMERE

3759 317 3879 405 550'

515 483 673 528 νωδεϊ
704 473 732 527 ὁ
761 470 1024 537 τελεσθεὶς
1053 470 1182 552 ἤδη,
1241 471 1320 529 ὅτι
1352 475 1440 531 καὶ
1480 475 1611 554 ὑπὲρ
1643 475 1738 544 τὴν
1767 474 1937 551 μέσην
1996 473 2139 541 τάξον
2162 481 2197 531 Α
2223 488 2288 535 ce

2093 497 2139 529 ον
2162 481 2197 531 Α
2223 471 3056 553 censinitiatusest,quoniam
3087 472 3351 535 medium
3376 471 3543 536 illum
3569 472 3866 551 ordinem,

511 562 604 640 (ἦν
657 563 1015 643 θεωρητικὴν,
1073 564 1145 628 ὡς
1206 567 1429 640 θεωρεῖν
1485 571 1591 621 τῶν
1622 566 1799 646 θείων,
1863 567 2015 645 φησὶ,
2052 567 2151 633 τὴν

510 657 606 710 105
656 652 799 729 ἱεροῦ
853 651 982 709 λαοῦ
1043 650 1269 724 δηλαδή)
1332 658 1359 710 ὁ
1417 653 1659 718 τοιοῦτός
1721 655 1853 712 ἐστι’
1931 655 2152 735 μετέχει

512 741 613 819 γὰρ
646 743 734 797 καὶ
762 741 1009 820 γνώσεως
1067 744 1233 820 ἱερᾶς,
1288 744 1377 800 καὶ
1440 743 1557 801 καθ’
1589 743 1715 802 ὅσον
1758 744 1833 801 ἔνι
1878 747 2009 823 πρὸς
2055 745 2153 804 τὴν

518 832 790 910 ἱερατικὴν
849 832 1160 908 ἐπιστήμην
1220 834 1590 913 ἂφομοιοῦται,
1656 837 1748 892 Διὸ
1779 838 1865 893 καὶ
1894 836 1984 892 ἐπὶ
2038 841 2144 892 τῶν

511 922 798 1000 ἱερουργῶν
830 920 971 978 ἔστιν
1029 921 1185 997 ἰδεῖν,
1238 923 1319 980 ὅτι
1353 923 1470 999 μεθ’
1515 926 1543 980 ὃ
1588 923 1927 1004 πληρώσουσι
1978 931 2150 981 πᾶσαν

508 1013 608 1079 τὴν
652 1011 962 1069 ἀκολουθίαν
1010 1018 1114 1080 τῆς
1161 1014 1495 1095 ἁγιαστείας,
1529 1014 1582 1071 ἐν
1621 1014 1761 1072 τέλει
1790 1016 1895 1072 τῶν
1938 1037 2151 1091 μυστη-

510 1100 634 1179 ρίων
678 1108 1008 1158 κοινωνοῦσι’
1072 1104 1149 1177 μὴ
1199 1103 1385 1183 μόνον,
1440 1103 1521 1162 ὅτι
1561 1105 1739 1172 πάσης
1796 1108 1937 1185 ἱερᾶς
1993 1105 2153 1181 μεθέ-

510 1188 638 1255 ξεως
670 1192 704 1260 ἡ
765 1193 872 1247 τῶν
901 1191 1052 1247 θείων
1112 1193 1417 1272 μυστηρίων
1475 1193 1777 1270 μετάληψίς
1824 1193 1934 1250 ἐστι
1965 1196 2025 1250 τὸ
2055 1215 2151 1250 κε-

510 1277 756 1360 φάλαιον,
820 1278 942 1336 ἀλλ’
998 1280 1079 1337 ὅτι
1132 1283 1219 1338 καὶ
1293 1282 1460 1349 αὐτῆς
1531 1288 1630 1350 τῆς
1685 1289 2007 1351 κοινωνικῆς
2065 1285 2153 1339 καὶ

507 1369 785 1437 θειοτάτης
840 1367 1038 1449 δωρεᾶς
1092 1375 1141 1427 αἱ
1211 1373 1344 1449 ἱεραὶ
1415 1371 1704 1452 μετέχουσι
1765 1372 1960 1446 τάξεις,
2017 1372 2154 1430 κατὰ

510 1457 609 1525 τήν
640 1457 925 1538 ἀναλογίαν
978 1460 1073 1528 τῆς
1123 1460 1408 1540 ἀναγωγῆς
1441 1461 1637 1524 αὒτὼν,
1700 1461 1875 1543 ’Ἔχει
1907 1461 1961 1518 δὲ
1991 1473 2149 1522 τοῦτο

505 1545 759 1629 διαφορὰν
793 1550 922 1621 πρὸς
952 1549 1010 1605 τὸ
1065 1550 1343 1631 πρότερον,
1379 1549 1460 1607 ὅτι
1503 1552 1622 1609 ἐκεῖ
1651 1551 1820 1631 λέγει,
1856 1550 1939 1608 διὰ
1978 1554 2153 1609 τοότοὶ

505 1644 613 1694 τῶν
664 1640 966 1716 μυστηρίων
1024 1638 1551 1722 μεταλαμϐάνουσιν,
1612 1640 1693 1699 ὅτι
1741 1641 1894 1699 10516
1937 1641 2049 1698 ἐστι
2092 1642 2153 1698 τὰ

510 1726 801 1808 κεφάλαιον
832 1734 932 1797 τῆς
992 1728 1122 1796 ὅλης
1168 1730 1338 1788 αὐτῶν
1370 1734 1510 1810 ἱερᾶς
1569 1732 1831 1810 πράξεως,
1879 1734 1951 1796 ὡς
1983 1732 2151 1811 χωρὶς

508 1822 610 1884 τῆς
646 1816 1004 1894 μεταλήψεως
1036 1822 1225 1899 τυχὸν,
1264 1823 1341 1895 μὴ
1386 1823 1507 1879 οἷόν
1539 1843 1595 1877 τε
1631 1823 1774 1879 εἶναι
1807 1821 2150 1888 τελειωθῆναι

2236 561 2631 625 sacriscilicet
2666 562 2867 643 populi
2901 564 3106 643 (quem
3130 562 3344 624 divinis
3366 563 3667 642 mysteriis
3724 565 3877 645 aspi-

2236 651 2466 714 ciendis
2489 659 2868 714 contuentem
2894 670 3000 714 seu
3033 653 3533 733 contemplantem
3566 654 3838 735 vocat)ex
3858 686 3878 701 -

2236 742 2564 804 ceditznam
2601 751 2663 803 et
2692 759 2877 803 sacrae
2907 740 3272 821 cognitionis
3300 742 3593 822 particeps
3623 743 3872 823 exsistit,

2237 840 2297 893 et
2325 838 2614 913 quantum
2643 832 2727 893 fas
2761 843 2871 906 est,
2903 831 2976 893 ad
3000 830 3429 893 sacerdotalem
3451 832 3759 894 scientiam
3781 850 3881 895 ac-

2237 922 2416 983 cedit.
2443 921 2817 1000 Quapropter
2846 922 3113 983 videmus
3136 920 3315 982 etiam
3351 920 3410 981 in
3436 922 3622 983 sacris
3653 923 3877 983 ordini-

2237 1010 2371 1085 bus,
2405 1011 2514 1073 sub
2542 1011 2720 1072 finem
2750 1010 3102 1072 earumdem
3136 1009 3533 1071 sanctissimae
3565 1028 3880 1073 consecra-

2241 1099 2420 1162 tionis
2445 1098 2929 1161 communionem
2962 1114 3199 1180 quoque
3224 1099 3525 1179 tradi,non
3546 1098 3771 1162 idcirco
3787 1117 3881 1160 so-

2241 1188 2360 1249 lum
2394 1189 2550 1269 quod
2583 1187 2920 1251 divinorum
2980 1188 3285 1269 perceptio
3346 1188 3759 1267 mysteriorum
3807 1189 3883 1250 sit

2235 1297 2469 1341 summa
2497 1278 2766 1358 quaedam
2799 1278 3117 1358 cujuslibet
3142 1275 3529 1340 hierarchicae
3556 1277 3876 1358 participa-

2236 1368 2434 1443 tionis,
2470 1385 2678 1430 verum
2713 1374 2888 1430 etiam
2923 1376 2987 1428 ut
3041 1367 3174 1427 261
3217 1364 3371 1428 sacri
3400 1366 3644 1428 ordines
3693 1367 3880 1446 ipsius

2234 1457 2394 1535 quod
2415 1457 2890 1519 communicatur
2914 1456 3276 1519 divinissimi
3299 1455 3564 1518 muneris
3582 1473 3688 1537 pro
3702 1465 3878 1537 captu

2236 1565 2341 1609 suo
2375 1547 2697 1629 participes
2741 1549 3048 1627 exsistant,
3080 1546 3151 1607 ad
3190 1546 3282 1609 sui
3309 1546 3381 1607 ad
3427 1564 3643 1626 supera
3676 1550 3878 1607 tradu-

2234 1638 2517 1701 ctionem.
2566 1639 2630 1698 In
2663 1637 2776 1699 hoc
2804 1646 3002 1699 autem
3036 1637 3302 1699 differta
3339 1636 3545 1716 priori,
3581 1636 3740 1717 quod
3778 1636 3873 1697 id-

2235 1728 2392 1789 circo
2424 1728 2579 1789 dicat
2607 1745 2711 1789 eos
2740 1733 2925 1788 sacris
2948 1728 3040 1788 his
3072 1726 3364 1807 mysteriis
3394 1727 3874 1806 communicare,

2237 1836 2307 1879 eo
2328 1817 2485 1898 quod
2517 1818 2642 1879 haec
2671 1834 2904 1879 summa
2924 1817 3045 1877 sint
3074 1817 3373 1879 universae
3403 1816 3668 1897 ipsorum
3694 1832 3877 1877 sacras

507 1907 610 1975 τὴν
633 1909 778 1986 ἱερὰν
809 1909 980 1965 αὒτῶν
1016 1910 1249 1987 πρᾶξινο-
1287 1913 1506 1970 ἐνταῦθα
1536 1911 1587 1967 δὲ
1632 1911 1800 1992 λέγει,
1867 1910 1949 1967 διὰ
2000 1919 2153 1968 τοῦτο
2177 1905 2280 1968 υἷι

2101 1933 2153 1968 το
2177 1905 2215 1920 ν
2236 1906 2672 1987 functionis,ita
2715 1915 2779 1968 ut
2799 1907 2930 1969 sine
2951 1924 3119 1969 sacra
3144 1905 3255 1968 ista
3286 1905 3714 1967 communione
3735 1905 3874 1966 illo-

505 2001 608 2064 τὴν
634 1998 915 2055 κοινωνίαν
944 2000 1200 2077 γίνεσθαι,
1235 2002 1311 2063 ὡς
1370 1999 1569 2079 δωρεὰν
1600 2000 1807 2069 δηλαδὴ
1864 2001 1956 2058 105
2014 2003 2156 2080 ἱεροῦ

504 2091 681 2145 αὐτῶν
736 2088 904 2144 κόπου
960 2090 1048 2146 καὶ
1097 2092 1196 2156 τῆς
1262 2091 1400 2157 θείας
1456 2095 1767 2171 ὑπηρεσίας.
1820 2094 1964 2150 Κατὰ
1993 2099 2156 2149 ταῦτα

504 2183 642 2255 γοῦν
697 2190 948 2234 κοινωνεῖ
1004 2180 1148 2236 καὶὸ
1180 2179 1446 2243 τελεσθεὶς
1502 2184 1748 2263 μοναχὸς
1780 2182 1887 2239 τῶν
1944 2203 2155 2257 μυστη-

506 2268 659 2344 ρίων,
697 2266 733 2332 ’ὴ
762 2269 1225 2346 συγκεφαλαίωσιν
1260 2269 1407 2350 ἔχων
1444 2272 1694 2328 ἁπάντων
1744 2272 1851 2328 τῶν
1906 2271 2022 2328 καθ’
2056 2273 2155 2327 αὖ·

501 2357 599 2412 τὸν
653 2356 751 2422 τὴν
811 2357 953 2435 ἱερὰν
1008 2358 1336 2436 μετάληψιν,
1393 2361 1429 2427 ἦ
1462 2362 1572 2435 μὴν
1628 2363 1729 2429 τὴν
1786 2361 1924 2418 θείαν
1958 2360 2154 2438 δωρεὰν

504 2445 831 2526 δεχόμενος,
867 2445 976 2503 ἄνθ’
1021 2451 1095 2505 ὧν
1125 2451 1197 2512 εἷς
1246 2450 1505 2517 τοιαύτην
1563 2450 1837 2508 πολιτείαν
1891 2451 2151 2517 κατέστη.

500 2536 733 2613 Συνάγει
789 2535 984 2611 τοίνυν,
1048 2540 1122 2602 ὡς
1181 2542 1233 2595 αἱ
1287 2541 1497 2597 τελεταὶ
1555 2541 1813 2620 κάθαρσίς
1868 2542 1991 2620 εἰσι,
2066 2541 2153 2596 καὶ

501 2625 805 2704 φωτισμὸς,
860 2627 949 2681 καὶ
1000 2627 1297 2692 τελείωσις·
1362 2630 1449 2686 καὶ
1499 2631 1550 2686 αἱ
1600 2630 1777 2696 τάξεις
1835 2632 1869 2698 ἡ
1908 2629 2004 2703 μὲν
2047 2630 2150 2685 τῶν

499 2712 768 2770 διακὸνων
796 2718 1108 2794 καθαρτικὴ,
1142 2719 1176 2784 ἡ
1209 2715 1263 2773 δὲ
1295 2724 1400 2774 τῶν
1432 2718 1615 2797 ἱερέωδ
1646 2719 2002 2799 φωτιστικὴν,
2039 2720 2067 2786 ἡ
2097 2715 2151 2773 δὲ

500 2809 612 2859 τῶν
655 2803 954 2884 ἀρχιερέων
1009 2805 1314 2876 τελεστική⁶
1368 2810 1455 2863 καὶ
1508 2811 1555 2864 οἱ
1601 2809 1942 2884 τελουμενοι,
1977 2810 2025 2865 οἱ
2056 2830 2153 2863 κα-

500 2894 837 2972 θαιρόμενοι,
873 2892 984 2952 ἔστι
1042 2898 1131 2952 καὶ
1160 2902 1260 2964 τῆς
1320 2898 1594 2965 κοινωνίας
1625 2901 1713 2955 καὶ
1760 2899 1854 2967 τῆς
1928 2898 2152 2974 ἐποψίας

502 2981 800 3061 ἆμὲτοχοι,
839 2986 884 3039 οἱ
912 2986 1343 3064 κατηχούμενοι,
1401 2988 1447 3042 οἱ
1492 2990 1830 3068 θεωρητικοὶ,
1863 2990 1891 3044 ὁ
1922 2986 2049 3052 λαὸς
2104 3007 2151 3042 οι
2172 3026 2212 3077 c

503 3070 906 3145 τετελεσμένοι,
941 3075 987 3130 οἱ
1019 3075 1278 3154 μοναχοί·
1334 3075 1473 3132 οὕτω
1502 3078 1602 3156 γὰρ
1634 3079 1666 3146 ἡ
1726 3078 1843 3134 καθ’
1893 3079 2038 3153 ἡμᾶς
2071 3079 2152 3132 ἱε-

2236 2015 2369 2058 rum
2392 1996 2616 2058 functio
2640 2005 2903 2074 nequeat
2924 1994 3327 2057 consummari
3362 2013 3379 2070 ;
3443 1995 3542 2057 hic
3566 2003 3763 2058 autem
3793 1994 3879 2057 ait

2237 2086 2723 2150 communionem
2767 2085 3130 2167 frequentari
3165 2103 3272 2166 per
3305 2084 3544 2146 modum
3583 2084 3872 2161 muneris,

2242 2176 2520 2238 videlicet
2547 2175 2702 2237 sacri
2733 2174 2954 2236 laboris
2985 2192 3194 2236 eorum
3216 2192 3285 2236 ac
3313 2173 3522 2236 divinae
3543 2173 3872 2237 servitutis.

2241 2265 2581 2328 Secundum
2602 2265 2727 2326 haec
2758 2264 2962 2341 itaque
2986 2265 3314 2327 monachus
3334 2263 3433 2345 qui
3463 2272 3876 2339 consecratus,

2240 2362 2350 2429 est,
2386 2354 2605 2415 divinis
2624 2354 2742 2415 illis
2777 2353 3071 2434 mysteriis
3102 2354 3526 2434 communicat,
3568 2354 3654 2416 vel
3687 2361 3752 2415 ut
3774 2371 3876 2415 sa-

2237 2461 2396 2505 cram
2429 2443 2916 2505 communioncm
2932 2442 3146 2506 habeat
3168 2460 3273 2524 per
3300 2443 3542 2505 modum
3568 2443 3878 2509 summarii

2237 2533 2502 2595 omnium
2524 2532 2597 2594 ad
2629 2551 2693 2593 se
2715 2533 3136 2613 spectantium,
3161 2533 3250 2593 vel
3284 2550 3391 2613 per
3420 2532 3661 2593 modum
3692 2531 3879 2594 divini

2238 2622 2382 2684 doni
2415 2621 2722 2702 percipiat,
2757 2639 2828 2683 eo
2864 2625 3019 2703 quod
3050 2619 3390 2683 istiusmodi
3415 2619 3646 2682 vivendi
3678 2620 3867 2683 ratio-

2235 2729 2371 2774 nem
2408 2719 2485 2773 sit
2507 2710 2836 2792 amplexus.
2871 2710 3186 2773 Concludit
3212 2710 3743 2791 itaque,quomodo
3776 2730 3873 2771 sa-

2235 2820 2352 2863 crae
2382 2801 2758 2863 caeremoniae
2815 2800 2935 2863 sint
2989 2801 3243 2882 expiato,
3282 2811 3342 2863 et
3395 2799 3776 2875 illuminatio,
3813 2809 3873 2863 et

2237 2891 2607 2973 perfectio,et
2637 2891 2901 2966 ordines;
2934 2909 3004 2954 ac
3034 2892 3421 2953 diaconorum
3444 2889 3688 2971 quidem
3720 2890 3872 2954 ordo

2236 2982 2313 3043 sit
2334 2981 2705 3062 expiatorius
2735 3000 2751 3058 ;
2784 2981 3160 3043 sacerdotum
3194 2998 3331 3043 vero
3374 2979 3874 3055 illuminatorius,

2237 3070 2652 3153 episcoporum
2674 3079 2871 3133 autem
2893 3070 3246 3152 perfectivus
3277 3091 3294 3148 ;
3326 3079 3386 3132 et
3414 3069 3720 3146 τελούμενοι
3753 3071 3876 3132 sint

507 3161 712 3240 ραρχίκ
748 3167 816 3237 τῇ
854 3161 1065 3240 οὐρανίᾳ
1093 3163 1342 3238 ὁμοειδής
1387 3166 1524 3238 ἐστι,
1578 3168 1714 3223 κατὰ
1753 3168 1848 3231 τὰς
1900 3166 2149 3231 τοιαύτας
2236 3161 2277 3222 il

2103 3188 2149 3231 ις
2236 3161 2324 3222 illi
2344 3161 2448 3241 qui
2476 3161 2808 3241 expiantur:
2848 3168 3062 3241 praeter
3083 3179 3230 3242 quos
3253 3161 3434 3223 etiam
3457 3158 3645 3222 divini
3660 3178 3876 3241 aspec-

504 3250 755 3329 τριάδας,
808 3253 880 3316 ὡς
937 3253 991 3308 ἐν
1043 3254 1334 3333 ἀνθρώποις
1392 3257 1744 3329 ἀποσώζουσα
1802 3258 2151 3339 χαρακτῆράς
2240 3258 2277 3311 ιι

2101 3258 2151 3322 ίς
2240 3258 2329 3312 tus
2359 3259 2423 3312 et
2454 3250 2894 3313 communionis
2938 3261 3207 3314 exsortes
3236 3257 3372 3311 sunt
3403 3250 3822 3312 catechumeni
3859 3272 3874 3327 ;

501 3362 649 3403 τινας
685 3346 787 3407 τῆς
819 3341 996 3398 ἐκεῖσε
1027 3342 1331 3410 θεοειδείας.
2238 3360 2274 3422 q

2238 3340 2338 3422 qui
2371 3357 2509 3401 vero
2527 3356 2830 3400 sacrorum
2853 3347 3098 3421 aspectu
3125 3341 3565 3420 fruuntur,sunt
3587 3340 3867 3420 populus,

504 3429 761 3508 perfecti
811 3437 950 3491 sunt
981 3432 1295 3497 monachi:
1352 3434 1436 3495 sic
1467 3434 1626 3497 enim
1676 3435 2016 3499 hierarchia
2058 3441 2284 3503 nostra,
2316 3428 2650 3491 secundum
2685 3428 3024 3492 istiusmodi
3068 3428 3398 3507 terniones,
3436 3428 3673 3491 scelesti
3722 3447 3875 3490 con-

501 3513 725 3579 formis
756 3526 870 3596 est,
900 3528 1193 3596 quantum
1227 3522 1285 3583 in
1318 3523 1660 3586 hominibus
1693 3525 1820 3588 fieri
1854 3533 2065 3605 potest,
2102 3522 2424 3587 deiformes
2467 3517 2748 3598 quasdam
2779 3527 2949 3581 notas
2978 3536 3367 3582 conservans.

584 3608 615 3687 §
646 3608 760 3672 VI.
794 3607 942 3689 Ἀλλ’
972 3610 1176 3686 εἴποις,
1210 3611 1316 3688 ὅτι,
1378 3614 1492 3671 ἐπεὶ
1540 3617 1671 3693 πρὸς
1708 3616 1911 3683 ἐκείνην
1943 3617 2039 3684 τὴν
2069 3619 2152 3671 is—

502 3698 799 3778 ραρχίανὴ
850 3697 1085 3779 ἡμετέρα
1135 3701 1503 3783 ἀπεοθύνεται,
1560 3703 1789 3785 ὤφειλον
1846 3705 2000 3763 εἶνατ
2048 3706 2152 3761 κὰ-

501 3801 656 3845 κεῐσε
690 3788 745 3843 αἰ
776 3790 1154 3865 καθαιρόμεναι
1190 3791 1380 3858 τάξεις*
1443 3792 1563 3850 ἀλλ’
1598 3798 1694 3854 οὐκ
1752 3796 1903 3853 εἰσίν·
1967 3795 2024 3852 ού
2055 3795 2154 3873 γὰρ

501 3878 727 3953 θεμιτὸν
754 3878 928 3942 εἰπεῖν
956 3879 1056 3949 τὴν
1099 3883 1342 3959 οὐρανίαν
1377 3881 1733 3961 διακόσμησιν
1772 3886 1961 3964 ἐναγῇ.
2013 3884 2156 3964 Ἐγῶ

500 3965 555 4022 δὲ
589 3969 730 4045 πρὸς
761 3967 883 4031 τοὺς
907 3969 1176 4036 τοιούτους
1222 3970 1416 4050 λόγους
1451 3973 1725 4054 ὁμολογῶ,
1758 3976 2023 4055 πάναγνοι
2056 3975 2156 4055 γὰρ

502 4056 603 4112 εἶσι
662 4054 1082 4125 καὶᾶλώϐητοι·
1140 4061 1229 4118 καὶ
1260 4059 1397 4124 εἴτις
1459 4061 1620 4137 ἑάλω,
1656 4054 1925 4132 δηλονότι
1953 4068 1981 4123 ὁ
2040 4054 2156 4122 Sat?-

500 4152 671 4211 τανᾶς
731 4147 822 4203 καὶ
896 4148 943 4202 οἱ
995 4150 1114 4227 περὶ
1173 4149 1353 4232 αὐτὸν,
1411 4151 1845 4212 ἐκπεπτώκεισαν
1917 4156 2005 4213 καὶ
2056 4159 2157 4223 τῆς

504 4232 810 4314 ἆγγελικῆς
843 4234 987 4301 εὐθὺς
1011 4316 1020 4321 _
1046 4236 1271 4315 τάξεως,
1307 4243 1393 4299 καὶ
1424 4242 1478 4298 ἐν
1510 4250 1579 4321 τῇ
1637 4242 1882 4320 ἀλαμπεῖ
1910 4245 2156 4321 μεμενή-

504 4345 690 4383 κεισαν
741 4326 970 4387 πτώσει.
1009 4316 1038 4355 ’¹
1051 4336 1235 4408 Ετεροι
1266 4328 1321 4387 δὲ
1352 4333 1476 4397 τοὺς
1506 4333 1736 4413 χρόνους
1779 4337 1871 4391 105
1901 4356 1958 4390 τε
1989 4335 2155 4412 ὑπερ-

502 4414 820 4472 συντελικοῠ
849 4422 943 4473 105
999 4417 1333 4495 ἀπεπτώκει,
1367 4423 1458 4478 καὶ
1516 4429 1609 4479 τοῦ
1667 4430 2035 4503 παρατατικοῦ
2063 4430 2159 4481 105

2316 3609 2345 3689 §
2378 3610 2475 3675 Vl.
2502 3608 2619 3669 Sed
2664 3607 2936 3688 objicies,
2972 3610 3130 3691 quod
3185 3628 3319 3670 cum
3360 3609 3487 3671 haec
3545 3617 3753 3672 nostra
3794 3609 3870 3671 ad

2237 3699 2636 3764 hierarchiam
2668 3698 2838 3761 istam
2870 3706 3287 3781 componatur,
3321 3697 3543 3761 debere
3573 3698 3750 3761 etiam
3784 3699 3869 3763 ibi

2238 3809 2370 3853 esse
2398 3788 2640 3852 ordines
2665 3789 2996 3871 expiantcs,
3027 3790 3129 3871 qui
3151 3790 3353 3870 utique
3384 3808 3504 3851 non
3533 3798 3673 3851 sunt
3707 3808 3723 3852 :
3758 3807 3885 3851 ne-

2238 3901 2351 3962 que
2374 3880 2533 3942 enim
2564 3879 2651 3942 fas
2667 3879 2961 3942 sitdicere
2985 3880 3286 3944 ccelestem
3310 3878 3711 3943 hierarchiam
3739 3896 3873 3942 esse

2238 3970 2454 4034 sceleri
2483 3969 2960 4050 obnoxiam.Ego
2990 3971 3235 4050 quidem
3268 3969 3605 4033 istiusmodi
3632 3987 3873 4032 sermo-

2240 4060 2416 4123 nibus
2448 4058 3054 4141 assentior,quoniam
3090 4060 3333 4122 omnino
3360 4060 3493 4140 puri
3514 4067 3655 4121 sunt
3685 4068 3742 4120 et
3774 4058 3875 4121 in-

2241 4150 2539 4227 temerati;
2563 4158 2618 4211 et
2638 4149 2689 4210 si
2711 4150 2834 4231 qui,
2870 4149 3153 4212 nimirum
3180 4152 3425 4214 Satanas
3453 4158 3514 4212 et
3540 4148 3691 4211 socii
3715 4149 3874 4229 ejus,

2242 4240 2524 4322 pravitate
2547 4239 2706 4320 capti
2729 4246 2890 4313 sunt,
2939 4238 3026 4301 illi
3054 4239 3128 4302 ab
3178 4239 3387 4301 ordine
3417 4239 3687 4318 angelico
3718 4245 3875 4300 exci-

2238 4329 2542 4412 derunt,et
2561 4328 2623 4391 in
2647 4335 2794 4390 tetro
2824 4328 2995 4409 lapsu
3018 4341 3498 4410 permanserunt.
3531 4327 3649 4391 Alii
3665 4336 3862 4390 autem

2240 4428 2507 4502 tempora
2526 4418 2810 4500 praeteriti
2831 4419 3147 4500 plusquam
3174 4419 3421 4501 perfecti
3441 4418 3875 4500 verbi,excide-

500 4502 751 4583 ἐφέρετο.
792 4511 1201 4584 κυριολεκτικῶς
1248 4508 1620 4588 ἐκλαϐόμενοι,
1666 4502 1755 4570 καί
1794 4515 1857 4571 τὸ
1909 4511 1972 4569 ἄν
2020 4511 2155 4580 ἔξω·
2180 4534 2273 4599 Dr

2100 4536 2155 4570 ο·
2180 4548 2224 4599 D
2239 4526 2411 4585 rat,et
2432 4517 2770 4590 imperfecti,
2786 4518 3086 4599 ferebatur,
3119 4519 3175 4576 in
3195 4519 3427 4591 propria
3448 4518 3873 4591 signiﬁcatione

500 4595 588 4649 θεν
620 4594 1071 4675 νοοῦντες,οὕτως
1111 4598 1423 4679 ἐξηγοῦνται
1455 4602 1550 4670 τὴν
1582 4609 1674 4659 105
1702 4603 1865 4681 ῥητοῦ
1911 4602 2156 4683 ἄγνοιαν,

498 4684 589 4741 καὶ
620 4685 771 4760 μετᾶ
801 4692 986 4763 ταῦτα,
1021 4689 1151 4767 πρὸς
1211 4693 1365 4748 10510
1421 4691 1520 4759 τὴν
1569 4691 1701 4749 ἰδίαν
1749 4693 2003 4773 ἐξήγησιν
2032 4695 2158 4751 ἐπι-

496 4772 778 4852 φέρουσιν.
818 4776 874 4831 Εἰ
903 4776 1003 4855 γὰρ
1026 4799 1135 4851 τις,
1187 4781 1370 4860 φησὶν,
1433 4782 1602 4857 ἑάλω,
1665 4772 2047 4841 ἀποπεπτώκει
2092 4783 2158 4839 ἅν

638 4862 875 4960 ἐφέρετο
932 4867 1005 4931 εἷς
1073 4867 1173 4936 τὴν
1223 4869 1450 4946 ἀλαμπῆ
1481 4878 1708 4949 πτῶσιν,
1755 4874 1968 4949 ὡσανεὶ,
2005 4874 2156 4954 φασὶ,

501 4949 708 5030 λέγων·
753 4944 887 5011 υΟτι
913 4955 961 5010 εἶ
1015 4977 1093 5022 τις
1125 4956 1306 5035 ἁλοίη,
1334 4944 1400 5019 οὗ
1432 4944 1701 5043 κάθαρσιν-
1728 4944 1963 5044 δέξεται,
2015 4944 2158 5019 ἆλλᾶ

500 5043 638 5120 πρὸς
669 5043 781 5110 τὴν
836 5050 1040 5101 πτῶσιν
1087 5046 1538 5133 ἂπενεχθῆσεται,
1598 5053 1772 5117 καθὼς
1819 5053 1907 5110 καὶ
1937 5043 2022 5109 ἐπὶ
2070 5059 2164 5109 105

500 5136 687 5188 Σατᾶν
719 5129 969 5215 γέγονεν,
1028 5136 1099 5202 ὡς
1152 5140 1448 5218 πεφυκότος
1480 5129 1646 5221 τυχὸν
1680 5141 1922 5220 γενέσθαι
1980 5142 2160 5200 τοιού-

498 5240 593 5277 του
627 5227 809 5286 τινος.
843 5221 993 5311 ρῦτω
1018 5223 1118 5293 τὴν
1149 5225 1356 5284 ἔννοιαν
1413 5228 1789 5307 ἑκλαϐόμενοι,
1848 5230 2160 5311 ἐξηγοῦνται

499 5311 794 5389 λέγοντες·
867 5308 1018 5370 Ἀλλ’
1077 5314 1242 5381 οὔδεὶς
1292 5318 1458 5374 οὔτῶν
1509 5321 1645 5394 μετὰ
1685 5321 1786 5389 τὴν
1814 5327 1920 5378 τῶν
1960 5308 2161 5397 δαιμό-

500 5422 609 5456 νων
667 5399 992 5459 ἆπόπτωσιν
1049 5403 1193 5465 ἑάλω
1246 5405 1402 5464 ποτέ⁶
1485 5416 1640 5467 τοῦτο
1689 5411 1789 5489 γὰρ
1845 5410 1961 5467 οὔδε
2019 5411 2163 5490 παρὰ

501 5494 606 5559 τῆς
637 5489 846 5582 -θείαςΔ
900 5493 1110 5574 Γρκφῆς
1139 5494 1407 5579 ἔγνωμεν,
1442 5496 1560 5559 οὐδέ
1589 5523 1670 5566 τις
1729 5500 1836 5558 τῶν
1892 5489 2163 5582 θεοσόιρων

500 5579 771 5660 Πατέρων
805 5578 1044 5659 εἴρηκεν.
1105 5583 1260 5644 Οὕτω
1320 5578 1433 5645 δὲίὸ
1467 5587 1641 5673 ἅγιος,
1672 5591 1822 5673 φασὶ,
1854 5591 1992 5649 κατὰ
2027 5578 2162 5670 συγ-

2241 4598 3043 4681 ειεοὶρὶεηιεε,ειιᾳιιεὶιιιιάἅν
3074 4600 3259 4667 ἔξωθεν
3290 4601 3752 4683 expendentes',
3787 4599 3874 4660 sic

2240 4689 2705 4771 interpretantur
2730 4688 2872 4752 dicti
2904 4690 3081 4771 hujus
3109 4695 3524 4768 ignorantiam,
3559 4699 3617 4752 et
3645 4689 3720 4750 ad
3749 4688 3877 4751 haec

2243 4779 2462 4844 deinde
2482 4780 2785 4861 propriam
2812 4799 2980 4842 suam
3010 4780 3274 4844 inferunt
3304 4780 3787 4860 explicationem.
3817 4776 3883 4839 Si

2244 4869 2375 4951 quis
2399 4869 3101 4952 enim,inquit,pravitate
3132 4879 3340 4952 captus
3362 4869 3693 4948 exciderat,
3717 4876 3776 4930 et
3806 4867 3882 4930 ad

2245 4959 2557 5022 obscuram
2591 4961 2826 5023 ruinam
2850 4960 3249 5042 ferebatur;ac
3280 4959 3831 5042 si,inquiunt,dicat
3865 4980 3881 5025 :

2246 5048 2307 5113 Si
2331 5049 2467 5127 quis
2486 5048 2629 5112 vitio
2657 5060 2866 5131 captus
2889 5050 2987 5128 sit,
3022 5070 3142 5113 non
3160 5051 3431 5113 admittet
3454 5049 3883 5132 expiationem,

2244 5138 2352 5202 sed
2371 5138 2446 5201 ad
2462 5138 2698 5202 ruinam
2720 5139 3239 5218 adducetur,sicut
3261 5140 3324 5203 in
3355 5143 3569 5205 Satana
3594 5140 3841 5221 contigit
3867 5156 3884 5215 ;

2247 5228 2411 5310 quasi
2430 5246 2569 5290 vero
2596 5229 2728 5290 talis
2748 5229 2962 5310 aliquis
2976 5231 3102 5310 jam
3127 5231 3258 5293 dari
3284 5231 3496 5312 possit.
3526 5231 3649 5294 Hoc
3682 5232 3885 5307 itaque

2244 5337 2426 5381 sensu
2458 5318 2516 5379 id
2548 5317 2909 5399 accipientes
2930 5319 3723 5402 iuterpretantur,dicentes:
3761 5318 3885 5381 Ve-

2245 5427 2374 5471 rum
2411 5408 2610 5470 nullus
2643 5426 2849 5471 eorum
2883 5415 3022 5492 post
3071 5412 3408 5473 daemonum
3453 5410 3591 5470 262
3623 5410 3879 5488 lapsum,

2248 5496 2387 5560 vitio
2410 5505 2616 5579 captus
2647 5505 2737 5561 est
2757 5518 3020 5581 unquam
3057 5518 3073 5565 :
3130 5501 3244 5564 hoc
3276 5500 3436 5565 enim
3457 5515 3652 5579 neque
3682 5514 3751 5559 ex
3784 5494 3882 5556 di-

2251 5592 2387 5652 vina
2404 5588 2714 5671 Scriptura
2736 5591 3349 5672 cognovimus,neque
3370 5588 3681 5672 quisquam
3713 5603 3746 5648 e
3771 5583 3887 5648 Pa-

585 5692 604 5709 '
641 5686 906 5752 Vertere
935 5690 1173 5756 mallem
1210 5713 1225 5759 :
1273 5700 1453 5777 atque
1479 5698 1543 5757 τὸ
1573 5696 1636 5761 ἄν
1665 5697 1738 5763 de
1763 5716 1873 5764 suo
1900 5699 2308 5782 imaginante:
2337 5695 2496 5764 EDlT.
2523 5697 2775 5766 PATBOL.
