4490 6164
253 400 371 472 553
1277 398 1376 468 DE
1421 400 1715 468 EGCLES.
1760 397 2208 479 HIERARCH.,
2254 403 2425 468 CAP.
2450 399 2589 468 VII.
3506 405 3622 472 554

245 541 389 616 ἱερὰν
420 538 720 619 ἐσχηκότες
776 537 940 612 ζωὴν,
1001 540 1073 601 εἰς
1133 538 1226 603 τὰς
1282 537 1503 604 ἀληθεῖς
1559 533 2016 615 ἓπαγγελίαςΑνί

1848 558 1879 600 ες
1903 544 1941 592 Α
1964 534 2139 597 vitam
2173 537 2579 612 traduxerunt,
2615 535 2686 598 ad
2725 554 2888 599 veras
2919 534 3023 600 Dei
3058 535 3483 618 promissiones
3523 539 3621 602 in-

251 638 344 697 τῆς
395 629 648 708 θεαρχίας
699 628 1154 703 ἀποσκοποῦντες,
1209 628 1281 690 ὡς
1313 628 1411 696 τὴν
1442 627 1693 697 ἀλήθειαν
1723 626 1894 687 αὐτῶν

246 721 300 777 ἐν
359 725 428 796 τῇ
475 717 592 775 καθ’
641 717 801 784 αὐτὴν
832 717 1113 775 ἀναστάσει
1152 716 1480 792 τεθεαμένοι,
1515 717 1648 792 μετὰ
1679 714 1893 792 βεϐαίας

246 813 334 867 καὶ
363 808 592 876 ἀληθοῦς
622 807 721 875 τῆς
772 804 979 870 ἐλπὶδος
1009 803 1062 848 ¹θ
1090 806 1145 862 ἐν
1195 807 1484 888 εὐφροσύνῃ
1511 807 1622 878 θείᾳ
1675 808 1804 884 πρὸς
1833 806 1894 863 τὸ

244 902 338 957 τοῦ
367 899 590 957 θανάτου
620 896 781 975 πέρας
815 895 984 970 ἴασιν,
1043 899 1116 960 ὡς
1178 896 1262 952 ἐπὶ
1321 897 1470 962 τέλος
1525 897 1680 973 ἱερῶν
1739 895 1890 974 ἀγώ-

243 1012 374 1065 νων,
409 990 464 1045 ἐν
493 985 750 1045 παντελεῖ
798 987 882 1042 καὶ
932 984 1265 1059 ἀτελευτήτῳ
1321 990 1434 1062 ζωῇ
1485 986 1573 1042 καὶ
1631 984 1886 1064 σωτηρία,

242 1083 307 1136 τα
339 1079 456 1137 κατ’
490 1079 677 1142 αὐτοὺς
709 1075 917 1133 ἔσεσθαι
947 1077 1156 1142 πάντως
1213 1073 1406 1140 εἰδότες
1466 1072 1549 1130 διὰ
1604 1078 1702 1144 τῆς
1760 1075 1890 1131 ἐσο-

245 1173 413 1246 μένης
446 1171 616 1226 αὒτῶν
666 1167 851 1232 ὁλικῆς
902 1166 1264 1230 ἀναστάσεως.
1326 1168 1386 1222 Αἱ
1449 1166 1545 1232 μὲν
1605 1166 1703 1244 γὰρ
1759 1166 1890 1243 ἱεραῖ

245 1262 418 1341 ιξσυχαῖ.
447 1261 579 1337 πρὸς
608 1258 706 1325 τὴν
735 1256 819 1312 ἐπὶ
849 1258 914 1312 τὰ
945 1257 1111 1336 χείρω
1139 1257 1276 1312 κατὰ
1324 1257 1414 1311 τὸν
1443 1253 1567 1331 τῇδε
1623 1256 1738 1332 βιον
1792 1253 1889 1311 δυ-

1979 633 2234 705 tuentes,
2269 647 2516 708 quarum
2539 628 2851 689 veritatem
2876 628 3314 709 quodammodo
3337 628 3397 690 in
3423 647 3624 692 resur-

1977 716 2243 779 rectione
2263 718 2380 797 iam
2404 726 2864 798 conspexerunt,
2892 737 3025 780 cum
3052 719 3223 780 ﬁrma
3249 729 3308 780 et
3329 738 3466 782 vera
3489 739 3619 801 spe,

1975 806 2309 887 gaudioque
2327 806 2526 868 divino
2550 805 2624 867 ad
2650 807 2856 870 mortis
2883 806 3519 890 terminum,tanquam
3547 809 3624 872 ad

1976 896 2154 958 ﬁnem
2211 897 2611 962 certaminum
2669 897 3166 980 proﬁciscuntur;
3232 897 3391 978 quod
3458 907 3620 962 certo

1972 985 2165 1049 sciant
2191 1004 2298 1048 sua
2328 986 2549 1067 omnia,
2585 995 2822 1066 propter
2873 988 3131 1050 futuram
3185 1006 3351 1051 suam
3412 1008 3621 1051 resur-

1974 1076 2399 1150 rectionem,in
2427 1083 2552 1140 tuto
2580 1076 2707 1138 fore
2739 1077 2800 1138 in
2852 1078 2952 1139 illa
2983 1077 3245 1157 perfecta
3279 1086 3630 1160 aeternaque

1973 1164 2086 1228 vita
2103 1165 2559 1229 etbeatitudine.
2587 1168 2734 1229 Nam
2759 1174 2980 1229 sanctae
2996 1167 3238 1248 quidem
3257 1169 3470 1230 animae
3492 1187 3628 1230 cum

1976 1255 2038 1315 in
2093 1257 2200 1317 hac
2249 1255 2363 1317 vita
2413 1254 2698 1334 degentes
2750 1257 2945 1318 adhuc
2978 1257 3235 1337 perverti
3267 1259 3525 1340 possint,
3559 1259 3625 1320 in

247 1340 470 1428 vigent
527 1346 874 1406 καταπίπτειν
924 1348 1127 1423 τροπὴν
1155 1340 1226 1420 19,
1283 1344 1336 1400 ἐν
1392 1350 1460 1422 τῇ
1518 1343 1895 1423 παλιγγενεσία
1975 1362 2020 1406 τι

1853 1345 1895 1416 ἷᾳ
1975 1346 2432 1421 regeneratione
2457 1345 2558 1406 illa
2579 1344 2652 1408 ad
2676 1353 2888 1408 statum
2921 1345 3350 1409 immutabilem
3380 1350 3626 1430 Deoque

246 1444 348 1505 τὴν
406 1439 491 1495 ἐπὶ
549 1439 611 1494 τὸ
659 1436 915 1513 ἄτρεπτον
959 1434 1129 1500 ἕξουσι
1161 1432 1554 1501 θεοειδεστάτην
1585 1433 1889 1509 μετάταξιν.
1979 1452 2019 1496 η

1855 1458 1889 1495 ν.
1979 1433 2233 1497 maxime
2265 1435 2632 1498 conformem
2666 1436 3117 1501 transferentur.
3159 1439 3313 1500 Pura
3355 1457 3491 1501 vero
3524 1438 3628 1500 illa

249 1533 326 1591 Τὰ
356 1530 409 1586 δὲ
443 1528 641 1607 καθαρά
672 1527 778 1586 τῶν
808 1527 961 1600 ἱερῶν
993 1529 1208 1604 ψυχῶν,
1258 1524 1493 1604 ὁμόζυγα
1538 1523 1634 1580 καί
1686 1525 1894 1601 ὁμόπό-
1982 1545 2022 1588 Ct

1850 1526 1894 1581 ς-
1982 1542 2253 1605 corpora,
2278 1544 2409 1606 quae
2438 1526 2660 1587 sanctis
2687 1525 3000 1588 animabus
3028 1527 3300 1607 copulata
3333 1545 3470 1590 cum
3511 1527 3623 1589 iis-

248 1642 405 1701 ρευτα
479 1617 702 1693 σώματα
782 1613 1252 1695 συναπογραφέντα
1321 1619 1408 1670 καὶ
1491 1613 1898 1681 συναθλτίσαντα
1981 1615 2017 1678 d

1855 1636 1898 1670 ται
1981 1615 2115 1678 dem
2142 1614 2319 1676 simul
2345 1614 2821 1692 etambularunt,
2866 1628 2926 1679 et
2949 1616 3247 1698 descripta
3275 1625 3628 1698 sunt,atque

245 1713 388 1770 κατά
437 1711 558 1772 τοὺς
617 1708 783 1770 θείους
842 1709 1012 1764 αὐτῶν
1065 1702 1304 1784 ἱδρῶτας,
1367 1705 1420 1760 ἐν
1453 1710 1521 1781 τῇ
1567 1707 1672 1760 τῶν
1703 1709 1896 1785 ψυχῶν
1980 1725 2016 1765 u

1852 1711 1896 1762 ὃν
1980 1723 2096 1766 una
2117 1712 2440 1786 certarunt,
2467 1723 2573 1786 pro
2597 1705 2815 1768 divinis
2855 1706 3266 1789 sudoribus,in
3293 1707 3625 1770 animarum

245 1802 494 1882 ἀτρέπτῳ
551 1798 682 1855 κατά
739 1797 838 1864 τὴν
894 1796 1033 1852 θείαν
1089 1795 1230 1863 ζωὴν
1261 1793 1475 1873 ἱδρύσει,
1513 1792 2018 1869 συναπολήψε-Βδι

1856 1827 1892 1843 κο
1918 1792 2307 1856 Bsecundum
2367 1795 2624 1857 divinam
2683 1797 2862 1858 vitam
2899 1795 3207 1871 ﬁrmitate,
3242 1797 3357 1859 sibi
3390 1813 3629 1879 quoque

243 1914 333 1948 ται
393 1889 492 1956 τὴν
552 1886 745 1942 οἶκεῖαν
775 1884 1080 1940 ἀνάστασιν·
1135 1882 1393 1939 ἐνωθέντα
1438 1884 1537 1960 γὰρ
1568 1887 1657 1945 αἷς
1693 1883 1897 1950 ἤνωδτο
1981 1905 2016 1965 p

1854 1906 1897 1941 το
1981 1885 2280 1965 propriam
2306 1887 2806 1948 resurrectionem
2832 1888 3152 1948 sortientur
3180 1907 3194 1948 :
3230 1887 3449 1950 sanctis
3471 1889 3627 1950 enim

243 1979 386 2038 κατά
413 1979 504 2033 τὸν
535 1972 657 2052 τῇδε
688 1973 799 2050 βίον
849 1974 1016 2052 ἱεραῖς
1074 1976 1307 2053 ψυχαῖς,
1371 1975 1444 2035 ὡς
1495 1971 1634 2048 μέλη
1668 1979 1900 2051 Χριστοῦ
1977 1993 2010 2035 a

1871 1980 1900 2030 ῦ
1977 1974 2290 2038 animabus
2345 1976 2635 2056 c0pulata,
2685 1976 2901 2056 quibus
2930 1977 2994 2039 in
3022 1978 3132 2040 hac
3163 1977 3284 2042 vita
3314 1981 3634 2056 conjuncta

242 2067 533 2149 γεγονότα,
567 2068 664 2131 τὴν
693 2060 897 2129 θεοειδῆ
930 2064 1014 2119 καὶ
1063 2060 1319 2141 ἔφθαρτόν
1381 2061 1638 2121 ἀθάλατὸν
1696 2083 1751 2118 τε
1808 2063 1896 2119 καὶ
1977 2064 2015 2126 [ι

1860 2063 1896 2157 ri
1977 2064 2238 2157 fuerant,
2271 2075 2334 2128 ut
2361 2085 2493 2149 quas
2518 2069 2641 2147 jam
2673 2067 2894 2130 Christi
2942 2068 3212 2130 membra
3267 2069 3418 2130 facta
3481 2069 3633 2157 sint,

243 2159 512 2235 μακαρίαν
569 2152 908 2228 ἀπολήψεται
965 2150 1137 2220 λῆξιν,
1195 2150 1287 2208 Ἐν
1347 2153 1553 2216 τούτοις
1612 2152 1708 2227 μὲν
1740 2153 1892 2220 οὖνὴ
1980 2156 2014 2217 d

1858 2153 1892 2220 ἡ
1980 2155 2337 2219 deiiormem
2365 2157 2875 2239 etincorruptam,
2924 2158 3064 2219 264
3094 2166 3270 2240 atque
3316 2150 3631 2220 immorta—'

241 2273 350 2307 των
379 2252 536 2327 ἱερῶν
577 2243 688 2301 ἐστι
747 2244 994 2318 κοίμησις
1057 2241 1110 2297 ἐν
1170 2242 1458 2323 εὐφροσύνῃ
1515 2245 1603 2299 καὶ
1666 2241 1895 2298 ἀσαλεύ-
1983 2246 2014 2306 li

1860 2272 1895 2291 ι·
1983 2246 2096 2308 lem
2132 2246 2487 2326 beatamque
2511 2248 2779 2328 requiem
2808 2259 3275 2330 consequentur.
3304 2247 3457 2311 Hinc
3483 2249 3548 2310 ﬁt
3568 2255 3633 2313 ut

241 2362 359 2404 τοις
393 2335 620 2412 ἐλπίσιν,
656 2337 728 2399 εἷς
770 2335 830 2390 τὸ
889 2335 992 2390 τῶν
1050 2332 1202 2389 θείων
1259 2333 1480 2411 ἀγώνων
1540 2332 1900 2412 ἀφικνουμένη
1987 2355 2014 2398 s

1863 2356 1900 2400 η
1987 2344 2327 2400 sanctorum
2402 2336 2764 2400 obdormitio
2811 2340 2890 2401 sit
2962 2341 3022 2400 in
3067 2338 3265 2400 laetitia
3331 2339 3633 2418 certisque

243 2431 438 2509 πέρας.
1989 2425 2236 2507 spebus,
2309 2426 2449 2489 dum
2494 2427 2566 2490 ad
2612 2429 3003 2490 certaminum
3064 2429 3401 2492 divinorum
3448 2429 3631 2492 ﬁnem

1996 2515 2180 2579 venit.

1885 2674 1914 2756 §
1946 2676 2018 2742 ΙΙ.

328 2846 450 2901 Τῶν
508 2837 563 2895 δὲ
637 2837 856 2915 ἀνιέρων
914 2839 961 2894 οἱ
1023 2837 1120 2914 μὲν
1178 2837 1252 2899 εἰς
1309 2835 1622 2915 ἀνυπαρξίαν
1690 2836 1901 2916 ἀλόγως
2069 2842 2101 2903 P

1864 2860 1901 2900 ις
2069 2840 2456 2904 Profanorum
2505 2851 2700 2906 autem
2724 2843 2823 2906 alii
2849 2841 3089 2925 quidem
3113 2842 3243 2906 sine
3263 2848 3491 2909 ratione
3532 2863 3637 2930 pu-

249 2945 464 2990 οἴονται
512 2941 742 3008 χωρεῖν,
775 2931 821 2985 οἱ
854 2926 907 2984 δὲ
942 2928 1042 2996 τὴν
1073 2928 1385 3004 σωματικὴν
1413 2927 1631 2992 εἰσάπαξ
1662 2927 1902 3006 ἀποῤῥή-
1991 2939 2022 2993 ιε

1859 2929 1902 2998 i-
1991 2939 2112 2993 tant
2133 2950 2384 3014 corpora
2405 2942 2602 2997 nostra
2627 2937 2862 3015 penitus
2900 2934 3162 3016 aboleri;
3190 2935 3289 2998 alii
3319 2954 3457 2998 vero
3487 2926 3632 2999 cen-

247 3024 470 3099 γνυσθαι
497 3025 603 3075 τῶν
632 3019 836 3075 οἰκείων
869 3022 1061 3097 ψυχῶν
1119 3017 1386 3096 συζυγίαν,
1444 3016 1516 3080 ὠς
1572 3016 1904 3094 ἀνάρμοστον
1990 3041 2016 3084 s

1868 3041 1904 3072 ιν
1990 3030 2121 3084 sent
2149 3039 2504 3104 corporeum
2538 3025 2649 3086 hoc
2681 3044 2815 3088 cum
2851 3025 3104 3107 propriis
3154 3025 3282 3087 suis
3329 3027 3641 3090 animabus

246 3109 470 3181 αύτατς,
529 3107 582 3165 ἐν
631 3107 853 3164 θεοειδεϊ
910 3106 973 3157 ἳο
1026 3113 1138 3183 ζωῇ
1198 3107 1287 3164 καὶ
1337 3106 1618 3185 μακαρίαις
1667 3105 2019 3197 λήξεσιν,ηο

1867 3130 1902 3186 ν,
1925 3175 1963 3197 η
1990 3112 2332 3192 conjugium
2365 3114 2614 3195 repudio
2649 3105 3304 3193 semelﬁdirimendum,
3358 3125 3640 3197 tanquam

248 3204 342 3259 οὒκ
379 3175 751 3271 ἐννοήσαντες,
788 3197 904 3253 οὒδὲ
934 3175 1127 3261 ἱκανῶς
1158 3197 1212 3253 ἐν
1257 3175 1532 3273 ἐπιστήμῃ
1590 3197 1699 3268 θείᾳ
1727 3175 1732 3177 ﬁ
1757 3175 1902 3272 μυη-ἰ
1925 3175 1964 3227 c
1991 3201 2021 3262 i]

1872 3228 1902 3241 -
1925 3175 1964 3227 ε
1991 3175 2494 3265 ἱΙΙίενὶἆίίθὶΓοι-ιῆἰ
2523 3205 2644 3266 vita
2675 3204 2966 3285 beataque
2997 3205 3206 3286 requie
3239 3175 3450 3285 parum
3468 3175 3638 3268 icon-

246 3291 454 3368 θέντες,
512 3288 806 3367 ἀρχθεϊσαν
864 3286 967 3356 ἤδη
1027 3288 1127 3353 τὴν
1185 3290 1300 3363 καθ,
1361 3289 1504 3362 ἡμᾶς
1581 3285 1636 3341 ἐν
1698 3293 1905 3366 Χριστῷ

246 3367 647 3444 θεοειδέστάτην
679 3381 824 3448 ζωὴν
851 3374 927 3438 2⁸.
961 3367 1164 3434 ’Ἄλλοι
1187 3374 1241 3432 δὲ
1266 3378 1530 3451 σωμάτων
1563 3375 1736 3433 ἄλλων
1767 3378 1904 3432 ἀπο-

249 3469 470 3544 νέμουσι
527 3479 651 3532 ταῖς
722 3471 930 3547 ψυχαῖς
997 3467 1264 3542 συζυγίας,
1339 3464 1646 3530 ἀδοκοῦντες
1720 3464 1778 3516 99
1846 3468 1906 3522 τὸ

249 3557 334 3614 ἐπ’
366 3558 576 3636 αὐτοῖς,
609 3558 679 3621 ὡς
727 3555 908 3631 οἶμαι,
971 3555 1037 3612 τοὶ
1089 3557 1505 3631 συμπονήσαντα
1563 3568 1685 3620 ταῖς
1745 3556 1907 3620 θείαις

253 3652 493 3727 ψυχαῖς,
526 3647 613 3704 καὶ
640 3651 746 3704 τῶν
801 3647 955 3726 ἱερῶν
1016 3644 1332 3703 ἀντιδὸσεων
1389 3649 1482 3704 οὒκ
1531 3647 1734 3723 εὖαγῶς
1764 3648 1906 3702 ἀπο-

252 3744 561 3815 στεροῦντες
620 3737 686 3793 τὰ
736 3738 866 3814 πρὸς
915 3737 974 3792 τὸ
1005 3734 1168 3814 πέρας
1219 3735 1438 3792 ἐλθόντα
1490 3738 1596 3791 τῶν
1621 3735 1907 3792 θειοτάτων

254 3826 489 3904 δρόμων.
525 3815 729 3883 ’Ἄλλοι
781 3825 859 3901 δὲ,
916 3827 1010 3883 οὒκ
1054 3825 1159 3883 οἶδ’
1195 3825 1341 3890 ὅπως
1374 3824 1460 3882 ἐπὶ
1505 3824 1796 3904 προσύλους
1825 3825 1910 3882 ἐν·

257 3919 401 3981 νοίας
462 3915 859 3989 ἀποκλιθέντες,
921 3917 1194 3995 εἰρήκασιν
1253 3915 1471 3992 ὁμοειδῆ
1525 3914 1584 3964 ’3
1640 3923 1732 3974 τοῦ
1785 3915 1908 3994 τῇδε

257 4007 366 4084 βίου
401 4007 503 4074 τὴν
533 4019 648 4071 τοῖς
680 4009 842 4071 ὁσίοις
874 4006 1285 4086 ἐπηγγελμένην
1321 4006 1625 4085 ἇγιωτάτην
1668 4008 1756 4064 καὶ
1797 4030 1908 4082 μα-

257 4097 595 4177 καριωτάτην
651 4095 710 4146 ⁸4
767 4095 938 4171 λῆξιν,
997 4099 1085 4154 καὶ
1142 4098 1333 4178 τροφὰς
1383 4099 1576 4161 οἰκείας
1631 4096 1910 4172 ἀλλοιωτῷ

259 4188 354 4264 βίῳ
383 4204 507 4250 τοῖς
566 4188 869 4265 ἰσαγγέλοις
902 4187 1162 4262 ἀθεμίτως
1219 4185 1536 4264 ἀπέρριψαν,
1601 4185 1753 4244 Ἀλλ’
1814 4187 1908 4242 οὒκ

259 4277 614 4335 ἀποπεσεῖταί
641 4274 700 4326 95
746 4278 822 4342 τίς
873 4299 1001 4334 ποτε
1057 4282 1162 4332 τῶν
1221 4277 1520 4354 ἱερωτάτων
1577 4274 1775 4349 ἀνδρῶν
1836 4278 1907 4341 είς

259 4369 348 4432 τὰς
404 4365 616 4424 τοιάσδε
671 4366 987 4438 πλανήσεις⁶
1053 4365 1172 4423 ἀλλ’
1232 4365 1386 4430 ὅλους
1445 4367 1633 4429 αὐτοὺς
1691 4365 1912 4436 ἀπολά-

1988 3300 2363 3367 sentaneum;
2392 3310 2762 3374 nequaquam
2781 3294 3212 3374 intelligentes,
3240 3313 3436 3375 neque
3449 3296 3646 3358 scien-

1990 3382 2072 3442 tia
2097 3381 2295 3442 divina
2325 3381 2567 3463 eruditi,
2601 3402 2709 3444 nos
2732 3384 2855 3463 jam
2888 3383 3238 3445 deiformem
3273 3384 3332 3445 in
3398 3384 3640 3446 Christo

1992 3472 2169 3534 vitam
2188 3470 2656 3534 inchoasse.Alii
2678 3481 2872 3535 autem
2893 3472 3208 3534 animabus
3227 3472 3479 3534 aliorum
3518 3491 3648 3534 cor-

1993 3579 2201 3642 porum
2235 3563 2510 3642 conjugia
2541 3561 2889 3639 attribuunt,
2925 3563 2984 3624 in
3027 3582 3170 3644 quo,
3205 3581 3337 3624 mea
3392 3561 3640 3644 quidem

1991 3652 2616 3733 sententia,quantum
2647 3653 2710 3715 in
2733 3652 2884 3732 ipsis
2916 3660 3027 3728 est,
3057 3653 3340 3733 injuriam
3383 3658 3647 3731 irrogant

1992 3742 2363 3824 corporibus,
2389 3761 2520 3824 qua;
2545 3761 2678 3805 cum
2703 3743 2921 3804 divinis
2951 3744 3266 3804 animabus
3296 3741 3639 3803 collabora-

1991 3841 2151 3908 runt,
2194 3831 2524 3914 eademque
2568 3832 2752 3895 sacris
2797 3833 2920 3894 suis
2966 3832 3227 3913 praemiis
3259 3830 3645 3913 defraudant,

1993 3942 2124 3985 cum
2158 3923 2418 3984 divinum
2454 3943 2693 3986 cursum
2737 3923 3233 3986 consummarint.
3273 3922 3398 3984 Alii
3436 3940 3646 3999 porro,

1992 4012 2193 4075 nescio
2216 4033 2331 4094 quo
2353 4022 2541 4094 pacto,
2577 4014 2651 4076 ad
2680 4022 2947 4076 terrenas
2978 4014 3370 4094 cogitationes
3399 4011 3642 4092 dilapsi,

1993 4105 2287 4184 dixerunt,
2321 4105 2594 4184 praesenti
2630 4104 2757 4164 vitm
2789 4104 3047 4164 similem
3071 4103 3258 4165 beatis
3284 4102 3644 4182 promissam

1993 4210 2124 4253 esse
2155 4193 2588 4254 sanctissimam
2624 4192 3151 4273 beatissimamque
3180 4200 3424 4264 sortem,
3452 4191 3650 4252 cibos-

1991 4300 2110 4363 que
2139 4283 2268 4344 ViltB
2298 4283 2560 4344 variabili
2597 4283 2868 4365 proprios
2900 4283 2970 4342 iis
3000 4281 3344 4363 quiangelis
3375 4279 3640 4358 mquales

1995 4381 2153 4449 sunt,
2188 4373 2412 4435 nefarie
2441 4373 2880 4455 applicuerunt.
2913 4372 3032 4434 Sed
3061 4370 3237 4449 absit,
3265 4378 3328 4430 ut
3384 4384 3650 4449 unquam

258 4462 446 4532 ψεσται
515 4459 612 4525 τὴν
673 4455 985 4535 Χριστοειδῆ
1043 4455 1190 4525 λῆξιν
1252 4454 1470 4528 εἰδότες,
1528 4454 1653 4513 ὅταν
1708 4457 1794 4512 ἐπὶ
1849 4459 1909 4513 τὸ
1997 4479 2031 4522 sl

1881 4459 1909 4513 ὸ
1937 4544 1948 4545 7
1997 4470 2237 4524 sanctus
2263 4462 2350 4524 vir
2371 4454 2668 4545 quispiam
2694 4463 2751 4524 in
2777 4459 3111 4523 istiusmodi
3141 4477 3378 4521 errores
3393 4457 3614 4519 incidat
3637 4465 3651 4520 t

255 4548 415 4626 πέρας
474 4547 668 4605 ’έλθωσι
727 4555 820 4605 τοῦ
878 4545 1002 4624 τῇδε
1059 4549 1195 4624 βίου,
1245 4547 1342 4614 τὴν
1375 4548 1446 4609 εἷς
1498 4545 1785 4626 ἀφθαρσίαν
1814 4544 2028 4611 aii-DV

1884 4580 1912 4593 -
1935 4544 1980 4596 ι)
2005 4570 2209 4614 verum
2236 4551 2326 4614 illi
2349 4544 2564 4630 sancti,
2599 4553 2699 4636 qui
2732 4570 2798 4615 se
2832 4558 2984 4613 totos
3015 4549 3493 4612 Christiformem
3517 4566 3651 4610 sor-

254 4641 354 4695 τῶν
387 4638 536 4714 ὁδὸν,
588 4641 661 4705 ὡς
717 4639 1002 4718 ἐγγυτέραν
1059 4636 1162 4706 ἤδη
1223 4635 1616 4716 γεγενημένην,
1675 4636 1912 4715 ἐμφανέ-

253 4749 436 4807 στερον
501 4732 688 4810 ὁρῶσι,
748 4731 836 4786 καὶ
893 4731 984 4794 τὰς
1018 4726 1216 4806 δωρεὰς
1245 4731 1345 4794 τῆς
1377 4728 1634 4806 θεαρχίας
1671 4727 1908 4808 ὑμνοῦσι,

252 4820 336 4874 καὶ
391 4819 538 4882 θείας
601 4817 795 4887 ἡδονῆς
855 4819 1316 4898 ἀποπληροῦνται,
1378 4817 1476 4884 τὴν
1535 4815 1621 4872 ἐπὶ
1650 4817 1717 4872 τὰ
1747 4817 1915 4897 χείρω

254 4910 460 4986 τροπὴν
493 4908 666 4966 οὖκέτι
697 4907 1014 4984 δεδοικότες,
1047 4907 1168 4965 ἀλλ’
1209 4906 1266 4964 εὖ
1296 4905 1514 4986 είδοτες,
1549 4905 1630 4963 ὅτι
1679 4907 1745 4962 τὰ
1775 4929 1916 4975 κτη-

255 4998 405 5055 θέντα
438 4998 586 5056 καλά
614 4998 825 5077 βεϐαίος
881 5001 976 5057 καί
1034 4999 1259 5064 αἰωνίως
1315 4996 1538 5063 ἕξουσιν,
1602 4998 1661 5054 Οἱ
1719 4994 1773 5052 δὲ
1806 5020 1914 5072 μο-

258 5085 478 5165 λυσμῶν
539 5089 796 5147 ἀνάπλεοι
855 5091 942 5147 καὶ
1000 5088 1220 5166 ἀνιέρων
1271 5085 1527 5165 κηλίδων,
1588 5085 1744 5166 εἴπερ
1775 5089 1916 5167 ἱερᾶς

1995 4648 2118 4703 tem
2147 4653 2534 4725 percepturos
2559 4640 3106 4724 cognoverunt,ubi
3131 4640 3205 4703 ad
3229 4641 3410 4719 hujus
3443 4639 3579 4702 vita)
3593 4639 3658 4702 ﬁ-

1999 4750 2138 4794 nem
2161 4736 2530 4798 accesserint
2564 4753 2578 4810 ;
2610 4735 2779 4796 vitam
2808 4751 2977 4794 suam
3019 4731 3091 4792 ad
3117 4730 3652 4810 incorruptionem,

1999 4822 2166 4904 quasi
2173 4823 2298 4903 jam
2321 4824 2811 4906 propinquiorem
2834 4823 3076 4898 factam,
3093 4826 3414 4896 intuentes,
3440 4817 3661 4880 summi

1998 4910 2106 4973 Dei
2145 4931 2395 4976 munera
2425 4915 2800 4990 collaudant,
2833 4912 3149 4993 divinaque
3198 4910 3494 4990 voluptate
3545 4907 3656 4970 ad-

1999 5001 2344 5082 implentur,
2381 5023 2498 5067 non
2520 5005 2642 5086 jam
2676 5002 2937 5084 amplius
2989 4999 3248 5083 perverti
3296 5005 3658 5080 metuentes,

2001 5090 2106 5152 sed
2134 5092 2320 5172 probe
2347 5103 2873 5175 cognoscentes,se
2889 5091 3044 5154 bona
3059 5101 3227 5173 parta
3243 5089 3495 5153 ﬁrmiter
3515 5106 3660 5170 per-

259 5198 399 5248 τινος
455 5181 791 5262 τετυχήκασι
852 5181 1124 5258 μυήσεως,
1186 5178 1330 5237 αὐτοὶ
1385 5175 1441 5233 δὲ
1489 5178 1685 5245 ταύτην
1742 5177 1802 5235 ἐκ
1829 5188 1920 5240 τοῦ
2003 5199 2032 5262 p

1890 5188 1920 5240 ὕ
2003 5187 2300 5264 petuoque
2319 5202 2714 5266 possessuros.
2738 5185 2959 5245 Verum
2985 5182 3089 5264 qui
3119 5179 3534 5263 iniquitatibus
3556 5195 3634 5242 ne
3654 5208 3663 5223 -

1598 5338 1854 5404 VABl/E
1875 5341 2316 5408 LECTIONES.

342 5449 416 5535 *8,
437 5449 730 5535 articulus
760 5456 858 5535 τῆς
891 5455 1134 5535 nonest
1161 5450 1224 5535 in
1253 5451 1317 5514 S.
1355 5450 1427 5513 P.
1459 5447 1529 5535 D.
1598 5447 1654 5498 ‘9
1681 5448 2053 5535 subjungunt
2081 5450 2166 5535 Ρη
2192 5452 2260 5515 Ι).
2299 5452 2405 5517 Ch.
2443 5455 2519 5530 μὴ
2549 5452 3302 5535 ἓλθοῦσαι,80οι.8θ(]ιιίιιιι“.
3333 5448 3666 5535 29_antiqiia

269 5531 331 5614 in
352 5531 631 5614 Μςιίὺιζο
664 5531 840 5594 lectio
873 5544 971 5594 est
989 5533 1069 5614 id);
1103 5531 1432 5614 ἀνάρμοστον
1479 5533 1663 5614 αὖῖαζς
1700 5531 1857 5587 οὖπαν
1896 5529 2212 5614 τῇνθεοειδῆ
2245 5537 2386 5607 ζωὴν
2417 5538 2504 5592 καὶ
2545 5537 2808 5614 μακαρίαν
2840 5534 3021 5610 λῆξιν,
3061 5529 3255 5614 ίξυξιῐη
3275 5529 3474 5592 reddit
3497 5530 3658 5591 Scot.

270 5612 315 5696 ’ξ
347 5611 635 5696 in_dandi
659 5630 801 5696 casu
845 5612 1178 5696 corrigitur
1205 5614 1264 5674 in
1301 5610 1509 5696 codice
1541 5610 1670 5696 sal.
1697 5612 2159 5696 rfi‘ﬁzoeﬁegra'zrn
2194 5623 2328 5686 ζωῆ,
2398 5616 2456 5665 93
2488 5610 2620 5696 lege
2652 5610 2982 5694 ἀδικοῦντες,
3040 5610 3356 5696 codicibus
3401 5627 3663 5696 cpnsen-

273 5692 584 5841 tifntibuﬁ.
615 5694 702 5838 Ista
728 5694 903 5756 etiam
937 5693 1124 5756 editio
1157 5690 1440 5757 Lansellii
1471 5690 1706 5754 Parisiis
1735 5691 1909 5757 1615.
1960 5692 2024 5744 ἳὸ
2051 5696 2352 5774 ὁμοιοειδῆ,
2389 5697 2450 5760 Ρ,
2487 5690 2614 5761 Sa}.
2652 5699 2708 5748 ει
2741 5690 3109 5776 μακαριστήν,
3147 5693 3210 5757 S.
3247 5692 3393 5756 ΡΛ).
3428 5690 3492 5742 25
3519 5691 3661 5748 ἀπο*

273 5796 306 5833 π
339 5797 480 5841 σειε,
573 5824 588 5841 .
665 5791 750 5838 δι’.

270 5791 480 5852 πεσειε,
514 5791 588 5841 υ.
621 5791 750 5838 δατ.

588 5886 856 5948 Paeon.
890 5882 1003 5949 GR.
1038 5882 1142 5952 III.
3349 5882 3424 5946 18

4112 2159 4158 2487 ἓ

4116 2545 4162 2615 Ξ

4118 3000 4173 3246 Ξ

4120 3595 4190 3750 ἒ

4121 3761 4188 3832 ζ

4121 3839 4192 3907 D

4123 3965 4194 4104 ἕ
