4490 6164
699 320 818 396 563

1862 323 1923 397 S.
1971 329 2310 396 DIONYSII
2352 326 2878 399 AREOPAGITIE.

3944 324 4051 400 564

696 473 940 556 mulque
954 466 1277 554 semetipso
1294 465 1555 550 benigne
1567 467 1946 531 conformans
1958 468 2029 530 ad
2055 466 2344 529 imitatio-
2366 470 2406 521 Α
2431 492 2469 544 μ

2274 484 2344 527 0-
2366 470 2406 521 Α
2431 492 2601 544 μητον
2652 468 2972 548 ἀγαθοειδῶς
3030 469 3440 549 ἐκτυπούμενος,
3472 467 3560 525 καὶ
3586 467 3681 556 τὰς
3731 466 3916 546 ἐτέρων
3944 466 4047 527 δω-

692 586 832 630 nem
863 566 995 643 Dei,
1030 583 1151 628 non
1183 581 1355 626 secus
1377 561 1511 625 aliis
1543 577 1717 641 quam
1749 557 1863 620 sibi
1893 557 2008 639 ipsi
2038 557 2195 619 dona
2221 575 2333 638 po-

694 674 948 720 scensac
968 655 1213 735 gratias;
1233 654 1431 716 sciens
1447 651 1590 713 item
1618 648 2050 731 promissiones
2072 647 2179 710 Dei
2202 665 2335 710 esse

690 744 1059 820 infallibiles,
1095 742 1486 825 praesentibus
1509 741 1682 803 etiam
1704 746 1908 820 aperte
1941 737 2336 819 declarat,illa

691 855 824 919 quae
840 836 915 901 ab
935 855 1005 899 eo
1020 836 1160 917 jure
1182 852 1349 896 sacro
1376 832 1766 912 postulantur,
1794 846 2035 909 prorsus
2055 836 2336 890 eventura

692 915 940 1009 illis,qui
964 915 1293 989 secundum
1318 925 1507 987 Deum
1528 921 1705 982 vitam
1725 915 2335 1009 consummarintrEt-

690 1005 1149 1089 enim-antistes,
1185 1033 1317 1076 cum
1352 1012 1429 1074 sit
1458 1009 1793 1091 praecipuus
1836 1007 2052 1068 divina;
2092 1005 2337 1087 justitiaa

692 1125 911 1188 pmco,
931 1122 1238 1186 nunquam
1269 1101 1592 1184 postularet
1614 1117 1682 1161 ea
1700 1115 1830 1179 quae
1854 1115 1974 1159 non
1994 1104 2193 1159 essent
2211 1095 2334 1159 Deo

698 1187 874 1278 quam
898 1194 1485 1274 gratissima,etjuxta
1507 1188 1936 1272 promissiones
1958 1188 2086 1267 ejus
2107 1187 2333 1250 deifor‘

689 1275 867 1349 miter
888 1280 1709 1357 concedenda.Quamobrem
1733 1278 2028 1342 defunctis
2049 1275 2337 1358 improbis

689 1394 1066 1459 nequaquam
1098 1372 1434 1435 istiusmodi
1470 1378 1766 1452 precatur,
1804 1387 1922 1431 non
1954 1367 2144 1429 solum
2178 1366 2335 1448 quod

686 1465 1036 1547 interpretis
1054 1463 1311 1526 ofﬁcium
1338 1462 1401 1524 in
1422 1461 1536 1523 hoc
1557 1460 1824 1532 violaret,
1849 1466 2023 1539 atque
2046 1474 2334 1538 praesum-

686 1572 890 1635 ptuose
903 1561 1011 1619 sibi
1026 1560 1332 1631 quidquam
1348 1572 1655 1616 munerum
1669 1554 2081 1627 pontiﬁcalium
2103 1567 2328 1626 arroga-

689 1640 885 1717 ret,ab
907 1648 1151 1703 auctore
1171 1638 1583 1719 mysteriorum
1608 1637 1853 1698 minime
1879 1643 2097 1709 motus;
2130 1652 2332 1696 verum

689 1732 867 1795 etiam
903 1729 1060 1811 quod
1087 1730 1267 1810 impia
1301 1728 1585 1810 petitione
1614 1727 1995 1789 frustraretur
2024 1733 2083 1786 et
2110 1742 2143 1785 a
2168 1725 2330 1804 justo

2418 560 2540 638 ρεὰς
2575 562 2648 624 ὡς
2682 561 2877 625 οἰκείας
2912 558 3130 627 ἱξαιτῶν
3159 561 3412 641 χάριτας*
3435 556 3547 635 ἅμα
3578 555 3632 615 δὲ
3663 560 3749 615 καὶ
3777 558 3868 621 τὰς
3896 559 4052 634 ἀψευ-

2419 648 2530 713 δεῖς
2582 649 2901 728 ἐπαγγελίας
2933 650 3082 717 εἰδως
3113 649 3391 726 ἐσομένας,
3424 651 3512 708 καὶ
3540 662 3659 713 τοϊς
3688 651 3934 727 παροῦσιν
3956 649 4048 706 ἐκ-

2419 747 2744 819 φαντορικιῖις
2788 741 3055 820 ἐμφαίνων
3082 739 3169 816 69,
3201 741 3288 798 ὅτι
3329 743 3395 797 rei
3423 739 3549 819 παρ’
3594 739 3750 796 αὐτοῦ
3790 737 3921 796 κατά
3962 743 4047 797 θε-

2418 829 2551 904 σμόν
2607 831 2745 909 ἱερὸν
2791 829 3152 907 ἐξαιτούμενα,
3185 829 3396 896 πάντως
3427 829 3577 888 ἔσται
3612 841 3732 892 τοῖς
3762 830 3891 886 κατὰ
3919 829 4048 887 θείαν

2417 919 2559 990 ζωὴν
2619 918 3075 995 τετελειωμένοις.
3110 926 3183 981 Οὐ
3240 943 3339 999 γτρ
3395 919 3457 977 ἂν
3504 922 3532 977 6
3578 919 3859 999 ἰεράρχης,
3890 921 3917 975 6
3957 924 4049 985 τῆς

2417 1011 2710 1088 θεάρχικῆς
2761 1007 3088 1075 δικαιώσεως
3137 1012 3441 1091 δποφήτης,
3477 1010 3650 1082 ἐζήτει
3709 1008 3771 1059 70
3817 1010 3937 1066 ποτὲ
3992 1009 4052 1065 τὰ

2420 1098 2498 1173 μὴ
2554 1106 2631 1172 τῷ
2685 1106 2800 1173 Θεῷ
2858 1100 3310 1180 προσφιλέστατα,
3343 1103 3430 1158 καὶ
3479 1102 3612 1177 πρὸς
3660 1099 3820 1157 αῦτοῦ
3849 1097 4052 1168 δοθήσε-

2421 1192 2537 1245 σθαι
2569 1186 2799 1251 θειωδῶς
2830 1188 3232 1268 ἐπηγγελμένα.
3272 1192 3365 1247 Διὶ.
3396 1204 3512 1257 τοῖς
3535 1189 3759 1268 ἂνιέροις
3789 1191 3882 1247 οῦκ
3908 1188 4051 1245 ἐπεύ-

2420 1300 2577 1358 χεται
2608 1286 2771 1335 ταῦτα
2822 1280 3261 1354 κεκοιμημένοις,
3294 1282 3355 1338 οῦ
3397 1279 3557 1355 μόνον
3589 1279 3671 1335 ὅτι
3699 1284 3798 1346 τῆς
3846 1279 4049 1356 ὑποφη-

2417 1373 2569 1436 τικῆς
2599 1367 2647 1411 ’τί
2687 1368 2742 1425 ἐν
2773 1369 2946 1445 τούτῳ
2976 1372 3447 1450 παρατραπήσεται
3507 1368 3729 1445 τάξεως,
3762 1371 3849 1425 καὶ
3878 1390 3925 1424 τι
3954 1371 4052 1424 τῶν

2417 1461 2737 1539 ἱεραρχικῶν
2770 1458 3001 1525 αὐθαδῶς
3057 1460 3340 1537 τολμήσει,
3376 1462 3454 1536 μὴ
3505 1461 3636 1538 πρὸς
3668 1465 3761 1517 τοῦ
3809 1454 4052 1534 τελετᾶρ-

2417 1571 2520 1628 χου
2552 1549 2923 1625 κεκινημένος,
2960 1549 3080 1607 ἀλλ’
3112 1549 3194 1607 ὅτι
3226 1552 3313 1608 καὶ
3342 1550 3438 1619 τῆς
3471 1550 3689 1623 ἐναγοῦς
3722 1551 3891 1628 εὐχῆς
3920 1547 4051 1603 ἆπο-

2415 1636 2672 1719 τεῦξεται,
2706 1641 2836 1716 πρὸς
2876 1648 2967 1697 τοῦ
3012 1639 3211 1698 δικαίου
3239 1640 3419 1719 λογίου
3448 1642 3536 1697 καὶ
3565 1640 3720 1701 αὐτὸς
3766 1642 3859 1697 οῦκ
3900 1639 4051 1694 ἀπει-

2416 1728 2588 1792 κότως
2645 1729 2873 1786 ἁκούωνο
2907 1732 3136 1805 Αἰτεῖτε,
3171 1731 3255 1787 καὶ
3308 1734 3367 1788 οῦ
3409 1727 3735 1806 λαμϐάνετε,
3767 1726 3898 1784 διότι
3954 1748 4051 1782 κα-

687 1838 933 1902 prorsus
957 1819 1196 1899 eloquio
1215 1819 1390 1881 etiam
1416 1819 1545 1898 ipse
1559 1817 1772 1879 merito
1786 1815 2068 1879 audiens:
2094 1816 2327 1896 Petilia,
2359 1842 2394 1891 Β
2417 1841 2460 1875 κ(

2279 1832 2327 1896 ε,
2359 1819 2524 1891 Βκῶς
2581 1820 2800 1881 αἰτεῖτε.
2864 1820 3064 1879 Οὐκοῦν
3094 1823 3121 1877 6
3166 1824 3311 1885 θεῖος
3361 1820 3618 1900 ἱεράρχης
3678 1814 3945 1885 ἐξαιτεᾘ⁷2
3995 1815 4052 1871 τὰ

686 1927 737 1980 et
783 1937 885 1976 non
931 1919 1198 1991 accipitis,
1230 1918 1359 1990 quia
1397 1917 1531 1973 male
1555 1916 1773 1988 petilisf
1805 1957 1817 1970 .
1850 1914 2101 1973 Postulat
2144 1913 2335 1985 itaque

695 2010 935 2064 sanctus
954 2001 1206 2062 antistes
1227 2018 1297 2061 ea
1318 2016 1455 2077 quae
1485 2005 1620 2058 sunt
1640 1996 1922 2058 divinitus
1939 1995 2249 2076 promissa,
2274 2000 2336 2059 et

686 2099 933 2172 accepta
945 2101 1084 2151 sunt
1096 2093 1246 2169 Deo,
1262 2085 1969 2164 omninoquelargienda;
1987 2085 2329 2147 etaﬂ'ectum

687 2179 1068 2260 benignitatis
1085 2196 1208 2240 suae
1228 2176 1693 2240 clementissimo
1719 2175 1840 2237 Dco
1870 2193 1939 2237 ac
1971 2175 2331 2255 paesentibus

689 2269 969 2334 omnibus
998 2275 1203 2348 aperte
1246 2267 1578 2345 declarans,
1613 2283 1883 2346 quaenam
1926 2264 2085 2327 bona
2144 2267 2327 2329 sancti

685 2358 960 2438 adepturi
981 2357 1100 2421 sint
1118 2356 1401 2419 insinuat.
1435 2356 1664 2419 Eodem
1691 2355 1867 2416 modo
1893 2354 2192 2417 antistites
2218 2355 2328 2418 ha-

683 2447 833 2513 bent
863 2455 1209 2529 potestatem
1247 2444 1622 2525 segregandi,
1654 2452 1933 2525 tanquam
1966 2445 2331 2526 interpretes

684 2537 1016 2600 divinarum
1025 2537 1537 2617 justiﬁcationum;
1565 2553 1684 2597 non
1706 2535 1863 2615 quod
1887 2534 2328 2597 irrationalibus

684 2625 1396 2706 motibussapientissima
1413 2624 1688 2687 divinitas
1713 2623 2010 2687 serviliter
2023 2629 2114 2704 (ut
2133 2626 2324 2688 bone-

685 2726 774 2780 ste
799 2716 1068 2793 dixerim)
1112 2714 1498 2796 obsequatur,
1519 2715 1627 2777 sed
1667 2714 1825 2791 quod
1858 2715 2098 2795 ipsimet
2116 2718 2327 2795 spiritu

683 2808 1096 2888 mysteriorum
1133 2805 1464 2885 principali,
1491 2822 1525 2865 a
1548 2824 1667 2885 quo
1707 2804 1783 2866 ad
1811 2804 2326 2884 interpretandum

684 2903 998 2958 moventur
1027 2912 1062 2957 ι
1093 2895 1241 2969 Deo,
1275 2911 1382 2974 pro
1405 2892 1635 2955 meritis
1663 2893 1962 2972 judicatos
1986 2903 2326 2958 secernant.

679 2994 921 3066 Accipite
977 2990 1151 3054 enim.
1212 2991 1414 3063 inquit,
1446 2988 1704 3063 Spiritum
1744 2996 2039 3050 sanctum:
2095 3009 2331 3064 quorum

680 3075 1054 3139 remiseritt's
1079 3081 1344 3153 peccatu,
1375 3072 1774 3135 remittuntur
1801 3072 1886 3134 eis
1913 3089 1929 3147 ;
1961 3079 2018 3136 et
2064 3091 2328 3152 quorum

680 3164 1099 3257 retinueritis,
1126 3168 1364 3224 retenta
1381 3168 1523 3257 sunt
1547 3174 1597 3223 ε.
1797 3171 1856 3223 et
1886 3162 2075 3257 ei,qui
2099 3163 2328 3227 divinas
2349 3206 2389 3257 ο

680 3252 1075 3318 revelationes
1089 3269 1122 3313 a
1136 3251 1597 3331 supremoPatre
1609 3249 1993 3332 didicerat,in
2006 3249 2330 3334 Scripturis

682 3343 934 3408 dicitur:
964 3341 1366 3421 Quodcunque
1399 3340 1681 3421 ligaveris
1709 3358 1890 3420 super
1923 3349 2179 3420 terram,
2213 3346 2330 3406 erit

683 3434 936 3517 ligatum
967 3438 1023 3496 et
1058 3434 1123 3495 in
1155 3430 1323 3494 caelis
1358 3451 1375 3507 ;
1408 3438 1461 3492 et
1491 3431 1891 3511 quodcunque
1937 3433 2189 3495 solveris
2217 3453 2328 3496 su-

674 3542 791 3607 per
846 3530 1090 3598 terram,
1153 3526 1276 3584 erit
1332 3519 1601 3583 solutum
1659 3522 1811 3583 etin
1843 3521 2007 3585 cwlis
2035 3525 2085 3604 ιι,
2130 3523 2211 3585 ita
2269 3532 2331 3587 ut

681 3614 811 3695 ille,
844 3612 1162 3693 omnisque
1192 3610 1452 3692 pontifex
1479 3610 1570 3672 illi
1620 3610 1860 3686 similis,
1897 3613 2065 3692 juxta
2094 3615 2327 3676 revela-

683 3703 878 3765 tiones
923 3710 1300 3783 paternarum
1322 3700 1820 3780 justiﬁcationum
1872 3701 1987 3764 sibi
2041 3702 2326 3781 indultas,

690 3797 858 3874 quasi
884 3790 1184 3872 interpres
1211 3808 1279 3852 ac
1305 3790 1560 3871 portitor
1582 3789 1705 3853 Deo
1735 3791 1944 3853 charos
1974 3790 2331 3870 admittat,et

683 3882 900 3963 impios
913 3880 1432 3957 excludat.Neque
1444 3878 1602 3941 enim
1618 3890 1885 3942 sanctam
1905 3880 2067 3943 illam
2082 3880 2185 3945 Dei
2202 3901 2332 3963 pro-

682 3970 1032 4052 fessionem,
1057 3977 1123 4031 ut
1144 3969 1383 4051 eloquia
1404 3976 1887 4049 testantur,motu
1911 3972 2175 4054 praprio,
2194 3992 2331 4036 car-

685 4079 833 4125 neve
854 4068 959 4123 aut
979 4058 1265 4140 sanguine
1286 4056 1709 4140 revelantibus,
1725 4058 1827 4121 sed
1847 4080 1881 4121 a
1911 4063 2031 4124 Deo
2053 4061 2333 4143 spiritali-

686 4159 779 4215 ter
804 4151 969 4214 illum
994 4149 1302 4212 imbuente
1329 4147 1670 4229 perdoctus,
1691 4151 2109 4228 pronuntiavit.
2138 4154 2335 4227 Quare

685 4241 907 4305 sanctis
931 4237 1302 4302 antistitibus
1330 4246 1445 4299 tam
1478 4238 1826 4317 segregandi
1859 4258 2035 4319 quam
2068 4244 2201 4305 aliis
2232 4263 2331 4306 sa-

686 4332 802 4394 cris
832 4328 1210 4393 facultatibus
1241 4328 1549 4402 utendum,
1592 4339 1772 4407 prout
1809 4327 1953 4409 ipsis
1993 4331 2331 4396 divinorum

685 4428 893 4484 auctor
917 4418 1341 4499 mysteriorum
1368 4416 1648 4479 divinitus
1671 4418 1810 4477 970
1833 4419 2157 4501 inspirarit.
2175 4422 2335 4486 Pon-

2416 1907 2647 1973 θειωδῶς
2700 1908 3077 1989 ἐπηγγελμένα
3114 1912 3200 1967 καὶ
3227 1910 3351 1991 φίλα
3409 1917 3544 1985 Θεῷ,
3591 1910 3678 1967 καὶ
3708 1908 3917 1970 πάντως
3948 1904 4051 1961 δω-

2416 2000 2777 2077 ρηθησόμενα*
2841 2002 2929 2057 καὶ
2980 2002 3039 2057 τὸ
3091 2006 3191 2068 τῆς
3251 2001 3444 2067 οἰκείας
3514 1998 3847 2079 ὰγαθοειδοῦς
3906 1996 4049 2063 ἕξεως

2415 2088 2703 2155 ἐπιδεικνὺς
2756 2096 2833 2163 τῷ
2862 2089 3136 2169 φιλαγσίθῳ
3194 2098 3331 2171 Θεῷ,
3365 2093 3454 2148 καὶ
3508 2104 3627 2153 τοῖς
3658 2095 3912 2167 παροῦσιν
3961 2086 4048 2142 ἐκ·

2414 2184 2741 2257 φαντορικῶς
2773 2178 3038 2258 ἐμφαίνων
3081 2182 3146 2238 τὰ
3176 2181 3297 2245 τοῖς
3351 2182 3515 2246 ὁσίοις
3547 2180 3610 2230 73
3639 2178 3866 2253 ἐσόμενκ
3896 2173 4048 2254 δῶρα.

2415 2268 2562 2326 Οὕτω
2620 2270 2827 2333 καὶτὰς
2883 2270 3227 2350 ἆφοριστικὰς
3289 2269 3505 2351 ἔχουσιν
3536 2274 3580 2329 οἱ
3628 2273 3874 2350 ἱεραρχαι
3905 2266 4054 2324 δυνά-

2415 2380 2557 2438 μεις,
2613 2360 2685 2423 ὡς
2740 2358 3106 2438 ἐκφαντὸρικοὶ
3158 2362 3265 2418 τῶν
3311 2363 3464 2418 θείων
3507 2360 3905 2438 δικαιωμάτων,
3957 2357 4053 2436 οὔχ

2413 2451 2486 2511 ὡς
2516 2462 2638 2511 ταῖς
2671 2448 2841 2507 αῦτῶν
2873 2449 3088 2527 ἀλόγοις
3149 2451 3349 2528 ὁρμαῖς
3382 2451 3478 2519 τῆς
3508 2450 3784 2530 πανσόφου
3814 2447 4052 2527 θεαρχίας

2412 2540 2683 2617 (εὐφήμως
2738 2539 2938 2618 εἰπεῖν)
2966 2541 3299 2618 ὑπηρετικῶς
3361 2540 3653 2621 ἑπομένης,
3686 2537 3811 2597 ἀλλ’
3841 2541 3913 2604 ὡς
3963 2536 4055 2593 αῦ-

2411 2635 2516 2686 τῶν
2546 2630 2888 2709 ὑποφητὶκὼς
2933 2631 3266 2688 ῦποκινοῦντι
3298 2639 3374 2706 τῷ
3425 2630 3793 2710 τελεταρχικῷ
3820 2627 3878 2687 7‘.
3901 2626 4054 2684 πνεῦ-

2411 2741 2538 2794 ματι
2569 2721 2689 2783 τοὺς
2741 2718 3078 2798 κεκριμένους
3138 2724 3251 2777 Θεῶ
3294 2718 3413 2779 κατ’
3471 2720 3624 2787 ἀξίαν
3681 2719 4051 2802 ἀφοριζόντων.

2411 2806 2608 2865 Λάϐετε
2648 2809 2770 2886 γὰρ,
2805 2810 2957 2888 φησί,
2990 2811 3050 2865 τὸ
3101 2816 3314 2887 Πνεῦμα
3350 2832 3410 2868 το
3472 2811 3648 2890 ἅγιον*
3702 2810 3767 2867 ἄν
3797 2830 3946 2866 τινων
4000 2805 4058 2857 75

2412 2897 2584 2976 ἀφῆτε
2651 2898 2745 2962 τὰς
2798 2898 3076 2976 ἁμαρτίας,
3143 2899 3407 2979 ἀφίενται’
3469 2900 3531 2957 ἅν
3593 2923 3755 2957 τινων
3811 2903 4053 2979 κρατῆτε,

2411 2985 2788 3065 κεκράτηνται.
2832 2990 2930 3045 Καὶ
2961 2992 3036 3062 τῷ
3062 2990 3161 3055 τὰς
3187 2990 3324 3053 θείας
3356 2990 3723 3067 ἀποκαλύψεις
3755 3000 3848 3050 τοῦ
3889 3010 4055 3046 πανα-

2411 3078 2669 3156 γεστάτου
2727 3078 2928 3155 Πατρὸς
2981 3077 3374 3155 ἐλλαμπομένῳ
3420 3081 3485 3139 τὰ
3539 3079 3702 3160 λογιέ
3748 3096 3931 3161 φησιν’
3986 3076 4056 3135 ”Ο

2412 3168 2504 3225 ἐὰν
2566 3165 2735 3243 δήσῃς
2795 3166 2880 3224 ἐπὶ
2928 3173 3025 3235 τῆς
3101 3174 3229 3249 γῆς,
3292 3168 3437 3228 ἔσται
3497 3169 3775 3246 δεδεμένον
3831 3170 3885 3226 ἐν
3949 3180 4057 3230 τοϊς

2411 3258 2655 3335 οὐρανοῖς
2712 3254 2795 3306 73°
2853 3258 2941 3313 καὶ
2991 3258 3021 3313 ’6
3076 3257 3165 3314 ἐὰν
3222 3258 3384 3328 λύσής
3441 3259 3526 3317 ἐπὶ
3573 3267 3673 3337 τῇς
3738 3263 3864 3339 γῆς,
3920 3258 4057 3315 ἔσται

2411 3345 2694 3423 λελυμένον
2752 3350 2805 3403 ἐν
2837 3359 2952 3409 τοϊς
3006 3347 3273 3423 οὗρανοῖς*
3324 3351 3395 3416 ὡς
3449 3350 3648 3406 ἐκείνου
3701 3347 3764 3399 77
3790 3350 3876 3407 καὶ
3928 3371 4060 3405 παν-

2412 3442 2502 3503 τὸς
2561 3440 2654 3495 τοῦ
2682 3435 2801 3493 κατ’
2834 3437 2991 3494 αῦτόν
3051 3439 3326 3519 ἱεραρχου,
3363 3439 3497 3501 κατὰ
3526 3441 3620 3504 τὰς
3673 3439 3733 3497 ὲν
3778 3438 3918 3497 αῦτῶ
3970 3459 4059 3517 γε-

2412 3528 2635 3606 νομένας
2682 3527 2753 3577 78
2775 3530 2880 3586 τῶν
2939 3530 3211 3605 πατρικῶν
3242 3527 3618 3605 δικαιωμάτων
3674 3528 4059 3603 ἀποκαλύψεις,

2411 3618 2800 3698 ἐκφαντορικῶς
2858 3618 2945 3675 καὶ
2976 3616 3457 3694 διαπορθμευτικῶς
3516 3618 3634 3685 τοῦς
3703 3641 3763 3678 τε
3809 3617 4060 3700 θεοφίλεϊς

2412 3709 2783 3789 προσιεμένου,
2846 3709 2937 3765 καὶ
2994 3709 3116 3773 τοὺς
3195 3708 3379 3774 ἀθέους
3437 3708 3907 3790 ἀποπληροῦντος.
3971 3708 4063 3765 Καὶ

2411 3798 2510 3866 την
2567 3799 2710 3875 ἱερὰν
2739 3799 2838 3877 γὰρ
2896 3798 3102 3865 ἐκείνην
3130 3798 3424 3878 θεολογίαν,
3459 3802 3533 3866 ὡς
3577 3801 3642 3856 τὰ
3698 3800 3857 3880 λογιά
3884 3819 4060 3880 φησιν,

2414 3888 2509 3946 οὔκ
2541 3889 2931 3962 αὐτοκινήτως,
2958 3886 3073 3945 οὒδέ
3133 3890 3326 3966 σαρκὸς
3357 3891 3444 3946 καὶ
3494 3890 3736 3967 αἳματος
3794 3888 4064 3948 ἀποκαλυ-

2415 3980 2653 4056 ψάντων,
2684 3974 2804 4034 ἀλλ’
2834 3977 2936 4034 ὑπὸ
2969 3985 3100 4034 Θεοῦ
3130 3984 3337 4045 νοητῶς
3368 3980 3526 4038 αὒτὸν
3575 3981 3642 4036 τὰ
3671 3984 3794 4039 θεῖα
3825 3981 4063 4056 μυήσαν-

2414 4090 2503 4133 τος
2560 4065 2945 4146 ἀπεφθέγξατο.
3007 4068 3135 4132 Τοὺς
3197 4068 3294 4144 μὲν
3360 4069 3447 4126 οὗν
3505 4069 3717 4135 ἐνθέους
3793 4070 4061 4149 ςερεὶρχας,

2418 4160 2553 4217 οὓτω
2602 4158 2688 4214 καὶ
2716 4170 2835 4221 τοῖς
2886 4157 3234 4237 ἀφορισμοϊς,
3267 4160 3353 4216 καὶ
3414 4160 3609 4224 πάσαις
3665 4174 3791 4226 ταῖς
3823 4162 4061 4239 ἷεραρχι-

2417 4261 2540 4312 κατς
2592 4245 2838 4323 δυνάμεσι
2870 4251 3161 4328 χρηστέον,
3196 4247 3341 4312 ὅπως
3373 4248 3434 4305 ἂν
3465 4252 3499 4318 ἡ
3530 4248 3851 4330 τελετάρχις
3884 4248 4058 4308 αὐτοὺς

2414 4339 2637 4419 θεαρχία
2687 4339 2922 4407 κινήσοι·
2954 4338 3076 4401 τοὺς
3121 4338 3175 4394 δὲ
3206 4338 3399 4404 ἄλλους
3432 4338 3571 4397 οὕτω
3612 4344 3735 4406 τοῖς
3766 4340 4059 4418 ἱεράρχαις,

2417 4429 2471 4486 ἐν
2528 4432 2612 4493 οἷς
2672 4427 2732 4485 ἂν
2792 4426 2980 4506 δρῶσιν
3029 4431 3375 4510 ἱεραρχικῶς,
3437 4431 3787 4511 προσεκτέον,
3838 4430 3911 4492 ὡς
3966 4427 4062 4483 ὑπὸ

687 4510 879 4622 titices
901 4517 1099 4622 autem
1129 4509 1212 4571 ita
1229 4506 1459 4622 caeteris
1480 4514 1618 4569 sunt
1639 4507 1991 4622 observa'udi
2020 4511 2081 4573 in
2106 4512 2181 4574 iis
2201 4533 2337 4596 quae
2357 4568 2404 4622 ο
2420 4526 2458 4577 Θ

2289 4519 2567 4622 ωοΘεοῦ,
2595 4516 2973 4594 κεκινημένους
3020 4517 3102 4568 79'
3254 4519 3449 4577 ἀθετῶν
3482 4506 3607 4597 Ἵγὰρ
3665 4506 3831 4596 ὑμᾶς,
3884 4517 4058 4597 φησὶν,

688 4608 752 4663 ut
778 4597 1093 4680 pontiﬁces
1118 4605 1356 4678 gerunt,
1388 4604 1663 4678 tanquam
1689 4597 1805 4678 ipsi
1828 4616 1861 4660 ιι
1881 4597 2004 4662 Deo
2048 4622 2332 4668 movean-

688 4695 807 4752 tur.
844 4687 971 4766 ραι
1000 4687 1187 4764 enim,
1219 4685 1437 4769 inquit,
1472 4703 1575 4749 vos
1602 4688 1856 4768 spernit,
1889 4707 1984 4753 me
2011 4698 2290 4773 spernit‘.

2419 4609 2514 4685 ἐμὲ
2546 4608 2737 4672 ἆθετει,

2262 4864 2292 4940 ἕ
2336 4861 2492 4928 VIII.

769 5010 884 5076 Sed
903 5012 1029 5095 jam
1058 5012 1131 5076 ad
1163 5030 1257 5095 ea,
1290 5029 1422 5094 quae
1439 5010 1657 5074 dictam
1682 5014 2083 5093 precationem
2117 5019 2335 5083 subse-

687 5108 976 5184 quuntur,
1011 5108 1335 5166 veniamus.
1363 5099 1476 5166 Ubi
1499 5101 1762 5182 pontifex
1786 5122 1915 5167 eam
1935 5106 2147 5191 finivit,
2171 5110 2335 5192 ipse-

2499 5021 2648 5081 Ἀλλ’
2705 5020 3075 5096 ἐπανέλθωμεν
3130 5021 3201 5083 εἰς
3244 5021 3337 5085 τὰς
3397 5026 3493 5090 της
3547 5020 3835 5102 εἰρημένης
3899 5018 4059 5101 εῦχῆς

2416 5110 2676 5171 ἀκόλουθα
2697 5113 2778 5173 80.
2814 5112 3042 5176 Γελέσας
3088 5110 3187 5191 γὰρ
3216 5112 3378 5182 αὐτὴν
3430 5114 3458 5170 6
3488 5113 3776 5193 ἱεράρχης,
3810 5110 3965 5177 αὐτός
4005 5129 4059 5168 τε

769 5263 944 5328 Hac.
987 5274 1068 5341 tv,
1101 5267 1163 5329 3.
1218 5262 1431 5327 sJoan.
1470 5280 1571 5340 xx,
1604 5264 1704 5326 9‘2.
1766 5266 2022 5333 hMatth.
2059 5286 2177 5352 xvr,
2218 5272 2314 5332 19.
2376 5272 2560 5337 'Luc.
2596 5294 2654 5348 χ,
2696 5274 2789 5339 16.

2013 5432 2281 5496 VARle
2322 5432 2735 5500 LECTIONES

759 5533 1233 5633 W‘Ex'pzivmvz‘l’.
1387 5532 1449 5585 7°
1479 5534 2021 5633 eiutﬂ.n7'h€ns"t_f-’J
2051 5542 2213 5633 μόνον
2246 5547 2345 5610 τῆς
2375 5545 2536 5633 ὑποφ,
2556 5542 2646 5633 ἘῙ.
2708 5541 2874 5633 S_§ot.
2942 5542 2997 5587 ’⁷³
3027 5541 3340 5622 ἐξαιτεϊται,
3379 5543 3446 5606 D.
3513 5540 3565 5587 73
3593 5554 3719 5633 τοῖς
3752 5543 3952 5621 ἁγίοις.
3986 5535 4051 5598 Ρ.

678 5615 1086 5715 ἶξτελετάρχῃ,
1115 5617 1651 5715 Ρᾌῗδτξεαχητινων,
1688 5615 1759 5715 8.,
1788 5620 1858 5682 Ρ.
1916 5617 1980 5715 7E
2016 5628 2094 5715 ξεῖ)
2126 5624 2378 5715 3.397259,
2412 5615 2644 5715 :Sc1
2820 5626 2914 5715 (1)5-
2934 5625 3086 5703 ἁγίου
3116 5615 3494 5706 εῦαγγελιστοῦ
3534 5620 3759 5704 ἐκείνου,
3802 5615 3900 5686 ᾟί.
3958 5620 4048 5683 Sc.

688 5698 754 5751 79
777 5695 1081 5781 γινομένας,
1114 5696 1176 5764 S.
1207 5695 1272 5762 Ρ.
1308 5699 1381 5762 D.
1405 5696 1470 5749 79
1499 5699 1899 5777 κεκινημένοις,
1934 5701 1998 5765 S.
2028 5699 2094 5764 Ρ.
2124 5695 2223 5765 D.’
2261 5695 2396 5764 “liv
2427 5695 2494 5788 τῇ,
2524 5703 2831 5782 ἀκολουθίᾳ,
2854 5704 2938 5769 Μ.
