4490 6164
673 346 789 414 567

1858 341 1918 408 S.
1967 341 2309 410 DIONYSII
2361 340 2896 407 AREOPAGITE.

3934 335 4040 406 568

671 480 817 544 dant
842 495 859 556 ;
891 492 1086 558 neque
1111 471 1304 539 minus
1325 475 1643 542 ridiculum
1677 482 1772 538 est
1792 475 1954 557 quod
1975 474 2082 537 alii
2115 491 2218 554 pro
2247 474 2320 535 iis
2342 482 2380 532 Α
2405 498 2444 553 γι

2258 474 2759 554 ἰίεΑγελοιότερον,
2821 477 2894 538 ὼς
2972 474 3100 554 ὑπὲρ
3160 476 3332 532 αὖτὼν
3388 472 3556 553 ἕτεροι
3623 474 3716 531 τὰς
3775 475 4031 553 ἀποταγάς

679 567 1218 630 abrenuntiationes
1235 581 1540 639 sacrasque
1557 566 1877 639 profession
1887 580 1946 623 es
1960 563 2337 637 pronuntient

684 659 912 724 Verum
957 677 1076 720 non
1126 665 1360 740 Oportet
1401 666 1556 719 tuam
1620 664 1882 718 sanctam
1949 655 2332 737 prudentiam

680 751 987 814 erantibus
1015 748 1334 830 indignari,
1374 747 1480 809 sed
1514 747 1792 825 religiose
1813 745 1885 808 ad
1919 764 2124 808 eorum
2158 745 2332 808 insti-

686 842 984 904 tutionem
1039 858 1174 903 cum
1230 838 1524 900 cbaritate
1578 837 1868 898 rationem
1930 835 2210 912 reddere,
2274 845 2332 897 et

681 931 1054 1011 objectiones
1087 947 1296 992 eorum
1331 928 1565 989 solvere
1602 946 1617 1003 ;
1684 933 1862 1000 atque
1892 924 2042 988 illud
2086 925 2335 1006 insuper

683 1024 1018 1089 secundum
1045 1041 1274 1087 sacram
1317 1021 1686 1084 sanctionem
1751 1018 1998 1093 addere,
2033 1019 2333 1100 quomodo

683 1113 884 1177 divina
906 1114 1106 1176 omnia
1135 1130 1509 1193 nequaquam
1533 1117 1734 1172 nostra
1751 1107 2148 1188 intelligentia
2173 1127 2337 1171 com-

685 1201 1092 1265 mensuranda
1114 1200 1390 1276 sunt,sed
1416 1199 1670 1281 plurima
1702 1217 1833 1281 quae
1851 1216 1959 1259 nos
1991 1197 2177 1260 latent
2200 1215 2336 1263 cau-

687 1310 781 1354 sas
809 1291 1030 1354 habere
1062 1291 1184 1354 Deo
1217 1289 1450 1371 dignas,
1487 1307 1640 1370 quas
1671 1307 1779 1350 nos
1811 1286 2052 1368 quidem
2086 1288 2332 1367 ignore-

687 1399 1052 1449 mus,verum
1069 1381 1140 1443 ab
1163 1380 1475 1443 ordinibus
1493 1379 1664 1441 nobis
1684 1375 2192 1459 praestantioribus
2205 1396 2335 1458 per-

687 1473 896 1551 Spicue
913 1469 1646 1551 cognoscantur.Plurima
1664 1469 1805 1532 item
1826 1469 2338 1549 latentsupremas

686 1561 819 1624 illas
833 1561 1408 1640 sublimissimasque
1427 1559 1951 1638 substantias,quae
1971 1557 2080 1620 soli
2102 1558 2338 1638 sapien-

690 1650 1447 1732 tissimaesapientificaeque
1472 1648 1766 1709 divinitati
1791 1656 1924 1710 nota
1940 1649 2334 1710 sunt.Verum

691 1751 890 1802 tamen
913 1743 1022 1804 hac
1035 1741 1110 1802 de
1127 1758 1192 1800 re
1212 1739 1266 1800 id
1282 1757 1519 1820 quoque
1533 1739 1811 1810 dicimus,
1831 1739 1988 1815 quod
2015 1737 2338 1801 deiformes

2417 566 2661 645 φασι,καὶ
2689 565 2781 628 τὰς
2812 563 2951 644 ἱερὰς
2998 565 3308 643 ὁμολογίας.
3373 571 3469 620 Δεῖ
3497 561 3552 620 δὲ
3587 563 3686 634 τὴν
3719 565 3816 632 σὴν
3869 567 4038 645 ἱεραρ-

2417 655 2586 734 χικὴν
2628 655 2834 711 σύνεσιν
2868 656 2946 730 μὴ
2975 653 3321 734 χαλεπαίνειν
3339 653 3423 711 ἐπὶ
3456 667 3569 715 τοῖς
3602 653 4038 730 πεπλανημένοις,

2417 744 2538 801 ἀλλ’
2601 741 2844 809 εὗλαϐὦς
2897 767 2953 801 τε
3011 746 3124 820 ἅμα
3182 745 3270 800 καὶ
3326 748 3425 811 τῆς
3489 745 3658 801 αὐτῶν
3710 745 4043 825 φωταγωγίας

2420 836 2582 914 χάριθ
2617 834 2967 912 ἀγαπητικῶς
2999 833 3383 912 ἀπολογεῖσθαι
3441 835 3572 913 πρὸς
3627 835 3721 900 τὰς
3750 833 3837 890 ὕπ’
3885 835 4043 891 αὒτῶν

2419 923 2822 1004 προφερομένας
2905 924 3172 992 ἐνστάσεις
3260 923 3570 1004 προτιθέντα
3620 923 3686 974 90
3750 925 3834 981 καὶ
3902 946 4042 982 τουτο

2417 1016 2554 1073 κατὰ
2612 1016 2808 1090 θεσμὸν
2865 1017 3026 1096 ἱερὸν,
3078 1018 3151 1080 ὡς
3208 1019 3303 1074 οὐκ
3364 1013 3420 1070 ἐν
3447 1021 3516 1091 τῇ
3545 1013 3668 1072 καθ’
3692 1017 3832 1091 ἡμᾶς
3863 1015 4041 1092 γνώσει

2418 1105 2590 1162 πάντα
2645 1105 2712 1161 τὰ
2767 1108 2888 1163 θεῖα
2947 1105 3346 1185 περιγράφεται,
3422 1103 3596 1162 πολλὰ
3666 1103 3719 1161 δὲ
3793 1110 3900 1162 τῶν
3965 1103 4042 1183 ὑφ’

2417 1198 2573 1271 ἡμῶν
2603 1195 2997 1273 ἀγνοοομένωνε
3033 1196 3200 1260 αἰτίας
3261 1195 3380 1276 ἔχει
3423 1199 3762 1276 θεοπρεπεῖς,
3796 1196 3928 1271 ἡμῖν
3956 1193 4044 1258 μὲν

2417 1284 2759 1364 ἠγνοημένοις
2792 1283 2867 1357 91,
2945 1285 3233 1354 ἑπιστητὰς
3293 1283 3348 1341 δὲ
3414 1299 3536 1350 ταῖς
3592 1287 3748 1360 ἡμῶν
3793 1285 4038 1362 κρείττοσι

2419 1375 2619 1440 τάξεσι.
2657 1374 2837 1434 Πολλὰ
2867 1373 2919 1432 δὲ
2953 1378 3040 1433 καὶ
3093 1377 3187 1439 τὰς
3245 1374 3538 1454 ὑπερτάτας
3599 1375 3774 1441 οὗσίας
3830 1373 4033 1454 λέληθε,

2418 1467 2507 1522 καὶ
2536 1467 2667 1543 πρὸς
2698 1464 2864 1540 μᾶνης
2929 1464 3156 1543 ἀκριϐῶς
3208 1464 3467 1543 ἔγνωσται
3517 1470 3614 1532 τῆς
3649 1465 3917 1544 πανσόφοο
3970 1467 4049 1520 καὶ

2419 1558 2709 1635 σοφοποιοῦ
2735 1555 2792 1604 99
2813 1559 3089 1636 θεαρχίας,
3124 1555 3272 1626 Πλήν
3328 1578 3412 1636 γε,
3450 1556 3530 1611 ὅτι
3581 1557 3668 1612 καὶ
3719 1558 3836 1634 περὶ
3864 1558 4043 1612 τοῦτοο

2418 1647 2581 1702 ταῦτά
2638 1662 2833 1727 φαμεν,
2881 1647 3016 1725 ἅπερ
3068 1650 3114 1704 οἱ
3170 1644 3420 1708 θεοειδεῖς
3481 1649 3637 1719 ἡμῶν
3689 1645 4047 1724 ἱεροτελεσταὶ,

2421 1737 2554 1814 πρὸς
2599 1736 2693 1803 τῆς
2738 1735 2965 1816 ἀρχαίας
3025 1735 3314 1811 μσηθέντες
3361 1734 3727 1816 παραδόσεως,
3793 1738 3862 1802 είς
3918 1736 4048 1808 ἡμᾶς

692 1839 1092 1911 ρτωοθριοι-οδ
1108 1831 1292 1891 nostri
1323 1837 1395 1891 ab
1418 1830 1659 1909 antiqua
1685 1828 2006 1890 traditione
2025 1839 2335 1908 acceptum
2362 1859 2398 1909 Β
2423 1850 2460 1882 π

2281 1849 2335 1892 m
2362 1859 2398 1909 Β
2423 1829 2732 1904 προήγαγον
2757 1825 2842 1885 95.
2904 1828 3040 1882 Φασὶ
3072 1828 3192 1904 γὰρ,
3229 1826 3358 1902 ὅπερ
3415 1826 3524 1883 ἐστὶ
3576 1827 3662 1882 καὶ
3693 1825 3908 1899 ἀληθὲς,
3945 1824 4046 1898 ὅτι,

692 1921 865 1982 nobis
888 1920 1414 2000 transcripserunt.
1444 1919 1622 1980 Aiunt
1652 1921 1840 1992 enim,
1868 1917 2024 1997 quod
2049 1927 2108 1980 et
2128 1938 2336 1982 verum

695 2017 803 2083 est,
837 2009 1119 2083 infantes,
1144 2014 1191 2068 si
1226 2008 1286 2068 in
1319 2009 1446 2086 lege
1469 2024 1634 2067 sacra
1669 2007 2078 2083 instituantur,
2101 2009 2172 2071 ad
2193 2027 2337 2070 san—

695 2108 853 2161 ctum
886 2098 1069 2160 animi
1101 2105 1313 2159 statum
1346 2105 1733 2177 parventuros
1762 2114 1896 2159 esse
1918 2098 2079 2158 omni
2131 2115 2338 2161 errore

695 2189 940 2262 liberos,
977 2197 1036 2249 et
1065 2187 1194 2249 sine
1241 2187 1362 2248 ullo
1393 2187 1647 2267 impurae
1683 2185 1814 2248 vitae
1856 2186 2147 2266 periculo.
2211 2187 2338 2252 Hoc

699 2278 859 2342 enim
879 2297 1013 2339 cum
1039 2279 1100 2338 in
1122 2284 1384 2340 mentem
1409 2277 1667 2338 venisset
1689 2275 1904 2337 divinis
1932 2276 2150 2340 nostris
2173 2278 2338 2340 insti-

697 2367 1248 2448 tutoribus,placuit
1267 2366 1500 2428 admitti
1526 2384 1740 2446 pueros
1767 2367 1880 2427 hoc
1903 2373 2107 2429 sancto
2134 2369 2334 2451 modo,

697 2466 763 2519 ut
795 2456 974 2518 oblati
1005 2457 1230 2539 parvuli
1264 2464 1538 2537 parentes
1586 2455 1890 2518 naturales
1924 2456 2109 2518 filium
2142 2461 2243 2522 uni
2270 2478 2340 2523 ex

697 2546 978 2610 ﬁdelibus
1009 2546 1270 2628 tradant,
1301 2551 1400 2628 qui
1457 2546 1745 2626 praeclare
1778 2545 1839 2606 in
1894 2546 2110 2609 divinis
2160 2549 2341 2613 rebus

697 2655 946 2717 puerum
980 2636 1350 2717 erudiat,sub
1382 2637 1552 2716 cujus
1585 2636 1869 2714 deinceps
1901 2653 2042 2698 cura
2075 2642 2177 2714 sit,
2205 2647 2339 2700 tan-

701 2746 879 2806 quam
915 2727 1024 2788 sub
1049 2726 1221 2789 Patre
1271 2726 1493 2802 divino,
1522 2734 1858 2808 sanctasque
1889 2727 2099 2790 salutis
2128 2748 2339 2791 susce-

2423 1918 2558 1973 κατὰ
2600 1917 2797 1992 θεσμὸν
2855 1918 2995 1996 ἱερὸν
3066 1916 3372 1994 ἀναγόμενα
3417 1917 3482 1973 τα
3533 1917 3728 1994 βρέφη,
3791 1918 3917 1994 πρὸς
3958 1913 4052 1980 ἕξιν

2421 2008 2562 2083 ἱερὰν
2619 2006 2829 2080 ἥξουσι,
2889 2008 3068 2073 πάσης
3126 2006 3525 2083 ἀποτελούμενοι
3579 2006 3790 2073 πλάνης
3832 2008 3918 2062 καὶ
3963 2005 4051 2060 ἀν-

2426 2097 2564 2174 ιέρου
2593 2102 2739 2166 ζωῆς
2799 2096 3076 2175 ἀπείρατα.
3130 2104 3300 2154 Τοῦτο
3357 2110 3475 2159 τοῖς
3524 2095 3680 2159 θείοις
3714 2098 3870 2171 ἡμῶν
3927 2097 4049 2151 καί]-

2422 2186 2687 2264 ηγεμόσιι
2743 2187 2816 2248 εἷς
2873 2193 2991 2243 νοῦν
3043 2184 3322 2260 έληλυθὸς,
3385 2183 3554 2251 ἔδοξε)
3619 2184 3942 2265 εἰσδέχεσθαι
3997 2184 4056 2238 τα

2422 2276 2590 2355 βρέφη
2619 2276 2755 2331 κατὰ
2812 2273 2961 2331 τόνδε
3009 2277 3099 2333 τὸν
3150 2277 3289 2353 ἱερὸν
3346 2275 3567 2356 τρόπον,
3599 2275 3742 2332 ὥστε
3773 2277 3891 2339 τοὺς
3922 2294 4061 2354 φυσι-

2421 2367 2546 2430 κοὺς
2606 2372 2697 2422 τοῦ
2760 2365 3162 2444 προσαγομένοο
3216 2365 3402 2429 παιδὸς
3479 2365 3666 2444 γονέας
3728 2362 4055 2443 παραδιδόναι

2422 2457 2514 2512 τὸν
2552 2453 2714 2512 παῖδά
2745 2476 2844 2511 τινι
2874 2458 2979 2511 τῶν
3011 2455 3369 2531 μεμυημένων
3429 2455 3607 2534 αγαθῷ
3668 2457 3736 2512 τὰ
3759 2459 3879 2512 θεῖα
3933 2475 4056 2510 παι·-

2423 2545 2486 2604 δα
2502 2552 2677 2623 γωγῶ,
2711 2545 2798 2601 καὶ
2853 2547 2915 2601 τὸ
2963 2544 3152 2602 λοιπὸν
3206 2544 3296 2602 ὑπ’
3353 2549 3494 2619 αὒτῷ
3526 2548 3618 2602 τὸν
3662 2544 3834 2603 παῖδα
3870 2543 4054 2616 τελεῖν,

2423 2639 2494 2700 ὡς
2547 2637 2649 2691 ὑπὸ
2697 2634 2819 2708 θείῳ
2877 2637 3033 2712 πατρὶ
3113 2637 3200 2693 καὶ
3259 2639 3523 2713 σωτηρίας
3590 2637 3734 2714 ἱερᾶς
3793 2633 4054 2712 ἀναδὸχῳ.

2428 2734 2614 2785 Τοῦτον
2655 2728 2742 2781 οὗν
2797 2725 2823 2780 ὀ
2879 2726 3137 2806 ἱεράρχης
3198 2725 3562 2803 ὁμολογοῦντα
3619 2726 3757 2784 κατὰ.
3786 2725 3882 2792 τὴν
3929 2722 4059 2801 ἱερὰν

698 2826 891 2898 ptore.
924 2817 1092 2879 Hunc
1122 2816 1323 2899 itaque
1353 2816 1622 2891 antistes,
1645 2825 1850 2879 sancte
1882 2819 2338 2897 promittentem
2422 2815 2471 2871 an

2281 2839 2338 2882 m
2422 2815 2638 2892 ἀνάγειν
2697 2813 2761 2864 96
2801 2815 2894 2871 τὸν
2944 2814 3110 2872 παῖδα
3154 2817 3321 2886 ζωὴν,
3383 2815 3608 2873 ἀπαιτεῖ
3639 2816 3734 2880 τὰς
3793 2813 4051 2890 ἀποταγὰς

701 2925 764 2968 se
781 2925 1028 2986 puerum
1058 2906 1132 2968 ad
1155 2914 1416 2968 sanctam
1439 2905 1615 2967 vitam
1647 2905 2141 2984 linformaturum,
2171 2907 2346 2988 jubet
2428 2906 2474 2979 δι

2289 2917 2346 2971 et
2428 2904 2784 2984 ὁμολογῆσαι,
2858 2907 2944 2962 καὶ
3001 2905 3096 2969 τὰς
3161 2906 3302 2984 ἱερὰς
3361 2904 3678 2983 ὁμολογίας,
3747 2907 3870 2985 οὔχ,
3905 2906 3974 2965 ὡς
4005 2902 4060 2957 ἃν

704 2995 973 3076 proﬁteri
995 2995 1547 3058 abrenuntiationes
1569 3012 1885 3076 sacrasque
1916 2997 2343 3076 professiones;
2429 2993 2477 3050 ἐκ

2290 3018 2343 3076 ε;
2429 2993 2625 3050 ἐκεῖνοι
2657 2993 2924 3073 γελῶντες
2993 3008 3178 3076 φαῖεν,
3212 2995 3375 3056 ἄλλον
3435 2993 3550 3052 ἀντ’
3617 2993 3792 3051 ἄλλον
3835 2995 3897 3050 τὰ
3953 2996 4062 3048 θεῖα

704 3103 822 3147 non
842 3085 1192 3166 enim,ntilli
1213 3084 1677 3146 subsannatores
1691 3085 2067 3160 aiunt,aiium
2093 3105 2200 3168 pro
2225 3087 2344 3150 alio
2429 3108 2477 3157 με

2290 3094 2344 3150 io
2429 3091 2598 3157 μυῶν,
2649 3082 2762 3142 οὐδὲ
2820 3087 2920 3164 γὰρ
2974 3085 3129 3142 τοῦτό
3186 3107 3370 3165 φησιν,
3427 3086 3499 3150 ὡς
3556 3086 3688 3163 ὑπὲρ
3749 3094 3842 3144 τοῦ
3885 3079 4061 3145 παιδος

705 3174 890 3236 rebus
915 3174 1130 3236 divinis
1161 3174 1372 3236 imbuit
1402 3195 1417 3250 ;
1452 3193 1648 3256 neque
1671 3175 1829 3236 enim
1862 3193 2116 3256 sponsor
2149 3177 2294 3239 dicit
2324 3198 2339 3240 :
2363 3227 2406 3279 ο
2430 3176 2478 3254 ἐγ

2279 3187 2294 3239 ι
2324 3198 2406 3279 :C
2430 3176 2537 3254 ἐγὼ
2564 3176 2657 3238 τὰς
2695 3175 2989 3255 ἀποταγὰς,
3023 3175 3058 3244 ἢ
3090 3176 3180 3241 τὰς
3237 3176 3380 3255 ἱερὰς
3440 3175 3732 3254 ὁμολογίας
3789 3183 4052 3248 ποιοῦμαι·

702 3263 823 3344 Ego
856 3282 960 3345 pro
987 3282 1170 3345 puero
1229 3263 1784 3326 abrenuntiationes
1835 3265 2013 3340 facio,
2077 3258 2406 3330 sacrasveu
2435 3266 2475 3322 ἀ]

2288 3258 2406 3330 veu
2435 3265 2550 3322 ἀλλ’
2583 3265 2664 3322 ὅτι
2695 3269 2723 3323 ὁ
2775 3279 2908 3328 παῖς
2968 3266 3325 3323 ἀποτάσσεται
3385 3267 3471 3322 καὶ
3527 3265 3897 3325 συντάσσεταιο
3931 3258 4061 3320 τοῦτ’

706 3355 1131 3434 professiones,
1168 3355 1270 3416 sed
1304 3353 1412 3415 boc
1446 3357 1624 3416 modo
1656 3373 1902 3434 puerum
1931 3356 2145 3418 asserit
2167 3356 2345 3420 abre-
2432 3355 2479 3413 ’éa

2290 3376 2345 3420 3-
2432 3355 2597 3414 ἔστιν’
2622 3347 2904 3436 Ὀμολογῶ
2933 3357 3023 3412 τὸν
3046 3354 3213 3411 παῖδα
3243 3356 3442 3412 πείσειν
3473 3357 3546 3419 εἷς
3591 3362 3712 3412 νοῦν
3742 3357 3879 3433 ἱερὸν
3905 3353 4063 3430 ἰόντα,

705 3446 986 3507 nuntiare
1009 3462 1076 3506 ac
1110 3444 1474 3526 proﬁteri;ac
1503 3447 1550 3506 si
1575 3444 2062 3507 dicatzProfiteor
2085 3465 2180 3508 me
2210 3447 2348 3510 huic
2430 3471 2478 3504 τε

2296 3449 2348 3510 ic
2430 3461 2554 3512 ταῖς
2609 3445 2770 3522 ἐμαῖς
2826 3445 3020 3508 ἐνθέοις
3073 3446 3412 3526 ἀναγωγαῖς,
3475 3443 3834 3510 ἀποτάξασθαι
3886 3443 4065 3519 θόμὲν

715 3552 928 3615 puero,
963 3552 1098 3595 cum
1125 3552 1230 3615 per
1258 3543 1487 3596 aetatem
1521 3532 1856 3613 intelligere
1888 3552 2054 3597 sacra
2107 3537 2344 3616 poterit,
2431 3538 2488 3596 ὁλ

2292 3538 2344 3614 it,
2431 3538 2626 3600 ὁλικῶς
2677 3549 2792 3600 τοῖς
2853 3537 3135 3614 ἐναντίοις,
3197 3534 3529 3614 ὁμολογῆσαι
3560 3533 3615 3590 δὲ
3667 3537 3758 3592 καὶ
3799 3533 4065 3614 ὶνεργῆσὰι

711 3623 932 3685 divinis
955 3625 1104 3685 meis
1125 3621 1595 3685 institutionibus
1614 3626 2354 3704 persuasurum,utadver-
2434 3630 2484 3685 τε

2292 3645 2354 3689 ιτ-
2434 3630 2528 3692 τὰς
2571 3628 2709 3691 θείας
2755 3625 3062 3704 ὁμολογίας.
3100 3624 3256 3684 Οὐδὲν
3288 3629 3397 3699 οὖν,
3446 3627 3518 3690 ὡς
3576 3625 3765 3703 οἶμαι,
3798 3627 3858 3682 τὸ
3881 3624 4065 3682 ἄτοπον

713 3711 888 3774 sariis
915 3715 1185 3774 nuntium
1205 3713 1449 3774 omnino
1467 3713 1818 3788 remittat,et
1838 3713 2037 3776 divina
2058 3717 2354 3797 promissa
2436 3719 2480 3774 εἷ

2298 3735 2354 3779 sa
2436 3719 2480 3774 εἷ
2510 3717 2645 3774 κατᾶ
2669 3717 2810 3773 θείαν
2844 3719 2871 3773 ὁ
2924 3729 3057 3781 παῖς
3115 3715 3400 3794 ἀναγωγὴν
3429 3715 3707 3796 ἀνάγεται,
3743 3715 4071 3794 καθηγεμόνα

709 3802 1082 3883 profiteatur,
1116 3809 1176 3863 et
1227 3803 1511 3865 exsolvat.
1564 3801 1727 3863 Nihil
1789 3820 1951 3882 ergo,
1989 3813 2051 3867 ut
2111 3806 2350 3889 opinor,
2437 3829 2482 3862 κε

2298 3825 2350 3889 ι’,
2437 3808 2524 3863 καὶ
2567 3804 2830 3886 ἀνάδοχον
2859 3807 2998 3882 ἱερὸν
3050 3806 3218 3886 ἔχων,
3253 3803 3358 3870 ἕξιν
3419 3810 3560 3881 αὗτῷ
3607 3809 3713 3864 τῶν
3767 3808 3918 3864 θείων
3975 3804 4066 3879 ἰμ-

710 3889 1036 3953 absurdum
1060 3896 1230 3965 est,si
1253 3890 1328 3953 ad
1359 3890 1622 3953 divinum
1645 3889 1978 3953 institutum
2003 3912 2151 3974 puer
2171 3896 2354 3958 addu-
2437 3921 2483 3954 π‹

2293 3916 2354 3958 u-
2437 3903 2710 3970 ποιοῦντα,
2771 3896 2863 3951 καί
2919 3893 3246 3976 φυλάττοντα
3289 3901 3398 3953 τῶν
3456 3896 3705 3954 ἐναντίων
3776 3897 4065 3976 ἀπείρατον.

710 3979 886 4061 citur,
919 3999 1052 4041 cum
1086 3981 1298 4042 ducem
1341 3999 1408 4042 ac
1440 3997 1790 4060 sponsorem
1843 3981 2056 4044 habeat
2079 3985 2180 4065 qui
2214 4004 2350 4049 eum
2438 3995 2483 4044 M

2296 4004 2350 4049 m
2438 3983 2760 4044 Μεταδίδωσι
2791 3983 2846 4041 δὲ
2888 3993 2964 4060 τῷ
2987 3983 3130 4042 παιδί
3160 3987 3266 4042 τῶν
3321 3989 3474 4066 ἱερῶν
3533 3985 3818 4062 συμϐόλων
3842 3990 3868 4044 ὁ
3898 3985 4065 4064 ἱερᾶρ-

710 4079 768 4134 et
793 4069 1123 4133 divinarum
1153 4089 1350 4132 rerum
1375 4070 1625 4132 scientia
1663 4069 1908 4148 imbuat,
1935 4083 1992 4135 et
2021 4075 2095 4136 ab
2135 4076 2351 4139 adver-
2436 4102 2483 4158 χ¹

2295 4095 2351 4138 r-
2436 4101 2571 4158 χης,
2607 4075 2751 4141 ὅπως
2801 4079 2856 4132 ἓν
2915 4079 3095 4141 αὐτοῖς
3154 4076 3504 4158 ἀνατραφείη,
3561 4079 3650 4133 καὶ
3709 4075 3846 4153 μηδὲ
3913 4076 4068 4154 σχοίη

712 4160 1101 4223 sariistutum
1134 4161 1452 4223 custodiat.
1515 4161 1700 4222 Porro
1729 4165 1862 4222 νη
1913 4165 2173 4244 pontifex
2199 4185 2353 4247 pue-
2438 4176 2485 4240 ζι

2302 4186 2353 4230 5-
2438 4168 2578 4240 ζωὴν
2616 4166 2822 4245 ἑτέραν,
2858 4168 2901 4223 εἰ
2947 4166 3025 4242 μὴ
3078 4166 3176 4234 τὴν
3233 4168 3298 4222 τὰ
3325 4170 3446 4223 θεῖα
3501 4170 3801 4246 θεωροῦσαν
3834 4167 3933 4242 ἀεὶ,
3995 4164 4075 4219 καὶ

712 4269 844 4313 rum
871 4258 1204 4312 consortem
1236 4250 1372 4312 facit
1405 4268 1709 4312 sacrorum
1737 4255 2176 4336 mysteriorum,
2200 4265 2262 4318 ut
2291 4258 2354 4319 in

715 4341 804 4404 eis
833 4339 1143 4420 educetur,
1179 4357 1374 4421 neque
1403 4347 1544 4420 agat
1573 4339 1747 4401 vitam
1779 4341 1978 4424 aliam,
2016 4363 2193 4425 quam
2219 4365 2352 4408 eam

714 4447 847 4512 quae
866 4429 1064 4490 divina
1092 4447 1332 4510 semper
1361 4438 1610 4510 spectet,
1641 4439 1700 4491 et
1763 4431 2108 4511 liujusmodi
2155 4447 2354 4502 sancta

2439 4259 2692 4315 κοινωνὸν
2719 4260 2890 4314 αὖτών
2920 4257 2972 4313 ἐν
3033 4270 3334 4336 προκοπαῖς
3384 4259 3554 4334 ἱεραῖς
3586 4255 3934 4336 γιγνομένην,
3977 4252 4074 4319 ἓξιν

2437 4370 2494 4405 τε
2513 4349 2655 4425 ἱερὰν
2690 4347 2743 4403 ἐν
2772 4349 2978 4412 τούτοις
3017 4347 3306 4427 ἴσχουσαν,
3353 4347 3694 4426 ἀναγομένην
3755 4369 3811 4403 τε
3843 4351 4074 4427 ἱερόπρε-

2438 4447 2552 4504 πῶς
2574 4440 2676 4495 ὑπὸ
2701 4445 2792 4494 τοῦ
2813 4437 3071 4501 θεοειδοῦς
3105 4435 3395 4518 ἀναδόχοο.

714 4519 1137 4668 communione
1170 4519 1645 4601 proﬁciat,atque
1671 4521 1732 4582 in
1754 4521 1846 4582 his
1878 4540 2112 4586 sacrum
2144 4526 2410 4594 habitum
2447 4526 2769 4612 possideat,
2806 4536 2864 4589 et
2895 4544 2928 4590 a
2960 4535 3310 4608 susceptore
3342 4525 3617 4594 deiformi
3651 4527 3917 4591 studiose
3945 4541 4077 4606 pro.

717 4626 922 4668 movca
951 4625 1041 4668 ur.

717 4625 1041 4671 moveatur.

782 4699 899 4758 Ista
924 4699 1163 4769 sunt,mi
1182 4697 1446 4791 ﬁli.tanta
1471 4708 1702 4774 tamque
1728 4701 1994 4772 praeclara
2022 4705 2361 4769 bterarcbize
2383 4719 2428 4772 D
2525 4723 2555 4770 ’Ῑ

2302 4710 2428 4772 iaaD
2525 4719 2784 4791 Τοσαῦτα,
2846 4710 2892 4766 ὦ
2948 4722 3075 4786 παῖ,
3136 4710 3222 4766 καὶ
3282 4708 3420 4766 οὕτω
3463 4705 3601 4765 καλὰ
3654 4707 3751 4775 τῆς
3795 4706 3914 4764 καθ’
3942 4708 4075 4779 ἡμᾶς

716 4801 938 4854 nostra)
956 4789 1634 4882 spectaculauniformia
1659 4792 1802 4854 mihi
1829 4793 2218 4875 manifestata,
2243 4800 2348 4863 sed
2431 4805 2489 4880 ἱιε

2311 4800 2348 4863 d
2431 4803 2704 4882 ἱεραρχίας
2736 4789 2910 4857 ὦπταί
2944 4822 3034 4875 μοι
3069 4799 3135 4855 τὰ
3186 4797 3390 4865 ἐνοειδῆ
3449 4797 3710 4876 θεάματα,
3746 4799 3884 4876 πρὸς
3917 4794 4080 4852 ἄλλων

715 4882 850 4944 aliis
866 4881 1113 4944 fortasse
1133 4881 1434 4943 mentibus
1461 4882 2005 4962 perspicatioribus,
2030 4905 2147 4948 non
2162 4892 2352 4953 solum
2439 4891 2488 4948 δὲ

2304 4909 2352 4952 rn
2439 4891 2491 4948 δὲ
2525 4881 2660 4956 ἴσως
2703 4891 3072 4969 ὀπτικωτὲρων
3101 4885 3168 4939 96
3194 4896 3328 4947 νοῶν
3373 4890 3433 4944 οὔ
3492 4893 3659 4945 ταῦτα
3707 4888 3871 4961 μόνον
3920 4887 4077 4942 tem-

715 4972 1074 5037 Ιιξοο,νθι“υω
1087 4971 1258 5028 etiam
1279 4970 1389 5029 alia
1410 4971 1592 5030 multo
1611 4971 1920 5062 illustriora
1939 4983 2114 5046 atque
2146 4976 2360 5038 deifor-
2441 5005 2488 5062 ρτ

2310 4995 2360 5038 r-
2441 4984 2601 5062 ρήθη,
2661 4982 2919 5062 φανότερα
2977 4979 3032 5036 δὲ
3078 4980 3262 5053 πολλῷ
3289 4979 3353 5030 9⁷
3417 4979 3504 5035 καὶ
3547 4975 3932 5056 θεοειδέστερα.
3981 4971 4083 5034 Καὶ

721 5062 910 5123 miora
928 5071 1239 5152 perspecta
1271 5063 1593 5136 sunt.Quin
1625 5070 1684 5124 et
1715 5061 1821 5152 tibi
1849 5082 2110 5145 quoque,
2143 5070 2355 5150 utopi-
2445 5061 2494 5130 σε

2309 5070 2355 5131 ί·
2445 5061 2526 5130 σοὶ
2575 5061 2786 5147 δὲλὼς
2846 5071 3032 5152 οἶμαι,
3089 5072 3302 5135 πάντως
3360 5068 3624 5144 ἐλλάμψει
3689 5065 4081 5144 τηλαυγέστερα

720 5169 856 5241 nor,
889 5151 1175 5241 clariores
1197 5152 1641 5234 divinioresque
1666 5151 2140 5233 pulchritudines
2170 5157 2361 5221 collu-
2443 5185 2493 5219 κι

2308 5180 2361 5221 ιο
2443 5161 2623 5230 κάλλη
2655 5163 2741 5219 καὶ
2771 5161 3028 5241 θειότερα,
3059 5174 3176 5225 τοῖς
3239 5161 3538 5239 εἰρημένοις
3567 5156 3634 5207 98
3690 5155 4081 5229 ἐπαναϐαθμοῖς

725 5238 967 5322 cebunt,
996 5241 1048 5301 si
1078 5239 1151 5301 iis
1173 5241 1480 5324 gradibus,
1497 5261 1650 5322 quos
1675 5241 1820 5319 dixi,
1851 5244 1924 5306 ad
1949 5243 2361 5311 sublimiorem
2447 5275 2498 5333 χε

2314 5267 2361 5311 m
2447 5253 2716 5333 χρωμένῳ
2759 5253 2888 5332 πρὸς
2944 5238 3234 5331 ὗπερτέραν
3291 5238 3515 5314 ἀκτῖνα,
3581 5244 3812 5312 Μεταδος
3876 5246 3986 5320 οὖν,
4046 5245 4087 5298 ὦ

2035 5407 2300 5473 νΑΒΙλΕ
2342 5411 2787 5478 LECTIONES.

801 5534 1244 5630 Ὗπροστιθὲντα,
1289 5541 1493 5630 M._S._
1533 5540 1770 5630 D._Sa|:_.
1851 5537 2342 5630 “Afr-[vocups'vzq’
2378 5548 2438 5612 S.
2511 5547 2567 5593 93
2598 5553 2682 5609 καὶ
2719 5561 3134 5630 πανσοφοποιοῦ,
3197 5553 3262 5615 S.

716 5621 787 5762 οἱ
811 5621 1184 5767 ἄγεινῇίδὲθδ
1210 5620 1582 5704 ἀποταξεσθαι,
1619 5623 1691 5687 D.
1729 5620 1856 5688 Sar.
1917 5620 1984 5674 96
2009 5620 2392 5710 ὄπτικώτερόν,
2424 5633 2505 5696 Μ.
2545 5635 2638 5695 Sc.

724 5726 753 5762 τ
792 5725 930 5767 τοις.
1029 5749 1044 5767 ο
1117 5722 1173 5767 0.

724 5725 930 5780 τατοις,
960 5725 1044 5768 tu.
1069 5725 1173 5769 ac.

3337 5550 3394 5596 93
3423 5553 3792 5632 προσήγαγον,
3835 5547 3967 5632 Αμη
3992 5541 4086 5602 sc.

2731 5632 2795 5684 97
2849 5627 3184 5716 φανερώτερα
3220 5631 3273 5692 δὲ
3306 5627 3504 5713 πολλά,
3536 5627 3624 5698 M.‘
3671 5627 3787 5695 Sc.‘
3830 5627 3895 5679 98
3949 5630 4088 5682 θειο’
