4490 6164
650 320 760 396 571
1824 333 1887 397 s.
1940 328 2278 396 DIONYSII
2323 329 2858 397 ABEOPAGIT/E.
3472 421 3477 426 _
3896 331 4004 402 572

634 468 871 552 quibus
926 467 989 532 in
1046 470 1158 534 hac
1187 467 1305 533 vita
1355 470 1675 552 conjuncta
1712 469 1970 545 fuerant,
2003 475 2240 532 reunita
2267 483 2283 543 ;
2307 466 2407 524 Αέη

2226 466 2623 543 ι;Αένωθεντα
2652 480 2774 532 ταῖς
2819 474 3054 548 ψυχαῖς,
3112 467 3205 534 αἷς
3262 464 3495 537 ἥνωνται
3553 466 3690 527 κατὰ
3746 470 3837 529 τὸν
3885 471 3999 550 τῇδε

650 567 1044 641 assequentur
1069 568 1265 625 autem
1301 559 1652 625 deiformem
1685 559 1936 641 gloriam
2003 567 2285 642 tanquam
2369 558 2422 635 βί

2227 576 2285 621 m
2369 558 2502 635 βίον.
2536 556 2911 633 ἀπολήψονται
2942 555 2998 614 δὲ
3028 558 3117 616 καὶ
3161 556 3260 626 τὴν
3318 554 3523 628 θεοειδῆ
3553 554 3703 627 δόξαν
3764 562 3838 624 ὡς
3869 560 3999 637 μέλη

650 649 919 714 membra
946 650 1076 715 Dei.
2372 653 2529 709 Θεοῦ.

731 743 760 823 §
793 739 1267 808 ILProfanorum
1284 761 1422 806 vero
1439 742 1620 824 aliqui
1645 741 1887 823 quidem
1903 740 2035 805 sine
2056 739 2289 804 ratione
2453 739 2483 816 ἕ

2229 756 2289 802 1e
2453 739 2483 816 ἕ
2520 746 2584 800 [Ι.
2617 744 2730 797 Τῶν
2765 737 2820 795 δὲ
2863 737 3086 818 ἀνιέρων
3118 742 3163 798 οἱ
3199 740 3297 817 μὲν
3327 741 3730 819 ἀλογιστότερον
3784 741 3860 816 μὴ
3910 744 4002 818 μό-

649 841 879 913 putant,
917 853 1035 896 non
1066 835 1255 896 solum
1287 851 1606 914 corporum
1638 851 1754 894 non
1786 831 2040 894 futuram
2073 848 2284 893 resur-
2372 849 2422 885 vc

2228 848 2284 891 ι·-
2372 849 2461 885 νον
2520 829 2786 905 σωμάτων
2841 830 2901 887 οὒ
2955 828 3260 904 δοξάζουσιν
3316 829 3683 909 ἐξανάστασιν,
3736 827 3872 887 ἀλλὰ
3919 833 4001 889 καὶ

647 922 998 1004 rectionem,
1032 941 1234 986 verum
1271 923 1448 985 etiam
1474 923 1762 1002 ipsasmet
1789 925 2016 982 animas
2048 919 2286 1001 penitus
2368 917 2420 974 τὰ

2227 936 2286 981 us
2368 917 2462 982 τὰς
2522 919 2705 999 ψυχὰς
2762 919 2921 985 αὐτὰς
2997 920 3069 986 εἷς
3151 920 3357 977 τελείαν
3434 919 3748 1000 ἆνυπαρξίαν
3807 933 4000 1001 χωρεῖν

648 1009 1006 1085 aboleri,seu
1037 1013 1094 1073 in
1132 1012 1383 1074 nihilum
1430 1008 1724 1085 abire;alii
1756 1027 1922 1092 vero,
1957 1010 2049 1073 his
2082 1008 2286 1088 utique
2368 1006 2421 1063 oi‘

2228 1026 2286 1071 ιθ
2368 1006 2601 1070 οἴονται,
2636 1010 2696 1066 Οἱ
2726 1007 2782 1065 δὲ
2813 1008 3160 1089 λογικώτεροι
3185 1008 3338 1088 δῇθεν
3372 1011 3569 1086 αὐτῶν,
3601 1012 3673 1076 ὡς
3705 1012 3734 1067 ὁ
3764 1010 4001 1094 Πλάτων,

648 1099 1087 1180 prudentiores,
1114 1111 1178 1165 ut
1212 1102 1399 1176 Plato,
1425 1101 1612 1175 aiunt,
1649 1117 1863 1181 corpus
1887 1098 2129 1181 quidem
2154 1107 2286 1178 post
2367 1097 2421 1154 τὸ

2225 1107 2286 1161 .st
2367 1097 2427 1154 τὸ
2463 1098 2558 1173 μὲν
2598 1102 2754 1173 σῶμα
2784 1099 2920 1174 μετὰ
2949 1099 3172 1157 θείνατον
3227 1098 3401 1159 οὐκέτι
3458 1101 3583 1182 φασὶ
3636 1101 3998 1182 συστήσεσθαι,

649 1197 900 1252 mortem
934 1209 1305 1274 nequaquam
1335 1188 1867 1264 substiturum,sed
1884 1207 1995 1251 nec
2026 1190 2082 1251 in
2117 1196 2287 1251 aeter-
2369 1184 2422 1243 ἀ)

2231 1204 2287 1250 r-
2369 1184 2492 1244 ἀλλ⁹
2523 1189 2596 1253 εἰς
2624 1189 2817 1252 αἰῶνας
2845 1191 2950 1270 οὐχ
2979 1190 3321 1270 ὑποστρέφειν
3351 1188 3427 1247 ἔτι
3481 1191 3611 1270 πρὸς
3641 1191 3707 1258 ἣν
3744 1189 3863 1271 ἔχει
3911 1192 4001 1249 σύ·-

647 1295 789 1340 num
815 1280 885 1341 ad
911 1281 1353 1344 subsistentinm
1379 1298 1540 1342 suam
1564 1277 2103 1342 reversurumﬂoc
2124 1277 2282 1341 enim
2369 1298 2420 1334 c1

2230 1295 2282 1339 m
2369 1296 2577 1336 στασιν⁶
2643 1285 2797 1337 τοῦτο
2854 1280 2955 1359 γάρ
3017 1279 3160 1337 ἐστιν
3214 1280 3242 1336 ὅ
3299 1302 3460 1355 φησιν
3539 1277 3782 1346 εἰσάπαξ.
3845 1280 4003 1340 Ἀνά-

651 1378 744 1431 est
766 1370 921 1450 quod
947 1371 1089 1433 dicit
1145 1371 1360 1438 ἶσάπαξ.
1396 1370 1708 1448 Indignum
1742 1369 1905 1432 enim
1939 1368 2284 1444 esse,aiunt,
2370 1367 2424 1434 Eu

2226 1373 2284 1442 ll,
2370 1367 2477 1434 ξιον
2510 1369 2606 1449 γάρ
2636 1391 2796 1450 φασιν
2830 1368 2973 1426 εἶναι
3026 1370 3085 1427 τὸ
3126 1369 3310 1427 ὑλικὸν
3355 1371 3712 1441 συναιωνίζειν
3741 1377 3810 1448 τῇ
3859 1370 3999 1429 ἀύλώ

650 1463 717 1519 ut
733 1459 1038 1523 materiale
1058 1479 1276 1542 corpus
1290 1459 1898 1524 animzeimmateriali
1916 1460 2279 1529 sitcoazvum.
2370 1463 2423 1535 ψι

2232 1476 2279 1529 [ι.
2370 1463 2550 1539 ψυχῇ,
2587 1459 2682 1527 τὴν
2726 1460 2911 1540 ψυχὴν
2940 1460 3112 1535 μόνην
3170 1456 3442 1526 ἆθανάτως
3492 1460 3780 1540 ὑπάρχειν,
3842 1461 4005 1521 Ταῦτα

647 1548 907 1613 animam
928 1568 1066 1613 vero
1091 1552 1277 1614 solam
1305 1569 1436 1613 esse
1458 1551 1879 1613 immortalem.
1916 1549 2079 1612 Idem
2105 1548 2283 1610 etiam
2364 1570 2420 1606 κα

2234 1565 2283 1609 ω
2364 1549 2452 1606 καὶ
2510 1551 2558 1605 οἱ
2600 1549 2707 1605 ἀπὸ
2766 1549 3010 1625 Σίμωνος
3070 1547 3279 1631 ἔλεγον,
3340 1549 3435 1606 οὒκ
3491 1548 3840 1620 ἐννοήσαντες
3899 1548 4007 1610 οὔδε

645 1636 903 1702 Simonis
926 1641 1205 1724 discipuli
1228 1641 1727 1715 asserebant,non
1761 1640 2110 1721 cogitantes,
2145 1658 2283 1701 nec-
2366 1661 2418 1715 μι

2228 1658 2283 1701 c-
2366 1638 2653 1715 μυηθέντες
2689 1640 2829 1718 παρὰ
2860 1648 2951 1698 τοῦ
3009 1639 3248 1719 μεγάλου
3300 1637 3605 1698 ἀποστόλου
3661 1640 3869 1699 Παύλου
3919 1638 4001 1697 λέ-

646 1727 787 1791 dum
811 1731 1004 1795 edocti
1026 1751 1061 1795 a
1087 1750 1302 1815 magno
1323 1731 1776 1814 apostoloPaulo
1796 1729 2286 1811 dicente,pignus
2371 1750 2419 1804 γε

2234 1747 2286 1792 ιε
2371 1750 2578 1810 γοντος,
2613 1727 2889 1809 ἀῤῥαϐὦνα
2936 1731 3030 1786 καί
3089 1728 3356 1796 ἀπόδειξιν
3413 1735 3509 1797 τῆν
3571 1732 3707 1806 μετὰ
3767 1731 4007 1809 σώματος

645 1825 703 1880 et
724 1819 1138 1903 probationem
1174 1823 1522 1886 universalis
1550 1823 1608 1886 in
1632 1822 1773 1884 274
1793 1838 2043 1902 corpore
2074 1819 2286 1882 futuras
2309 1849 2345 1899 Β
2366 1841 2418 1875 κε

2235 1816 2659 1899 ωΒκαθολικῆς
2759 1819 3101 1883 ἀναστάσεως
3162 1821 3254 1877 τὸν
3333 1821 3521 1899 Κύριον
3577 1821 3736 1895 ὴμῶν
3811 1820 4008 1888 Ἰησοῦν

643 1913 1423 1977 resurrectionisDominum
1448 1920 1717 1975 nostrum
1740 1909 1947 1974 Iesum
1982 1908 2281 1973 Christum
2368 1915 2410 1965 Χ

2233 1927 2281 1971 m
2368 1911 2594 1990 Χριστὸν
2625 1910 2972 1990 γεγενῆσθαι,
3032 1910 3120 1967 καὶ
3162 1908 3245 1965 ὅτι
3308 1912 3362 1966 'sv
3399 1911 3541 1985 αὒτῷ
3589 1913 3676 1969 νῦν
3728 1911 4006 1991 κέκρυπται

646 2003 1029 2085 exstitisse;et
1053 2004 1216 2085 quod
1239 2003 1300 2064 in
1335 2004 1462 2084 ipso
1487 2002 1663 2064 modo
1685 1999 2032 2062 abscondita
2063 1998 2139 2060 sit
2168 2000 2282 2061 vita
2365 1999 2402 2067 ἠ

2237 2006 2282 2061 ta
2365 1999 2402 2067 ἦ
2456 1999 2567 2070 ζωή
2624 2002 2781 2076 ἡμῶν
2836 1999 2890 2055 ἐν
2946 2000 3024 2073 τῷ
3105 2006 3221 2074 Θεῷ
3301 2001 3788 2079 φανερωθησομένη
3847 2002 3899 2058 ἐν
3948 2007 4010 2078 τῇ

644 2094 936 2157 nostrain
970 2098 1092 2159 Deo
1139 2093 1456 2156 revelanda
1514 2092 1576 2152 in
1632 2089 2109 2173 regeneratione.
2165 2088 2282 2153 Alii
2366 2111 2417 2146 πε

2238 2088 2282 2153 ii
2366 2089 2768 2168 παλιγγενεσία,
2863 2086 3065 2146 ’Ἄλλοι
3120 2088 3177 2145 δέ
3231 2089 3455 2162 αἰθέριον
3520 2089 3749 2172 ἔφασκον
3806 2089 4011 2148 ἔσεσθαι

642 2200 783 2246 vero
808 2183 1088 2246 dicebant
1115 2201 1330 2264 corpus
1357 2192 1495 2244 tunc
1512 2198 1753 2243 aereum
1778 2178 1994 2241 animis
2014 2179 2278 2243 futurum
2367 2183 2410 2251 (ε

2235 2198 2278 2241 In
2367 2178 2440 2251 (εἴ
2469 2202 2529 2259 γε
2570 2180 2659 2237 καὶ
2691 2179 2923 2257 ἔσεσθαι)
2957 2186 3112 2256 σῶμα
3141 2192 3264 2243 ταῖς
3298 2180 3537 2260 ψυχαῖς,
3591 2180 3678 2239 καὶ
3737 2182 3836 2238 οὒκ
3888 2182 4008 2240 αὗτὺ

646 2274 720 2355 (si
745 2272 920 2335 modo
952 2272 1212 2335 futurum
1241 2273 1340 2353 sit)
1390 2280 1449 2334 et
1478 2290 1596 2334 non
1629 2279 2102 2333 resurrecturum
2128 2269 2278 2334 illud
2360 2292 2419 2327 το

2232 2269 2278 2334 .d
2360 2276 2515 2327 τοῦτο
2578 2268 3031 2339 ἐξαναστήσεσθαι
3091 2270 3119 2325 3
3178 2271 3543 2349 περικείμεθα,
3607 2268 3911 2334 ἀδικοῦντες
3944 2269 4005 2326 τὰ

643 2365 838 2446 ipsum
872 2363 1029 2444 quod
1067 2363 1243 2425 modo
1272 2364 1557 2442 gerimus,
1617 2360 1966 2442 corporibus
1995 2378 2131 2438 quae
2162 2378 2279 2423 una
2360 2382 2416 2419 συ

2224 2378 2279 2423 Ia
2360 2360 2757 2431 συναθλήσαντα
2812 2360 3060 2436 σώματα.
3123 2357 3325 2418 ’Ἄλλοι
3370 2358 3449 2435 δὲ,
3483 2361 3578 2417 οὒκ
3609 2359 3719 2418 οἷδ’
3751 2360 3897 2419 ὅπως
3930 2362 3997 2424 εἰς

637 2452 1021 2515 deuerterunt
1042 2453 1323 2533 injuriam
1348 2452 1697 2533 irrogantes.
1726 2451 1837 2512 Alii
1863 2452 2274 2531 porro,nescio
2359 2448 2410 2506 ἐν

2241 2470 2274 2513 o
2359 2448 2559 2514 ἐννοίας
2618 2450 2801 2515 ὒλικᾶς
2884 2449 3280 2524 ἀποκλιθέντες,
3342 2452 3539 2531 τροφὰς
3617 2451 3872 2518 αἰσθητὰς
3932 2451 4012 2507 καὶ

643 2561 761 2622 quo
787 2550 957 2623 pacto
978 2542 1054 2606 ad
1089 2553 1359 2606 terrenas
1381 2542 1768 2622 cogitationes
1793 2539 2091 2622 provocati
2121 2541 2277 2603 suris
2366 2563 2416 2598 πε

2234 2541 2277 2602 ia
2366 2540 2551 2604 πόσεις
2609 2543 2787 2598 ἐκεῖσε
2849 2539 3216 2620 γενησομένας
3248 2619 3259 2623 _
3298 2539 3631 2619 ἀνέγραψαν.
3717 2540 4007 2598 Αἰνίττεται

644 2619 992 2713 pseruntibi
1033 2633 1202 2696 cibos
1234 2619 1526 2714 potusque
1556 2619 1809 2692 sensiles
1836 2629 2087 2691 futuros.
2123 2630 2277 2693 Insi-
2362 2626 2415 2686 δὲ

2238 2632 2277 2693 L-
2362 2626 2442 2704 δὲ,
2476 2631 2656 2710 φασὶν,
2711 2632 2782 2694 εἰς
2843 2630 3092 2688 Παππίαν
3123 2631 3214 2687 τόν
3246 2619 3594 2710 Ἰεραπόλεως
3667 2632 3769 2698 τῆς
3834 2628 4011 2693 Ἀσίας

645 2722 812 2785 nuari
834 2722 999 2784 aiunt
1029 2741 1135 2803 per
1158 2723 1273 2785 hoc
1293 2719 1946 2804 Pappiam,Hierapolis
1975 2719 2131 2782 Asiae
2148 2719 2280 2800 epi-
2362 2718 2418 2777 ἐπ

2237 2720 2280 2780 ἱ-
2362 2718 2675 2800 ἐπίσκοποι,
2735 2723 2827 2777 τὸν
2914 2724 2988 2794 τῷ
3039 2720 3161 2795 θείῳ
3220 2720 3306 2777 κάὶ
3358 2718 3713 2798 εὐαγγελιστῇ
3790 2719 4010 2794 ’[ωάννῃ

636 2830 908 2894 scopum,
940 2812 1039 2895 qui
1060 2812 1177 2875 dixi
1206 2811 1454 2874 Joannis
1485 2810 1874 2891 exangelistte
1907 2808 2281 2888 temporibus
2363 2831 2409 2865 σι

2240 2827 2281 2871 ιε
2363 2810 2795 2885 συνακμάσαντα.
2831 2812 2996 2874 Οὗτος
3027 2812 3128 2889 γὰρ
3178 2812 3206 2866 ὁ
3251 2810 3500 2873 Παππίας
3546 2809 3600 2867 ἐν
3658 2814 3738 2884 τῷ
3788 2810 4013 2888 τετάρτῳ

636 2900 969 2965 ﬂoruit.Hic
983 2901 1400 2982 enimPappias
1419 2900 1577 2962 libro
1592 2907 1802 2977 quarto
1815 2898 2278 2962 Dominicarum
2362 2901 2409 2977 βι

2241 2915 2278 2962 η
2362 2897 2550 2977 βιϐλίῳ
2579 2900 2685 2955 τῶν
2718 2906 2993 2979 Κυριακῶν
3024 2899 3186 2958 αὒτοῦ
3213 2898 3520 2980 ἐξηγήσεων
3569 2900 3663 2964 τὰς
3719 2899 3812 2956 διὰ
3871 2900 4014 2977 βρω-

639 3008 891 3056 suarum
923 2992 1431 3070 explanatiomtm
1463 2988 1861 3070 scripsit,fore
1884 2988 1944 3051 in
1967 3004 2280 3050 resurrec-
2366 3012 2412 3064 με

2240 3020 2280 3037 η-
2366 2988 2550 3064 μάτων
2581 2989 2737 3046 εἶπεν
2798 2988 2853 3052 ἐν
2900 2995 2967 3066 τῇ
2997 2990 3285 3047 ἀναστάσει
3340 2989 3689 3055 ἆπολαύσεις’
3755 2994 3831 3055 είς
3890 2988 4013 3066 ὅπερ

644 3081 805 3145 tione
826 3081 1155 3161 voluptates
1176 3099 1307 3161 quae
1324 3079 1733 3160 percipiuntur
1750 3096 1818 3139 ex
1842 3076 2082 3141 cibiS'in
2116 3075 2278 3159 quod
2365 3076 2417 3135 Sd

2242 3075 2278 3138 d
2365 3076 2540 3156 δόγμα
2588 3079 2675 3135 καὶ
2725 3081 2752 3135 ὁ
2824 3078 3227 3160 Ἀπολλινάριος
3286 3080 3421 3156 μετά
3491 3087 3656 3137 ταῦτα
3712 3079 4011 3141 ἐπίστευσε.

643 3170 887 3249 quidem
911 3168 1124 3249 dogma
1155 3169 1533 3253 postmodum
1578 3167 1981 3249 Apollinarius
2003 3166 2277 3230 credidit.
2302 3204 2343 3255 ο
2369 3174 2414 3224 Π

2239 3174 2489 3255 ι.ρΠῶς
2520 3168 2608 3225 οὖν
2668 3167 3080 3249 Ἀπολλιναρίου
3135 3176 3301 3228 ταῦτα
3352 3171 3417 3226 τὰ
3461 3172 3554 3226 τοῦ
3609 3169 3760 3248 ἁγίου
3821 3178 4012 3226 Διονυ-

641 3259 947 3334 Quomodo
1003 3261 1183 3340 igitur
1227 3259 1580 3340 Apollinarii
1639 3267 1815 3321 erunt
1848 3259 2064 3338 scripta
2094 3258 2284 3321 sancti
2369 3259 2414 3316 σί

2241 3258 2284 3320 li
2369 3259 2481 3317 σίου
2552 3259 2943 3337 συγγράμματα
3010 3260 3146 3317 κατὰ
3229 3260 3350 3324 τούς
3428 3280 3587 3317 τινων
3671 3258 3893 3338 λήροος,
3953 3255 4014 3312 τὰ

638 3349 1262 3432 Dionysii,secundum
1289 3367 1473 3428 nugas
1499 3349 1860 3429 aliquorum,
1888 3367 2035 3431 quas
2055 3348 2281 3430 Apolli-
2364 3349 2411 3405 ἀπ

2241 3352 2281 3409 L-
2364 3348 2678 3427 ἀναιροῧντα
2710 3346 3114 3426 Ἀπολλινάριον
3148 3368 3165 3425 ;
3219 3347 3371 3406 Ἀλλ’
3405 3349 3499 3406 οὒκ
3532 3346 3595 3404 ἄν
3624 3371 3704 3413 τις
3738 3347 3847 3407 τῶν
3868 3351 4014 3426 ἱερῶν

640 3440 874 3504 narium
906 3439 1193 3505 refutant?
1216 3438 1333 3503 Sed
1366 3457 1543 3502 nemo
1566 3439 1823 3501 virorum
1846 3437 2173 3519 proborum
2206 3438 2279 3501 ad
2364 3438 2413 3495 ἀι

2244 3438 2279 3500 d
2364 3437 2563 3519 ἀνδρῶν
2624 3439 2697 3502 εἷς
2765 3439 3017 3503 τοιαύτας
3070 3438 3293 3503 ἀτοπίας
3368 3440 3821 3519 ἀπενεχθήσεται·
3886 3435 4017 3494 ἀλλὰ

638 3530 972 3593 istiusmodi
1004 3530 1402 3593 absurditates
1428 3528 2001 3610 abducetur,verum
2030 3528 2282 3593 creden-
2363 3551 2411 3586 πη

2244 3549 2282 3591 ιο
2363 3529 2727 3604 πιστεύοντες,
2803 3525 2883 3584 ὅτι
2945 3526 3213 3604 λήψονται
3243 3529 3342 3597 τὴν
3403 3526 3714 3609 Χριστοειδῆ
3750 3528 3927 3607 λῆξιν,
3961 3527 4017 3584 οὔ

639 3630 730 3685 tes
744 3619 1284 3684 serristiformem
1300 3627 1518 3682 sortem
1533 3618 1876 3700 adepturus,
1887 3620 2280 3683 mutationem
2364 3641 2412 3676 ττ

2244 3638 2280 3683 n
2364 3618 2462 3688 την
2494 3620 2579 3677 ἐπὶ
2635 3620 2859 3676 θάνατον
2918 3616 3214 3685 δεδοικότες
3270 3619 3496 3700 τροπὴν,
3572 3617 3695 3676 ἀλλ’
3726 3621 3787 3676 εὖ
3822 3615 4017 3678 εἰδότες

642 3711 851 3774 mortis
869 3708 1748 3789 minimeformidabunt,probe
1760 3710 2017 3773 scientes
2045 3728 2109 3772 se
2125 3710 2283 3773 bona
2363 3710 2415 3768 ὅτ

2242 3728 2283 3772 ,ε
2363 3710 2443 3768 ὅτι
2475 3712 2539 3769 τὰ
2573 3711 2830 3779 κτηθέντα
2874 3709 3011 3768 καλὰ
3039 3710 3267 3786 βεϐαίως
3316 3709 3541 3779 ἕξουσιν,
3604 3714 3665 3771 Οἱ
3724 3710 3784 3769 δὲ
3837 3712 4015 3788 ἀμαρ-

642 3807 808 3883 parta
830 3798 1120 3861 stabiliter
1141 3797 1908 3880 possessuros.Peccatores
1931 3818 2067 3862 vnro
2095 3799 2282 3882 siqui—
2362 3824 2415 3857 το

2243 3799 2282 3862 ἱ·
2362 3801 2545 3876 τωλοὶ,
2609 3800 2765 3879 εἴπερ
2823 3800 2930 3857 εἰσΐ
2959 3803 3047 3858 καὶ
3106 3800 3466 3878 μεμυημένοι,
3522 3800 3638 3858 ἐπεὶ
3695 3804 3834 3880 πρὸς
3894 3800 4016 3856 ἐπι-

644 3890 780 3952 dem
802 3907 1031 3952 sacram
1064 3887 1370 3951 hauserint
1400 3887 2049 3970 institutioneni,eaque
2071 3890 2280 3969 negle-
2363 3893 2417 3947 ou

2249 3923 2280 3938 -
2363 3891 2549 3965 θυμίας
2580 3887 3061 3964 ἀπηυτομόλησαν,
3126 3887 3252 3947 ὅταν
3300 3892 3430 3969 πρὸς
3497 3890 3557 3946 τό
3591 3888 3743 3954 τέλος
3806 3892 4018 3969 ἓρχων-

643 3979 840 4060 cta,ad
870 3978 1378 4059 concupiscentias
1436 3995 1544 4040 sua
1601 3987 1814 4058 sponte
1844 3978 2106 4041 devoluti
2137 3980 2278 4055 sint,
2365 4002 2416 4036 τε

2245 3989 2278 4055 ἱ,
2365 4002 2477 4059 ται,
2536 3977 2709 4035 οὐκέτι
2791 3979 2913 4035 τότέ
2969 3979 3430 4060 εὖκαταφρόνητον
3502 3981 3593 4037 τὸν
3648 3982 3798 4038 θεῖον
3855 3977 4018 4052 νόμον

642 4088 779 4133 cum
812 4070 884 4131 ad
918 4071 1047 4130 vita;
1077 4068 1254 4129 tinem
1309 4071 1723 4149 pervenerint,
1759 4086 1877 4130 non
1930 4069 2051 4149 jam
2087 4070 2280 4148 legem
2366 4068 2415 4125 λι

2245 4088 2280 4128 n
2366 4068 2663 4147 λογίζονται
2696 4070 2770 4132 ὡς
2801 4070 2888 4126 καὶ
2945 4069 3224 4150 πρότερον,
3262 4069 3384 4127 ἀλλ’
3453 4069 3654 4148 ἑτέροις
3715 4068 4018 4151 ὀφθαλμοῖς

646 4160 906 4223 divinam
937 4176 1104 4238 aeque
1135 4164 1196 4218 ut
1227 4156 1392 4238 prius
1424 4157 1849 4239 despicabilem
1887 4158 2227 4221 existimant
2266 4177 2280 4234 ;
2366 4180 2419 4216 νο

2266 4177 2280 4234 ;
2366 4171 2571 4237 νοεροῖς
2629 4157 2816 4217 λοιπὸν
2877 4159 2965 4216 καὶ
3025 4161 3091 4215 τὰ
3160 4159 3339 4216 ἐκεῖσε
3394 4167 3705 4233 σκοποῦσιν,
3776 4160 4015 4216 ἀποσκο-

646 4247 1083 4327 sodaliislonge
1100 4246 1689 4328 oculis,spiritalibus
1708 4248 1950 4311 demum
1968 4257 2027 4312 et
2054 4267 2124 4311 ea
2154 4267 2287 4328 quae
2369 4272 2419 4307 πε

2245 4268 2287 4309 Β
2369 4256 2590 4314 ποῦντες
2677 4251 2742 4307 τὰ
2795 4248 2995 4326 ἐκεῖσε,
3068 4249 3158 4306 καὶ
3240 4252 3316 4306 ὢν
3374 4249 3779 4324 ἐκπεπτώκασι,
3840 4268 4018 4325 μακα-

647 4338 768 4401 illic
794 4345 933 4400 sunt
962 4335 1353 4419 intuentibus,
1389 4355 1461 4399 ea
1514 4356 1645 4420 quae
1701 4337 1786 4399 ibi
1842 4348 1983 4400 sunt
2012 4337 2288 4401 eonside-
2369 4341 2420 4419 ρί

2243 4355 2288 4401 3-
2369 4341 2563 4419 ρίζουσι
2643 4339 2739 4415 μὲν
2823 4340 2945 4404 τοὺς
3034 4338 3249 4396 ἐκείνων
3353 4337 3679 4416 ἁψαμένους,
3770 4338 4016 4397 ἐλεεινῶς

646 4436 870 4507 rantes,
909 4437 967 4490 et
998 4426 1214 4510 quibus
1269 4428 1443 4490 bonis
1499 4428 1832 4492 exciderint
1880 4429 2287 4510 expendentes
2367 4428 2419 4487 δὲ

2246 4446 2287 4491 ts
2367 4428 2424 4487 δὲ
2478 4435 2577 4499 τῆς
2635 4430 2911 4506 παρούσης
2986 4434 3132 4501 ζωῆς
3207 4429 3620 4509 ἀποσχίζονται,
3701 4432 3802 4489 οὐκ
3858 4426 4019 4508 ἕχον-

648 4519 855 4623 beatos
884 4517 1124 4623 quidem
1151 4517 1478 4623 pradicant
1501 4538 1609 4623 eos
1636 4518 1740 4623 qui
1765 4518 1867 4623 illa
1896 4518 2096 4623 adepti
2119 4526 2283 4601 sunt,
2308 4542 2421 4623 1,τε

2247 4526 2457 4623 ῐ,⁰τες
2513 4517 2700 4578 ἐλπίδα
2776 4517 3046 4598 σωτηρίας
3127 4516 3212 4577 διὰ
3285 4520 3387 4589 τὴν
3470 4518 3757 4599 χειρίστην
3816 4516 4020 4596 διαγω-

646 4609 846 4672 miseri
877 4615 1075 4672 autem
1121 4616 1180 4674 et
1208 4609 1376 4671 inviti
1406 4628 1477 4672 ex
1501 4610 1607 4671 hac
1634 4610 1753 4671 vita
1782 4609 2107 4689 decedunt,
2143 4626 2287 4688 pro-
2308 4609 2352 4623 ν
2371 4612 2498 4690 γήν.
2974 4631 2978 4635 ·

646 4708 779 4784 pter
806 4700 983 4764 vitam
1008 4716 1172 4762 suam
1197 4700 1541 4781 pessimam,
1575 4699 1739 4761 nulla
1769 4698 1978 4761 salutis
2001 4716 2107 4779 spe
2130 4698 2283 4763 fulti.

726 4793 755 4874 §
784 4791 890 4857 III.
938 4792 1085 4856 Cum
1111 4792 1172 4852 in
1203 4799 1542 4853 sanctorum
1573 4788 2113 4852 obdormitionibus
2137 4788 2287 4852 nihil
2447 4789 2476 4869 §

2249 4788 2287 4852 il
2447 4789 2476 4869 §
2533 4798 2623 4850 IIl.
2678 4790 2891 4848 Τούτων
2919 4786 3131 4856 οὔδενὸς
3194 4787 3489 4867 γινομένων
3576 4788 3714 4846 κατὰ
3767 4788 3867 4854 τὰς
3918 4792 4022 4844 τῶν

645 4884 858 4945 horum
891 4880 1148 4958 accidat,
1179 4880 1231 4942 is
1252 4880 1497 4959 quidem
1532 4879 1629 4961 qui
1660 4879 1736 4941 ad
1771 4878 1900 4942 vitae
1929 4879 2105 4941 linem
2140 4896 2285 4961 pro-
2368 4880 2418 4956 ἀπ

2255 4912 2285 4926 -
2368 4880 2532 4959 ἀγίων
2589 4878 2787 4957 ἀνδρῶν
2845 4878 3162 4959 κοιμήσεις,
3195 4878 3354 4942 αὐτὸς
3401 4878 3500 4954 μὲν
3557 4879 3586 4934 ὁ
3643 4879 3778 4958 πρὸς
3838 4879 3898 4935 τὸ
3924 4877 4022 4933 πέ-

648 4979 835 5054 perat,
870 4971 1087 5052 gaudet
1115 4990 1182 5034 se
1210 4972 1281 5034 ad
1315 4978 1576 5033 sanctam
1598 4969 2111 5049 regeneratianem
2143 4986 2285 5052 per-
2369 4993 2421 5048 pa

2253 5003 2285 5018 -ο
2369 4992 2461 5048 ρας
2513 4969 2830 5049 ἐρχόμενος,
2889 4971 3067 5050 χαίρει
3122 4966 3406 5027 ἐπιϐαίνων
3458 4973 3557 5035 τῆς
3612 4969 3757 5048 ἱερᾶς
3823 4966 4024 5045 παλιγδ

650 5063 878 5137 νοοῖτο,
908 5061 1175 5123 defuncti
1203 5070 1404 5124 autem
1460 5058 1803 5140 familiares,
1842 5059 2142 5141 spiritales
2174 5079 2286 5140 po—
2369 5083 2423 5143 γε

2254 5094 2286 5107 -
2369 5061 2633 5143 γενεσίοις,
2700 5063 2747 5117 οἱ
2791 5057 2845 5115 δὲ
2905 5066 3000 5117 τοῦ
3056 5058 3408 5134 κοιμηθέντος
3462 5060 3681 5139 οἰκεῖοι,
3747 5060 3797 5115 οἱ
3858 5078 4021 5114 πνευ-

649 5153 765 5216 tius
797 5167 972 5231 quam
1006 5152 1275 5212 carnales
1320 5153 1454 5231 (hoc
1483 5151 1641 5212 enim
1674 5159 1763 5212 est
1789 5165 1893 5230 pro
1908 5150 2044 5229 jure
2074 5149 2288 5213 divinae
2370 5174 2422 5228 με

2250 5169 2288 5213 ἓ
2370 5152 2586 5228 ματικοὶ
2616 5148 2819 5224 μᾶλλον
2848 5148 2985 5229 ἤπερ
3016 5151 3062 5207 οἱ
3095 5149 3229 5206 κατὰ
3281 5150 3449 5229 σὰρκα
3480 5148 3664 5228 (τοῦτο
3747 5148 3857 5228 γάρ
3914 5146 4023 5203 ἐστι

649 5239 1371 5326 propinquitatis)beatum
1389 5241 1587 5321 ipsum
1605 5238 2019 5320 praedicant,et
2033 5240 2289 5303 similem
2372 5245 2422 5299 τί

2250 5259 2289 5303 n
2372 5245 2435 5299 τὸ
2485 5241 2623 5299 κατὰ
2675 5241 2770 5309 τὴν
2830 5240 2972 5297 θείαν
3035 5237 3375 5318 οἶκειότητα)
3432 5238 3589 5297 αὐτόν
3673 5258 3735 5294 τε
3784 5236 4023 5317 μακαρί-

648 5325 828 5397 ﬁnem
846 5329 1256 5392 beatissimum
1280 5328 1395 5412 ipsi
1417 5349 1658 5412 quoque
1675 5331 1960 5412 consequi
1983 5339 2283 5413 exoptant.
2371 5341 2421 5406 ζε

2255 5348 2283 5394 ἱ.
2371 5341 2517 5406 ζουσι
2574 5332 2662 5388 καὶ
2718 5332 2956 5388 τοιοῦτον
3015 5330 3344 5410 μακαριστὸν
3412 5327 3567 5391 τέλος
3625 5325 3881 5407 εὔχονται
3943 5327 4028 5383 καὶ

644 5424 891 5488 Portant
915 5429 1112 5484 autem
1131 5420 1325 5503 ipsum
1358 5420 1431 5483 ad
1458 5421 1829 5503 episcopum,
1855 5421 2025 5504 quasi
2055 5427 2292 5484 coronis
2372 5423 2417 5476 αἱ

2251 5427 2292 5483 is
2372 5422 2522 5479 αὐτοὶ
2550 5419 2838 5497 λήψεσθαι.
2888 5416 3126 5498 ’Ἃγουσι
3156 5418 3212 5477 δὲ
3241 5429 3425 5480 τοῦτον
3459 5417 3552 5476 ἐπῖ
3582 5419 3673 5475 τὸν
3737 5416 4024 5498 ἱεράρχην,

648 5511 1082 5602 munerandum
1121 5530 1137 5590 ;
1172 5510 1268 5577 hic
1310 5529 1459 5575 vero
1490 5511 1684 5602 ipsum
1715 5511 2019 5595 excipiens
2049 5512 2102 5575 ei
2130 5511 2292 5593 justa
2372 5514 2416 5570 ὼ

2257 5530 2292 5575 a
2372 5514 2446 5575 ὡς
2479 5512 2564 5568 ἐπὶ
2596 5508 2737 5602 δόσιν
2783 5508 3077 5589 στεφάνων
3138 5511 3166 5567 ὁ
3196 5507 3277 5593 δὲ,
3310 5506 3637 5595 δεχόμενος,
3668 5504 3890 5566 ἐκτελεῖ
3941 5505 4028 5563 ἐπὶ

648 5601 949 5688 persolvit.
1520 5597 1525 5602 ’
2374 5623 2421 5667 τε

1520 5597 1525 5602 1
2374 5603 2544 5683 τούτῳ
2572 5600 2638 5657 τὰ
2668 5597 2810 5662 ὅσια.
