4490 6164
321 364 437 432 573
807 368 906 431 DE
949 364 1247 433 ECGLES.
1297 366 1744 448 HIEBARGH.,
1784 367 1947 430 CAP.
1995 367 2132 432 VII.
2179 403 2246 416 —
2284 372 2668 438 PARAPHR.
2705 377 3194 444 PACHYMER/E
3563 374 3680 447 574

934 517 1000 569 ll.
1036 508 1358 587 Μυστήριον.
1973 510 2014 558 Α
2523 511 2662 570 975
2694 515 2707 576 1

1973 510 2014 558 Α
2523 511 2662 570 975
2694 514 2763 576 Il.
2801 514 3179 593 Mysterium.

389 605 712 696 Συναγαγὼν
741 606 829 662 τὸν
861 604 1060 684 κλῆρον
1095 631 1119 684 o
1151 611 1434 690 ἱεραρχης,
1471 609 1634 685 εἰμὲν
1661 613 1766 665 τῶν
1793 610 1953 686 ἱερω-
2118 608 2162 672 Ε

1908 630 1953 663 ι-
2118 607 2450 689 Episcopus
2467 611 2693 673 clerum
2707 615 3399 696 congregans,siquidem
3421 618 3481 681 in
3495 618 3681 684 sacris

305 695 478 772 μένων
536 695 674 752 ἐστὶν
731 697 759 752 ὁ
820 697 1240 775 κεκοιμημένος,
1301 700 1611 780 ἐπίπροσθεν
1667 706 1758 756 τοῦ
1819 699 1956 754 θείου
2035 698 2078 761 ft

1904 720 1956 754 ου
2035 698 2227 792 fuerat
2251 701 2352 780 qui
2376 700 2768 792 obdormivit,
2802 711 2938 765 ante
2971 695 3233 768 divinum
3264 709 3452 773 altare
3482 712 3677 792 ipsum

300 787 669 865 θυσιαστηρίου
720 785 1077 868 κατακλίνας,
1111 795 1217 846 τῶν
1252 791 1428 871 εὐχῶν
1486 791 1572 847 καὶ
1601 788 1696 857 τῆς
1729 789 1952 869 εὗχαρι-
2035 786 2073 849 il

1900 811 1952 843 t-
2035 786 2506 866 inclinans,infit
2533 791 2908 871 precationes
2923 800 2978 854 et
2996 795 3312 874 gratiarum
3337 785 3630 862 actionem
3658 817 3673 865 :

300 876 444 942 στίας
501 876 828 956 ἀπάρχεται·
888 877 1064 958 εὒχῶν
1106 879 1224 955 μὲν,
1256 882 1386 960 ὑπὲρ
1434 887 1540 937 τῶν
1596 879 1951 957 ἀγνοημάτων

296 968 389 1024 τοῦ
440 966 858 1041 κεκοιμημένον
916 970 1260 1048 εὐχαριστίας
1315 969 1391 1046 δὲ,
1426 971 1556 1047 ὑπὲρ
1598 972 1675 1024 ὧν
1721 967 1952 1044 ἤμϐλυνε

297 1058 359 1114 τὸ
390 1063 482 1114 τοῦ
527 1056 750 1114 θανάτου
782 1055 1023 1136 κέντρον,
1055 1061 1142 1116 καὶ
1185 1059 1350 1125 οὕτως
1400 1060 1635 1130 ἠδυνήθη
1682 1056 1806 1138 παρ’
1853 1061 1951 1116 αὒ-

299 1157 392 1206 τοῦ
421 1147 779 1223 βοηθούμενος
813 1152 1143 1226 κατορθῶσαι
1180 1173 1321 1216 τινα,
1355 1153 1413 1209 Εἰ
1443 1149 1497 1207 δὲ
1540 1150 1780 1231 μοναχός
1813 1149 1951 1206 ἐστιν

298 1236 335 1305 ἢ
368 1237 556 1300 πιστὸς
589 1237 650 1292 ἐκ
680 1246 771 1296 τοῦ
805 1239 947 1316 ἱεροῦ
995 1238 1147 1320 λαοῦ,
1180 1239 1322 1317 παρά
1369 1243 1460 1299 τὸν
1491 1242 1723 1319 νάρθηκα
1778 1261 1950 1296 κατα-

298 1326 488 1386 κλίνει.
538 1328 609 1384 Τὸ
663 1325 718 1382 δὲ
761 1330 864 1405 πρὸ
909 1334 1007 1396 τῆς
1065 1333 1338 1408 ἱερατικῆς
1393 1330 1732 1393 εἷσελεύσεως
1793 1327 1952 1396 δη).οτ

298 1415 384 1474 ὅτι
435 1416 744 1496 ἐπίπροσθεν
777 1422 882 1476 τῶν
944 1417 1258 1494 ψαλλόντῶν
1291 1421 1487 1502 ὀφείλει
1517 1424 1746 1480 κεῖσθαι.
1813 1419 1951 1478 Εἶτα

296 1509 324 1563 ὁ
371 1506 471 1582 μὲν
513 1508 775 1586 ἱεραρχης
820 1510 912 1564 τὸν
971 1508 1264 1588 εὖλογητὸν
1314 1511 1577 1592 ἐκφωνεῖ,
1610 1509 1730 1577 ἑξῆς
1790 1508 1844 1565 δὲ
1905 1510 1952 1566 οἱ

296 1594 530 1654 διάκονοι
577 1598 638 1652 τὰ
685 1597 957 1678 πρόσφορα
1014 1600 1166 1677 ἱερῶς
1226 1599 1431 1672 ᾅδουσι.
1491 1601 1654 1659 ταῦτα
1699 1600 1797 1680 γάρ
1852 1601 1950 1655 εἱσι

295 1687 363 1744 τὰ
391 1684 774 1762 ταύτοδύναμα
815 1690 902 1745 καὶ
949 1688 1216 1769 ὁμόλογα,
1253 1689 1503 1758 δηλονότι
1548 1693 1612 1747 τὰ
1650 1704 1766 1754 τοῖς
1813 1713 1950 1769 προ*

297 1775 564 1850 κειμένοις
596 1777 877 1855 σύμφωνα.
928 1779 1066 1836 Εἶτα
1099 1781 1126 1835 ὁ
1188 1779 1562 1860 ἀρχιδιάκονος
1605 1780 1822 1838 ἀπολύει
1853 1778 1950 1856 μὲν

2038 897 2247 970 preces
2277 881 2541 961 quidem,
2575 901 2756 963 super
2784 883 3148 963 ignorantias
3178 887 3442 952 defuncti
3469 908 3484 965 ;
3541 909 3680 970 gra-

2039 969 2254 1031 tiarum
2287 989 2422 1032 vero
2443 972 2760 1047 actionem,
2790 975 2928 1054 quia
2968 974 3280 1057 (Christus)
3322 980 3527 1041 mortis
3552 969 3673 1045 isti-

2039 1058 2264 1122 mulum
2297 1059 2619 1142 hebetavit,
2645 1071 2819 1142 atque
2840 1063 2920 1125 ita
2941 1065 3072 1145 ejus
3094 1066 3311 1128 auxilio
3337 1067 3518 1130 fretus
3537 1069 3676 1132 boni

2039 1149 2346 1229 quidpiam
2379 1168 2558 1230 agere
2587 1154 2794 1233 potuit.
2841 1153 2945 1214 Sin
3003 1164 3199 1217 autem
3264 1157 3484 1219 sanctis
3543 1176 3678 1222 mo-

2032 1239 2241 1302 nachis
2272 1250 2554 1302 sanctove
2588 1242 2805 1322 populo
2839 1255 3186 1323 aggregatus
3211 1254 3356 1321 erat,
3385 1248 3554 1326 juxta
3575 1267 3678 1312 sa-

2033 1329 2291 1393 crarium
2315 1330 2588 1395 collocat.
2615 1331 2764 1395 Illud
2787 1341 3006 1414 autem,
3035 1337 3116 1396 ad
3143 1336 3518 1400 sacerdotum
3574 1345 3680 1401 τή-

2031 1422 2628 1500 gressum,significat
2652 1422 2820 1485 illum
2845 1442 3039 1485 coram
3067 1425 3457 1505 psallentibus
3474 1429 3675 1506 jacere

2034 1510 2278 1574 debere.
2302 1510 2522 1575 Praesul
2555 1511 2773 1575 deinde
2804 1511 3280 1577 benedictionem
3310 1517 3674 1596 pronuntiat,

2033 1601 2318 1682 deinceps
2348 1620 2485 1663 vero
2519 1602 2754 1664 diaconi
2791 1622 2856 1664 ea
2897 1623 3035 1680 quae
3086 1607 3444 1669 conveniunt
3475 1617 3679 1673 sancte

2033 1701 2348 1758 concinunt
2373 1725 2384 1756 :
2410 1701 2502 1759 illa
2527 1703 2677 1759 enim
2702 1708 2836 1761 sunt
2853 1703 3248 1775 aaqnivalentia
3273 1715 3327 1764 et
3349 1707 3674 1776 synonima,

2033 1800 2171 1859 quae
2201 1783 2480 1844 nimirum
2508 1791 2847 1862 congruunt
2868 1783 3184 1847 defunctis.
3210 1787 3357 1849 Tum
3377 1787 3675 1850 archidia-

294 1867 420 1930 τοὺς
477 1865 944 1948 κατηχοδμένους,
980 1870 1101 1926 εἶτα
1136 1870 1490 1950 ἀνακηρύττει
1534 1871 1600 1927 τὰ
1629 1877 1735 1928 τῶν
1794 1871 1952 1949 ἁγίων
1977 1877 2015 1928 Β
2036 1890 2067 1934 c

1898 1892 1952 1925 υν
1977 1877 2015 1928 Β
2036 1890 2224 1935 conus
2255 1875 2715 1936 catechumenos
2745 1874 3006 1949 dimittit,
3058 1885 3516 1954 sanctorumque
3546 1879 3671 1959 jam

294 1955 494 2036 ἀνδρῶν
540 1958 628 2014 καὶ
677 1960 1091 2035 κεκοιμημένων
1134 1961 1394 2041 ὀνόματα,
1425 1961 1542 2033 μεθ’
1572 1964 1644 2018 ὧν
1689 1960 1831 2027 ἀξιοῖ
1858 1963 1950 2018 τὸν

293 2049 644 2127 προκείμενον
703 2053 798 2114 τῆς
836 2049 1171 2128 ἀναρρήσεως
1221 2053 1443 2127 ταύτης,
1478 2053 1565 2108 καὶ
1601 2051 1948 2130 προτρέπεται

296 2138 496 2202 πάντας
537 2137 666 2214 ὑπὲρ
699 2139 857 2194 αύτοῦ
905 2139 1117 2207 αἰτῆσαι
1149 2141 1250 2208 τὴν
1302 2141 1356 2197 ἐν
1387 2148 1598 2219 Χριστῷ
1653 2139 1944 2200 τελείωσιν.

294 2231 432 2286 Εἶτα
483 2229 510 2282 ὃ
539 2227 799 2307 ἱεράρχης
845 2229 1013 2306 εὗγὴν
1043 2230 1176 2306 ὑπὲρ
1239 2238 1330 2287 τοῦ
1392 2230 1785 2307 κεκοιμημένου
1821 2252 1950 2286 ποι-

295 2330 460 2392 εῖται,
494 2317 583 2373 καὶ
640 2317 933 2388 ἀσπάζεται
979 2326 1190 2395 τοῦτον,
1227 2323 1311 2378 καὶ
1363 2321 1462 2377 σὺν
1493 2317 1635 2384 αύτῷ
1667 2323 1712 2376 οἱ
1760 2319 1950 2397 ἕτεροι,

294 2409 443 2464 Μετά
497 2417 662 2466 ταῦτα
693 2406 904 2487 ἐπιχέει
955 2411 1125 2482 τούτῳ
1155 2412 1217 2466 τὸ
1267 2410 1416 2489 ἅγιον
1479 2411 1680 2484 ἔλαιον,
1712 2411 1800 2466 καὶ
1855 2410 1954 2476 τὴν

293 2496 576 2567 ἀπόλυσιν,
611 2496 729 2564 ἥτις
775 2496 990 2576 λέγεται
1046 2500 1175 2577 ὑπὲρ
1227 2501 1440 2558 πάντων
1503 2500 1668 2581 εὒχὴ,
1713 2499 1950 2566 ποιησά-

291 2611 474 2670 μενος,
507 2590 796 2657 ἀποτίθηπι
829 2593 890 2647 τὸ
923 2591 1079 2667 σῶμα
1139 2591 1193 2651 ἐν
1226 2591 1364 2670 οἴκῳ
1393 2593 1552 2669 τιμίῳ
1585 2589 1718 2669 ¹μεθ’
1753 2591 1942 2670 ἐτέρων

289 2679 570 2758 ὁμοταγῶν
601 2683 754 2759 ἱερῶν
784 2702 1079 2756 σωματων,

935 2872 1030 2921 III.
1078 2863 1300 2942 Θεωρία.

373 2948 402 3029 §
437 2961 488 3009 Ι.
539 2955 718 3007 Ταῦτα
750 2950 849 3025 μὲν
881 2951 1032 3029 εἴπερ
1062 2936 1230 3009 ἴδοιεν
1271 2953 1306 3021 ἢ
1360 2952 1636 3011 ἀκούσαιεν
1666 2955 1712 3011 οἱ
1742 2936 1945 3021 Ἓλλη-

295 3062 378 3103 νες
424 3037 721 3114 τελούμενα
768 3038 900 3120 παρ’
960 3043 1137 3121 ἡμῶν,
1171 3041 1342 3100 πλατὺ
1387 3042 1721 3122 γελάσουσιν⁶
1785 3045 1947 3118 ἡμεῖς

291 3129 371 3209 δὲ,
405 3131 497 3185 τὸν
553 3135 887 3209 φωταγωγὸν
942 3128 1152 3197 Ἰησοῦν
1196 3131 1638 3207 ἐπικαλεσάμενοι
1697 3133 1946 3212 λέγομεν,

2033 1963 2449 2025 defunctorum
2482 1969 2722 2025 nomina
2742 1973 3041 2046 recenset,
3066 1965 3280 2047 quibus
3312 1977 3670 2048 praesentem

2032 2053 2373 2116 defunctum
2408 2053 2616 2116 eadem
2649 2057 3220 2118 commemoratione
3236 2075 3554 2137 aggregare
3585 2057 3676 2118 di-

2032 2150 2265 2225 gnatur,
2299 2145 2683 2225 hortaturque
2731 2163 2962 2221 omnes,
3021 2145 3137 2227 ipsi
3193 2154 3256 2207 ut
3314 2145 3552 2208 beatum
3609 2147 3673 2208 in

2037 2233 2268 2297 Christo
2330 2235 2510 2298 finem
2572 2244 2792 2316 petant.
2846 2234 2994 2297 Tum
3054 2236 3346 2300 accedens
3393 2238 3670 2308 antistes,

2039 2343 2273 2406 precem
2308 2343 2539 2387 sacram
2583 2344 2770 2407 super
2809 2326 3090 2389 defuncto
3138 2327 3382 2408 peragit,
3419 2343 3676 2409 eumque

2034 2416 2266 2492 salutat,
2303 2423 2363 2478 et
2392 2435 2524 2476 cum
2557 2417 2685 2497 ipso
2718 2417 2939 2478 caiteri.
2984 2415 3194 2479 Postea
3251 2416 3501 2478 affundit
3560 2417 3672 2498 ipsi

2033 2524 2265 2568 sacrum
2296 2507 2517 2586 oleum,
2554 2514 2611 2568 et
2641 2504 2994 2587 impertiens
3022 2505 3478 2581 absolutionem,
3542 2524 3674 2588 quae

2031 2596 2364 2658 communis
2386 2595 2572 2658 oratio
2603 2602 2863 2667 vocatur,
2925 2596 3054 2658 loco
3110 2596 3400 2657 honorato
3453 2611 3672 2674 corpus

2032 2685 2284 2747 collocat
2339 2704 2457 2748 una
2522 2687 2655 2748 cum
2696 2684 3022 2766 aequalibus
3103 2685 3235 2747 aliis
3317 2684 3669 2766 corporibus

2027 2777 2273 2838 sanctis.

2549 2858 2652 2920 III.
2689 2855 3153 2938 Contemplatio.

2109 2952 2215 3031 §I.
2268 2949 2406 3014 Haec
2454 2951 2695 3032 quidem
2747 2951 2798 3012 si
2827 2951 3165 3032 aspexerint
3207 2949 3480 3032 gentiles,
3512 2951 3672 3014 vela

2031 3041 2202 3103 nobis
2228 3042 2355 3104 fieri
2388 3041 2804 3116 inaudiverint,
2841 3041 3077 3122 profuse
3093 3041 3406 3104 ridebunt:
3442 3059 3551 3103 nos
3571 3059 3676 3103 au-

2031 3139 2150 3194 tem
2183 3131 2332 3193 lucis
2361 3131 2634 3194 datorem
2666 3131 2866 3195 Jesum
2890 3131 3238 3194 invocantes
3268 3131 3524 3193 dicimus
3556 3132 3672 3194 rite

290 3220 369 3276 ὅτι
403 3217 588 3283 καλῶς
627 3221 653 3275 ὁ
685 3221 947 3300 ἱεράρχης
1007 3221 1090 3279 ἐπὶ
1121 3223 1210 3278 τὸν
1240 3222 1382 3288 ἄξιον
1438 3223 1600 3280 τόπον
1631 3226 1722 3280 τὸν
1765 3245 1946 3280 κεκοι-
1968 3248 2007 3298 C
2036 3241 2063 3301 p

1896 3246 1946 3279 t-
1968 3248 2007 3298 ρ
2036 3223 2346 3301 praesulem
2385 3241 2518 3284 eum
2544 3223 2645 3303 qui
2669 3221 2984 3284 defunctus
3007 3232 3096 3283 est
3121 3222 3252 3284 loco
3273 3221 3450 3300 digno
3483 3221 3669 3284 collo-

293 3310 535 3385 μημένον
579 3308 869 3390 ἐπιτίθησι,
919 3310 1171 3378 δηλονότι
1223 3313 1315 3369 τόν
1371 3313 1469 3389 μὲν
1522 3314 1804 3392 ἱερωμένον
1860 3319 1950 3370 τοῦ

289 3401 658 3478 θυσιαστηρίου
701 3401 1036 3477 ἐπίπροσθεν,
1072 3403 1162 3458 τὸν
1223 3401 1276 3458 δὲ
1309 3405 1552 3482 μοναχὸν
1609 3403 1644 3471 ἢ
1673 3405 1765 3460 τὸν
1821 3402 1949 3460 λα’ἰ-

289 3489 382 3545 κὸν
441 3487 496 3543 ἐν
522 3495 598 3563 τῷ
657 3491 917 3567 ἱερατείῳ.
974 3490 1257 3571 Ἐμφαίνει
1290 3493 1389 3571 γὰρ
1446 3490 1525 3548 ὅτι
1557 3491 1693 3548 κατά
1719 3495 1809 3549 τὸν
1856 3495 1947 3550 ἒν-

286 3583 449 3637 ταῦθα
507 3580 622 3655 βίον
665 3581 752 3636 καὶ
814 3580 878 3637 τοὶ
934 3581 1172 3658 πρακτέα
1229 3584 1262 3650 ἡ
1323 3581 1500 3638 ἐκεῖσε
1550 3586 1749 3660 γίνεται
1805 3582 1946 3640 ἀπο-

287 3667 586 3744 κλήρωσις’
634 3670 679 3725 εἶ
736 3670 836 3745 μὲν
895 3673 1111 3728 ἐνταῦθα
1171 3670 1406 3742 θεοειδής
1463 3693 1543 3735 τις
1602 3671 1832 3749 ἐγένετο,
1893 3671 1947 3728 ἐν

284 3762 454 3823 θείαις
525 3761 782 3817 καὶκατὰ
824 3763 884 3818 τὸ
942 3760 1140 3838 μέλλον
1189 3761 1426 3831 λήξεσιν·
1489 3764 1532 3818 εἱ
1563 3759 1618 3818 δὲ
1676 3766 1945 3842 καθυφῆκε

287 3856 388 3917 τῆς
436 3849 706 3928 ἀκριϐείας
766 3850 1006 3930 ἐνταῦθα,
1056 3851 1179 3908 κατ’
1228 3851 1377 3917 ἀξιαν
1435 3853 1655 3909 κάκεῖσε
1713 3851 1944 3929 λήψεται

289 3942 383 4003 τὰς
416 3939 844 4020 ἀποκληρώσεις.
896 3944 1221 4021 Εὖχαριστεῐ
1264 3965 1436 3999 τοίνυν
1481 3944 1508 3999 ὁ
1553 3944 1812 4023 ἱεράρχης
1857 3944 1944 4001 καὶ

284 4031 415 4109 ὅπερ
459 4030 557 4098 τῆς
607 4031 858 4098 τοιαύτης
915 4030 1278 4108 δικαιοσύνης,
1313 4030 1447 4089 ἀλλά
1501 4033 1597 4090 καῖ
1647 4035 1728 4090 ὃτι
1777 4056 1942 4091 κατε-

281 4119 414 4180 λύθη
471 4122 532 4176 τὸ
564 4129 654 4180 τοῦ
683 4121 937 4199 τυράννου
985 4122 1203 4200 κράτος,
1235 4122 1322 4178 καὶ
1353 4124 1380 4178 ὁ
1410 4121 1631 4186 θάνατος
1676 4123 1772 4180 οὒκ
1829 4123 1940 4180 ἔστι

280 4211 526 4286 θάνατος,
574 4209 711 4267 ἀλλὰ
743 4212 853 4282 ζωή
865 4255 881 4271 .

359 4298 390 4378 §
450 4309 516 4362 ll.
575 4301 637 4356 Αἱ
692 4296 748 4355 δὲ
826 4299 955 4374 ᾠδαὶ
999 4301 1086 4357 καὶ
1146 4304 1195 4357 αἱ
1257 4301 1583 4379 ἀναγνώσεις
1635 4301 1943 4381 ἐκφαντικαί

283 4391 381 4445 εἱσι
431 4396 537 4446 τῶν
584 4390 764 4446 ἐκεῖσε
803 4391 1028 4447 αἱωνίων
1084 4397 1283 4467 μονῶν,
1333 4390 1670 4447 ἀποδεκτικαῖ
1714 4393 1810 4467 μὲν
1853 4399 1944 4450 τοῦ

280 4481 656 4554 κοιμηθέντος,
722 4485 828 4535 τῶν
860 4478 914 4535 δὲ
971 4479 1046 4537 ἔτι
1104 4480 1318 4552 ζώντων
1377 4482 1753 4560 προτρεπτικαὶ
1815 4484 1943 4561 πρὸς

279 4570 376 4638 τὴν
404 4569 593 4645 ὁμοίαν
637 4569 934 4629 τελείωσιν.

361 4659 390 4739 §
423 4669 515 4722 Ill.
554 4660 754 4717 Σκόπει
789 4658 866 4740 δὲ,
902 4661 983 4717 ὅτι
1042 4668 1135 4719 νῦν
1164 4660 1221 4719 οὗ
1253 4667 1431 4718 πᾶσαι
1473 4664 1523 4717 αἱ
1568 4663 1939 4740 καθαιρόμεναι

282 4747 460 4816 τάξεις
513 4748 870 4824 ἀπολύονται,
901 4749 1063 4829 ἤγουν
1107 4753 1188 4808 κοὶ
1247 4752 1299 4809 αἶ
1341 4757 1448 4808 τῶν
1507 4750 1936 4832 ἐνοχλουμένων,

283 4841 371 4896 καὶ
428 4842 480 4895 αἱ
540 4841 646 4895 τῶν
695 4839 750 4896 ἐν
805 4841 1058 4916 μετανοίᾳ
1096 4839 1234 4898 ἀλλὰ
1288 4841 1464 4916 μόνων
1495 4845 1601 4897 τῶν
1656 4863 1938 4922 κατηχου-

285 4930 480 5000 μένων⁸
517 4929 745 5005 ἀμύητοι
792 4931 891 5008 γὰρ
940 4932 1104 5005 οὗτοι,
1139 4932 1228 4987 καὶ
1282 4931 1461 4997 πάσης
1492 4930 1716 5006 ἐποψίας
1767 4931 1938 5005 ἀμὲθο

286 5039 453 5079 εκτοι.
514 5017 672 5077 Οὐδὲν
704 5018 757 5075 δὲ
787 5026 977 5098 μικρὸν
1021 5021 1074 5076 ἐν
1107 5033 1224 5084 τοῖς
1285 5020 1402 5077 καθ’
1435 5022 1577 5096 ἡμᾶς
1632 5021 1938 5100 μυστηρίοις

284 5105 581 5187 λογίζεσθαι
643 5113 776 5189 χρὴ,
830 5109 967 5166 ἀλλά
1022 5111 1194 5166 πάντα
1251 5109 1481 5188 μεγάλα·
1543 5111 1672 5167 αὐτὰ
1731 5111 1933 5186 μέντοι,

284 5199 411 5276 πρός
442 5197 656 5266 ἄλληλα
713 5201 1125 5278 συγκρινόμενα,
1161 5198 1413 5281 διαφορὰν
1447 5199 1639 5266 ἕξουσι.
1702 5201 1937 5278 Μέγιστα

283 5287 381 5365 γὰρ
438 5289 526 5344 καὶ
584 5286 965 5364 ἀπαράϐλητα,
1027 5289 1091 5345 τὰ
1147 5289 1252 5346 τῶν
1311 5289 1483 5347 θείων.
1544 5291 1606 5346 Αἱ
1648 5287 1703 5345 δὲ
1758 5289 1929 5367 ἕτεραι

281 5377 477 5452 τάξεις,
515 5379 563 5435 οἱ
623 5377 1016 5456 ἐνεργούμενοι,
1063 5380 1109 5435 οἱ
1166 5378 1218 5436 ἐν
1280 5381 1530 5455 μετανοίᾳ
1573 5381 1903 5436 συνίστανται

283 5467 355 5529 ὡς
410 5467 699 5541 μύηθεϊσαι
733 5469 856 5542 μὲν,
888 5469 1126 5546 ἀνομτως
1157 5466 1211 5523 δὲ
1264 5471 1395 5546 πρὸς
1428 5469 1494 5535 τη
1540 5468 1706 5549 χείρω
1739 5469 1929 5525 παλιν-

281 5553 639 5633 δρομήσασαι.
697 5563 800 5612 τῶν
833 5565 956 5636 γοῦν
1005 5562 1305 5638 θεαρχικῶν
1367 5559 1660 5631 ἐποπτιῶν,
1692 5559 1778 5614 καὶ
1833 5560 1930 5628 τῆς

282 5647 418 5710 θείας
480 5646 836 5721 μεταλήψεως
884 5648 1360 5727 ἀπειρχθήσονται.
1424 5639 1480 5706 Ὀ
1553 5649 1652 5727 γὰρ
1710 5646 1929 5714 ἀναξίως

283 5735 464 5798 ὶσθίων
520 5737 608 5794 καὶ
671 5735 850 5815 κίνων,
907 5740 980 5804 εἰς
1038 5751 1210 5819 κρῖμα
1269 5737 1438 5815 ἐαυτῷ
1495 5738 1649 5796 ἐσθίει
1697 5739 1784 5797 καὶ
1832 5739 1928 5796 πί-

1912 5427 1928 5460 ἳ

2033 3330 2191 3392 care;
2225 3330 2438 3392 nempe
2473 3312 2633 3373 illum
2667 3312 2767 3392 qui
2800 3313 2860 3373 in
2891 3311 3076 3375 sacris
3102 3319 3218 3391 est,
3251 3319 3387 3372 ante
3433 3311 3617 3375 altare
3648 3333 3664 3388 ;

2035 3403 2392 3464 monachum
2427 3421 2562 3464 vero
2592 3403 2684 3464 vel
2715 3403 2953 3482 Iaicum,
2989 3403 3049 3462 in
3079 3402 3358 3463 sacrario.
3396 3400 3672 3463 Declarat

2030 3494 2214 3574 enim,
2245 3491 2570 3555 secundum
2603 3493 2757 3554 hanc
2787 3493 2964 3554 vitam
2998 3499 3055 3554 et
3102 3510 3235 3572 quae
3289 3497 3452 3570 gesta
3507 3498 3667 3571 sunt,

2031 3582 2112 3644 ibi
2143 3591 2366 3644 sortem
2397 3583 2690 3646 retribui:
2727 3592 2787 3644 ut
2815 3583 2864 3644 si
2896 3584 3026 3664 quis
3076 3583 3172 3646 hic
3219 3580 3528 3645 deiformis
3559 3599 3672 3644 ex-

2029 3672 2266 3747 stiterit,
2300 3673 2360 3734 in
2391 3672 2592 3736 futuro
2625 3691 2857 3754 quoque
2881 3672 3098 3735 saeculo
3120 3673 3176 3733 in
3201 3671 3414 3733 divinis
3435 3671 3548 3734 erit
3569 3671 3672 3734 de-

2029 3761 2440 3824 lectationibus
2468 3784 2483 3838 ;
2511 3764 2604 3825 sin
2638 3765 2734 3826 hic
2760 3763 3028 3825 nonnihil
3052 3761 3316 3824 studium
3339 3761 3661 3834 remiserit,

2030 3870 2135 3933 pro
2165 3853 2393 3916 meritis
2424 3854 2506 3914 ibi
2555 3872 2791 3936 quoque
2840 3862 3030 3916 sortes
3063 3852 3342 3933 accipiet.
3403 3851 3666 3914 Antistes

2026 3949 2228 4024 itaque
2251 3962 2353 4024 pro
2386 3945 2581 4006 divina
2606 3944 2836 4024 justitia
2868 3945 3119 4018 bac,nec
3165 3961 3282 4005 non
3327 3942 3402 4004 de
3435 3941 3666 4022 tyranni

2026 4033 2279 4114 imperio
2304 4034 2609 4113 proﬂigato
2633 4034 2850 4114 gratias
2872 4035 3010 4112 agit,
3037 4033 3313 4114 quodque
3344 4048 3502 4094 mors
3544 4049 3665 4094 non

2021 4124 2145 4203 jam
2177 4124 2430 4204 amplius
2463 4141 2619 4186 mors
2650 4123 2747 4198 sit,
2781 4124 2887 4185 sed
2920 4124 3060 4186 vita.

2105 4295 2243 4355 276
2272 4295 2300 4374 §
2327 4293 2398 4359 Il.
2433 4293 2616 4355 Porro
2642 4293 2872 4356 cantica
2902 4301 2960 4355 et
3009 4292 3300 4355 lectiones
3356 4297 3668 4371 exponunt

2025 4385 2156 4446 illas
2185 4393 2435 4447 aeternas
2465 4383 2826 4456 mansiones,
2888 4401 3022 4464 quae
3075 4382 3390 4445 defunctos
3420 4381 3663 4462 quidem

2027 4476 2346 4556 excipiunt,
2383 4475 2641 4538 viventes
2670 4482 2868 4536 autem
2898 4473 2972 4535 ad
3005 4473 3266 4536 similem
3298 4472 3427 4536 vitae
3481 4471 3662 4534 finem

1953 4573 1998 4623 D
2016 4566 2429 4630 adhortantur.

2103 4657 2133 4736 §
2162 4655 2260 4720 ΙΙΙ.
2293 4657 2584 4719 Caeterum
2617 4655 2888 4730 observa,
2921 4654 3220 4736 quomodo
3281 4672 3398 4714 non
3454 4669 3663 4715 omnes

2025 4747 2125 4828 qui
2154 4745 2478 4827 expiationi
2510 4755 2716 4808 vocant
2745 4745 2985 4808 ordines
3007 4746 3133 4826 jam
3176 4743 3570 4818 dimittantur,
3600 4749 3662 4804 ut

2023 4836 2546 4900 suntdaemonibus
2563 4835 2955 4898 obnoxiorum
2981 4845 3040 4896 et
3061 4833 3500 4914 poenitentium,
3549 4831 3657 4893 sed

2022 4926 2133 4989 soli
2165 4926 2621 5001 catechumeni;
2653 4926 2930 5006 quoniam
2965 4923 3024 4985 hi
3075 4922 3237 4985 nullo
3291 4929 3661 4984 sacramento

2021 5025 2158 5077 sunt
2187 5015 2429 5096 initiati,
2492 5023 2550 5077 et
2601 5015 2794 5077 omnis
2843 5021 3118 5094 aspectus
3176 5011 3328 5074 sacri
3362 5019 3658 5093 expertes.

2020 5105 2256 5168 Nullum
2290 5109 2490 5168 autem
2515 5123 2549 5168 e
2574 5103 2865 5185 mysteriis
2888 5103 3107 5164 nostris
3129 5107 3287 5182 parvi
3319 5099 3661 5164 faciendum

2019 5202 2130 5269 est,
2163 5197 2441 5276 quoniam
2477 5213 2687 5273 magna
2720 5201 2855 5255 sunt
2877 5191 3102 5272 omnia,
3135 5193 3274 5254 licet
3302 5191 3374 5254 ad
3401 5191 3661 5254 invicem

2017 5285 2229 5349 collata
2249 5285 2483 5346 diversa
2502 5285 2639 5346 sint.
2671 5283 2924 5348 Maxima
2946 5283 3101 5344 enim
3131 5291 3189 5344 et
3214 5280 3658 5362 incomparabi-

2014 5376 2091 5438 lia
2123 5385 2282 5452 sunt,
2318 5393 2690 5453 quaecunque
2731 5374 2930 5436 divina
2984 5381 3142 5436 sunt.
3207 5372 3398 5435 Cateri
3456 5382 3658 5432 autem

2015 5466 2284 5540 ordines,
2318 5473 2383 5526 ut
2411 5464 2798 5544 energumeni
2830 5473 2888 5526 et
2922 5464 3502 5544 pmnitentes,astant
3533 5461 3665 5540 qui-

2016 5557 2148 5618 dem
2185 5564 2458 5636 tanquam
2507 5563 2879 5617 sacramento
2932 5553 3170 5624 initiati,
3228 5557 3658 5624 verumtamen,

2017 5665 2149 5709 cum
2172 5645 2584 5725 imprudenter
2612 5647 2670 5708 in
2704 5645 2926 5706 malum
2950 5641 3166 5722 relapsi
3193 5641 3334 5715 sint,
3366 5658 3400 5701 a
3421 5638 3660 5702 divino-

2013 5755 2148 5802 rum
2181 5737 2594 5819 mysteriorum
2622 5733 2960 5819 aspectibus
3006 5731 3326 5810 divinaque
3381 5747 3660 5798 commu-

4118 2182 4146 2345 ξ

4116 2351 4144 2509 i

4115 2641 4147 2808 ξ

4109 3167 4147 3267 ’5

4106 3402 4149 3541 ξ

4105 3545 4149 3675 Ξ

4105 3691 4150 3772 :

4102 3785 4151 3930 ξ

4098 3985 4154 4124 ἓ
