4490 6164
673 352 791 420 575
1872 355 1932 418 S.
1979 349 2320 418 DIONYSII
2361 349 2870 420 AREOPAGITE
3923 355 4031 422 576

673 502 847 558 nione
877 497 1247 558 arcebantur.
1299 495 1404 563 Qui
1451 493 1603 552 enim
1658 493 1871 567 indigne
1924 494 2215 551 manduca:
2266 499 2370 550 ets
2398 512 2446 546 νε

2266 499 2370 550 ets
2398 512 2494 567 νει,
2544 494 2712 554 γαθὼς
2770 494 2823 548 ἐν
2867 495 2935 570 τῇ
2995 490 3126 571 πρὸς
3193 488 3489 569 Κορινθίους
3555 489 3738 570 πρώτῃ
3798 495 3948 571 φησὶν
4006 498 4030 553 ὁ

673 589 826 655 bibit,
870 590 1140 664 judicium
1195 587 1301 646 sibi
1349 585 1640 643 manduca!
1713 590 1762 641 et
1835 585 1992 654 bibit,
2051 586 2197 643 sicut
2252 587 2310 644 in
2397 579 2446 638 Ἀ

2255 587 2310 644 in
2397 579 2748 646 Ἀπόστολος,
2783 581 2890 640 Οὔκ
2921 581 3218 646 ἀπεικότως
3277 579 3331 637 δὲ
3362 581 3449 638 ἐπὶ
3479 594 3599 647 τοῖς
3639 591 3724 641 νῦν
3781 583 4028 661 τελουμέ-

676 682 866 763 prima
889 699 994 743 sua
1019 680 1088 742 ad
1114 677 1453 742 Corinthios
1475 675 1792 756 Apostolus
1813 674 1914 736 ait.
1937 673 2070 742 Non
2097 675 2312 736 incon-
2397 693 2449 728 vo

2256 694 2312 735 ι-
2397 693 2505 736 νοις
2537 673 2625 728 καὶ
2657 675 2796 729 οὗτοι
2848 671 3114 750 πάρεισιν,
3147 670 3516 746 διδασκόμενοι
3547 672 3647 739 τὴν
3677 671 3892 740 ἀδηλίαν
3946 677 4029 733 τοῦ

670 759 816 851 έτυο
838 780 1033 833 autem
1065 770 1459 831 admittuntur
1485 766 1556 827 ad
1591 783 1660 828 ea
1691 783 1819 843 quae
1867 763 1964 826 hic
1997 774 2308 845 geruntur,
2393 764 2443 818 0a

2256 782 2308 845 Γ,
2393 762 2639 840 θανάτου,
2698 761 2763 819 τά
2818 783 2875 817 τε
2935 760 3159 840 βραδεῖα
3209 767 3314 818 τῶν
3371 759 3608 836 δικαίων,
3662 763 3748 819 καὶ
3793 765 3882 830 τὰς
3933 771 4029 820 τῶν

671 849 977 924 utdiscant
1001 856 1737 929 mortisincertitudinem,
1763 863 1821 916 et
1852 855 2310 934 praemiajusto-
2397 852 2444 924 ἀι

2257 875 2310 917 υ-
2397 850 2730 930 ἁμαρτωλῶν
2787 849 2978 914 λύπας,
3018 852 3114 907 Διά
3173 858 3298 930 γοῦν
3335 852 3396 907 τὸ
3427 851 3660 909 ἐντεῦθεν
3716 851 3919 935 ὄφελος,
3949 856 4030 912 καὶ

672 971 802 1015 rum
821 970 890 1013 ac
909 959 1287 1031 peccatorum
1313 965 1538 1029 paenae.
1570 943 2040 1025 Adsuntitaque,
2072 955 2134 1006 ut
2173 946 2311 1008 hinc
2396 941 2445 997 ἵν

2254 965 2311 1008 ιο
2396 941 2488 998 ’ίνα
2516 943 2664 1021 τάχα
2707 940 2803 998 καί
2843 944 2984 998 οὗτοι
3015 944 3149 1022 πρὸς
3194 942 3290 1012 τὴν
3322 948 3426 999 τῶν
3469 944 3666 1020 ὁμοίων
3697 942 3872 1024 ἔφεσιν
3925 943 4027 1003 διι-

667 1041 890 1122 aliquid
909 1039 1179 1103 utilitatis
1202 1039 1413 1120 ferant,
1445 1045 1503 1101 et
1527 1037 1660 1100 illos
1680 1036 1833 1100 forte
1876 1035 2164 1098 similium
2198 1035 2308 1099 de-
2395 1053 2440 1110 γε

1171 1039 1413 1120 sferant,
1445 1045 1503 1101 et
1527 1037 1660 1100 illos
1680 1036 1833 1100 forte
1876 1035 2164 1098 similium
2198 1035 2308 1099 de-
2395 1035 2644 1110 γερθῶσι,
2678 1031 2944 1110 πάρεισιν.

667 1131 959 1195 siderium
992 1131 1287 1196 excitabit.

2477 1211 2506 1291 §
2559 1211 2657 1275 IV.
2723 1209 2883 1279 ’Ἤδη
2932 1207 3279 1288 διαλαμϐάνει
3329 1213 3417 1269 καὶ
3473 1213 3592 1292 περὶ
3642 1220 3734 1271 τοῦ
3761 1213 4029 1290 ἀσπασμοῦ

751 1313 907 1393 §lV.
958 1314 1186 1378 Deinde
1236 1321 1440 1377 tractat
1492 1313 1668 1376 etiam
1718 1311 1794 1374 de
1845 1309 2206 1374 salutatione
2255 1315 2316 1372 et
2395 1303 2482 1361 καὶ

2256 1315 2316 1372 et
2395 1303 2482 1361 καὶ
2530 1307 2625 1372 τῆς
2656 1303 2851 1382 εὐχῆς·
2912 1303 2999 1359 καὶ
3029 1304 3063 1372 ἡ
3096 1302 3194 1378 μὲν
3227 1303 3366 1382 εὐχὴ
3397 1299 3576 1371 δέησις
3609 1303 3752 1360 ἐστιν
3794 1304 3920 1384 ὑπὲρ
3946 1314 4029 1366 τοῦ

670 1391 982 1468 oratione:
1019 1409 1080 1468 et
1110 1403 1296 1467 oratio
1327 1404 1567 1486 quidem
1606 1407 1866 1484 precatio
1897 1410 1987 1464 est
2035 1420 2139 1483 pro
2201 1401 2311 1464 de-
2395 1415 2443 1451 κε

2253 1420 2311 1464 3-
2395 1391 2809 1472 κεκοιμημένου,
2890 1392 2983 1449 ’ίνα
3059 1394 3420 1472 καταταχθείη
3505 1393 3559 1449 ὲν
3643 1393 3864 1458 κόλποις
3931 1394 4026 1452 τῶν

669 1495 898 1570 functo,
931 1505 997 1556 ut
1026 1480 1420 1557 constituatur
1453 1495 1513 1556 in
1546 1480 1676 1556 sinu
1706 1480 2198 1576 patriarcharum,
2248 1491 2310 1555 iu
2395 1508 2442 1541 πε

2253 1491 2310 1555 in
2395 1490 2764 1564 πατριαρχῶν,
2847 1481 2902 1538 ἐν
2992 1481 3140 1556 τόπῳ
3214 1481 3334 1538 ἔνθα
3403 1480 3604 1563 ἀπέδρα
3678 1484 3744 1540 τὰ
3817 1482 4026 1560 ὀδύνηρᾶ

672 1582 862 1672 locAo_a.
891 1603 1010 1672 quo
1041 1585 1273 1672 tristitia
1305 1586 1499 1672 omnis
1529 1585 1720 1672 abest.
1758 1666 1792 1672 __
2103 1663 2117 1672 .
2146 1664 2158 1672 _
2227 1664 2239 1672 _
2395 1575 2590 1672 “011*:-
2645 1653 2681 1672 η

753 1665 783 1744 §
813 1665 883 1726 V.
910 1655 1429 1737 Quemadmodum
1461 1667 1616 1728 enim
1646 1665 1722 1728 ab
1756 1666 1827 1726 iis
1857 1683 1988 1746 quae
2024 1663 2192 1725 nobis
2215 1664 2316 1743 ju-
2475 1662 2505 1743 §

2252 1684 2316 1726 u-
2475 1662 2505 1743 ἓ
2534 1661 2606 1724 V.
2645 1655 2864 1742 ιὨσπερ
2908 1662 3006 1740 γὰρ
3035 1661 3142 1717 ἀπὸ
3171 1668 3277 1717 τῶν
3334 1664 3469 1738 ἡμῖν
3501 1660 3700 1743 ἡδέων,
3730 1669 3826 1731 τῆς
3880 1665 4025 1740 βασι-

671 1755 866 1816 cunda
913 1764 1071 1830 sunt,
1108 1763 1168 1818 ut
1198 1776 1404 1836 regno,
1452 1776 1642 1836 cinna,
1677 1756 1828 1837 luce,
1857 1755 2068 1835 gloria,
2105 1755 2312 1834 splen-
2396 1755 2444 1809 λε

2252 1774 2312 1814 τι-
2396 1755 2565 1834 λείας,
2597 1763 2690 1812 τοῦ
2746 1752 2978 1831 δείπνου,
3011 1751 3104 1808 τοῦ
3147 1753 3346 1832 φωτὸς,
3380 1758 3478 1819 τῆς
3541 1751 3720 1833 δόξης,
3753 1759 3849 1820 τῆς
3893 1756 4025 1829 λαμ-

672 1843 840 1926 dore,
863 1865 1006 1935 quae
1035 1845 1117 1907 ibi
1155 1856 1290 1909 sunt
1317 1847 1472 1909 bona
1517 1847 1922 1926 designantur,
1955 1865 2086 1928 quae
2107 1845 2314 1935 oculus
2338 1885 2374 1935 Β
2397 1868 2445 1920 πε

2255 1845 2686 1935 ιιεΒπρότητος,
2756 1843 2822 1898 τὰ
2899 1842 3081 1898 ἐκεῖσε
3174 1843 3658 1921 χαρακτηρίζονται
3749 1845 3930 1918 ἀγαθὰ,
3998 1842 4028 1898 ἂ

669 1952 788 1995 non
816 1934 984 2010 vidit,
1021 1955 1133 1998 nec
1182 1937 1340 1998 auris
1381 1937 1646 2007 audivit;
1693 1940 1778 1999 sic
1821 1937 1995 1998 etiam
2047 1954 2179 2016 quae
2225 1934 2309 1996 ibi
2338 1929 2371 1935 ⁷
2397 1936 2442 1992 ἕλε

2255 1934 2309 1996 bi
2338 1929 2664 2012 ’ὸφθαλμὸς
2723 1934 2818 1988 οὒκ
2868 1929 2991 2005 εἶδε,
3026 1933 3111 1988 καὶ
3171 1933 3258 1996 οὖς
3320 1937 3413 1990 οὐκ
3471 1932 3717 1999 ἤκουσεν·
3767 1933 3900 1992 οὕτω
3950 1933 4028 1990 καὶ

672 2024 940 2086 modesta
966 2035 1122 2101 sunt,
1146 2026 1219 2088 ab
1244 2027 1408 2088 hisce
1427 2026 1716 2089 molestiis
1741 2026 2122 2088 denominata
2143 2033 2306 2100 sunt,

667 2113 936 2175 tenebrae
964 2121 1022 2174 et
1053 2114 1274 2176 stridor
1297 2115 1584 2190 dentium,
1611 2123 1671 2176 et
1695 2114 1887 2188 dolor,
1934 2125 1995 2176 et
2038 2112 2305 2193 tristitia,

671 2211 731 2264 et
772 2202 1099 2280 singultus:
1135 2203 1260 2266 haec
1282 2205 1440 2265 enim
1465 2213 1602 2266 sunt
1621 2205 1883 2284 analogze
1912 2203 2306 2281 signiﬁcatio—

672 2309 803 2373 nes,
825 2311 954 2373 quae
981 2310 1014 2353 a
1038 2294 1286 2356 veritate
1309 2292 1601 2356 bonorum
1626 2314 1694 2357 ac
1727 2294 2126 2355 molestiarum
2159 2293 2306 2354 ista-

672 2405 800 2447 rum
826 2393 1062 2449 omnino
1085 2391 1616 2464 discrepant,Sinus
1648 2404 1834 2451 autem
1858 2393 2308 2464 patriarcharum

668 2479 1142 2555 ceterorumque
1173 2484 1509 2539 sanctorum
1541 2485 1678 2538 sunt
1726 2475 2085 2536 beatissima:
2135 2492 2307 2534 man-

670 2562 893 2638 siones,
931 2581 1084 2645 quae,
1139 2575 1202 2626 ut
1244 2567 1478 2646 opinor,
1511 2587 1544 2628 a
1573 2567 1831 2628 sinuosis
1860 2566 2038 2627 maris
2065 2564 2308 2645 gremiis

667 2667 737 2711 ac
769 2651 1054 2730 portubus
1101 2661 1332 2716 navium
1367 2656 1562 2736 potius
1611 2656 2028 2734 desumuntur,
2067 2673 2242 2736 quam
2275 2672 2308 2715 a

667 2740 802 2801 sinu
837 2743 1106 2817 vestium,
1144 2745 1655 2817 Quemadmodum
1692 2746 1852 2807 enim
1884 2747 1984 2826 qui
2017 2745 2077 2806 in
2125 2745 2306 2806 maris

665 2837 1016 2909 tempestate
1038 2843 1366 2914 versantur,
1382 2837 1453 2897 ad
1476 2837 1736 2898 marinos
1777 2837 1944 2898 sinus
1964 2835 2300 2915 attendunt,

669 2918 730 2980 in
765 2919 979 3000 quibus
1011 2930 1068 2982 et
1098 2924 1374 3002 quietiori
1405 2944 1550 2988 aura
1585 2927 1878 3000 fruuntur,
1924 2933 1982 2988 et
2011 2925 2083 2987 ab
2116 2925 2306 3004 agita-

2393 2025 2457 2080 τὰ
2485 2025 2661 2080 ἐκεῖσε
2693 2021 2928 2102 δυσχερῆ
2962 2021 3068 2079 ἀπὸ
3127 2028 3230 2079 τῶν
3269 2022 3485 2080 ἐνταῦθα
3545 2020 3818 2103 δυσχερῶν
3860 2044 4030 2081 κατωο

2393 2115 2755 2192 νομάσθησαν,
2792 2113 3005 2184 σκότος,
3039 2113 3125 2169 καὶ
3173 2114 3406 2190 βρυγμὸς
3437 2111 3691 2192 ὀδόντων,
3727 2117 3812 2170 καὶ
3856 2112 4026 2193 ὀδύνη,

2391 2207 2477 2260 καὶ
2527 2204 2692 2282 λύπη,
2724 2203 2811 2258 καὶ
2855 2204 3175 2279 στεναγμὸς’
3237 2210 3401 2258 ταῦτα
3446 2203 3544 2280 γάρ
3576 2205 3706 2259 εἰσιν
3740 2207 3790 2260 αἱ
3844 2203 4026 2260 ἀναλο-

2392 2317 2476 2371 γοι
2537 2297 2818 2368 σημασίαι,
2881 2293 2965 2348 ταὶ
3026 2300 3130 2348 τῶν
3188 2293 3396 2370 ἀγαθῶν
3460 2297 3546 2350 καὶ
3605 2295 3714 2351 τῶν
3771 2293 4025 2374 δυσχερῶν

2391 2380 2708 2440 ἀποδέουσαι
2767 2380 2980 2446 πάντως
3007 2386 3107 2448 τῆς
3152 2381 3429 2448 ἀληθείας.
3471 2383 3669 2442 Κόλποι
3715 2381 3769 2439 δέ
3805 2385 3898 2439 εἱσι
3928 2382 4026 2438 τῶν

2391 2475 2737 2552 πατριαρχῶν
2811 2473 2897 2527 καὶ
2953 2476 3056 2529 τῶν
3129 2471 3322 2545 ἑτέρων
3387 2472 3550 2549 ἁγίων
3609 2476 3659 2528 αἱ
3727 2472 4027 2550 μακαρισταὶ

2391 2563 2568 2639 μοναί·
2605 2565 2656 2618 οἳ
2706 2564 2814 2640 καὶ,
2843 2564 2914 2624 ὡς
2975 2561 3159 2636 οἶμαι,
3192 2561 3298 2617 ἀπὸ
3340 2568 3448 2617 τῶν
3491 2561 3784 2620 θαλαττίων
3827 2561 4028 2619 κόλπων

2389 2655 2474 2710 καὶ
2506 2651 2737 2728 λιμένων
2769 2651 2930 2708 πλέον
2987 2648 3438 2732 ὲκλαμϐάνονται,
3472 2651 3508 2720 ἢ
3542 2653 3646 2709 ἀπὸ
3680 2660 3786 2709 τῶν
3828 2652 4028 2708 κόλπων

2389 2750 2491 2799 τῶν
2551 2743 2799 2816 ἱματίων,
2837 2739 2930 2805 Ὠς
2987 2742 3086 2820 γὰρ
3117 2743 3161 2796 οἱ
3195 2742 3248 2795 ἓν
3280 2740 3506 2797 κλύδωνι
3563 2740 3860 2815 θαλάσσης,
3893 2740 4027 2800 ὄντες

2387 2835 2518 2910 πρὸς
2571 2833 2692 2894 τοὺς
2750 2830 3060 2896 θαλαττίους
3105 2832 3340 2910 ἀφορῶσι
3401 2829 3649 2905 κόλπους,
3711 2833 3764 2888 ἐν
3817 2836 3898 2892 οἷς
3950 2824 4028 2886 καὶ

2394 2922 2830 2996 ἐλλιμενίζονται,
2923 2924 3010 2978 καὶ
3105 2923 3213 2978 τῶν
3312 2929 3563 3002 ταραχῶν
3649 2922 4026 2980 ἀποπαύονται*

672 3009 933 3072 tionibus
979 3011 1334 3092 quiescunt;
1396 3016 1477 3078 ita
1535 3035 1778 3095 quoque
1834 3017 1934 3098 qui
1966 3016 2029 3076 in
2060 3017 2168 3077 hac
2196 3015 2311 3077 vita
2393 3012 2445 3071 oﬁ’

2257 3023 2311 3077 la
2393 3012 2529 3071 οὕτω
2561 3013 2646 3069 καὶ
2681 3015 2725 3068 οἱ
2769 3011 2824 3067 ἐν
2855 3017 2932 3084 τῷ
2975 3013 3072 3088 βίῳ
3124 3011 3565 3088 κλυδωνιζόμενοι
3601 3011 3707 3080 ἤδη
3766 3025 3878 3078 τοῖς
3908 3011 4028 3067 κόλ-

667 3100 1116 3180 tempestatibus
1164 3104 1370 3183 jactati
1435 3115 1597 3186 sunt,
1657 3112 1718 3166 in
1748 3105 1977 3168 sinibus
2011 3106 2149 3166 277
2181 3106 2310 3167 istis
2392 3127 2440 3160 π⁴

2260 3106 2310 3167 is
2392 3127 2508 3168 ποις
2569 3102 2787 3166 ἐκείνοις
2849 3099 3296 3181 ἐλλιμενίζονται,
3341 3101 3464 3158 ἀλλ’
3516 3101 3635 3158 ὅσαι
3697 3104 3794 3171 τὴν
3844 3104 4029 3159 ἑαυτῶν

668 3190 1113 3298 conquiescunt,
1151 3194 1327 3256 modo
1359 3195 1590 3259 scilicet
1638 3217 1671 3255 e
1723 3195 2004 3274 periculis
2044 3196 2305 3257 animam
2326 3247 2367 3298 ο
2393 3199 2441 3267 φτ

2255 3214 2305 3256 m
2326 3247 2367 3298 Ο
2393 3195 2578 3272 ψυχὴν
2636 3190 2902 3268 ἀνωτέραν
2934 3199 3026 3248 τοῦ
3087 3189 3320 3248 κινδύνου
3379 3191 3777 3271 διεφυλάξαντο.
3815 3195 3870 3249 Εἰ
3899 3190 3950 3246 δέ
3975 3211 4028 3268 γε

2455 3284 2467 3298 \
2596 3281 2629 3298 ΙΝ
2879 3281 2891 3298 \
2946 3283 2958 3298 ἱ
3020 3283 3031 3297 \
3115 3288 3140 3297 συ
3239 3281 3254 3298 κ
3330 3284 3342 3298 ο
3410 3295 3429 3298 ν.
3487 3285 3500 3298 ο
3625 3283 3635 3298 1
3772 3284 3782 3294 ο
3827 3281 3845 3298 \
3938 3278 3965 3298 Ω
3985 3280 3995 3296 Ι

670 3298 836 3342 suam
868 3280 1239 3346 vindicarint.
1277 3284 1382 3348 Sin
1413 3305 1550 3350 vero
1575 3287 1741 3349 sinus
1773 3287 1949 3349 etiam
1993 3305 2026 3347 a
2047 3278 2367 3348 vestibus“
2390 3305 2443 3340 τε

2255 3278 2367 3348 is“
2390 3284 2511 3347 τοὺς
2544 3281 2775 3345 κόλπους
2809 3281 2894 3336 καὶ
2939 3283 3045 3337 ἀπὸ
3075 3288 3181 3338 τῶν
3239 3281 3293 3336 ὲν
3322 3284 3456 3356 ἡμῖν
3487 3283 3714 3358 ἱματίων
3767 3278 4028 3357 ἐκλαμϐά-

671 3371 894 3432 nostris
924 3373 1114 3454 accipi
1137 3375 1490 3457 dixerimus,
1509 3378 1674 3458 juxta
1701 3376 1876 3439 illud:
1903 3375 1976 3439 Ut
1996 3394 2103 3438 nos
2120 3376 2312 3438 foveat
2393 3396 2444 3428 νε

2256 3383 2312 3438 at
2393 3377 2568 3430 νεσθαι
2629 3371 2899 3446 εἴποιμεν,
2958 3373 3094 3430 κατὰ
3171 3374 3253 3428 10"
3335 3363 3459 3428 ’Ίνα
3503 3375 3646 3446 ἡμᾶς
3721 3372 3896 3448 θάὶψῃ
3949 3375 4029 3426 τοῦ

664 3461 829 3523 sinus
858 3461 1137 3545 Abrahai,
1162 3466 1588 3529 convenienter
1615 3469 1726 3529 hoc
1752 3468 1992 3548 quoque
2023 3466 2309 3547 explicari
2390 3463 2437 3520 Ἀ

2257 3467 2309 3528 ri
2390 3462 2632 3542 Ἀϐραὰμ
2684 3465 2710 3518 ὁ
2743 3461 2964 3526 κόλπος·
3029 3460 3312 3539 ἐξηγηθείη
3374 3464 3458 3521 καὶ
3516 3470 3674 3520 τοῦτο
3705 3462 4025 3542 προσφόρως,

666 3551 874 3632 possit,
899 3554 1054 3633 quod
1082 3555 1361 3618 nimirum
1385 3555 1688 3620 Abraham
1716 3557 1942 3638 primus
1961 3559 2035 3619 ad
2061 3556 2168 3620 Dei
2192 3576 2306 3618 no-

666 3641 847 3703 titiam
872 3641 1163 3706 adductus
1186 3647 1282 3725 sit,
1315 3655 1373 3707 et
1422 3650 1544 3709 Deo
1603 3647 1910 3708 familiaris
1969 3645 2302 3710 exstiterit:

667 3730 758 3791 vel
789 3731 944 3810 quod
979 3741 1146 3812 pater
1176 3736 1487 3798 multarum
1519 3738 1782 3816 gentium
1830 3736 2157 3818 appellatus
2205 3735 2303 3810 sit,

671 3838 876 3882 earum
908 3823 1136 3886 scilicet
1156 3844 1286 3906 quae
1317 3827 1642 3890 secundum
1672 3827 1969 3890 Christum
2001 3835 2180 3904 sunt;
2216 3825 2306 3887 vel

672 3919 915 3992 pr0pter
962 3914 1313 3994 patriarcha:
1359 3916 1835 4000 hospitalitatem,
1894 3917 2004 3980 ista
2036 3916 2307 3978 facientis

664 3999 726 4064 in
759 4002 868 4064 hac
897 4003 1032 4078 vita,
1068 4014 1312 4088 propter
1332 4026 1465 4088 quae
1491 4007 1700 4070 mundi
1730 4007 2005 4071 conditor
2026 4025 2094 4069 ac
2116 4005 2303 4087 judex

655 4093 850 4173 justos
879 4094 1163 4157 ccelorum
1195 4115 1377 4177 regno
1409 4097 1747 4160 honorabit.

741 4184 770 4264 §
793 4182 1014 4247 VI.Sed
1040 4186 1162 4250 haec
1183 4187 1450 4250 fortassis
1473 4188 1712 4268 quidem
1727 4189 1870 4248 satis
1903 4187 2304 4249 demonstrata

663 4274 806 4347 sint,
841 4275 1141 4339 dubitabis
1178 4287 1377 4339 tamen
1436 4277 1510 4340 de
1567 4297 1743 4358 prece
1774 4277 2072 4356 antistitis,
2126 4295 2302 4357 quam

663 4365 802 4428 facit
825 4385 932 4445 pro
952 4367 1028 4429 iis
1048 4368 1147 4449 qui
1163 4370 1219 4430 in
1237 4369 1496 4450 peccatis
1517 4369 1778 4431 defuncti
1801 4378 1940 4431 sunt
1964 4392 1978 4439 ;
2006 4367 2302 4449 quomodo

666 4455 949 4516 nimirum
966 4458 1192 4536 justitia
1213 4457 1449 4520 Domini
1477 4459 1755 4520 salvanda
1789 4459 1889 4534 sit,
1918 4459 1968 4519 si
2013 4457 2303 4519 exauditis

662 4545 936 4625 precibus
966 4547 1156 4608 salvet
1208 4567 1341 4610 eum
1376 4551 1478 4629 qui
1511 4558 1779 4610 mortuus
1811 4558 1899 4609 est
1926 4549 1983 4608 in
2019 4547 2298 4628 peccatis.

2391 3552 2474 3611 διὰ
2515 3556 2576 3610 τὸ
2609 3553 2830 3631 πρώτως
2862 3553 2934 3618 εἷς
2978 3551 3298 3629 θεογνωσίαν
3354 3551 3588 3632 ἀχθῆναι
3632 3555 3727 3610 τὸν
3775 3550 4024 3629 Ἀϐραὰμ,

2389 3645 2476 3700 καὶ
2533 3645 2866 3709 οἷκειωθῆναι
2906 3649 3043 3716 Θεῷ·
3077 3641 3110 3709 ἢ
3142 3640 3226 3697 διὰ
3285 3643 3346 3698 τὸ
3390 3642 3592 3711 πατέρα
3621 3642 3839 3701 πολλῶν
3881 3640 4027 3698 ἐθνῶν

2389 3733 2673 3808 κληθῆναι,
2728 3738 2834 3788 τῶν
2891 3732 3029 3788 κατὰ
3060 3732 3282 3810 Χριστὸν
3314 3729 3540 3802 δηλαδή·
3601 3732 3637 3801 ἢ
3670 3731 3755 3790 διὰ
3804 3733 3900 3800 τὴν
3945 3736 4030 3788 τοῦ

2389 3823 2723 3902 πατριάρχου
2751 3820 3069 3898 φιλοξενίαν,
3103 3821 3282 3878 ἐκεῖνα
3336 3823 3660 3892 ποιήσαντος
3693 3823 3748 3878 ἐν
3779 3829 3855 3896 τῷ
3909 3820 4023 3898 βίῳ,

2390 3913 2443 3969 ἐν
2473 3911 2616 3977 ὅσοις
2659 3911 2720 3968 ἂν
2757 3914 2784 3968 ὁ
2816 3913 3020 3986 κόσμου
3065 3914 3263 3978 παντὸς
3295 3918 3527 3980 ποιητὴς
3556 3913 3643 3970 καὶ
3687 3914 3870 3992 κριτὴς
3917 3910 4028 3967 τοὺς

2389 4000 2619 4067 δικαίους
2652 4002 2748 4071 τῇς
2779 3999 3051 4079 βασιλείας
3082 4000 3409 4082 καταξιώσῃ,

2466 4182 2494 4261 §
2552 4180 2653 4245 VI.
2689 4179 2841 4239 Ἀλλ’
2873 4178 3008 4246 ἴσως
3071 4191 3232 4240 ταῦτα
3266 4182 3363 4257 μὲν
3398 4179 3688 4248 ἀποδείξει·
3748 4181 4026 4260 ἀπορήσεις

2386 4273 2440 4330 δὲ
2505 4275 2748 4350 περὶτῆς
2796 4271 3085 4350 γινομένης
3119 4275 3285 4351 εὐχῆς
3335 4273 3476 4349 παρὰ
3531 4282 3624 4331 τοῦ
3653 4272 3902 4351 ἱεράρχου
3951 4267 4028 4324 ὶπὶ

2385 4364 2504 4429 τοῖς
2564 4363 2618 4418 ἓν
2664 4362 2945 4441 ἁμαρτίαις
2976 4361 3412 4438 κεκοιμημένοις⁶
3451 4360 3555 4436 ὅτι,
3592 4368 3708 4425 πῶς
3740 4363 3801 4417 τὸ
3845 4358 4028 4415 δίκαιον

2386 4451 2784 4533 φυλαχθήσεται
2846 4454 2938 4509 τοῦ
2975 4453 3269 4526 Δεσπότου,
3303 4450 3458 4529 εἴπερ
3511 4452 3776 4513 ἐπακουὸς
3819 4448 4026 4528 γενόμε-

2383 4563 2468 4607 νος
2521 4548 2626 4598 τῶν
2659 4542 2834 4620 εὐχῶν
2885 4539 3044 4598 σώσει
3106 4543 3195 4597 τὸν
3253 4543 3307 4596 ἓν
3356 4540 3636 4619 ἁμαρτίαις
3685 4538 4021 4597 ἀποθανόντα.

663 4620 782 4714 Ego
815 4643 1033 4706 autem,
1068 4637 1274 4717 inquit,
1305 4620 1527 4716 justam
1550 4639 1791 4716 quidem
1818 4657 1921 4716 pro
1953 4620 2120 4700 factis
2177 4643 2302 4699 suis
2323 4620 2436 4688 ι)ἸΞ

2252 4620 2528 4709 ίεθἚγὼ
2572 4629 2649 4710 δὲ,
2697 4629 2778 4686 ὅτι
2831 4630 2929 4706 μὲν
2960 4627 3165 4686 δικαίαν
3227 4631 3358 4710 πρὸς
3404 4631 3497 4694 τὰς
3555 4629 3768 4709 πράξεις
3818 4628 4023 4710 (ταύτην

659 4727 842 4806 (hanc
863 4726 1020 4789 enim
1044 4725 1495 4790 retributionem
1521 4737 1704 4798 vocat)
1727 4738 1948 4791 sortem
1971 4727 2300 4810 quemlibet

659 4815 998 4880 habiturum
1034 4817 1224 4899 probe
1253 4836 1396 4893 scio,
1433 4817 1760 4896 Scripturis
1797 4818 2206 4893 consentiens,
2244 4826 2302 4880 et

660 4906 964 4988 subjungit
985 4909 1176 4970 statim
1202 4907 1539 4970 testimonia
1557 4908 1898 4990 Scripturae.
1927 4908 2080 4972 Solis
2101 4919 2298 4971 autem

661 4997 1102 5060 misericordias
1132 4999 1235 5060 Dei
1271 4999 1660 5076 merentibus,
1696 4999 1820 5061 sive
1851 4999 1997 5061 vivis
2023 5000 2148 5062 sive
2200 5001 2303 5062 de-

660 5086 903 5167 functis,
936 5106 1055 5150 non
1088 5105 1228 5150 vero
1262 5088 1334 5150 iis
1360 5087 1461 5170 qui
1501 5089 1770 5151 damnari
1802 5097 2172 5172 meruerunt,
2195 5091 2300 5170 ju-

660 5183 887 5238 storum
917 5177 1224 5256 prodesse,
1259 5179 1477 5257 scripta
1497 5179 1692 5241 divina
1723 5179 2118 5254 docent.Quid
2139 5183 2300 5243 enim

659 5263 822 5327 Sauli
853 5265 1074 5346 profuit
1103 5267 1394 5329 Samuel?
1442 5269 1519 5330 Et
1569 5267 1708 5346 quid
1760 5264 1983 5332 Iudaeis
2022 5269 2302 5332 Jeremiaa

658 5367 914 5436 precatio
945 5363 1230 5424 contulit?
1249 5365 1322 5424 ad
1351 5381 1520 5440 quem
1553 5367 1695 5427 dixit
1727 5367 2001 5427 Dominus
2031 5385 2046 5428 :
2076 5369 2152 5425 Nc
2181 5386 2300 5427 ore:

656 5472 759 5530 pro
781 5457 977 5530 ροριιιο
1009 5455 1124 5515 hoc.
1160 5456 1384 5516 Etenim
1417 5467 1478 5518 ut
1511 5459 1558 5517 si
1588 5459 1719 5532 quis
1739 5459 1860 5518 sole
1891 5459 2136 5525 lucente,
2194 5461 2298 5519 sibi

614 5535 621 5543 ’
658 5538 774 5616 ipsi
815 5538 1018 5601 oculos
1039 5555 1278 5615 eruens,
1313 5540 1463 5603 lucis
1494 5543 1624 5624 ejus
1657 5543 1944 5622 particeps
1961 5543 2091 5605 ﬁeri
2110 5551 2296 5624 petat;

655 5630 744 5692 sic
775 5649 842 5692 ex
875 5631 1228 5710 impossibili
1262 5651 1367 5714 spe
1402 5633 1643 5714 pendet,
1673 5631 1942 5714 quisquis
1957 5643 2296 5696 sanctorum

659 5738 864 5803 preces
892 5721 1112 5805 ﬂagitat
1139 5721 1281 5786 dum
1313 5723 1590 5788 mandata
1609 5721 1719 5791 Dei
1740 5741 1858 5786 non
1878 5731 2298 5810 servat,neque

2384 4725 2482 4802 γὰρ
2513 4721 2795 4800 ἀμοιϐαίαν
2844 4722 3013 4803 λέγει)
3061 4722 3162 4788 ἕξει
3223 4724 3320 4791 τὴν
3353 4721 3731 4802 ἀποκλήρωσιν
3790 4723 4021 4796 ἕκαστος,

2385 4814 2440 4870 εὖ
2495 4812 2620 4870 οῖδα
2674 4813 2970 4870 ἀκολουθῶν
3028 4827 3148 4878 ταῖς
3181 4820 3445 4893 Γραφαϊς⁹
3505 4815 3590 4870 καὶ
3649 4812 3901 4892 παρευθὺς
3946 4808 4022 4866 τί·

2383 4907 2502 4970 θησι
2561 4905 2648 4960 καὶ
2691 4903 2950 4983 γραφικὰς
3011 4904 3319 4983 μαρτυρίας.
3379 4899 3517 4959 ’¹Οτι
3572 4899 3626 4957 δὲ
3671 4904 3866 4978 μόνους
3912 4900 4023 4960 τοὺς

2384 4993 2553 5058 ἀξίους
2611 4995 2710 5051 τῶν
2744 4995 3029 5072 οἰκτιρμῶν
3084 4993 3173 5050 τοῦ
3204 4993 3332 5049 Θεοῦ
3388 4993 3683 5070 ὠφελοῦσιν
3733 4993 3785 5048 αἱ
3814 4995 3918 5047 τῶν
3945 4985 4024 5043 δι-

2384 5086 2543 5141 καίων
2589 5085 2907 5162 προσευχαὶ,
2943 5081 3056 5138 εἴτε
3113 5089 3339 5157 ζῶντας,
3376 5083 3487 5138 εἴτε
3530 5083 3618 5138 καὶ
3674 5079 4025 5146 τελευτησαν-

2384 5195 2500 5247 τας,
2535 5176 2595 5231 οὔ
2652 5172 2760 5248 μὴν
2791 5173 2912 5237 τοὺς
2945 5171 3405 5248 ἀξιοκατακρίτους
3473 5173 3522 5229 αἱ
3554 5172 3807 5250 γραφικαὶ
3866 5189 4030 5246 παρα-

2384 5259 2552 5328 δόσεις
2584 5260 2907 5323 διδάσκωσι.
2945 5263 3004 5320 Τί
3046 5261 3146 5341 γὰρ
3176 5262 3318 5341 παρὰ
3349 5269 3441 5320 τοῦ
3485 5259 3747 5336 Σαμουὴλ
3782 5263 3810 5316 ὁ
3865 5255 4029 5314 Σαοὺλ

2383 5351 2636 5432 ὠφελήθη
2671 5372 2685 5432 ;
2723 5353 2781 5410 Τί
2808 5349 2862 5407 δὲ
2893 5352 3014 5416 τοὺς
3045 5349 3327 5417 Ἰουδαίους
3379 5353 3414 5420 ἡ
3445 5361 3538 5410 τοῦ
3574 5343 3832 5428 ’ῐιρεμίου
3861 5347 4028 5412 ὤνησε

2381 5443 2657 5522 προσευχὴ
2695 5461 2710 5515 ;
2769 5443 2900 5517 πρὸς
2933 5441 2990 5496 ὃν
3037 5441 3193 5522 εἶπεν
3251 5444 3279 5497 ὁ
3329 5443 3540 5515 Κύριος·
3580 5441 3668 5508 Μὴ
3736 5438 4032 5518 προσεύχου

2381 5534 2500 5610 περὶ
2555 5521 2647 5590 τοῦ
2676 5531 2806 5589 λαοῦ
2860 5532 3066 5592 τούτου.
3103 5521 3332 5610 ’Ὥσπερ
3389 5532 3516 5610 γὰρ,
3549 5537 3640 5588 τοῦ
3697 5528 3850 5597 ἡλίου
3892 5526 4030 5601 λάμ-

2379 5645 2598 5701 ποντος,
2635 5620 2960 5701 ἐξαφανίζων
3017 5642 3098 5684 τις
3130 5622 3224 5686 τὰς
3285 5623 3479 5686 οἰκείας
3519 5619 3695 5697 ὄψεις,
3733 5621 3873 5675 αἰτεῖ
3929 5637 4028 5691 μι-

2380 5726 2606 5796 τασχεϊν
2651 5710 2849 5795 φωτός·
2902 5710 3040 5770 οὕτω
3091 5713 3177 5769 καὶ
3228 5714 3359 5793 πρὸς
3416 5711 3704 5774 ἀδυνάτους
3767 5707 4024 5788 κρέματας
