4490 6164
291 382 408 454 577
767 391 868 455 DE
910 383 1210 457 ECCLES.
1243 383 1692 470 HIEBARCH.,
1740 381 1908 456 CAP.
1954 383 2092 458 VII.
2147 427 2224 440 -
2256 395 2642 461 PARAPHR.
2685 395 3199 465 PACHYMER/E.

291 527 505 593 ἐλπίδας
534 527 693 617 ὁῗτὰς
723 526 833 584 τῶν
877 527 1042 607 ἁγίων
1075 529 1173 605 μὲν
1203 527 1431 594 ἐξαιτῶν
1481 527 1806 608 προσευχὰς,
1868 525 1946 603 μὴ
1966 533 2064 617 At]

1881 525 1946 595 ιὴ
1966 533 2008 584 Α
2031 527 2248 617 mentis
2262 528 2465 592 oculos
2490 537 2726 610 apertos
2747 532 2946 606 habet,
2974 545 3032 596 et
3053 535 3224 615 juxta
3256 534 3654 617 Psalmistam,

288 618 540 699 κατέχων
571 616 749 683 δὲτὰς
781 625 871 675 τοῦ
927 624 1058 676 Θεοῦ
1115 618 1353 693 ἐντολὰς,
1420 617 1558 694 μηδὲ
1618 617 1766 698 ἔχων
1817 621 1934 675 οἷον

290 706 832 784 ἂποκεκαλυμμένους
919 709 1041 773 τοὺς
1115 710 1336 776 νοητοὺς
1431 707 1761 788 ὀφθαλμοὺς,
1849 709 1934 765 καὶ

290 798 636 862 ἐκλείποντας
687 797 815 877 ἤδη,
851 799 987 855 κατὰ
1042 799 1132 855 τὸν
1162 797 1491 875 Ψαλμῳδὸν,
1526 800 1598 864 εἰς
1630 800 1692 855 τὸ
1751 801 1934 869 σωτή-

287 911 398 968 ριον
439 899 531 948 τοῦ
562 895 721 947 Θεοῦ.
756 889 844 955 Μὴ
877 889 1099 966 νομίσῃς
1143 887 1220 970 δὲ,
1257 889 1337 946 ὅτι
1383 891 1409 945 ὁ
1467 889 1618 956 ἥλιος
1647 890 1712 946 τὰ
1744 890 1934 945 ἑαυτοῦ

291 984 442 1058 φῶτα
475 977 750 1058 δωρεῖται,
786 979 930 1057 (πῶς
961 980 1062 1058 γὰρ
1119 980 1205 1054 ἃν,
1267 976 1479 1060 ἄψυχος
1503 977 1604 1054 ὢν,
1634 977 1928 1058 δωρήσεται

283 1066 486 1147 δωρεάν
513 1091 528 1146 ς
563 1068 582 1150 )
617 1067 754 1125 ἀλλὰ
778 1071 916 1126 κατὰ
946 1070 1222 1137 ἠθοποιίαν
1255 1071 1381 1126 οἱνεί
1413 1091 1529 1126 τινα
1583 1070 1641 1124 τὸ
1703 1091 1925 1148 προκει-

281 1181 443 1232 μενον
475 1158 645 1238 λέγει.
679 1156 901 1237 ’Ὥσπερ
931 1161 1029 1238 γὰρ
1087 1159 1139 1215 εἴ
1169 1182 1247 1223 τις
1312 1160 1562 1217 ὖπόθοιτο
1625 1161 1716 1216 τὸν
1774 1160 1926 1227 ἥλιον

282 1247 531 1328 λέγοντα·
593 1246 746 1328 Ἐγὼ
803 1263 920 1315 τοῖς
994 1247 1307 1327 ἒῤῥωμένοις
1385 1248 1685 1330 ὀφθαλμοῖς
1741 1248 1926 1326 δίδωμι

284 1339 421 1417 φῶς⁹
458 1344 579 1396 εἶτα
611 1339 842 1396 ἀσθενῶν
871 1362 952 1402 τις
1007 1341 1074 1396 τὰ
1132 1339 1345 1416 ὄμματα
1404 1339 1570 1397 εἴποι·
1638 1342 1738 1407 Δὸς
1769 1341 1928 1416 κᾶμοὶ

284 1430 384 1496 τὴν
435 1431 654 1505 ἇκτϊνα,
739 1428 968 1508 ἔρρωμαι
1017 1431 1140 1509 γάρ’
1202 1429 1345 1508 λέγω
1413 1430 1494 1487 ὅτι
1553 1431 1611 1486 οὺ
1677 1430 1928 1487 τοσοῦτον

283 1519 695 1599 ὠφεληθήσεται
729 1523 902 1594 οὗτος,
936 1520 1059 1578 ὅσον
1118 1523 1207 1578 καὶ
1252 1520 1280 1576 ὅ
1330 1520 1470 1597 ἐώρα
1527 1521 1802 1578 ἀπολέσει·
1836 1523 1926 1577 τὸν

285 1610 444 1666 αὐτὸν
501 1611 698 1689 τρόπον
757 1611 847 1666 καὶ
904 1614 932 1666 ὁ
989 1610 1422 1690 ἀξιοκατάκριτος
1491 1610 1806 1690 ἁμαρτωλὸς
1835 1612 1928 1676 τὰς

282 1709 390 1762 τῶν
451 1702 667 1759 δικαίων
700 1701 864 1781 εὐχὰς
897 1700 1157 1781 ἐκζητῶν,
1201 1701 1452 1764 κάκεῖνος
1489 1699 1741 1778 μηδόλως
1799 1700 1926 1758 ἑπι-

282 1791 670 1873 στρεφόμενος.
708 1793 805 1848 Καὶ
846 1790 1000 1847 τοῦτό
1031 1791 1141 1847 ἐστι
1167 1793 1228 1848 τὸ
1286 1792 1428 1869 παρὰ
1485 1798 1552 1868 τῇ
1611 1796 1791 1871 Γραφῇ
1828 1790 1925 1846 λε·-

2017 616 2366 681 deticientes
2389 625 2449 681 in
2491 619 2750 682 salutare
2774 622 2931 684 Dei".
2993 625 3082 687 Ne
3118 627 3422 687 existimes
3450 616 3650 689 autem

2017 708 2204 771 solem
2228 709 2370 772 dare
2393 709 2622 772 lumina
2641 713 3074 794 sua(quomodo
3097 714 3426 790 enim,cum
3451 715 3651 776 inani-

2018 796 2131 859 mis
2147 798 2243 876 sit,
2255 799 2436 879 possit
2457 799 2599 862 dare
2625 808 2911 877 munus?),
2944 803 3050 864 sed
3073 803 3251 866 veluti
3281 823 3386 884 per
3417 821 3650 865 morum

2015 893 2337 968 quamdam
2371 889 2666 952 ﬁctionem
2705 890 2764 951 id
2811 889 2978 953 dicit.
3044 890 3207 954 Sicut
3235 893 3395 955 enim
3427 894 3477 954 si
3522 893 3653 974 quis

2017 979 2880 1058 supponatsolemdicerezEgo
2901 979 3232 1044 valentibus
3247 981 3436 1043 oculis
3454 982 3655 1043 lumen

2015 1067 2170 1128 dono
2197 1091 2210 1145 ς
2261 1077 2464 1146 postea
2494 1069 2708 1150 aliquis
2731 1069 3014 1133 laborans
3043 1072 3228 1136 oculis
3258 1071 3476 1135 dixerit
3506 1092 3520 1136 :
3568 1074 3655 1135 Da

2011 1159 2186 1218 etiam
2215 1159 2357 1219 mihi
2402 1159 2660 1234 radium,
2693 1162 2865 1222 valeo
2889 1160 3076 1235 enim,
3108 1161 3243 1223 dico
3275 1162 3330 1222 id
3367 1161 3502 1226 huic
3533 1184 3653 1227 non

2014 1255 2239 1308 tantum
2257 1265 2375 1309 non
2402 1249 2958 1332 profuturum,quin
2971 1251 3146 1312 etiam
3164 1251 3220 1312 id
3237 1253 3393 1332 quod
3408 1253 3656 1317 videbat

2011 1343 2294 1414 amittet;
2329 1339 2540 1401 eodem
2575 1341 2753 1402 etiam
2790 1340 2966 1402 modo
2989 1340 3093 1418 qui
3113 1341 3383 1404 damnari
3436 1345 3655 1407 meruit

2013 1436 2287 1507 peccator
2317 1429 2566 1492 affectus
2583 1437 2690 1504 est,
2730 1449 2864 1492 cum
2876 1429 3176 1510 justorum
3201 1449 3409 1510 preces
3426 1433 3650 1514 efﬂagi-

2011 1525 2115 1599 tat,
2147 1527 2205 1580 et
2235 1519 2365 1600 ipse
2395 1538 2460 1606 se
2492 1538 2609 1582 non
2660 1520 2973 1588 convertit.
3036 1521 3112 1583 Et
3140 1522 3254 1583 hoc
3312 1533 3401 1584 est
3425 1527 3582 1604 quod
3613 1545 3648 1586 a

2012 1608 2320 1689 Scriptura
2337 1610 2553 1672 dicitur
2581 1632 2594 1674 :
2629 1609 2902 1674 Multum
2928 1611 3085 1674 valet
3107 1613 3440 1692 deprecatio
3450 1615 3612 1693 justi
3641 1613 3654 1650 '

2009 1714 2044 1758 a
2067 1700 2290 1780 Spiritu
2314 1701 2534 1781 agitata
2563 1700 2688 1782 (29)
2723 1722 2740 1781 ;
2775 1701 2850 1764 de
2863 1703 3028 1782 justo
3063 1703 3223 1764 enim
3257 1706 3372 1765 hoc
3401 1700 3644 1770 dicitur.

2009 1786 2092 1849 De
2121 1789 2222 1850 illo
2254 1799 2474 1861 autem,
2513 1809 2616 1871 pro
2647 1798 2784 1872 {quo
2817 1792 2879 1851 ﬁt
2933 1792 3296 1873 deprecatio,
3331 1791 3652 1876 Scripturis

281 1885 538 1963 γόμενον·
602 1882 751 1960 Μέγα
807 1883 986 1963 ἷσχύει
1047 1882 1184 1961 εὐχὴ
1258 1880 1458 1938 δικαίου
1542 1875 3493 1963 ἓνεργουμένη·Βᾳυοᾳυθεοηεοιιοἀίεο,ρειύιὶιεεεεεεεοιιοιοτυιη
3521 1904 3654 1966 pre~

285 1972 420 2053 παρ’
453 1972 653 2030 ἐκείνου
683 1995 783 2052 γαρ
841 1971 1073 2049 λέγεται.
1139 1972 1287 2051 Παρὰ
1342 1969 1396 2027 δέ
1445 1979 1537 2028 τοῦ
1587 1973 1718 2052 ὑπὲρ
1782 1976 1841 2030 οὗ
1890 1975 1924 2042 ἡ

279 2061 519 2128 ἔντευξις
551 2061 869 2142 ἐνεργεῖται,
921 2062 1064 2139 λέγω
1095 2069 1220 2140 γοῦν
1262 2061 1399 2118 κατᾶ
1431 2063 1527 2127 τὰς
1558 2063 1790 2142 Γραφὰς,
1853 2064 1928 2128 ὡς

280 2151 548 2232 ὠφέλιμοί
580 2154 709 2209 εἰσιν
741 2155 792 2207 αἱ
823 2158 930 2209 τῶν
991 2150 1204 2208 δικαίων
1267 2151 1424 2232 εὐχαὶ
1452 2154 1588 2209 κατὰ
1644 2152 1792 2209 τόνδε
1835 2155 1927 2209 τὸν

273 2244 501 2323 τρόπον,
534 2241 586 2297 εἴ
618 2265 730 2316 τις,
767 2245 874 2298 τῶν
931 2241 989 2298 ἐκ
1051 2241 1182 2298 Θεοῦ
1241 2239 1449 2320 δωρεῶν
1506 2242 1805 2323 ἐφιέμενος,
1836 2243 1923 2299 καὶ

271 2331 427 2413 ἔχων
456 2331 684 2389 διάθεσιν
715 2333 918 2410 ἀγαθὴν
965 2333 1095 2411 πρὸς
1158 2333 1341 2410 αύτὰς,
1379 2332 1495 2410 (τὴν
1547 2333 1645 2412 γᾶρ
1693 2343 1785 2391 τοῦ
1840 2335 1921 2389 oi-

272 2423 422 2482 κείου
481 2423 596 2499 βίου
666 2425 798 2502 πρὸς
857 2423 1050 2500 ἀρετὴν
1109 2421 1334 2479 διάθεσιν
1408 2420 1512 2487 ἕξιν
1568 2423 1746 2502 εἶπεν³
1807 2422 1923 2488 ἣτις

275 2513 496 2575 πάντως
541 2513 739 2591 γίνεται
792 2513 853 2570 ἐκ
883 2518 981 2580 τῆς
1039 2513 1230 2576 οἰκείας
1291 2514 1730 2591 ἐπιγνωμοσύνης
1791 2513 1922 2568 ἑκά-

276 2604 460 2684 στου⁶)
491 2603 656 2661 ἐλθὼν
687 2606 776 2660 ἒπί
801 2625 920 2661 τινα
945 2609 1051 2660 τῶν
1083 2603 1325 2682 δικαίων,
1386 2604 1626 2668 ἀξιώσειε
1682 2603 1921 2682 γενέσθαι

273 2695 348 2749 τὰ
407 2695 540 2772 πρὸς
599 2695 688 2751 τόν
753 2696 882 2750 Θεὸν
941 2692 1428 2772 συμπαρακλήτορά
1486 2695 1532 2749 οἱ
1589 2694 1677 2749 καὶ
1729 2694 1922 2767 ἑαυτῷ,

275 2781 692 2864 ὠνρεληθήσεται
729 2783 937 2847 πάντως
969 2783 1027 2838 ἐκ
1058 2782 1243 2841 τούτου
1301 2784 1399 2849 τὴν
1460 2783 1720 2861 μεγίστην
1777 2781 1922 2862 ὠφέ-

276 2872 454 2929 λειαν·
492 2872 922 2954 ἆποδεχθήσεται
975 2874 1246 2950 γὰρπαρὰ
1277 2879 1408 2929 Θεοῦ
1461 2871 1614 2929 ἕνεκα
1672 2878 1770 2939 τῆς
1827 2874 1918 2928 εὸ-

277 2961 479 3026 λαϐοῦς
511 2967 679 3021 αὐταῦ
707 2963 1172 3040 ἒπιγνωμοσύνης,
1206 2963 1294 3018 καὶ
1324 2961 1417 3028 τῆς
1467 2961 1551 3018 ἐπὶ
1599 2963 1717 3028 τοὺς
1749 2962 1920 3026 ὁσίους

278 3051 483 3132 αἰδοῦς,
520 3050 682 3108 ἔτιδὲ
721 3054 809 3107 καὶ
872 3054 970 3118 τῆς
1031 3051 1260 3129 ἐφέσεως
1320 3052 1408 3107 καὶ
1466 3053 1679 3131 μετρίας
1735 3051 1914 3117 ἕξεως·

271 3152 431 3200 τοῦτο
455 3142 556 3221 γάρ
585 3141 694 3197 ἐστι
722 3143 782 3198 τὸ
813 3140 1172 3221 κατάλληλον³
1208 3141 1288 3197 ὅτι
1348 3143 1412 3198 τὰ
1471 3141 1610 3200 καλὰ
1665 3143 1918 3220 ἠγάπησε

1157 3190 1172 3221 3

2011 1987 2132 2040 ces,
2161 1969 2485 2032 dummodo
2517 1971 2649 2050 quis
2672 1991 2979 2034 sacrorum
3005 1991 3317 2036 munerum
3353 1973 3649 2038 desiderio

2009 2059 2541 2136 278accensus,et
2562 2061 2632 2123 ad
2657 2061 2865 2123 eadem
2891 2062 2986 2143 pie
3007 2062 3083 2124 sit
3102 2063 3349 2125 aﬂ‘ectus
3377 2067 3652 2146 (propria;

2011 2151 2172 2212 enim
2199 2152 2252 2213 vi
2265 2159 2336 2213 ιω
2355 2151 2429 2213 ad
2451 2151 2732 2214 virtutem
2751 2152 3130 2216 affectionem
3157 2154 3378 2216 vocavit
3405 2155 3644 2218 habitu-

2012 2240 2386 2321 dinem,quaa
2406 2261 2478 2303 ex
2500 2241 3196 2321 cujuslibetconscientia
3217 2244 3546 2324 exsistit)ad
3569 2252 3649 2306 vi-

2009 2348 2140 2392 rum
2155 2331 2414 2412 aliquem
2424 2332 2654 2410 justum
2677 2331 2972 2395 accedens
2995 2331 3433 2413 petat,utDeum
3460 2354 3566 2415 pro
3581 2353 3647 2398 se

2005 2422 2438 2502 roget,sibique
2461 2421 2885 2502 conciliet,qua
2904 2422 3132 2484 ratione
3147 2440 3292 2485 sane
3315 2427 3644 2488 maximum

2009 2529 2077 2573 ex
2099 2531 2170 2573 eo
2202 2512 2418 2574 referet
2437 2512 2903 2575 emolumentum
2914 2513 3054 2573 :voti
3078 2513 3238 2574 enim
3255 2532 3503 2596 compos
3515 2515 3637 2592 (iet,

2007 2621 2140 2664 cum
2169 2611 2411 2683 propter
2432 2602 2858 2666 conscientiam
2886 2603 3378 2682 religiosam,tum
3401 2617 3645 2687 propter

2005 2701 2357 2755 sanctorum
2382 2693 2930 2774 reverentiam,tum
2948 2702 3191 2774 propter
3205 2699 3315 2774 piae
3337 2695 3643 2775 petitionis

2007 2783 2426 2861 aﬂ‘ectum;hoc
2440 2784 2598 2846 enim
2624 2783 2707 2845 ita
2723 2786 3021 2859 convenit,
3048 2785 3328 2863 quoniam
3351 2785 3510 2848 bona
3527 2787 3602 2850 ad
3617 2821 3641 2837 -

2006 2874 2309 2950 amavit,et
2330 2874 2860 2956 qumsivit.Etenim
2875 2875 3158 2938 divinisid
3183 2874 3442 2940 decretis
3464 2877 3644 2940 stabi-

2007 2964 2173 3025 litum
2204 2972 2386 3040 est,ut
2408 2983 2616 3026 eorum
2648 2964 3099 3045 participatione
3117 2965 3641 3045 dignis,doneutur

2004 3067 2106 3124 per
2129 3069 2227 3112 eos
2247 3055 2342 3124 qui
2356 3054 2517 3127 digni
2534 3054 2878 3111 suuteadem
2897 3054 3644 3123 distribuere.Quemadmo-

2003 3148 2138 3204 dum
2153 3147 2306 3202 enim
2319 3146 2702 3217 postulantem
2716 3144 2790 3216 dij
2800 3145 3147 3211 udicat,num
3160 3146 3310 3204 dono
3322 3147 3531 3219 dignus
3549 3150 3640 3216 sit,

272 3234 362 3288 καὶ
399 3232 681 3302 ἐξήτησεν.
720 3230 885 3288 ’Ἔστι
917 3233 1016 3309 γὰρ
1046 3234 1134 3288 καὶ
1166 3239 1319 3288 τοῦτο
1350 3245 1467 3296 τοῖς
1500 3236 1658 3296 θείοις
1691 3242 1978 3310 νενομο-Ο
2002 3237 2045 3298 si

1866 3256 1917 3289 2-
1936 3242 1978 3293 ο
2002 3237 2090 3298 sic
2108 3236 2284 3299 etiam
2303 3243 2639 3315 precantem
2663 3233 3044 3310 scrutabitur,
3057 3256 3194 3297 num
3209 3246 3268 3298 et
3281 3238 3410 3317 ipse
3428 3238 3639 3317 dignus

268 3324 570 3398 θετημενον
599 3323 840 3400 κρίμασι⁷
873 3323 936 3378 τὸ
967 3319 1244 3400 δωρεῖσθαι
1291 3336 1410 3384 τοῖς
1473 3321 1635 3388 ἀξίοις
1693 3333 1784 3381 τοῦ
1815 3346 1918 3400 με·-

269 3426 509 3491 τασχεϊν
542 3411 626 3468 διὰ
658 3418 762 3469 τῶν
813 3411 966 3477 ἀξίων
1024 3421 1118 3469 τοῦ
1180 3409 1518 3488 μεταδοῦναι.
1577 3411 1670 3476 Ὠς
1702 3415 1800 3491 γὰρ
1830 3415 1918 3469 τὸν

272 3511 546 3590 ζςητοῦντα
596 3503 914 3583 φιλοκρινεϊ,
966 3502 1120 3582 εἴπερ
1174 3503 1283 3559 ἐστὶ
1340 3508 1438 3569 τῆς
1494 3503 1692 3584 δωρεᾶς
1750 3505 1912 3580 ἄξιος,

269 3593 411 3651 οὕτω
467 3596 554 3649 καὶ
608 3597 699 3650 τὸν
749 3594 1044 3672 εὐχόμενον
1100 3593 1392 3670 ἐρευνήσει,
1457 3597 1609 3674 εἶπερ
1669 3595 1777 3651 ἐστὶ
1832 3597 1918 3652 καὶ

273 3686 435 3749 αὐτὸς
469 3684 611 3750 ἄξιος
641 3685 1068 3762 ὑπερετήσασθαι
1120 3685 1248 3760 πρὸς
1286 3681 1491 3740 ἐκεῖνον
1527 3685 1750 3759 τοιούτῳ
1808 3684 1916 3742 δω-

273 3777 501 3852 ρήματι.
535 3774 647 3855 οὐχ
685 3772 869 3838 ἁπλῶς
897 3771 983 3830 οὖν
1016 3771 1077 3829 τό
1109 3772 1237 3851 πρὸς
1268 3773 1409 3829 θείαν
1440 3773 1652 3850 ὁμιλίαν
1685 3789 1913 3856 χωρεῖν,

276 3867 364 3922 καὶ
396 3866 658 3921 αἰτεῖσθαι
691 3864 832 3944 παρὰ
887 3869 1016 3920 Θεοῦ
1064 3863 1128 3918 τὰ
1184 3863 1456 3941 κρείττονα
1527 3864 1782 3923 κωλύσειέ
1839 3891 1917 3933 τις

279 3960 574 4035 εὖφρονῶν,
617 3952 766 4019 εἰδὼς
823 3955 915 4011 τὸν
947 3954 1115 4030 μέγαν
1149 3952 1485 4014 Ἀπόστολον
1516 3957 1920 4034 προστάσσοντα

277 4045 634 4109 ἀδιαλείπτως
668 4045 1076 4124 προσεύχεσθαι·
1112 4043 1248 4100 ἀλλὰ
1279 4047 1338 4102 τὸ
1386 4048 1554 4118 οἰήσει
1612 4049 1728 4105 τινὰ
1786 4071 1922 4126 κρα-

277 4139 536 4212 τούμενον
591 4142 906 4216 ὺπερφονεϊν
965 4135 1070 4190 τῶν
1122 4135 1309 4217 ἁγίων²
1367 4141 1454 4195 καὶ
1513 4140 1652 4217 παρὰ
1709 4139 1920 4220 φαύλων

267 4230 505 4287 τίθεσθαι
536 4227 628 4291 τὰς
654 4226 854 4282 τούτων
885 4227 1077 4306 εὐχὰς,
1113 4237 1267 4286 τοῦτο
1295 4227 1390 4283 καῖ
1454 4227 1569 4284 λίαν
1599 4243 1717 4296 τοῖς
1763 4234 1920 4299 θείοις

265 4315 473 4392 ἀπᾷδον
502 4317 588 4373 καὶ
622 4313 1013 4390 κεκωλυμένον,
1051 4306 1191 4373 ’Ὅτε
1225 4314 1279 4371 δὲ
1311 4318 1398 4373 καὶ
1429 4316 1608 4385 οἴησις
1653 4320 1728 4395 μὴ
1779 4320 1912 4399 ἔστι,

263 4409 400 4472 τέως
429 4414 703 4488 χρῃζυμεν
738 4411 844 4462 τῶν
874 4413 1145 4464 κοινωνῶν
1193 4409 1292 4474 τῆς
1325 4407 1520 4487 εὒχῆςθ
1552 4411 1612 4466 τὸ
1671 4411 1768 4485 μὲν
1827 4411 1918 4469 ἵνα

2003 3327 2080 3389 sit
2111 3326 2334 3388 taleilli
2387 3344 2604 3388 munus
2633 3325 2973 3406 impetrare.
3008 3324 3138 3386 Non
3183 3331 3411 3389 temere
3440 3326 3640 3407 itaque

2001 3424 2098 3498 qui
2130 3416 2293 3498 cupit
2323 3417 2396 3478 ad
2442 3416 2704 3478 divinum
2757 3415 3120 3477 consortium
3173 3416 3485 3493 accedere,
3522 3426 3641 3479 eta

2002 3509 2126 3569 Deo
2157 3506 2380 3587 optima
2434 3523 2684 3588 quaeque
2743 3505 3045 3586 postulare
3080 3504 3453 3586 prohibetur,
3499 3525 3636 3568 cum

2001 3597 2151 3659 sciat
2171 3595 2815 3676 magnumApostolum
2841 3596 3242 3677 praeciperent
3266 3596 3639 3660 incessanter

2001 3705 2241 3749 oremus
2271 3710 2286 3764 ς
2311 3687 2416 3749 sed
2445 3685 2765 3749 absurdum
2787 3685 2969 3748 simul
3000 3695 3058 3748 et
3092 3686 3362 3748 illicitum
3395 3706 3549 3766 esse,
3585 3687 3637 3749 si

2000 3776 2466 3860 quis,'opinione
2489 3795 2595 3838 sua
2622 3776 2924 3856 seductus,
2960 3795 3138 3858 supra
3165 3786 3401 3840 sanctos
3429 3795 3640 3860 sapere

2004 3869 2174 3944 velit,
2207 3877 2264 3930 et
2285 3887 2391 3948 pro
2415 3867 2595 3931 rebus
2645 3868 2816 3929 malis
2847 3886 3056 3948 preces
3078 3868 3349 3932 fundere.
3383 3868 3632 3941 Quando

2001 3967 2199 4021 autem
2231 3960 2391 4021 nulla
2412 3959 2578 4021 adest
2599 3959 2942 4038 elatio,tunc
2964 3977 3082 4020 non
3105 3959 3432 4039 refugimus
3460 3977 3635 4021 com-

2010 4068 2222 4113 munes
2248 4056 2612 4130 preces;tum
2640 4048 3021 4111 utdiscamus
3040 4067 3170 4130 quas
3190 4058 3392 4130 petere
3417 4048 3636 4111 debea-

2006 4149 2297 4217 mus,tum
2319 4157 2459 4200 vero
2481 4139 2657 4201 etiam
2681 4139 2978 4220 quomodo
3004 4157 3213 4220 preces
3231 4139 3634 4204 instituamus.

2005 4233 2383 4295 Frustramur
2405 4230 2565 4291 enim
2581 4229 3010 4307 votis,velquia
3022 4229 3323 4292 nescimus
3337 4229 3636 4310 quomodo

2003 4323 2191 4385 oratio
2217 4321 2293 4384 sit
2341 4317 2730 4394 intendenda,
2767 4321 2879 4380 ista
2907 4319 3069 4381 enim
3101 4327 3192 4382 est
3221 4319 3633 4399 postulationis

1999 4414 2262 4489 inscitia;
2281 4411 2372 4473 vel
2392 4410 2531 4490 quia
2551 4428 2648 4471 res
2670 4409 2945 4489 indignas
2973 4410 3359 4490 postulamus.
3389 4408 3509 4472 Sed
3539 4410 3632 4472 di-

261 4497 640 4573 διδασκώμεθα
667 4499 728 4555 τὸ
755 4499 870 4554 τίνα
920 4495 981 4553 ἂν
1013 4498 1384 4573 ὰῖτησαίμεθα¹
1432 4500 1495 4555 τὸ
1552 4498 1604 4555 δὲ
1660 4499 1804 4566 ὅπως
1836 4503 1981 4574 αἰ-ι)
2001 4523 2030 4571 c

1860 4503 1916 4559 εἰ-
1935 4512 2093 4574 Dcet
2122 4502 2378 4583 aliquis:
2435 4499 2587 4573 Quid
2639 4518 2787 4579 opus
2845 4508 2932 4560 est
2987 4498 3379 4576 institutione,
3417 4506 3480 4560 ut
3526 4519 3633 4562 co-

259 4589 587 4662 τησαίμεθα.
655 4588 899 4662 Δήσομεν
956 4588 1054 4666 γὰρ
1118 4587 1488 4667 ἀποτυχόντες
1522 4589 1558 4655 ἦ
1601 4587 1683 4645 διὰ
1716 4593 1776 4646 τὸ
1835 4595 1912 4666 μὴ

261 4677 453 4735 εἰδέναι
492 4677 638 4742 ὅπως
678 4679 921 4742 σύντονος
975 4679 1008 4746 ἡ
1077 4676 1257 4745 δέησις
1316 4677 1539 4756 γίνεται,
1597 4681 1752 4737 τοῦτο
1812 4683 1913 4762 γάρ

259 4767 405 4825 ἐστιν
440 4769 812 4843 ἀνεπιστῆμον
852 4766 948 4836 τῆς
981 4769 1267 4848 αἰτήσεως,
1297 4769 1334 4836 ἢ
1365 4767 1448 4825 διὰ
1478 4770 1538 4824 τὸ
1596 4769 1780 4836 ἀνάξια
1838 4776 1915 4830 αἱ-

260 4871 406 4917 τεϊν.
444 4856 597 4914 Ἀλλ’
634 4856 785 4915 εἴποι
809 4879 889 4922 τις
921 4858 1006 4914 ἄν’
1071 4861 1172 4916 Καὶ
1225 4860 1300 4925 τίς
1366 4861 1522 4939 χρεία
1577 4858 1912 4930 διδασκαλίας

264 4948 334 5012 εἷς
360 4950 425 5004 τὸ
457 4954 654 5026 γνῶναι
699 4949 830 5013 τίνες
861 4949 985 5006 εἰσὶν
1017 4951 1068 5006 αἱ
1099 4950 1300 5021 ἀνάξιοι
1361 4952 1620 5027 αἰτήσεις,
1684 4954 1772 5010 καὶ
1825 4957 1910 5011 τί-

265 5059 349 5102 νες
402 5040 462 5093 αἱ
518 5036 680 5114 ἄξιαι,
748 5038 907 5098 αὗτοῦ
974 5047 1065 5096 τοῦ
1124 5041 1312 5120 Κυρίου
1369 5039 1639 5120 λεγοντοςο
1702 5043 1913 5103 Αἶτεττε

264 5133 479 5206 πρῶτον
528 5128 628 5195 τὴν
688 5128 958 5206 βασιλείαν
1029 5137 1117 5188 τοῦ
1169 5136 1321 5207 Θεοῦ,
1379 5133 1467 5190 καὶ
1523 5132 1692 5192 τᾶλλα
1744 5136 1916 5196 πάντα

266 5220 689 5296 προστεθήσεται
720 5219 903 5295 ὑμτν;
954 5219 1192 5299 Δέγομεν
1251 5222 1324 5284 εἰς
1379 5231 1555 5306 τοῦτο²
1615 5223 1696 5282 δτι
1742 5225 1917 5285 πολλαί

261 5307 369 5383 ,εἶσι
405 5310 472 5364 τὰ
501 5308 634 5390 παρ’
659 5311 818 5386 ἡμῶν
850 5310 1184 5389 ἀγνοούμενα
1214 5311 1294 5370 ὅτι
1338 5315 1462 5371 εἰσίν
1519 5313 1726 5381 ἀνάξιαο
1784 5317 1914 5375 κλε-

265 5397 515 5476 πτόμεθα
568 5401 667 5479 γὰρ
717 5406 785 5477 τῇ
829 5401 1026 5482 εφέσει,
1078 5423 1165 5459 και
1225 5401 1279 5459 ἐν
1319 5404 1598 5485 ἁμαρτίαις
1659 5406 1914 5474 πολλάκις

1999 4609 2356 4673 gnoscamus
2377 4607 2645 4670 quanam
2681 4589 2798 4649 sint
2829 4587 3087 4668 indignas
3109 4589 3546 4670 postulationes
3574 4597 3633 4652 et

1999 4700 2268 4765 quaenam
2303 4679 2521 4760 dignae,
2551 4678 2800 4740 Domino
2824 4677 3064 4740 dicente
3087 4698 3107 4738 :
3143 4678 3337 4742 Petita
3354 4683 3631 4759 primum

1997 4790 2256 4855 regnum
2283 4773 2417 4846 Det,
2441 4778 2494 4831 et
2516 4777 2730 4832 caetera
2754 4775 2961 4832 omnia
2990 4769 3363 4848 adficientur
3391 4769 3637 4833 vobism?

2007 4866 2276 4928 Dicimus
2306 4861 2531 4923 idcirco
2560 4859 2743 4921 multa
2766 4859 2940 4922 nobis
2961 4877 3095 4923 esse
3140 4861 3337 4940 ignota
3359 4878 3490 4941 quae
3520 4860 3640 4921 sint

1998 4955 2246 5033 indigna
2280 4974 2294 5017 :
2331 4970 2467 5014 nam
2521 4950 2842 5031 cupiditate
2886 4949 3240 5031 decipimur,
3277 4958 3336 5012 et
3375 4950 3640 5032 peccatis

2005 5061 2419 5127 saepenumero
2445 5041 2974 5122 circumvenimur,
3015 5059 3430 5121 saepenumero
3459 5041 3638 5104 etiam

2001 5141 2373 5216 rogamus,et
2404 5132 2562 5195 bona
2585 5133 2828 5212 indigne
2853 5132 3243 5215 postulamus,
3278 5133 3636 5217 nescientes,

1999 5227 2415 5306 adversa,quaa
2441 5221 2735 5306 permissu
2759 5223 2865 5285 Dei
2891 5221 3430 5306 obveniunt,magis
3460 5223 3642 5305 prod-

1999 5336 2156 5384 esse.
2190 5311 2508 5390 Quomodo
2542 5313 2699 5375 enim
2725 5314 2906 5376 Israel
2930 5315 2993 5376 in
3022 5314 3334 5396 [Egyptum
3365 5314 3642 5377 transmi-

2003 5416 2263 5491 grasset,
2295 5413 2357 5472 et
2386 5413 2605 5469 terram
2638 5403 3055 5487 promissionis
3075 5403 3640 5486 haereditasset,nisi

347 5583 383 5633 ιι
415 5585 577 5652 Psal.
610 5603 812 5657 cum.
849 5589 988 5676 123,
1048 5589 1425 5662 'Jac.v.16.
1495 5598 2000 5689 ωΜοιιΙι.νιι,33.

350 5745 484 5828 (29)
511 5752 720 5817 Graece
749 5757 1128 5837 ἒνεργουμένη.
1166 5753 1340 5837 Vulg.
1374 5761 1644 5828 assidua.

3543 397 3660 469 578

4119 2100 4143 2222 ἓ

4117 2247 4143 2335 ξ

4117 2344 4142 2407 ι

4116 2415 4144 2499 i

4116 2631 4146 2798 Ξ

4112 3159 4148 3257 5

4112 3440 4152 3569 Ξ

4110 3607 4153 3762 ἕ

4109 3776 4155 3920 ξ

4107 3975 4156 4069 ἑ
