4490 6164
300 401 408 472 581
702 399 802 470 DE
845 403 1148 473 ECCLES.
1197 383 1650 489 HIERARCH.,
1701 406 1866 473 CAP.
1913 409 1987 473 ν.
2072 441 2150 453 -
2198 391 2732 476 PARAPHRASIS
2773 412 3287 482 PACHYMEBJE.
3561 411 3677 486 582

293 542 490 622 ἐτέροις
547 542 820 624 ἶεράρχαις
877 543 1086 602 ἔσονται
1131 545 1197 602 δι’
1241 550 1316 602 ὧν
1379 552 1541 604 ταῦτα
1571 547 1660 604 καὶ
1718 545 2066 627 ἐνεργή-Αῒι

1898 547 1942 616 i-
1967 551 2003 603 Α
2027 543 2174 607 teris
2196 563 2433 627 quoque
2449 544 2827 626 pontiﬁcibus
2840 548 3126 624 erunt,ita
3148 557 3207 611 ut
3233 567 3339 631 per
3361 551 3471 614 hos
3495 557 3671 615 etiam

294 655 497 708 σουσιν,
539 633 568 701 ἢ
633 633 714 690 ὅτι
764 633 1246 713 διαπορθμευτικῶς
1294 639 1380 693 καὶ
1440 635 1938 718 αλληλοδιαδόχως,

297 724 384 782 καὶ
439 723 886 803 ἐκφαντορικῶς;
940 721 1102 798 ’Ὄσῳ
1148 727 1246 805 γὰρ
1303 726 1658 793 πληθύνονται
1720 727 1783 782 τὰ
1838 732 1942 782 τῶν

297 811 688 888 ἀποκαλύψεων
718 811 771 868 ἐν
804 812 1058 887 πολλοῖς,
1085 816 1319 890 τοσούτῳ
1348 813 1554 891 μᾶλλον
1584 815 1938 896 ἐκφαίνονται,

296 902 393 960 Καὶ
454 903 553 981 γὰρ
607 903 704 970 τὴν
764 903 906 981 ἱερὰν
951 904 1155 972 ἐκείνην
1212 904 1508 983 θεολογίαν,
1544 907 1765 974 τήν.Σῦ
1815 908 1857 962 εἰ
1915 908 1943 962 6

294 993 521 1069 Χριστὸς
566 993 594 1047 ὀ
646 993 766 1056 Υἱὸς
813 1000 901 1048 τοῦ
961 1001 1091 1052 Θεοῦ
1141 1003 1234 1052 τοῦ
1282 1000 1504 1075 ζῶντος,
1539 999 1634 1054 οὐκ
1676 994 1764 1075 ἀφ’
1815 997 1942 1055 ἑαυ-

295 1089 406 1155 τοῦ,
436 1079 546 1138 οὐδ’
567 1082 671 1138 ἀπὸ
697 1078 890 1160 σαρκὸς
912 1085 1001 1140 καὶ
1032 1083 1287 1159 α’ίματος,
1315 1082 1434 1140 ἀλλ’
1464 1086 1564 1141 ὑπὸ
1597 1092 1728 1142 Θεοῦ
1759 1091 1945 1162 μυοῦν·

291 1192 352 1226 το
430 1172 518 1227 καὶ
591 1177 862 1236 κινοῦντος
922 1174 1080 1231 αὐτὸν
1151 1172 1565 1252 ἀπειρτθέγξατο.
1628 1175 1760 1237 Τοὺς
1818 1182 1943 1252 γοῦν

294 1259 570 1340 ἀρχιερεῖς
619 1261 758 1317 οὕτω
788 1276 910 1325 ταῖς
968 1264 1309 1342 ἱεραρχικαϊς
1342 1261 1591 1339 δυνάμεσι
1650 1265 1938 1343 χρηστέον.

295 1349 519 1418 Ἀττικὴ
550 1347 602 1406 δὲ
707 1349 972 1426 σύνταξις,
1007 1375 1091 1428 καξ
1138 1353 1399 1431 ἀρχαῖον,
1434 1355 1494 1408 τὸ
1545 1357 1853 1411 πατάσσειν
1878 1355 1943 1410 τὰ

291 1440 577 1498 ὑποθετικά
635 1442 956 1503 αἰτιατικατς
1026 1443 1315 1498 πτώσεσιν·
1381 1442 1518 1499 οὕτω
1573 1465 1713 1524 πως,
1769 1445 1941 1508 καθὼς

292 1529 357 1586 ἂν
386 1532 597 1600 κινήσοι
630 1532 817 1594 αὐτοὺς
850 1533 877 1587 ὁ
935 1531 1091 1596 Θεόςο
1123 1533 1246 1595 τοὺς
1277 1530 1330 1587 δὲ
1363 1530 1554 1596 ἄλλους
1604 1533 1742 1589 οὕτω
1771 1555 1940 1608 προσ·-

295 1619 540 1676 ενεκτὲον
600 1632 717 1684 τοτς
776 1621 1052 1700 ἱεράρχαις
1107 1624 1215 1694 (καὶ
1276 1630 1425 1681 τοῦτο
1485 1623 1583 1700 γὰρ
1633 1622 1772 1680 οὕτω
1831 1645 1949 1679 συνο

292 1708 577 1789 τάσσεται)
625 1712 696 1774 ὡς
755 1711 856 1766 ὑπὸ
913 1709 1044 1766 Θεοῦ
1109 1710 1504 1786 κεκινήμένοις³
1571 1713 1701 1790 πρὸς
1757 1714 1946 1777 αὖτοὺς

291 1798 394 1878 γάρ
428 1798 539 1854 ἐστι
585 1798 613 1853 6
643 1806 734 1856 τοῦ
768 1799 1035 1856 Δεσπότου
1091 1806 1318 1879 Χριστοῦ
1346 1798 1526 1880 λόγος,
1565 1793 1622 1858 Ὀ
1666 1802 1800 1876 ὑμᾶς
1831 1802 1948 1858 ἀθε-

289 1895 428 1961 τῶν,
465 1889 560 1961 ἐμὲ
590 1889 793 1952 ἀθετεῖ,

374 1977 404 2058 §
435 1974 586 2039 Vlll.
619 1976 768 2034 Ἀλλ’
801 1977 1177 2042 ἐπανελθόντες
1203 1977 1455 2059 λέγομεν,
1491 1977 1576 2036 ὅτι
1608 1979 1945 2047 τελεσθείσης

289 2074 392 2136 τῆς
453 2070 646 2148 εὐχῆς,
708 2068 1029 2139 ἀσπάζονται
1089 2066 1316 2134 ἅπαντες
1376 2071 1469 2125 τὸν
1527 2070 1940 2145 κεκοιμημένον*

289 2157 417 2227 ἡδὺς
474 2161 574 2236 γὰρ
605 2159 691 2215 καὶ
745 2159 922 2235 τίμιος
954 2161 981 2214 6
1038 2159 1202 2236 ἁγίως
1235 2157 1532 2236 βεϐιωκώς,
1592 2162 1737 2216 Μετὰ
1780 2167 1944 2216 ταῦτα

294 2247 506 2328 ἓπιχέει
555 2251 614 2305 τὸ
644 2246 822 2306 ἔλαιον
868 2252 894 2305 6
924 2249 1182 2328 ἱεράρχης
1234 2255 1310 2324 τῷ
1354 2253 1605 2324 κειμένῳ,
1650 2249 1943 2327 Ἐλέγομεν

295 2336 350 2393 δὲ
387 2339 440 2395 ἐν
488 2351 604 2403 τοῖς
638 2341 755 2417 περὶ
803 2345 894 2395 τοῦ
922 2340 1260 2416 φωτίσματος
1316 2337 1521 2416 λόγοις,
1557 2342 1628 2404 ὡς
1655 2345 1737 2413 τῷ
1786 2339 1946 2396 ἐλαίω

290 2428 516 2507 πρώτως
588 2428 800 2507 ἐχρίετο
859 2431 885 2484 6
939 2422 1258 2503 τελουμενος
1317 2427 1430 2503 μεθ’
1497 2429 1524 2483 ὃ
1574 2433 1672 2494 τῆς
1729 2429 1944 2497 ἐσθῆτος

294 2520 689 2596 ἀπεγυμνοῦτο·
742 2517 959 2574 ἐνταῦθα
1010 2517 1064 2572 ἐν
1124 2523 1201 2590 τῷ
1260 2517 1424 2597 τέλει,
1489 2519 1573 2573 καὶ
1633 2517 1795 2574 ταῦτα
1851 2517 1946 2573 οὒκ

292 2609 624 2674 ἀπεικότως.
689 2606 906 2675 Ἐπειδὴ
963 2610 1062 2687 γὰρ
1118 2613 1204 2664 καὶ
1259 2611 1303 2664 οἱ
1361 2610 1432 2670 εἰς
1494 2608 1704 2686 ἀγῶνας
1760 2610 1942 2686 εὔτρε-

295 2699 575 2775 πιζόμενοι
633 2700 902 2778 χρίονται,
956 2700 1045 2755 καί
1090 2699 1135 2754 οἱ
1188 2703 1294 2754 τῶν
1351 2697 1570 2776 ἀγώνων
1612 2699 1942 2774 παυσάμενοι

288 2791 376 2845 καὶ
426 2795 533 2845 τῶν
603 2787 832 2867 ἱδρώτων
905 2787 1328 2864 ἀπολουσάμενοι
1399 2800 1662 2868 χρίονται,
1725 2789 1940 2854 εἰκότως

286 2881 377 2936 καὶ
426 2878 514 2935 ἐπὶ
566 2880 797 2958 τούτοις,
830 2877 1009 2934 ἐκεῖσε
1049 2879 1148 2952 μὲν
1211 2877 1327 2934 κατ’
1373 2877 1545 2958 ἀρχὰς
1600 2879 1810 2958 ἐχρίετο
1867 2881 1936 2940 εἰς

283 2970 407 3032 τοὺς
465 2969 676 3046 ἀγῶνας
733 2966 1180 3047 ὑπαλειφόμενος,
1219 2967 1439 3024 ἐνταῦθα
1471 2967 1525 3023 δὲ
1579 2967 1633 3023 ἐν
1663 2976 1739 3042 τῷ
1797 2967 1937 3026 τέλει

285 3059 503 3115 πάντων
533 3060 607 3120 ὡς
638 3064 745 3114 τῶν
775 3057 993 3135 ἀγώνων
1027 3058 1494 3131 ἀποπαυσάμενος,

367 3149 396 3226 §
425 3145 528 3209 IX.
583 3153 757 3204 Ταῦτα
788 3146 1011 3209 τελέσας
1044 3149 1071 3202 6
1116 3148 1399 3228 ἱεράρχης,
1434 3147 1714 3214 ἀποτίθησι
1746 3150 1936 3223 τιμίως

2028 633 2636 716 hmcoperenturmisi
2653 653 2759 713 per
2774 636 3149 700 traditionem
3174 648 3233 701 et
3254 651 3518 703 mutuam
3541 661 3674 706 suc-

2028 725 2360 788 cessionem
2394 734 2451 786 et
2477 723 3016 786 manifestationem
3038 727 3068 786 ‘.’
3122 727 3352 800 Quanto
3383 731 3544 792 enim
3571 750 3671 794 re-

2029 815 2352 878 velationes
2375 814 2434 874 in
2457 814 2727 894 pluribus
2770 814 3262 899 multiplicantur,
3288 828 3451 881 tanto
3487 821 3674 901 magis

2030 905 2496 966 manifestantur.
2519 903 2751 964 Etenim
2776 922 3004 966 sacram
3029 905 3191 968 illam
3219 909 3325 971 Dei
3352 911 3673 990 professio-

2027 1013 2163 1057 nem
2193 1017 2206 1059 :
2244 993 2330 1056 Tu
2361 1012 2420 1056 es
2465 993 2739 1056 Christus
2775 993 2981 1057 Filius
3010 995 3120 1058 Dei
3165 999 3314 1078 vivi,
3361 1017 3478 1060 non
3510 1019 3544 1060 a
3571 1020 3672 1065 se-

2028 1087 2166 1148 meti
2177 1101 2506 1165 pso,neque
2529 1102 2562 1144 a
2580 1101 2760 1144 carne
2785 1092 2844 1144 et
2872 1086 3298 1163 sanguine,sed
3327 1086 3448 1149 Deo
3478 1088 3669 1170 ipsum

2026 1175 2139 1236 hoc
2171 1175 2422 1236 docente
2453 1191 2524 1234 ac
2572 1179 2846 1234 movente
2893 1175 3335 1253 pronuntiabat.
3389 1177 3675 1240 Similiter

2025 1265 2228 1341 itaque
2259 1264 2572 1344 pontiﬁces
2593 1261 3019 1324 ecclesiasticis
3053 1265 3444 1343 potestatibus
3466 1266 3548 1327 uti
3571 1267 3676 1328 de.

2025 1352 2389 1417 bent.Attica
2415 1360 2504 1414 est
2525 1353 2781 1431 syntaxis
2813 1359 2874 1414 et
2898 1360 3126 1415 vetusta
3149 1357 3537 1436 constructio,
3555 1374 3674 1432 qua

2027 1442 2463 1524 propositiones
2494 1440 2812 1503 accusandi
2865 1441 3103 1503 casibus
3155 1443 3533 1522 efferuntur;
3587 1446 3674 1507 sic

2027 1533 2336 1605 nimirum,
2379 1550 2448 1594 ac
2471 1532 2518 1592 si
2544 1537 2809 1594 moveret
2829 1547 2930 1592 eos
2954 1531 3112 1592 Deus
3143 1551 3164 1609 ;
3198 1533 3430 1597 caeteris
3474 1542 3671 1597 autem

2027 1624 2109 1686 ita
2133 1622 2441 1702 pontifices
2469 1619 2826 1682 observandi
2859 1630 2995 1682 sunt
3029 1633 3185 1697 (nam
3234 1631 3293 1683 et
3323 1624 3436 1684 hoc
3459 1623 3670 1687 eodem

2028 1713 2205 1774 modo
2238 1713 2621 1787 construitur)
2655 1718 2931 1791 tanquam
2952 1712 3054 1790 qui
3083 1731 3117 1773 a
3147 1711 3258 1773 deo
3285 1721 3665 1777 moveantur:

2025 1802 2099 1864 ad
2130 1821 2231 1864 eos
2263 1803 2421 1865 enim
2454 1809 2544 1863 est
2573 1817 2768 1862 sermo
2809 1799 3026 1862 Christi
3073 1801 3342 1863 Domini:
3401 1803 3517 1876 Qui
3572 1822 3672 1867 vos

2030 1893 2287 1973 spernit,
2321 1910 2414 1954 me
2440 1897 2674 1972 spernit
2703 1901 2753 1952 Ρ.

2108 1988 2134 2059 §
2165 1981 2319 2046 Vlll.
2351 1983 2643 2045 Caeterum
2669 1981 2740 2044 ad
2759 1988 2983 2042 textum
3015 1981 3364 2060 redeuntes,
3391 1984 3670 2068 dicimus,

2030 2073 2194 2135 ﬁnita
2212 2071 2574 2152 precatione,
2597 2090 2807 2132 omnes
2822 2071 3162 2133 defunctum
3186 2071 3441 2136 salutare
3468 2094 3483 2152 ;
3508 2094 3675 2138 acce-

2029 2171 2166 2244 plus
2193 2162 2354 2224 enim
2372 2171 2431 2224 et
2455 2162 2682 2222 honore
2711 2161 2925 2241 dignus
2949 2169 3035 2222 est
3063 2161 3331 2242 quisquis
3357 2172 3562 2226 sancte
3583 2165 3674 2226 vi-

2027 2254 2132 2314 xit.
2161 2256 2368 2315 Postea
2389 2251 2651 2332 pontifex
2675 2251 2954 2313 defuncto
2975 2251 3170 2312 oleum
3205 2253 3478 2316 aﬂ'undit.
3505 2256 3675 2316 Dixi-

2029 2360 2161 2403 mus
2185 2352 2378 2403 autem
2403 2341 2461 2401 in
2486 2341 2557 2400 iis
2579 2359 2710 2421 quae
2754 2340 2829 2401 de
2860 2339 3295 2402 illuminatione
3328 2342 3482 2404 dicta
3512 2353 3672 2421 sunt,

2028 2433 2325 2514 quomodo
2352 2430 2677 2504 initiandu_s
2703 2429 2960 2510 primum
2986 2429 3117 2490 oleo
3141 2430 3527 2510 inungeretur
3543 2441 3676 2515 post

2027 2527 2273 2583 vestium
2301 2519 2730 2600 depositionem
2755 2538 2770 2595 ;
2791 2519 2877 2580 sic
2895 2527 2951 2579 et
2973 2518 3070 2579 hic
3100 2519 3159 2580 in
3183 2521 3323 2597 ﬁne,
3353 2529 3410 2582 et
3432 2523 3676 2602 quidem

2029 2629 2146 2673 non
2172 2611 2493 2673 immerito.
2520 2611 2666 2672 Cum
2694 2609 2852 2670 enim
2885 2609 2920 2669 ii
2943 2607 3043 2688 qui
3088 2610 3161 2670 ad
3212 2613 3539 2675 certamina
3567 2612 3668 2674 in-

2029 2709 2364 2775 struuntur,
2413 2702 2815 2776 intinguntur;
2867 2698 2952 2757 uti
2987 2708 3043 2757 et
3075 2698 3114 2759 ii
3159 2700 3261 2780 qui
3305 2719 3338 2761 a
3385 2702 3670 2764 certando

2026 2798 2280 2863 cessant,
2309 2797 2367 2851 et
2396 2789 2645 2850 sudores
2675 2788 3123 2860 absterserunt;
3161 2788 3371 2851 merito
3405 2790 3669 2854 etiamin

2025 2881 2137 2944 his:
2171 2881 2252 2942 ibi
2273 2880 2514 2961 quidem
2540 2879 2598 2939 in
2623 2877 2997 2958 principio,is
3011 2879 3112 2956 qui
3137 2879 3462 2942 certamina
3484 2883 3668 2944 susci-

2024 2972 2128 3052 pit,
2161 2971 2256 3032 hic
2286 2988 2422 3030 vero
2454 2968 2514 3029 in
2545 2968 2664 3030 ﬁne
2695 2967 2986 3050 omnium,
3024 2977 3305 3046 tanquam
3330 2971 3433 3052 qui
3469 2988 3504 3032 a
3529 2990 3666 3034 cer-

2024 3062 2203 3124 tando
2237 3060 2487 3135 desistit,
2529 3058 2852 3138 inungitur.

2106 3155 2134 3229 ἕ
2165 3150 2264 3213 ΙΧ.
2301 3151 2404 3212 His
2436 3149 2713 3230 peractis,
2739 3149 3001 3229 pontifex
3025 3149 3287 3213 defuncti
3319 3169 3536 3232 corpus
3566 3151 3667 3216 ho-

284 3239 345 3294 τὸ
404 3244 561 3310 σῶμα
587 3235 704 3310 μεθ’
760 3236 952 3313 ἑτέρων
1004 3237 1158 3312 ἱερῶν
1212 3237 1498 3311 σωμάτων.
1562 3235 1780 3303 Ἐπειδὴ
1838 3238 2057 3334 γὰραῃ

1884 3238 1938 3312 ip
1960 3283 1998 3334 ε
2025 3249 2193 3304 nesto
2224 3241 2354 3302 loco
2379 3239 2649 3301 recondit
2671 3257 2804 3300 cum
2859 3239 2994 3301 aliis
3053 3239 3401 3320 corporibus
3456 3242 3657 3302 sacris.

288 3329 317 3383 6
356 3327 597 3408 φιλόθεος
655 3326 926 3398 ἄνθρωπος
977 3326 1030 3382 ἐν
1075 3332 1220 3401 ψυκῆ
1269 3329 1355 3382 καὶ
1409 3328 1616 3402 σώματι
1679 3329 1938 3390 συνεστὼς

287 3419 377 3476 τὸν
437 3416 680 3495 ἐνάρετον
715 3418 827 3493 βίον
886 3415 1247 3490 ἐπολιτεύετο,
1285 3415 1375 3472 ἵνα
1404 3422 1452 3472 τί
1503 3417 1598 3483 τῆς
1632 3417 1802 3491 ψυχῆς
1843 3421 1938 3474 αὖ·

284 3507 574 3583 Ᾱιζομένης
627 3506 679 3563 ἐν
735 3507 982 3584 ἀγαθοῖς,
1043 3509 1104 3561 τὸ
1159 3512 1316 3581 σῶμα
1373 3507 1818 3584 παροραθήσεται,
1852 3508 1938 3562 καὶ

285 3600 344 3654 οὗ
395 3599 584 3669 τιμίως
639 3595 1052 3662 κατατεθήσεται
1095 3612 1111 3670 ;
1163 3597 1258 3653 Κάὶ
1318 3595 1417 3673 γοὶρ
1467 3597 1553 3652 καὶ
1614 3599 1665 3651 αἱ
1721 3594 1936 3670 ἀμοιϐαὶ

282 3693 351 3764 τῇ
387 3691 531 3762 ψυχῇ
562 3688 693 3763 μετά
727 3687 972 3760 σώματος
1032 3685 1369 3764 δοθήσονται,
1403 3685 1514 3740 εἴτε
1547 3691 1652 3740 τῶν
1702 3685 1933 3765 ἀγαθῶν,

283 3778 399 3832 εἴτε
429 3783 534 3832 τῶν
590 3783 790 3855 κακῶν,
823 3777 965 3854 παρὰ
1016 3785 1109 3834 τοῦ
1138 3773 1340 3832 δικαίου
1385 3784 1603 3853 Κριτού.
1641 3777 1734 3831 Διὸ
1765 3778 1852 3832 καὶ
1908 3778 1935 3830 6

281 3867 421 3942 ἱερὸς
482 3867 675 3942 θεσμὸς
734 3867 822 3923 καὶ
874 3863 1147 3944 ἀμφότερα
1205 3865 1432 3944 ἁγιάζει,
1475 3866 1573 3933 τὴν
1637 3887 1692 3922 τε
1751 3866 1937 3943 ψυχὴν

282 3959 372 4014 καὶ
429 3958 489 4012 τὸ
550 3961 728 4031 σῶμα·
794 3956 892 4023 τὴν
925 3957 1101 4031 ψυκήν
1160 3956 1278 4032 μὲν,
1314 3955 1368 4012 ἐν
1427 3969 1651 4023 νοηταῖς
1701 3959 1936 4036 θεωρίαις

283 4048 371 4104 καὶ
421 4047 696 4122 ἐπιστήμῃ
728 4046 831 4103 τῶν
887 4045 1242 4121 τελουμένων⁹
1282 4048 1338 4103 τὸ
1397 4048 1551 4122 σῶμα
1603 4045 1657 4103 δὲ
1687 4054 1763 4121 τῷ
1816 4048 1938 4122 θείῳ

283 4137 456 4213 μύρῳ,
523 4136 662 4194 ’Ἔτι
694 4134 746 4191 δὲ
804 4137 889 4192 καὶ
947 4149 1066 4201 τοῖς
1125 4136 1440 4214 ἀγιωτᾶτοις
1501 4134 1788 4213 συμϐόλοις
1840 4137 1936 4205 τῆς

281 4231 422 4292 θείας
480 4225 838 4303 μετάλήψεως
874 4227 1102 4304 ἁγιάζων
1154 4227 1326 4283 πάντα
1368 4229 1459 4284 τὸν
1515 4226 1812 4307 ἄνθρωπον,
1846 4228 1932 4284 καὶ

281 4321 381 4389 τὴν
409 4320 598 4387 ὁλικὴν
635 4321 818 4400 αὐτοῦ,
849 4318 1012 4397 ἤγουν
1044 4320 1132 4376 ναὶ
1187 4320 1285 4386 τὴν
1315 4320 1412 4388 τῆς
1475 4322 1657 4399 ψυχῆς
1688 4321 1774 4376 καὶ
1840 4319 1934 4385 τὴν

281 4421 376 4470 τοὺ
433 4411 683 4489 σώματος
742 4413 1010 4489 σωτηρίαν
1068 4413 1373 4491 ἱερουργῶν,
1431 4413 1518 4468 καὶ
1578 4411 1738 4470 πάλιν
1798 4410 1935 4469 οὕτω

278 4501 626 4570 τελειοτάτην
671 4500 962 4581 διαγγέλων
993 4504 1080 4559 καὶ
1107 4502 1205 4570 τὴν
1240 4501 1547 4564 ἀνάστασιν,

365 4681 394 4762 §
421 4682 497 4742 Χ.
533 4684 635 4745 Τὰς
667 4681 721 4739 δὲ
753 4681 847 4752 τῆς
876 4682 1210 4763 χειροτονίας
1245 4683 1406 4761 εὐχὰς
1440 4682 1500 4738 οὔ
1534 4681 1748 4756 θεμιτὸν
1779 4679 1934 4761 ἀφερ-

2023 3331 2168 3394 Cum
2202 3331 2360 3392 enim
2395 3329 2444 3392 is
2476 3328 2575 3409 qui
2608 3328 2924 3389 defunctus
2972 3337 3086 3405 est,
3129 3329 3328 3391 anima
3383 3329 3559 3389 simul
3611 3338 3669 3392 et

2021 3438 2274 3500 corpore
2296 3425 2592 3493 constans,
2623 3425 2881 3478 sanctam
2905 3419 3077 3479 vitam
3117 3419 3448 3496 egerit,cur
3469 3418 3668 3480 anima

2021 3511 2082 3572 in
2117 3510 2288 3571 bonis
2320 3514 2726 3570 commorante
2758 3525 2973 3585 corpus
3001 3508 3426 3586 negligeretur,
3464 3515 3524 3569 et
3546 3526 3666 3569 non

2021 3601 2267 3662 honeste
2279 3598 2681 3679 doponeretur
2702 3596 2727 3659 ?
2749 3596 2978 3658 Etenim
3003 3616 3036 3658 a
3048 3598 3212 3677 justo
3228 3597 3435 3676 judice
3454 3597 3666 3660 condi-

2020 3709 2133 3771 gna
2157 3687 2464 3751 retributio
2495 3687 2709 3748 animae
2735 3706 2850 3748 una
2879 3707 3013 3750 cum
3040 3705 3288 3768 corpore
3321 3687 3661 3764 donabitur,

2021 3781 2144 3842 sive
2176 3779 2466 3841 bonorum
2500 3778 2623 3840 sive
2668 3777 2980 3841 malorum.
3013 3775 3246 3840 Idcirco
3286 3776 3467 3839 etiam
3502 3795 3670 3839 sacra

2022 3871 2114 3932 lex
2137 3877 2387 3949 utraque
2411 3867 2764 3942 sanctiﬁcat,
2789 3875 2905 3930 tam
2939 3886 3156 3949 corpus
3179 3886 3352 3949 quam
3372 3868 3628 3929 animam
3651 3884 3664 3929 :

2020 3961 2281 4022 animam
2311 3958 2446 4019 281
2483 3958 2750 4039 quidem,
2801 3959 2858 4018 in
2889 3957 3260 4038 spiritalibus
3292 3958 3667 4038 contempla-

2019 4049 2289 4113 tionibus
2327 4056 2502 4127 atque
2546 4048 2796 4109 scientia
2819 4066 3029 4109 eorum
3056 4065 3188 4128 quae
3234 4047 3616 4109 celebrantur
3651 4063 3666 4121 ;

2022 4157 2240 4220 corpus
2262 4155 2421 4215 vero,
2458 4137 2660 4199 divino
2681 4136 3170 4217 unguento.Quin
3192 4144 3250 4198 et
3268 4135 3667 4200 sanctissimis

2018 4229 2304 4313 symbolis
2351 4227 2565 4288 divinae
2616 4226 3084 4307 participationis
3133 4231 3321 4288 totum
3363 4225 3661 4287 hominem

2018 4321 2370 4396 sanctiﬁcat,
2407 4325 2588 4398 atque
2621 4317 2861 4380 totalem
2918 4318 3072 4397 ejus,
3105 4316 3321 4377 anima:
3350 4315 3580 4377 scilicet
3609 4325 3667 4376 et

2018 4410 2311 4494 corporis,
2371 4407 2621 4468 salutem
2687 4414 2991 4488 operatur,
3054 4424 3165 4468 nec
3200 4424 3317 4468 non
3349 4406 3462 4466 hoc
3491 4404 3665 4467 modo

2022 4497 2513 4587 perfectissimam
2630 4496 2718 4557 illi
2823 4514 3060 4578 quoque
3158 4496 3664 4559 resurrectionem

1957 4577 2002 4628 θ
2019 4577 2352 4659 annuntiat.

2099 4687 2128 4766 §
2157 4686 2235 4746 X.
2269 4676 2682 4742 [invocationes
2715 4693 2900 4756 porro
2927 4675 3320 4738 ordinationis
3354 4676 3520 4739 nefas
3578 4683 3667 4736 est

282 4775 556 4854 μηνεύειν,
619 4771 785 4850 ἤγουν
846 4773 960 4848 μεθ’
1020 4773 1302 4850 ἑρμηνείας
1335 4770 1699 4846 δημοσιεύειν,
1736 4792 1934 4848 μυστιο
2016 4776 2055 4838 ἰι

1889 4797 1934 4827 ‘--
2016 4769 2422 4854 interpretari,
2457 4785 2562 4829 seu
2596 4767 2945 4848 explicando
2979 4767 3302 4848 publicare,
3343 4785 3474 4828 cum
3535 4784 3662 4846 my-

282 4866 380 4930 κάς
441 4862 598 4928 οὔσας
633 4866 718 4920 καὶ
772 4861 1123 4940 άποῤῥήτους’
1189 4864 1246 4919 οὗ
1275 4862 1384 4942 χρὴ
1441 4860 1496 4916 δὲ
1543 4860 1745 4940 ἐξάγειν
1803 4862 1934 4938 πρὸς

279 4959 342 5014 τὸ
403 4957 582 5013 κοινὸν
614 4957 711 5026 της
743 4955 803 5013 ἐκ
856 4963 961 5013 τῶν
995 4957 1172 5036 εὐχῶν
1205 4953 1540 5035 δωροομὲνας
1599 4967 1715 5018 τοϊς
1749 4952 1936 5011 τελουε

282 5048 463 5124 μένοις
524 5047 769 5124 δυνάμεις
831 5057 924 5106 τοῦ
982 5049 1312 5124 Πνεύματος.
1376 5045 1543 5104 Ἀλλά
1601 5047 1686 5120 σὺ,
1747 5045 1938 5111 ταύτας

281 5139 421 5198 κατὰ
469 5139 566 5207 τὴν
628 5141 778 5196 θείαν
850 5135 1136 5216 παράδοσιν
1208 5142 1476 5214 μυστικῶς
1545 5137 1788 5213 ἐκμαθὼν
1850 5139 1936 5194 καὶ

282 5232 413 5309 πρὸς
465 5227 732 5308 θειοτέραν
788 5228 1040 5308 ἀναχθεὶς
1097 5225 1222 5303 ἕξιν,
1258 5227 1472 5307 φθάσεις
1528 5228 1614 5283 καὶ
1674 5226 1772 5294 τὴν
1831 5228 1938 5283 τῶν

282 5321 534 5377 τοιούτων
601 5317 908 5394 ἐπιστήμην
962 5319 1064 5374 ὑπὸ
1114 5317 1208 5384 τῆς
1240 5319 1557 5396 ἱεραρχικῆς
1614 5315 1936 5392 ἐλλάμψεως

282 5407 446 5488 (αὕτη
519 5408 619 5487 γάρ
667 5408 809 5464 ἐστιν
867 5409 902 5476 ἠ
975 5413 1158 5463 πασῶν
1218 5411 1322 5462 τῶν
1391 5404 1620 5462 τελετῶν
1676 5403 1938 5484 ἄρχουσα)

283 5495 578 5574 ὃδηγούμεν
587 5517 646 5560 ος
657 5540 669 5556 .

363 5583 518 5665 §Xl.
556 5587 826 5646 Ἐντεῦθεν
857 5586 975 5669 ὅρα.
1011 5588 1061 5644 τί
1113 5608 1274 5670 φησιν
1304 5587 1331 5644 6
1365 5585 1546 5667 Πατὴρ
1575 5585 1693 5668 περὶ
1722 5593 1816 5644 τοῦ
1869 5585 1936 5642 τὰ

364 5789 392 5836 ν
421 5775 564 5841 Luc.
589 5776 778 5858 ι,16.

2019 4867 2183 4928 sticte
2213 4861 2333 4923 sint
2362 4866 2419 4921 et
2449 4874 2680 4920 arcanae
2709 4878 2724 4935 ;
2757 4876 2876 4919 non
2922 4866 3158 4940 oportet
3183 4868 3378 4919 autem
3409 4857 3470 4917 in
3497 4873 3666 4917 com-

2023 4971 2202 5015 mune
2233 4951 2448 5012 eil‘erre
2470 4948 2716 5010 virtutes
2738 4945 2993 5029 Spiritus
3006 4948 3218 5023 sancti,
3250 4965 3384 5028 quae
3404 4963 3512 5028 per
3536 4964 3664 5026 pre~

2021 5061 2120 5106 ces
2142 5040 2390 5103 initiatis
2411 5040 2823 5102 conferuntur.
2853 5037 2966 5101 Sed
2992 5046 3075 5119 tu,
3107 5039 3205 5100 ubi
3231 5055 3331 5099 eas
3370 5037 3542 5117 juxta
3565 5036 3665 5098 di—

2020 5134 2214 5195 vinam
2239 5130 2618 5192 traditionem
2647 5131 2891 5210 mystice
2913 5129 3208 5204 hauseris,
3234 5135 3292 5190 et
3306 5127 3379 5190 ad
3416 5125 3669 5189 divinio-

2019 5241 2150 5286 rem
2169 5221 2436 5283 habitum
2455 5219 2758 5281 traductus
2779 5219 3202 5296 fueris,earum
3222 5237 3460 5301 quoque
3476 5217 3669 5279 scien-

2023 5315 2163 5376 tiam
2197 5308 2570 5373 hierarchica
2618 5308 3012 5371 illustratione
3065 5309 3478 5388 consequeris,
3542 5309 3668 5368 haac

2019 5405 2178 5467 enim
2212 5409 2302 5465 est
2334 5401 2600 5463 omnium
2634 5400 3044 5479 mysteriorum
3081 5399 3358 5480 princeps
3387 5416 3454 5458 ac
3484 5396 3624 5456 dux.

2099 5572 2258 5657 §Xl.
2291 5570 2615 5636 Considera
2651 5569 2830 5637 etiam
2881 5570 2978 5640 hic
3007 5568 3152 5653 quid
3209 5567 3368 5632 dicat
3424 5572 3665 5630 sanctus

4116 2094 4140 2214 ἓ

4115 2240 4140 2328 Ξ

4116 2337 4139 2398 ι

4117 2407 4141 2492 i

4116 2623 4145 2790 Ξ

4115 3152 4147 3249 3

4115 3433 4152 3560 Ξ

4113 3597 4154 3754 ξ’

4113 3769 4156 3912 ξ

4112 3967 4158 4061 :l
