4490 6164
705 312 823 381 587
874 381 877 384 .

1915 314 1973 375 S.
2023 310 2369 376 DIONYSII
2413 312 2920 379 AREOPAGIT/E
2942 316 2953 323 ’

3959 315 4069 386 588

705 452 820 512 vim
846 466 1083 512 omnem
1104 466 1174 510 ac
1205 446 1525 528 potentiam
1560 454 1779 537 nostr?
1799 455 1898 509 aut
1933 448 2340 513 ratiocinatio-
2360 461 2401 509 Α
2426 476 2478 510 κο

2294 455 2537 512 t-sze'
2594 457 2736 528 ἡμᾶς
2780 454 3002 533 λογικῆς
3063 457 3147 512 καὶ
3209 464 3387 535 νοερᾶς
3442 455 3713 530 δυνάμεως
3775 461 3864 515 καὶ
3923 459 4067 537 ἐνερ-

704 540 801 602 nis
830 550 930 603 aut
960 537 1385 601 intellectionis
1416 537 1669 601 excedit.
1703 535 1991 599 Universe
2020 537 2200 617 igitur
2228 560 2341 601 au-

703 628 954 687 dendum
976 643 1091 687 non
1116 636 1220 697 est,
1244 640 1428 699 neque
1452 627 1665 696 dicere,
1691 640 1879 698 neque
1901 629 2151 699 cogitare
2176 630 2341 701 quid-

700 735 871 793 quam
893 720 963 779 de
991 718 1521 792 supersubstantiali
1552 726 1606 774 et
1635 716 1822 775 abdita
1877 717 2099 784 deitate,
2129 729 2343 791 praeter

705 830 776 873 ea
799 830 930 893 quae
951 810 1125 873 nobis
1153 810 1211 870 in
1236 809 1420 871 sacris
1450 807 1707 869 oraculis
1738 815 1876 868 sunt
1906 807 2165 871 indicata
2196 812 2341 872 divi-

699 902 1041 965 nitus.Nam
1074 897 1646 981 supernaturalitatis
1677 897 1863 977 ipsius
1892 898 2337 961 indemonstra-

699 991 918 1067 bilitas,
955 1010 1087 1072 quae
1115 1007 1292 1070 supra
1324 1006 1561 1050 omnem
1607 988 1921 1063 rationem,
1957 994 2014 1047 et
2048 1001 2337 1072 mentem,

698 1088 754 1138 et
784 1082 1087 1139 essentiam
1123 1089 1228 1147 est,
1250 1078 1370 1151 ipsa
1405 1086 1489 1134 est
1509 1077 1605 1133 cui
1631 1075 2127 1144 supernaturalem
2150 1081 2340 1136 scien-

698 1169 839 1233 tiam
873 1170 1133 1234 tribuere
1156 1188 1263 1231 nos
1295 1174 1568 1248 oportet;
1604 1173 1834 1230 tantum
1860 1165 1935 1227 ad
1967 1165 2339 1231 inaccessum

699 1259 847 1323 illud
875 1260 1078 1323 lumen
1124 1257 1468 1340 aspirando,
1503 1262 1786 1338 quantum
1837 1272 1901 1316 se
1952 1255 2338 1322 insinuaverit

696 1348 1027 1413 divinorum
1050 1349 1150 1412 ille
1170 1348 1374 1411 radius
1403 1346 1806 1421 oraculorum,
1833 1364 1951 1426 quo
1978 1347 2338 1411 eminentio-

692 1438 862 1502 ribus
893 1440 1020 1503 istis
1050 1458 1251 1502 rerum
1275 1437 1606 1501 divinarum
1640 1436 2068 1518 splendoribus
2100 1439 2334 1503 sobrie-

623 1596 631 1601 _
693 1536 808 1588 tate
834 1529 1078 1602 quadam
1134 1544 1201 1586 ac
1237 1528 1537 1587 sanctitate
1565 1532 2088 1599 contemperamur.
2126 1528 2336 1587 Etenim

618 1650 622 1655 ι
693 1619 746 1683 si
769 1619 909 1700 quid
925 1619 1379 1701 sapientissimae
1399 1617 1843 1699 verissimaeque
1862 1617 2179 1697 tlieologiae
2201 1639 2300 1682 cre
2315 1657 2335 1666 -

692 1708 956 1772 dendum
989 1719 1103 1791 est,
1138 1729 1245 1790 pro
1270 1709 1634 1789 singularum
1670 1709 2167 1788 captumenlium
2196 1711 2335 1772 divi-

689 1817 767 1861 na
790 1799 1641 1881 revelantur,spectanturque,
1670 1798 1809 1859 dum
1834 1816 2064 1859 summa
2088 1797 2190 1860 Dei
2224 1801 2332 1862 bo-
2361 1822 2398 1873 Β
2426 1799 2458 1853 ἀ

1564 1816 1641 1869 IP,
1670 1798 1809 1859 dum
1834 1816 2064 1859 summa
2088 1797 2190 1860 Dei
2224 1801 2332 1862 bo-
2361 1822 2398 1873 Β
2426 1799 2737 1878 ἀχώρητον,
2796 1793 3337 1860 ἀποδιαστεὶλούσης,

688 1888 865 1968 nitas,
886 1890 1122 1970 justitia
1149 1889 1417 1970 salutari,
1439 1887 1619 1950 rebus
1641 1888 1998 1948 mensuratis
2027 1886 2336 1951 immensi-

689 1987 872 2042 tatem
896 1999 1065 2042 suam
1088 1980 1285 2042 divino
1315 1982 1571 2060 quodam
1597 1977 1837 2049 decore,
1866 1977 2023 2057 quod
2054 1997 2331 2061 compre-

688 2068 879 2132 hendi
909 2076 1189 2150 nequeat,
1218 2075 1684 2131 commensurat.
1721 2066 1885 2129 Sicut
1918 2068 2077 2127 enim
2111 2086 2177 2129 ea
2201 2088 2333 2146 quae

687 2158 798 2220 sub
831 2158 1284 2239 intelligentiam
1309 2158 1528 2220 cadunt
1551 2174 1655 2236 per
1686 2174 1756 2217 ea
1786 2174 1918 2236 qua:
1946 2155 2054 2217 sub
2089 2176 2327 2221 sensum

686 2248 905 2310 cadunt
927 2249 1435 2331 comprehendere
1465 2253 1524 2307 et
1553 2245 1944 2326 contemplari
1971 2265 2085 2306 non
2112 2266 2320 2327 possu-

683 2351 836 2404 mus,
860 2353 1049 2411 neque
1068 2352 1173 2411 per
1197 2353 1261 2396 ea
1292 2351 1420 2409 quae
1449 2336 1597 2408 typis
1630 2345 1683 2393 et
1712 2335 1894 2407 signis
1927 2335 2323 2409 informantur,

684 2445 756 2490 ea
784 2446 917 2509 qua;
938 2429 1236 2511 simplicia
1265 2438 1403 2491 sunt
1435 2435 1491 2490 et
1520 2427 1669 2507 typis
1703 2445 1821 2487 non
1853 2425 2180 2504 signantur,
2216 2448 2323 2491 ne-

682 2535 800 2598 que
830 2535 938 2600 per
973 2519 1189 2598 ﬁguras
1217 2536 1535 2601 corporum
1568 2517 1941 2597 incorporea,
1969 2535 2101 2591 quae
2130 2538 2325 2600 neque

568 2608 573 2613 ’
642 2625 926 2693 “sensum
980 2616 1171 2671 tactus
1203 2608 1429 2683 subire,
1459 2625 1655 2689 neque
1688 2606 1932 2685 ﬁguram
1986 2615 2042 2667 et
2071 2608 2323 2671 formam

680 2714 895 2778 capere
924 2707 1216 2782 possunt;
1249 2700 1455 2761 eadem
1481 2699 1657 2779 plane
1681 2696 1911 2758 ratione
1935 2696 2194 2759 veritatis
2221 2720 2324 2763 su-

678 2800 779 2858 pra
813 2789 1154 2847 substantias
1186 2798 1269 2845 est
1298 2787 1394 2845 illa
1450 2788 2018 2858 suprasubstantialis
2049 2791 2325 2861 infinitas,

677 2876 739 2931 et
761 2887 945 2951 supra
968 2879 1200 2932 mentes
1225 2869 1325 2932 illa
1354 2886 1536 2946 supra
1562 2878 1819 2932 mentem
1844 2871 2038 2934 unitas
2069 2895 2084 2949 ;
2118 2883 2177 2935 et
2200 2895 2327 2935 om-

678 2956 861 3019 nibus
889 2958 1444 3022 ratiocinationibus
1465 2957 1847 3021 inscrutabile
1871 2971 1959 3023 est
1978 2962 2124 3024 illud
2145 2983 2271 3044 sup:
2295 2985 2326 3026 a

676 3046 1194 3110 ratiocinationem
1228 3067 1410 3110 unum
1442 3067 1457 3124 ;
1492 3047 1775 3127 omnique
1807 3050 1985 3112 verbo
2020 3053 2325 3117 ineffabile

2427 546 2570 621 γείας
2628 544 2844 606 ἕνωσιν.
2915 544 3153 603 Καθόλου
3198 554 3472 625 τοιγαροῦν
3530 547 3588 602 οὔ
3650 547 3948 623 τολμητέον
3995 551 4069 606 εἶ-

2432 648 2573 713 πεῖν,
2608 633 2721 691 οὔτε
2778 635 2885 708 μὴν
2915 634 3160 702 ἐννοῆσαί
3213 657 3263 691 τι
3308 638 3426 713 περὶ
3476 642 3573 703 τῆς
3628 638 3935 717 ὑπερουσίου
3986 641 4069 694 καὶ

2425 724 2642 803 κρυφίαις
2719 726 2994 793 θεότητος,
3062 726 3199 801 παρὰ
3252 725 3317 779 τὰ
3372 724 3602 791 θειωδῶς
3656 730 3795 800 ἡμῖν
3855 728 3915 785 ἐκ
3971 729 4069 784 τῶν

2426 815 2576 892 ςερονίν
2604 812 2796 891 λογίων
2854 813 3250 886 ὲκπεφασμένα,
3302 814 3406 881 Τῆς
3460 816 3556 894 γὰρ
3615 818 3743 894 ὑπὲρ
3771 815 3930 893 λόγον
3988 819 4070 872 καὶ

2424 910 2543 959 νυύν
2571 905 2660 959 καὶ
2692 905 2868 960 οὒσίαν
2916 907 3080 969 αὐτῆς
3110 904 3551 979 ὑπερουσιότητος
3600 906 3833 983 ἀγνωσία
3863 905 3912 985 9,
3941 906 4068 982 αὐτῇ

2422 994 2521 1060 τὴν
2550 993 2858 1071 ὒπερούσιον
2903 994 3208 1067 ἐπιστήμην
3266 992 3568 1068 ἀναθετέον,
3604 1017 3850 1052 τοσουτον
3882 996 3965 1051 ἐπὶ
4010 997 4068 1051 τὸ

2426 1083 2637 1145 ἄναντες
2697 1081 3064 1154 ἀνανεύοντας,
3119 1079 3240 1137 ὅσον
3315 1082 3506 1149 ἑαυτὴν
3565 1082 3829 1140 ἐνδίδωσιν
3876 1087 3910 1152 ἡ
3966 1089 4066 1138 τῶν

2425 1169 2725 1250 θεαρχικῶν
2794 1168 2988 1245 λόγίων
3043 1167 3069 1209 3
3128 1169 3300 1249 ἀκτὶς,
3362 1172 3495 1246 πρὸς
3553 1171 3645 1234 τὰς
3704 1169 3732 1212 4
3784 1173 4066 1249 ὑπερτέρας

2428 1261 2589 1338 αὖγάς
2622 1264 2690 1325 τῆ
2734 1259 2852 1335 περὶ
2900 1258 2964 1315 τὰ
3008 1261 3127 1313 θεῖα
3178 1260 3486 1337 σωφροσύνῇ
3535 1262 3622 1317 καὶ
3675 1263 3914 1328 ὁσιότητι
3972 1285 4064 1320 συ-

2426 1350 2833 1426 στελλομένους,
2870 1350 2967 1406 Καὶ
2998 1349 3096 1425 γὰρ
3130 1347 3182 1403 εἴ
3240 1371 3290 1403 τι
3323 1347 3406 1406 δεῖ
3435 1356 3504 1426 τῇ
3535 1351 3791 1430 πανσόφῴ
3821 1353 3906 1408 καὶ
3936 1351 4068 1419 ἀλη-

2424 1442 2652 1507 θεστάτη
2695 1437 2943 1517 θεολογίᾳ
2992 1440 3279 1516 πείθεσθαι,
3311 1437 3448 1494 κατᾶ
3491 1439 3589 1507 τὴν
3618 1439 3901 1520 ἀναλογίαν
3953 1442 4072 1498 ἑκά-

2426 1554 2549 1588 στου
2581 1537 2683 1586 τῶν
2738 1528 2873 1584 νοῶν
2926 1525 3346 1584 ἀνακιλ-Ξπτεται
3398 1528 3432 1578 5
3487 1529 3553 1585 τὰ
3608 1532 3753 1609 θεῖα,
3805 1533 3898 1587 καί
3940 1532 4071 1589 ἐπο-

2428 1622 2700 1701 πτεύεται,
2732 1624 2828 1685 τῆς
2889 1620 3179 1696 θεαρχίκῆς
3216 1617 3550 1695 ἀγαθὸτητος
3604 1617 3657 1674 ἐν
3708 1627 3964 1699 σωστιικῇ
4006 1620 4079 1677 διο

2421 1710 2681 1785 χαιοσύνῃ
2714 1715 2819 1764 τῶν
2874 1705 2926 1762 ἐν
2964 1707 3139 1784 μέτρῳ
3169 1706 3267 1773 τήν
3327 1705 3577 1786 ἀμετρίαν
3634 1712 3962 1786 θεοπρεπως,
4006 1713 4075 1772 ὡς

3430 1786 3646 1875 ἰὶσπερ
3707 1798 3806 1875 γὰρ
3865 1798 4076 1862 ἄληπτοι

2420 1892 2507 1946 καὶ
2558 1888 2833 1965 ἀθεώρητοι
2864 1899 2980 1949 τοῖς
3042 1886 3313 1950 αἰσθητοῖς
3348 1886 3458 1942 ἐστι
3518 1888 3584 1943 τὰ
3614 1889 3805 1967 νοητὰ,
3839 1890 3925 1944 καὶ
3964 1903 4075 1953 τοῖς

2420 1978 2473 2034 ἐν
2530 1978 2722 2038 πλάσει
2753 1978 2840 2033 καὶ
2893 1976 3041 2050 τύπῳ
3091 1975 3156 2029 τὰ
3214 1974 3360 2030 ἁπλᾶ
3391 1978 3477 2032 καὶ
3541 1975 3820 2050 ἀτύπωτα,
3853 1993 3971 2042 τοῒς
4017 2000 4072 2035 τε

2417 2069 2553 2125 κατὰ
2584 2068 2848 2137 σωμάτων
2880 2067 3143 2145 σχήματα
3176 2066 3647 2146 μεμορφωμένοις,
3683 2069 3717 2134 ἡ
3761 2071 3868 2123 τῶν
3920 2067 4063 2123 ἀσω-

2416 2159 2597 2232 μάτων
2656 2157 2860 2231 ἀναφὴς
2895 2157 2981 2211 καὶ
3041 2154 3451 2232 ἀσχημάτιστος
3500 2155 3753 2234 ἀμορφίαο
3788 2157 3925 2213 κατά
3981 2158 4065 2213 τόν

2415 2247 2568 2303 αὐτὸν
2625 2252 2722 2312 τῆς
2781 2244 3028 2311 ἀληθείας
3090 2244 3248 2321 λόγον
3290 2243 3590 2319 ὺπέρκειται
3644 2251 3747 2300 τῶν
3777 2247 3967 2302 οὐσιῶν
4019 2250 4052 2315 ἦ

2410 2336 2716 2413 ὕπερούσιος
2775 2335 3011 2411 ἀοριστία
3066 2331 3119 2380 θ’
3183 2334 3269 2388 καὶ
3323 2339 3427 2389 τῶν
3488 2341 3647 2407 νοῶν,
3678 2337 3713 2402 ἡ
3757 2336 3889 2411 ὑπὲρ
3938 2347 4055 2395 νοῦν

2411 2426 2620 2492 ἑνότης⁸
2696 2428 2780 2481 mi.
2847 2423 3037 2488 πάσαις
3106 2421 3356 2486 διανοίαις
3428 2421 3739 2491 ἀδιανόητόν
3814 2426 3925 2483 ἑστι
3997 2429 4057 2482 τὸ

2409 2518 2538 2596 ὑπὲρ
2596 2515 2836 2572 διάνοια-ι
2894 2513 2973 2585 ἓν,
3029 2510 3251 2591 appr,de
3306 2534 3363 2568 τε
3421 2515 3566 2591 λόγῳ
3619 2516 3776 2571 παντὶ
3816 2518 3877 2571 τὸ
3926 2518 4054 2594 ὑπὲρ

2408 2608 2566 2684 λόγον
2645 2606 2861 2682 ἀγαθὸν,
2941 2602 3059 2664 ἐνάς
3119 2602 3360 2659 ἐνοποιὸς
3433 2604 3645 2667 ἁπάσης
3702 2602 3908 2678 ἐνάδος,
3968 2609 4054 2662 καὶ

2407 2697 2712 2775 ὺπερούσιος
2767 2694 2935 2772 οὗσία,
2972 2694 3060 2746 καὶ
3113 2697 3228 2753 νοῦς
3287 2690 3509 2757 ἀνόητος
3558 2694 3645 2749 καὶ
3675 2692 3833 2771 λόγος
3892 2693 4054 2773 ἅρῥη-

2408 2808 2521 2851 τος’
2570 2784 2757 2861 ἀλογία
2800 2786 2886 2839 καὶ
2939 2782 3159 2847 ἀνοησία
3218 2782 3305 2837 καὶ
3363 2780 3655 2862 ἀνωνομία,
3702 2785 3838 2840 κατά
3890 2783 4055 2859 μηδὲν

2410 2881 2514 2933 τῶν
2544 2874 2708 2931 ὄντων
2741 2873 2890 2929 οὖσαν
2940 2871 3026 2926 καὶ
3056 2869 3233 2926 αἴτιον
3278 2871 3376 2944 μὲν
3405 2877 3498 2927 τοῦ
3527 2872 3671 2928 εἶναι
3713 2879 3896 2948 πᾶσιν,
3930 2876 4054 2932 αὐτὸ

2409 2966 2463 3023 δὲ
2495 2969 2570 3041 μὴ
2599 2964 2682 3037 ὃν,
2715 2964 2788 3027 ὡς
2819 2961 2995 3027 πάσης
3029 2960 3205 3022 οὒσίας
3238 2959 3504 3036 ἐπέκεινα,
3542 2964 3629 3018 καὶ
3657 2964 3728 3027 ὡς
3759 2961 3821 3018 ἂν
3851 2965 3985 3032 αὑτὴ
4025 2962 4056 3012 Ἰ

2409 3059 2525 3135 περὶ
2556 3056 2749 3118 ἑαυτῆς
2794 3051 2981 3130 κυρίως
3015 3055 3102 3106 καὶ
3134 3048 3435 3115 ἐπιστητῶς
3467 3052 3813 3131 ἀποφαίνοιτο
3839 3053 3891 3110 8.

650 3143 768 3199 est
796 3137 944 3201 illud
975 3158 1156 3221 supra
1184 3138 1434 3202 verbum
1468 3136 1691 3200 bonum
1728 3156 1742 3201 :
1803 3142 1994 3204 unitas
2029 3146 2290 3208 eﬁ‘ectrix
2330 3149 2623 3210 universae
2654 3141 2915 3214 unitatis,
2949 3148 3005 3201 et
3038 3137 3370 3201 substantia
3406 3157 3584 3220 supra
3634 3140 4054 3223 substantiam,

677 3234 735 3288 et
764 3244 932 3289 mens
982 3247 1101 3289 non
1133 3228 1352 3291 cadens
1385 3226 1494 3289 sub
1528 3226 2006 3314 intelligentiam,
2040 3238 2187 3296 ratio
2230 3256 2347 3298 non
2382 3234 2634 3299 effabilis
2690 3231 2942 3310 ratione,
2979 3227 3396 3307 intelligentia,
3431 3229 3789 3311 nomineque
3819 3250 4054 3315 vacans,

676 3316 901 3380 nullius
948 3318 1039 3379 rei
1069 3317 1522 3380 similitudinem
1576 3318 1803 3380 habens
1837 3338 1850 3382 :
1887 3341 2018 3402 quae
2048 3326 2288 3404 quidem
2318 3345 2494 3389 causa
2527 3332 2617 3387 est
2658 3329 2727 3383 ut
2771 3320 2972 3382 omnia
3004 3318 3143 3391 sint,
3183 3317 3310 3397 ipsa
3340 3335 3476 3380 vero
3533 3337 3651 3381 non
3682 3329 3793 3397 est,
3830 3331 3894 3383 ut
3922 3340 4058 3400 quae

675 3406 929 3487 quiescit
958 3416 1124 3470 extra
1153 3409 1351 3470 omnia
1377 3426 1508 3488 quae
1539 3414 1697 3489 sunt,
1734 3413 2240 3491 quemadmodum
2273 3417 2451 3479 etiam
2485 3418 2613 3496 ipsa
2640 3412 2716 3474 de
2741 3430 2807 3474 se
2839 3409 3078 3490 proprie
3100 3412 3370 3486 sciteque
3402 3409 3526 3470 haec
3558 3410 3721 3472 effari
3755 3418 3967 3493 potest.

2284 3583 2309 3651 §
2360 3577 2438 3640 ΙΙ.

755 3729 843 3794 De
869 3731 977 3792 hac
999 3730 1508 3809 igitur,utdictum
1534 3742 1643 3808 est,
1671 3734 2235 3814 supersubstautiali
2253 3756 2320 3799 ac
2338 3748 2380 3797 C
2486 3744 2528 3795 ι]

2284 3748 2380 3799 ,cC
2486 3738 2609 3815 Περὶ
2657 3733 2854 3800 ταύτης
2910 3731 3023 3811 οὖν,
3068 3734 3140 3796 ὡς
3175 3730 3412 3812 εἴρηται,
3440 3735 3538 3800 τῆς
3600 3735 3909 3814 ὖπερουσίου
3966 3737 4057 3793 καὶ

671 3820 988 3883 recondita
1008 3819 1324 3883 divinitate
1340 3839 1461 3884 non
1487 3825 2072 3904 estpraesumendum
2096 3826 2320 3901 dicere,

2409 3828 2623 3908 κρυφίοις
2700 3823 2951 3891 θεότητος
3024 3826 3081 3881 οὐ
3140 3820 3436 3897 τολμητέον
3507 3825 3702 3904 εἰπεῖν,
3757 3824 3875 3882 οὕτε
3947 3826 4061 3902 μὴν

672 3911 779 3972 sed
808 3928 1007 3988 neque
1033 3910 1298 3989 cogitare
1327 3912 1651 3993 quidpiam,
1676 3922 1890 3995 praeter
1912 3933 1981 3977 ea
1998 3934 2130 3996 quae
2154 3916 2327 3978 nobis
2409 3917 2445 3972 ἐς

2300 3935 2327 3978 s
2409 3916 2655 3983 ἐννοῆσαί
2713 3936 2789 3994 τι,
2822 3912 2966 3990 παρὰ
3014 3913 3077 3969 τὰ
3106 3911 3365 3995 θεωειᾷῶς
3407 3913 3439 3963 9
3467 3916 3601 3991 ἡμῖν
3650 3914 3711 3972 ἐκ
3739 3920 3844 3971 τῶν
3900 3918 4064 3993 ἱερῶν

673 3999 961 4063 divinitus
1006 3999 1195 4061 sacris
1222 4009 1362 4062 sunt
1415 4001 1668 4082 eloquiis
1719 4005 2046 4079 enuntiata,
2081 4024 2216 4067 nam
2260 4013 2327 4068 ut
2408 4006 2446 4064 λι

2292 4013 2327 4068 it
2408 4006 2603 4087 λογίων
2636 4002 3035 4083 ἐκπεφασμένα’
3095 4004 3185 4059 καὶ
3238 4004 3339 4083 γὰρ
3392 4006 3464 4067 ὡς
3517 4004 3651 4072 αὕτη
3700 4007 3818 4083 περὶ
3863 4005 4065 4072 ἑαυτῆς

670 4089 800 4171 ipsa
826 4090 901 4151 de
932 4109 996 4153 se
1026 4089 1168 4150 285
1196 4090 1258 4151 in
1291 4091 1477 4154 sacris
1509 4091 1722 4156 litteris
1765 4092 2024 4174 benigne
2059 4095 2322 4175 tradidit,
2410 4098 2443 4154 ἐ·

2296 4144 2322 4175 ,,
2410 4098 2465 4154 ἐν
2521 4108 2637 4159 τοῖς
2695 4094 2897 4172 λογίοις
2977 4092 3360 4171 ἀγαθοπρεπῶς
3417 4092 3809 4169 παραδέδωκεν,
3868 4096 3903 4162 ἡ
3959 4094 4069 4170 μὲν

671 4179 801 4258 ejus
830 4181 971 4261 quid
1001 4188 1077 4243 sit
1099 4181 1358 4245 scientia
1376 4191 1434 4244 et
1465 4183 2015 4265 contemplatio,est
2043 4184 2326 4247 omnibus
2408 4210 2441 4243 α

2298 4203 2326 4245 S
2408 4187 2572 4255 αὐτῆς
2621 4184 2648 4241 ὅ
2705 4206 2758 4241 τι
2809 4183 2940 4240 ποτέ
3000 4182 3140 4239 ἐστιν
3189 4182 3461 4259 ἐπιστήμη
3494 4185 3582 4241 καὶ
3625 4188 3836 4264 θεωρία,
3896 4189 4069 4241 πᾶσιν

669 4268 981 4333 inaccessa
1009 4270 1358 4335 substantiis
1397 4280 1679 4350 tanquam
1708 4274 1781 4334 ab
1815 4272 2095 4334 omnibus
2119 4292 2323 4354 super-
2405 4276 2439 4337 ἄ

2297 4296 2323 4320 ⁸-
2405 4274 2600 4340 ἀϐατὸς
2653 4274 2762 4331 ἐστι
2813 4286 2933 4337 τοῖς
2978 4272 3144 4347 οὖσιν,
3170 4274 3243 4336 ὡς
3298 4276 3510 4331 πάντων
3554 4275 3875 4355 ὑπερουσίως
3924 4272 4070 4341 ἔξη-

670 4360 1069 4423 essentialiter
1124 4370 1393 4442 excepta.
1440 4363 1655 4425 Multos
1722 4381 1961 4442 quoque
2014 4363 2323 4443 theologos
2406 4388 2443 4445 ρ·

2300 4382 2323 4425 s
2406 4364 2636 4445 ρημὲνη,
2701 4364 2799 4421 Καὶ
2831 4360 3063 4424 πολλοὺς
3119 4367 3221 4418 τῶν
3252 4361 3516 4441 θεολόγων
3562 4364 3801 4437 εδρήσεις
3854 4363 3915 4421 οὗ
3957 4364 4073 4439 μό-

668 4448 962 4531 invenias,
998 4470 1116 4513 non
1152 4452 1328 4514 modo
1382 4451 1568 4527 illam,
1604 4452 1766 4530 quod
1797 4451 1984 4513 visum
2047 4460 2313 4514 nostrum
2402 4480 2441 4511 νι

2297 4472 2313 4513 l
2402 4479 2490 4512 νον
2546 4457 2618 4519 ὡς
2665 4453 2887 4529 ἀόρατον
2943 4450 3106 4518 αὐτὴν
3160 4452 3249 4508 καὶ
3307 4451 3666 4529 ἀπερίληπτον
3723 4453 4070 4535 ὓμνηκότοις,

669 4546 1025 4619 captumque
1049 4539 1231 4619 fugiat
1253 4541 1523 4604 laudasse
1555 4561 1570 4618 ;
1602 4559 1803 4603 verum
1836 4542 2013 4603 etiam
2042 4542 2198 4620 quod
2226 4542 2315 4602 in-
2398 4544 2442 4601 ἀ]

2299 4577 2315 4588 -
2398 4544 2537 4602 ἀλλά
2592 4544 2679 4600 καὶ
2733 4539 3131 4620 ἀνεξερεύνητον
3187 4541 3299 4616 ἅμα
3354 4544 3440 4599 καὶ
3496 4540 3915 4623 ἀνεξιχνίαστον,
3984 4546 4072 4609 ὼς

671 4626 875 4706 dagari
932 4640 1189 4710 nequeat
1218 4640 1277 4694 et
1332 4631 1697 4712 investigari,
1732 4630 1898 4693 nullo
1930 4630 2159 4692 scilicet
2218 4652 2313 4694 ex.
2401 4637 2444 4693 oi

2302 4665 2313 4672 ξ
2401 4637 2494 4693 οὐκ
2546 4633 2696 4698 ὄντος
2728 4631 2922 4712 ἴχνους
2954 4628 3187 4710 οὒδενὸς,
3218 4636 3322 4687 τῶν
3373 4630 3459 4687 ἐπὶ
3501 4632 3600 4700 τὴν
3632 4633 3851 4713 κρυφίαν
3882 4635 4072 4701 αὐτῆς

671 4724 866 4781 stante
892 4720 1136 4800 vestigio
1166 4719 1328 4797 quod
1359 4720 1535 4783 ducat
1583 4719 1659 4782 ad
1690 4721 1819 4800 ejus
1850 4722 2312 4783 secretissimam
2402 4727 2444 4781 ἂι

2300 4739 2312 4782 Ι
2402 4725 2639 4803 ἀπειρίαν
2710 4720 3124 4795 διεληλοθοτων,
3178 4719 3251 4777 Οὐ
3325 4723 3434 4796 μὴν
3503 4722 3867 4790 ἀκοινώνητόν
3940 4721 4073 4782 ἐστι

669 4804 1045 4873 inﬁnitatem.
1100 4809 1217 4871 Sed
1248 4827 1450 4887 neque
1502 4818 1698 4871 tamen
1757 4826 1965 4871 eorum
1998 4827 2130 4889 qua:
2180 4823 2319 4872 sunt
2401 4836 2442 4869 κα

2301 4823 2319 4872 ι
2401 4813 2630 4871 καθόλου
2673 4812 2902 4889 τάγαθὸν
2963 4808 3133 4869 οὐδενὶ
3174 4830 3279 4881 των
3323 4810 3512 4887 ὄντιον,
3559 4810 3679 4869 ἀλλ’
3733 4810 3816 4890 ἐφ’
3860 4812 4074 4872 ἑαυτοῦ

673 4896 995 4977 quidquam
1040 4899 1169 4980 ejus
1200 4898 1444 4961 omnino
1475 4897 1618 4960 boni
1650 4916 1856 4962 exsors
1898 4899 2147 4980 exsistit,
2183 4900 2318 4980 quia
2401 4927 2446 4980 μ‹

2303 4919 2318 4962 ι
2401 4904 2638 4980 μονίμως
2683 4901 2782 4968 τὴν
2837 4899 3150 4979 ὑπερούσιον
3215 4897 3425 4976 ἶδρῦσαν
3491 4900 3684 4959 ἀκτῖνα
3734 4902 3861 4966 ταῖς
3915 4902 4076 4961 ἐκά-

670 4983 900 5072 radium
920 4986 1082 5046 illum
1108 4988 1715 5063 supersubstantialem
1748 4988 1856 5046 sibi
1890 4999 2319 5062 perseveranter
2402 5017 2443 5050 a~

2301 5005 2319 5048 Γ
2402 5015 2526 5050 στου
2579 4994 2682 5051 τῶν
2727 4990 2891 5048 ὄντων
2940 4988 3220 5068 ἀναλόγοις
3275 4987 3603 5066 ἐλλάμψεσιν
3661 4991 4074 5072 ἀγαθοπρεπῶς

672 5071 908 5133 insitum
944 5077 1179 5137 cuilibet
1229 5082 1310 5138 rei
1342 5079 1614 5151 congruis
1645 5078 2163 5139 illuminationibus
2199 5081 2315 5138 cie-
2337 5085 2445 5161 De:

2305 5084 2755 5163 -υέπιφαίνεται,
2802 5082 2888 5137 καὶ
2958 5080 3088 5159 πρὸς
3155 5080 3253 5146 τὴν
3325 5078 3543 5159 ἐφικτὴν
3614 5082 3773 5140 αὐτοῦ
3830 5085 4078 5159 θεωρίαν

672 5174 895 5223 menter
923 5174 1275 5240 attemperat,
1309 5183 1538 5227 necnon
1559 5168 1630 5226 ad
1650 5178 1922 5243 quantam
1953 5170 2037 5228 fas
2061 5179 2150 5228 est
2173 5185 2316 5228 con-
2396 5196 2445 5232 κε

2306 5202 2316 5215 ·
2396 5175 2483 5232 καὶ
2552 5172 2826 5231 κοινωνίαν
2903 5170 2990 5225 καὶ
3060 5169 3318 5246 ὁμοίωσιν
3394 5171 3648 5229 ἀνατείνει
3706 5173 3826 5239 τοὺς
3880 5173 4079 5252 ἱεροὺς

674 5256 1123 5338 templationem
1136 5278 1206 5323 ac
1231 5259 1715 5324 communionem
1736 5260 2312 5341 similitudinemque
2395 5263 2447 5322 vd

2307 5287 2312 5319 ι
2395 5263 2544 5344 νόας,
2576 5276 2695 5328 τοὺς
2752 5264 2825 5326 ὼς
2855 5261 3069 5337 θεμιτὸν
3123 5259 3264 5335 αὒτῷ
3312 5260 3399 5318 καὶ
3433 5262 3758 5341 ἱεροπρεπῶς
3820 5260 4080 5325 ἐπιϐάλ-

2006 5441 2265 5506 VARUE
2297 5440 2603 5507 LECTION
2613 5441 2721 5505 ES.

753 5573 782 5618 9
813 5598 900 5660 χρ,
936 5574 1233 5660 ἐιχνωσίαςἒ
1266 5578 1527 5660 ὅ-λόγων,
1556 5578 1664 5641 Ch.
1711 5580 1743 5628 ι
1771 5580 1899 5657 πρὸς
1929 5578 1984 5634 δὲ
2012 5579 2130 5653 τάς,
2167 5578 2233 5641 Ι),
2278 5581 2312 5631 5
2340 5581 2715 5658 ἀνακόπτεται,
2747 5576 2921 5660 M._S.
3021 5579 3261 5660 ἀπειρία,
3291 5577 3366 5643 Ν.
3401 5581 3478 5660 Si
3500 5580 3743 5659 ἀοριστία
3772 5582 3859 5660 καὶ
3893 5582 4085 5642 ἄπει-

673 5678 781 5737 ρια,
814 5657 884 5720 Ρ,
960 5658 989 5707 7
1014 5660 1166 5741 αὐτό,
1196 5656 1261 5723 S.
1294 5658 1360 5725 P.
1394 5656 1455 5723 ἐι
1482 5656 1617 5723 mox
1646 5660 1762 5741 περὶ
1809 5656 2018 5719 ἑαυτοῦ.
2090 5660 2123 5712 8
2151 5663 2411 5731 αἰσθητῶς
2442 5656 2799 5742 ἀποφήσοιτο,
2835 5656 2897 5722 S.
2960 5656 3414 5742 ἀποφοιτήσοιτο,
3445 5658 3514 5727 Ρ.
3571 5656 3620 5711 V9
3646 5659 3959 5744 θειοιιδῶς,
3999 5664 4083 5735 Β,
