  <div class='ocr_page' id='page_1' title='image "/cluster/home/n/w/nwhite01/storage/ocr_20150623/3/mdp.39015008855614/305.png"; bbox 0 0 4490 6164; ppageno 0'>
   <div class='ocr_carea' id='block_1_1' title="bbox 127 1895 240 2623">
    <p class='ocr_par' dir='ltr' id='par_1_1' title="bbox 127 1895 237 2447">
     <span class='ocr_line' id='line_1_1' title="bbox 127 1895 236 2109; baseline 0 -20"><span class='ocrx_word' id='word_1_1' title='bbox 127 1895 236 2109; x_wconf 60' lang='grc' dir='ltr'>ἒ</span> 
     </span>
     <span class='ocr_line' id='line_1_2' title="bbox 130 2090 237 2447; baseline 0 -172"><span class='ocrx_word' id='word_1_2' title='bbox 130 2090 237 2447; x_wconf 60' lang='grc' dir='ltr'>Ξ</span> 
     </span>
    </p>
   </div>
   <div class='ocr_carea' id='block_1_2' title="bbox 142 2624 217 2914">
    <p class='ocr_par' dir='ltr' id='par_1_2' title="bbox 142 2624 217 2709">
     <span class='ocr_line' id='line_1_3' title="bbox 142 2624 217 2709; baseline 0.053 -4"><span class='ocrx_word' id='word_1_3' title='bbox 142 2624 217 2709; x_wconf 72' lang='grc' dir='ltr'>(Ξ</span> 
     </span>
    </p>
   </div>
   <div class='ocr_carea' id='block_1_3' title="bbox 147 2902 213 2991">
    <p class='ocr_par' dir='ltr' id='par_1_3' title="bbox 147 2902 213 2991">
     <span class='ocr_line' id='line_1_4' title="bbox 147 2902 213 2915; baseline 0.015 -1"><span class='ocrx_word' id='word_1_4' title='bbox 147 2902 163 2914; x_wconf 71' lang='grc' dir='ltr'>ι</span> <span class='ocrx_word' id='word_1_5' title='bbox 188 2902 213 2915; x_wconf 63' lang='grc' dir='ltr'><strong><em>η</em></strong></span> 
     </span>
     <span class='ocr_line' id='line_1_5' title="bbox 147 2935 213 2959; baseline 0 -10"><span class='ocrx_word' id='word_1_6' title='bbox 147 2935 213 2959; x_wconf 52' lang='grc' dir='ltr'><strong>κει</strong></span> 
     </span>
     <span class='ocr_line' id='line_1_6' title="bbox 178 2960 213 2991; baseline 0 -8"><span class='ocrx_word' id='word_1_7' title='bbox 178 2960 213 2991; x_wconf 48' lang='grc' dir='ltr'><strong>..ᾖ</strong></span> 
     </span>
    </p>
   </div>
   <div class='ocr_carea' id='block_1_4' title="bbox 218 2722 240 2989">
    <p class='ocr_par' dir='ltr' id='par_1_4' title="bbox 218 2722 240 2989">
     <span class='ocr_line' id='line_1_7' title="bbox 218 2722 240 2743; baseline 0 0"><span class='ocrx_word' id='word_1_8' title='bbox 218 2722 240 2743; x_wconf 76' lang='grc' dir='ltr'><strong>ο</strong></span> 
     </span>
     <span class='ocr_line' id='line_1_8' title="bbox 218 2756 239 2777; baseline 0 0"><span class='ocrx_word' id='word_1_9' title='bbox 218 2756 239 2777; x_wconf 66' lang='grc' dir='ltr'><strong><em>η</em></strong></span> 
     </span>
     <span class='ocr_line' id='line_1_9' title="bbox 220 2803 239 2823; baseline 0 -2"><span class='ocrx_word' id='word_1_10' title='bbox 220 2803 239 2823; x_wconf 72' lang='grc' dir='ltr'><strong><em>ο</em></strong></span> 
     </span>
     <span class='ocr_line' id='line_1_10' title="bbox 218 2832 239 2859; baseline 0 0"><span class='ocrx_word' id='word_1_11' title='bbox 218 2832 239 2859; x_wconf 57' lang='grc'><strong>1</strong></span> 
     </span>
     <span class='ocr_line' id='line_1_11' title="bbox 218 2868 240 2889; baseline 0 0"><span class='ocrx_word' id='word_1_12' title='bbox 218 2868 240 2889; x_wconf 69' lang='grc' dir='ltr'><strong><em>ο</em></strong></span> 
     </span>
     <span class='ocr_line' id='line_1_12' title="bbox 223 2900 239 2923; baseline 0 0"><span class='ocrx_word' id='word_1_13' title='bbox 223 2900 239 2923; x_wconf 70' lang='grc' dir='ltr'><strong>ο</strong></span> 
     </span>
     <span class='ocr_line' id='line_1_13' title="bbox 222 2937 240 2957; baseline 0 0"><span class='ocrx_word' id='word_1_14' title='bbox 222 2937 240 2957; x_wconf 74' lang='grc' dir='ltr'><strong>ο</strong></span> 
     </span>
     <span class='ocr_line' id='line_1_14' title="bbox 224 2967 240 2989; baseline 0 0"><span class='ocrx_word' id='word_1_15' title='bbox 224 2967 240 2989; x_wconf 74' lang='grc'><strong>1</strong></span> 
     </span>
    </p>
   </div>
   <div class='ocr_carea' id='block_1_5' title="bbox 150 2998 242 3469">
    <p class='ocr_par' dir='ltr' id='par_1_5' title="bbox 150 2998 242 3469">
     <span class='ocr_line' id='line_1_15' title="bbox 150 2998 240 3021; baseline 0 0"><span class='ocrx_word' id='word_1_16' title='bbox 150 2998 163 3009; x_wconf 64' lang='grc' dir='ltr'><strong>ι</strong></span> <span class='ocrx_word' id='word_1_17' title='bbox 194 3000 240 3021; x_wconf 72' lang='grc' dir='ltr'><strong>Ἰ</strong></span> 
     </span>
     <span class='ocr_line' id='line_1_16' title="bbox 192 3084 241 3143; baseline 0 0"><span class='ocrx_word' id='word_1_18' title='bbox 192 3084 241 3143; x_wconf 52' lang='lat'><strong>&#39;1&quot;-</strong></span> 
     </span>
     <span class='ocr_line' id='line_1_17' title="bbox 222 3142 239 3161; baseline 0 0"><span class='ocrx_word' id='word_1_19' title='bbox 222 3142 239 3161; x_wconf 48' lang='grc' dir='ltr'><strong>ἢ</strong></span> 
     </span>
     <span class='ocr_line' id='line_1_18' title="bbox 156 3178 242 3203; baseline 0 -2"><span class='ocrx_word' id='word_1_20' title='bbox 156 3178 163 3189; x_wconf 55' lang='grc' dir='ltr'>δ</span> <span class='ocrx_word' id='word_1_21' title='bbox 188 3186 242 3203; x_wconf 52' lang='grc' dir='ltr'><em>ἡ.</em></span> 
     </span>
     <span class='ocr_line' id='line_1_19' title="bbox 154 3260 239 3363; baseline 0 -68"><span class='ocrx_word' id='word_1_22' title='bbox 154 3260 239 3363; x_wconf 60' lang='grc' dir='ltr'><strong>ἰ.</strong></span> 
     </span>
     <span class='ocr_line' id='line_1_20' title="bbox 158 3389 241 3469; baseline 0 -34"><span class='ocrx_word' id='word_1_23' title='bbox 158 3389 241 3469; x_wconf 63' lang='grc' dir='ltr'><strong>ξ’ςέ</strong></span> 
     </span>
    </p>
   </div>
   <div class='ocr_carea' id='block_1_6' title="bbox 224 3532 241 3703">
    <p class='ocr_par' dir='ltr' id='par_1_6' title="bbox 226 3636 241 3665">
     <span class='ocr_line' id='line_1_21' title="bbox 226 3636 241 3665; baseline 0 -5"><span class='ocrx_word' id='word_1_24' title='bbox 226 3636 241 3665; x_wconf 75' lang='grc'><strong>&gt;</strong></span> 
     </span>
    </p>
   </div>
   <div class='ocr_carea' id='block_1_7' title="bbox 162 3486 241 4109">
    <p class='ocr_par' dir='ltr' id='par_1_7' title="bbox 162 3486 241 4109">
     <span class='ocr_line' id='line_1_22' title="bbox 162 3486 241 3545; baseline 0.025 -2"><span class='ocrx_word' id='word_1_25' title='bbox 162 3486 241 3545; x_wconf 79' lang='lat'><strong>0:</strong></span> 
     </span>
     <span class='ocr_line' id='line_1_23' title="bbox 164 3562 237 3641; baseline 0 -32"><span class='ocrx_word' id='word_1_26' title='bbox 164 3562 237 3641; x_wconf 48' lang='grc' dir='ltr'><strong>μέ.</strong></span> 
     </span>
     <span class='ocr_line' id='line_1_24' title="bbox 163 3636 241 3705; baseline -0.026 0"><span class='ocrx_word' id='word_1_27' title='bbox 163 3636 241 3705; x_wconf 76' lang='lat'><strong>::.’</strong></span> 
     </span>
     <span class='ocr_line' id='line_1_25' title="bbox 166 3926 241 4013; baseline 0.027 -40"><span class='ocrx_word' id='word_1_28' title='bbox 166 3926 241 4013; x_wconf 66' lang='grc' dir='ltr'><strong>ιι,</strong></span> 
     </span>
     <span class='ocr_line' id='line_1_26' title="bbox 168 3993 239 4109; baseline -0.056 0"><span class='ocrx_word' id='word_1_29' title='bbox 168 3993 239 4109; x_wconf 80' lang='grc' dir='ltr'><strong>Ξε</strong></span> 
     </span>
    </p>
   </div>
   <div class='ocr_carea' id='block_1_8' title="bbox 640 364 4017 438">
    <p class='ocr_par' dir='ltr' id='par_1_8' title="bbox 640 364 4017 438">
     <span class='ocr_line' id='line_1_27' title="bbox 640 364 4017 438; baseline -0.002 -1"><span class='ocrx_word' id='word_1_30' title='bbox 640 371 759 438; x_wconf 89' lang='grc'><strong>595</strong></span> <span class='ocrx_word' id='word_1_31' title='bbox 1791 365 1851 429; x_wconf 90' lang='lat' dir='ltr'><strong>S.</strong></span> <span class='ocrx_word' id='word_1_32' title='bbox 1910 366 2251 430; x_wconf 86' lang='lat' dir='ltr'><strong>DIONYSII</strong></span> <span class='ocrx_word' id='word_1_33' title='bbox 2304 365 2836 431; x_wconf 61' lang='lat' dir='ltr'><strong>AREOPAGITfE.</strong></span> <span class='ocrx_word' id='word_1_34' title='bbox 3900 364 4017 431; x_wconf 62' lang='lat'><strong>5136</strong></span> 
     </span>
    </p>
   </div>
   <div class='ocr_carea' id='block_1_9' title="bbox 639 500 4016 586">
    <p class='ocr_par' dir='ltr' id='par_1_9' title="bbox 639 500 4016 586">
     <span class='ocr_line' id='line_1_28' title="bbox 639 500 4016 586; baseline -0.001 -17"><span class='ocrx_word' id='word_1_35' title='bbox 639 505 835 569; x_wconf 91' lang='lat' dir='ltr'><strong>danda</strong></span> <span class='ocrx_word' id='word_1_36' title='bbox 881 512 972 567; x_wconf 87' lang='lat' dir='ltr'><strong>est</strong></span> <span class='ocrx_word' id='word_1_37' title='bbox 1006 525 1022 574; x_wconf 85' lang='lat'><strong>;</strong></span> <span class='ocrx_word' id='word_1_38' title='bbox 1052 504 1189 586; x_wconf 83' lang='lat' dir='ltr'><strong>quia</strong></span> <span class='ocrx_word' id='word_1_39' title='bbox 1236 508 1295 565; x_wconf 90' lang='lat' dir='ltr'><strong>et</strong></span> <span class='ocrx_word' id='word_1_40' title='bbox 1319 503 1544 564; x_wconf 86' lang='lat' dir='ltr'><strong>circum</strong></span> <span class='ocrx_word' id='word_1_41' title='bbox 1574 500 1763 579; x_wconf 89' lang='lat' dir='ltr'>ipsam</span> <span class='ocrx_word' id='word_1_42' title='bbox 1796 510 1935 563; x_wconf 89' lang='lat' dir='ltr'><strong>sunt</strong></span> <span class='ocrx_word' id='word_1_43' title='bbox 1967 501 2188 578; x_wconf 87' lang='lat' dir='ltr'><strong>omnia,</strong></span> <span class='ocrx_word' id='word_1_44' title='bbox 2226 510 2288 565; x_wconf 90' lang='lat' dir='ltr'><strong>et</strong></span> <span class='ocrx_word' id='word_1_45' title='bbox 2345 513 2591 585; x_wconf 80' lang='lat' dir='ltr'><strong>propter</strong></span> <span class='ocrx_word' id='word_1_46' title='bbox 2619 504 2833 584; x_wconf 87' lang='lat' dir='ltr'><strong>ipsam,</strong></span> <span class='ocrx_word' id='word_1_47' title='bbox 2868 512 2926 566; x_wconf 93' lang='lat' dir='ltr'><strong>et</strong></span> <span class='ocrx_word' id='word_1_48' title='bbox 2953 509 3082 585; x_wconf 88' lang='lat' dir='ltr'><strong>ipsa</strong></span> <span class='ocrx_word' id='word_1_49' title='bbox 3132 512 3220 566; x_wconf 90' lang='lat' dir='ltr'><strong>est</strong></span> <span class='ocrx_word' id='word_1_50' title='bbox 3250 512 3383 566; x_wconf 85' lang='lat' dir='ltr'><strong>ante</strong></span> <span class='ocrx_word' id='word_1_51' title='bbox 3427 504 3648 581; x_wconf 88' lang='lat' dir='ltr'><strong>omnia,</strong></span> <span class='ocrx_word' id='word_1_52' title='bbox 3681 512 3740 567; x_wconf 95' lang='lat' dir='ltr'><strong>et</strong></span> <span class='ocrx_word' id='word_1_53' title='bbox 3768 503 3829 566; x_wconf 89' lang='lat' dir='ltr'><strong>in</strong></span> <span class='ocrx_word' id='word_1_54' title='bbox 3889 505 4016 584; x_wconf 89' lang='lat' dir='ltr'><strong>ipsa</strong></span> 
     </span>
    </p>
   </div>
   <div class='ocr_carea' id='block_1_10' title="bbox 638 592 4014 676">
    <p class='ocr_par' dir='ltr' id='par_1_10' title="bbox 638 592 4014 676">
     <span class='ocr_line' id='line_1_29' title="bbox 638 592 4014 676; baseline -0.001 -18"><span class='ocrx_word' id='word_1_55' title='bbox 638 595 837 658; x_wconf 86' lang='lat' dir='ltr'><strong>omnia</strong></span> <span class='ocrx_word' id='word_1_56' title='bbox 865 594 1218 668; x_wconf 75' lang='lat' dir='ltr'><strong>consistunt,</strong></span> <span class='ocrx_word' id='word_1_57' title='bbox 1244 602 1304 656; x_wconf 92' lang='lat' dir='ltr'><strong>et</strong></span> <span class='ocrx_word' id='word_1_58' title='bbox 1329 610 1461 654; x_wconf 89' lang='lat' dir='ltr'><strong>esse</strong></span> <span class='ocrx_word' id='word_1_59' title='bbox 1481 610 1609 652; x_wconf 91' lang='lat' dir='ltr'><strong>eam</strong></span> <span class='ocrx_word' id='word_1_60' title='bbox 1636 592 2154 672; x_wconf 83' lang='lat' dir='ltr'><strong>producitomnia,</strong></span> <span class='ocrx_word' id='word_1_61' title='bbox 2191 600 2249 654; x_wconf 89' lang='lat' dir='ltr'><strong>et</strong></span> <span class='ocrx_word' id='word_1_62' title='bbox 2277 592 2421 655; x_wconf 80' lang='lat' dir='ltr'><strong>facit</strong></span> <span class='ocrx_word' id='word_1_63' title='bbox 2449 603 2513 656; x_wconf 94' lang='lat' dir='ltr'><strong>ut</strong></span> <span class='ocrx_word' id='word_1_64' title='bbox 2542 596 2850 668; x_wconf 75' lang='lat' dir='ltr'><strong>exsistant,</strong></span> <span class='ocrx_word' id='word_1_65' title='bbox 2884 612 3134 676; x_wconf 79' lang='lat' dir='ltr'><strong>eamque</strong></span> <span class='ocrx_word' id='word_1_66' title='bbox 3165 596 3363 657; x_wconf 89' lang='lat' dir='ltr'><strong>omnia</strong></span> <span class='ocrx_word' id='word_1_67' title='bbox 3408 603 3690 676; x_wconf 89' lang='lat' dir='ltr'><strong>appetunt</strong></span> <span class='ocrx_word' id='word_1_68' title='bbox 3725 612 3742 670; x_wconf 87' lang='lat'><strong>;</strong></span> <span class='ocrx_word' id='word_1_69' title='bbox 3774 594 4014 675; x_wconf 85' lang='lat' dir='ltr'><strong>spirita-</strong></span> 
     </span>
    </p>
   </div>
   <div class='ocr_carea' id='block_1_11' title="bbox 637 678 4010 767">
    <p class='ocr_par' dir='ltr' id='par_1_11' title="bbox 637 678 4010 767">
     <span class='ocr_line' id='line_1_30' title="bbox 637 678 4010 767; baseline -0.001 -19"><span class='ocrx_word' id='word_1_70' title='bbox 637 678 715 749; x_wconf 82' lang='lat' dir='ltr'><strong>lia</strong></span> <span class='ocrx_word' id='word_1_71' title='bbox 741 684 980 767; x_wconf 87' lang='lat' dir='ltr'><strong>quidem</strong></span> <span class='ocrx_word' id='word_1_72' title='bbox 1010 702 1079 746; x_wconf 93' lang='lat' dir='ltr'><strong>ac</strong></span> <span class='ocrx_word' id='word_1_73' title='bbox 1107 682 1419 745; x_wconf 84' lang='lat' dir='ltr'><strong>rationalia</strong></span> <span class='ocrx_word' id='word_1_74' title='bbox 1448 682 1732 756; x_wconf 88' lang='lat' dir='ltr'><strong>scienter,</strong></span> <span class='ocrx_word' id='word_1_75' title='bbox 1766 680 1932 743; x_wconf 85' lang='lat' dir='ltr'><strong>hisce</strong></span> <span class='ocrx_word' id='word_1_76' title='bbox 1962 682 2273 761; x_wconf 87' lang='lat' dir='ltr'><strong>inferiora,</strong></span> <span class='ocrx_word' id='word_1_77' title='bbox 2310 684 2613 747; x_wconf 89' lang='lat' dir='ltr'><strong>sensiliter</strong></span> <span class='ocrx_word' id='word_1_78' title='bbox 2648 706 2664 763; x_wconf 87' lang='lat'><strong>;</strong></span> <span class='ocrx_word' id='word_1_79' title='bbox 2696 693 2908 747; x_wconf 81' lang='lat' dir='ltr'><strong>caetera</strong></span> <span class='ocrx_word' id='word_1_80' title='bbox 2941 703 3085 748; x_wconf 87' lang='lat' dir='ltr'><strong>vero</strong></span> <span class='ocrx_word' id='word_1_81' title='bbox 3114 684 3204 749; x_wconf 90' lang='lat' dir='ltr'><strong>vel</strong></span> <span class='ocrx_word' id='word_1_82' title='bbox 3238 702 3344 766; x_wconf 92' lang='lat' dir='ltr'><strong>per</strong></span> <span class='ocrx_word' id='word_1_83' title='bbox 3378 692 3599 747; x_wconf 89' lang='lat' dir='ltr'><strong>motum</strong></span> <span class='ocrx_word' id='word_1_84' title='bbox 3634 684 3892 762; x_wconf 87' lang='lat' dir='ltr'><strong>vitalem,</strong></span> <span class='ocrx_word' id='word_1_85' title='bbox 3919 684 4010 746; x_wconf 90' lang='lat' dir='ltr'><strong>vel</strong></span> 
     </span>
    </p>
   </div>
   <div class='ocr_carea' id='block_1_12' title="bbox 637 770 2199 854">
    <p class='ocr_par' dir='ltr' id='par_1_12' title="bbox 637 770 2199 854">
     <span class='ocr_line' id='line_1_31' title="bbox 637 770 2199 854; baseline -0.003 -14"><span class='ocrx_word' id='word_1_86' title='bbox 637 774 1115 854; x_wconf 89' lang='lat' dir='ltr'><strong>substantialem,</strong></span> <span class='ocrx_word' id='word_1_87' title='bbox 1150 772 1244 836; x_wconf 88' lang='lat' dir='ltr'><strong>vel</strong></span> <span class='ocrx_word' id='word_1_88' title='bbox 1276 770 1750 834; x_wconf 89' lang='lat' dir='ltr'><strong>habitudinalem</strong></span> <span class='ocrx_word' id='word_1_89' title='bbox 1784 771 2199 852; x_wconf 87' lang='lat' dir='ltr'><strong>aptitudinem.</strong></span> 
     </span>
    </p>
   </div>
   <div class='ocr_carea' id='block_1_13' title="bbox 2258 875 2428 955">
    <p class='ocr_par' dir='ltr' id='par_1_13' title="bbox 2258 875 2428 955">
     <span class='ocr_line' id='line_1_32' title="bbox 2258 875 2428 955; baseline 0.006 -17"><span class='ocrx_word' id='word_1_90' title='bbox 2258 875 2428 955; x_wconf 84' lang='lat' dir='ltr'><strong>§VI.</strong></span> 
     </span>
    </p>
   </div>
   <div class='ocr_carea' id='block_1_14' title="bbox 718 1009 2491 1098">
    <p class='ocr_par' dir='ltr' id='par_1_14' title="bbox 718 1009 2488 1092">
     <span class='ocr_line' id='line_1_33' title="bbox 718 1009 2488 1092; baseline -0.002 -16"><span class='ocrx_word' id='word_1_91' title='bbox 718 1016 844 1076; x_wconf 87' lang='lat' dir='ltr'><strong>Hoc</strong></span> <span class='ocrx_word' id='word_1_92' title='bbox 877 1014 1059 1092; x_wconf 84' lang='lat' dir='ltr'><strong>igitur</strong></span> <span class='ocrx_word' id='word_1_93' title='bbox 1087 1030 1224 1076; x_wconf 89' lang='lat' dir='ltr'><strong>cum</strong></span> <span class='ocrx_word' id='word_1_94' title='bbox 1255 1012 1481 1074; x_wconf 82' lang='lat' dir='ltr'><strong>scirent</strong></span> <span class='ocrx_word' id='word_1_95' title='bbox 1507 1009 1789 1089; x_wconf 83' lang='lat' dir='ltr'><strong>theologi,</strong></span> <span class='ocrx_word' id='word_1_96' title='bbox 1822 1011 2012 1073; x_wconf 91' lang='lat' dir='ltr'><strong>Deum</strong></span> <span class='ocrx_word' id='word_1_97' title='bbox 2047 1010 2345 1072; x_wconf 81' lang='lat' dir='ltr'><strong>laudantA</strong></span> <span class='ocrx_word' id='word_1_98' title='bbox 2449 1024 2488 1072; x_wconf 88' lang='lat' dir='ltr'>T</span> 
     </span>
    </p>
   </div>
   <div class='ocr_carea' id='block_1_15' title="bbox 2241 1009 4014 1098">
    <p class='ocr_par' dir='ltr' id='par_1_15' title="bbox 2241 1016 4014 1098">
     <span class='ocr_line' id='line_1_34' title="bbox 2241 1016 4014 1098; baseline 0.001 -27"><span class='ocrx_word' id='word_1_99' title='bbox 2241 1016 2345 1071; x_wconf 77' lang='grc' dir='ltr'>ιιΑ</span> <span class='ocrx_word' id='word_1_100' title='bbox 2449 1021 2612 1073; x_wconf 79' lang='grc' dir='ltr'>Τοῦτο</span> <span class='ocrx_word' id='word_1_101' title='bbox 2660 1023 2783 1095; x_wconf 74' lang='grc' dir='ltr'>γοῦν</span> <span class='ocrx_word' id='word_1_102' title='bbox 2843 1016 3034 1082; x_wconf 75' lang='grc' dir='ltr'>εἶδότες</span> <span class='ocrx_word' id='word_1_103' title='bbox 3092 1023 3137 1075; x_wconf 86' lang='grc' dir='ltr'>οἱ</span> <span class='ocrx_word' id='word_1_104' title='bbox 3179 1019 3440 1098; x_wconf 82' lang='grc' dir='ltr'>θεολογόι,</span> <span class='ocrx_word' id='word_1_105' title='bbox 3474 1019 3562 1076; x_wconf 81' lang='grc' dir='ltr'><strong>καὶ</strong></span> <span class='ocrx_word' id='word_1_106' title='bbox 3616 1021 3689 1082; x_wconf 84' lang='grc' dir='ltr'>ὡς</span> <span class='ocrx_word' id='word_1_107' title='bbox 3738 1018 4014 1093; x_wconf 79' lang='grc' dir='ltr'><strong>ἀνώνυμον</strong></span> 
     </span>
    </p>
   </div>
   <div class='ocr_carea' id='block_1_16' title="bbox 639 1099 2412 1186">
    <p class='ocr_par' dir='ltr' id='par_1_16' title="bbox 639 1099 2412 1186">
     <span class='ocr_line' id='line_1_35' title="bbox 639 1099 2412 1186; baseline -0.006 -18"><span class='ocrx_word' id='word_1_108' title='bbox 639 1112 699 1168; x_wconf 91' lang='lat' dir='ltr'><strong>et</strong></span> <span class='ocrx_word' id='word_1_109' title='bbox 720 1112 1007 1186; x_wconf 88' lang='lat' dir='ltr'><strong>tanquam</strong></span> <span class='ocrx_word' id='word_1_110' title='bbox 1031 1102 1273 1164; x_wconf 89' lang='lat' dir='ltr'><strong>nomine</strong></span> <span class='ocrx_word' id='word_1_111' title='bbox 1309 1108 1702 1177; x_wconf 85' lang='lat' dir='ltr'><strong>carentem,et</strong></span> <span class='ocrx_word' id='word_1_112' title='bbox 1723 1100 1797 1162; x_wconf 88' lang='lat' dir='ltr'><strong>ab</strong></span> <span class='ocrx_word' id='word_1_113' title='bbox 1827 1100 1990 1162; x_wconf 90' lang='lat' dir='ltr'><strong>omni</strong></span> <span class='ocrx_word' id='word_1_114' title='bbox 2014 1099 2279 1162; x_wconf 86' lang='lat' dir='ltr'><strong>nomine.</strong></span> <span class='ocrx_word' id='word_1_115' title='bbox 2366 1104 2412 1158; x_wconf 76' lang='grc' dir='ltr'>αἰ</span> 
     </span>
    </p>
   </div>
   <div class='ocr_carea' id='block_1_17' title="bbox 2243 1099 4016 1186">
    <p class='ocr_par' dir='ltr' id='par_1_17' title="bbox 2243 1104 4016 1183">
     <span class='ocr_line' id='line_1_36' title="bbox 2243 1104 4016 1183; baseline 0 -22"><span class='ocrx_word' id='word_1_116' title='bbox 2243 1119 2279 1162; x_wconf 71' lang='lat'><strong>3.</strong></span> <span class='ocrx_word' id='word_1_117' title='bbox 2366 1104 2529 1171; x_wconf 75' lang='grc' dir='ltr'>αὑτὴν</span> <span class='ocrx_word' id='word_1_118' title='bbox 2576 1106 2814 1180; x_wconf 78' lang='grc' dir='ltr'><strong>ὑμνοῦσι,</strong></span> <span class='ocrx_word' id='word_1_119' title='bbox 2860 1110 2947 1164; x_wconf 77' lang='grc' dir='ltr'>καὶ</span> <span class='ocrx_word' id='word_1_120' title='bbox 3004 1107 3063 1165; x_wconf 79' lang='grc' dir='ltr'>ἐκ</span> <span class='ocrx_word' id='word_1_121' title='bbox 3126 1112 3317 1175; x_wconf 82' lang='grc' dir='ltr'>παντὸς</span> <span class='ocrx_word' id='word_1_122' title='bbox 3373 1110 3652 1183; x_wconf 79' lang='grc' dir='ltr'>ὀνόματος.</span> <span class='ocrx_word' id='word_1_123' title='bbox 3712 1106 4016 1183; x_wconf 80' lang='grc' dir='ltr'>Ἀνώνομον</span> 
     </span>
    </p>
   </div>
   <div class='ocr_carea' id='block_1_18' title="bbox 637 1189 2285 1272">
    <p class='ocr_par' dir='ltr' id='par_1_18' title="bbox 637 1189 2285 1272">
     <span class='ocr_line' id='line_1_37' title="bbox 637 1189 2285 1272; baseline -0.005 -13"><span class='ocrx_word' id='word_1_124' title='bbox 637 1195 943 1272; x_wconf 84' lang='lat' dir='ltr'><strong>Tanquam</strong></span> <span class='ocrx_word' id='word_1_125' title='bbox 976 1197 1218 1254; x_wconf 90' lang='lat' dir='ltr'><strong>nomine</strong></span> <span class='ocrx_word' id='word_1_126' title='bbox 1258 1200 1592 1271; x_wconf 86' lang='lat' dir='ltr'><strong>carentem,</strong></span> <span class='ocrx_word' id='word_1_127' title='bbox 1619 1200 1683 1252; x_wconf 90' lang='lat' dir='ltr'><strong>ut</strong></span> <span class='ocrx_word' id='word_1_128' title='bbox 1712 1209 1844 1253; x_wconf 90' lang='lat' dir='ltr'><strong>cum</strong></span> <span class='ocrx_word' id='word_1_129' title='bbox 1878 1190 2063 1271; x_wconf 91' lang='lat' dir='ltr'><strong>aiunt,</strong></span> <span class='ocrx_word' id='word_1_130' title='bbox 2096 1189 2285 1252; x_wconf 91' lang='lat' dir='ltr'><strong>Deum</strong></span> 
     </span>
    </p>
   </div>
   <div class='ocr_carea' id='block_1_19' title="bbox 636 1278 2285 1363">
    <p class='ocr_par' dir='ltr' id='par_1_19' title="bbox 636 1278 2285 1363">
     <span class='ocr_line' id='line_1_38' title="bbox 636 1278 2285 1363; baseline -0.004 -16"><span class='ocrx_word' id='word_1_131' title='bbox 636 1285 832 1363; x_wconf 90' lang='lat' dir='ltr'><strong>ipsum</strong></span> <span class='ocrx_word' id='word_1_132' title='bbox 856 1282 918 1345; x_wconf 92' lang='lat' dir='ltr'><strong>in</strong></span> <span class='ocrx_word' id='word_1_133' title='bbox 949 1300 1065 1344; x_wconf 89' lang='lat' dir='ltr'><strong>una</strong></span> <span class='ocrx_word' id='word_1_134' title='bbox 1082 1300 1152 1344; x_wconf 82' lang='lat' dir='ltr'><strong>ex</strong></span> <span class='ocrx_word' id='word_1_135' title='bbox 1180 1280 1435 1363; x_wconf 78' lang='lat' dir='ltr'><strong>mysticis</strong></span> <span class='ocrx_word' id='word_1_136' title='bbox 1459 1278 1790 1342; x_wconf 82' lang='lat' dir='ltr'><strong>visionibus</strong></span> <span class='ocrx_word' id='word_1_137' title='bbox 1807 1278 2146 1359; x_wconf 68' lang='lat' dir='ltr'><strong>symbolicaa</strong></span> <span class='ocrx_word' id='word_1_138' title='bbox 2174 1299 2285 1361; x_wconf 89' lang='lat' dir='ltr'><strong>ap-</strong></span> 
     </span>
    </p>
   </div>
   <div class='ocr_carea' id='block_1_20' title="bbox 639 1368 2289 1455">
    <p class='ocr_par' dir='ltr' id='par_1_20' title="bbox 639 1368 2289 1455">
     <span class='ocr_line' id='line_1_39' title="bbox 639 1368 2289 1455; baseline -0.004 -19"><span class='ocrx_word' id='word_1_139' title='bbox 639 1372 948 1455; x_wconf 88' lang='lat' dir='ltr'><strong>paritionis</strong></span> <span class='ocrx_word' id='word_1_140' title='bbox 984 1371 1090 1435; x_wconf 91' lang='lat' dir='ltr'><strong>Dei</strong></span> <span class='ocrx_word' id='word_1_141' title='bbox 1122 1373 1463 1451; x_wconf 87' lang='lat' dir='ltr'><strong>increpasse</strong></span> <span class='ocrx_word' id='word_1_142' title='bbox 1494 1388 1630 1432; x_wconf 89' lang='lat' dir='ltr'><strong>eum</strong></span> <span class='ocrx_word' id='word_1_143' title='bbox 1664 1369 1771 1447; x_wconf 89' lang='lat' dir='ltr'><strong>qui</strong></span> <span class='ocrx_word' id='word_1_144' title='bbox 1801 1369 2027 1430; x_wconf 81' lang='lat' dir='ltr'><strong>dixerat</strong></span> <span class='ocrx_word' id='word_1_145' title='bbox 2063 1389 2077 1430; x_wconf 90' lang='lat'><strong>:</strong></span> <span class='ocrx_word' id='word_1_146' title='bbox 2111 1368 2289 1445; x_wconf 79' lang='lat' dir='ltr'><strong>Quod</strong></span> 
     </span>
    </p>
   </div>
   <div class='ocr_carea' id='block_1_21' title="bbox 637 1458 2286 1537">
    <p class='ocr_par' dir='ltr' id='par_1_21' title="bbox 637 1458 2286 1537">
     <span class='ocr_line' id='line_1_40' title="bbox 637 1458 2286 1537; baseline -0.004 -11"><span class='ocrx_word' id='word_1_147' title='bbox 637 1469 723 1527; x_wconf 75' lang='lat' dir='ltr'><strong>est</strong></span> <span class='ocrx_word' id='word_1_148' title='bbox 743 1479 965 1526; x_wconf 84' lang='lat' dir='ltr'><strong>nomen</strong></span> <span class='ocrx_word' id='word_1_149' title='bbox 985 1468 1155 1525; x_wconf 80' lang='lat' dir='ltr'><strong>tuum</strong></span> <span class='ocrx_word' id='word_1_150' title='bbox 1177 1459 1221 1521; x_wconf 65' lang='grc' dir='ltr'><strong>εἳ</strong></span> <span class='ocrx_word' id='word_1_151' title='bbox 1243 1468 1303 1523; x_wconf 87' lang='lat' dir='ltr'><strong>et</strong></span> <span class='ocrx_word' id='word_1_152' title='bbox 1334 1468 1612 1537; x_wconf 87' lang='lat' dir='ltr'><strong>tanquam</strong></span> <span class='ocrx_word' id='word_1_153' title='bbox 1641 1460 1719 1523; x_wconf 90' lang='lat' dir='ltr'><strong>ab</strong></span> <span class='ocrx_word' id='word_1_154' title='bbox 1750 1459 1913 1520; x_wconf 93' lang='lat' dir='ltr'><strong>omni</strong></span> <span class='ocrx_word' id='word_1_155' title='bbox 1940 1458 2139 1521; x_wconf 88' lang='lat' dir='ltr'><strong>divino</strong></span> <span class='ocrx_word' id='word_1_156' title='bbox 2174 1476 2286 1519; x_wconf 86' lang='lat' dir='ltr'><strong>no-</strong></span> 
     </span>
    </p>
   </div>
   <div class='ocr_carea' id='block_1_22' title="bbox 640 1548 2291 1631">
    <p class='ocr_par' dir='ltr' id='par_1_22' title="bbox 640 1548 2291 1631">
     <span class='ocr_line' id='line_1_41' title="bbox 640 1548 2291 1631; baseline -0.002 -17"><span class='ocrx_word' id='word_1_157' title='bbox 640 1552 802 1615; x_wconf 87' lang='lat' dir='ltr'><strong>mine</strong></span> <span class='ocrx_word' id='word_1_158' title='bbox 830 1550 1257 1631; x_wconf 88' lang='lat' dir='ltr'><strong>abducentem,</strong></span> <span class='ocrx_word' id='word_1_159' title='bbox 1287 1549 1511 1612; x_wconf 85' lang='lat' dir='ltr'><strong>dixisse</strong></span> <span class='ocrx_word' id='word_1_160' title='bbox 1545 1568 1559 1612; x_wconf 88' lang='lat'><strong>:</strong></span> <span class='ocrx_word' id='word_1_161' title='bbox 1598 1548 1808 1625; x_wconf 82' lang='lat' dir='ltr'><strong>Quare</strong></span> <span class='ocrx_word' id='word_1_162' title='bbox 1835 1552 2184 1629; x_wconf 73' lang='lat' dir='ltr'><strong>interrogas</strong></span> <span class='ocrx_word' id='word_1_163' title='bbox 2216 1548 2291 1610; x_wconf 87' lang='lat' dir='ltr'><strong>de</strong></span> 
     </span>
    </p>
   </div>
   <div class='ocr_carea' id='block_1_23' title="bbox 638 1638 2293 1705">
    <p class='ocr_par' dir='ltr' id='par_1_23' title="bbox 638 1638 2293 1705">
     <span class='ocr_line' id='line_1_42' title="bbox 638 1638 2293 1705; baseline -0.003 -2"><span class='ocrx_word' id='word_1_164' title='bbox 638 1660 770 1705; x_wconf 81' lang='lat' dir='ltr'><strong>meo</strong></span> <span class='ocrx_word' id='word_1_165' title='bbox 819 1642 1106 1703; x_wconf 82' lang='lat' dir='ltr'><strong>nomine?</strong></span> <span class='ocrx_word' id='word_1_166' title='bbox 1135 1648 1193 1702; x_wconf 80' lang='lat' dir='ltr'><strong>et</strong></span> <span class='ocrx_word' id='word_1_167' title='bbox 1234 1640 1343 1702; x_wconf 87' lang='lat' dir='ltr'><strong>hoc</strong></span> <span class='ocrx_word' id='word_1_168' title='bbox 1372 1648 1455 1701; x_wconf 84' lang='lat' dir='ltr'><strong>est</strong></span> <span class='ocrx_word' id='word_1_169' title='bbox 1486 1638 1849 1701; x_wconf 80' lang='lat' dir='ltr'><strong>admirabile</strong></span> <span class='ocrx_word' id='word_1_170' title='bbox 1876 1650 1923 1701; x_wconf 83' lang='grc' dir='ltr'><strong>ιι.</strong></span> <span class='ocrx_word' id='word_1_171' title='bbox 1957 1638 2170 1701; x_wconf 83' lang='lat' dir='ltr'><strong>Annon</strong></span> <span class='ocrx_word' id='word_1_172' title='bbox 2202 1645 2293 1699; x_wconf 91' lang='lat' dir='ltr'><strong>est</strong></span> 
     </span>
    </p>
   </div>
   <div class='ocr_carea' id='block_1_24' title="bbox 637 1728 2294 1808">
    <p class='ocr_par' dir='ltr' id='par_1_24' title="bbox 637 1728 2294 1808">
     <span class='ocr_line' id='line_1_43' title="bbox 637 1728 2294 1808; baseline -0.003 -15"><span class='ocrx_word' id='word_1_173' title='bbox 637 1732 754 1793; x_wconf 87' lang='lat' dir='ltr'><strong>hoc</strong></span> <span class='ocrx_word' id='word_1_174' title='bbox 776 1749 913 1794; x_wconf 85' lang='lat' dir='ltr'><strong>vere</strong></span> <span class='ocrx_word' id='word_1_175' title='bbox 935 1747 1153 1792; x_wconf 91' lang='lat' dir='ltr'><strong>nomen</strong></span> <span class='ocrx_word' id='word_1_176' title='bbox 1182 1728 1559 1795; x_wconf 84' lang='lat' dir='ltr'><strong>admirabile.</strong></span> <span class='ocrx_word' id='word_1_177' title='bbox 1589 1729 1748 1807; x_wconf 81' lang='lat' dir='ltr'><strong>quod</strong></span> <span class='ocrx_word' id='word_1_178' title='bbox 1781 1735 1874 1790; x_wconf 90' lang='lat' dir='ltr'><strong>est</strong></span> <span class='ocrx_word' id='word_1_179' title='bbox 1904 1746 2084 1808; x_wconf 88' lang='lat' dir='ltr'><strong>supra</strong></span> <span class='ocrx_word' id='word_1_180' title='bbox 2114 1744 2294 1789; x_wconf 88' lang='lat' dir='ltr'><strong>omne</strong></span> 
     </span>
    </p>
   </div>
   <div class='ocr_carea' id='block_1_25' title="bbox 638 1817 2291 1900">
    <p class='ocr_par' dir='ltr' id='par_1_25' title="bbox 638 1817 2291 1900">
     <span class='ocr_line' id='line_1_44' title="bbox 638 1817 2291 1900; baseline -0.002 -18"><span class='ocrx_word' id='word_1_181' title='bbox 638 1822 779 1884; x_wconf 76' lang='lat'><strong>989</strong></span> <span class='ocrx_word' id='word_1_182' title='bbox 806 1838 1049 1900; x_wconf 86' lang='lat' dir='ltr'><strong>nomen,</strong></span> <span class='ocrx_word' id='word_1_183' title='bbox 1075 1820 1230 1900; x_wconf 91' lang='lat' dir='ltr'><strong>quod</strong></span> <span class='ocrx_word' id='word_1_184' title='bbox 1254 1826 1417 1881; x_wconf 91' lang='lat' dir='ltr'><strong>caret</strong></span> <span class='ocrx_word' id='word_1_185' title='bbox 1444 1818 1707 1897; x_wconf 87' lang='lat' dir='ltr'><strong>nomine,</strong></span> <span class='ocrx_word' id='word_1_186' title='bbox 1735 1817 1892 1898; x_wconf 85' lang='lat' dir='ltr'><strong>quod</strong></span> <span class='ocrx_word' id='word_1_187' title='bbox 1916 1825 2005 1879; x_wconf 91' lang='lat' dir='ltr'><strong>est</strong></span> <span class='ocrx_word' id='word_1_188' title='bbox 2026 1817 2291 1879; x_wconf 89' lang='lat' dir='ltr'><strong>colloca-</strong></span> 
     </span>
    </p>
   </div>
   <div class='ocr_carea' id='block_1_26' title="bbox 640 1908 2292 1991">
    <p class='ocr_par' dir='ltr' id='par_1_26' title="bbox 640 1908 2292 1991">
     <span class='ocr_line' id='line_1_45' title="bbox 640 1908 2292 1991; baseline -0.002 -18"><span class='ocrx_word' id='word_1_189' title='bbox 640 1920 763 1974; x_wconf 87' lang='lat' dir='ltr'><strong>tum</strong></span> <span class='ocrx_word' id='word_1_190' title='bbox 787 1928 972 1991; x_wconf 87' lang='lat' dir='ltr'><strong>super</strong></span> <span class='ocrx_word' id='word_1_191' title='bbox 994 1928 1168 1973; x_wconf 79' lang='lat' dir='ltr'><strong>omne</strong></span> <span class='ocrx_word' id='word_1_192' title='bbox 1195 1927 1436 1983; x_wconf 76' lang='lat' dir='ltr'><strong>nomen,</strong></span> <span class='ocrx_word' id='word_1_193' title='bbox 1472 1908 1632 1988; x_wconf 86' lang='lat' dir='ltr'><strong>quod</strong></span> <span class='ocrx_word' id='word_1_194' title='bbox 1666 1910 2037 1983; x_wconf 76' lang='lat' dir='ltr'><strong>nominatur,</strong></span> <span class='ocrx_word' id='word_1_195' title='bbox 2071 1910 2198 1969; x_wconf 80' lang='lat' dir='ltr'><strong>sive</strong></span> <span class='ocrx_word' id='word_1_196' title='bbox 2226 1914 2292 1970; x_wconf 75' lang='lat' dir='ltr'><strong>in</strong></span> 
     </span>
    </p>
   </div>
   <div class='ocr_carea' id='block_1_27' title="bbox 638 1997 2294 2080">
    <p class='ocr_par' dir='ltr' id='par_1_27' title="bbox 638 1997 2294 2080">
     <span class='ocr_line' id='line_1_46' title="bbox 638 1997 2294 2080; baseline -0.003 -16"><span class='ocrx_word' id='word_1_197' title='bbox 638 2000 1150 2080; x_wconf 73' lang='lat' dir='ltr'><strong>hoosaeculo,sive</strong></span> <span class='ocrx_word' id='word_1_198' title='bbox 1178 2001 1241 2061; x_wconf 79' lang='lat' dir='ltr'><strong>in</strong></span> <span class='ocrx_word' id='word_1_199' title='bbox 1263 2001 1475 2077; x_wconf 79' lang='lat' dir='ltr'><strong>futuro</strong></span> <span class='ocrx_word' id='word_1_200' title='bbox 1507 1997 1565 2058; x_wconf 84' lang='lat'><strong>&#39;?</strong></span> <span class='ocrx_word' id='word_1_201' title='bbox 1596 1997 1913 2059; x_wconf 88' lang='lat' dir='ltr'><strong>Mullorum</strong></span> <span class='ocrx_word' id='word_1_202' title='bbox 1945 2015 2080 2058; x_wconf 87' lang='lat' dir='ltr'><strong>vero</strong></span> <span class='ocrx_word' id='word_1_203' title='bbox 2102 1997 2294 2059; x_wconf 89' lang='lat' dir='ltr'><strong>nomi-</strong></span> 
     </span>
    </p>
   </div>
   <div class='ocr_carea' id='block_1_28' title="bbox 639 2087 2291 2167">
    <p class='ocr_par' dir='ltr' id='par_1_28' title="bbox 639 2087 2291 2167">
     <span class='ocr_line' id='line_1_47' title="bbox 639 2087 2291 2167; baseline -0.004 -13"><span class='ocrx_word' id='word_1_204' title='bbox 639 2111 784 2154; x_wconf 90' lang='lat' dir='ltr'><strong>num</strong></span> <span class='ocrx_word' id='word_1_205' title='bbox 806 2089 1059 2163; x_wconf 81' lang='lat' dir='ltr'><strong>iaciunt,</strong></span> <span class='ocrx_word' id='word_1_206' title='bbox 1083 2095 1147 2150; x_wconf 88' lang='lat' dir='ltr'><strong>ut</strong></span> <span class='ocrx_word' id='word_1_207' title='bbox 1176 2107 1309 2150; x_wconf 91' lang='lat' dir='ltr'><strong>cum</strong></span> <span class='ocrx_word' id='word_1_208' title='bbox 1346 2088 1540 2167; x_wconf 88' lang='lat' dir='ltr'><strong>ipsum</strong></span> <span class='ocrx_word' id='word_1_209' title='bbox 1568 2089 1754 2150; x_wconf 90' lang='lat' dir='ltr'><strong>Deum</strong></span> <span class='ocrx_word' id='word_1_210' title='bbox 1787 2087 2171 2148; x_wconf 88' lang='lat' dir='ltr'><strong>introducunt</strong></span> <span class='ocrx_word' id='word_1_211' title='bbox 2194 2088 2291 2148; x_wconf 86' lang='lat' dir='ltr'><strong>di-</strong></span> 
     </span>
    </p>
   </div>
   <div class='ocr_carea' id='block_1_29' title="bbox 640 2176 2287 2258">
    <p class='ocr_par' dir='ltr' id='par_1_29' title="bbox 640 2176 2287 2258">
     <span class='ocr_line' id='line_1_48' title="bbox 640 2176 2287 2258; baseline -0.004 -13"><span class='ocrx_word' id='word_1_212' title='bbox 640 2189 873 2245; x_wconf 90' lang='lat' dir='ltr'><strong>centem</strong></span> <span class='ocrx_word' id='word_1_213' title='bbox 905 2200 918 2242; x_wconf 91' lang='lat'><strong>:</strong></span> <span class='ocrx_word' id='word_1_214' title='bbox 954 2178 1092 2258; x_wconf 84' lang='lat' dir='ltr'><strong>Ego</strong></span> <span class='ocrx_word' id='word_1_215' title='bbox 1124 2197 1257 2241; x_wconf 78' lang='lat' dir='ltr'><strong>sum</strong></span> <span class='ocrx_word' id='word_1_216' title='bbox 1284 2180 1392 2257; x_wconf 85' lang='lat' dir='ltr'><strong>qui</strong></span> <span class='ocrx_word' id='word_1_217' title='bbox 1412 2194 1548 2239; x_wconf 85' lang='lat' dir='ltr'><strong>sum</strong></span> <span class='ocrx_word' id='word_1_218' title='bbox 1582 2187 1629 2258; x_wconf 77' lang='grc' dir='ltr'>ι,</span> <span class='ocrx_word' id='word_1_219' title='bbox 1654 2177 1797 2251; x_wconf 88' lang='lat' dir='ltr'><strong>vita,</strong></span> <span class='ocrx_word' id='word_1_220' title='bbox 1832 2178 1953 2257; x_wconf 85' lang='lat' dir='ltr'><strong>lux,</strong></span> <span class='ocrx_word' id='word_1_221' title='bbox 1978 2176 2157 2258; x_wconf 87' lang='lat' dir='ltr'><strong>Deus,</strong></span> <span class='ocrx_word' id='word_1_222' title='bbox 2189 2196 2287 2239; x_wconf 88' lang='lat' dir='ltr'><strong>ve-</strong></span> 
     </span>
    </p>
   </div>
   <div class='ocr_carea' id='block_1_30' title="bbox 641 2266 2347 2352">
    <p class='ocr_par' dir='ltr' id='par_1_30' title="bbox 641 2266 2347 2352">
     <span class='ocr_line' id='line_1_49' title="bbox 641 2266 2347 2352; baseline -0.003 -18"><span class='ocrx_word' id='word_1_223' title='bbox 641 2272 783 2334; x_wconf 76' lang='lat' dir='ltr'><strong>ritas</strong></span> <span class='ocrx_word' id='word_1_224' title='bbox 807 2293 823 2348; x_wconf 86' lang='lat'><strong>;</strong></span> <span class='ocrx_word' id='word_1_225' title='bbox 850 2278 908 2332; x_wconf 89' lang='lat' dir='ltr'><strong>et</strong></span> <span class='ocrx_word' id='word_1_226' title='bbox 940 2287 1075 2331; x_wconf 90' lang='lat' dir='ltr'><strong>cum</strong></span> <span class='ocrx_word' id='word_1_227' title='bbox 1108 2266 1621 2348; x_wconf 88' lang='lat' dir='ltr'><strong>sapientesipsum</strong></span> <span class='ocrx_word' id='word_1_228' title='bbox 1643 2266 1829 2328; x_wconf 93' lang='lat' dir='ltr'><strong>Deum</strong></span> <span class='ocrx_word' id='word_1_229' title='bbox 1852 2268 2115 2328; x_wconf 90' lang='lat' dir='ltr'><strong>omnium</strong></span> <span class='ocrx_word' id='word_1_230' title='bbox 2140 2270 2287 2331; x_wconf 77' lang='lat' dir='ltr'><strong>etl‘e-</strong></span> <span class='ocrx_word' id='word_1_231' title='bbox 2314 2303 2347 2352; x_wconf 75' lang='grc' dir='ltr'>Β</span> 
     </span>
    </p>
   </div>
   <div class='ocr_carea' id='block_1_31' title="bbox 641 2356 2290 2435">
    <p class='ocr_par' dir='ltr' id='par_1_31' title="bbox 641 2356 2290 2435">
     <span class='ocr_line' id='line_1_50' title="bbox 641 2356 2290 2435; baseline -0.002 -12"><span class='ocrx_word' id='word_1_232' title='bbox 641 2369 867 2424; x_wconf 89' lang='lat' dir='ltr'><strong>ctorem</strong></span> <span class='ocrx_word' id='word_1_233' title='bbox 897 2358 970 2420; x_wconf 93' lang='lat' dir='ltr'><strong>ab</strong></span> <span class='ocrx_word' id='word_1_234' title='bbox 993 2357 1273 2421; x_wconf 90' lang='lat' dir='ltr'><strong>omnibus</strong></span> <span class='ocrx_word' id='word_1_235' title='bbox 1303 2356 1530 2418; x_wconf 80' lang='lat' dir='ltr'><strong>eﬂ‘ectis</strong></span> <span class='ocrx_word' id='word_1_236' title='bbox 1562 2356 1829 2428; x_wconf 85' lang='lat' dir='ltr'><strong>laudant,</strong></span> <span class='ocrx_word' id='word_1_237' title='bbox 1854 2364 1917 2417; x_wconf 90' lang='lat' dir='ltr'><strong>ut</strong></span> <span class='ocrx_word' id='word_1_238' title='bbox 1948 2356 2194 2435; x_wconf 91' lang='lat' dir='ltr'><strong>bonum,</strong></span> <span class='ocrx_word' id='word_1_239' title='bbox 2228 2367 2290 2419; x_wconf 90' lang='lat' dir='ltr'><strong>ut</strong></span> 
     </span>
    </p>
   </div>
   <div class='ocr_carea' id='block_1_32' title="bbox 643 2445 2286 2531">
    <p class='ocr_par' dir='ltr' id='par_1_32' title="bbox 643 2445 2286 2531">
     <span class='ocr_line' id='line_1_51' title="bbox 643 2445 2286 2531; baseline -0.002 -20"><span class='ocrx_word' id='word_1_240' title='bbox 643 2449 984 2531; x_wconf 91' lang='lat' dir='ltr'><strong>pulchrum,</strong></span> <span class='ocrx_word' id='word_1_241' title='bbox 1020 2455 1086 2508; x_wconf 90' lang='lat' dir='ltr'><strong>ut</strong></span> <span class='ocrx_word' id='word_1_242' title='bbox 1135 2446 1489 2526; x_wconf 86' lang='lat' dir='ltr'><strong>sapientem,</strong></span> <span class='ocrx_word' id='word_1_243' title='bbox 1523 2453 1585 2507; x_wconf 93' lang='lat' dir='ltr'><strong>ut</strong></span> <span class='ocrx_word' id='word_1_244' title='bbox 1635 2445 1938 2520; x_wconf 89' lang='lat' dir='ltr'><strong>dilectum,</strong></span> <span class='ocrx_word' id='word_1_245' title='bbox 1990 2458 2057 2507; x_wconf 89' lang='lat' dir='ltr'><strong>ut</strong></span> <span class='ocrx_word' id='word_1_246' title='bbox 2101 2446 2286 2509; x_wconf 92' lang='lat' dir='ltr'><strong>Deum</strong></span> 
     </span>
    </p>
   </div>
   <div class='ocr_carea' id='block_1_33' title="bbox 642 2535 2287 2612">
    <p class='ocr_par' dir='ltr' id='par_1_33' title="bbox 642 2535 2287 2612">
     <span class='ocr_line' id='line_1_52' title="bbox 642 2535 2287 2612; baseline -0.002 -11"><span class='ocrx_word' id='word_1_247' title='bbox 642 2539 918 2612; x_wconf 92' lang='lat' dir='ltr'><strong>deorum,</strong></span> <span class='ocrx_word' id='word_1_248' title='bbox 956 2545 1018 2598; x_wconf 90' lang='lat' dir='ltr'><strong>ut</strong></span> <span class='ocrx_word' id='word_1_249' title='bbox 1069 2535 1386 2599; x_wconf 90' lang='lat' dir='ltr'><strong>Dominum</strong></span> <span class='ocrx_word' id='word_1_250' title='bbox 1439 2535 1843 2609; x_wconf 87' lang='lat' dir='ltr'><strong>dominorum,</strong></span> <span class='ocrx_word' id='word_1_251' title='bbox 1878 2544 1942 2597; x_wconf 90' lang='lat' dir='ltr'><strong>ut</strong></span> <span class='ocrx_word' id='word_1_252' title='bbox 1999 2536 2287 2599; x_wconf 88' lang='lat' dir='ltr'><strong>Sanctum</strong></span> 
     </span>
    </p>
   </div>
   <div class='ocr_carea' id='block_1_34' title="bbox 644 2626 2286 2704">
    <p class='ocr_par' dir='ltr' id='par_1_34' title="bbox 644 2626 2286 2704">
     <span class='ocr_line' id='line_1_53' title="bbox 644 2626 2286 2704; baseline -0.002 -14"><span class='ocrx_word' id='word_1_253' title='bbox 644 2634 1419 2704; x_wconf 68' lang='lat' dir='ltr'><strong>sanctorum,utzeternum,</strong></span> <span class='ocrx_word' id='word_1_254' title='bbox 1450 2632 1512 2685; x_wconf 84' lang='lat' dir='ltr'><strong>ut</strong></span> <span class='ocrx_word' id='word_1_255' title='bbox 1542 2643 1678 2686; x_wconf 91' lang='lat' dir='ltr'><strong>eum</strong></span> <span class='ocrx_word' id='word_1_256' title='bbox 1712 2626 1817 2702; x_wconf 91' lang='lat' dir='ltr'><strong>qui</strong></span> <span class='ocrx_word' id='word_1_257' title='bbox 1848 2632 1960 2696; x_wconf 91' lang='lat' dir='ltr'><strong>est,</strong></span> <span class='ocrx_word' id='word_1_258' title='bbox 1988 2633 2050 2687; x_wconf 90' lang='lat' dir='ltr'><strong>ut</strong></span> <span class='ocrx_word' id='word_1_259' title='bbox 2074 2635 2286 2689; x_wconf 88' lang='lat' dir='ltr'><strong>aucto-</strong></span> 
     </span>
    </p>
   </div>
   <div class='ocr_carea' id='block_1_35' title="bbox 643 2714 2285 2796">
    <p class='ocr_par' dir='ltr' id='par_1_35' title="bbox 643 2714 2285 2796">
     <span class='ocr_line' id='line_1_54' title="bbox 643 2714 2285 2796; baseline -0.003 -16"><span class='ocrx_word' id='word_1_260' title='bbox 643 2736 770 2780; x_wconf 90' lang='lat' dir='ltr'><strong>rem</strong></span> <span class='ocrx_word' id='word_1_261' title='bbox 797 2718 1177 2793; x_wconf 65' lang='lat' dir='ltr'><strong>smculorum,</strong></span> <span class='ocrx_word' id='word_1_262' title='bbox 1212 2723 1277 2776; x_wconf 91' lang='lat' dir='ltr'><strong>ut</strong></span> <span class='ocrx_word' id='word_1_263' title='bbox 1304 2714 1647 2792; x_wconf 84' lang='lat' dir='ltr'><strong>largitorem</strong></span> <span class='ocrx_word' id='word_1_264' title='bbox 1673 2715 2285 2796; x_wconf 67' lang='lat' dir='ltr'><strong>vitaa,utsapientiam,</strong></span> 
     </span>
    </p>
   </div>
   <div class='ocr_carea' id='block_1_36' title="bbox 648 2804 2292 2885">
    <p class='ocr_par' dir='ltr' id='par_1_36' title="bbox 648 2804 2292 2885">
     <span class='ocr_line' id='line_1_55' title="bbox 648 2804 2292 2885; baseline -0.003 -15"><span class='ocrx_word' id='word_1_265' title='bbox 648 2817 713 2870; x_wconf 92' lang='lat' dir='ltr'><strong>ut</strong></span> <span class='ocrx_word' id='word_1_266' title='bbox 740 2811 1032 2882; x_wconf 85' lang='lat' dir='ltr'><strong>mentem,</strong></span> <span class='ocrx_word' id='word_1_267' title='bbox 1066 2816 1131 2867; x_wconf 91' lang='lat' dir='ltr'><strong>ut</strong></span> <span class='ocrx_word' id='word_1_268' title='bbox 1158 2806 1444 2880; x_wconf 82' lang='lat' dir='ltr'><strong>Verbum,</strong></span> <span class='ocrx_word' id='word_1_269' title='bbox 1473 2812 1535 2864; x_wconf 88' lang='lat' dir='ltr'><strong>ut</strong></span> <span class='ocrx_word' id='word_1_270' title='bbox 1568 2804 1953 2882; x_wconf 81' lang='lat' dir='ltr'><strong>cognitorem,</strong></span> <span class='ocrx_word' id='word_1_271' title='bbox 1986 2812 2049 2865; x_wconf 92' lang='lat' dir='ltr'><strong>ut</strong></span> <span class='ocrx_word' id='word_1_272' title='bbox 2075 2822 2292 2885; x_wconf 89' lang='lat' dir='ltr'><strong>super-</strong></span> 
     </span>
    </p>
   </div>
   <div class='ocr_carea' id='block_1_37' title="bbox 650 2894 2296 2970">
    <p class='ocr_par' dir='ltr' id='par_1_37' title="bbox 650 2894 2296 2970">
     <span class='ocr_line' id='line_1_56' title="bbox 650 2894 2296 2970; baseline -0.002 -9"><span class='ocrx_word' id='word_1_273' title='bbox 650 2898 767 2961; x_wconf 89' lang='lat' dir='ltr'><strong>late</strong></span> <span class='ocrx_word' id='word_1_274' title='bbox 789 2896 1109 2959; x_wconf 88' lang='lat' dir='ltr'><strong>habentem</strong></span> <span class='ocrx_word' id='word_1_275' title='bbox 1138 2913 1347 2957; x_wconf 90' lang='lat' dir='ltr'><strong>omnes</strong></span> <span class='ocrx_word' id='word_1_276' title='bbox 1380 2896 1687 2956; x_wconf 82' lang='lat' dir='ltr'><strong>thesauros</strong></span> <span class='ocrx_word' id='word_1_277' title='bbox 1715 2894 1910 2955; x_wconf 92' lang='lat' dir='ltr'><strong>omnis</strong></span> <span class='ocrx_word' id='word_1_278' title='bbox 1940 2896 2296 2970; x_wconf 62' lang='lat' dir='ltr'><strong>scientizemt</strong></span> 
     </span>
    </p>
   </div>
   <div class='ocr_carea' id='block_1_38' title="bbox 649 2984 2293 3068">
    <p class='ocr_par' dir='ltr' id='par_1_38' title="bbox 649 2984 2293 3068">
     <span class='ocr_line' id='line_1_57' title="bbox 649 2984 2293 3068; baseline -0.002 -19"><span class='ocrx_word' id='word_1_279' title='bbox 649 2985 1005 3068; x_wconf 85' lang='lat' dir='ltr'><strong>potentiam,</strong></span> <span class='ocrx_word' id='word_1_280' title='bbox 1032 2993 1093 3046; x_wconf 92' lang='lat' dir='ltr'><strong>ut</strong></span> <span class='ocrx_word' id='word_1_281' title='bbox 1113 2991 1441 3065; x_wconf 89' lang='lat' dir='ltr'><strong>potentem,</strong></span> <span class='ocrx_word' id='word_1_282' title='bbox 1465 2993 1533 3046; x_wconf 86' lang='lat' dir='ltr'><strong>ut</strong></span> <span class='ocrx_word' id='word_1_283' title='bbox 1554 2984 1773 3063; x_wconf 81' lang='lat' dir='ltr'><strong>Regem</strong></span> <span class='ocrx_word' id='word_1_284' title='bbox 1806 2992 2109 3062; x_wconf 86' lang='lat' dir='ltr'><strong>regum,ut</strong></span> <span class='ocrx_word' id='word_1_285' title='bbox 2133 2984 2293 3045; x_wconf 88' lang='lat' dir='ltr'><strong>anti-</strong></span> 
     </span>
    </p>
   </div>
   <div class='ocr_carea' id='block_1_39' title="bbox 648 3073 2292 3154">
    <p class='ocr_par' dir='ltr' id='par_1_39' title="bbox 648 3073 2292 3154">
     <span class='ocr_line' id='line_1_58' title="bbox 648 3073 2292 3154; baseline -0.002 -17"><span class='ocrx_word' id='word_1_286' title='bbox 648 3093 833 3153; x_wconf 91' lang='lat' dir='ltr'><strong>quum</strong></span> <span class='ocrx_word' id='word_1_287' title='bbox 865 3074 1125 3154; x_wconf 82' lang='lat' dir='ltr'><strong>dierum,</strong></span> <span class='ocrx_word' id='word_1_288' title='bbox 1156 3083 1223 3139; x_wconf 86' lang='lat' dir='ltr'><strong>ut</strong></span> <span class='ocrx_word' id='word_1_289' title='bbox 1252 3092 1370 3136; x_wconf 90' lang='lat' dir='ltr'><strong>non</strong></span> <span class='ocrx_word' id='word_1_290' title='bbox 1416 3084 1828 3135; x_wconf 88' lang='lat' dir='ltr'><strong>senescentem</strong></span> <span class='ocrx_word' id='word_1_291' title='bbox 1860 3080 1918 3133; x_wconf 93' lang='lat' dir='ltr'><strong>et</strong></span> <span class='ocrx_word' id='word_1_292' title='bbox 1946 3073 2292 3135; x_wconf 88' lang='lat' dir='ltr'><strong>immutabi-</strong></span> 
     </span>
    </p>
   </div>
   <div class='ocr_carea' id='block_1_40' title="bbox 647 3161 2289 3245">
    <p class='ocr_par' dir='ltr' id='par_1_40' title="bbox 647 3161 2289 3245">
     <span class='ocr_line' id='line_1_59' title="bbox 647 3161 2289 3245; baseline -0.001 -19"><span class='ocrx_word' id='word_1_293' title='bbox 647 3165 793 3245; x_wconf 89' lang='lat' dir='ltr'><strong>lem,</strong></span> <span class='ocrx_word' id='word_1_294' title='bbox 824 3173 891 3227; x_wconf 88' lang='lat' dir='ltr'><strong>ut</strong></span> <span class='ocrx_word' id='word_1_295' title='bbox 911 3163 1188 3244; x_wconf 87' lang='lat' dir='ltr'><strong>salutem,</strong></span> <span class='ocrx_word' id='word_1_296' title='bbox 1214 3171 1281 3226; x_wconf 91' lang='lat' dir='ltr'><strong>ut</strong></span> <span class='ocrx_word' id='word_1_297' title='bbox 1305 3162 1627 3243; x_wconf 88' lang='lat' dir='ltr'><strong>justitiam,</strong></span> <span class='ocrx_word' id='word_1_298' title='bbox 1646 3169 1709 3223; x_wconf 89' lang='lat' dir='ltr'><strong>ut</strong></span> <span class='ocrx_word' id='word_1_299' title='bbox 1738 3161 2289 3245; x_wconf 82' lang='lat' dir='ltr'><strong>sanctiﬁcationem,</strong></span> 
     </span>
    </p>
   </div>
   <div class='ocr_carea' id='block_1_41' title="bbox 647 3251 2293 3334">
    <p class='ocr_par' dir='ltr' id='par_1_41' title="bbox 647 3251 2293 3334">
     <span class='ocr_line' id='line_1_60' title="bbox 647 3251 2293 3334; baseline -0.001 -17"><span class='ocrx_word' id='word_1_300' title='bbox 647 3262 713 3317; x_wconf 91' lang='lat' dir='ltr'><strong>ut</strong></span> <span class='ocrx_word' id='word_1_301' title='bbox 730 3252 1232 3333; x_wconf 84' lang='lat' dir='ltr'><strong>redemptionem,</strong></span> <span class='ocrx_word' id='word_1_302' title='bbox 1259 3261 1322 3314; x_wconf 93' lang='lat' dir='ltr'><strong>ut</strong></span> <span class='ocrx_word' id='word_1_303' title='bbox 1344 3251 1748 3331; x_wconf 81' lang='lat' dir='ltr'><strong>magnitudine</strong></span> <span class='ocrx_word' id='word_1_304' title='bbox 1780 3253 1978 3314; x_wconf 89' lang='lat' dir='ltr'><strong>omnia</strong></span> <span class='ocrx_word' id='word_1_305' title='bbox 2011 3271 2293 3334; x_wconf 87' lang='lat' dir='ltr'><strong>superan-</strong></span> 
     </span>
    </p>
   </div>
   <div class='ocr_carea' id='block_1_42' title="bbox 644 3342 2287 3424">
    <p class='ocr_par' dir='ltr' id='par_1_42' title="bbox 644 3342 2287 3424">
     <span class='ocr_line' id='line_1_61' title="bbox 644 3342 2287 3424; baseline -0.002 -15"><span class='ocrx_word' id='word_1_306' title='bbox 644 3350 792 3420; x_wconf 84' lang='lat' dir='ltr'><strong>tem,</strong></span> <span class='ocrx_word' id='word_1_307' title='bbox 818 3352 878 3408; x_wconf 91' lang='lat' dir='ltr'><strong>et</strong></span> <span class='ocrx_word' id='word_1_308' title='bbox 901 3353 969 3405; x_wconf 86' lang='lat' dir='ltr'><strong>ut</strong></span> <span class='ocrx_word' id='word_1_309' title='bbox 999 3345 1060 3405; x_wconf 90' lang='lat' dir='ltr'><strong>in</strong></span> <span class='ocrx_word' id='word_1_310' title='bbox 1091 3360 1235 3405; x_wconf 90' lang='lat' dir='ltr'><strong>aura</strong></span> <span class='ocrx_word' id='word_1_311' title='bbox 1260 3342 1628 3424; x_wconf 83' lang='lat' dir='ltr'><strong>tenui.Atqui</strong></span> <span class='ocrx_word' id='word_1_312' title='bbox 1651 3352 1709 3404; x_wconf 92' lang='lat' dir='ltr'><strong>et</strong></span> <span class='ocrx_word' id='word_1_313' title='bbox 1741 3343 1798 3403; x_wconf 91' lang='lat' dir='ltr'><strong>in</strong></span> <span class='ocrx_word' id='word_1_314' title='bbox 1819 3342 2122 3405; x_wconf 88' lang='lat' dir='ltr'><strong>mentibus</strong></span> <span class='ocrx_word' id='word_1_315' title='bbox 2154 3363 2287 3406; x_wconf 90' lang='lat' dir='ltr'><strong>eum</strong></span> 
     </span>
    </p>
   </div>
   <div class='ocr_carea' id='block_1_43' title="bbox 645 3432 2289 3515">
    <p class='ocr_par' dir='ltr' id='par_1_43' title="bbox 645 3432 2289 3515">
     <span class='ocr_line' id='line_1_62' title="bbox 645 3432 2289 3515; baseline -0.001 -18"><span class='ocrx_word' id='word_1_316' title='bbox 645 3453 779 3498; x_wconf 91' lang='lat' dir='ltr'><strong>esse</strong></span> <span class='ocrx_word' id='word_1_317' title='bbox 806 3433 1033 3515; x_wconf 86' lang='lat' dir='ltr'><strong>dicunt,</strong></span> <span class='ocrx_word' id='word_1_318' title='bbox 1060 3440 1120 3494; x_wconf 85' lang='lat' dir='ltr'><strong>et</strong></span> <span class='ocrx_word' id='word_1_319' title='bbox 1142 3433 1205 3494; x_wconf 89' lang='lat' dir='ltr'><strong>in</strong></span> <span class='ocrx_word' id='word_1_320' title='bbox 1235 3433 1450 3493; x_wconf 91' lang='lat' dir='ltr'><strong>animis</strong></span> <span class='ocrx_word' id='word_1_321' title='bbox 1473 3440 1530 3494; x_wconf 91' lang='lat' dir='ltr'><strong>et</strong></span> <span class='ocrx_word' id='word_1_322' title='bbox 1560 3432 1936 3514; x_wconf 87' lang='lat' dir='ltr'><strong>corporibus,</strong></span> <span class='ocrx_word' id='word_1_323' title='bbox 1960 3441 2019 3496; x_wconf 90' lang='lat' dir='ltr'><strong>et</strong></span> <span class='ocrx_word' id='word_1_324' title='bbox 2048 3438 2106 3495; x_wconf 87' lang='lat' dir='ltr'><strong>in</strong></span> <span class='ocrx_word' id='word_1_325' title='bbox 2139 3435 2289 3497; x_wconf 65' lang='lat' dir='ltr'><strong>coelo</strong></span> 
     </span>
    </p>
   </div>
   <div class='ocr_carea' id='block_1_44' title="bbox 645 3520 2291 3599">
    <p class='ocr_par' dir='ltr' id='par_1_44' title="bbox 645 3520 2291 3599">
     <span class='ocr_line' id='line_1_63' title="bbox 645 3520 2291 3599; baseline -0.001 -12"><span class='ocrx_word' id='word_1_326' title='bbox 645 3533 705 3587; x_wconf 88' lang='lat' dir='ltr'><strong>et</strong></span> <span class='ocrx_word' id='word_1_327' title='bbox 727 3524 789 3585; x_wconf 87' lang='lat' dir='ltr'><strong>in</strong></span> <span class='ocrx_word' id='word_1_328' title='bbox 813 3532 993 3599; x_wconf 89' lang='lat' dir='ltr'><strong>terra,</strong></span> <span class='ocrx_word' id='word_1_329' title='bbox 1021 3529 1081 3583; x_wconf 92' lang='lat' dir='ltr'><strong>et</strong></span> <span class='ocrx_word' id='word_1_330' title='bbox 1110 3520 1289 3585; x_wconf 89' lang='lat' dir='ltr'><strong>simul</strong></span> <span class='ocrx_word' id='word_1_331' title='bbox 1321 3521 1381 3583; x_wconf 91' lang='lat' dir='ltr'><strong>in</strong></span> <span class='ocrx_word' id='word_1_332' title='bbox 1407 3521 1614 3584; x_wconf 88' lang='lat' dir='ltr'><strong>eodem</strong></span> <span class='ocrx_word' id='word_1_333' title='bbox 1648 3522 1950 3598; x_wconf 91' lang='lat' dir='ltr'><strong>eumdem,</strong></span> <span class='ocrx_word' id='word_1_334' title='bbox 1977 3523 2037 3583; x_wconf 92' lang='lat' dir='ltr'><strong>in</strong></span> <span class='ocrx_word' id='word_1_335' title='bbox 2072 3525 2291 3586; x_wconf 90' lang='lat' dir='ltr'><strong>mundo</strong></span> 
     </span>
    </p>
   </div>
   <div class='ocr_carea' id='block_1_45' title="bbox 642 3610 2289 3692">
    <p class='ocr_par' dir='ltr' id='par_1_45' title="bbox 642 3610 2289 3692">
     <span class='ocr_line' id='line_1_64' title="bbox 642 3610 2289 3692; baseline -0.001 -16"><span class='ocrx_word' id='word_1_336' title='bbox 642 3613 805 3677; x_wconf 87' lang='lat' dir='ltr'><strong>circa</strong></span> <span class='ocrx_word' id='word_1_337' title='bbox 847 3611 1167 3685; x_wconf 88' lang='lat' dir='ltr'><strong>mundum,</strong></span> <span class='ocrx_word' id='word_1_338' title='bbox 1202 3628 1385 3692; x_wconf 90' lang='lat' dir='ltr'><strong>super</strong></span> <span class='ocrx_word' id='word_1_339' title='bbox 1436 3610 1744 3685; x_wconf 90' lang='lat' dir='ltr'><strong>mundum,</strong></span> <span class='ocrx_word' id='word_1_340' title='bbox 1779 3613 2289 3691; x_wconf 74' lang='lat' dir='ltr'><strong>supracmlestem,</strong></span> 
     </span>
    </p>
   </div>
   <div class='ocr_carea' id='block_1_46' title="bbox 646 3698 2292 3782">
    <p class='ocr_par' dir='ltr' id='par_1_46' title="bbox 646 3698 2292 3782">
     <span class='ocr_line' id='line_1_65' title="bbox 646 3698 2292 3782; baseline -0.002 -16"><span class='ocrx_word' id='word_1_341' title='bbox 646 3698 1243 3782; x_wconf 82' lang='lat' dir='ltr'><strong>suprasubstantiam,</strong></span> <span class='ocrx_word' id='word_1_342' title='bbox 1267 3700 1478 3773; x_wconf 90' lang='lat' dir='ltr'><strong>solem,</strong></span> <span class='ocrx_word' id='word_1_343' title='bbox 1508 3700 1767 3777; x_wconf 88' lang='lat' dir='ltr'><strong>stellam,</strong></span> <span class='ocrx_word' id='word_1_344' title='bbox 1801 3700 2026 3777; x_wconf 81' lang='lat' dir='ltr'><strong>ignem,</strong></span> <span class='ocrx_word' id='word_1_345' title='bbox 2047 3719 2292 3782; x_wconf 84' lang='lat' dir='ltr'><strong>aquam,</strong></span> 
     </span>
    </p>
   </div>
   <div class='ocr_carea' id='block_1_47' title="bbox 646 3787 2291 3873">
    <p class='ocr_par' dir='ltr' id='par_1_47' title="bbox 646 3787 2291 3873">
     <span class='ocr_line' id='line_1_66' title="bbox 646 3787 2291 3873; baseline -0.001 -19"><span class='ocrx_word' id='word_1_346' title='bbox 646 3790 945 3873; x_wconf 88' lang='lat' dir='ltr'><strong>spiritum,</strong></span> <span class='ocrx_word' id='word_1_347' title='bbox 971 3806 1193 3866; x_wconf 87' lang='lat' dir='ltr'><strong>rorem,</strong></span> <span class='ocrx_word' id='word_1_348' title='bbox 1220 3787 1466 3869; x_wconf 88' lang='lat' dir='ltr'><strong>nubem,</strong></span> <span class='ocrx_word' id='word_1_349' title='bbox 1492 3806 1598 3870; x_wconf 90' lang='lat' dir='ltr'><strong>per</strong></span> <span class='ocrx_word' id='word_1_350' title='bbox 1628 3806 1694 3851; x_wconf 80' lang='lat' dir='ltr'><strong>se</strong></span> <span class='ocrx_word' id='word_1_351' title='bbox 1718 3789 2005 3870; x_wconf 91' lang='lat' dir='ltr'><strong>lapidem,</strong></span> <span class='ocrx_word' id='word_1_352' title='bbox 2042 3799 2291 3873; x_wconf 89' lang='lat' dir='ltr'><strong>petram,</strong></span> 
     </span>
    </p>
   </div>
   <div class='ocr_carea' id='block_1_48' title="bbox 648 3878 2059 3961">
    <p class='ocr_par' dir='ltr' id='par_1_48' title="bbox 648 3878 2059 3961">
     <span class='ocr_line' id='line_1_67' title="bbox 648 3878 2059 3961; baseline -0.001 -18"><span class='ocrx_word' id='word_1_353' title='bbox 648 3880 852 3944; x_wconf 85' lang='lat' dir='ltr'><strong>omnia</strong></span> <span class='ocrx_word' id='word_1_354' title='bbox 882 3897 1012 3961; x_wconf 65' lang='lat' dir='ltr'><strong>quas</strong></span> <span class='ocrx_word' id='word_1_355' title='bbox 1040 3887 1196 3955; x_wconf 85' lang='lat' dir='ltr'><strong>sunt,</strong></span> <span class='ocrx_word' id='word_1_356' title='bbox 1231 3886 1291 3943; x_wconf 93' lang='lat' dir='ltr'><strong>et</strong></span> <span class='ocrx_word' id='word_1_357' title='bbox 1320 3878 1470 3941; x_wconf 90' lang='lat' dir='ltr'><strong>nihil</strong></span> <span class='ocrx_word' id='word_1_358' title='bbox 1496 3896 1701 3941; x_wconf 86' lang='lat' dir='ltr'><strong>eorum</strong></span> <span class='ocrx_word' id='word_1_359' title='bbox 1737 3897 1870 3957; x_wconf 75' lang='lat' dir='ltr'><strong>quae</strong></span> <span class='ocrx_word' id='word_1_360' title='bbox 1900 3888 2059 3942; x_wconf 89' lang='lat' dir='ltr'><strong>sunt.</strong></span> 
     </span>
    </p>
   </div>
   <div class='ocr_carea' id='block_1_49' title="bbox 2368 1192 4019 1279">
    <p class='ocr_par' dir='ltr' id='par_1_49' title="bbox 2368 1192 4019 1279">
     <span class='ocr_line' id='line_1_68' title="bbox 2368 1192 4019 1279; baseline 0.003 -32"><span class='ocrx_word' id='word_1_361' title='bbox 2368 1192 2464 1267; x_wconf 78' lang='grc' dir='ltr'>μὲν</span> <span class='ocrx_word' id='word_1_362' title='bbox 2518 1195 2589 1259; x_wconf 80' lang='grc' dir='ltr'><strong>ὡς</strong></span> <span class='ocrx_word' id='word_1_363' title='bbox 2647 1193 2773 1251; x_wconf 81' lang='grc' dir='ltr'>ὅταν</span> <span class='ocrx_word' id='word_1_364' title='bbox 2833 1196 3062 1276; x_wconf 53' lang='lat' dir='ltr'><strong>(pauiu,</strong></span> <span class='ocrx_word' id='word_1_365' title='bbox 3118 1200 3218 1266; x_wconf 71' lang='grc' dir='ltr'>τὴν</span> <span class='ocrx_word' id='word_1_366' title='bbox 3273 1201 3524 1279; x_wconf 73' lang='grc' dir='ltr'>θεαρχῖαν</span> <span class='ocrx_word' id='word_1_367' title='bbox 3586 1200 3747 1266; x_wconf 77' lang='grc' dir='ltr'>αὐτὴν</span> <span class='ocrx_word' id='word_1_368' title='bbox 3807 1199 3863 1254; x_wconf 71' lang='grc' dir='ltr'>ἓν</span> <span class='ocrx_word' id='word_1_369' title='bbox 3923 1200 4019 1272; x_wconf 79' lang='grc' dir='ltr'>μιᾷ</span> 
     </span>
    </p>
   </div>
   <div class='ocr_carea' id='block_1_50' title="bbox 2369 1286 4019 1367">
    <p class='ocr_par' dir='ltr' id='par_1_50' title="bbox 2369 1286 4019 1367">
     <span class='ocr_line' id='line_1_69' title="bbox 2369 1286 4019 1367; baseline 0.001 -27"><span class='ocrx_word' id='word_1_370' title='bbox 2369 1288 2474 1337; x_wconf 81' lang='grc' dir='ltr'><strong>τῶν</strong></span> <span class='ocrx_word' id='word_1_371' title='bbox 2529 1290 2798 1358; x_wconf 58' lang='grc' dir='ltr'>μυστικῶν</span> <span class='ocrx_word' id='word_1_372' title='bbox 2829 1291 2929 1352; x_wconf 79' lang='grc' dir='ltr'><strong>τῆς</strong></span> <span class='ocrx_word' id='word_1_373' title='bbox 2975 1287 3309 1363; x_wconf 81' lang='grc' dir='ltr'>συμϐολικῆς</span> <span class='ocrx_word' id='word_1_374' title='bbox 3352 1286 3734 1367; x_wconf 63' lang='grc' dir='ltr'><strong>⁴⁴Οεοιξιανείοις</strong></span> <span class='ocrx_word' id='word_1_375' title='bbox 3786 1289 4019 1365; x_wconf 74' lang='grc' dir='ltr'>ὁράσεοῖν</span> 
     </span>
    </p>
   </div>
   <div class='ocr_carea' id='block_1_51' title="bbox 2370 1371 4020 1456">
    <p class='ocr_par' dir='ltr' id='par_1_51' title="bbox 2370 1371 4020 1456">
     <span class='ocr_line' id='line_1_70' title="bbox 2370 1371 4020 1456; baseline 0.002 -28"><span class='ocrx_word' id='word_1_376' title='bbox 2370 1371 2657 1439; x_wconf 76' lang='grc' dir='ltr'>ἒπιπληξαι</span> <span class='ocrx_word' id='word_1_377' title='bbox 2713 1381 2788 1448; x_wconf 87' lang='grc' dir='ltr'>τῷ</span> <span class='ocrx_word' id='word_1_378' title='bbox 2844 1379 3075 1456; x_wconf 70' lang='grc' dir='ltr'>φήσαντι</span> <span class='ocrx_word' id='word_1_379' title='bbox 3131 1376 3203 1452; x_wconf 63' lang='grc'>⁸⁵,</span> <span class='ocrx_word' id='word_1_380' title='bbox 3269 1381 3328 1437; x_wconf 80' lang='grc' dir='ltr'><strong>Τί</strong></span> <span class='ocrx_word' id='word_1_381' title='bbox 3386 1380 3445 1436; x_wconf 79' lang='grc' dir='ltr'>τὸ</span> <span class='ocrx_word' id='word_1_382' title='bbox 3502 1377 3670 1453; x_wconf 70' lang='grc' dir='ltr'>ὄνομά</span> <span class='ocrx_word' id='word_1_383' title='bbox 3738 1399 3870 1447; x_wconf 71' lang='lat' dir='ltr'><strong>dou;</strong></span> <span class='ocrx_word' id='word_1_384' title='bbox 3932 1378 4020 1431; x_wconf 83' lang='grc' dir='ltr'>καὶ</span> 
     </span>
    </p>
   </div>
   <div class='ocr_carea' id='block_1_52' title="bbox 2374 1462 4017 1546">
    <p class='ocr_par' dir='ltr' id='par_1_52' title="bbox 2374 1462 4017 1546">
     <span class='ocr_line' id='line_1_71' title="bbox 2374 1462 4017 1546; baseline 0.001 -27"><span class='ocrx_word' id='word_1_385' title='bbox 2374 1462 2551 1541; x_wconf 79' lang='grc' dir='ltr'>ὥσπερ</span> <span class='ocrx_word' id='word_1_386' title='bbox 2606 1463 2711 1521; x_wconf 82' lang='grc' dir='ltr'><strong>ἀπὸ</strong></span> <span class='ocrx_word' id='word_1_387' title='bbox 2741 1466 2916 1532; x_wconf 76' lang='grc' dir='ltr'>πάσης</span> <span class='ocrx_word' id='word_1_388' title='bbox 2976 1468 3134 1524; x_wconf 75' lang='grc' dir='ltr'>αὒτὸν</span> <span class='ocrx_word' id='word_1_389' title='bbox 3191 1472 3521 1544; x_wconf 81' lang='grc' dir='ltr'>ϐεωνυμικῆς</span> <span class='ocrx_word' id='word_1_390' title='bbox 3566 1468 3811 1546; x_wconf 83' lang='grc' dir='ltr'>γνώσεως</span> <span class='ocrx_word' id='word_1_391' title='bbox 3870 1466 4017 1522; x_wconf 77' lang='grc' dir='ltr'><strong>ἀπά-</strong></span> 
     </span>
    </p>
   </div>
   <div class='ocr_carea' id='block_1_53' title="bbox 2376 1555 4019 1635">
    <p class='ocr_par' dir='ltr' id='par_1_53' title="bbox 2376 1555 4019 1635">
     <span class='ocr_line' id='line_1_72' title="bbox 2376 1555 4019 1635; baseline 0.002 -26"><span class='ocrx_word' id='word_1_392' title='bbox 2376 1576 2593 1630; x_wconf 73' lang='grc' dir='ltr'>γουσαν,</span> <span class='ocrx_word' id='word_1_393' title='bbox 2655 1555 2811 1634; x_wconf 79' lang='grc' dir='ltr'>φάναι</span> <span class='ocrx_word' id='word_1_394' title='bbox 2870 1558 2951 1613; x_wconf 73' lang='grc' dir='ltr'><strong>τό*</strong></span> <span class='ocrx_word' id='word_1_395' title='bbox 3016 1560 3111 1615; x_wconf 79' lang='grc' dir='ltr'>Καὶ</span> <span class='ocrx_word' id='word_1_396' title='bbox 3168 1560 3303 1615; x_wconf 61' lang='lat' dir='ltr'><strong>ivx-ci</strong></span> <span class='ocrx_word' id='word_1_397' title='bbox 3357 1562 3557 1635; x_wconf 70' lang='grc' dir='ltr'>ἒρωτᾷς</span> <span class='ocrx_word' id='word_1_398' title='bbox 3612 1561 3672 1614; x_wconf 78' lang='grc' dir='ltr'>τὸ</span> <span class='ocrx_word' id='word_1_399' title='bbox 3729 1555 3787 1600; x_wconf 67' lang='lat'><strong>‘5</strong></span> <span class='ocrx_word' id='word_1_400' title='bbox 3852 1555 4019 1630; x_wconf 70' lang='grc' dir='ltr'>ὄνομά</span> 
     </span>
    </p>
   </div>
   <div class='ocr_carea' id='block_1_54' title="bbox 2378 1646 4019 1728">
    <p class='ocr_par' dir='ltr' id='par_1_54' title="bbox 2378 1646 4019 1728">
     <span class='ocr_line' id='line_1_73' title="bbox 2378 1646 4019 1728; baseline -0.001 -26"><span class='ocrx_word' id='word_1_401' title='bbox 2378 1666 2478 1718; x_wconf 70' lang='grc' dir='ltr'>μου</span> <span class='ocrx_word' id='word_1_402' title='bbox 2510 1664 2526 1715; x_wconf 85' lang='lat'><strong>;</strong></span> <span class='ocrx_word' id='word_1_403' title='bbox 2560 1647 2646 1703; x_wconf 82' lang='grc' dir='ltr'><strong>καὶ</strong></span> <span class='ocrx_word' id='word_1_404' title='bbox 2686 1647 2827 1703; x_wconf 84' lang='grc' dir='ltr'>τοῦτ’</span> <span class='ocrx_word' id='word_1_405' title='bbox 2861 1646 2969 1703; x_wconf 78' lang='grc' dir='ltr'>ἔστι</span> <span class='ocrx_word' id='word_1_406' title='bbox 3019 1649 3337 1724; x_wconf 77' lang='grc' dir='ltr'>θαυμαστόν.</span> <span class='ocrx_word' id='word_1_407' title='bbox 3373 1649 3464 1705; x_wconf 84' lang='lat' dir='ltr'><strong>&quot;El</strong></span> <span class='ocrx_word' id='word_1_408' title='bbox 3497 1651 3618 1728; x_wconf 69' lang='grc' dir='ltr'>οὐχὶ</span> <span class='ocrx_word' id='word_1_409' title='bbox 3661 1658 3815 1707; x_wconf 79' lang='grc' dir='ltr'>τοῦτο</span> <span class='ocrx_word' id='word_1_410' title='bbox 3854 1646 4019 1709; x_wconf 75' lang='grc' dir='ltr'>ὅντως</span> 
     </span>
    </p>
   </div>
   <div class='ocr_carea' id='block_1_55' title="bbox 2376 1733 4019 1817">
    <p class='ocr_par' dir='ltr' id='par_1_55' title="bbox 2376 1733 4019 1817">
     <span class='ocr_line' id='line_1_74' title="bbox 2376 1733 4019 1817; baseline 0 -27"><span class='ocrx_word' id='word_1_411' title='bbox 2376 1733 2484 1791; x_wconf 81' lang='grc' dir='ltr'>ἒστὶ</span> <span class='ocrx_word' id='word_1_412' title='bbox 2544 1737 2604 1791; x_wconf 79' lang='grc' dir='ltr'>τὸ</span> <span class='ocrx_word' id='word_1_413' title='bbox 2662 1739 2961 1811; x_wconf 82' lang='grc' dir='ltr'>θαυμαστὸν</span> <span class='ocrx_word' id='word_1_414' title='bbox 3018 1738 3208 1813; x_wconf 79' lang='grc' dir='ltr'>ὄνσμα,</span> <span class='ocrx_word' id='word_1_415' title='bbox 3265 1742 3326 1795; x_wconf 82' lang='grc' dir='ltr'>τὸ</span> <span class='ocrx_word' id='word_1_416' title='bbox 3381 1740 3509 1817; x_wconf 73' lang='grc' dir='ltr'>ὑπὲρ</span> <span class='ocrx_word' id='word_1_417' title='bbox 3570 1745 3674 1795; x_wconf 64' lang='grc' dir='ltr'><strong>πᾶδ</strong></span> <span class='ocrx_word' id='word_1_418' title='bbox 3732 1739 3923 1813; x_wconf 74' lang='grc' dir='ltr'>ὄνομα,</span> <span class='ocrx_word' id='word_1_419' title='bbox 3957 1738 4019 1791; x_wconf 75' lang='grc' dir='ltr'>τὸ</span> 
     </span>
    </p>
   </div>
   <div class='ocr_carea' id='block_1_56' title="bbox 2376 1824 4017 1906">
    <p class='ocr_par' dir='ltr' id='par_1_56' title="bbox 2376 1824 4017 1906">
     <span class='ocr_line' id='line_1_75' title="bbox 2376 1824 4017 1906; baseline 0.002 -28"><span class='ocrx_word' id='word_1_420' title='bbox 2376 1824 2670 1905; x_wconf 80' lang='grc' dir='ltr'>ἀνώνυμον,</span> <span class='ocrx_word' id='word_1_421' title='bbox 2732 1828 2791 1882; x_wconf 85' lang='grc' dir='ltr'>τὸ</span> <span class='ocrx_word' id='word_1_422' title='bbox 2848 1829 3041 1891; x_wconf 82' lang='grc' dir='ltr'>παντὸς</span> <span class='ocrx_word' id='word_1_423' title='bbox 3101 1826 3504 1906; x_wconf 77' lang='grc' dir='ltr'>ὑπεριδρυμένον</span> <span class='ocrx_word' id='word_1_424' title='bbox 3566 1829 3826 1902; x_wconf 76' lang='grc' dir='ltr'>ὀνόματος</span> <span class='ocrx_word' id='word_1_425' title='bbox 3890 1826 4017 1882; x_wconf 80' lang='grc' dir='ltr'>ὀνο-</span> 
     </span>
    </p>
   </div>
   <div class='ocr_carea' id='block_1_57' title="bbox 2376 1914 4021 1997">
    <p class='ocr_par' dir='ltr' id='par_1_57' title="bbox 2376 1914 4021 1997">
     <span class='ocr_line' id='line_1_76' title="bbox 2376 1914 4021 1997; baseline 0 -28"><span class='ocrx_word' id='word_1_426' title='bbox 2376 1914 2696 1995; x_wconf 81' lang='grc' dir='ltr'>μαζομὲνου,</span> <span class='ocrx_word' id='word_1_427' title='bbox 2761 1914 2871 1972; x_wconf 75' lang='grc' dir='ltr'>εἴτε</span> <span class='ocrx_word' id='word_1_428' title='bbox 2929 1915 2985 1972; x_wconf 78' lang='grc' dir='ltr'>ἐν</span> <span class='ocrx_word' id='word_1_429' title='bbox 3053 1921 3131 1991; x_wconf 77' lang='grc' dir='ltr'>τῷ</span> <span class='ocrx_word' id='word_1_430' title='bbox 3187 1920 3335 1973; x_wconf 76' lang='grc' dir='ltr'>αἰῶνι</span> <span class='ocrx_word' id='word_1_431' title='bbox 3409 1918 3601 1997; x_wconf 82' lang='grc' dir='ltr'>τούτῳ,</span> <span class='ocrx_word' id='word_1_432' title='bbox 3664 1917 3774 1973; x_wconf 79' lang='grc' dir='ltr'>εἴτε</span> <span class='ocrx_word' id='word_1_433' title='bbox 3834 1916 3889 1972; x_wconf 81' lang='grc' dir='ltr'>ἐν</span> <span class='ocrx_word' id='word_1_434' title='bbox 3946 1921 4021 1987; x_wconf 82' lang='grc' dir='ltr'>τῷ</span> 
     </span>
    </p>
   </div>
   <div class='ocr_carea' id='block_1_58' title="bbox 2376 2001 4017 2085">
    <p class='ocr_par' dir='ltr' id='par_1_58' title="bbox 2376 2001 4017 2085">
     <span class='ocr_line' id='line_1_77' title="bbox 2376 2001 4017 2085; baseline 0.001 -27"><span class='ocrx_word' id='word_1_435' title='bbox 2376 2002 2624 2077; x_wconf 79' lang='grc' dir='ltr'>μέλλοντι</span> <span class='ocrx_word' id='word_1_436' title='bbox 2659 2026 2676 2080; x_wconf 70' lang='grc' dir='ltr'>ε,</span> <span class='ocrx_word' id='word_1_437' title='bbox 2724 2004 3077 2081; x_wconf 80' lang='grc' dir='ltr'>Πολυώνυμον</span> <span class='ocrx_word' id='word_1_438' title='bbox 3114 2001 3196 2085; x_wconf 80' lang='grc' dir='ltr'><strong>δὲ,</strong></span> <span class='ocrx_word' id='word_1_439' title='bbox 3231 2010 3303 2071; x_wconf 85' lang='grc' dir='ltr'><strong>ὡς</strong></span> <span class='ocrx_word' id='word_1_440' title='bbox 3350 2007 3474 2063; x_wconf 86' lang='grc' dir='ltr'>ὅταν</span> <span class='ocrx_word' id='word_1_441' title='bbox 3527 2009 3671 2068; x_wconf 67' lang='grc' dir='ltr'>αὖθις</span> <span class='ocrx_word' id='word_1_442' title='bbox 3704 2006 3867 2072; x_wconf 71' lang='grc' dir='ltr'>αὒτὴν</span> <span class='ocrx_word' id='word_1_443' title='bbox 3901 2007 4017 2060; x_wconf 78' lang='grc' dir='ltr'>εἷσ-</span> 
     </span>
    </p>
   </div>
   <div class='ocr_carea' id='block_1_59' title="bbox 2373 2093 4017 2174">
    <p class='ocr_par' dir='ltr' id='par_1_59' title="bbox 2373 2093 4017 2174">
     <span class='ocr_line' id='line_1_78' title="bbox 2373 2093 4017 2174; baseline 0.004 -27"><span class='ocrx_word' id='word_1_444' title='bbox 2373 2093 2542 2170; x_wconf 85' lang='grc' dir='ltr'>άγωσι</span> <span class='ocrx_word' id='word_1_445' title='bbox 2592 2094 2917 2173; x_wconf 78' lang='grc' dir='ltr'><strong>φάσκουσαν·</strong></span> <span class='ocrx_word' id='word_1_446' title='bbox 2952 2094 3094 2173; x_wconf 77' lang='grc' dir='ltr'><strong>Ἐγώ</strong></span> <span class='ocrx_word' id='word_1_447' title='bbox 3148 2098 3254 2169; x_wconf 82' lang='grc' dir='ltr'>εἰμι</span> <span class='ocrx_word' id='word_1_448' title='bbox 3311 2099 3338 2152; x_wconf 83' lang='grc' dir='ltr'>ὁ</span> <span class='ocrx_word' id='word_1_449' title='bbox 3395 2096 3488 2152; x_wconf 78' lang='grc' dir='ltr'><strong>ὤν’</strong></span> <span class='ocrx_word' id='word_1_450' title='bbox 3523 2099 3557 2164; x_wconf 82' lang='grc' dir='ltr'>ἡ</span> <span class='ocrx_word' id='word_1_451' title='bbox 3590 2096 3726 2174; x_wconf 78' lang='grc' dir='ltr'>ζωὴ,</span> <span class='ocrx_word' id='word_1_452' title='bbox 3761 2096 3822 2151; x_wconf 82' lang='grc' dir='ltr'>τὸ</span> <span class='ocrx_word' id='word_1_453' title='bbox 3879 2100 4017 2173; x_wconf 77' lang='grc' dir='ltr'><strong>φῶς,</strong></span> 
     </span>
    </p>
   </div>
   <div class='ocr_carea' id='block_1_60' title="bbox 2373 2183 4019 2265">
    <p class='ocr_par' dir='ltr' id='par_1_60' title="bbox 2373 2183 4019 2265">
     <span class='ocr_line' id='line_1_79' title="bbox 2373 2183 4019 2265; baseline 0 -28"><span class='ocrx_word' id='word_1_454' title='bbox 2373 2184 2399 2237; x_wconf 84' lang='grc' dir='ltr'><strong>ὁ</strong></span> <span class='ocrx_word' id='word_1_455' title='bbox 2460 2184 2613 2255; x_wconf 81' lang='grc' dir='ltr'>Θεὸς,</span> <span class='ocrx_word' id='word_1_456' title='bbox 2649 2186 2682 2251; x_wconf 81' lang='grc' dir='ltr'>ἡ</span> <span class='ocrx_word' id='word_1_457' title='bbox 2744 2184 2987 2265; x_wconf 73' lang='grc' dir='ltr'>ἀλήθεια,</span> <span class='ocrx_word' id='word_1_458' title='bbox 3020 2187 3109 2241; x_wconf 82' lang='grc' dir='ltr'>καὶ</span> <span class='ocrx_word' id='word_1_459' title='bbox 3167 2185 3292 2242; x_wconf 82' lang='grc' dir='ltr'>ὅταν</span> <span class='ocrx_word' id='word_1_460' title='bbox 3325 2187 3469 2242; x_wconf 68' lang='grc' dir='ltr'>αὐτοὶ</span> <span class='ocrx_word' id='word_1_461' title='bbox 3512 2192 3619 2241; x_wconf 83' lang='grc' dir='ltr'>τῶν</span> <span class='ocrx_word' id='word_1_462' title='bbox 3650 2186 3862 2241; x_wconf 85' lang='grc' dir='ltr'>πάντων</span> <span class='ocrx_word' id='word_1_463' title='bbox 3922 2183 4019 2239; x_wconf 73' lang='grc' dir='ltr'><strong>αἷ-</strong></span> 
     </span>
    </p>
   </div>
   <div class='ocr_carea' id='block_1_61' title="bbox 2371 2269 4021 2354">
    <p class='ocr_par' dir='ltr' id='par_1_61' title="bbox 2371 2269 4021 2354">
     <span class='ocr_line' id='line_1_80' title="bbox 2371 2269 4021 2354; baseline 0.001 -27"><span class='ocrx_word' id='word_1_464' title='bbox 2371 2294 2482 2329; x_wconf 85' lang='grc' dir='ltr'>τιον</span> <span class='ocrx_word' id='word_1_465' title='bbox 2512 2269 2565 2314; x_wconf 65' lang='grc'><strong>⁸7</strong></span> <span class='ocrx_word' id='word_1_466' title='bbox 2596 2275 2641 2330; x_wconf 81' lang='grc' dir='ltr'>οἱ</span> <span class='ocrx_word' id='word_1_467' title='bbox 2671 2275 2912 2354; x_wconf 70' lang='grc' dir='ltr'>θεόσοεροι</span> <span class='ocrx_word' id='word_1_468' title='bbox 2958 2274 3316 2350; x_wconf 56' lang='grc' dir='ltr'>πολ-»ωιύμως</span> <span class='ocrx_word' id='word_1_469' title='bbox 3350 2275 3409 2331; x_wconf 77' lang='grc' dir='ltr'><strong>ἐκ</strong></span> <span class='ocrx_word' id='word_1_470' title='bbox 3466 2276 3677 2332; x_wconf 80' lang='grc' dir='ltr'>πάντων</span> <span class='ocrx_word' id='word_1_471' title='bbox 3707 2281 3811 2331; x_wconf 81' lang='grc' dir='ltr'>τῶν</span> <span class='ocrx_word' id='word_1_472' title='bbox 3844 2275 4021 2330; x_wconf 82' lang='grc' dir='ltr'>αἰτια-</span> 
     </span>
    </p>
   </div>
   <div class='ocr_carea' id='block_1_62' title="bbox 2371 2364 4023 2445">
    <p class='ocr_par' dir='ltr' id='par_1_62' title="bbox 2371 2364 4023 2445">
     <span class='ocr_line' id='line_1_81' title="bbox 2371 2364 4023 2445; baseline 0.002 -27"><span class='ocrx_word' id='word_1_473' title='bbox 2371 2368 2475 2418; x_wconf 83' lang='grc' dir='ltr'>τῶν</span> <span class='ocrx_word' id='word_1_474' title='bbox 2532 2365 2787 2439; x_wconf 76' lang='grc' dir='ltr'>ὑμνῶσιν,</span> <span class='ocrx_word' id='word_1_475' title='bbox 2844 2368 2918 2428; x_wconf 81' lang='grc' dir='ltr'><strong>ὡς</strong></span> <span class='ocrx_word' id='word_1_476' title='bbox 2980 2364 3198 2443; x_wconf 79' lang='grc' dir='ltr'>ἀγαθὰν,</span> <span class='ocrx_word' id='word_1_477' title='bbox 3246 2368 3318 2428; x_wconf 83' lang='grc' dir='ltr'><strong>ὡς</strong></span> <span class='ocrx_word' id='word_1_478' title='bbox 3371 2364 3556 2445; x_wconf 84' lang='grc' dir='ltr'>καλὸν,</span> <span class='ocrx_word' id='word_1_479' title='bbox 3605 2368 3678 2429; x_wconf 82' lang='grc' dir='ltr'><strong>ὡς</strong></span> <span class='ocrx_word' id='word_1_480' title='bbox 3729 2366 3916 2442; x_wconf 65' lang='grc' dir='ltr'>σοφὸν,</span> <span class='ocrx_word' id='word_1_481' title='bbox 3948 2366 4023 2426; x_wconf 82' lang='grc' dir='ltr'><strong>ὡς</strong></span> 
     </span>
    </p>
   </div>
   <div class='ocr_carea' id='block_1_63' title="bbox 2372 2453 4022 2533">
    <p class='ocr_par' dir='ltr' id='par_1_63' title="bbox 2372 2453 4022 2533">
     <span class='ocr_line' id='line_1_82' title="bbox 2372 2453 4022 2533; baseline 0.001 -25"><span class='ocrx_word' id='word_1_482' title='bbox 2372 2453 2672 2529; x_wconf 79' lang='grc' dir='ltr'>ἀγαπητὸν,</span> <span class='ocrx_word' id='word_1_483' title='bbox 2734 2455 2807 2518; x_wconf 83' lang='grc' dir='ltr'><strong>ὡς</strong></span> <span class='ocrx_word' id='word_1_484' title='bbox 2867 2457 2997 2511; x_wconf 83' lang='grc' dir='ltr'>Θεὸν</span> <span class='ocrx_word' id='word_1_485' title='bbox 3068 2459 3222 2530; x_wconf 81' lang='grc' dir='ltr'>Θεῶν,</span> <span class='ocrx_word' id='word_1_486' title='bbox 3286 2457 3358 2517; x_wconf 77' lang='grc' dir='ltr'><strong>ὡς</strong></span> <span class='ocrx_word' id='word_1_487' title='bbox 3419 2456 3603 2533; x_wconf 79' lang='grc' dir='ltr'>Κύριον</span> <span class='ocrx_word' id='word_1_488' title='bbox 3674 2457 3887 2533; x_wconf 76' lang='grc' dir='ltr'>κυρίων,</span> <span class='ocrx_word' id='word_1_489' title='bbox 3948 2454 4022 2516; x_wconf 81' lang='grc' dir='ltr'><strong>ὣς</strong></span> 
     </span>
    </p>
   </div>
   <div class='ocr_carea' id='block_1_64' title="bbox 2374 2530 4023 2624">
    <p class='ocr_par' dir='ltr' id='par_1_64' title="bbox 2374 2530 4023 2624">
     <span class='ocr_line' id='line_1_83' title="bbox 2374 2530 4023 2624; baseline 0 -25"><span class='ocrx_word' id='word_1_490' title='bbox 2374 2530 2578 2620; x_wconf 65' lang='grc' dir='ltr'><strong>⁸Ἀγιον</strong></span> <span class='ocrx_word' id='word_1_491' title='bbox 2634 2543 2817 2620; x_wconf 75' lang='grc' dir='ltr'>ἁγίων,</span> <span class='ocrx_word' id='word_1_492' title='bbox 2855 2547 2927 2610; x_wconf 86' lang='grc' dir='ltr'><strong>ὡς</strong></span> <span class='ocrx_word' id='word_1_493' title='bbox 2981 2545 3213 2617; x_wconf 77' lang='grc' dir='ltr'>αἰώνιον,</span> <span class='ocrx_word' id='word_1_494' title='bbox 3248 2548 3321 2609; x_wconf 84' lang='grc' dir='ltr'><strong>ὡς</strong></span> <span class='ocrx_word' id='word_1_495' title='bbox 3372 2544 3523 2624; x_wconf 73' lang='grc' dir='ltr'>ὄντα,</span> <span class='ocrx_word' id='word_1_496' title='bbox 3557 2546 3644 2600; x_wconf 82' lang='grc' dir='ltr'>καὶ</span> <span class='ocrx_word' id='word_1_497' title='bbox 3696 2548 3768 2609; x_wconf 80' lang='grc' dir='ltr'><strong>ὡς</strong></span> <span class='ocrx_word' id='word_1_498' title='bbox 3816 2545 4023 2600; x_wconf 73' lang='grc' dir='ltr'>αἰώνων</span> 
     </span>
    </p>
   </div>
   <div class='ocr_carea' id='block_1_65' title="bbox 2373 2635 4024 2714">
    <p class='ocr_par' dir='ltr' id='par_1_65' title="bbox 2373 2635 4024 2714">
     <span class='ocr_line' id='line_1_84' title="bbox 2373 2635 4024 2714; baseline 0.004 -26"><span class='ocrx_word' id='word_1_499' title='bbox 2373 2644 2570 2689; x_wconf 73' lang='grc' dir='ltr'><strong>ιιΐτιον⁵</strong></span> <span class='ocrx_word' id='word_1_500' title='bbox 2630 2636 2703 2697; x_wconf 85' lang='grc' dir='ltr'><strong>ὡς</strong></span> <span class='ocrx_word' id='word_1_501' title='bbox 2746 2639 2889 2705; x_wconf 79' lang='grc' dir='ltr'>ζωῆς</span> <span class='ocrx_word' id='word_1_502' title='bbox 2950 2637 3214 2714; x_wconf 81' lang='grc' dir='ltr'>χορηγὸν,</span> <span class='ocrx_word' id='word_1_503' title='bbox 3260 2638 3333 2699; x_wconf 85' lang='grc' dir='ltr'><strong>ὡς</strong></span> <span class='ocrx_word' id='word_1_504' title='bbox 3390 2635 3600 2711; x_wconf 60' lang='grc' dir='ltr'>σοφίαν,</span> <span class='ocrx_word' id='word_1_505' title='bbox 3637 2636 3710 2696; x_wconf 83' lang='grc' dir='ltr'><strong>ὡς</strong></span> <span class='ocrx_word' id='word_1_506' title='bbox 3770 2642 3912 2713; x_wconf 78' lang='grc' dir='ltr'>νοῦν,</span> <span class='ocrx_word' id='word_1_507' title='bbox 3947 2637 4024 2694; x_wconf 73' lang='grc' dir='ltr'><strong>ὡς</strong></span> 
     </span>
    </p>
   </div>
   <div class='ocr_carea' id='block_1_66' title="bbox 2377 2722 4024 2803">
    <p class='ocr_par' dir='ltr' id='par_1_66' title="bbox 2377 2722 4024 2803">
     <span class='ocr_line' id='line_1_85' title="bbox 2377 2722 4024 2803; baseline 0.001 -26"><span class='ocrx_word' id='word_1_508' title='bbox 2377 2723 2568 2798; x_wconf 77' lang='grc' dir='ltr'>Λόγον,</span> <span class='ocrx_word' id='word_1_509' title='bbox 2599 2725 2673 2784; x_wconf 76' lang='grc' dir='ltr'><strong>ὡς</strong></span> <span class='ocrx_word' id='word_1_510' title='bbox 2721 2726 2989 2801; x_wconf 82' lang='grc' dir='ltr'>γνώστην,</span> <span class='ocrx_word' id='word_1_511' title='bbox 3028 2727 3099 2786; x_wconf 81' lang='grc' dir='ltr'><strong>ὡς</strong></span> <span class='ocrx_word' id='word_1_512' title='bbox 3154 2724 3484 2803; x_wconf 70' lang='grc' dir='ltr'>ὑπερέχοντα</span> <span class='ocrx_word' id='word_1_513' title='bbox 3539 2722 3596 2765; x_wconf 72' lang='grc'><strong>⁴8</strong></span> <span class='ocrx_word' id='word_1_514' title='bbox 3644 2725 3844 2788; x_wconf 65' lang='grc' dir='ltr'>πάντας</span> <span class='ocrx_word' id='word_1_515' title='bbox 3905 2725 4024 2788; x_wconf 85' lang='grc' dir='ltr'>τοὺς</span> 
     </span>
    </p>
   </div>
   <div class='ocr_carea' id='block_1_67' title="bbox 2374 2811 4021 2893">
    <p class='ocr_par' dir='ltr' id='par_1_67' title="bbox 2374 2811 4021 2893">
     <span class='ocr_line' id='line_1_86' title="bbox 2374 2811 4021 2893; baseline 0.001 -25"><span class='ocrx_word' id='word_1_516' title='bbox 2374 2814 2664 2890; x_wconf 80' lang='grc' dir='ltr'>Θησαυροὺς</span> <span class='ocrx_word' id='word_1_517' title='bbox 2721 2813 2932 2879; x_wconf 77' lang='grc' dir='ltr'>ἂπασης</span> <span class='ocrx_word' id='word_1_518' title='bbox 2991 2811 3048 2857; x_wconf 70' lang='lat'><strong>‘9</strong></span> <span class='ocrx_word' id='word_1_519' title='bbox 3103 2815 3373 2892; x_wconf 83' lang='grc' dir='ltr'>γνώσεως,</span> <span class='ocrx_word' id='word_1_520' title='bbox 3407 2817 3480 2879; x_wconf 85' lang='grc' dir='ltr'><strong>ὡς</strong></span> <span class='ocrx_word' id='word_1_521' title='bbox 3539 2811 3779 2893; x_wconf 80' lang='grc' dir='ltr'>δύναμιν,</span> <span class='ocrx_word' id='word_1_522' title='bbox 3813 2816 3884 2879; x_wconf 71' lang='grc' dir='ltr'>ὡς</span> <span class='ocrx_word' id='word_1_523' title='bbox 3935 2812 4021 2869; x_wconf 80' lang='grc' dir='ltr'><strong>δυ·</strong></span> 
     </span>
    </p>
   </div>
   <div class='ocr_carea' id='block_1_68' title="bbox 2375 2902 4026 2983">
    <p class='ocr_par' dir='ltr' id='par_1_68' title="bbox 2375 2902 4026 2983">
     <span class='ocr_line' id='line_1_87' title="bbox 2375 2902 4026 2983; baseline 0.001 -26"><span class='ocrx_word' id='word_1_524' title='bbox 2375 2902 2596 2974; x_wconf 57' lang='grc' dir='ltr'>νάστην,</span> <span class='ocrx_word' id='word_1_525' title='bbox 2643 2905 2716 2967; x_wconf 80' lang='grc' dir='ltr'><strong>ὡς</strong></span> <span class='ocrx_word' id='word_1_526' title='bbox 2778 2903 3004 2960; x_wconf 85' lang='grc' dir='ltr'>Βασιλέα</span> <span class='ocrx_word' id='word_1_527' title='bbox 3049 2905 3155 2960; x_wconf 67' lang='grc' dir='ltr'>τῶν</span> <span class='ocrx_word' id='word_1_528' title='bbox 3212 2902 3623 2983; x_wconf 67' lang='grc' dir='ltr'><strong>βασιλευόντων,</strong></span> <span class='ocrx_word' id='word_1_529' title='bbox 3668 2905 3740 2965; x_wconf 79' lang='grc' dir='ltr'><strong>ὡς</strong></span> <span class='ocrx_word' id='word_1_530' title='bbox 3799 2902 4026 2959; x_wconf 80' lang='grc' dir='ltr'>παλαιὸν</span> 
     </span>
    </p>
   </div>
   <div class='ocr_carea' id='block_1_69' title="bbox 2376 2992 4023 3071">
    <p class='ocr_par' dir='ltr' id='par_1_69' title="bbox 2376 2992 4023 3071">
     <span class='ocr_line' id='line_1_88' title="bbox 2376 2992 4023 3071; baseline 0.001 -25"><span class='ocrx_word' id='word_1_531' title='bbox 2376 2993 2612 3069; x_wconf 73' lang='grc' dir='ltr'>ἡμερῶν,</span> <span class='ocrx_word' id='word_1_532' title='bbox 2660 2993 2733 3057; x_wconf 79' lang='grc' dir='ltr'><strong>ὣς</strong></span> <span class='ocrx_word' id='word_1_533' title='bbox 2778 2995 2863 3049; x_wconf 84' lang='grc' dir='ltr'>καὶ</span> <span class='ocrx_word' id='word_1_534' title='bbox 2916 2994 3099 3071; x_wconf 66' lang='grc' dir='ltr'>ἀγήρω</span> <span class='ocrx_word' id='word_1_535' title='bbox 3146 2995 3231 3049; x_wconf 85' lang='grc' dir='ltr'><strong>καὶ</strong></span> <span class='ocrx_word' id='word_1_536' title='bbox 3292 2992 3670 3065; x_wconf 72' lang='grc' dir='ltr'>ἀναλλοίωτον,</span> <span class='ocrx_word' id='word_1_537' title='bbox 3708 2996 3781 3055; x_wconf 75' lang='grc' dir='ltr'><strong>ὡς</strong></span> <span class='ocrx_word' id='word_1_538' title='bbox 3842 3015 4023 3059; x_wconf 83' lang='grc' dir='ltr'>σωτη-</span> 
     </span>
    </p>
   </div>
   <div class='ocr_carea' id='block_1_70' title="bbox 2374 3080 4020 3162">
    <p class='ocr_par' dir='ltr' id='par_1_70' title="bbox 2374 3080 4020 3162">
     <span class='ocr_line' id='line_1_89' title="bbox 2374 3080 4020 3162; baseline 0.001 -25"><span class='ocrx_word' id='word_1_539' title='bbox 2374 3083 2512 3159; x_wconf 77' lang='grc' dir='ltr'>ρίαν,</span> <span class='ocrx_word' id='word_1_540' title='bbox 2546 3083 2617 3146; x_wconf 80' lang='grc' dir='ltr'><strong>ὡς</strong></span> <span class='ocrx_word' id='word_1_541' title='bbox 2676 3080 3035 3162; x_wconf 78' lang='grc' dir='ltr'>δικαιοσύνην,</span> <span class='ocrx_word' id='word_1_542' title='bbox 3070 3085 3141 3148; x_wconf 83' lang='grc' dir='ltr'>ὼς</span> <span class='ocrx_word' id='word_1_543' title='bbox 3191 3085 3474 3159; x_wconf 76' lang='grc' dir='ltr'>ἁγίασμὸν,</span> <span class='ocrx_word' id='word_1_544' title='bbox 3508 3085 3581 3145; x_wconf 81' lang='grc' dir='ltr'><strong>ὡς</strong></span> <span class='ocrx_word' id='word_1_545' title='bbox 3633 3082 4020 3159; x_wconf 73' lang='grc' dir='ltr'>ἀπολύτρωσιν,</span> 
     </span>
    </p>
   </div>
   <div class='ocr_carea' id='block_1_71' title="bbox 2374 3171 4026 3252">
    <p class='ocr_par' dir='ltr' id='par_1_71' title="bbox 2374 3171 4026 3252">
     <span class='ocr_line' id='line_1_90' title="bbox 2374 3171 4026 3252; baseline -0.001 -24"><span class='ocrx_word' id='word_1_546' title='bbox 2374 3174 2447 3236; x_wconf 79' lang='grc' dir='ltr'><strong>ὡς</strong></span> <span class='ocrx_word' id='word_1_547' title='bbox 2506 3171 2560 3226; x_wconf 76' lang='grc' dir='ltr'>ἓν</span> <span class='ocrx_word' id='word_1_548' title='bbox 2618 3171 2826 3249; x_wconf 73' lang='grc' dir='ltr'>ἀὲγέθει</span> <span class='ocrx_word' id='word_1_549' title='bbox 2888 3172 3099 3228; x_wconf 78' lang='grc' dir='ltr'>πάντων</span> <span class='ocrx_word' id='word_1_550' title='bbox 3155 3172 3509 3252; x_wconf 77' lang='grc' dir='ltr'>ὑπερέχοντα,</span> <span class='ocrx_word' id='word_1_551' title='bbox 3543 3175 3629 3229; x_wconf 82' lang='grc' dir='ltr'><strong>καὶ</strong></span> <span class='ocrx_word' id='word_1_552' title='bbox 3681 3176 3753 3235; x_wconf 84' lang='grc' dir='ltr'><strong>ὡς</strong></span> <span class='ocrx_word' id='word_1_553' title='bbox 3787 3173 3838 3228; x_wconf 81' lang='grc' dir='ltr'>ἐν</span> <span class='ocrx_word' id='word_1_554' title='bbox 3897 3172 4026 3249; x_wconf 66' lang='grc' dir='ltr'>αὔρᾳ</span> 
     </span>
    </p>
   </div>
   <div class='ocr_carea' id='block_1_72' title="bbox 2375 3261 4026 3341">
    <p class='ocr_par' dir='ltr' id='par_1_72' title="bbox 2375 3261 4026 3341">
     <span class='ocr_line' id='line_1_91' title="bbox 2375 3261 4026 3341; baseline -0.001 -23"><span class='ocrx_word' id='word_1_555' title='bbox 2375 3263 2568 3327; x_wconf 82' lang='grc' dir='ltr'>λεπτῆ.</span> <span class='ocrx_word' id='word_1_556' title='bbox 2636 3262 2731 3318; x_wconf 80' lang='grc' dir='ltr'><strong>Καί</strong></span> <span class='ocrx_word' id='word_1_557' title='bbox 2756 3283 2815 3338; x_wconf 85' lang='grc' dir='ltr'><strong>γε</strong></span> <span class='ocrx_word' id='word_1_558' title='bbox 2873 3262 3041 3318; x_wconf 82' lang='grc' dir='ltr'>καὶέν</span> <span class='ocrx_word' id='word_1_559' title='bbox 3099 3263 3239 3326; x_wconf 84' lang='grc' dir='ltr'>νόοις</span> <span class='ocrx_word' id='word_1_560' title='bbox 3272 3261 3326 3304; x_wconf 80' lang='grc' dir='ltr'><strong>⁵ο</strong></span> <span class='ocrx_word' id='word_1_561' title='bbox 3356 3262 3512 3318; x_wconf 73' lang='grc' dir='ltr'>αὒτὸν</span> <span class='ocrx_word' id='word_1_562' title='bbox 3557 3264 3698 3318; x_wconf 76' lang='grc' dir='ltr'><strong>εἶναί</strong></span> <span class='ocrx_word' id='word_1_563' title='bbox 3753 3285 3906 3341; x_wconf 71' lang='grc' dir='ltr'>φασι,</span> <span class='ocrx_word' id='word_1_564' title='bbox 3938 3264 4026 3317; x_wconf 84' lang='grc' dir='ltr'>καὶ</span> 
     </span>
    </p>
   </div>
   <div class='ocr_carea' id='block_1_73' title="bbox 2375 3350 4023 3431">
    <p class='ocr_par' dir='ltr' id='par_1_73' title="bbox 2375 3350 4023 3431">
     <span class='ocr_line' id='line_1_92' title="bbox 2375 3350 4023 3431; baseline -0.001 -24"><span class='ocrx_word' id='word_1_565' title='bbox 2375 3351 2427 3407; x_wconf 79' lang='grc' dir='ltr'>ἐν</span> <span class='ocrx_word' id='word_1_566' title='bbox 2488 3356 2694 3430; x_wconf 71' lang='grc' dir='ltr'>ψυχαῖς</span> <span class='ocrx_word' id='word_1_567' title='bbox 2727 3352 2813 3408; x_wconf 79' lang='grc' dir='ltr'><strong>καὶ</strong></span> <span class='ocrx_word' id='word_1_568' title='bbox 2874 3351 2926 3407; x_wconf 80' lang='grc' dir='ltr'>ἐν</span> <span class='ocrx_word' id='word_1_569' title='bbox 2958 3352 3193 3425; x_wconf 84' lang='grc' dir='ltr'>σώμασι,</span> <span class='ocrx_word' id='word_1_570' title='bbox 3228 3354 3312 3408; x_wconf 80' lang='grc' dir='ltr'>καὶ</span> <span class='ocrx_word' id='word_1_571' title='bbox 3344 3350 3396 3407; x_wconf 80' lang='grc' dir='ltr'>ἐν</span> <span class='ocrx_word' id='word_1_572' title='bbox 3453 3352 3655 3429; x_wconf 72' lang='grc' dir='ltr'>οὖρανῷ</span> <span class='ocrx_word' id='word_1_573' title='bbox 3698 3354 3785 3407; x_wconf 80' lang='grc' dir='ltr'><strong>καὶ</strong></span> <span class='ocrx_word' id='word_1_574' title='bbox 3817 3351 3869 3406; x_wconf 79' lang='grc' dir='ltr'>ἓν</span> <span class='ocrx_word' id='word_1_575' title='bbox 3926 3359 4023 3431; x_wconf 74' lang='grc' dir='ltr'>γῆ,</span> 
     </span>
    </p>
   </div>
   <div class='ocr_carea' id='block_1_74' title="bbox 2374 3440 4025 3518">
    <p class='ocr_par' dir='ltr' id='par_1_74' title="bbox 2374 3440 4025 3518">
     <span class='ocr_line' id='line_1_93' title="bbox 2374 3440 4025 3518; baseline 0 -21"><span class='ocrx_word' id='word_1_576' title='bbox 2374 3442 2462 3497; x_wconf 81' lang='grc' dir='ltr'><strong>καὶ</strong></span> <span class='ocrx_word' id='word_1_577' title='bbox 2518 3440 2626 3515; x_wconf 70' lang='grc' dir='ltr'><strong>ἅμα</strong></span> <span class='ocrx_word' id='word_1_578' title='bbox 2686 3441 2739 3496; x_wconf 84' lang='grc' dir='ltr'>ἐν</span> <span class='ocrx_word' id='word_1_579' title='bbox 2798 3444 2972 3515; x_wconf 77' lang='grc' dir='ltr'><strong>ταῦτῳ</strong></span> <span class='ocrx_word' id='word_1_580' title='bbox 3025 3444 3115 3497; x_wconf 86' lang='grc' dir='ltr'>τὸν</span> <span class='ocrx_word' id='word_1_581' title='bbox 3179 3441 3362 3515; x_wconf 74' lang='grc' dir='ltr'>αὐτὸν,</span> <span class='ocrx_word' id='word_1_582' title='bbox 3423 3441 3735 3517; x_wconf 80' lang='grc' dir='ltr'>ἐγκόσμιον,</span> <span class='ocrx_word' id='word_1_583' title='bbox 3803 3442 4025 3518; x_wconf 72' lang='grc' dir='ltr'>περικό-</span> 
     </span>
    </p>
   </div>
   <div class='ocr_carea' id='block_1_75' title="bbox 2376 3527 4022 3608">
    <p class='ocr_par' dir='ltr' id='par_1_75' title="bbox 2376 3527 4022 3608">
     <span class='ocr_line' id='line_1_94' title="bbox 2376 3527 4022 3608; baseline -0.002 -24"><span class='ocrx_word' id='word_1_584' title='bbox 2376 3550 2560 3605; x_wconf 84' lang='grc' dir='ltr'>σμιον,</span> <span class='ocrx_word' id='word_1_585' title='bbox 2617 3529 2991 3607; x_wconf 80' lang='grc' dir='ltr'>ὑπερκὸσπιον,</span> <span class='ocrx_word' id='word_1_586' title='bbox 3022 3530 3416 3608; x_wconf 75' lang='grc' dir='ltr'>ὑπερουράνιον,</span> <span class='ocrx_word' id='word_1_587' title='bbox 3462 3531 3798 3607; x_wconf 81' lang='grc' dir='ltr'>ὑπερούσιον,</span> <span class='ocrx_word' id='word_1_588' title='bbox 3844 3527 4022 3599; x_wconf 74' lang='grc' dir='ltr'>ἥλιον,</span> 
     </span>
    </p>
   </div>
   <div class='ocr_carea' id='block_1_76' title="bbox 2377 3617 4026 3700">
    <p class='ocr_par' dir='ltr' id='par_1_76' title="bbox 2377 3617 4026 3700">
     <span class='ocr_line' id='line_1_95' title="bbox 2377 3617 4026 3700; baseline 0 -27"><span class='ocrx_word' id='word_1_589' title='bbox 2377 3618 2592 3697; x_wconf 77' lang='grc' dir='ltr'>ἀστέρα,</span> <span class='ocrx_word' id='word_1_590' title='bbox 2645 3626 2768 3698; x_wconf 78' lang='grc' dir='ltr'>πῦρ,</span> <span class='ocrx_word' id='word_1_591' title='bbox 2815 3619 2972 3698; x_wconf 77' lang='grc' dir='ltr'>ὕδωρ,</span> <span class='ocrx_word' id='word_1_592' title='bbox 3027 3631 3255 3697; x_wconf 82' lang='grc' dir='ltr'>πνεῦμα,</span> <span class='ocrx_word' id='word_1_593' title='bbox 3309 3618 3515 3696; x_wconf 84' lang='grc' dir='ltr'>δρόσον,</span> <span class='ocrx_word' id='word_1_594' title='bbox 3562 3617 3811 3700; x_wconf 70' lang='grc' dir='ltr'>νεφέλην,</span> <span class='ocrx_word' id='word_1_595' title='bbox 3864 3618 4026 3675; x_wconf 73' lang='grc' dir='ltr'>αὒτό-</span> 
     </span>
    </p>
   </div>
   <div class='ocr_carea' id='block_1_77' title="bbox 2374 3706 4027 3788">
    <p class='ocr_par' dir='ltr' id='par_1_77' title="bbox 2374 3706 4027 3788">
     <span class='ocr_line' id='line_1_96' title="bbox 2374 3706 4027 3788; baseline -0.001 -25"><span class='ocrx_word' id='word_1_596' title='bbox 2374 3707 2542 3783; x_wconf 84' lang='grc' dir='ltr'>λιθον,</span> <span class='ocrx_word' id='word_1_597' title='bbox 2603 3710 2689 3763; x_wconf 78' lang='grc' dir='ltr'>καὶ</span> <span class='ocrx_word' id='word_1_598' title='bbox 2747 3707 2963 3788; x_wconf 83' lang='grc' dir='ltr'>πέτραν,</span> <span class='ocrx_word' id='word_1_599' title='bbox 3018 3714 3187 3766; x_wconf 85' lang='grc' dir='ltr'>πάντα</span> <span class='ocrx_word' id='word_1_600' title='bbox 3248 3711 3314 3766; x_wconf 77' lang='grc' dir='ltr'>τὰ</span> <span class='ocrx_word' id='word_1_601' title='bbox 3362 3708 3509 3784; x_wconf 81' lang='grc' dir='ltr'>ὄντα,</span> <span class='ocrx_word' id='word_1_602' title='bbox 3569 3709 3656 3763; x_wconf 83' lang='grc' dir='ltr'>καὶ</span> <span class='ocrx_word' id='word_1_603' title='bbox 3714 3706 3861 3765; x_wconf 72' lang='grc' dir='ltr'>οὐδὲν</span> <span class='ocrx_word' id='word_1_604' title='bbox 3921 3708 4027 3764; x_wconf 75' lang='grc' dir='ltr'>τῶν</span> 
     </span>
    </p>
   </div>
   <div class='ocr_carea' id='block_1_78' title="bbox 2377 3794 2572 3857">
    <p class='ocr_par' dir='ltr' id='par_1_78' title="bbox 2377 3794 2572 3857">
     <span class='ocr_line' id='line_1_97' title="bbox 2377 3794 2572 3857; baseline 0.015 -4"><span class='ocrx_word' id='word_1_605' title='bbox 2377 3794 2545 3853; x_wconf 79' lang='grc' dir='ltr'>ὄντων</span> <span class='ocrx_word' id='word_1_606' title='bbox 2560 3845 2572 3857; x_wconf 93' lang='grc'>.</span> 
     </span>
    </p>
   </div>
   <div class='ocr_carea' id='block_1_79' title="bbox 2244 4013 2429 4097">
    <p class='ocr_par' dir='ltr' id='par_1_79' title="bbox 2244 4013 2429 4097">
     <span class='ocr_line' id='line_1_98' title="bbox 2244 4013 2429 4097; baseline 0.011 -18"><span class='ocrx_word' id='word_1_607' title='bbox 2244 4017 2273 4097; x_wconf 81' lang='lat'><strong>§</strong></span> <span class='ocrx_word' id='word_1_608' title='bbox 2305 4013 2429 4081; x_wconf 86' lang='lat' dir='ltr'><strong>vn.</strong></span> 
     </span>
    </p>
   </div>
   <div class='ocr_carea' id='block_1_80' title="bbox 729 4174 2299 4258">
    <p class='ocr_par' dir='ltr' id='par_1_80' title="bbox 729 4174 2299 4258">
     <span class='ocr_line' id='line_1_99' title="bbox 729 4174 2299 4258; baseline -0.001 -19"><span class='ocrx_word' id='word_1_609' title='bbox 729 4174 830 4240; x_wconf 91' lang='lat' dir='ltr'><strong>Sic</strong></span> <span class='ocrx_word' id='word_1_610' title='bbox 861 4176 1038 4257; x_wconf 86' lang='lat' dir='ltr'><strong>igitur</strong></span> <span class='ocrx_word' id='word_1_611' title='bbox 1089 4177 1142 4238; x_wconf 92' lang='lat' dir='ltr'><strong>ei</strong></span> <span class='ocrx_word' id='word_1_612' title='bbox 1175 4176 1274 4258; x_wconf 88' lang='lat' dir='ltr'><strong>qui</strong></span> <span class='ocrx_word' id='word_1_613' title='bbox 1323 4178 1589 4239; x_wconf 89' lang='lat' dir='ltr'><strong>omnium</strong></span> <span class='ocrx_word' id='word_1_614' title='bbox 1625 4195 1827 4239; x_wconf 87' lang='lat' dir='ltr'><strong>rerum</strong></span> <span class='ocrx_word' id='word_1_615' title='bbox 1886 4196 2063 4241; x_wconf 85' lang='lat' dir='ltr'><strong>causa</strong></span> <span class='ocrx_word' id='word_1_616' title='bbox 2093 4186 2205 4253; x_wconf 89' lang='lat' dir='ltr'><strong>est,</strong></span> <span class='ocrx_word' id='word_1_617' title='bbox 2240 4185 2299 4238; x_wconf 91' lang='lat' dir='ltr'><strong>et</strong></span> 
     </span>
    </p>
   </div>
   <div class='ocr_carea' id='block_1_81' title="bbox 648 4267 2298 4348">
    <p class='ocr_par' dir='ltr' id='par_1_81' title="bbox 648 4267 2298 4348">
     <span class='ocr_line' id='line_1_100' title="bbox 648 4267 2298 4348; baseline -0.001 -19"><span class='ocrx_word' id='word_1_618' title='bbox 648 4284 829 4347; x_wconf 86' lang='lat' dir='ltr'><strong>supra</strong></span> <span class='ocrx_word' id='word_1_619' title='bbox 856 4267 1579 4348; x_wconf 86' lang='lat' dir='ltr'><strong>omnia,congruitcarere</strong></span> <span class='ocrx_word' id='word_1_620' title='bbox 1596 4268 1860 4341; x_wconf 90' lang='lat' dir='ltr'><strong>nomine,</strong></span> <span class='ocrx_word' id='word_1_621' title='bbox 1888 4275 2298 4348; x_wconf 89' lang='lat' dir='ltr'><strong>etcongruunt</strong></span> 
     </span>
    </p>
   </div>
   <div class='ocr_carea' id='block_1_82' title="bbox 647 4356 2297 4436">
    <p class='ocr_par' dir='ltr' id='par_1_82' title="bbox 647 4356 2297 4436">
     <span class='ocr_line' id='line_1_101' title="bbox 647 4356 2297 4436; baseline -0.001 -18"><span class='ocrx_word' id='word_1_622' title='bbox 647 4374 855 4418; x_wconf 87' lang='lat' dir='ltr'><strong>rursus</strong></span> <span class='ocrx_word' id='word_1_623' title='bbox 886 4356 1088 4418; x_wconf 89' lang='lat' dir='ltr'><strong>omnia</strong></span> <span class='ocrx_word' id='word_1_624' title='bbox 1118 4374 1318 4419; x_wconf 89' lang='lat' dir='ltr'><strong>rerum</strong></span> <span class='ocrx_word' id='word_1_625' title='bbox 1346 4358 1613 4420; x_wconf 91' lang='lat' dir='ltr'><strong>omnium</strong></span> <span class='ocrx_word' id='word_1_626' title='bbox 1641 4359 1977 4434; x_wconf 83' lang='lat' dir='ltr'><strong>nomina,ut</strong></span> <span class='ocrx_word' id='word_1_627' title='bbox 2008 4360 2083 4420; x_wconf 84' lang='lat' dir='ltr'><strong>sit</strong></span> <span class='ocrx_word' id='word_1_628' title='bbox 2108 4357 2297 4436; x_wconf 78' lang='lat' dir='ltr'><strong>perfe-</strong></span> 
     </span>
    </p>
   </div>
   <div class='ocr_carea' id='block_1_83' title="bbox 648 4446 2293 4528">
    <p class='ocr_par' dir='ltr' id='par_1_83' title="bbox 648 4446 2293 4528">
     <span class='ocr_line' id='line_1_102' title="bbox 648 4446 2293 4528; baseline 0 -21"><span class='ocrx_word' id='word_1_629' title='bbox 648 4455 745 4507; x_wconf 84' lang='lat' dir='ltr'><strong>cte</strong></span> <span class='ocrx_word' id='word_1_630' title='bbox 793 4464 1047 4526; x_wconf 86' lang='lat' dir='ltr'><strong>regnum</strong></span> <span class='ocrx_word' id='word_1_631' title='bbox 1100 4446 1501 4509; x_wconf 85' lang='lat' dir='ltr'><strong>universitatis</strong></span> <span class='ocrx_word' id='word_1_632' title='bbox 1544 4465 1773 4528; x_wconf 88' lang='lat' dir='ltr'><strong>rerum,</strong></span> <span class='ocrx_word' id='word_1_633' title='bbox 1810 4455 1868 4509; x_wconf 92' lang='lat' dir='ltr'><strong>et</strong></span> <span class='ocrx_word' id='word_1_634' title='bbox 1896 4448 2055 4509; x_wconf 90' lang='lat' dir='ltr'><strong>circa</strong></span> <span class='ocrx_word' id='word_1_635' title='bbox 2101 4447 2293 4527; x_wconf 92' lang='lat' dir='ltr'><strong>ipsum</strong></span> 
     </span>
    </p>
   </div>
   <div class='ocr_carea' id='block_1_84' title="bbox 650 4536 2292 4617">
    <p class='ocr_par' dir='ltr' id='par_1_84' title="bbox 650 4536 2292 4617">
     <span class='ocr_line' id='line_1_103' title="bbox 650 4536 2292 4617; baseline 0 -20"><span class='ocrx_word' id='word_1_636' title='bbox 650 4536 769 4597; x_wconf 92' lang='lat' dir='ltr'><strong>sint</strong></span> <span class='ocrx_word' id='word_1_637' title='bbox 798 4538 1019 4607; x_wconf 89' lang='lat' dir='ltr'><strong>omnia,</strong></span> <span class='ocrx_word' id='word_1_638' title='bbox 1048 4552 1118 4597; x_wconf 89' lang='lat' dir='ltr'><strong>ex</strong></span> <span class='ocrx_word' id='word_1_639' title='bbox 1150 4536 1306 4616; x_wconf 87' lang='lat' dir='ltr'><strong>ipso,</strong></span> <span class='ocrx_word' id='word_1_640' title='bbox 1341 4545 1620 4617; x_wconf 85' lang='lat' dir='ltr'><strong>tanquam</strong></span> <span class='ocrx_word' id='word_1_641' title='bbox 1662 4555 1729 4600; x_wconf 86' lang='lat' dir='ltr'><strong>ex</strong></span> <span class='ocrx_word' id='word_1_642' title='bbox 1764 4555 1967 4617; x_wconf 91' lang='lat' dir='ltr'><strong>causa,</strong></span> <span class='ocrx_word' id='word_1_643' title='bbox 2002 4537 2292 4617; x_wconf 88' lang='lat' dir='ltr'><strong>principio</strong></span> 
     </span>
    </p>
   </div>
   <div class='ocr_carea' id='block_1_85' title="bbox 649 4624 2291 4709">
    <p class='ocr_par' dir='ltr' id='par_1_85' title="bbox 649 4624 2291 4709">
     <span class='ocr_line' id='line_1_104' title="bbox 649 4624 2291 4709; baseline 0 -22"><span class='ocrx_word' id='word_1_644' title='bbox 649 4626 845 4687; x_wconf 81' lang='lat' dir='ltr'><strong>etﬁne</strong></span> <span class='ocrx_word' id='word_1_645' title='bbox 876 4632 1087 4686; x_wconf 77' lang='lat' dir='ltr'><strong>cuncta</strong></span> <span class='ocrx_word' id='word_1_646' title='bbox 1110 4624 1495 4705; x_wconf 89' lang='lat' dir='ltr'><strong>pendeant,et</strong></span> <span class='ocrx_word' id='word_1_647' title='bbox 1521 4626 1649 4709; x_wconf 90' lang='lat' dir='ltr'><strong>ipse</strong></span> <span class='ocrx_word' id='word_1_648' title='bbox 1682 4627 1781 4700; x_wconf 89' lang='lat' dir='ltr'><strong>sit,</strong></span> <span class='ocrx_word' id='word_1_649' title='bbox 1813 4635 1877 4688; x_wconf 92' lang='lat' dir='ltr'><strong>ut</strong></span> <span class='ocrx_word' id='word_1_650' title='bbox 1906 4627 1988 4688; x_wconf 90' lang='lat' dir='ltr'><strong>ait</strong></span> <span class='ocrx_word' id='word_1_651' title='bbox 2022 4626 2291 4707; x_wconf 88' lang='lat' dir='ltr'><strong>Scriptu-</strong></span> 
     </span>
    </p>
   </div>
   <div class='ocr_carea' id='block_1_86' title="bbox 648 4711 2296 4795">
    <p class='ocr_par' dir='ltr' id='par_1_86' title="bbox 648 4711 2296 4795">
     <span class='ocr_line' id='line_1_105' title="bbox 648 4711 2296 4795; baseline 0 -20"><span class='ocrx_word' id='word_1_652' title='bbox 648 4714 947 4795; x_wconf 85' lang='lat' dir='ltr'><strong>ra,omm&#39;a</strong></span> <span class='ocrx_word' id='word_1_653' title='bbox 966 4714 1028 4775; x_wconf 84' lang='lat' dir='ltr'><strong>iu</strong></span> <span class='ocrx_word' id='word_1_654' title='bbox 1047 4711 1328 4776; x_wconf 78' lang='lat' dir='ltr'><strong>omnibus</strong></span> <span class='ocrx_word' id='word_1_655' title='bbox 1360 4724 1674 4795; x_wconf 56' lang='lat' dir='ltr'><strong>uereque</strong></span> <span class='ocrx_word' id='word_1_656' title='bbox 1697 4715 2071 4789; x_wconf 85' lang='lat' dir='ltr'><strong>laudetur,ut</strong></span> <span class='ocrx_word' id='word_1_657' title='bbox 2094 4714 2296 4777; x_wconf 75' lang='lat' dir='ltr'><strong>omnia</strong></span> 
     </span>
    </p>
   </div>
   <div class='ocr_carea' id='block_1_87' title="bbox 2461 4179 4026 4261">
    <p class='ocr_par' dir='ltr' id='par_1_87' title="bbox 2461 4179 4026 4261">
     <span class='ocr_line' id='line_1_106' title="bbox 2461 4179 4026 4261; baseline -0.001 -22"><span class='ocrx_word' id='word_1_658' title='bbox 2461 4179 2641 4245; x_wconf 67' lang='grc' dir='ltr'>Οὕτως</span> <span class='ocrx_word' id='word_1_659' title='bbox 2695 4182 2804 4261; x_wconf 74' lang='grc' dir='ltr'>οὖν,</span> <span class='ocrx_word' id='word_1_660' title='bbox 2840 4189 2906 4259; x_wconf 79' lang='grc' dir='ltr'>τῇ</span> <span class='ocrx_word' id='word_1_661' title='bbox 2951 4184 3163 4239; x_wconf 79' lang='grc' dir='ltr'>πάντων</span> <span class='ocrx_word' id='word_1_662' title='bbox 3206 4186 3345 4257; x_wconf 74' lang='grc' dir='ltr'>αἰτίᾳ</span> <span class='ocrx_word' id='word_1_663' title='bbox 3382 4186 3466 4241; x_wconf 76' lang='grc' dir='ltr'>καὶ</span> <span class='ocrx_word' id='word_1_664' title='bbox 3525 4185 3654 4261; x_wconf 71' lang='grc' dir='ltr'><strong>ὑπὲρ</strong></span> <span class='ocrx_word' id='word_1_665' title='bbox 3700 4190 3871 4241; x_wconf 71' lang='grc' dir='ltr'>πάντα</span> <span class='ocrx_word' id='word_1_666' title='bbox 3932 4183 4026 4238; x_wconf 73' lang='grc' dir='ltr'>οὔ·</span> 
     </span>
    </p>
   </div>
   <div class='ocr_carea' id='block_1_88' title="bbox 2380 4270 4029 4353">
    <p class='ocr_par' dir='ltr' id='par_1_88' title="bbox 2380 4270 4029 4353">
     <span class='ocr_line' id='line_1_107' title="bbox 2380 4270 4029 4353; baseline 0.002 -28"><span class='ocrx_word' id='word_1_667' title='bbox 2380 4293 2471 4347; x_wconf 82' lang='grc' dir='ltr'>σῃ,</span> <span class='ocrx_word' id='word_1_668' title='bbox 2506 4273 2591 4327; x_wconf 85' lang='grc' dir='ltr'>καὶ</span> <span class='ocrx_word' id='word_1_669' title='bbox 2648 4274 2707 4326; x_wconf 84' lang='grc' dir='ltr'>τὸ</span> <span class='ocrx_word' id='word_1_670' title='bbox 2769 4270 3041 4347; x_wconf 79' lang='grc' dir='ltr'>ἀνώνυμον</span> <span class='ocrx_word' id='word_1_671' title='bbox 3100 4273 3411 4353; x_wconf 67' lang='grc' dir='ltr'>ἐφαρμόσει,</span> <span class='ocrx_word' id='word_1_672' title='bbox 3444 4276 3532 4331; x_wconf 80' lang='grc' dir='ltr'>καὶ</span> <span class='ocrx_word' id='word_1_673' title='bbox 3592 4275 3762 4330; x_wconf 74' lang='grc' dir='ltr'>πάντα</span> <span class='ocrx_word' id='word_1_674' title='bbox 3803 4274 3867 4328; x_wconf 75' lang='grc' dir='ltr'>τὰ</span> <span class='ocrx_word' id='word_1_675' title='bbox 3923 4274 4029 4329; x_wconf 80' lang='grc' dir='ltr'><strong>τῶν</strong></span> 
     </span>
    </p>
   </div>
   <div class='ocr_carea' id='block_1_89' title="bbox 2380 4359 4024 4440">
    <p class='ocr_par' dir='ltr' id='par_1_89' title="bbox 2380 4359 4024 4440">
     <span class='ocr_line' id='line_1_108' title="bbox 2380 4359 4024 4440; baseline 0.002 -25"><span class='ocrx_word' id='word_1_676' title='bbox 2380 4359 2546 4417; x_wconf 75' lang='grc' dir='ltr'>ὄντων</span> <span class='ocrx_word' id='word_1_677' title='bbox 2600 4361 2850 4436; x_wconf 85' lang='grc' dir='ltr'>ὀνόποτα,</span> <span class='ocrx_word' id='word_1_678' title='bbox 2888 4362 2978 4417; x_wconf 63' lang='grc' dir='ltr'>ἵνα</span> <span class='ocrx_word' id='word_1_679' title='bbox 3011 4363 3235 4440; x_wconf 76' lang='grc' dir='ltr'>ἀκριϐῶς</span> <span class='ocrx_word' id='word_1_680' title='bbox 3286 4366 3321 4433; x_wconf 75' lang='grc' dir='ltr'><strong>ἦ</strong></span> <span class='ocrx_word' id='word_1_681' title='bbox 3350 4370 3456 4421; x_wconf 83' lang='grc' dir='ltr'>τῶν</span> <span class='ocrx_word' id='word_1_682' title='bbox 3488 4364 3627 4420; x_wconf 80' lang='grc' dir='ltr'>ὅλων</span> <span class='ocrx_word' id='word_1_683' title='bbox 3675 4362 3916 4440; x_wconf 80' lang='grc' dir='ltr'>βασιλεία</span> <span class='ocrx_word' id='word_1_684' title='bbox 3949 4361 4024 4429; x_wconf 71' lang='grc' dir='ltr'><strong>δι,</strong></span> 
     </span>
    </p>
   </div>
   <div class='ocr_carea' id='block_1_90' title="bbox 2381 4451 4027 4533">
    <p class='ocr_par' dir='ltr' id='par_1_90' title="bbox 2381 4451 4027 4533">
     <span class='ocr_line' id='line_1_109' title="bbox 2381 4451 4027 4533; baseline 0.001 -27"><span class='ocrx_word' id='word_1_685' title='bbox 2381 4451 2467 4507; x_wconf 72' lang='grc' dir='ltr'>ιιαὶ</span> <span class='ocrx_word' id='word_1_686' title='bbox 2510 4453 2626 4527; x_wconf 83' lang='grc' dir='ltr'>περῖ</span> <span class='ocrx_word' id='word_1_687' title='bbox 2668 4452 2829 4518; x_wconf 69' lang='grc' dir='ltr'>αὐτὴν</span> <span class='ocrx_word' id='word_1_688' title='bbox 2865 4451 2900 4527; x_wconf 73' lang='grc' dir='ltr'><strong>ᾗ</strong></span> <span class='ocrx_word' id='word_1_689' title='bbox 2950 4453 3014 4507; x_wconf 83' lang='grc' dir='ltr'><strong>τὰ</strong></span> <span class='ocrx_word' id='word_1_690' title='bbox 3044 4455 3239 4533; x_wconf 79' lang='grc' dir='ltr'>πάντα,</span> <span class='ocrx_word' id='word_1_691' title='bbox 3272 4455 3359 4509; x_wconf 86' lang='grc' dir='ltr'>καὶ</span> <span class='ocrx_word' id='word_1_692' title='bbox 3416 4455 3578 4519; x_wconf 70' lang='grc' dir='ltr'><strong>αὒτῆς</strong></span> <span class='ocrx_word' id='word_1_693' title='bbox 3624 4455 3696 4517; x_wconf 80' lang='grc' dir='ltr'><strong>ὡς</strong></span> <span class='ocrx_word' id='word_1_694' title='bbox 3730 4453 3922 4532; x_wconf 68' lang='grc' dir='ltr'>αἰτίας,</span> <span class='ocrx_word' id='word_1_695' title='bbox 3955 4454 4027 4516; x_wconf 78' lang='grc' dir='ltr'><strong>ὡς</strong></span> 
     </span>
    </p>
   </div>
   <div class='ocr_carea' id='block_1_91' title="bbox 2378 4539 4027 4622">
    <p class='ocr_par' dir='ltr' id='par_1_91' title="bbox 2378 4539 4027 4622">
     <span class='ocr_line' id='line_1_110' title="bbox 2378 4539 4027 4622; baseline 0.002 -28"><span class='ocrx_word' id='word_1_696' title='bbox 2378 4539 2579 4620; x_wconf 69' lang='grc' dir='ltr'>ἀρχῆς,</span> <span class='ocrx_word' id='word_1_697' title='bbox 2627 4542 2699 4603; x_wconf 84' lang='grc' dir='ltr'><strong>ὼς</strong></span> <span class='ocrx_word' id='word_1_698' title='bbox 2744 4539 2993 4620; x_wconf 79' lang='grc' dir='ltr'>πέρατος,</span> <span class='ocrx_word' id='word_1_699' title='bbox 3027 4541 3384 4622; x_wconf 71' lang='grc' dir='ltr'>ἒξτ,ρττ,μένα,</span> <span class='ocrx_word' id='word_1_700' title='bbox 3436 4546 3522 4599; x_wconf 80' lang='grc' dir='ltr'>καὶ</span> <span class='ocrx_word' id='word_1_701' title='bbox 3584 4544 3740 4621; x_wconf 73' lang='grc' dir='ltr'>αὐτὴ,</span> <span class='ocrx_word' id='word_1_702' title='bbox 3775 4543 3910 4597; x_wconf 82' lang='grc' dir='ltr'>κατὰ</span> <span class='ocrx_word' id='word_1_703' title='bbox 3967 4543 4027 4597; x_wconf 83' lang='grc' dir='ltr'>τὸ</span> 
     </span>
    </p>
   </div>
   <div class='ocr_carea' id='block_1_92' title="bbox 2376 4627 4026 4709">
    <p class='ocr_par' dir='ltr' id='par_1_92' title="bbox 2376 4627 4026 4709">
     <span class='ocr_line' id='line_1_111' title="bbox 2376 4627 4026 4709; baseline 0.001 -26"><span class='ocrx_word' id='word_1_704' title='bbox 2376 4627 2648 4709; x_wconf 67' lang='grc' dir='ltr'>λόγιοθ,ᾗ</span> <span class='ocrx_word' id='word_1_705' title='bbox 2702 4631 2765 4686; x_wconf 71' lang='grc' dir='ltr'>τὰ</span> <span class='ocrx_word' id='word_1_706' title='bbox 2824 4631 2995 4687; x_wconf 82' lang='grc' dir='ltr'>πάντα</span> <span class='ocrx_word' id='word_1_707' title='bbox 3053 4631 3106 4687; x_wconf 80' lang='grc' dir='ltr'>ἒν</span> <span class='ocrx_word' id='word_1_708' title='bbox 3166 4638 3319 4707; x_wconf 79' lang='grc' dir='ltr'>πᾶσι,</span> <span class='ocrx_word' id='word_1_709' title='bbox 3383 4634 3468 4689; x_wconf 81' lang='grc' dir='ltr'>καὶ</span> <span class='ocrx_word' id='word_1_710' title='bbox 3526 4631 3740 4697; x_wconf 80' lang='grc' dir='ltr'>ἀληθῶς</span> <span class='ocrx_word' id='word_1_711' title='bbox 3796 4632 4026 4704; x_wconf 75' lang='grc' dir='ltr'>ὑμνῆται</span> 
     </span>
    </p>
   </div>
   <div class='ocr_carea' id='block_1_93' title="bbox 2376 4718 4027 4801">
    <p class='ocr_par' dir='ltr' id='par_1_93' title="bbox 2376 4718 4027 4801">
     <span class='ocr_line' id='line_1_112' title="bbox 2376 4718 4027 4801; baseline 0.001 -26"><span class='ocrx_word' id='word_1_712' title='bbox 2376 4720 2588 4775; x_wconf 83' lang='grc' dir='ltr'>πάντων</span> <span class='ocrx_word' id='word_1_713' title='bbox 2645 4721 2953 4795; x_wconf 71' lang='grc' dir='ltr'>ὑποσταίτις,</span> <span class='ocrx_word' id='word_1_714' title='bbox 2989 4722 3267 4801; x_wconf 67' lang='grc' dir='ltr'><strong>ἄρχῃ-μκή</strong></span> <span class='ocrx_word' id='word_1_715' title='bbox 3322 4721 3398 4801; x_wconf 62' lang='grc'>⁵2,</span> <span class='ocrx_word' id='word_1_716' title='bbox 3443 4724 3528 4779; x_wconf 80' lang='grc' dir='ltr'>καὶ</span> <span class='ocrx_word' id='word_1_717' title='bbox 3565 4718 3901 4797; x_wconf 71' lang='grc' dir='ltr'>τελειωτιϐὴ,</span> <span class='ocrx_word' id='word_1_718' title='bbox 3940 4722 4027 4777; x_wconf 76' lang='grc' dir='ltr'>καὶ</span> 
     </span>
    </p>
   </div>
   <div class='ocr_carea' id='block_1_94' title="bbox 650 4802 2423 4891">
    <p class='ocr_par' dir='ltr' id='par_1_94' title="bbox 650 4802 2423 4888">
     <span class='ocr_line' id='line_1_113' title="bbox 650 4802 2423 4888; baseline 0.001 -23"><span class='ocrx_word' id='word_1_719' title='bbox 650 4802 1326 4884; x_wconf 86' lang='lat' dir='ltr'><strong>procreans,inchoans,</strong></span> <span class='ocrx_word' id='word_1_720' title='bbox 1360 4803 1698 4885; x_wconf 84' lang='lat' dir='ltr'><strong>perficiens,</strong></span> <span class='ocrx_word' id='word_1_721' title='bbox 1724 4806 2281 4886; x_wconf 89' lang='lat' dir='ltr'><strong>continensque,cu-</strong></span> <span class='ocrx_word' id='word_1_722' title='bbox 2315 4831 2423 4888; x_wconf 70' lang='lat' dir='ltr'><strong>Da:</strong></span> 
     </span>
    </p>
   </div>
   <div class='ocr_carea' id='block_1_95' title="bbox 2253 4802 4026 4891">
    <p class='ocr_par' dir='ltr' id='par_1_95' title="bbox 2253 4809 4026 4891">
     <span class='ocr_line' id='line_1_114' title="bbox 2253 4809 4026 4891; baseline 0.001 -27"><span class='ocrx_word' id='word_1_723' title='bbox 2253 4826 2281 4864; x_wconf 79' lang='grc' dir='ltr'>ι·</span> <span class='ocrx_word' id='word_1_724' title='bbox 2315 4811 2681 4888; x_wconf 75' lang='grc' dir='ltr'>οσυνεκτική,</span> <span class='ocrx_word' id='word_1_725' title='bbox 2716 4812 2913 4889; x_wconf 73' lang='grc' dir='ltr'>φρουρὰ</span> <span class='ocrx_word' id='word_1_726' title='bbox 2970 4813 3057 4867; x_wconf 67' lang='grc' dir='ltr'>καὶ</span> <span class='ocrx_word' id='word_1_727' title='bbox 3106 4813 3276 4879; x_wconf 75' lang='grc' dir='ltr'>ἑστία,</span> <span class='ocrx_word' id='word_1_728' title='bbox 3332 4814 3415 4868; x_wconf 80' lang='grc' dir='ltr'>καὶ</span> <span class='ocrx_word' id='word_1_729' title='bbox 3474 4814 3603 4891; x_wconf 75' lang='grc' dir='ltr'>πρὸς</span> <span class='ocrx_word' id='word_1_730' title='bbox 3669 4813 3861 4866; x_wconf 80' lang='grc' dir='ltr'>ἑαυτκν</span> <span class='ocrx_word' id='word_1_731' title='bbox 3908 4809 4026 4865; x_wconf 78' lang='grc' dir='ltr'>ἐπί-</span> 
     </span>
    </p>
   </div>
   <div class='ocr_carea' id='block_1_96' title="bbox 650 4892 2291 4971">
    <p class='ocr_par' dir='ltr' id='par_1_96' title="bbox 650 4892 2291 4971">
     <span class='ocr_line' id='line_1_115' title="bbox 650 4892 2291 4971; baseline 0.002 -17"><span class='ocrx_word' id='word_1_732' title='bbox 650 4892 845 4955; x_wconf 89' lang='lat' dir='ltr'><strong>stodia</strong></span> <span class='ocrx_word' id='word_1_733' title='bbox 863 4910 932 4954; x_wconf 92' lang='lat' dir='ltr'><strong>ac</strong></span> <span class='ocrx_word' id='word_1_734' title='bbox 954 4892 1344 4963; x_wconf 88' lang='lat' dir='ltr'><strong>domicilium,</strong></span> <span class='ocrx_word' id='word_1_735' title='bbox 1380 4893 1712 4971; x_wconf 85' lang='lat' dir='ltr'><strong>eademque</strong></span> <span class='ocrx_word' id='word_1_736' title='bbox 1733 4894 1804 4955; x_wconf 93' lang='lat' dir='ltr'><strong>ad</strong></span> <span class='ocrx_word' id='word_1_737' title='bbox 1823 4912 1888 4957; x_wconf 90' lang='lat' dir='ltr'><strong>se</strong></span> <span class='ocrx_word' id='word_1_738' title='bbox 1912 4905 2291 4970; x_wconf 87' lang='lat' dir='ltr'><strong>convertens,</strong></span> 
     </span>
    </p>
   </div>
   <div class='ocr_carea' id='block_1_97' title="bbox 650 4982 2293 5066">
    <p class='ocr_par' dir='ltr' id='par_1_97' title="bbox 650 4982 2293 5066">
     <span class='ocr_line' id='line_1_116' title="bbox 650 4982 2293 5066; baseline 0.002 -23"><span class='ocrx_word' id='word_1_739' title='bbox 650 4989 827 5063; x_wconf 89' lang='lat' dir='ltr'><strong>atque</strong></span> <span class='ocrx_word' id='word_1_740' title='bbox 847 4982 1965 5066; x_wconf 57' lang='lat' dir='ltr'><strong>hacconjuncte,invicte,exceltenter;</strong></span> <span class='ocrx_word' id='word_1_741' title='bbox 1992 5003 2110 5046; x_wconf 90' lang='lat' dir='ltr'><strong>non</strong></span> <span class='ocrx_word' id='word_1_742' title='bbox 2135 4986 2293 5047; x_wconf 89' lang='lat' dir='ltr'><strong>enim</strong></span> 
     </span>
    </p>
   </div>
   <div class='ocr_carea' id='block_1_98' title="bbox 650 5070 2293 5157">
    <p class='ocr_par' dir='ltr' id='par_1_98' title="bbox 650 5070 2293 5157">
     <span class='ocr_line' id='line_1_117' title="bbox 650 5070 2293 5157; baseline 0.004 -26"><span class='ocrx_word' id='word_1_743' title='bbox 650 5070 844 5132; x_wconf 88' lang='lat' dir='ltr'><strong>solum</strong></span> <span class='ocrx_word' id='word_1_744' title='bbox 863 5077 1140 5134; x_wconf 88' lang='lat' dir='ltr'><strong>estcausa</strong></span> <span class='ocrx_word' id='word_1_745' title='bbox 1157 5072 1503 5135; x_wconf 90' lang='lat' dir='ltr'><strong>continendi</strong></span> <span class='ocrx_word' id='word_1_746' title='bbox 1546 5074 1769 5145; x_wconf 88' lang='lat' dir='ltr'><strong>omnia,</strong></span> <span class='ocrx_word' id='word_1_747' title='bbox 1791 5073 2039 5155; x_wconf 63' lang='lat' dir='ltr'><strong>vittaque</strong></span> <span class='ocrx_word' id='word_1_748' title='bbox 2062 5093 2130 5136; x_wconf 89' lang='lat' dir='ltr'><strong>ac</strong></span> <span class='ocrx_word' id='word_1_749' title='bbox 2153 5094 2293 5157; x_wconf 90' lang='lat' dir='ltr'><strong>per-</strong></span> 
     </span>
    </p>
   </div>
   <div class='ocr_carea' id='block_1_99' title="bbox 651 5157 2291 5244">
    <p class='ocr_par' dir='ltr' id='par_1_99' title="bbox 651 5157 2291 5244">
     <span class='ocr_line' id='line_1_118' title="bbox 651 5157 2291 5244; baseline 0.002 -22"><span class='ocrx_word' id='word_1_750' title='bbox 651 5159 953 5242; x_wconf 83' lang='lat' dir='ltr'><strong>fectionis,</strong></span> <span class='ocrx_word' id='word_1_751' title='bbox 980 5157 1059 5220; x_wconf 89' lang='lat' dir='ltr'><strong>ita</strong></span> <span class='ocrx_word' id='word_1_752' title='bbox 1090 5168 1152 5220; x_wconf 91' lang='lat' dir='ltr'><strong>ut</strong></span> <span class='ocrx_word' id='word_1_753' title='bbox 1184 5159 1257 5221; x_wconf 88' lang='lat' dir='ltr'><strong>ab</strong></span> <span class='ocrx_word' id='word_1_754' title='bbox 1290 5161 1401 5224; x_wconf 89' lang='lat' dir='ltr'><strong>hac</strong></span> <span class='ocrx_word' id='word_1_755' title='bbox 1432 5161 1579 5225; x_wconf 90' lang='lat' dir='ltr'><strong>sola.</strong></span> <span class='ocrx_word' id='word_1_756' title='bbox 1604 5172 1707 5225; x_wconf 88' lang='lat' dir='ltr'><strong>aut</strong></span> <span class='ocrx_word' id='word_1_757' title='bbox 1736 5163 1808 5226; x_wconf 91' lang='lat' dir='ltr'><strong>ab</strong></span> <span class='ocrx_word' id='word_1_758' title='bbox 1831 5164 1942 5227; x_wconf 90' lang='lat' dir='ltr'><strong>alia</strong></span> <span class='ocrx_word' id='word_1_759' title='bbox 1976 5164 2291 5244; x_wconf 69' lang='lat' dir='ltr'><strong>providem</strong></span> 
     </span>
    </p>
   </div>
   <div class='ocr_carea' id='block_1_100' title="bbox 2378 4898 4027 4980">
    <p class='ocr_par' dir='ltr' id='par_1_100' title="bbox 2378 4898 4027 4980">
     <span class='ocr_line' id='line_1_119' title="bbox 2378 4898 4027 4980; baseline 0 -25"><span class='ocrx_word' id='word_1_760' title='bbox 2378 4901 2691 4975; x_wconf 76' lang='grc' dir='ltr'>στρεπτικὴ,</span> <span class='ocrx_word' id='word_1_761' title='bbox 2725 4901 2812 4956; x_wconf 78' lang='grc' dir='ltr'>καὶ</span> <span class='ocrx_word' id='word_1_762' title='bbox 2869 4908 3034 4957; x_wconf 81' lang='grc' dir='ltr'>ταῦτα</span> <span class='ocrx_word' id='word_1_763' title='bbox 3084 4901 3397 4978; x_wconf 75' lang='grc' dir='ltr'>ἡνωμὲνως,</span> <span class='ocrx_word' id='word_1_764' title='bbox 3433 4901 3706 4980; x_wconf 76' lang='grc' dir='ltr'>ἀσχέτως,</span> <span class='ocrx_word' id='word_1_765' title='bbox 3754 4898 4027 4978; x_wconf 68' lang='grc' dir='ltr'><strong>ἐξῃρημέ-</strong></span> 
     </span>
    </p>
   </div>
   <div class='ocr_carea' id='block_1_101' title="bbox 2378 4988 4024 5069">
    <p class='ocr_par' dir='ltr' id='par_1_101' title="bbox 2378 4988 4024 5069">
     <span class='ocr_line' id='line_1_120' title="bbox 2378 4988 4024 5069; baseline 0 -24"><span class='ocrx_word' id='word_1_766' title='bbox 2378 5007 2503 5053; x_wconf 69' lang='lat' dir='ltr'><strong>Vw.&quot;</strong></span> <span class='ocrx_word' id='word_1_767' title='bbox 2554 4988 2613 5044; x_wconf 75' lang='grc' dir='ltr'>οὗ</span> <span class='ocrx_word' id='word_1_768' title='bbox 2666 4990 2765 5067; x_wconf 81' lang='grc' dir='ltr'><strong>γὰρ</strong></span> <span class='ocrx_word' id='word_1_769' title='bbox 2823 4995 3084 5069; x_wconf 71' lang='grc' dir='ltr'>συνοχῆς,</span> <span class='ocrx_word' id='word_1_770' title='bbox 3120 4990 3154 5059; x_wconf 71' lang='grc' dir='ltr'><strong>ἢ</strong></span> <span class='ocrx_word' id='word_1_771' title='bbox 3214 4998 3356 5068; x_wconf 79' lang='grc' dir='ltr'><strong>ζωῇς</strong></span> <span class='ocrx_word' id='word_1_772' title='bbox 3409 4992 3443 5059; x_wconf 73' lang='grc' dir='ltr'><strong>ἢ</strong></span> <span class='ocrx_word' id='word_1_773' title='bbox 3502 4989 3826 5051; x_wconf 80' lang='grc' dir='ltr'>τελειώσεως</span> <span class='ocrx_word' id='word_1_774' title='bbox 3889 4990 4024 5045; x_wconf 76' lang='grc' dir='ltr'>αἰτία</span> 
     </span>
    </p>
   </div>
   <div class='ocr_carea' id='block_1_102' title="bbox 2379 5078 4028 5156">
    <p class='ocr_par' dir='ltr' id='par_1_102' title="bbox 2379 5078 4028 5156">
     <span class='ocr_line' id='line_1_121' title="bbox 2379 5078 4028 5156; baseline 0 -23"><span class='ocrx_word' id='word_1_775' title='bbox 2379 5078 2540 5147; x_wconf 81' lang='grc' dir='ltr'>μόνον</span> <span class='ocrx_word' id='word_1_776' title='bbox 2598 5080 2763 5153; x_wconf 67' lang='grc' dir='ltr'>ἔστιν,</span> <span class='ocrx_word' id='word_1_777' title='bbox 2798 5078 2889 5134; x_wconf 66' lang='grc' dir='ltr'>ἵνα</span> <span class='ocrx_word' id='word_1_778' title='bbox 2950 5079 3055 5135; x_wconf 82' lang='grc' dir='ltr'><strong>ἀπὸ</strong></span> <span class='ocrx_word' id='word_1_779' title='bbox 3112 5081 3283 5155; x_wconf 76' lang='grc' dir='ltr'>μόνης</span> <span class='ocrx_word' id='word_1_780' title='bbox 3348 5081 3563 5154; x_wconf 80' lang='grc' dir='ltr'>ταύτης,</span> <span class='ocrx_word' id='word_1_781' title='bbox 3599 5079 3634 5146; x_wconf 69' lang='grc' dir='ltr'><strong>ἢ</strong></span> <span class='ocrx_word' id='word_1_782' title='bbox 3694 5084 3792 5144; x_wconf 73' lang='grc' dir='ltr'><strong>τῆς</strong></span> <span class='ocrx_word' id='word_1_783' title='bbox 3845 5078 4028 5156; x_wconf 67' lang='grc' dir='ltr'>ἑτέρας</span> 
     </span>
    </p>
   </div>
   <div class='ocr_carea' id='block_1_103' title="bbox 2378 5165 4030 5249">
    <p class='ocr_par' dir='ltr' id='par_1_103' title="bbox 2378 5165 4030 5249">
     <span class='ocr_line' id='line_1_122' title="bbox 2378 5165 4030 5249; baseline -0.004 -20"><span class='ocrx_word' id='word_1_784' title='bbox 2378 5168 2657 5245; x_wconf 72' lang='grc' dir='ltr'>προνοίαις,</span> <span class='ocrx_word' id='word_1_785' title='bbox 2697 5167 2733 5233; x_wconf 73' lang='grc' dir='ltr'>ἦ</span> <span class='ocrx_word' id='word_1_786' title='bbox 2788 5169 3128 5247; x_wconf 64' lang='grc' dir='ltr'>ὑπερώνδμος</span> <span class='ocrx_word' id='word_1_787' title='bbox 3185 5170 3453 5249; x_wconf 69' lang='grc' dir='ltr'><strong>ἀγαθά-της</strong></span> <span class='ocrx_word' id='word_1_788' title='bbox 3507 5169 3847 5244; x_wconf 78' lang='grc' dir='ltr'>ὀνομασθείτ,·</span> <span class='ocrx_word' id='word_1_789' title='bbox 3898 5165 4030 5224; x_wconf 74' lang='grc' dir='ltr'><strong>πάν·-</strong></span> 
     </span>
    </p>
   </div>
   <div class='ocr_carea' id='block_1_104' title="bbox 730 5319 2503 5411">
    <p class='ocr_par' dir='ltr' id='par_1_104' title="bbox 730 5319 2432 5407">
     <span class='ocr_line' id='line_1_123' title="bbox 730 5319 2432 5407; baseline 0.001 -22"><span class='ocrx_word' id='word_1_790' title='bbox 730 5323 748 5355; x_wconf 74' lang='grc'>⁸</span> <span class='ocrx_word' id='word_1_791' title='bbox 775 5322 927 5386; x_wconf 87' lang='lat' dir='ltr'><strong>Gen.</strong></span> <span class='ocrx_word' id='word_1_792' title='bbox 959 5336 1147 5395; x_wconf 61' lang='grc' dir='ltr'>χχιιι,</span> <span class='ocrx_word' id='word_1_793' title='bbox 1182 5319 1283 5384; x_wconf 77' lang='grc'><strong>29.</strong></span> <span class='ocrx_word' id='word_1_794' title='bbox 1370 5333 1398 5364; x_wconf 80' lang='grc' dir='ltr'><strong>ιι</strong></span> <span class='ocrx_word' id='word_1_795' title='bbox 1426 5322 1563 5388; x_wconf 87' lang='lat' dir='ltr'><strong>Jud.</strong></span> <span class='ocrx_word' id='word_1_796' title='bbox 1596 5341 1721 5401; x_wconf 86' lang='lat' dir='ltr'><strong>xm,</strong></span> <span class='ocrx_word' id='word_1_797' title='bbox 1758 5325 1853 5389; x_wconf 91' lang='lat'><strong>18.</strong></span> <span class='ocrx_word' id='word_1_798' title='bbox 1945 5336 1969 5367; x_wconf 84' lang='lat'><strong>&#39;</strong></span> <span class='ocrx_word' id='word_1_799' title='bbox 2004 5325 2227 5407; x_wconf 86' lang='lat' dir='ltr'><strong>Ephes.</strong></span> <span class='ocrx_word' id='word_1_800' title='bbox 2262 5344 2301 5403; x_wconf 85' lang='grc' dir='ltr'><strong>ι,</strong></span> <span class='ocrx_word' id='word_1_801' title='bbox 2331 5325 2432 5387; x_wconf 71' lang='grc'><strong>21.</strong></span> 
     </span>
    </p>
   </div>
   <div class='ocr_carea' id='block_1_105' title="bbox 1844 5319 3617 5411">
    <p class='ocr_par' dir='ltr' id='par_1_105' title="bbox 1844 5325 3617 5411">
     <span class='ocr_line' id='line_1_124' title="bbox 1844 5325 3617 5411; baseline 0.002 -25"><span class='ocrx_word' id='word_1_802' title='bbox 1844 5372 1853 5386; x_wconf 92' lang='grc'><em>.</em></span> <span class='ocrx_word' id='word_1_803' title='bbox 1945 5336 1969 5367; x_wconf 86' lang='lat'><strong>&#39;</strong></span> <span class='ocrx_word' id='word_1_804' title='bbox 2004 5325 2227 5407; x_wconf 87' lang='lat' dir='ltr'><strong>Ephes.</strong></span> <span class='ocrx_word' id='word_1_805' title='bbox 2262 5344 2301 5403; x_wconf 84' lang='grc' dir='ltr'><strong>ι,</strong></span> <span class='ocrx_word' id='word_1_806' title='bbox 2331 5325 2432 5387; x_wconf 71' lang='grc'><strong>21.</strong></span> <span class='ocrx_word' id='word_1_807' title='bbox 2517 5338 2540 5369; x_wconf 77' lang='grc' dir='ltr'><strong>ι</strong></span> <span class='ocrx_word' id='word_1_808' title='bbox 2572 5325 2733 5389; x_wconf 82' lang='lat' dir='ltr'><strong>Exod</strong></span> <span class='ocrx_word' id='word_1_809' title='bbox 2805 5345 2892 5402; x_wconf 84' lang='grc' dir='ltr'>ιιι,</span> <span class='ocrx_word' id='word_1_810' title='bbox 2930 5328 3024 5391; x_wconf 74' lang='grc'><strong>14.</strong></span> <span class='ocrx_word' id='word_1_811' title='bbox 3112 5341 3137 5383; x_wconf 74' lang='grc' dir='ltr'><strong>ν</strong></span> <span class='ocrx_word' id='word_1_812' title='bbox 3169 5327 3355 5393; x_wconf 85' lang='lat' dir='ltr'><strong>lCor.</strong></span> <span class='ocrx_word' id='word_1_813' title='bbox 3390 5348 3485 5411; x_wconf 86' lang='lat' dir='ltr'><strong>xv,</strong></span> <span class='ocrx_word' id='word_1_814' title='bbox 3516 5329 3617 5391; x_wconf 69' lang='lat'><strong>23.</strong></span> 
     </span>
    </p>
   </div>
   <div class='ocr_carea' id='block_1_106' title="bbox 1968 5483 2697 5554">
    <p class='ocr_par' dir='ltr' id='par_1_106' title="bbox 1968 5483 2697 5554">
     <span class='ocr_line' id='line_1_125' title="bbox 1968 5483 2697 5554; baseline 0.007 -8"><span class='ocrx_word' id='word_1_815' title='bbox 1968 5483 2215 5549; x_wconf 71' lang='lat' dir='ltr'><strong>VARl/E</strong></span> <span class='ocrx_word' id='word_1_816' title='bbox 2261 5486 2581 5554; x_wconf 85' lang='lat' dir='ltr'><strong>LECTION</strong></span> <span class='ocrx_word' id='word_1_817' title='bbox 2588 5489 2697 5553; x_wconf 90' lang='lat' dir='ltr'><strong>ES.</strong></span> 
     </span>
    </p>
   </div>
   <div class='ocr_carea' id='block_1_107' title="bbox 726 5643 1311 5742">
    <p class='ocr_par' dir='ltr' id='par_1_107' title="bbox 726 5643 1311 5742">
     <span class='ocr_line' id='line_1_126' title="bbox 726 5643 1311 5742; baseline 0.01 -38"><span class='ocrx_word' id='word_1_818' title='bbox 726 5643 783 5742; x_wconf 50' lang='lat'><strong>‘3&#39;</strong></span> <span class='ocrx_word' id='word_1_819' title='bbox 814 5648 976 5728; x_wconf 77' lang='grc' dir='ltr'>φῶσι,</span> <span class='ocrx_word' id='word_1_820' title='bbox 1124 5644 1311 5742; x_wconf 47' lang='grc' dir='ltr'><strong>ἠ⁴⁴ηγρ</strong></span> 
     </span>
    </p>
   </div>
   <div class='ocr_carea' id='block_1_108' title="bbox 1321 5644 2881 5731">
    <p class='ocr_par' dir='ltr' id='par_1_108' title="bbox 1321 5644 2881 5731">
     <span class='ocr_line' id='line_1_127' title="bbox 1321 5644 2881 5731; baseline 0.006 -30"><span class='ocrx_word' id='word_1_821' title='bbox 1321 5694 1334 5709; x_wconf 90' lang='grc'><strong>,</strong></span> <span class='ocrx_word' id='word_1_822' title='bbox 1365 5644 1725 5731; x_wconf 39' lang='grc' dir='ltr'>,συέιϐολιδιῶν</span> <span class='ocrx_word' id='word_1_823' title='bbox 1772 5652 1869 5731; x_wconf 64' lang='grc' dir='ltr'><strong>τῇς</strong></span> <span class='ocrx_word' id='word_1_824' title='bbox 1913 5654 2196 5731; x_wconf 71' lang='grc' dir='ltr'>μυστικῆς,</span> <span class='ocrx_word' id='word_1_825' title='bbox 2247 5649 2310 5700; x_wconf 63' lang='grc' dir='ltr'><strong>ιδ</strong></span> <span class='ocrx_word' id='word_1_826' title='bbox 2356 5653 2682 5731; x_wconf 74' lang='grc' dir='ltr'>φωνήσαττι,</span> <span class='ocrx_word' id='word_1_827' title='bbox 2715 5650 2797 5731; x_wconf 33' lang='lat' dir='ltr'><strong>Sa</strong></span> <span class='ocrx_word' id='word_1_828' title='bbox 2823 5649 2881 5731; x_wconf 14' lang='lat'><strong>7‘6</strong></span> 
     </span>
    </p>
   </div>
   <div class='ocr_carea' id='block_1_109' title="bbox 2933 5650 4023 5731">
    <p class='ocr_par' dir='ltr' id='par_1_109' title="bbox 2933 5650 4023 5731">
     <span class='ocr_line' id='line_1_128' title="bbox 2933 5650 4023 5731; baseline 0 -22"><span class='ocrx_word' id='word_1_829' title='bbox 2933 5674 3018 5731; x_wconf 83' lang='grc' dir='ltr'><strong>γρ,</strong></span> <span class='ocrx_word' id='word_1_830' title='bbox 3056 5654 3205 5717; x_wconf 68' lang='grc' dir='ltr'>αὐτό,</span> <span class='ocrx_word' id='word_1_831' title='bbox 3250 5650 3303 5695; x_wconf 67' lang='grc'><strong>⁸⁷</strong></span> <span class='ocrx_word' id='word_1_832' title='bbox 3332 5653 3424 5709; x_wconf 81' lang='grc' dir='ltr'>τὸν</span> <span class='ocrx_word' id='word_1_833' title='bbox 3456 5653 3690 5729; x_wconf 74' lang='grc' dir='ltr'>πάντων,</span> <span class='ocrx_word' id='word_1_834' title='bbox 3726 5655 3805 5715; x_wconf 78' lang='grc' dir='ltr'>Μ,</span> <span class='ocrx_word' id='word_1_835' title='bbox 3865 5650 3921 5695; x_wconf 70' lang='lat'><strong>‘9</strong></span> <span class='ocrx_word' id='word_1_836' title='bbox 3951 5653 4023 5717; x_wconf 82' lang='grc' dir='ltr'>ὡς</span> 
     </span>
    </p>
   </div>
   <div class='ocr_carea' id='block_1_110' title="bbox 652 5723 3172 5813">
    <p class='ocr_par' dir='ltr' id='par_1_110' title="bbox 652 5723 3172 5813">
     <span class='ocr_line' id='line_1_129' title="bbox 652 5723 3172 5813; baseline -0.032 -29"><span class='ocrx_word' id='word_1_837' title='bbox 652 5723 979 5808; x_wconf 79' lang='grc' dir='ltr'>προέχοντα,</span> <span class='ocrx_word' id='word_1_838' title='bbox 1011 5725 1086 5790; x_wconf 71' lang='grc' dir='ltr'><strong>Μ.</strong></span> <span class='ocrx_word' id='word_1_839' title='bbox 1123 5725 1185 5792; x_wconf 83' lang='lat' dir='ltr'><strong>S.</strong></span> <span class='ocrx_word' id='word_1_840' title='bbox 1217 5723 1292 5789; x_wconf 10' lang='lat' dir='ltr'><strong>DV.</strong></span> <span class='ocrx_word' id='word_1_841' title='bbox 1355 5723 1413 5769; x_wconf 70' lang='grc' dir='ltr'><strong>ιθ</strong></span> <span class='ocrx_word' id='word_1_842' title='bbox 1442 5727 1548 5785; x_wconf 74' lang='grc' dir='ltr'><strong>ἀπὸ</strong></span> <span class='ocrx_word' id='word_1_843' title='bbox 1578 5726 1780 5810; x_wconf 73' lang='grc' dir='ltr'>πάσης,</span> <span class='ocrx_word' id='word_1_844' title='bbox 1814 5726 1889 5791; x_wconf 51' lang='grc' dir='ltr'><strong>Μ.</strong></span> <span class='ocrx_word' id='word_1_845' title='bbox 1918 5723 1922 5724; x_wconf 65' lang='grc'><strong><em>⁷</em></strong></span> <span class='ocrx_word' id='word_1_846' title='bbox 1956 5728 2020 5780; x_wconf 73' lang='grc' dir='ltr'><strong>ω</strong></span> <span class='ocrx_word' id='word_1_847' title='bbox 2045 5743 2183 5793; x_wconf 32' lang='lat' dir='ltr'><strong>vo,“</strong></span> <span class='ocrx_word' id='word_1_848' title='bbox 2256 5732 2308 5781; x_wconf 63' lang='grc'>⁵,</span> <span class='ocrx_word' id='word_1_849' title='bbox 2341 5723 2606 5809; x_wconf 52' lang='grc' dir='ltr'><strong>βασίλεια,</strong></span> <span class='ocrx_word' id='word_1_850' title='bbox 2788 5730 2843 5774; x_wconf 56' lang='grc'><strong>⁵,</strong></span> <span class='ocrx_word' id='word_1_851' title='bbox 2868 5723 3071 5813; x_wconf 41' lang='lat' dir='ltr'><strong>apium</strong></span> <span class='ocrx_word' id='word_1_852' title='bbox 3103 5732 3172 5797; x_wconf 41' lang='lat' dir='ltr'><strong>Do</strong></span> 
     </span>
    </p>
   </div>
  </div>
