4490 6164
224 380 338 448 609
722 376 821 446 DE
864 377 1163 448 DIVINIS
1204 380 1651 459 NOMINIBUS,
1698 381 1863 446 CAP.
1911 376 1958 444 Ι.
2006 416 2084 427 -
2133 378 2512 445 PARAPHR.
2565 378 3071 446 PACHYMERA].
3466 385 3584 450 610

209 520 455 596 κειμένου
508 524 664 599 Θεοῦ,
702 518 944 592 Τιμόθεε,
981 518 1117 591 μετὰ
1157 517 1251 579 τὰς
1294 515 1608 594 θεολογιοιὰς
1656 520 1853 576 ῦποτυ-
1879 515 1982 577 Ara

1811 542 1853 572 ι-
1879 525 1918 575 Α
1941 515 2058 578 fato
2083 514 2653 594 mortivesubjectus
2669 516 3403 598 est,Dei,Timothee,post
3422 521 3584 584 theo-

211 608 408 674 πώσεις
463 610 553 665 καὶ
609 606 1042 685 πόοεισαγωγᾶς.
1105 605 1295 686 Ἐτέρα
1351 606 1450 685 γὰρ
1504 610 1604 685 πρὸ
1657 609 1855 675 ταύτης
1940 605 1984 667 lc

1813 632 1855 675 ις
1940 605 2162 685 logicas
2212 605 2662 667 iuformationes
2694 613 2752 667 et
2797 609 3586 686 prreintroductionesAlius

210 698 545 778 πραγματεία
596 705 672 772 τῷ
703 697 836 775 ἁγίῳ
868 698 1191 773 πεπόνηται,
1222 695 1577 777 στοιχειώδης
1604 703 1710 754 τῶν
1740 695 1856 777 περὶ
1940 713 1983 757 8|

1810 695 1856 777 ρὶ
1940 695 2098 757 enim
2130 704 2265 756 ante
2298 696 2457 756 hunc
2484 713 2517 757 a
2543 702 2748 757 sancto
2799 695 2910 758 hoc
2945 698 3276 761 elaboratus
3307 709 3395 761 est
3425 709 3583 763 trac-

210 795 343 847 Θεοῦ
385 787 438 844 ἐν
469 800 592 850 ταῖς
644 793 881 867 Γραφαῖς
913 786 1227 866 εἰρημένων,
1261 790 1326 855 ἧς
1375 808 1518 849 τινος
1548 790 1682 845 κατὰ
1725 788 1853 845 ἆκο-
1941 793 1983 846 ιε

1809 811 1853 845 ›-
1941 792 2117 859 tatus,
2147 784 2532 848 elementaris
2562 802 2767 846 eorum
2801 804 2931 866 qua!
2962 787 3036 847 de
3070 789 3190 852 Deo
3224 790 3282 850 in
3313 788 3582 872 Scriptu—

210 876 419 936 λουθίαν
477 878 513 945 ἡ
573 898 812 957 παροῦσα
866 875 1296 954 ἑπραγματεύθη.
1353 878 1498 935 Κατὰ
1547 888 1671 954 γοῦν
1713 879 1856 934 ἐκεί-ι
1939 875 1983 936 ri

1815 879 1856 933 ῐ-
1939 875 2020 936 ris
2050 874 2208 935 dicta
2243 883 2541 955 sunt,post
2563 875 3105 955 quem,secundum
3140 877 3588 960 ordinem,pras-

210 990 330 1041 νην,
367 967 453 1024 ἐπὶ
503 966 599 1033 τὴν
654 969 761 1022 τῶν
814 966 965 1023 θείων
996 967 1271 1036 ὀνομάτων
1328 963 1643 1047 διασάφησιν
1694 989 1853 1037 μετε-

209 1055 494 1131 λεύσομαι.
542 1054 857 1121 Ἀνάπτυξιν
910 1062 1035 1134 γοῦν
1094 1056 1220 1112 εἶπε
1249 1056 1349 1122 τὴν
1405 1053 1751 1137 διασάφησιν,
1785 1061 1856 1118 ὡς

211 1145 456 1225 ἱχοντων
486 1152 592 1202 τῶν
655 1146 902 1202 τοιούτων
933 1146 1085 1203 θείων
1140 1146 1416 1221 ὀνομάτων
1447 1155 1539 1205 τοῦ
1595 1147 1856 1227 φαινομέ-

210 1258 301 1292 νου
349 1235 651 1315 βαθύτερον,
692 1234 891 1293 ’Ἔστω
921 1233 975 1291 δὲ
1014 1236 1101 1291 καὶ
1131 1234 1349 1291 ἐνταῦθα
1403 1232 1855 1314 προδιωμολογτ,-

213 1325 396 1400 μένον,
479 1324 559 1381 ὅτι
616 1325 714 1392 τὴν
770 1329 875 1382 τῶν
903 1326 1021 1402 περὶ
1080 1330 1212 1381 Θεοῦ
1276 1324 1579 1402 λεγομένων
1610 1326 1857 1395 ἀλήθειαν

211 1418 272 1473 οὗ
344 1412 701 1490 καταδοῦμεν,
761 1417 848 1472 καὶ
906 1411 1339 1490 καταδεσμοῦμεν
1380 1415 1450 1470 εέν
1529 1415 1858 1494 ἀνθρωπίνης

217 1505 405 1583 σοφίας
467 1509 646 1562 πειθοῖ
673 1506 761 1561 καὶ
806 1502 972 1582 λόγω·
1009 1501 1192 1568 ἄνετος
1244 1505 1344 1582 γὰρ
1398 1505 1481 1561 καὶ
1532 1504 1658 1584 ὑπὲρ
1689 1506 1858 1563 πάντα

1939 982 2078 1026 sens
2111 964 2207 1025 hic
2238 964 2393 1026 liber
2414 978 2504 1025 est
2534 966 3070 1044 rompositus.Post
3099 966 3266 1027 illum
3294 968 3494 1048 itaque
3514 969 3587 1030 ad

1939 1055 2274 1115 divinorum
2314 1055 2617 1115 nominum
2650 1055 3110 1135 explicationem
3142 1057 3589 1120 transib-i.’Ava’t-

1940 1143 2142 1223 muEw,
2171 1142 2228 1203 id
2264 1153 2352 1205 est
2382 1142 2870 1223 explicationem,
2910 1143 3089 1223 igitur
3133 1147 3357 1207 vocavit
3396 1145 3588 1204 διατά-

1940 1232 2193 1313 φησιν,ίά
2217 1240 2308 1294 est
2328 1232 2986 1314 declaratimwm,quod
3021 1234 3145 1297 haec
3167 1234 3366 1296 divina
3399 1235 3592 1297 numi-

1943 1341 2016 1383 na
2037 1322 2182 1399 quid
2215 1322 2569 1401 profundius
2589 1330 3122 1403 contineautquam
3149 1324 3206 1385 id
3230 1325 3388 1404 quod
3417 1344 3590 1407 appa-

1940 1421 2047 1474 ret.
2062 1410 2148 1474 Sit
2164 1420 2360 1474 autem
2392 1413 2569 1474 etiam
2595 1412 2694 1474 hic
2712 1421 2849 1473 ante
2876 1419 2933 1473 in
2950 1414 3362 1490 confesso,uos
3384 1433 3591 1477 eorum

1949 1520 2083 1584 qua;
2114 1502 2186 1564 de
2209 1502 2332 1564 Deo
2346 1501 2623 1564 dicuntur
2645 1503 2951 1563 veritatem
2970 1503 3218 1565 minime
3254 1503 3509 1579 tradere,
3534 1512 3593 1566 et

212 1593 283 1649 τὰ
344 1595 473 1651 ὄντα
504 1593 670 1674 ἔστὶν,
701 1593 838 1652 ὥστε
882 1595 960 1665 μὴ
993 1595 1052 1650 ἐκ
1100 1594 1297 1650 τούτων
1329 1595 1459 1650 ποτὲ
1511 1594 1865 1673 συλλογισθῆο
1950 1610 1983 1653 a

1820 1602 1865 1663 ισ-
1950 1591 2279 1669 astringere
2330 1593 2609 1653 humanae
2659 1591 2967 1672 sapientiae
2997 1593 3365 1672 persuasioni
3415 1606 3593 1675 atque

216 1699 326 1739 ναι⁶
394 1686 430 1752 ἡ
462 1686 562 1763 γὰρ
617 1683 919 1763 ἀνθρωπίιη
979 1685 1136 1762 σοφία
1192 1682 1253 1740 ἐκ
1299 1689 1405 1738 τῶν
1452 1685 1713 1751 αἰσθητῶν
1772 1686 1866 1752 τὰς
1952 1700 1989 1742 St

1820 1687 1866 1752 ὶς
1952 1682 2255 1762 sermoni;
2308 1680 2941 1762 incomprehensibilis
2992 1682 3150 1743 enim
3182 1691 3290 1764 est,
3325 1692 3383 1745 et
3414 1700 3593 1765 super

212 1773 508 1839 ἀποδείξεις
568 1773 880 1851 ἐρανίζεται,
921 1771 1089 1850 Εἴπερ
1150 1769 1321 1829 δὲκαὶ
1366 1774 1530 1833 αὖτ-ὶν
1560 1774 1738 1839 εἴποις
1771 1777 1869 1842 τὴν
1954 1792 1985 1834 ο

1822 1798 1869 1842 γι
1954 1771 2155 1834 omnia
2174 1789 2305 1853 quae
2334 1771 2730 1847 exsistunt,ita
2756 1779 2818 1832 ut
2842 1790 2911 1832 ex
2937 1771 3029 1833 bis
3061 1791 3362 1854 nunquam
3395 1772 3595 1853 colligi

210 1862 420 1938 ἄμεσον
479 1863 760 1941 πρότασιν,
810 1864 936 1929 ,ἣτις
993 1862 1132 1918 ἐστὶν
1192 1861 1529 1937 αῦτόπιστος,
1591 1867 1677 1921 καὶ
1736 1864 1983 1940 αὕτηει]

1820 1887 1868 1931 τη
1894 1887 1927 1939 3
1956 1861 2141 1940 possit
2168 1882 2180 1924 :
2206 1879 2341 1923 nam
2375 1862 2633 1922 humana
2679 1860 2969 1942 sapientia
3001 1878 3072 1922 ex
3103 1862 3286 1925 rebus
3332 1863 3593 1926 sensibi-

211 1952 276 2009 ὲκ
332 1959 438 2011 τῶν
496 1960 728 2031 μερικῶν
789 1954 1083 2021 αἰσθήσεων
1141 1959 1217 2023 τῷ
1274 1959 1348 2027 νῷ
1412 1954 1713 2031 συνάγεται·
1777 1955 1861 2010 ἐπὶ
1950 1950 1984 2011 ll

1818 1956 1861 2010 τὶ
1950 1949 2109 2012 libus
2129 1950 2672 2013 demonstrationes
2684 1949 3036 2013 emendicat.
3052 1952 3220 2026 Quod
3236 1953 3284 2015 si
3308 1953 3487 2016 etiam
3509 1952 3591 2014 di-

211 2042 271 2100 δὲ
322 2045 431 2100 τῶν
460 2043 592 2120 ὑπὲρ
639 2049 814 2099 πᾶσαν
857 2042 1035 2099 οῦσίαν
1064 2047 1177 2106 πῶς
1236 2041 1298 2098 ἄν
1326 2066 1406 2107 τις
1450 2042 1679 2120 λογικῶς
1735 2042 1857 2100 ἐπι-ι
1945 2060 1978 2103 Χ

1829 2076 1857 2088 -
1945 2042 2316 2121 xerisipsam
2343 2040 2747 2102 immediatam
2782 2060 2915 2102 esse
2958 2042 3434 2122 propositionem
3465 2060 3597 2125 quae

214 2134 490 2213 στήσειεν,
522 2134 565 2188 εἰ
627 2133 704 2201 μὴ
760 2131 914 2207 μόλις
971 2138 1047 2205 τῷ
1105 2131 1381 2209 ἆκροτατῳ
1436 2133 1576 2189 ἃνθει
1624 2141 1717 2189 τοῦ
1774 2140 1861 2188 νοῦ
1946 2150 1980 2211 p

1822 2140 1861 2188 ιῠ
1946 2150 2052 2211 per
2074 2148 2136 2192 se
2162 2129 2469 2192 credibilis
2487 2130 2651 2203 sit,et
2674 2148 2742 2191 ex
2771 2129 3120 2210 partialibus
3145 2131 3418 2193 sensibus
3434 2150 3595 2195 men-

216 2220 305 2278 διὰ
383 2227 482 2289 τῆς
539 2219 843 2298 εἰλικρινοῦς
925 2217 1187 2281 εὒσεϐείας
1268 2219 1548 2291 ἀλαλήτως
1621 2237 1858 2278 συννοεῗν
1946 2220 1989 2281 ti

1818 2237 1858 2277 τν
1946 2220 1990 2281 ti
2023 2220 2377 2300 applicetur,
2414 2219 2714 2296 quomodo
2747 2220 2822 2280 de
2853 2219 2923 2279 iis
2975 2238 3106 2301 quae
3135 2239 3372 2282 omnem
3410 2240 3591 2302 supe-

215 2309 429 2368 δύναιτο
467 2332 482 2391 ς
543 2306 669 2391 Οόχ
716 2311 854 2367 οὕτω
903 2317 1029 2388 γοῦν
1060 2311 1144 2366 7.22
1178 2309 1456 2385 ειῦοδοῦμεν
1487 2313 1584 2379 τὴν
1613 2312 1863 2381 ἀλήθειαν
1947 2327 1988 2370 r:

1818 2335 1863 2365 ιν
1947 2319 2081 2370 rant
2103 2309 2417 2371 essentian
2450 2308 2799 2370 ratiocinari
2828 2313 2960 2390 quis
2993 2310 3354 2390 poterit,nisi
3386 2311 3591 2373 saltem

213 2402 271 2457 ἐν
305 2405 486 2459 πειθοῖ
528 2402 859 2475 ἀνθρωπίνης
906 2401 1115 2477 σοφίας,
1162 2399 1280 2456 ἀλλ’
1338 2405 1395 2457 ἓν
1453 2400 1708 2468 ἀποδείξει
1765 2408 1862 2469 τῆς

215 2497 329 2553 τῶν
387 2491 654 2570 θεολόγων
686 2489 980 2570 δυνάμεως,
1014 2490 1133 2547 καθ’
1189 2491 1252 2556 ἣν
1285 2505 1400 2553 ro’;
1434 2492 1746 2571 ἀφθέγκτοις
1780 2494 1867 2548 καὶ

211 2580 514 2659 ἀγνώστοις
571 2581 939 2654 συναπτόμεθα
990 2585 1203 2658 νοερῶς⁶
1267 2587 1420 2635 τοῦτο
1477 2582 1576 2657 γάρ
1635 2583 1747 2636 ἔστι
1803 2582 1864 2636 τό

212 2669 525 2749 ἀφθέγκτως
577 2672 666 2726 καὶ
698 2669 1005 2747 ἆγνώστως.
1058 2669 1122 2725 Εἴ
1153 2691 1201 2725 τι
1258 2670 1356 2748 γὰρ
1387 2669 1448 2724 ἂν
1478 2669 1753 2748 φθέγξαιτό
1783 2693 1862 2731 τις

211 2757 299 2816 διὰ
353 2757 718 2833 διδασκαλίαν,
750 2761 837 2815 καὶ
867 2757 920 2814 εἴ
973 2780 1023 2814 τι
1058 2759 1317 2837 γνώσεται
1348 2757 1429 2814 διὰ
1473 2761 1724 2834 μάθησιν,
1769 2764 1864 2817 οὐκ

211 2850 325 2908 ἔστι
373 2848 717 2916 κατάλληλον
743 2862 869 2911 ταῖς
919 2851 1037 2926 περὶ
1075 2848 1206 2906 Θεοῦ
1249 2848 1491 2922 ἐννοίαις,
1525 2851 1569 2905 εἰ
1618 2852 1694 2924 μή
1746 2873 1860 2914 πως

1947 2416 2180 2459 summo
2212 2399 2424 2459 mentis
2456 2399 2656 2478 vigore
2689 2416 2795 2477 per
2826 2417 3030 2479 puram
3064 2399 3417 2479 religionem
3453 2420 3594 2462 mo-

1950 2489 2024 2548 do
2051 2487 2575 2568 inexplicabili'illa
2593 2489 2780 2551 valeat
2803 2488 3038 2568 assequi
3076 2490 3417 2568 cogitando?
3462 2492 3592 2553 Non

1951 2579 2037 2640 sic
2068 2580 2270 2658 itaque
2302 2579 2608 2640 veritatem
2636 2579 2697 2640 in
2725 2580 2999 2641 humanae
3017 2581 3323 2661 sapientia:
3356 2600 3595 2662 persua-

1947 2667 2230 2730 sibilitate
2261 2668 2707 2750 investigamus,
2746 2668 2852 2730 sed
2895 2677 2952 2729 in
2978 2670 3319 2732 ostensione
3363 2672 3596 2736 virtutis

1951 2757 2362 2837 theologorum
2379 2776 2512 2838 ,qua
2533 2758 2715 2820 rebus
2741 2757 3145 2822 inetl'abilibus
3162 2768 3219 2822 et
3239 2760 3456 2839 ignotis
3477 2762 3598 2841 spi-

1946 2847 2100 2907 ritali
2124 2848 2300 2909 modo
2330 2848 2896 2927 conjungimur,hoc
2924 2848 3083 2909 enim
3106 2859 3197 2913 est
3218 2850 3517 2930 ineffabili
3540 2860 3600 2912 et

209 2939 605 3015 ἐνδυναμωθείη
666 2944 769 2995 τῶν
820 2941 1012 3015 νοερὼν
1070 2941 1225 3012 ἡμῶν
1255 2953 1378 3003 ταῖς
1431 2942 1860 3015 πνευματοκινή-
1946 2941 1982 3015 ἐς

1831 2973 1860 2985 -
1946 2934 2332 3015 ignoto.Nam
2356 2937 2404 3000 si
2427 2938 2562 3018 quis
2584 2937 2805 3018 aliquid
2833 2938 3597 3020 proferatdocendo,etdis-

207 3051 323 3093 τοις
383 3027 698 3107 θεολογίαις,
747 3029 938 3101 ἓπὶτῷ
996 3027 1292 3095 διατεθῆναι
1350 3031 1422 3092 εἷς
1464 3030 1560 3098 τὴν
1612 3030 1861 3097 τοιαύτην
1945 3042 1975 3084 c

1826 3056 1861 3096 ,ν
1945 3025 2137 3087 cendo
2155 3036 2492 3105 cognoscat,
2521 3043 2890 3107 nequaquam
2936 3028 2997 3088 id
3043 3047 3175 3090 cum
3230 3029 3304 3090 iis
3352 3047 3482 3110 qua;
3526 3030 3599 3091 de

210 3120 514 3201 ἄφθεγκτον
571 3120 817 3194 σύναψιν,
862 3119 998 3176 κατὰ
1052 3119 1151 3187 τὴν
1194 3119 1468 3196 κρείττονα
1525 3120 1711 3177 ἕνωσιν
1768 3123 1864 3188 τῆς
1945 3112 1983 3176 Π

1826 3125 1864 3188 ις
1945 3112 2069 3177 Deo
2083 3123 2219 3177 sunt
2231 3116 2575 3177 notionibus
2589 3116 2925 3191 conveniet,
2938 3117 3050 3178 nisi
3062 3117 3361 3195 spiritales
3379 3127 3599 3182 nostrae

212 3207 337 3267 καθ’
417 3211 564 3284 ἡμᾶς
618 3208 841 3286 λογικῆς
898 3210 985 3265 καὶ
1042 3215 1223 3288 νοερᾶς
1281 3208 1572 3286 δυνάμεως,
1625 3210 1743 3267 καθ’
1799 3213 1864 3279 ἣν
1947 3203 1985 3264 ft

1825 3235 1864 3279 ιν
1947 3203 2256 3266 facultates
2290 3205 2652 3266 roborentur
2684 3206 2895 3266 divinis
2950 3207 3287 3270 rationibus
3308 3227 3341 3269 a
3375 3207 3598 3289 Spiritu

213 3298 486 3375 δυνάμεθα
538 3299 710 3355 εἰπεῖν
739 3320 789 3353 τι
820 3299 908 3354 καὶ
963 3302 1175 3374 νοῆσαι,
1205 3302 1291 3356 καὶ
1335 3300 1621 3378 ἐνεργείας,
1656 3298 1773 3358 καθ’
1803 3302 1869 3370 ἢν
1888 3292 1927 3342 C
1955 3311 1982 3353 8

1825 3302 1869 3370 ὶν
1888 3292 1927 3342 C
1955 3303 2156 3354 sancto
2183 3293 2599 3374 motis,quibus
2628 3294 2699 3355 ad
2719 3294 2893 3356 talem
2920 3294 3279 3358 ineffabilem
3314 3298 3598 3377 conjunc-

211 3388 447 3468 λέγομεν
479 3388 513 3456 ἢ
564 3394 806 3463 νοοῦμεν.
858 3395 1022 3445 Τοῦτο
1075 3386 1128 3443 δέ
1157 3397 1291 3465 ἐστι,
1327 3388 1407 3445 ὅτι
1438 3391 1514 3464 τῷ
1543 3392 1715 3464 ὁμοιῳ
1765 3390 1874 3447 ἐστὶ

215 3485 416 3545 νοῆσαι
478 3478 539 3533 τὸ
565 3475 773 3552 ὅμοιον.
833 3479 906 3537 Τὰ
964 3476 1090 3555 γοῦν
1148 3478 1264 3534 καθ’
1318 3480 1459 3553 ἡμας
1509 3477 1592 3537 διὰ
1648 3478 1873 3559 λογικῆς

213 3566 446 3643 μεθόδου
506 3569 593 3622 καὶ
658 3567 965 3642 ἒπιστήμτ,ς
1044 3570 1398 3644 γινώσκομεν,
1461 3567 1730 3646 λέγοντες,
1790 3574 1875 3627 καὶ

214 3656 303 3714 διὰ
367 3662 552 3735 νοερᾶς
600 3654 869 3731 δυνάμεως
914 3658 1003 3713 καὶ
1052 3656 1338 3734 ἐνεργείας,
1388 3659 1523 3713 κατὰ
1559 3658 1658 3725 τὴν
1706 3679 1878 3735 προσ-

212 3750 460 3819 ήκουσαν
520 3743 805 3823 ἀναλογίαν
866 3750 964 3812 τῆς
1019 3745 1457 3824 γιγνωσκομένης
1517 3757 1737 3823 νοοῦμεν
1792 3745 1876 3805 καὶ

216 3841 341 3894 οἷον
373 3836 581 3898 τούτοις
631 3834 1002 3910 συναπτόμεθα
1031 3836 1120 3891 καὶ
1178 3836 1453 3910 ἑνούμεθα.
1491 3826 1583 3899 Ὠς
1636 3838 1734 3916 γὰρ
1789 3836 1869 3895 ἐπι

215 3932 319 3994 τῆς
385 3924 680 3993 αἰσθήσεως
740 3923 877 4003 ἔχει.
939 3923 1019 3980 ὅτι
1079 3924 1199 3981 τότε
1245 3926 1618 4002 αἰσθανόμεθα,
1650 3927 1739 3984 ὅτε
1795 3935 1870 4004 τῷ

217 4018 462 4088 αἰσθητῶ
518 4013 722 4072 ἑνοῦται
752 4016 786 4082 ἡ
835 4012 1105 4082 αἴσθησις*
1140 4014 1278 4072 οὕτω
1307 4016 1394 4072 καὶ
1449 4016 1533 4072 ἐπὶ
1581 4022 1678 4085 τῆς
1735 4020 1871 4089 νοή-

216 4127 358 4171 σεως
394 4102 538 4184 ἔχει·
587 4105 672 4160 καὶ
704 4104 803 4181 γὰρ
830 4111 908 4179 τῷ
940 4101 1114 4179 νοητῷ
1143 4106 1347 4162 ἑνοῦται
1393 4112 1420 4162 ὁ
1449 4114 1592 4177 νοῦς,
1626 4106 1715 4165 ὅτε
1746 4111 1871 4167 τούσ-

213 4216 311 4253 του
372 4190 848 4266 ἀντιλαμϐάνεται,
887 4196 984 4252 Καὶ
1037 4201 1201 4252 ταῦτα
1239 4195 1337 4270 μὲν
1395 4194 1478 4252 ἐπὶ
1510 4202 1615 4252 τῶν
1668 4195 1867 4255 ἄλλων·

216 4284 307 4343 ἐπὶ
368 4282 425 4340 δέ
456 4306 518 4362 γε
566 4283 661 4340 τοῦ
704 4284 864 4357 θείου,
897 4281 1184 4364 ἓπειδὴπερ
1244 4284 1338 4342 οὒκ
1380 4285 1579 4365 ἔχομέν
1635 4309 1685 4345 τι
1745 4292 1875 4345 Θεοῦ

216 4374 544 4452 οἰκειότερον
605 4373 765 4451 λόγου
795 4376 884 4430 καὶ
938 4380 1048 4447 νοῦ,
1084 4374 1244 4431 πάλιν
1299 4373 1499 4432 τούτων
1530 4378 1594 4433 τὰ
1653 4381 1875 4457 κρείττω

216 4465 309 4521 καὶ
364 4466 486 4519 οἷον
535 4459 688 4537 ἄνθη,
733 4463 821 4518 καὶ
881 4467 1044 4518 ταῦτα
1097 4461 1460 4539 κεκαθαρμὲνα
1495 4460 1874 4542 παραλαμϐά-

217 4572 428 4624 νονται,
464 4552 538 4614 ὡς
572 4550 634 4606 ἂν
663 4553 691 4607 ὁ
722 4556 837 4616 νοῦς
870 4551 969 4627 μὲν
1002 4558 1184 4617 ποσῶς
1213 4559 1343 4633 γνῷ,
1381 4554 1409 4609 ὀ
1441 4550 1495 4608 δὲ
1526 4551 1685 4632 λόγος
1716 4555 1875 4636 ἐξαγ-

214 4640 380 4717 γείλῃ
410 4642 478 4698 τὰ
506 4641 636 4719 ὑπὲρ
664 4639 837 4716 ἡμᾶς.

1959 3384 2179 3444 tionem
2204 3383 2952 3462 dispon.tntur,secundum
2978 3386 3461 3447 excellentiorem
3495 3405 3594 3447 ra-

1958 3472 2196 3534 tionalis
2214 3483 2270 3534 et
2291 3470 2713 3533 intellectualis
2736 3482 2959 3534 nostrae
2985 3473 3240 3554 virtutis,
3250 3475 3408 3551 juxta
3422 3493 3595 3556 quam

1959 3560 2181 3642 aliquid
2214 3561 2379 3623 eﬂ‘ari
2411 3569 2469 3622 et
2495 3562 2813 3641 concipere
2837 3562 3154 3643 valeamus,
3176 3573 3354 3645 atque
3380 3583 3597 3647 opera-

1960 3652 2139 3713 tionis
2164 3651 2805 3725 unionem,secundum
2830 3669 3007 3731 quam
3032 3652 3286 3719 dicimus
3309 3654 3399 3717 vel
3421 3656 3598 3718 intel-

1957 3739 2350 3821 ligimus.Hoc
2379 3747 2576 3802 autem
2601 3741 2880 3821 est,quod
2901 3742 3113 3804 similis
3133 3743 3415 3821 sit,nosse
3439 3746 3603 3808 simi-

1958 3829 2544 3910 le.Nostratiaitaque
2565 3830 2837 3892 rationali
2860 3832 3141 3895 methode
3157 3844 3334 3915 atque
3346 3836 3599 3900 scientia

1956 3922 2277 3990 noscimus,
2304 3921 2594 3993 dicentes,
2623 3938 2730 3980 nos
2754 3920 3125 4001 intelligendi
3143 3924 3191 3984 vi
3211 3933 3273 3984 ct
3294 3925 3597 4006 operatio-

1952 4012 2386 4084 ne,secundum
2409 4010 2861 4072 convenientem
2890 4012 3020 4090 ejus
3034 4016 3195 4090 quod
3219 4014 3606 4093 cognoscitur

1955 4100 2400 4182 proportionem
2432 4097 3600 4183 intelligere,etquodammodorebusip-

1955 4191 2036 4253 sis
2053 4190 2334 4271 conjungi
2360 4197 2418 4249 et
2438 4187 2620 4249 uniri.
2644 4188 2786 4249 299
2807 4186 3315 4260 Quemadmodum
3349 4193 3506 4254 enim
3540 4196 3601 4255 in

1957 4300 2136 4343 sensu
2158 4276 2523 4351 usuvenit,ut
2545 4285 2683 4337 tunc
2707 4278 3299 4361 sentiamus,quando
3331 4282 3604 4345 sensibili

1958 4391 2169 4436 sensus
2190 4368 2684 4449 conjungitur,sic
2709 4367 2885 4429 etiam
2908 4370 2970 4431 in
3004 4370 3410 4434 intellectione
3426 4391 3490 4434 se
3503 4390 3603 4434 res

1958 4464 2160 4536 habet;
2191 4479 2327 4522 nam
2361 4459 2539 4521 etiam
2588 4456 2943 4537 intelligibili
3006 4461 3349 4525 intellectus
3380 4463 3600 4537 unitur,

1962 4552 2199 4636 quando
2230 4548 2377 4613 illud
2409 4547 2826 4630 apprehendit.
2875 4549 2949 4611 Et
2984 4551 3108 4613 haec
3132 4553 3376 4629 quidem
3408 4552 3598 4635 quoad

1902 4618 2073 4707 Da'lia
2118 4664 2131 4706 :
2174 4638 2367 4718 quoad
2421 4618 2612 4700 Deum
2674 4655 2839 4714 vero,
2890 4658 3024 4702 cum
3086 4618 3234 4705 nihil
3278 4618 3603 4704 habeamus

213 4726 348 4791 Deo
366 4729 552 4809 magis
566 4730 738 4820 aliine
752 4747 928 4820 quam
945 4737 1204 4794 mentem
1225 4749 1293 4793 ac
1307 4733 1596 4794 rationem
1611 4752 1845 4799 rursum
1862 4757 1933 4801 ea
1945 4754 2076 4820 quae
2103 4733 2314 4795 harum
2331 4726 2638 4820 potissima
2658 4736 2869 4820 suntet
2882 4731 3048 4807 quasi
3064 4732 3398 4814 ﬂores,haac
3421 4732 3531 4793 etin
3544 4749 3600 4791 m

217 4818 975 4901 purgataaccipiuntur,ita
988 4829 1044 4883 ut
1068 4838 1234 4884 mens
1251 4820 1496 4900 quidem
1511 4822 1949 4903 quodammodo
1964 4817 2305 4904 cognoscat,
2337 4817 2485 4879 ratio
2511 4834 2647 4878 vero
2668 4819 2939 4882 enuntiet
2960 4840 3093 4903 quae
3108 4841 3289 4901 supra
3309 4840 3415 4885 nos
3439 4829 3602 4894 sunt.

302 4909 550 4968 Καθόλου
597 4919 873 4988 τοιγαροῦν
904 4913 964 4968 οὗ
1010 4910 1310 4988 τολμητέον
1355 4911 1471 4969 οὔτε
1527 4915 1724 4996 εἰπεῖν,
1757 4916 1873 4976 οὔτε

216 4999 330 5076 μὴν
389 5000 636 5068 ἐννοῆσαί
665 5023 714 5057 τι
773 5003 891 5079 περὶ
919 5005 1017 5068 τῆς
1066 5002 1196 5080 ὑπερ
1224 5008 1400 5059 πᾶσαν
1451 5002 1628 5060 οὖσίὰν
1684 5009 1874 5076 αἰσθη-

212 5090 318 5159 τήν
351 5110 413 5145 τε
441 5090 532 5147 καὶ
588 5089 772 5167 νοερὰν
802 5087 990 5164 οῧσης,
1023 5090 1110 5146 καὶ
1163 5091 1381 5171 κρυφίας
1439 5097 1507 5168 τῇ
1535 5093 1685 5172 φύσει
1736 5096 1875 5153 Εεόο

213 5199 389 5245 τητος
438 5178 584 5255 παρὰ
623 5179 690 5236 τὰ
747 5176 1081 5258 ἐνδειχθέντα
1130 5181 1269 5255 ἡμῖν
1323 5180 1382 5237 ἐκ
1428 5186 1533 5238 τῶν
1592 5185 1742 5263 ἱερῶν
1791 5188 1877 5245 καὶ

210 5271 383 5327 θείων
441 5268 662 5351 λογίων,
714 5270 748 5326 ἃ
804 5266 868 5338 δὴ
900 5270 988 5327 καὶ
1046 5276 1222 5334 ποσῶς
1280 5273 1308 5328 ὁ
1342 5271 1597 5351 ἡμέτερος
1640 5284 1759 5341 νοῦς
1791 5278 1878 5334 γαὶ

211 5357 387 5439 λόγος
436 5361 785 5435 ὶνασμενίζει’
869 5360 971 5427 τὴν
1026 5361 1124 5440 γὰρ
1184 5362 1493 5439 ὑπερούσιον
1568 5362 1871 5443 ἐπιστήμην

210 5450 319 5519 τῆς
380 5449 646 5526 ἀγνωσίας
699 5455 798 5517 τῆς
847 5449 977 5529 ὒπὲρ
1032 5448 1216 5531 λόγον,
1249 5451 1338 5508 καὶ
1385 5461 1527 5518 νούν,
1560 5458 1648 5512 καὶ
1695 5457 1874 5515 οὒσίαν

210 5539 700 5619 δπερουσιότητος,
751 5543 884 5618 αὒτῇ
936 5540 1076 5616 μόνῃ
1133 5539 1431 5605 ἀναθετέον,
1496 5534 1642 5625 ’Ὀρςι
1674 5544 1728 5603 δὲ
1787 5549 1876 5604 καὶ

212 5627 542 5703 ἐπιστήμην
595 5626 881 5711 ἀγνωσίας,
926 5631 985 5687 οὐ
1035 5628 1198 5706 μόνον
1254 5632 1524 5710 γνώσεως·
1580 5640 1658 5712 μὴ
1712 5636 1875 5715 μόνον

213 5720 327 5802 γὰρ
381 5718 449 5775 τὺ
476 5717 528 5775 τί
585 5717 695 5776 ἑστι
750 5720 880 5787 Θεὸς
927 5719 1301 5799 ὶπιστημόνως
1331 5721 1427 5783 οὐκ
1454 5723 1656 5806 ἔχομεν
1700 5732 1875 5804 (τοῦτο

2037 4913 2195 4977 Nihil
2209 4910 2390 4990 igitur
2406 4907 2649 4968 omnino
2668 4911 3149 4987 ριέοευπιθηάυιη
3162 4912 3364 4974 dicere
3385 4915 3473 4975 vel
3505 4932 3603 4975 co-

1957 5010 2142 5084 gitare
2166 5002 2241 5063 de
2262 5016 2329 5060 ea
2351 5015 2483 5077 quae
2510 5014 2688 5075 supra
2707 5015 2945 5060 omnem
2968 5002 3441 5077 essentiam,tam
3469 5006 3602 5065 sen-

1957 5094 2131 5157 silem
2160 5105 2337 5171 quam
2383 5085 2875 5167 intellectualem,
2901 5088 3082 5150 etiam
3114 5098 3323 5154 natura
3353 5111 3461 5156 sua
3488 5092 3602 5154 ab-

1959 5184 2086 5247 ditu
2110 5174 2705 5265 est,Deitate,prteter
2727 5175 3056 5257 illaquaeex
3069 5182 3258 5245 sacris
3272 5183 3602 5265 divinisque

1959 5271 2218 5336 oraculis
2239 5273 2376 5330 sunt
2400 5263 3016 5354 manifestata,quibus
3033 5272 3205 5333 etiam
3220 5263 3605 5354 quodammo-

1955 5363 2030 5426 do
2080 5376 2249 5423 mens
2292 5362 2494 5444 nostra
2545 5353 2815 5435 ratioque
2861 5353 3354 5444 delectatur;nam
3387 5375 3443 5425 et
3474 5382 3601 5424 ser-

1958 5470 2196 5515 monem
2223 5457 2281 5510 et
2301 5443 2666 5508 intellectum
2692 5452 2752 5505 et
2778 5449 3094 5511 essentiam
3125 5443 3359 5514 excedit
3384 5470 3599 5532 super-

1957 5535 2399 5605 esseutialttatis
2432 5551 2561 5612 ejus
2593 5532 2906 5613 ignoratio,
2942 5539 3036 5600 cui
3059 5542 3171 5604 solt
3205 5559 3602 5621 superessen-

1958 5630 2112 5693 tialis
2141 5624 2392 5691 scientia
2449 5621 2766 5686 tribuenda
2813 5635 2924 5690 est.
2964 5628 3230 5692 Observa
3257 5648 3396 5693 vero
3420 5631 3599 5695 etiam

1954 5720 2263 5786 scientiam
2276 5712 2693 5799 ignorationis,
2733 5720 2921 5780 etnon
2941 5725 3167 5784 tantum
3188 5721 3543 5804 cognitionis
3578 5746 3595 5794 ;

4139 3416 4155 3538 ξ

4139 3552 4158 3740 ἔ

4139 3750 4157 3780 .

4139 3796 4161 3895 ς

4140 3949 4161 4046 ι
