4490 6164
159 1915 260 2092 g

159 2097 248 2162 ιτς

159 2407 251 2464 ..Δ

159 2523 253 2594 2::

160 3197 162 3208 ς
191 3124 257 3220 3

228 3297 266 3318 4,.

235 3359 267 3382 *ιι

227 3407 266 3455 :s

240 3460 266 3496 ,Ι

223 3508 266 3534 ’-

228 3545 257 3564 ο

223 3613 256 3628 νο

225 3655 266 3682 ³.

221 3709 266 3730 NI

239 3747 266 3768 ,ι

162 3441 220 3561 (cs

163 3575 218 3659 ἔς

837 330 945 397 6H
1663 293 1676 304 ’
1995 328 2056 394 s.
2107 329 2447 394 DIONYSII
2491 327 3021 394 AREOPAGIT/E.
4075 333 4176 398 612

837 489 957 533 non
989 470 1182 532 solum
1211 469 1372 532 enim
1402 485 1517 531 non
1551 471 1818 550 capimus
1854 469 2000 532 scite
2041 469 2181 550 quid
2214 467 2371 532 Deus
2403 467 2538 530 sitA
2561 494 2610 547 γι

2403 467 2660 549 sim-1&9
2718 472 2861 528 ἐστιν
2932 468 3226 544 ἀδύνατον),
3292 465 3426 530 αλλὰ
3503 469 3590 523 καὶ
3647 469 3707 522 τὸ
3767 470 3814 522 τί
3889 469 3978 524 οὑκ
4032 468 4175 531 ἔστιν,

836 563 996 639 (nam
1023 560 1133 621 hoc
1155 567 1248 621 est
1269 559 1807 640 impossibile),sed
1841 557 2021 621 etiam
2048 557 2189 640 quid
2219 577 2336 620 non
2362 559 2439 619 sit
2465 578 2481 627 ;

830 653 1051 712 scimus
1081 658 1278 712 tamen
1308 649 1495 711 Deum
1522 667 1639 710 non
1669 667 1802 711 esse
1823 649 2044 726 aliquid
2077 666 2278 710 rerum
2302 651 2484 710 exsis-

833 736 1427 811 tentiam.Quomodo
1442 748 1642 800 autem
1665 746 1726 800 et
1747 757 1862 820 qua
1875 739 1948 800 de
1972 757 2152 800 causa
2177 757 2294 798 non
2321 737 2484 799 novi-

833 847 964 890 mus
990 829 1049 889 id
1084 828 1240 906 quod
1268 837 1495 890 exactae
1518 828 1782 890 scientiae
1801 836 1890 889 est
1915 829 1974 888 in
2000 826 2184 889 rebus
2209 826 2428 890 nostris
2450 825 2482 884 ?

829 916 1077 990 Quando
1095 915 1234 997 quid
1257 924 1346 979 est
1367 918 1516 978 scite
1541 917 1984 996 novimus,tunc
2001 917 2177 980 etiam
2198 915 2335 998 quid
2361 935 2479 977 non

828 1017 919 1068 est
941 1006 1089 1068 scite
1110 1007 1470 1068 novimus.Si
1494 1007 1650 1069 enim
1677 1025 1914 1070 causam
1940 1008 2165 1068 scimus
2187 1006 2480 1068 curhomo

829 1095 908 1156 sit
927 1095 1428 1176 rationalis,quod
1455 1097 1739 1158 nimirum
1757 1099 1987 1159 ratione
2006 1097 2350 1177 utitur,cum
2371 1097 2481 1158 hoc

831 1183 1184 1246 sitmedium
1212 1192 1607 1266 etcausa,per
1633 1185 1775 1248 illud
1803 1187 1997 1266 ipsum
2025 1187 2288 1248 medium
2314 1185 2474 1247 novi-

830 1291 963 1336 mus
1003 1273 1177 1336 etiam
1221 1290 1461 1337 causam
1498 1295 1604 1337 cur
1646 1277 1823 1337 homo
1847 1295 1964 1338 non
1989 1275 2470 1338 sitirrationalis.

827 1363 1118 1439 Quoniam
1154 1380 1289 1426 vero
1313 1364 1389 1426 de
1423 1367 1543 1429 Deo
1570 1365 1709 1446 quid
1751 1366 1826 1427 sit
1857 1365 1986 1428 dari
2018 1365 2178 1430 notio
2211 1385 2329 1427 non
2362 1385 2474 1448 po-

826 1461 964 1526 test,
996 1452 1131 1533 ejus
1150 1452 1330 1515 etiam
1357 1455 1496 1535 quid
1526 1475 1642 1518 non
1671 1455 1769 1535 sit,
1804 1455 2195 1534 ignorationis
2225 1455 2476 1518 scientia

825 1547 1366 1628 pernaturalisDeo
1390 1564 1625 1628 quoque
1649 1544 1963 1607 tribuenda
1987 1543 2359 1608 est.Tantum
2389 1563 2480 1607 er-

833 1655 904 1716 go
925 1638 996 1699 ad
1015 1639 1326 1718 superiora
1343 1635 2051 1716 suspiciamus,quantum
2066 1655 2131 1697 se
2153 1633 2323 1699 nobis
2345 1636 2482 1698 insi-

827 1727 1417 1789 nuaveritsacrorum
1434 1724 1535 1787 ille
1549 1725 1751 1786 radius
1769 1725 2148 1787 oraculorum
2168 1729 2307 1798 (non
2321 1726 2478 1787 enim

2563 559 2682 617 ἀλλ’
2741 558 2964 633 οἴδαμεν
3016 557 3094 614 ὅτι
3128 558 3177 614 τὶ
3231 563 3336 613 τῶν
3367 556 3534 613 ὄντων
3591 557 3685 614 οὑκ
3737 556 3848 613 ἐστι
3901 559 4042 622 Θεὸς.
4076 559 4208 621 Πῶς·

2563 648 2641 730 δὲ,
2677 652 2762 706 καὶ
2820 649 2888 704 δι’
2945 649 3010 717 ἦν
3069 648 3236 704 αἰτίαν
3299 651 3392 706 οὒκ
3452 643 3696 722 οἴδαμεν,
3731 647 3859 726 ὅπερ
3901 653 3996 714 τῆς
4045 649 4184 724 ἀκρι-

2563 738 2686 803 ϐοῦς
2718 739 2858 796 ἐστιν
2917 738 3220 806 ἐπιστήμης
3279 740 3364 793 ἒπὶ
3422 743 3528 794 τῶν
3558 736 3671 794 καθ’
3726 739 3920 810 apag;
3976 736 4098 795 "Ore
4134 741 4187 794 τὸ

2565 829 2612 886 τί
2659 831 2770 886 ἐστι
2827 827 2944 885 τάδε
3005 827 3226 902 οἴδαμεν
3287 827 3693 902 ἐπιστημόνως,
3727 829 3846 884 τότε
3902 830 3987 883 καὶ
4042 831 4096 883 τὸ
4145 829 4188 883 τί

2565 923 2658 976 οὑκ
2686 921 2828 974 ἔστιν
2883 918 3252 990 ἐπιστημόνως
3309 915 3554 993 οἴδαμεν.
3591 919 3647 974 Εἰ
3705 919 3804 996 γὰρ
3834 915 4048 978 οἴδαμεν
4099 917 4185 984 τὴν

2565 1009 2731 1064 αἰτίαν
2790 1016 2880 1065 τοῦ
2939 1008 3082 1064 εἶναι
3143 1010 3230 1063 τὸν
3297 1007 3566 1086 ἄνθρωπον
3637 1007 3875 1084 λογικὸν,
3921 1006 3996 1062 ὅτι
4053 1005 4184 1084 λόγῳ

2565 1100 2762 1178 χρῆται
2792 1098 2970 1175 (τοῦτο
3013 1098 3112 1176 γάρ
3145 1097 3253 1152 ἐστι
3285 1099 3344 1153 τὸ
3378 1095 3549 1154 αἴτιον
3599 1100 3684 1152 καὶ
3714 1100 3774 1152 τὸ
3805 1096 4011 1176 μέσον),
4041 1094 4179 1152 οἴδα-

2557 1210 2652 1264 μενΔ
2683 1189 2782 1254 τὴν
2813 1189 3001 1263 αἰτίαν,
3034 1188 3119 1244 καὶ
3175 1193 3266 1243 τοῦ
3321 1187 3398 1263 μὴ
3458 1186 3600 1243 εἶναι
3633 1189 3722 1242 τὸν
3771 1185 4036 1264 ἄνθρωπον
4073 1183 4182 1242 ἅλο-

2557 1299 2651 1356 γον
2709 1275 2776 1332 δι’
2808 1275 2966 1334 αὑτοῦ
3022 1277 3204 1332 τούτου
3249 1282 3340 1332 τοῦ
3373 1277 3554 1350 μέσου.
3616 1275 3772 1333 Ἐπεί
3817 1273 3872 1330 δὲ
3927 1285 4017 1334 τοῦ
4065 1277 4182 1331 Θεοῦ

2557 1371 2645 1425 καί
2699 1371 2732 1436 ἡ
2780 1368 2972 1446 γνῶσις
3006 1374 3096 1424 τοῦ
3154 1366 3203 1422 τί
3249 1365 3390 1422 ἐστιν
3447 1363 3850 1446 ἀναπόδεικτος,
3885 1367 3970 1422 καὶ
4011 1366 4042 1432 ἠ
4095 1363 4182 1430 τῆς

2563 1465 2653 1515 τοῦ
2711 1459 2760 1513 τί
2816 1460 2909 1514 οὑκ
2953 1457 3093 1514 ἔστιν
3149 1457 3480 1532 ἆναγνωσίας
3540 1456 3814 1531 ἐπιστήμη
3875 1455 4182 1534 ὑπερούσιος,

2563 1549 2628 1617 ἢν
2681 1546 2745 1616 δὴ
2789 1549 2870 1604 καὶ
2922 1545 3198 1603 ἀναθετέον
3249 1554 3386 1621 Θεῷ,
3449 1549 3706 1604 Τοσοῦτον
3755 1545 3840 1602 ἐπὶ
3879 1546 3938 1602 τὸ
3989 1543 4186 1604 ἄναντες

2563 1639 2932 1710 ἀνανεύοντας,
2969 1635 3090 1691 ὅσον
3140 1638 3173 1703 ἡ
3223 1639 3328 1690 τῶν
3357 1639 3508 1714 ἱερῶν
3561 1633 3754 1712 λογίων
3786 1635 3938 1695 ἀκτίς
3989 1629 4190 1688 ἒνὲίδω·

2565 1749 2646 1783 σιν
2680 1728 2870 1794 ἑαυτὴν
2909 1729 3037 1805 πρὸς
3068 1730 3211 1800 ἡμᾶς
3247 1723 3386 1804 (οὑδὲ
3437 1725 3537 1803 γὰρ
3569 1724 3691 1781 ὅσον
3723 1723 3820 1800 ἔνι,
3856 1725 3916 1780 τὸ
3948 1731 4094 1778 Θεῖον
4137 1720 4190 1776 ἐκ

826 1825 1108 1898 quantum
1154 1825 1367 1898 potest,
1401 1816 1510 1879 sed
1543 1821 1826 1896 quantum
1866 1817 2008 1876 satis
2033 1824 2146 1897 est,
2187 1818 2376 1880 Deum
2411 1835 2480 1878 ex
2503 1839 2542 1890 Β
2565 1841 2599 1874 τι

2414 1821 2670 1890 ειβτὼν
2742 1823 2959 1896 Γραφών
3045 1815 3398 1890 μανθάνομεν,
3456 1813 3574 1870 ἀλλ’
3661 1814 3781 1871 ὅσον
3839 1815 4054 1894 χωρεῖ),
4112 1810 4187 1867 καὶ

825 1903 1440 1987 Scripturisdicimus)
1464 1925 1580 1986 quo
1603 1905 2100 1967 eminentioribus
2122 1906 2251 1967 istis
2265 1925 2466 1969 rerum

825 1993 1156 2058 divinarum
1181 1995 1604 2077 splendoribus
1645 1995 1969 2058 sobrietate
1999 1995 2251 2076 quadam
2279 2014 2346 2058 ac
2367 2015 2465 2058 re-

825 2086 1088 2147 verentia
1106 2083 1889 2166 contemperamur.Etenim
1909 2085 1958 2148 si
1979 2087 2118 2166 quid
2144 2087 2468 2166 sapientis-

825 2173 994 2236 simae
1014 2175 1211 2254 magni
1233 2175 1398 2237 Pauli
1430 2173 1745 2254 theologia;
1781 2175 2149 2238 credendum
2177 2183 2287 2257 est,
2323 2174 2470 2256 (ipse

825 2265 982 2324 enim
1000 2263 1206 2346 estqui
1227 2264 1734 2340 dicit,secundum
1760 2283 2100 2327 mensuram
2128 2265 2358 2328 virtutis
2370 2285 2469 2328 cu-

819 2351 1042 2434 jusque
1065 2354 1238 2416 aDeo
1264 2353 1480 2416 donari
1501 2353 1958 2417 illustrationem
1979 2357 2028 2436 ι.)
2055 2357 2168 2418 hoc
2187 2354 2466 2437 dicimus,

825 2444 1103 2527 quoniam
1128 2463 1233 2526 pro
1257 2444 1622 2525 singularum
1646 2453 1821 2525 captu
1851 2447 2138 2508 mentium
2181 2446 2306 2508 sive
2353 2447 2467 2508 hu-

823 2543 1228 2609 manarum,ut
1248 2553 1380 2615 quae
1405 2535 1660 2616 primum
1687 2535 2142 2599 illustrationcm
2171 2537 2472 2618 accipiant

824 2623 950 2685 sive
969 2623 1501 2706 angelorum,quos
1525 2633 1756 2686 mentes
1775 2626 2078 2706 appellare
2103 2625 2349 2699 solet,ut
2369 2627 2471 2706 qui

825 2711 1068 2774 omnino
1091 2715 1494 2778 essentialiter
1509 2732 1678 2776 mens
1695 2715 2074 2792 exsistant,et
2088 2715 2286 2776 omnia
2300 2715 2444 2778 intel

823 2802 1313 2880 ligant500unite
1335 2822 1468 2884 quas
1507 2823 1540 2866 a
1565 2803 1687 2866 Deo
1713 2806 1772 2866 in
1802 2805 1966 2886 ipsos
1991 2811 2274 2867 continue
2305 2805 2468 2866 deri-

823 2901 1176 2972 vantur,pro
1201 2893 1971 2975 cujusque,inquam,captu
1994 2895 2470 2956 divinarevelan-

833 2991 1076 3062 tur;non
1100 2985 1258 3062 quod
1295 2985 1457 3046 Deus
1489 2983 1560 3044 iis
1601 2985 1802 3046 lumen
1828 2984 2018 3064 majus
2049 2984 2334 3060 invideat,
2369 2986 2472 3046 sed

825 3077 891 3130 ut
911 3074 970 3130 in
995 3069 1420 3134 distributione
1437 3070 1651 3133 divinae
1671 3073 2030 3150 cognitionis
2055 3083 2114 3135 et
2138 3074 2472 3155 aequitatem

2551 1905 3012 1980 συστελλομένους
3059 1907 3190 1983 μρίις
3251 1905 3343 1966 τὰς
3398 1904 3681 1982 ὑπερτέρας
3744 1903 3908 1980 αὑγὰς
3965 1903 4030 1976 τῇ
4085 1901 4185 1977 περὶ

2550 2002 2615 2057 τὰ
2671 2001 2792 2052 θεῖα
2847 1995 3158 2075 σωφροσύνῃ
3208 1995 3295 2050 καὶ
3344 1991 3607 2065 εὑλαϐείᾳ.
3663 1993 3755 2050 Καὶ
3811 1993 3912 2071 γὰρ
3962 1990 4068 2046 εἴτι
4113 1987 4187 2045 δεῖ

2551 2097 2618 2158 τῆ
2677 2087 2934 2163 πανσόφῳ
2965 2083 3209 2161 θεολογίᾳ
3268 2089 3359 2139 τοῦ
3404 2083 3640 2161 μεγάλου
3671 2081 3880 2139 Παύλου
3939 2082 4183 2138 πείθεσθαι

2550 2180 2740 2260 (αὑτὸς
2783 2181 2883 2254 γάρ
2941 2175 3084 2231 ἐστιν
3141 2175 3168 2228 ὁ
3200 2172 3396 2250 λέγων,
3432 2171 3511 2228 ὅτι
3565 2173 3700 2229 κατὰ
3733 2175 3793 2228 τὸ
3854 2171 4042 2250 μέτρον
4095 2174 4182 2234 τῆς

2551 2258 2820 2344 δυνάμεως
2854 2266 3079 2322 ἑκάστου
3107 2265 3140 2332 ἡ
3173 2264 3315 2342 παρά
3349 2269 3480 2318 Θεοῦ
3509 2275 3833 2340 χορηγεῖται
3872 2258 4178 2338 ἕλλαιιψις),

2553 2367 2705 2418 τοῦτο
2749 2357 2999 2433 λέγομεν,
3034 2353 3115 2410 ὅτι
3144 2355 3279 2410 κατὰ
3310 2351 3591 2430 ἀναλογίαν
3651 2353 3876 2408 ἑκάστου
3905 2358 4011 2409 τῶν
4039 2355 4180 2420 νοῶν,

2553 2449 2588 2517 ἢ
2647 2455 2754 2506 τῶν
2813 2445 3173 2524 ἀνθρωπίνων,
3201 2445 3272 2508 ὡς
3317 2443 3540 2520 πρώτως
3596 2440 3909 2523 δεχομένων
3958 2443 4052 2508 τὴν
4099 2439 4184 2520 ’έλ-

2555 2539 2784 2613 λαμψιν,
2817 2535 2882 2604 ἢν
2927 2541 3030 2592 τῶν
3093 2531 3358 2611 ἆγγέλων,
3393 2532 3478 2594 οῧς
3525 2532 3680 2590 εἴωθε
3713 2533 3838 2596 νόάς
3901 2532 4184 2606 ὀνομάζειν,

2555 2632 2625 2690 ὡς
2659 2631 2720 2685 τὸ
2753 2633 2856 2683 πᾶν
2907 2633 3024 2688 νοῦς
3069 2624 3224 2685 ὄντας
3271 2622 3645 2698 οὑσιωμένους,
3684 2624 3768 2678 καὶ
3829 2624 3994 2678 πάντα
4023 2628 4189 2678 νοοῦν-

2518 2770 2523 2775 .
2555 2741 2650 2779 τας
2681 2717 2891 2781 ἐνιαίως
2949 2717 3014 2772 τὰ
3046 2715 3106 2770 ἐκ
3160 2719 3290 2768 Θεοῦ
3319 2712 3502 2790 ῥέοντα
3559 2715 3846 2792 προσεχῶς
3881 2715 3953 2777 εἷς
3996 2710 4192 2783 αὑτοὺς,

2552 2809 2689 2866 κατὰ
2745 2815 2868 2885 γοῦν
2901 2807 2996 2872 τὴν
3050 2803 3333 2882 ἀναλογίαν
3394 2803 3615 2860 ἑκάστου
3671 2801 4094 2858 ἀνακαλύπτεται
4140 2799 4193 2855 τὰ

2555 2899 2698 2954 θεῖεν
2763 2900 2868 2974 οὑχ
2899 2895 2978 2950 ὅτι
3034 2897 3216 2972 φθονεῖ
3273 2895 3299 2948 ὁ
3346 2893 3474 2952 Θεὸς
3506 2897 3602 2946 τοῦ
3652 2890 3930 2962 πλείονος,
3963 2889 4095 2945 ἀλλὰ
4121 2885 4194 2941 διὰ

2557 2989 2616 3044 τὸ
2646 2993 2812 3042 σῶσαι
2857 2985 2951 3052 τὴν
3004 2984 3056 3038 ἐν
3088 2989 3154 3058 τῇ
3208 2981 3550 3060 ἐπιμετρήσει
3608 2980 3703 3048 τῆς
3747 2981 4069 3058 θεογνωσίας
4122 2976 4194 3030 δι-

2556 3076 2866 3142 καιοσύνην,
2908 3073 3261 3138 Δικαιοσύνης
3299 3072 3398 3148 γὰρ
3454 3069 3613 3145 ἴδιον,
3645 3071 3706 3125 τὸ
3738 3072 3880 3128 κατὰ
3911 3067 4055 3134 ἀξίαν
4084 3067 4191 3121 ἐπι-

826 3160 1366 3252 serv_et.Proprium
1391 3160 1686 3252 siquidem
1706 3163 1950 3242 justitize
1979 3171 2090 3238 est,
2110 3164 2325 3244 cuique
2366 3180 2472 3244 pro
2492 3200 2531 3249 ε
2557 3191 2596 3242 μ

2420 3180 2531 3249 τοο
2557 3179 2774 3243 μετρεῖν
2839 3165 3069 3238 ἑκάστῳ,
3116 3169 3404 3252 Τοιγαροξν
3458 3159 3754 3252 ἀμέτρητος
3818 3160 3916 3252 μέν
3967 3161 4024 3252 ,ἡ
4077 3156 4193 3252 ’περὶ

827 3249 1040 3310 merito
1073 3267 1412 3313 mensuram
1440 3250 1733 3314 tribuere.
1771 3253 1971 3334 Itaque
2004 3253 2300 3316 immensa
2330 3253 2470 3331 qui-
2502 3247 2518 3249 ⁷
2557 3263 2595 3312 Θ

2416 3253 2470 3314 l-
2502 3247 2518 3249 '
2557 3258 2688 3312 Θεοῦ
2739 3261 2956 3332 γνῶσις·
2991 3255 3154 3327 ἡμεῖς
3187 3249 3240 3306 δὲ
3294 3249 3499 3327 μέτρων
3527 3247 3774 3323 δεόμεθα.
3833 3250 3891 3306 Εἰ
3923 3249 4023 3327 γὰρ
4066 3247 4189 3334 ἁμέ-

826 3335 962 3398 dem
995 3347 1084 3400 est
1110 3339 1216 3402 Dei
1245 3341 1637 3421 cognitio,sed
1666 3343 1962 3404 mensuris
1985 3341 2158 3404 nobis
2187 3361 2336 3424 opus
2357 3353 2466 3405 est.

823 3426 970 3490 Nam
991 3428 1043 3490 si
1066 3430 1296 3512 absque
1323 3449 1600 3494 mensura
1624 3433 1795 3494 nobis
1825 3433 2470 3509 revelaretur,minime

823 3519 1046 3580 sarvari
1069 3539 1385 3600 possemus
1415 3523 1594 3594 (sicut
1630 3542 1825 3604 neque
1868 3525 2076 3586 oculus
2119 3541 2464 3604 corporeus,

826 3608 879 3669 si
897 3617 1079 3670 totum
1100 3609 1288 3672 solem
1311 3611 1838 3692 excipiat.Summa
1863 3613 2064 3694 itaque
2083 3613 2186 3676 Dei
2211 3613 2464 3694 bonitas,

827 3697 952 3760 sive
995 3699 1242 3778 justitiaa
1289 3700 1592 3783 decorem,
1619 3702 1742 3765 sive
1773 3721 1880 3765 nos
1911 3703 2072 3784 ipsos
2102 3721 2345 3766 servare
2369 3723 2465 3766 vo-

825 3785 1070 3864 lens,uti
1100 3788 1286 3851 Deum
1318 3790 1491 3854 decet
1517 3798 1676 3859 (nam
1733 3794 1855 3856 Deo
1907 3793 2186 3856 convenit
2215 3794 2462 3874 salvare,

827 3885 887 3938 et
910 3896 1030 3939 non
1053 3878 1341 3960 invidere)
1357 3899 1391 3942 a
1412 3879 1592 3944 rebus
1617 3885 1974 3946 mensuratis
1997 3891 2055 3944 et
2076 3883 2468 3964 comprehen-

825 3968 907 4029 sis
936 3986 1104 4030 suam
1129 3969 1612 4046 immensitatem,
1647 3981 1849 4051 utpote
1884 3971 2466 4052 incomprehensibi-

824 4056 944 4119 lem
982 4057 1281 4136 subducit,
1315 4059 1455 4122 dum
1493 4060 1704 4123 divinae
1733 4061 2088 4141 cognitionis
2117 4062 2464 4143 incompre-

823 4145 1295 4214 hensibilitatem
1315 4168 1424 4229 per
1439 4150 1882 4232 proportionem
1902 4151 2216 4232 quamdam
2233 4151 2463 4218 tribuit.

827 4239 1165 4302 Sicutenim
1184 4239 1694 4321 imperceptibiles
1709 4250 1849 4303 sunt
1868 4251 1926 4304 et
1942 4241 2269 4304 invisibiles
2285 4241 2469 4307 rebus

825 4328 1124 4392 sensitivis
1143 4328 1668 4408 intellectualer,et
1682 4331 2310 4412 ﬁctiscomposilisque
2331 4333 2470 4394 sim-

828 4419 1012 4497 plices
1033 4419 1603 4502 etincompositas,et
1627 4439 1733 4501 per
1756 4421 1972 4500 ﬁguras
2015 4421 2339 4484 eﬂ‘ormatis
2379 4421 2469 4485 in-

826 4508 1110 4586 ﬁguratze,
1150 4510 1480 4572 secundum
1524 4511 1796 4573 eamdem
1829 4515 2122 4574 rationem
2158 4513 2338 4574 etiam
2367 4533 2467 4576 res

825 4597 1038 4658 divinae
1061 4597 1696 4679 incomprehensibiles
1723 4601 2031 4664 exsistunt.
2083 4600 2146 4664 Si
2177 4601 2336 4664 enim
2371 4622 2468 4666 res

823 4687 1131 4768 simplices
1169 4695 1226 4750 et
1263 4689 1609 4768 inﬁguratze,
1645 4689 1786 4752 licet
1819 4691 2167 4755 substantiae
2188 4693 2463 4768 quaedam

821 4783 964 4859 sint,
1000 4777 1246 4840 minime
1271 4777 1382 4840 sub
1407 4795 1648 4841 sensum
1671 4780 1916 4858 cadunt,
1949 4791 2013 4842 ut
2035 4781 2234 4862 angeli
2257 4791 2315 4845 et
2343 4785 2469 4844 ani-

821 4885 957 4950 mas,
989 4875 1209 4950 quanto
1252 4869 1446 4948 magis
1496 4868 1650 4930 Deus
1697 4871 2128 4951 supereminet,
2161 4873 2298 4953 quia
2348 4893 2464 4936 non

829 4957 1293 5041 substantia,sed
1316 4977 1495 5041 supra
1515 4957 1902 5023 substantiam
1923 4971 1979 5024 et
2003 4961 2270 5024 infinitus
2315 4964 2468 5025 exsi-

830 5045 952 5120 stit;
984 5066 1175 5127 neque
1205 5068 1376 5112 mens
1408 5058 1517 5132 est,
1545 5049 1650 5112 sed
1684 5069 1862 5132 supra
1911 5064 2174 5114 mentem
2219 5054 2412 5116 unitas
2436 5059 2464 5117 ?

823 5133 1121 5200 Unitatem
1154 5155 1293 5200 vero
1323 5141 1592 5216 audiens,
1625 5159 1700 5202 ne
1730 5144 1862 5223 quis
1903 5141 2464 5220 cogitetdivisorum

827 5227 1220 5307 quorumdam
1245 5229 1317 5290 ad
1345 5230 1675 5292 unitionem
1722 5249 2078 5296 concursum
2107 5251 2122 5309 ;
2156 5251 2274 5296 non
2303 5234 2462 5297 enim

823 5319 900 5379 de
942 5315 1156 5380 talibus
1201 5317 1378 5380 modo
1407 5337 1609 5383 sermo
1643 5329 1754 5398 est,
1789 5322 1902 5384 sed
1935 5323 2010 5385 de
2058 5321 2184 5385 Deo
2223 5343 2466 5405 prorsus

821 5407 1241 5488 incomposito,
1275 5415 1334 5470 et
1361 5426 1542 5490 supra
1592 5427 1686 5493 ea,
1718 5429 1853 5490 quae
1899 5413 2076 5474 unius
2119 5412 2466 5478 substantiae

825 5503 984 5576 sunt,
1018 5495 1358 5562 unito.Nam
1389 5497 1536 5578 quid
1558 5517 1677 5563 uno
1703 5499 1888 5581 magis
1913 5501 2256 5586 simplex,et
2287 5504 2466 5571 unius

901 5671 931 5714 ιι
956 5667 1178 5753 Ephes.
1209 5689 1287 5755 iv,
1317 5671 1379 5734 7.

2554 3367 2690 3422 τρως
2752 3348 2887 3419 ἡμῖν
2922 3341 3345 3414 ἆπεκαλύπτετο,
3381 3341 3475 3396 οὑκ
3522 3338 3584 3395 ἂν
3633 3339 3939 3414 ἐσώθημεν·
3975 3341 4046 3401 ὡς
4089 3333 4191 3392 οὑδὲ

2553 3437 2856 3508 σωματικὸς
2907 3432 3176 3513 ὀφθαλμὸς
3222 3430 3345 3486 ὅλον
3401 3429 3554 3500 ἥλιον
3612 3426 3937 3508 δεχόμεςος,
3986 3428 4048 3484 Ἦ
4094 3424 4191 3482 τοί·

2554 3549 2642 3583 νυν
2698 3526 2962 3605 θεαρχικὴ
3020 3523 3286 3601 ἀγαθότης
3345 3521 3510 3577 σῶσαι
3563 3519 3896 3595 βουλομένη,
3933 3519 3968 3587 ἢ
4018 3519 4076 3574 τὸ
4104 3516 4190 3580 τῆς

2550 3603 2883 3682 δικαιοσύνης
2937 3615 3123 3686 καλὸν,
3156 3611 3192 3679 ἢ
3223 3611 3308 3668 καὶ
3364 3611 3502 3685 ἡμᾶς
3548 3609 3759 3688 αὑτοὺς,
3796 3603 4188 3665 ἂποδιαστέλλει

2549 3709 2852 3783 θεοπρεπῶς
2911 3699 3138 3783 (πρέπον
3197 3702 3296 3779 γὰρ
3347 3706 3407 3755 τὸ
3464 3700 3675 3774 σώζειν,
3710 3699 3802 3755 καὶ
3856 3699 3936 3773 μὴ
3993 3700 4193 3778 φθονεῖν

2551 3795 2715 3874 Θεῷ),
2747 3795 2852 3849 ἀπὸ
2903 3795 3010 3849 τῶν
3039 3793 3092 3848 ἐν
3135 3791 3310 3870 μέτρῳ
3359 3790 3446 3845 γαὶ
3497 3792 3763 3868 χωρητῶν
3797 3789 3903 3856 τὴν
3955 3784 4192 3863 ἀμετρίαν

2551 3885 2732 3964 αὑτοῦ,
2767 3887 2836 3946 ὼς
2896 3883 3206 3963 ἀχώρητοθ,
3261 3879 3312 3946 ἐξ
3369 3878 3650 3956 ἀναλογίας
3701 3879 3762 3934 τὸ
3823 3877 4193 3944 ἀκατάληπτον

2551 3976 2648 4039 τῆς
2704 3959 2820 4053 περὶ
2851 3959 2982 4028 Θεοὺ
3017 3959 3262 4049 ’γνώσεως
3321 3969 3537 4025 ἐνταῦθα
3569 3967 3920 4046 παρίσταται,
3957 3959 4051 4028 Ὠς
4107 3963 4195 4040 γὰρ

2552 4062 2766 4131 ἅληπτα
2818 4076 2938 4127 τοῖς
2971 4065 3244 4128 αἰσθητοῖς
3297 4059 3361 4115 τὰ
3391 4059 3578 4136 νοητὰ,
3626 4059 3713 4114 καὶ
3740 4071 3868 4121 τοῖς
3901 4057 3956 4114 ἐν
3991 4055 4196 4128 πλάσει,

2552 4156 2638 4211 καὶ
2681 4155 2937 4228 συνθέσει,
2970 4152 3057 4209 καὶ
3115 4151 3262 4224 τύπῳ
3319 4149 3384 4204 τὰ
3440 4147 3584 4204 ἀπλᾶ
3639 4147 3734 4202 καΐ
3798 4148 4076 4218 ἀτύπωτα,
4125 4143 4200 4200 aui

2550 4257 2669 4307 τοῖς
2716 4244 2852 4302 κατὰ
2881 4244 3140 4322 σχήματα
3190 4237 3657 4317 μεμορφωμένοις,
3692 4238 3760 4292 τὰ
3790 4236 4196 4318 ἀσχημάτιστα’

2551 4335 2687 4392 κατὰ
2718 4335 2805 4391 τὸν
2851 4335 3006 4392 αὒτὸν
3051 4330 3211 4409 λόγον
3241 4329 3328 4386 καὶ
3369 4329 3434 4384 τὰ
3492 4330 3610 4384 θεῖα
3642 4326 4008 4394 ἀκατάληπτα
4057 4327 4196 4381 εἰσιν.

2553 4427 2611 4482 Εἰ
2670 4426 2769 4502 γὰρ
2800 4424 2916 4480 οὔτε
2974 4423 3040 4478 τὰ
3089 4419 3256 4495 ἀπλᾶ,
3291 4420 3372 4476 καὶ
3432 4418 3844 4498 ἀσχημάτιστα,
3881 4424 3983 4474 κᾶν
4039 4415 4199 4472 οὑσιαι

2551 4515 2690 4580 τινες
2742 4515 2863 4594 ὦσι,
2898 4526 3019 4574 ταῖς
3071 4512 3376 4580 αισθήσεσιν
3423 4509 3834 4582 ὑποπίπτουσιν,
3867 4510 3944 4570 ὡς
3991 4503 4200 4584 ἄγγελοι

2550 4607 2638 4661 καὶ
2694 4607 2890 4684 ψυχαὶ,
2930 4603 3082 4675 πόσῳ
3137 4599 3342 4677 μᾶλλον
3399 4599 3649 4678 ὑπερέχει
3701 4600 3728 4654 ὁ
3794 4600 3956 4671 Θεὸς,
3989 4601 4016 4652 ὁ
4070 4595 4200 4670 μήτε

2550 4696 2720 4770 οὐσία,
2755 4691 2874 4750 ἀλλ’
2923 4694 3054 4771 ὑπὲρ
3085 4691 3284 4766 οὖσίαν,
3317 4690 3406 4746 καὶ
3455 4691 3670 4762 ἄπειρος
3721 4687 3821 4745 ὤν·
3875 4687 4020 4764 μήτε
4065 4685 4198 4763 νοῦς,

2549 4782 2670 4840 ἀλλ’
2727 4784 2853 4860 ὑπὲρ
2886 4789 3002 4840 νοῦν
3031 4781 3219 4848 ἑνότης
3257 4799 3272 4860 ς
3324 4779 3548 4844 ἑνότητα
3579 4775 3633 4832 δὲ
3683 4777 3925 4853 ἀκούων,
3960 4776 4038 4853 μὴ
4096 4773 4199 4828 δια·

2549 4874 2722 4952 φόρων
2777 4878 2934 4929 τινῶν
3010 4873 3133 4951 πρὸς
3182 4868 3367 4926 ἕνωσιν
3432 4869 3520 4922 καὶ
3593 4864 3899 4944 συνδρομὴν
3961 4865 4201 4933 νοησάτω

2549 4980 2650 5027 τις·
2709 4967 2768 5022 οὑ
2797 4965 2896 5042 γὰρ
2926 4964 3044 5042 περὶ
3101 4961 3350 5018 τοιούτων
3407 4959 3466 5036 pb
3517 4955 3676 5034 λόγος
3731 4963 3854 5032 νᾶν,
3891 4955 4033 5013 ἀλλὰ
4091 4955 4201 5030 περὶ

2552 5060 2682 5111 Θεού
2732 5061 2822 5111 τοῦ
2881 5051 3160 5109 ἀσυνθέτου
3223 5051 3420 5120 πάντη,
3482 5047 3568 5102 καὶ
3621 5046 3750 5123 ὑπὲρ
3811 5047 3883 5104 τὰ
3924 5046 4203 5123 μονοούσια

2553 5145 2847 5220 ἧνωμένοο.
2885 5145 2943 5200 Τί
2975 5144 3072 5222 γὰρ
3105 5141 3216 5203 ἐνὸς
3267 5137 3468 5215 μᾶλλον
3500 5137 3699 5194 ἁπλοῦν
3731 5157 3791 5192 τε
3855 5135 3959 5192 καῖ
3994 5135 4206 5212 μονοσύ-

2550 5249 2716 5309 σιον;
2778 5231 2927 5290 Ἀλλ’
2955 5221 2995 5300 ἡν
3041 5238 3132 5288 τοῦ
3191 5227 3321 5285 Θεοῦ
3367 5226 3554 5292 ἑνότης
3613 5221 4041 5304 5πεξῃρτ,μένως
4085 5224 4206 5301 ὑπὲρ

2546 5325 2733 5382 τοῦτόν
2791 5322 2928 5396 ἐστι,
2962 5322 3050 5379 καὶ
3109 5317 3422 5382 ἀδιανόητον
3453 5314 3567 5370 ἐστι
3599 5315 3800 5377 πάσαις
3832 5313 4119 5388 διανοίαις,
4151 5314 4206 5368 τὸ

2547 5415 2676 5492 ὑπὲρ
2712 5410 2944 5470 διάνοιαν
2975 5412 3150 5468 ἐκεῖσε
3203 5401 3280 5468 ἓν.
3315 5405 3570 5462 Ἐνταῦθα
3599 5404 3698 5483 γὰρ
3727 5404 3765 5471 ἡ
3801 5405 4045 5486 ἡμετέρα
4095 5402 4208 5460 διά·-

2548 5491 2665 5563 νοια
2717 5499 3130 5580 ποικιλλομένη,
3165 5499 3236 5566 εἷς
3267 5491 3555 5560 ἀποδείξεις
3603 5493 3690 5550 καί
3719 5514 3878 5560 τινας
3926 5497 4200 5576 προτάσει,
