4490 6164
523 328 643 402 613
1028 330 1126 402 DE
1168 334 1467 405 DIVINIS
1506 333 1957 414 NOMINIBUS,
2001 333 2164 399 CAP.
2215 333 2262 398 Ι.
2308 365 2387 381 --
2434 328 2817 401 PARAPHR.
2875 332 3386 403 PACHYMERE.
3785 342 3905 408 614

517 473 885 555 λαμϐάνουσα,
942 475 1284 543 πληθύνεται.
1347 468 1492 535 ’Ὅτε
1539 476 1594 533 δὲ
1634 480 1697 535 Et.
1725 477 1924 533 τούτων
1956 471 2290 536 συνάξιιΑει

2126 493 2159 527 ιι
2182 479 2222 526 Α
2243 466 2587 531 substantiae
2603 477 2691 529 est
2714 474 2742 531 ’ἲ
2776 476 2970 531 tamen
3002 469 3112 531 Dei
3144 472 3343 534 unitas
3371 475 3899 553 supereminenter

517 566 579 622 τὸ
608 563 988 644 συμπέρασμα,
1018 563 1073 620 ἓν
1104 588 1155 620 τι
1186 565 1361 637 ἕτερον
1414 569 1519 622 τῶν
1575 565 1857 641 κειμένων,
1918 559 2153 638 ωμόαϊ-
2240 580 2290 622 St

2125 593 2153 604 -
2240 578 2420 649 supra
2437 560 2496 621 id
2521 560 2714 649 ipsum
2743 569 2926 641 est,et
2947 562 3228 625 omnibus
3252 565 3555 627 mentibus
3574 565 3897 649 inconcep-

518 676 607 712 νον
664 652 910 731 εὖρίσκει.
973 655 1043 712 Τὸ
1096 651 1151 710 δὲ
1206 655 1335 733 ὑπὲρ
1373 652 1604 712 διάνοιαν
1637 656 1712 733 ἓν,
1750 656 1811 711 οὒ
1840 650 2077 709 τοιοῦτόν
2106 673 2155 707 τι
2242 649 2285 711 ιί

2119 673 2155 707 ιι
2242 647 2409 713 tibile
2440 655 2529 711 est
2578 648 2724 711 illud
2758 667 2939 711 unum
2986 650 3146 730 quod
3189 651 3275 713 ibi
3335 663 3594 717 mentem
3629 647 3892 736 superat.

518 742 681 821 ἐστὶν,
766 735 892 798 ἀλλ’
963 739 1278 811 ἀδιανόητον
1354 746 1441 800 καὶ
1500 742 1904 821 ἀσυλλόγιστον·
1983 742 2013 797 ὃ
2072 741 2159 797 καὶ
2241 737 2291 802 Η

2122 741 2159 797 ii
2241 737 2352 802 Hic
2370 738 2530 801 enim
2549 738 2947 819 intelligentia
2970 749 3173 803 nostra
3198 743 3620 820 variatur,dum
3647 735 3895 809 demon-

516 833 647 908 ὑπὲρ
677 832 837 910 λόγον
867 832 927 888 ’ὃν
956 832 1177 912 ἀγαθὸν,
1207 831 1431 910 ἄῤῥητὸν
1460 833 1571 890 ἐστι
1601 831 1747 911 λόγω
1776 832 1955 890 παντί.
2243 835 2289 890 st

2243 829 2560 891 strationes
2590 837 2649 890 et
2681 828 3122 911 propositiones
3158 829 3388 908 aliquas
3404 834 3899 915 excipiens,mul-

517 919 846 1001 tiplicatur.
898 918 1146 993 Quando
1179 929 1377 983 autem
1432 940 1503 984 ex
1534 922 1630 984 his
1676 919 1902 1001 colligit
1950 918 2419 993 conclusionem,
2455 937 2522 980 ex
2568 918 2644 980 iis
2681 937 2813 1000 quas
2846 921 3147 1001 proposita
3194 928 3335 985 sunt
3365 924 3662 1004 comperit
3712 946 3894 989 unum

522 1007 807 1091 quiddam
839 1009 998 1072 aliud
1031 1010 1342 1091 consequi.
1379 1011 1531 1074 Illud
1562 1019 1758 1074 autem
1792 1028 1979 1072 unum
2016 1008 2170 1090 quod
2204 1026 2387 1085 supra
2420 1017 2684 1072 mentem
2716 1017 2805 1071 est
2835 1028 2953 1070 non
2985 1019 3075 1071 est
3104 1009 3217 1071 tale
3261 1013 3425 1092 quid,
3460 1015 3564 1075 sed
3608 1013 3894 1079 inconce-

525 1097 760 1180 ptibile,
785 1107 846 1160 et
872 1098 1030 1181 quod
1055 1100 1428 1163 ratiocinatio
1455 1121 1571 1163 non
1602 1101 1875 1181 attingit:
1910 1105 2133 1180 quippe
2163 1098 2320 1179 quod
2354 1097 2575 1160 bonum
2611 1107 2721 1174 est,
2758 1117 2937 1180 supra
2966 1101 3278 1177 rationem,
3313 1103 3476 1164 omni
3505 1104 3684 1166 etiam
3717 1108 3901 1169 verbo

516 1187 825 1258 ineffabile
850 1196 963 1251 est.

602 1281 802 1338 Λοιπὸν
860 1280 996 1356 μετὰ
1053 1281 1115 1336 τὸ
1170 1278 1373 1346 ἒξελεῖν
1427 1282 1635 1339 πάντων
1685 1282 1790 1338 τῶν
1822 1282 1875 1339 ἐν
1904 1293 2021 1343 τοῖς
2054 1279 2168 1335 οὖσι

519 1371 587 1429 τὰ
643 1371 762 1449 περὶ
823 1376 977 1446 Θεοῦ,
1036 1376 1114 1445 τῷ
1177 1371 1354 1450 μέτρῳ
1409 1378 1507 1439 τῆς
1581 1372 1847 1450 ἡμετέρας
1914 1370 2169 1449 γλώσσης

520 1460 829 1519 ἀκολουθῶν
889 1459 974 1539 (οἶ)
1029 1461 1131 1538 γὰρ
1187 1458 1475 1540 ὑπερϐῆναι
1506 1462 1705 1529 ταύτην
1733 1460 1951 1521 δυνατὸν
1981 1457 2167 1538 ἡμῖν),

518 1550 573 1619 ἐξ
602 1553 774 1609 αὒτῶν
802 1547 999 1622 δοξάζει
1029 1552 1120 1606 τὸν
1172 1552 1324 1631 Θεὸν,
1385 1550 1435 1617 ἐξ
1494 1553 1569 1607 ὧν
1624 1553 1779 1608 αὒτὸν
1843 1550 2037 1617 ἐξεῖλε.
2076 1549 2174 1607 Καὶ

523 1639 684 1698 ἑνάδα
709 1641 868 1719 φησὶν
898 1640 1078 1712 αὐτὸν,
1112 1637 1235 1695 ἀλλ’
1266 1641 1508 1698 ἑνοποιὸν
1547 1639 1759 1708 ἀπάσης
1792 1641 1995 1715 ἐνάδος,
2045 1662 2171 1697 του·

519 1730 665 1787 τὲστι
694 1726 1018 1807 δημιουργὸν
1046 1735 1154 1787 τῶν
1183 1729 1367 1786 ἁπλῶν
1412 1732 1624 1807 οὐσιῶν,
1654 1729 1921 1810 ἀγγέλων,
1954 1735 2167 1810 ψυχῶν

520 1821 608 1877 καὶ
664 1825 803 1897 νοῦν,
863 1816 983 1874 ἀλλ’
1043 1817 1294 1899 ἀνόητον,
1355 1819 1470 1876 ἀντὶ
1526 1826 1619 1877 τοῦ
1649 1825 1725 1895 μη
1785 1821 2040 1895 νούμειον
2071 1820 2172 1875 ὑπό

2332 1274 2625 1360 Caeterum
2657 1298 2793 1341 cum
2809 1298 2878 1341 ea
2894 1298 3023 1360 qua)
3055 1292 3195 1341 sunt
3219 1278 3391 1349 Dei.a
3419 1280 3601 1344 rebus
3622 1286 3902 1349 omnibus

2254 1359 2674 1422 exsisteutibus
2702 1359 2956 1441 excepit,
2989 1360 3202 1439 linguae
3230 1370 3450 1424 nostra;
3474 1363 3780 1427 modulum
3806 1386 3900 1429 se-

2256 1466 2444 1528 quens
2478 1450 2496 1518 (
2503 1467 2696 1532 neque
2718 1451 2879 1512 enim
2909 1451 3069 1512 hunc
3091 1451 3381 1513 excedere
3404 1452 3799 1536 valemus),ex
3829 1458 3902 1519 iis

2257 1538 2400 1619 ipsis
2433 1539 2610 1603 rebus
2642 1559 2675 1602 a
2698 1540 2915 1620 quibus
2929 1539 3116 1604 Deum
3132 1542 3905 1624 excepit,ipsumlaudat.Et

2256 1629 2337 1690 ait
2365 1630 2556 1708 ipsum
2588 1648 2719 1692 esse
2733 1629 3157 1704 unitatem,sed
3182 1631 3544 1694 effectricem
3571 1642 3686 1694 ιθ
3703 1646 3730 1695 I
3759 1636 3900 1698 uni-

2255 1735 2442 1802 versa}
2472 1718 2740 1800 unitatis,
2764 1718 2821 1780 id
2861 1731 2950 1802 est
2979 1728 3310 1781 creatorem
3355 1721 3719 1802 simplicium
3753 1724 3899 1787 sub-

2255 1798 2698 1871 stantiarum,ut
2716 1798 3084 1880 angelorum,
3112 1802 3445 1863 animarum
3476 1798 3499 1875 ξ
3526 1812 3585 1865 et
3618 1813 3901 1887 mentem,

521 1932 666 1973 τινος
728 1916 839 1969 νοῦ.
904 1910 961 1965 Εἰ
990 1909 1090 1985 γὰρ
1120 1910 1180 1965 τὸ
1219 1907 1405 1983 ὅμοιον
1433 1911 1535 1966 ὑπὸ
1564 1918 1656 1968 τοῦ
1687 1911 1871 1984 ὁμοίου
1904 1911 2166 1986 γινώσκε-
2197 1931 2232 1979 Β
2255 1911 2294 1991 ξ¹

2128 1934 2166 1963 ί,
2197 1931 2232 1979 Β
2255 1888 2359 1991 sed
2385 1908 2538 1991 “non
2592 1889 3021 1991 initiilectiletn,
3054 1891 3112 1991 id
3138 1901 3249 1965 est,
3283 1909 3416 1972 quas
3444 1910 3479 1955 a
3509 1892 3672 1956 nulla
3703 1905 3901 1958 mente

523 2023 635 2073 ται,
669 1999 838 2080 ἐχρῆν
864 2000 908 2054 εἰ
936 1999 1053 2062 νοῦς
1083 1999 1172 2078 ἦν,
1215 2000 1316 2056 ὑπὸ
1368 2005 1472 2056 τῶν
1529 2006 1663 2057 νοῶν
1722 2004 1978 2059 νοεῖσθαι⁶
2037 1999 2173 2057 ἀλλὰ

522 2092 611 2152 Τίς
688 2088 823 2167 ἔγνω
897 2096 1016 2146 νοῦν
1091 2088 1312 2168 Κυρίου;
1389 2091 1584 2147 Οὐκοῦν
1651 2099 1766 2153 νοῦς
1838 2091 1979 2147 ἐστιν
2044 2091 2173 2170 ὑπὲρ

2255 1979 2632 2060 intelligitur.
2662 1979 2724 2044 Si
2748 1979 2907 2042 enim
2936 1979 3130 2043 simile
3151 1999 3185 2043 a
3206 1982 3391 2043 simili
3413 1985 3817 2066 cognoscitur,
3852 1986 3903 2047 si

2257 2088 2426 2131 mens
2448 2077 2941 2150 esset,oporteret
2957 2081 3020 2133 ut
3039 2089 3074 2132 a
3095 2071 3393 2133 mentibus
3409 2086 3895 2153 cognosceretur:

523 2186 664 2258 νοῦν,
720 2181 809 2235 καὶ
869 2177 1036 2254 ὄνομα
1089 2180 1149 2235 τὸ
1206 2180 1336 2256 ὑπὲρ
1393 2185 1497 2235 πᾶν
1552 2177 1743 2255 ὄνομα.
1783 2182 1877 2238 Καὶ
1916 2183 1977 2235 τὸ
2007 2179 2173 2255 ὄνομα
2255 2171 2296 2220 ³1

2128 2159 2173 2235 ,ξε
2255 2168 2312 2220 at
2333 2162 2466 2239 quis
2483 2162 2761 2240 cognovit
2779 2166 3038 2221 mentem
3071 2159 3505 2222 Dominii?Est
3530 2163 3711 2242 igitur
3735 2183 3901 2226 mens

524 2290 649 2343 μου,
716 2268 899 2349 φησίν,
961 2272 1054 2326 οὐκ
1108 2280 1262 2323 ετπον
1320 2269 1525 2333 αὐτοῖς’
1593 2268 1674 2325 διὸ
1738 2271 1825 2326 καὶ
1895 2270 2167 2343 ἀνώνυμός
2255 2266 2297 2310 5'

2128 2270 2167 2335 ςς
2255 2265 2435 2327 supra
2477 2258 2763 2321 mentem,
2804 2258 3101 2310 etnomen
3143 2267 3323 2331 supra
3346 2270 3524 2313 omne
3547 2272 3788 2318 nomen.
3826 2255 3901 2316 Et

523 2361 634 2415 ἔστι
694 2379 876 2419 πασιν.
940 2356 1066 2414 Ἐὰν
1123 2357 1178 2412 δὲ
1236 2356 1393 2434 λέγῃ’
1459 2356 1601 2436 Ἐγῶ
1652 2361 1759 2434 εἰμι
1817 2362 1845 2414 6
1885 2358 1981 2433 ὢν,
2018 2358 2168 2424 ἀξίως

522 2459 730 2503 νοεῖται
788 2446 1023 2526 ἄναρχος
1080 2448 1166 2502 καὶ
1224 2446 1597 2519 ἀτελεύτητος,
1661 2451 1747 2504 καὶ
1806 2449 1877 2509 ὡς
1941 2447 2003 2505 ἂν
2035 2448 2167 2516 αῦτη

519 2538 642 2615 περὶ
702 2535 892 2602 ἑαυτῆς
947 2535 1112 2593 εἴποι·
1181 2536 1319 2611 μόνῃ
1380 2538 1477 2615 γὰρ
1534 2540 1665 2613 αὒτῇ
1721 2545 1788 2613 τῇ
1849 2538 2071 2605 Θεότητι
2103 2538 2167 2593 τὰ

522 2626 644 2684 καθ’
676 2627 871 2694 ἑαυτὴν
900 2628 973 2691 ὡς
1006 2625 1123 2705 ἔχει
1154 2626 1358 2705 φύσεως
1389 2627 1673 2697 ἐπιστητὰ,
1709 2628 1798 2683 καί
1847 2628 1986 2702 μόνη
2045 2628 2165 2683 ἐπί-

522 2738 715 2773 σταται
774 2715 1073 2782 ἐπιπητῶς
1131 2715 1218 2770 καὶ
1275 2716 1490 2792 κυρίως.
1551 2714 1728 2779 Οὐδεὶς
1776 2718 1875 2795 γὰρ
1920 2717 2168 2794 γινώσκει

517 2808 617 2863 τὸν
672 2804 901 2884 Πατέρα,
955 2806 997 2860 εἰ
1052 2804 1131 2879 μὴ
1188 2806 1216 2860 6
1275 2804 1416 2862 Υίός⁶
1478 2807 1565 2861 καὶ
1623 2807 1712 2861 τὸν
1776 2807 1914 2878 Υἱὸν,
1962 2808 2006 2863 εἰ
2035 2807 2113 2881 μὴ
2144 2809 2170 2861 ὁ

522 2894 733 2974 Πατήρ.
767 2897 838 2953 Τὸ
873 2896 997 2953 αὐτὸ
1029 2895 1115 2950 καὶ
1150 2894 1266 2971 περῖ
1298 2903 1390 2952 τοῦ
1420 2895 1569 2972 ἁγίου
1627 2896 1946 2970 Πνεύματος’
2008 2894 2171 2960 οὐδεὶς

520 2987 626 3064 γὰρ
682 2982 798 3042 οἶδε
855 2986 922 3041 τὰ
976 2990 1068 3040 τοῦ
1119 2989 1273 3057 Θεοῦ,
1307 2983 1351 3039 εἰ
1383 2983 1460 3057 μὴ
1492 2985 1552 3039 τὸ
1603 2989 1818 3060 Πνεῦμα
1875 2987 1936 3041 τὸ
1994 2985 2054 3042 ἑκ
2084 2992 2176 3042 τοῦ

522 3077 685 3138 Θεοῦ,

608 3243 737 3323 §IL
799 3245 923 3322 Περὶ
979 3244 1176 3311 ταύτης
1239 3241 1327 3298 οῦν
1374 3248 1471 3310 τ’ἦς
1519 3246 1848 3323 ὑπεροοσίου⁹
1882 3246 1917 3313 ἡ
1950 3244 2049 3322 γὰρ
2078 3244 2172 3301 οὒ-

521 3334 617 3392 σία
676 3331 887 3410 λέγεται
942 3334 1084 3411 παρὰ
1139 3334 1201 3389 τὸ
1257 3332 1423 3389 εἶναι·
1486 3335 1546 3389 τὸ
1586 3332 1638 3388 δὲ
1670 3334 1812 3391 εἶναι
1845 3334 2171 3413 παραγωγῆς

520 3444 671 3485 τινος
730 3421 933 3478 ἔννοιαν
989 3421 1302 3501 ὑπογράφει,
1347 3423 1441 3478 οὐκ
1486 3422 1549 3477 ἂν
1590 3422 1802 3500 λέγοιτο
1831 3424 2021 3502 κυρίως
2075 3426 2167 3481 οὒ-

522 3514 640 3588 σία,
703 3510 823 3567 ἀλλ’
881 3512 1211 3588 ὑπερούσιος.
1274 3512 1399 3586 Περὶ
1448 3513 1646 3578 ταύτης
1704 3516 1792 3569 οὖν
1823 3518 1919 3579 τῆς
1949 3515 2170 3589 ὑπερου-

524 3602 646 3659 σίου
671 3602 759 3658 καὶ
816 3603 1037 3681 κρυψίας
1064 3601 1318 3668 θεότητος
1357 3600 1473 3657 οὔτε
1508 3602 1708 3682 εἰπεῖν,
1742 3602 1858 3659 οὗτε
1922 3602 2170 3669 ἐννοῆσαί

520 3714 577 3748 τι
609 3689 908 3767 τολμητέον
940 3691 1082 3768 παρὰ
1111 3691 1177 3748 τὰ
1208 3688 1512 3757 δηλωθέντα
1544 3691 1604 3748 ἐκ
1660 3692 1766 3750 τῶν
1827 3692 1979 3748 Θείων
2038 3696 2177 3770 1‘91-

524 3787 667 3861 φῶν,
730 3781 829 3838 Καὶ
886 3782 986 3860 γὰρ
1045 3783 1116 3845 ὡς
1164 3780 1298 3848 αὐτὴ
1328 3781 1448 3859 περὶ
1478 3780 1671 3848 ἑαυθῆς
1702 3782 1756 3838 ἐν
1787 3795 1905 3845 τοϊς
1940 3783 2178 3860 Εὖαγγε-

522 3869 667 3936 λίοις
723 3868 1023 3942 παρέδωκεν
1084 3868 1200 3950 (ὅτε
1259 3873 1286 3926 6'
1340 3867 1529 3949 Κύριος
1563 3870 1764 3950 ἔλεγεν·
1831 3870 2009 3936 Οὐδεὶς
2060 3870 2177 3929 οἶδε

526 3962 623 4016 τὸν
687 3959 894 4035 Πατέρα
951 3961 994 4014 εἰ
1052 3959 1129 4035 μὴ
1186 3959 1214 4014 ὅ
1272 3958 1412 4023 Υἱός·
1461 3960 1569 4033 καὶ,
1624 3958 1800 4021 Οὐδεὶς
1847 3957 1962 4017 οἶδε
1993 3961 2057 4016 τὰ
2086 3961 2180 4017 τοῦ

529 4055 671 4107 Θεοῦ
743 4049 789 4103 εἰ
860 4049 938 4123 μὴ
1007 4050 1068 4105 τὸ
1128 4054 1341 4125 Πνεῦμα
1400 4049 1462 4104 τὸ
1518 4048 1579 4104 ἐκ
1629 4049 1720 4106 τοῦ
1774 4055 1928 4125 Θεοῦ,
1990 4051 2180 4127 ἀγαθο-

526 4142 751 4217 πρεπῶς
812 4136 1259 4216 ἀποφαινόμενος,
1338 4135 1676 4195 ἀναστέλλων
1746 4139 1845 4206 τὴν
1916 4138 2182 4216 ἡμετέραν

526 4224 840 4305 παράλογον
895 4225 1158 4306 ἔρευναν),
1217 4228 1250 4295 ἡ
1310 4225 1586 4302 ἐπιστήμη
1643 4228 1838 4295 ταύτης
1881 4230 1969 4285 καὶ
1992 4227 2183 4306 θεωρίά

526 4312 733 4380 ἅϐατός
768 4314 877 4371 ἐστι
907 4321 1036 4372 πᾶσι
1065 4329 1183 4381 τοῖς
1227 4315 1395 4391 οὖσιν,
1427 4318 1501 4379 ὡς
1531 4316 1660 4394 ὑπὲρ
1691 4318 1755 4372 τὰ
1793 4317 1965 4373 πάντα
1994 4314 2177 4384 οὔσης.

530 4407 637 4465 Καὶ
695 4403 923 4470 πολλοὺς
971 4404 1082 4461 τῶν
1129 4403 1397 4484 θεολόγων
1427 4406 1669 4485 εὑρήσεις
1701 4409 1761 4465 οὗ
1791 4407 1954 4482 μόνον
1982 4406 2181 4473 ταύτην

528 4494 761 4575 ἀόρατον
817 4496 904 4552 καὶ
963 4495 1325 4576 ἀπερίληπτον
1383 4493 1634 4575 λέγοντας
1694 4495 1873 4575 (τοῦτο
1921 4497 2020 4575 γὰρ
2071 4496 2180 4552 ἐστι

524 4588 622 4642 καὶ
650 4584 815 4660 ὕμνος
846 4592 999 4659 Θεοῦ,
1031 4585 1120 4644 ὅτε
1149 4584 1533 4665 προσηκόντως
1593 4607 1675 4648 τις
1728 4586 1849 4665 περὶ
1906 4592 2037 4644 Θεοῦ
2086 4582 2181 4641 λέ-

2252 2356 2471 2401 nomen
2501 2339 2715 2420 inquit,
2751 2356 2948 2401 meum
2975 2357 3096 2400 non
3121 2328 3519 2417 mdnifestavi
3546 2343 3714 2419 eisi;
3746 2362 3953 2425 qua-1
4046 2328 4067 2343 τ

2253 2428 2521 2489 mobrem
2553 2428 2833 2490 omnibus
2865 2436 2952 2489 est
2982 2427 3111 2488 sine
3144 2429 3410 2492 nomine.
3446 2428 3613 2501 Quod
3638 2431 3689 2493 si
3713 2430 3899 2498 dicit'f

2249 2518 2381 2598 Ego
2434 2535 2567 2579 sum
2622 2520 2729 2597 qui
2785 2516 2996 2591 sum‘,
3040 2515 3396 2597 intelligitur
3422 2528 3484 2579 ut
3537 2512 3902 2596 decet,esse

2251 2606 2480 2668 scilicet
2532 2606 2661 2668 sine
2719 2606 3012 2686 principio
3070 2615 3130 2668 et
3184 2607 3316 2668 sine
3375 2608 3516 2689 tine,
3578 2618 3637 2671 et
3679 2621 3741 2671 ut
3773 2613 3903 2693 ipsa

2256 2694 2538 2758 Divinitns
2568 2694 2643 2757 de
2669 2695 2867 2777 seipsa
2894 2696 3077 2760 dicit:
3114 2696 3223 2758 soli
3258 2696 3415 2758 enim
3450 2698 3753 2761 Divinitati
3784 2702 3905 2780 ipsi

2255 2804 2358 2866 per
2415 2804 2481 2847 se
2540 2796 2747 2847 natura
2803 2805 2910 2848 sua
2968 2795 3103 2849 nota
3163 2793 3273 2861 est,
3317 2795 3381 2848 et
3409 2787 3537 2849 sola
3567 2806 3630 2853 se
3657 2790 3805 2852 scite
3835 2808 3904 2852 ac

2257 2875 2496 2955 proprie
2519 2874 2893 2938 novit.Nemo
2912 2874 3071 2938 enim
3093 2879 3261 2939 novit
3275 2883 3514 2956 patrem
3539 2879 3663 2940 nisi
3674 2877 3902 2961 Filius,

2256 2974 2310 3027 et
2332 2964 2570 3027 Filium
2590 2966 2714 3028 nisi
2738 2967 2992 3028 Pater“.
3018 2966 3182 3029 [dem
3212 2975 3300 3027 est
3318 2965 3392 3028 de
3413 2978 3618 3029 sancto
3645 2968 3865 3051 Spiritu
3886 2991 3903 3048 ;

2258 3073 2434 3116 nemo
2464 3058 2622 3117 enim
2657 3062 2814 3117 novit
2843 3073 2913 3117 ea
2961 3073 3093 3137 qua;
3144 3064 3281 3117 sunt
3328 3056 3460 3134 Dei,
3496 3058 3609 3120 nisi
3641 3060 3903 3142 Spiritus

2259 3144 2361 3226 qui
2390 3162 2461 3207 ex
2487 3142 2609 3206 Deo
2640 3152 2728 3207 est
2754 3159 2804 3204 ιι.

2337 3232 2459 3313 δη.
2487 3235 2569 3296 De
2594 3234 2702 3298 hac
2727 3234 2901 3314 igitur
2928 3237 3450 3316 superessentiali;
3484 3255 3621 3298 nam
3646 3240 3905 3301 essentia

2257 3322 2475 3386 dicitur
2495 3323 2739 3396 abesse;
2769 3323 2962 3404 ipsum
2989 3334 3183 3386 autem
3217 3344 3368 3399 esse,
3405 3344 3541 3387 cum
3566 3327 3908 3406 productio-

2254 3415 2349 3476 nis
2378 3412 2626 3494 alicujus
2657 3431 2899 3474 sensum
2934 3414 3217 3490 insinuet,
3253 3433 3373 3476 non
3405 3416 3621 3477 dicitur
3668 3418 3909 3497 proprie

2254 3503 2532 3577 essentia,
2559 3502 2662 3563 sed
2688 3503 3226 3582 superessentialis.
3255 3503 3337 3567 De
3372 3505 3482 3566 hac
3505 3504 3683 3583 igitur
3700 3524 3911 3585 super-

2254 3593 2641 3654 essentialiac
2654 3592 3274 3656 reconditadivinitate
3290 3614 3407 3656 non
3422 3597 3900 3673 praesumendum

2262 3681 2484 3757 dicere,
2520 3681 2624 3744 sed
2648 3701 2724 3744 ne
2744 3681 3005 3761 cogitare
3042 3683 3390 3765 quidquam,
3435 3693 3647 3764 praeter
3668 3703 3739 3747 ea
3767 3704 3906 3766 quae

2261 3772 2446 3835 sacris
2475 3781 2612 3834 sunt
2640 3772 2893 3853 eloquiis
2924 3772 3250 3839 enuntiata.
3288 3775 3439 3839 Nam
3472 3787 3535 3838 ut
3564 3774 3696 3852 ipsa
3718 3775 3796 3837 de
3841 3793 3907 3838 se

2262 3872 2319 3928 in
2354 3870 2679 3943 Evangeliis
2704 3870 2937 3930 tradidit
2968 3872 3215 3944 (quando
3242 3872 3516 3932 Dominus
3544 3873 3687 3933 dixit
3710 3896 3722 3931 :
3745 3874 3913 3933 Nemo

2259 3961 2407 4016 uouit
2436 3961 2652 4017 Patrem
2701 3959 2807 4017 nisi
2832 3960 3009 4019 Filius
3029 3973 3052 4001 ο
3077 3970 3101 4025 ;“
3129 3971 3217 4021 et:
3237 3961 3399 4020 Nemo
3434 3964 3588 4021 nouit
3612 3980 3733 4036 qua:
3777 3970 3908 4021 sunt

2261 4049 2383 4118 Dei,
2432 4050 2545 4106 nisi
2585 4048 2823 4122 Spiritu:
2872 4052 2967 4124 qui
3015 4057 3093 4109 est
3140 4069 3210 4109 ea:
3254 4053 3366 4109 Deo
3406 4064 3432 4106 ι)
3463 4053 3715 4125 benigne
3752 4054 3911 4111 visus

2265 4129 2550 4193 cohibere
2579 4140 2839 4192 nostram
2873 4141 3292 4212 praeposteram
3314 4134 3762 4214 scrutationem)
3783 4133 3913 4213 ejus

2265 4219 2517 4282 scientia
2531 4227 2588 4283 et
2604 4221 3028 4300 contemplatio
3044 4222 3324 4285 omnibus
3337 4233 3427 4285 est
3448 4225 3752 4285 inaccessa
3770 4223 3913 4284 sub-

2265 4308 2520 4391 stantiis,
2561 4316 2762 4388 utpote
2792 4308 2995 4371 omnia
3043 4312 3360 4377 excedens.
3416 4312 3630 4374 Multos
3676 4329 3912 4393 quoque

2267 4397 2579 4476 theologos
2598 4397 2863 4459 invenias
2887 4397 3051 4460 illam
3086 4418 3204 4461 non
3227 4400 3403 4462 modo
3428 4398 3787 4462 invisibilem
3813 4401 3911 4461 in-

2267 4485 2994 4567 comprehensibilemque
3026 4487 3246 4551 dixisse
3277 4490 3427 4570 (haec
3454 4488 3614 4551 enim
3647 4489 3757 4553 Dei
3787 4490 3913 4551 laus

2266 4584 2379 4652 est,
2413 4576 2650 4655 quando
2681 4575 2817 4653 quis
2847 4578 3132 4640 decenter
3160 4578 3236 4641 de
3266 4579 3387 4642 Deo
3421 4580 3728 4661 loquitur;
3760 4580 3915 4642 sicut

525 4695 646 4754 γει,
689 4659 888 4754 ὥσπερ
948 4677 1010 4732 τὸ
1065 4659 1298 4731 ὶναντίον
1349 4670 1686 4755 ϐλασφημία,
1741 4659 1830 4730 ὅτε
1861 4676 1941 4750 μὴ
1968 4659 2298 4754 ngam-De

2152 4705 2181 4721 -
2202 4659 2248 4711 υ
2266 4684 2301 4730 e
2329 4667 2560 4728 diverso
2591 4664 2982 4746 blasphemia.
3008 4668 3244 4748 quando
3270 4670 3406 4747 quis
3427 4659 3794 4742 indecenter)
3821 4686 3917 4729 ve-

520 4763 783 4841 ·κόντως),
838 4764 977 4822 ἀλλὰ
1030 4765 1116 4822 καὶ
1182 4762 1581 4843 ἀνεξερεύνητον
1610 4766 1698 4822 καὶ
1756 4763 2176 4846 ἀνεξιχνίαστον·

525 4853 617 4912 ὅτι
676 4853 869 4933 κρυφία
924 4856 960 4922 ἡ
1019 4853 1229 4932 ἀπειρία
1286 4853 1448 4920 αὐτῆς
1503 4854 1639 4913 ἐστι.
1692 4856 1900 4931 Καὶμὴ
1930 4855 2091 4925 μόνον
2125 4858 2185 4913 οὗ

526 4941 990 5022 περιλαμϐάνεται
1023 4942 1109 5000 διὰ
1133 4944 1193 5000 τὸ
1222 4940 1437 5021 ἄπειρον
1492 4942 1576 5022 (τὸ
1634 4943 1731 5024 γὰρ
1782 4943 2186 5024 ’πεπερασμένον

524 5028 987 5111 περιλαμϐάνεται
1046 5032 1129 5112 ὃφ³
1182 5034 1242 5088 03
1297 5036 1384 5090 καὶ
1445 5031 1799 5112 πεπέρασται·
1862 5037 1889 5091 6
1952 5035 2081 5096 Θεὸς
2132 5030 2188 5089 δὲ

528 5122 791 5179 ἁπάντων
847 5122 1009 5189 τόπος
1064 5123 1230 5202 εστὶν,
1287 5123 1348 5179 οὒ
1377 5126 1727 5204 σωματικῶς,
1762 5122 1899 5183 ἀλλὰ
1928 5122 2188 5201 δημιουρ-

528 5217 730 5291 γικῶς
788 5213 880 5268 τὸν
930 5214 1031 5293 γὰρ
1061 5213 1304 5289 οὐρανὸν,
1364 5216 1455 5269 καὶ
1498 5214 1598 5282 τὴν
1631 5218 1758 5294 γῆν,
1807 5214 1989 5271 καὶτὰ
2018 5215 2189 5271 πὰντα

529 5303 701 5366 αὐτὸς
744 5299 996 5382 πληροῖ),
1029 5300 1167 5360 ἀλλὰ
1193 5303 1280 5359 καὶ
1326 5300 1472 5360 οὐδὲν
1504 5301 1666 5386 ἴχνος
1698 5304 2004 5385 ἐμφαίνεται
2037 5301 2188 5361 οῦδε-

530 5393 633 5455 νὸς
688 5393 797 5448 τῶν
854 5389 1241 5460 διεληλυθότων
1286 5389 1370 5448 ἐπὶ
1422 5392 1618 5460 ταύτην
1647 5393 1749 5462 την
1777 5393 1995 5474 κρυφίαν
2024 5393 2188 5451 ἀπει-

2266 4774 2396 4818 rum
2414 4755 2589 4840 etiam
2605 4755 3055 4819 inscrutabilem
3073 4758 3677 4839 etininvestigabilem
3709 4775 3722 4821 :
3755 4776 3913 4838 quo-

2267 4846 2423 4907 niam
2453 4862 2738 4908 arcanum
2770 4846 2923 4926 ejus,
2957 4856 3046 4909 est
3079 4848 3210 4929 ejus
3236 4848 3520 4912 inﬁnitas.
3557 4847 3627 4909 Et
3646 4856 3914 4910 nontan-

2271 4942 2392 4996 tum
2407 4953 2525 4997 non
2541 4936 3068 5016 comprehenditur
3088 4947 3329 5020 propter
3345 4938 3699 5000 inﬁnitatem
3729 4936 3914 5018 (quod

2274 5025 2433 5086 enim
2453 5025 2829 5087 terminatum
2868 5035 2978 5103 est,
3007 5028 3537 5108 comprehenditur
3554 5026 3629 5090 ab
3652 5045 3722 5091 eo
3743 5046 3778 5090 a
3799 5047 3913 5108 quo

2272 5114 2657 5176 terminatur:
2687 5117 2842 5178 Deus
2854 5124 3048 5179 autem
3070 5127 3162 5181 est
3181 5117 3347 5182 locus
3360 5119 3626 5181 omnium
3644 5137 3761 5180 non
3778 5135 3916 5181 cor-

2274 5202 2584 5285 poraliter,
2619 5204 2723 5265 sed
2757 5203 3027 5268 eﬂ'ective
3055 5226 3071 5284 ;
3105 5226 3242 5270 nam
3274 5208 3492 5271 cmlum
3524 5217 3583 5270 et
3612 5215 3827 5271 terram
3860 5214 3919 5269 et

2275 5292 2894 5375 omniaipseimplet),
2932 5295 3198 5376 quinimo
3223 5298 3452 5361 nullum
3503 5305 3691 5361 exstat
3735 5295 3915 5358 vesti-

2275 5384 2435 5463 gium
2453 5398 2659 5443 eorum
2679 5400 2812 5464 quae
2832 5382 2905 5445 ad
2928 5386 3057 5464 ejus
3080 5387 3542 5450 secretissimam
3564 5386 3919 5448 inﬁnitatem

530 5480 685 5561 ρίαν.
743 5486 906 5538 Τοῦτο
964 5478 1019 5538 δὲ
1071 5479 1248 5560 λέγει,
1293 5484 1397 5562 οὐχ
1456 5481 1537 5539 ὅτι
1567 5479 1779 5552 διῆλθον
1809 5470 1909 5562 μὲν
1937 5504 2102 5564 τινες,
2134 5485 2193 5542 06
2280 5492 2303 5555 Ε

2145 5485 2193 5542 ιο
2280 5470 2804 5555 penetrarint.Hoc
2829 5484 3029 5538 autem
3052 5474 3215 5554 dicit,
3240 5495 3360 5541 non
3386 5476 3556 5558 quasi
3579 5475 3761 5556 aliqui
3781 5473 3918 5556 qui-

618 5642 640 5728 _J
687 5639 977 5728 Rom._xr,
1008 5638 1143 5728 34._
1171 5640 1222 5728 _l‘
1246 5637 1431 5728 E_xod.
1464 5658 1542 5721 vr,
1580 5641 1641 5710 3.
1689 5643 1729 5728 Α¹
1757 5645 1947 5713 Exod.
1970 5660 2060 5728 nt,
2091 5644 2195 5728 14,
2267 5658 2310 5692 ω
2342 5633 2391 5701 Μ

2147 5647 2195 5728 ι,
2267 5658 2310 5692 ιιι
2342 5633 2551 5701 Matth.
2580 5649 2672 5711 XI,
2704 5634 2935 5717 11,17.
3006 5639 3086 5703 ni
3117 5637 3252 5704 Cor.
3277 5654 3345 5723 it,
3377 5638 3477 5702 it.
3554 5644 3576 5671 °
3607 5635 3809 5700 Matth.
3838 5652 3920 5718 ιι,

532 5724 655 5786 27.
740 5732 770 5778 Ρ
798 5722 984 5790 lCor.
1014 5736 1088 5805 ιι,
1120 5723 1190 5789 ti
1226 5722 1612 5810 sdpocdn,
1647 5725 1743 5791 12.
