4490 6164
233 352 346 421 617
731 350 829 419 DE
873 355 1172 421 DIVINIS
1212 355 1660 430 NOMINIBUS,
1707 357 1871 420 CAP.
1920 355 1970 418 Ι.
2019 389 2086 399 -—
2138 351 2523 417 PARAPHR.
2572 343 3093 417 PACHYMERIE.
3485 352 3602 422 618

232 500 321 550 τοῦ
366 490 628 556 θεοειδοῦς
659 492 1019 572 παραφθοραίνσ
1056 492 1084 546 ὃ
1137 490 1237 570 γὰρ
1295 492 1455 572 φθορᾶ
1485 504 1600 557 τοῖς
1630 492 1866 573 σώμασι,
1892 497 1933 550 Α
1953 507 2005 553 οι

1836 520 1866 573 μ,
1892 497 1933 550 Α
1953 488 2074 553 cris
2093 486 2424 566 Evangeliis
2446 487 2525 549 ait
2549 508 2563 548 :
2594 487 2722 569 Ego
2741 506 2875 553 sum
2905 491 3033 553 vita
3076 494 3135 554 et
3164 494 3530 557 resurrectio
3567 529 3609 561 ι’.

231 595 381 642 τοῦτο
431 588 645 662 ψυχαῖς
675 583 713 650 ἡ
758 590 851 639 τοῦ
896 579 1151 645 θεοειδοῦς
1214 582 1542 663 παραφθορά·
1595 582 1880 648 ἀνάστασις
1964 582 2004 641 ν

1838 604 1880 648 ις
1964 578 2091 641 Vita
2123 597 2331 641 eorum
2364 576 2467 654 qui
2496 576 2753 639 divinam
2786 578 3105 658 imaginem
3146 579 3206 642 in
3241 598 3307 642 se
3339 581 3611 645 aboleve-

230 674 333 730 τῶν
362 673 805 732 ἆποπιπτόντων.
839 670 981 729 ’Ἔτι
1032 670 1086 727 δὲ
1114 677 1221 728 τῶν
1250 673 1389 731 κατά
1415 694 1533 728 τινα
1580 673 1741 731 ἄλλον
1781 676 1880 731 λοκ
1964 669 2003 731 ιδ]

1839 705 1880 726 ,η
1964 669 2124 750 runt;
2151 667 2312 749 quod
2343 667 2503 730 enim
2528 667 2803 732 interitus
2832 677 2923 732 est
2947 670 3447 749 corporibus,hoc
3478 673 3612 734 ani-

232 763 425 841 γισμόν
455 764 660 841 ἀνίερον
703 762 1096 842 σαλευομένων,
1132 762 1269 819 ὥστε
1316 762 1442 840 παρ’
1472 762 1655 841 ὀλίγον
1711 768 1883 845 ἔκχυ-

232 857 387 919 Θῆναι
444 853 510 908 τὰ
551 854 687 909 κατὰ
720 854 847 908 Θεὸν
900 849 1230 932 διαδήματα,
1263 850 1466 931 ἵδρυσις
1514 854 1649 930 ἱερὰ,
1684 852 1766 909 ὅτι
1798 854 1889 909 καὶ

233 944 259 997 ὃ
311 942 473 1004 σάλος
508 944 732 1021 ἀνίεροςι
766 943 831 999 τά
884 940 935 997 δὲ
972 941 1177 997 ἐναντία
1228 948 1334 1001 τῶν
1362 943 1613 998 ἒναντίων
1662 945 1881 1019 ἰάματα.

232 1030 372 1089 ’Ἔτι
408 1039 514 1088 τῶν
548 1032 855 1098 ἑστηκότων
886 1030 1171 1110 ἀσφάλειαο
1209 1032 1296 1089 Ἐν
1328 1037 1404 1105 τῷ
1444 1037 1560 1105 Θεῷ
1590 1034 1688 1110 γὰρ
1718 1034 1886 1101 ποιή..

234 1144 400 1195 σομαι
450 1120 691 1201 δύναμιν,
728 1124 885 1200 φησὶν
934 1123 960 1177 ὁ
1003 1119 1180 1177 Δαυίδ.
1251 1121 1346 1178 Καὶ
1376 1128 1480 1177 τῶν
1540 1121 1888 1200 ἀναγομένων

235 1210 315 1267 διὰ
377 1211 595 1287 θεωρίας
642 1210 731 1267 ἐπ’
785 1210 953 1277 αὐτὴν
1008 1210 1366 1289 χειραγωγίσν
1422 1209 1501 1265 ἔτι
1562 1212 1661 1291 γὰρ
1715 1213 1884 1268 αὐτῶν

234 1300 559 1373 καλούντων,
609 1301 741 1379 ἐρεῖ·
792 1298 925 1357 Ἰδοὺ
979 1301 1216 1378 πάρειμι.
1277 1300 1374 1357 Καὶ
1422 1302 1558 1375 μετὰ
1603 1303 1700 1368 τὴν
1751 1302 1886 1357 ἂνα-

236 1391 419 1469 γωγὴν
470 1391 575 1447 τῶν
606 1392 983 1469 φωτιζομὲνων
1026 1388 1321 1469 tuane“,
1352 1392 1439 1447 καὶ
1483 1390 1752 1466 βαθμηδὸν
1801 1390 1888 1442 ὅδ’

236 1482 341 1536 τῶν
383 1478 740 1554 τελουμένων,
775 1480 922 1559 ἀρχὴ
953 1482 1052 1546 τῆς
1096 1481 1268 1535 αὑτῶν
1317 1486 1617 1558 προκοπῆς,
1651 1483 1738 1538 καὶ
1781 1488 1886 1538 τῶν

236 1569 535 1645 Οεουμένων
584 1569 663 1626 ἔτι
712 1571 958 1649 Οεαρχία.
1013 1570 1113 1627 Καὶ
1148 1568 1224 1625 ἔτι
1274 1576 1377 1626 τῶν
1405 1570 1511 1626 ἀπὸ
1566 1576 1664 1638 τῆς
1719 1570 1887 1630 πολυ-

237 1660 484 1717 συνθέτου
531 1659 664 1724 ὕλης
718 1658 1150 1737 ἀπογενομένων,
1187 1660 1273 1715 καὶ
1315 1659 1661 1736 ἁπλουμένων
1711 1661 1886 1719 ἀπλο-

238 1774 363 1826 της,
399 1751 486 1806 καὶ
547 1756 640 1805 τῶν
696 1748 1014 1825 ἑνιζομένων
1057 1751 1144 1804 καὶ
1190 1750 1252 1803 τὸ
1297 1750 1486 1827 κυρίως
1534 1749 1591 1806 ἓν
1648 1751 1888 1809 καταλα-

1968 756 2599 836 misdivinaeimaginis
2617 757 2890 836 abolitio;
2910 758 3269 821 resurrectio
3291 778 3494 823 eorum
3515 762 3617 843 qui

1969 846 2436 911 exciderunt.Ac
2461 847 2586 909 haec
2616 865 2755 908 vero
2783 846 3022 928 impuro
3056 855 3218 909 motu
3250 851 3613 932 nutantium,

1966 939 2049 1001 ita
2078 947 2201 1001 uta
2233 937 2341 1001 Dei
2385 936 2648 1016 vestigiis
2692 936 3045 1018 semitisque
3101 937 3227 1000 fere
3258 938 3615 1023 exciderint,

1970 1046 2205 1091 sacrum
2237 1028 2700 1103 ﬁrmamentum,
2727 1026 3012 1107 quoniam
3043 1027 3268 1089 nutatio
3296 1026 3407 1089 ista
3441 1048 3616 1109 pror-

1970 1137 2070 1179 sus
2101 1118 2336 1197 impura
2366 1124 2481 1193 est;
2508 1117 2807 1177 contraria
2830 1125 3029 1177 autem
3052 1117 3372 1178 contrariis
3395 1136 3616 1180 curan-

1970 1210 2182 1273 ιω·Αά
2210 1210 2337 1271 haec
2360 1208 2647 1271 stantium
2683 1211 2973 1271 securitas
3000 1230 3014 1268 :
3040 1207 3119 1271 In
3144 1208 3270 1273 Deo
3293 1216 3481 1283 enim,
3516 1212 3616 1276 in-

1970 1301 2090 1383 quit
2116 1299 2557 1376 David,faciam
2576 1300 2864 1362 virtutem
2888 1297 3006 1369 ..Ει
3033 1298 3106 1360 ad
3134 1317 3198 1360 se
3226 1317 3330 1379 per
3354 1310 3624 1364 contem-

1971 1390 2295 1472 plationem
2323 1388 2694 1452 tendentium
2732 1388 3143 1468 manuductio;
3166 1407 3300 1452 nam
3333 1388 3482 1469 ipsis
3507 1391 3615 1453 ad-

1971 1482 2089 1543 huc
2121 1479 2511 1542 clamantibus
2550 1477 2702 1541 dicit
2739 1495 2753 1540 :
2788 1478 2942 1541 Ecce
2972 1478 3204 1541 adsum.
3240 1481 3313 1541 Et
3343 1487 3477 1561 post
3506 1481 3620 1543 ad-

1974 1570 2315 1633 ductionem
2347 1569 2817 1632 illuminatorum
2847 1568 3192 1651 illustratio,
3224 1577 3283 1630 et
3314 1570 3473 1632 basis
3489 1589 3622 1653 per-

1971 1661 2258 1725 fectorum
2290 1679 2359 1721 ac
2389 1660 2746 1742 principium
2799 1659 3100 1741 profectus
3132 1677 3364 1741 eorum,
3397 1670 3458 1723 et
3487 1661 3620 1723 dei-

1973 1751 2279 1813 ﬁcatorum
2312 1749 2673 1831 principium
2705 1748 3050 1811 divinitatis.
3087 1753 3279 1829 Atque
3314 1750 3564 1832 insuper
3585 1771 3620 1814 ει

239 1839 441 1896 δόντων
471 1839 684 1906 ἐνοτης’
724 1840 901 1905 πάσης
936 1840 1113 1918 ἀρχῆς
1146 1837 1313 1918 ἀρχὴ,
1349 1841 1434 1895 καὶ
1488 1839 1767 1915 μετάδοσις
1800 1852 1889 1899 τοῦ
1912 1873 1948 1922 Β
1974 1861 2012 1901 η

1845 1852 1889 1899 >ὒ
1912 1873 1948 1922 Β
1974 1841 2265 1901 materiali
2309 1838 2749 1918 multiplicitate
2805 1838 3241 1912 recedentium,
3279 1859 3349 1902 ac
3384 1840 3618 1922 simpli-

238 1932 457 2010 κρυφίου
502 1927 567 1984 δι’
627 1927 955 2006 ἂγαθότητα,
988 1928 1099 1998 ζωὴ
1148 1934 1251 1983 τῶν
1309 1929 1543 2004 ζώντων,
1578 1930 1724 1985 οὗσὶα
1783 1936 1886 1986 τῶν

241 2019 435 2097 ὄντων,
470 2018 619 2097 ἀρχὴ
669 2020 758 2073 καὶ
806 2018 947 2074 αἰτία
1002 2022 1108 2072 τῶν
1149 2018 1361 2090 οὖσιῶν,
1398 2020 1430 2073 ὀὶ
1473 2017 1537 2085 δὴ
1593 2019 1763 2077 πάντα
1803 2022 1890 2075 καὶ

242 2109 472 2187 παράγει
503 2111 593 2164 καὶ
635 2107 849 2186 συνέχει
882 2106 951 2162 δι’
983 2107 1310 2183 ἀγαθότητα,

1973 1933 2284 1991 ﬁcatorum
2324 1926 2765 2008 simplicitas,et
2793 1929 3196 2005 unitorum,ac
3221 1929 3460 2009 proprie
3483 1930 3622 1992 uni-

1976 2027 2154 2081 tatem
2190 2018 2608 2099 recipientium
2654 2018 2876 2095 unitas;
2912 2019 3108 2080 omnis
3150 2019 3425 2099 principii
3466 2021 3626 2101 prin-

1976 2108 2225 2189 cipium,
2259 2118 2437 2188 atque
2468 2108 2655 2170 abditi
2677 2107 2838 2169 illius
2868 2124 2976 2188 per
3006 2106 3326 2171 bonitatem
3360 2128 3625 2171 commu-

247 2197 467 2259 nicatio
504 2216 519 2272 ;
560 2196 677 2257 vita
730 2195 1073 2267 viventium,
1128 2197 1410 2277 essentia,
1443 2197 1693 2274 entium,
1731 2198 2093 2280 principium
2142 2205 2201 2260 et
2254 2217 2433 2260 causa
2469 2197 2722 2279 entium,
2759 2204 2998 2277 propter
3041 2196 3369 2260 bonitatem
3403 2217 3521 2280 qua
3573 2209 3632 2261 et

248 2284 519 2369 producit
542 2294 599 2347 et
628 2294 943 2347 conservat
974 2285 1274 2348 universa.

324 2377 354 2457 ς
410 2376 508 2438 Ν.
539 2384 712 2435 Ταῦτα
742 2378 883 2455 παρὰ
940 2383 1046 2432 τῶν
1075 2379 1230 2455 ἱερῶν
1283 2385 1499 2458 Γραφῶν
1553 2380 1893 2453 μεμνήμεθα,

252 2471 351 2527 Καὶ
408 2474 585 2523 πᾶσαν
658 2470 897 2545 εὖρήσεις
957 2466 1274 2544 ὑμνολογίαν
1326 2469 1432 2525 τῶν
1489 2466 1752 2544 θεολόγων
1805 2469 1897 2531 τὰς

252 2565 387 2615 Θεοῦ
444 2558 733 2634 ὀνομασίας
786 2555 1229 2628 διασκευάζουσαν
1286 2560 1414 2636 πρὸς
1471 2558 1563 2620 τὰς
1622 2565 1711 2613 τοῦ
1769 2563 1898 2613 Θεοῦ

249 2648 538 2727 ἐνεργείας,
607 2651 666 2707 οὗ
719 2649 848 2725 πρὸς
898 2648 997 2714 τὴν
1048 2649 1198 2722 φύσιν
1258 2649 1413 2704 αὐτοῦ
1470 2648 1542 2711 εἷς
1598 2647 1782 2723 ὕμνον,
1815 2648 1900 2703 καὶ

252 2737 600 2819 ἐκφαντορίαν
658 2739 839 2801 ποσῶς
900 2737 1078 2795 αὗτοῦο
1134 2737 1445 2817 ἐκεράντορες
1504 2738 1603 2814 γὰρ
1656 2737 1897 2815 λέγονται

251 2832 298 2885 οἱ
345 2834 453 2885 τῶν
500 2829 804 2904 μυστηρίων
834 2829 897 2882 τὰ
955 2827 1153 2906 ἅρῤητα
1198 2826 1530 2902 συμϐολικῶς
1579 2828 1897 2906 ἀναφαίνον-

250 2941 361 2983 τες,
425 2909 596 2975 υΟθεν
627 2919 715 2973 καὶ
773 2917 824 2972 ἐν
880 2917 1110 2982 ἁπάσαις
1156 2931 1279 2980 ταῖς
1332 2919 1492 2979 Θείαις
1525 2924 1761 2995 Γραφαϊς
1809 2920 1897 2973 τὸν

253 3010 385 3065 Θεὸν
442 3009 652 3084 ὁρῶμεν
702 3010 854 3086 ἱερώς
911 3008 1235 3082 ὑμνούμενον
1288 3008 1359 3071 ὡς
1416 3006 1615 3082 μονάδα
1661 3015 1757 3079 μὲν
1810 3008 1899 3063 καὶ

252 3096 431 3177 ἐνάδα,
467 3099 585 3153 ἒπεὶ
637 3098 671 3164 ἡ
708 3098 873 3171 μονὰς
925 3098 1199 3162 ἀσύνθετός
1226 3099 1336 3153 ἔστι
1390 3098 1474 3152 καὶ
1506 3097 1730 3171 ἀμερήςο
1767 3099 1801 3165 ἡ
1851 3096 1904 3151 δὲ

2064 2382 2092 2453 Ξ
2124 2377 2219 2440 lV.
2256 2381 2397 2441 Hice
2430 2395 2504 2440 ex
2536 2376 2861 2457 Scripturis
2920 2375 3137 2438 divinis
3180 2377 3526 2442 didicimus.
3559 2378 3631 2441 Et

1982 2486 2220 2529 omnem
2250 2467 2518 2548 reperies
2546 2467 2959 2546 theologorum
2982 2465 3361 2543 laudem,Dei
3386 2470 3632 2532 nomina

1981 2561 2053 2622 ad
2089 2561 2316 2623 divinas
2345 2561 2719 2640 operationes
2752 2563 3131 2636 referre,uon
3154 2561 3226 2622 ad
3250 2560 3436 2641 ipsius
3462 2571 3630 2626 uatu—

1983 2652 2301 2732 ram,quod
2326 2651 2384 2711 id
2403 2650 2637 2712 laudiet
2654 2648 3131 2731 interpretationi
3156 2651 3286 2730 ejus
3310 2651 3631 2731 conducat;

1983 2730 2336 2821 interpretes
2361 2742 2519 2801 enim
2544 2730 2847 2816 dicuntur,
2872 2739 2973 2820 qui
2997 2730 3321 2801 ineffabilia
3353 2730 3635 2823 mysteria

1981 2831 2301 2911 symbolice
2325 2829 2886 2909 exponunt.llincin
2902 2827 3182 2891 omnibus
3205 2829 3394 2892 ferme
3414 2830 3634 2894 divinis

1981 2921 2307 3000 Scripturis
2371 2924 2559 2983 Deum
2614 2929 2820 2982 sancte
2869 2918 3264 2982 collaudatum
3331 2920 3636 2984 cernimus

1985 3021 2049 3074 ut
2080 3012 2392 3073 monadem
2417 3011 2657 3091 quidem
2690 3018 2747 3072 et
2777 3011 3090 3080 unitatem,
3124 3009 3407 3087 quoniam
3429 3030 3637 3074 monas

1988 3102 2383 3182 incomposita
2414 3110 2501 3162 est
2532 3107 2590 3162 et
2620 3099 2947 3175 individua,
2987 3102 3189 3161 unitas
3219 3109 3415 3164 autem
3450 3102 3636 3165 uniti-

254 3189 375 3251 ἕνας
408 3188 589 3243 ἐνιαία
618 3208 695 3249 τις
743 3189 830 3243 καὶ
866 3188 1111 3261 ἡνωμένη
1143 3187 1230 3243 καὶ
1275 3187 1641 3267 ἑνοποιητικὴ,
1675 3187 1767 3243 ’ἕνα
1797 3209 1907 3243 παο
1992 3211 2025 3252 v

1868 3218 1907 3239 νο
1992 3210 2062 3253 va
2090 3199 2269 3266 est,et
2297 3191 2481 3265 unita,
2517 3199 2573 3252 et
2614 3190 2857 3266 unilica,
2891 3198 2954 3251 ut
2981 3199 3370 3271 repraesentet
3400 3190 3508 3254 Dei
3539 3198 3641 3254 iu-

274 3284 452 3355 ραστῇ
488 3278 518 3343 ἡ
547 3283 643 3333 τοῦ
699 3284 831 3334 Θεοῦ
874 3276 1119 3354 ἆμέρεια,
1173 3279 1242 3334 Τὸ
1273 3277 1371 3353 γὰρ
1400 3274 1577 3353 ὄγκοις
1609 3278 1695 3333 καὶ
1739 3278 1910 3343 πηλι-
1938 3353 1968 3360 _
1996 3281 2047 3341 di

1866 3308 1910 3331 --
1938 3353 1968 3360 _
1996 3280 2598 3353 dividuitatem.Quod
2626 3280 2785 3341 enim
2810 3279 2990 3341 molle
3005 3287 3062 3341 et
3080 3279 3505 3360 quantitatibus
3524 3282 3639 3343 dis-

252 3376 447 3434 γότησι
502 3364 902 3443 διειλημμένον,
937 3374 1092 3423 τοῦτο
1147 3369 1219 3430 ὼς
1252 3366 1343 3422 ἅτε
1375 3368 1461 3422 καὶ
1510 3369 1663 3440 σῶμα
1696 3367 1906 3445 μερίζε-
1930 3353 1969 3403 C
1997 3374 2025 3431 Li

1862 3390 1906 3420 ί-
1930 3353 1969 3403 C
1997 3370 2243 3433 tinctum
2272 3372 2506 3446 est,hoc
2526 3371 2712 3431 instar
2740 3370 3009 3450 corporis
3033 3353 3305 3448 in'partes
3328 3368 3635 3443 dividitur;

259 3473 369 3512 ταν
414 3459 477 3512 τὸ
509 3455 561 3511 δὲ
594 3458 807 3533 ἀμερὲς,
844 3458 931 3513 καὶ
972 3456 1296 3536 ἂνέμιρατον,
1331 3454 1469 3512 ἀλλὰ
1499 3457 1585 3511 καὶ
1614 3456 1743 3534 ὑπὲρ
1797 3463 1903 3512 7:5:—
1991 3481 2026 3541 (Ι

1865 3464 1903 3511 ἱ-
1991 3461 2148 3541 quod
2178 3468 2375 3522 autem
2406 3470 2571 3541 parte
2602 3462 2849 3537 caret,id
2885 3460 3065 3520 etiam
3094 3478 3212 3521 non
3236 3468 3638 3541 apparet,qui-

255 3548 355 3602 σάν
386 3546 531 3602 ἐστιν
576 3546 909 3620 ἀσωματίαν,
942 3544 1172 3608 ’Ἄλλως
1213 3567 1271 3601 τε
1331 3543 1514 3612 ἐπειδὴ
1558 3543 1848 3612 διανοηθεὶς
1882 3549 1907 3601 ὁ
1993 3570 2028 3611 η

1882 3549 1907 3601 ὁ
1993 3557 2153 3611 nimo
2187 3559 2274 3611 est
2296 3569 2477 3631 supra
2496 3570 2735 3612 omnem
2763 3548 3307 3630 incorporeitatem.
3343 3553 3637 3613 Caeterum

261 3638 395 3700 Θεὸς
456 3635 815 3712 βουλητικῶς,
855 3637 1021 3693 πάντα
1048 3637 1365 3708 ὕπέστησεν,
1401 3635 1506 3715 οὐχ
1537 3636 1627 3691 οἷά
1679 3658 1757 3699 τις
1791 3643 1907 3700 νοῦς

259 3728 334 3791 εἷς
394 3727 606 3792 νοήσεις
668 3728 929 3805 μερισθεὶς
989 3724 1480 3799 ἑπολυπλασιάσθη,
1534 3723 1670 3781 ἀλλὰ
1729 3726 1908 3801 μείνας

260 3819 347 3873 καὶ
378 3815 554 3892 μένων
596 3816 650 3871 ἐν
705 3823 768 3892 τῇ
800 3814 941 3875 ἑνάδι
974 3816 1182 3894 ἁμερῶς
1214 3816 1300 3871 καὶ
1347 3813 1706 3895 ἀσκεδάστως,
1740 3817 1910 3872 πάντα

256 3909 323 3962 τὰ
374 3906 427 3962 ἐν
459 3911 528 3982 τῇ
556 3907 723 3963 κτίσει
754 3908 841 3962 καὶ
894 3906 1157 3973 ὑπέστησε
1188 3907 1275 3962 καὶ
1316 3906 1616 3987 ὐφίστησινο
1654 3905 1753 3969 ἕως
1813 3908 1912 3986 γὰρ

259 3997 374 4076 ἄρτι
424 3995 730 4075 ἐργάζεται.
788 3989 1197 4075 ’Υπερῆπλωται
1251 3995 1361 4075 οὖν,
1414 4002 1589 4052 πᾶσαν
1635 3995 1913 4064 ἁπλότητα

258 4087 473 4166 ἀμερῶς
524 4088 838 4167 ὑπεραίρων
874 4088 1076 4144 ἐκεῖθεν
1110 4085 1166 4143 δὲ
1209 4088 1297 4143 καὶ
1324 4088 1460 4161 ἡμῖν
1528 4089 1556 4154 ἡ
1587 4085 1770 4152 ἕνωσις
1826 4089 1912 4164 γί-

260 4193 426 4234 νεται.
486 4183 606 4242 Πῶς
646 4176 699 4232 δὲ
749 4179 1158 4253 ἑνοποιούμεθα,
1190 4182 1296 4235 τών
1346 4182 1607 4254 μεριστῶν
1655 4177 1912 4257 ἑτεροτή-

258 4290 391 4345 των,
424 4264 546 4323 καθ’
605 4268 665 4332 ἃς
721 4267 942 4334 ἕγαστος
985 4266 1214 4348 διαφέρει
1274 4267 1517 4345 ἑκάστου,
1570 4287 1913 4343 συμπτυσσο·

264 4358 496 4439 μένων,
566 4358 672 4414 Μία
732 4372 831 4438 γάρ
888 4360 1083 4438 πίστις,
1136 4360 1222 4414 καὶ
1278 4356 1334 4410 ἓν
1391 4356 1689 4436 βάπτισμα,
1744 4358 1830 4415 καὶ
1887 4359 1914 4413 ὁ

265 4450 493 4527 Χριστὸς
551 4448 612 4505 οὔ
643 4449 959 4528 μεμέρισται
1017 4450 1154 4506 κατὰ
1208 4448 1299 4504 τὸν
1332 4446 1500 4524 μέγαν
1560 4444 1911 4510 ’Λπόστολον,

262 4538 611 4617 Συναγόμεθα
666 4546 793 4618 γοῦν
824 4542 896 4605 εἰς
928 4537 1132 4607 θεοειδῆ
1184 4535 1409 4616 μονάδα,
1442 4535 1611 4592 ἁπλοῖ
1658 4538 1745 4593 καὶ
1776 4537 1915 4613 ἀμε-

262 4642 377 4706 ρεῖς
407 4630 501 4685 καὶ
527 4630 716 4710 ἡμεῖς,
752 4632 824 4694 ὡς
858 4633 886 4685 ὁ
946 4631 1100 4706 Θεὸς,
1130 4628 1265 4686 κατὰ
1303 4628 1362 4683 τὸ
1393 4626 1661 4705 προσηκον
1692 4628 1915 4705 γινόμε-

265 4740 371 4793 νοι,
399 4718 494 4774 καὶ
521 4720 595 4784 εἷς
624 4720 950 4796 θεομίμητον
981 4719 1193 4799 ἓνωσιν,
1228 4715 1466 4775 τουτέστι
1520 4717 1607 4773 καὶ
1637 4717 1914 4774 ἑνοποιού-
1935 4718 1985 4773 D
1999 4727 2038 4786 Α

1887 4750 1914 4765 ·
1935 4718 2825 4805 DApostolum.Conjungimur
2849 4729 3049 4803 itaque
3074 4722 3135 4783 in
3171 4720 3445 4783 deiformi
3469 4724 3655 4782 unita-

265 4812 399 4882 μεθι
455 4809 547 4864 καὶ
578 4808 944 4885 ἑνοῖ-ποιοῦμεν·
980 4817 1135 4866 τοῦτο
1180 4809 1280 4887 γάρ
1312 4806 1424 4864 ἐστι
1454 4807 1515 4862 τὸ
1561 4809 1931 4883 θεομίμητον,’

269 4897 384 4954 καθ’
429 4899 458 4953 ὃ
490 4900 579 4956 καὶ
620 4901 741 4978 υἱοὶΔ
772 4899 902 4957 Θεοῦ
930 4899 1213 4958 καλοῦνται
1245 4901 1292 4953 οἱ
1342 4898 1686 4978 εἰρηνοποιοὶ,
1719 4896 1798 4953 ὅτι
1834 4921 1920 4974 μι-

267 4995 487 5063 μοῦνται
520 4990 673 5051 Θεόν.
717 4968 777 5047 Ἠ
806 4996 932 5069 γοῦν
963 4988 1128 5053 οὕτως
1160 4992 1208 5045 οἱ
1238 4968 1429 5045 πολλοὶ
1463 4992 1531 5064 τῇ
1561 4968 1746 5065 εἰρήνῃ
1778 4968 1920 5045 ἑνού-

274 5082 426 5155 μεϐα,
460 5079 497 5148 ἢ
546 5082 635 5136 καὶ
662 5082 690 5137 ὁ
722 5083 803 5144 εἷς
851 5079 968 5137 καθ’
1000 5081 1185 5136 ἑαυτὸν
1216 5079 1419 5137 ἑνοῦται
1468 5077 1913 5156 τοιουτοτρόπως,

272 5159 364 5235 Ὠς
406 5171 510 5248 γὰρ
538 5172 628 5227 επὶ
671 5175 777 5227 τῶν
826 5170 1216 5250 ὺπερκοσμίων,
1256 5169 1344 5225 καὶ
1399 5165 1549 5227 τοῦδε
1580 5170 1674 5224 τοῦ
1730 5170 1920 5249 ὁρατοῦ

269 5259 335 5314 τὰ
386 5259 664 5337 κατώτερα
711 5259 999 5340 ἕστραπται
1053 5261 1137 5318 ἐπὶ
1188 5261 1254 5316 τὰ
1307 5260 1679 5338 ὒπερκεὶμενα,
1718 5261 1804 5316 καὶ
1857 5264 1917 5318 τὸ

355 5437 378 5465 ν
402 5420 577 5484 Joan.
604 5437 685 5497 XI,
911 5439 929 5465 δ
962 5422 1113 5485 Psal.
1144 5437 1269 5501 th,
1302 5418 1399 5482 i3.
1490 5423 1504 5455 ί
1545 5421 1716 5482 Joau.
1752 5440 1806 5499 ν,
1841 5425 1938 5488 17.

1991 3661 2123 3703 cum
2155 3644 2330 3702 etiam
2355 3642 2669 3720 cogitando
2698 3644 2855 3702 Deus
2883 3643 3183 3703 voluntate
3203 3659 3307 3702 sua
3335 3639 3476 3704 fecit
3499 3660 3642 3703 cun-

1992 3740 2084 3793 cta
2114 3731 2593 3810 subsistere,uon
2617 3740 2892 3813 tanquam
2923 3748 3093 3793 mens
3116 3731 3313 3811 aliqua
3335 3731 3394 3793 in
3415 3733 3638 3811 cogita-

1995 3822 2188 3885 tiones
2213 3822 2398 3884 divisa
2428 3822 2850 3902 multiplicatus
2876 3821 3119 3902 fuit,sed
3150 3831 3463 3903 postquam
3498 3826 3558 3883 in
3581 3842 3646 3886 se

1997 3913 2213 3974 mansit
2235 3932 2302 3974 ac
2330 3921 2527 3975 manet
2548 3913 2607 3973 in
2631 3913 2855 3975 unitate
2877 3912 3103 3993 absque
3129 3912 3442 3993 partitione
3470 3923 3646 3993 atque

1996 4004 2616 4084 divisione,creaturas
2640 4021 2850 4065 omnes
2876 4012 2928 4064 ct
2956 4003 3096 4062 504
3123 4002 3452 4064 subsistere
3480 4002 3644 4084 fecit,

1998 4101 2057 4155 et
2092 4102 2400 4171 sustentat;
2456 4111 2593 4153 nam
2642 4110 2838 4172 noque
2890 4094 3071 4155 modo
3122 4092 3471 4172 operatur‘.
3506 4091 3646 4154 Sin-

1997 4182 2185 4262 gulari
2210 4202 2347 4261 ergo
2373 4181 2549 4243 modo
2573 4182 2985 4262 simpliﬁcatus
3003 4182 3222 4262 est,qui
3240 4198 3477 4242 omnem
3505 4187 3649 4242 sim-

1999 4272 2324 4354 plicitatem
2358 4271 2660 4334 indivisim
2693 4270 3096 4343 excedit,inde
3124 4271 3283 4332 enim
3307 4269 3479 4331 nobis
3501 4271 3644 4332 unio

1998 4362 2267 4442 obtingit.
2303 4361 2610 4434 Quomodo
2643 4370 2842 4425 autem
2895 4361 3158 4438 unimur,
3198 4378 3330 4421 cum
3384 4359 3649 4440 partiali-

1998 4452 2111 4513 bus
2145 4460 2486 4514 constemus
2515 4450 2980 4526 diversitatibus,
3001 4449 3330 4513 secundum
3360 4452 3651 4531 quasqui-

1998 4540 2147 4604 libet
2175 4541 2247 4603 ab
2279 4541 2329 4603 al
2343 4552 2469 4604 tero
2501 4542 2734 4603 differt?
2761 4542 2881 4603 Sed
2911 4560 3037 4604 una
3065 4541 3234 4623 ﬁdes,
3261 4547 3320 4604 et
3346 4558 3535 4603 unum
3556 4539 3655 4603 ba-

1996 4635 2218 4712 ptisma
2241 4676 2289 4714 η,
2316 4641 2375 4695 et
2405 4633 2673 4696 Christus
2698 4650 2816 4693 non
2838 4631 3144 4713 dividitur,
3176 4632 3345 4712 juxta
3373 4648 3650 4709 magnum

1999 4820 2080 4890 te,
2123 4813 2235 4893 ipsi
2267 4832 2529 4895 quoque,
2565 4820 2740 4893 prout
2776 4812 2950 4875 decet
2981 4811 3175 4874 instar
3202 4810 3310 4873 Dei
3341 4808 3650 4887 simplices

2002 4910 2060 4965 et
2083 4903 2337 4984 partium
2370 4912 2648 4985 expertes
2679 4903 2896 4980 effecti,
2932 4912 2994 4965 et
3033 4902 3107 4964 ad
3154 4900 3434 4965 unionem
3468 4900 3652 4961 Deum

2003 4993 2333 5056 imitantem
2382 4994 2668 5068 revocati,
2705 4993 2762 5055 id
2796 5000 2886 5055 est
2923 4993 3280 5055 uniﬁcamur
3310 4999 3367 5052 et
3396 4988 3654 5052 uniﬁca-

2003 5100 2156 5155 mus;
2191 5083 2303 5145 boc
2326 5083 2487 5146 enim
2518 5091 2608 5146 est
2640 5085 2831 5146 Deum
2854 5082 3262 5164 imitari,juxta
3286 5079 3445 5164 quod
3473 5079 3654 5143 etiam

2006 5173 2232 5256 paciﬁci
2265 5174 2370 5235 ﬁlii
2401 5173 2506 5235 Dei
2529 5172 2906 5255 appellantur
2922 5184 2967 5248 ν,
3000 5171 3280 5253 quoniam
3316 5173 3503 5235 Deum
3527 5168 3661 5232 imi-

2004 5271 2224 5327 tantur.
2272 5265 2477 5344 Itaque
2524 5264 2617 5325 vel
2661 5262 2839 5328 multi
2870 5262 2954 5328 ita
2997 5280 3104 5345 per
3151 5280 3360 5346 pacem
3388 5266 3654 5334 untmur,

1999 5439 2027 5468 υ
2056 5426 2273 5506 Epltes.
2313 5443 2391 5499 tv,
2423 5428 2483 5489 5.
2546 5435 2568 5465 ν
2599 5427 2799 5486 Matth.
2838 5444 2890 5503 ν,
2925 5428 2985 5488 9.

1618 5584 1876 5649 VARl/E
1934 5584 2370 5653 LECTIONES.

358 5664 438 5715 ‘8'
470 5665 685 5743 βαθμίς,

816 5776 1071 5837 ΡΑτιιοι.
1107 5772 1220 5837 Gn.
1254 5767 1354 5834 Ill.
