4490 6164
1880 372 1939 435 S.
1994 373 2331 437 DIONYSII
2374 360 2905 437 AREOPAGITE.
3977 356 4090 432 632

722 376 830 446 651

719 519 935 581 citatus
950 521 1064 591 est,
1100 518 1159 576 et
1193 506 1293 575 lux
1333 517 1421 575 est
1440 506 1675 584 mundi,
1708 508 1832 571 hmo
1854 506 1914 569 in
1940 504 2221 589 Epistolis
2242 507 2369 570 suis
2389 520 2425 570 A
2451 510 2492 567 ei

2309 507 2525 575 liSAeic
2586 510 2760 571 αὐτόν·
2824 512 2908 568 καὶ
2964 511 3049 574 εἷς
3083 509 3267 589 Κύριος
3323 505 3532 576 Ἰησοῦς
3590 507 3841 585 Χριστὸς,
3899 503 3966 563 δι’
4023 506 4082 564 οὗ

717 605 916 668 divino
943 601 1199 665 Numine
1222 600 1453 663 adlatus
1482 596 1720 660 scribit:
1751 595 1904 661 Nam
1934 597 2051 659 etsi
2072 607 2213 659 sunt
2242 603 2354 677 qui
2438 601 2490 657 τε

2304 603 2354 658 ti
2438 601 2506 657 τὰ
2551 603 2749 680 πάντα,
2811 601 2897 657 καὶ
2951 602 3115 674 ἡμεῖς
3168 598 3236 655 δι’
3287 603 3465 661 αὐτοῦ.
3522 596 3620 657 Καὶ
3676 596 3777 675 γὰρ
3833 594 3920 653 Eni.
3975 600 4077 653 τῶν

710 694 1001 759 dicantur
1019 692 1135 768 dii,
1167 692 1292 754 sive
1316 691 1383 752 in
1414 689 1708 764 creto,sive
1733 688 1799 748 in
1829 695 1993 748 terra
2024 685 2350 767 (siquidem

710 793 854 849 sunt
880 784 970 847 dii
988 780 1253 858 multi,“
1274 781 1505 841 domini
1522 777 1744 853 multi),
1763 776 1937 838 nobis
1968 784 2167 839 tamen
2191 794 2349 840 unus

714 875 878 941 Deus
911 872 1154 946 Putem
1178 888 1254 933 ea:
1267 888 1380 949 quo
1396 869 1620 942 omnia,
1649 874 1704 929 et
1721 870 1907 928 ηοείιη
1924 868 2048 946 ipso
2075 885 2088 942 ;
2116 874 2171 929 et
2194 883 2349 928 unus

708 965 1006 1030 Dominus
1032 962 1205 1025 Iesus
1226 960 1519 1033 Christus,
1547 975 1662 1038 per
1683 974 1861 1038 quem
1885 963 2116 1037 omnia,
2146 964 2205 1019 et
2241 975 2349 1019 nos

706 1072 824 1137 per
852 1054 1052 1134 ipsum
1072 1049 1357 1114 8.Etenim
1381 1049 1441 1110 in
1463 1047 1675 1110 divinis
1698 1046 1877 1108 rebus
1902 1048 2152 1137 uniones
2179 1065 2348 1128 supe-

711 1136 1295 1222 rantdistinctiones,
1328 1146 1385 1201 et
1412 1137 1794 1216 antecedunt,
1824 1136 2127 1217 nihiloque
2154 1138 2348 1198 minus

712 1242 915 1298 tamen
938 1232 1112 1295 etiam
1132 1230 1470 1310 conjunctae
1492 1235 1630 1289 sunt
1652 1233 1782 1307 post
1802 1227 1979 1288 unius
1994 1245 2111 1289 non
2128 1226 2347 1289 abeun-

711 1332 831 1386 tem
849 1320 1333 1402 singularemque
1356 1316 1947 1380 distinctionem.Has
1970 1318 2170 1397 itaque
2192 1336 2350 1379 com-

714 1430 925 1475 munes
965 1410 1283 1491 unitasque
1332 1410 1512 1471 totius
1562 1406 1887 1469 divinitatis
1917 1407 2350 1490 distinctiones,

709 1502 833 1565 sive
865 1500 1163 1564 beneﬁcas
1181 1499 1607 1575 emanationes,
1634 1515 1705 1559 ex
1734 1498 2079 1560 nominibus
2112 1497 2351 1575 divinis,

2432 693 2584 746 θείων
2646 694 2697 747 αἰ
2757 691 2972 753 ἓνώσεις
3030 696 3134 748 τῶν
3193 687 3498 767 διακρίσεων
3572 685 3935 765 ἐπικρατοῦσι,
3991 686 4083 743 καὶ

2432 779 2865 860 προκατάρχουαι
2892 782 2979 837 καὶ
3022 777 3167 837 οὖδέν
3221 779 3380 847 ἧττόν
3413 777 3553 834 ἐστιν
3596 775 3845 852 ἡνωμένα
3871 774 3956 826 37'
3990 777 4076 832 καὶ

2431 870 2566 945 μετὰ
2596 870 2690 938 τὴν
2723 878 2812 927 τοῦ
2842 869 2955 936 ἐνὸς
2985 869 3363 950 ἆνεκφοίτητον
3406 883 3495 924 ml
3538 866 3740 924 ἑνιαίαν
3790 863 4069 946 διάκρισιν.

2432 959 2634 1024 Ταύτὰς
2684 961 2847 1035 ἡμεῖς
2892 961 2988 1024 τὰς
3030 960 3208 1023 κοινὰς
3238 960 3325 1016 καὶ
3355 957 3634 1035 ἡνωμένας
3660 960 3765 1025 τῆς
3795 955 3926 1023 ὅλης
3952 955 4072 1013 θεό-

2430 1071 2590 1116 τητος
2622 1049 2901 1128 διακρῖσεις
2952 1048 3057 1105 εἴτ’
3105 1048 3191 1106 οὗν
3244 1049 3639 1125 ἀγιθοτιρεπετς
3700 1044 3979 1124 προόδους,
4013 1045 4074 1101 ἐκ

2430 1146 2534 1195 τῶν
2565 1140 2931 1221 ἑμφαινουσῶν
2994 1135 3047 1180 33
3080 1139 3241 1203 αὐτὰς
3277 1137 3328 1193 ἐν
3381 1138 3501 1199 τοῖς
3550 1136 3755 1216 λογίοις
3784 1136 4082 1210 θεωνυμιῶν

2430 1230 2662 1306 ὑμνῆσαι
2708 1230 2843 1286 κατὰ
2876 1232 2938 1287 τὸ
2970 1227 3184 1285 δυνατὸν
3232 1228 3614 1307 πειρασόμεθκ,
3672 1226 3859 1283 τούτου
3910 1224 4077 1306 κοιθᾶ-

2434 1342 2531 1399 περ
2584 1320 2794 1390 εἴρηται
2825 1319 3336 1400 προδιεγνωσμὲνου,
3391 1326 3484 1378 τοῦ
3526 1324 3700 1376 πᾶσαν
3759 1319 4076 1398 ἀγαθουργι-

2436 1412 2533 1478 κήν
2563 1408 2618 1454 39
2645 1412 2960 1493 οεωνυμὶαν,
2992 1412 3074 1492 ἐφ’
3102 1410 3236 1489 ᾗπερ
3273 1411 3334 1467 ἂν
3379 1410 3565 1477 κέηιεκι
3625 1413 3730 1465 τῶν
3780 1411 4078 1487 Θεαρχικῶν

2440 1493 2833 1575 Ὑποστέσεων,
2869 1503 2954 1558 ἐπὶ
2982 1506 3080 1568 τῆς
3114 1499 3246 1566 ὅλης
3278 1500 3441 1567 αὐτὴν
3473 1498 3800 1578 ἐκληιρθῆναι
3855 1501 4078 1576 θεαρχι-

713 1610 847 1674 qua)
878 1591 1008 1655 illas
1059 1588 1120 1652 in
1174 1589 1430 1671 eloquiis
1481 1587 1806 1669 declarant,
1844 1607 1948 1668 pro
1972 1590 2125 1651 virili
2157 1598 2359 1651 nostra
2440 1594 2486 1646 xi

1631 1595 1806 1669 trant,
1844 1607 1948 1668 pro
1972 1590 2125 1651 virili
2157 1598 2359 1651 nostra
2440 1594 2541 1658 κῆς
2572 1590 2637 1642 40
2666 1592 2924 1658 ὁλότητος
2956 1591 3404 1672 ἀπαρατηρήτως,

712 1689 876 1763 parte
931 1679 1238 1743 celebrare
1267 1678 1671 1755 conabimur;
1718 1677 1769 1739 si
1799 1678 1911 1740 hoc
1972 1680 2256 1761 primum,
2289 1680 2370 1741 uti
2420 1680 2643 1745 dictum
2705 1688 2816 1757 est,
2852 1686 3238 1743 constitutum
3290 1679 3489 1754 fuerit,
3524 1677 3858 1741 beneﬁcum
3905 1694 4080 1739 omne

711 1771 857 1833 ωλι
884 1789 1107 1923 normen
1155 1771 1288 1847 Dei,
1323 1770 1660 1848 cuicunque
1689 1767 2025 1832 divinarum
2076 1771 2472 1833 Personarum
2519 1771 2860 1852 impositum
2915 1770 3116 1852 fuerit,
3146 1773 3277 1834 sine
3305 1769 3654 1833 discrimine
3699 1767 3761 1830 in
3793 1775 3913 1830 tota
3958 1766 4081 1848 ipsa

718 1860 915 1923 divina
993 1860 1235 1923 rinitate
1261 1859 1472 1923 accipi.

718 1860 915 1924 divina
942 1860 1235 1923 Trinitate
1261 1860 1472 1941 accipi.

1881 2100 2459 2169 ADNOTATIONES
2526 2101 2901 2170 CORDERII.

786 2241 898 2302 Pro
955 2242 1227 2300 exactiori
1258 2240 1432 2313 hujus
1484 2242 1685 2314 capitis
1706 2239 2109 2314 intelligentia,
2137 2239 2385 2298 maxime
2439 2240 2468 2310 §
2517 2239 2564 2311 Ι,
2597 2240 2725 2299 vide
2781 2255 2912 2314 quae
2966 2240 3026 2300 in
3067 2240 3574 2301 Observationibus
3628 2237 4081 2313 generalioribus

714 2313 864 2372 dicta
896 2323 1052 2380 sunt,
1087 2311 1486 2372 observatione
1514 2311 1633 2371 5'et
1662 2311 1751 2369 10.

784 2386 891 2445 Ubi
943 2388 1077 2443 item
1109 2395 1269 2449 nota,
1300 2399 1417 2442 non
1470 2394 1688 2442 tantum
1720 2383 1984 2441 attributa
2018 2383 2334 2440 essentialia
2365 2383 2462 2456 toti
2484 2381 2746 2442 Trinitati
2778 2390 3119 2456 competere,
3159 2398 3356 2442 verum
3388 2385 3561 2456 etiam
3605 2383 3858 2444 nomina.
3894 2394 4025 2454 quas
4050 2396 4081 2440 a

710 2470 906 2515 rerum
957 2467 1276 2514 creatarum
1324 2456 1719 2527 productione,
1752 2457 2182 2513 conservatione
2216 2469 2280 2511 ac
2310 2455 2725 2526 gubernatione
2776 2455 3071 2526 desumpta
3105 2464 3279 2527 sunt,
3311 2455 3683 2527 Operationes
3724 2456 4083 2527 enim,quas

716 2530 791 2586 ad
818 2534 973 2585 extra
1004 2528 1253 2599 theologi
1286 2525 1512 2598 vocant,
1544 2525 1881 2584 communes
1910 2540 2043 2583 sunt
2073 2525 2443 2600 sanctissimae
2463 2527 2747 2591 Trinitati,
2769 2537 2939 2600 atque
2964 2525 3389 2600 unrigliivmitat‘i
3436 2528 3691 2600 omnium
3726 2525 4011 2600 creii_triei.

785 2602 814 2670 ς
862 2601 933 2657 ΙΙ.
972 2601 1041 2656 Et
1089 2595 1314 2656 nisi'ilti
1357 2595 1504 2657 certe
1530 2602 1597 2655 sit
1628 2600 1817 2657 divina
1846 2613 2131 2654 sacrarum
2182 2598 2517 2655 Litterarum
2546 2595 2862 2670 sapientia;
2883 2607 2987 2657 etc.
3039 2598 3359 2670 Hincibene
3408 2599 3609 2670 probat
3637 2598 3801 2655 divus
3831 2595 4083 2670 _Thomas

711 2668 897 2743 prima
934 2678 1112 2744 parte,
1146 2681 1339 2744 quaest.
1392 2672 1482 2737 32,
1515 2673 1673 2744 artic.
1713 2674 1766 2735 1,
1806 2673 1864 2744 in
1911 2684 2150 2744 corpore
2186 2687 2198 2724 :
2232 2673 2503 2744 mysteria
2548 2668 2807 2744 quaedam
2837 2671 2967 2727 ﬁdei
2999 2669 3237 2744 rationis
3267 2668 3493 2744 captum
3542 2668 3905 2744 excedeptia,
3936 2680 4083 2725 non-

712 2740 829 2817 nisi
857 2740 1282 2817 ex'Scriptuiis
1305 2758 1404 2800 seu
1438 2742 1649 2799 divmis
1687 2742 2134 2817 revelationibus
2156 2740 2418 2817 cogeosci
2452 2740 2635 2817 posse.
2663 2740 2771 2817 Qui
2801 2746 2975 2817 enim,
3000 2741 3207 2813 inquit,
3228 2740 3483 2817 naturali
3505 2743 3725 2817 ratione
3747 2740 4083 2817 Trinitatem

710 2815 873 2886 verbi
928 2811 1126 2886 gratia,
1164 2815 1406 2886 probare
1453 2817 1675 2881 nititur,
1705 2816 1754 2870 is
1800 2813 1929 2869 ﬁdei
1962 2811 2260 2886 dupliciter
2309 2814 2563 2886 derogat.
2595 2812 2787 2870 Primo
2835 2814 3061 2884 quidem
3082 2811 3373 2886 quantum
3418 2813 3488 2870 ad
3519 2813 3860 2886 dignitatem,
3902 2811 4083 2886 ipsius

712 2885 870 2951 ﬁdei,
904 2882 1030 2956 quae
1080 2889 1139 2942 in
1165 2882 1281 2942 hoc
1331 2886 1614 2955 consistit,
1646 2894 1706 2941 ut
1737 2888 1807 2940 sit
1845 2886 1914 2940 de
1947 2883 2118 2939 rebus
2148 2883 2708 2956 invisibillbus_quae
2741 2882 3049 2942 humanam
3087 2882 3367 2943 excedant
3397 2882 3696 2943 rationem.
3738 2882 3904 2942 Unde
3930 2882 4086 2952 Apo-

713 2958 896 3015 stolus
921 2953 1081 3025 dicit,
1111 2956 1283 3012 ﬁdem
1314 2970 1439 3013 esse
1469 2957 1539 3013 de
1588 2953 1701 3012 non
1730 2958 2134 3026 apparentibus
2166 2975 2180 3020 ;
2214 2965 2268 3011 et
2296 2953 2432 3011 alibi
2466 2971 2478 3011 :
2534 2953 2885 3027 Sapientiam,
2922 2959 3124 3027 inquit,
3162 2957 3430 3027 loquimur
3462 2957 3609 3013 inter
3634 2956 3903 3027 perfectos
3940 2973 3958 3017 ;
3988 2970 4085 3027 su—

706 3030 971 3101 pientiarn
1018 3044 1135 3101 vero
1166 3044 1279 3083 non
1308 3028 1468 3101 hujus
1515 3027 1721 3101 surculi,
1751 3025 1915 3100 mque
1957 3028 2279 3101 prtnc_tpum_
2305 3027 2471 3098 hujus
2514 3025 2721 3099 swc'uli,
2750 3028 2841 3083 sed
2886 3025 3171 3101 loquimur:
3199 3025 3299 3101 ρει
3353 3025 3676 3101 sapientiam
3704 3025 4082 3101 infer/sterio,

711 3097 835 3171 quae
890 3098 1201 3171 abscondita
1230 3106 1305 3153 est
1361 3097 1405 3153 li.
1439 3099 1720 3166 Secundo,
1750 3097 2025 3169 quantum
2056 3097 2144 3154 ad
2179 3097 2481 3156 utilitatem
2539 3097 2801 3156 trahendi
2848 3097 2990 3156 alios
3022 3098 3095 3157 ad
3142 3099 3332 3157 ﬁdem.
3366 3097 3505 3159 cum
3564 3100 3716 3156 enim
3748 3097 3973 3171 aliquis~
4014 3099 4083 3155 ad

714 3169 1074 3243 probandam
1114 3170 1281 3243 ﬁdem
1315 3172 1622 3243 introducit
1672 3182 1919 3227 rationes
1951 3186 2077 3240 quae
2116 3185 2231 3226 non
2291 3180 2422 3226 sunt
2470 3182 2761 3241 urgentes,
2795 3171 2848 3226 in
2887 3173 3215 3228 irrisiouem
3243 3171 3393 3228 cedit
3440 3171 3757 3243 inﬁdelium
3788 3186 3808 3241 ς
3837 3169 4085 3228 credunt

721 3242 877 3299 enim
907 3246 1060 3313 quod
1101 3242 1429 3315 huiusmodi
1461 3242 1777 3301 rationibus
1830 3245 2162 3307 innituntur,
2194 3251 2249 3298 et
2279 3251 2510 3312 propter
2559 3257 2654 3315 _eas
2683 3244 3003 3300 credamus.
3037 3244 3175 3312 Quae
3223 3244 3391 3315 igitur
3425 3242 3557 3299 ﬁdei
3599 3252 3755 3315 sunt,
3784 3256 3907 3315 non
3954 3248 4086 3298 sunt

710 3312 1006 3386 probanda
1054 3312 1301 3385 nisi'per
1353 3315 1715 3371 auctoritates
1747 3315 1835 3370 bis
1872 3315 1969 3383 qui
2002 3324 2365 3386 auctoritates
2404 3312 2741 3386 suscipiunt
2771 3331 2785 3378 ;
2818 3315 2970 3384 apud
3000 3317 3143 3373 alios
3190 3312 3322 3372 vero
3352 3315 3563 3386 sufﬁcit
3609 3312 3933 3386 defendere,
3968 3325 4083 3371 non

711 3385 838 3444 esse
870 3385 1227 3458 impossibile
1260 3386 1318 3441 id
1348 3390 1498 3457 quod
1528 3386 1667 3442 ﬁcos
1699 3386 1979 3455 praedicat.
2021 3385 2099 3441 Ita
2133 3385 2707 3458 sanctus_D:or.ysius
2739 3386 2849 3444 hoc
2877 3386 3025 3458 loco,
3059 3394 3115 3444 et
3165 3402 3237 3444 ex
3267 3401 3334 3443 eo
3365 3385 3527 3444 divus
3558 3385 3828 3444 Thomas.

778 3459 806 3528 §
854 3455 966 3514 ΠΙ(
992 3457 1128 3514 Nota
1163 3455 1395 3514 nomina
1444 3462 1504 3514 τὸ
1559 3462 1909 3536 ὺπεράγίιθον,
1942 3460 2000 3513 τὸ
2062 3460 2330 3537 ὑπὲρυετιν,
2373 3455 2432 3512 id
2462 3469 2546 3514 est

2314 3504 2330 3537 ,
2373 3455 2432 3512 id
2462 3455 3403 3531 est—supra-bonum,supra—Deum,
3438 3467 3573 3529 etc.,
3611 3458 3721 3513 dici
3768 3462 3869 3524 τῆς
3920 3458 4082 3536 ὓπερ-

715 3540 913 3619 oximi:
964 3539 1311 3616 ἀφκιρέσεως.
1349 3538 1405 3593 id
1444 3546 1526 3594 est
1559 3538 1847 3592 oblationis
1893 3539 2191 3593 secundum
2218 3539 2665 3619 exsuperantiam,
2698 3539 2828 3611 quia
2882 3538 3088 3598 tollunt
3124 3540 3182 3597 in
3240 3540 3357 3598 Deo
3389 3539 3698 3597 bonitatem
3728 3543 3999 3619 creatam,
4033 3543 4088 3593 et

708 3617 970 3692 tribuunt
1002 3626 1436 3692 exsuperantem
1482 3628 1534 3675 et
1568 3620 1914 3688 superlatam
1955 3619 2285 3692 bonitatem,
2318 3617 2536 3677 scilicet
2589 3619 2920 3685 increatam,
2954 3635 3081 3692 quae
3111 3620 3285 3679 vincit
3334 3633 3562 3678 omnem
3594 3618 3984 3691 cognitionem
4035 3625 4086 3674 et

709 3690 1173 3760 intelligentiam.
1207 3690 1343 3746 Vide
1375 3691 1803 3747 observationes
1833 3692 1867 3745 4
1898 3697 1949 3745 et
1976 3690 2345 3761 9generales.

786 3759 927 3843 Νοιέ
964 3762 1210 3843 ibidem.
1263 3765 1337 3820 Τὰ
1382 3763 1434 3817 δὲ
1485 3762 1855 3843 διακεκριμένοι
1901 3764 1978 3843 τὸ-
2007 3759 2207 3843 Harpe;
2264 3762 2559 3841 ὕπερούσιοκι

2313 3764 2569 3841 τερούσιον
2621 3761 2790 3837 ὄνομα
2858 3764 2947 3820 καὶ
2995 3764 3184 3843 χρῆμα
3221 3784 3236 3826 :
3281 3760 3513 3843 discreta
3556 3775 3679 3818 vero
3732 3765 3862 3820 sunt
3894 3759 4086 3843 Patris

704 3840 1057 3914 substantiale
1105 3857 1303 3898 nomen
1330 3846 1381 3897 et
1426 3858 1531 3898 res.
1568 3843 1782 3914 Nomen
1835 3840 2034 3914 Patris,
2056 3841 2256 3914 inquit
2286 3840 2595 3899 Tu’rriauus
2652 3840 3367 3914 (32),,suprasiibstantiam
3401 3841 3561 3913 dicit,
3591 3843 3725 3914 quia
3756 3843 3816 3900 in
3877 3842 4085 3914 divinis

709 3928 831 3972 non
864 3913 1149 3986 signiﬁcat
1178 3914 1341 3987 nobis
1385 3928 1595 3971 nomen
1628 3913 1813 3987 I‘_atlis_
1844 3922 1941 3970 aut
1988 3910 2330 3984 Filii,'quod
2381 3915 2438 3969 in
2471 3914 2751 3987 creaturis
2795 3910 3181 3985 intelligimus.
3214 3928 3503 3987 personas
3522 3910 3741 3973 scilicet
3770 3928 3834 3987 re
3865 3923 3922 3973 et
3950 3913 4086 3987 sub:

716 3983 1269 4055 Stantia'scparatas.
1307 3986 1444 4041 Rem
1493 3999 1626 4041 vero
1666 3983 1843 4039 l'atiis
1877 3994 2038 4041 vocat
2088 3983 2208 4040 non
2236 3986 2419 4054 ipsam
2476 3985 2874 4055 substantiam,
2904 3983 3031 4056 quae
3057 4001 3170 4045 una
3197 3983 3279 4044 est
3326 3995 3381 4044 et
3408 3985 3602 4043 eadem
3651 3987 3711 4043 in
3746 3985 3956 4051 tribus,
3988 3984 4085 4056 sed

711 4072 836 4117 rem
870 4058 1069 4124 Patris,
1102 4066 1155 4114 et
1184 4072 1303 4113 rem
1336 4056 1491 4122 Filii,
1518 4065 1571 4112 et
1604 4056 1999 4128 rem‘Spiritus
2030 4058 2221 4128 sancti
2252 4064 2408 4113 vocat
2437 4058 2830 4126 proprietates,
2863 4055 2985 4128 quae
3014 4060 3075 4115 in
3119 4059 3328 4115 divmis
3360 4058 3621 4115 Personis
3650 4056 3917 4115 ordinem
3969 4055 4085 4116 orl-

717 4128 871 4200 ginis
920 4130 1033 4184 siVe
1067 4129 1337 4197 principii
1390 4128 1529 4184 inter
1563 4143 1659 4183 eas
1707 4126 2054 4197 designant;
2110 4127 2263 4183 unde
2302 4132 2621 4185 notionales
2674 4126 3050 4200 proprietates
3095 4131 3211 4186 sive
3239 4140 3401 4187 actus
3447 4130 3735 4200 dicuntur,
3767 4131 3907 4200 quia
3956 4134 4087 4186 sunt

713 4199 947 4282 proprie
995 4204 1260 4282 notiones
1290 4201 1409 4282 sive
1459 4202 1885 4282 designationes
1913 4214 2299 4282 personarum,
2337 4210 2398 4255 ut
2444 4200 2739 4270 proprium
2789 4199 3101 4282 Patris_es_t
3129 4215 3405 4282 generare
3462 4199 3687 4282 Filium,
3721 4199 3958 4282 propria
4005 4208 4085 4258 est

715 4270 985 4331 nativitas
1030 4270 1159 4328 Filii
1192 4286 1259 4327 ex
1294 4270 1483 4335 Patre,
1507 4283 1560 4329 et
1590 4286 1815 4342 propria
1856 4270 2095 4341 Spiiitus
2122 4271 2300 4326 sancti
2333 4284 2621 4339 ριοορδδιο
2670 4285 2740 4344 ex
2770 4285 2886 4329 uno
2912 4270 3194 4344 principio
3223 4272 3391 4330 Patre
3418 4282 3474 4329 et
3503 4271 3644 4344 Filio
3674 4291 3687 4336 ;
3723 4270 3850 4344 huic
3879 4273 4085 4344 dicun-

718 4354 812 4402 ilil'
847 4344 1033 4401 Graece
1083 4346 1341 4422 χρήματα
1386 4352 1735 4420 γνωριστικά,
1770 4344 1825 4397 id
1856 4351 1961 4405 est,
1992 4357 2075 4399 res
2112 4344 2229 4397 sive
2260 4351 2407 4399 actus
2462 4358 2491 4395 rt

2312 4351 2407 4399 τιμε
2462 4343 2777 4400 notionatee.
2811 4342 2925 4401 Res
2958 4342 3135 4409 enim,
3165 4356 3446 4415 quatenus
3476 4342 3719 4412 pertinet
3745 4342 3822 4401 ad
3854 4343 4085 4402 relatio-

716 4438 873 4497 nem,
906 4436 1149 4480 nurnero
1180 4423 1432 4493 plurium
1464 4422 1801 4493 praedicatur
1831 4422 1888 4479 in
1918 4424 2126 4479 divinis
2160 4438 2173 4485 ;
2217 4432 2448 4497 sanctus
2476 4422 2722 4481 Thomas
2752 4423 2932 4497 prima
2986 4433 3164 4495 parte,
3198 4434 3399 4497 quaest.
3434 4424 3522 4491 39,
3554 4425 3717 4497 artic.
3748 4423 3803 4494 3,
3835 4424 3995 4497 a073,.
4027 4423 4084 4478 in

717 4495 810 4553 his
856 4498 1031 4566 igitur
1059 4508 1176 4569 non
1228 4505 1315 4550 est
1347 4497 1745 4569 reciprocatio,
1777 4508 1961 4569 neque
1993 4496 2399 4569 communitas,
2432 4509 2540 4569 nec
2594 4499 2653 4552 in
2686 4496 2825 4569 ipsis
2854 4497 3187 4569 nominibus
3217 4495 3425 4569 Patris.
3458 4505 3513 4553 et
3559 4495 3707 4569 _Filil,
3739 4505 3797 4553 et
3839 4496 4085 4569 Spiritus

717 4511 810 4553 nis
856 4511 1031 4566 igitur
1059 4511 1176 4550 non
1228 4511 1315 4550 esr
1347 4511 1745 4563 reciprocatio,
1777 4511 1961 4566 neque
1993 4511 2399 4563 communitas,
2432 4511 2540 4551 nec
2594 4511 2653 4552 in
2686 4511 2700 4551 ι
2747 4511 2825 4552 srs
2854 4511 3187 4553 nominibus
3217 4511 3425 4561 l’all‘ls,
3458 4511 3513 4553 et
3560 4511 3707 4561 riui,
3739 4511 3797 4553 et
3839 4511 4084 4569 Spiritus

712 4576 915 4632 sancti,
949 4580 1057 4624 nec
1096 4568 1156 4622 in
1185 4579 1383 4622 eorum
1415 4565 1608 4633 rebus,
1640 4566 1698 4622 id
1727 4575 1810 4623 est
1840 4567 1897 4622 in
1943 4580 2142 4623 eorum
2171 4567 2421 4636 actibus,
2450 4566 2567 4623 sive
2615 4511 2834 4632 usigus,
2869 4568 3018 4625 unde
3049 4576 3303 4625 manant.
3334 4568 3450 4626 Nec
3479 4567 3633 4625 enim
3659 4580 3877 4625 nomen
3910 4565 4084 4636 Patris

710 4642 978 4712 convenit
1006 4636 1392 4712 Fili_o,_n_eque
1421 4636 1549 4693 Filii
1581 4652 1790 4712 nomen
1822 4640 2087 4695 convenit
2118 4638 2323 4712 Patri_;
2366 4635 2501 4710 quia
2530 4652 2715 4710 neque
2749 4652 3025 4711 generare
3069 4639 3200 4697 Filii
3235 4646 3337 4706 est,
3370 4653 3559 4712 neque
3587 4640 3853 4712 generari
3885 4635 4077 4698 Patris.

706 4709 981 4771 Similiter
1012 4712 1068 4764 in
1100 4706 1313 4781 Spiritu
1342 4721 1559 4773 sancto,
1590 4712 1687 4779 qui
1719 4709 1787 4781 ab
1820 4722 2060 4781 utroque
2089 4709 2362 4781 procedit.

786 4782 889 4840 Est
939 4790 1211 4852 praeterea
1240 4780 1632 4837 observatione
1680 4779 1941 4851 dignum,
1969 4779 2127 4852 quod
2155 4781 2250 4837 hic
2279 4784 2359 4839 ait
2413 4780 2744 4853 Dionysius,
2775 4780 3024 4842 discreta
3055 4798 3181 4841 esse
3210 4784 3271 4841 in
3310 4782 3519 4841 divinis
3548 4795 3762 4841 nomen
3789 4782 3985 4841 Patris
4030 4785 4084 4837 et

714 4860 925 4934 χρῆμα,
953 4854 1031 4934 _id
1069 4858 1153 4908 est
1198 4865 1334 4917 rem,
1370 4860 1424 4909 et
1450 4865 1663 4934 nomen
1714 4853 1841 4909 Filii
1874 4862 1928 4909 et
1956 4868 2078 4910 rem
2111 4874 2124 4920 ;
2173 4854 2306 4910 item
2338 4866 2549 4911 nomen
2576 4853 2818 4925 Spiritus
2848 4857 3028 4913 sancti
3059 4865 3115 4914 et
3152 4870 3295 4914 rem.
3324 4854 3466 4913 Cum
3497 4862 3653 4912 enim
3687 4854 3849 4926 prius
3896 4853 4081 4927 posuit

708 4932 918 5017 nomen
950 4932 1159 5001 Patris,
1190 4940 1242 4990 et
1270 4946 1473 4990 nomen
1500 4933 1637 4999 Filii,
1676 4943 1729 4991 et
1757 4934 2247 5017 nomen'Spiritus
2277 4935 2481 5017 sancti,
2517 4943 2572 4991 et
2608 4944 2805 5005 postea
2835 4936 3087 4994 secundo
3130 4935 3262 4994 loco
3298 4936 3490 5006 posuit
3517 4936 3730 5017 χρῆμᾳ,
3766 4935 3827 4991 id
3858 4942 4081 5017 estut:

709 5013 916 5089 Patris,
943 5027 1064 5089 quae
1094 5024 1176 5071 est
1202 5027 1498 5089 generare,
1531 5021 1733 5089 et_rem
1763 5014 1887 5071 Filii
1920 5014 2042 5086 quas
2073 5025 2157 5074 est
2186 5015 2472 5086 generari,
2504 5024 2559 5074 et
2589 5030 2710 5089 rem
2742 5018 2986 5089 Spiritus
3016 5021 3197 5077 sancti
3229 5032 3362 5089 quae
3393 5024 3481 5075 est
3509 5013 4074 5089 procedere_;__plang

709 5082 905 5144 docuit
959 5082 1016 5143 id
1068 5082 1229 5157 quod
1279 5082 1513 5146 sanctus
1566 5086 1814 5146 Thomas
1873 5082 2043 5146 etiam
2098 5082 2289 5155 tradit,
2331 5082 2494 5159 prius
2530 5096 2585 5147 et
2620 5082 3001 5163 principalius
3037 5082 3358 5150 secundum
3415 5082 3654 5148 modum
3711 5082 4077 5161 intelligendi

794 5237 871 5301 el
904 5240 1039 5303 Cor.
1076 5256 1238 5307 xvnt.
1287 5245 1347 5303 5.
1433 5242 1511 5302 1³Ι
1548 5243 1684 5306 Cor.
1718 5259 1780 5321 ir,
1813 5242 1873 5306 6.

2026 5324 2290 5391 VARl/E
2332 5323 2770 5393 LECTIONES.

792 5485 847 5585 δῖ
879 5485 1013 5631 ἵσές
1043 5488 1340 5567 ἡνωμέναι.
1394 5486 1560 5554 EDIT.
1610 5493 1866 5558 PATROL.
1953 5487 2007 5535 ³⁸
2035 5491 2411 5574 ἐκφαινουσῶν,
2445 5492 2505 5555 8.
2543 5492 2613 5554 D.
2700 5487 2754 5533 ⁸9
2780 5492 2840 5548 τὸ
2872 5498 3045 5549 πᾶσαν
3098 5492 3428 5572 θεουργικ.ήν³
3462 5488 3524 5554 S.
3552 5487 3617 5552 Ρ.
3705 5488 3765 5540 ⁴⁰
3794 5493 3897 5559 τῆς
3928 5490 4083 5563 θεαρο

792 5592 903 5631 mc.
987 5617 1000 5631 .

712 5592 903 5653 χικης.
935 5592 1000 5631 r.

795 5733 920 5814 (52)
948 5734 1040 5797 Ad
1076 5752 1207 5817 cap.
1249 5737 1305 5822 4,
1336 5735 1465 5801 dec.
1502 5737 1564 5821 li,
1596 5738 1999 5822 Cyparissioti.
