4490 6164
535 358 645 429 661

1015 359 1114 424 DE
1155 360 1454 426 DIVINIS
1497 332 1961 435 NOMINIBUS,‘
1997 358 2165 422 CAP.
2212 357 2294 420 II.
2344 389 2421 401 ——
2477 358 2857 425 PABAPHB.
2907 352 3421 421 PACHYMER/E.

3794 357 3911 427 662

530 500 692 572 ἡμεῖς
738 493 852 555 οὖδὲ
932 492 1378 571 ὑπολαμϐάνομεν
1446 495 1599 552 αὑτὸν
1661 493 1803 551 εἶναι
1857 496 2037 552 ἱκανὸν
2095 497 2303 560 είςΑΠι

2125 497 2168 560 ίς
2190 502 2229 553 Α
2256 511 2386 555 mus
2415 492 2610 573 ipsum
2645 510 2759 552 non
2790 493 2934 554 satis
2969 492 3224 566 probare
3257 508 3452 571 posse,
3488 510 3550 556 se
3574 493 3748 558 nobis
3770 496 3898 561 haec

529 590 593 646 τὸ
651 587 871 665 πεὶθειν,
932 584 1013 642 ὅτι
1079 583 1253 651 ἀληθῆ
1311 583 1457 663 λέγει
1517 584 1551 641 ἂ
1612 582 1755 663 λέγει
1828 583 1944 641 καθ’
1997 587 2177 661 ἡμῶν.

529 679 586 736 El
616 678 714 753 μὲν
744 678 843 756 γὰρ
873 682 940 752 τῇ
970 673 1093 748 θείᾳ
1125 680 1306 755 Γραφῇ
1357 674 1687 750 ἀνθίσταται,
1748 673 1926 753 πόῤῥω
1958 675 2048 732 καὶ
2078 677 2178 743 τῆς

529 767 795 846 ἡμετέρας
866 763 1145 845 φιλοσφίας
1216 763 1384 821 ἔσται’
1445 764 1534 821 καὶ
1590 766 1634 821 εἰ
1706 764 1783 839 μὴ
1840 763 1990 837 μέλει
2048 765 2176 823 τού-

525 879 604 931 τῳ
675 861 783 912 τῶν
830 855 982 911 θείων
1047 855 1275 934 Λογίων,
1323 860 1437 919 πῶς
1485 852 1549 909 ἇίν
1604 852 1833 927 μελήσοι
1898 856 2035 929 ἡμῖν
2078 861 2177 923 τῆς

525 946 727 1003 ἐκείνου
783 944 1144 1025 χειραγωγίας
1205 946 1291 1001 καὶ
1347 941 1712 1017 διδασκαλίας
1776 945 1832 1001 Εἰ
1874 941 1929 999 δὲ
1962 942 2178 1024 δέχεται

525 1037 625 1103 τὴν
656 1042 761 1092 τῶν
790 1034 985 1113 λογίων
1019 1033 1295 1113 ἀλήθειαν,
1326 1035 1493 1110 ἡμεῖς
1553 1037 1736 1100 αὐτοῖς
1779 1045 1897 1097 τοϊς
1949 1032 2174 1116 λογίοις,

526 1130 601 1192 ὡς
631 1126 812 1185 κανόνι
847 1128 938 1183 καὶ
984 1128 1117 1208 φωτὶ
1162 1126 1456 1208 χρώμενοι,
1511 1124 1960 1206 ἀπολογησόμεθα
2009 1130 2172 1207 αὐτῷ,

525 1220 598 1284 ὡς
638 1217 668 1285 ἢ
697 1216 943 1296 θεολογία
973 1217 1038 1274 τὰ
1070 1218 1169 1293 μὲν
1215 1223 1320 1273 τῶν
1354 1215 1628 1291 ὀνομάτων
1671 1216 1959 1291 ἡνωμένως
1992 1239 2169 1293 παρα-

523 1305 756 1388 δίδωσιν,
810 1309 881 1373 ὡς
910 1306 971 1364 τὰ
1001 1308 1156 1383 Θεὸς,
1198 1306 1260 1362 τὸ
1314 1305 1533 1386 ἀγαθὸς,
1564 1307 1651 1362 καὶ
1682 1307 1746 1362 τὰ
1776 1304 1956 1381 ὅμοιαο
2017 1308 2082 1368 τὰ
2116 1307 2169 1364 δὲ

522 1396 959 1476 διακεκριμένως,
1012 1398 1086 1461 ὡς
1147 1398 1208 1453 τὸ
1270 1397 1471 1475 Πατὴρ,
1528 1397 1588 1453 τὸ
1633 1397 1775 1476 Υἱὸς,
1824 1397 1884 1452 τὸ
1930 1402 2164 1474 Πνεῦμα,

521 1489 584 1545 τὸ
611 1489 889 1568 γεννητὸν,
948 1489 1010 1544 τὸ
1066 1486 1376 1565 ἀγέννητον,
1429 1487 1489 1547 τὸ
1550 1485 1888 1565 ἓκπορευτόν·
1925 1488 2012 1544 καὶ
2065 1488 2168 1570 οὐχ

520 1577 641 1635 οἷόν
699 1599 755 1634 τε
809 1574 926 1635 οὔτε
981 1577 1047 1634 τὰ
1093 1576 1342 1651 ἡνωμένα
1399 1573 1646 1653 διαιρεῖν,
1700 1576 1816 1633 οὔτε
1861 1576 1926 1633 τὰ
1984 1575 2168 1634 διακε-

520 1667 743 1746 κριμένα
829 1679 1079 1749 συγχεῖν,
1141 1665 1280 1724 ἀλλὰ
1334 1666 1447 1747 χρὴ
1497 1665 1787 1743 ἑπομένους
1849 1672 1917 1743 τῇ
1975 1668 2164 1726 θεολο-

520 1758 633 1838 γίᾳ,
711 1758 976 1814 ἀνανεύειν
1057 1756 1143 1813 ἐπὶ
1225 1755 1320 1819 τὰς
1397 1756 1537 1821 θείας
1610 1757 1962 1837 φωταγωγίας
1988 1774 2003 1789 ⁸
2035 1752 2046 1763 ’
2078 1762 2166 1815 καὶ

521 1849 622 1927 γὰρ
667 1849 870 1906 ἐκεῖθεν
926 1848 1021 1913 τὰς
1064 1845 1399 1911 διδασκαλίας
1453 1844 1879 1927 παραλαϐόντες,
1928 1850 2161 1906 σπεύσο-

521 1960 621 2014 μεν
673 1938 853 2018 ὥσπερ
911 1938 1036 1995 τινὰ
1083 1937 1279 1994 κανόνα
1308 1937 1503 2001 ταύτας
1559 1936 1834 2018 φυλάττειν
1866 1938 1955 1995 καὶ
1984 1937 2171 2005 ἀπλη-

518 2029 761 2102 θύντους,
822 2028 907 2084 καὶ
964 2027 1284 2106 ἀμειώτους,
1341 2036 1495 2086 τοῦτο
1553 2027 1654 2106 φάρ
1686 2026 1795 2083 ἐστι
1837 2030 1927 2084 τοῦ
1952 2028 2171 2085 κανόνος

518 2120 582 2176 τὸ
613 2116 776 2198 ἴδιον,
808 2118 869 2175 τὸ
899 2116 1064 2175 πλέον
1095 2115 1149 2173 δὲ
1180 2117 1612 2197 ἀπεριτρέπειους,
1649 2118 2023 2196 φρουρούμενοι
2073 2120 2170 2194 μὲν

518 2208 572 2265 ἐν
603 2213 671 2286 τῇ
700 2213 898 2289 φρουρᾷ
944 2210 1049 2265 τῶν
1109 2206 1328 2286 λογίων,
1384 2204 1766 2284 δυναμούμενοι
1797 2207 1874 2283 δὲ,
1909 2212 1982 2275 εἷς
2014 2216 2170 2268 τοῦτο

518 2297 585 2366 δὴ
618 2299 678 2354 τὸ
722 2301 1058 2378 φρουρεῖσθαι
1088 2297 1143 2356 ἐν
1165 2303 1241 2371 τῷ
1272 2311 1518 2377 φρουρεῖν
1551 2298 1703 2359 αὐτὰ.

599 2388 630 2469 §
689 2398 778 2452 Ill.
840 2388 916 2447 Τὰ
973 2386 1069 2465 μὲν
1122 2390 1210 2445 οὖν
1267 2386 1541 2463 ἡνωμένα,
1606 2385 1811 2455 δηλαδὴ
1862 2392 1961 2455 τῆς
2035 2388 2168 2457 ὅλης

519 2480 816 2553 Θεότητος,
861 2478 958 2546 τῆς
1013 2477 1292 2557 Τριαδικῆς
1352 2475 1601 2554 μονάδος,
1652 2479 1725 2541 ὡς
1784 2478 1838 2535 ἐν
1870 2476 2050 2543 ἄλλοις
2082 2479 2169 2536 εἵ-

517 2591 711 2645 πομεν,
755 2567 867 2626 ἰστί
922 2569 982 2625 τὸ
1047 2568 1399 2647 ὁπεράγαθον,
1430 2568 1518 2624 καὶ
1562 2564 1753 2640 τᾶλλα,
1808 2566 2163 2647 προσλαμϐα-

513 2659 745 2735 νομένης
799 2663 898 2726 τῆς
955 2657 1085 2738 ὑπὲρ
1134 2656 1456 2737 προθέσεως,
1515 2658 1549 2714 ἃ
1605 2656 1671 2725 δὴ
1728 2659 1815 2715 καὶ
1870 2660 1968 2727 τῆς
2026 2665 2165 2721 ὓπε-

515 2751 750 2830 ροχικῆς
808 2748 1136 2829 ἀφαιρέσεως
1217 2746 1382 2826 λέγει·
1441 2746 1858 2828 ἀφαιρεματικὸν
1917 2749 2017 2828 γὰρ
2075 2752 2164 2808 καὶ

511 2841 573 2897 τὸ
601 2841 881 2915 ἀθάνατον,
940 2840 1026 2895 καὶ
1076 2840 1138 2895 τὸ
1184 2835 1452 2917 ἔκτιστον,
1499 2835 1639 2895 ἀλλὰ
1681 2839 1817 2895 κατὰ
1871 2838 2159 2921 ἀπόφασιν,

512 2928 964 3010 Ἀφαιριματικὸν
1023 2928 1111 2985 καὶ
1158 2927 1219 2984 τὸ
1275 2926 1624 3005 ὒπεράγαθον*
1687 2927 1803 2985 οὒδὲ
1852 2929 1952 3009 γὰρ
1980 2929 2163 2996 ἁπλῶς

510 3020 708 3097 ἀγαθὸν
764 3018 850 3075 καὶ
909 3019 1097 3098 σοφὸν,
1170 3015 1291 3073 ἀλλ’
1348 3017 1477 3097 ὅπερ
1546 3023 1710 3075 ταῦτα
1768 3019 1854 3077 καὶ
1910 3020 2162 3101 ἀσυγκρίο

510 3130 643 3188 τως,
729 3111 816 3166 καὶ
899 3105 985 3164 διὰ
1060 3112 1218 3165 τοῦτο
1294 3107 1635 3187 ὖπεροχικῶς
1717 3107 1814 3176 τήν
1888 3107 2161 3188 ἀφαίρεσιν

2261 582 2543 646 secndum
2581 584 2884 644 veritatem
2914 580 3197 660 objicere.
3231 583 3381 646 Nam
3421 583 3472 644 si
3524 586 3657 647 talis
3689 588 3764 649 sit
3794 588 3898 670 qui

2262 672 2506 734 omnino
2538 671 2721 733 sacris
2752 671 2990 733 Litteris
3021 670 3278 745 resistat,
3304 690 3336 731 a
3359 672 3729 755 phil050phia
3752 696 3895 759 quo-

2261 781 2377 843 que
2411 769 2608 823 nostra
2624 761 2829 843 procul
2856 761 3178 823 admodum
3194 760 3405 824 aberit:
3427 770 3485 823 et
3513 764 3625 825 nisi
3657 765 3769 847 ipsi
3795 786 3907 829 cu-

2262 870 2345 913 ra;
2374 851 2492 913 sint
2518 851 2839 930 Scriptum
2869 849 3376 933 sacraa,quomodo
3400 851 3569 913 nobis
3601 873 3758 918 curre
3787 857 3906 920 erit

2264 948 2328 1002 ut
2356 941 2549 1022 ipsum
2602 941 2674 1004 ad
2727 942 3038 1003 scientiam
3088 940 3903 1010 manuducamus?SinElo-

2263 1030 2535 1112 quiorum
2568 1031 2878 1094 veritatem
2908 1030 3198 1106 admittat,
3236 1049 3349 1092 nos
3390 1033 3725 1113 Scripturas
3766 1046 3904 1099 tan-

2260 1139 2435 1203 quam
2465 1122 2729 1201 regulam
2762 1122 3074 1201 lucemque
3098 1120 3471 1197 adhibentes,
3507 1123 3905 1204 respondebi-

2256 1229 2389 1273 mus
2421 1212 2727 1292 ipsi,quod
2763 1211 3055 1290 theologia
3071 1210 3357 1272 nonnulla
3384 1211 3625 1293 quidem
3661 1214 3902 1278 nomina

2256 1301 2428 1363 unite
2449 1302 2733 1374 tradat,ut
2757 1301 3224 1382 Deus,bonus,et
3253 1300 3472 1363 similia
3504 1304 3787 1366 nonnulla
3803 1323 3902 1371 ve-

2252 1409 2320 1453 ro
2337 1392 2621 1454 distincte
2636 1410 2741 1454 seu
2756 1391 3013 1471 divisim,
3029 1393 3308 1472 utPater,
3336 1390 3564 1474 Filius,
3597 1391 3890 1476 Spiritus,

2251 1482 3281 1561 genitmn,ingenitmn,procedens;
3317 1480 3550 1543 etnel‘as
3564 1481 3640 1544 sit
3658 1483 3749 1545 vel
3769 1484 3900 1544 uni-

2253 1578 2308 1632 ta
2332 1571 2694 1648 distinguere
2715 1572 2803 1633 vel
2837 1571 3115 1632 distincta
3139 1570 3530 1645 confundere,
3560 1571 3665 1634 sed
3690 1570 3898 1655 Scrip-

2250 1660 2399 1722 turis
2421 1660 2776 1741 insistendo,
2803 1661 2874 1724 ad
2898 1661 3123 1723 divinas
3148 1679 3278 1722 esse
3308 1661 3731 1724 illustrationes
3763 1682 3892 1725 sus-

2249 1750 2904 1832 piciendum,quoniam
2930 1751 3070 1814 inde
3092 1752 3319 1812 divinas
3333 1752 3776 1833 explanationes
3795 1772 3902 1816 ac-

2190 1858 2225 1911 B
2248 1841 2859 1921 cipientes,conamur
2881 1840 3122 1903 easdem
3160 1850 3441 1919 tanquam
3476 1860 3766 1904 canonem
3790 1860 3899 1907 seu

2256 1931 2517 2010 regulam
2545 1930 2881 2012 observare,
2901 1930 3047 2001 nihil
3068 1931 3366 2013 addendo,
3404 1931 3552 1993 nihil
3574 1932 3895 2010 demendo,

2254 2020 2368 2082 hoc
2393 2020 2552 2082 enim
2576 2022 2882 2102 proprium
2907 2031 2995 2083 est
3015 2021 3260 2099 regula);
3284 2033 3347 2082 et
3370 2022 3528 2102 quod
3563 2022 3749 2102 magis
3782 2032 3895 2105 est,

2253 2111 2395 2173 dum
2416 2110 2656 2191 quidem
2681 2110 2811 2173 illas
2834 2111 3138 2173 inviolatas
3161 2109 3894 2192 custodimus,Scriptura-

2252 2218 2384 2264 rum
2402 2200 2513 2283 ipsi
2528 2203 2801 2263 custodia
2818 2202 3295 2275 servamur;dum
3312 2219 3451 2263 vero
3464 2201 3545 2265 ita
3567 2220 3899 2281 servamur,

2253 2293 2622 2372 potentiores
2645 2292 2952 2354 evadimus
2972 2293 3045 2356 ad
3071 2292 3311 2355 easdem
3347 2292 3797 2357 custodiendas.

2331 2381 2490 2463 §Ill.
2526 2383 2785 2446 Nomina
2815 2383 2990 2462 igitur
3007 2392 3191 2459 unita,
3222 2382 3452 2446 scilicet
3483 2384 3659 2446 totius
3690 2382 3895 2447 Deita-

2255 2472 2349 2546 tis,
2382 2474 2575 2534 Trinae
2596 2472 2858 2545 unitatis,
2892 2473 3199 2537 sicutalibi
3229 2472 3491 2535 diximus
3527 2481 3692 2546 ,sunt
3712 2492 3900 2555 supra

2254 2579 2436 2642 quam
2474 2563 2711 2643 bonum,
2740 2573 2797 2625 et
2820 2572 3052 2638 caetera,
3086 2563 3302 2644 quibus
3335 2561 3674 2644 praepositio
3707 2582 3898 2644 supra

2250 2652 2778 2733 praeponitur,quae
2799 2667 2955 2714 vocat
2976 2652 3291 2713 ablationis
3306 2651 3628 2715 secundum
3645 2670 3901 2734 exsupe-

2248 2742 2523 2813 rantiam;
2546 2742 2838 2823 siquidem
2873 2742 3050 2804 etiam
3071 2740 3389 2807 ablativum
3422 2750 3511 2804 est
3538 2759 3758 2804 nomen
3780 2744 3890 2805 im-

2245 2831 2501 2894 mortale
2513 2833 3048 2899 etincreamm,sed
3069 2831 3394 2895 secundum
3412 2830 3889 2895 afﬁrmationem.

2246 2920 2579 2983 Ablativum
2608 2922 2783 2983 etiam
2802 2930 2890 2984 est
2910 2939 3291 3004 supraquam
3316 2922 3566 2998 bonum;
3586 2940 3705 2984 non
3731 2923 3893 2985 enim

2244 3011 2601 3093 simpliciter
2632 3011 2851 3073 bonum
2906 3021 2963 3075 et
3011 3013 3272 3093 sapiens,
3304 3011 3409 3074 sed
3443 3029 3623 3093 supra
3653 3013 3799 3087 haec,
3836 3022 3895 3078 et

2243 3100 2372 3163 sine
2401 3101 2868 3183 comparatione,
2902 3110 2962 3164 et
2990 3102 3215 3164 idcirco
3247 3101 3601 3183 superlative
3634 3101 3887 3165 ablatio-

511 3197 722 3279 ἔχουσι’
783 3196 899 3274 μεθ’
950 3199 1025 3253 ὧν
1081 3197 1183 3254 εἰσι
1237 3197 1324 3253 καὶ
1380 3198 1447 3254 τὰ
1489 3196 1820 3278 αἱτιολογικά
1849 3218 1860 3231 ·
1940 3200 2000 3256 τὸ
2066 3200 2220 3282 γὰρο
2246 3211 2284 3253 n

2119 3222 2220 3282 τρο
2246 3210 2383 3253 nem
2419 3192 2746 3273 continent,
2774 3192 2991 3273 quibus
3020 3193 3492 3257 adnumerantur
3521 3192 3722 3254 omnia
3762 3211 3892 3275 qum

509 3288 731 3367 ἀγαθὸν,
804 3288 891 3345 καὶ
942 3287 1003 3343 τὸ
1058 3284 1247 3357 καλὸν,
1309 3286 1395 3343 καὶ
1446 3288 1508 3343 τὸ
1590 3288 1673 3362 ὃν,
1745 3286 1826 3345 ὅτι
1877 3289 1941 3345 τὸ
2003 3296 2159 3348 Θεϊον
2245 3300 2279 3343 a

2116 3313 2159 3348 >ν
2245 3282 2320 3343 ad
2346 3283 2639 3345 rationem
2669 3301 2862 3344 causae
2893 3283 3214 3363 pertinent;
3252 3301 3386 3345 nam
3419 3282 3645 3344 bonum
3669 3292 3729 3345 et
3740 3284 3889 3361 pul-

486 3365 774 3444 ’ὑπέστησε
816 3373 978 3449 καλὰ,
1066 3375 1156 3433 καὶ
1212 3373 1364 3446 ὅντα,
1421 3376 1509 3433 καὶ
1567 3375 1760 3456 ἀγαθὰ,
1824 3376 1885 3433 ἐκ
1942 3384 2047 3434 τῶν
2080 3380 2160 3435 αἰ-

507 3471 706 3524 τιατῶν
770 3466 903 3524 αὒτᾶ
975 3468 1313 3542 ὀνομάζεταιο
1379 3472 1539 3522 ταῧττ
1613 3466 1681 3524 τὰ
1750 3466 2022 3542 ἡνωμένα.
2085 3470 2159 3529 Τὰ

505 3556 559 3614 δὲ
627 3554 1021 3635 διακεκριμένα,
1078 3556 1141 3612 τὸ
1190 3555 1501 3634 ὑπερούσιον
1580 3552 1749 3631 ὄνομα
1807 3562 1898 3614 τοῦ
1946 3560 2157 3634 Πατρὸς

505 3650 569 3704 τὸ
624 3648 942 3725 ὓπερουσιον
992 3644 1158 3721 ὄνομα
1213 3651 1306 3702 τοῦ
1364 3646 1501 3724 Υἱοῦ,
1549 3646 1610 3702 τὸ
1637 3645 1946 3723 ὑπερούσιον
1988 3645 2157 3723 ὄνομα

502 3745 598 3796 τοῦ
628 3736 780 3816 ἁγίου
809 3736 1136 3810 Πνεύματος’
1201 3736 1316 3793 οὔτε
1375 3736 1474 3814 γὰρ
1528 3736 1848 3818 ἀντιστροφῆ
1910 3737 1971 3793 ἐκ
2025 3740 2152 3795 τού-

504 3851 606 3885 τωι
644 3827 866 3907 γίνεται,
928 3824 1045 3883 οὔτε
1074 3825 1345 3893 κοινότης.
1409 3825 1470 3885 Ὀ
1531 3826 1630 3904 γὰρ
1694 3828 1870 3905 Πατὴρ
1916 3828 2070 3904 Θεὸς,
2097 3833 2155 3888 οὔ

503 3918 617 3993 μὴν
647 3919 676 3973 ὁ
708 3916 840 3980 Θεὸς
898 3915 1083 3995 Πατὴρ
1131 3918 1335 3991 μόνωςο
1394 3917 1481 3972 καὶ
1540 3918 1567 3972 ὁ
1617 3917 1736 3982 Υἱὸς
1770 3918 1922 3995 Θεὸς,
1957 3922 2015 3977 οὐ
2046 3920 2153 3995 μὴν

499 4006 555 4064 δὲ
587 4007 683 4065 καί
715 4005 744 4060 ὃ
774 4005 903 4071 Θεὸς
932 4007 1053 4068 Υἱὸς
1085 4007 1285 4080 μόνως’
1348 4006 1543 4081 ὁμοίως
1601 4007 1688 4063 καὶ
1740 4006 1826 4064 ἐπὶ
1884 4015 1977 4065 τοὺ
2006 4008 2157 4087 ἀγίου

499 4097 590 4153 καὶ
640 4096 909 4167 ζωοποιοῦ
967 4096 1300 4168 Πνεύματος.
1360 4094 1586 4174 Εὕρηται
1643 4096 1731 4153 καὶ
1782 4093 1922 4163 ἄλλη
1969 4094 2156 4155 διακε-

500 4186 729 4265 κριμένη
770 4184 1016 4264 θεολογία
1072 4182 1211 4250 ἰδίως
1268 4184 1353 4243 ἐπὶ
1408 4192 1502 4242 τοῦ
1565 4186 1750 4263 Κυρίου
1784 4187 1934 4262 ἡμῶν
1980 4187 2156 4255 ’ῐησοῧ

498 4275 729 4355 Χριστοῦ
782 4277 871 4332 καὶ
928 4283 1082 4346 Θεου,
1142 4276 1178 4343 ἧ
1235 4275 1416 4332 τούτου
1478 4272 1598 4333 καθ’
1651 4278 1797 4347 ἡμᾶς
1848 4275 2067 4356 ὕπαρξις
2119 4281 2151 4347 ἡ

497 4365 795 4434 παντελὴς*
855 4365 1024 4444 σάρκα
1079 4365 1179 4444 γὰρ
1233 4364 1595 4446 ἒψυχωμενην
1623 4366 1711 4423 καὶ
1766 4367 1948 4441 νοερὰν
1978 4389 2151 4445 προσ-

498 4454 743 4516 ελάϐετο⁶
810 4456 896 4513 καὶ
951 4452 1331 4520 ἀναλλοίωτος*
1393 4455 1423 4511 ’ὁ
1469 4456 1569 4533 γὰρ
1631 4455 1698 4523 ἦν
1755 4456 1936 4531 μείνας
1988 4457 2148 4537 ἀτρὲ-

500 4569 681 4626 πτως,
711 4544 741 4602 ’ὃ
772 4544 865 4602 οὒκ
912 4545 979 4615 ἦν
1029 4542 1409 4624 προσελάϐετο,
1470 4543 1715 4611 δηλονότι
1768 4546 1880 4608 υἱός
1940 4546 2146 4627 ἀνθρώ-

493 4658 623 4713 που,
686 4636 748 4691 τὸ
797 4631 885 4691 ὑπ’
949 4634 1127 4714 ἀρχὴν
1183 4635 1447 4714 γενέσθαι,
1507 4635 1568 4690 τὸ
1620 4635 1721 4692 ὐπὸ
1777 4634 1994 4716 χρόνον,
2057 4640 2147 4695 καὶ

497 4723 635 4783 τᾶλλ
696 4724 762 4781 τὰ
805 4724 1127 4804 ἀνθρώπινα,
1188 4725 1274 4782 καὶ
1330 4722 1430 4781 ὅσα
1486 4722 1621 4781 ἄλλα
1678 4729 1777 4791 τῆς
1835 4724 1958 4784 κατ’
1990 4729 2148 4786 αὐτὸν

499 4816 894 4896 φιλανθρωπίας
953 4816 1245 4891 μυστήρια,
1288 4814 1349 4871 τὸ
1388 4819 1663 4892 πεινῆσαι,
1698 4816 1759 4870 τὸ
1806 4813 2052 4895 διψῆσαι,
2087 4818 2148 4874 τὸ

492 4904 776 4977 κοπιάσαι,
831 4906 919 4962 κᾶὶ
968 4902 1162 4983 τᾶλλα,
1205 4903 1238 4959 ἄ
1273 4902 1338 4973 δὴ
1369 4926 1529 4985 φησιν
1585 4902 1840 4981 οὖσιώδη,
1874 4905 2148 4965 ἐκϐάλλων

492 4996 593 5064 τὴν
625 4996 763 5052 κατὰ
790 4994 1079 5075 φαντασίαν
1109 4991 1282 5060 δόξαν,

577 5176 610 5255 §
640 5177 746 5239 IV.
785 5172 974 5251 Πρέπει
1033 5175 1227 5249 τοίνυν,
1290 5172 1649 5237 ἀναλαϐόντας
1680 5175 1770 5231 τόν
1802 5174 2028 5243 ὁλοτελῆ
2049 5177 2147 5244 τῆς

493 5267 637 5328 θείας
687 5263 927 5327 ἑνῶσεώς
984 5286 1041 5320 τε
1093 5264 1179 5320 καὶ
1236 5262 1507 5343 διαρίσεως
1561 5263 1801 5322 ἐκθέσθαι
1856 5267 1944 5323 καὶ
1975 5268 2148 5324 εἰπεῖν

494 5356 719 5434 τρόπον,
751 5352 897 5416 ὅπως
928 5352 1090 5420 δῆλος
1146 5356 1174 5411 ὁ
1209 5352 1367 5432 λόγος
1399 5353 1646 5434 γένηται,
1691 5354 1830 5412 ἅπαν
1861 5357 1959 5431 μὲν
2003 5356 2143 5414 ἀσα-

495 5445 590 5525 φὲς
642 5444 876 5525 φεύγων,
906 5443 972 5500 τὰ
1010 5441 1065 5499 δὲ
1102 5444 1237 5500 κατὰ
1291 5440 1507 5519 δύναμιν
1565 5451 1748 5524 σαφῶς
1808 5446 2145 5523 περιορίζων.

500 5533 734 5594 Καλοῦσι
779 5534 901 5614 γὰρ,
961 5532 1091 5613 ὅπερ
1148 5534 1235 5592 καὶ
1293 5533 1345 5590 ἐν
1390 5532 1588 5613 ἑτέροις
1633 5538 1812 5611 εἷπον,
1859 5537 1907 5592 οἱ
1938 5535 2002 5592 τά
2031 5538 2145 5615 ἱερὰ

500 5622 866 5700 μεμυημένοι,
925 5623 1140 5687 ἐνώσεις
1174 5623 1271 5700 μὲν
1332 5624 1475 5686 θείας
1517 5626 1611 5689 τὰς
1643 5625 1761 5702 περὶ
1812 5646 1911 5691 της
1968 5628 2143 5691 οὐσίας

497 5713 884 5785 ἀκαταλήπτου
914 5712 1159 5792 γνώσεις·
1202 5716 1295 5784 τήν
1353 5712 1406 5770 δὲ
1452 5714 1630 5772 οὐσίαν
1682 5716 1843 5785 αὒτὴν
1875 5717 1970 5784 τῆς
2003 5716 2141 5774 ἀκα-

2243 3372 2482 3445 ehrum,
2500 3378 2559 3432 et
2576 3377 2993 3452 ens,quoniam
3019 3373 3175 3434 Deus
3200 3392 3270 3434 ea
3293 3390 3425 3453 quae
3446 3379 3588 3433 sunt
3608 3372 3889 3452 pulchra,

2246 3469 2303 3523 et
2333 3461 2643 3541 exsistunt,
2673 3470 2731 3522 et
2761 3462 2916 3522 bona
2934 3470 3094 3542 sunt,
3120 3461 3541 3543 suppeditavit,
3560 3478 3632 3524 ex
3662 3461 3891 3525 effectis

2242 3551 2369 3613 haec
2399 3556 2643 3613 nomina
2668 3551 2935 3632 sortitur;
2965 3568 3097 3631 quae
3116 3563 3255 3614 sunt
3278 3552 3463 3613 unita.
3490 3552 3756 3615 Discreta
3778 3568 3884 3615 ve-

2238 3657 2306 3703 ro
2338 3648 2475 3702 sunt
2496 3657 2716 3701 nomen
2736 3640 3234 3719 superessentiale
3262 3641 3473 3724 Patris,
3498 3643 3631 3703 εει
3664 3659 3885 3706 nomen

2239 3729 2738 3809 superessentiale
2768 3729 2923 3806 Filii,
2958 3748 3181 3793 nomen
3210 3732 3709 3810 superessentiale
3739 3731 3884 3812 Spi-

2239 3818 2388 3882 ritus
2419 3820 2630 3900 sancti;
2659 3836 2732 3882 ex
2756 3821 2846 3881 his
2877 3819 3036 3882 enim
3070 3820 3232 3883 nulla
3261 3820 3326 3882 ﬁt
3354 3822 3769 3903 reciprocatio,
3794 3821 3883 3885 vel

2243 3910 2726 3973 communicatio.
2762 3912 2935 3974 Pater
2957 3910 3117 3972 enim
3148 3913 3328 3985 Deus,
3362 3930 3480 3973 non
3510 3920 3708 3974 tamen
3726 3914 3887 3976 Deus

2242 4000 2433 4062 solum
2472 4002 2667 4074 Pater;
2696 4008 2755 4061 et
2785 3999 2973 4063 Filius
3004 3999 3186 4081 Deus,
3220 4019 3339 4062 non
3371 4011 3571 4064 tamen
3600 4000 3759 4064 Deus
3790 4019 3887 4063 so-

2241 4089 2332 4151 lus
2390 4090 2597 4162 Filius;
2658 4090 2932 4152 similiter
2984 4090 3161 4152 etiam
3222 4091 3297 4152 de
3367 4101 3572 4153 sancto
3628 4099 3687 4152 et
3736 4088 3885 4153 vivi-

2241 4179 2354 4240 ﬁco
2382 4178 2630 4259 Spiritu.
2665 4180 2964 4242 Invenitur
2993 4183 3169 4241 etiam
3201 4180 3313 4241 alia
3342 4181 3614 4257 quaedam
3638 4178 3885 4243 distinc-

2240 4278 2294 4330 ta
2324 4269 2646 4349 theologia,
2681 4287 2811 4350 quae
2841 4269 3081 4350 propria
3110 4276 3200 4331 est
3230 4268 3483 4332 Domino
3509 4278 3714 4332 nostro
3736 4269 3879 4334 Jesu

2236 4360 2471 4422 Christo
2503 4378 2572 4422 ac
2601 4361 2750 4436 Deo,
2787 4359 3015 4422 scilicet
3064 4358 3325 4439 perfecta
3366 4360 3497 4440 ejus
3544 4359 3875 4422 secundum

2234 4468 2343 4512 nos
2370 4448 2703 4524 existentia,
2741 4448 3034 4529 siquidem
3093 4451 3415 4530 assumpsit
3466 4467 3708 4512 carnem
3742 4449 3877 4512 ani-

2234 4549 2450 4602 matam
2482 4558 2549 4601 ac
2584 4538 2918 4600 intellectus
2949 4538 3326 4619 participem;
3352 4546 3413 4601 et
3460 4538 3874 4618 immutabilis;

2229 4630 2389 4713 quod
2434 4629 2595 4693 enim
2649 4636 2776 4690 erat
2817 4627 3266 4692 immutabiliter
3311 4647 3581 4707 manens,
3616 4628 3676 4693 id
3719 4632 3878 4712 quod

2231 4739 2351 4783 non
2382 4728 2507 4783 erat
2536 4718 2882 4799 assumpsit,
2920 4736 3137 4799 nempe
3167 4718 3329 4781 [ilius
3357 4718 3875 4800 hominis,princi-

2232 4806 2312 4888 pii
2342 4807 2746 4889 temporisque
2775 4805 3231 4887 subjectionem,
3259 4808 3491 4884 aliaque
3512 4826 3645 4887 qua;
3666 4807 3875 4870 huma-

2230 4915 2308 4959 na
2358 4906 2518 4979 sunt,
2569 4905 2903 4971 caeteraque
2958 4896 3233 4977 mysteria
3282 4896 3669 4959 humanitatis
3713 4897 3870 4977 ejus,

2230 4986 3069 5067 esuriem,sitim,laborem,et
3099 4996 3313 5048 czetera
3333 5005 3465 5068 quas
3487 4986 3630 5050 dicit
3659 5005 3875 5051 essen-

2232 5077 2412 5145 tialia,
2449 5088 2515 5139 ut
2541 5078 2819 5139 excludat
2844 5076 3250 5157 apparentiam
3277 5076 3708 5156 imaginariam.

2311 5168 2340 5248 §
2366 5165 2461 5229 IV.
2494 5166 2742 5248 Expedit
2771 5164 3279 5246 utique,nonnihil
3308 5166 3483 5229 altius
3512 5168 3875 5231 resumenda

2233 5254 2729 5341 perfectissimum
2752 5255 2916 5317 illum
2946 5254 3160 5316 divina;
3183 5256 3423 5319 nnionis
3452 5276 3522 5318 ac
3538 5257 3875 5321 distinctio-

2229 5349 2321 5410 nis
2353 5345 2617 5421 modum,
2647 5345 2975 5426 explanari,
3011 5364 3127 5425 quo
3146 5345 3317 5408 nobis
3340 5347 3529 5410 oratio
3550 5349 3624 5410 sit
3647 5355 3871 5427 aperta,

2228 5438 2619 5502 obcuritatem
2653 5435 2893 5515 quidem
2918 5435 3303 5516 fugiens,haec
3333 5456 3494 5514 vero,
3528 5436 3717 5517 quoad
3747 5437 3875 5499 ﬁeri

2229 5533 2442 5611 potest,
2497 5525 2657 5587 clare
2711 5524 3030 5588 deﬁniens.
3068 5526 3235 5588 Sacri
3285 5525 3446 5587 enim
3479 5524 3778 5606 doctores,
3812 5534 3876 5587 ut

2228 5620 2289 5681 in
2317 5617 2449 5680 aliis
2480 5614 2657 5678 etiam
2690 5611 3071 5687 dixi,divinas
3097 5614 3340 5694 quidem
3375 5612 3628 5675 uniones
3664 5624 3872 5676 vocant

2228 5709 2502 5774 notiones
2529 5704 2665 5766 illas
2694 5703 2909 5765 divina:
2935 5711 2992 5765 et
3025 5702 3653 5785 incomprehensibilis
3671 5721 3871 5767 essen-
