4490 6164
681 348 796 417 667

1850 362 1910 427 S.
1958 359 2307 428 DIONYSII
2335 363 2844 432 AREOPAGITIE

3942 363 4055 434 668

678 507 774 566 tus
795 518 913 563 non
935 493 1136 564 eduxit
1155 518 1360 564 secum
1388 502 1850 584 Patrem,neque
1873 499 2186 583 Spiritum,
2208 517 2322 563 ne-
2344 506 2382 555 Α
2409 523 2448 576 μ

2284 532 2322 544 η-
2344 506 2382 555 Α
2409 503 2650 576 ματικῶν
2681 503 2844 578 μόνον
2873 500 3136 583 ἑνώσεων,
3206 500 3344 560 ἀλλά
3375 505 3462 561 καί
3493 503 3596 562 τῶν
3637 502 3691 562 ὲν
3724 505 3929 585 ψυχαις
3961 507 4057 562 αὖ·

675 611 792 674 que
815 592 1133 674 quidquam
1155 589 1268 654 sibi
1294 592 1594 672 proprium
1618 591 1691 652 iis
1729 591 1990 673 reliquit,
2020 591 2124 654 sed
2156 593 2316 654 hunc

672 701 978 762 egressum
1011 701 1046 744 ι
1075 681 1167 744 sui
1197 681 1384 762 ipsius
1421 681 1728 744 mansione
1759 682 1898 744 fecit
1927 683 2065 742 554
2098 682 2314 744 indivi-

670 771 1232 835 vulsum.Caeterum
1256 771 1510 833 uniones
1544 790 1859 850 corporum
1890 790 2022 854 quae
2041 772 2314 834 elemen-

671 862 870 924 taliter
893 861 1549 942 considerantur,atque
1575 862 1690 923 alio
1713 862 1964 941 quodam
1987 861 2161 924 modo
2187 880 2316 942 pero

672 951 1020 1024 miscentur,
1044 949 1354 1012 virtutibus
1376 959 1432 1012 et
1456 949 1845 1031 qualitatibus
1865 958 2281 1030 permutantur
2306 969 2321 1026 ;

673 1039 951 1102 similiter
981 1058 1217 1120 quoque
1239 1039 1546 1103 facultates
1573 1039 1868 1102 animales
1900 1059 2070 1102 suam
2107 1041 2326 1104 habent

670 1128 1095 1208 differentiam;
1115 1131 1256 1210 quin
1289 1136 1347 1192 et
1368 1129 1716 1207 angelorum
1765 1148 1899 1191 cum
1947 1129 2164 1192 divinis
2192 1130 2326 1194 illu-

671 1219 1056 1282 strationibus
1111 1218 1408 1281 unitiones
1462 1237 1568 1299 pro
1603 1219 1881 1282 ordinum
1937 1219 2317 1300 prepriorum

670 1317 837 1388 parte
865 1328 933 1370 ac
965 1309 1346 1389 proportione
1383 1310 1550 1371 fiunt.
1593 1309 1874 1372 Divinit'is
1927 1327 2063 1373 vero
2101 1319 2319 1373 sanctae

672 1398 1069 1473 Trinitatis,et
1089 1398 1377 1480 quidquid
1406 1399 1535 1478 ejus
1558 1399 1842 1473 est,nullo
1864 1400 2156 1462 dictorum
2183 1418 2316 1461 mo-

670 1487 746 1549 do
775 1487 1158 1569 dissecta,aut
1185 1507 1220 1550 a
1262 1507 1326 1550 se
1353 1489 1612 1566 diversa,
1637 1488 1850 1550 merito
1878 1496 2157 1552 censetur
2186 1507 2321 1552 esse

670 1596 850 1658 supra
870 1577 1016 1640 istas
1039 1578 1850 1658 uniones.Supercollocatur
1870 1579 2026 1640 enim
2057 1584 2196 1640 unio
2222 1598 2318 1642 su-

670 1665 1176 1748 persubstantialis
1197 1687 1314 1728 non
1340 1675 1563 1730 tantum
1583 1667 2117 1749 corporeis,verum
2140 1668 2316 1730 etiam

670 1755 746 1816 iis
776 1773 908 1835 qua)
954 1762 1014 1818 in
1061 1757 1554 1836 animabus,quin
1581 1766 1638 1819 et
1676 1757 1735 1818 in
1771 1757 2041 1838 ipsismct
2091 1759 2320 1839 angelis

671 1845 1202 1928 contingunt,quas
1231 1847 1439 1926 utique
1473 1849 1700 1911 divinas
1731 1846 1984 1910 uniones
2017 1847 2121 1910 illa
2148 1848 2292 1909 lumi
2347 1872 2382 1922 Β
2405 1854 2444 1906 ὺτ

1626 1865 1700 1908 nas
1731 1846 1984 1910 uniones
2017 1847 2121 1910 illa
2148 1848 2292 1909 lumi
2347 1852 2712 1930 Βῦπερουσίου
2767 1852 3019 1919 θεότητος
3076 1854 3104 1908 6
3174 1853 3358 1930 Πατὴρ
3387 1901 3399 1925 ,

672 1935 836 1996 naria
856 1937 1321 2019 supercoelestia,
1345 1939 1574 2000 scilicet
1589 1935 2307 2016 angeli,impermiste,in-

2401 605 2552 668 ταῖς,
2590 595 2676 650 καὶ
2707 591 2912 668 μᾶλλον
2943 592 2996 648 ἐν
3026 595 3213 657 αυτοῖς
3245 607 3362 658 τοῖς
3421 595 3695 674 ἀγγέλοις,
3731 595 3791 657 ἃς
3825 594 3890 663 δὴ
3926 597 4059 652 ἑνώ-

2401 703 2514 746 σεις
2558 683 2697 747 θείας
2743 682 2933 762 ἔχουσι
2966 685 3032 752 τὴ
3092 686 3436 764 ὑπερουράνια
3496 693 3669 766 φῶτα,
3737 689 3783 742 οἱ
3816 685 4056 768 ἄγγελοι,

2401 774 2644 854 ἆμιγῶς,
2672 773 3010 854 ἅσσγχύτως,
3045 777 3131 830 καὶ
3177 776 3569 852 ὑπερκοσμίως,
3631 775 3730 832 ὅλα
3772 774 3838 832 δι’
3870 775 4012 833 ὅλων
4047 824 4058 836 .

2410 865 2607 941 οὐγὰρ
2679 865 2908 942 μερικῶς
2957 861 3356 942 ἐπιϐραϐεύεται
3410 866 3615 930 τούτοις
3666 868 3700 933 ἡ
3733 865 3998 942 ἕλλαμψις
4044 916 4059 946 ,

2408 951 2544 1008 ἀλλ’
2573 951 2857 1032 ὁλοτελῶς,
2897 955 2939 1010 εἰ
2971 955 3213 1011 κάκεῖνοί
3265 956 3397 1032 πρὸς
3431 956 3489 1011 τὸ
3520 954 3734 1013 δυνατὸν
3768 957 3855 1012 καὶ
3902 958 4060 1031 μόνον

2410 1044 2675 1105 ένοῦνται,
2712 1041 2956 1124 ”Ωσπερ,
2988 1043 3141 1115 ἡλίου
3173 1043 3436 1109 ὁλοτελῶς
3475 1045 3897 1124 ἐπιλάμποντος,
3930 1046 4056 1104 ἕκα-

2408 1154 2533 1190 στον
2589 1134 2720 1211 πρὸς
2777 1133 2837 1189 τὸ
2867 1131 3086 1191 δυνατὸν
3117 1157 3210 1192 του
3261 1136 3434 1214 φωτὸς
3465 1134 3888 1212 μεταλαμϐάνει,
3923 1135 4054 1194 οὕτω

2403 1224 2491 1279 καὶ
2524 1223 2611 1279 ἐπὶ
2656 1236 2770 1287 τοῖς
2790 1223 3038 1302 ἀγγέλοις
3072 1225 3300 1303 γίνεται,
3334 1227 3467 1282 κατὰ
3496 1226 3596 1294 τήν
3640 1225 3924 1303 ἀναλογίαν
3955 1227 4050 1284 αὖ-

2402 1319 2533 1392 τῶν,
2566 1315 2662 1379 τῆς
2693 1314 2832 1377 θείας
2879 1315 2964 1370 καὶ
3007 1314 3378 1393 ὑπέρηρμένης
3422 1317 3663 1379 ἑνώσεως
3710 1319 4046 1396 μετέχουσιν.

2403 1399 2570 1459 ’Ἔστι
2602 1399 2856 1480 διάκρισις
2888 1402 2942 1458 ἐν
2973 1417 3094 1465 ταῖς
3125 1402 3445 1483 θεολογίαις,
3480 1407 3582 1485 οὐχ
3613 1406 3675 1472 ἢν
3709 1405 3912 1486 ἔφημεν
3953 1406 4050 1481 μό-

2404 1514 2490 1549 νον
2551 1493 2823 1571 πρότερον,
2876 1491 2957 1548 ὅτι
3015 1493 3341 1573 ἀσυγχύτως
3401 1496 3469 1558 εἷς
3516 1509 3662 1574 τρεῖς
3707 1494 4052 1559 ἰ’ποστάσεις

2404 1579 2722 1659 διακέκριται
2780 1579 3086 1658 ἀδιαιρέτως
3145 1585 3180 1651 ἢ
3211 1586 3322 1640 Θεία
3379 1587 3468 1640 καὶ
3523 1585 3671 1652 ἀπλῆ
3725 1585 3900 1663 φύσιςο
3937 1583 4053 1642 ἀλλ’

2403 1671 2483 1727 ὅτι
2513 1673 2600 1727 καὶ
2656 1674 2714 1727 τὸ
2745 1679 2834 1727 τοῦ
2891 1675 3092 1750 Πατρὸς
3138 1674 3387 1752 αὔχημα,
3423 1672 3672 1740 δηλονότι
3703 1677 3736 1743 ἦ
3787 1675 4051 1754 Θεογόνία,

2403 1766 2497 1820 οὒκ
2562 1760 2886 1839 ἀντιστρέφει
2932 1763 3062 1839 πρὸς
3124 1761 3312 1822 τᾶλλα.
3379 1762 3529 1830 Μόνη
3588 1763 3688 1842 γὰρ
3741 1764 3894 1840 πηγὴ
3950 1769 4050 1830 τῆς

3487 1852 3861 1931 φυλαττόντων
3948 1860 4050 1910 τῶν

2392 1943 2570 2019 ὕμνων
2614 1940 2842 2006 εὗσεὸὤς
2865 1945 2928 1999 τὰ
2958 1945 3131 1999 οἰκεῖα
3163 1944 3362 2020 ἑκάστῃ
3396 1945 3502 2000 τῶν
3544 1947 3850 2024 θεαρχικῶν
3880 1943 4050 2001 ἰ’πο-

672 2024 1003 2107 confuse,et
1025 2028 1594 2107 supermundialiter
1611 2034 1730 2087 tota
1759 2043 1823 2088 se
1845 2027 1980 2088 totis
2011 2026 2309 2102 obtinent;
2395 2055 2445 2091 o1

2273 2037 2309 2102 l;
2395 2032 2656 2095 στάσεων,
2689 2030 2818 2090 Ἰδού
2847 2033 2932 2089 καί
2964 2033 3114 2110 ἑτέρα
3159 2031 3442 2114 διάκρισις,
3491 2032 3618 2090 καθ’
3659 2032 3723 2100 ἥν
3782 2031 4046 2113 διακέκρέ-

673 2131 791 2174 non
838 2116 997 2176 enim
1059 2117 1381 2197 partialiter
1427 2119 1523 2180 his
1572 2116 1886 2179 illustratio
1936 2117 2306 2198 conceditur,
2392 2145 2446 2179 ta

2272 2135 2306 2198 ‘,
2392 2145 2478 2179 ται
2510 2125 2536 2179 6
2595 2123 2776 2200 Πατὴρ
2829 2126 2933 2178 τῶν
2994 2125 3266 2203 αἰτιατῶν,
3326 2127 3444 2184 ι’ἱοῦ
3472 2146 3529 2181 τε
3560 2125 3648 2182 καὶ
3693 2125 3997 2199 Πνεύματος
4030 2170 4045 2186 .

670 2203 776 2296 sed
811 2206 1052 2267 omnino
1083 2207 1333 2285 integre,
1370 2207 1850 2288 tametsiquoque
1874 2225 1977 2287 pro
2005 2215 2179 2286 captu
2201 2225 2307 2269 suo
2393 2216 2443 2268 A4

2274 2227 2307 2269 ο
2393 2215 2554 2270 Αὗται
2584 2212 2680 2286 μὲν
2713 2216 2760 2268 αἳ
2795 2213 2911 2269 κατ’
2944 2212 3149 2280 ἐκείνην
3192 2214 3290 2280 τὴν
3323 2213 3551 2294 ἅρῤητόν
3611 2215 3836 2296 φυσικὴν
3907 2213 4044 2271 ἔνω-

671 2291 956 2357 duntaxat
1006 2296 1307 2359 uniantur.
1339 2296 1844 2371 Qurmadmodum
1889 2297 2013 2358 sole
2065 2297 2306 2358 omnino
2394 2322 2444 2356 σι

1502 2296 1844 2359 iadmodum
1889 2297 2013 2358 sole
2065 2297 2306 2358 omnino
2394 2322 2474 2356 σιν
2507 2300 2722 2366 ἐνώσεις
2753 2323 2809 2357 τε
2846 2302 2932 2357 καὶ
2961 2299 3275 2379 διακρίσεις,

672 2383 936 2463 perfecte
973 2384 1359 2449 illucescente
1389 2386 1683 2468 quidlibet
1714 2405 1818 2467 pro
1848 2393 2022 2464 captu
2054 2404 2161 2446 suo
2195 2389 2393 2450 lumen
2429 2390 2761 2470 participat,
2790 2395 2870 2451 ita
2898 2390 3076 2451 etiam
3105 2389 3167 2452 in
3190 2390 3419 2470 angelis
3442 2391 3756 2473 contingit,
3788 2391 3930 2454 dum
3958 2410 4047 2454 se-

668 2473 929 2536 cundum
960 2477 1401 2556 proportionem
1435 2495 1600 2538 suam
1635 2476 1849 2538 divinae
1881 2476 2042 2537 illius
2074 2484 2132 2539 et
2189 2477 2696 2556 supereminentis
2726 2478 2963 2541 unionis
2997 2481 3316 2561 participes
3369 2481 3683 2545 exsistunt.
3716 2483 3820 2544 Est
3869 2480 4044 2544 etiam

670 2562 976 2626 distinctio
1029 2565 1089 2627 in
1123 2566 1361 2644 divinis,
1400 2585 1518 2628 non
1580 2584 1650 2628 ea
1680 2574 1902 2627 tantum
1948 2585 2125 2647 quam
2180 2567 2344 2646 prius
2404 2567 2686 2642 diximus,
2721 2568 2882 2647 quod
2934 2568 3250 2632 inconfuse
3295 2571 3353 2632 in
3397 2580 3518 2633 tres
3566 2570 3855 2633 Personas
3885 2569 4046 2632 indi-

667 2652 845 2716 vidua
903 2653 1276 2737 simplexque
1332 2665 1543 2719 natura
1592 2656 1790 2718 divina
1847 2655 2163 2728 dividatur,
2228 2674 2436 2718 verum
2497 2656 2679 2720 etiam
2734 2657 2924 2722 Patris
2968 2660 3156 2740 notio,
3190 2659 3422 2722 scilicet
3477 2663 3663 2723 activa
3697 2659 3804 2724 Dei
3861 2679 4048 2740 gene-

666 2743 842 2817 ratio,
873 2762 1008 2806 cum
1041 2745 1172 2806 aliis
1203 2765 1322 2808 non
1354 2755 1753 2808 convertatur.
1784 2747 1958 2808 Pater
1989 2745 2147 2808 enim
2179 2745 2343 2808 solus
2372 2745 2505 2809 fons
2536 2756 2627 2809 est
2658 2750 3185 2826 superessentialis
3220 2750 3488 2825 Deitatis,
3521 2749 3784 2832 qualibet
3815 2751 4052 2812 divina-

664 2851 800 2896 rum
833 2834 1232 2897 Personarum
1267 2837 1647 2916 proprietatis
1679 2853 1802 2897 suae
1832 2835 2039 2896 laudes
2085 2835 2365 2915 religiose
2395 2838 2906 2902 conservantibus.
2959 2840 3116 2902 Ecce
3151 2839 3328 2902 etiam
3387 2840 3564 2902 aliam
3596 2839 4052 2902 distinctionem

667 2922 999 2984 secundum
1060 2943 1236 3002 quam
1272 2929 1443 2989 Pater
1472 2925 1546 2987 ab
1593 2925 1821 2988 effectis
1847 2924 1978 2986 Filii
2034 2935 2093 2986 et
2123 2924 2379 3006 Spiritus
2437 2929 2626 2991 sancti
2656 2929 3067 3010 distinguitur.
3101 2929 3205 2992 Hae
3244 2929 3483 3011 quidem
3538 2939 3675 2993 sunt
3711 2931 3964 2992 uniones
3995 2938 4057 2993 et

666 3011 1081 3076 distinctiones
1112 3015 1173 3077 in
1204 3016 1306 3078 illa
1344 3015 1631 3079 ineffabili
1662 3017 1884 3078 unione
1915 3016 2194 3079 naturali.

747 3101 981 3182 §V.Est
1022 3105 1198 3168 etiam
1235 3105 1563 3169 secundum
1583 3106 1758 3168 aliam
1789 3106 2079 3168 rationem
2110 3105 2369 3171 divinac
2473 3109 2502 3190 §

2278 3120 2369 3171 ac
2473 3109 2502 3190 δ
2535 3111 2606 3172 V.
2644 3109 2809 3170 ’Ἔστι
2841 3113 2928 3170 καὶ
2959 3112 3083 3169 κατ’
3111 3111 3270 3170 ἄλλον
3321 3114 3480 3191 λόγον
3522 3113 3632 3168 θεία
3698 3109 3984 3190 διάκρισις,
4018 3117 4050 3183 ἡ

667 3192 995 3274 distinctio,
1030 3194 1128 3256 illa
1160 3195 1265 3257 Dei
1291 3204 1529 3276 propter
1568 3195 1992 3257 abundantiam
2028 3195 2310 3258 bonitatis

667 3283 961 3346 emanatio
989 3284 1062 3346 ad
1095 3284 1452 3366 multiplices
1487 3294 1605 3349 tam
1631 3285 1947 3346 invisibilis
1971 3304 2145 3366 quam
2177 3286 2311 3348 visi-

668 3373 801 3434 bilis
829 3382 1120 3437 creaturaa
1148 3374 1589 3438 formas.Porro
1618 3375 2015 3456 providentia
2043 3375 2310 3455 benigni-

666 3471 935 3541 tatesque
959 3465 1301 3540 creationis,
1324 3465 1493 3527 trime
1524 3466 1733 3528 unitati
1765 3475 1902 3528 sunt
1929 3484 2302 3529 communes.

664 3550 750 3614 Ne
780 3553 1148 3632 itaque,cum
1180 3555 1393 3616 audies
1421 3555 1892 3636 distinctionem,
1925 3555 2306 3617 existimave-

663 3643 768 3724 ris,
787 3643 886 3704 uni
911 3662 1151 3720 quoque
1175 3643 1452 3707 Persona;
1476 3644 1651 3707 alicui
1685 3647 1930 3707 seorsim
1965 3653 2308 3725 competere

666 3731 1028 3793 creationem
1055 3733 1583 3814 providentiamvc,
1609 3734 1714 3797 sed
1745 3733 2165 3797 distinctiones
2196 3753 2301 3814 ap-

668 3820 905 3900 pellavit
945 3821 1353 3886 emanationes
1411 3823 1732 3886 creationis
1781 3843 1851 3885 ac
1898 3823 2302 3904 providentiae,

667 3921 943 3991 tanquam
977 3911 1300 3976 effusiones
1330 3913 1613 3976 bonitatis
1640 3933 1674 3975 a
1704 3913 1874 3976 beata
1905 3925 1966 3974 et
1999 3913 2308 3976 inconfusa

665 4000 952 4063 Trinitate
983 4000 1312 4084 distinctas,
1331 4002 1660 4065 secundum
1687 4021 1832 4083 quas
1861 4025 1892 4064 a
1919 4003 2300 4084 participatis,

665 4089 895 4152 scilicet
921 4090 1118 4167 donis,
1155 4101 1212 4155 et
1240 4093 1753 4172 participantibus,
1783 4093 2012 4155 scilicet
2045 4092 2299 4169 effectis,

658 4180 976 4244 laudantur
1005 4199 1074 4243 ea
1092 4200 1222 4262 quae
1251 4181 1692 4262 imparticipate
1727 4182 2303 4263 participantur.lm-

658 4269 1005 4350 participate
1035 4285 1234 4334 autem
1271 4271 1656 4354 participatur
1678 4272 1856 4347 Deus,
1890 4274 2031 4335 555
2061 4273 2162 4354 qui
2189 4292 2302 4334 na-

659 4367 788 4420 tura
812 4378 917 4421 sua
947 4361 1009 4422 in
1037 4361 1227 4423 tribus
1243 4362 1513 4426 subsistit
1533 4361 1839 4436 Personis;
1862 4363 2160 4444 siquidem
2189 4363 2301 4424 hoc

2394 3200 2479 3259 διὰ
2508 3199 2709 3269 πλῆθος
2742 3202 2974 3281 ἀγαθότη
2988 3225 3068 3265 τος
3094 3202 3316 3279 πρόοδος
3365 3204 3458 3259 τοῦ
3489 3204 3621 3258 Θεοῦ
3667 3203 3740 3266 είς
3773 3202 3880 3286 τὴν
3943 3224 4049 3260 πο-

2392 3288 2616 3347 λυειδίιν
2671 3297 2770 3358 τῆς
2818 3290 3162 3370 δημιουργίας
3219 3293 3316 3358 τῆς
3389 3291 3614 3370 ἀοράτου
3673 3292 3760 3347 καὶ
3815 3293 4044 3369 ὁρατῆς.

2394 3382 2572 3439 Κοιναὶ
2628 3379 2682 3436 δὲ
2741 3383 2838 3437 εἰσι
2889 3387 2984 3447 τῆς
3015 3381 3432 3460 τρισυποστάτου
3467 3379 3646 3443 ἐνάδος
3678 3382 3730 3436 αἱ
3778 3379 4046 3458 δημιουρ-

2391 3472 2534 3547 γικαὶ
2565 3471 2804 3549 πρόνοιαί
2846 3493 2903 3527 τε
2961 3473 3048 3528 καὶ
3079 3471 3428 3548 ἀγαθότητες.
3480 3472 3567 3538 Μὴ
3619 3477 3746 3549 γοὺν
3803 3470 4043 3549 ἀκούσῃς

2391 3558 2676 3637 δϊακρισιν,
2725 3563 2811 3618 καὶ
2843 3561 3091 3641 νομίσῃς,
3138 3561 3216 3617 ὅτι
3263 3559 3661 3641 διακέκριμένος
3695 3563 3811 3635 μία.
3871 3559 4043 3618 Ὑπό-

2391 3671 2573 3714 στασις
2633 3650 2748 3730 ἔχει
2794 3653 2893 3718 τὴν
2949 3649 3358 3729 δημιουργίανῆ
3413 3651 3513 3717 τὴν
3569 3652 3844 3730 πρόνοιαν⁶
3892 3651 4038 3707 ἀλλά

2390 3737 2679 3814 διακρίσεις
2713 3743 2867 3796 εἷπον
2901 3741 2991 3803 τὰς
3026 3738 3280 3817 προόδους
3307 3739 3401 3807 τῆς
3446 3737 3791 3818 δημιουργίας
3822 3741 3914 3797 καὶ
3947 3742 4042 3807 τῆς

2390 3829 2656 3905 προνοίας,
2691 3830 2763 3892 ὥς
2795 3851 2939 3894 τινας
3000 3830 3185 3909 χύσεις
3242 3830 3568 3907 ἀγαοότητος
3630 3828 4043 3904 διακεκριμένοις

2390 3917 2496 3973 ἀπὸ
2545 3923 2645 3983 τῆς
2676 3920 2932 3997 μακαρίας
2966 3921 3050 3976 καὶ
3080 3919 3383 4000 ἀσυγχύτου
3429 3917 3672 3997 Τριάδος,
3708 3916 3824 3975 καθ’
3855 3920 3923 3983 ἅς
3988 3918 4045 3976 ἐκ

2389 4013 2494 4062 τῶν
2521 4008 2793 4087 μετοχῶν,
2829 4007 3074 4074 δηλονότι
3107 4013 3211 4064 τῶν
3238 4005 3469 4087 δωρεῶν,
3502 4009 3591 4065 καὶ
3621 4008 3727 4065 τῶν
3772 4009 4048 4089 μετεχόν-

2387 4104 2516 4176 τῶν,
2549 4102 2656 4153 τῶν
2701 4100 2946 4156 αἰτιατῶν
2993 4096 3261 4178 δηλονότι,
3317 4101 3562 4173 ὑμνεῖται
3609 4099 3672 4154 τὰ
3732 4097 4044 4170 ὀιμεθέκτως

2387 4187 2751 4267 μετεχόμενα.
2811 4187 3188 4268 Μετεχόμενον
3219 4187 3273 4244 δὲ
3315 4188 3457 4244 ἐστιν
3485 4187 3788 4250 ἀμεθέκτως
3819 4189 3852 4256 ἡ
3899 4210 4050 4267 τρισ-

2385 4279 2678 4341 υπόστατος
2737 4278 2886 4358 φῦσίς
2944 4279 2971 4334 ὁ
3025 4279 3177 4350 Θεὸς,
3243 4280 3329 4334 καὶ
3372 4284 3524 4334 τοῦτο
3581 4277 3680 4355 γὰρ
3755 4279 3941 4334 κοινὸν
3981 4283 4048 4352 τῇ

2385 4364 2486 4442 ὅλῃ
2513 4367 2750 4441 θεότητι,
2781 4380 2842 4423 το
2873 4372 3047 4424 πᾶσαν
3078 4366 3241 4432 αὒτὴν
3313 4364 3446 4433 ὅὶην
3505 4365 3590 4446 ὑφ’
3647 4367 3874 4425 ἐκαστου
3932 4373 4037 4423 τῶν

657 4448 764 4509 toti
794 4449 1080 4511 divinitati
1111 4469 1429 4513 commune
1461 4461 1820 4525 est,omnem
1847 4453 2034 4533 ipsam
2063 4461 2244 4514 totam
2267 4473 2302 4515 a
2326 4485 2366 4535 ο
2387 4479 2430 4531 in

2268 4457 2725 4535 aopsuydvtwv
2759 4457 3106 4536 μετέχεσθαι,
3151 4457 3238 4512 καὶ
3287 4455 3381 4513 οὐκ
3431 4455 3483 4510 έν
3515 4453 3688 4532 μέρει,
3747 4457 3791 4512 εἰ
3856 4456 4041 4513 καὶτὰ

655 4537 920 4619 quolibet
976 4540 1458 4620 participantium
1520 4543 1884 4624 participari,
1939 4550 1996 4604 et
2059 4561 2177 4604 non
2235 4543 2298 4605 in

656 4636 846 4708 parte,
881 4628 1117 4691 tametsi
1149 4631 1559 4711 participantia
1609 4632 1940 4694 secundum
1998 4633 2297 4712 propriam

652 4717 990 4783 facultatem
1028 4737 1152 4780 eam
1177 4721 2074 4802 participent,quemadmodum
2106 4721 2296 4786 valida

651 4826 794 4870 voce
827 4809 1100 4881 excitata,
1139 4819 1461 4890 praesentes
1504 4829 1712 4873 omnes
1759 4829 1866 4891 pro
1891 4810 2166 4874 facultate
2195 4830 2302 4874 sua

656 4897 929 4960 eamdem
964 4899 1323 4980 percipiunt,
1351 4907 1410 4962 et
1444 4899 1554 4981 vir,
1583 4909 1640 4961 et
1667 4910 1912 4982 puer,et
1945 4900 2121 4963 bruta
2149 4922 2162 4959 ε
2198 4903 2303 4966 sed

662 4985 748 5046 illi
773 4987 1015 5064 quidem
1040 4989 1423 5070 valentius,hi
1449 5007 1588 5052 vero
1612 4991 1945 5065 remissius,
1971 4992 2300 5054 secundum

657 5075 947 5138 facultatis
977 5079 1259 5142 audiendi
1281 5081 1826 5163 efficaciam.Atque
1845 5082 2306 5145 communicabi-

655 5165 730 5228 lis
760 5175 848 5228 est
877 5185 1008 5241 vox,
1043 5179 1099 5230 et
1130 5169 1188 5230 in
1239 5189 1305 5232 se
1353 5171 1483 5248 ipsa
1535 5169 2126 5233 incommunicabilis
2175 5191 2305 5234 ma-

655 5275 830 5318 nens.
882 5255 1014 5330 Vel,
1042 5260 1211 5335 juxta
1270 5261 1540 5342 exempla
1587 5261 1912 5343 proposita,
1945 5261 2104 5323 sicut
2135 5261 2308 5324 lineas

657 5356 821 5409 recte
850 5365 885 5408 a
911 5346 1391 5411 circumferentia
1445 5359 1650 5413 centro
1697 5352 1906 5414 circuli
1950 5352 2303 5434 incidentes,

657 5435 805 5500 illud
831 5437 1062 5518 integre
1094 5437 1473 5518 participant,
1501 5449 1560 5501 et
1582 5458 1699 5502 non
1731 5459 1800 5503 ex
1831 5441 2302 5525 parte,quoniam

653 5528 1136 5608 punctum,quod
1173 5536 1232 5591 et
1255 5537 1527 5591 centrum
1561 5538 1846 5610 est,parte
1878 5541 2061 5608 caret;
2095 5547 2154 5594 et
2180 5531 2302 5594 sic-

657 5625 722 5678 ut
753 5635 823 5678 ea
855 5634 986 5698 quae
1013 5636 1294 5700 expressa
1325 5624 1463 5679 sunt
1507 5618 1765 5680 totaliter
1794 5626 1852 5680 et
1883 5638 2002 5681 non
2031 5639 2100 5682 ex
2135 5628 2306 5701 parte

653 5704 926 5785 sigillum
962 5708 1494 5791 participantﬂum
1521 5718 1717 5770 autem
1751 5708 2020 5790 exempla
2051 5710 2300 5791 profert,

2383 4545 2683 4626 μετέχοντα
2713 4547 2851 4603 κατὰ
2878 4547 2976 4613 τὴν
3025 4547 3220 4603 οἰκείαν
3251 4546 3543 4624 μετέχουσι
3574 4542 3816 4621 δύναμιν,
3855 4546 4040 4622 ὥσπερ

2381 4634 2558 4715 φωνῆς
2589 4635 2831 4714 μεγάλης
2869 4634 3162 4713 γενομένης
3197 4632 3423 4699 ἅπαντες
3476 4634 3802 4714 μετέχουσιν
3847 4636 3894 4691 οἷ
3930 4657 4038 4692 πα-

2383 4723 2561 4803 ρόντες
2602 4725 2737 4782 κατὰ
2766 4725 2865 4792 τὴν
2907 4726 3102 4782 οἰκείαν
3151 4721 3396 4799 δύναμιν,
3441 4724 3532 4780 καί
3591 4722 3744 4800 ἀνὴρ,
3781 4723 3877 4780 καὶ
3935 4725 4038 4794 νή-

2383 4837 2529 4891 πιον,
2565 4816 2651 4870 καὶ
2685 4813 2852 4892 Ξὶλογα
2888 4835 2901 4848 ο
2963 4813 3080 4872 ἀλλ’
3115 4815 3162 4871 oi
3227 4815 3326 4888 μὲν
3369 4811 3847 4893 ἐρρωμενέστερον,
3883 4817 3931 4871 οἱ
3984 4811 4037 4869 δὲ

2388 4901 2736 4981 ἀμυδρότερον
2792 4909 2921 4981 πρὸς
2951 4904 3048 4971 τὴν
3081 4908 3176 4970 τῆς
3213 4903 3530 4975 ἀκουστικῆς
3574 4901 3872 4981 ἐνέργειαν,
3933 4900 4037 4964 Καὶ

2387 4991 2498 5050 ἔστι
2528 4993 2814 5068 μεθεκτικη
2845 4995 2879 5062 ἡ
2911 4995 3088 5072 φωνὴ,
3113 4990 3194 5071 ἐφ’
3227 4993 3420 5058 ἑαυτῆς
3450 4991 3743 5068 ἀμέθεκτος
3776 4993 4036 5066 μένουσα.

2389 5081 2500 5162 ’Ἥ,
2532 5083 2666 5139 κατὰ
2696 5085 2759 5143 τὰ
2802 5083 3124 5153 ὑποκείμενα
3193 5079 3615 5159 παραδείγματα,
3677 5082 3858 5160 ὥσπερ
3910 5083 4036 5140 κέν-

2389 5194 2512 5250 τρου
2563 5171 2754 5229 κύκλου
2813 5174 2862 5228 αἱ
2920 5173 3026 5229 ἀπὸ
3080 5171 3178 5240 τῆς
3239 5171 3568 5251 περιφερείας
3609 5171 4038 5245 προσπίπτουσαι

2390 5264 2585 5320 sitiam
2616 5263 2744 5339 πρὸς
2774 5268 2931 5320 τοῦτο
2958 5261 3155 5325 ὁλικῶς
3186 5260 3503 5340 μετέχουσι,
3551 5261 3640 5317 καὶ
3683 5260 3780 5318 οὒκ
3834 5259 3888 5316 ἐν
3935 5261 4039 5336 με·

2389 5368 2486 5431 ρει*
2522 5351 2716 5430 ἀμερὲς
2745 5353 2844 5430 γὰρ
2873 5354 2934 5409 τὸ
2965 5365 3219 5430 σημεῖον,
3252 5352 3280 5406 ὃ
3336 5348 3401 5418 δὴ
3433 5351 3521 5406 καὶ
3548 5351 3610 5407 τὸ
3641 5349 3856 5428 κέντρον
3903 5349 4035 5407 ἐστί·

2389 5443 2474 5500 καὶ
2505 5441 2683 5519 ὥσπερ
2711 5440 2776 5497 ταὶ
2807 5441 3192 5515 ἐκντυπώματα
3223 5438 3442 5514 ὂλικῶς,
3499 5441 3584 5496 καὶ
3627 5439 3722 5497 οὒκ
3778 5439 3832 5496 ἐν
3886 5438 4038 5516 μέρει

2387 5534 2485 5598 τῆς
2517 5530 2806 5612 σφραγῖδος
2847 5531 3190 5612 μετέχουσιν,
3232 5531 3403 5588 Εἰπὼν
3449 5527 3502 5586 δὲ
3541 5530 3606 5586 τὰ
3636 5528 4036 5608 παραδείγματα

2384 5620 2769 5698 ὑπερκειμένην
2833 5619 3060 5677 δείκνυσι
3122 5622 3252 5696 πρὸς
3297 5625 3464 5677 ταῦτα
3506 5619 3607 5687 τὴν
3653 5623 3751 5686 τῆς
3781 5619 4035 5685 θεότητος

2387 5709 2660 5788 ἀμεθεξίαν
2683 5728 2714 5764 .'
2748 5709 2881 5768 διότι
2940 5711 3058 5769 οὔτε
3103 5709 3282 5790 ἐπαφὴ
3328 5712 3491 5776 αὖτῆς
3523 5708 3686 5784 ἐστιν,
3720 5711 3790 5772 ὡς
3823 5709 3907 5766 ἐπὶ
3941 5713 4034 5764 τοῦ
