4490 6164
312 410 431 481 669
816 414 915 479 DE
960 415 1256 480 DIVINlS
1298 413 1751 495 NOMINIBUS,
1799 413 1962 479 CAP.
2010 415 2089 479 II.
2137 449 2215 467 --
2256 420 2617 485 ΡΑΒΑΡΗΒ
2653 468 2670 503 ,
2715 422 3205 489 ΡΑΟΗΥΜΕΡιίΕ
3572 418 3693 485 670

309 554 535 630 σημείου
568 552 684 610 οὔτε
718 550 857 620 ἄλλη
890 576 970 618 τις
1001 554 1275 632 συμμιγὴς
1308 555 1550 611 κοινωνία
1583 555 1711 633 πρὸς
1742 556 1806 611 τὰ
1837 559 2019 630 μετ-Α

1981 559 2021 610 Α
2044 551 2307 627 declarat
2337 554 2663 621 divinitatis
2692 558 3362 643 imparticipabilitatem
3396 560 3523 624 haec
3553 557 3686 642 ipsa

303 647 528 727 έχοντα,
562 649 636 709 ὡς
680 645 793 702 ἔστι
845 646 943 713 τῆς
1002 644 1313 725 σφραγῖδος·
1377 647 1497 703 κατ’
1558 648 1733 704 ὠσίαν
1780 649 1876 726 γὰρ
1919 649 1954 713 ἡ

301 738 495 805 θεότης
527 738 586 792 οὗ
619 736 932 816 μετέχεται,
968 738 1251 812 μεθεκτικὴ
1299 734 1353 793 δέ
1399 739 1539 794 ἐστιν
1585 740 1639 793 ἒν
1670 742 1747 810 τῷ
1772 736 1827 803 ἒξ
1856 739 1953 794 αῦ-

300 833 402 894 τῆς
435 826 577 883 εἶναι
609 826 676 883 τὰ
718 834 913 905 πάντα,
965 827 1050 882 καὶ
1105 824 1194 882 ὑπ’
1239 826 1402 894 αὒτῆς
1446 826 1757 907 συνέχεσθαι
1790 828 1862 891 εἷς
1892 829 1952 884 τὸ

303 916 473 978 εἶναι,

381 1186 411 1267 §
437 1185 534 1251 VI.
560 1187 738 1246 Καίτοι
762 1187 891 1268 φαίη
914 1210 1018 1257 τις,
1040 1189 1111 1252 ὡς
1135 1187 1229 1245 οὐκ
1252 1186 1392 1244 ’ἐστιν
1420 1189 1454 1256 ἡ
1488 1190 1706 1267 σφραγὶς
1728 1191 1782 1246 εν
1807 1188 1951 1252 ὅλοις

297 1293 419 1345 τοῖς
451 1277 752 1355 ἐκμαγείοις
786 1280 817 1344 ἡ
851 1279 1006 1348 αὒτή’
1041 1285 1142 1335 ποῦ
1190 1277 1290 1352 μὲν
1321 1280 1419 1355 γὰρ
1452 1276 1678 1354 ἀκριϐῶς
1712 1275 1951 1359 ἐγκεχα-

299 1389 516 1446 ρακται,
550 1374 652 1424 ποῦ
682 1366 735 1423 δὲ
769 1367 1015 1446 μετρίως·
1051 1370 1137 1423 καὶ
1171 1365 1317 1445 λέγει
1348 1367 1485 1425 λύων
1518 1371 1545 1424 ὁ
1609 1367 1837 1446 ⁹¹Αγιος,
1873 1369 1951 1425 ὅτι

299 1465 459 1515 τοῦτο
516 1455 720 1532 μᾶλλόν
751 1456 861 1513 ἔστι
893 1460 1254 1534 παρατατικὸν
1296 1464 1401 1514 τῶν
1445 1456 1771 1535 λεγομένων,
1805 1457 1885 1515 ὅτι
1917 1462 1952 1530 ἦ

301 1548 402 1625 μὲν
461 1547 680 1626 σφραγὶς
721 1549 755 1613 ἡ
787 1548 921 1618 αὐτή
954 1547 1117 1603 ἐστιν*
1170 1549 1205 1616 ἡ
1237 1545 1291 1604 δὲ
1322 1554 1429 1604 τῶν
1461 1549 1800 1627 μετεχόντων
1831 1547 1951 1605 δια-

465 1636 690 1710 ἀνόμοια
722 1649 870 1692 ποιεῖ
899 1650 1047 1692 ποιεῖ
1075 1636 1139 1691 τὰ
1172 1636 1527 1709 ἐκτυπιύματα
1548 1641 1644 1703 τῆς
1680 1639 1837 1703 αὑτῆς
1868 1633 1955 1694 καὶ

298 1731 430 1801 μιᾶς
462 1725 806 1805 ἀρχετυπίας”
845 1726 967 1782 οἷον
1021 1727 1064 1781 εἰ
1121 1724 1289 1800 ἀπλᾶ,
1323 1728 1411 1782 καὶ
1468 1726 1764 1800 εὒτύπωτα,
1799 1727 1833 1795 ἣ
1867 1729 1955 1784 καὶ

2037 662 2322 724 superare
2355 648 2630 728 quoniam
2667 668 2863 729 neque
2901 659 3086 714 tactus
3132 655 3262 733 ejus
3292 657 3409 734 est,
3443 651 3597 713 sicut
3621 650 3683 711 in

2037 747 2254 815 puncto
2288 756 2482 818 neque
2512 739 2629 801 alia
2676 740 2895 820 qumvis
2946 743 3118 805 mista
3166 742 3506 806 communio
3537 758 3671 803 cum

2037 826 2520 907 participante,ut
2540 830 2597 890 in
2628 830 2847 909 sigillo;
2872 849 3007 893 nam
3039 832 3320 896 divinitas
3347 831 3680 896 secundum

2036 913 2420 978 substantiam
2460 937 2576 979 non
2614 920 3022 1001 participatur,
3038 922 3144 984 sed
3173 930 3263 984 est
3294 921 3679 1003 participans,

2036 1004 2096 1065 in
2126 1011 2417 1083 quantum
2447 1025 2512 1070 ex
2548 1010 2996 1091 ea'suntomnia
3016 1020 3074 1074 et
3095 1011 3167 1074 ab
3189 1012 3314 1094 ipsa
3335 1012 3399 1075 in
3424 1030 3531 1073 suo
3549 1027 3681 1073 esse

2037 1095 2446 1161 continentur.

2115 1184 2531 1265 §VI.Atdicet
2550 1189 2790 1270 aliquis,
2830 1191 3086 1272 sigillum
3116 1191 3334 1255 intotis
3375 1193 3683 1275 expressis

2036 1274 2242 1354 ﬁguris
2272 1296 2389 1339 non
2416 1296 2548 1341 esse
2567 1280 3125 1363 idem;quandoque
3153 1282 3312 1344 enim
3347 1274 3551 1347 exacte
3575 1302 3684 1347 ex-

2038 1376 2450 1454 pressumﬂest,
2475 1369 2839 1447 quandoque
2867 1389 3006 1433 vero
3040 1372 3441 1448 mediocriter;
3485 1373 3687 1454 aitque

2036 1462 2277 1517 sanctus
2306 1453 2484 1518 Pater
2515 1457 2573 1519 id
2619 1458 2877 1536 solvens,
2924 1459 3108 1540 magis
3140 1478 3209 1523 ea
3236 1480 3369 1542 quae
3397 1453 3686 1525 dicuntur

2037 1545 2416 1622 conﬁrmare;
2450 1547 2731 1627 quoniam
2766 1548 3024 1629 sigillum
3056 1550 3216 1613 idem
3240 1551 3466 1628 est,sed
3492 1551 3683 1615 diver.

2036 1631 2183 1694 sitas
2215 1635 2807 1711 communicantium,
2844 1640 3020 1701 unius
3048 1659 3117 1702 ac
3147 1641 3418 1719 ejusdem
3471 1643 3683 1721 primi-

2039 1721 2169 1785 tivaa
2197 1724 2759 1797 fornue,dissimiles
2788 1728 2984 1791 reddit
3007 1730 3233 1809 efﬁgies
3261 1752 3274 1794 :
3295 1740 3362 1794 ut
3386 1731 3436 1792 si
3458 1731 3684 1812 simpli-

298 1816 421 1872 λεῖν
452 1817 537 1873 καὶ
571 1814 850 1895 ἀχαρακτα
906 1816 1012 1871 ἀπὸ
1044 1813 1221 1871 ἄλλων
1266 1816 1738 1894 προηγησαμὲνωο
1770 1840 1951 1898 χαρα-
1978 1844 2013 1895 Β

1978 1844 2013 1895 Β
2036 1815 2122 1872 cia
2155 1816 2511 1888 formamque
2528 1819 2735 1886 facilia,
2759 1821 2846 1879 vel
2863 1825 3029 1879 etiam
3047 1823 3263 1889 mollia,
3290 1822 3683 1896 aliisqueﬂgu-

296 1905 536 1983 κτήρων,
569 1906 657 1960 καὶ
688 1906 824 1978 μήτε
862 1903 1068 1983 σκληρᾶ
1097 1907 1183 1961 καὶ
1213 1905 1489 1981 ἀντίτυπα,
1525 1908 1599 1969 ὡς
1642 1906 1950 1973 κατεσκλη-

2038 1904 2121 1966 ris
2150 1923 2219 1965 ac
2250 1905 2457 1968 formis
2486 1915 2772 1990 carentia,
2805 1930 2937 1992 qum
2987 1931 3181 1994 neque
3210 1913 3361 1975 dura
3388 1914 3529 1995 sint,
3566 1934 3677 1977 ne-

298 1996 410 2059 γ.ὼς
442 1996 628 2074 κηρὸς,
679 1996 815 2069 μήτε
859 1994 1019 2051 πάλιν
1070 1993 1377 2075 εὐδιάλυτα,
1424 1997 1497 2059 ὡς
1542 1997 1950 2073 κατατετηγμέ-

2037 2014 2151 2075 que
2181 1995 2557 2073 reluctantia,
2593 2007 2656 2061 ut
2687 2000 2981 2064 exsiccata
3012 1993 3170 2083 cera;
3226 2023 3421 2084 neque
3464 1993 3679 2067 iterum

296 2107 387 2149 νος
420 2090 488 2161 τῇ
516 2083 707 2163 θέρμῃ,
751 2085 977 2159 καθαρὸν
1026 2084 1125 2148 ἕξει
1178 2088 1266 2141 τὸν
1315 2086 1500 2143 τύπον·
1537 2087 1579 2142 εἷ
1610 2085 1663 2143 δέ
1692 2109 1742 2142 τι
1774 2085 1950 2143 ἐλλεί-

299 2195 413 2247 πει,
459 2180 614 2230 τοῦτο
648 2171 821 2230 αἴτιον
852 2174 887 2241 ἢ
921 2180 1008 2229 τοῦ
1040 2173 1296 2255 ἀσαφοῦς,
1330 2176 1365 2244 ἢ
1397 2185 1489 2235 τοῦ
1534 2176 1950 2253 παρακεκομμέ-

300 2286 417 2340 νου,
454 2263 488 2331 ἦ
521 2286 669 2326 τινος
701 2262 889 2343 ἄλλου,
923 2262 1022 2321 ὅσα
1053 2262 1414 2339 ὲπισυμϐαίνει
1442 2263 1525 2322 διὰ
1555 2267 1650 2333 τὴν
1681 2271 1786 2322 τῶν
1819 2289 1947 2338 μετο

302 2353 545 2434 εχόντων
616 2352 1118 2421 ἀνεπιτηδειότητα,
1181 2356 1378 2411 Σκόπει
1428 2356 1514 2412 καὶ
1574 2354 1754 2431 ἑτέραν
1812 2358 1951 2412 θείαν

291 2439 559 2521 διάκρισιν
610 2444 708 2510 τὴν
749 2447 846 2510 τῆς
905 2442 1352 2521 ἐνανθρωπήσεως
1406 2450 1499 2501 τοῦ
1547 2444 1739 2521 Λόγου,
1774 2446 1860 2501 καὶ
1890 2446 1951 2500 τὸ

298 2532 489 2603 δρᾶσαι
549 2534 637 2589 καὶ
695 2536 908 2607 παθεῖν,
943 2533 1040 2589 ὅσα
1089 2535 1163 2597 ὡς
1222 2531 1491 2612 ἄνθρωπος
1520 2535 1608 2589 καί
1638 2531 1820 2610 ἔδρασε
1863 2536 1950 2590 καὶ

295 2622 458 2679 ἔπαθε
516 2624 793 2696 θαυμαστα
850 2623 936 2679 καὶ
995 2620 1285 2700 παράδοξα’
1337 2625 1536 2687 τούτοις
1581 2624 1680 2700 γάρ
1711 2625 1737 2678 ὁ
1768 2625 1950 2700 Πατὴρ

296 2713 386 2770 καὶ
421 2714 486 2770 τὸΔ
522 2717 733 2786 Πνεῦμα
766 2714 1218 2781 κεκοινωνήκασιν
1271 2714 1315 2769 εἰ
1364 2713 1443 2786 μὴ
1505 2734 1585 2776 τις
1637 2712 1782 2769 εἴποι
1814 2714 1952 2768 κατά

295 2805 394 2871 τὴν
426 2800 796 2881 φιλάνθρωπον
839 2800 1075 2860 εὖδοκίαν
1130 2804 1217 2858 καὶ
1259 2802 1538 2880 βούλησιν,
1582 2804 1670 2860 καὶ
1729 2802 1862 2859 κατὰ
1892 2803 1951 2858 τὸ

294 2891 701 2969 συνεργάζεσθαι
752 2895 826 2966 τῷ
856 2891 962 2965 Υίῷ
997 2892 1090 2957 τὰς
1116 2894 1460 2969 θεοσημείας,
1498 2892 1650 2952 Οὕτω
1705 2893 1829 2970 γοῦν
1859 2895 1946 2949 καὶ

290 2984 461 3056 ἡμεῖς
515 2983 688 3045 καθὼς
738 2982 803 3038 τὰ
858 2986 976 3039 θεῖα
1036 2981 1250 3061 ἔχουσιν
1311 2983 1561 3050 ἀληθείας
1597 2983 1683 3039 καὶ
1714 2984 1942 3062 φύσεως,

291 3073 383 3130 καὶ
413 3070 561 3129 ἑνοῦν
591 3078 666 3147 τῷ
695 3071 841 3151 λόγῳ
871 3073 957 3130 καὶ
988 3071 1270 3151 διακρίνειν
1301 3071 1620 3148 σπεύδομεν.

375 3340 406 3421 §
442 3338 570 3402 VII.
602 3339 771 3399 Ἀλλᾶ
823 3342 1019 3399 τούτων
1056 3342 1153 3418 μὲν
1185 3350 1292 3400 τῶν
1323 3343 1562 3398 ἐνώσεων
1607 3342 1692 3397 καὶ
1745 3339 1949 3412 διακρί-

293 3452 432 3488 σεων
478 3429 606 3492 ὅσας
641 3433 806 3494 αἰτίας
838 3435 1154 3510 θεοπρεπεῖς
1202 3432 1253 3488 ἐν
1310 3445 1432 3496 ταῖς
1484 3435 1652 3508 ἱεραῖς
1711 3438 1948 3508 Γραφαῖς

292 3523 625 3600 εῦρήκαμεν,
668 3520 720 3576 ἐν
772 3519 955 3585 ἄλλοις
1008 3520 1109 3595 ἰδίᾳ
1165 3523 1281 3597 περὶ
1338 3522 1567 3585 ἑκάστης
1615 3517 1949 3596 διελάϐομεν,

297 3612 365 3667 τὰ
411 3611 512 3684 μὲν
567 3610 976 3692 ἀναπτύξαντες,
1033 3619 1153 3669 νοῦν
1201 3611 1468 3667 ἀθόλωτον
1512 3610 1949 3687 προσαγαγόντες

290 3714 409 3765 τοῖς
469 3712 659 3779 φανοῖς
711 3714 1003 3780 γραφικοῖς
1061 3702 1339 3776 θεάμασιν,
1406 3699 1566 3779 (οὕτω
1616 3702 1715 3778 γάρ
1757 3700 1784 3754 ὁ
1814 3698 1949 3776 ἱερὸς

292 3789 616 3847 ἀναπτύσσει
664 3793 752 3846 καὶ
802 3785 1079 3869 ἑρμηνεύει
1139 3788 1313 3869 νοῦς’)
1371 3803 1487 3854 τοῖς
1539 3787 1618 3867 δὲ,
1653 3790 1726 3852 ὡς
1758 3810 1950 3863 μυστι-

292 3879 419 3943 κοῖς
480 3879 568 3935 καὶ
611 3880 740 3957 ὓπερ
794 3880 975 3958 νοεράν
1024 3879 1315 3957 ἐνέργειαν,
1356 3878 1657 3955 ἒνωθὲντες,
1705 3875 1952 3945 δηλονότι

290 3975 424 4048 σιγῇ
469 3971 558 4025 καὶ
614 3968 956 4046 ἀκαταληψίᾳ
1005 3972 1333 4044 τιμήσαντες
1369 3974 1463 4028 οὐκ
1491 3968 1667 4033 α’λλως
1699 3969 1799 4047 γάρ
1831 3981 1949 4034 τοῖς

291 4059 552 4124 τοιούτοις
607 4057 883 4116 ἐπιϐάλλει
941 4062 967 4116 ὁ
1011 4062 1150 4137 ἱερὸς
1213 4067 1331 4124 νοῦς
1382 4060 1416 4129 ἢ
1461 4061 1597 4116 κατὰ
1650 4059 1946 4115 ἀπύπαυσιν

294 4150 475 4214 πάσης
506 4150 768 4219 κινήσεως
802 4152 1056 4218 νοητικῆς
1111 4155 1215 4206 τῶν
1267 4149 1436 4206 ὄντων
1468 4156 1624 4204 τοῦτο
1654 4149 1754 4227 γάρ
1785 4146 1946 4214 δηλοῖ

290 4241 352 4296 τὸ
384 4238 517 4317 ὑπὲρ
571 4240 750 4313 νοερὰν
807 4238 1094 4319 ἐνέργειαν,
1150 4240 1420 4296 τουτέστιν
1479 4237 1602 4295 ὅταν
1633 4245 1709 4311 τῷ
1740 4237 1945 4293 ἀκατα-

291 4327 487 4401 λήπτῳ
515 4335 607 4386 τοῦ
638 4336 769 4387 Θεοῦ
798 4332 1053 4387 πάντοθεν
1111 4328 1429 4409 περισχεθῇ,
1491 4329 1608 4384 τότε
1661 4325 1947 4401 καταλαμ-

288 4416 437 4473 ϐάνει
495 4418 675 4482 ποσῶς
722 4420 778 4476 τὸ
833 4420 1178 4494 ζητούμενον.
1220 4420 1399 4474 Πάντα
1430 4417 1529 4495 γὰρ
1562 4418 1626 4472 τΞι
1658 4420 1779 4473 θεῖα
1825 4416 1948 4473 did-

290 4531 458 4587 ματα,
494 4507 582 4564 καὶ
615 4508 710 4565 ὅσα
764 4511 898 4583 ἡμῖν
945 4510 1337 4589 πεφανέρωται,
1370 4521 1491 4570 ταῖς
1527 4518 1792 4585 μετοχαῖς
1840 4506 1943 4579 μό-
1976 4545 2019 4595 D

289 4620 405 4662 ναις
456 4597 835 4676 γινώσκονται,
884 4598 999 4655 καθ’
1059 4598 1121 4662 ἃς
1181 4598 1487 4677 μετέχομεν
1545 4596 1753 4674 cipit-{06¢
1786 4595 1949 4668 ἧμεῖς

285 4695 377 4745 τοῦ
410 4685 565 4743 Θεοῦ·
600 4689 658 4743 εκ
688 4688 786 4767 γὰρ
817 4691 920 4744 τῶν
970 4693 1221 4768 μετοχῶν
1276 4694 1376 4743 τῶν
1430 4687 1529 4742 ὕπὸ
1562 4691 1648 4741 τοῦ
1678 4692 1809 4741 Θεοῦ
1838 4684 1947 4741 δω-

288 4776 562 4857 ρουμένων
591 4779 726 4852 ἡμῖν
782 4780 869 4835 καὶ
928 4778 1022 4844 τὰς
1075 4779 1193 4856 περὶ
1247 4776 1379 4834 Θεοῦ
1431 4775 1716 4850 ὀνομασίας
1753 4775 1945 4832 ποιού-

289 4871 448 4942 μεθα,
485 4865 624 4924 Αἵ)τᾶ
656 4866 710 4923 δὲ
739 4867 803 4924 τὰ
830 4869 950 4924 θεῖα
981 4869 1146 4924 ὁποῖά
1190 4866 1320 4924 ποτέ
1384 4866 1496 4923 ἐστι
1546 4865 1682 4920 κατὰ
1735 4863 1834 4931 τὴι
1865 4865 1946 4919 0i-

289 4958 435 5015 ιτείαν
465 4956 642 5039 φύσιν,
674 4959 802 5036 δπύρ
835 4965 953 5015 νοῦν
1000 4957 1094 5014 καί
1148 4964 1323 5015 πᾶσαν
1382 4956 1559 5013 οὗσέαν
1605 4954 1764 5009 ἐστίν’
1827 4954 1948 5010 οἷον

288 5048 331 5103 εἰ
363 5047 463 5114 την
498 5047 805 5124 ὑπερούσιον
862 5048 1212 5126 κρυφιότητα,
1261 5048 1350 5105 τὸν
1403 5046 1556 5117 Θεὸν,
1618 5043 1945 5116 ὀνομάζομεν

288 5136 325 5204 ἢ
371 5137 528 5209 Θεὸν,
562 5135 599 5204 ἢ
645 5139 809 5217 ζωὴν,
846 5138 881 5207 ἢ
918 5137 1104 5216 τᾶλλα,
1142 5136 1287 5195 οὒὸὲν
1318 5136 1493 5213 ἕτερον
1538 5140 1756 5207 νοοῦμεν
1787 5132 1821 5201 ἢ
1851 5134 1943 5194 τὰς

288 5226 361 5290 εἰς
409 5226 556 5299 ἡμᾶς
610 5225 1004 5305 ἆγαθοπρεπεῖς
1056 5226 1324 5302 δυνάμεις,
1361 5227 1475 5285 καθ’
1510 5229 1573 5291 ἃς
1605 5228 1942 5304 ἐκθεούμεθα,

288 5315 324 5383 ἢ
355 5316 819 5390 οὗσιοποιούμεθα,
920 5317 1339 5393 ζωοποιούμεθλ,
1396 5320 1487 5374 καὶ
1543 5317 1716 5375 τᾶλλα
1758 5319 1944 5392 ὅμοιοι

289 5405 528 5484 τρόπως.
609 5405 749 5472 Αῦτὴ
797 5404 852 5463 δὲ
904 5406 940 5474 ἠ
1004 5406 1115 5463 θεία
1172 5406 1519 5487 ὑπερύπαρξις
1572 5408 1708 5464 οὕτω
1765 5406 1943 5469 ποσῶς

288 5495 683 5573 ὑμνηθήσεται,
741 5492 864 5551 ὅταν
931 5496 1108 5563 πάσης
1172 5498 1432 5574 ἐνεργείας
1511 5496 1943 5574 δραστικωτάτης

288 5585 375 5641 καὶ
408 5590 594 5661 νοερᾶς
644 5583 990 5659 ἀπολυθεῖσα,
1036 5586 1236 5643 τούτων
1288 5588 1443 5658 ἡμῶν
1477 5585 1550 5642 ’ἕν
1598 5592 1662 5662 τῇ
1690 5591 1781 5643 τοῦ
1812 5586 1946 5657 ἡμε-

283 5673 439 5750 τέρου
495 5680 585 5730 νοῦ
641 5670 935 5749 ἀδιακρισίᾳ
988 5673 1193 5741 δέξηται
1257 5676 1395 5748 ἡμᾶς
1448 5674 1533 5731 διὰ
1585 5680 1741 5752 σιγῆς
1796 5674 1947 5750 αγίας

286 5761 680 5824 ἆπιϐάλλοντας
711 5764 837 5823 ταῖς
867 5765 1070 5821 ὶκεῖθεν
1106 5763 1457 5842 ἐκφοιτῶσαις
1499 5762 1745 5845 δωρεαῖς·
1793 5765 1949 5820 τοῦτο

2035 2084 2210 2160 fluxa,
2249 2097 2315 2146 ut
2346 2104 2481 2149 cera
2505 2107 2624 2169 prae
2645 2090 2843 2152 calore
2872 2090 3212 2171 liquefacta,
3250 2092 3494 2156 nitidam
3534 2094 3683 2173 figu-

2034 2192 2158 2235 ram
2208 2174 2482 2239 habitura
2534 2187 2693 2260 sunt;
2746 2180 2835 2240 sin
2884 2189 3078 2243 autem
3134 2182 3360 2259 aliquid
3400 2182 3676 2254 defuerit,

2033 2264 2147 2326 hoc
2182 2284 2364 2328 causa
2395 2268 2507 2329 erit
2537 2269 2627 2330 vel
2676 2270 3082 2345 obscuritatis,
3132 2271 3221 2333 vel
3256 2272 3549 2353 falsitatis,
3588 2274 3679 2335 vel

2034 2352 2279 2416 alterius
2310 2356 2736 2438 defectus,quae
2760 2368 3001 2440 propter
3031 2361 3500 2440 ineptituilinem
3538 2352 3678 2442 par-

2035 2447 2407 2526 ticipantium
2460 2450 2757 2510 accidunt.
2810 2451 3073 2514 Observa
3104 2453 3283 2515 etiam
3314 2454 3488 2516 aliam
3524 2454 3681 2517 (Ιίνί-

2036 2553 2172 2596 nam
2200 2535 2649 2600 distinctionem
2686 2540 2865 2601 Verbi
2896 2541 3187 2603 incarnati
3221 2550 3337 2605 tam
3370 2546 3427 2604 in
3448 2543 3679 2622 agendo

2034 2643 2206 2704 quam
2260 2626 2537 2706 patiendo
2570 2628 2861 2691 mirabilia
2889 2640 2946 2691 et
2995 2629 3391 2710 obstupenda,
3426 2648 3578 2711 quae,
3617 2631 3678 2692 in

2035 2728 2317 2794 quantum
2342 2716 2545 2791 homo,
2581 2725 2639 2777 et
2670 2718 2789 2797 egit
2817 2728 2876 2782 et
2902 2719 3166 2800 pertulit;
3193 2721 3285 2782 his
3316 2719 3474 2783 enim
3498 2730 3556 2783 et
3573 2723 3681 2783 Pa-

2037 2812 2127 2865 ter
2154 2812 2211 2864 et
2232 2806 2487 2884 Spiritus
2514 2825 2629 2868 non
2661 2810 3201 2887 communicarunt,
3226 2811 3337 2870 nisi
3366 2809 3516 2871 forte
3540 2810 3678 2892 quis

2030 2892 2263 2967 dixerit,
2297 2895 2624 2957 secundum
2653 2896 2971 2977 benignum
3008 2898 3448 2978 beneplacitum
3480 2918 3549 2961 ac
3575 2918 3679 2962 v0-

2030 2983 2343 3059 luntatem,
2397 2994 2455 3046 et
2501 2986 2563 3048 in
2617 2985 2832 3047 divinis
2876 2987 3063 3067 signis
3093 2989 3241 3050 Filio
3272 2989 3677 3070 cooperando.

2030 3075 2154 3137 Nos
2188 3073 2387 3152 itaque
2416 3075 2693 3139 similiter
2723 3094 2821 3139 res
2850 3077 3084 3141 divinas
3110 3096 3391 3141 sermone
3411 3080 3676 3171 conjun-

1965 3209 2008 3262 ο
2032 3181 2173 3243 gere
2200 3164 2685 3262 distinguereque
2716 3167 3057 3262 satagimus,
3096 3178 3270 3248 prout
3313 3187 3449 3231 vere
3479 3187 3548 3231 ac
3579 3164 3683 3231 n'a-

2034 3264 2166 3315 tura
2196 3271 2301 3314 sua
2327 3256 2507 3317 unitas
2536 3265 2673 3317 sunt
2701 3275 2769 3318 ac
2801 3257 3119 3321 dictinctae.

2114 3343 2254 3403 556
2282 3344 2311 3423 ς
2343 3343 2467 3408 VII.
2516 3344 2635 3408 Sed
2669 3346 2875 3409 harum
2910 3349 3195 3409 unionum
3229 3366 3298 3409 ac
3334 3346 3674 3410 distinctio-

2036 3451 2175 3493 num
2208 3452 2595 3514 quascunque
2654 3434 2713 3495 in
2753 3438 2938 3497 sacris
2971 3435 3206 3498 Litteris
3260 3436 3523 3498 ratioues
3555 3435 3674 3499 Deo

2036 3532 2467 3585 consentaneas
2514 3525 2873 3605 reperimus,
2903 3525 3046 3588 alibi
3077 3544 3346 3588 seorsum
3382 3526 3672 3606 explicui-

2040 3628 2192 3686 mus,
2230 3614 2444 3692 partim
2493 3614 2739 3691 quidem
2776 3632 2875 3676 eas
2907 3615 3301 3695 enucleando,
3337 3635 3405 3678 ac
3460 3634 3673 3696 purum

2032 3701 2548 3784 tranquillumque
2575 3705 2836 3766 animum
2871 3723 3156 3787 perquam
3178 3704 3391 3768 lucidis
3414 3704 3683 3785 Scriptus

2032 3808 2231 3852 rarum
2252 3792 2858 3868 contemplationibus
2886 3793 3256 3857 admovendo
3272 3794 3382 3873 (sic
3397 3795 3555 3859 enim
3574 3814 3683 3857 eas

2034 3898 2205 3941 mens
2234 3900 2403 3943 sacra
2440 3882 2693 3963 explicat
2724 3892 2785 3947 et
2815 3883 3499 3966 interpretatur),partim
3538 3903 3677 3947 vero

2034 3989 2143 4031 ceu
2176 3972 2644 4053 mysticis,supra
2670 3973 2886 4035 mentis
2907 3975 3083 4037 etiam
3110 3975 3521 4054 operationem
3553 3976 3682 4035 uni-

2036 4061 2099 4140 ti,
2125 4060 2367 4123 silentio
2397 4063 2628 4124 scilicet
2659 4071 2716 4124 et
2745 4063 3335 4143 incomprehensibili
3369 4063 3544 4124 modo
3572 4065 3681 4125 ho-

2032 4167 2238 4211 norem
2273 4151 2654 4214 exhibentes.
2680 4154 2850 4214 Mens
2880 4154 3038 4213 enim
3075 4171 3244 4214 sacra
3274 4172 3390 4214 non
3411 4153 3585 4215 aliter
3603 4153 3676 4215 iis

2030 4238 2286 4301 intendit
2316 4259 2489 4320 quam
2528 4260 2632 4321 per
2652 4259 2891 4302 omnem
2918 4241 3315 4305 cessationem
3354 4243 3678 4323 motus,qui

2031 4328 2104 4388 ad
2148 4329 2561 4407 intelligendas
2591 4348 2687 4391 res
2719 4329 2884 4403 facit;
2918 4333 3033 4394 hoc
3088 4330 3247 4392 enim
3282 4331 3548 4394 declarat
3600 4332 3678 4393 il-

2033 4418 2130 4480 lud
2164 4419 2322 4500 quod
2354 4420 2523 4497 dixit,
2548 4439 2739 4501 supra
2762 4423 2978 4483 mentis
3022 4424 3461 4503 operationem,
3494 4421 3554 4483 id
3585 4432 3680 4487 est

2037 4510 2271 4589 quando
2306 4511 2568 4591 undique
2611 4511 2714 4573 Dei
2762 4510 3484 4590 incomprehensibilitate
3516 4531 3677 4574 com-

2038 4599 2452 4680 prehenditur,
2479 4609 2620 4661 tunc
2645 4601 2981 4682 assequitur
3000 4599 3158 4681 quod
3180 4600 3502 4681 quaerebat.
3527 4600 3674 4664 Nam

2032 4706 2124 4749 om
2136 4688 2229 4748 nia
2245 4688 2441 4751 divina
2468 4689 2801 4764 nomina,et
2821 4708 3188 4771 quaecunque
3204 4690 3677 4772 nobisapparue-

2029 4786 2190 4857 runt,
2210 4778 2350 4840 solis
2385 4778 2938 4858 participationihus
2962 4789 3423 4858 cognoscuntur,
3452 4798 3671 4842 secun-

2029 4865 2169 4927 dum
2195 4887 2343 4948 quas
2362 4869 2440 4930 im
2453 4868 2735 4949 permiste
2761 4868 2945 4931 Deum
2969 4867 3412 4950 participamus;
3448 4886 3581 4931 nam
3606 4891 3674 4932 ex

2032 4956 2582 5038 participationibus
2611 4977 2794 5039 quzea
2828 4961 2948 5022 Deo
2992 4957 3163 5020 nobis
3211 4958 3531 5041 donantur,
3570 4962 3675 5025 Dei

2032 5063 2271 5126 quoque
2296 5049 2537 5109 nomina
2559 5048 3003 5128 componimus.
3035 5048 3219 5110 Porro
3248 5048 3453 5130 quales
3495 5050 3675 5133 ipsae-

2030 5144 2150 5196 met
2184 5155 2282 5197 res
2316 5138 2529 5199 divina;
2552 5138 2672 5199 sint
2697 5139 3029 5200 secundum
3058 5149 3323 5200 naturam
3357 5159 3679 5216 suam,0m-

2014 5242 2163 5285 nem
2190 5235 2449 5288 mentem
2474 5235 2533 5287 et
2556 5227 2875 5289 essentiam
2912 5228 3171 5306 excedit;
3215 5230 3372 5292 velut
3414 5249 3549 5292 cum
3572 5250 3673 5293 ar-

2028 5332 2242 5376 canum
2268 5314 2410 5376 illud
2431 5317 3375 5399 superessentiale,Deum,Deum
3405 5320 3675 5381 nomina-

2030 5422 2182 5478 mus,
2219 5403 2307 5466 vel
2339 5404 2539 5475 vitam,
2576 5406 2665 5467 vel
2697 5406 2838 5486 alia,
2870 5406 3020 5468 nihil
3058 5407 3219 5470 aliud
3260 5407 3671 5486 intelligimus,

2029 5512 2206 5574 quam
2239 5495 2325 5556 vel
2354 5495 2638 5575 benignas
2670 5496 2729 5558 in
2763 5515 2868 5558 nos
2899 5496 3504 5571 virtutes,secundum
3526 5514 3675 5577 quas

2028 5582 2399 5666 deificamur,
2436 5585 2523 5648 vel
2572 5584 3116 5648 substantiiicamur
3159 5584 3250 5645 vel
3281 5583 3671 5661 vivificamur,

2028 5680 2204 5751 atque
2227 5673 2342 5735 alia
2358 5674 2796 5756 similiteersa
2820 5694 2953 5737 vero
2976 5675 3175 5736 divina
3194 5691 3552 5755 supraquam
3577 5694 3677 5736 ex-

2028 5762 2296 5826 sistentia
2342 5766 2431 5829 sic
2462 5764 2900 5847 quodammodo
2935 5762 3295 5845 laudabitur,
3329 5763 3566 5845 quando
3597 5765 3671 5828 ab

4436 446 4459 679 ἓ
