4490 6164
771 335 882 411 671

1976 354 2037 421 S.
2084 356 2429 423 DIONYSII
2471 356 2981 465 AREOPAGl'l‘E

4013 356 4129 427 672

772 484 1036 553 efficacia
1064 491 1228 555 omni
1256 491 1620 558 validissima
1650 502 1708 558 et
1737 493 2101 575 intelligente
2129 492 2400 556 absoluta
2422 500 2462 552 Α
2482 492 2545 571 γᾶ

2355 492 2582 571 ίδΑγὰρ
2638 496 2748 550 ἔστι
2807 494 2893 550 καί
2947 494 2982 563 ἡ
3029 490 3085 548 ἓν
3141 490 3377 571 ἀγνωσία
3427 493 3647 572 γνῶσις,
3695 491 3751 549 ἑν
3793 496 3831 573 ᾗ
3887 491 4128 569 οὐδεμίαν

769 578 1057 660 suscipiet
1086 601 1193 645 nos
1226 584 1284 646 in
1335 595 1536 648 sancto
1567 584 1826 660 silentio,
1877 591 2139 647 mentem
2172 583 2246 646 iis
2277 599 2409 660 qum

769 665 933 730 illinc
962 683 1315 752 promanant
1345 674 1516 737 donis
1546 674 1900 756 adjicientes
1932 694 1947 735 :
1983 674 2109 735 haec
2141 673 2300 736 enim
2321 681 2410 733 est

769 759 1023 837 cognitio
1054 761 1115 824 in
1147 764 1543 843 ignoratione,
1589 766 1648 827 in
1680 784 1796 847 qua
1840 764 2060 827 nullam
2106 762 2408 824 cernimus

769 848 860 909 vel
891 848 1358 928 deiﬁcationem,
1393 856 1478 916 vel
1511 854 1713 931 vitam,
1747 854 1838 916 vel
1869 851 2256 916 substantiam
2278 869 2411 932 quae

770 937 946 1017 plane
975 940 1190 1005 similis
1227 945 1302 1005 sit
1348 963 1541 1007 causze
1571 945 1689 1021 isti,
1724 963 1857 1021 quae
1887 942 2119 1005 cunctis
2149 960 2253 1022 per
2275 960 2408 1002 om-

768 1044 908 1089 nem
938 1031 1349 1096 excellentiam
1381 1034 1705 1098 antecellit.
1741 1032 2096 1097 Veneranda
2121 1049 2412 1112 sacroque

771 1133 988 1196 pavore
1016 1119 1194 1201 digna
1214 1131 1350 1185 sunt
1375 1132 1592 1188 sanctas
1634 1123 1943 1189 Trinitatis
1967 1122 2234 1200 nomina;
2265 1139 2411 1203 quo-

768 1205 930 1270 niam
962 1210 1140 1273 Pater
1168 1220 1261 1274 est
1281 1212 1560 1277 divinitas
1581 1212 2030 1294 fontalis,Filius
2058 1230 2196 1274 vero
2227 1229 2407 1273 sanc-

771 1305 982 1379 tusque
1007 1298 1261 1381 Spiritus
1290 1311 1427 1364 sunt
1456 1303 1722 1385 quaedam
1773 1303 2043 1383 germina
2093 1320 2160 1363 ac
2206 1303 2403 1376 ﬂores,

768 1404 836 1449 ac
866 1386 1092 1452 lumina
1140 1392 1683 1473 superessentialia.
1716 1392 2001 1458 Germina
2035 1391 2307 1473 quidem,
2341 1408 2409 1453 ex

766 1473 997 1541 visione
1049 1478 1333 1543 olivarum
1391 1482 1789 1546 Zacharizeh:
1848 1482 2071 1544 lumina
2118 1498 2285 1554 vero,
2333 1498 2406 1542 ex

2490 582 2697 661 ὁρῶμεν
2761 581 2796 650 ἤ
2851 581 3065 656 θέωσιν,
3122 582 3158 650 ἦ
3214 583 3381 658 ζωὴν,
3442 583 3642 659 οὖσίαν,
3705 582 3742 650 ἡ
3773 604 3853 645 τις
3902 580 4135 662 ἀκριϐῶς

2490 671 2859 743 ἒξισωθήσεται
2889 678 2956 749 τῇ
3002 674 3139 730 κατὰ
3179 678 3354 730 πᾶσαν
3389 674 3662 754 ὅπεροχὴν
3708 671 4013 750 ἐξῃρημένη
4049 674 4142 730 αἱ·

2490 763 2596 834 τίᾳ.
2655 763 2731 820 Τὰ
2764 760 3024 839 σεϐάσμια
3073 763 3160 819 καὶ
3212 762 3402 843 φρικτὰ
3451 762 3536 820 ἐπὶ
3582 767 3682 831 τῆς
3726 763 3881 841 ἆγίας
3921 763 4138 842 Τριάδος

2491 851 2751 931 ὀνόματα,
2813 851 2896 910 ὅτι
2938 853 3143 929 πηγαία
3169 853 3357 920 θεότης
3391 855 3419 909 ὃ
3448 854 3628 932 Πατήρ
3661 868 3676 884 ⁶
3742 856 3770 910 ὁ
3814 851 3870 910 δὲ
3903 855 4022 916 Υἱὸς
4052 854 4141 910 καὶ

2492 942 2552 998 τὸ
2581 940 2734 1020 ἂγιον
2767 948 2975 1016 Πνεῦμα
3017 941 3259 1022 βλαστοὶ,
3292 943 3381 999 καί
3421 941 3579 1015 ἄνθη,
3614 944 3703 1000 καὶ
3730 948 3881 1024 φῶτα
3914 943 4140 1022 ὑπερού-

2492 1054 2602 1091 σια.
2638 1029 2863 1090 Βλαστοὶ
2912 1032 3032 1107 μὲν,
3085 1033 3190 1089 ἀπὸ
3247 1037 3345 1101 τῆς
3393 1040 3500 1090 τῶν
3528 1031 3722 1091 ἐλαιῶν
3753 1032 4012 1096 ὀπτασίας
4044 1042 4139 1094 τοῦ

2493 1123 2759 1203 Ζαχαρίου
2794 1138 2809 1155 ⁸
2856 1128 3007 1202 φῶτα
3035 1120 3090 1178 δὲ
3148 1121 3209 1179 ἐκ
3240 1122 3332 1180 τοῦ
3363 1120 3614 1183 Ἰακώϐου
3651 1122 3878 1205 ἀδελφοῦ
3906 1132 4001 1184 τοῦ
4033 1133 4143 1183 Κυ-

2492 1214 2627 1287 ρίου,
2660 1213 2806 1292 παρὰ
2840 1212 2945 1292 Ιῗσ,
2978 1211 3121 1292 περὶ]
3146 1220 3240 1272 τοῦ
3282 1215 3486 1293 Πατρὺς
3508 1216 3614 1271 τῶν
3644 1213 3834 1296 φώτων
3864 1212 4134 1291 λέγοντος.

2492 1310 2666 1361 Ταῦτα
2712 1310 2835 1380 γοῦν
2858 1304 2924 1361 τὰ
2968 1304 3206 1379 ὀνόματα
3234 1304 3378 1384 παρὰ
3406 1305 3507 1372 τῆς
3558 1307 3778 1385 Γραφῆς
3830 1301 4138 1384 παρελάϐο-

2493 1414 2592 1466 μεν
2625 1412 2636 1426 ⁸
2671 1391 2816 1457 ὅπως
2860 1392 2915 1450 δὲ
2948 1399 3111 1450 ταῦτα
3159 1393 3333 1467 ἐστιν,
3368 1393 3485 1452 οὔτε
3529 1395 3699 1451 simia
3732 1392 3850 1452 οὔτε
3893 1394 4137 1462 ἐννοῆσαι

2493 1480 2734 1546 δυνατόν,

765 1563 1029 1654 Epistola
1069 1570 1271 1633 Jacobi
1326 1570 1525 1636 fratris
1575 1573 1811 1637 Domini
1882 1572 1923 1653 ί,
1955 1571 2056 1652 qui
2100 1569 2178 1633 de
2227 1570 2401 1633 Patre
2436 1569 2733 1633 luminum
2778 1572 3143 1635 mentionem
3189 1571 3352 1637 facit.
3405 1570 3541 1634 Haec
3592 1571 3791 1654 itaque
3840 1571 4143 1635 nominas

767 1653 1092 1738 Scripturis
1137 1660 1324 1723 sacris
1351 1661 1739 1745 accepimus;
1795 1680 2052 1744 quonam
2103 1671 2299 1724 autem
2347 1666 2519 1741 pacto
2573 1678 2709 1724 sese
2766 1660 3043 1738 habeant,
3082 1681 3279 1744 neque
3336 1660 3538 1744 eloqui
3567 1653 3762 1744 neque
3809 1660 4145 1740 intelligere

765 1746 1056 1810 valemus.

848 1836 1048 1916 §Vll[.
1079 1837 1369 1903 Caeterum
1401 1842 1685 1905 hactenus
1715 1859 1892 1905 omne
1944 1841 2158 1903 mentis
2191 1848 2406 1904 nostra}
2430 1848 2468 1898 Β
2568 1843 2597 1923 §

2367 1857 2406 1903 Β
2430 1848 2468 1898 Β
2568 1843 2597 1923 §
2627 1840 2777 1906 νΙΙΙ.
2810 1842 2970 1904 Ἀλλ’
3002 1843 3132 1925 ἂχρι
3163 1844 3350 1901 τούτου
3379 1840 3648 1921 προϐαίνει
3678 1845 3711 1909 ὴ
3742 1845 3839 1910 τῆς
3868 1844 4140 1923 ἡμετέρας

768 1925 1030 1990 studium
1059 1928 1170 1993 hoc
1183 1932 1738 2014 spectat,quomodo
1764 1951 1831 1993 ex
1850 1932 1959 1993 hac
1979 1931 2333 2011 paternitate
2345 1949 2413 1991 ac

773 2016 1062 2081 ﬁliatione
1083 2019 1277 2082 omnis
1297 2022 1616 2100 paternitas
1637 2022 1697 2083 in
1720 2021 1869 2084 cmlo
1898 2028 1958 2083 et
1998 2027 2058 2081 in
2084 2028 2243 2081 terra
2270 2022 2410 2080 537

761 2106 1125 2184 nominetur;
1148 2128 1219 2171 ex
1249 2130 1363 2189 qua
1378 2111 1536 2186 ﬁt,ut
1556 2111 1904 2192 spiritaliter
1917 2130 1985 2173 ac
2003 2110 2415 2173 doctrinaliter

762 2192 939 2256 etiam
972 2196 1054 2259 dii
1085 2207 1143 2261 et
1165 2199 1415 2262 deorum
1442 2209 1641 2281 patres
1659 2200 1842 2262 divini
1870 2219 1938 2263 ac
1970 2201 2165 2264 sancti
2197 2199 2408 2273 viri,et

764 2282 1012 2347 deorum
1049 2286 1153 2349 ﬁlii
1185 2289 1290 2365 qui
1319 2291 1378 2352 in
1401 2309 1568 2354 sacra
1589 2291 1858 2353 doctrina
1880 2291 2219 2371 proﬁciunt,
2244 2310 2405 2352 nun-

767 2382 1080 2455 cupentur.
1117 2376 1269 2452 Quid
1299 2387 1493 2441 autem
1520 2390 1608 2443 est
1638 2379 2055 2461 spiritaliter?
2095 2379 2153 2441 id
2199 2388 2287 2442 est
2315 2381 2403 2442 in-

767 2482 1055 2545 corporee
1105 2477 1162 2530 et
1220 2468 1717 2546 immaterialiter,
1769 2490 1838 2532 ac
1891 2470 2400 2543 intellectualiter,

767 2553 912 2617 viris
942 2556 1221 2619 nimirum
1254 2560 1474 2622 sanctis
1523 2578 1591 2622 ex
1641 2568 1844 2623 sancto
1896 2561 2141 2641 quidem
2184 2560 2405 2641 Spiritu

768 2643 989 2727 divino,
1023 2647 1125 2729 qni
1154 2657 1243 2710 est
1272 2667 1450 2730 supra
1483 2669 1720 2712 omnem
1756 2651 2309 2712 immaterialitatem
2341 2669 2409 2711 ac

767 2731 1231 2815 deificationem,
1284 2740 1651 2803 divinitatem
1684 2741 1839 2804 hanc
1876 2759 1945 2801 ac
1967 2740 2407 2821 spiritalitat‘em

767 2826 1225 2905 accipientibus;
1257 2848 1325 2891 ex
1362 2831 1536 2893 Patre
1568 2849 1706 2892 vero
1733 2849 1800 2892 ac
1830 2829 2004 2905 Filio,
2042 2830 2144 2906 qui
2177 2849 2283 2911 per
2309 2847 2407 2891 ex-

767 2915 1106 2979 cellentiam
1164 2938 1403 2981 omnem
1465 2922 1875 3001 paternitatem
1936 2936 2003 2980 ac
2059 2921 2405 2983 filiationem

769 3016 1073 3086 superant,
1108 3009 1440 3071 istiusmodi
1471 3019 1684 3072 statum
1734 3009 2245 3091 participantibus.
2280 3009 2408 3071 Non

770 3095 930 3157 enim
965 3104 1056 3160 est
1106 3097 1368 3178 perfecta
1416 3098 1747 3161 similitudo
1793 3098 2021 3161 effectis
2070 3099 2287 3161 creatis
2339 3099 2411 3161 ad

2498 1939 2678 2011 νοερᾶς
2710 1932 2971 2011 ἐνεργείας
2998 1931 3331 2008 δ·3ναμις,ὅτι
3362 1931 3422 1988 ἐκ
3451 1931 3649 1998 ταύτης
3681 1932 3778 2000 τῆς
3809 1931 4146 2011 πατρότητος

2496 2023 2585 2078 καὶ
2612 2024 2710 2089 τῆς
2740 2023 2985 2089 υἷότητος
3029 2028 3173 2078 πᾶσα
3226 2022 3421 2101 πατριὰ
3451 2023 3505 2077 ὲν
3535 2024 3739 2101 οὐρανῷ
3767 2022 3854 2078 καὶ
3911 2022 3998 2079 ἐπὶ
4040 2027 4145 2101 γῆς

2495 2113 2809 2188 ὀνομάζεται
2843 2116 2856 2139 ⁸
2887 2111 2938 2178 ἐξ
2981 2116 3048 2181 ἧς
3084 2119 3456 2188 πνευματικῶς
3499 2114 3586 2169 καὶ
3638 2108 4024 2177 διδασκαλικῶς
4055 2114 4145 2170 καὶ

2493 2204 2599 2259 θεοὶ
2629 2204 2715 2259 καὶ
2734 2206 2866 2259 θεῶν
2890 2213 3139 2282 πατέρες,
3189 2204 3235 2258 οἱ
3293 2202 3429 2259 θεῖοι
3478 2203 3565 2258 καὶ
3615 2201 3745 2278 ἱεροὶ
3800 2198 4011 2280 ἄνδρες,
4059 2198 4146 2258 καὶ

2488 2295 2618 2348 θεῶν
2649 2296 2748 2349 υἱοὶ
2796 2293 2850 2348 ἐν
2897 2299 2964 2369 τῇ
3028 2295 3143 2372 ἱερᾷ
3196 2290 3502 2364 διδασκαλίᾳ
3563 2287 3965 2369 προσϐαίνοντες
4023 2293 4142 2348 δνο-

2490 2384 2768 2456 μάζονται.
2823 2384 2882 2440 Τί
2925 2384 3049 2459 γοῦν
3103 2380 3219 2438 ἐστι
3266 2383 3325 2438 τὸ
3384 2401 3755 2457 πνευματικως
3790 2396 3807 2456 ;
3839 2379 4143 2457 ἀσωματως

2490 2470 2694 2539 δηλαδὴ
2724 2474 2812 2529 καὶ
2868 2472 3067 2552 ἆΰλως,
3099 2473 3188 2528 καὶ
3246 2473 3477 2545 νοητῶς,
3512 2471 3573 2527 ἐκ
3602 2470 3700 2544 μὲν
3733 2476 3826 2526 τοῦ
3853 2473 4145 2551 θεαρχικοῦ

2491 2562 2792 2636 Πνεύματος
2821 2569 2913 2620 τοῦ
2932 2562 3060 2641 ὕπέρ
3091 2568 3265 2618 πᾶσαν
3294 2560 3476 2618 ἆύλίαν
3504 2559 3652 2623 ὄντος
3688 2560 3777 2617 καὶ
3821 2560 4031 2631 θέωσιν,
4085 2562 4147 2618 τὸ

2490 2652 2597 2709 θεοὶ
2642 2652 2742 2732 [ἴα.
2777 2652 2941 2732 θεῖον]
2971 2654 3058 2709 καὶ
3111 2653 3174 2708 τὸ
3216 2652 3577 2727 πνευματικόν
3627 2649 4007 2727 λαμϐανόντων
4040 2651 4149 2709 τῶν

2492 2745 2644 2820 ἱερῶν
2668 2739 2958 2821 ἀνδρῶν·ἒκ
2986 2740 3042 2798 δὲ
3070 2751 3162 2801 τοῦ
3195 2744 3405 2820 Πατρὸς
3437 2743 3523 2798 καὶ
3551 2747 3643 2798 τοῦ
3674 2739 3817 2814 Υἱοῦ,
3849 2746 3956 2798 τῶν
3978 2743 4150 2814 ὕπερ-

2494 2839 2701 2912 οχικῶς
2729 2830 3070 2910 ἐξῃρημένων
3102 2832 3286 2899 πάσης
3340 2837 3565 2909 πατριᾶς
3611 2832 3699 2887 καὶ
3748 2831 4020 2911 υίότητος,
4052 2833 4153 2897 τὰς

2490 2920 2700 2979 τοιάσδε
2729 2922 2947 3002 σχέσεις
2990 2918 3472 3001 προσδεχομένων,
3534 2918 3664 2978 Οὐδὲ
3694 2921 3792 2999 γὰρ
3823 2920 3962 2977 ἐστιν
3992 2921 4154 3002 ἆκρὶ-

2492 3010 2594 3080 ϐἦς
2629 3013 2887 3087 ὁμοιότης
2932 3026 3051 3075 τοῖς
3084 3012 3344 3076 αἷτιατοϊς
3374 3011 3649 3089 κτίσμασι,
3684 3011 3918 3074 καὶτοῖς
3938 3012 4149 3087 αἰτίοις,

2495 3114 2617 3166 ταῖς
2646 3105 2985 3183 θεαρχιιιαϊς,
3019 3102 3181 3180 φημὶ,
3212 3100 3588 3159 ὑποστάσεσιν.
3623 3097 3743 3155 ἀλλ’
3788 3098 3906 3178 ἕχει
3937 3100 4040 3176 μὲν
4070 3103 4139 3158 τὰ

770 3202 1000 3257 causas,
1037 3186 1287 3269 divinas,
1321 3187 1589 3266 inquam,
1621 3207 1929 3269 personas;
1960 3190 2064 3252 sed
2090 3188 2264 3251 habet
2288 3191 2472 3270 (μή-ο
2498 3213 2543 3247 κ·

2379 3191 2472 3270 i-C
2498 3193 2759 3267 κτίσματα
2815 3192 2909 3256 τὰς
2943 3187 3292 3272 ἐνδεχομένας
3351 3189 3557 3253 εἰκόνας
3600 3189 3661 3246 ἐκ
3702 3195 3793 3246 τοῦ
3824 3196 3978 3247 Θεοῦ·
4014 3192 4152 3248 αὐτὰ

771 3274 907 3338 dem
932 3285 1239 3354 creatum,
1272 3278 1470 3355 quoad
1504 3278 1631 3339 fieri
1687 3286 1904 3359 potest,
1948 3278 2239 3358 imagines
2280 3278 2408 3361 Dei;

770 3366 915 3445 ipsae
937 3384 1074 3428 vero
1102 3386 1297 3431 causae
1330 3368 1569 3449 penitus
1597 3367 1670 3430 ab
1705 3368 1932 3431 eﬂ‘ectis
1964 3369 2182 3430 creatis
2215 3387 2416 3430 exem-

770 3463 885 3538 pta;
923 3455 1180 3539 sunt.Et,
1232 3466 1295 3520 nt
1341 3459 1595 3521 terrenis
1638 3460 1927 3540 exemplis
1956 3469 2109 3539 utar,
2140 3459 2413 3541 volupta-

769 3555 859 3608 tes
888 3565 957 3608 ac
986 3546 1229 3610 dolores
1278 3548 1516 3611 efﬁcere
1570 3549 1871 3622 diCuntur,
1907 3557 1971 3613 ut
1999 3548 2276 3611 homines
2307 3552 2412 3610 lae-

772 3643 968 3699 tentur
998 3638 1096 3698 vel
1157 3637 1486 3721 tristentur,
1516 3649 1720 3701 tamen
1754 3639 1896 3718 ipsa;
1927 3638 2255 3718 voluptates
2286 3658 2403 3700 non

771 3724 1053 3788 dicuntur
1094 3726 1300 3806 laetari,
1349 3747 1461 3790 nec
1510 3729 1744 3790 dolores
1787 3728 2115 3789 tristantur.
2156 3731 2224 3789 Et
2254 3728 2408 3807 ignis

772 3815 1066 3894 calefacit,
1102 3825 1159 3878 et
1188 3817 1406 3890 adurit,
1443 3826 1644 3880 tamen
1670 3837 1787 3879 non
1821 3817 2035 3887 caleﬁt,
2069 3836 2181 3879 nec
2209 3818 2405 3880 aduri-

773 3905 1124 3969 turJdcirco
1156 3914 1264 3969 etsi
1289 3914 1421 3987 quis
1451 3908 1625 3969 vitam
1660 3907 1878 3979 vivere,
1910 3915 1970 3968 et
2001 3924 2105 3987 per
2135 3926 2200 3968 se
2231 3906 2404 3970 vitam

2496 3278 2550 3336 δὲ
2600 3282 2664 3337 τὰ
2713 3280 2864 3337 αἴτια
2921 3279 3195 3344 παντελῶς
3252 3281 3358 3336 τῶν
3398 3280 3647 3336 αἰτιατῶν
3677 3276 3983 3353 κτισμάτων
4016 3277 4151 3356 ἐξῇ-

2497 3371 2706 3447 ρῆνται,
2744 3372 2841 3429 Καὶ
2867 3369 2960 3426 ἵνα
2991 3370 3282 3450 χρήσωμαι
3326 3380 3445 3432 τοϊς
3502 3369 3718 3446 γηίνοις
3771 3364 4149 3445 παραδείγμα-

2497 3484 2604 3541 σιν,
2635 3459 2818 3529 ἡδοναι
2848 3461 3123 3528 ποιητικαὶ
3180 3466 3273 3517 τοῦ
3324 3457 3565 3533 ἥδεσθαι,
3599 3460 3688 3515 καὶ
3729 3456 3889 3514 λόπαι
3918 3463 4015 3513 τοῦ
4046 3456 4153 3513 λυσι

2496 3553 2711 3608 πεϊσθαί
2741 3552 2871 3607 εἰσιν
2907 3568 2923 3587 ⁶
2956 3550 3107 3606 αὐταὶ
3135 3547 3190 3605 δὲ
3225 3553 3276 3606 αἱ
3326 3547 3510 3617 ἡδοναὶ
3540 3549 3599 3604 οἳ)
3629 3546 3874 3625 λόγονται
3899 3543 4149 3621 ἣδεσθαι,

2494 3639 2609 3700 οὔδε
2651 3645 2701 3697 αἱ
2763 3638 2921 3697 λῦπαι
2967 3639 3277 3702 λυποῦνται.
3341 3639 3437 3697 Καὶ
3481 3638 3544 3694 τὸ
3602 3636 3702 3716 πῦρ
3731 3636 3996 3716 θερμαίνει
4063 3638 4153 3693 καὶ

2498 3733 2658 3805 καίει,
2691 3733 2751 3788 οὗ
2805 3730 3136 3808 θερμαίνεται
3193 3727 3247 3785 δὲ
3304 3729 3392 3785 καὶ
3434 3728 3662 3788 καίεται.
3713 3727 3811 3782 Διὰ
3867 3733 4031 3784 τοῦτο
4064 3728 4173 3805 καὶ,

2495 3820 2548 3876 εἴ
2579 3842 2657 3884 τις
2690 3843 2820 3900 φαιη
2854 3826 2952 3892 ζῆν
2980 3820 3077 3887 τὴν
3107 3826 3344 3892 ζωοῠσαν
3398 3819 3487 3875 καὶ
3517 3816 3820 3898 αὒτοζιοὴν,
3848 3817 3939 3873 καὶ
3970 3819 4149 3896 φωτὶ·-

2496 3913 2671 3982 ζεσθαι
2703 3911 2763 3967 τὸ
2793 3909 3059 3990 αὐτόφως,
3093 3912 3188 3969 οὐκ
3230 3907 3377 3967 εἴποι
3430 3909 3619 3985 κυρίως
3683 3906 3819 3964 κατὰ
3868 3906 3961 3963 τὸν
3992 3907 4153 3987 ὀρθὸν

771 3993 1077 4071 dixerit,et
1094 3996 1424 4060 illuminari
1455 3997 1515 4060 id
1549 3997 1708 4079 quod
1742 4015 1849 4075 per
1878 4015 1944 4058 se
1967 3997 2168 4059 lumen
2193 4006 2411 4068 est,nao
2490 4005 2544 4056 τί

2378 4019 2411 4059 ιο
2490 4005 2590 4067 τῆς
2620 4000 2868 4067 ἀληθείας
2899 3998 3080 4079 λόγον,
3115 4001 3159 4056 εἰ
3203 3999 3279 4076 μὴ
3316 4021 3411 4055 που
3441 3997 3557 4055 καθ’
3589 3995 3770 4076 ἕτερον
3812 3996 4042 4074 τρόπον,
4066 3994 4151 4051 ὅτι

770 4104 1062 4167 quaquam
1089 4089 1327 4169 proprie
1348 4088 1581 4150 locutus
1604 4087 1805 4160 fuerit,
1832 4087 2160 4149 secundum
2185 4093 2410 4150 rectam
2491 4110 2543 4145 πε

2384 4107 2410 4150 n
2491 4094 2781 4165 περισσῶς,
2805 4089 2892 4146 καὶ
2922 4086 3210 4162 οὗσιωδιῦς,
3240 4088 3330 4144 καί
3360 4088 3418 4144 οὔ
3443 4085 3580 4144 κατά
3610 4084 3883 4164 μετοχὴν,
3906 4085 4013 4162 πρὸ
4049 4088 4157 4140 τῶν

769 4174 1034 4238 veritatis
1063 4176 1504 4241 rationemmisi
1533 4177 1686 4238 forte
1709 4178 1835 4239 haec
1867 4176 1984 4238 alio
2019 4176 2192 4238 modo
2224 4176 2406 4260 dicat,

2494 4180 2741 4237 αἱτιατῶν
2774 4178 2933 4236 ἔνεισι
2976 4185 3142 4236 ταῦτα
3186 4189 3303 4241 τοῖς
3337 4176 3557 4241 αἰτίοις.

772 4265 928 4346 quod
979 4266 1264 4329 nimirum
1322 4265 1753 4343 abundantius,
1786 4274 1845 4327 et
1886 4266 2219 4328 secundum
2271 4269 2620 4343 essentiam,
2655 4287 2774 4331 non
2830 4276 3027 4331 autem
3074 4265 3405 4331 secundum
3457 4261 3994 4347 participationem,
4034 4279 4161 4345 praa

773 4354 1003 4419 effectis
1033 4356 1161 4419 haec
1191 4355 1377 4418 insint
1408 4362 1622 4418 causis.

855 4444 885 4525 §
912 4445 1017 4508 1X.
1062 4444 1219 4518 Quin
1262 4446 1437 4507 etiam
1471 4445 1631 4527 quod
1662 4452 1752 4508 est
1783 4451 2074 4508 universae
2105 4445 2418 4525 theologia;
2439 4457 2482 4509 D
2579 4453 2606 4525 §

2384 4457 2482 4509 BD
2579 4448 2730 4525 §IX.
2765 4447 2934 4505 Ἀλλὰ
2982 4450 3072 4505 καὶ
3136 4448 3199 4505 τὸ
3253 4444 3641 4524 ἐπιφανέστατον
3692 4442 3909 4510 ἆπαίσης
3960 4441 4157 4499 θεολο-

776 4534 1320 4598 manifestissimum
1332 4534 1362 4598 J
1370 4553 1474 4597 esu
1488 4536 1870 4599 humanitatis
1890 4536 2231 4616 mysterium
2247 4542 2417 4613 (quo-

776 4623 933 4686 niam
965 4624 1145 4687 etiam
1180 4624 1496 4689 manifeste
1534 4643 1601 4687 ac
1630 4643 1771 4688 vere
1797 4625 2108 4687 nobiscum
2139 4644 2414 4688 commu—

775 4713 1246 4795 nicavit),tamen
1269 4714 1328 4776 id
1351 4715 1544 4796 ipsum
1569 4715 1743 4778 etiam
1766 4714 2065 4777 ineffabile
2083 4722 2173 4777 est
2193 4733 2418 4777 sermo-

778 4804 836 4866 ni
855 4805 1105 4877 omni,et
1124 4811 1286 4867 omni
1309 4804 1498 4867 menti
1523 4803 2197 4885 inconceptibile,etiam
2229 4805 2418 4887 primo

775 4903 830 4956 et
854 4894 1271 4977 antiquissimo
1292 4895 1528 4975 angelo,
1561 4892 1797 4958 scilicet
1819 4893 2164 4957 sublissimo
2191 4896 2420 4976 primo-

780 5002 897 5064 que
926 4985 1146 5057 ordini;
1188 4986 1301 5049 hoc
1346 4983 1507 5046 enim
1554 4985 1817 5047 Joannes
1860 4984 1961 5045 ille
2004 4985 2312 5064 theologus
2358 4984 2421 5047 in

776 5074 1130 5155 Apocalypsi
1171 5076 1246 5137 de
1282 5073 1719 5156 antiquioribus
1742 5073 1815 5134 iis
1836 5074 2062 5152 angelis
2092 5073 2286 5136 tradit.
2311 5073 2422 5139 Αι-

781 5182 897 5245 que
919 5182 1053 5225 eum
1078 5164 1316 5244 quidem
1339 5183 1580 5227 carnem
1604 5164 2022 5244 assumpsisse,
2043 5164 2286 5245 mystice
2315 5183 2441 5246 ac-,

778 5254 1071 5335 cepimus,
1106 5252 1211 5314 sed
1245 5255 1545 5333 quomodo
1589 5272 1657 5317 ex
1705 5253 1987 5333 virgineis
2035 5254 2420 5335 sanguinibus

779 5345 1084 5421 aliaquam
1111 5350 1335 5405 naturae
1357 5342 2198 5426 legesiteﬂ‘ormatus,aliaque
2221 5343 2422 5406 omnia

781 5453 913 5518 quae
932 5433 1006 5497 ad
1031 5440 1257 5496 naturae
1279 5429 1312 5495 J
1320 5450 1423 5495 esu
1445 5432 1902 5513 explicationem
1944 5440 2233 5515 spectant,
2268 5451 2422 5515 quo-

2498 4538 2615 4617 γίας
2646 4541 2707 4595 τὸ
2758 4542 2856 4608 τῆς
2900 4535 3078 4606 Ἰησοῦ
3110 4536 3496 4616 φιλανθρωπίας
3540 4534 3857 4619 μυστήριον,
3905 4530 4027 4611 (ὅτι
4063 4531 4156 4588 καὶ

2500 4633 2736 4710 φανερῶς
2768 4629 2857 4686 καί
2885 4628 3148 4697 ἀληθινῶς
3181 4625 3455 4702 ὡμίλησεν
3484 4623 3678 4702 ἡμῖν’)
3720 4621 3857 4679 ἀλλὰ
3883 4623 3972 4679 καὶ
3998 4628 4159 4679 τοῦτο

2501 4718 2724 4799 ἄῤῥητόν
2786 4719 2898 4776 ἐστι
2945 4718 3091 4796 λόγῳ
3145 4716 3324 4791 παντί,
3380 4715 3469 4770 καὶ
3513 4712 3784 4790 ἄγνωστον
3835 4717 3910 4785 νῷ
3968 4712 4154 4785 παντὶ,

2501 4812 2591 4866 καὶ
2641 4811 2784 4884 αὖτῷ
2832 4812 2909 4882 τῷ
2968 4808 3248 4886 πρωτίστῳ
3322 4805 3411 4861 καί
3487 4799 3833 4880 πρεσϐυτάτῳ
3906 4799 4153 4878 ἀγγέλῳ,

2502 4898 2748 4967 δηλονότι
2804 4905 2873 4975 τῇ
2924 4894 3238 4975 ὑψηλοτάτη
3296 4895 3382 4950 καί
3422 4892 3609 4975 πρῷτῃ
3659 4890 3825 4975 τάξει.
3862 4890 4021 4968 Λέγει
4055 4889 4158 4975 Ia?

2502 4982 2591 5038 καί
2621 4984 2649 5038 ὁ
2702 4967 3241 5057 θεολόγοςἺῶάννης
3301 4975 3355 5030 ὲν
3408 4967 3477 5050 τῇ
3518 4967 3885 5046 Ἀποκαλύψει
3920 4967 4157 5049 πρεσϐυ-

2504 5070 2681 5149 τέρους
2735 5068 3016 5147 ἀγγέλους.
3077 5066 3183 5130 Καί
3226 5068 3294 5122 τὸ
3347 5064 3444 5141 μὲν
3507 5066 3844 5142 σαρκωθῆναι
3878 5065 4157 5135 μυστικῶς

2505 5159 2945 5241 παρειλήφαμενδ,
2999 5160 3061 5214 τὸ
3109 5154 3154 5212 δ’
3212 5155 3358 5220 ὅπως
3416 5155 3474 5212 ἐκ
3534 5156 3866 5231 παρθενικῶν
3912 5150 4157 5241 αίμέτων

2501 5249 2665 5329 ἐτέρω
2697 5236 2836 5323 παρὰ
2865 5251 2963 5317 τὴν
3023 5247 3175 5327 φύσιν
3206 5249 3385 5320 θεσμῷ
3442 5241 3788 5301 διεπλάττετο
3817 5286 3835 5319 ,
3864 5239 3955 5295 καί
3984 5236 4160 5296 τᾶλλα

2503 5327 2677 5399 πάντα
2724 5339 2822 5408 τῆς
2878 5327 3054 5406 ἰησοῦ
3111 5334 3477 5416 φύσιολογίας,
3545 5338 3660 5397 πῶς
3751 5331 3806 5387 ὲν
3866 5327 3976 5386 δυσί
4034 5342 4161 5393 ταῖς

2504 5431 2687 5513 φύσεσι
2747 5429 3155 5508 γνωριζόμενος,
3206 5426 3294 5483 καί
3367 5424 3507 5513 κατὰ
3565 5422 3841 5513 ἄνθρωπον
3902 5417 4163 5513 ἔπραττε,

781 5508 961 5590 modo
980 5524 1041 5587 in
1065 5521 1301 5588 duabus
1328 5508 1557 5585 naturis
1586 5521 1885 5603 cognitus,
1919 5508 1995 5585 et-
2015 5534 2195 5604 prout
2220 5508 2427 5586 homi-
2508 5508 2554 5579 {te

2383 5546 2427 5584 ι·
2508 5508 2595 5579 καί
2637 5518 2767 5600 ὺπέρ
2797 5517 3068 5599 ἄνθρωπον
3110 5513 3342 5596 ἐνήργει,
3400 5512 3577 5594 ἕτέρου
3626 5511 3789 5592 λόγου
3846 5509 3935 5567 καί
3971 5508 4156 5589 κρείτ-

865 5716 895 5760 ιι
920 5712 1099 5786 Zach.
1131 5728 1211 5791 IV,
1244 5711 1302 5776 3.
1389 5709 1559 5776 'Jac.
1591 5727 1631 5787 ι,
1670 5708 1770 5775 17.
