4490 6164
310 364 431 443 673

795 336 895 441 DE
960 365 1260 444 DIVINIS
1299 358 1748 451 NOMINIBUS,
1793 356 1958 433 CAP.
2007 357 2087 434 II.
2137 403 2214 418 -
2256 358 2674 456 PARAPHB.,
2732 368 3197 443 PAHYMERE.

3563 374 3680 448 674

309 536 460 581 τονος
509 511 545 582 ἤ
616 514 733 572 καθ’
789 515 931 588 ἡμᾶς
984 512 1072 568 καὶ
1128 512 1227 578 τὴν
1276 508 1542 587 ἡμετέραν
1628 505 2082 585 ἆνθρωπίνηνΑη

1900 528 1954 573 ην
1973 512 2015 562 Α
2037 523 2174 568 nem
2206 525 2272 570 se
2300 505 2639 587 gesserit,et
2657 524 2838 587 supra
2863 510 3164 573 hominem
3197 530 3377 594 opera
3396 513 3673 594 ediderit,

308 603 553 682 δύναμιν.
610 606 670 662 Ei.
723 612 846 682 γοῦν
902 603 990 659 επὶ
1042 601 1247 665 τούτοις
1303 597 1499 679 ἅῤῥῃτά
1545 601 1644 656 εἶσι
1694 599 1759 654 τὰ
1809 600 1954 667 abeo-

315 695 518 774 πρεπῆ,
554 692 588 750 ἄ
630 692 694 762 δὴ
733 695 819 751 καὶ
876 693 975 759 τὴν
1008 692 1280 768 θεολογίαν
1326 691 1712 770 ἐκφανεστὲραν
1742 688 1950 768 ἔχουσι,

309 786 362 843 τί
417 784 605 867 φήσειέ
647 806 745 867 ,τις
827 785 945 867 περὶ
999 788 1098 848 τῆς
1148 782 1407 867 μακαρίας
1461 777 1957 867 ,Τριάδοςιεᾼςΐαύτα

309 857 449 934 ἡμῖν
476 865 610 923 τεέν
640 864 822 928 ἄλλοις
855 857 1095 941 εῗρηται,
1147 863 1235 918 καὶ
1284 857 1363 935 τῷ
1427 857 1622 935 κλεινῷ
1676 861 1832 935 ἡμῶν
1872 857 1954 915 δισ-

311 953 564 1028 δασκάλῳ
607 961 684 1030 τῷ
714 955 961 1033 μακαρίῳ
990 950 1247 1031 ἰεροθέῳ,
1283 950 1343 1007 ὅν
1409 951 1544 1026 μετὰ
1600 950 1691 1006 τὸν
1750 946 1956 1005 Παολον

309 1041 626 1103 διδάσκαλον
653 1042 981 1111 ὶπλούτησεν
1007 1063 1020 1077 ’
1055 1042 1188 1120 ἅπερ
1246 1041 1476 1120 ἐκεῖνος,
1521 1039 1634 1095 εἴτε
1688 1037 1794 1094 ἀπὸ
1851 1044 1956 1093 τῶν

308 1135 466 1214 ἱερῶν
519 1140 743 1215 Γραφῶν
795 1131 1144 1213 παρείληφεν,
1200 1129 1314 1188 ε’ίτε
1345 1132 1430 1186 καὶ
1480 1133 1540 1185 ὲκ
1570 1129 1667 1196 τῆς
1717 1130 1835 1204 περὶ
1863 1127 1955 1192 τὰς

313 1225 524 1305 Γραςρὰς
573 1224 790 1301 ἐρεύνης
841 1224 1191 1303 συνεώρακεν,
1264 1220 1326 1277 ἐκ
1375 1220 1471 1288 τῆς
1514 1218 1723 1286 πολλῆς
1755 1239 1956 1296 γυμνα-

314 1316 431 1379 σίας
460 1316 549 1371 καὶ
589 1310 801 1394 τριϐῆς,
848 1312 964 1368 εἴτε
1005 1315 1094 1369 καὶ
1140 1311 1201 1368 ἔκ
1229 1332 1369 1374 τινος
1428 1309 1633 1385 ἐμυήθη
1690 1307 1952 1386 θειοτέρας

313 1403 612 1484 ἐπιπνοίας,
664 1404 725 1461 ού
751 1403 914 1479 μόνον
958 1402 1162 1477 μαθών,
1196 1398 1333 1460 ἀλλὰ
1363 1401 1450 1456 καὶ
1501 1400 1679 1456 παθών
1716 1415 1732 1432 '
1788 1400 1862 1460 ὡς
1894 1398 1955 1456 ὀύ

310 1492 569 1557 διδακτῶς
659 1491 744 1549 διὰ
820 1490 997 1570 λόγων
1072 1493 1173 1558 τὴν
1229 1492 1348 1570 περὶ
1421 1489 1614 1547 τούτων
1672 1486 1951 1563 δεξάμενος

312 1584 533 1661 μύησιν,
594 1580 731 1641 ἀλλὰ
787 1586 855 1658 τῇ
910 1584 1023 1654 θείᾳ
1078 1579 1341 1658 ἐλλάμψει
1399 1580 1679 1658 τυπωθεὶς,
1724 1579 1809 1635 καὶ
1840 1577 1961 1635 οἷον

310 1672 658 1749 ἐνσημανθεὶς
716 1677 781 1748 τῇ
821 1669 1023 1745 διανοίᾳ
1082 1671 1184 1739 τὴν
1237 1673 1435 1748 γνῶσιν
1476 1670 1578 1727 τῶν
1608 1668 1747 1744 ὴπὲρ
1776 1668 1957 1749 φύσιν,

315 1763 524 1831 Ταύτην
580 1761 681 1840 γὰρ
737 1762 836 1829 τὴν
889 1766 996 1817 τῶν
1048 1759 1321 1838 θειοτέρων
1380 1757 1576 1834 μυῆσιν
1632 1759 1961 1835 συμπάθειαν

2040 595 2217 676 longe
2244 596 2492 660 alterius
2534 604 2594 659 et
2638 599 3062 678 praestantioris
3110 604 3407 666 sermonis
3435 622 3534 666 res
3565 622 3679 684 εει,

2046 696 2454 777 ουεωᾉιιοειιθε
2473 686 2622 748 ratio
2652 695 2754 750 aut
2776 688 3024 752 facultas
3044 691 3276 755 fert.Ad
3306 693 3431 756 haec
3452 693 3675 777 itaque,

2039 775 2090 836 si
2119 775 2440 839 ineffabilia
2471 785 2608 839 sunt
2638 776 2857 859 divina,
2903 788 2964 841 ιιι
3007 799 3134 862 quae
3165 782 3535 845 subtiliorem
3556 775 3683 847 ha~

2042 862 2220 927 beant
2249 866 2630 946 theologiam,
2662 867 2801 948 quid
2836 868 2996 931 dicet
3014 871 3148 951 quis
3175 870 3251 933 de
3281 870 3449 934 beata
3484 870 3681 936 Trini-

2043 961 2198 1047 tate?_
2212 954 2434 1047 verum
2469 957 2596 1019 haec
2626 977 2656 1017 a
2692 957 2865 1020 nobis
2896 962 3070 1021 etiam
3102 960 3244 1024 alibi
3300 961 3459 1024 dicta
3517 972 3681 1047 sunt,

2041 1050 2102 1105 et
2147 1044 2221 1107 ab
2254 1046 2470 1127 inclyto
2501 1056 2867 1129 praeceptore
2897 1058 3098 1112 nostro
3129 1050 3299 1113 beato
3331 1044 3681 1130 Hierotheo,

2042 1135 2181 1194 ’538
2203 1154 2380 1216 quem
2416 1144 2546 1216 post
2584 1144 2855 1199 sanctum
2888 1136 3137 1200 Paulum
3170 1139 3378 1202 habuit
3411 1159 3681 1223 praecep-

2039 1231 2258 1300 torem;
2295 1243 2427 1305 quae
2457 1224 2584 1301 ille,
2618 1225 2749 1288 sive
2780 1245 2814 1289 a
2844 1229 3172 1304 Scripturis
3213 1232 3398 1293 sacris
3428 1249 3682 1313 accepe-

2035 1322 2148 1389 rat,
2182 1315 2303 1377 sive
2359 1334 2428 1378 ex
2463 1315 2808 1380 earumdem
2862 1319 3235 1400 indagatione
3279 1323 3470 1385 fuerat
3534 1339 3684 1385 con-

2036 1404 2444 1485 templatus,et
2467 1407 2754 1469 exercitio
2785 1426 3018 1486 usuque
3049 1409 3327 1487 plurimo,
3348 1410 3470 1475 sive
3499 1410 3679 1474 etiam

2045 1492 2324 1557 diviniori
2354 1495 2553 1577 aliqua
2583 1497 2984 1562 insinuatione
3004 1499 3216 1562 doctus
3247 1510 3398 1583 erat,
3435 1519 3551 1563 non
3581 1520 3686 1563 so-

2045 1583 2168 1645 lum
2201 1584 2461 1662 discens,
2500 1596 2563 1649 et
2594 1586 2824 1668 patiens
2876 1588 3096 1660 divina.
3131 1598 3195 1653 ut
3225 1591 3328 1671 qui
3378 1609 3495 1653 non
3532 1590 3682 1654 doc~

2044 1674 2338 1738 trinaliter
2382 1694 2492 1757 per
2536 1676 2718 1739 verba
2763 1677 3091 1742 doctrinam
3145 1698 3351 1742 eorum
3385 1682 3684 1754 hauserat,

2042 1765 2151 1826 sed
2183 1765 2379 1828 divina
2409 1765 2805 1830 illustratione
2853 1787 3215 1850 expressam,
3252 1778 3311 1834 et
3333 1771 3514 1834 veluti
3546 1770 3690 1833 insi-

313 1851 592 1929 ἐκάλεσεν,
616 1850 779 1929 ἤγουν
822 1849 1173 1912 συνδιάθεσιν.
1216 1851 1321 1910 Καὶ
1378 1848 1470 1906 ἵνα
1523 1850 1590 1906 τὰ
1645 1847 1820 1906 πολλὰ
1876 1852 1961 1903 καὶ
1984 1871 2081 1934 Bg

1911 1852 1961 1903 αἱ
1984 1871 2023 1920 Β
2045 1853 2295 1934 gnitam,
2332 1856 2392 1918 in
2426 1864 2624 1918 mente
2650 1847 3166 1939 supernaturalem
3196 1859 3451 1923 habebat
3478 1860 3684 1938 cogni-

314 1943 552 2022 μακάρια
607 1949 713 1999 τῶν
754 1940 956 2001 ἐκείνου
1006 1945 1285 2020 παρῶμεν,
1331 1938 1385 1996 ἐν
1429 1938 1738 2019 ἐλαχιστοις
1783 1958 1961 2016 παρα-

311 2034 527 2110 θώμεθα
603 2032 736 2112 ἅπερ
817 2032 947 2112 φησὶ
988 2032 1104 2111 περὶ
1157 2040 1250 2089 τοῡ
1338 2032 1523 2110 Κυρίου
1576 2029 1731 2105 ἡμῶν
1783 2026 1962 2095 ’ῐησοῦ

314 2129 545 2202 Χριστοῦ
588 2124 674 2178 καὶ
732 2129 864 2179 Θεοῦ
919 2121 972 2179 ἐν
1044 2133 1166 2183 ταῖς
1242 2119 1591 2194 Θεολογικαῖς
1668 2119 1960 2198 στοιχειώ-

317 2236 489 2273 σεσιν.

1005 2481 1279 2562 ’[εροθέου.

394 2596 535 2677 δΧ.
590 2594 813 2677 Ἐφεξῆς
869 2594 924 2652 δὲ
984 2596 1217 2662 ἐκτίθησι
1288 2595 1420 2669 πρὸς
1492 2593 1639 2672 ῥῆμα
1717 2595 1804 2650 καὶ
1865 2596 1962 2660 τὴν

307 2695 404 2745 τοῦ
434 2688 584 2767 ἁγίου
613 2687 842 2769 γραφήν,
893 2685 945 2743 ἰν
968 2688 1053 2751 οἷς
1082 2687 1109 2741 ὃ
1154 2687 1413 2765 μακάριος
1459 2684 1632 2764 λέγει,
1668 2685 1958 2763 παριστὼν,

311 2775 395 2835 ὅτι
424 2779 513 2835 καὶ
540 2779 569 2833 ὁ
637 2779 757 2841 Υἱὸς
817 2777 884 2833 τὰ
934 2776 1107 2832 πάντα
1133 2775 1271 2832 ἐστὶν
1313 2775 1366 2831 ὲν
1420 2780 1572 2849 πᾶσι,
1629 2775 1716 2831 καὶ
1755 2773 1963 2853 κεφαλὴ

310 2867 528 2924 πάντων
558 2867 694 2924 κατὰ
721 2867 814 2923 τὸν
872 2855 1223 2941 Ἀπὸστολον,
1256 2863 1337 2922 ὅτι
1371 2865 1585 2922 πάντων
1645 2865 1755 2920 ἐστὶ
1813 2862 1959 2932 πλή-

312 2978 469 3035 ρωμα
502 2957 589 3013 καὶ
637 2956 921 3037 συνοχεὺς,
964 2956 1053 3011 καὶ
1109 2953 1351 3026 διασώζει
1394 2955 1487 3011 καί
1536 2956 1867 3035 περισφίγγει
1898 2954 1962 3008 τὰ

313 3045 458 3126 μέρη
486 3068 557 3122 τῃ
588 3044 805 3114 ὃλότητι
840 3064 854 3080 ⁸
930 3045 1018 3103 καὶ
1049 3043 1166 3101 οὔτε
1225 3044 1386 3124 μέρος
1450 3045 1589 3101 ἐστὶν
1645 3043 1762 3101 οὔτε
1811 3042 1959 3123 ὅλον,

310 3137 447 3215 ὑπὲρ
475 3137 641 3193 ταότα
669 3137 768 3215 γὰρ
803 3151 817 3167 ⁸
854 3134 991 3193 ἀλλὰ
1027 3137 1113 3191 καὶ
1150 3132 1272 3192 ὅλον
1329 3137 1418 3192 καὶ
1461 3134 1646 3214 μέρος,
1681 3137 1755 3199 ὣς
1786 3156 1962 3194 συνει-

2051 1945 2298 2008 tionem.
2331 1944 2497 2008 lianc
2529 1953 2726 2008 autem
2783 1965 2984 2011 rerum
3030 1950 3361 2012 divinarum
3398 1949 3690 2013 eruditio-

2046 2053 2182 2096 nem
2215 2038 2537 2113 συμπάθειαν
2572 2055 2678 2099 seu
2711 2041 3160 2102 consensionem
3203 2040 3541 2121 appellavit.
3574 2041 3690 2103 At-

2045 2136 2262 2207 que,ut
2286 2126 2542 2205 plurima
2569 2144 2755 2209 eaque
2782 2127 3125 2192 beatissima
3151 2129 3310 2193 illius
3333 2130 3693 2194 documenta

2046 2224 2447 2297 transeamus,
2483 2217 2685 2296 paucis
2716 2216 3104 2298 subjiciamus
3134 2238 3204 2282 ea
3233 2238 3361 2301 quae
3394 2221 3467 2282 de
3499 2219 3695 2282 Domi-

2052 2324 2129 2367 no
2161 2316 2362 2368 nostro
2394 2304 2533 2369 Jesu
2567 2306 2798 2371 Christo
2831 2326 2899 2372 ac
2930 2307 3051 2372 Deo
3083 2311 3140 2371 in
3178 2308 3545 2392 Theologicis
3576 2309 3692 2373 ele-

2046 2399 2263 2459 mentis
2294 2399 2490 2460 tradit.

2705 2492 3046 2556 Hierolhet'.

2129 2588 2158 2658 Ξ
2192 2585 2268 2648 Χ.
2303 2582 2532 2647 Deinde
2554 2602 2691 2647 vero
2729 2586 2800 2649 ad
2849 2585 3095 2647 verbum
3127 2586 3369 2668 exponit
3396 2586 3684 2669 scriptum

2047 2675 2347 2755 quoddam
2378 2675 2569 2738 sancti
2602 2672 2935 2750 Hierothei,
2977 2675 3040 2737 in
3068 2694 3184 2757 quo
3218 2676 3425 2739 beatus
3453 2677 3555 2739 ille
3579 2679 3680 2753 ait,

2047 2765 2420 2826 ostendendo
2450 2764 2751 2842 quomodo
2780 2774 2838 2827 et
2870 2764 3053 2828 Filius
3083 2764 3287 2827 omnia
3316 2767 3379 2829 in
3412 2768 3688 2831 omnibus

2047 2863 2108 2916 et
2138 2861 2314 2935 caput
2344 2854 2610 2916 omnium
2643 2856 2740 2936 sit,
2773 2854 3101 2917 secundum
3133 2855 3508 2935 Apostolum;
3542 2858 3694 2935 quo-

2044 2947 2203 3010 niam
2237 2945 2501 3009 omnium
2535 2955 2624 3008 est
2655 2947 2958 3027 plenitudo
3010 2956 3069 3010 et
3114 2966 3422 3030 compago,
3454 2961 3514 3011 et
3545 2968 3695 3012 con-

2047 3046 2240 3100 servat
2268 3056 2338 3100 ac
2367 3038 2639 3118 astringit
2679 3045 2879 3119 partes
2916 3047 3061 3115 toto,
3098 3047 3153 3101 et
3184 3057 3379 3120 neque
3414 3058 3550 3121 pars
3606 3049 3699 3104 est

2048 3146 2245 3209 neque
2301 3134 2512 3207 totum,
2567 3128 2707 3208 quia
2757 3129 2850 3191 his
2894 3130 3170 3209 superior
3198 3137 3310 3205 est;
3348 3138 3605 3192 attamen
3636 3139 3699 3192 et

317 3224 509 3308 ληφὼς
538 3228 602 3283 τὰ
641 3229 812 3284 πάντα
846 3243 861 3259 ’
897 3228 983 3284 καὶ
1014 3226 1268 3306 ὑπερέχει
1299 3231 1369 3302 τῇ
1414 3226 1590 3306 φύσει,
1622 3226 1713 3282 καὶ
1740 3224 1962 3304 προέχει
1983 3237 2026 3291 c
2052 3225 2090 3281 lt

1925 3246 1962 3280 ει
1983 3237 2026 3291 c
2052 3225 2236 3281 totum
2274 3227 2456 3300 est,et
2487 3228 2934 3300 pars,tanquam
2967 3219 3277 3308 continens
3307 3219 3605 3296 universa,
3640 3229 3698 3282 et

328 3322 408 3396 τῷ
439 3317 615 3397 αἰτίῳ,
654 3316 751 3395 καξί
791 3315 994 3382 τέλειος
1021 3316 1076 3372 ἐν
1119 3317 1237 3381 τόϊς
1270 3315 1510 3373 ἀτελέσιν
1541 3318 1672 3391 ἡμῖν
1717 3315 1853 3390 ἔστι,
1886 3313 1974 3373 καὶ

2057 3309 2421 3389 suprababet
2449 3315 2745 3380 natura,et
2776 3307 3087 3370 antehahet
3117 3316 3179 3369 ut
3201 3326 3404 3385 causa;
3431 3318 3489 3371 et
3512 3309 3702 3390 perfe-

313 3404 513 3473 ἇτελὴς
566 3405 621 3461 ἐν
649 3420 769 3472 τοῖς
825 3405 1046 3470 τελείοις
1093 3404 1365 3486 ἀγγέλοις,
1410 3407 1483 3469 ὡς
1527 3403 1819 3484 ὑπερτελὴς
1886 3405 1975 3463 καὶ
2058 3418 2086 3461 c

1925 3405 1975 3459 αἱ
2058 3407 2189 3481 ctus
2223 3405 2314 3461 est
2366 3397 2428 3459 in
2474 3398 2842 3478 imperfectis
2874 3398 3070 3480 nobis,
3119 3408 3177 3462 et
3223 3397 3609 3479 imperfectus
3638 3399 3698 3461 in

312 3493 649 3574 προτέλειος,
681 3498 769 3553 καὶ
813 3496 1077 3571 μηδεμίαν
1124 3494 1270 3574 ἔχων
1313 3496 1583 3573 σύγκρισιν
1625 3499 1723 3561 τῆς
1764 3493 1972 3550 τελειόο

312 3607 478 3652 τητος
530 3587 662 3664 ⁸πρὸς
722 3586 906 3648 αύτούς
942 3602 956 3616 ’
982 3588 1070 3642 καὶ
1115 3583 1256 3647 εἶδος
1287 3587 1392 3641 τῶν
1446 3582 1716 3660 ἆνειὲέων,
1763 3586 1837 3646 ὡς
1867 3581 1969 3651 δη-

315 3676 571 3753 μιουργὸς
602 3677 689 3732 καὶ
730 3675 879 3756 ἀρχὴ
937 3676 1135 3740 παντὸς
1176 3673 1373 3750 εἴδους,
1421 3676 1507 3732 καὶ
1551 3673 1779 3737 ἀνείδεος
1839 3675 1968 3754 πρὸς

316 3766 596 3845 σύγκρισιν
677 3771 783 3823 τῶν
833 3764 1325 3842 είδοπεποιημένων
1360 3815 1376 3842 ,
1438 3766 1511 3830 ὡς
1567 3764 1699 3844 ὑπὲρ
1780 3773 1966 3825 ταῦτα.

316 3856 481 3915 Οδσία
559 3861 719 3913 πᾶσιν
777 3853 1155 3916 ἐπιϐατεύουσα
1211 3856 1279 3924 τῆ
1338 3855 1523 3934 προνίᾳ
1557 3903 1603 3935 ξ,
1664 3856 1753 3913 καὶ
1808 3854 1968 3913 πάλιν

316 3945 625 4025 ἐξῃρημένη
681 3946 895 4024 timiqu
954 3947 1132 4009 οὒσίας
1182 3951 1252 4023 τῇ
1298 3946 1446 4026 φύσει
1483 3965 1497 3979 ⁸
1556 3946 1728 4010 πάσας
1792 3945 1968 4026 ἀρχὰς

317 4038 407 4093 καὶ
452 4035 626 4102 τάξεις
667 4039 997 4116 περιορίζων,
1046 4037 1133 4093 καὶ
1179 4037 1356 4104 πάσης
1415 4033 1823 4115 ὕπεριδρυμένος
1881 4036 1969 4092 καὶ

316 4125 499 4206 ἀρχῆς
558 4126 647 4182 καὶ
701 4125 923 4191 τάξεώς.
1002 4127 1099 4185 Καὶ
1130 4125 1322 4204 μέτρον
1422 4124 1533 4183 ἐστὶ
1592 4129 1696 4181 των
1754 4125 1919 4184 ὄντων
1944 4173 1964 4199 ,

317 4212 506 4282 ἐπειδὴ
566 4215 621 4271 ἕν
669 4215 814 4290 αύτῷ
868 4215 1041 4273 πάντα
1098 4214 1424 4294 πεπέρασται
1458 4231 1474 4247 ⁶
1537 4216 1628 4272 καὶ
1684 4217 1837 4290 αἱὼν,
1881 4218 1969 4274 καὶ

318 4305 452 4385 ὒπέρ
494 4306 683 4386 αἰῶνα,
715 4308 789 4371 ὡς
847 4308 1052 4364 αἰώνων
1110 4308 1340 4377 ποιητής
1373 4322 1388 4338 ⁶
1443 4305 1622 4385 ὥσπερ
1678 4304 1879 4372 τέλειος
1911 4309 1969 4363 ἒν

316 4407 440 4461 τοῖς
472 4393 708 4476 ἀτελέσι,
741 4396 828 4453 καὶ
884 4396 940 4452 ἐν
981 4408 1100 4461 τοῖς
1130 4396 1352 4458 τελείοις
1382 4393 1605 4474 ἀτελής,
1637 4394 1711 4458 ὡς
1741 4395 1968 4473 ὑπερτέ-

317 4481 468 4546 luo;
501 4502 516 4517 '
576 4482 715 4542 οὕτω
773 4484 985 4565 πλήρης
1017 4485 1071 4542 ἐν
1099 4498 1220 4551 τοῖς
1253 4483 1474 4563 ἐνδεέσι,
1507 4486 1595 4542 καὶ
1625 4483 1971 4565 ὑπερπλήρης

2059 3488 2336 3570 perfectis
2366 3486 2908 3569 angelis,tanquam
2932 3506 3287 3569 supraquam
3312 3488 3702 3568 perfectus,et

2060 3578 2287 3641 nullam
2320 3576 2544 3640 habens
2581 3579 3090 3659 comparationem
3124 3577 3511 3659 perfectionis
3531 3577 3603 3640 ad
3621 3578 3700 3639 il-

2054 3667 2168 3742 los;
2199 3675 2257 3730 et
2284 3668 2477 3730 forma
2506 3686 2709 3731 rerum
2740 3667 3106 3749 informium,
3153 3677 3430 3749 tanquam
3460 3669 3704 3732 Creator

2054 3757 2416 3839 principium
2469 3758 2664 3821 omnis
2704 3758 2938 3833 formae,
2963 3767 3022 3820 et
3046 3758 3177 3821 sine
3206 3758 3396 3820 forma
3425 3766 3702 3839 respectu

2053 3866 2259 3912 rerum
2286 3847 2762 3927 informatarum,
2795 3855 2999 3930 utpote
3027 3866 3207 3931 supra
3235 3846 3514 3912 formam.
3536 3847 3699 3911 Sub-

2054 3938 2272 4002 stantia
2300 3947 2545 4001 cunctas
2584 3939 2948 4001 substantias
3004 3936 3337 4020 pervadens
3366 3955 3474 4000 sua
3504 3940 3701 4019 provi-

2052 4030 2282 4107 dentia,
2316 4036 2375 4091 et
2418 4038 2627 4092 natura
2656 4047 2764 4092 sua
2785 4046 2992 4091 rursus
3034 4028 3107 4091 ab
3150 4028 3313 4090 omni
3370 4027 3705 4093 substantia

2057 4126 2359 4200 exempta;
2394 4126 2606 4183 cuncta
2639 4119 2929 4200 principia
2976 4117 3338 4198 ordinesque
3380 4116 3699 4199 deﬁniens,

2051 4219 2110 4275 et
2166 4226 2345 4290 supra
2375 4227 2553 4272 omne
2610 4209 2965 4289 principium
2998 4207 3391 4287 ordinemque
3446 4205 3704 4270 colloca-

2052 4301 2252 4363 tus.Et
2269 4316 2471 4362 rerum
2494 4308 2586 4361 est
2607 4296 3196 4381 mensura,quoniam
3222 4297 3283 4359 in
3306 4300 3436 4378 ipso
3454 4297 3702 4358 univer-

2053 4406 2120 4452 sa
2154 4388 2638 4466 term‘inantur;et
2670 4388 2952 4451 saeculum
2978 4394 3038 4451 et
3059 4403 3238 4467 supra
3262 4385 3710 4461 saeculum,tan-

2055 4497 2235 4562 quam
2261 4488 2469 4542 auctor
2489 4477 2873 4556 saeculorum;
2896 4476 3065 4559 quasi
3089 4476 3386 4558 perfectus
3406 4481 3466 4537 in
3491 4474 3711 4556 imper-

316 4574 374 4667 ἐν
399 4587 521 4641 τοῖς
553 4574 781 4667 πλήρεσι
814 4595 830 4611 °
865 4578 952 4667 καὶ
1006 4575 1175 4634 τᾶἱλλα
1202 4576 1333 4667 ὑπὲρ
1362 4585 1548 4667 ταύτα,
1596 4576 1686 4630 ’ἱνα
1730 4576 1828 4667 μὴ.
1854 4575 1971 4632 καθ’
1991 4571 2089 4667 υἷι

1931 4569 2252 4667 B’Diectis,
2285 4578 2344 4632 et
2376 4571 2432 4667 iAn
2472 4567 2751 4651 perfectis
2782 4566 3191 4667 imper-lectus,
3240 4566 3459 4667 quippe
3490 4582 3704 4667 supra-

315 4662 547 4723 ἕκαστον
576 4654 841 4745 λέγω-λεν.
895 4656 1066 4725 ’Ὅθεν
1107 4667 1197 4723 καὶ
1265 4665 1381 4722 ἐπεὶ
1436 4666 1572 4739 ἡμῖν
1615 4654 2088 4741 κεκοινώνηκεί]

1929 4687 1973 4722 ιε
1993 4654 2037 4667 ’
2058 4678 2236 4741 quam
2265 4659 2594 4741 perfectus;
2622 4668 2899 4741 tanquam
2930 4656 3147 4739 plenus
3177 4656 3237 4719 in
3271 4654 3702 4736 indigentibus,

317 4757 521 4834 σαρκὸς
568 4757 656 4814 καὶ
703 4756 959 4833 αἵματος,
1016 4757 1105 4813 καὶ
1158 4754 1371 4823 ἀληθῶς
1444 4753 1703 4829 οὒσιώθη,
1745 4756 1833 4812 καὶ
1875 4752 1973 4811 ἄνα·
2058 4770 2090 4813 e

1934 4777 1973 4801 ι·-
2058 4760 2118 4813 et
2149 4767 2512 4832 supraquam
2546 4748 2756 4831 plenus
2785 4749 2847 4811 in
2881 4748 3095 4831 plenis,
3131 4755 3194 4811 et
3222 4762 3587 4828 quacunque
3608 4762 3707 4807 su-

314 4833 534 4922 θρωπος
564 4843 923 4926 ἐχρημάτισε,
969 4844 1152 4927 πάλιν,
1217 4844 1313 4901 κᾶν
1340 4845 1545 4907 τούτοις
1602 4843 1720 4924 ἔχει
1751 4844 1818 4900 τὰ
1875 4849 1975 4912 τῆς
2058 4860 2087 4923 ι]

1935 4851 1975 4912 ις
2058 4858 2165 4923 pra
2196 4839 2322 4904 haec
2344 4851 2512 4916 sunt,
2553 4858 2630 4903 ne
2662 4839 2895 4921 singula
2923 4855 3364 4903 recenseamus.
3391 4833 3541 4927 Hinc
3565 4852 3708 4916 quo-

314 4935 578 5002 θεότητος
600 4925 915 5015 αὐχήματα
932 4925 1146 5010 τέλεια,
1170 4934 1228 4991 οὗ
1262 4934 1423 5011 μόνον
1470 4930 1583 4990 καθ’
1620 4932 1970 4991 ὅᾶναλλοιώ-
2061 4951 2087 4993 ι]

1940 4968 1970 4980 -
2061 4931 2218 4993 niam
2254 4929 2431 4993 etiam
2467 4929 2781 4994 nobiscum
2813 4930 2874 4992 in
2905 4948 3086 4994 carne
3132 4935 3191 4992 et
3227 4925 3517 5007 sanguine
3546 4944 3708 5015 com-

316 5045 425 5090 τως
459 5014 843 5100 κεκοινώνηκε,
878 5023 1043 5102 μηδὲν
1092 5023 1369 5089 πεπονθώς
1413 5024 1555 5103 παρὰ
1596 5022 1695 5092 τῆς
1726 5025 1969 5104 χείρονος
2056 5040 2089 5084 η

1934 5047 1969 5089 ις
2056 5020 2471 5095 municavit,et
2493 5039 2633 5084 vere
2660 5019 3048 5083 substantiam
3075 5027 3335 5081 nostram
3361 5014 3707 5097 assumpsit,

317 5114 734 5195 ἂνθρωπότητος
779 5117 854 5181 είς
909 5115 1008 5183 τὴν
1047 5117 1203 5173 αὐτοῦ
1242 5115 1493 5189 θεότητα,
1554 5111 1674 5170 ἀλλ’
1706 5113 1735 5170 ὃ
1766 5137 1839 5191 τι,
1888 5117 1973 5172 καὶ
2055 5131 2090 5175 e

1935 5117 1973 5172 ιιὶ
2055 5120 2115 5176 et
2137 5112 2315 5187 homo
2337 5112 2528 5175 dictus
2551 5118 2877 5185 est,rursus
2900 5111 3074 5172 etiam
3099 5109 3162 5171 in
3188 5108 3264 5174 iis
3287 5106 3466 5171 habet
3482 5106 3708 5195 perfece

317 5206 383 5262 τὸ
413 5204 631 5262 πάντων
661 5204 996 5281 καινότατον,
1056 5206 1111 5262 ὲν
1171 5218 1289 5270 τοῖς
1347 5215 1592 5284 φυσικοῖς
1621 5204 1778 5280 ἡμῶν
1806 5206 1972 5285 ὕπερ-

320 5295 463 5374 φυὴς
506 5295 601 5372 ἦν,
645 5297 900 5370 πεζεύων,
961 5294 1080 5353 ἀλλ’
1141 5296 1320 5353 ἐπάνω
1380 5292 1685 5353 εὐδιαλύτου
1727 5292 1915 5359 ὕδατος
1964 5313 1977 5327 ⁸

317 5383 535 5459 ὶσθίων,
596 5383 735 5440 ἀλλὰ
793 5383 957 5448 τόσας
1013 5382 1270 5466 χιλιάδας
1327 5381 1602 5464 χορτάζων

325 5474 486 5550 ἡμῖν)
517 5471 570 5539 ἐξ
600 5475 755 5550 ἡμῶν
781 5472 951 5555 ἔχων,
982 5477 1068 5532 καὶ
1111 5475 1248 5549 ὑμᾶς
1278 5472 1581 5554 ὒπερέχων.

2072 5210 2129 5264 ta
2158 5201 2429 5283 quasdam
2477 5201 2727 5279 vestigia
2771 5199 3122 5275 divinitatis;
3157 5218 3278 5263 non
3326 5196 3518 5263 solum
3548 5194 3710 5279 quod

2070 5292 2352 5356 divinitas
2413 5292 2543 5355 sine
2601 5291 2722 5353 ulla
2776 5289 3191 5354 inmutatione
3233 5290 3374 5353 359
3403 5287 3710 5352 nobiscum

1652 5401 1667 5416 -
1714 5384 1888 5443 πάντα
1917 5386 1982 5443 τὰ
2073 5381 2831 5462 communicarit,nihilque
2864 5399 2899 5443 a
2928 5381 3121 5445 viliori
3151 5379 3514 5445 humanitate
3547 5392 3715 5457 passa

2064 5482 2365 5551 sit;verum
2379 5471 2735 5555 etiam,quod
2753 5471 2921 5535 novis
2939 5470 3215 5535 omnibus
3228 5468 3484 5533 maxime
3494 5481 3712 5555 novum

322 5569 442 5639 est,
476 5562 541 5624 in
569 5554 939 5625 naturalibus
978 5561 1197 5627 nostris
1225 5561 1703 5645 supernaturalis
1735 5572 2058 5650 exstiterit.
2095 5568 2434 5643 ambulans,
2470 5562 2576 5627 sed
2598 5554 2789 5645 ’supra
2813 5580 3029 5641 aquam
3063 5562 3277 5626 ﬂuxam
3314 5579 3331 5639 ;
3363 5554 3710 5631 comedens,

320 5634 438 5759 sed
464 5659 550 5759 tot
581 5652 772 5759 millia
800 5652 1052 5759 satiaris,
1070 5653 1284 5759 omnia
1304 5634 1507 5759 hosne
1529 5670 1601 5716 ex
1635 5654 1813 5759 nobis
1840 5634 2269 5759 abripi-aibas
2300 5634 2662 5759 excellenter
2684 5634 2944 5756 habens.

406 5740 575 5825 ΞΧΙ.
619 5745 842 5805 Τούτων
885 5745 983 5824 μὲν
1033 5744 1152 5813 ἃλις
1178 5763 1196 5783 ⁸
1251 5743 1337 5803 ἐπὶ
1380 5741 1435 5802 δὲ
1493 5753 1589 5804 τοῦ
1640 5744 1804 5829 λόγου
1863 5783 1994 5825 σκο-

2158 5730 2300 5846 ξΧΙ.
2332 5750 2453 5818 Sed
2488 5748 2564 5813 de
2594 5744 2687 5811 his
2738 5746 2903 5810 satis:
2950 5743 3129 5809 modo
3172 5746 3468 5810 sermonis
3524 5730 3713 5808 nostri
