4156 6156
566 314 686 393 675

1748 318 1808 390 S.
1858 325 2200 389 DIONYSII
2245 316 2756 390 AREOPAGIT/E

3812 325 3919 394 676

563 480 807 544 scopum
841 472 1293 541 prosequamur,
1324 450 1664 524 communia
1687 469 1744 524 et
1781 462 1944 523 unita
1984 469 2200 525 sanctae

2289 462 2385 517 πὸν
2431 476 2728 541 προΐωμεν,
2786 462 3141 524 ἀνελίττοντες
3194 464 3256 519 τα
3307 462 3457 519 κοινὰ
3521 465 3607 519 καὶ
3651 464 3908 540 ἡνωμένα,

563 550 873 618 Trinitatis
906 549 1306 630 nomina,qure
1352 550 1567 613 divinae
1609 559 1747 614 sunt
1779 550 2201 633 distinctionis,

559 650 765 721 utpote
792 640 1085 701 donorum
1110 638 1440 701 divinorum
1467 660 1601 721 quae
1621 660 1655 701 a
1680 643 1800 704 Deo
1823 640 2201 721 distinguun-

563 727 1155 810 tur,exponentes.Et
1190 737 1252 787 ut
1282 728 1439 790 clare
1477 730 2202 802 deﬁniamus,distinctio-

561 840 699 884 nem
750 819 1009 881 divinam
1059 835 1189 877 esse
1238 817 1515 899 dicimus,
1552 821 1736 882 Deum
1782 818 2085 895 deventes,
2117 818 2200 881 uti

564 912 793 974 dictum
828 917 939 978 est,
966 906 1344 980 donationes;
1372 907 1507 967 dum
1537 907 1692 969 enim
1723 907 1902 969 rebus
1925 909 2198 969 omnibus

562 1000 855 1062 bonorum
887 996 1183 1058 consortia
1213 996 1633 1077 impertit,tum
1662 998 1822 1058 unite
1842 997 2103 1078 quidem,
2141 999 2196 1058 id

561 1098 652 1152 est
673 1106 743 1151 ex
765 1087 942 1149 unius
969 1093 1190 1147 natura:
1210 1086 1567 1165 proprietate
1588 1086 1649 1148 in
1674 1106 1777 1148 sua
1804 1106 2048 1149 munera
2072 1088 2199 1149 dis-

565 1179 874 1258 tinguitur,
910 1175 1302 1255 multiplicata
1321 1194 1460 1237 vero
1493 1177 1552 1238 in
1578 1176 1867 1240 beneﬁcia
1890 1177 2205 1258 particula-

560 1268 911 1348 ria,rursum
938 1262 1166 1339 unitur;
1193 1265 1471 1344 quoniam
1490 1284 1557 1326 ex
1575 1284 1690 1327 uno
1707 1266 1828 1328 Deo
1852 1267 2049 1327 omnia
2066 1274 2205 1328 sunt

563 1351 951 1417 beneﬁcia.Et
982 1351 1136 1413 dona
1166 1352 1407 1433 quidem
1434 1355 1494 1415 in
1520 1353 1774 1433 singulis
1806 1355 2199 1437 multiplican-

558 1449 932 1526 tur,manent
961 1450 1158 1504 autem
1215 1442 1274 1503 in
1323 1461 1441 1508 uno
1492 1444 1622 1506 sine
1655 1445 2017 1523 egressione,
2052 1464 2119 1507 ac
2152 1445 2203 1506 si

558 1536 618 1596 in
650 1552 768 1596 uno
799 1533 900 1612 qui
934 1540 1024 1593 est
1050 1531 1150 1594 illa
1180 1534 1313 1614 quis
1344 1534 1557 1615 videat;
1595 1535 1875 1615 quoniam
1910 1534 2064 1599 Deus
2114 1544 2203 1597 est

559 1626 611 1685 is
642 1623 740 1704 qui
782 1631 894 1693 est,
945 1621 1051 1683 sed
1084 1623 1671 1701 superessentialtter
1698 1642 1711 1687 :
1742 1632 1797 1685 et
1829 1624 2104 1705 producit
2131 1643 2202 1688 ea

558 1732 691 1797 quae
720 1723 882 1787 sunt;
908 1713 1169 1792 dumque
1201 1713 1270 1773 iis
1302 1712 1507 1775 tribuit
1539 1715 2129 1797 esse,multipiicatur
2150 1714 2200 1778 is

560 1788 717 1885 quod
745 1820 927 1865 unum
961 1788 1130 1863 estin
1168 1802 1239 1863 iis
1260 1821 1389 1882 quae
1420 1803 1601 1865 multa
1618 1788 1779 1881 sunt;
1814 1788 2200 1867 nibilominus
2224 1788 2261 1840 Β

559 1900 757 1956 tamen
797 1892 857 1953 in
896 1891 1236 1953 istiusmodi
1277 1892 1771 1973 multiplicatione
1817 1903 2013 1956 manet
2046 1894 2106 1955 in
2136 1912 2201 1956 se

556 1981 704 2061 quid
727 2000 935 2062 unum,
955 1991 1013 2043 et
1038 1981 1095 2042 in
1116 1981 1483 2061 singulorum
1514 1982 1900 2046 distinctione
1933 1981 2197 2062 plenum,

558 2076 837 2154 quoniam
862 2078 953 2133 est
973 2070 1047 2132 ab
1073 2069 1351 2132 omnibus
1373 2069 1552 2134 rebus
1576 2072 2064 2153 exemplum,tam
2085 2076 2201 2135 sin-

559 2161 749 2243 gulari
773 2159 1162 2243 productione
1178 2165 1440 2222 omnium
1468 2159 1909 2240 (scilicetsimul
1926 2160 2196 2242 volendo,

560 2258 618 2313 et
647 2269 763 2313 non
786 2249 1065 2332 paulatim
1090 2268 1156 2311 ac
1201 2266 1307 2329 per
1358 2257 1552 2331 partes
1573 2258 1635 2313 et
1667 2250 1892 2312 minuta
1917 2249 2196 2331 fusione;)

557 2339 696 2422 quia
723 2339 1053 2414 Deus,dum
1072 2356 1167 2401 res
1189 2338 1533 2413 creat,nihil
1556 2339 1857 2400 imminuit
1888 2340 2039 2402 bona
2069 2358 2196 2421 sua,

554 2428 662 2491 sed
692 2427 833 2509 quid
860 2446 1041 2489 unum
1076 2427 1290 2499 existit.
1325 2444 1391 2489 ac
1423 2431 1699 2489 virtutem
1737 2429 1958 2489 unitam
1993 2428 2199 2490 distri-

558 2518 683 2579 buit
711 2516 954 2579 cuilibet
980 2517 1130 2597 parti
1161 2517 1281 2579 sive
1315 2517 1678 2593 mundi,sive
1709 2517 2001 2580 animalis.
2052 2516 2196 2579 Nam

562 2625 697 2688 pars
717 2606 996 2689 quaelibet
1018 2607 1157 2687 quid
1183 2626 1361 2669 unum
1390 2617 1482 2669 est
1505 2610 1679 2669 etiam
1701 2609 1806 2671 teti
1828 2608 1991 2688 (quia
2014 2616 2197 2671 totum

556 2707 645 2759 est
670 2697 810 2779 quid
836 2698 1043 2778 unum)
1074 2697 1250 2759 etiam
1307 2698 1410 2760 uni
1455 2706 1677 2774 atomo,
1728 2716 1794 2759 ac
1831 2697 2200 2760 multitudini

554 2787 679 2850 sive
701 2786 1066 2867 multis,quae
1086 2796 1222 2849 sunt
1243 2788 1384 2867 quid
1409 2805 1589 2849 unum
1615 2786 2007 2868 Specie,sicut
2032 2787 2198 2849 multi

555 2877 829 2939 homines
859 2885 996 2937 sunt
1038 2876 1177 2956 quid
1226 2894 1409 2938 unum
1453 2875 1836 2938 natura.Cum
1878 2877 2075 2957 itaque
2108 2877 2199 2938 bis

555 2966 832 3028 omnibus
864 2966 1165 3048 impertiat
1195 2967 1502 3042 unitatem,
1539 2967 1677 3030 dum
1705 2986 1774 3028 ea
1798 2986 1865 3029 ex
1902 2967 2198 3048 princrpa-

558 3056 714 3119 libus
764 3056 1101 3129 elementis,
1137 3075 1269 3136 quae
1317 3056 1566 3138 ipsemet
1620 3057 1905 3138 condidit,
1945 3076 2195 3137 compo-

555 3148 667 3227 nit,
700 3153 758 3207 et
787 3145 1018 3227 singula
1050 3164 1121 3208 ex
1148 3146 1477 3226 composito
1509 3145 1649 3227 quid
1693 3164 1874 3207 unum
1924 3146 2085 3222 facit;
2118 3147 2197 3208 si—

555 3234 776 3298 militer
808 3236 1025 3298 iterum
1053 3234 1195 3317 quid
1242 3253 1428 3298 unum
1473 3248 1588 3313 est,
1635 3254 2008 3317 nequaquam
2035 3254 2198 3299 crea-

554 3327 813 3391 tionibus
844 3335 901 3390 in
938 3326 1380 3392 multitudinem
1416 3327 2195 3410 divisus,quemadmodum

552 3435 672 3481 una
693 3419 1023 3499 eademque
1041 3437 1137 3482 ars
1163 3417 1442 3499 alicujus,
1474 3435 1607 3500 quae
1628 3419 1841 3480 virtute
1868 3419 2053 3481 multa
2071 3428 2197 3482 arte

552 3507 708 3571 facta
734 3524 1119 3589 componens,
1136 3516 1194 3571 et
1217 3506 1395 3569 rebus
1420 3507 1917 3570 immaterialibus
1949 3509 2198 3589 praefec-

553 3601 878 3679 ta,rursum
900 3597 961 3658 in
978 3597 1298 3678 semetipsa
1313 3615 1427 3660 una
1440 3598 1811 3679 simplexque
1834 3608 2198 3679 manet,cum

553 3704 751 3768 neque
781 3704 916 3768 pars
936 3686 1013 3749 sit
1033 3696 1159 3749 arte
1184 3690 1495 3763 factorum,
1521 3705 1717 3769 neque
1747 3688 1885 3768 quid
1916 3696 2097 3750 totum
2130 3707 2202 3751 ex

555 3775 631 3837 iis
652 3776 993 3840 conﬂatum.
1039 3774 1349 3849 Quomodo
1377 3781 1537 3838 enim
1566 3795 1666 3838 ars
1697 3794 1830 3858 pars
1862 3794 1991 3839 esse
2018 3778 2203 3860 possit

558 3881 765 3928 eorum
796 3883 925 3947 qum
949 3874 1074 3929 arte
1101 3867 1599 3939 consistunt,cum
1632 3866 1759 3946 ipsa
1782 3866 2033 3947 singulis
2059 3886 2203 3949 prae-

562 3955 783 4019 sideat?
819 3956 1116 4039 quomodo
1144 3962 1344 4020 autem
1380 3957 1521 4017 540
1556 3964 1739 4018 totum
1779 3973 1851 4018 ex
1891 3957 1983 4017 bis
2013 3959 2113 4036 sit,
2146 3966 2205 4020 et

564 4064 696 4128 qua:
726 4046 890 4127 prior
914 4055 1002 4109 est
1043 4063 1118 4109 ex
1140 4047 1662 4128 posterioribus,et
1692 4065 1869 4109 causa
1918 4066 1993 4109 ex
2029 4048 2203 4109 ell‘ec-

554 4137 629 4199 tis
651 4142 889 4200 existat?
913 4136 1086 4200 Unde
1109 4136 1285 4198 etiam
1314 4136 1904 4217 concluditur,Deum
1931 4156 2049 4200 non
2069 4156 2202 4202 esse

546 4225 887 4288 istiusmodi
911 4244 1095 4289 unum
1124 4226 1289 4308 quid,
1318 4226 1493 4308 quale
1523 4225 1584 4287 in
1610 4224 1782 4288 nobis
1811 4236 1919 4290 est:
1939 4227 1998 4288 in
2029 4227 2203 4291 nobis

550 4316 708 4378 enim
763 4315 823 4378 id
871 4316 1031 4394 quod
1088 4335 1273 4378 unum
1308 4326 1420 4391 est,
1458 4315 1552 4378 vel
1584 4324 1769 4378 totum
1802 4316 1889 4379 vel
1923 4335 2058 4398 pars
2090 4327 2198 4392 est;

2289 556 2381 620 τῆς
2413 553 2563 629 ἁγίας
2595 551 2797 619 δηλαδὴ
2843 550 3059 631 Τριλίδος
3115 553 3353 627 ὀνόματα
3407 558 3504 619 τῆς
3552 553 3691 617 θείας
3718 550 3914 632 διακρί-

2284 663 2441 722 ost-3;,

2286 733 2567 809 κρίνονται.
2609 734 2703 790 Καὶ
2754 730 2846 788 ἵνα
2892 738 3070 812 σαφῶς
3134 731 3610 811 προδιορισώμεθα,
3649 731 3866 813 διάκρισι
3898 751 3910 764 ’

2284 823 2423 878 θείαν
2476 823 2648 902 φαμὲν
2702 823 2796 885 τὰς
2855 822 3270 902 ἂγαθοπρεπεῐς,
3317 824 3389 887 ὡς
3423 823 3664 904 εἴρηται,
3728 821 3913 899 δωρεάς

2285 910 2588 987 δωρουμένη
2622 913 2719 990 γὰρ
2752 918 2879 968 πᾶσι
2911 926 3027 976 τοῖς
3086 912 3198 970 οὖσι
3258 915 3350 976 τὰς
3413 917 3516 969 τῶν
3568 914 3774 991 ἀγαθῶν
3817 936 3909 988 με·

2285 1002 2516 1073 τουσίαε,

2475 644 2627 698 οἱονεὶ
2696 648 2802 699 τῶν
2831 643 2981 698 θείων
3041 640 3272 721 δωρεῶν,
3320 642 3377 699 α’ί
3424 640 3487 711 δὴ
3518 644 3623 699 ἀπὸ
3653 651 3780 701 Θεοῦ
3808 642 3916 701 διά-

2574 1002 2862 1076 ἡνωμὲνως
2920 1002 3039 1077 μὲν,
3086 1001 3250 1081 ἤγουν
3303 1002 3362 1059 ἐκ
3392 1009 3489 1069 τῆς
3534 1002 3792 1070 ἰδιότητος
3822 1008 3911 1070 τῆς

2285 1091 2664 1168 μιᾶςιφόσεως,
2700 1090 3012 1170 διακρίνεται
3043 1096 3116 1156 είς
3166 1093 3257 1155 τὰς
3288 1092 3503 1170 ,δωρεάς
3533 1108 3546 1121 ’
3583 1091 3912 1167 πληθυομὲνη

2287 1178 2337 1234 δὲ
2372 1181 2443 1243 εἷς
2493 1179 2586 1243 τοὶς
2645 1183 2864 1256 μερικὰς
2912 1181 3233 1261 εὗεργεσίας,
3267 1182 3427 1238 πάλιν
3460 1184 3665 1238 ἐνουται
3699 1198 3713 1212 ⁸
3747 1181 3824 1239 ὅτι
3868 1180 3914 1246 ἐξ

2286 1271 2401 1332 ἑνὸς
2440 1272 2571 1324 Θεοῦ
2626 1273 2677 1325 αἱ
2720 1273 3029 1349 εὔεργεσίαι.
3093 1272 3195 1328 Καΐ
3228 1270 3781 1342 πολλαπλασιάζονται
3826 1271 3912 1343 μὲν

2287 1361 2337 1415 αἱ
2368 1358 2555 1438 δωρεαὶ
2585 1359 2670 1416 ἐπὶ
2715 1374 2832 1424 τοῖς
2865 1358 2981 1416 καθ’
3037 1359 3279 1432 ἕκαστον⁹
3318 1361 3533 1435 μένουσι
3570 1360 3625 1417 δὲ
3674 1361 3911 1439 dvenam-

2285 1450 2461 1519 τήτως
2496 1451 2566 1514 εἷς
2604 1452 2664 1506 τὸ
2696 1449 2774 1524 ἓν,
2838 1455 2954 1506 οἷον
2999 1449 3083 1506 ἐπὶ
3128 1451 3243 1514 ἑνὸς
3303 1458 3396 1507 τοῦ
3452 1451 3601 1517 ὄντος
3662 1450 3766 1508 ἴδοι
3817 1474 3911 1524 τις,

2758 1498 2774 1530 ἳ

2285 1537 2469 1607 ἐπειδὴ
2521 1539 2592 1597 ὥν
2652 1541 2793 1596 ἐστιν
2835 1542 2861 1596 ὁ
2911 1542 3063 1613 Θεὸς,
3114 1538 3229 1596 ἀλλ’
3266 1541 3584 1621 ὓπεροοσίως
3625 1564 3635 1573 ·
3673 1543 3757 1598 καὶ
3785 1562 3910 1616 παρ-

2285 1630 2401 1707 άγει
2447 1632 2512 1686 τα
2542 1628 2687 1702 ὄντα,
2723 1632 2782 1685 τὸ
2831 1629 2974 1686 εἶναι
3019 1630 3219 1695 τούτοις
3280 1629 3610 1709 δωρούμενος
3647 1647 3657 1658 ·
3718 1628 3911 1686 πολλα-

2284 1718 2626 1789 πλασιάζεται
2660 1727 2813 1776 τοῦτο
2842 1721 2901 1774 το
2961 1717 3015 1774 ἓν
3047 1718 3103 1774 ὄν
3148 1722 3219 1782 εἰς
3254 1721 3427 1778 πολλὰ
3457 1719 3584 1777 ὄντα
3618 1737 3631 1751 ⁸
3674 1720 3814 1794 μένει
3864 1716 3911 1773 δὲ

2284 1808 2428 1866 οὐδὲν
2471 1808 2629 1877 ἧττον
2673 1808 2727 1863 ἓν
2770 1809 3043 1883 ἡνωμένον
3100 1811 3161 1864 ’57.
3215 1815 3292 1883 τῷ
3348 1810 3566 1882 τοιούτῳ
3612 1809 3908 1886 πληθυσμῷ,

2282 1900 2369 1954 καὶ
2429 1897 2629 1975 πλῆρες
2692 1898 2746 1954 ἐν
2801 1921 2877 1973 τῳ
2942 1896 3285 1977 διακρίνεσθαι
3328 1914 3447 1965 τοτς
3502 1897 3622 1955 καθ’
3679 1898 3905 1967 ἑκαστον,

2284 1986 2417 2044 διότι
2473 1988 2582 2043 ἐστί
2667 1990 2880 2045 πάντῶν
2940 1995 3045 2045 τῶν
3100 1989 3267 2047 ὄντων
3354 1988 3679 2066 ὲξῇρημὲνον
3722 1990 3804 2045 καὶ
3854 1992 3912 2062 τῇ

2285 2079 2451 2151 ἑνιαίᾳ
2506 2083 2826 2158 παραγωγῇ,
2881 2078 3060 2157 (ἤγουν
3109 2081 3175 2155 τῇ
3226 2079 3340 2155 ἅμα
3384 2086 3458 2154 τῷ
3489 2077 3788 2155 βούλεσθαι,
3832 2077 3911 2132 καὶ

2284 2167 2341 2223 οὐ
2399 2169 2532 2225 κατὰ
2600 2170 2787 2247 μικρόν
2816 2190 2870 2226 τε
2902 2171 2993 2227 καὶ
3045 2175 3300 2249 μερικῶς,
3360 2170 3445 2224 καὶ
3476 2174 3544 2244 τῇ
3580 2166 3913 2238 ἁνελαττώτῳ

2284 2259 2437 2337 χύσει
2562 2257 2642 2315 ὅτι
2674 2261 2863 2330 κτίζων
2906 2262 2971 2316 τὰ
2999 2258 3124 2316 ὅντα
3150 2263 3177 2315 ὸ
3212 2262 3365 2338 Θεὸς,
3413 2256 3558 2315 οὒδὲν
3591 2265 3695 2314 τῶν
3725 2255 3911 2314 οἰκείων

2286 2345 2424 2420 μειοί
2481 2346 2714 2424 ἀγαθῶν,
2770 2344 2906 2402 ἀλλὰ
2950 2348 3039 2402 καὶ
3084 2346 3136 2402 ἕν
3168 2348 3265 2420 ὢν,
3319 2348 3405 2402 καὶ
3465 2343 3771 2416 μεταδιδοὺς
3828 2342 3912 2409 τῆς

2286 2436 2479 2498 ὲνιαίας
2538 2433 2806 2511 δυνάμεως
2840 2436 2925 2492 καὶ
2986 2436 3132 2513 μέρει
3166 2437 3374 2508 ἑκάστῳ
3405 2433 3519 2490 εἴτε
3563 2442 3661 2491 τοῦ
3699 2442 3911 2508 κόσμου,

2285 2524 2394 2580 εἴτε
2428 2534 2518 2582 τοῦ
2548 2525 2681 2596 ζώου
2714 2542 2727 2557 ⁸
2764 2532 2866 2581 πᾶν
2911 2527 3009 2604 γὰρ
3042 2525 3198 2601 μέρος
3232 2524 3431 2581 ἑνιαῒόν
3464 2548 3537 2598 τι,
3572 2525 3662 2581 καὶ
3692 2523 3798 2595 ὅλῳ
3838 2520 3913 2601 (τὸ

2283 2615 2382 2692 γὰρ
2429 2613 2551 2671 ὅλον
2607 2615 2661 2670 ἕ)
2716 2614 2791 2693 τι)
2850 2618 2935 2672 καὶ
2993 2616 3068 2671 ἐνι
3124 2617 3327 2690 ἀτόμῳ,
3379 2617 3466 2672 καὶ
3511 2614 3705 2683 πλήθει
3761 2612 3914 2691 ἤγουν

2288 2703 2533 2778 πολλοῖς,
2568 2705 2601 2760 ἅ
2629 2712 2704 2779 τῷ
2733 2703 2863 2760 εἴδει
2915 2704 2967 2761 ἓν
3016 2707 3171 2785 εἰσιν,
3219 2705 3396 2782 ὥσπερ
3428 2705 3474 2759 οἱ
3508 2703 3698 2760 πολλοὶ
3729 2702 3913 2780 ἅνθρω-

2285 2816 2371 2850 ποι
2407 2798 2487 2859 εἷς
2519 2794 2585 2870 τῇ
2617 2795 2764 2874 φύσει
2797 2794 2928 2853 ἐστί.
2978 2797 3193 2858 Τοῦτοις
3230 2797 3316 2851 οὖν
3345 2808 3463 2858 τοῖς
3515 2800 3647 2850 πᾶσι
3696 2801 3784 2849 τοῦ
3813 2792 3916 2853 ἐνὸς

2282 2883 2612 2958 μεταδιδούς,
2659 2887 2853 2948 συνθεὶς
2884 2886 3013 2942 αὐτὰ
3056 2885 3115 2940 ἐκ
3145 2892 3251 2939 τῶν
3282 2884 3520 2964 ἆρχικῶν
3554 2884 3859 2962 στοιχείων,
3888 2878 3919 2933 ἅ

2280 2974 2366 3029 καὶ
2399 2974 2529 3030 αὖτᾶ
2551 2974 2842 3047 ὑπέστησε,
2875 2976 2959 3030 καὶ
2983 2973 3034 3028 ἐν
3068 2976 3298 3044 ποιήσας
3325 2973 3545 3039 ἕκαστον
3561 2980 3631 3050 τῇ
3658 2973 3914 3047 συστάσει,

2280 3063 2438 3120 πάλιν
2471 3062 2524 3119 ἕν
2579 3064 2721 3120 ἐστιν
2751 3065 3029 3137 ὡσαύτως,
3064 3064 3121 3119 οὗ
3167 3064 3428 3141 μερισθεὶς
3470 3075 3589 3128 τοῖς
3624 3065 3697 3121 εἱς
3730 3060 3917 3126 πλῆθος

2280 3151 2764 3231 δημιουργήμασιν,
2826 3154 3003 3231 ὥσπερ
3034 3156 3067 3221 ἡ
3100 3155 3231 3221 αὕτη
3272 3154 3361 3208 καὶ
3413 3153 3508 3227 μία
3549 3150 3753 3231 τέχνης
3785 3151 3915 3211 τινὸς

2281 3241 2519 3319 δύναμις,
2586 3241 2760 3300 πολλὰ
2812 3243 3253 3299 κατασκευάσασα
3323 3242 3591 3321 τεχνητὰ,
3672 3242 3756 3297 καὶ
3811 3250 3917 3300 τοῖς

2282 3331 2454 3398 ἀυλοις
2497 3332 2911 3405 ἐκιστατήσασα,
2974 3332 3131 3389 πάλιν
3187 3334 3241 3387 ἐν
3296 3332 3458 3408 ἑαυτῇ
3492 3331 3587 3406 μία
3638 3332 3725 3386 καὶ
3783 3324 3920 3393 ἁπλῆ

2284 3422 2453 3501 μένει,
2488 3424 2603 3479 οὕτε
2635 3422 2793 3502 μέρος
2826 3422 2954 3479 οὖσα
2986 3428 3091 3477 τῶν
3141 3444 3447 3502 τεχνητων,
3485 3421 3607 3477 οὔτε
3639 3442 3688 3477 τι
3723 3418 3844 3475 ὅλον
3872 3414 3919 3479 ἐξ

2282 3513 2496 3568 ἐκείνων
2540 3513 2904 3591 συγκείμενον.
2957 3517 3076 3576 Πῶς
3120 3514 3219 3590 γὰρ
3282 3524 3441 3588 μέρος
3501 3516 3610 3566 τῶν
3668 3509 3804 3566 κατᾶ
3833 3505 3921 3573 τὴν

2283 3601 2485 3681 τέχνην
2520 3603 2819 3659 συστάντων
2847 3604 2881 3671 ἦ
2912 3602 3106 3682 τέχνη,
3145 3602 3279 3669 αὕτη
3311 3599 3579 3664 ὁλοτελῶς
3607 3601 3698 3679 ἐφ’
3728 3598 3922 3667 ἑκάστῳ

2284 3694 2683 3761 ἐπιστατὴσασα
2719 3712 2735 3766 ς
2769 3699 2881 3757 πῶς
2926 3690 2980 3747 δὲ.
3012 3692 3135 3749 ὀλον
3178 3693 3237 3749 ἐκ
3281 3691 3501 3768 τούτων,
3535 3692 3570 3759 ἦ
3632 3691 3818 3771 πρώτη
3866 3688 3923 3742 Er.

2287 3789 2391 3838 τῶν
2421 3782 2670 3863 ὑστερῶν,
2723 3783 2809 3839 καὶ
2868 3784 2902 3849 ἡ
2936 3783 3073 3839 αἰτία
3129 3781 3188 3839 ἐκ
3243 3788 3349 3837 τῶν
3378 3783 3632 3838 uittatch
3668 3799 3683 3861 ς
3722 3779 3815 3837 Καὶ
3847 3773 3921 3832 διὰ

2286 3873 2439 3930 τοῧτο
2485 3875 2784 3951 σονὰγεται,
2849 3872 2928 3929 ὅτι
2974 3872 3089 3929 οὔτε
3125 3874 3177 3931 ἐν
3208 3872 3323 3930 ἐστι
3370 3873 3433 3928 τὸ
3479 3878 3641 3928 Θεῖον
3672 3870 3918 3943 τοιοῦτον,

2287 3964 2404 4020 οἷόν
2428 3962 2567 4021 ἐστιν
2613 3963 2666 4018 ἐν
2699 3964 2832 4037 ἡμῖν
2870 3977 2883 3991 ·
2920 3963 2973 4019 ὲν
3001 3965 3152 4030 ἡμῶν
3197 3964 3295 4040 γὰρ
3324 3962 3382 4017 τό
3413 3962 3468 4017 ὄν
3492 3959 3526 4029 ἤ
3559 3960 3685 4016 ὅ)ον
3718 3958 3744 4014 ὅ
3776 3956 3920 4033 μέρος

2287 4053 2417 4128 ἐστὶ,
2453 4055 2513 4108 τὸ
2544 4049 2597 4108 δὲ
2630 4060 2787 4109 Θετον
2821 4053 2949 4129 ὑπὲρ
2982 4060 3167 4132 ταῦτα,
3203 4052 3317 4107 οὔτε
3378 4052 3602 4130 μετέχει
3642 4057 3734 4106 τοῦ
3765 4047 3871 4108 ἑνός
3905 4062 3918 4078 ⁸

2285 4146 2397 4209 πῶς
2429 4143 2526 4222 γὰρ
2563 4161 2579 4215 ;
2638 4145 2843 4221 πρῶτον
2876 4143 2975 4222 γὰρ
3011 4141 3159 4198 ἔσται
3193 4144 3350 4200 πάλιν
3396 4141 3574 4220 ἕτερον
3630 4140 3718 4219 ἂν,
3773 4137 3919 4211 οὕπερ

2285 4231 2484 4310 μεθέξει
2515 4235 2576 4288 τὸ
2614 4240 2767 4289 Θεϊον
2806 4249 2819 4262 ·
2850 4236 2908 4287 τὸ
2941 4234 3039 4310 γὰρ
3097 4235 3463 4311 μετεχόμενον
3521 4237 3629 4287 τῶν
3663 4230 3917 4306 μετεχόν-

2283 4346 2389 4380 των
2424 4322 2632 4400 πρῶτόν
2683 4322 2845 4385 ἐστιν,
2906 4323 3034 4380 Οὔτε
3066 4324 3123 4378 τὸ
3154 4322 3215 4377 ἄν
3245 4322 3392 4401 ἔχει,
3432 4320 3504 4382 ὣς
3551 4343 3603 4375 τι
3629 4312 3917 4401 ὶπισύμὸσέ

553 4407 714 4469 Deus
744 4412 1065 4503 autemest
1105 4424 1287 4503 supra
1339 4406 1475 4483 ista;
1524 4425 1716 4503 neque
1764 4407 2072 4503 participat
2103 4407 2200 4503 de

2286 4434 2382 4489 μα,
2415 4412 2451 4479 ἦ
2481 4416 2568 4468 καὶ
2599 4410 2849 4475 οὗσιωδες
2882 4410 3093 4486 ἰδίωμα·
3131 4400 3305 4467 ἐκεῖνο
3362 4400 3461 4489 γὰρ
3520 4407 3641 4490 ἔχει
3673 4409 3733 4463 τὸ
3763 4404 3837 4477 ἓν,
3893 4400 3917 4454 ὃ

553 4513 696 4575 uno;
724 4494 1021 4575 quomodo
1058 4495 1248 4559 enim?
1278 4514 1414 4557 nam
1445 4498 1533 4557 sic
1564 4496 1780 4559 iterum
1826 4497 1986 4557 aliud
2020 4496 2196 4576 quid-

2284 4503 2419 4559 ἐστιν
2478 4503 2623 4559 οὖσία
2669 4503 2754 4558 καὶ
2812 4501 2895 4581 ὅν,
2947 4504 3008 4558 τὸ
3052 4499 3105 4556 δὲ
3152 4509 3307 4559 Θεῖον
3353 4499 3481 4575 ὑπὲρ
3510 4501 3611 4566 τὴν
3641 4496 3815 4555 οὐσίαν
3842 4492 3920 4547 καὶ

553 4584 688 4647 dam
720 4603 902 4647 unum
935 4585 1101 4665 prius
1131 4585 1445 4666 erit,cujus
1479 4589 1772 4668 particeps
1816 4587 1931 4649 erit
1991 4587 2145 4649 Deus
2182 4607 2195 4644 :

553 4674 838 4755 quoniam
881 4674 941 4737 id
988 4675 1146 4757 quod
1191 4676 1595 4757 participatur,
1629 4677 1795 4758 prius
1832 4684 1920 4738 est
1968 4676 2040 4738 iis
2069 4695 2199 4757 quae

553 4764 935 4847 participant.
964 4763 1171 4847 Neque
1201 4765 1379 4828 etiam
1412 4766 1555 4848 quid
1581 4785 1762 4828 unum
1790 4776 1878 4828 est
1920 4774 2195 4848 tanquam

553 4872 662 4935 per
694 4856 995 4933 accidens,
1035 4854 1127 4921 vel
1162 4856 1337 4919 etiam
1374 4866 1437 4918 ut
1465 4856 1795 4937 proprietas
1826 4857 2196 4934 essentialis;

552 4946 681 5006 haec
710 4945 871 5008 enim
902 4944 1047 5009 illud
1075 4964 1259 5008 unum
1291 4944 1470 5009 habet
1498 4946 1651 5026 quod
1688 4946 1943 5009 essentia
1974 4958 2031 5008 et
2062 4966 2193 5023 ens;

553 5032 710 5096 Deus
737 5044 934 5099 autem
964 5055 1148 5119 supra
1175 5037 1496 5101 essentiam
1529 5045 1617 5099 est
1647 5043 1702 5097 et
1748 5054 1926 5118 supra
1956 5036 2199 5100 ens.His

552 5122 830 5187 omnibus
859 5124 1057 5207 itaque
1088 5127 1265 5189 modo
1299 5126 1474 5208 longe
1501 5124 1835 5189 sublimiori
1865 5126 2024 5189 Deus
2056 5126 2198 5208 quid

550 5228 735 5275 unum
768 5222 878 5283 est,
906 5233 1087 5297 supra
1113 5235 1297 5279 unum
1335 5217 1492 5299 quod
1550 5225 1641 5279 est
1687 5218 1751 5279 in
1802 5215 2007 5292 rebus;
2055 5218 2202 5299 quin

550 5303 727 5365 etiam
764 5302 1079 5367 multitudo
1109 5314 1224 5388 est,
1249 5326 1381 5369 cum
1414 5312 1476 5369 in
1505 5308 1727 5389 optima
1773 5326 2027 5388 quaeque
2071 5326 2200 5370 mu-

552 5410 700 5456 nera
710 5394 1938 5477 providentiasquemultiplicetur,minimc
1951 5397 2196 5476 divisus,

550 5482 658 5549 sed
681 5501 752 5547 ex
779 5484 1012 5567 integro
1043 5485 1295 5565 singulis
1321 5487 1603 5569 obtingat,
1631 5489 1860 5549 tametsi
1887 5506 1993 5569 pro
2020 5489 2201 5552 facul-

550 5581 670 5640 tate
696 5594 945 5660 quzeque
975 5594 1081 5639 sua
1110 5577 1304 5658 ipsum
1348 5579 1725 5659 participem.
1760 5578 2078 5653 Quorcirca
2113 5590 2200 5644 est

551 5666 961 5760 inexhaustus,
992 5677 1049 5733 et
1079 5668 1498 5755 superplenus;
1539 5671 1587 5731 si
1624 5670 1781 5733 enim
1811 5672 2193 5755 divideretur,

2279 4592 2407 4672 ὑπὲρ
2436 4594 2497 4649 τὸ
2531 4592 2610 4655 ὅν,
2664 4589 2846 4670 Πὸρῥω
2893 4598 3017 4669 γοῦν
3073 4592 3273 4649 τούτων
3302 4590 3551 4647 ἁπάντων
3587 4590 3647 4646 τὸ
3691 4594 3843 4643 Θεῐον
3869 4580 3917 4635 ἔν

2281 4684 2409 4762 ὑπὲρ
2438 4684 2499 4740 τὸ
2531 4681 2587 4738 ἓν
2648 4696 2765 4746 τοῖς
2798 4683 2941 4738 οὖσιν
2985 4681 3041 4737 ἕν
3071 4697 3085 4711 ⁶
3121 4680 3259 4737 ἀλλὰ
3318 4681 3404 4736 καὶ
3452 4679 3685 4759 πλῆθος,
3716 4676 3823 4733 ἐπεὶ
3853 4672 3918 4731 εἷς

2280 4774 2375 4837 τὰς
2428 4774 2819 4851 ἁγαθοπρεπεϊς
2885 4770 3079 4850 δωρεὰς
3118 4773 3206 4828 καὶ
3236 4770 3489 4849 προνοίας
3560 4767 3915 4851 πεπλήθονῖπι

2282 4866 2361 4939 μὴ
2399 4848 2765 4941 μεριζόμενον,
2812 4860 2931 4917 ἀλλ’
2963 4848 3299 4941 Ὕὸλοκλῆρῶς
3353 4861 3600 4923 ἑκάστοις
3662 4848 3916 4936 προσϐάλο

2282 4952 2396 5029 λον,
2430 4954 2473 5009 εἰ
2504 4954 2589 5009 καὶ
2619 4953 2683 5009 τὰ
2714 4952 3014 5031 μετέχοντα
3049 4952 3180 5010 κατὰ
3236 4951 3333 5018 τὴν
3392 4950 3587 5007 οἰκείαν
3638 4947 3913 5023 μετέχωσι

2282 5041 2523 5121 δύναμιν,
2585 5043 2683 5099 Διά
2733 5065 2887 5099 τουτο
2946 5041 3288 5122 ἀπλήρωτόν,
3333 5037 3672 5117 ὑπερπλῆρες
3707 5056 3723 5073 ·
3759 5037 3801 5091 εἰ
3828 5032 3915 5110 γὰρ

2283 5133 2578 5212 ἆμερίζὲτο,
2613 5132 2932 5212 ἐπληροῦτο,
2967 5138 3072 5189 πᾶν
3100 5133 3188 5189 καὶ
3217 5132 3278 5188 τὸ
3323 5130 3381 5186 ἓν
3411 5149 3426 5164 ·
3473 5129 3561 5185 καὶ
3592 5128 3656 5185 τὸ
3700 5125 3912 5198 πλῆθος,

2284 5223 2785 5303 παράγον,τελειοῦν
2843 5223 2931 5280 καὶ
2991 5221 3239 5301 συνέχον,
3296 5218 3508 5278 πολλῶν
3573 5221 3711 5275 θεῶν
3779 5224 3915 5303 γινοῗ

2284 5315 2481 5391 μένων,
2515 5319 2603 5370 καὶ
2647 5314 2754 5370 τῶν
2809 5312 3074 5392 ἀγγέλων,
3137 5314 3229 5369 καὶ
3289 5317 3392 5367 τῶν
3438 5308 3729 5387 ἀνθρώπων
3778 5305 3842 5378 τῇ
3872 5297 3915 5363 ἐξ

2284 5406 2440 5462 αὐτοῦ
2481 5402 2665 5461 θεώσει
2726 5404 2778 5459 ἐν
2823 5410 2898 5476 τῷ
2955 5406 3089 5460 κατὰ
3137 5400 3353 5477 δύναμιν
3398 5400 3622 5458 ἑκάστου
3679 5392 3911 5467 θεοειδεϊ,

2281 5494 2307 5550 ὅ
2339 5494 2443 5551 ἀπὸ
2476 5502 2606 5551 Θεοῦ
2635 5492 2992 5570 λαμϐάνουσι,
3030 5503 3194 5549 Δοκεῖ
3264 5492 3362 5567 μὲν
3395 5491 3484 5548 οὖν
3527 5488 3787 5566 ἐντευθεν,
3842 5481 3916 5537 ὅτι

2277 5587 2339 5642 τὸ
2393 5592 2550 5642 Θεϊον
2608 5583 2923 5665 διακρίνεται
2981 5584 3069 5641 καὶ
3120 5582 3438 5650 πληθύνεται
3511 5580 3564 5635 ἐν
3650 5579 3729 5654 τῷ
3779 5577 3917 5630 θεοῦν

2279 5674 2498 5733 ἕκαστον
2530 5695 2541 5709 ·
2581 5674 2698 5732 αλλ’
2731 5674 2875 5734 οὖδὲν
2906 5675 3063 5745 ἧντον
3095 5676 3122 5732 ὁ
3153 5673 3430 5755 Ἀρχίθεος
3462 5672 3544 5741 εἷς
3600 5681 3753 5748 Θεὺς,
3789 5667 3915 5746 ἁμέ-
