4156 6156
279 361 398 435 677

763 353 861 432 De
904 354 1199 433 DIVINIS
1238 361 1686 448 NOMINIBUS,
1731 367 1896 432 CAP.

2012 415 2027 432 .
2089 400 2162 413 —
2211 368 2628 452 PARAPHR.,
2682 360 3174 437 PACHYMEPuE

3536 362 3655 445 6'78

276 528 453 585 ριστος
532 503 585 560 ἐν
644 517 763 568 τοῖς
836 516 1152 583 μεριστοϊς,
1220 500 1486 579 ἡνωμένος
1556 502 1726 578 ἑαυτῷ
1796 504 1921 583 ὓπὲρ

2008 502 2523 585 impleretur,cu'n
2558 522 2735 567 omne
2758 510 2877 571 tam
2907 526 3089 570 unum
3114 528 3292 590 quam
3331 513 3658 577 multitudi-

274 594 485 654 ἅπασαν
527 594 735 653 ἕνωσιν·
787 596 874 653 καὶ
931 593 1133 673 ἀμιγὴς
1184 593 1358 669 μένων
1414 606 1534 658 τοῖς
1579 592 1805 658 πολλοῖς
1839 595 1921 650 καὶ

273 686 630 759 ἆπλήθυντος,
666 687 739 749 ὡς
781 686 843 742 τὸ
874 690 985 765 φῶς
1033 690 1126 742 τοῦ
1178 682 1348 760 ἡλίου,
1404 682 1632 748 πολλοὺς
1674 683 1918 764 φωτίζον,

272 775 419 853 μένει
469 775 527 833 ἓν
575 777 665 833 καὶ
716 773 1070 845 ἀπλήθυντον.
1128 774 1231 832 Καὶ
1289 772 1443 831 τοῦτο
1501 774 1773 854 ὑπερφυῶς
1832 772 1920 828 ἐν·

267 868 467 937 νοήσας
518 867 547 922 ὃ
602 867 779 929 κοινὸς
830 866 986 939 ἡμῶν
1042 860 1356 925 διδάσκαλος
1413 863 1544 938 ἐμοῦ
1591 884 1648 920 τε
1691 866 1779 919 καὶ
1832 867 1924 919 τοῦ

266 956 530 1035 ἡμετέρου
612 956 974 1033 καθηγεμόνος
1050 955 1141 1010 τοῦ
1216 951 1452 1031 μεγάλου
1532 949 1808 1032 Ἰεροθέου,
1864 954 1925 1009 τὸ

269 1046 382 1127 φῶς
417 1051 509 1103 τοῦ
556 1044 784 1124 κόσμου,
833 1045 906 1108 ὡς
969 1039 1279 1104 διδάσκαλος
1328 1041 1419 1100 τοῦ
1447 1043 1673 1116 κόσμου,
1706 1045 1792 1098 καὶ
1824 1065 1930 1118 μα-

268 1135 438 1203 θητὴς
465 1134 558 1193 τοῦ
586 1135 777 1213 κυρίως
810 1142 903 1193 τοῦ
931 1131 1133 1208 κόσμου
1164 1133 1364 1213 φωτὸς,
1410 1135 1437 1188 ὁ
1490 1131 1657 1211 μέγας
1725 1130 1927 1193 Παῦλός

271 1248 437 1306 φημι,
503 1221 626 1282 τάδε
701 1224 860 1304 φησὶν
931 1222 1142 1287 ἒνθέως’
1216 1219 1323 1279 Κᾶν
1386 1223 1493 1279 θεοὶ
1562 1220 1754 1279 πολλοὶ
1830 1222 1921 1278 καὶ

276 1316 444 1395 κύριοι
499 1317 603 1370 ὦσι
675 1314 811 1371 κατὰ
886 1312 1068 1392 χάριν,
1130 1313 1177 1369 οἷ
1229 1314 1365 1368 θεῖοι
1440 1309 1655 1389 ἄγγελοι
1727 1313 1815 1368 καὶ
1876 1312 1919 1367 οἱ

276 1405 405 1484 ἱεροὶ
438 1402 640 1484 ἄνδρες·
700 1400 817 1458 ἄλλ’
875 1404 1009 1477 ἡμῖν
1065 1414 1146 1467 εϊς
1187 1402 1316 1465 θεὸς
1372 1400 1583 1467 ἀληθῶς
1640 1403 1668 1459 δ
1714 1401 1915 1480 Πατὴρ,

279 1497 308 1552 ὁ
363 1495 506 1567 Υἱὸς,
536 1494 623 1552 καί
653 1494 714 1550 τὸ
745 1490 901 1571 ἅγιον
936 1489 1170 1568 Πνεῦμα,
1206 1492 1278 1554 ὡς
1306 1491 1443 1547 κατὰ
1472 1488 1751 1566 μετάδοσιν
1781 1490 1919 1567 ἁμέ-

2007 611 2143 655 nem
2178 593 2490 674 producat,
2526 593 2816 675 perﬁciat,
2855 606 2913 659 et
2946 599 3270 675 contineat,
3304 602 3506 665 multis
3538 612 3652 667 tam

2005 683 2231 763 angelis
2261 701 2436 766 quam
2462 683 2808 747 hominibus
2834 703 2907 748 ex
2932 686 3119 768 ipsius
3138 689 3525 755 deiﬁcatione
3539 694 3656 756 diis

2007 772 2195 863 iactis,
2221 773 2395 854 juxta
2424 774 2713 863 cujusque
2735 774 3086 838 deiformem
3109 778 3652 863 ﬁcultatequuam

2005 881 2039 925 a
2067 862 2186 927 Deo
2207 863 2527 944 accipiunt.
2564 862 3097 946 Hincitaque,dum
3132 871 3464 950 quemlibet
3486 872 3655 936 deifi-

2007 961 2121 1034 eat,
2156 952 2385 1015 videtur
2412 953 2851 1036 quodammodo
2885 955 3163 1034 distingui
3188 960 3654 1038 etmultiplicari

2010 1041 2166 1104 Deus
2199 1040 2626 1118 ;nihilominus
2647 1043 2983 1105 Archideus
3017 1064 3170 1108 unus
3205 1057 3296 1110 est
3318 1047 3662 1125 Deus,indi-

2010 1132 2225 1195 viduus
2244 1131 2303 1193 in
2328 1131 2603 1208 dividuis,
2629 1133 2829 1195 unitus
2860 1133 2919 1194 in
2965 1137 3291 1217 semetipso
3317 1155 3496 1220 supra
3520 1159 3657 1203 om-

2003 1241 2141 1313 nem
2166 1227 2537 1313 unionem;et
2559 1222 2970 1313 impermistus
2990 1235 3190 1288 manet
3224 1228 3658 1313 multis,neque

2004 1310 2841 1394 multiplicatur,sicutlumen
2858 1312 3002 1377 solis
3025 1315 3167 1377 dum
3194 1316 3410 1380 multos
3431 1310 3659 1383 illumi-

2004 1408 2334 1476 nat,manet
2376 1408 2660 1477 unom,et
2678 1420 2797 1464 non
2829 1402 3285 1484 multiplicatur.
3322 1406 3493 1481 Quod
3521 1428 3659 1473 cum

2007 1493 2244 1572 egregie
2274 1498 2479 1554 nosset
2498 1492 2836 1555 communis
2868 1501 3088 1570 noster,
3124 1513 3294 1561 meus
3327 1496 3573 1576 inquam
3596 1508 3655 1563 et

279 1607 456 1665 ριστον
516 1585 598 1641 καὶ
652 1581 973 1639 ἀσκὲδαστον
1031 1585 1129 1648 τῆς
1206 1579 1506 1655 ἐπωνυμίας
1572 1578 1695 1649 τῆς
1726 1580 1921 1643 οἰκείας

2006 1584 2389 1672 praeceptoris
2416 1580 2532 1644 mei
2565 1583 2762 1660 magni
2793 1581 3099 1646 Hierothei
3135 1602 3485 1669 praaceptor,
3547 1591 3652 1672 qui

277 1675 532 1742 θεότητος
590 1674 677 1729 vui
733 1670 1044 1750 κυριότητος
1099 1682 1215 1736 τοῖς
1273 1668 1499 1733 πολλοῖς
1551 1668 1921 1745 μεταδίδωσιν,

2006 1671 2158 1736 sicut
2188 1679 2277 1733 est
2307 1670 2516 1733 doctor
2542 1672 2767 1747 mundi,
2799 1673 2886 1734 sic
2922 1682 2978 1736 et
2997 1672 3096 1737 lux
3119 1668 3349 1752 mundi,
3379 1686 3439 1742 et
3460 1668 3653 1744 disci-

280 1767 345 1823 οὗ
386 1760 981 1842 κατακερματιζομένης
1044 1759 1141 1829 τῆς
1198 1759 1449 1828 θεότητος
1503 1761 1574 1825 εἷς
1620 1759 1758 1838 μέρη
1796 1763 1921 1816 θεο-

2006 1761 2180 1852 pulus
2205 1760 2337 1852 ejus
2354 1759 2460 1852 qui
2482 1777 2616 1852 vere
2636 1762 2735 1824 lux
2759 1763 3650 1852 estmundi,magnus,inquam,

280 1857 487 1934 τήτων,
517 1856 593 1920 ὡς
624 1852 822 1933 χρυσὸς
855 1851 927 1916 είς
979 1850 1302 1927 νομίσματα*
1355 1848 1473 1907 οὔτε
1537 1853 1644 1907 τῶν
1703 1848 1918 1907 πολλῶν

2006 1851 2248 1943 Paulus,
2281 1849 2563 1943 divinitus
2597 1851 2721 1943 haec
2750 1852 2833 1914 ait
2881 1873 2895 1915 :
2929 1851 3070 1943 Etsi
3096 1855 3215 1917 sint
3245 1855 3334 1919 dii
3365 1848 3571 1943 multi,
3600 1867 3658 1922 et

277 1945 413 2003 θεῶν
442 1941 891 2021 συμπληρούντων
942 1951 1043 2009 την
1097 1941 1260 2008 αὐτὴν
1315 1940 1566 2018 θεότητα,
1616 1941 1677 1997 ’ὃν
1721 1938 1914 2020 τρόπον

2006 1940 2235 2031 domini
2267 1939 2447 2003 multi
2474 1939 2804 2031 secundum
2828 1941 3099 2020 gratiam,
3116 1951 3181 2008 ut
3208 1947 3404 2026 angeli
3438 1938 3650 2031 divini,

278 2037 347 2093 τὰ
376 2033 553 2093 πολλὰ
595 2030 718 2101 εἴδη
770 2032 861 2088 τόν
908 2030 999 2088 ἕνα
1028 2029 1250 2107 κόσμον·
1302 2029 1439 2088 ἀλλὰ
1480 2029 1803 2098 πληθόεσθαι
1833 2029 1917 2086 λὲο

2006 2028 2229 2112 virique
2256 2034 2480 2105 sancti;
2538 2030 2714 2093 nobis
2760 2038 2961 2094 tamen
3006 2051 3143 2096 vere
3185 2052 3347 2100 unus
3377 2046 3467 2100 est
3501 2028 3657 2102 Deus

276 2139 434 2205 γετᾱι
479 2127 505 2183 ὃ
540 2125 670 2189 Θεὸς
714 2129 790 2197 τῷ
837 2118 956 2179 καθ’
1014 2119 1234 2178 ἕκαστον
1281 2123 1355 2184 εἱς
1413 2120 1741 2200 παραγωγὴν
1811 2124 1917 2177 τῶν

2006 2119 2190 2182 Pater
2217 2122 2332 2193 k,et
2361 2118 2546 2181 Filius
2561 2127 2621 2182 et
2642 2118 2899 2201 Spiritus
2915 2131 3180 2199 sanctus,
3192 2124 3292 2205 qui
3323 2128 3655 2191 secundum

272 2216 445 2275 ὄντων
498 2211 795 2293 βουλήματι
849 2224 1231 2289 προνοητικατς
1279 2208 1520 2286 προύδοις
1593 2208 1915 2267 πολλαπλα-

2006 2209 2313 2273 indivisam
2346 2219 2404 2271 et
2434 2208 2841 2272 indistinctam
2889 2213 3494 2278 communicationem
3541 2236 3657 2280 no-

275 2306 612 2380 σιαζόμενος,
643 2302 789 2378 μένει
838 2299 894 2357 δὲ
935 2301 1231 2380 ἆμερίστως
1288 2300 1448 2356 πάλιν
1492 2299 1568 2360 ἔν.
1619 2302 1717 2356 Διὰ
1766 2306 1919 2356 τοῦτο

2006 2298 2182 2361 minis
2208 2297 2464 2380 propriae
2506 2298 2853 2377 divinitatis,
2884 2308 2942 2362 et
2970 2301 3416 2384 dominationis,
3450 2307 3655 2371 multis

278 2399 367 2455 καὶ
434 2396 520 2454 ἐπὶ
574 2397 682 2451 τῶν
736 2392 912 2466 θείων,
986 2391 1355 2467 ἐπικρατοῦσιν
1429 2392 1478 2447 αἱ
1542 2389 1756 2452 ἐνώσεις
1814 2393 1921 2445 τῶν

2006 2409 2068 2451 se
2088 2389 2518 2469 communicat,
2558 2390 2807 2452 minime
2843 2397 3039 2453 tamen
3101 2393 3164 2454 in
3211 2403 3410 2472 partes
3458 2397 3657 2463 deita-

275 2486 609 2565 διακρίσεων,
643 2483 708 2539 τὰ
740 2480 946 2543 ἐνιαίως
992 2478 1240 2548 δηλονότι
1293 2481 1379 2535 καὶ
1437 2476 1735 2552 μοναδικῶς
1779 2481 1918 2535 θεω-

2006 2487 2130 2541 tom
2179 2477 2411 2569 Deitate
2462 2478 2736 2569 discissa,
2773 2480 2927 2569 sicut
2975 2499 3185 2543 aurum
3216 2489 3279 2546 in
3334 2503 3652 2569 nummos;

279 2577 531 2657 ρούμενα“
594 2577 653 2632 οὗ
705 2573 805 2651 γὰρ
851 2571 913 2627 ἐκ
967 2568 1183 2626 πολλῶν
1240 2569 1484 2649 συνήχθη
1530 2569 1594 2626 τὰ
1652 2573 1749 2635 τῆς
1788 2573 1919 2642 μιᾶς

2007 2586 2200 2649 neque
2243 2566 2448 2658 multis
2471 2567 2587 2629 diis
2620 2569 2753 2658 ejus
2780 2568 3150 2632 divinitatem
3184 2566 3652 2658 complentibus,

277 2666 534 2732 θεότητος
581 2666 679 2720 καὶ
728 2660 1060 2740 κυριότητος,
1097 2656 1217 2714 ἀλλ’
1271 2658 1331 2713 ἐκ
1374 2664 1467 2714 τοῦ
1515 2658 1713 2724 ταύτης
1746 2679 1919 2732 μοναο

2006 2656 2502 2737 quemadmodum
2531 2656 2983 2738 multmspecies
3009 2678 3194 2722 unum
3224 2656 3653 2742 mundum;sed

280 2756 451 2830 δικοῦ,
509 2756 537 2810 ὁ
593 2751 648 2808 ἓν
708 2751 924 2815 ἐκείνοις
995 2747 1307 2824 πληθυσμὸς
1380 2752 1681 2827 θεωρεῖται.
1754 2745 1921 2804 Ἀλλὰ

2006 2745 2389 2827 multiplicari
2413 2745 2637 2808 dicitur
2656 2745 2814 2809 Deus
2835 2749 3167 2811 secundum
3198 2753 3529 2832 quamlibet
3559 2772 3656 2821 res

281 2853 441 2905 τοῦτο
487 2845 585 2920 μὲν
633 2842 728 2899 ἐπὶ
760 2845 864 2897 τῶν
896 2838 1068 2895 θείων*
1123 2837 1219 2894 ἐπὶ
1273 2836 1326 2893 δὲ
1375 2842 1482 2893 τῶν
1513 2834 1629 2893 καθ’
1687 2837 1832 2912 ἡμᾶς
1860 2840 1920 2893 τὸ

2006 2836 2373 2918 producendi
2405 2836 2789 2911 voluntatem,
2826 2839 3088 2918 providis
3106 2841 3240 2902 5M
3278 2844 3661 2924 processibus

280 2935 520 2993 ἔναντίον
566 2935 787 3011 γίνεται·
820 2927 964 2986 οὒδὲν
1015 2929 1115 3006 γὰρ
1166 2929 1334 2984 αὐτῶν
1384 2927 1527 2984 ἐστιν
1554 2927 1676 2992 ἒνὰς
1707 2927 1919 3006 κυρίως,

2008 2926 2457 3008 multiplicatus,
2494 2936 2694 2989 manet
2715 2939 2918 2990 tamen
2951 2936 3009 2990 in
3041 2948 3107 2994 se
3134 2931 3280 3012 quid
3302 2951 3487 2995 unum
3512 2935 3658 2998 abs-

281 3023 404 3082 ἆλΥ
455 3025 506 3079 αἱ
561 3020 849 3100 διακρίσεις
900 3024 1005 3075 τῶν
1058 3018 1342 3096 στοιχείων
1397 3022 1746 3096 προῢποῦσαι,
1794 3017 1921 3072 σύν-

2006 3035 2121 3100 que
2142 3016 2455 3080 divisione.
2484 3015 2713 3080 Idcirco
2738 3018 2913 3080 etiam
2946 3019 3006 3080 in
3033 3020 3252 3082 divinis
3276 3024 3531 3088 uniones
3552 3044 3654 3088 su-

280 3114 471 3194 δρομοι
528 3112 801 3190 γινόμεναι
842 3110 929 3175 καὶ
986 3107 1259 3183 ἐνούμεναι
1302 3104 1545 3184 δευτέρας
1580 3107 1674 3172 τὰς
1717 3106 1779 3163 ἐκ
1824 3111 1921 3174 τῆς

2009 3115 2221 3188 perant
2250 3106 2686 3183 distinctiones,
2721 3125 2854 3189 quae
2884 3108 3117 3172 scilicet
3160 3116 3335 3175 unice
3364 3120 3423 3176 et
3450 3113 3661 3180 solita-

282 3203 572 3265 συνθέσεως
622 3200 835 3264 ἐνώσεις
885 3198 1210 3276 ἐργάζονται.
1244 3194 1374 3254 Ἐπὶ
1406 3195 1461 3251 δὲ
1494 3196 1598 3253 τῶν
1644 3196 1795 3252 θείων
1826 3200 1921 3252 καὶ

2008 3196 2099 3259 rie
2114 3204 2496 3297 _spectan_tur;
2533 3215 2651 3258 non
2671 3204 2829 3297 enim
2858 3217 2975 3297 una
2996 3200 3199 3263 Deitas
3220 3210 3279 3263 et
3300 3212 3563 3283 potestas
3583 3223 3663 3268 ex

279 3297 344 3352 τὸ
375 3293 433 3351 ἕν
463 3294 702 3371 πρόεστι,
756 3292 842 3347 καὶ
886 3289 1022 3365 μετὰ
1064 3286 1164 3355 τὴν
1216 3288 1290 3353 εἷς
1327 3286 1423 3350 τὰς
1468 3286 1765 3366 εὐεργεσίας
1808 3284 1921 3341 διά-

2012 3286 2211 3376 multis
2232 3284 2489 3376 conﬂata
2519 3286 2746 3376 est,sed
2778 3305 2846 3349 ex
2878 3287 3060 3369 hujus
3091 3290 3663 3376 singularitate,quaa

281 3406 481 3464 κοισιν,
511 3381 669 3442 πάλιν
722 3379 774 3437 ἕν
828 3381 916 3438 καὶ
972 3377 1099 3454 ὑπὲρ
1138 3378 1199 3433 τὸ
1247 3375 1304 3432 ἓν
1365 3376 1536 3451 μένει,
1593 3375 1796 3439 Ταύτας
1842 3374 1921 3433 καὶ

2009 3373 2072 3435 in
2097 3374 2216 3464 illis
2242 3373 2682 3464 est,multitudo
2713 3376 3232 3441 consideratur.Et
3264 3381 3388 3443 haec
3418 3373 3663 3462 quidem

280 3462 592 3552 ἡμεϊςττὰς
646 3470 827 3532 κοινὰς
861 3473 960 3536 τῆς
1019 3466 1150 3534 ὅλης
1209 3464 1462 3532 θεότητος
1502 3465 1589 3521 καὶ
1648 3464 1921 3540 ἡνωμέναι

2011 3462 2211 3541 quoad
2240 3463 2445 3525 divina
2479 3484 2495 3540 ;
2524 3462 2585 3525 in
2615 3465 2836 3527 nostris
2865 3476 3063 3530 autem
3088 3469 3270 3531 rebus
3301 3472 3665 3533 contrarium

281 3551 568 3643 διακρίσεις
643 3564 738 3618 καὶ
807 3559 1104 3637 εὒεργεσιας
1177 3560 1508 3635 πειραθῶμεν
1580 3557 1811 3629 ὑμνῆσαι
1869 3558 1921 3611 ὲκ

2009 3551 2250 3633 accidit;
2285 3552 2448 3615 nulla
2480 3554 2641 3615 enim
2677 3555 2738 3616 in
2777 3555 2923 3635 ipsis
2958 3558 3199 3639 proprie
3229 3566 3318 3621 est
3340 3560 3666 3639 unitas;sed

285 3660 394 3713 των
424 3655 480 3710 ὲν
509 3666 626 3718 τοῖς
660 3650 870 3730 Λογίοις
900 3653 1226 3724 θεωνυμιῶν,
1274 3646 1461 3701 τούτον
1499 3643 1921 3725 προδιεγνωσμέ-

2013 3644 2456 3724 praeexisteutes
2470 3643 2907 3708 elementorum
2924 3646 3510 3732 distinctiones,dum
3527 3669 3669 3714 con-

285 3766 399 3821 νου,
432 3745 507 3807 ὡς
537 3742 590 3799 ε⁹ί
628 3764 679 3799 τι
706 3740 766 3797 ἂν
808 3739 995 3807 κέηται
1047 3736 1261 3816 ὅνομαι,
1323 3736 1409 3792 καὶ
1448 3736 1543 3811 μία
1594 3734 1792 3802 ἑκάστη
1824 3740 1921 3791 τῶν

2013 3740 2259 3796 currunt
2285 3741 2346 3795 et
2376 3734 2836 3806 uniuntur,alias
2858 3753 2928 3798 ex
2956 3738 3390 3820 compositione
3412 3740 3667 3805 uniones

288 3828 690 3914 ’Υποστάσεων,
724 3831 842 3890 ἄνευ
867 3826 1073 3898 δηλαδῆ
1114 3829 1189 3882 ὧν
1245 3823 1693 3904 προῦπεστείλατο
1720 3824 1921 3896 ἱδιοτή-

2014 3821 2297 3887 eﬂiciuut.
2330 3824 2395 3885 In
2426 3823 2667 3914 divinis
2697 3842 2836 3888 vero
2881 3835 2941 3890 et
2992 3846 3173 3891 unum
3220 3831 3572 3913 praesistit,
3608 3842 3668 3895 et

284 3948 419 4005 των,
479 3912 834 4003 πατρότητοε,
902 3920 1169 3992 υἷότητος,
1230 3915 1615 3996 ἐκπορεύσεως,
1676 3915 1760 3973 ἐπὶ
1829 3921 1921 3984 τῆς

2015 3913 2318 3997 postillam
2344 3915 2398 3977 in
2425 3912 2722 3977 beneficia
2746 3915 3444 3995 distinctionem,iterum
3467 3912 3670 3985 manet

286 4017 423 4083 ὅλης
450 4016 701 4082 θεότητος
734 4010 1148 4092 ἒκληφθήσεται.

2010 4022 2191 4068 unum
2231 4012 2288 4065 et
2308 4022 2668 4086 supraquam
2696 4006 3031 4070 unum.Has
3062 4009 3238 4071 etiam
3268 4028 3375 4072 nos
3397 4029 3669 4074 commu-

289 4124 420 4170 mes
453 4102 634 4168 totius
658 4101 924 4181 Deitatis,
949 4106 1009 4161 et
1037 4097 1233 4159 unitas
1260 4096 1676 4159 distinctiones
1704 4114 1775 4159 ac
1806 4094 2257 4163 beneﬁcientias
2287 4111 2323 4155 e
2350 4093 2568 4157 divinis
2600 4095 2940 4158 nominibus
2965 4099 3134 4177 juxta
3164 4095 3501 4180 Scripturas
3534 4101 3665 4162 lau-

289 4197 436 4261 dare
458 4192 834 4273 conabimur,
865 4188 1041 4252 modo
1069 4186 1127 4250 id
1151 4194 1286 4249 ante
1327 4186 1627 4266 cognitum
1659 4186 1757 4260 sit,
1789 4189 1950 4269 quod
1994 4188 2043 4250 si
2074 4183 2229 4266 quod
2277 4194 2787 4273 nomenponatur
2829 4186 3008 4247 etiam
3040 4188 3361 4266 cujuslibet
3390 4188 3671 4254 Personae

290 4290 425 4350 sine
469 4271 958 4367 proprietatibus,
987 4297 1043 4342 v.
1077 4296 1135 4358 ε.
1169 4277 1568 4367 patet-uitatis,
1599 4275 1924 4357 ﬁliationis,
1959 4272 2379 4363 processionis,
2412 4271 2631 4354 quibus
2677 4274 2751 4336 ad
2782 4289 3008 4338 certam
3035 4276 3293 4361 aliquam
3354 4281 3667 4344 contrahi-

290 4383 413 4453 tur,
447 4364 514 4438 in
547 4364 671 4439 tcta
704 4371 834 4456 ipsa
863 4368 1174 4433 divinitate
1202 4364 1611 4449 accipiendum
1642 4381 1797 4430 esse.

371 4539 400 4581 ι
429 4535 455 4600 Ι
488 4536 629 4601 Cor.
661 4552 784 4613 vui,
811 4534 871 4616 5,
905 4533 966 4596 6.
