4156 6156
292 324 389 395 681
1303 322 1401 394 DE
1444 327 1742 394 DIVINIS
1784 326 2233 409 NOMINIBUS,
2278 320 2443 392 CAP.
2495 324 2604 393 III.

1928 462 1958 542 §
2004 461 2084 527 ιι.

365 573 460 632 Καὶ
491 577 647 629 τοῦτο
700 568 755 626 δὲ
813 570 947 632 ἴσως
981 568 1271 648 ἀπολογίας
1308 567 1473 646 ἄξιον,
1509 570 1590 628 ὅτι
1645 571 1738 630 τοῦ
1768 571 1920 628 κλει-

2086 572 2284 649 Atque
2316 570 2416 634 hic
2449 571 2699 634 fortasse
2723 570 2895 635 nobis
2921 592 3041 637 non
3069 574 3375 640 immerito
3404 578 3663 641 redden-

288 669 373 719 νοῦ
432 659 799 740 καθηγεμόνος
878 661 1031 736 ἡμῶν
1105 658 1358 738 Ἰεροθέου
1434 662 1529 726 τὰς
1614 661 1921 742 θεολογικὰς

2015 661 2083 723 da
2103 662 2253 724 ratio
2268 661 2636 731 sit,curcum
2660 660 2914 724 eximius
2930 675 3265 746 praeceptor
3288 675 3494 731 noster
3512 669 3659 731 Hie-

290 750 659 835 στοιχειώσεις
720 752 992 829 ὑπερφυῶς
1024 750 1432 829 συναγαγόντος,
1489 753 1654 827 ἡμεῖς
1709 754 1783 817 ὡς
1819 754 1923 832 οὺχ

2015 752 2255 815 rotheus
2280 751 2611 831 theologica
2658 752 2954 833 principia
3003 764 3280 818 accurate
3325 757 3656 838 collegerit,

286 843 473 900 ἱκανῶν
531 840 763 916 ἐκείνων,
819 838 982 903 ἄλλοις
1039 861 1097 896 τε
1154 841 1242 897 καὶ
1286 840 1382 909 τήν
1428 848 1697 919 παροῦσαν
1738 841 1923 899 θεολο-

2015 848 2313 922 nos,quasi
2346 841 2447 903 illa
2464 860 2582 904 non
2606 841 3043 924 sufﬁcerent,et
3065 843 3304 926 alios,et
3331 846 3490 909 hunc
3514 866 3661 928 prae-
3693 916 3697 927 ι

3544 330 3659 403 68?

285 935 397 1011 γίαν
453 929 911 1009 συνεγραψάμέθα,
978 932 1157 989 Καίτοι
1209 952 1294 1009 γε,
1347 932 1387 987 εἰ
1448 931 1544 1007 μὲν
1615 931 1819 996 ἐκεῖνος
1863 931 1926 983 50

285 1022 399 1090 ἑξῆς
492 1019 1084 1100 διαπραγματεύσατθαι
1172 1020 1346 1084 πάσας
1423 1021 1519 1085 τὰς
1617 1021 1929 1100 θεολογικὰς

284 1113 644 1191 πραγματείας
688 1108 915 1185 ἠξίωσε,
965 1111 1053 1166 καὶ
1111 1112 1359 1188 μερικαῖς
1416 1109 1668 1176 ἂνελίξεσι
1724 1109 1931 1180 διῆλθεν

285 1203 491 1269 ἀπάσης
524 1198 797 1278 θεολογίας
846 1199 1157 1279 κεφάλαιον,
1213 1199 1309 1255 οὒκ
1341 1198 1401 1255 ἅν
1462 1201 1623 1274 ἡμεῖς
1684 1199 1770 1257 ἐπὶ
1812 1223 1933 1258 τοσ-

286 1299 432 1349 ούτον
461 1290 497 1359 ἦ
561 1289 752 1365 μανίας
782 1289 837 1339 51
902 1286 937 1355 ἥ
969 1289 1285 1356 σκαιότητος
1347 1287 1691 1364 ἐληλύθειμεν
1719 1288 1803 1364 53,
1851 1292 1924 1355 ὡς

288 1381 321 1449 ἥ
361 1381 716 1457 ὀπτικώτερον
784 1378 985 1437 ἐκείνου
1039 1381 1126 1434 καὶ
1185 1378 1447 1453 θειότερον
1503 1381 1746 1447 οἰηθῆναι
1802 1393 1926 1441 ταῖς

288 1470 573 1549 θεολογίαις
609 1466 911 1525 ἐπιϐαλεῖν·
958 1467 993 1535 ἢ
1025 1465 1099 1532 δὶς
1129 1469 1194 1523 τὰ
1244 1469 1373 1524 αὐτὰ
1410 1469 1669 1547 περιττῶς
1728 1469 1922 1548 λέγον-

289 1583 398 1635 τας,
436 1558 855 1638 εἷκαιολογῆσαι,
901 1557 1114 1637 προσέτι
1145 1558 1234 1614 καὶ
1263 1556 1510 1625 ἀδικῆσαι
1540 1560 1627 1616 καὶ
1672 1557 1923 1616 δὶδάσκα-

288 1652 378 1710 λον
406 1653 492 1708 καὶ
524 1648 674 1731 φίλον
707 1647 855 1722 ὄντα,
886 1649 975 1705 καὶ
1017 1650 1160 1722 ἡμᾶς
1210 1649 1332 1712 τοὺς
1392 1649 1526 1721 μετὰ
1584 1648 1789 1706 Παῦλον
1838 1651 1923 1706 τὸν

285 1746 426 1800 θεῖον
456 1741 518 1797 ἐκ
566 1745 670 1795 τῶν
736 1738 936 1796 ἐκείνου
993 1736 1169 1815 λόγων
1218 1738 1282 1788 53
1322 1739 1792 1818 στοιχειωθὲντας,
1826 1740 1924 1808 τὴν

287 1830 627 1896 κλεινοτάτην
670 1829 943 1887 αὐτοῦκαὶ
997 1829 1217 1907 θεωρίαν
1270 1829 1355 1883 καὶ
1398 1826 1651 1907 ἔκφανσιν
1709 1830 1923 1893 ἑαυτοῖς

2014 940 2244 994 sentem
2297 940 2612 994 tractatum
2659 931 3057 1011 theologicum
3103 935 3656 1016 conscripserimus.

2014 1020 2280 1083 Profecto
2300 1019 2349 1082 si
2370 1025 2813 1102 consequenter
2834 1020 2938 1084 ille
2957 1041 3167 1086 omnes
3192 1032 3476 1087 tractatus
3492 1027 3664 1088 theo-

2014 1111 2238 1191 logicos
2260 1110 2473 1173 ordine
2504 1110 2768 1190 digestos
2799 1110 2981 1174 edere
3014 1113 3504 1191 voluisset,etvel
3529 1115 3671 1183 bre-.

2013 1200 2275 1264 vissimis
2306 1199 2777 1281 expositionibus
2807 1201 2986 1264 totius
3026 1202 3339 1283 theologia:
3367 1223 3661 1268 summam

2013 1291 2412 1372 explanasset,
2457 1307 2760 1371 nunquam
2791 1309 2861 1353 ea
2891 1310 3001 1354 nos
3030 1292 3262 1356 insania
3293 1294 3661 1358 stoliditasve

2010 1381 2294 1462 cepisset,
2325 1388 2388 1442 ut
2416 1380 2518 1442 illo
2543 1379 2634 1442 vel
2677 1379 2966 1462 liquidius
2987 1383 3076 1444 vel
3107 1383 3368 1446 divinius
3392 1402 3490 1447 res
3523 1387 3661 1447 istas

2010 1472 2373 1552 tbeologicas
2405 1490 2515 1533 nos
2564 1479 2885 1549 penetrare
2933 1491 3107 1554 posse
3158 1482 3527 1556 putaremus;
3557 1487 3662 1542 aut

2010 1562 2219 1624 eadem
2236 1560 2328 1622 his
2338 1560 2689 1641 repetendo,
2710 1580 2776 1622 su
2786 1562 3011 1642 perﬂuo
3032 1581 3319 1645 cassoque
3332 1564 3534 1627 labore
3551 1582 3662 1627 nos

2006 1652 2294 1714 vellemus
2325 1652 2954 1734 fatigare,tantamque
2984 1654 3178 1715 amico
3214 1664 3275 1716 et
3306 1654 3660 1736 praeceptori

2008 1751 2212 1804 nostro
2237 1741 2518 1822 injuriam
2547 1742 2904 1823 irrogare,ut
2930 1745 3477 1824 praestantissimam
3504 1745 3656 1825 ejus,

2007 1851 2041 1894 ο
2066 1852 2184 1913 quo
2221 1840 2354 1913 post
2383 1830 2663 1893 divinum
2686 1830 2935 1895 Paulum
2967 1832 3179 1895 imbuti
3203 1853 3432 1915 sumus,
3467 1835 3661 1897 scien-

285 1921 701 2003 ὑφαρπάζοντας,
736 1916 885 1974 Ἀλλ’
920 1915 1104 1986 ἐπειδὴ
1136 1924 1211 1991 τῷ
1239 1917 1346 1974 ὄντι
1393 1918 1458 1974 τὰ
1511 1921 1631 1975 θεῖα
1689 1916 1924 1998 πρεσϐυ-

2015 1923 2146 1985 liam
2173 1930 2231 1983 et
2252 1922 2685 2001 expositionem
2717 1921 2891 1983 nobis
2922 1941 3029 2003 per
3060 1923 3319 2005 plagium
3365 1943 3659 2005 usupare-

284 2015 441 2076 τικῶς
485 2010 850 2089 ὑφηγούμενος
896 2007 1124 2088 ἐκεῖνος,
1189 2007 1533 2073 συνοπτικούς
1591 2012 1730 2086 ἡμῖν
1772 2010 1922 2089 ὅρους

2008 2013 2307 2074 mu5543.
2340 2011 2457 2073 Sed
2483 2011 2766 2092 quoniam
2820 2011 2922 2074 ille
2946 2030 3045 2075 res
3068 2013 3297 2076 divinas
3351 2033 3486 2078 vere
3521 2034 3661 2094 gra-

285 2102 502 2174 ἐξέθετο,
538 2099 708 2156 καὶέν
755 2098 828 2153 ἐνὶ
858 2096 1031 2153 πολλὰ
1087 2098 1523 2179 περιειληφότας,
1569 2102 1643 2165 ὡς
1704 2104 1822 2157 οἷον
1863 2099 1928 2150 δι

2015 2103 2158 2165 riter
2200 2100 2526 2182 explicans,
2562 2101 2920 2182 compendio
2944 2101 3115 2165 nobis
3146 2104 3395 2166 subtiles
3425 2105 3659 2182 aliquot

286 2195 437 2266 ἡμῖν,
473 2191 558 2246 καὶ
588 2189 701 2245 ὅσοι
732 2187 850 2245 καθ’
898 2189 1042 2262 ἡμᾶς
1071 2185 1382 2246 διδάσκαλοϊ
1406 2189 1471 2240 53
1500 2191 1605 2247 τῶν
1668 2189 1926 2248 νεοτελῶν

284 2281 503 2361 ψυχῶν,
561 2278 970 2359 ὲγκελευόμενος
1013 2276 1299 2344 ἀναπτύξαι
1359 2282 1445 2337 καὶ
1520 2280 1792 2361 διακρῖναι
1850 2304 1928 2355 τῳ

284 2375 418 2447 ἡμῖν
475 2368 759 2448 συμμέτρῳ
804 2367 949 2446 λόγῳ
1007 2367 1099 2433 τὰς
1141 2371 1456 2435 συνοπτικὰς
1486 2373 1571 2427 καὶ
1604 2372 1799 2435 ἐνιαίας
1828 2375 1926 2437 τῆς

287 2460 615 2542 νοερωτάτης
694 2457 909 2525 τάνδρὸς
968 2456 1167 2514 ἐκείνου
1233 2456 1504 2535 δυνάμεως
1564 2460 1848 2525 συνελίξεις
1910 2475 1924 2490 ⁸

288 2554 374 2609 καὶ
430 2548 691 2612 πολλάκις
746 2550 890 2623 ἡμᾶς
948 2544 1035 2603 λαὶ
1065 2549 1220 2612 αὐτὸς
1264 2550 1336 2614 εἰς
1378 2553 1531 2606 τοῦτο
1574 2548 1925 2629 προέτρεῴας,

289 2644 375 2702 καὶ
403 2642 501 2708 τὴν
553 2658 614 2716 γε
666 2634 844 2714 βίϐλον
896 2637 1080 2712 αὐτὴν,
1140 2639 1213 2703 ὡς
1254 2639 1633 2718 ὑπεραίρουσαν
1702 2639 1931 2696 ἀνταπε-

292 2732 522 2791 στάλκας
550 2728 634 2790 56,
668 2728 844 2803 Ταύτῃ
874 2749 955 2783 τοι
1008 2728 1094 2783 καὶ
1128 2729 1293 2802 ἡμεϊς
1324 2732 1414 2785 τὸν
1446 2752 1564 2805 μεν,
1599 2732 1671 2794 ὡς
1714 2730 1932 2787 τέλείωδ

290 2825 376 2879 καὶ
418 2817 776 2899 πρεσϐυτικῶν
805 2815 1047 2872 διανοιῶν
1104 2815 1418 2877 διδάσκαλον

1425 2869 1440 2898 ,
1476 2834 1595 2883 τοῖς
1638 2821 1767 2900 ὒπὲρ
1809 2823 1931 2884 τοὺς

293 2912 520 2974 πολλοὺς
549 2908 610 2960 57
640 2909 978 2989 ἀφορίζομεν,
1035 2907 1213 2986 ὥσπερ
1248 2910 1363 2964 τινὰ
1393 2908 1607 2989 δεύτερα
1657 2909 1814 2989 λόγια
1842 2910 1926 2985 58,

2010 2192 2392 2255 deﬁnitiones
2414 2190 2683 2266 tradidit,
2732 2209 2867 2270 quae
2889 2190 2950 2252 in
2983 2211 3168 2253 unum
3202 2194 3386 2255 multa
3411 2195 3660 2272 conglu-

2011 2291 2267 2357 merant,
2296 2282 2503 2362 jussus
2532 2298 2690 2356 sum,
2728 2300 2845 2342 una
2892 2300 3027 2342 cum
3075 2282 3320 2363 collegis
3352 2284 3526 2364 meis,
3560 2285 3661 2365 qui

2011 2371 2327 2433 animabus
2347 2371 2544 2432 adhuc
2569 2370 3266 2434 rudioribusimbuendis
3290 2373 3661 2449 vacant,sub-

2011 2461 2148 2523 tiles
2172 2462 2309 2522 istas
2331 2478 2404 2522 ac
2423 2460 2758 2539 singulares
2772 2460 3282 2542 conclusiones,in
3303 2462 3521 2542 quibus
3543 2482 3659 2525 ma-

2012 2550 2173 2612 xime
2191 2549 2479 2630 spiritalis
2498 2549 2644 2611 tanti
2666 2548 2776 2610 viri
2791 2550 2978 2612 virtus
2997 2550 3230 2632 enituit,
3247 2568 3526 2614 sermone
3545 2571 3663 2615 ma-

2014 2641 2108 2718 gis
2142 2647 2216 2702 ad
2258 2647 2492 2719 captum
2538 2646 2801 2700 nostrum
2847 2640 3297 2703 accommodato
3344 2642 3663 2721 explanare

2014 2736 2191 2811 atque
2221 2730 2517 2808 digerere;
2551 2733 2696 2809 quin
2734 2736 2794 2789 et.
2822 2728 2951 2808 ipse
3002 2737 3061 2790 tu
3115 2748 3353 2811 quoque
3398 2750 3507 2792 nos
3532 2735 3664 2794 tre-

2016 2828 2271 2899 quenter
2307 2819 2380 2880 ad
2425 2819 2538 2882 hoc
2570 2818 2838 2880 hortatus
2868 2836 2957 2898 es,
3001 2818 3318 2900 ipsumque
3348 2819 3563 2883 librum
3600 2832 3667 2884 ut

2019 2927 2306 2989 perquam
2333 2908 2653 2972 sublimem
2674 2906 2846 2969 nobis
2862 2906 3546 2991 remisisti.0uapropter
3557 2929 3668 2974 nos

288 3006 375 3060 καὶ
401 3004 509 3060 τών
536 2998 860 3079 θεοχρίστων
890 2996 952 3047 59
978 2998 1239 3054 ἀκόλουθα
1272 3014 1286 3028 ⁸
1323 3013 1441 3063 τοῖς
1492 2991 1611 3057 καθ’
1668 3003 1817 3075 ἡμᾶς
1879 3001 1929 3057 δὲ

2020 3016 2396 3079 quoque,ceu
2420 2997 2821 3079 perfectorum
2847 2998 3248 3080 seniliumque
3270 3018 3513 3062 sensum
3543 3018 3668 3064 ma-

290 3095 454 3169 ἡμεϊς
485 3089 761 3168 ἀναλόγως
803 3089 940 3162 ἡμῖν
968 3089 1035 3147 τὰ
1087 3090 1207 3146 θεῖα
1262 3087 1670 3166 παραδώσομεν.
1730 3093 1788 3147 Εἰ
1836 3093 1929 3169 γὰρ

2019 3089 2295 3168 gistrum,
2316 3090 2654 3167 alterasque
2670 3086 3172 3169 Scripturas,quae
3195 3088 3473 3151 divinitus
3503 3091 3671 3153 afﬂa-

286 3182 506 3240 τελείων
557 3181 698 3237 ἐστὶν
739 3180 775 3247 ἡ
843 3177 1029 3257 στερεά
1094 3177 1287 3258 τροφὴ,
1334 3181 1397 3233 τὸ
1454 3176 1731 3246 ταύτῆνθο
1760 3181 1929 3252 ὲστιᾷκ

2023 3186 2216 3240 torum
2239 3179 2463 3259 scripta
2507 3177 2777 3255 proxime
2806 3187 3224 3259 assequantur,
3254 3178 3326 3241 iis
3347 3181 3448 3261 qui
3472 3179 3669 3243 subli-

286 3273 520 3353 ἑτέρους,
554 3273 757 3337 ὁπόσης
800 3265 861 3322 ἄν
882 3265 976 3334 εἴη
1004 3266 1342 3335 τελειότητος
1374 3288 1390 3350 ς
1430 3268 1629 3348 Ὀρθῶς
1688 3271 1775 3326 οὖν
1798 3271 1929 3346 ημῖν

2024 3267 2212 3330 miora
2240 3269 2482 3349 capiunt
2509 3268 2677 3330 illum
2719 3269 3115 3350 assignamus;
3165 3287 3280 3330 nos
3311 3287 3448 3331 vero
3481 3272 3671 3333 nostri

282 3365 554 3421 καὶτοῦτο
581 3359 815 3439 εἴρηται,
843 3359 927 3433 τὸ,
960 3358 1059 3424 τὴν
1103 3357 1198 3432 μὲν
1255 3359 1583 3426 αὖτοπτικὴν
1639 3360 1747 3417 τῶν
1804 3382 1929 3428 νοη-

2019 3357 2315 3419 similibus
2327 3358 2398 3418 ad
2412 3366 2650 3437 captum
2673 3366 2945 3420 nostrum
2969 3376 3067 3420 res
3080 3356 3307 3419 divinas
3323 3358 3672 3439 explanabi-

283 3461 391 3512 τῶν
450 3451 648 3531 λογίων
707 3448 852 3527 θέαν,
911 3448 999 3504 καὶ
1050 3446 1152 3514 τὴν
1212 3450 1535 3516 συνοπτικὴν
1595 3449 1770 3507 αὐτῶν
1799 3446 1929 3506 διδα-

2021 3447 2245 3510 mus.Si
2259 3446 2420 3509 enim
2437 3446 2661 3509 solidus
2676 3446 2847 3508 cibus
2860 3448 3261 3528 perfectorem
3280 3456 3472 3523 est,eo
3490 3451 3667 3512 etiam

284 3543 530 3617 σκαλίαν,
571 3536 923 3619 πρεσϐυτικῆς
967 3536 1170 3594 δεῖσθαι
1196 3535 1466 3612 δυνάμεώς
1502 3555 1516 3570 ·
1565 3540 1667 3606 τὴν
1722 3537 1778 3595 δὲ
1833 3541 1937 3595 τῶν

285 3637 358 3700 εἰς
392 3641 552 3691 τοῦτο
594 3629 862 3711 φερόντων
920 3626 1095 3705 λόγων
1150 3627 1453 3702 ἐπιστήμην
1502 3629 1586 3684 καὶ
1647 3627 1938 3703 ἐκμάθησιν

286 3738 405 3788 τοῖς
465 3721 765 3801 ὑφειμένοις
814 3720 1160 3794 καθιερωταϊς
1191 3722 1277 3775 καὶ
1328 3717 1633 3796 ιερωμένοις
1664 3718 1931 3795 ἁρμόζειν.

294 3819 479 3878 Καίτοι
522 3814 612 3870 καὶ
652 3818 806 3867 τοῦτο
848 3809 985 3883 ἡμῖν
1031 3808 1407 3887 ὲπιτετήρηται
1466 3806 1583 3864 λίαν
1634 3808 1882 3884 ἐμμελῶς
1915 3826 1934 3845 ο

291 3909 429 3965 ὥστε
475 3916 591 3969 τοῖς
647 3901 790 3971 αὒτῷ
831 3905 908 3973 τῷ
960 3897 1080 3971 θείῳ
1143 3898 1469 3975 καθηγεμόνι
1520 3899 1655 3957 κατὰ
1691 3897 1938 3978 ἔκφανσιν

290 3998 442 4071 σοιφῆ
502 3992 987 4068 διηοκρινημενοις,
1047 3985 1175 4063 μηδ’
1264 3987 1403 4051 ὅλως
1494 3988 1935 4070 ἒγκεχειρηκέναι

290 4088 427 4146 ποτὶ
456 4086 589 4164 πρὸς
629 4078 994 4157 ταυτολογίαν,
1029 4079 1102 4143 είς
1150 4078 1250 4145 τὴν
1282 4078 1446 4145 αὒτήν
1502 4088 1595 4137 τοῦ
1649 4080 1934 4153 προτεθέν-

290 4201 386 4244 τος
414 4177 591 4251 Ῑαῦτῷ
646 4170 826 4250 λογίου
868 4167 1206 4248 διασάφησιν·
1269 4168 1382 4225 ἐπεὶ
1430 4170 1517 4225 καὶ
1573 4169 1698 4247 παρ’
1756 4171 1936 4232 αὐτοῖς

290 4281 412 4334 τοῖς
462 4261 777 4330 θεολήπτοις
821 4260 971 4334 ἡμῶν
1007 4260 1307 4339 ἱερέρχαις,
1369 4258 1546 4338 (ἡνίκα
1604 4260 1692 4315 καὶ
1745 4261 1935 4339 ἡμεῖς,

288 4362 367 4423 ὡς
404 4358 592 4434 οἶσθα,
646 4353 735 4409 καὶ
785 4352 965 4426 αὐτὸς,
1021 4359 1109 4406 καὶ
1161 4348 1351 4405 πολλοὶ
1406 4355 1509 4404 τῶν
1561 4351 1713 4427 ἱερῶν
1782 4351 1937 4421 ἡμῶν

287 4447 565 4528 ἀδελφῶν,
594 4443 679 4499 επὶ
708 4446 807 4507 τῆν
849 4440 969 4497 θέαν
1003 4449 1094 4498 τού
1145 4445 1449 4518 ζωαρχικοῦ
1479 4438 1563 4494 καὶ
1595 4435 1850 4517 θεοδόχου
1878 4436 1934 4487 61

286 4526 546 4615 σώματος
607 4529 1053 4605 συνεληλύθαμεν,
1116 4530 1292 4608 παρῆν
1358 4526 1413 4583 δὲ
1470 4529 1558 4585 καὶ
1616 4530 1644 4584 ὸ
1703 4527 1935 4607 ἀδελφά..

284 4634 408 4694 θεος
470 4619 746 4698 Ἰάκωϐος,
779 4622 869 4678 καὶ
928 4620 1147 4700 Πέτρος,
1180 4622 1215 4688 ἡ
1244 4618 1501 4699 κορυφαία
1555 4618 1643 4674 καὶ
1699 4616 1937 4691 πρεσϐυ-

2019 3538 2170 3599 alios
2191 3555 2436 3617 pascere
2456 3544 2692 3614 quantae
2713 3536 2787 3598 sit
2813 3537 3226 3617 perfectionis?
3240 3538 3447 3600 Merito
3471 3539 3672 3622 itaque

2022 3626 2389 3708 dicimus,ad
2412 3626 2768 3707 spiritalium
2791 3626 3166 3708 eloquiorum
3190 3628 3590 3705 intuitionem,
3615 3639 3673 3693 et

2020 3716 2298 3779 subtilem
2316 3715 2664 3778 eorumdem
2681 3715 3324 3798 eruditionem,virtute
3335 3718 3509 3779 senili
3524 3738 3672 3800 opus

2021 3825 2530 3883 esse;sermonum
2546 3807 3268 3869 verointroductoriorum
3281 3825 3415 3881 ,ceu
3436 3809 3674 3873 inferio-

2021 3898 2105 3959 ris
2118 3896 2612 3971 notae,scientiam
2632 3915 2698 3959 ac
2713 3896 3087 3978 disciplinam
3116 3896 3483 3960 initiantibus
3496 3909 3674 3981 atque

2019 3987 2266 4050 initiatis
2307 3987 2649 4050 convenire.
2676 3988 2862 4066 Atqui
2883 3996 2942 4048 et
2978 3988 3090 4049 hoc
3113 4007 3147 4050 a
3169 3987 3345 4050 nobis
3384 4007 3670 4069 perquam

2020 4078 2286 4140 studiose
2306 4077 2681 4139 observatum
2704 4085 2815 4158 est,
2845 4096 2920 4139 ne
2937 4077 3260 4158 quidquam
3284 4095 3516 4155 eorum,
3542 4098 3675 4160 quae

2021 4168 2257 4229 divinus
2277 4167 2379 4229 ille
2405 4173 2731 4247 praeceptor
2775 4167 2951 4246 plane
2983 4166 3155 4229 nobis
3183 4167 3508 4249 expressit,
3542 4169 3667 4230 ullo

2022 4257 2199 4318 modo
2229 4258 2678 4335 attingeremus;
2708 4274 2782 4317 ne
2814 4256 3079 4317 secundo
3112 4255 3320 4318 eadem
3350 4265 3671 4336 repetere-

2021 4365 2152 4408 mus
2185 4364 2316 4425 quae
2336 4348 2412 4407 ad
2437 4345 2807 4427 Scripturam
2833 4345 3089 4427 aliquam
3116 4345 3674 4428 elucidandamipse

2021 4436 2367 4509 tradiderat;
2417 4454 2553 4498 nam
2603 4436 2785 4497 etiam
2832 4437 2988 4517 apud
3022 4436 3185 4518 ipsos
3215 4435 3416 4498 divino
3448 4438 3673 4518 Spiritu

2021 4526 2230 4608 plenos
2261 4528 2554 4589 antistites
2606 4533 2843 4587 nostros
2876 4534 3031 4601 (cum
3086 4535 3144 4588 et
3174 4535 3378 4601 nos,ut
3407 4528 3587 4604 nosti,
3616 4537 3677 4591 et

2020 4616 2151 4696 ipse
2185 4617 2544 4697 plurimique
2572 4623 2914 4678 sanctorum
2942 4615 3196 4679 fratrum
3224 4618 3672 4692 nostrorum,ad

280 4722 426 4786 τᾶτη
498 4721 607 4771 τῶν
674 4681 939 4789 θεολόγων
988 4681 1243 4789 ἀκρότης,
1278 4681 1403 4766 εἶτα
1448 4706 1615 4764 ἐδόκει
1648 4709 1783 4783 μετὰ
1837 4709 1929 4777 τὴν

2021 4681 2238 4786 corpus
2269 4681 2611 4784 illud,quod
2630 4705 2796 4768 dedit
2819 4706 3176 4787 principium
3202 4681 3675 4787 vitm,Deumque

281 4811 411 4868 θέαν
440 4809 676 4882 ὑμνῆσαι
712 4806 831 4869 τοὺς
859 4801 1111 4880 ἰεράρχας
1170 4797 1430 4878 ἃπαντας,
1489 4799 1561 4859 ὡς
1621 4794 1845 4862 ἕκαστος
1871 4797 1929 4865 ἦν

2019 4796 2803 4876 susceperat,contueudum
2829 4796 3223 4874 venissemus;
3245 4795 3449 4859 aderat
3475 4805 3674 4858 autem

282 4900 501 4978 ἱκανὸς,
546 4896 644 4963 τὴν
699 4890 1114 4971 ἀπειροδύναμον
1168 4887 1471 4967 ἆγαθὸτητα
1512 4891 1615 4978 ,τῆς
1643 4890 1929 4978 θεαρχικῆς

2020 4899 2080 4948 et
2106 4886 2288 4949 frater
2308 4886 2545 4978 Domini
2572 4883 2862 4978 Iacobus,
2895 4896 2954 4948 et
2984 4888 3218 4978 Petrus,
3251 4905 3529 4978 suprema
3559 4885 3671 4978 ista

284 4975 563 5050 ἀσθενείας
601 5004 618 5022 ο
652 4987 678 5066 )
720 4986 935 5041 πάντων
976 4980 1181 5059 ἐκράτει
1245 4978 1379 5055 μετὰ
1447 4977 1568 5042 τοὺς
1626 4976 1929 5055 θεολόγους,

2019 4985 2195 5058 atque
2216 4976 2628 5058 antiquissima
2648 4977 2963 5038 summitas
2977 4975 3679 5066 theologorum,placuis-

288 5082 370 5144 ὥς
429 5081 612 5157 οἶσθα,
655 5065 774 5133 τῶν
828 5072 1006 5130 ἄλλων
1059 5070 1383 5149 ἱὲρομυστῶν
1431 5066 1620 5141 ,όλος
1665 5065 1929 5147 ἐκδημῶν,

2022 5078 2236 5157 setque
2260 5075 2389 5147 post
2406 5066 2737 5157 contuitum
2770 5065 3572 5157 a-ntistitibusomnibus,pro
3587 5067 3676 5130 vi-

288 5169 425 5236 ὅλος
457 5155 795 5243 ἰξιστᾶμενος
826 5161 1034 5240 ἑαυτοῦ,
1087 5161 1177 5219 καὶ
1204 5160 1304 5228 τὴν
1346 5158 1477 5239 πρὸς
1535 5158 1601 5215 τὰ
1638 5157 1929 5234 ὑμνούμενα

2021 5156 2118 5218 rili
2146 5156 2363 5239 cuique
2405 5174 2512 5220 sua
2551 5155 2785 5220 inﬁnita
2817 5156 3082 5238 potentia
3111 5156 3419 5239 praeditam
3460 5158 3680 5223 divinae

1617 5271 1877 5338 VARUE
1918 5271 2355 5339 LECTIONES.

375 5389 445 5442 50
470 5387 558 5445 καὶ
590 5386 711 5465 γὰρ,
741 5384 820 5465 Μ.
858 5382 918 5445 S.
953 5382 1040 5465 καὶ
1067 5376 1339 5465 γάρ-εἴπερ
1368 5377 1448 5439 ἐκ.
1721 5374 1948 5465 Sai',_5_1
2052 5395 2168 5465 n91}
2200 5375 2379 5465 estin
2629 5376 2688 5429 5‘1
2718 5376 3269 5465 ἐληλύθαμενμδηξ.
3304 5376 3375 5443 D.
3475 5378 3572 5465 ὡς,

279 5472 353 5524 5:,
384 5455 614 5549 λογίωνξ
739 5464 810 5528 Β,
844 5466 942 5526 δε,
975 5455 1101 5525 δειιί,
1139 5455 1226 5512 ’51
1255 5460 1454 5517 οἷόντε.
1498 5458 1563 5508 55
1592 5456 1734 5551 ὅσοις
1767 5455 1881 5551 καθ’
1914 5460 2054 5531 ἡμᾶς
2085 5455 2452 5551 βιδαισκςιὶτλοις,ζ
2487 5458 2552 5510 56
2581 5460 3014 5526 ἀνταποττείλας,
3054 5460 3131 5522 Μ.
3176 5462 3237 5510 δῖ
3268 5466 3368 5526 τῆς
3510 5460 3571 5517 S.
3606 5456 3674 5519 Ρ.

279 5536 689 5691 ριωρὸηῦῑύ.
721 5546 810 5603 καί
840 5547 906 5601 τα
934 5545 1092 5602 αὖτοῦ
1147 5542 1211 5592 53
1238 5538 1629 5620 δευτερολόγια,
1662 5536 1731 5599 Ι).
1807 5536 1870 5588 59
1898 5538 2267 5618 θεορχήστων,
2300 5536 2361 5600 S.
2409 5537 2477 5602 Ρ.
2511 5539 2620 5604 Ch.
2693 5541 2757 5592 ϐυ
2779 5543 2945 5619 ταύτῃ
2978 5544 3046 5604 Ι).
3082 5543 3179 5603 Sc.
3213 5542 3342 5602 Sar.
3408 5537 3462 5586 δί
3496 5561 3677 5616 φωτο-

283 5633 493 5691 δὸγου.
581 5672 597 5688 .

283 5633 493 5715 δὸχου,
524 5633 597 5691 Ι).

588 5729 852 5791 ΡΑπιοι..
891 5723 1004 5790 Gn.
1036 5722 1132 5787 IIl.
3282 5720 3359 5783 ‘22
