4156 6156
571 350 687 418 687

1743 351 1802 414 S.
1874 348 2220 433 DIQNYSII
2288 344 2793 419 AREOPAGITE

3824 347 3928 427 688

1624 509 2147 577 PABAPHRASIS
2196 513 2700 580 PACHYMERAE
2742 516 2895 600 (36).

652 677 749 758 §l.
776 672 1124 756 Primum,si
1153 673 1368 753 placet,
1396 671 1457 733 id
1480 673 1638 754 quod
1663 673 1938 737 universa
1954 675 2063 739 Dei
2095 674 2204 737 be—

2370 678 2399 757 §
2432 678 2478 739 Ι.
2515 680 2752 759 Πρῶτον,
2789 681 2832 735 εἰ
2875 678 3047 755 δοκεῖ,
3094 680 3193 749 τὴν
3225 677 3612 759 ἐκφαντορικῆν
3642 687 3747 738 τῶν
3798 681 3926 741 ὅλων

569 768 788 832 neﬁcia
814 765 1176 839 manifestat,
1200 763 1430 825 scilicet
1459 762 1600 827 boni
1631 783 1875 845 nomen,
1910 767 2213 845 eXpenda-

573 877 735 938 mus,
760 857 1028 919 invocata
1060 861 1266 915 sancta
1309 851 1621 929 Trinitate,
1661 873 1792 934 quae
1840 855 2035 917 omnis
2073 855 2214 918 boni

574 945 933 1030 principium
954 950 1129 1018 est,et
1146 960 1355 1005 omnes
1368 961 1505 1004 suas
1538 944 1938 1023 providentias
1960 945 2216 1025 benigne

575 1034 1135 1118 eXplanat.Oportet
1159 1033 1357 1114 itaque
1380 1051 1487 1094 nos
1510 1033 1875 1096 orationibus
1901 1034 2212 1113 adductos,

573 1127 670 1190 vel
692 1126 882 1208 potius
903 1122 1470 1205 appropinquantes,
1499 1123 1667 1203 juxta
1694 1123 1840 1186 illud
1866 1142 1879 1187 :
1908 1125 2212 1208 Accedite,

575 1218 664 1279 ad
709 1234 825 1290 me,
859 1223 914 1278 et
943 1231 1052 1293 ego
1099 1213 1376 1276 accedam
1419 1215 1500 1275 ad
1542 1232 1671 1291 vos,
1716 1215 1863 1277 dicit
1900 1217 2217 1299 Dominus,

577 1304 817 1368 edoceri
839 1304 970 1383 ejus
998 1320 1265 1375 munera,
1291 1302 1383 1363 vel
1406 1302 1600 1382 potius
1630 1302 1749 1383 pati
1782 1303 1966 1380 magis
1998 1304 2216 1366 cadum

579 1395 887 1471 discimus;
916 1392 1139 1455 etenim
1168 1391 1296 1472 ipsa
1322 1391 1566 1469 quidem
1592 1394 1762 1455 adest
1782 1394 2081 1475 omnibus,
2100 1412 2218 1455 non

576 1483 911 1565 autemipsi
934 1482 1146 1544 adsunt
1172 1482 1781 1564 omnia,quaecunque
1816 1484 2089 1546 videlicet
2115 1503 2216 1546 re-

575 1593 710 1639 rum
736 1583 1106 1636 terrenarum
1130 1571 1447 1634 affectione
1470 1579 1527 1635 et
1551 1574 1970 1651 cogitationum
1992 1583 2221 1655 pertur-

578 1665 821 1729 batione
841 1656 1046 1745 procul
1071 1662 1627 1743 recedunt;quando
1649 1682 1787 1725 vero
1808 1664 2151 1744 precatione
2164 1672 2223 1727 et

581 1754 902 1836 tranquilla
920 1761 1118 1814 mente
1142 1750 1342 1814 idonei
1367 1752 1671 1815 evadimus
1686 1754 1757 1814 ad
1778 1752 2038 1815 divinam
2059 1754 2223 1815 unio-

2297 776 2389 825 τοῦ
2419 777 2549 828 Θεοῦ
2592 773 2925 847 εὐεργεσιῶν,
2960 766 3210 838 δηλονότι
3266 768 3361 836 τήν
3411 768 3504 826 τοῦ
3560 769 3757 847 ἀγαθοῦ
3820 773 3934 829 ὀνο-

2299 860 2513 934 μασίαν,
2548 858 2982 940 ἐπισκεψώμεθα,
3045 860 3144 929 τὴν
3216 860 3448 939 ἄρχικὴν
3507 861 3684 929 πάσης
3738 862 3935 939 ἀγαθό-

2295 971 2458 1017 τητος
2519 951 2669 1030 ἁγίαν
2702 947 2918 1029 Τριάδαι²
2970 952 3062 1019 τὴν
3125 951 3299 1015 πασας
3329 950 3425 1015 τὰς
3454 952 3703 1028 προνοίας
3752 952 3933 1020 ἑαυτῆς

2299 1039 2509 1118 ἆγαθῶς
2583 1039 2925 1119 ἐκφαίνουσαν
3018 1038 3464 1114 ἐπικαλεσάμενοι
3512 1086 3523 1097 ,
3594 1042 3707 1119 Χρή
3777 1042 3935 1099 τοίνυν

2299 1133 2468 1210 ἡμᾶς,
2526 1129 2652 1192 ταῖς
2710 1130 2894 1195 sunt:
2951 1130 3371 1210 προαγομένους,
3406 1132 3490 1187 καὶ
3545 1129 3748 1204 μᾶλλον
3804 1130 3934 1197 πλὴ-

2300 1221 2598 1293 σιάζοντας,
2646 1220 2784 1275 κατὰ
2837 1219 2897 1276 τό
2944 1236 2958 1250 ·
3000 1213 3275 1300 Ἐγγίσατε
3333 1221 3464 1298 πρὸς
3512 1220 3580 1296 μὲ
3637 1221 3727 1277 καὶ
3786 1219 3935 1298 ἐγγιῶ

2303 1313 2431 1390 πρὸς
2480 1312 2649 1385 ἡμᾶς,
2704 1310 2857 1386 Λέγει
2926 1312 3130 1389 Κύριος,
3190 1312 3436 1385 μυεῖσθαι
3471 1310 3564 1375 τὰς
3619 1312 3739 1390 περὶ
3791 1310 3937 1378 αὐτὴν

2302 1399 2518 1480 δωρεάς,
2554 1400 2606 1456 ἒν
2654 1406 2731 1475 τῷ
2761 1399 2997 1481 πάσχειν
3034 1399 3237 1474 μᾶλλον
3298 1400 3482 1481 ἀῦτὰς,
3528 1397 3562 1468 ἦ
3593 1401 3651 1457 ἒν
3704 1401 3780 1476 τῷ
3810 1424 3934 1476 μαν-

2302 1492 2497 1547 θάνειν*
2567 1492 2654 1546 καὶ
2711 1490 2811 1567 γὰρ
2854 1490 2987 1557 αὒτὴ
3020 1491 3112 1565 μὲν
3149 1491 3277 1546 πᾶσί
3320 1490 3597 1569 πάρεστιν,
3672 1492 3730 1547 οὗ
3782 1491 3938 1548 πάντα

2302 1579 2358 1636 δὲ
2412 1582 2577 1656 ταύτῃ
2634 1580 2907 1658 πάρεστιν,
2964 1578 3063 1636 ὅσα
3096 1577 3301 1647 δηλαδη
3354 1579 3409 1636 ἓν
3458 1585 3526 1656 τῇ
3583 1585 3691 1638 τῶν
3748 1581 3939 1659 γηΐνων

2303 1669 2406 1737 ἕξει
2438 1673 2524 1726 καὶ
2583 1671 2650 1747 τῇ
2698 1676 2804 1726 τῶν
2857 1668 3130 1748 λογισμῶν
3179 1668 3493 1726 ἐπιθολώσει
3544 1670 3934 1747 ἆπομακρύνον-

2305 1777 2418 1817 ται·
2462 1758 2550 1816 ὅτε
2579 1758 2633 1815 δέ
2663 1756 2729 1814 δι’
2760 1759 2925 1840 εὒχῆς
2951 1761 3038 1816 καὶ
3098 1766 3171 1833 νῷ
3227 1758 3604 1833 ἆνεπιθολώτῳ
3648 1757 3934 1828 ἐπιτήδειοι

580 1854 891 1924 nem,tunc
920 1842 1095 1904 etiam
1122 1859 1232 1902 nos
1261 1842 1370 1921 ipsi
1389 1841 1697 1905 adsumus.
1718 1843 2085 1905 Conﬁrmans
2110 1862 2221 1904 au-

2309 1851 2557 1930 γινόμεθα
2589 1851 2719 1927 πρὸς
2749 1851 2846 1917 τὴν
2915 1850 3053 1905 θείαν
3101 1848 3310 1921 ἕνωσιν,
3360 1849 3481 1906 τότε
3537 1871 3807 1929 παρεσμεν
3848 1847 3932 1905 καί

581 1935 902 2015 temipsam
919 1930 1197 1993 omnibus
1209 1931 1691 2012 adesse,ait:Ipsa
1703 1934 1863 1995 enim
1887 1952 1998 1995 nec
2018 1934 2075 1993 in
2096 1932 2224 1997 loco

2312 1945 2471 2017 ἡμεῖς
2506 1940 2660 2017 αὖτῇ,
2702 1940 3116 2010 Κατασκευάζων
3163 1937 3218 1995 δὲ
3261 1941 3346 2013 τὸ,
3403 1938 3485 1996 ὅσι
3519 1945 3648 1995 πᾶσι
3709 1940 3937 2018 πάρεστι,

580 2024 668 2087 ita
690 2032 801 2098 est,
839 2029 1170 2117 utusquam
1192 2020 1369 2102 absit,
1393 2021 1483 2083 vel
1507 2039 1575 2082 ex
1598 2023 1727 2084 aliis
1750 2022 1822 2083 ad
1848 2023 1964 2084 alia
1987 2021 2219 2102 migret.

2309 2036 2514 2117 φησίν·
2567 2032 2647 2090 ὅτι
2705 2034 2799 2090 οὐκ
2851 2035 2906 2088 ιν
2961 2032 3109 2106 τόπῳ
3168 2031 3330 2107 ἐστὶν,
3389 2029 3483 2087 ἵνα
3525 2032 3619 2087 καί
3653 2031 3767 2102 ἇπῇ
3795 2051 3942 2110 τινος,

584 2115 727 2187 Qua:
744 2115 900 2175 enim
915 2111 974 2171 in
996 2112 1125 2172 loco
1139 2112 1276 2169 ’517
1299 2112 1868 2187 sunt,continentur;
1886 2113 2049 2174 locus
2061 2113 2221 2175 enim

2309 2111 2341 2194 ἢ
2376 2128 2446 2188 είς
2478 2123 2628 2203 ἕτερα
2662 2120 2713 2188 ἐξ
2778 2120 2957 2178 ἄλλων
2990 2127 3257 2197 μεταστῇ.
3312 2122 3387 2180 Τά
3416 2121 3516 2199 γὰρ
3544 2122 3600 2177 ἓν
3632 2123 3801 2196 τόπῳ,
3857 2140 3945 2177 πε-

585 2204 877 2267 terminus
909 2209 998 2262 est
1019 2204 1149 2279 ejus
1190 2200 1347 2281 quod
1380 2202 1645 2263 continet
1668 2203 2225 2275 contentum.Quin-

586 2295 706 2355 imo
729 2292 932 2353 dicere
954 2290 1013 2351 in
1038 2290 1315 2351 omnibus
1346 2290 1527 2352 rebus
1556 2292 1744 2372 ipsam
1782 2311 1936 2373 esse,
1972 2292 2220 2353 multum

585 2383 789 2445 deﬁcit
819 2381 891 2443 ab
922 2384 1056 2459 ejus
1087 2381 1377 2441 inﬁnitate
1408 2400 1523 2462 qua
1550 2392 1760 2445 cuncta
1783 2382 2219 2464 complectitur;

584 2491 706 2535 non
730 2472 889 2534 enim
917 2478 1144 2532 tantum
1171 2479 1255 2531 est
1281 2473 1337 2532 in
1363 2472 1875 2545 omnibus,verum
1900 2472 2074 2535 etiam
2091 2492 2224 2533 con-

585 2562 1050 2635 tinetuniversa;
1067 2579 1260 2641 neque
1283 2569 1506 2623 tantum
1526 2562 2025 2631 continet.verum
2052 2561 2228 2624 etiam

585 2652 962 2733 complexum
978 2670 1214 2713 omnem
1232 2651 1525 2712 inﬁnitum
1551 2652 2233 2715 exceditlncumbamus

584 2744 790 2819 itaque
812 2740 1203 2819 orationibus,
1230 2758 1347 2801 non
1379 2750 1441 2801 ut
1474 2741 1663 2802 Deum
1705 2742 2090 2817 deducamus,
2121 2741 2226 2802 sed

585 2840 653 2894 ut
682 2832 797 2913 ipsi
822 2832 1013 2912 potius
1034 2831 1106 2891 ad
1140 2833 1323 2891 Deum
1358 2830 2226 2911 adducamur.Etadducitpri-

590 2941 753 2983 mum
785 2920 1125 3000 exemplum
1159 2920 1380 2997 gentile
1419 2938 1489 2982 ex
1519 2920 1800 3002 Homero;
1825 2921 2230 3001 pulcherrime

588 3021 785 3075 autem
826 3009 884 3071 id
929 3009 1110 3070 rebus
1154 3008 1366 3069 divinis
1395 3011 1831 3092 accommodat;
1867 3009 2044 3072 tradit
2068 3014 2229 3071 enim

590 3100 744 3182 ipse,
789 3107 1057 3160 catenam
1105 3116 1344 3159 auream
1380 3118 1412 3160 e
1443 3100 1592 3161 coelo
1637 3101 2024 3179 dependisse.
2070 3101 2234 3163 Sicut

593 3208 738 3269 ergo
771 3197 976 3251 catena
1006 3188 1092 3249 sic
1114 3188 1450 3265 constituta,
1474 3190 1572 3269 qui
1598 3190 1823 3251 sensim
1845 3190 2232 3270 semetipsum

591 3299 628 3342 a
648 3288 807 3342 terra
835 3278 1354 3358 elevans,alternis
1384 3279 1625 3355 quidem
1659 3280 2235 3360 apprehensionibus

593 3370 829 3431 videtur
858 3369 1020 3431 illam
1054 3376 1321 3429 catenam
1345 3368 1418 3429 ad
1446 3388 1512 3430 se
1532 3370 1790 3444 trahere,
1820 3369 1947 3448 ipse
1969 3387 2112 3431 vero
2135 3388 2234 3449 po-

594 3460 713 3522 tius
734 3461 794 3521 in
824 3460 1007 3521 altum
1043 3457 1263 3519 tollitur
1295 3458 1515 3520 sensim
1549 3459 1928 3522 ascendendo
1957 3480 1969 3522 :
2003 3459 2089 3521 sic
2132 3458 2233 3539 qui

595 3552 832 3613 intensc
863 3559 1126 3629 orat,per
1156 3566 1362 3629 opera,
1386 3568 1522 3630 quae
1556 3568 1763 3612 manus
1789 3560 1975 3626 vocat,
2009 3551 2233 3612 sensim

595 3649 657 3702 et
686 3639 989 3719 operando
1021 3648 1077 3698 et
1110 3639 1406 3718 precando
1465 3648 1724 3701 mentem
1778 3658 1944 3700 suam
1977 3640 2237 3719 applicat

596 3731 669 3791 ad
691 3732 899 3791 Deum.
928 3727 1032 3789 Sin
1057 3745 1195 3788 vero
1229 3729 1598 3807 manus,jam
1618 3727 1678 3788 in
1700 3728 1881 3789 altum
1907 3728 2169 3803 adducti,
2202 3746 2237 3790 a

594 3826 805 3880 catena
832 3818 1137 3890 solvimus,
1175 3835 1245 3877 ex
1261 3816 1378 3877 alto
1403 3816 1761 3894 decidimus;
1785 3836 1919 3879 nam
1949 3818 2088 3879 dum
2123 3817 2233 3878 ad-

599 3908 896 3983 ducimur,
923 3908 1098 3969 etiam
1128 3909 1250 3970 ι)ςο
1273 3907 1579 3968 adhaerere
1599 3906 2127 3970 debemus.Simile
2150 3917 2239 3969 est

596 4000 661 4061 in
691 3999 847 4074 navi,
892 4006 955 4059 ut
985 3998 1368 4077 cognovimus
1420 4008 1684 4059 mentem
1727 4009 1990 4061 nostram
2024 4016 2236 4059 navem

600 4107 758 4166 esse,
793 4107 924 4169 quae
951 4090 1087 4150 vitae
1141 4088 1315 4168 hujus
1359 4088 1545 4148 ventis
1589 4089 1872 4171 agitatur;
1907 4107 2069 4150 mare
2101 4105 2238 4151 vero

600 4180 755 4241 hanc
785 4187 960 4240 Vitam
996 4176 1198 4240 multis
1232 4176 1679 4257 tempestatibus
1698 4180 2236 4260 refertam,petram

598 4288 743 4331 vero
775 4268 1282 4348 Christum,quem
1313 4268 1455 4327 dum
1491 4269 2241 4348 apprehendimus,incon-

602 4359 794 4421 cusssi
832 4375 1275 4439 permanemus,
1311 4357 1384 4418 ad
1432 4357 1626 4438 ipsum
1685 4368 1801 4421 tam
1855 4362 2027 4420 vitam
2062 4376 2239 4438 quam

2306 2216 2577 2297 ριέχονται
2612 2231 2626 2245 υ
2680 2213 2766 2268 καὶ
2796 2212 2957 2277 τόπος
3015 2210 3121 2267 ἐστὶ
3154 2213 3316 2290 πέρας
3372 2219 3464 2268 τοῦ
3516 2211 3863 2292 περιέχοντος
3892 2212 3942 2266 τὸ

2308 2303 2717 2385 περιεχόμενον.
2782 2300 2949 2359 Ἀλλὰ
3005 2303 3094 2358 καὶ
3164 2308 3317 2357 τοῦτο
3369 2303 3429 2357 τὸ
3488 2301 3665 2379 λέγειν
3713 2303 3768 2357 ἑν
3797 2308 3940 2358 πᾶσιν

2311 2396 2453 2452 εἶναι
2513 2394 2700 2472 αὒτὴν⁷
2771 2392 2900 2461 πρὸς
2963 2392 3023 2447 τὸ
3083 2390 3471 2470 περιληπτικὸν
3543 2393 3644 2458 τῆς
3725 2392 3945 2470 ἀπειρίας

2312 2485 2516 2552 ἐκείνης
2582 2483 2716 2539 πολυ
2764 2481 3132 2544 ἀπολείπεται,
3197 2478 3326 2538 Οὐδὲ
3385 2481 3485 2559 γὰρ
3529 2483 3695 2557 μόνον
3744 2480 3797 2536 ἐν
3850 2485 3947 2535 1:5—

2312 2576 2389 2632 σίν
2422 2575 2583 2647 ἐστιν,
2619 2572 2757 2629 ἀλλὰ
2791 2573 2877 2631 καὶ
2907 2572 3078 2628 πάντα
3122 2567 3527 2647 περιλαμϐάνει.
3587 2570 3697 2629 Καὶ
3741 2574 3800 2629 οὗ
3854 2570 3948 2644 μό-

2312 2688 2401 2721 νον
2454 2660 2854 2742 περιλαμϐάνει,
2919 2660 3055 2717 ἀλλὰ
3116 2662 3292 2717 καὶτὸ
3339 2662 3437 2726 τῆς
3467 2659 3811 2739 περιλήοξιεῶς
3847 2658 3951 2715 ἐπέ-

2312 2777 2459 2812 κεινα
2512 2753 2726 2832 ἄπειρόν
2779 2751 2909 2814 ἐστι,
2992 2751 3174 2809 Τοίνυν
3231 2752 3318 2808 καὶ
3399 2751 3774 2826 ἀνανεύσωμεν
3843 2763 3951 2813 ταῖς

2313 2845 2535 2925 εὐχαῖς,
2568 2846 2670 2923 οὔχ
2698 2842 2790 2899 'c'vz
2833 2844 2894 2897 τὸ
2927 2848 3081 2897 Θεϊον
3111 2838 3446 2915 κατάξωμεν,
3479 2839 3601 2897 ἀλλ’
3632 2840 3727 2896 ’ίνα
3760 2838 3949 2916 μᾶλλον

2313 2939 2443 3015 πρὸς
2496 2934 2622 2990 αὒτὸ
2671 2932 3012 3011 ἂναχθῶμεν,
3077 2929 3181 2987 Καὶ
3239 2928 3497 3005 λαμϐάνει
3528 2936 3742 3009 πρῶτον
3786 2929 3949 3001 παρά⁴

2314 3025 2503 3104 δειγμα
2557 3022 2873 3089 Ἑλληνικὸν
2931 3020 2991 3076 ἐκ
3058 3027 3149 3077 τοῦ
3193 3018 3456 3098 Ὀμήρου,
3521 3020 3881 3100 προσαρμόζει
3907 3016 3953 3073 δὲ

2315 3122 2468 3174 τοῦτο
2497 3127 2613 3177 τοῖς
2643 3113 2796 3177 θεὶοις
2832 3107 3204 3189 παγκᾶλλιστα
3239 3126 3253 3140 ⁹
3290 3109 3435 3187 λὲγει
3466 3110 3566 3189 γὰρ
3597 3110 3835 3181 ἐκεῖνος,
3858 3130 3952 3165 cu-

2317 3208 2410 3282 ρὰν
2480 3202 2714 3284 χρυσέην
2785 3201 3056 3279 οὐρανόθεν
3119 3201 3500 3280 κρεμάοαντες,
3581 3190 3806 3279 ’Ὥσπερ
3872 3200 3959 3276 γὰρ

2317 3301 2412 3365 τῆς
2464 3301 2639 3372 σειρᾶς
2682 3291 2819 3349 οὕτω
2875 3289 3237 3371 ’διακειμένης³
3282 3292 3310 3345 ὁ
3365 3291 3501 3347 κατὰ
3546 3293 3741 3367 μικρὸν
3785 3289 3957 3349 ἑαυτὸν

2253 3391 2415 3475 στῆς
2454 3385 2554 3465 γῆς
2589 3383 2870 3463 κουφίζων,
2918 3380 3032 3437 εἴτε
3089 3384 3213 3443 ταῖς
3267 3377 3574 3456 ἆμοιϐαίαις
3634 3377 3947 3454 ἐπιδράξεσι,

2318 3475 2464 3533 δοκεῖ
2494 3474 2592 3550 μὲν
2624 3471 2896 3529 καθέλκειν
2926 3471 3022 3538 τὴν
3075 3470 3276 3549 σειράν,
3309 3468 3463 3536 αὐτὸς
3494 3469 3548 3526 δὲ
3600 3469 3811 3547 μᾶλλον
3840 3467 3955 3548 πρὸς

2316 3567 2448 3641 ὕψος
2507 3563 2713 3642 αἴρεται
2772 3566 2840 3637 τῇ
2896 3560 3032 3616 κατὰ
3090 3562 3278 3638 μικρὸν
3331 3556 3583 3617 ἀναϐάσει
3620 3576 3636 3591 ’
3675 3559 3814 3618 οὕτω
3834 3559 3957 3616 καὶὸ

2318 3656 2543 3718 ἐκτενῶς
2597 3653 3031 3731 ωροσετχὸμενος
3087 3650 3173 3706 διὰ
3222 3657 3324 3707 τῶν
3366 3650 3614 3728 πράξεον,
3658 3649 3721 3716 ἔς
3775 3662 3955 3731 χεῖρας

2318 3744 2501 3820 καλεῖ,
2539 3765 2606 3819 τῃ
2636 3743 2772 3799 κατὰ
2796 3742 2985 3819 μικρὸν
3015 3740 3231 3818 ἐργασίᾳ
3261 3740 3346 3798 καὶ
3406 3741 3688 3820 προσευχῇ
3714 3741 3805 3796 τὸν
3853 3743 3957 3794 νοῦν

2320 3839 2474 3893 αὑτοῦ
2502 3832 2816 3912 ἀναλέγεται
2861 3832 2991 3910 πρὸς
3041 3830 3190 3890 Θεόν.
3238 3829 3365 3886 Ἐάν
3395 3828 3448 3885 δὲ
3495 3830 3587 3894 τὰς
3648 3845 3844 3911 χειρας
3871 3832 3955 3894 τῆς

2320 3931 2494 4005 σειρᾶς
2551 3921 2901 3996 ἁπολύσιυμεν
2950 3917 3296 3998 ἀναγόμενοι,
3357 3920 3622 3995 πίπτομεν
3687 3920 3741 3986 ἐξ
3784 3918 3954 3994 ὕψους·

2320 4019 2374 4073 ἒν
2406 4016 2505 4094 γὰρ
2535 4020 2610 4088 τῷ
2640 4011 2921 4089 ὀινάγεσται
2953 4010 3038 4065 καὶ
3071 4016 3164 4066 τοῦ
3219 4007 3351 4066 Θεοῦ
3406 4007 3691 4089 ὀφείλομεν
3726 4007 3956 4088 ἔχεσθαι.

2322 4107 2392 4164 Τὸ
2455 4105 2579 4161 abso
2633 4102 2722 4158 καὶ
2771 4101 2885 4178 περὶ
2929 4103 3027 4165 τῆς
3088 4102 3238 4179 νηὸς,
3286 4096 3377 4154 ἵνα
3410 4099 3694 4172 νοήσωμεν
3726 4108 3848 4157 ναῦν
3872 4094 3959 4161 τὴν

2321 4195 2474 4270 ἡμῶν
2530 4190 2785 4269 διοὶνοιαν⁷
2843 4187 3187 4266 ριπιζομένην
3238 4200 3355 4251 τοῖς
3404 4193 3497 4245 τοῦ
3526 4188 3645 4265 βίου
3701 4187 3952 4262 ἅνὲμοις⁹

2321 4284 2587 4342 θάλασσαν
2638 4279 2692 4336 δὲ
2722 4281 2811 4337 τὸν
2866 4279 2977 4355 βίον
3036 4277 3191 4333 αὒτὸν
3233 4280 3466 4356 γέμοντα
3498 4275 3717 4335 πολλῶν
3748 4272 3962 4357 χείμώ-

2324 4396 2426 4432 νων
2462 4392 2475 4406 ’
2512 4372 2705 4451 πέτραν
2755 4367 2808 4423 δὲ
2851 4370 2942 4425 τὸν
2989 4369 3225 4446 χριστὸν,
3271 4367 3328 4424 ὅν
3357 4375 3672 4447 κρατοῦντες
3702 4365 3967 4423 ἆσάλευτοι

600 4448 1137 4510 vivendirationem
1157 4446 1886 4529 dirigentes.Quapropter
1901 4462 2037 4510 ante
2064 4464 2226 4510 omne

2326 4446 2665 4541 διαμένομεν,
2724 4460 2855 4539 πρὸς
2886 4460 3041 4515 αὐτὸν
3095 4457 3187 4514 τόν
3217 4458 3330 4535 βίον
3353 4446 3509 4533 ἡμῶν
3563 4457 3708 4514 κατὰ
3741 4456 3838 4523 τὴν
3872 4474 3968 4511 πο·

602 4557 772 4620 opus,
798 4538 1123 4619 praesertim
1169 4544 1305 4598 ante
1338 4555 1578 4599 omnem
1611 4539 1686 4600 de
1720 4542 1839 4601 Deo
1876 4556 2226 4612 sermonem1

2327 4538 2850 4613 λιτείαννὲλκοντες.
2918 4550 3010 4605 Διὸ
3070 4547 3167 4605 καὶ
3217 4549 3317 4628 πρὸ
3381 4548 3579 4613 παντὸς
3642 4547 3968 4625 πράγματος,

604 4629 678 4692 ab
731 4627 1002 4690 oratione
1052 4626 1456 4688 inchoandum
1503 4638 1614 4702 est,
1649 4647 1767 4689 non
1801 4636 1868 4689 ut
1905 4628 1981 4690 ad
2013 4647 2122 4690 nos
2150 4636 2226 4689 at-

2329 4644 2531 4724 μᾶλλον
2563 4641 2617 4699 δὲ
2645 4647 2741 4709 τῆς
2774 4635 3083 4718 θεολογίας,
3132 4635 3217 4695 δεῖ
3260 4626 3596 4717 ἆπάρχεσθκι
3652 4643 3753 4705 τῆς
3786 4636 3970 4715 εὐχῆς,

603 4719 914 4784 trahemus
940 4718 1211 4817 virtutem
1244 4716 1427 4817 illam,
1455 4736 1586 4817 qua;
1613 4718 1839 4817 ubique
1871 4726 1928 4779 et
1949 4736 2226 4798 nusquam

2309 4716 2433 4817 κούχ
2478 4733 2572 4790 ἵνα
2628 4716 2965 4811 ἐφελξώμεθα
3021 4730 3112 4785 τὸν
3184 4716 3502 4807 ἁπανταχοῦ
3561 4730 3830 4806 παροῦσαν
3897 4734 3975 4787 καὶ

606 4828 872 4901 βτῖβδθηῧ
920 4815 1013 4869 θδί
1059 4806 1251 4887 (δδθδι
1307 4809 1467 4867 enim
1516 4806 1746 4901 Pbique
1799 4810 1935 4901 (ιυὲ³
1976 4806 2294 4901 Ρθηθξῗδοιῗ
2329 4806 2557 4901 οὖθαμοῦ
2616 4806 2858 4896 δόναμιν,
2915 4819 3165 4900 (πάρεστι
3221 4819 3321 4897 γὰρ
3379 4806 3664 4897 πανταχοῦ
3730 4816 3810 4873 ὅτι
3853 4813 3971 4871 nisi

605 4900 905 4980 universa,
934 4914 1223 4979 nusquam
1275 4912 1418 4957 vero
1461 4895 1653 4971 adest,
1712 4898 1994 4979 quoniam
2049 4897 2226 4959 nullu:

2329 4917 2524 4987 διήκει.
2583 4910 2810 4987 οὐδαμοῦ
2867 4907 2945 4989 δὲ⁷
2998 4907 3081 4965 ὅτι
3114 4906 3278 4974 οὐδεὶς
3308 4904 3446 4973 ἄξιος
3473 4905 3637 4972 τόπος
3670 4906 3772 4975 τῆς
3813 4924 3970 4962 κατα-

608 4989 775 5080 locus
804 4990 1016 5080 dignus
1044 4996 1134 5050 est
1187 4985 1317 5067 ejus
1375 4985 1693 5080 requiete),
1750 4988 1855 5080 sed
1907 4992 1977 5080 ut
2005 4987 2225 5068 nosips

2330 4985 2575 5069 παυσεως
2607 4985 2764 5059 αὕτὸῦ
2899 4985 3018 5056 ἀλλ’
3083 4998 3175 5055 ἵνα
3205 4995 3595 5078 ἐγχειρίσωμεν
3650 4995 3867 5058 ἑαυτούς
3895 4989 3970 5048 καὶ

611 5079 960 5159 excitemus,
994 5079 1235 5159 Deoque
1260 5078 1693 5156 conjungamus
1736 5077 1955 5141 divinis
1990 5095 2226 5142 comme

2333 5103 2410 5172 τῷ
2469 5095 2604 5167 Θείῳ
2666 5077 2950 5166 ἑνώσὼμεν
2998 5101 3122 5152 ταῖς
3176 5077 3342 5153 θείαις
3373 5086 3609 5164 μνὴμαις
3641 5088 3730 5144 καὶ
3760 5081 3969 5151 ἐπικλή-

611 5169 1041 5231 morationibus
1082 5178 1143 5230 et
1174 5167 1669 5233 invocationibus.
2341 5167 2459 5237 σεσι
2474 5224 2487 5239 .

695 5256 1013 5339 §H.Atque
1034 5258 1131 5321 hic
1155 5258 1402 5320 fortasse
1432 5257 1601 5321 nobis
1627 5258 1935 5323 reddenda
1963 5258 2110 5322 ratio
2140 5257 2226 5336 sit,

2407 5259 2436 5338 §
2467 5252 2650 5320 [LKa‘t
2680 5259 2833 5311 τοῦτο
2862 5250 2905 5309 δ’
2938 5251 3072 5317 ῗσώς
3103 5248 3499 5329 ἆπολογοῦμεν,
3532 5245 3617 5306 ὅτι
3641 5246 3738 5306 τοῦ
3767 5240 3971 5306 κλεινοῦ

610 5367 740 5427 cur,
790 5368 926 5411 cum
954 5348 1214 5428 inclytus
1260 5347 1615 5412 Hierotheus
1648 5350 1983 5430 theologica
2013 5350 2226 5431 princi-

2331 5346 2585 5428 ’[εροθέου
2643 5346 2737 5410 τὰς
2788 5342 3097 5423 θεολογικὰς
3127 5339 3499 5421 στοιχειώσεις
3558 5340 3963 5419 συναγαγόντος,

612 5422 1229 5523 ρίτιόοιιοςοτὶῑ,ἠοε,
1260 5440 1428 5519 quasi
1456 5438 1556 5500 illa
1593 5458 1713 5503 non
1757 5422 2124 5515 sulficerent,
2157 5439 2226 5501 uti

2322 5422 2481 5515 ἡμεῖς
2537 5435 2591 5492 δὲ
2626 5422 3065 5514 σονεγραψάμεθα
3110 5431 3276 5495 ἄλλας
3340 5452 3392 5488 τε
3454 5430 3853 5523 πραγματείας,
3898 5422 3977 5482 καὶ

615 5518 732 5595 alia
776 5518 1082 5613 opuScula,
1114 5526 1202 5590 sic
1240 5536 1300 5590 et
1336 5536 1690 5609 praesentem
1718 5530 1878 5594 hunc
1922 5538 2226 5594 tractatum

2318 5531 2517 5597 ταυτην
2567 5526 2661 5594 τὴν
2707 5523 2999 5604 θεολογίαν’
3047 5524 3120 5588 ὡς
3150 5524 3253 5604 οὔχ
3302 5523 3499 5579 ἱκανῶν
3544 5520 3762 5578 ἐκείνων
3797 5518 3975 5576 ὄντων.

703 5708 826 5789 (36)
854 5706 1006 5772 Vide
1029 5705 1271 5772 Scholia
1299 5702 1363 5769 S.
1398 5704 1661 5783 Maximi,
1697 5712 1842 5774 tom.
1874 5708 1952 5789 II,
1988 5726 2120 5791 cap.
2156 5704 2194 5770 3
2224 5706 2315 5771 De
2340 5701 2571 5769 divinis
2597 5699 2965 5767 nominibus.
