4156 6156
261 372 387 464 689

733 397 833 462 DE
873 396 1173 463 DIVINIS
1214 395 1667 479 NOMINIBUS,
1711 398 1876 461 CAP.
1928 399 2040 463 ΙΙΙ.
2096 432 2174 444 --
2218 400 2606 468 PARAPHR.
2658 400 3175 472 PACHYMER/E.

3548 409 3670 489 690

288 538 389 597 Καὶ
421 537 523 615 γὰρ
566 533 723 615 εἴπερ
752 534 957 601 ἐκεῖνος
1017 537 1135 617 περὶ
1181 535 1381 594 τούτων
1434 534 1925 616 λεπτομερεστέρως

2016 535 2412 616 theologicum
2435 538 3238 619 conscripserimus.Etenim
3272 544 3322 607 si
3352 545 3452 607 ille
3473 545 3548 609 de
3566 546 3661 609 his

270 628 310 696 τη
344 625 498 695 ξίωτε
528 624 782 700 διελθεῖν,
817 630 911 685 οὒκ
940 624 1003 682 ἂν
1033 627 1196 702 ἡμεῖς
1249 629 1322 690 εἰς
1367 635 1617 686 τοσοῦτον
1658 628 1692 696 ἢ
1742 628 1925 704 μανίας

2014 626 2381 689 enucleatius
2407 625 2709 688 disserere
2748 628 3060 701 voluisset,
3117 650 3422 714 nunquam
3453 654 3522 697 ea
3555 654 3665 699 nos

259 718 297 787 ἢ
330 716 668 784 σκαιότητος
700 715 1055 792 ἐληλύθαμεν,
1103 718 1175 779 ὡς
1208 717 1449 784 οἱηθῆναι
1508 714 1785 775 ἐπιϐαλεῖν
1815 730 1925 790 τοῖς

2014 716 2250 778 insania
2279 715 2641 778 stoliditasve
2672 717 2952 797 cepisset,
2976 727 3040 783 ut
3065 721 3167 784 illo
3192 723 3424 787 doctius
3454 744 3565 787 nos
3585 727 3661 789 de

256 807 428 870 θείοις
488 804 1071 885 ἐπιστημονικώτερον,
1137 805 1244 863 ὦσε
1301 805 1376 870 δὶς
1434 808 1499 863 τὰ
1553 809 1683 866 asta
1724 806 1927 886 λέγειν,

266 899 361 954 καὶ
436 894 642 953 ἀδικεῖν
701 894 853 974 φίλον
913 892 1026 972 ἅμα
1085 897 1171 953 καὶ
1228 894 1564 954 διδάσκαλον·
1639 897 1726 954 καὶ
1780 900 1923 973 ἡμᾶς

262 988 434 1061 τέως,
479 986 604 1048 τοὺς
660 986 795 1061 μετά
824 987 918 1042 τὸν
949 985 1211 1065 μακάριον
1268 986 1477 1043 Παῦλον
1506 986 1925 1062 μαθητευθέντας

262 1082 438 1157 αὖτῷ,
498 1076 818 1156 ὑφαρπάζειν
874 1076 941 1133 τὰ
998 1075 1199 1134 ἐκείνου
1241 1077 1330 1134 καὶ
1384 1079 1457 1140 ὡς
1513 1074 1625 1133 ἴδια
1678 1077 1925 1156 γράφειν.

264 1166 422 1225 Ἀλλ’
478 1164 662 1234 ἐπειδὴ
714 1163 1074 1245 πρεσϐυτικῶς
1134 1167 1222 1223 καὶ
1273 1169 1708 1241 ἐπιστημονικῶς
1769 1171 1924 1223 εἶπεν

266 1257 513 1337 ἐκεῖνος,
575 1258 664 1312 καί
710 1257 995 1331 συντόμους
1038 1258 1128 1313 καὶ
1184 1254 1567 1336 κεφαλαιώδεις
1629 1258 1722 1321 τὰς
1773 1255 1921 1314 διδα-

270 1345 494 1413 σκαλίας
550 1346 884 1423 πεπωίηκεο,
940 1345 1357 1425 ἐγκελευόμενος
1407 1346 1525 1404 καθ’
1572 1346 1792 1404 ἕκαστον
1836 1349 1925 1403 καὶ

267 1440 433 1512 ἡμῖν,
466 1438 555 1494 καὶ
609 1449 725 1499 τοῖς
770 1435 967 1515 ἐτέροις
998 1441 1104 1492 τῶν
1160 1435 1416 1493 νεοτελῶν
1449 1441 1638 1517 ψυχῷν
1670 1434 1925 1492 διδασκά-

269 1527 414 1599 λοις,
461 1524 573 1583 καθ’
624 1525 746 1583 ὅσον
796 1524 871 1583 ἔνι
928 1525 1215 1592 ἀναπτύξαι
1246 1528 1333 1583 καὶ
1382 1525 1647 1606 διακρῖναι
1677 1527 1769 1592 τὰς
1798 1549 1927 1583 συν-

270 1617 502 1681 οπτικᾶς
557 1618 644 1673 καὶ
688 1613 757 1672 δι’
813 1615 988 1695 ὀλίγον
1041 1614 1321 1696 ἐκφράσεις
1358 1622 1453 1684 τῆς
1486 1616 1681 1681 ένιαίας
1727 1616 1927 1674 ἐιιείνου

269 1709 362 1764 καὶ
423 1706 754 1784 νοερωτάτης
812 1703 1113 1781 δυνάμεως·
1187 1708 1275 1763 καὶ
1336 1705 1596 1772 πολλάκις
1656 1708 1796 1782 ἡμᾶς
1853 1708 1928 1770 εἷς

2014 805 2230 867 divinis
2261 806 2424 883 loqui
2453 824 2630 886 posse
2662 815 3033 891 putaremus,
3057 819 3233 892 atque
3264 813 3410 875 adeo
3443 813 3537 876 bis
3557 835 3662 877 ea-

2014 896 2148 958 dem
2176 895 2596 977 repetendo,et
2625 898 2817 958 amico
2840 898 3016 960 simul
3042 908 3100 962 et
3130 904 3484 983 praeceptori
3510 905 3664 968 hanc

2008 984 2287 1066 injuriam
2324 984 2678 1067 faceremus,
2712 995 2799 1067 ut,
2832 1007 2968 1050 cum
3000 991 3129 1068 ejus
3165 999 3293 1073 post
3332 994 3659 1058 B.Paulum

2011 1074 2292 1155 discipuli
2326 1074 2640 1151 fuerimus,
2669 1077 2798 1157 ejus
2822 1080 3041 1158 scripta
3067 1081 3237 1142 nobis
3266 1100 3371 1162 per
3403 1083 3661 1163 plagium

2013 1166 2152 1225 5/18
2183 1184 2631 1245 usurparemus;
2665 1167 2769 1228 sed
2812 1168 3094 1249 quoniam
3145 1171 3242 1232 ille
3292 1172 3551 1251 graviter
3593 1180 3655 1236 et

2008 1256 2154 1317 scite
2183 1255 2258 1317 de
2290 1255 2382 1316 his
2436 1255 2711 1335 loquens,
2775 1259 3131 1338 compendio
3196 1269 3255 1322 et
3310 1262 3653 1324 summatim

2009 1345 2312 1407 doctrinas
2342 1363 2476 1406 suas
2508 1345 2775 1420 tradidit,
2821 1347 3045 1426 jubens
3076 1368 3203 1422 nos,
3239 1350 3501 1430 aliosque
3533 1370 3641 1413 ru-

2009 1434 2239 1496 diorum
2273 1434 2470 1497 adhuc
2495 1436 2837 1498 animorum
2872 1436 3294 1520 praceptores,
3316 1440 3649 1522 sigillatim,

2012 1524 2205 1606 quoad
2240 1524 2367 1587 fieri
2402 1532 2617 1606 potest,
2645 1525 2966 1607 explanare
2997 1547 3064 1590 ac
3096 1528 3462 1609 distinguere
3492 1549 3651 1593 com-

2012 1614 2329 1696 pendiosas
2355 1614 2485 1675 illas
2512 1614 2842 1697 brevesque
2870 1620 3277 1681 enarrationes
3302 1621 3481 1682 unita;
3505 1621 3660 1683 illius

2012 1723 2078 1766 ac
2109 1704 2604 1785 spiritualissimae
2643 1706 2898 1781 virtutis;
2926 1708 3069 1787 quin
3097 1718 3152 1772 et
3178 1708 3305 1790 ipse
3342 1718 3400 1771 tu
3420 1729 3662 1792 quoque

271 1797 404 1855 αὖτὸ
431 1803 585 1853 τοῦτο
631 1798 718 1853 καὶ
779 1796 841 1852 σὺ
870 1795 1223 1876 προέτρεψας,
1262 1795 1682 1860 ἀνταποστείλας
1712 1797 1801 1853 καὶ
1828 1798 1925 1864 τὴν

2012 1794 2354 1876 frequenter
2403 1812 2511 1856 nos
2552 1795 2626 1856 ad
2678 1796 2792 1857 hoc
2838 1797 3188 1859 adhortatus
3219 1818 3305 1871 es,
3343 1807 3401 1861 et
3432 1799 3655 1862 librum

270 1885 455 1966 βίϐλον
486 1888 663 1949 α’ἷιτοῦ.
701 1887 873 1963 Ταύτῃ
906 1908 985 1942 τοι
1038 1888 1125 1943 καὶ
1170 1889 1334 1962 ἡμεῖς
1365 1888 1456 1943 τὸν
1507 1887 1604 1954 μὲν
1634 1886 1786 1964 ὁίγιον
1814 1884 1925 1945 Ἰε-

270 1979 476 2058 ρόθεον,
511 1979 582 2041 ὡς
612 1975 829 2034 τελείων
861 1973 1107 2034 διανοιῶν
1165 1974 1501 2052 διδάσκαλον,
1536 1989 1655 2040 τοῖς
1701 1976 1925 2042 τελείοις

268 2068 613 2147 ἀφορίζομεν,
649 2068 737 2123 καὶ
796 2067 860 2122 τὰ
915 2066 1117 2123 ἐκείνου
1160 2064 1343 2147 λόγια,
1374 2068 1448 2131 ὡς
1480 2065 1694 2145 δεύτερα
1744 2065 1922 2146 λόγια.

269 2160 406 2223 πρὸς
434 2158 500 2214 τὰ
541 2160 661 2214 θεῖα
690 2157 779 2213 καὶ
809 2155 919 2225 ἶερά
975 2157 1080 2213 τῶν
1136 2156 1450 2214 ἀποστόλων
1481 2156 1921 2237 παραγγέλματα,

270 2248 499 2329 ἔχομεν’
535 2260 650 2310 τοϊς
683 2244 882 2303 δὲκαθ’
915 2247 1059 2322 ἡμᾶς
1118 2245 1329 2303 ἀτελέσι
1380 2248 1447 2304 τὰ
1501 2250 1622 2304 θεῖα
1672 2245 1927 2325 παραδώ-

268 2360 461 2418 σομεν,
494 2335 793 2414 ἀναλόγους
824 2348 941 2399 τοῖς
999 2333 1340 2402 διδασκάλοις
1398 2340 1535 2411 ἡμῖν
1585 2337 1708 2402 τοὺς
1741 2340 1925 2413 μαθη-

267 2430 368 2491 τὰς
400 2426 640 2508 ἔχοντες.
676 2425 904 2484 Ὀπόσον
933 2423 988 2482 δὲ
1020 2425 1138 2505 ἔχει
1187 2426 1392 2490 ἐκεῖνος
1423 2427 1483 2484 τὸ
1541 2424 1766 2506 τέλειον,
1799 2426 1853 2482 ὲν
1882 2430 1927 2500 ᾧ

2012 1886 2140 1964 ejus
2166 1882 2336 1945 nobis
2355 1884 2661 1946 remisisti.
2687 1885 3058 1966 Quapropter
3089 1908 3196 1949 nos
3213 1909 3451 1970 quoque
3481 1909 3661 1953 sanc-

2015 1984 2134 2035 tum
2168 1973 2582 2055 Hierothcum,
2620 1981 2897 2055 tanquam
2938 1976 3329 2056 perfectarum
3364 1979 3652 2040 mentium

2012 2076 2465 2145 praeceptorem,
2503 2065 2782 2144 perfectis
2809 2067 3269 2149 assignamus,et
3295 2069 3479 2148 ipsius
3505 2070 3662 2132 dicta

2012 2163 2288 2236 tanquam
2321 2156 2508 2217 altera
2539 2155 2800 2230 oracula,
2848 2157 3179 2219 secundum
3228 2158 3423 2221 divina
3453 2178 3659 2222 sacra-

2010 2264 2123 2326 que
2138 2245 2539 2326 apostolorum
2564 2245 3202 2326 scripta,:estitnatnus;
3236 2268 3345 2310 nos
3370 2268 3506 2311 vero
3540 2268 3660 2311 no-

2008 2335 2084 2396 tri
2115 2334 2413 2396 similibus
2439 2335 2812 2413 imperfectis
2834 2353 2930 2396 res
2952 2336 3179 2397 divinas
3204 2338 3661 2419 explicabimus;

2009 2424 2181 2486 nobis
2208 2425 2677 2505 praeceptoribus
2704 2443 2820 2487 non
2856 2426 3163 2490 absimiles
3194 2428 3516 2508 discipulos
3547 2430 3660 2491 ha-

273 2518 457 2590 ἐστιᾷθ
486 2517 693 2594 ἐτέρους
724 2516 821 2584 τὴν
875 2517 1091 2594 στερεὰν
1135 2517 1362 2596 τροφὴν,
1382 2514 1528 2573 ὅπου
1559 2538 1619 2595 γε
1649 2517 1736 2573 καὶ
1765 2519 1925 2592 ἡμεῖς

2011 2514 2492 2587 bentes.Quantaa
2508 2533 2645 2575 vero
2667 2515 2795 2594 ipse
2810 2525 2901 2577 est
2912 2515 3399 2595 perfectionis,cu
3412 2537 3467 2578 m
3484 2519 3661 2581 etiam

274 2610 541 2689 λεγόμεθα
571 2608 789 2686 τέλειοι,
823 2610 897 2673 ὡς
927 2614 1026 2677 τῆς
1057 2609 1309 2677 τοιαύτης
1344 2614 1559 2687 στερεᾶς
1592 2614 1793 2689 τροφῆς
1827 2631 1925 2686 μεο

2011 2604 2159 2667 alios
2198 2603 2389 2665 solido
2430 2603 2561 2664 cibo
2615 2605 2861 2685 nutriat,
2891 2624 3027 2667 cum
3063 2625 3169 2668 nos
3200 2607 3377 2668 etiam
3410 2608 3662 2689 perfecti

274 2698 637 2776 ταλαμϐάνειν
690 2699 1000 2776 ἠξιωμένος
1049 2699 1249 2778 Ὀρθῶς
1301 2698 1388 2756 οὖν
1446 2698 1671 2774 εἴπομεν
1701 2700 1784 2778 τὸ,
1830 2700 1925 2766 τὴν

2011 2694 2407 2775 appellamur,
2433 2691 2483 2754 si
2516 2693 2847 2755 istiusmodi
2903 2696 3094 2757 solido
3140 2696 3271 2759 cibo
3301 2697 3456 2759 vesci
3488 2697 3659 2760 nobis

277 2793 380 2868 μέν
440 2790 766 2857 αὖτοπτικὴν
831 2792 917 2847 καὶ
970 2788 1422 2859 ἀνεπικάλυπτον,
1456 2790 1544 2846 καὶ
1596 2788 1925 2868 ἐμφανεστέ-

2014 2783 2277 2847 licuerit?
2321 2783 2534 2847 Merito
2566 2783 2761 2864 itaque
2792 2784 3068 2861 dicimus,
3117 2786 3187 2849 ad
3239 2792 3424 2868 ipsam
3459 2805 3567 2867 per
3597 2805 3664 2849 se

276 2902 375 2961 ραν
432 2878 781 2959 κατανόησιν,
852 2882 937 2936 καὶ
995 2880 1094 2947 τὴν
1168 2876 1514 2958 κεφαλαιώδη
1567 2875 1925 2953 διδασκαλίαν,

2016 2874 2427 2948 intuitionem,
2464 2881 2523 2934 et
2570 2892 2688 2934 non
2721 2874 3036 2936 revelatam
3075 2877 3658 2957 manifestioremque

276 2966 637 3049 πρεσϐυτικῆς
693 2967 895 3026 δεῖσθαι
956 2967 1250 3045 δυνάμεως’
1313 2969 1413 3035 τὴν
1488 2966 1543 3023 δὲ
1610 2966 1925 3048 διασάφησιν

2015 2962 2567 3043 intelligentiam,et
2594 2965 2976 3026 summariam
3011 2966 3337 3027 doctrinam
3373 2966 3548 3028 senili
3570 2968 3661 3028 fa-

275 3061 366 3117 καὶ
394 3058 691 3135 ἐκμᾶθησιν
738 3059 987 3136 ἀρμόζειν
1045 3062 1162 3123 τοῖς
1214 3057 1515 3137 ὑφειμένοις
1565 3060 1725 3133 ἡμῖν.
1776 3055 1925 3115 Ἐπι-

2016 3054 2239 3116 cultate
2266 3073 2414 3135 opus
2439 3054 3084 3132 esse,eiplanationem
3104 3065 3297 3118 autem
3325 3065 3380 3118 et
3405 3057 3661 3139 explica-

276 3152 572 3229 τετήρηται
627 3155 749 3225 γεῦν
809 3151 972 3229 ἡμῖν,
1003 3148 1140 3205 ὥστε
1169 3147 1267 3204 ὅσα
1321 3146 1386 3214 δὴ
1444 3150 1624 3227 σαφῶς
1668 3148 1811 3225 παρὰ
1841 3150 1925 3203 τοῦ

2018 3143 2237 3206 tionem
2255 3144 2427 3205 nobis
2445 3165 2476 3203 ι]
2489 3152 2507 3203 t
2520 3144 2903 3206 inferioribus
2916 3145 3660 3210 convenire.0bservatum

278 3240 423 3298 θείου
485 3230 733 3316 Ἱεροθέοο
791 3236 1179 3318 διηυκρίνηται,
1242 3235 1493 3312 μηδόλως
1544 3235 1925 3317 ἐγκεχειρτ,κέ-ι

2018 3239 2213 3314 itaque
2235 3253 2268 3295 a
2295 3233 2489 3307 nobis,
2523 3241 2585 3293 ut
2619 3253 2985 3315 quaecunque
3026 3237 3184 3298 clare
3210 3256 3244 3299 a
3273 3237 3406 3298 divo
3440 3238 3660 3299 Hiero-

277 3353 363 3389 ναι
394 3331 484 3387 καὶ
514 3332 627 3386 οἷον
672 3329 938 3408 φαίνεσθαι
989 3327 1354 3406 ταῦτολογεῖψ
1389 3328 1454 3383 τὰ
1506 3325 1558 3382 δὲ
1605 3328 1925 3392 συνοπτικῶς

2014 3324 2154 3385 theo
2185 3323 2461 3384 distincta
2493 3332 2627 3384 sunt
2660 3341 2733 3383 ne
2765 3324 3004 3404 quidem
3038 3328 3281 3388 omnino
3332 3326 3660 3404 attingere-

281 3419 544 3500 εἰρημένα
619 3418 799 3493 ἐκείνῳ
854 3416 1030 3499 (τοῦτο
1105 3417 1204 3496 γὰρ
1286 3415 1471 3483 ἔξωθεν
1533 3415 1925 3494 προσληπτέον]

2018 3431 2257 3487 mus,ne
2290 3412 2735 3493 quodammodo
2766 3412 2925 3473 idem
2960 3415 3170 3476 iterato
3210 3416 3409 3477 dicere
3432 3415 3662 3477 videre-

278 3509 626 3586 λεπτοτέραις
696 3508 913 3572 ἐννοίαις
969 3508 1256 3590 ἐκφαίνειν·
1331 3508 1485 3563 τοῦτο
1549 3506 1648 3585 γάρ
1704 3506 1816 3562 ἐστι
1872 3507 1925 3561 τὸ

2017 3521 2309 3584 mur;qum
2326 3521 2463 3564 vero
2490 3505 2617 3583 ipse
2635 3504 3058 3582 compendiose
3083 3505 3471 3583 tradidit(hoc
3499 3503 3661 3567 enim

283 3600 641 3675 ζητούμενον,
695 3597 726 3654 ’ὃ
782 3597 838 3655 ἐν
894 3605 970 3674 τῷ
1006 3597 1147 3655 τέλει
1199 3604 1290 3654 τοῦ
1317 3595 1480 3676 λογου
1527 3598 1792 3674 ἐπήγαγε,
1827 3602 1925 3654 Νῦν

2016 3592 2438 3673 excipiendum
2455 3592 2566 3673 est)
2592 3591 3444 3675 minutioribusintelligentiis
3463 3594 3664 3676 expla-

281 3690 340 3749 δὲ
387 3693 460 3755 εἰς
511 3691 633 3753 τοὺς
683 3687 927 3752 ἐπαίνους
985 3694 1076 3746 τοῦ
1132 3685 1317 3765 ἀνδρὸς
1362 3683 1630 3759 εἰσελθὼν,
1667 3686 1815 3749 ὃπως
1845 3687 1925 3741 καῖ

2016 3701 2315 3760 naremus,
2341 3701 2476 3744 nam
2503 3682 2616 3743 hoc
2668 3691 2757 3744 est
2812 3683 2966 3765 quod
3011 3686 3320 3764 quaeritur,
3357 3693 3419 3745 ut
3451 3685 3508 3748 in
3543 3685 3663 3748 fine

281 3782 450 3839 ὁποῖα
504 3779 638 3847 ἦσαν
696 3779 763 3835 τὰ
800 3775 926 3857 παρ’
982 3779 1139 3835 αὐτοῦ
1185 3777 1488 3853 ὑμνούμενα
1546 3775 1599 3831 ἐν
1642 3782 1719 3851 τῷ
1767 3781 1925 3854 καιρῷ

2017 3773 2301 3835 orationis
2324 3772 2754 3835 addidit.Nunc
2775 3792 2911 3835 vero
2933 3774 3043 3836 viri
3058 3775 3259 3837 laudes
3276 3775 3657 3854 aggrediens,

283 3876 388 3941 τῆς
435 3870 589 3949 ἀγίας
622 3867 880 3925 Θεοτόκου
938 3868 1269 3947 κοιμήσεως,
1302 3866 1439 3923 κατὰ
1481 3864 1772 3926 ἐνδιάθετον
1793 3866 1925 3945 σχῆ‹

2020 3882 2274 3945 quanam
2307 3865 2621 3938 ratione,et
2657 3863 2857 3941 qualia
2877 3863 2948 3925 ab
2980 3865 3108 3945 ipso
3141 3873 3358 3927 sancta:
3390 3863 3661 3945 Deipara}

283 3984 386 4043 μα,
416 3963 683 4040 τεχνικῶς
723 3957 858 4034 ⁴ο”ίον
910 3955 1194 4015 ἐπελάθετο
1237 3960 1335 4024 τῆς
1369 3963 1460 4014 τοῦ
1491 3953 1651 4033 λόγου
1690 3954 1925 4036 συμφρά-

2019 3952 2475 4016 obdormitionis
2509 3961 2775 4034 tempore
2805 3953 3035 4015 laudata
3080 3954 3487 4035 sint,ostendit
3515 3954 3659 4016 arti-

282 4073 445 4126 σεως,
480 4051 566 4107 καὶ
596 4067 780 4129 φησιν·
814 4045 964 4106 Ἐπεὶ
1016 4047 1105 4103 καὶ
1148 4043 1272 4126 παρ’
1324 4048 1508 4110 αὒτοῖς
1567 4058 1685 4109 τοῖς
1743 4045 1925 4116 θεολή-

2022 4044 2226 4106 ﬁciose
2248 4042 2669 4123 ipsaloquendi
2697 4043 3261 4114 formula,orationis
3280 4062 3349 4105 ea
3365 4044 3660 4123 composi-

282 4162 442 4205 πτοις
476 4139 732 4218 πατράσιν
767 4135 879 4219 (ὅτε
924 4137 1272 4214 ωμπαρῆμεν
1334 4135 1549 4199 ἐκείνοίς
1583 4137 1671 4192 καὶ
1715 4134 1925 4215 inpsth

2021 4136 2240 4196 tionem
2275 4133 2558 4209 effugere,
2588 4141 2642 4193 et
2667 4133 2747 4193 ait
2780 4155 2794 4193 :
2831 4133 2974 4194 Cum
3008 4133 3278 4195 Patribus
3309 4133 3427 4194 illis
3459 4133 3655 4195 divino

270 4236 328 4290 ἐν
377 4237 456 4305 τῷ
509 4235 677 4306 καιρῷ
722 4232 822 4295 τῆς
856 4227 1161 4303 κοιμήσεως
1220 4231 1318 4292 τῆς
1377 4226 1637 4303 παναγίας
1691 4227 1923 4281 Δεσποί-

2011 4223 2231 4304 Spiritu
2260 4222 2472 4284 aﬂlatis
2498 4221 2581 4302 (et
2607 4240 2712 4282 nos
2734 4222 2848 4302 ipsi
2866 4222 3233 4296 adessemus)
3262 4232 3528 4302 tempore
3553 4222 3658 4285 ob-

266 4346 365 4391 νης
414 4324 575 4396 ἡμῶν
631 4320 901 4397 θεοτοκου,
964 4314 1132 4373 ἐδόκει
1199 4316 1253 4372 δέ
1302 4315 1437 4372 κατὰ
1468 4314 1564 4383 τήν
1592 4316 1731 4371 θείαν
1764 4317 1925 4390 ὖμνῆ-

2011 4311 2383 4375 dormitionis
2414 4311 2805 4374 sanctissimae
2825 4313 3078 4374 domina
3104 4322 3318 4375 nostrae
3354 4311 3651 4392 Deiparaa,

262 4436 355 4471 σαι
400 4412 523 4475 τώς
555 4409 808 4488 ἱεράρχας
841 4409 914 4471 ὡς
943 4405 1164 4470 ἕκαστος
1198 4406 1327 4486 εἶχε
1350 4403 1618 4479 δυνάμεως
1649 4405 1745 4472 τὴν
1774 4402 1923 4460 ἀπει-

2011 4403 2448 4484 placuissetque
2489 4409 2622 4479 post
2668 4408 2996 4463 contuitum
3028 4404 3252 4463 sanctis
3286 4401 3657 4466 antistitibus

258 4502 556 4581 ροόύναμον
605 4476 920 4578 ’ἀγαθότητα
979 4500 1078 4565 της
1129 4476 1426 4575 θεαργζικῆς
1472 4476 1772 4564 ἀσθενείας,
1829 4498 1923 4563 τῆς

2011 4476 2117 4575 pro
2148 4491 2303 4581 virili
2326 4476 2543 4572 cuique
2561 4491 2932 4581 suo,inﬁnita
2955 4492 3218 4573 potentia
3245 4490 3550 4581 praeditam
3572 4490 3659 4554 di-

540 4554 785 4657 δηλόνότι
828 4554 920 4644 τοῦ
969 4554 1100 4642 Gabi?)
1158 4554 1298 4666 ἀγίρῒ
1318 4554 1512 4663 σαρκὸς
1544 4585 1710 4663 χωρὶς
1731 4554 1919 4662 ’ἀμαρζ

2011 4554 2156 4644 vina:
2203 4554 2635 4643 imbecillitatis
2678 4554 3015 4644 bonitatem
3064 4554 3429 4657 collaudare,
3466 4580 3523 4643 id
3568 4589 3657 4644 est

252 4683 378 4749 τίας
431 4675 884 4757 συγκαταϐαίσεως
920 4724 937 4755 ,
994 4676 1207 4733 πάντων
1267 4674 1474 4754 ἐκράτει
1540 4678 1647 4729 τῶν
1698 4674 1919 4752 ίερομυ-

2011 4671 2391 4734 voluntariam
2417 4670 2989 4734 condescensiouem
3010 4671 3116 4737 Dei
3146 4672 3412 4754 usquead
3438 4689 3656 4752 corpus

258 4773 401 4833 στῶν
432 4773 460 4829 ὁ
492 4769 660 4849 μέγας
705 4765 981 4845 Ἰερόθεος,
1035 4762 1159 4829 ἕλος
1209 4764 1282 4823 ὢν
1341 4763 1519 4842 ὥσπερ
1577 4760 1808 4837 ἔκδημος
1858 4762 1918 4819 ἐκ

2011 4760 2222 4843 absque
2246 4773 2516 4843 peccato,
2541 4770 2789 4824 caateros
2808 4762 3152 4825 sacerdotes
3172 4761 3494 4843 superabat
3522 4779 3657 4823 ma~

261 4870 357 4922 τοῦ
402 4862 683 4938 σώματος,
715 4855 840 4920 ὅλος
886 4854 1223 4932 ἐξιστάμενος
1251 4857 1441 4913 ἐαυτοῦ
1469 4852 1522 4909 ἐν
1552 4865 1670 4916 τοῖς
1701 4851 1911 4933 ὕμνοις,

2011 4870 2146 4931 ςιιιιε
2170 4851 2713 4931 Hierotheus,totus
2733 4851 3169 4932 quodammodo
3204 4870 3234 4913 a
3268 4868 3518 4929 corpore
3541 4850 3653 4911 ab-

263 4955 355 5011 καὶ
397 4951 630 5031 πάσχων
660 4948 759 5016 τὴν
796 4946 933 5026 πρὸς
974 4945 1038 5003 τὰ
1067 4944 1370 5021 ὺμιούμενα
1415 4942 1721 5022 κοινωνίαν,
1778 4942 1927 5021 παρὰ

268 5044 488 5101 πάντων
546 5040 634 5096 καὶ
683 5044 790 5093 τῶν
850 5036 1130 5114 γνωρίμων
1188 5036 1275 5091 καὶ
1335 5036 1442 5091 τῶν
1499 5033 1577 5103 μὴ
1647 5032 1926 5110 γνωρίμων

268 5131 573 5199 θεόληπτος
602 5127 864 5208 ἐχρίνετο.
901 5123 966 5181 Ἠ
997 5130 1122 5203 γοῦν
1166 5128 1321 5181 τοῦτο
1370 5121 1541 5201 λέγει,
1597 5122 1739 5201 παρὰ
1785 5121 1928 5178 πάν-

270 5245 379 5280 των
435 5220 529 5276 καὶ
577 5224 677 5274 τῶν
711 5212 1084 5295 γινωσκόντων
1139 5215 1223 5270 καὶ
1289 5218 1392 5270 τῶν
1438 5212 1515 5289 μὴ
1558 5209 1927 5292 γινωσκόντων

270 5312 455 5370 αὗτόν·
488 5308 551 5389 ἢ,
585 5306 712 5384 ὅπερ
756 5307 845 5362 καὶ
899 5316 1168 5383 κρεῖττον,
1230 5306 1289 5362 οὗ
1351 5302 1450 5382 γὰρ
1495 5301 1643 5376 εἶπε,
1678 5300 1776 5357 οὒκ
1804 5303 1927 5380 ἐγι-

270 5401 531 5475 νώσκετο,
582 5394 702 5453 ἀλλ’
767 5398 860 5454 οὒκ
939 5392 1350 5471 ἐπεγινώσκετο’
1425 5389 1746 5470 ἐγινώσκετο
1827 5389 1924 5465 μὲν

269 5490 416 5571 λέγει
478 5487 603 5567 παρ’
663 5486 900 5560 ἐκείνων,
957 5480 1203 5551 δηλονότι
1261 5478 1461 5545 οἵτινες
1507 5480 1795 5560 ἐγίνωσκον
1825 5479 1923 5547 τὴν

2011 4941 2411 5015 ductus,totus
2435 4950 2599 5003 extra
2620 4960 2685 5003 se
2724 4941 2949 5021 positus
2992 4943 3051 5002 in
3092 4940 3329 5023 hymnis
3358 4959 3427 5002 ac
3457 4939 3655 5002 laudi-

2011 5029 2472 5111 bus,rerumque
2500 5049 2644 5111 quas
2694 5030 2971 5094 laudabat
2998 5032 3364 5093 consortium
3399 5030 3653 5111 patiens,

2011 5120 2084 5183 ab
2108 5119 2388 5182 omnibus
2412 5130 2527 5183 tam
2554 5121 2711 5182 notis
2736 5138 2911 5201 quam
2939 5120 3159 5199 ignotis
3186 5121 3383 5182 divino
3398 5120 3659 5184 Numine

2012 5209 2241 5274 afﬂatus
2253 5210 2961 5288 censebatur.Velitaque
2983 5211 3098 5273 boc
3120 5210 3366 5285 dicit,ab
3380 5210 3658 5273 omnibus

2011 5308 2127 5362 tam
2149 5300 2222 5363 iis
2244 5303 2345 5384 qui
2371 5300 2564 5381 ipsum
2590 5302 2730 5363 549
2748 5309 3241 5382 noverant,quam
3264 5301 3365 5383 qui
3398 5320 3516 5363 non
3543 5319 3658 5362 no-

2009 5400 2238 5474 verant;
2262 5390 2357 5454 vel
2389 5388 2607 5472 potius,
2642 5409 2759 5452 non
2792 5390 2939 5454 dixit
2972 5390 3131 5470 quod
3166 5388 3659 5469 noscebatur,sed

2010 5498 2128 5541 non
2160 5479 2652 5561 cognoscebatur;
2675 5479 2972 5562 siquidem
3004 5480 3076 5543 ab
3109 5478 3475 5560 illis,inquit,
3510 5496 3657 5539 nos-

429 5576 740 5658 λεγομένων
795 5572 1032 5650 δόναμιν*
1095 5574 1189 5630 οὒκ
1233 5570 1661 5653 ἐπεγιγνώσκετο
1704 5568 1759 5626 δὲ
1790 5567 1918 5648 παρ’

2011 5568 2275 5658 cebatur,
2311 5572 2411 5651 qui
2456 5570 2725 5634 videlicet
2754 5580 3039 5633 noverant
3086 5588 3290 5631 eorum
3324 5586 3461 5658 qum
3483 5567 3656 5658 dice-

274 5655 521 5743 ἐκείνων,
541 5667 738 5729 οἵτινες
798 5668 900 5739 οὗψ
956 5664 1064 5726 οἷοί
1105 5684 1162 5720 τε
1210 5661 1348 5730 ἦσαν
1380 5658 1658 5718 ἐπιϐαλεῖν
1694 5663 1771 5734 τῷ
1798 5657 1919 5735 ὕψει

2011 5656 2225 5720 bantur
2245 5660 2530 5737 valorem;
2555 5675 2673 5722 non
2699 5659 3169 5738 cognoscebatur
3191 5665 3385 5719 autem
3410 5655 3483 5716 ab
3508 5655 3649 5731 illis,

278 5762 380 5819 τῶν
421 5760 629 5837 ὕμνων,
683 5747 956 5836 Ἐφαίνετο
1003 5760 1126 5832 γοῦν
1185 5751 1480 5822 θεόληπτος
1531 5752 1796 5815 κάκείνοις
1834 5750 1920 5809 καὶ

2011 5749 2107 5831 qui
2138 5748 2388 5814 istarum
2411 5750 2655 5814 laudum
2679 5750 3090 5813 celsitudinem
3119 5748 3406 5827 attingere
3431 5765 3547 5807 non
3561 5764 3657 5807 va-
