4156 6156
528 436 639 505 691

1704 433 1764 499 S.
1821 434 2158 498 DIONYSIl
2205 433 2733 500 AREOPAGszE.

3792 440 3912 505 692

528 574 751 640 labant.
774 571 1102 637 Videbatur
1130 568 1329 652 itaque
1352 570 1549 633 divino
1574 568 1831 634 Numine
1854 570 2081 635 afﬂatus
2111 578 2170 632 et

2264 572 2480 634 τούτοις.
2533 569 2794 638 Ἐκείνοις
2857 572 2979 653 μὲν,
3038 574 3108 640 ὡς
3168 580 3397 632 συνιοῦσι
3448 574 3536 632 καὶ
3599 574 3913 652 ἐπιστήμην

529 665 650 727 illis
679 673 737 727 et
767 663 1012 727 his.Illis
1038 662 1582 743 quidcm,tanquam
1614 662 1874 723 consciis
1897 680 1963 722 ac
1981 661 2171 723 scien~

529 753 691 817 tibus
717 754 908 834 ipsum
941 770 1076 813 esse
1108 750 1309 823 talem;
1337 752 1431 812 his
1461 769 1599 812 vero
1629 760 1904 830 tanquam
1930 770 2049 811 non
2075 755 2173 810 in—

531 842 935 923 telligentibus
965 859 1096 922 quae
1124 841 1498 909 dicebantur,
1523 850 1698 922 atque
1723 841 1856 902 ideo
1879 840 2177 902 existima-

531 933 697 1009 bant,
734 933 836 995 illa
866 931 1064 993 divina
1096 930 1363 1012 quiedam
1394 948 1527 992 esse
1557 949 1687 1010 quae
1732 930 1894 1008 vulgi
1938 938 2173 1011 captum

532 1029 906 1105 superarent,
935 1029 993 1083 et
1024 1021 1236 1083 divinis
1268 1028 1495 1083 tantum
1529 1038 1858 1101 eorumque
1884 1020 2179 1081 similibus

532 1113 675 1175 viris
704 1113 883 1193 digna
914 1112 1135 1175 forent.
1167 1110 1513 1172 Divinarum
1548 1128 1724 1192 porro
1756 1110 1998 1172 laudum
2030 1110 2176 1172 ista-

531 1221 663 1266 rum
692 1212 916 1285 partem
948 1202 1203 1283 aliquam
1238 1219 1332 1264 me
1362 1199 1469 1263 abs
1490 1209 1547 1261 te
1576 1200 1870 1263 audivisse
1903 1200 2171 1263 memini:

533 1301 756 1355 tantam
800 1291 1132 1355 ditinorum
1188 1309 1391 1353 curam
1433 1291 1616 1373 geris,
1648 1300 1716 1352 ut
1748 1309 2045 1372 nunquam
2080 1290 2182 1352 illa

532 1381 937 1464 perfunctorie
974 1399 1312 1464 percurras.

611 1473 756 1551 §ll[.
794 1475 989 1555 Atque
1023 1479 1082 1534 ut
1108 1472 1290 1534 multa
1322 1472 1667 1535 omittamus
1698 1490 1829 1555 quae
1849 1472 2019 1549 vulgo
2040 1480 2181 1533 sunt

531 1583 771 1640 arcana,
812 1564 1040 1645 tibique
1090 1570 1250 1639 nota,
1304 1563 1394 1624 vel
1441 1563 1579 1625 ideo
1630 1572 1766 1624 nota
1797 1564 1932 1644 quia
1961 1579 2177 1623 arcana

532 1660 917 1735 mysticaque,
958 1654 1052 1715 \el
1088 1652 1193 1715 tibi
1245 1662 1383 1715 nota
1440 1661 1714 1735 tanquam
1762 1671 1939 1733 supra
1968 1653 2176 1731 vulgus

531 1744 938 1809 exsistenti.ac
957 1744 1306 1805 divino.hoc
1326 1743 1868 1823 impraesentiarum
1893 1742 2172 1803 dicimus:

2258 670 2505 744 σχοῦσιν,
2536 662 2616 719 ὅτι
2647 666 2883 727 τοιοῦτός
2914 667 3049 721 ἔστι·
3091 666 3295 731 τούτοις
3326 664 3406 742 δὲ,
3453 666 3524 728 ὠς
3557 667 3634 741 μὴ
3668 676 3909 726 συνιοῦσι

2257 756 2322 808 τὰ
2350 752 2634 832 λεγόμενα,
2692 753 2969 810 κᾶντεῦθεν
3009 755 3129 811 θεῖά
3175 778 3292 812 τινα
3351 759 3580 833 κρίνουσι
3625 763 3790 813 ταῦτα
3821 760 3913 815 καὶ

2257 843 2386 918 ὓπερ
2434 843 2552 906 τοὺς
2609 842 2864 919 πολλοὺς,
2911 846 2999 901 καὶ
3057 845 3238 920 μόνοις
3290 844 3406 911 ἄξια
3459 859 3579 911 τοῖς
3627 846 3786 908 θείοις
3818 849 3911 904 καὶ

2259 931 2378 989 κατ’
2411 931 2618 989 ἐκεῖνον
2660 930 2925 1010 ἀνδράσιν,
2983 935 3079 992 Ἐκ
3125 941 3230 991 τῶν
3285 934 3462 1009 ὕμνων
3516 942 3642 1012 γοῦν
3691 937 3912 993 ἐκείνων

2262 1020 2385 1079 οἶδα
2441 1021 2743 1086 ἐπακούσας
2786 1022 3046 1087 πολλάκις
3106 1026 3193 1081 καὶ
3248 1026 3390 1103 παρὰ
3438 1025 3529 1081 τοῦ
3570 1025 3709 1106 μέρη
3760 1029 3905 1084 uva"

2261 1112 2425 1177 οὕτως
2498 1112 2645 1193 ἔχεις
2710 1111 2945 1181 σπουδὴν
3022 1116 3095 1180 εἷς
3166 1116 3232 1172 τὰ
3286 1119 3429 1197 θεῖα,

2262 1201 2527 1281 παρέργου
2559 1202 2857 1283 λογίζεσθαι
2887 1211 3072 1268 ταῦτα,

3517 1115 3655 1173 ὥστε
3717 1118 3795 1194 μὴ
3851 1117 3914 1175 ἐκ

2341 1475 2367 1547 §
2398 1472 2497 1536 ΙΙΙ.
2533 1475 2630 1531 Καὶ
2686 1472 2775 1531 ἵνα
2825 1497 2905 1533 σοι
2951 1474 3361 1554 παραλείψωμεν
3413 1477 3479 1534 τὰ
3512 1476 3686 1536 πολλὰ
3716 1476 3788 1540 ὠς
3822 1477 3912 1556 ἄῤ-

2259 1563 2393 1640 ῥητα
2424 1576 2542 1620 τοῖς
2575 1562 2800 1630 πολλοῖς
2854 1568 2942 1623 καὶ
3000 1588 3082 1622 σοι
3112 1565 3410 1645 ἐγνωμένα,
3466 1568 3502 1634 ἦ
3554 1575 3678 1645 γοῦν
3726 1567 3913 1645 ἐγνω-

2259 1652 2451 1727 σμένα,
2512 1652 2590 1709 ὅτι
2629 1655 2754 1710 εἰσὶν
2816 1653 3011 1733 ἅῤῥὴτα
3086 1658 3169 1713 καὶ
3256 1657 3510 1731 μυστικά’
3584 1657 3619 1725 ἢ
3677 1656 3757 1713 ὅτι
3828 1659 3915 1714 σοὶ

2259 1743 2589 1819 ἐγνωσμένοι,
2656 1748 2728 1806 ὡς
2786 1744 2893 1801 ὄντι
2943 1746 3071 1822 ὑπὲρ
3130 1748 3244 1811 τοὺς
3299 1746 3549 1822 πολλοὺς,
3608 1750 3697 1803 καὶ
3758 1748 3906 1821 θείῳ·

532 1834 995 1917 quomodo,cum
1026 1834 1242 1895 multos
1259 1834 1436 1895 vellet
1457 1833 1782 1908 instruere,
1810 1843 1866 1894 et
1890 1838 2177 1913 quotquot

2264 1844 2410 1892 τοῦτο
2464 1836 2580 1911 πρὸς
2631 1836 2689 1890 τὸ
2741 1836 2905 1907 παρὸν
2949 1834 3197 1911 λέγομεν
3252 1843 3391 1909 πῶς,
3446 1837 3533 1893 ὅτε
3587 1851 3703 1899 τοῖς
3763 1837 3911 1892 πολ-

531 1903 767 2005 ῥοιθτιιι
796 1903 870 1985 ad
902 1923 1009 1985 Dei
1042 1923 1262 1984 cultum
1299 1922 1639 2003 traducere,
1674 1903 1951 2003 plurimis
1982 1903 2176 1983 modis

2264 1923 2373 1985 λοῖς
2404 1923 2587 1989 ἢθελεν
2621 1923 2901 2004 ὁμιλῆσαι,
2957 1928 3045 1981 καὶ
3108 1924 3261 1989 ὅσους
3310 1925 3373 1992 ἧν
3405 1924 3621 1983 δδνατὸν
3684 1926 3913 2001 μετάξαι

532 2032 847 2095 superasse
879 2013 1167 2093 plurimos
1198 2021 1594 2093 prazceptores
1636 2032 1859 2086 sacros,
1894 2030 1925 2072 a
1957 2012 2176 2089 quibus

531 2112 601 2167 ut
632 2103 868 2164 divinus
891 2102 1164 2179 Magister
1183 2101 1775 2177 celebrabatur,ade.)
1794 2111 2172 2183 utnunquam

534 2200 694 2255 tanto
727 2192 839 2253 soli
871 2192 1065 2253 conati
1096 2192 1280 2252 simus
1310 2192 1710 2269 obtueri.Agit
1732 2192 1804 2253 de
1831 2193 1989 2255 illius
2016 2209 2173 2252 com-

534 2280 934 2363 positionibus
959 2300 1026 2342 ac
1060 2280 1320 2359 scriptis,
1353 2281 1507 2342 unde
1531 2282 1699 2361 dicit,
1727 2283 1808 2342 ita
1839 2281 2010 2343 nobis
2038 2299 2179 2343 con—

532 2370 1178 2452 sciisumus,quoniam
1198 2371 1366 2449 juxta
1382 2371 1582 2431 tritum
1614 2370 1981 2433 illudzNosce
2003 2381 2055 2433 le
2086 2374 2178 2446 ip-

530 2479 696 2536 sum,
726 2461 802 2522 ita
836 2461 911 2523 de
946 2459 1118 2521 nobis
1150 2460 1462 2534 sentimus,
1498 2479 1567 2522 ac
1598 2460 1646 2522 si
1679 2480 1754 2523 ne
1796 2461 2013 2523 divinis
2041 2461 2176 2541 qui-

531 2552 666 2614 dam
702 2549 1132 2629 intelligendis,
1162 2568 1237 2612 ne
1272 2550 1465 2613 dicam
1501 2551 1877 2631 eloquendis,
1905 2552 2179 2614 sufﬁcere

526 2659 865 2722 possumus.
892 2639 1140 2704 Multum
1174 2658 1310 2701 vero
1341 2658 1373 2701 a
1399 2649 1735 2703 sanctorum
1769 2641 2032 2702 virorum
2069 2642 2177 2701 ha-

525 2730 655 2794 bitu
687 2738 868 2811 atque
912 2731 1162 2791 scientia
1194 2730 1512 2806 distamus;
1545 2730 1689 2811 quin
1723 2749 1792 2791 eo
1827 2749 1946 2810 prae
1997 2731 2179 2793 nimia

524 2820 815 2899 religione
830 2819 1070 2880 adducti
1098 2828 1402 2892 sumus,ut
1428 2828 1481 2880 te
1515 2819 1730 2881 divinis
1756 2820 1903 2881 nihil
1931 2820 2175 2880 omnino

525 2910 734 2972 audire
765 2909 853 2972 vel
887 2909 1049 2989 loqui
1080 2908 1589 2983 auderemus,non
1620 2917 1843 2971 tantum
1863 2909 1936 2969 de
1958 2911 2026 2970 iis
2044 2927 2177 2986 qua)

526 2998 1107 3078 ignoramus,verum
1143 2998 1321 3059 etiam
1356 2997 1430 3058 de
1465 2998 1537 3058 iis
1572 3016 1700 3079 qua;
1731 3006 1939 3060 exacte
1970 2997 2173 3059 nosci-

536 3087 811 3162 mus,nisi
828 3087 999 3149 nobis
1014 3106 1373 3168 persuasum
1398 3088 1741 3161 esset,haud
1767 3107 1995 3168 aequum
2014 3106 2173 3169 esse,

534 3195 737 3241 rerum
763 3177 1096 3239 divinarum
1121 3196 1297 3258 quam
1326 3176 1576 3257 quilibet
1615 3196 1747 3240 cum
1775 3177 1972 3241 divina
1992 3184 2178 3257 gratia

2258 2015 2329 2077 εἷς
2360 2011 2679 2087 θεοσέϐειαν,
2715 2016 2973 2094 ὑπερεῖχε
3023 2017 3142 2077 τοὺς
3174 2014 3403 2080 πολλοὺς
3436 2024 3540 2072 τῶν
3575 2019 3730 2093 ίερῶν
3763 2014 3913 2073 διδα-

2258 2101 2468 2158 σκαλων
2499 2105 2631 2158 κατὰ
2676 2102 2903 2168 πολλοὺς
2963 2105 3212 2183 τρόπους,
3292 2106 3383 2170 οἷς
3429 2104 3489 2161 ἓν
3537 2109 3854 2180 astu-Summ
3885 2109 3914 2162 ὁ

2257 2196 2402 2255 θεῖος
2460 2191 2796 2272 διδασκαλος,
2851 2194 2987 2249 ὥστε
3046 2195 3141 2251 οὒκ
3195 2194 3257 2249 ἂν
3310 2217 3437 2251 ποτε
3484 2197 3613 2273 πρὸς
3666 2203 3909 2252 τοιοῦτον

2262 2279 2414 2348 ἥλιον
2473 2283 2741 2339 ἀντωπεῖν
2801 2283 3241 2363 ἐνεχειρήσᾶμεν⁵
3305 2282 3548 2351 δηλονότι
3600 2287 3665 2341 τα
3724 2285 3911 2360 ἐκείνῳ

2264 2370 2628 2445 συντέθειμένα
2680 2371 2847 2450 λέγει,
2919 2374 3089 2436 καθὼς
3149 2373 3355 2437 ἐκεῖνος
3420 2375 3568 2454 εἶπε,
3624 2376 3913 2453 προστιθέ-

2263 2477 2431 2534 μενοι*
2484 2453 2674 2535 Ἠμεῖς
2734 2464 2833 2539 γὰρ
2884 2464 3020 2519 κατὰ
3077 2464 3159 2520 τό·
3223 2468 3383 2520 Γνῶθι
3439 2464 3654 2544 σαυτόν,
3710 2465 3919 2520 ἑαυτῶν

2263 2552 2637 2625 αἰσθανόμεθα,
2665 2554 2735 2616 ὡς
2796 2553 2916 2609 οὕτε
2962 2553 3147 2619 νοῆσαι
3199 2555 3392 2615 ἱκανῶς
3442 2555 3506 2609 τὰ
3535 2554 3659 2611 θεῖα
3690 2562 3914 2634 χωροῦ-

2263 2662 2381 2717 μεν,
2414 2638 2528 2696 οὔτε
2560 2642 2750 2698 εἷπεῖν.
2792 2642 2956 2720 Πὸρρο
2988 2640 3040 2697 δε
3072 2643 3227 2716 ἐσμεν
3273 2649 3368 2709 τῆς
3420 2642 3574 2708 ἕξεως
3638 2666 3723 2699 και
3786 2645 3914 2700 ἐπι-

2261 2731 2473 2803 στήμης
2503 2736 2607 2785 τῶν
2637 2731 2788 2806 ἱερῶν
2821 2730 3041 2810 ἀνδρῶν·
3092 2731 3299 2799 πολλὴν
3358 2734 3456 2811 γαρ
3517 2733 3577 2789 ἂν
3637 2731 3917 2790 εὗλείϐειαν

2261 2821 2492 2899 εἴχομεν
2545 2822 2632 2875 καὶ
2688 2823 2760 2886 εὶς
2807 2823 2868 2877 τὸ
2922 2819 3171 2896 μηδόλως
3230 2822 3439 2879 ἀκούειν
3575 2822 3756 2900 λέγειν
3788 2825 3909 2899 περὶ

2259 2916 2363 2963 τῶν
2402 2909 2576 2979 θείων,
2632 2912 2709 2985 μὴ
2756 2911 2834 2966 ὅτι
2893 2933 2953 2987 γε
3017 2910 3101 2967 ἐπὶ
3155 2925 3272 2974 τοῖς
3324 2912 3731 2991 ἀγνοουμένοις,
3773 2912 3914 2969 ἀλλὰ

2261 3000 2343 3055 καὶ
2396 2998 2481 3055 ἐπὶ
2525 3012 2640 3062 τοῖς
2693 2998 2919 3079 ἀκριϐῶς
2951 3001 3364 3077 γινωσκομένοις
3392 3005 3550 3077 ἡμῖν,
3586 3004 3630 3057 εἰ
3663 3004 3740 3076 μὴ
3772 3004 3913 3059 κατὰ

2260 3096 2344 3143 νῦν
2376 3087 2630 3170 εἴχομεν,
2690 3089 2769 3145 ὅτι
2827 3092 2885 3147 οὗ
2936 3088 3140 3147 δικαιόν
3177 3091 3325 3148 ἐστιν
3379 3090 3602 3167 ἀμελεῖν
3633 3091 3728 3160 τῆς
3763 3090 3919 3148 ἑνδειο

2258 3179 2500 3259 χομένης
2530 3186 2634 3235 τῶν
2665 3181 2816 3237 θείων
2846 3181 3117 3259 γνώσεως,
3152 3181 3218 3248 ἧς
3265 3181 3489 3247 ἕκαστος
3536 3182 3804 3262 μετέσχεν
3851 3184 3919 3239 ἐκ

535 3266 1314 3348 assequipotest,scientiam
1339 3268 1670 3346 negligere;
1693 3268 1775 3330 uti
1798 3269 2176 3329 manifestum

2264 3275 2356 3336 τῆς
2388 3272 2527 3333 θείας
2561 3271 2809 3349 χάριτος·
2865 3271 2956 3327 καί
3006 3270 3167 3338 δῆλον
3208 3274 3271 3327 εκ
3308 3272 3399 3328 τοῦ
3432 3272 3509 3346 μὴ
3544 3272 3919 3350 ἐπεξεργασα-

537 3358 689 3419 ﬁtex
712 3375 784 3419 eo
814 3356 917 3437 qui
944 3355 1226 3418 talentum
1262 3375 1380 3417 non
1412 3357 1797 3436 expenderat.
1816 3358 1971 3430 Quin
1997 3357 2053 3417 id
2083 3358 2178 3438 ip-

535 3466 668 3509 sum
709 3445 884 3509 nobis
912 3464 1150 3526 quoque
1184 3445 1568 3525 persuadent,
1615 3447 1929 3527 pulchrum
1962 3465 2180 3528 nempe

537 3555 671 3598 esse
698 3554 834 3597 cum
857 3536 991 3597 aliis
1012 3536 1323 3598 scientiam
1348 3554 1511 3597 suam
1538 3538 2178 3618 communicare,naiu-

531 3626 678 3689 ralia
698 3625 1033 3687 divinorum
1063 3627 1406 3704 angelorum
1441 3626 1759 3697 desideria,
1795 3627 1935 3688 dum
1970 3646 2181 3687 conve-

536 3715 799 3777 nientem
831 3732 1069 3794 semper
1099 3713 1355 3787 divinam
1403 3715 1962 3795 contemplationem
2015 3716 2179 3777 desi-

534 3804 773 3879 derant;
807 3822 919 3866 nec
953 3823 1068 3865 non
1124 3805 1301 3865 etiam
1355 3804 1686 3866 divinarum
1740 3806 2177 3886 Scriptuiarum

535 3892 998 3971 ordinatio,dum
1036 3892 1312 3972 prohibet
1342 3893 1582 3974 quidem
1616 3912 1688 3955 ea
1711 3912 1839 3974 quas
1870 3913 2050 3975 supra
2072 3915 2181 3957 nos

535 3991 675 4046 sunt
704 3982 997 4044 curiosius
1039 3981 1365 4064 inquirere.
1419 3983 1591 4044 sicuti
1634 3982 1936 4062 Sapientia
1971 3982 2182 4047 Siracb

535 4071 1014 4135 suadet:Altiora
1028 4079 1084 4134 te
1096 4073 2003 4155 nequasieris,elprofundi0ra
2020 4083 2077 4135 te
2108 4091 2184 4136 ne

533 4164 888 4227 scruterisn.
923 4161 1064 4221 550
1119 4161 1393 4242 Praecipit
1444 4180 1605 4244 vero,
1662 4173 1725 4224 ut
1773 4162 2071 4225 discamus
2112 4182 2183 4226 ea

534 4271 668 4334 qua;
699 4262 1107 4333 possumus,ut
1133 4251 1555 4332 divinusjubet
1585 4253 2175 4332 Apostolus,dicens:

2263 3360 2423 3435 μένου
2462 3361 2513 3415 τὸ
2544 3362 2823 3418 τάλαντον.
2862 3361 2958 3418 Καὶ
3010 3362 3082 3424 εἰς
3142 3369 3293 3418 τοῦτο
3338 3364 3480 3436 ἡμᾶς
3542 3360 3784 3435 ἔπεισαν,
3834 3361 3921 3418 ὅτι

2263 3449 2425 3506 καλόν
2457 3450 2566 3506 ἐστι
2609 3448 2813 3517 δηλαδὴ
2844 3451 2902 3505 τὸ
2936 3448 3268 3523 μεταδιδόναι
3298 3454 3384 3509 καὶ
3428 3450 3629 3528 ἕτεροις
3683 3453 3778 3517 τῆς
3824 3451 3921 3506 ἐν-

2264 3538 2567 3620 δεχομένης
2627 3540 2902 3618 γνώσεως,
2952 3542 3004 3595 αἱ
3069 3543 3283 3607 φασικαὶ
3337 3540 3541 3620 ἐφέσεις
3600 3544 3705 3597 τῶν
3767 3542 3925 3597 θείων

2266 3628 2515 3707 ἀγγέλων
2564 3629 2818 3709 ἐφετικῶς
2867 3629 2945 3685 ἀεὶ
3016 3630 3337 3710 γλιχόμεναι
3386 3636 3481 3697 τῆς
3541 3632 3921 3709 προσηκούσης

2263 3720 2401 3782 θείας
2469 3720 2709 3797 θεωρίας·
2782 3722 2868 3775 καὶ
2918 3720 3049 3786 αἶ)τή
3099 3719 3162 3787 δὴ
3218 3722 3251 3787 ἡ
3311 3727 3416 3777 τῶν
3492 3721 3645 3776 θείων
3700 3726 3924 3798 Γρανρῶν

2264 3807 2517 3887 διαταξις,
2553 3809 2921 3887 ἀποτρέπουσα
2977 3809 3072 3883 μὲν
3133 3808 3599 3889 πολυπραγμονεῖν
3659 3811 3725 3866 τὰ
3783 3812 3921 3888 ὑπὲρ

2262 3900 2405 3972 ἡμᾶς
2439 3900 2511 3962 ὡς
2558 3900 2591 3966 ἡ
2636 3899 2801 3977 Σοφία
2857 3906 2948 3954 τοῦ
2996 3900 3196 3979 Σειραχ
3259 3899 3607 3976 παραινοῦσα’
3669 3889 3924 3973 Τῴηλό-

2264 3987 2389 4065 τεριὶ
2439 4010 2530 4043 σου
2589 3988 2665 4062 μὴ
2730 3988 2896 4063 ζήτει,
2959 3991 3044 4043 καὶ
3101 3989 3357 4066 βαθύτερα
3420 4011 3511 4045 σου
3569 4012 3648 4063 μη
3709 3988 3921 4067 ἐρεύνα·

2264 4075 2627 4154 προτρέπουσα
2683 4076 2737 4133 δέ
2801 4079 2873 4141 εἰς
2923 4078 2988 4133 τὰ
3035 4080 3170 4135 κατὰ
3244 4076 3485 4154 δύναμιν,
3542 4081 3615 4142 ὡς
3682 4081 3710 4136 ὁ
3769 4079 3925 4143 θεῖος

2268 4166 2591 4228 Ἀπόστολος
2678 4159 3109 4241 διακελευόμενος
3143 4186 3161 4204 ⁶
3244 4170 3341 4227 Καὶ
3391 4168 3422 4225 ἄ
3487 4167 3716 4237 ἤκουσας
3794 4169 3923 4248 παρ’

2276 4257 2427 4337 ἐμοῦ,
2487 4264 2646 4314 τοῦτα
2690 4259 2917 4335 ποράθου
2976 4272 3188 4321 πιστοῖς
3251 4258 3567 4336 ἀνθρώποις.
3636 4268 3768 4323 Γατς
3800 4281 3924 4315 τοι-

531 4341 619 4406 Et
649 4359 780 4421 quae
831 4341 1061 4404 audisti
1092 4359 1127 4403 (ι
1161 4359 1275 4416 me,
1328 4341 1456 4403 haec
1513 4343 1865 4404 commenda
1911 4342 2178 4422 ﬁtldllbui

2278 4348 2459 4410 αύταις
2508 4347 2807 4423 πειθόμενοι
2878 4346 3240 4425 παραινέσεσι,
3301 4350 3432 4425 πρὸς
3518 4349 3613 4415 τὴν
3692 4347 3925 4427 ἒφικῖὴν

536 4430 887 4494 hominibus
915 4442 973 4491 ω.
1010 4429 1347 4493 Istiusmodi
1372 4430 1611 4492 monitis
1642 4450 1866 4493 morem
1890 4442 2178 4509 gerentes,

2278 4444 2380 4493 τῶν
2452 4437 2604 4493 θείων
2677 4438 2874 4515 εὕρεσιν
2934 4439 3010 4512 μὴ
3082 4435 3571 4511 ἀποδειλιάσαντες,
3632 4436 3772 4493 ἀλλὰ
3832 4439 3926 4494 καὶ

537 4520 733 4601 quoad
792 4520 1131 4601 possibilem
1194 4519 1528 4581 divinorum
1583 4520 1994 4584 inventionem
2046 4523 2178 4584 ani-

2280 4527 2397 4590 τοὺς
2431 4525 2506 4581 ἔτι
2556 4523 2871 4601 δυναμένους
2931 4528 3005 4590 εὶς
3045 4527 3109 4584 τὰ
3165 4527 3437 4605 κρείττονα
3478 4529 3565 4583 καὶ
3615 4526 3927 4605 ὑψηλότερα

536 4586 699 4672 mum
755 4586 871 4671 non
926 4609 1504 4689 despondentes,sed
1566 4620 1624 4672 et
1672 4610 1806 4673 illos
1844 4611 1944 4692 qui
1977 4624 2178 4675 nostro

2385 4586 2395 4590 '
2686 4586 2696 4601 ι
2859 4586 2869 4589 -
2993 4586 3001 4590 '
3201 4591 3212 4605 ι
3662 4586 3673 4601 I
3715 4586 3726 4593 '
3861 4586 3873 4605 |

2265 4617 2357 4683 τῆς
2386 4614 2649 4694 ὴμετέρας
2683 4615 2838 4681 ἕξεως
2890 4617 2976 4673 καὶ
3032 4614 3299 4689 δυνάμεως
3347 4614 3694 4695 ἀναδραμεῖν,
3741 4615 3924 4683 ἀϐοη-

538 4699 781 4762 modulo
831 4718 901 4761 ac
945 4698 1221 4761 facultate
1275 4697 1628 4760 sublimiora
1659 4719 1874 4781 capere
1907 4710 2178 4783 possunt,

2264 4708 2454 4775 ϐάτους
2504 4710 2562 4764 οὐ
2619 4705 2863 4784 φέροντες
2920 4704 3240 4762 καταλιπεῖν
3284 4708 3356 4770 ὡς
3408 4708 3595 4785 τυχὸν,
3632 4706 3693 4761 ἐκ
3724 4708 3928 4775 ταΰτης

538 4789 756 4853 auxilio
778 4788 1147 4851 destituinon
1165 4787 1448 4868 ferentes,
1473 4808 1607 4850 cum
1632 4790 1814 4871 aliqui
1843 4809 1912 4852 ex
1935 4791 2044 4853 hac
2065 4793 2178 4854 hu—

2264 4797 2329 4864 δὴ
2372 4796 2465 4863 τῆς
2524 4795 2790 4873 ἡμετέρας
2833 4794 3145 4875 χαμερποῦς
3196 4792 3531 4854 διδασκαλίας
3575 4795 3929 4874 ἀναχθήσεσ-

542 4880 624 4941 mi
655 4887 932 4961 reptante
955 4877 1223 4940 doctrina
1244 4878 1669 4956 nostra,studio
1700 4898 1767 4941 ac
1792 4881 2178 4945 meditatione

2264 4884 2348 4941 θαι
2378 4884 2684 4961 μελλόντων
2716 4891 2873 4942 τινῶν
2906 4887 2979 4949 εἷς
3016 4883 3353 4963 ὑψηλοτέραν
3382 4891 3601 4963 γνῶσιν,
3635 4884 3839 4963 μελέτῃ
3872 4908 3927 4944 τι

541 4987 671 5042 sua,
708 4968 1033 5048 posseutad
1050 4967 1460 5031 sublimiorem
1497 4969 1757 5049 aliquam
1792 4971 2057 5032 notitiam
2078 4991 2182 5034 as-

541 5057 822 5139 cendere,
858 5060 1142 5139 nosipsos
1162 5074 1276 5138 ope
1306 5058 1503 5119 divina
1522 5059 1933 5133 excitavimus,
1970 5070 2029 5123 et
2048 5060 2183 5125 ani-

543 5164 704 5209 mum
728 5147 800 5207 ad
826 5148 1209 5209 scribendum
1228 5147 1756 5229 appulimus,nihil
1783 5149 2020 5231 quidem
2051 5151 2187 5212 novi

541 5254 611 5299 ac
636 5236 937 5317 peregrini
958 5236 1172 5300 atferre
1196 5245 1255 5298 et
1271 5237 1569 5316 explicare
1593 5248 2044 5320 praesumentes,
2078 5241 2183 5302 sed

542 5324 963 5390 minutioribus
984 5325 1264 5388 duntaxat
1304 5328 1726 5409 quaestionibus
1747 5347 1839 5405 ea,
1860 5348 1992 5410 quae
2015 5349 2185 5393 sum-

543 5420 748 5481 matim
784 5433 818 5478 a
849 5424 1052 5478 sancto
1086 5416 1404 5498 divinaque
1428 5417 1638 5494 viro(id
1654 5419 1949 5501 estenim,
1982 5438 2022 5483 a
2051 5439 2189 5485 vere

543 5514 1017 5589 Hierothco)dicta
1037 5524 1169 5575 sunt
1184 5523 1617 5591 exponentemt
1635 5515 1897 5590 pluribus
1915 5518 2084 5591 plana
2104 5522 2191 5580 la-

544 5603 783 5663 cientes.

631 5784 641 5819 '
673 5780 858 5845 Eccli.
890 5800 974 5858 Ill,
1010 5786 1107 5846 2?.
1196 5799 1238 5830 ιιι
1271 5780 1322 5847 ΙΙ
1347 5780 1499 5848 Tim.
1532 5800 1593 5857 ιι,
1629 5791 1685 5846 2.

2268 4978 2353 5031 καὶ
2411 4974 2635 5051 σπουδῇ,
2696 4976 2782 5031 καὶ
2840 4974 2909 5050 τῇ
2980 4974 3091 5047 θείᾳ
3144 4974 3409 5054 συνάρσει,
3469 4976 3782 5049 καθήκαμεν
3839 4977 3929 5032 καὶ

2268 5064 2589 5137 ἰνεόἀλομεν
2650 5064 2864 5126 ἑαυτοὺς
2911 5066 2983 5128 εἰς
3042 5065 3141 5130 τὴν
3189 5063 3487 5143 ἐγγραφὲν,
3524 5062 3641 5120 νέον
3702 5064 3804 5127 μέν
3849 5087 3926 5122 τοι

2268 5157 2354 5211 καὶ
2412 5154 2555 5220 ξένον
2616 5156 2675 5212 οὖ
2728 5153 3032 5229 τολμῶντες
3092 5156 3420 5233 εἰσηγεῖσθαι
3478 5156 3565 5210 καὶ
3634 5151 3928 5235 διδάσκειν,

2268 5244 2608 5324 λεπτοτέρᾳις
2668 5244 2721 5301 δὲ
2779 5242 3050 5309 ἐξατασεσι
3108 5244 3173 5299 τὰ
3252 5243 3581 5306 συνοπτικῶς
3659 5244 3923 5321 εἰρημένα

2269 5343 2346 5409 τῷ
2374 5338 2497 5414 ἱερῷ
2528 5336 2615 5391 καὶ
2671 5336 2794 5407 θείῳ
2837 5332 2977 5414 ἀνδρὶ
3024 5338 3200 5408 (τοῦτο
3248 5334 3349 5411 γάρ
3381 5333 3491 5390 ἔστι
3523 5333 3606 5406 τὸ,
3642 5338 3724 5407 τῷ
3756 5333 3930 5399 ὄντως

2274 5415 2533 5506 ἰεροθέῳ)
2596 5423 3018 5491 ἀναπτύσσοντες
3046 5473 3059 5500 ,
3118 5424 3205 5481 καί
3263 5420 3401 5490 δῆλα
3469 5420 3750 5487 ποιοῦντες
3810 5437 3932 5487 τοῖς

2274 5513 2535 5577 πλείοσιν,
