4156 6156
280 434 394 504 697

1317 435 1418 500 DE
1461 432 1763 502 DIVINIS
1801 431 2253 514 NOMINIBUS,
2297 433 2463 498 CAP.
2511 427 2617 498 IV.

3542 426 3660 498 698

1867 566 1898 648 ς
1939 564 2045 631 lIl.

358 708 419 767 Εἰ
451 705 502 766 δὲ
534 708 622 766 καὶ
678 707 808 789 ὑπὲρ
863 707 1037 768 πάντα
1095 706 1161 764 τὰ
1216 704 1344 763 ὅντα
1409 707 1549 765 ἐστὶν
1608 706 1813 787 (ὥσπερ
1843 707 1930 764 οὖν

2094 704 2263 782 Quod
2285 706 2335 769 si
2358 713 2561 770 autem
2587 726 2770 791 supra
2796 725 2892 770 res
2922 726 3130 771 omnes
3150 708 3229 772 sit
3253 707 3361 791 (uti
3386 725 3523 772 vere
3543 710 3660 791 est)

282 797 419 878 ἔστι)
472 799 727 879 τάγαθὸν,
785 798 875 855 καὶ
918 799 979 854 τὸ
1035 794 1264 854 ἀνείδεον
1295 794 1579 855 εἴδοποιετ·
1615 800 1701 855 καὶ
1730 798 1784 856 ἐν
1828 797 1928 855 αὒ-

280 894 355 962 τῷ
402 888 550 965 μόνῳ
605 888 702 945 καὶ
750 889 812 945 τὸ
868 888 1134 945 ἆνούσιον⁶
1196 887 1373 951 οὒσίας
1426 885 1717 966 ὑπερϐολή.
1750 888 1928 946 καὶτὸ

280 978 449 1052 ἔζωον
504 978 839 1059 ὑπερέχουσα
897 978 1037 1050 ζωή·
1070 975 1164 1033 καί
1205 977 1257 1033 τὸ
1299 975 1455 1035 ἄνουν
1513 978 1849 1057 ὑπερέχουσα
1874 974 1929 1019 33

281 1069 458 1150 σοφία,
510 1067 607 1125 καὶ
666 1066 764 1125 ὅσα
820 1067 874 1124 ἐν
930 1067 1147 1146 τάγαθῷ
1201 1066 1297 1134 τῆς
1348 1072 1454 1123 τῶν
1504 1066 1749 1123 ἀνειδέων
1777 1066 1924 1124 ἐστὶν

280 1157 613 1239 ὕπεροχικῆς
672 1156 958 1221 εἰδοποίας·
1027 1159 1123 1214 καὶ
1178 1157 1222 1212 εἰ
1274 1158 1490 1232 θεμιτὸν
1533 1156 1716 1237 φάναι,
1750 1157 1923 1237 τάγα-

279 1253 369 1307 θοῦ
438 1255 530 1306 τοῦ
600 1248 728 1324 ὑπὲρ
805 1249 976 1306 πάντα
1035 1248 1100 1306 τὰ
1158 1244 1309 1327 ὄντα,
1367 1247 1461 1305 καῖ
1543 1249 1668 1305 αῦτὸ
1727 1248 1805 1324 μὴ
1866 1248 1925 1304 ὃν

281 1339 505 1419 ἐφίεται,
572 1336 669 1395 καί
727 1337 1020 1419 φιλονεικεῖ
1089 1359 1205 1401 πως
1264 1336 1318 1393 ἐν
1369 1338 1581 1417 τάγαθῷ
1637 1337 1731 1394 καί
1799 1339 1925 1398 αὖτό

282 1429 449 1509 εἶναι,
534 1434 612 1505 τῷ
695 1427 859 1495 ὄντως
944 1426 1265 1508 ὑπερουαίῳ,
1344 1429 1481 1486 κατὰ
1557 1428 1658 1497 τὴν
1714 1427 1926 1487 πάντων

281 1520 576 1604 ἀφαίρεσιν.

2012 794 2234 859 bonum
2278 797 2496 877 ipsum,
2532 807 2595 861 et
2633 799 2794 877 quod
2837 800 3092 863 informe
3122 807 3232 881 est,
3266 801 3480 875 forma;
3509 799 3654 862 etin

2010 891 2138 968 ipso
2170 888 2296 949 solo
2326 887 2386 950 id
2418 888 2576 969 quod
2609 890 2945 952 substantia
2976 897 3165 959 caret.
3191 889 3543 954 substantiae
3566 896 3659 952 est

2008 976 2394 1048 excellentia;
2418 978 2576 1060 quod
2602 979 2862 1042 inanime
2885 989 2997 1055 est,
3030 981 3151 1041 vita
3173 988 3263 1043 est
3288 980 3657 1059 praestantis-

2007 1066 2182 1141 sima;
2205 1074 2263 1128 et
2289 1067 2448 1147 quod
2484 1069 2701 1130 mentis
2731 1088 2945 1149 expers
2968 1077 3080 1150 est,
3100 1068 3241 1130 553
3265 1085 3544 1148 suprema
3566 1075 3660 1133 est

2007 1155 2320 1235 sapientia,
2349 1164 2406 1218 et
2437 1175 2806 1240 quaecunque
2830 1161 2890 1220 in
2918 1158 3075 1221 bono
3106 1164 3267 1237 sunt,
3288 1175 3489 1220 rerum
3518 1165 3659 1221 sunt

2007 1248 2355 1311 informium
2409 1251 2918 1330 supereminentis
2976 1250 3433 1322 etformationis;
3477 1258 3555 1331 et,
3604 1251 3658 1314 si

2010 1338 2175 1401 dictu
2205 1339 2292 1401 fas
2320 1341 2420 1420 sit,
2446 1340 2594 1403 illud
2614 1341 2813 1420 ipsum
2840 1341 3000 1423 quod
3035 1360 3151 1403 non
3174 1349 3289 1417 est,
3312 1341 3474 1404 illius
3495 1340 3659 1420 quod

2009 1447 2191 1510 supra
2219 1447 2317 1492 res
2347 1448 2554 1493 omnes
2584 1440 2696 1507 est,
2731 1432 2872 1494 doni
2905 1431 3207 1494 desiderio
3237 1430 3652 1513 tenetur,quiu

2012 1519 2189 1582 etiam
2222 1517 2285 1581 in
2316 1519 2472 1582 bono
2502 1538 2639 1584 vere
2659 1521 3212 1605 supersubstantiali
3244 1540 3351 1605 per
3378 1521 3649 1585 omnium

2015 1608 2378 1674 ablationem
2414 1626 2552 1675 esse
2579 1612 2913 1677 contendit.

1886 1774 1917 1856 ς
1959 1771 2060 1837 1v.

365 1922 517 1983 Ἀλλ’
571 1925 702 2006 ὅπερ
777 1928 924 2002 ἡμᾶς
1003 1926 1058 1983 ἐν
1116 1926 1265 2002 μέσῳ
1336 1922 1679 2005 παραδραμὸν
1749 1923 1932 1983 διαπέ-

2094 1924 2234 2009 Sed,
2268 1926 2426 2009 quod
2459 1929 2517 1990 in
2552 1927 2750 1990 medio
2792 1926 3242 2010 praeterlapsum
3289 1947 3398 1991 nos
3438 1929 3667 2009 eﬂ‘uge-

283 2037 468 2097 φευγε,
527 2016 625 2074 καί
695 2021 803 2073 τῶν
854 2016 1104 2096 οὐρανίων
1158 2016 1342 2097 ἀρχῶν
1412 2016 1506 2073 καί
1581 2015 1937 2090 ἀποπερατώ-

281 2129 419 2164 σεων
447 2102 501 2148 3‘
530 2108 668 2164 αἰτία
696 2104 945 2185 τάγαθὸν,
972 2110 1069 2175 τῆς
1100 2105 1351 2172 ἀναυξοῦς
1379 2104 1474 2162 καὶ
1498 2103 1639 2168 ὅλως
1662 2105 1758 2164 καί
1781 2104 1938 2163 ἀναλ-

279 2196 506 2254 λοιώτου
553 2197 753 2264 ταύτης
811 2194 989 2259 οὐσίας
1046 2195 1131 2276 85,
1162 2198 1391 2253 καὶτῶν
1423 2196 1670 2275 ἁψόφων,
1704 2198 1749 2252 εἰ
1801 2194 1938 2253 οὕτω

288 2289 397 2369 χρὴ
453 2288 636 2366 φάναι,
670 2292 769 2354 τῆς
801 2286 1176 2366 παμμεγέθους
1235 2286 1607 2364 οὗρανοπορίας
1638 2289 1930 2360 κινήσεων,

282 2377 380 2435 καΐ
409 2380 515 2434 τῶν
545 2377 798 2457 ἀστρῲων
827 2375 1051 2452 τάξεων,
1085 2380 1179 2434 καί
1212 2378 1560 2455 εῦπρεπειῶν,
1591 2379 1684 2432 καί
1716 2376 1928 2459 φώτων,

282 2468 379 2525 καὶ
408 2465 678 2547 ἱδρύσεων,
723 2466 819 2524 καὶ
851 2471 950 2534 τῆς
999 2466 1150 2523 ἐνίων
1208 2465 1443 2545 ἀστέρων
1470 2464 1535 2516 86
1567 2463 1930 2542 μεταϐατικῆς

283 2557 690 2637 πολυκινησίας,
724 2556 818 2613 καί
850 2560 949 2626 τῆς
977 2562 1085 2612 τῶν
1137 2554 1229 2613 δύο
1269 2556 1590 2637 φωστάρων,
1624 2557 1711 2619 οὓς
1738 2557 1805 2614 τὰ
1829 2556 1931 2614 λό-

284 2670 376 2727 για
406 2648 566 2705 καλεϊ
616 2646 907 2725 μεγάλους,
960 2646 1066 2704 ἀπὸ
1118 2652 1224 2705 τῶι
1270 2649 1442 2704 αῦτῶν
1472 2650 1544 2714 εἷς
1576 2649 1642 2704 τὰ
1670 2648 1801 2707 αὔτα
1826 2670 1929 2726 πε-

285 2736 521 2819 ριοδικῆς
576 2737 1087 2816 ἀποκαταστάσεως,
1164 2732 1281 2793 καθ’
1358 2735 1417 2802 ἃς
1489 2738 1544 2794 αἰ
1614 2736 1741 2815 παρ’
1796 2739 1934 2813 ἡμῖν

283 2829 479 2908 ἡμέραι
510 2830 601 2886 καὶ
648 2829 830 2893 νύκτες
884 2827 1210 2906 ὁριζόμεναι,
1259 2827 1347 2884 καὶ
1394 2831 1586 2903 μῆνες,
1620 2829 1712 2885 καὶ
1763 2826 1936 2885 ἐνιαυ-

286 2919 373 2977 τοὶ
432 2918 803 2999 μετρούμενοι,
865 2918 956 2979 τὰς
1021 2924 1114 2973 τοῦ
1143 2917 1342 2996 χρόνοι)
1402 2920 1497 2974 καὶ
1526 2922 1633 2974 τῶν
1661 2918 1715 2974 ἐν
1753 2918 1935 2998 χρόνῳ

285 3008 540 3071 κσκλικάς
592 3007 827 3075 κινήσεις
882 3006 1209 3087 ἀφορίζουσι,
1261 3007 1348 3062 καὶ
1396 3005 1458 3056 87
1500 3005 1797 3088 ἀριθμοῦσι,
1838 3007 1933 3064 καὶ

286 3100 535 3159 τάττουσι
592 3100 689 3155 καί
746 3095 1053 3177 συνέχουσι.
1116 3096 1177 3154 Τί
1227 3093 1271 3151 δ’
1327 3095 1393 3146 88
1445 3095 1507 3153 ἄν
1549 3119 1628 3158 τις
1657 3098 1787 3171 φαίη
1819 3099 1934 3177 περὶ

288 3190 455 3255 αὑτῆς
514 3184 628 3245 καθ’
680 3186 847 3249 αὐτὴν
894 3191 993 3253 τῆς
1038 3184 1270 3254 ἡλιακῆς
1326 3186 1569 3264 ἀκτῖνος
1596 3185 1656 3242 ἐκ
1704 3186 1936 3265 τάγαθοῦ

2018 2025 2130 2099 rat,
2174 2018 2506 2080 caelestium
2552 2018 2731 2080 etiam
2778 2018 3214 2099 principiorum
3248 2026 3310 2081 et
3338 2018 3671 2082 subtermt-

2020 2109 2331 2171 nationum
2357 2124 2538 2170 causa
2560 2113 2653 2172 est
2684 2109 2930 2184 bonum,
2957 2110 3100 2171 item
3126 2108 3474 2171 substantiae
3494 2109 3672 2189 hujus

2020 2196 2283 2259 caelestis
2305 2206 2440 2279 quae
2472 2217 2590 2259 non
2620 2206 2871 2277 augetur
2917 2216 3113 2280 neque
3147 2199 3453 2280 minuitur,
3486 2205 3546 2260 et
3568 2216 3675 2279 pe-

2020 2288 2176 2349 nitus
2217 2306 2333 2349 non
2365 2288 2649 2368 variatur,
2686 2296 2745 2349 et
2778 2294 3043 2349 motuum
3091 2286 3353 2350 ccelestis
3383 2288 3670 2351 curriculi

2016 2378 2361 2451 vastissimi,
2396 2396 2511 2438 non
2546 2377 2921 2458 sonantium,
2956 2377 3005 2439 si
3033 2377 3111 2439 ita
3144 2377 3311 2455 loqui
3343 2386 3668 2459 oportet,et

2019 2466 2295 2528 ordinum
2310 2466 3662 2548 stellarum,etpulchritudinum,etluminum,

2019 2565 2076 2619 et
2105 2555 2451 2618 inﬁxionum
2484 2574 2717 2633 earum,
2746 2564 2803 2619 et
2835 2556 3179 2638 multiplicis
3208 2575 3420 2619 cursus
3452 2575 3668 2637 vagan-

2020 2651 2092 2707 tis
2116 2645 2510 2723 quorumdam
2535 2643 2830 2727 siderum,
2864 2652 2926 2710 et
2962 2646 3222 2708 duorum
3257 2647 3661 2728 luminarium,

2018 2755 2151 2817 qua;
2170 2736 2477 2815 Scriptura
2505 2744 2674 2799 vocat
2707 2754 2918 2814 magna
2945 2750 2997 2816 ιι,
3030 2735 3400 2811 circuitus,et
3423 2736 3662 2814 eodem,

2018 2825 2178 2888 unde
2211 2824 2473 2907 profecta
2502 2837 2665 2902 sunt,
2704 2825 3091 2907 reversionis,
3121 2823 3339 2907 quibus
3370 2826 3526 2906 apud
3553 2843 3669 2888 nos

2019 2914 2150 2978 dies
2179 2924 2239 2980 et
2271 2924 2474 2979 noctes
2506 2916 2975 2998 distinguuntur;
3002 2924 3060 2978 et
3084 2934 3322 2978 menses
3351 2923 3533 2994 atque
3553 2933 3667 2978 an-

2019 3006 2077 3066 ni
2108 3006 2340 3069 definiti
2369 3005 2533 3087 ipsos
2562 3016 2756 3069 motus
2788 3006 3101 3086 temporis,
3130 3013 3188 3067 et
3214 3023 3423 3068 eorum
3452 3023 3586 3085 qua:
3607 3004 3671 3068 in

2020 3104 2286 3175 tempore
2308 3097 2704 3171 sunt,circulo
2728 3094 3026 3159 coniectos
3048 3095 3670 3176 distinguunt,nume—

2017 3185 2459 3257 rant,ordinant
2480 3195 2538 3248 et
2560 3187 2891 3249 continent.
2910 3185 3061 3260 Quid
3092 3194 3292 3247 autem
3316 3185 3558 3248 dicatur
3595 3184 3672 3247 de

289 3280 390 3358 γὰρ
419 3280 480 3335 τὸ
513 3283 649 3357 φῶς,
685 3275 781 3334 καΐ
814 3278 968 3333 εἰκὼν
1017 3281 1117 3344 τῆς
1178 3275 1533 3355 ἀγαθότητος·
1568 3275 1646 3333 διὸ
1674 3276 1769 3334 καί
1813 3299 1933 3357 φω-

2022 3275 2277 3357 ipsomet
2306 3276 2476 3336 radio
2507 3276 2678 3338 solis?
2726 3295 2760 3338 a
2813 3295 3044 3338 summo
3088 3275 3247 3337 enim
3280 3274 3436 3337 bono
3468 3275 3672 3336 lumen

291 3373 606 3443 τωνυμικῶς
636 3368 883 3447 ὑμνεῖται
913 3365 1246 3443 τάγαθὸν,ὼς
1277 3364 1331 3422 ἐν
1364 3365 1526 3422 εἰκόνι
1548 3367 1610 3422 τὸ
1641 3365 1937 3445 ἀρχέτυπον

2025 3364 2444 3447 proﬁciscitur,
2480 3373 2538 3427 et
2563 3365 2761 3444 imago
2807 3365 3088 3428 bonitatis
3131 3372 3241 3445 est;
3277 3363 3670 3443 quamobrem

289 3457 695 3537 ἐπιφαινόμενον.
759 3446 850 3518 Ὠς
911 3457 1011 3533 γὰρ
1041 3456 1076 3523 ἡ
1106 3460 1207 3523 τῆς
1262 3455 1478 3512 πάντωδ
1515 3454 1760 3512 ἐπέκεινα
1814 3456 1938 3512 θεό-

2024 3446 2264 3517 nomine
2310 3453 2554 3517 luminis
2586 3455 2806 3518 bonum
2835 3457 3133 3531 laudatur,
3168 3462 3450 3532 tanquam
3482 3471 3673 3535 appa-

288 3569 452 3614 τητος
482 3547 750 3625 ἀγαθότης
800 3545 906 3601 ἀπὸ
937 3549 1042 3602 τῶν
1092 3544 1377 3602 ἀνωτάτων
1408 3543 1471 3594 89
1502 3544 1595 3600 καί
1640 3543 1938 3621 πρεσϐυτά-

2023 3556 2151 3607 reat
2182 3545 2441 3625 primum
2474 3545 2822 3626 exemplain
2841 3542 3296 3625 imagine.Sicut
3318 3543 3479 3606 enim
3505 3542 3670 3604 boni-

289 3659 395 3694 των
425 3637 638 3709 οὐσιῶν,
692 3636 820 3715 ἄχρι
879 3639 984 3691 τῶν
1028 3633 1276 3714 ἐσχάτων
1326 3632 1525 3707 διήκει,
1559 3637 1644 3693 καὶ
1698 3633 1776 3691 ἔτι
1810 3636 1938 3710 ὑπὲρ

2026 3644 2115 3698 tas
2147 3636 2467 3698 divinitatis
2492 3653 2623 3717 quae
2643 3653 2824 3716 supra
2848 3634 3049 3696 omnia
3081 3643 3191 3708 est,
3224 3652 3258 3695 a
3287 3631 3586 3714 supremis
3616 3650 3675 3707 et

291 3729 467 3791 πάσας
517 3725 657 3805 ἐστῒ,
721 3726 858 3799 μήτε
930 3729 1037 3781 τῶν
1093 3724 1203 3781 ἄνω
1258 3726 1565 3804 φθανουσῶν
1621 3728 1786 3791 αότῆς
1844 3726 1938 3793 τὴν

2027 3724 2502 3808 provectissimis
2524 3724 2873 3788 substantiis
2894 3743 3082 3806 usque
3108 3723 3180 3787 ad
3209 3732 3500 3785 extremas
3532 3741 3675 3804 per-

290 3817 594 3897 ὒπεροχὴν,
652 3816 795 3891 μήτε
852 3815 959 3870 τῶν
1000 3813 1146 3870 κάτω
1177 3814 1280 3881 τὴν
1338 3817 1606 3895 περιοχὴν
1636 3813 1938 3874 διαϐαινου-

2027 3815 2276 3898 vadit,et
2304 3816 2498 3879 adhuc
2520 3834 2702 3896 supra
2725 3834 2935 3877 omnes
2955 3815 3153 3890 est,ita
3176 3822 3239 3876 ut
3269 3832 3462 3895 neque
3492 3831 3679 3894 supe-

292 3908 423 3982 σῶν,
459 3904 594 3962 ἀλλά
627 3907 715 3961 καὶ
763 3905 975 3984 φωτίζει
1029 3904 1098 3959 τὰ
1153 3901 1413 3978 δυνάμεθα
1445 3904 1643 3979 πάντα,
1701 3915 1793 3962 καί
1842 3905 1945 3973 δη-

295 4007 570 4075 μιουργεῖ,
600 3995 695 4052 καῖ
736 4000 872 4066 ζωοϊ
916 3992 1013 4050 καὶ
1060 3992 1294 4074 συνέχει,
1329 3994 1416 4050 καὶ
1444 3992 1824 4075 τελετιουργετ,
1859 3999 1945 4054 καὶ

292 4086 488 4164 μέτρον
546 4083 659 4142 ἐστί
715 4089 822 4140 τῶν
871 4082 1063 4156 ὄντων,
1124 4084 1214 4139 καὶ
1262 4083 1412 4162 αἰὼν,
1465 4084 1552 4140 καὶ
1582 4085 1821 4161 ἀριθμὸς,
1859 4088 1947 4143 καὶ

292 4174 461 4256 τάξις,
521 4176 610 4232 καὶ
668 4173 924 4252 περιοχὴ,
985 4174 1072 4228 καὶ
1128 4172 1291 4247 αἰτία,
1356 4174 1443 4228 καὶ
1501 4171 1677 4238 τέλος·
1713 4174 1850 4231 οὕτω
1879 4173 1944 4243 δὴ

293 4270 381 4324 καὶ
424 4267 460 4334 ἡ
488 4266 587 4331 τῆς
636 4265 775 4328 θείας
826 4262 1156 4340 ἀγαθότητος
1207 4260 1444 4339 ἐμφανὴς
1502 4264 1679 4342 εἱκὼν,
1710 4266 1737 4320 ὁ
1778 4266 1945 4345 μέγας

297 4356 475 4436 οὗτος,
545 4356 633 4410 καὶ
689 4351 1031 4430 ὁλολαμπὴς,
1094 4351 1178 4408 καὶ
1236 4350 1497 4430 ἀείφωτος
1556 4349 1731 4433 ἥλιος,
1815 4355 1950 4411 κατὰ

297 4445 597 4505 πολλοστὸν
654 4443 932 4523 ἀπήχτιμα
992 4440 1244 4519 τάγαθοῦ,
1296 4442 1384 4496 καὶ
1440 4441 1613 4497 πάντα
1667 4442 1764 4499 ὅσα
1795 4444 1951 4519 μετέ-

298 4557 417 4618 χειν
483 4538 642 4594 αὐτοῦ
707 4532 946 4603 δύναται,
1029 4530 1265 4610 φωτίζει,
1327 4530 1414 4585 καὶ
1498 4531 1953 4610 ὑπερηπλωμένον

2027 3909 2219 3967 riores
2248 3906 2527 3987 usquead
2561 3906 2727 3967 illius
2749 3905 3162 3967 excellentiam
3195 3904 3680 3986 pertingantmec

2032 3996 2343 4058 inferiores
2364 3996 2496 4076 ejus
2524 3996 2809 4059 ambitum
2839 4003 3274 4077 pertranseant;
3311 3995 3457 4072 quin
3484 3993 3680 4074 potius

2028 4093 2230 4148 omnia
2254 4105 2386 4167 quae
2411 4084 2734 4148 illuminari
2767 4095 3012 4165 possunt
3042 4084 3362 4165 illuminat,
3394 4091 3456 4143 et
3485 4091 3675 4159 creat,

2029 4184 2089 4237 et
2119 4175 2293 4238 vitam
2323 4177 2443 4251 dat,
2486 4183 2545 4237 et
2591 4174 2945 4249 continet,et
2993 4174 3247 4255 perficit,
3303 4181 3363 4235 et
3405 4190 3683 4234 mensura

2029 4273 2118 4327 est
2155 4283 2361 4327 eorum
2396 4283 2529 4345 quae
2563 4274 2721 4337 sunt,
2749 4275 2808 4326 et
2838 4281 3051 4338 aevum,
3078 4273 3137 4325 et
3168 4280 3479 4337 numerus,
3511 4270 3570 4322 et
3592 4281 3682 4323 or-

2031 4355 2131 4430 do,
2166 4363 2223 4416 et
2252 4355 2620 4434 complexus,
2654 4368 2713 4415 et
2742 4360 3124 4434 causa,atque
3154 4352 3326 4426 ﬁnis;
3381 4351 3469 4413 sic
3500 4349 3680 4413 etiam

2031 4444 2244 4522 ingens
2272 4445 2409 4520 iste,
2440 4453 2499 4506 et
2532 4453 2693 4507 totus
2730 4442 3077 4524 splendidus
3108 4461 3174 4504 ac
3206 4459 3447 4525 semper
3480 4440 3685 4503 lucens

2036 4535 2124 4596 sol
2149 4535 2343 4613 imago
2375 4552 2655 4616 expressa
2687 4542 2773 4595 est
2800 4532 3020 4595 divinae
3049 4532 3352 4607 bonitatis,
3387 4540 3686 4613 quatenus

297 4609 417 4707 ad
460 4626 523 4682 τι
578 4629 711 4704 φῶς,
744 4624 819 4686 είς
875 4609 1051 4678 πάντα
1108 4616 1348 4684 sum
1375 4619 1465 4675 τὸν
1498 4609 1687 4694 ἀρατὸν
1722 4620 1938 4698 κόσμονε

2038 4609 2621 4705 tenuissimum-quid
2647 4622 2807 4684 illius
2834 4623 2975 4685 boni
2998 4624 3058 4684 in
3084 4640 3155 4683 eo
3181 4622 3383 4703 procul
3406 4609 3684 4694 resonat,

297 4715 411 4773 ἄνω
456 4736 516 4771 τε
578 4715 664 4770 καὶ
723 4712 894 4787 κάτω,
956 4710 1048 4779 τὰς
1105 4713 1213 4764 τῶν
1271 4708 1475 4766 οίκείων
1509 4709 1733 4766 ἀκτίνων
1764 4713 1951 4791 αὐγάς.

297 4806 397 4865 καί
429 4804 483 4862 εἴ
514 4804 563 4861 τί
591 4804 764 4860 αὒτῶν
794 4806 853 4861 οὒ
902 4800 1148 4879 μετέχει,
1201 4804 1356 4855 τοῦτο
1416 4800 1476 4855 οὒ
1529 4805 1629 4867 τῆς
1685 4799 1953 4874 ἀδρενείας

298 4899 335 4966 ἢ
362 4903 460 4973 τῇς
490 4892 834 4974 βραχύτητός
894 4892 1007 4948 ἐστι
1059 4888 1155 4956 τῆς
1212 4888 1536 4966 φωτιστικῆς
1595 4889 1752 4947 αὐτοῦ
1783 4890 1955 4950 διαδόο

301 5009 464 5058 σεως,
497 4982 636 5041 ἀλλὰ
684 4985 791 5039 τῶι
839 4979 923 5039 διὰ
962 4976 1309 5060 φωτοληψίας
1367 4977 1843 5048 ἀνεπιτηδειότησα
1876 4985 1953 5058 μή

300 5073 719 5148 ἂναπλουμένων
770 5069 838 5123 90
880 5072 952 5134 εἰς
1005 5068 1101 5135 τὴν
1152 5067 1328 5147 φωτὸς
1381 5068 1683 5141 μετουσίαν.
1737 5069 1953 5145 Ἀμέλει

302 5164 480 5225 πολλὰ
523 5168 631 5220 τῶν
687 5161 853 5227 οὕτως
914 5158 1152 5239 ἐχόντων
1202 5159 1236 5225 ἡ
1288 5158 1448 5220 ἀκτὸς
1501 5155 1860 5241 διαϐαίνουσα,
1893 5163 1959 5221 τὰ

2038 4713 2460 4790 etomniaquze
2482 4732 2617 4775 eum
2645 4713 2998 4795 participare
3039 4718 3291 4794 possunt
3322 4711 3595 4789 illustrat,
3631 4716 3690 4772 et

2038 4804 2241 4865 lumen
2273 4802 2451 4865 habet
2476 4821 2652 4885 supra
2689 4811 3024 4878 extensum,
3063 4801 3220 4884 quod
3253 4802 3313 4862 in
3344 4803 3688 4862 universum

2037 4893 2325 4954 mundum
2360 4893 2456 4975 qui
2482 4893 2774 4974 cernitur,
2808 4900 2931 4953 tum
2962 4892 3358 4972 superiorem,
3390 4899 3513 4953 tum
3547 4888 3693 4951 infe-

2037 4981 2279 5058 riorem,
2306 4984 2624 5064 Splendore
2660 4982 2960 5044 radiorum
2991 4999 3234 5043 suorum
3288 4979 3641 5061 multiplicat
3671 5000 3688 5060 ;

2039 5081 2101 5134 et
2122 5071 2171 5133 si
2195 5071 2339 5153 quid
2364 5090 2498 5133 eum
2525 5092 2643 5134 non
2674 5071 3142 5153 participat,non
3174 5079 3268 5134 est
3287 5069 3349 5132 in
3376 5088 3559 5132 causa
3581 5070 3692 5130 im-

2040 5160 2337 5223 becillitas
2369 5173 2474 5223 aut
2504 5161 2764 5225 tenuitas
2805 5160 3095 5223 facultatis
3144 5158 3551 5236 illuminandi,
3584 5158 3691 5221 sed

302 5254 422 5333 μετ’
483 5254 667 5312 ἒκετνα
717 5253 952 5333 φωτίζει,
1002 5248 1090 5306 καὶ
1144 5244 1290 5304 οὐδέν
1337 5248 1449 5303 ἔστι
1500 5253 1605 5304 τῶν
1665 5251 1870 5329 ὁρατῶν
1900 5255 1938 5308 οὲ

2045 5252 2239 5332 potius
2254 5269 2382 5315 rem
2408 5251 2594 5333 ipsam
2614 5269 2735 5318 non
2758 5268 2891 5315 esse
2912 5250 3248 5335 expeditam
3275 5250 3349 5314 ad
3373 5251 3692 5332 participa-

390 5430 419 5462 ιι
449 5415 602 5481 Gen.
633 5432 676 5493 ι,
711 5412 810 5478 ιθ.
1638 5498 1892 5566 VARUE
1942 5499 2386 5570 LECTIONES.

383 5642 449 5693 83
492 5639 890 5720 ὖπαιρηχοῦσα.
947 5630 1533 5720 *ξιλῦποπερατῷσεων
1564 5634 1716 5720 legit
1743 5637 2036 5702 Maximus
2079 5636 2521 5720 Scholiastesa
2554 5637 2619 5689 85
2667 5639 2866 5720 εὗρείας
2914 5638 3012 5720 yel
3064 5636 3291 5720 εξροίαξ,
3339 5631 3409 5695 D.

298 5722 369 5776 ⁸⁸
396 5712 883 5804 “ulmis-.592
938 5715 1003 5767 ⁸⁷
1033 5712 1412 5804 ἀγορίξουσιὲὲ
1443 5716 1557 5797 καί,
1576 5712 1656 5780 ΜΖ
1688 5715 1841 5783 forte
1861 5742 1917 5778 τε
1947 5720 2295 5804 legendum.
2379 5719 2444 5771 88
2471 5717 2525 5777 δέ
2556 5738 2675 5783 non
2701 5712 2791 5784 est
2814 5719 2875 5781 in
2906 5717 2969 5783 S.
3003 5720 3070 5783 P.
3097 5714 3197 5781 Sc.
3231 5713 3366 5781 Sar.
3450 5714 3516 5765 89
3543 5715 3695 5773 ἀνω-

306 5808 475 5883 τάτω,
511 5802 581 5864 1),
615 5797 684 5866 Ρ,
768 5799 833 5852 90
862 5794 1300 5876 ἀναπαυομένων,
1336 5794 1402 5859 S.
